  <div class='ocr_page' id='page_1' title='image "/cluster/home/n/w/nwhite01/storage/ocr_20150623/73/hvd.32044073502023/041.png"; bbox 0 0 4072 6210; ppageno 0'>
   <div class='ocr_carea' id='block_1_1' title="bbox 501 283 3750 375">
    <p class='ocr_par' dir='ltr' id='par_1_1' title="bbox 501 283 3750 375">
     <span class='ocr_line' id='line_1_1' title="bbox 501 283 3750 375; baseline -0.016 -2"><span class='ocrx_word' id='word_1_1' title='bbox 501 319 563 375; x_wconf 72' lang='lat' dir='ltr'><strong>7i</strong></span> <span class='ocrx_word' id='word_1_2' title='bbox 1531 297 1585 349; x_wconf 88' lang='lat' dir='ltr'><strong>S.</strong></span> <span class='ocrx_word' id='word_1_3' title='bbox 1623 293 1707 348; x_wconf 68' lang='lat' dir='ltr'><strong>CV</strong></span> <span class='ocrx_word' id='word_1_4' title='bbox 1722 290 1904 346; x_wconf 76' lang='lat' dir='ltr'><strong>RILLI</strong></span> <span class='ocrx_word' id='word_1_5' title='bbox 1930 289 2017 344; x_wconf 82' lang='lat' dir='ltr'><strong>AL</strong></span> <span class='ocrx_word' id='word_1_6' title='bbox 2028 284 2406 345; x_wconf 74' lang='lat' dir='ltr'><strong>EXANDRINI</strong></span> <span class='ocrx_word' id='word_1_7' title='bbox 2441 283 2763 341; x_wconf 81' lang='lat' dir='ltr'><strong>ARCHIEP.</strong></span> <span class='ocrx_word' id='word_1_8' title='bbox 3681 284 3750 338; x_wconf 60' lang='grc' dir='ltr'><strong>τε</strong></span> 
     </span>
    </p>
   </div>
   <div class='ocr_carea' id='block_1_2' title="bbox 499 427 2076 510">
    <p class='ocr_par' dir='ltr' id='par_1_2' title="bbox 499 427 2076 510">
     <span class='ocr_line' id='line_1_2' title="bbox 499 427 2076 510; baseline -0.02 -1"><span class='ocrx_word' id='word_1_9' title='bbox 499 451 611 509; x_wconf 83' lang='lat' dir='ltr'><strong>Sed</strong></span> <span class='ocrx_word' id='word_1_10' title='bbox 641 461 767 504; x_wconf 92' lang='lat' dir='ltr'><strong>cum</strong></span> <span class='ocrx_word' id='word_1_11' title='bbox 808 443 1062 500; x_wconf 78' lang='lat' dir='ltr'><strong>Salvator</strong></span> <span class='ocrx_word' id='word_1_12' title='bbox 1088 435 1378 510; x_wconf 69' lang='lat' dir='ltr'><strong>praemisso</strong></span> <span class='ocrx_word' id='word_1_13' title='bbox 1436 431 1668 488; x_wconf 87' lang='lat' dir='ltr'><strong>articulo</strong></span> <span class='ocrx_word' id='word_1_14' title='bbox 1709 429 1867 495; x_wconf 91' lang='lat' dir='ltr'><strong>dicit,</strong></span> <span class='ocrx_word' id='word_1_15' title='bbox 1895 429 1923 481; x_wconf 84' lang='lat'><strong>6</strong></span> <span class='ocrx_word' id='word_1_16' title='bbox 1949 427 2076 490; x_wconf 74' lang='grc' dir='ltr'><strong>Υἱὸς</strong></span> 
     </span>
    </p>
   </div>
   <div class='ocr_carea' id='block_1_3' title="bbox 503 519 2076 609">
    <p class='ocr_par' dir='ltr' id='par_1_3' title="bbox 503 519 2076 609">
     <span class='ocr_line' id='line_1_3' title="bbox 503 519 2076 609; baseline -0.018 -12"><span class='ocrx_word' id='word_1_17' title='bbox 503 543 597 597; x_wconf 85' lang='grc' dir='ltr'><strong>τοῦ</strong></span> <span class='ocrx_word' id='word_1_18' title='bbox 643 538 955 609; x_wconf 85' lang='grc' dir='ltr'>ἀνθρώπου,</span> <span class='ocrx_word' id='word_1_19' title='bbox 983 533 1134 589; x_wconf 89' lang='lat' dir='ltr'><strong>velut</strong></span> <span class='ocrx_word' id='word_1_20' title='bbox 1173 530 1402 585; x_wconf 90' lang='lat' dir='ltr'><strong>electum</strong></span> <span class='ocrx_word' id='word_1_21' title='bbox 1443 540 1511 580; x_wconf 77' lang='lat' dir='ltr'><strong>ex</strong></span> <span class='ocrx_word' id='word_1_22' title='bbox 1551 522 1796 576; x_wconf 83' lang='lat' dir='ltr'><strong>millibus</strong></span> <span class='ocrx_word' id='word_1_23' title='bbox 1837 519 2076 589; x_wconf 88' lang='lat' dir='ltr'><strong>seipsum</strong></span> 
     </span>
    </p>
   </div>
   <div class='ocr_carea' id='block_1_4' title="bbox 506 610 2078 704">
    <p class='ocr_par' dir='ltr' id='par_1_4' title="bbox 506 610 2078 704">
     <span class='ocr_line' id='line_1_4' title="bbox 506 610 2078 704; baseline -0.018 -16"><span class='ocrx_word' id='word_1_24' title='bbox 506 633 802 704; x_wconf 72' lang='lat' dir='ltr'><strong>significat.</strong></span> <span class='ocrx_word' id='word_1_25' title='bbox 842 629 979 681; x_wconf 80' lang='lat' dir='ltr'><strong>Cum</strong></span> <span class='ocrx_word' id='word_1_26' title='bbox 1024 621 1253 678; x_wconf 86' lang='lat' dir='ltr'><strong>nomina</strong></span> <span class='ocrx_word' id='word_1_27' title='bbox 1290 619 1434 672; x_wconf 84' lang='lat' dir='ltr'><strong>hanc</strong></span> <span class='ocrx_word' id='word_1_28' title='bbox 1463 622 1649 669; x_wconf 91' lang='lat' dir='ltr'><strong>notam</strong></span> <span class='ocrx_word' id='word_1_29' title='bbox 1686 611 1743 665; x_wconf 91' lang='lat' dir='ltr'><strong>in</strong></span> <span class='ocrx_word' id='word_1_30' title='bbox 1791 610 2078 678; x_wconf 79' lang='lat' dir='ltr'><strong>Scriptura</strong></span> 
     </span>
    </p>
   </div>
   <div class='ocr_carea' id='block_1_5' title="bbox 505 697 2078 783">
    <p class='ocr_par' dir='ltr' id='par_1_5' title="bbox 505 697 2078 783">
     <span class='ocr_line' id='line_1_5' title="bbox 505 697 2078 783; baseline -0.017 -7"><span class='ocrx_word' id='word_1_31' title='bbox 505 697 686 776; x_wconf 66' lang='lat' dir='ltr'><strong>divina</strong></span> <span class='ocrx_word' id='word_1_32' title='bbox 723 718 982 778; x_wconf 77' lang='lat' dir='ltr'><strong>habeant,</strong></span> <span class='ocrx_word' id='word_1_33' title='bbox 1020 727 1128 783; x_wconf 86' lang='lat' dir='ltr'><strong>quo</strong></span> <span class='ocrx_word' id='word_1_34' title='bbox 1180 716 1342 780; x_wconf 91' lang='lat' dir='ltr'><strong>pacto</strong></span> <span class='ocrx_word' id='word_1_35' title='bbox 1393 705 1612 760; x_wconf 90' lang='lat' dir='ltr'><strong>demum</strong></span> <span class='ocrx_word' id='word_1_36' title='bbox 1657 697 2078 770; x_wconf 79' lang='lat' dir='ltr'><strong>intelligendum</strong></span> 
     </span>
    </p>
   </div>
   <div class='ocr_carea' id='block_1_6' title="bbox 507 789 2080 874">
    <p class='ocr_par' dir='ltr' id='par_1_6' title="bbox 507 789 2080 874">
     <span class='ocr_line' id='line_1_6' title="bbox 507 789 2080 874; baseline -0.017 -6"><span class='ocrx_word' id='word_1_37' title='bbox 507 821 592 868; x_wconf 87' lang='lat' dir='ltr'><strong>est</strong></span> <span class='ocrx_word' id='word_1_38' title='bbox 624 810 781 871; x_wconf 89' lang='lat' dir='ltr'><strong>illud,</strong></span> <span class='ocrx_word' id='word_1_39' title='bbox 817 826 835 858; x_wconf 70' lang='grc' dir='ltr'>ι</span> <span class='ocrx_word' id='word_1_40' title='bbox 873 806 930 860; x_wconf 88' lang='lat' dir='ltr'><strong>In</strong></span> <span class='ocrx_word' id='word_1_41' title='bbox 966 802 1237 874; x_wconf 83' lang='lat' dir='ltr'><strong>principio</strong></span> <span class='ocrx_word' id='word_1_42' title='bbox 1285 806 1408 854; x_wconf 84' lang='lat' dir='ltr'><strong>erat</strong></span> <span class='ocrx_word' id='word_1_43' title='bbox 1451 793 1732 849; x_wconf 82' lang='lat' dir='ltr'><strong>Verbum?</strong></span> <span class='ocrx_word' id='word_1_44' title='bbox 1773 811 1791 843; x_wconf 71' lang='grc' dir='ltr'>ι</span> <span class='ocrx_word' id='word_1_45' title='bbox 1829 789 1886 844; x_wconf 83' lang='lat' dir='ltr'><strong>Si</strong></span> <span class='ocrx_word' id='word_1_46' title='bbox 1932 789 2080 845; x_wconf 86' lang='lat' dir='ltr'><strong>enim</strong></span> 
     </span>
    </p>
   </div>
   <div class='ocr_carea' id='block_1_7' title="bbox 509 881 2082 976">
    <p class='ocr_par' dir='ltr' id='par_1_7' title="bbox 509 881 2082 976">
     <span class='ocr_line' id='line_1_7' title="bbox 509 881 2082 976; baseline -0.015 -18"><span class='ocrx_word' id='word_1_47' title='bbox 509 903 878 976; x_wconf 86' lang='lat' dir='ltr'><strong>quodcunque</strong></span> <span class='ocrx_word' id='word_1_48' title='bbox 914 898 1005 952; x_wconf 87' lang='lat' dir='ltr'><strong>Dei</strong></span> <span class='ocrx_word' id='word_1_49' title='bbox 1056 893 1297 948; x_wconf 81' lang='lat' dir='ltr'><strong>Verbum</strong></span> <span class='ocrx_word' id='word_1_50' title='bbox 1335 889 1678 960; x_wconf 79' lang='lat' dir='ltr'><strong>significatur</strong></span> <span class='ocrx_word' id='word_1_51' title='bbox 1711 885 1765 939; x_wconf 95' lang='lat' dir='ltr'><strong>in</strong></span> <span class='ocrx_word' id='word_1_52' title='bbox 1811 881 2082 955; x_wconf 90' lang='lat' dir='ltr'><strong>principio</strong></span> 
     </span>
    </p>
   </div>
   <div class='ocr_carea' id='block_1_8' title="bbox 508 973 2083 1054">
    <p class='ocr_par' dir='ltr' id='par_1_8' title="bbox 508 973 2083 1054">
     <span class='ocr_line' id='line_1_8' title="bbox 508 973 2083 1054; baseline -0.016 -5"><span class='ocrx_word' id='word_1_53' title='bbox 508 993 796 1054; x_wconf 80' lang='lat' dir='ltr'><strong>exsistere,</strong></span> <span class='ocrx_word' id='word_1_54' title='bbox 829 989 1062 1042; x_wconf 83' lang='lat' dir='ltr'><strong>doceant</strong></span> <span class='ocrx_word' id='word_1_55' title='bbox 1095 984 1223 1052; x_wconf 89' lang='lat' dir='ltr'><strong>ipsi,</strong></span> <span class='ocrx_word' id='word_1_56' title='bbox 1258 988 1312 1034; x_wconf 90' lang='lat' dir='ltr'><strong>et</strong></span> <span class='ocrx_word' id='word_1_57' title='bbox 1359 993 1460 1033; x_wconf 85' lang='lat' dir='ltr'><strong>nos</strong></span> <span class='ocrx_word' id='word_1_58' title='bbox 1495 989 1771 1046; x_wconf 78' lang='lat' dir='ltr'><strong>nugamur</strong></span> <span class='ocrx_word' id='word_1_59' title='bbox 1809 992 1822 1027; x_wconf 92' lang='lat'>:</span> <span class='ocrx_word' id='word_1_60' title='bbox 1865 973 1950 1028; x_wconf 90' lang='lat' dir='ltr'><strong>sin</strong></span> <span class='ocrx_word' id='word_1_61' title='bbox 1981 985 2083 1025; x_wconf 88' lang='lat' dir='ltr'><strong>au-</strong></span> 
     </span>
    </p>
   </div>
   <div class='ocr_carea' id='block_1_9' title="bbox 511 1069 2076 1154">
    <p class='ocr_par' dir='ltr' id='par_1_9' title="bbox 511 1069 2076 1154">
     <span class='ocr_line' id='line_1_9' title="bbox 511 1069 2076 1154; baseline -0.015 -13"><span class='ocrx_word' id='word_1_62' title='bbox 511 1096 618 1141; x_wconf 92' lang='lat' dir='ltr'><strong>tem</strong></span> <span class='ocrx_word' id='word_1_63' title='bbox 654 1080 936 1154; x_wconf 61' lang='lat' dir='ltr'><strong>praemisso</strong></span> <span class='ocrx_word' id='word_1_64' title='bbox 982 1074 1215 1129; x_wconf 89' lang='lat' dir='ltr'><strong>articulo</strong></span> <span class='ocrx_word' id='word_1_65' title='bbox 1259 1069 1593 1140; x_wconf 76' lang='lat' dir='ltr'><strong>evangelista</strong></span> <span class='ocrx_word' id='word_1_66' title='bbox 1651 1079 1815 1119; x_wconf 90' lang='lat' dir='ltr'><strong>unum</strong></span> <span class='ocrx_word' id='word_1_67' title='bbox 1848 1071 1902 1118; x_wconf 89' lang='lat' dir='ltr'><strong>et</strong></span> <span class='ocrx_word' id='word_1_68' title='bbox 1944 1077 2076 1133; x_wconf 90' lang='lat' dir='ltr'><strong>pro-</strong></span> 
     </span>
    </p>
   </div>
   <div class='ocr_carea' id='block_1_10' title="bbox 510 1152 2083 1245">
    <p class='ocr_par' dir='ltr' id='par_1_10' title="bbox 510 1152 2083 1245">
     <span class='ocr_line' id='line_1_10' title="bbox 510 1152 2083 1245; baseline -0.015 -16"><span class='ocrx_word' id='word_1_69' title='bbox 510 1176 626 1245; x_wconf 88' lang='lat' dir='ltr'><strong>prie</strong></span> <span class='ocrx_word' id='word_1_70' title='bbox 653 1152 924 1227; x_wconf 78' lang='lat' dir='ltr'><strong>exsistens</strong></span> <span class='ocrx_word' id='word_1_71' title='bbox 951 1163 1243 1235; x_wconf 78' lang='lat' dir='ltr'><strong>signiﬁcat,</strong></span> <span class='ocrx_word' id='word_1_72' title='bbox 1264 1175 1387 1215; x_wconf 89' lang='lat' dir='ltr'><strong>cum</strong></span> <span class='ocrx_word' id='word_1_73' title='bbox 1420 1159 1619 1213; x_wconf 88' lang='lat' dir='ltr'><strong>clamat</strong></span> <span class='ocrx_word' id='word_1_74' title='bbox 1645 1173 1660 1210; x_wconf 88' lang='lat'><strong>:</strong></span> <span class='ocrx_word' id='word_1_75' title='bbox 1688 1173 1706 1207; x_wconf 78' lang='grc' dir='ltr'>ι</span> <span class='ocrx_word' id='word_1_76' title='bbox 1728 1155 1788 1210; x_wconf 92' lang='lat' dir='ltr'><strong>ln</strong></span> <span class='ocrx_word' id='word_1_77' title='bbox 1815 1152 2083 1224; x_wconf 89' lang='lat' dir='ltr'><strong>principio</strong></span> 
     </span>
    </p>
   </div>
   <div class='ocr_carea' id='block_1_11' title="bbox 509 1245 2086 1323">
    <p class='ocr_par' dir='ltr' id='par_1_11' title="bbox 509 1245 2086 1323">
     <span class='ocr_line' id='line_1_11' title="bbox 509 1245 2086 1323; baseline -0.015 -2"><span class='ocrx_word' id='word_1_78' title='bbox 509 1274 628 1321; x_wconf 82' lang='lat' dir='ltr'><strong>erat</strong></span> <span class='ocrx_word' id='word_1_79' title='bbox 679 1262 957 1321; x_wconf 88' lang='lat' dir='ltr'><strong>Verbum,</strong></span> <span class='ocrx_word' id='word_1_80' title='bbox 1007 1259 1036 1310; x_wconf 88' lang='lat'><strong>6</strong></span> <span class='ocrx_word' id='word_1_81' title='bbox 1090 1255 1290 1323; x_wconf 85' lang='grc' dir='ltr'><strong>Λόγος,</strong></span> <span class='ocrx_word' id='word_1_82' title='bbox 1337 1250 1466 1322; x_wconf 89' lang='lat' dir='ltr'><strong>quid</strong></span> <span class='ocrx_word' id='word_1_83' title='bbox 1496 1250 1697 1304; x_wconf 83' lang='lat' dir='ltr'><strong>frustra</strong></span> <span class='ocrx_word' id='word_1_84' title='bbox 1728 1245 2086 1310; x_wconf 88' lang='lat' dir='ltr'><strong>contendunt,</strong></span> 
     </span>
    </p>
   </div>
   <div class='ocr_carea' id='block_1_12' title="bbox 510 1337 2087 1429">
    <p class='ocr_par' dir='ltr' id='par_1_12' title="bbox 510 1337 2087 1429">
     <span class='ocr_line' id='line_1_12' title="bbox 510 1337 2087 1429; baseline -0.013 -18"><span class='ocrx_word' id='word_1_85' title='bbox 510 1358 619 1429; x_wconf 68' lang='grc'><strong>40</strong></span> <span class='ocrx_word' id='word_1_86' title='bbox 665 1352 811 1409; x_wconf 88' lang='lat' dir='ltr'><strong>aliud</strong></span> <span class='ocrx_word' id='word_1_87' title='bbox 867 1348 1230 1408; x_wconf 88' lang='lat' dir='ltr'><strong>inducentes,</strong></span> <span class='ocrx_word' id='word_1_88' title='bbox 1291 1344 1469 1400; x_wconf 91' lang='lat' dir='ltr'><strong>solum</strong></span> <span class='ocrx_word' id='word_1_89' title='bbox 1523 1348 1583 1394; x_wconf 92' lang='lat' dir='ltr'><strong>ut</strong></span> <span class='ocrx_word' id='word_1_90' title='bbox 1648 1339 1716 1394; x_wconf 90' lang='lat' dir='ltr'><strong>de</strong></span> <span class='ocrx_word' id='word_1_91' title='bbox 1777 1337 2087 1393; x_wconf 74' lang='lat' dir='ltr'><strong>substantia</strong></span> 
     </span>
    </p>
   </div>
   <div class='ocr_carea' id='block_1_13' title="bbox 513 1427 2089 1507">
    <p class='ocr_par' dir='ltr' id='par_1_13' title="bbox 513 1427 2089 1507">
     <span class='ocr_line' id='line_1_13' title="bbox 513 1427 2089 1507; baseline -0.013 -7"><span class='ocrx_word' id='word_1_92' title='bbox 513 1427 692 1500; x_wconf 73' lang='lat' dir='ltr'><strong>Patris</strong></span> <span class='ocrx_word' id='word_1_93' title='bbox 739 1442 940 1497; x_wconf 86' lang='lat' dir='ltr'><strong>Filium</strong></span> <span class='ocrx_word' id='word_1_94' title='bbox 975 1435 1281 1507; x_wconf 79' lang='lat' dir='ltr'><strong>dejiciant?</strong></span> <span class='ocrx_word' id='word_1_95' title='bbox 1328 1434 1399 1486; x_wconf 84' lang='lat' dir='ltr'><strong>At</strong></span> <span class='ocrx_word' id='word_1_96' title='bbox 1445 1433 1638 1485; x_wconf 87' lang='lat' dir='ltr'><strong>borum</strong></span> <span class='ocrx_word' id='word_1_97' title='bbox 1689 1427 2089 1482; x_wconf 84' lang='lat' dir='ltr'><strong>absurditatem</strong></span> 
     </span>
    </p>
   </div>
   <div class='ocr_carea' id='block_1_14' title="bbox 510 1516 2090 1594">
    <p class='ocr_par' dir='ltr' id='par_1_14' title="bbox 510 1516 2090 1594">
     <span class='ocr_line' id='line_1_14' title="bbox 510 1516 2090 1594; baseline -0.014 -1"><span class='ocrx_word' id='word_1_98' title='bbox 510 1540 874 1594; x_wconf 88' lang='lat' dir='ltr'><strong>observantes</strong></span> <span class='ocrx_word' id='word_1_99' title='bbox 904 1528 1288 1585; x_wconf 82' lang='lat' dir='ltr'><strong>haereticorum</strong></span> <span class='ocrx_word' id='word_1_100' title='bbox 1330 1523 1693 1578; x_wconf 86' lang='lat' dir='ltr'><strong>temeritatem</strong></span> <span class='ocrx_word' id='word_1_101' title='bbox 1722 1517 1976 1575; x_wconf 86' lang='lat' dir='ltr'><strong>aversari</strong></span> <span class='ocrx_word' id='word_1_102' title='bbox 2003 1516 2090 1572; x_wconf 89' lang='lat' dir='ltr'><strong>de-</strong></span> 
     </span>
    </p>
   </div>
   <div class='ocr_carea' id='block_1_15' title="bbox 514 1631 668 1686">
    <p class='ocr_par' dir='ltr' id='par_1_15' title="bbox 514 1631 668 1686">
     <span class='ocr_line' id='line_1_15' title="bbox 514 1631 668 1686; baseline -0.013 -2"><span class='ocrx_word' id='word_1_103' title='bbox 514 1631 668 1686; x_wconf 84' lang='lat' dir='ltr'><strong>bent.</strong></span> 
     </span>
    </p>
   </div>
   <div class='ocr_carea' id='block_1_16' title="bbox 581 1716 2157 1827">
    <p class='ocr_par' dir='ltr' id='par_1_16' title="bbox 581 1716 2157 1827">
     <span class='ocr_line' id='line_1_16' title="bbox 581 1716 2157 1827; baseline -0.015 -35"><span class='ocrx_word' id='word_1_104' title='bbox 581 1733 826 1798; x_wconf 81' lang='lat' dir='ltr'><strong>ALIUD,</strong></span> <span class='ocrx_word' id='word_1_105' title='bbox 869 1725 1236 1827; x_wconf 38' lang='lat' dir='ltr'><strong>ostendens-1&quot;</strong></span> <span class='ocrx_word' id='word_1_106' title='bbox 1240 1725 1394 1780; x_wconf 83' lang='lat' dir='ltr'><strong>ilium</strong></span> <span class='ocrx_word' id='word_1_107' title='bbox 1422 1723 1513 1827; x_wconf 61' lang='lat' dir='ltr'><strong>ad</strong></span> <span class='ocrx_word' id='word_1_108' title='bbox 1559 1723 1822 1825; x_wconf 63' lang='lat' dir='ltr'><strong>internum</strong></span> <span class='ocrx_word' id='word_1_109' title='bbox 1864 1716 2084 1822; x_wconf 66' lang='lat' dir='ltr'><strong>Verbum</strong></span> <span class='ocrx_word' id='word_1_110' title='bbox 2118 1774 2157 1827; x_wconf 76' lang='grc' dir='ltr'><strong><em>Β</em></strong></span> 
     </span>
    </p>
   </div>
   <div class='ocr_carea' id='block_1_17' title="bbox 515 1809 2083 1900">
    <p class='ocr_par' dir='ltr' id='par_1_17' title="bbox 515 1809 2083 1900">
     <span class='ocr_line' id='line_1_17' title="bbox 515 1809 2083 1900; baseline -0.015 -14"><span class='ocrx_word' id='word_1_111' title='bbox 515 1848 617 1885; x_wconf 83' lang='lat' dir='ltr'><strong>non</strong></span> <span class='ocrx_word' id='word_1_112' title='bbox 643 1827 890 1900; x_wconf 80' lang='lat' dir='ltr'><strong>formari,</strong></span> <span class='ocrx_word' id='word_1_113' title='bbox 916 1832 974 1877; x_wconf 87' lang='lat' dir='ltr'><strong>ut</strong></span> <span class='ocrx_word' id='word_1_114' title='bbox 1004 1823 1086 1876; x_wconf 87' lang='lat' dir='ltr'><strong>illi</strong></span> <span class='ocrx_word' id='word_1_115' title='bbox 1124 1821 1309 1876; x_wconf 83' lang='lat' dir='ltr'><strong>aiunt:</strong></span> <span class='ocrx_word' id='word_1_116' title='bbox 1342 1815 1433 1871; x_wconf 83' lang='lat' dir='ltr'><strong>sed</strong></span> <span class='ocrx_word' id='word_1_117' title='bbox 1463 1814 1747 1884; x_wconf 78' lang='lat' dir='ltr'><strong>imaginem</strong></span> <span class='ocrx_word' id='word_1_118' title='bbox 1780 1827 1893 1865; x_wconf 78' lang='lat' dir='ltr'><strong>esse</strong></span> <span class='ocrx_word' id='word_1_119' title='bbox 1918 1809 2083 1876; x_wconf 84' lang='lat' dir='ltr'><strong>ipsius</strong></span> 
     </span>
    </p>
   </div>
   <div class='ocr_carea' id='block_1_18' title="bbox 521 1901 2088 1988">
    <p class='ocr_par' dir='ltr' id='par_1_18' title="bbox 521 1901 2088 1988">
     <span class='ocr_line' id='line_1_18' title="bbox 521 1901 2088 1988; baseline -0.015 -11"><span class='ocrx_word' id='word_1_120' title='bbox 521 1924 721 1977; x_wconf 85' lang='lat' dir='ltr'><strong>Patris.</strong></span> <span class='ocrx_word' id='word_1_121' title='bbox 767 1919 826 1974; x_wconf 84' lang='lat' dir='ltr'><strong>Si</strong></span> <span class='ocrx_word' id='word_1_122' title='bbox 873 1915 1195 1988; x_wconf 78' lang='lat' dir='ltr'><strong>unigenitus</strong></span> <span class='ocrx_word' id='word_1_123' title='bbox 1230 1910 1326 1966; x_wconf 88' lang='lat' dir='ltr'><strong>Dei</strong></span> <span class='ocrx_word' id='word_1_124' title='bbox 1374 1908 1547 1963; x_wconf 87' lang='lat' dir='ltr'><strong>Filius</strong></span> <span class='ocrx_word' id='word_1_125' title='bbox 1594 1905 1803 1961; x_wconf 89' lang='lat' dir='ltr'><strong>idcirco</strong></span> <span class='ocrx_word' id='word_1_126' title='bbox 1847 1901 2088 1957; x_wconf 84' lang='lat' dir='ltr'><strong>Verbum</strong></span> 
     </span>
    </p>
   </div>
   <div class='ocr_carea' id='block_1_19' title="bbox 514 1994 2088 2072">
    <p class='ocr_par' dir='ltr' id='par_1_19' title="bbox 514 1994 2088 2072">
     <span class='ocr_line' id='line_1_19' title="bbox 514 1994 2088 2072; baseline -0.017 -3"><span class='ocrx_word' id='word_1_127' title='bbox 514 2025 599 2069; x_wconf 89' lang='lat' dir='ltr'><strong>est</strong></span> <span class='ocrx_word' id='word_1_128' title='bbox 632 2027 698 2066; x_wconf 90' lang='lat' dir='ltr'><strong>ac</strong></span> <span class='ocrx_word' id='word_1_129' title='bbox 736 2016 987 2072; x_wconf 85' lang='lat' dir='ltr'><strong>vocatur,</strong></span> <span class='ocrx_word' id='word_1_130' title='bbox 1023 2014 1082 2059; x_wconf 88' lang='lat' dir='ltr'><strong>ut</strong></span> <span class='ocrx_word' id='word_1_131' title='bbox 1124 2002 1203 2056; x_wconf 90' lang='lat' dir='ltr'><strong>illi</strong></span> <span class='ocrx_word' id='word_1_132' title='bbox 1250 2001 1478 2062; x_wconf 89' lang='lat' dir='ltr'><strong>volunt,</strong></span> <span class='ocrx_word' id='word_1_133' title='bbox 1513 1994 1772 2072; x_wconf 87' lang='lat' dir='ltr'><strong>quoniam</strong></span> <span class='ocrx_word' id='word_1_134' title='bbox 1813 1994 2088 2046; x_wconf 91' lang='lat' dir='ltr'><strong>internum</strong></span> 
     </span>
    </p>
   </div>
   <div class='ocr_carea' id='block_1_20' title="bbox 518 2079 2092 2164">
    <p class='ocr_par' dir='ltr' id='par_1_20' title="bbox 518 2079 2092 2164">
     <span class='ocr_line' id='line_1_20' title="bbox 518 2079 2092 2164; baseline -0.016 -7"><span class='ocrx_word' id='word_1_135' title='bbox 518 2104 696 2159; x_wconf 86' lang='lat' dir='ltr'><strong>Patris</strong></span> <span class='ocrx_word' id='word_1_136' title='bbox 737 2099 978 2156; x_wconf 79' lang='lat' dir='ltr'><strong>Verbum</strong></span> <span class='ocrx_word' id='word_1_137' title='bbox 1027 2093 1339 2164; x_wconf 90' lang='lat' dir='ltr'><strong>suscipiens</strong></span> <span class='ocrx_word' id='word_1_138' title='bbox 1383 2089 1450 2144; x_wconf 89' lang='lat' dir='ltr'><strong>ad</strong></span> <span class='ocrx_word' id='word_1_139' title='bbox 1503 2086 1638 2142; x_wconf 89' lang='lat' dir='ltr'><strong>illud</strong></span> <span class='ocrx_word' id='word_1_140' title='bbox 1687 2079 2092 2154; x_wconf 86' lang='lat' dir='ltr'><strong>quodammodo</strong></span> 
     </span>
    </p>
   </div>
   <div class='ocr_carea' id='block_1_21' title="bbox 519 2172 2087 2260">
    <p class='ocr_par' dir='ltr' id='par_1_21' title="bbox 519 2172 2087 2260">
     <span class='ocr_line' id='line_1_21' title="bbox 519 2172 2087 2260; baseline -0.015 -12"><span class='ocrx_word' id='word_1_141' title='bbox 519 2196 804 2257; x_wconf 77' lang='lat' dir='ltr'><strong>formatur,</strong></span> <span class='ocrx_word' id='word_1_142' title='bbox 845 2187 1038 2260; x_wconf 87' lang='lat' dir='ltr'><strong>quidni</strong></span> <span class='ocrx_word' id='word_1_143' title='bbox 1087 2186 1272 2240; x_wconf 88' lang='lat' dir='ltr'><strong>dicere</strong></span> <span class='ocrx_word' id='word_1_144' title='bbox 1311 2181 1525 2237; x_wconf 86' lang='lat' dir='ltr'><strong>videtur</strong></span> <span class='ocrx_word' id='word_1_145' title='bbox 1581 2177 1702 2234; x_wconf 85' lang='lat' dir='ltr'><strong>suis</strong></span> <span class='ocrx_word' id='word_1_146' title='bbox 1748 2172 2038 2243; x_wconf 81' lang='lat' dir='ltr'><strong>discipulis</strong></span> <span class='ocrx_word' id='word_1_147' title='bbox 2073 2188 2087 2224; x_wconf 90' lang='lat'><strong>:</strong></span> 
     </span>
    </p>
   </div>
   <div class='ocr_carea' id='block_1_22' title="bbox 518 2261 2090 2355">
    <p class='ocr_par' dir='ltr' id='par_1_22' title="bbox 518 2261 2090 2355">
     <span class='ocr_line' id='line_1_22' title="bbox 518 2261 2090 2355; baseline -0.015 -18"><span class='ocrx_word' id='word_1_148' title='bbox 518 2284 630 2355; x_wconf 80' lang='lat' dir='ltr'><strong>Ego</strong></span> <span class='ocrx_word' id='word_1_149' title='bbox 659 2293 714 2339; x_wconf 90' lang='lat' dir='ltr'><strong>et</strong></span> <span class='ocrx_word' id='word_1_150' title='bbox 743 2279 985 2336; x_wconf 87' lang='lat' dir='ltr'><strong>Verbum</strong></span> <span class='ocrx_word' id='word_1_151' title='bbox 1011 2275 1196 2330; x_wconf 88' lang='lat' dir='ltr'><strong>Patris</strong></span> <span class='ocrx_word' id='word_1_152' title='bbox 1228 2287 1399 2328; x_wconf 90' lang='lat' dir='ltr'><strong>unum</strong></span> <span class='ocrx_word' id='word_1_153' title='bbox 1428 2284 1624 2327; x_wconf 89' lang='lat' dir='ltr'><strong>sumus</strong></span> <span class='ocrx_word' id='word_1_154' title='bbox 1648 2285 1662 2320; x_wconf 90' lang='lat'><strong>:</strong></span> <span class='ocrx_word' id='word_1_155' title='bbox 1688 2263 1794 2331; x_wconf 86' lang='lat' dir='ltr'><strong>Qui</strong></span> <span class='ocrx_word' id='word_1_156' title='bbox 1823 2261 1960 2317; x_wconf 89' lang='lat' dir='ltr'><strong>vidit</strong></span> <span class='ocrx_word' id='word_1_157' title='bbox 1982 2275 2090 2326; x_wconf 89' lang='lat' dir='ltr'><strong>me,</strong></span> 
     </span>
    </p>
   </div>
   <div class='ocr_carea' id='block_1_23' title="bbox 517 2363 2094 2429">
    <p class='ocr_par' dir='ltr' id='par_1_23' title="bbox 517 2363 2094 2429">
     <span class='ocr_line' id='line_1_23' title="bbox 517 2363 2094 2429; baseline -0.013 0"><span class='ocrx_word' id='word_1_158' title='bbox 517 2375 654 2429; x_wconf 86' lang='lat' dir='ltr'><strong>vidit</strong></span> <span class='ocrx_word' id='word_1_159' title='bbox 699 2372 937 2428; x_wconf 83' lang='lat' dir='ltr'><strong>Verbum</strong></span> <span class='ocrx_word' id='word_1_160' title='bbox 984 2365 1212 2422; x_wconf 81' lang='lat' dir='ltr'><strong>Patris?</strong></span> <span class='ocrx_word' id='word_1_161' title='bbox 1257 2363 1394 2419; x_wconf 88' lang='lat' dir='ltr'><strong>Cum</strong></span> <span class='ocrx_word' id='word_1_162' title='bbox 1452 2369 1634 2415; x_wconf 88' lang='lat' dir='ltr'><strong>autem</strong></span> <span class='ocrx_word' id='word_1_163' title='bbox 1669 2363 2094 2428; x_wconf 70' lang='lat' dir='ltr'><strong>praetergressus</strong></span> 
     </span>
    </p>
   </div>
   <div class='ocr_carea' id='block_1_24' title="bbox 516 2443 2095 2532">
    <p class='ocr_par' dir='ltr' id='par_1_24' title="bbox 516 2443 2095 2532">
     <span class='ocr_line' id='line_1_24' title="bbox 516 2443 2095 2532; baseline -0.013 -12"><span class='ocrx_word' id='word_1_164' title='bbox 516 2464 704 2521; x_wconf 85' lang='lat' dir='ltr'><strong>omnia</strong></span> <span class='ocrx_word' id='word_1_165' title='bbox 758 2463 1002 2532; x_wconf 76' lang='lat' dir='ltr'><strong>seipsum</strong></span> <span class='ocrx_word' id='word_1_166' title='bbox 1053 2457 1206 2513; x_wconf 87' lang='lat' dir='ltr'><strong>solus</strong></span> <span class='ocrx_word' id='word_1_167' title='bbox 1254 2454 1357 2509; x_wconf 91' lang='lat' dir='ltr'><strong>soli</strong></span> <span class='ocrx_word' id='word_1_168' title='bbox 1415 2450 1566 2505; x_wconf 85' lang='lat' dir='ltr'><strong>Patri</strong></span> <span class='ocrx_word' id='word_1_169' title='bbox 1617 2447 1909 2513; x_wconf 90' lang='lat' dir='ltr'><strong>assimilet,</strong></span> <span class='ocrx_word' id='word_1_170' title='bbox 1943 2443 2095 2500; x_wconf 90' lang='lat' dir='ltr'><strong>nullo</strong></span> 
     </span>
    </p>
   </div>
   <div class='ocr_carea' id='block_1_25' title="bbox 517 2535 2094 2630">
    <p class='ocr_par' dir='ltr' id='par_1_25' title="bbox 517 2535 2094 2630">
     <span class='ocr_line' id='line_1_25' title="bbox 517 2535 2094 2630; baseline -0.014 -18"><span class='ocrx_word' id='word_1_171' title='bbox 517 2560 682 2630; x_wconf 80' lang='lat' dir='ltr'><strong>igitur</strong></span> <span class='ocrx_word' id='word_1_172' title='bbox 722 2552 1048 2610; x_wconf 89' lang='lat' dir='ltr'><strong>intermedio</strong></span> <span class='ocrx_word' id='word_1_173' title='bbox 1080 2550 1185 2620; x_wconf 85' lang='lat' dir='ltr'><strong>ipsi</strong></span> <span class='ocrx_word' id='word_1_174' title='bbox 1219 2544 1492 2619; x_wconf 76' lang='lat' dir='ltr'><strong>genitori,</strong></span> <span class='ocrx_word' id='word_1_175' title='bbox 1526 2549 1582 2598; x_wconf 86' lang='lat' dir='ltr'><strong>et</strong></span> <span class='ocrx_word' id='word_1_176' title='bbox 1623 2556 1732 2596; x_wconf 90' lang='lat' dir='ltr'><strong>non</strong></span> <span class='ocrx_word' id='word_1_177' title='bbox 1762 2539 1853 2595; x_wconf 88' lang='lat' dir='ltr'><strong>alii</strong></span> <span class='ocrx_word' id='word_1_178' title='bbox 1874 2535 2094 2594; x_wconf 88' lang='lat' dir='ltr'><strong>cuidam</strong></span> 
     </span>
    </p>
   </div>
   <div class='ocr_carea' id='block_1_26' title="bbox 517 2634 1701 2721">
    <p class='ocr_par' dir='ltr' id='par_1_26' title="bbox 517 2634 1701 2721">
     <span class='ocr_line' id='line_1_26' title="bbox 517 2634 1701 2721; baseline -0.018 -14"><span class='ocrx_word' id='word_1_179' title='bbox 517 2653 584 2707; x_wconf 90' lang='lat' dir='ltr'><strong>ab</strong></span> <span class='ocrx_word' id='word_1_180' title='bbox 616 2651 735 2721; x_wconf 86' lang='lat' dir='ltr'><strong>ipso</strong></span> <span class='ocrx_word' id='word_1_181' title='bbox 767 2645 964 2704; x_wconf 89' lang='lat' dir='ltr'><strong>similis</strong></span> <span class='ocrx_word' id='word_1_182' title='bbox 995 2642 1169 2698; x_wconf 82' lang='lat' dir='ltr'><strong>Filius</strong></span> <span class='ocrx_word' id='word_1_183' title='bbox 1207 2654 1332 2697; x_wconf 89' lang='lat' dir='ltr'><strong>esse</strong></span> <span class='ocrx_word' id='word_1_184' title='bbox 1363 2634 1701 2692; x_wconf 86' lang='lat' dir='ltr'><strong>censebitur.</strong></span> 
     </span>
    </p>
   </div>
   <div class='ocr_carea' id='block_1_27' title="bbox 802 2887 1805 2971">
    <p class='ocr_par' dir='ltr' id='par_1_27' title="bbox 802 2887 1805 2971">
     <span class='ocr_line' id='line_1_27' title="bbox 802 2887 1805 2971; baseline -0.019 -12"><span class='ocrx_word' id='word_1_185' title='bbox 802 2899 1043 2971; x_wconf 84' lang='lat' dir='ltr'><strong>Objectio</strong></span> <span class='ocrx_word' id='word_1_186' title='bbox 1075 2911 1139 2950; x_wconf 79' lang='lat' dir='ltr'><strong>ex</strong></span> <span class='ocrx_word' id='word_1_187' title='bbox 1168 2892 1325 2948; x_wconf 79' lang='lat' dir='ltr'><strong>dictis</strong></span> <span class='ocrx_word' id='word_1_188' title='bbox 1355 2887 1805 2945; x_wconf 71' lang='lat' dir='ltr'><strong>adversariorum.</strong></span> 
     </span>
    </p>
   </div>
   <div class='ocr_carea' id='block_1_28' title="bbox 588 2971 2100 3058">
    <p class='ocr_par' dir='ltr' id='par_1_28' title="bbox 588 2971 2100 3058">
     <span class='ocr_line' id='line_1_28' title="bbox 588 2971 2100 3058; baseline -0.019 -5"><span class='ocrx_word' id='word_1_189' title='bbox 588 2999 769 3052; x_wconf 80' lang='lat' dir='ltr'><strong>Alium</strong></span> <span class='ocrx_word' id='word_1_190' title='bbox 801 3008 924 3048; x_wconf 90' lang='lat' dir='ltr'><strong>esse</strong></span> <span class='ocrx_word' id='word_1_191' title='bbox 957 2987 1350 3058; x_wconf 85' lang='lat' dir='ltr'><strong>comperimus,</strong></span> <span class='ocrx_word' id='word_1_192' title='bbox 1382 2981 1661 3052; x_wconf 90' lang='lat' dir='ltr'><strong>inquiunt,</strong></span> <span class='ocrx_word' id='word_1_193' title='bbox 1693 2975 1888 3032; x_wconf 85' lang='lat' dir='ltr'><strong>Filium</strong></span> <span class='ocrx_word' id='word_1_194' title='bbox 1921 2971 1990 3027; x_wconf 85' lang='lat' dir='ltr'><strong>ab</strong></span> <span class='ocrx_word' id='word_1_195' title='bbox 2017 2971 2100 3026; x_wconf 83' lang='lat' dir='ltr'><strong>in-</strong></span> 
     </span>
    </p>
   </div>
   <div class='ocr_carea' id='block_1_29' title="bbox 521 3061 2166 3162">
    <p class='ocr_par' dir='ltr' id='par_1_29' title="bbox 521 3061 2166 3162">
     <span class='ocr_line' id='line_1_29' title="bbox 521 3061 2166 3162; baseline -0.018 -17"><span class='ocrx_word' id='word_1_196' title='bbox 521 3100 682 3146; x_wconf 86' lang='lat' dir='ltr'><strong>terno</strong></span> <span class='ocrx_word' id='word_1_197' title='bbox 712 3085 807 3139; x_wconf 89' lang='lat' dir='ltr'><strong>Dei</strong></span> <span class='ocrx_word' id='word_1_198' title='bbox 839 3081 1026 3144; x_wconf 85' lang='lat' dir='ltr'><strong>verbo,</strong></span> <span class='ocrx_word' id='word_1_199' title='bbox 1059 3093 1169 3132; x_wconf 89' lang='lat' dir='ltr'><strong>non</strong></span> <span class='ocrx_word' id='word_1_200' title='bbox 1202 3080 1394 3129; x_wconf 86' lang='lat' dir='ltr'><strong>nostro</strong></span> <span class='ocrx_word' id='word_1_201' title='bbox 1431 3085 1596 3128; x_wconf 91' lang='lat' dir='ltr'><strong>sensu</strong></span> <span class='ocrx_word' id='word_1_202' title='bbox 1628 3083 1692 3124; x_wconf 91' lang='lat' dir='ltr'><strong>eo</strong></span> <span class='ocrx_word' id='word_1_203' title='bbox 1727 3065 1970 3128; x_wconf 88' lang='lat' dir='ltr'><strong>adducti,</strong></span> <span class='ocrx_word' id='word_1_204' title='bbox 1999 3061 2095 3118; x_wconf 87' lang='lat' dir='ltr'><strong>sed</strong></span> <span class='ocrx_word' id='word_1_205' title='bbox 2123 3102 2166 3162; x_wconf 63' lang='grc' dir='ltr'><strong>ϐ</strong></span> 
     </span>
    </p>
   </div>
   <div class='ocr_carea' id='block_1_30' title="bbox 521 3154 2098 3243">
    <p class='ocr_par' dir='ltr' id='par_1_30' title="bbox 521 3154 2098 3243">
     <span class='ocr_line' id='line_1_30' title="bbox 521 3154 2098 3243; baseline -0.02 -6"><span class='ocrx_word' id='word_1_206' title='bbox 521 3181 720 3237; x_wconf 84' lang='lat' dir='ltr'><strong>divinae</strong></span> <span class='ocrx_word' id='word_1_207' title='bbox 743 3174 1039 3243; x_wconf 63' lang='lat' dir='ltr'><strong>Scriptura:</strong></span> <span class='ocrx_word' id='word_1_208' title='bbox 1067 3163 1552 3223; x_wconf 84' lang='lat' dir='ltr'><strong>observationibus</strong></span> <span class='ocrx_word' id='word_1_209' title='bbox 1580 3177 1593 3214; x_wconf 91' lang='lat'><strong>:</strong></span> <span class='ocrx_word' id='word_1_210' title='bbox 1623 3157 1757 3229; x_wconf 85' lang='lat' dir='ltr'><strong>quid</strong></span> <span class='ocrx_word' id='word_1_211' title='bbox 1780 3155 1928 3212; x_wconf 89' lang='lat' dir='ltr'><strong>enim</strong></span> <span class='ocrx_word' id='word_1_212' title='bbox 1950 3154 2098 3210; x_wconf 89' lang='lat' dir='ltr'><strong>dice-</strong></span> 
     </span>
    </p>
   </div>
   <div class='ocr_carea' id='block_1_31' title="bbox 522 3247 2097 3328">
    <p class='ocr_par' dir='ltr' id='par_1_31' title="bbox 522 3247 2097 3328">
     <span class='ocr_line' id='line_1_31' title="bbox 522 3247 2097 3328; baseline -0.019 0"><span class='ocrx_word' id='word_1_213' title='bbox 522 3286 645 3328; x_wconf 80' lang='lat' dir='ltr'><strong>mus</strong></span> <span class='ocrx_word' id='word_1_214' title='bbox 675 3283 798 3323; x_wconf 90' lang='lat' dir='ltr'><strong>cum</strong></span> <span class='ocrx_word' id='word_1_215' title='bbox 834 3263 1034 3318; x_wconf 82' lang='lat' dir='ltr'><strong>Filium</strong></span> <span class='ocrx_word' id='word_1_216' title='bbox 1079 3259 1148 3314; x_wconf 88' lang='lat' dir='ltr'><strong>ad</strong></span> <span class='ocrx_word' id='word_1_217' title='bbox 1187 3257 1407 3311; x_wconf 84' lang='lat' dir='ltr'><strong>Patrem</strong></span> <span class='ocrx_word' id='word_1_218' title='bbox 1447 3252 1718 3307; x_wconf 88' lang='lat' dir='ltr'><strong>dicentem</strong></span> <span class='ocrx_word' id='word_1_219' title='bbox 1765 3247 2097 3301; x_wconf 88' lang='lat' dir='ltr'><strong>audiemus:</strong></span> 
     </span>
    </p>
   </div>
   <div class='ocr_carea' id='block_1_32' title="bbox 525 3343 2102 3417">
    <p class='ocr_par' dir='ltr' id='par_1_32' title="bbox 525 3343 2102 3417">
     <span class='ocr_line' id='line_1_32' title="bbox 525 3343 2102 3417; baseline -0.017 -2"><span class='ocrx_word' id='word_1_220' title='bbox 525 3380 546 3415; x_wconf 72' lang='grc' dir='ltr'>ι</span> <span class='ocrx_word' id='word_1_221' title='bbox 582 3359 836 3417; x_wconf 85' lang='lat' dir='ltr'><strong>Clarilica</strong></span> <span class='ocrx_word' id='word_1_222' title='bbox 877 3351 1078 3407; x_wconf 86' lang='lat' dir='ltr'><strong>Filium</strong></span> <span class='ocrx_word' id='word_1_223' title='bbox 1126 3359 1320 3412; x_wconf 89' lang='lat' dir='ltr'><strong>tuum;</strong></span> <span class='ocrx_word' id='word_1_224' title='bbox 1370 3363 1388 3397; x_wconf 76' lang='grc' dir='ltr'><strong>ι</strong></span> <span class='ocrx_word' id='word_1_225' title='bbox 1424 3343 1642 3397; x_wconf 87' lang='lat' dir='ltr'><strong>Patrem</strong></span> <span class='ocrx_word' id='word_1_226' title='bbox 1691 3353 1824 3394; x_wconf 89' lang='lat' dir='ltr'><strong>vero</strong></span> <span class='ocrx_word' id='word_1_227' title='bbox 1867 3349 2102 3405; x_wconf 84' lang='lat' dir='ltr'><strong>respon-</strong></span> 
     </span>
    </p>
   </div>
   <div class='ocr_carea' id='block_1_33' title="bbox 522 3427 2100 3510">
    <p class='ocr_par' dir='ltr' id='par_1_33' title="bbox 522 3427 2100 3510">
     <span class='ocr_line' id='line_1_33' title="bbox 522 3427 2100 3510; baseline -0.02 -2"><span class='ocrx_word' id='word_1_228' title='bbox 522 3453 764 3510; x_wconf 85' lang='lat' dir='ltr'><strong>dcutem,</strong></span> <span class='ocrx_word' id='word_1_229' title='bbox 795 3461 857 3500; x_wconf 89' lang='lat' dir='ltr'><strong>ac</strong></span> <span class='ocrx_word' id='word_1_230' title='bbox 901 3444 1218 3498; x_wconf 90' lang='lat' dir='ltr'><strong>dicentem:</strong></span> <span class='ocrx_word' id='word_1_231' title='bbox 1255 3457 1274 3488; x_wconf 76' lang='grc' dir='ltr'>ι</span> <span class='ocrx_word' id='word_1_232' title='bbox 1311 3436 1378 3490; x_wconf 86' lang='lat' dir='ltr'><strong>Et</strong></span> <span class='ocrx_word' id='word_1_233' title='bbox 1403 3430 1704 3489; x_wconf 79' lang='lat' dir='ltr'><strong>clariﬁcavi</strong></span> <span class='ocrx_word' id='word_1_234' title='bbox 1727 3470 1742 3494; x_wconf 87' lang='lat'><strong>,</strong></span> <span class='ocrx_word' id='word_1_235' title='bbox 1797 3433 1852 3483; x_wconf 90' lang='lat' dir='ltr'><strong>et</strong></span> <span class='ocrx_word' id='word_1_236' title='bbox 1897 3427 2100 3481; x_wconf 90' lang='lat' dir='ltr'><strong>iterum</strong></span> 
     </span>
    </p>
   </div>
   <div class='ocr_carea' id='block_1_34' title="bbox 523 3515 2103 3602">
    <p class='ocr_par' dir='ltr' id='par_1_34' title="bbox 523 3515 2103 3602">
     <span class='ocr_line' id='line_1_34' title="bbox 523 3515 2103 3602; baseline -0.02 -1"><span class='ocrx_word' id='word_1_237' title='bbox 523 3541 837 3602; x_wconf 81' lang='lat' dir='ltr'><strong>clarificabo</strong></span> <span class='ocrx_word' id='word_1_238' title='bbox 868 3539 968 3592; x_wconf 70' lang='lat' dir='ltr'><strong>&quot;.n</strong></span> <span class='ocrx_word' id='word_1_239' title='bbox 1006 3536 1086 3589; x_wconf 77' lang='lat' dir='ltr'><strong>An</strong></span> <span class='ocrx_word' id='word_1_240' title='bbox 1118 3549 1226 3587; x_wconf 89' lang='lat' dir='ltr'><strong>non</strong></span> <span class='ocrx_word' id='word_1_241' title='bbox 1277 3530 1436 3600; x_wconf 84' lang='lat' dir='ltr'><strong>plane</strong></span> <span class='ocrx_word' id='word_1_242' title='bbox 1470 3524 1764 3581; x_wconf 80' lang='lat' dir='ltr'><strong>fatebimur</strong></span> <span class='ocrx_word' id='word_1_243' title='bbox 1793 3519 2009 3574; x_wconf 87' lang='lat' dir='ltr'><strong>Patrem</strong></span> <span class='ocrx_word' id='word_1_244' title='bbox 2045 3515 2103 3570; x_wconf 89' lang='lat' dir='ltr'><strong>in</strong></span> 
     </span>
    </p>
   </div>
   <div class='ocr_carea' id='block_1_35' title="bbox 525 3604 2102 3702">
    <p class='ocr_par' dir='ltr' id='par_1_35' title="bbox 525 3604 2102 3702">
     <span class='ocr_line' id='line_1_35' title="bbox 525 3604 2102 3702; baseline -0.02 -9"><span class='ocrx_word' id='word_1_245' title='bbox 525 3639 692 3695; x_wconf 81' lang='lat' dir='ltr'><strong>verbo</strong></span> <span class='ocrx_word' id='word_1_246' title='bbox 732 3628 1063 3702; x_wconf 79' lang='lat' dir='ltr'><strong>respondere</strong></span> <span class='ocrx_word' id='word_1_247' title='bbox 1103 3622 1280 3679; x_wconf 81' lang='lat' dir='ltr'><strong>Filio?</strong></span> <span class='ocrx_word' id='word_1_248' title='bbox 1306 3616 1594 3687; x_wconf 83' lang='lat' dir='ltr'><strong>Quomodo</strong></span> <span class='ocrx_word' id='word_1_249' title='bbox 1634 3626 1767 3682; x_wconf 74' lang='lat' dir='ltr'><strong>ergo</strong></span> <span class='ocrx_word' id='word_1_250' title='bbox 1814 3624 1923 3665; x_wconf 90' lang='lat' dir='ltr'><strong>non</strong></span> <span class='ocrx_word' id='word_1_251' title='bbox 1954 3604 2102 3662; x_wconf 86' lang='lat' dir='ltr'><strong>aliud</strong></span> 
     </span>
    </p>
   </div>
   <div class='ocr_carea' id='block_1_36' title="bbox 522 3700 1983 3790">
    <p class='ocr_par' dir='ltr' id='par_1_36' title="bbox 522 3700 1983 3790">
     <span class='ocr_line' id='line_1_36' title="bbox 522 3700 1983 3790; baseline -0.026 -2"><span class='ocrx_word' id='word_1_252' title='bbox 522 3739 608 3789; x_wconf 83' lang='lat' dir='ltr'><strong>est</strong></span> <span class='ocrx_word' id='word_1_253' title='bbox 645 3744 675 3782; x_wconf 89' lang='lat' dir='ltr'><strong>a</strong></span> <span class='ocrx_word' id='word_1_254' title='bbox 703 3700 866 3790; x_wconf 80' lang='lat' dir='ltr'><strong>Filio,</strong></span> <span class='ocrx_word' id='word_1_255' title='bbox 899 3721 954 3777; x_wconf 88' lang='lat' dir='ltr'><strong>id</strong></span> <span class='ocrx_word' id='word_1_256' title='bbox 989 3735 1087 3790; x_wconf 88' lang='lat' dir='ltr'><strong>per</strong></span> <span class='ocrx_word' id='word_1_257' title='bbox 1117 3714 1262 3788; x_wconf 89' lang='lat' dir='ltr'><strong>quod</strong></span> <span class='ocrx_word' id='word_1_258' title='bbox 1287 3713 1452 3769; x_wconf 90' lang='lat' dir='ltr'><strong>Pater</strong></span> <span class='ocrx_word' id='word_1_259' title='bbox 1479 3707 1616 3764; x_wconf 87' lang='lat' dir='ltr'><strong>Filio</strong></span> <span class='ocrx_word' id='word_1_260' title='bbox 1649 3700 1983 3775; x_wconf 74' lang='lat' dir='ltr'><strong>reSpondt-t?</strong></span> 
     </span>
    </p>
   </div>
   <div class='ocr_carea' id='block_1_37' title="bbox 782 3881 1826 3956">
    <p class='ocr_par' dir='ltr' id='par_1_37' title="bbox 782 3881 1826 3956">
     <span class='ocr_line' id='line_1_37' title="bbox 782 3881 1826 3956; baseline -0.021 0"><span class='ocrx_word' id='word_1_261' title='bbox 782 3899 957 3956; x_wconf 71' lang='lat' dir='ltr'><strong>Varia:</strong></span> <span class='ocrx_word' id='word_1_262' title='bbox 985 3894 1275 3952; x_wconf 74' lang='lat' dir='ltr'><strong>solutiones</strong></span> <span class='ocrx_word' id='word_1_263' title='bbox 1308 3889 1464 3945; x_wconf 84' lang='lat' dir='ltr'><strong>istius</strong></span> <span class='ocrx_word' id='word_1_264' title='bbox 1496 3881 1826 3956; x_wconf 79' lang='lat' dir='ltr'><strong>objectiouis.</strong></span> 
     </span>
    </p>
   </div>
   <div class='ocr_carea' id='block_1_38' title="bbox 597 3969 2104 4066">
    <p class='ocr_par' dir='ltr' id='par_1_38' title="bbox 597 3969 2104 4066">
     <span class='ocr_line' id='line_1_38' title="bbox 597 3969 2104 4066; baseline -0.02 -15"><span class='ocrx_word' id='word_1_265' title='bbox 597 3991 1005 4066; x_wconf 81' lang='lat' dir='ltr'><strong>Admiratione,</strong></span> <span class='ocrx_word' id='word_1_266' title='bbox 1067 3987 1179 4041; x_wconf 87' lang='lat' dir='ltr'><strong>imo</strong></span> <span class='ocrx_word' id='word_1_267' title='bbox 1219 3977 1704 4038; x_wconf 86' lang='lat' dir='ltr'><strong>commiseratione</strong></span> <span class='ocrx_word' id='word_1_268' title='bbox 1757 3969 1910 4042; x_wconf 75' lang='lat' dir='ltr'><strong>digni</strong></span> <span class='ocrx_word' id='word_1_269' title='bbox 1974 3975 2104 4025; x_wconf 85' lang='lat' dir='ltr'><strong>sunt</strong></span> 
     </span>
    </p>
   </div>
   <div class='ocr_carea' id='block_1_39' title="bbox 524 4062 2103 4158">
    <p class='ocr_par' dir='ltr' id='par_1_39' title="bbox 524 4062 2103 4158">
     <span class='ocr_line' id='line_1_39' title="bbox 524 4062 2103 4158; baseline -0.021 -13"><span class='ocrx_word' id='word_1_270' title='bbox 524 4087 681 4158; x_wconf 92' lang='lat' dir='ltr'><strong>impii</strong></span> <span class='ocrx_word' id='word_1_271' title='bbox 729 4063 996 4144; x_wconf 67' lang='lat' dir='ltr'><strong>haeretici,</strong></span> <span class='ocrx_word' id='word_1_272' title='bbox 1041 4077 1288 4145; x_wconf 72' lang='lat' dir='ltr'><strong>illudque</strong></span> <span class='ocrx_word' id='word_1_273' title='bbox 1327 4067 1707 4140; x_wconf 83' lang='lat' dir='ltr'><strong>propheticum</strong></span> <span class='ocrx_word' id='word_1_274' title='bbox 1739 4063 1795 4117; x_wconf 90' lang='lat' dir='ltr'><strong>in</strong></span> <span class='ocrx_word' id='word_1_275' title='bbox 1823 4062 1971 4132; x_wconf 88' lang='lat' dir='ltr'><strong>ipsos</strong></span> <span class='ocrx_word' id='word_1_276' title='bbox 2011 4072 2103 4114; x_wconf 90' lang='lat' dir='ltr'><strong>ca-</strong></span> 
     </span>
    </p>
   </div>
   <div class='ocr_carea' id='block_1_40' title="bbox 522 4148 2096 4234">
    <p class='ocr_par' dir='ltr' id='par_1_40' title="bbox 522 4148 2096 4234">
     <span class='ocr_line' id='line_1_40' title="bbox 522 4148 2096 4234; baseline -0.022 0"><span class='ocrx_word' id='word_1_277' title='bbox 522 4148 642 4234; x_wconf 48' lang='lat' dir='ltr'><strong>dit&#39;:</strong></span> <span class='ocrx_word' id='word_1_278' title='bbox 676 4194 695 4230; x_wconf 76' lang='grc' dir='ltr'>ι</span> <span class='ocrx_word' id='word_1_279' title='bbox 725 4174 903 4228; x_wconf 79' lang='lat' dir='ltr'><strong>Nolite</strong></span> <span class='ocrx_word' id='word_1_280' title='bbox 924 4171 1054 4225; x_wconf 84' lang='lat' dir='ltr'><strong>ﬂere</strong></span> <span class='ocrx_word' id='word_1_281' title='bbox 1080 4174 1381 4224; x_wconf 90' lang='lat' dir='ltr'><strong>mortuum,</strong></span> <span class='ocrx_word' id='word_1_282' title='bbox 1408 4172 1508 4212; x_wconf 90' lang='lat' dir='ltr'><strong>nec</strong></span> <span class='ocrx_word' id='word_1_283' title='bbox 1533 4157 1749 4226; x_wconf 88' lang='lat' dir='ltr'><strong>ploratc</strong></span> <span class='ocrx_word' id='word_1_284' title='bbox 1775 4152 1959 4221; x_wconf 90' lang='lat' dir='ltr'><strong>ipsum</strong></span> <span class='ocrx_word' id='word_1_285' title='bbox 1983 4148 2052 4203; x_wconf 76' lang='grc'><strong>⁸⁸.</strong></span> <span class='ocrx_word' id='word_1_286' title='bbox 2076 4165 2096 4199; x_wconf 72' lang='grc' dir='ltr'><strong>ι</strong></span> 
     </span>
    </p>
   </div>
   <div class='ocr_carea' id='block_1_41' title="bbox 527 4239 2104 4335">
    <p class='ocr_par' dir='ltr' id='par_1_41' title="bbox 527 4239 2104 4335">
     <span class='ocr_line' id='line_1_41' title="bbox 527 4239 2104 4335; baseline -0.021 -10"><span class='ocrx_word' id='word_1_287' title='bbox 527 4269 677 4325; x_wconf 82' lang='lat' dir='ltr'><strong>Flete</strong></span> <span class='ocrx_word' id='word_1_288' title='bbox 709 4278 760 4322; x_wconf 90' lang='lat' dir='ltr'><strong>et</strong></span> <span class='ocrx_word' id='word_1_289' title='bbox 788 4267 1002 4335; x_wconf 89' lang='lat' dir='ltr'><strong>plorate</strong></span> <span class='ocrx_word' id='word_1_290' title='bbox 1033 4272 1158 4315; x_wconf 90' lang='lat' dir='ltr'><strong>eum</strong></span> <span class='ocrx_word' id='word_1_291' title='bbox 1185 4255 1279 4327; x_wconf 90' lang='lat' dir='ltr'><strong>qui</strong></span> <span class='ocrx_word' id='word_1_292' title='bbox 1321 4251 1452 4306; x_wconf 90' lang='lat' dir='ltr'><strong>talia</strong></span> <span class='ocrx_word' id='word_1_293' title='bbox 1476 4249 1544 4303; x_wconf 88' lang='lat' dir='ltr'><strong>de</strong></span> <span class='ocrx_word' id='word_1_294' title='bbox 1595 4243 1890 4314; x_wconf 75' lang='lat' dir='ltr'><strong>Unigenito</strong></span> <span class='ocrx_word' id='word_1_295' title='bbox 1937 4239 2104 4296; x_wconf 89' lang='lat' dir='ltr'><strong>sentit</strong></span> 
     </span>
    </p>
   </div>
   <div class='ocr_carea' id='block_1_42' title="bbox 527 4332 2101 4420">
    <p class='ocr_par' dir='ltr' id='par_1_42' title="bbox 527 4332 2101 4420">
     <span class='ocr_line' id='line_1_42' title="bbox 527 4332 2101 4420; baseline -0.02 -4"><span class='ocrx_word' id='word_1_296' title='bbox 527 4377 592 4416; x_wconf 86' lang='lat' dir='ltr'><strong>ac</strong></span> <span class='ocrx_word' id='word_1_297' title='bbox 627 4332 956 4420; x_wconf 38' lang='lat' dir='ltr'><strong>dicm—Quid</strong></span> <span class='ocrx_word' id='word_1_298' title='bbox 987 4351 1133 4406; x_wconf 90' lang='lat' dir='ltr'><strong>enim</strong></span> <span class='ocrx_word' id='word_1_299' title='bbox 1174 4354 1257 4402; x_wconf 90' lang='lat' dir='ltr'><strong>est</strong></span> <span class='ocrx_word' id='word_1_300' title='bbox 1303 4345 1391 4399; x_wconf 87' lang='lat' dir='ltr'><strong>his</strong></span> <span class='ocrx_word' id='word_1_301' title='bbox 1419 4336 1817 4401; x_wconf 84' lang='lat' dir='ltr'><strong>miserabilius,</strong></span> <span class='ocrx_word' id='word_1_302' title='bbox 1864 4334 1908 4389; x_wconf 92' lang='lat' dir='ltr'><strong>si</strong></span> <span class='ocrx_word' id='word_1_303' title='bbox 1959 4332 2101 4386; x_wconf 85' lang='lat' dir='ltr'><strong>banc</strong></span> 
     </span>
    </p>
   </div>
   <div class='ocr_carea' id='block_1_43' title="bbox 2105 391 3759 483">
    <p class='ocr_par' dir='ltr' id='par_1_43' title="bbox 2105 391 3759 483">
     <span class='ocr_line' id='line_1_43' title="bbox 2105 391 3759 483; baseline -0.003 -28"><span class='ocrx_word' id='word_1_304' title='bbox 2105 428 2150 483; x_wconf 68' lang='grc' dir='ltr'><strong>Α</strong></span> <span class='ocrx_word' id='word_1_305' title='bbox 2179 418 2318 468; x_wconf 85' lang='grc' dir='ltr'>που,</span> <span class='ocrx_word' id='word_1_306' title='bbox 2344 402 2415 463; x_wconf 80' lang='grc' dir='ltr'><strong>ὡς</strong></span> <span class='ocrx_word' id='word_1_307' title='bbox 2447 398 2890 470; x_wconf 80' lang='grc' dir='ltr'>ὲκλελοχισμένον</span> <span class='ocrx_word' id='word_1_308' title='bbox 2921 395 3026 449; x_wconf 79' lang='grc' dir='ltr'><strong>ἀπὸ</strong></span> <span class='ocrx_word' id='word_1_309' title='bbox 3064 395 3338 467; x_wconf 83' lang='grc' dir='ltr'><strong>μυριάδων</strong></span> <span class='ocrx_word' id='word_1_310' title='bbox 3365 391 3558 450; x_wconf 72' lang='grc' dir='ltr'>ἑαυτὸν</span> <span class='ocrx_word' id='word_1_311' title='bbox 3587 414 3759 451; x_wconf 86' lang='grc' dir='ltr'>κατα-</span> 
     </span>
    </p>
   </div>
   <div class='ocr_carea' id='block_1_44' title="bbox 2182 487 3760 564">
    <p class='ocr_par' dir='ltr' id='par_1_44' title="bbox 2182 487 3760 564">
     <span class='ocr_line' id='line_1_44' title="bbox 2182 487 3760 564; baseline -0.001 -18"><span class='ocrx_word' id='word_1_312' title='bbox 2182 493 2458 564; x_wconf 82' lang='grc' dir='ltr'>σημαὶνει.</span> <span class='ocrx_word' id='word_1_313' title='bbox 2488 492 2687 544; x_wconf 89' lang='grc' dir='ltr'>Τοῦτον</span> <span class='ocrx_word' id='word_1_314' title='bbox 2726 490 2959 560; x_wconf 76' lang='grc' dir='ltr'>ἐχόντων</span> <span class='ocrx_word' id='word_1_315' title='bbox 2988 489 3096 541; x_wconf 84' lang='grc' dir='ltr'>τῶν</span> <span class='ocrx_word' id='word_1_316' title='bbox 3142 487 3420 558; x_wconf 83' lang='grc' dir='ltr'><strong>ὀνομάτων</strong></span> <span class='ocrx_word' id='word_1_317' title='bbox 3453 488 3544 540; x_wconf 80' lang='grc' dir='ltr'>τὸν</span> <span class='ocrx_word' id='word_1_318' title='bbox 3589 487 3760 544; x_wconf 81' lang='grc' dir='ltr'>τύπον</span> 
     </span>
    </p>
   </div>
   <div class='ocr_carea' id='block_1_45' title="bbox 2182 578 3758 654">
    <p class='ocr_par' dir='ltr' id='par_1_45' title="bbox 2182 578 3758 654">
     <span class='ocr_line' id='line_1_45' title="bbox 2182 578 3758 654; baseline -0.003 -17"><span class='ocrx_word' id='word_1_319' title='bbox 2182 583 2332 654; x_wconf 83' lang='grc' dir='ltr'>παρὰ</span> <span class='ocrx_word' id='word_1_320' title='bbox 2368 585 2434 654; x_wconf 77' lang='grc' dir='ltr'>τῇ</span> <span class='ocrx_word' id='word_1_321' title='bbox 2462 582 2582 653; x_wconf 77' lang='grc' dir='ltr'>θείᾳ</span> <span class='ocrx_word' id='word_1_322' title='bbox 2608 582 2799 653; x_wconf 80' lang='grc' dir='ltr'>Γραφῇ</span> <span class='ocrx_word' id='word_1_323' title='bbox 2826 623 2840 647; x_wconf 85' lang='grc'><strong>,</strong></span> <span class='ocrx_word' id='word_1_324' title='bbox 2873 579 2990 642; x_wconf 81' lang='grc' dir='ltr'><strong>πῶς</strong></span> <span class='ocrx_word' id='word_1_325' title='bbox 3013 579 3120 650; x_wconf 78' lang='grc' dir='ltr'>ἄρα</span> <span class='ocrx_word' id='word_1_326' title='bbox 3151 578 3419 650; x_wconf 86' lang='grc' dir='ltr'>προσήκει</span> <span class='ocrx_word' id='word_1_327' title='bbox 3447 580 3633 648; x_wconf 82' lang='grc' dir='ltr'>νοῆσαι</span> <span class='ocrx_word' id='word_1_328' title='bbox 3675 580 3758 644; x_wconf 83' lang='grc' dir='ltr'><strong>τὸ,</strong></span> 
     </span>
    </p>
   </div>
   <div class='ocr_carea' id='block_1_46' title="bbox 2188 666 3758 745">
    <p class='ocr_par' dir='ltr' id='par_1_46' title="bbox 2188 666 3758 745">
     <span class='ocr_line' id='line_1_46' title="bbox 2188 666 3758 745; baseline -0.004 -19"><span class='ocrx_word' id='word_1_329' title='bbox 2188 693 2206 726; x_wconf 79' lang='grc' dir='ltr'><strong>ι</strong></span> <span class='ocrx_word' id='word_1_330' title='bbox 2247 675 2334 728; x_wconf 86' lang='grc' dir='ltr'><strong>Ἐν</strong></span> <span class='ocrx_word' id='word_1_331' title='bbox 2367 675 2510 745; x_wconf 79' lang='grc' dir='ltr'>ἀρχῇ</span> <span class='ocrx_word' id='word_1_332' title='bbox 2531 667 2600 742; x_wconf 82' lang='grc' dir='ltr'><strong>ἦν</strong></span> <span class='ocrx_word' id='word_1_333' title='bbox 2626 673 2655 725; x_wconf 90' lang='lat'><strong>6</strong></span> <span class='ocrx_word' id='word_1_334' title='bbox 2679 671 2850 740; x_wconf 88' lang='grc' dir='ltr'>Λόγος</span> <span class='ocrx_word' id='word_1_335' title='bbox 2876 687 2890 735; x_wconf 92' lang='grc'><strong>;</strong></span> <span class='ocrx_word' id='word_1_336' title='bbox 2918 688 2935 720; x_wconf 75' lang='grc' dir='ltr'><strong>ι</strong></span> <span class='ocrx_word' id='word_1_337' title='bbox 2972 669 3036 722; x_wconf 77' lang='lat' dir='ltr'><strong>Ri</strong></span> <span class='ocrx_word' id='word_1_338' title='bbox 3069 668 3166 739; x_wconf 79' lang='grc' dir='ltr'><strong>μὲν</strong></span> <span class='ocrx_word' id='word_1_339' title='bbox 3198 667 3308 738; x_wconf 81' lang='grc' dir='ltr'><strong>γὰρ</strong></span> <span class='ocrx_word' id='word_1_340' title='bbox 3335 668 3441 730; x_wconf 84' lang='grc' dir='ltr'>πᾶς</span> <span class='ocrx_word' id='word_1_341' title='bbox 3469 666 3627 735; x_wconf 84' lang='grc' dir='ltr'><strong>λόγος</strong></span> <span class='ocrx_word' id='word_1_342' title='bbox 3663 669 3758 720; x_wconf 86' lang='grc' dir='ltr'><strong>τοῦ</strong></span> 
     </span>
    </p>
   </div>
   <div class='ocr_carea' id='block_1_47' title="bbox 2181 759 3758 833">
    <p class='ocr_par' dir='ltr' id='par_1_47' title="bbox 2181 759 3758 833">
     <span class='ocr_line' id='line_1_47' title="bbox 2181 759 3758 833; baseline -0.004 -14"><span class='ocrx_word' id='word_1_343' title='bbox 2181 765 2316 819; x_wconf 88' lang='grc' dir='ltr'>Θεοῦ</span> <span class='ocrx_word' id='word_1_344' title='bbox 2343 765 2432 818; x_wconf 84' lang='grc' dir='ltr'>διὰ</span> <span class='ocrx_word' id='word_1_345' title='bbox 2476 762 2668 817; x_wconf 89' lang='grc' dir='ltr'>τούτου</span> <span class='ocrx_word' id='word_1_346' title='bbox 2699 761 3058 833; x_wconf 86' lang='grc' dir='ltr'>σημαίνεται,</span> <span class='ocrx_word' id='word_1_347' title='bbox 3091 759 3167 822; x_wconf 86' lang='grc' dir='ltr'><strong>ὡς</strong></span> <span class='ocrx_word' id='word_1_348' title='bbox 3207 759 3468 829; x_wconf 82' lang='grc' dir='ltr'><strong>ὑπάρχων</strong></span> <span class='ocrx_word' id='word_1_349' title='bbox 3505 759 3562 811; x_wconf 83' lang='grc' dir='ltr'><strong>ὲν</strong></span> <span class='ocrx_word' id='word_1_350' title='bbox 3591 761 3758 829; x_wconf 78' lang='grc' dir='ltr'>ἀρχῇ,</span> 
     </span>
    </p>
   </div>
   <div class='ocr_carea' id='block_1_48' title="bbox 2181 850 3760 924">
    <p class='ocr_par' dir='ltr' id='par_1_48' title="bbox 2181 850 3760 924">
     <span class='ocr_line' id='line_1_48' title="bbox 2181 850 3760 924; baseline -0.005 -14"><span class='ocrx_word' id='word_1_351' title='bbox 2181 856 2546 910; x_wconf 86' lang='grc' dir='ltr'>δεικνύτωσαν</span> <span class='ocrx_word' id='word_1_352' title='bbox 2574 853 2750 920; x_wconf 76' lang='grc' dir='ltr'>αὐτοὶ,</span> <span class='ocrx_word' id='word_1_353' title='bbox 2784 853 2879 907; x_wconf 78' lang='grc' dir='ltr'><strong>καὶ</strong></span> <span class='ocrx_word' id='word_1_354' title='bbox 2913 850 3188 924; x_wconf 81' lang='grc' dir='ltr'><strong>ληροῦμεν</strong></span> <span class='ocrx_word' id='word_1_355' title='bbox 3209 852 3372 922; x_wconf 80' lang='grc' dir='ltr'><strong>ἡμεῖς</strong></span> <span class='ocrx_word' id='word_1_356' title='bbox 3396 867 3408 879; x_wconf 84' lang='grc'><em>’</em></span> <span class='ocrx_word' id='word_1_357' title='bbox 3451 852 3498 904; x_wconf 83' lang='grc' dir='ltr'><strong>εί</strong></span> <span class='ocrx_word' id='word_1_358' title='bbox 3531 851 3589 904; x_wconf 85' lang='grc' dir='ltr'>δὲ</span> <span class='ocrx_word' id='word_1_359' title='bbox 3623 869 3760 921; x_wconf 86' lang='grc' dir='ltr'>προ-</span> 
     </span>
    </p>
   </div>
   <div class='ocr_carea' id='block_1_49' title="bbox 2182 941 3761 1016">
    <p class='ocr_par' dir='ltr' id='par_1_49' title="bbox 2182 941 3761 1016">
     <span class='ocr_line' id='line_1_49' title="bbox 2182 941 3761 1016; baseline -0.004 -16"><span class='ocrx_word' id='word_1_360' title='bbox 2182 948 2353 1014; x_wconf 82' lang='grc' dir='ltr'><strong>τάξας</strong></span> <span class='ocrx_word' id='word_1_361' title='bbox 2378 947 2442 1000; x_wconf 82' lang='grc' dir='ltr'><strong>τὸ</strong></span> <span class='ocrx_word' id='word_1_362' title='bbox 2467 946 2668 1016; x_wconf 77' lang='grc' dir='ltr'>ἄρθρον</span> <span class='ocrx_word' id='word_1_363' title='bbox 2698 945 2727 997; x_wconf 97' lang='lat'><strong>6</strong></span> <span class='ocrx_word' id='word_1_364' title='bbox 2751 942 3169 1013; x_wconf 82' lang='grc' dir='ltr'>εὐαγγελιστὴς,</span> <span class='ocrx_word' id='word_1_365' title='bbox 3202 942 3278 1004; x_wconf 84' lang='grc' dir='ltr'><strong>ὡς</strong></span> <span class='ocrx_word' id='word_1_366' title='bbox 3313 941 3407 994; x_wconf 79' lang='grc' dir='ltr'><strong>ενα</strong></span> <span class='ocrx_word' id='word_1_367' title='bbox 3435 941 3529 994; x_wconf 79' lang='grc' dir='ltr'>καὶ</span> <span class='ocrx_word' id='word_1_368' title='bbox 3556 942 3761 1012; x_wconf 83' lang='grc' dir='ltr'>κυρίως</span> 
     </span>
    </p>
   </div>
   <div class='ocr_carea' id='block_1_50' title="bbox 2184 1029 3762 1110">
    <p class='ocr_par' dir='ltr' id='par_1_50' title="bbox 2184 1029 3762 1110">
     <span class='ocr_line' id='line_1_50' title="bbox 2184 1029 3762 1110; baseline -0.006 -16"><span class='ocrx_word' id='word_1_369' title='bbox 2184 1040 2314 1094; x_wconf 75' lang='grc' dir='ltr'>ὅντα</span> <span class='ocrx_word' id='word_1_370' title='bbox 2363 1037 2657 1110; x_wconf 85' lang='grc' dir='ltr'>σημαίνει,</span> <span class='ocrx_word' id='word_1_371' title='bbox 2705 1035 2844 1106; x_wconf 83' lang='grc' dir='ltr'><strong>βοῶν</strong></span> <span class='ocrx_word' id='word_1_372' title='bbox 2887 1055 2906 1088; x_wconf 71' lang='grc' dir='ltr'>ι</span> <span class='ocrx_word' id='word_1_373' title='bbox 2944 1036 3031 1088; x_wconf 84' lang='grc' dir='ltr'><strong>Ἑν</strong></span> <span class='ocrx_word' id='word_1_374' title='bbox 3063 1036 3205 1106; x_wconf 80' lang='grc' dir='ltr'>ἀρχῇ</span> <span class='ocrx_word' id='word_1_375' title='bbox 3248 1029 3316 1105; x_wconf 81' lang='grc' dir='ltr'><strong>ἦν</strong></span> <span class='ocrx_word' id='word_1_376' title='bbox 3360 1037 3389 1088; x_wconf 90' lang='lat'><strong>6</strong></span> <span class='ocrx_word' id='word_1_377' title='bbox 3421 1034 3626 1102; x_wconf 82' lang='grc' dir='ltr'><strong>Λόγος·</strong></span> <span class='ocrx_word' id='word_1_378' title='bbox 3657 1053 3676 1084; x_wconf 72' lang='grc' dir='ltr'>ι</span> <span class='ocrx_word' id='word_1_379' title='bbox 3707 1032 3762 1085; x_wconf 90' lang='grc' dir='ltr'><strong>τί</strong></span> 
     </span>
    </p>
   </div>
   <div class='ocr_carea' id='block_1_51' title="bbox 2189 1124 3763 1203">
    <p class='ocr_par' dir='ltr' id='par_1_51' title="bbox 2189 1124 3763 1203">
     <span class='ocr_line' id='line_1_51' title="bbox 2189 1124 3763 1203; baseline -0.006 -18"><span class='ocrx_word' id='word_1_380' title='bbox 2189 1131 2368 1203; x_wconf 82' lang='grc' dir='ltr'><strong>μάτην</strong></span> <span class='ocrx_word' id='word_1_381' title='bbox 2391 1127 2789 1199; x_wconf 80' lang='grc' dir='ltr'><strong>φιλονεικοῦσιν</strong></span> <span class='ocrx_word' id='word_1_382' title='bbox 2831 1126 3017 1197; x_wconf 80' lang='grc' dir='ltr'>ἓτερον</span> <span class='ocrx_word' id='word_1_383' title='bbox 3047 1125 3463 1197; x_wconf 83' lang='grc' dir='ltr'>ὲπεισφέροντες</span> <span class='ocrx_word' id='word_1_384' title='bbox 3485 1166 3502 1190; x_wconf 86' lang='grc'><strong>,</strong></span> <span class='ocrx_word' id='word_1_385' title='bbox 3543 1126 3632 1179; x_wconf 80' lang='grc' dir='ltr'><strong>ἵνα</strong></span> <span class='ocrx_word' id='word_1_386' title='bbox 3662 1124 3763 1195; x_wconf 85' lang='grc' dir='ltr'><strong>μό-</strong></span> 
     </span>
    </p>
   </div>
   <div class='ocr_carea' id='block_1_52' title="bbox 2186 1215 3759 1290">
    <p class='ocr_par' dir='ltr' id='par_1_52' title="bbox 2186 1215 3759 1290">
     <span class='ocr_line' id='line_1_52' title="bbox 2186 1215 3759 1290; baseline -0.005 -15"><span class='ocrx_word' id='word_1_387' title='bbox 2186 1239 2276 1275; x_wconf 91' lang='grc' dir='ltr'>νον</span> <span class='ocrx_word' id='word_1_388' title='bbox 2322 1221 2651 1290; x_wconf 75' lang='grc' dir='ltr'><strong>ἐκπέμπωσι</strong></span> <span class='ocrx_word' id='word_1_389' title='bbox 2697 1221 2796 1290; x_wconf 79' lang='grc' dir='ltr'><strong>τῆς</strong></span> <span class='ocrx_word' id='word_1_390' title='bbox 2827 1217 3013 1280; x_wconf 78' lang='grc' dir='ltr'><strong>οὐσίας</strong></span> <span class='ocrx_word' id='word_1_391' title='bbox 3059 1215 3155 1270; x_wconf 90' lang='grc' dir='ltr'><strong>τοῦ</strong></span> <span class='ocrx_word' id='word_1_392' title='bbox 3204 1216 3417 1286; x_wconf 72' lang='grc' dir='ltr'>Πατρός</span> <span class='ocrx_word' id='word_1_393' title='bbox 3463 1215 3556 1269; x_wconf 83' lang='grc' dir='ltr'>τὸν</span> <span class='ocrx_word' id='word_1_394' title='bbox 3585 1215 3759 1278; x_wconf 81' lang='grc' dir='ltr'><strong>Υἱόνς</strong></span> 
     </span>
    </p>
   </div>
   <div class='ocr_carea' id='block_1_53' title="bbox 2200 1306 3763 1379">
    <p class='ocr_par' dir='ltr' id='par_1_53' title="bbox 2200 1306 3763 1379">
     <span class='ocr_line' id='line_1_53' title="bbox 2200 1306 3763 1379; baseline -0.004 -12"><span class='ocrx_word' id='word_1_395' title='bbox 2200 1312 2547 1376; x_wconf 86' lang='grc' dir='ltr'>Ἐννοοῦντας</span> <span class='ocrx_word' id='word_1_396' title='bbox 2584 1312 2642 1366; x_wconf 80' lang='grc' dir='ltr'>δὲ</span> <span class='ocrx_word' id='word_1_397' title='bbox 2678 1311 2742 1365; x_wconf 80' lang='grc' dir='ltr'><strong>τὸ</strong></span> <span class='ocrx_word' id='word_1_398' title='bbox 2785 1311 2877 1364; x_wconf 76' lang='grc' dir='ltr'><strong>ἐπὶ</strong></span> <span class='ocrx_word' id='word_1_399' title='bbox 2904 1309 3116 1372; x_wconf 83' lang='grc' dir='ltr'>τούτοις</span> <span class='ocrx_word' id='word_1_400' title='bbox 3141 1309 3342 1362; x_wconf 80' lang='grc' dir='ltr'>ἄτοπον</span> <span class='ocrx_word' id='word_1_401' title='bbox 3378 1306 3763 1379; x_wconf 85' lang='grc' dir='ltr'>παραιτεῖσθαι</span> 
     </span>
    </p>
   </div>
   <div class='ocr_carea' id='block_1_54' title="bbox 2191 1399 3512 1478">
    <p class='ocr_par' dir='ltr' id='par_1_54' title="bbox 2191 1399 3512 1478">
     <span class='ocr_line' id='line_1_54' title="bbox 2191 1399 3512 1478; baseline -0.005 -19"><span class='ocrx_word' id='word_1_402' title='bbox 2191 1406 2457 1478; x_wconf 87' lang='grc' dir='ltr'>προσήκει</span> <span class='ocrx_word' id='word_1_403' title='bbox 2487 1404 2586 1475; x_wconf 80' lang='grc' dir='ltr'>τὴν</span> <span class='ocrx_word' id='word_1_404' title='bbox 2619 1404 2726 1458; x_wconf 85' lang='grc' dir='ltr'>τῶν</span> <span class='ocrx_word' id='word_1_405' title='bbox 2757 1400 3207 1474; x_wconf 81' lang='grc' dir='ltr'>ὲτεροδοξούντων</span> <span class='ocrx_word' id='word_1_406' title='bbox 3236 1399 3512 1454; x_wconf 80' lang='grc' dir='ltr'>ἀϐουλίαν.</span> 
     </span>
    </p>
   </div>
   <div class='ocr_carea' id='block_1_55' title="bbox 2260 1658 3762 1731">
    <p class='ocr_par' dir='ltr' id='par_1_55' title="bbox 2260 1658 3762 1731">
     <span class='ocr_line' id='line_1_55' title="bbox 2260 1658 3762 1731; baseline -0.005 -15"><span class='ocrx_word' id='word_1_407' title='bbox 2260 1664 2462 1728; x_wconf 80' lang='lat' dir='ltr'><strong>AAAO,</strong></span> <span class='ocrx_word' id='word_1_408' title='bbox 2489 1663 2768 1716; x_wconf 71' lang='grc' dir='ltr'>δεικνύον-</span> <span class='ocrx_word' id='word_1_409' title='bbox 2786 1661 2987 1731; x_wconf 80' lang='grc' dir='ltr'>ὄτιπερ</span> <span class='ocrx_word' id='word_1_410' title='bbox 3013 1662 3085 1715; x_wconf 86' lang='grc' dir='ltr'><strong>οὑ</strong></span> <span class='ocrx_word' id='word_1_411' title='bbox 3116 1658 3268 1714; x_wconf 84' lang='grc' dir='ltr'>κατὰ</span> <span class='ocrx_word' id='word_1_412' title='bbox 3291 1658 3398 1712; x_wconf 83' lang='grc' dir='ltr'><strong>τὸν</strong></span> <span class='ocrx_word' id='word_1_413' title='bbox 3421 1658 3762 1714; x_wconf 73' lang='grc' dir='ltr'><strong>ἐνδιάθετον</strong></span> 
     </span>
    </p>
   </div>
   <div class='ocr_carea' id='block_1_56' title="bbox 2188 1747 3760 1827">
    <p class='ocr_par' dir='ltr' id='par_1_56' title="bbox 2188 1747 3760 1827">
     <span class='ocr_line' id='line_1_56' title="bbox 2188 1747 3760 1827; baseline -0.003 -20"><span class='ocrx_word' id='word_1_414' title='bbox 2188 1755 2401 1827; x_wconf 79' lang='grc' dir='ltr'><strong>Λόγον,</strong></span> <span class='ocrx_word' id='word_1_415' title='bbox 2429 1753 2514 1818; x_wconf 85' lang='grc' dir='ltr'><strong>ὡς</strong></span> <span class='ocrx_word' id='word_1_416' title='bbox 2542 1751 2763 1806; x_wconf 77' lang='grc' dir='ltr'><strong>ἐκεῖνοι</strong></span> <span class='ocrx_word' id='word_1_417' title='bbox 2799 1767 2982 1820; x_wconf 72' lang='grc' dir='ltr'>φασι,</span> <span class='ocrx_word' id='word_1_418' title='bbox 3007 1748 3336 1820; x_wconf 72' lang='grc' dir='ltr'><strong>μορφοῦται</strong></span> <span class='ocrx_word' id='word_1_419' title='bbox 3361 1750 3396 1801; x_wconf 83' lang='grc' dir='ltr'>ό</span> <span class='ocrx_word' id='word_1_420' title='bbox 3429 1748 3591 1814; x_wconf 72' lang='grc' dir='ltr'>Υἱὸς,</span> <span class='ocrx_word' id='word_1_421' title='bbox 3624 1747 3760 1804; x_wconf 71' lang='grc' dir='ltr'><strong>ἀλλ’</strong></span> 
     </span>
    </p>
   </div>
   <div class='ocr_carea' id='block_1_57' title="bbox 2190 1838 3764 1909">
    <p class='ocr_par' dir='ltr' id='par_1_57' title="bbox 2190 1838 3764 1909">
     <span class='ocr_line' id='line_1_57' title="bbox 2190 1838 3764 1909; baseline -0.005 -10"><span class='ocrx_word' id='word_1_422' title='bbox 2190 1844 2366 1899; x_wconf 71' lang='grc' dir='ltr'>εἰκών</span> <span class='ocrx_word' id='word_1_423' title='bbox 2392 1845 2562 1898; x_wconf 80' lang='grc' dir='ltr'>ἐστιν</span> <span class='ocrx_word' id='word_1_424' title='bbox 2599 1842 2787 1898; x_wconf 77' lang='grc' dir='ltr'>αὐτοῦ</span> <span class='ocrx_word' id='word_1_425' title='bbox 2819 1842 2927 1896; x_wconf 83' lang='grc' dir='ltr'><strong>τοῦ</strong></span> <span class='ocrx_word' id='word_1_426' title='bbox 2957 1843 3208 1909; x_wconf 83' lang='grc' dir='ltr'>Πατρός.</span> <span class='ocrx_word' id='word_1_427' title='bbox 3247 1841 3311 1893; x_wconf 86' lang='grc' dir='ltr'>Εί</span> <span class='ocrx_word' id='word_1_428' title='bbox 3347 1838 3435 1892; x_wconf 83' lang='grc' dir='ltr'><strong>διά</strong></span> <span class='ocrx_word' id='word_1_429' title='bbox 3463 1838 3621 1892; x_wconf 86' lang='grc' dir='ltr'>τοῦτο</span> <span class='ocrx_word' id='word_1_430' title='bbox 3659 1839 3764 1892; x_wconf 83' lang='grc' dir='ltr'><strong>Λό-</strong></span> 
     </span>
    </p>
   </div>
   <div class='ocr_carea' id='block_1_58' title="bbox 2191 1931 3768 2008">
    <p class='ocr_par' dir='ltr' id='par_1_58' title="bbox 2191 1931 3768 2008">
     <span class='ocr_line' id='line_1_58' title="bbox 2191 1931 3768 2008; baseline -0.003 -19"><span class='ocrx_word' id='word_1_431' title='bbox 2191 1954 2284 2005; x_wconf 88' lang='grc' dir='ltr'>γος</span> <span class='ocrx_word' id='word_1_432' title='bbox 2307 1936 2423 1988; x_wconf 85' lang='grc' dir='ltr'>ὲστί</span> <span class='ocrx_word' id='word_1_433' title='bbox 2465 1952 2526 1988; x_wconf 85' lang='grc' dir='ltr'><strong>τε</strong></span> <span class='ocrx_word' id='word_1_434' title='bbox 2576 1935 2670 1987; x_wconf 74' lang='grc' dir='ltr'>καὶ</span> <span class='ocrx_word' id='word_1_435' title='bbox 2699 1933 3028 2004; x_wconf 79' lang='grc' dir='ltr'>ὀνομάζεται</span> <span class='ocrx_word' id='word_1_436' title='bbox 3069 1933 3189 2008; x_wconf 84' lang='grc' dir='ltr'>κατ’</span> <span class='ocrx_word' id='word_1_437' title='bbox 3214 1931 3456 1996; x_wconf 78' lang='grc' dir='ltr'>ἐκείνους</span> <span class='ocrx_word' id='word_1_438' title='bbox 3478 1933 3508 1984; x_wconf 93' lang='lat'><strong>6</strong></span> <span class='ocrx_word' id='word_1_439' title='bbox 3542 1948 3768 2002; x_wconf 88' lang='grc' dir='ltr'>μονογε-</span> 
     </span>
    </p>
   </div>
   <div class='ocr_carea' id='block_1_59' title="bbox 2192 2023 3768 2098">
    <p class='ocr_par' dir='ltr' id='par_1_59' title="bbox 2192 2023 3768 2098">
     <span class='ocr_line' id='line_1_59' title="bbox 2192 2023 3768 2098; baseline -0.003 -17"><span class='ocrx_word' id='word_1_440' title='bbox 2192 2032 2289 2098; x_wconf 64' lang='grc' dir='ltr'><strong>νὶ-,ς</strong></span> <span class='ocrx_word' id='word_1_441' title='bbox 2318 2026 2444 2091; x_wconf 82' lang='grc' dir='ltr'><strong>Υἱὸς</strong></span> <span class='ocrx_word' id='word_1_442' title='bbox 2463 2027 2558 2080; x_wconf 90' lang='grc' dir='ltr'><strong>τοῦ</strong></span> <span class='ocrx_word' id='word_1_443' title='bbox 2588 2025 2744 2091; x_wconf 91' lang='grc' dir='ltr'>Θεοῦ,</span> <span class='ocrx_word' id='word_1_444' title='bbox 2777 2027 2860 2079; x_wconf 84' lang='grc' dir='ltr'><strong>ὅτι</strong></span> <span class='ocrx_word' id='word_1_445' title='bbox 2881 2025 2946 2095; x_wconf 79' lang='grc' dir='ltr'>δὴ</span> <span class='ocrx_word' id='word_1_446' title='bbox 2979 2024 3070 2079; x_wconf 83' lang='grc' dir='ltr'><strong>τὸν</strong></span> <span class='ocrx_word' id='word_1_447' title='bbox 3099 2024 3402 2079; x_wconf 74' lang='grc' dir='ltr'>ἐνδιάθετον</span> <span class='ocrx_word' id='word_1_448' title='bbox 3431 2023 3525 2077; x_wconf 90' lang='grc' dir='ltr'><strong>τοῦ</strong></span> <span class='ocrx_word' id='word_1_449' title='bbox 3553 2025 3768 2094; x_wconf 80' lang='grc' dir='ltr'>Πατρδς</span> 
     </span>
    </p>
   </div>
   <div class='ocr_carea' id='block_1_60' title="bbox 2191 2113 3768 2187">
    <p class='ocr_par' dir='ltr' id='par_1_60' title="bbox 2191 2113 3768 2187">
     <span class='ocr_line' id='line_1_60' title="bbox 2191 2113 3768 2187; baseline -0.003 -16"><span class='ocrx_word' id='word_1_450' title='bbox 2191 2117 2480 2187; x_wconf 88' lang='grc' dir='ltr'>δεχόμενος</span> <span class='ocrx_word' id='word_1_451' title='bbox 2509 2115 2702 2184; x_wconf 84' lang='grc' dir='ltr'><strong>Λόγον,</strong></span> <span class='ocrx_word' id='word_1_452' title='bbox 2730 2116 2893 2170; x_wconf 76' lang='grc' dir='ltr'>οἱονεὶ</span> <span class='ocrx_word' id='word_1_453' title='bbox 2925 2113 3224 2186; x_wconf 75' lang='grc' dir='ltr'>μορφοῦται</span> <span class='ocrx_word' id='word_1_454' title='bbox 3258 2114 3394 2186; x_wconf 79' lang='grc' dir='ltr'>πρὸς</span> <span class='ocrx_word' id='word_1_455' title='bbox 3432 2116 3636 2167; x_wconf 76' lang='grc' dir='ltr'>ἐκεῖνον</span> <span class='ocrx_word' id='word_1_456' title='bbox 3655 2151 3672 2178; x_wconf 88' lang='grc'><strong>,</strong></span> <span class='ocrx_word' id='word_1_457' title='bbox 3715 2115 3768 2167; x_wconf 85' lang='grc' dir='ltr'><strong>τί</strong></span> 
     </span>
    </p>
   </div>
   <div class='ocr_carea' id='block_1_61' title="bbox 2196 2206 3770 2281">
    <p class='ocr_par' dir='ltr' id='par_1_61' title="bbox 2196 2206 3770 2281">
     <span class='ocr_line' id='line_1_61' title="bbox 2196 2206 3770 2281; baseline 0 -21"><span class='ocrx_word' id='word_1_458' title='bbox 2196 2209 2271 2280; x_wconf 86' lang='grc' dir='ltr'><strong>μὴ</strong></span> <span class='ocrx_word' id='word_1_459' title='bbox 2321 2207 2498 2277; x_wconf 79' lang='grc' dir='ltr'>λέγων</span> <span class='ocrx_word' id='word_1_460' title='bbox 2536 2209 2729 2281; x_wconf 77' lang='grc' dir='ltr'>ὁρᾶται</span> <span class='ocrx_word' id='word_1_461' title='bbox 2760 2207 2900 2279; x_wconf 76' lang='grc' dir='ltr'>πρὸς</span> <span class='ocrx_word' id='word_1_462' title='bbox 2930 2208 3056 2270; x_wconf 82' lang='grc' dir='ltr'>τοὺς</span> <span class='ocrx_word' id='word_1_463' title='bbox 3084 2206 3277 2260; x_wconf 81' lang='grc' dir='ltr'>ἑαυτοῦ</span> <span class='ocrx_word' id='word_1_464' title='bbox 3306 2207 3577 2277; x_wconf 87' lang='grc' dir='ltr'>μαθητάς·</span> <span class='ocrx_word' id='word_1_465' title='bbox 3627 2207 3770 2275; x_wconf 84' lang='grc' dir='ltr'><strong>Ἐγὼ</strong></span> 
     </span>
    </p>
   </div>
   <div class='ocr_carea' id='block_1_62' title="bbox 2195 2297 3765 2369">
    <p class='ocr_par' dir='ltr' id='par_1_62' title="bbox 2195 2297 3765 2369">
     <span class='ocr_line' id='line_1_62' title="bbox 2195 2297 3765 2369; baseline -0.003 -14"><span class='ocrx_word' id='word_1_466' title='bbox 2195 2301 2288 2355; x_wconf 76' lang='grc' dir='ltr'>καὶ</span> <span class='ocrx_word' id='word_1_467' title='bbox 2315 2303 2344 2354; x_wconf 92' lang='lat'><strong>6</strong></span> <span class='ocrx_word' id='word_1_468' title='bbox 2388 2299 2562 2369; x_wconf 83' lang='grc' dir='ltr'>Λόγος</span> <span class='ocrx_word' id='word_1_469' title='bbox 2592 2299 2686 2353; x_wconf 90' lang='grc' dir='ltr'><strong>τοῦ</strong></span> <span class='ocrx_word' id='word_1_470' title='bbox 2722 2298 2934 2369; x_wconf 65' lang='grc' dir='ltr'>Πατρός</span> <span class='ocrx_word' id='word_1_471' title='bbox 2955 2297 3013 2351; x_wconf 74' lang='grc' dir='ltr'><strong>ἓν</strong></span> <span class='ocrx_word' id='word_1_472' title='bbox 3043 2299 3209 2368; x_wconf 78' lang='grc' dir='ltr'>ἐσμεν</span> <span class='ocrx_word' id='word_1_473' title='bbox 3229 2336 3244 2363; x_wconf 90' lang='grc'><strong>,</strong></span> <span class='ocrx_word' id='word_1_474' title='bbox 3294 2301 3323 2351; x_wconf 90' lang='lat'><strong>6</strong></span> <span class='ocrx_word' id='word_1_475' title='bbox 3353 2297 3612 2369; x_wconf 75' lang='grc' dir='ltr'>ἑωρακὼς</span> <span class='ocrx_word' id='word_1_476' title='bbox 3644 2299 3765 2368; x_wconf 79' lang='grc' dir='ltr'>ἐμὲ,</span> 
     </span>
    </p>
   </div>
   <div class='ocr_carea' id='block_1_63' title="bbox 2195 2389 3771 2463">
    <p class='ocr_par' dir='ltr' id='par_1_63' title="bbox 2195 2389 3771 2463">
     <span class='ocr_line' id='line_1_63' title="bbox 2195 2389 3771 2463; baseline -0.001 -17"><span class='ocrx_word' id='word_1_477' title='bbox 2195 2391 2408 2463; x_wconf 77' lang='grc' dir='ltr'>ἑώρακε</span> <span class='ocrx_word' id='word_1_478' title='bbox 2457 2392 2549 2446; x_wconf 84' lang='grc' dir='ltr'>τὸν</span> <span class='ocrx_word' id='word_1_479' title='bbox 2581 2391 2754 2459; x_wconf 88' lang='grc' dir='ltr'><strong>Λόγον</strong></span> <span class='ocrx_word' id='word_1_480' title='bbox 2803 2389 2894 2443; x_wconf 90' lang='grc' dir='ltr'><strong>τοῦ</strong></span> <span class='ocrx_word' id='word_1_481' title='bbox 2931 2390 3180 2460; x_wconf 74' lang='grc' dir='ltr'>Πατρόςς</span> <span class='ocrx_word' id='word_1_482' title='bbox 3223 2389 3441 2462; x_wconf 79' lang='grc' dir='ltr'>Ἐπειδὴ</span> <span class='ocrx_word' id='word_1_483' title='bbox 3485 2390 3543 2443; x_wconf 85' lang='grc' dir='ltr'>δὲ</span> <span class='ocrx_word' id='word_1_484' title='bbox 3592 2391 3771 2445; x_wconf 86' lang='grc' dir='ltr'>πάντα</span> 
     </span>
    </p>
   </div>
   <div class='ocr_carea' id='block_1_64' title="bbox 2197 2480 3771 2555">
    <p class='ocr_par' dir='ltr' id='par_1_64' title="bbox 2197 2480 3771 2555">
     <span class='ocr_line' id='line_1_64' title="bbox 2197 2480 3771 2555; baseline -0.003 -17"><span class='ocrx_word' id='word_1_485' title='bbox 2197 2483 2441 2555; x_wconf 78' lang='grc' dir='ltr'>ὑπερϐὰς</span> <span class='ocrx_word' id='word_1_486' title='bbox 2467 2482 2658 2537; x_wconf 78' lang='grc' dir='ltr'>ἑαυτὸν</span> <span class='ocrx_word' id='word_1_487' title='bbox 2680 2481 2919 2551; x_wconf 78' lang='grc' dir='ltr'><strong>ἐξομοιοῖ</strong></span> <span class='ocrx_word' id='word_1_488' title='bbox 2955 2482 3098 2551; x_wconf 86' lang='grc' dir='ltr'><strong>μόνῳ</strong></span> <span class='ocrx_word' id='word_1_489' title='bbox 3131 2481 3289 2552; x_wconf 87' lang='grc' dir='ltr'><strong>μόνος</strong></span> <span class='ocrx_word' id='word_1_490' title='bbox 3326 2480 3405 2552; x_wconf 79' lang='grc' dir='ltr'>τῷ</span> <span class='ocrx_word' id='word_1_491' title='bbox 3442 2482 3646 2554; x_wconf 76' lang='grc' dir='ltr'>Πατρὶ,</span> <span class='ocrx_word' id='word_1_492' title='bbox 3678 2483 3771 2534; x_wconf 82' lang='grc' dir='ltr'><strong>ού-</strong></span> 
     </span>
    </p>
   </div>
   <div class='ocr_carea' id='block_1_65' title="bbox 2195 2572 3772 2645">
    <p class='ocr_par' dir='ltr' id='par_1_65' title="bbox 2195 2572 3772 2645">
     <span class='ocr_line' id='line_1_65' title="bbox 2195 2572 3772 2645; baseline -0.001 -17"><span class='ocrx_word' id='word_1_493' title='bbox 2195 2576 2342 2638; x_wconf 81' lang='grc' dir='ltr'>δενὺς</span> <span class='ocrx_word' id='word_1_494' title='bbox 2373 2576 2481 2644; x_wconf 78' lang='grc' dir='ltr'>ἄρα</span> <span class='ocrx_word' id='word_1_495' title='bbox 2520 2573 2686 2644; x_wconf 82' lang='grc' dir='ltr'>μέσου</span> <span class='ocrx_word' id='word_1_496' title='bbox 2719 2573 3021 2643; x_wconf 86' lang='grc' dir='ltr'>χωροῦντος</span> <span class='ocrx_word' id='word_1_497' title='bbox 3054 2572 3152 2644; x_wconf 78' lang='grc' dir='ltr'>τὴν</span> <span class='ocrx_word' id='word_1_498' title='bbox 3185 2572 3443 2642; x_wconf 60' lang='grc' dir='ltr'>ὁμοίωσιν</span> <span class='ocrx_word' id='word_1_499' title='bbox 3465 2613 3480 2640; x_wconf 90' lang='grc'><strong>,</strong></span> <span class='ocrx_word' id='word_1_500' title='bbox 3517 2573 3663 2644; x_wconf 83' lang='grc' dir='ltr'>αὐτῷ</span> <span class='ocrx_word' id='word_1_501' title='bbox 3689 2573 3772 2645; x_wconf 82' lang='grc' dir='ltr'>τῷ</span> 
     </span>
    </p>
   </div>
   <div class='ocr_carea' id='block_1_66' title="bbox 2195 2662 3772 2735">
    <p class='ocr_par' dir='ltr' id='par_1_66' title="bbox 2195 2662 3772 2735">
     <span class='ocr_line' id='line_1_66' title="bbox 2195 2662 3772 2735; baseline -0.001 -17"><span class='ocrx_word' id='word_1_502' title='bbox 2195 2666 2502 2735; x_wconf 85' lang='grc' dir='ltr'>γεννήτορι,</span> <span class='ocrx_word' id='word_1_503' title='bbox 2529 2663 2625 2717; x_wconf 78' lang='grc' dir='ltr'>καὶ</span> <span class='ocrx_word' id='word_1_504' title='bbox 2653 2663 2750 2732; x_wconf 78' lang='grc' dir='ltr'>οὐχ</span> <span class='ocrx_word' id='word_1_505' title='bbox 2772 2663 2943 2734; x_wconf 76' lang='grc' dir='ltr'>ἑτέρῳ</span> <span class='ocrx_word' id='word_1_506' title='bbox 2969 2662 3074 2716; x_wconf 80' lang='grc' dir='ltr'>τινὶ</span> <span class='ocrx_word' id='word_1_507' title='bbox 3101 2663 3228 2733; x_wconf 83' lang='grc' dir='ltr'>παρ’</span> <span class='ocrx_word' id='word_1_508' title='bbox 3254 2662 3417 2716; x_wconf 77' lang='grc' dir='ltr'>αὑτὸν</span> <span class='ocrx_word' id='word_1_509' title='bbox 3439 2662 3772 2734; x_wconf 84' lang='grc' dir='ltr'>προσεοικὼς</span> 
     </span>
    </p>
   </div>
   <div class='ocr_carea' id='block_1_67' title="bbox 2196 2756 2756 2828">
    <p class='ocr_par' dir='ltr' id='par_1_67' title="bbox 2196 2756 2756 2828">
     <span class='ocr_line' id='line_1_67' title="bbox 2196 2756 2756 2828; baseline -0.005 -17"><span class='ocrx_word' id='word_1_510' title='bbox 2196 2759 2226 2811; x_wconf 97' lang='lat'><strong>6</strong></span> <span class='ocrx_word' id='word_1_511' title='bbox 2261 2757 2388 2821; x_wconf 70' lang='grc' dir='ltr'>Υἱὸς</span> <span class='ocrx_word' id='word_1_512' title='bbox 2411 2756 2756 2828; x_wconf 85' lang='grc' dir='ltr'>νοηθήσεται.</span> 
     </span>
    </p>
   </div>
   <div class='ocr_carea' id='block_1_68' title="bbox 2423 2846 3558 2916">
    <p class='ocr_par' dir='ltr' id='par_1_68' title="bbox 2423 2846 3558 2916">
     <span class='ocr_line' id='line_1_68' title="bbox 2423 2846 3558 2916; baseline 0.002 -14"><span class='ocrx_word' id='word_1_513' title='bbox 2423 2848 2774 2912; x_wconf 83' lang='grc' dir='ltr'>Ἆντίθεσις,</span> <span class='ocrx_word' id='word_1_514' title='bbox 2813 2846 2895 2911; x_wconf 85' lang='grc' dir='ltr'><strong>ὡς</strong></span> <span class='ocrx_word' id='word_1_515' title='bbox 2919 2847 2987 2900; x_wconf 81' lang='grc' dir='ltr'>ἐκ</span> <span class='ocrx_word' id='word_1_516' title='bbox 3016 2846 3135 2902; x_wconf 81' lang='grc' dir='ltr'><strong>τῶν</strong></span> <span class='ocrx_word' id='word_1_517' title='bbox 3150 2847 3226 2902; x_wconf 84' lang='grc' dir='ltr'><strong>δι’</strong></span> <span class='ocrx_word' id='word_1_518' title='bbox 3257 2848 3558 2916; x_wconf 75' lang='grc' dir='ltr'><strong>ἐναντίας.</strong></span> 
     </span>
    </p>
   </div>
   <div class='ocr_carea' id='block_1_69' title="bbox 2273 2938 3770 3012">
    <p class='ocr_par' dir='ltr' id='par_1_69' title="bbox 2273 2938 3770 3012">
     <span class='ocr_line' id='line_1_69' title="bbox 2273 2938 3770 3012; baseline 0 -17"><span class='ocrx_word' id='word_1_519' title='bbox 2273 2943 2498 3012; x_wconf 82' lang='grc' dir='ltr'>Ἕτερον</span> <span class='ocrx_word' id='word_1_520' title='bbox 2531 2940 2679 3003; x_wconf 71' lang='grc' dir='ltr'>ὂντα,</span> <span class='ocrx_word' id='word_1_521' title='bbox 2708 2938 2866 3010; x_wconf 78' lang='grc' dir='ltr'>φησὶ,</span> <span class='ocrx_word' id='word_1_522' title='bbox 2901 2939 2992 2992; x_wconf 88' lang='grc' dir='ltr'><strong>τὸν</strong></span> <span class='ocrx_word' id='word_1_523' title='bbox 3027 2939 3154 2994; x_wconf 78' lang='grc' dir='ltr'>Υίὸν</span> <span class='ocrx_word' id='word_1_524' title='bbox 3179 2940 3329 3012; x_wconf 74' lang='grc' dir='ltr'>παρὰ</span> <span class='ocrx_word' id='word_1_525' title='bbox 3353 2941 3444 2995; x_wconf 78' lang='grc' dir='ltr'>τὸν</span> <span class='ocrx_word' id='word_1_526' title='bbox 3467 2940 3770 2996; x_wconf 68' lang='grc' dir='ltr'>ἐνδιάθετον</span> 
     </span>
    </p>
   </div>
   <div class='ocr_carea' id='block_1_70' title="bbox 2197 3032 3770 3104">
    <p class='ocr_par' dir='ltr' id='par_1_70' title="bbox 2197 3032 3770 3104">
     <span class='ocr_line' id='line_1_70' title="bbox 2197 3032 3770 3104; baseline -0.001 -16"><span class='ocrx_word' id='word_1_527' title='bbox 2197 3033 2291 3088; x_wconf 87' lang='grc' dir='ltr'><strong>τοῦ</strong></span> <span class='ocrx_word' id='word_1_528' title='bbox 2321 3033 2458 3087; x_wconf 85' lang='grc' dir='ltr'>Θεοῦ</span> <span class='ocrx_word' id='word_1_529' title='bbox 2485 3033 2654 3102; x_wconf 84' lang='grc' dir='ltr'><strong>Λόγον</strong></span> <span class='ocrx_word' id='word_1_530' title='bbox 2677 3032 3025 3104; x_wconf 78' lang='grc' dir='ltr'>εὑρίσκομεν,</span> <span class='ocrx_word' id='word_1_531' title='bbox 3058 3033 3118 3086; x_wconf 83' lang='grc' dir='ltr'>οὐ</span> <span class='ocrx_word' id='word_1_532' title='bbox 3148 3036 3270 3097; x_wconf 85' lang='grc' dir='ltr'>ταῖς</span> <span class='ocrx_word' id='word_1_533' title='bbox 3299 3033 3504 3087; x_wconf 79' lang='grc' dir='ltr'><strong>ἑαυτῶν</strong></span> <span class='ocrx_word' id='word_1_534' title='bbox 3543 3032 3770 3096; x_wconf 75' lang='grc' dir='ltr'><strong>ἐννοίαις</strong></span> 
     </span>
    </p>
   </div>
   <div class='ocr_carea' id='block_1_71' title="bbox 2198 3122 3771 3194">
    <p class='ocr_par' dir='ltr' id='par_1_71' title="bbox 2198 3122 3771 3194">
     <span class='ocr_line' id='line_1_71' title="bbox 2198 3122 3771 3194; baseline -0.003 -14"><span class='ocrx_word' id='word_1_535' title='bbox 2198 3128 2276 3190; x_wconf 78' lang='grc' dir='ltr'><strong>είς</strong></span> <span class='ocrx_word' id='word_1_536' title='bbox 2303 3124 2461 3179; x_wconf 89' lang='grc' dir='ltr'>τοῦτο</span> <span class='ocrx_word' id='word_1_537' title='bbox 2486 3123 2870 3194; x_wconf 81' lang='grc' dir='ltr'>προσέχοντες,</span> <span class='ocrx_word' id='word_1_538' title='bbox 2899 3122 3036 3178; x_wconf 78' lang='grc' dir='ltr'>ἀλλὰ</span> <span class='ocrx_word' id='word_1_539' title='bbox 3063 3126 3184 3187; x_wconf 86' lang='grc' dir='ltr'>τοῖς</span> <span class='ocrx_word' id='word_1_540' title='bbox 3200 3124 3307 3178; x_wconf 79' lang='grc' dir='ltr'>ἀπὸ</span> <span class='ocrx_word' id='word_1_541' title='bbox 3329 3123 3429 3194; x_wconf 81' lang='grc' dir='ltr'>τῆς</span> <span class='ocrx_word' id='word_1_542' title='bbox 3457 3123 3604 3187; x_wconf 84' lang='grc' dir='ltr'>θείας</span> <span class='ocrx_word' id='word_1_543' title='bbox 3626 3124 3771 3192; x_wconf 85' lang='grc' dir='ltr'>Γρα-</span> 
     </span>
    </p>
   </div>
   <div class='ocr_carea' id='block_1_72' title="bbox 2200 3213 3772 3288">
    <p class='ocr_par' dir='ltr' id='par_1_72' title="bbox 2200 3213 3772 3288">
     <span class='ocr_line' id='line_1_72' title="bbox 2200 3213 3772 3288; baseline -0.001 -17"><span class='ocrx_word' id='word_1_544' title='bbox 2200 3218 2309 3288; x_wconf 82' lang='grc' dir='ltr'><strong>φῆς</strong></span> <span class='ocrx_word' id='word_1_545' title='bbox 2340 3217 2699 3286; x_wconf 77' lang='grc' dir='ltr'>θεωρήμασιο</span> <span class='ocrx_word' id='word_1_546' title='bbox 2752 3213 2804 3266; x_wconf 83' lang='grc' dir='ltr'><strong>τί</strong></span> <span class='ocrx_word' id='word_1_547' title='bbox 2853 3214 2962 3284; x_wconf 82' lang='grc' dir='ltr'>γὰρ</span> <span class='ocrx_word' id='word_1_548' title='bbox 3011 3213 3244 3286; x_wconf 79' lang='grc' dir='ltr'>ἐροῦμεν</span> <span class='ocrx_word' id='word_1_549' title='bbox 3287 3215 3418 3269; x_wconf 84' lang='grc' dir='ltr'>ὅταν</span> <span class='ocrx_word' id='word_1_550' title='bbox 3448 3213 3772 3284; x_wconf 80' lang='grc' dir='ltr'>ἀκούσωμεν</span> 
     </span>
    </p>
   </div>
   <div class='ocr_carea' id='block_1_73' title="bbox 2198 3305 3772 3376">
    <p class='ocr_par' dir='ltr' id='par_1_73' title="bbox 2198 3305 3772 3376">
     <span class='ocr_line' id='line_1_73' title="bbox 2198 3305 3772 3376; baseline -0.003 -14"><span class='ocrx_word' id='word_1_551' title='bbox 2198 3309 2447 3376; x_wconf 86' lang='grc' dir='ltr'>λέγοντος</span> <span class='ocrx_word' id='word_1_552' title='bbox 2475 3308 2568 3362; x_wconf 87' lang='grc' dir='ltr'><strong>τοῦ</strong></span> <span class='ocrx_word' id='word_1_553' title='bbox 2608 3308 2738 3362; x_wconf 80' lang='grc' dir='ltr'>Υἱοῦ</span> <span class='ocrx_word' id='word_1_554' title='bbox 2781 3306 2917 3375; x_wconf 74' lang='grc' dir='ltr'>πρὸς</span> <span class='ocrx_word' id='word_1_555' title='bbox 2944 3305 3033 3360; x_wconf 81' lang='grc' dir='ltr'>τὸν</span> <span class='ocrx_word' id='word_1_556' title='bbox 3059 3306 3296 3376; x_wconf 76' lang='grc' dir='ltr'>Πατέραο</span> <span class='ocrx_word' id='word_1_557' title='bbox 3358 3323 3379 3358; x_wconf 72' lang='grc' dir='ltr'>ι</span> <span class='ocrx_word' id='word_1_558' title='bbox 3412 3305 3644 3372; x_wconf 78' lang='grc' dir='ltr'>Δόξασόν</span> <span class='ocrx_word' id='word_1_559' title='bbox 3676 3320 3772 3357; x_wconf 86' lang='grc' dir='ltr'><strong>σου</strong></span> 
     </span>
    </p>
   </div>
   <div class='ocr_carea' id='block_1_74' title="bbox 2198 3391 3768 3468">
    <p class='ocr_par' dir='ltr' id='par_1_74' title="bbox 2198 3391 3768 3468">
     <span class='ocr_line' id='line_1_74' title="bbox 2198 3391 3768 3468; baseline -0.003 -17"><span class='ocrx_word' id='word_1_560' title='bbox 2198 3398 2290 3451; x_wconf 81' lang='grc' dir='ltr'><strong>τὸν</strong></span> <span class='ocrx_word' id='word_1_561' title='bbox 2319 3398 2447 3453; x_wconf 89' lang='grc' dir='ltr'><strong>Υἱόν</strong></span> <span class='ocrx_word' id='word_1_562' title='bbox 2473 3417 2486 3430; x_wconf 88' lang='grc'><strong>·</strong></span> <span class='ocrx_word' id='word_1_563' title='bbox 2518 3416 2538 3450; x_wconf 75' lang='grc' dir='ltr'>ι</span> <span class='ocrx_word' id='word_1_564' title='bbox 2570 3397 2665 3452; x_wconf 91' lang='grc' dir='ltr'><strong>τοῦ</strong></span> <span class='ocrx_word' id='word_1_565' title='bbox 2687 3399 2746 3452; x_wconf 80' lang='grc' dir='ltr'>δὲ</span> <span class='ocrx_word' id='word_1_566' title='bbox 2771 3397 2982 3468; x_wconf 84' lang='grc' dir='ltr'>Πατρδς</span> <span class='ocrx_word' id='word_1_567' title='bbox 3010 3391 3078 3450; x_wconf 81' lang='grc' dir='ltr'><strong>αὖ</strong></span> <span class='ocrx_word' id='word_1_568' title='bbox 3119 3395 3281 3451; x_wconf 86' lang='grc' dir='ltr'>πάλιν</span> <span class='ocrx_word' id='word_1_569' title='bbox 3313 3393 3768 3465; x_wconf 82' lang='grc' dir='ltr'>ἀποκρινομένου,</span> 
     </span>
    </p>
   </div>
   <div class='ocr_carea' id='block_1_75' title="bbox 2199 3483 3765 3558">
    <p class='ocr_par' dir='ltr' id='par_1_75' title="bbox 2199 3483 3765 3558">
     <span class='ocr_line' id='line_1_75' title="bbox 2199 3483 3765 3558; baseline -0.004 -16"><span class='ocrx_word' id='word_1_570' title='bbox 2199 3489 2296 3542; x_wconf 76' lang='grc' dir='ltr'>καὶ</span> <span class='ocrx_word' id='word_1_571' title='bbox 2343 3489 2593 3558; x_wconf 73' lang='grc' dir='ltr'>λέγοντος</span> <span class='ocrx_word' id='word_1_572' title='bbox 2615 3504 2632 3522; x_wconf 75' lang='grc' dir='ltr'><strong>ο</strong></span> <span class='ocrx_word' id='word_1_573' title='bbox 2677 3490 2818 3544; x_wconf 73' lang='grc' dir='ltr'>«Καὶ</span> <span class='ocrx_word' id='word_1_574' title='bbox 2849 3489 3077 3553; x_wconf 75' lang='grc' dir='ltr'>ἐδόξασα</span> <span class='ocrx_word' id='word_1_575' title='bbox 3099 3525 3114 3551; x_wconf 88' lang='grc'><strong>,</strong></span> <span class='ocrx_word' id='word_1_576' title='bbox 3149 3486 3245 3542; x_wconf 71' lang='grc' dir='ltr'><strong>καὶ</strong></span> <span class='ocrx_word' id='word_1_577' title='bbox 3276 3484 3438 3540; x_wconf 87' lang='grc' dir='ltr'>πάλιν</span> <span class='ocrx_word' id='word_1_578' title='bbox 3464 3483 3670 3548; x_wconf 78' lang='grc' dir='ltr'>δοξάσω</span> <span class='ocrx_word' id='word_1_579' title='bbox 3695 3501 3712 3550; x_wconf 87' lang='lat'><strong>;</strong></span> <span class='ocrx_word' id='word_1_580' title='bbox 3745 3502 3765 3535; x_wconf 74' lang='grc' dir='ltr'>ι</span> 
     </span>
    </p>
   </div>
   <div class='ocr_carea' id='block_1_76' title="bbox 2199 3574 3776 3654">
    <p class='ocr_par' dir='ltr' id='par_1_76' title="bbox 2199 3574 3776 3654">
     <span class='ocr_line' id='line_1_76' title="bbox 2199 3574 3776 3654; baseline -0.006 -17"><span class='ocrx_word' id='word_1_581' title='bbox 2199 3577 2344 3654; x_wconf 70' lang='grc' dir='ltr'>’Λρα</span> <span class='ocrx_word' id='word_1_582' title='bbox 2377 3583 2499 3652; x_wconf 77' lang='grc' dir='ltr'>οὐχὶ</span> <span class='ocrx_word' id='word_1_583' title='bbox 2549 3582 2767 3646; x_wconf 83' lang='grc' dir='ltr'>πάντως</span> <span class='ocrx_word' id='word_1_584' title='bbox 2811 3582 2868 3636; x_wconf 83' lang='grc' dir='ltr'><strong>ὲν</strong></span> <span class='ocrx_word' id='word_1_585' title='bbox 2895 3579 3054 3651; x_wconf 85' lang='grc' dir='ltr'><strong>Λόγῳ</strong></span> <span class='ocrx_word' id='word_1_586' title='bbox 3097 3578 3341 3649; x_wconf 82' lang='grc' dir='ltr'>δώσομεν</span> <span class='ocrx_word' id='word_1_587' title='bbox 3389 3574 3776 3645; x_wconf 77' lang='grc' dir='ltr'>ἀπολογεῖσθαι</span> 
     </span>
    </p>
   </div>
   <div class='ocr_carea' id='block_1_77' title="bbox 2200 3668 3774 3749">
    <p class='ocr_par' dir='ltr' id='par_1_77' title="bbox 2200 3668 3774 3749">
     <span class='ocr_line' id='line_1_77' title="bbox 2200 3668 3774 3749; baseline -0.004 -19"><span class='ocrx_word' id='word_1_588' title='bbox 2200 3677 2278 3746; x_wconf 83' lang='grc' dir='ltr'>τῷ</span> <span class='ocrx_word' id='word_1_589' title='bbox 2307 3677 2420 3747; x_wconf 84' lang='grc' dir='ltr'>Υἱῴ</span> <span class='ocrx_word' id='word_1_590' title='bbox 2456 3675 2546 3731; x_wconf 87' lang='grc' dir='ltr'><strong>τὸν</strong></span> <span class='ocrx_word' id='word_1_591' title='bbox 2573 3676 2831 3749; x_wconf 85' lang='grc' dir='ltr'>Πατέρα;</span> <span class='ocrx_word' id='word_1_592' title='bbox 2875 3672 3001 3740; x_wconf 72' lang='grc' dir='ltr'><strong>Πῶς</strong></span> <span class='ocrx_word' id='word_1_593' title='bbox 3026 3668 3118 3728; x_wconf 74' lang='grc' dir='ltr'><strong>οὖν</strong></span> <span class='ocrx_word' id='word_1_594' title='bbox 3147 3671 3244 3743; x_wconf 74' lang='grc' dir='ltr'>οὐχ</span> <span class='ocrx_word' id='word_1_595' title='bbox 3287 3671 3474 3743; x_wconf 70' lang='grc' dir='ltr'>ἕτερος</span> <span class='ocrx_word' id='word_1_596' title='bbox 3499 3669 3650 3742; x_wconf 82' lang='grc' dir='ltr'>παρὰ</span> <span class='ocrx_word' id='word_1_597' title='bbox 3678 3669 3774 3724; x_wconf 79' lang='grc' dir='ltr'>τὸν</span> 
     </span>
    </p>
   </div>
   <div class='ocr_carea' id='block_1_78' title="bbox 2205 3762 3721 3840">
    <p class='ocr_par' dir='ltr' id='par_1_78' title="bbox 2205 3762 3721 3840">
     <span class='ocr_line' id='line_1_78' title="bbox 2205 3762 3721 3840; baseline -0.005 -18"><span class='ocrx_word' id='word_1_598' title='bbox 2205 3769 2333 3822; x_wconf 86' lang='grc' dir='ltr'>Υἱὸν</span> <span class='ocrx_word' id='word_1_599' title='bbox 2367 3770 2395 3822; x_wconf 89' lang='grc' dir='ltr'><strong>ὀ</strong></span> <span class='ocrx_word' id='word_1_600' title='bbox 2424 3769 2490 3822; x_wconf 87' lang='grc' dir='ltr'><strong>δι’</strong></span> <span class='ocrx_word' id='word_1_601' title='bbox 2520 3762 2581 3821; x_wconf 81' lang='grc' dir='ltr'><strong>οῦ</strong></span> <span class='ocrx_word' id='word_1_602' title='bbox 2611 3769 2748 3840; x_wconf 78' lang='grc' dir='ltr'>πρὸς</span> <span class='ocrx_word' id='word_1_603' title='bbox 2775 3767 2938 3820; x_wconf 80' lang='grc' dir='ltr'>αὐτὸν</span> <span class='ocrx_word' id='word_1_604' title='bbox 2973 3767 3002 3820; x_wconf 83' lang='lat'><strong>6</strong></span> <span class='ocrx_word' id='word_1_605' title='bbox 3036 3765 3224 3834; x_wconf 76' lang='grc' dir='ltr'>Πατὴρ</span> <span class='ocrx_word' id='word_1_606' title='bbox 3258 3762 3675 3833; x_wconf 77' lang='grc' dir='ltr'>ἀντιφθέγγεται</span> <span class='ocrx_word' id='word_1_607' title='bbox 3705 3779 3721 3825; x_wconf 87' lang='lat'><strong>;</strong></span> 
     </span>
    </p>
   </div>
   <div class='ocr_carea' id='block_1_79' title="bbox 2399 3853 3560 3930">
    <p class='ocr_par' dir='ltr' id='par_1_79' title="bbox 2399 3853 3560 3930">
     <span class='ocr_line' id='line_1_79' title="bbox 2399 3853 3560 3930; baseline -0.007 -15"><span class='ocrx_word' id='word_1_608' title='bbox 2399 3861 2556 3930; x_wconf 85' lang='grc' dir='ltr'>Πρὸς</span> <span class='ocrx_word' id='word_1_609' title='bbox 2579 3859 2756 3915; x_wconf 81' lang='grc' dir='ltr'>τοῦτο</span> <span class='ocrx_word' id='word_1_610' title='bbox 2783 3859 2992 3924; x_wconf 77' lang='grc' dir='ltr'>λύσεις</span> <span class='ocrx_word' id='word_1_611' title='bbox 3021 3853 3244 3926; x_wconf 73' lang='grc' dir='ltr'>ἐφεξῆς</span> <span class='ocrx_word' id='word_1_612' title='bbox 3270 3854 3560 3924; x_wconf 68' lang='grc' dir='ltr'>διάφοροι.</span> 
     </span>
    </p>
   </div>
   <div class='ocr_carea' id='block_1_80' title="bbox 2283 3945 3774 4024">
    <p class='ocr_par' dir='ltr' id='par_1_80' title="bbox 2283 3945 3774 4024">
     <span class='ocr_line' id='line_1_80' title="bbox 2283 3945 3774 4024; baseline -0.006 -18"><span class='ocrx_word' id='word_1_613' title='bbox 2283 3952 2718 4024; x_wconf 79' lang='grc' dir='ltr'>’Δποθαυμάζειν</span> <span class='ocrx_word' id='word_1_614' title='bbox 2751 3952 2899 4018; x_wconf 77' lang='grc' dir='ltr'>ἄξιον</span> <span class='ocrx_word' id='word_1_615' title='bbox 2921 3990 2937 4016; x_wconf 91' lang='grc'><strong>,</strong></span> <span class='ocrx_word' id='word_1_616' title='bbox 2986 3948 3184 4020; x_wconf 82' lang='grc' dir='ltr'>μᾶλλον</span> <span class='ocrx_word' id='word_1_617' title='bbox 3211 3947 3268 4000; x_wconf 83' lang='grc' dir='ltr'>δὲ</span> <span class='ocrx_word' id='word_1_618' title='bbox 3312 3947 3414 4018; x_wconf 79' lang='grc' dir='ltr'><strong>ἥδη</strong></span> <span class='ocrx_word' id='word_1_619' title='bbox 3460 3947 3554 3999; x_wconf 84' lang='grc' dir='ltr'>καὶ</span> <span class='ocrx_word' id='word_1_620' title='bbox 3580 3945 3774 4014; x_wconf 79' lang='grc' dir='ltr'>ὀλοφύ-</span> 
     </span>
    </p>
   </div>
   <div class='ocr_carea' id='block_1_81' title="bbox 2157 4035 3773 4117">
    <p class='ocr_par' dir='ltr' id='par_1_81' title="bbox 2157 4035 3773 4117">
     <span class='ocr_line' id='line_1_81' title="bbox 2157 4035 3773 4117; baseline -0.006 -20"><span class='ocrx_word' id='word_1_621' title='bbox 2157 4090 2164 4097; x_wconf 86' lang='grc'>.</span> <span class='ocrx_word' id='word_1_622' title='bbox 2206 4043 2396 4117; x_wconf 87' lang='grc' dir='ltr'>ρεσθαι</span> <span class='ocrx_word' id='word_1_623' title='bbox 2426 4043 2560 4109; x_wconf 77' lang='grc' dir='ltr'>τοὺς</span> <span class='ocrx_word' id='word_1_624' title='bbox 2589 4042 2840 4106; x_wconf 84' lang='grc' dir='ltr'>ἀνοσίους</span> <span class='ocrx_word' id='word_1_625' title='bbox 2877 4040 3188 4113; x_wconf 76' lang='grc' dir='ltr'>αἱρετικοὺς</span> <span class='ocrx_word' id='word_1_626' title='bbox 3211 4079 3226 4105; x_wconf 90' lang='grc'><strong>,</strong></span> <span class='ocrx_word' id='word_1_627' title='bbox 3270 4039 3365 4092; x_wconf 83' lang='grc' dir='ltr'>καὶ</span> <span class='ocrx_word' id='word_1_628' title='bbox 3393 4039 3457 4106; x_wconf 77' lang='grc' dir='ltr'>δὴ</span> <span class='ocrx_word' id='word_1_629' title='bbox 3507 4037 3520 4108; x_wconf 84' lang='grc' dir='ltr'><strong>Ι</strong></span> <span class='ocrx_word' id='word_1_630' title='bbox 3547 4036 3619 4090; x_wconf 84' lang='lat' dir='ltr'><strong>al.</strong></span> <span class='ocrx_word' id='word_1_631' title='bbox 3650 4035 3773 4108; x_wconf 84' lang='grc' dir='ltr'>δεῖ]</span> 
     </span>
    </p>
   </div>
   <div class='ocr_carea' id='block_1_82' title="bbox 2202 4125 3779 4205">
    <p class='ocr_par' dir='ltr' id='par_1_82' title="bbox 2202 4125 3779 4205">
     <span class='ocr_line' id='line_1_82' title="bbox 2202 4125 3779 4205; baseline -0.008 -14"><span class='ocrx_word' id='word_1_632' title='bbox 2202 4139 2423 4191; x_wconf 82' lang='grc' dir='ltr'>κάκεῖνο</span> <span class='ocrx_word' id='word_1_633' title='bbox 2451 4136 2631 4205; x_wconf 82' lang='grc' dir='ltr'>λέγειν</span> <span class='ocrx_word' id='word_1_634' title='bbox 2671 4133 2758 4187; x_wconf 79' lang='grc' dir='ltr'><strong>ἐπ’</strong></span> <span class='ocrx_word' id='word_1_635' title='bbox 2798 4133 2979 4197; x_wconf 78' lang='grc' dir='ltr'>αὐτοῖς</span> <span class='ocrx_word' id='word_1_636' title='bbox 3023 4132 3084 4186; x_wconf 80' lang='grc' dir='ltr'>τὸ</span> <span class='ocrx_word' id='word_1_637' title='bbox 3121 4133 3178 4184; x_wconf 81' lang='grc' dir='ltr'><strong>ὲν</strong></span> <span class='ocrx_word' id='word_1_638' title='bbox 3215 4129 3464 4201; x_wconf 75' lang='grc' dir='ltr'>προφήτῃ</span> <span class='ocrx_word' id='word_1_639' title='bbox 3505 4125 3779 4198; x_wconf 85' lang='grc' dir='ltr'>λαλούμε-</span> 
     </span>
    </p>
   </div>
   <div class='ocr_carea' id='block_1_83' title="bbox 2202 4217 3772 4297">
    <p class='ocr_par' dir='ltr' id='par_1_83' title="bbox 2202 4217 3772 4297">
     <span class='ocr_line' id='line_1_83' title="bbox 2202 4217 3772 4297; baseline -0.008 -15"><span class='ocrx_word' id='word_1_640' title='bbox 2202 4245 2293 4282; x_wconf 89' lang='grc' dir='ltr'><strong>νον</strong></span> <span class='ocrx_word' id='word_1_641' title='bbox 2315 4244 2328 4259; x_wconf 88' lang='grc'><strong>·</strong></span> <span class='ocrx_word' id='word_1_642' title='bbox 2384 4246 2403 4279; x_wconf 74' lang='grc' dir='ltr'>ι</span> <span class='ocrx_word' id='word_1_643' title='bbox 2427 4227 2520 4297; x_wconf 84' lang='grc' dir='ltr'><strong>Μὴ</strong></span> <span class='ocrx_word' id='word_1_644' title='bbox 2567 4225 2782 4279; x_wconf 83' lang='grc' dir='ltr'>κλαίετε</span> <span class='ocrx_word' id='word_1_645' title='bbox 2835 4223 2927 4277; x_wconf 79' lang='grc' dir='ltr'>τὸν</span> <span class='ocrx_word' id='word_1_646' title='bbox 2974 4221 3273 4293; x_wconf 82' lang='grc' dir='ltr'>τεθνηκότα</span> <span class='ocrx_word' id='word_1_647' title='bbox 3296 4262 3312 4287; x_wconf 86' lang='grc'><strong>,</strong></span> <span class='ocrx_word' id='word_1_648' title='bbox 3353 4219 3488 4291; x_wconf 81' lang='grc' dir='ltr'>μηδὲ</span> <span class='ocrx_word' id='word_1_649' title='bbox 3527 4217 3772 4290; x_wconf 83' lang='grc' dir='ltr'>θρηνεῖτε</span> 
     </span>
    </p>
   </div>
   <div class='ocr_carea' id='block_1_84' title="bbox 2202 4308 3775 4384">
    <p class='ocr_par' dir='ltr' id='par_1_84' title="bbox 2202 4308 3775 4384">
     <span class='ocr_line' id='line_1_84' title="bbox 2202 4308 3775 4384; baseline -0.008 -11"><span class='ocrx_word' id='word_1_650' title='bbox 2202 4319 2384 4374; x_wconf 77' lang='grc' dir='ltr'>αὐτόν.</span> <span class='ocrx_word' id='word_1_651' title='bbox 2427 4335 2447 4370; x_wconf 71' lang='grc' dir='ltr'><strong><em>ι</em></strong></span> <span class='ocrx_word' id='word_1_652' title='bbox 2511 4315 2798 4370; x_wconf 83' lang='grc' dir='ltr'>Κλαύσατε</span> <span class='ocrx_word' id='word_1_653' title='bbox 2845 4311 3109 4384; x_wconf 76' lang='grc' dir='ltr'>κλαυθμῷ</span> <span class='ocrx_word' id='word_1_654' title='bbox 3144 4310 3237 4365; x_wconf 75' lang='grc' dir='ltr'>τὸν</span> <span class='ocrx_word' id='word_1_655' title='bbox 3275 4310 3344 4365; x_wconf 82' lang='grc' dir='ltr'>τὰ</span> <span class='ocrx_word' id='word_1_656' title='bbox 3385 4308 3606 4363; x_wconf 88' lang='grc' dir='ltr'>τοιαῦτα</span> <span class='ocrx_word' id='word_1_657' title='bbox 3647 4310 3775 4377; x_wconf 69' lang='grc' dir='ltr'>περὶ</span> 
     </span>
    </p>
   </div>
   <div class='ocr_carea' id='block_1_85' title="bbox 527 4401 2095 4516">
    <p class='ocr_par' dir='ltr' id='par_1_85' title="bbox 527 4424 2095 4516">
     <span class='ocr_line' id='line_1_85' title="bbox 527 4424 2095 4516; baseline -0.02 -9"><span class='ocrx_word' id='word_1_658' title='bbox 527 4465 652 4506; x_wconf 85' lang='lat' dir='ltr'><strong>esse</strong></span> <span class='ocrx_word' id='word_1_659' title='bbox 711 4444 933 4516; x_wconf 88' lang='lat' dir='ltr'><strong>proprie</strong></span> <span class='ocrx_word' id='word_1_660' title='bbox 985 4447 1041 4496; x_wconf 88' lang='lat' dir='ltr'><strong>et</strong></span> <span class='ocrx_word' id='word_1_661' title='bbox 1098 4451 1228 4494; x_wconf 90' lang='lat' dir='ltr'><strong>vere</strong></span> <span class='ocrx_word' id='word_1_662' title='bbox 1283 4433 1466 4488; x_wconf 86' lang='lat' dir='ltr'><strong>Patris</strong></span> <span class='ocrx_word' id='word_1_663' title='bbox 1517 4443 1708 4484; x_wconf 88' lang='lat' dir='ltr'><strong>vocem</strong></span> <span class='ocrx_word' id='word_1_664' title='bbox 1760 4424 2095 4489; x_wconf 72' lang='lat' dir='ltr'><strong>existiment,</strong></span> 
     </span>
    </p>
   </div>
   <div class='ocr_carea' id='block_1_86' title="bbox 2194 4401 3774 4516">
    <p class='ocr_par' dir='ltr' id='par_1_86' title="bbox 2202 4401 3774 4516">
     <span class='ocr_line' id='line_1_86' title="bbox 2202 4401 3774 4479; baseline -0.007 -14"><span class='ocrx_word' id='word_1_665' title='bbox 2202 4410 2294 4466; x_wconf 89' lang='grc' dir='ltr'><strong>τοῦ</strong></span> <span class='ocrx_word' id='word_1_666' title='bbox 2333 4407 2672 4478; x_wconf 86' lang='grc' dir='ltr'>Μονογενοῦς</span> <span class='ocrx_word' id='word_1_667' title='bbox 2734 4407 3035 4479; x_wconf 79' lang='grc' dir='ltr'>φρονοῦντα</span> <span class='ocrx_word' id='word_1_668' title='bbox 3096 4404 3192 4458; x_wconf 81' lang='grc' dir='ltr'>καὶ</span> <span class='ocrx_word' id='word_1_669' title='bbox 3244 4403 3472 4472; x_wconf 79' lang='grc' dir='ltr'>λέγοντα</span> <span class='ocrx_word' id='word_1_670' title='bbox 3500 4419 3515 4433; x_wconf 76' lang='grc' dir='ltr'>ο</span> <span class='ocrx_word' id='word_1_671' title='bbox 3560 4401 3614 4455; x_wconf 89' lang='grc' dir='ltr'><strong>τί</strong></span> <span class='ocrx_word' id='word_1_672' title='bbox 3667 4401 3774 4470; x_wconf 77' lang='grc' dir='ltr'>γὰρ</span> 
     </span>
     <span class='ocr_line' id='line_1_87' title="bbox 2211 4489 3774 4516; baseline 0 0"><span class='ocrx_word' id='word_1_673' title='bbox 2211 4503 2234 4516; x_wconf 78' lang='grc' dir='ltr'>ιι</span> <span class='ocrx_word' id='word_1_674' title='bbox 2351 4502 2364 4516; x_wconf 76' lang='grc' dir='ltr'>ο</span> <span class='ocrx_word' id='word_1_675' title='bbox 2593 4501 2618 4514; x_wconf 72' lang='grc' dir='ltr'><strong>ι-</strong></span> <span class='ocrx_word' id='word_1_676' title='bbox 2826 4498 2873 4516; x_wconf 47' lang='lat'><strong>0,</strong></span> <span class='ocrx_word' id='word_1_677' title='bbox 2945 4515 2949 4516; x_wconf 64' lang='lat'><strong><em>,</em></strong></span> <span class='ocrx_word' id='word_1_678' title='bbox 2996 4494 3314 4516; x_wconf 65' lang='lat' dir='ltr'><strong>Ln\-_l._----.</strong></span> <span class='ocrx_word' id='word_1_679' title='bbox 3388 4491 3440 4516; x_wconf 67' lang='grc'><em>,1</em></span> <span class='ocrx_word' id='word_1_680' title='bbox 3466 4509 3528 4516; x_wconf 73' lang='grc' dir='ltr'><strong>υ-</strong></span> <span class='ocrx_word' id='word_1_681' title='bbox 3570 4489 3774 4516; x_wconf 50' lang='grc' dir='ltr'><strong>..ηρῂλι</strong></span> 
     </span>
    </p>
   </div>
   <div class='ocr_carea' id='block_1_87' title="bbox 528 4517 2100 4612">
    <p class='ocr_par' dir='ltr' id='par_1_87' title="bbox 528 4517 2100 4612">
     <span class='ocr_line' id='line_1_88' title="bbox 528 4517 2100 4612; baseline -0.016 -18"><span class='ocrx_word' id='word_1_682' title='bbox 528 4555 693 4612; x_wconf 83' lang='lat' dir='ltr'><strong>quam</strong></span> <span class='ocrx_word' id='word_1_683' title='bbox 747 4551 856 4591; x_wconf 89' lang='lat' dir='ltr'><strong>non</strong></span> <span class='ocrx_word' id='word_1_684' title='bbox 917 4532 1094 4589; x_wconf 89' lang='lat' dir='ltr'><strong>solum</strong></span> <span class='ocrx_word' id='word_1_685' title='bbox 1148 4527 1428 4592; x_wconf 86' lang='lat' dir='ltr'><strong>Salvator,</strong></span> <span class='ocrx_word' id='word_1_686' title='bbox 1461 4522 1557 4579; x_wconf 88' lang='lat' dir='ltr'><strong>sed</strong></span> <span class='ocrx_word' id='word_1_687' title='bbox 1601 4530 1656 4577; x_wconf 90' lang='lat' dir='ltr'><strong>et</strong></span> <span class='ocrx_word' id='word_1_688' title='bbox 1702 4519 1822 4590; x_wconf 88' lang='lat' dir='ltr'><strong>ipsa</strong></span> <span class='ocrx_word' id='word_1_689' title='bbox 1860 4517 2100 4572; x_wconf 89' lang='lat' dir='ltr'><strong>circum-</strong></span> 
     </span>
    </p>
   </div>
   <div class='ocr_carea' id='block_1_88' title="bbox 529 4608 2100 4688">
    <p class='ocr_par' dir='ltr' id='par_1_88' title="bbox 529 4608 2100 4688">
     <span class='ocr_line' id='line_1_89' title="bbox 529 4608 2100 4688; baseline -0.017 -1"><span class='ocrx_word' id='word_1_690' title='bbox 529 4608 789 4688; x_wconf 75' lang='lat' dir='ltr'><strong>stantium</strong></span> <span class='ocrx_word' id='word_1_691' title='bbox 831 4625 1142 4680; x_wconf 82' lang='lat' dir='ltr'><strong>Judaeorum</strong></span> <span class='ocrx_word' id='word_1_692' title='bbox 1167 4615 1488 4679; x_wconf 89' lang='lat' dir='ltr'><strong>multitudo,</strong></span> <span class='ocrx_word' id='word_1_693' title='bbox 1523 4613 1765 4681; x_wconf 84' lang='lat' dir='ltr'><strong>adeoque</strong></span> <span class='ocrx_word' id='word_1_694' title='bbox 1797 4608 2100 4678; x_wconf 86' lang='lat' dir='ltr'><strong>discipulo-</strong></span> 
     </span>
    </p>
   </div>
   <div class='ocr_carea' id='block_1_89' title="bbox 530 4697 2094 4778">
    <p class='ocr_par' dir='ltr' id='par_1_89' title="bbox 530 4697 2094 4778">
     <span class='ocr_line' id='line_1_90' title="bbox 530 4697 2094 4778; baseline -0.018 0"><span class='ocrx_word' id='word_1_695' title='bbox 530 4707 650 4778; x_wconf 83' lang='lat' dir='ltr'><strong>rum</strong></span> <span class='ocrx_word' id='word_1_696' title='bbox 712 4718 918 4772; x_wconf 86' lang='lat' dir='ltr'><strong>chorus</strong></span> <span class='ocrx_word' id='word_1_697' title='bbox 948 4710 1164 4766; x_wconf 78' lang='lat' dir='ltr'><strong>audiit?</strong></span> <span class='ocrx_word' id='word_1_698' title='bbox 1224 4707 1516 4762; x_wconf 68' lang='lat' dir='ltr'><strong>Praastaret</strong></span> <span class='ocrx_word' id='word_1_699' title='bbox 1579 4702 1723 4756; x_wconf 85' lang='lat' dir='ltr'><strong>enim</strong></span> <span class='ocrx_word' id='word_1_700' title='bbox 1771 4714 1867 4754; x_wconf 91' lang='lat' dir='ltr'><strong>eos</strong></span> <span class='ocrx_word' id='word_1_701' title='bbox 1933 4697 2094 4750; x_wconf 90' lang='lat' dir='ltr'><strong>aliter</strong></span> 
     </span>
    </p>
   </div>
   <div class='ocr_carea' id='block_1_90' title="bbox 529 4791 2090 4878">
    <p class='ocr_par' dir='ltr' id='par_1_90' title="bbox 529 4791 2090 4878">
     <span class='ocr_line' id='line_1_91' title="bbox 529 4791 2090 4878; baseline -0.02 -8"><span class='ocrx_word' id='word_1_702' title='bbox 529 4815 597 4870; x_wconf 90' lang='lat' dir='ltr'><strong>de</strong></span> <span class='ocrx_word' id='word_1_703' title='bbox 628 4809 830 4867; x_wconf 88' lang='lat' dir='ltr'><strong>divinis</strong></span> <span class='ocrx_word' id='word_1_704' title='bbox 892 4798 1267 4878; x_wconf 67' lang='lat' dir='ltr'><strong>prmrogativis</strong></span> <span class='ocrx_word' id='word_1_705' title='bbox 1327 4791 1688 4856; x_wconf 87' lang='lat' dir='ltr'><strong>ratiocinari,</strong></span> <span class='ocrx_word' id='word_1_706' title='bbox 1739 4801 1919 4857; x_wconf 90' lang='lat' dir='ltr'><strong>neque</strong></span> <span class='ocrx_word' id='word_1_707' title='bbox 1989 4799 2090 4839; x_wconf 89' lang='lat' dir='ltr'><strong>no-</strong></span> 
     </span>
    </p>
   </div>
   <div class='ocr_carea' id='block_1_91' title="bbox 528 4881 2099 4968">
    <p class='ocr_par' dir='ltr' id='par_1_91' title="bbox 528 4881 2099 4968">
     <span class='ocr_line' id='line_1_92' title="bbox 528 4881 2099 4968; baseline -0.022 -6"><span class='ocrx_word' id='word_1_708' title='bbox 528 4906 661 4963; x_wconf 89' lang='lat' dir='ltr'><strong>stris</strong></span> <span class='ocrx_word' id='word_1_709' title='bbox 692 4917 755 4958; x_wconf 91' lang='lat' dir='ltr'><strong>ea</strong></span> <span class='ocrx_word' id='word_1_710' title='bbox 797 4899 1070 4968; x_wconf 84' lang='lat' dir='ltr'><strong>subjicere</strong></span> <span class='ocrx_word' id='word_1_711' title='bbox 1109 4890 1362 4962; x_wconf 73' lang='lat' dir='ltr'><strong>legibus,</strong></span> <span class='ocrx_word' id='word_1_712' title='bbox 1403 4900 1526 4956; x_wconf 63' lang='lat' dir='ltr'><strong>quae</strong></span> <span class='ocrx_word' id='word_1_713' title='bbox 1584 4894 1749 4950; x_wconf 89' lang='lat' dir='ltr'><strong>supra</strong></span> <span class='ocrx_word' id='word_1_714' title='bbox 1795 4891 1896 4932; x_wconf 93' lang='lat' dir='ltr'><strong>nos</strong></span> <span class='ocrx_word' id='word_1_715' title='bbox 1948 4881 2099 4930; x_wconf 89' lang='lat' dir='ltr'><strong>sunt.</strong></span> 
     </span>
    </p>
   </div>
   <div class='ocr_carea' id='block_1_92' title="bbox 527 4969 2102 5067">
    <p class='ocr_par' dir='ltr' id='par_1_92' title="bbox 527 4969 2102 5067">
     <span class='ocr_line' id='line_1_93' title="bbox 527 4969 2102 5067; baseline -0.021 -15"><span class='ocrx_word' id='word_1_716' title='bbox 527 4994 790 5067; x_wconf 82' lang='lat' dir='ltr'><strong>Corporis</strong></span> <span class='ocrx_word' id='word_1_717' title='bbox 819 4991 958 5047; x_wconf 90' lang='lat' dir='ltr'><strong>enim</strong></span> <span class='ocrx_word' id='word_1_718' title='bbox 992 4987 1238 5042; x_wconf 89' lang='lat' dir='ltr'><strong>auditum</strong></span> <span class='ocrx_word' id='word_1_719' title='bbox 1276 4993 1539 5050; x_wconf 86' lang='lat' dir='ltr'><strong>corporea</strong></span> <span class='ocrx_word' id='word_1_720' title='bbox 1569 4989 1670 5028; x_wconf 84' lang='lat' dir='ltr'><strong>vox</strong></span> <span class='ocrx_word' id='word_1_721' title='bbox 1700 4969 1804 5042; x_wconf 66' lang='grc'><strong>41</strong></span> <span class='ocrx_word' id='word_1_722' title='bbox 1839 4969 2018 5038; x_wconf 89' lang='lat' dir='ltr'><strong>pulsat</strong></span> <span class='ocrx_word' id='word_1_723' title='bbox 2047 4973 2102 5021; x_wconf 91' lang='lat' dir='ltr'><strong>et</strong></span> 
     </span>
    </p>
   </div>
   <div class='ocr_carea' id='block_1_93' title="bbox 530 5059 2101 5145">
    <p class='ocr_par' dir='ltr' id='par_1_93' title="bbox 530 5059 2101 5145">
     <span class='ocr_line' id='line_1_94' title="bbox 530 5059 2101 5145; baseline -0.02 -2"><span class='ocrx_word' id='word_1_724' title='bbox 530 5089 796 5144; x_wconf 86' lang='lat' dir='ltr'><strong>labiorum</strong></span> <span class='ocrx_word' id='word_1_725' title='bbox 869 5097 1039 5139; x_wconf 88' lang='lat' dir='ltr'><strong>sonus</strong></span> <span class='ocrx_word' id='word_1_726' title='bbox 1097 5089 1397 5145; x_wconf 86' lang='lat' dir='ltr'><strong>erumpens</strong></span> <span class='ocrx_word' id='word_1_727' title='bbox 1450 5072 1504 5124; x_wconf 90' lang='lat' dir='ltr'><strong>in</strong></span> <span class='ocrx_word' id='word_1_728' title='bbox 1564 5078 1777 5126; x_wconf 90' lang='lat' dir='ltr'><strong>aerem,</strong></span> <span class='ocrx_word' id='word_1_729' title='bbox 1837 5067 1931 5114; x_wconf 91' lang='lat' dir='ltr'><strong>aut</strong></span> <span class='ocrx_word' id='word_1_730' title='bbox 1994 5059 2101 5113; x_wconf 91' lang='lat' dir='ltr'><strong>alio</strong></span> 
     </span>
    </p>
   </div>
   <div class='ocr_carea' id='block_1_94' title="bbox 529 5158 2099 5254">
    <p class='ocr_par' dir='ltr' id='par_1_94' title="bbox 529 5158 2099 5254">
     <span class='ocr_line' id='line_1_95' title="bbox 529 5158 2099 5254; baseline -0.02 -18"><span class='ocrx_word' id='word_1_731' title='bbox 529 5180 766 5254; x_wconf 83' lang='lat' dir='ltr'><strong>quodam</strong></span> <span class='ocrx_word' id='word_1_732' title='bbox 822 5175 1191 5230; x_wconf 86' lang='lat' dir='ltr'><strong>instrumento</strong></span> <span class='ocrx_word' id='word_1_733' title='bbox 1250 5165 1450 5222; x_wconf 89' lang='lat' dir='ltr'><strong>editus.</strong></span> <span class='ocrx_word' id='word_1_734' title='bbox 1503 5158 1684 5227; x_wconf 77' lang='lat' dir='ltr'><strong>Patris</strong></span> <span class='ocrx_word' id='word_1_735' title='bbox 1765 5161 1948 5207; x_wconf 89' lang='lat' dir='ltr'><strong>autem</strong></span> <span class='ocrx_word' id='word_1_736' title='bbox 2002 5165 2099 5205; x_wconf 90' lang='lat' dir='ltr'><strong>vo-</strong></span> 
     </span>
    </p>
   </div>
   <div class='ocr_carea' id='block_1_95' title="bbox 532 5243 2101 5335">
    <p class='ocr_par' dir='ltr' id='par_1_95' title="bbox 532 5243 2101 5335">
     <span class='ocr_line' id='line_1_96' title="bbox 532 5243 2101 5335; baseline -0.018 -11"><span class='ocrx_word' id='word_1_737' title='bbox 532 5243 794 5324; x_wconf 71' lang='lat' dir='ltr'><strong>luntatem</strong></span> <span class='ocrx_word' id='word_1_738' title='bbox 838 5278 959 5335; x_wconf 76' lang='lat' dir='ltr'><strong>quae</strong></span> <span class='ocrx_word' id='word_1_739' title='bbox 997 5263 1052 5316; x_wconf 90' lang='lat' dir='ltr'><strong>in</strong></span> <span class='ocrx_word' id='word_1_740' title='bbox 1104 5257 1335 5312; x_wconf 90' lang='lat' dir='ltr'><strong>vocibus</strong></span> <span class='ocrx_word' id='word_1_741' title='bbox 1385 5244 1751 5305; x_wconf 72' lang='lat' dir='ltr'><strong>inell‘abilibus</strong></span> <span class='ocrx_word' id='word_1_742' title='bbox 1805 5243 2005 5297; x_wconf 88' lang='lat' dir='ltr'><strong>leniter</strong></span> <span class='ocrx_word' id='word_1_743' title='bbox 2037 5255 2101 5296; x_wconf 86' lang='lat' dir='ltr'><strong>ac</strong></span> 
     </span>
    </p>
   </div>
   <div class='ocr_carea' id='block_1_96' title="bbox 528 5333 2100 5412">
    <p class='ocr_par' dir='ltr' id='par_1_96' title="bbox 528 5333 2100 5412">
     <span class='ocr_line' id='line_1_97' title="bbox 528 5333 2100 5412; baseline -0.017 0"><span class='ocrx_word' id='word_1_744' title='bbox 528 5358 676 5412; x_wconf 88' lang='lat' dir='ltr'><strong>velut</strong></span> <span class='ocrx_word' id='word_1_745' title='bbox 706 5357 760 5410; x_wconf 90' lang='lat' dir='ltr'><strong>in</strong></span> <span class='ocrx_word' id='word_1_746' title='bbox 793 5333 976 5408; x_wconf 71' lang='lat' dir='ltr'><strong>mente</strong></span> <span class='ocrx_word' id='word_1_747' title='bbox 1007 5359 1291 5409; x_wconf 85' lang='lat' dir='ltr'><strong>versatur,</strong></span> <span class='ocrx_word' id='word_1_748' title='bbox 1340 5341 1494 5396; x_wconf 88' lang='lat' dir='ltr'><strong>solus</strong></span> <span class='ocrx_word' id='word_1_749' title='bbox 1521 5335 1673 5392; x_wconf 90' lang='lat' dir='ltr'><strong>novit</strong></span> <span class='ocrx_word' id='word_1_750' title='bbox 1702 5334 1759 5388; x_wconf 93' lang='lat' dir='ltr'><strong>in</strong></span> <span class='ocrx_word' id='word_1_751' title='bbox 1792 5333 1911 5404; x_wconf 90' lang='lat' dir='ltr'><strong>ipso</strong></span> <span class='ocrx_word' id='word_1_752' title='bbox 1940 5339 2100 5387; x_wconf 84' lang='lat' dir='ltr'><strong>natu-</strong></span> 
     </span>
    </p>
   </div>
   <div class='ocr_carea' id='block_1_97' title="bbox 532 5422 2098 5504">
    <p class='ocr_par' dir='ltr' id='par_1_97' title="bbox 532 5422 2098 5504">
     <span class='ocr_line' id='line_1_98' title="bbox 532 5422 2098 5504; baseline -0.016 -1"><span class='ocrx_word' id='word_1_753' title='bbox 532 5451 716 5503; x_wconf 74' lang='lat' dir='ltr'><strong>ralitcr</strong></span> <span class='ocrx_word' id='word_1_754' title='bbox 756 5447 1030 5502; x_wconf 80' lang='lat' dir='ltr'><strong>exsistens</strong></span> <span class='ocrx_word' id='word_1_755' title='bbox 1070 5441 1272 5503; x_wconf 85' lang='lat' dir='ltr'><strong>Filius,</strong></span> <span class='ocrx_word' id='word_1_756' title='bbox 1332 5440 1520 5504; x_wconf 89' lang='lat' dir='ltr'><strong>utpote</strong></span> <span class='ocrx_word' id='word_1_757' title='bbox 1569 5427 1836 5498; x_wconf 86' lang='lat' dir='ltr'><strong>sapientia</strong></span> <span class='ocrx_word' id='word_1_758' title='bbox 1882 5424 2006 5494; x_wconf 84' lang='lat' dir='ltr'><strong>ejus</strong></span> <span class='ocrx_word' id='word_1_759' title='bbox 2029 5422 2098 5478; x_wconf 80' lang='grc'><strong>⁸⁸.</strong></span> 
     </span>
    </p>
   </div>
   <div class='ocr_carea' id='block_1_98' title="bbox 537 5512 2098 5596">
    <p class='ocr_par' dir='ltr' id='par_1_98' title="bbox 537 5512 2098 5596">
     <span class='ocr_line' id='line_1_99' title="bbox 537 5512 2098 5596; baseline -0.017 -3"><span class='ocrx_word' id='word_1_760' title='bbox 537 5540 678 5596; x_wconf 81' lang='lat' dir='ltr'><strong>Voce</strong></span> <span class='ocrx_word' id='word_1_761' title='bbox 710 5551 837 5595; x_wconf 85' lang='lat' dir='ltr'><strong>vero</strong></span> <span class='ocrx_word' id='word_1_762' title='bbox 859 5537 974 5591; x_wconf 90' lang='lat' dir='ltr'><strong>ictu</strong></span> <span class='ocrx_word' id='word_1_763' title='bbox 1003 5533 1146 5588; x_wconf 86' lang='lat' dir='ltr'><strong>aeris</strong></span> <span class='ocrx_word' id='word_1_764' title='bbox 1171 5527 1510 5585; x_wconf 85' lang='lat' dir='ltr'><strong>conformata</strong></span> <span class='ocrx_word' id='word_1_765' title='bbox 1534 5519 1761 5576; x_wconf 88' lang='lat' dir='ltr'><strong>credere</strong></span> <span class='ocrx_word' id='word_1_766' title='bbox 1795 5515 1964 5570; x_wconf 84' lang='lat' dir='ltr'><strong>Deum</strong></span> <span class='ocrx_word' id='word_1_767' title='bbox 1998 5512 2098 5575; x_wconf 85' lang='lat' dir='ltr'><strong>uti,</strong></span> 
     </span>
    </p>
   </div>
   <div class='ocr_carea' id='block_1_99' title="bbox 635 5733 1124 5794">
    <p class='ocr_par' dir='ltr' id='par_1_99' title="bbox 635 5733 1124 5794">
     <span class='ocr_line' id='line_1_100' title="bbox 635 5733 1124 5794; baseline -0.018 1"><span class='ocrx_word' id='word_1_768' title='bbox 635 5741 677 5772; x_wconf 80' lang='lat'><strong>”</strong></span> <span class='ocrx_word' id='word_1_769' title='bbox 708 5737 866 5794; x_wconf 80' lang='lat' dir='ltr'><strong>Joan.</strong></span> <span class='ocrx_word' id='word_1_770' title='bbox 905 5751 1004 5791; x_wconf 76' lang='lat' dir='ltr'><strong>xu.</strong></span> <span class='ocrx_word' id='word_1_771' title='bbox 1035 5733 1124 5789; x_wconf 73' lang='lat'><strong>28.</strong></span> 
     </span>
    </p>
   </div>
   <div class='ocr_carea' id='block_1_100' title="bbox 1232 5712 2195 5788">
    <p class='ocr_par' dir='ltr' id='par_1_100' title="bbox 1232 5712 2195 5788">
     <span class='ocr_line' id='line_1_101' title="bbox 1232 5712 2195 5788; baseline -0.016 -5"><span class='ocrx_word' id='word_1_772' title='bbox 1232 5730 1278 5762; x_wconf 80' lang='grc'><strong>⁸⁸</strong></span> <span class='ocrx_word' id='word_1_773' title='bbox 1307 5725 1416 5785; x_wconf 76' lang='lat' dir='ltr'><strong>Jer.</strong></span> <span class='ocrx_word' id='word_1_774' title='bbox 1452 5737 1583 5788; x_wconf 66' lang='grc' dir='ltr'>χχιι,</span> <span class='ocrx_word' id='word_1_775' title='bbox 1617 5719 1700 5774; x_wconf 79' lang='grc'><strong>10.</strong></span> <span class='ocrx_word' id='word_1_776' title='bbox 1764 5718 1807 5750; x_wconf 82' lang='grc'><strong>⁹⁰</strong></span> <span class='ocrx_word' id='word_1_777' title='bbox 1829 5716 1850 5770; x_wconf 85' lang='grc' dir='ltr'>ι</span> <span class='ocrx_word' id='word_1_778' title='bbox 1874 5716 2003 5774; x_wconf 83' lang='lat' dir='ltr'><strong>Cor.</strong></span> <span class='ocrx_word' id='word_1_779' title='bbox 2035 5728 2073 5785; x_wconf 84' lang='grc' dir='ltr'><strong>ι,</strong></span> <span class='ocrx_word' id='word_1_780' title='bbox 2103 5712 2195 5768; x_wconf 73' lang='grc'><strong>24.</strong></span> 
     </span>
    </p>
   </div>
   <div class='ocr_carea' id='block_1_101' title="bbox 2206 4489 3776 4572">
    <p class='ocr_par' dir='ltr' id='par_1_101' title="bbox 2206 4489 3776 4572">
     <span class='ocr_line' id='line_1_102' title="bbox 2206 4489 3776 4572; baseline -0.011 -15"><span class='ocrx_word' id='word_1_781' title='bbox 2206 4503 2273 4556; x_wconf 84' lang='grc' dir='ltr'>ἂν</span> <span class='ocrx_word' id='word_1_782' title='bbox 2301 4502 2511 4572; x_wconf 85' lang='grc' dir='ltr'>γένοιτο</span> <span class='ocrx_word' id='word_1_783' title='bbox 2551 4501 2660 4554; x_wconf 83' lang='grc' dir='ltr'>τῶν</span> <span class='ocrx_word' id='word_1_784' title='bbox 2700 4498 2952 4552; x_wconf 87' lang='grc' dir='ltr'>τοιούτων</span> <span class='ocrx_word' id='word_1_785' title='bbox 2988 4494 3336 4560; x_wconf 79' lang='grc' dir='ltr'>ἀθλιώτερον,</span> <span class='ocrx_word' id='word_1_786' title='bbox 3385 4491 3440 4545; x_wconf 76' lang='grc' dir='ltr'><strong>εί</strong></span> <span class='ocrx_word' id='word_1_787' title='bbox 3465 4509 3529 4560; x_wconf 91' lang='grc' dir='ltr'><strong>γε</strong></span> <span class='ocrx_word' id='word_1_788' title='bbox 3570 4489 3776 4559; x_wconf 84' lang='grc' dir='ltr'>κυρίως</span> 
     </span>
    </p>
   </div>
   <div class='ocr_carea' id='block_1_102' title="bbox 2203 4583 3777 4664">
    <p class='ocr_par' dir='ltr' id='par_1_102' title="bbox 2203 4583 3777 4664">
     <span class='ocr_line' id='line_1_103' title="bbox 2203 4583 3777 4664; baseline -0.011 -14"><span class='ocrx_word' id='word_1_789' title='bbox 2203 4613 2274 4650; x_wconf 69' lang='grc' dir='ltr'>τευ</span> <span class='ocrx_word' id='word_1_790' title='bbox 2293 4597 2389 4650; x_wconf 76' lang='grc' dir='ltr'>καὶ</span> <span class='ocrx_word' id='word_1_791' title='bbox 2421 4593 2636 4664; x_wconf 82' lang='grc' dir='ltr'>ἀληθῶς</span> <span class='ocrx_word' id='word_1_792' title='bbox 2660 4591 2862 4661; x_wconf 84' lang='grc' dir='ltr'>ταύτην</span> <span class='ocrx_word' id='word_1_793' title='bbox 2891 4585 3024 4642; x_wconf 78' lang='grc' dir='ltr'>εἶναι</span> <span class='ocrx_word' id='word_1_794' title='bbox 3053 4587 3146 4640; x_wconf 89' lang='grc' dir='ltr'><strong>τοῦ</strong></span> <span class='ocrx_word' id='word_1_795' title='bbox 3191 4585 3404 4655; x_wconf 82' lang='grc' dir='ltr'>Πατρὺς</span> <span class='ocrx_word' id='word_1_796' title='bbox 3429 4583 3777 4636; x_wconf 78' lang='grc' dir='ltr'>ύπετόπασαν</span> 
     </span>
    </p>
   </div>
   <div class='ocr_carea' id='block_1_103' title="bbox 2201 4669 3778 4758">
    <p class='ocr_par' dir='ltr' id='par_1_103' title="bbox 2201 4669 3778 4758">
     <span class='ocr_line' id='line_1_104' title="bbox 2201 4669 3778 4758; baseline -0.013 -18"><span class='ocrx_word' id='word_1_797' title='bbox 2201 4687 2300 4758; x_wconf 78' lang='grc' dir='ltr'><strong>τὴν</strong></span> <span class='ocrx_word' id='word_1_798' title='bbox 2333 4685 2516 4756; x_wconf 78' lang='grc' dir='ltr'>φωνὴν</span> <span class='ocrx_word' id='word_1_799' title='bbox 2539 4723 2554 4747; x_wconf 84' lang='grc'><strong>,</strong></span> <span class='ocrx_word' id='word_1_800' title='bbox 2588 4677 2656 4755; x_wconf 76' lang='grc' dir='ltr'><strong>ἧς</strong></span> <span class='ocrx_word' id='word_1_801' title='bbox 2688 4682 2748 4734; x_wconf 82' lang='grc' dir='ltr'><strong>οὐ</strong></span> <span class='ocrx_word' id='word_1_802' title='bbox 2804 4681 2960 4751; x_wconf 88' lang='grc' dir='ltr'><strong>μόνος</strong></span> <span class='ocrx_word' id='word_1_803' title='bbox 2990 4677 3295 4746; x_wconf 77' lang='grc' dir='ltr'>ἐπήκουσεν</span> <span class='ocrx_word' id='word_1_804' title='bbox 3327 4676 3356 4728; x_wconf 91' lang='lat'><strong>6</strong></span> <span class='ocrx_word' id='word_1_805' title='bbox 3379 4673 3570 4741; x_wconf 72' lang='grc' dir='ltr'>Σωτὴρ</span> <span class='ocrx_word' id='word_1_806' title='bbox 3589 4709 3603 4733; x_wconf 90' lang='grc'><strong>,</strong></span> <span class='ocrx_word' id='word_1_807' title='bbox 3636 4669 3778 4722; x_wconf 73' lang='grc' dir='ltr'>ἀλλὰ</span> 
     </span>
    </p>
   </div>
   <div class='ocr_carea' id='block_1_104' title="bbox 2203 4759 3778 4846">
    <p class='ocr_par' dir='ltr' id='par_1_104' title="bbox 2203 4759 3778 4846">
     <span class='ocr_line' id='line_1_105' title="bbox 2203 4759 3778 4846; baseline -0.013 -15"><span class='ocrx_word' id='word_1_808' title='bbox 2203 4777 2299 4831; x_wconf 71' lang='grc' dir='ltr'>καὶ</span> <span class='ocrx_word' id='word_1_809' title='bbox 2329 4775 2467 4846; x_wconf 77' lang='grc' dir='ltr'>αὑτὴ</span> <span class='ocrx_word' id='word_1_810' title='bbox 2489 4773 2598 4828; x_wconf 84' lang='grc' dir='ltr'>τῶν</span> <span class='ocrx_word' id='word_1_811' title='bbox 2639 4771 2904 4826; x_wconf 81' lang='grc' dir='ltr'>Ἰουδαίων</span> <span class='ocrx_word' id='word_1_812' title='bbox 2935 4770 2968 4839; x_wconf 78' lang='grc' dir='ltr'>ἡ</span> <span class='ocrx_word' id='word_1_813' title='bbox 2997 4764 3336 4840; x_wconf 73' lang='grc' dir='ltr'>περιεστῶτα</span> <span class='ocrx_word' id='word_1_814' title='bbox 3364 4761 3594 4833; x_wconf 79' lang='grc' dir='ltr'>πληθὺς,</span> <span class='ocrx_word' id='word_1_815' title='bbox 3634 4759 3778 4829; x_wconf 83' lang='grc' dir='ltr'>μᾶλ-</span> 
     </span>
    </p>
   </div>
   <div class='ocr_carea' id='block_1_105' title="bbox 2208 4849 3782 4933">
    <p class='ocr_par' dir='ltr' id='par_1_105' title="bbox 2208 4849 3782 4933">
     <span class='ocr_line' id='line_1_106' title="bbox 2208 4849 3782 4933; baseline -0.013 -12"><span class='ocrx_word' id='word_1_816' title='bbox 2208 4869 2298 4921; x_wconf 80' lang='grc' dir='ltr'>λον</span> <span class='ocrx_word' id='word_1_817' title='bbox 2342 4867 2398 4920; x_wconf 79' lang='grc' dir='ltr'>δὲ</span> <span class='ocrx_word' id='word_1_818' title='bbox 2449 4866 2559 4919; x_wconf 85' lang='grc' dir='ltr'>τῶν</span> <span class='ocrx_word' id='word_1_819' title='bbox 2607 4864 2779 4933; x_wconf 79' lang='grc' dir='ltr'>ἁγίων</span> <span class='ocrx_word' id='word_1_820' title='bbox 2841 4857 3095 4932; x_wconf 83' lang='grc' dir='ltr'>μαθητῶν</span> <span class='ocrx_word' id='word_1_821' title='bbox 3151 4857 3180 4910; x_wconf 92' lang='lat'><strong>6</strong></span> <span class='ocrx_word' id='word_1_822' title='bbox 3225 4853 3419 4927; x_wconf 83' lang='grc' dir='ltr'>χορός;</span> <span class='ocrx_word' id='word_1_823' title='bbox 3471 4851 3618 4906; x_wconf 81' lang='grc' dir='ltr'>Ἔδει</span> <span class='ocrx_word' id='word_1_824' title='bbox 3666 4849 3782 4921; x_wconf 77' lang='grc' dir='ltr'><strong>γὰρ</strong></span> 
     </span>
    </p>
   </div>
   <div class='ocr_carea' id='block_1_106' title="bbox 2212 4941 3793 5028">
    <p class='ocr_par' dir='ltr' id='par_1_106' title="bbox 2212 4941 3793 5028">
     <span class='ocr_line' id='line_1_107' title="bbox 2212 4941 3793 5028; baseline -0.013 -17"><span class='ocrx_word' id='word_1_825' title='bbox 2212 4957 2413 5028; x_wconf 82' lang='grc' dir='ltr'>μᾶλλον</span> <span class='ocrx_word' id='word_1_826' title='bbox 2443 4955 2638 5018; x_wconf 80' lang='grc' dir='ltr'>αὐτοὺς</span> <span class='ocrx_word' id='word_1_827' title='bbox 2659 4953 2728 5006; x_wconf 83' lang='grc' dir='ltr'><strong>τὰ</strong></span> <span class='ocrx_word' id='word_1_828' title='bbox 2759 4948 3038 5021; x_wconf 81' lang='grc' dir='ltr'>θεοπρεπῆ</span> <span class='ocrx_word' id='word_1_829' title='bbox 3066 4943 3430 5016; x_wconf 77' lang='grc' dir='ltr'>φαντάζεσθαι</span> <span class='ocrx_word' id='word_1_830' title='bbox 3462 4941 3793 5009; x_wconf 76' lang='grc' dir='ltr'>πλεονεκτή-</span> 
     </span>
    </p>
   </div>
   <div class='ocr_carea' id='block_1_107' title="bbox 2212 5031 3784 5122">
    <p class='ocr_par' dir='ltr' id='par_1_107' title="bbox 2212 5031 3784 5122">
     <span class='ocr_line' id='line_1_108' title="bbox 2212 5031 3784 5122; baseline -0.015 -17"><span class='ocrx_word' id='word_1_831' title='bbox 2212 5066 2379 5122; x_wconf 85' lang='grc' dir='ltr'>ματα,</span> <span class='ocrx_word' id='word_1_832' title='bbox 2413 5049 2508 5102; x_wconf 75' lang='grc' dir='ltr'><strong>καὶ</strong></span> <span class='ocrx_word' id='word_1_833' title='bbox 2549 5047 2623 5118; x_wconf 81' lang='grc' dir='ltr'><strong>μὴ</strong></span> <span class='ocrx_word' id='word_1_834' title='bbox 2649 5047 2760 5107; x_wconf 86' lang='grc' dir='ltr'>τοῖς</span> <span class='ocrx_word' id='word_1_835' title='bbox 2789 5042 2909 5096; x_wconf 79' lang='grc' dir='ltr'>καθ’</span> <span class='ocrx_word' id='word_1_836' title='bbox 2935 5041 3084 5112; x_wconf 78' lang='grc' dir='ltr'><strong>ἡμᾶς</strong></span> <span class='ocrx_word' id='word_1_837' title='bbox 3109 5037 3295 5108; x_wconf 89' lang='grc' dir='ltr'><strong>νόμοις</strong></span> <span class='ocrx_word' id='word_1_838' title='bbox 3322 5034 3552 5102; x_wconf 82' lang='grc' dir='ltr'>ὑπάγειν</span> <span class='ocrx_word' id='word_1_839' title='bbox 3583 5031 3784 5100; x_wconf 87' lang='grc' dir='ltr'>πειρᾶ-</span> 
     </span>
    </p>
   </div>
   <div class='ocr_carea' id='block_1_108' title="bbox 2211 5123 3786 5210">
    <p class='ocr_par' dir='ltr' id='par_1_108' title="bbox 2211 5123 3786 5210">
     <span class='ocr_line' id='line_1_109' title="bbox 2211 5123 3786 5210; baseline -0.014 -14"><span class='ocrx_word' id='word_1_840' title='bbox 2211 5143 2334 5197; x_wconf 89' lang='grc' dir='ltr'>σθαι</span> <span class='ocrx_word' id='word_1_841' title='bbox 2380 5140 2450 5194; x_wconf 81' lang='grc' dir='ltr'>τὰ</span> <span class='ocrx_word' id='word_1_842' title='bbox 2481 5139 2622 5210; x_wconf 79' lang='grc' dir='ltr'>ὑπὲρ</span> <span class='ocrx_word' id='word_1_843' title='bbox 2667 5137 2835 5206; x_wconf 80' lang='grc' dir='ltr'>ἡμᾶς.</span> <span class='ocrx_word' id='word_1_844' title='bbox 2866 5134 2979 5205; x_wconf 82' lang='grc' dir='ltr'><strong>Τὴν</strong></span> <span class='ocrx_word' id='word_1_845' title='bbox 3035 5131 3132 5202; x_wconf 84' lang='grc' dir='ltr'><strong>μὲν</strong></span> <span class='ocrx_word' id='word_1_846' title='bbox 3163 5128 3272 5199; x_wconf 83' lang='grc' dir='ltr'>γὰρ</span> <span class='ocrx_word' id='word_1_847' title='bbox 3311 5125 3562 5196; x_wconf 86' lang='grc' dir='ltr'>σώματος</span> <span class='ocrx_word' id='word_1_848' title='bbox 3609 5123 3786 5192; x_wconf 83' lang='grc' dir='ltr'>ἀκοὴν</span> 
     </span>
    </p>
   </div>
   <div class='ocr_carea' id='block_1_109' title="bbox 2211 5211 3788 5302">
    <p class='ocr_par' dir='ltr' id='par_1_109' title="bbox 2211 5211 3788 5302">
     <span class='ocr_line' id='line_1_110' title="bbox 2211 5211 3788 5302; baseline -0.014 -15"><span class='ocrx_word' id='word_1_849' title='bbox 2211 5229 2498 5302; x_wconf 82' lang='grc' dir='ltr'>σωματικὴ</span> <span class='ocrx_word' id='word_1_850' title='bbox 2559 5227 2932 5299; x_wconf 84' lang='grc' dir='ltr'>προσαράσσει</span> <span class='ocrx_word' id='word_1_851' title='bbox 2968 5222 3155 5292; x_wconf 82' lang='grc' dir='ltr'>φωνὴ,</span> <span class='ocrx_word' id='word_1_852' title='bbox 3203 5219 3298 5274; x_wconf 80' lang='grc' dir='ltr'>καὶ</span> <span class='ocrx_word' id='word_1_853' title='bbox 3352 5211 3568 5278; x_wconf 74' lang='grc' dir='ltr'>κτύπος</span> <span class='ocrx_word' id='word_1_854' title='bbox 3613 5216 3644 5267; x_wconf 88' lang='lat'><strong>6</strong></span> <span class='ocrx_word' id='word_1_855' title='bbox 3691 5213 3788 5266; x_wconf 71' lang='grc' dir='ltr'>διὰ</span> 
     </span>
    </p>
   </div>
   <div class='ocr_carea' id='block_1_110' title="bbox 2209 5303 3788 5394">
    <p class='ocr_par' dir='ltr' id='par_1_110' title="bbox 2209 5303 3788 5394">
     <span class='ocr_line' id='line_1_111' title="bbox 2209 5303 3788 5394; baseline -0.006 -18"><span class='ocrx_word' id='word_1_856' title='bbox 2209 5323 2430 5394; x_wconf 82' lang='grc' dir='ltr'>χειλέων</span> <span class='ocrx_word' id='word_1_857' title='bbox 2472 5323 2551 5384; x_wconf 80' lang='grc' dir='ltr'>εἱς</span> <span class='ocrx_word' id='word_1_858' title='bbox 2590 5319 2728 5390; x_wconf 79' lang='grc' dir='ltr'>ἀέρα</span> <span class='ocrx_word' id='word_1_859' title='bbox 2765 5314 3089 5388; x_wconf 66' lang='grc' dir='ltr'>προκύψας,</span> <span class='ocrx_word' id='word_1_860' title='bbox 3135 5313 3168 5382; x_wconf 80' lang='grc' dir='ltr'>ἢ</span> <span class='ocrx_word' id='word_1_861' title='bbox 3225 5311 3312 5366; x_wconf 90' lang='grc' dir='ltr'><strong>διά</strong></span> <span class='ocrx_word' id='word_1_862' title='bbox 3355 5324 3500 5371; x_wconf 82' lang='grc' dir='ltr'>τινος</span> <span class='ocrx_word' id='word_1_863' title='bbox 3537 5303 3788 5376; x_wconf 79' lang='grc' dir='ltr'><strong>μηχανῆς</strong></span> 
     </span>
    </p>
   </div>
   <div class='ocr_carea' id='block_1_111' title="bbox 2209 5395 3789 5488">
    <p class='ocr_par' dir='ltr' id='par_1_111' title="bbox 2209 5395 3789 5488">
     <span class='ocr_line' id='line_1_112' title="bbox 2209 5395 3789 5488; baseline -0.016 -17"><span class='ocrx_word' id='word_1_864' title='bbox 2209 5417 2404 5488; x_wconf 75' lang='grc' dir='ltr'>ἑτέρας</span> <span class='ocrx_word' id='word_1_865' title='bbox 2427 5412 2752 5484; x_wconf 80' lang='grc' dir='ltr'>ὲπινοηθείς.</span> <span class='ocrx_word' id='word_1_866' title='bbox 2779 5410 2890 5481; x_wconf 82' lang='grc' dir='ltr'><strong>Τὴν</strong></span> <span class='ocrx_word' id='word_1_867' title='bbox 2913 5409 2968 5462; x_wconf 85' lang='grc' dir='ltr'>δὲ</span> <span class='ocrx_word' id='word_1_868' title='bbox 2992 5409 3050 5461; x_wconf 82' lang='grc' dir='ltr'>ἐν</span> <span class='ocrx_word' id='word_1_869' title='bbox 3071 5405 3329 5477; x_wconf 77' lang='grc' dir='ltr'>ἀρρήτοις</span> <span class='ocrx_word' id='word_1_870' title='bbox 3352 5402 3554 5471; x_wconf 84' lang='grc' dir='ltr'>φωναῖς</span> <span class='ocrx_word' id='word_1_871' title='bbox 3574 5395 3789 5467; x_wconf 77' lang='grc' dir='ltr'>ἠρέμα,</span> 
     </span>
    </p>
   </div>
   <div class='ocr_carea' id='block_1_112' title="bbox 2209 5486 3788 5570">
    <p class='ocr_par' dir='ltr' id='par_1_112' title="bbox 2209 5486 3788 5570">
     <span class='ocr_line' id='line_1_113' title="bbox 2209 5486 3788 5570; baseline -0.015 -9"><span class='ocrx_word' id='word_1_872' title='bbox 2209 5486 2314 5561; x_wconf 14' lang='lat' dir='ltr'><strong>xuii</strong></span> <span class='ocrx_word' id='word_1_873' title='bbox 2340 5506 2499 5561; x_wconf 80' lang='grc' dir='ltr'><strong>οἱονεὶ</strong></span> <span class='ocrx_word' id='word_1_874' title='bbox 2552 5505 2695 5559; x_wconf 75' lang='grc' dir='ltr'>κατὰ</span> <span class='ocrx_word' id='word_1_875' title='bbox 2757 5501 2881 5556; x_wconf 84' lang='grc' dir='ltr'>νοῦν</span> <span class='ocrx_word' id='word_1_876' title='bbox 2943 5496 3320 5570; x_wconf 79' lang='grc' dir='ltr'>στρεφομένην</span> <span class='ocrx_word' id='word_1_877' title='bbox 3381 5491 3633 5563; x_wconf 85' lang='grc' dir='ltr'>βούλησ.ν</span> <span class='ocrx_word' id='word_1_878' title='bbox 3685 5486 3788 5539; x_wconf 85' lang='grc' dir='ltr'><strong>τοῦ</strong></span> 
     </span>
    </p>
   </div>
  </div>
