4072 6210
447 309 514 366 π
1430 309 1486 364 S.
1524 307 1802 364 CYRILLI
1846 306 2314 366 ALEXANDRINI
2352 306 2679 367 ARCHIEP.
3646 310 3714 370 ’15

445 423 721 497 cognovit,
751 422 854 478 nisi
881 422 1121 494 Spiritus
1141 417 1254 487 Dei,
1284 421 1378 490 qui
1407 421 1460 474 iit
1495 421 1617 494 ipso
1645 431 1729 478 est
1749 423 1815 476 ⁸⁵.
1847 442 1867 475 ι
1890 421 2014 476 Cum

2125 421 2286 476 Οὕτω
2320 423 2413 477 καὶ
2465 424 2532 476 τὰ
2559 420 2650 476 τοῦ
2697 420 2831 476 Θεοῦ
2882 421 3057 486 οὐδεὶς
3103 421 3378 492 ἔγνωκεν,
3433 425 3482 479 εί
3532 426 3608 498 μὴ
3655 429 3715 481 τὸ

444 533 574 574 ergo
613 525 838 572 sanctus
865 515 1104 586 Spiritus
1144 516 1236 586 qui
1269 515 1452 568 omnia
1490 521 1870 584 perscrutatur
1917 529 2023 566 non

444 605 619 662 solum
652 606 849 662 Patris'
870 607 961 669 sil,
1011 606 1105 661 sed
1135 606 1298 660 etiam
1333 605 1476 671 Filii,
1504 605 1778 676 quomodo
1803 604 2021 660 demum

443 699 644 769 aliquid
680 713 870 753 eorum
907 714 1028 769 quae
1061 708 1190 753 sunt
1241 698 1294 752 in
1328 697 1487 753 Patre
1518 695 1687 751 Filius
1730 696 2022 767 ignorabit,

445 791 706 863 Spiritum
761 791 969 846 habens
1019 791 1072 844 in
1116 791 1300 860 seipso
1339 789 1663 843 naturaliter
1704 787 1796 858 qui
1837 787 2024 842 omnia

435 885 632 942 novit?
675 883 845 956 Igitur
896 885 1058 938 inane
1111 883 1328 937 demum
1381 880 1655 935 videbitur
1706 880 2024 936 existimare

432 977 637 1034 ’Filium
668 978 845 1032 Patris
873 977 1208 1031 voluntatem
1251 979 1319 1030 ab
1353 975 1461 1029 alio
1490 973 1736 1040 discere,
1793 981 1848 1029 et
1885 989 2022 1027 vana

441 1059 667 1140 prorsus
714 1070 818 1123 erit
858 1083 1024 1138 opera
1056 1065 1216 1121 Verbi
1259 1066 1407 1120 illius
1433 1081 1498 1119 ex
1530 1079 1720 1118 eorum
1754 1065 2021 1141 sententia

427 1165 641 1219 “frustra
669 1160 1079 1217 intercedentis.
1106 1158 1300 1214 Omnia
1336 1158 1536 1229 quippe
1567 1158 1715 1212 novit
1751 1155 1922 1212 Filius
1957 1173 2024 1213 ex

437 1253 638 1323 seipso.

504 1344 740 1401 ALIUD.
785 1345 888 1410 Qui
917 1340 1198 1414 Unigeuiti
1227 1338 1546 1394 substantiae
1577 1337 1901 1400 detrahunt,
1942 1336 2024 1390 di-

437 1441 608 1497 cendo
639 1439 820 1508 ipsum
869 1438 1123 1508 ignorare
1155 1433 1336 1488 Patris
1366 1433 1704 1486 voluntatem
1728 1471 1742 1496 ,
1789 1430 1883 1485 sed
1914 1431 2021 1483 alio

437 1533 699 1600 magistro
731 1529 808 1584 uti
837 1524 1239 1598 quodammodo
1259 1524 1326 1578 ad
1353 1539 1472 1578 eam
1495 1523 1928 1593 percipiendam,
1955 1536 2021 1577 eo

437 1626 695 1680 nimirum
728 1622 870 1692 quod
905 1619 1006 1689 ipsi
1044 1617 1541 1673 comminiscuntur
1575 1614 1754 1670 Verbo
1782 1615 2016 1680 interno,

436 1718 621 1772 dicant
661 1716 851 1780 nobis,
897 1713 942 1769 si
986 1727 1140 1768 suam
1174 1709 1497 1766 sententiam
1529 1707 1864 1781 sequendam
1899 1722 2021 1763 esse

2123 513 2353 586 Πνεῦμα
2379 513 2474 568 τοῦ
2497 513 2630 568 Θεοῦ
2663 513 2725 567 τὸ
2751 517 2814 568 ἐν
2834 513 3006 584 αὑτῷ.
3044 515 3203 568 »Ὅτε
3235 515 3415 570 τοίνυν
3437 519 3497 570 τὸ
3535 517 3713 573 πάντα

2128 604 2452 678 ἐξακριϐοῦν
2476 607 2631 677 ἅγιον
2647 606 2893 677 Πνεῦμα.
2919 607 2982 660 οὑ
3011 606 3170 676 μόνον
3193 605 3287 660 τοῦ
3306 608 3518 680 Πατρός
3543 611 3712 676 ἐστιν,

2123 698 2261 752 ἀλλὰ
2290 700 2384 753 καί)⁸
2415 697 2510 752 τοῦ
2555 698 2716 762 Υίοῦ,
2757 698 2874 762 πῶς
2899 697 2978 752 ἔτι
3007 699 3192 752 λοιπὸν
3216 701 3482 771 ἀγνοήσαι
3513 719 3566 755 τι
3603 701 3714 756 τῶν

2125 791 2182 844 ἐν
2200 791 2278 862 τῷ
2302 792 2651 863 γεγεννηκότι
2676 790 2738 846 τὸ
2760 790 2981 862 Πνεῦμα
3007 790 3146 862 ἔχων
3170 793 3227 845 ἐν
3257 792 3438 862 ἐαυτῷ
3465 792 3714 862 φυσικῶς

2122 881 2184 935 τὸ
2237 883 2416 937 πάντα
2463 883 2641 948 είδὸς;
2681 884 2891 937 οὐκοῦν
2930 883 3186 955 περιττὸν
3219 883 3320 954 ἤδη
3359 885 3607 954 φανεῖται
3651 888 3714 939 τὸ

2123 973 2192 1027 δι’
2227 974 2414 1046 ἐτέρου
2465 975 2756 1046 μανθάνειν
2789 975 2998 1029 οἴεσθαι
3029 975 3121 1029 τὸν
3159 975 3290 1030 Υίδν
3325 976 3424 1048 τὴν
3450 978 3546 1032 τοῦ
3596 980 3709 1032 Πα-

2123 1065 2251 1136 τρδς
2281 1065 2521 1136 θέλησιν,
2550 1066 2778 1137 ἀργήσει
2804 1067 2862 1120 δὲ
2898 1066 3117 1131 πάντως
3139 1067 3172 1138 ή
3197 1069 3354 1140 χρεία
3391 1068 3485 1123 τοῦ
3530 1071 3710 1142 μάτην

2127 1154 2502 1224 μεσιτεύοντος
2524 1157 2697 1225 Λόγου
2718 1198 2732 1221 ,
2766 1159 2908 1211 κατὰ
2939 1157 3039 1229 τὴν
3072 1157 3297 1212 ἐκείνων
3327 1160 3707 1217 ἀπαιδευσίαν.

2125 1248 2312 1302 Πάντα
2349 1248 2459 1318 γὰρ
2482 1247 2620 1302 οἶδεν
2655 1252 2684 1304 6
2713 1251 2839 1315 Υἱὸς
2869 1251 2926 1318 ἐξ
2955 1237 3171 1306 ἑαυτοῦ.

2191 1338 2398 1391 ΑΛΛΟ.
2431 1339 2494 1391 υἱ
2519 1340 2617 1406 τῆς
2636 1340 2731 1393 τοῦ
2768 1342 3107 1410 Μονογενοῦς
3149 1343 3586 1415 κατηγοροῦντες
3620 1347 3709 1399 οὑ-

2123 1428 2266 1492 σίας,
2299 1428 2385 1483 διὰ
2412 1429 2506 1482 τοῦ
2536 1431 2611 1501 μὴ
2643 1431 2840 1485 εἰδέναι
2875 1432 3056 1500 λέγειν
3091 1435 3252 1489 αὑτὸν
3286 1437 3347 1490 τὺ
3368 1436 3460 1490 τοῦ
3491 1436 3706 1509 Πατρὺς

2122 1515 2366 1587 θέλημα,
2399 1517 2706 1588 διδασκάλῳ
2743 1520 2798 1574 δὲ
2831 1520 3020 1594 ὥσπερ
3049 1523 3458 1596 άωκεχρῆσθαι
3487 1527 3621 1597 πρὸς
3644 1528 3704 1582 τὸ

2125 1609 2338 1676 μαθεῖν,
2371 1609 2542 1681 ἐτέρῳ
2567 1611 2652 1682 ηττῷ
2680 1612 2809 1682 παρ’
2841 1614 3024 1667 αὑτῶν
3049 1615 3389 1688 ἐπινοηθέντι
3419 1619 3577 1690 Λόγῳ
3600 1661 3616 1685 ,
3643 1621 3703 1674 δν

2120 1695 2185 1768 δὴ
2221 1698 2314 1752 καὶ
2357 1699 2659 1755 ἐνδιάθετον
2695 1702 3052 1774 ὀνομάζουσι,
3081 1706 3392 1776 λεγέτωσαν
3428 1713 3596 1782 ἡμῖν,
3625 1715 3702 1766 εί-

435 1817 646 1881 putant,
687 1817 868 1862 utrum
904 1805 1114 1874 aequale
1153 1800 1456 1858 secundum
1487 1810 1740 1856 naturam
1775 1799 2014 1856 Verbum

2120 1765 2226 1861 περ
2247 1791 2443 1846 οἴονται
2469 1793 2577 1847 δεῖν
2605 1793 2701 1881 τῂν
2727 1765 2932 1849 οἰκείαν
2959 1765 3255 1868 κρατύνειν
3274 1765 3705 1876 δόξανίῖπότερὸν

435 1879 566 1957 illud
593 1903 866 1956 internmn
895 1897 949 1952 in
983 1895 1122 1952 Filio
1145 1895 1330 1951 dicent
1350 1895 1618 1950 exsistere
1637 1893 2014 1964 (supponimus

2119 1895 2250 1932 ποτε
2286 1881 2428 1936 κατά
2460 1881 2624 1952 φύσιν
2646 1879 2765 1938 ἴσον
2802 1885 3020 1957 ἐροῦσιν
3050 1887 3318 1961 ὑπάρχειν
3356 1891 3436 1962 τῷ
3466 1892 3580 1964 Υἱῷ
3611 1895 3705 1948 τὸν

433 1996 577 2049 enim
630 1994 805 2063 ipsum
846 2005 942 2062 per
981 2004 1040 2046 se
1074 1987 1414 2060 hypostatice
1449 1985 1759 2056 exsistere),
1793 1993 1886 2040 aut
1909 1999 2014 2039 non

2118 1972 2423 2028 ἐνδιάθετον
2461 1975 2633 2044 Λόγον
2673 1977 3016 2047 (ὑποκείσθω
3056 1979 3165 2051 γὰρ
3193 1980 3269 2045 ὡς
3314 1984 3410 2036 καὶ
3454 1984 3704 2054 ὑφεστὼς

433 2086 639 2158 aequale
683 2085 934 2155 quidem,
995 2079 1091 2136 sed
1141 2079 1385 2134 deterius
1429 2073 1862 2148 quodammodo,
1923 2081 2014 2128 aut

2117 2063 2220 2135 ἥδη
2242 2063 2363 2118 καθ’
2403 2066 2617 2135 ἑαυτόν)
2644 2083 2657 2096 ·
2685 2066 2718 2138 ἢ
2761 2067 2864 2121 οὑκ
2902 2064 3020 2122 ἴσον
3069 2070 3191 2141 μὲν,
3225 2072 3446 2144 χείρονα
3473 2074 3531 2127 δέ
3559 2091 3699 2140 πως,

433 2155 582 2233 certe
621 2175 896 2246 superius.
953 2173 1009 2228 Si
1057 2185 1188 2240 ergo
1225 2169 1410 2224 minus
1456 2167 1635 2246 ipsum
1682 2180 1805 2221 esse
1856 2171 2014 2235 puta-

2116 2155 2150 2227 ἢ
2181 2157 2274 2209 καὶ
2295 2157 2540 2228 ἀμείνως
2572 2159 2649 2211 Ei.
2672 2159 2770 2229 μὲν
2793 2158 2887 2214 οὖν
2909 2160 3166 2218 ἐλάττονα
3196 2164 3476 2235 νομιοῦσιν
3516 2167 3698 2230 αὑτὸν.

433 2268 592 2330 bunt,
620 2267 674 2320 in
699 2267 875 2335 ipsum
901 2263 1068 2318 etiam
1101 2259 1319 2315 Patrem
1343 2258 1507 2329 impie
1535 2255 1841 2328 peccabunt
1874 2271 1888 2307 :
1913 2257 2014 2311 erit

2117 2248 2212 2302 καὶ
2241 2248 2322 2312 εἰς
2352 2248 2514 2302 αὑτὸν
2543 2251 2879 2321 άσεσήσουσι
2904 2251 2996 2305 τὸν
3027 2253 3245 2326 Πατέρα
3268 2271 3282 2285 ο
3314 2255 3470 2310 ἔσται
3503 2258 3612 2329 γάρ
3645 2277 3698 2312 τι

429 2357 576 2412 enitn
611 2358 802 2427 utique
820 2354 873 2409 in
907 2354 1027 2424 ipso
1059 2350 1263 2422 aliquid
1292 2349 1475 2404 minus
1517 2349 1666 2418 ipso,
1693 2357 1744 2402 et
1772 2346 1920 2400 aliud
1948 2346 2014 2402 ab

2117 2338 2338 2404 πάντως
2370 2343 2430 2395 ἐν
2467 2341 2617 2414 αὑτῷ
2662 2342 2722 2396 τὸ
2761 2346 2942 2416 χεῖρον
2979 2345 3175 2414 αὑτοῦ,
3207 2349 3303 2400 καὶ
3343 2349 3530 2420 ἕτερον
3565 2353 3697 2422 παρ’

431 2449 553 2519 ipso
574 2487 589 2511 ,
617 2447 720 2501 hoc
751 2453 869 2509 est,
913 2445 1186 2500 internum
1216 2439 1350 2497 illud
1386 2437 1649 2494 Verbum.
1705 2437 1802 2493 Sin
1830 2445 2014 2493 autem

2117 2429 2280 2486 αὑτὸν
2298 2469 2313 2495 ,
2345 2432 2490 2486 τοῦτ’
2519 2433 2690 2498 ἔστιν,
2725 2436 2754 2488 6
2809 2435 3114 2502 ἐνδιάθετος
3143 2439 3336 2509 Λόγος.
3409 2442 3470 2494 Et
3497 2441 3556 2496 δὲ
3581 2444 3691 2514 χεί-

429 2538 673 2594 deterius
702 2536 923 2609 quidem
956 2550 1082 2592 esse
1112 2549 1220 2589 non
1251 2533 1453 2597 dicent,
1487 2530 1580 2586 sed
1618 2528 2014 2600 praestantioris

2119 2537 2251 2590 ρονα
2297 2522 2395 2593 μὲν
2453 2524 2553 2578 οὑκ
2595 2524 2810 2596 ἐροῦσιν
2836 2565 2852 2588 .
2903 2527 3254 2599 ἐπιτρέψουσι
3283 2529 3340 2584 δὲ
3367 2531 3517 2603 αὑτῷ
3546 2533 3609 2586 τὺ
3638 2535 3698 2587 ἐν

419 2640 610 2686 status
640 2643 802 2701 quam
821 2627 1042 2692 Filium,
1069 2624 1317 2680 bifariam
1346 2622 1507 2678 Pater
1531 2621 1759 2676 latdetur
1779 2620 1834 2675 in
1851 2619 2005 2679 Filio.

2115 2610 2365 2682 ἀμείνοσι
2386 2613 2600 2669 κεῖσθαι
2630 2615 2784 2687 παρὰ
2815 2617 2908 2670 τὸν
2937 2618 3083 2682 Υίδν,
3116 2619 3338 2674 διπλοῦν
3371 2621 3526 2677 ἔσται
3559 2624 3698 2678 πάνυ

427 2719 673 2776 Primum
707 2719 854 2774 enim
893 2717 1160 2771 tninorem
1201 2729 1261 2771 se
1294 2711 1492 2766 Filium
1531 2711 1786 2780 genuisse
1813 2710 2014 2780 depre-

2115 2719 2222 2766 ’τως
2245 2701 2384 2756 κατὰ
2414 2703 2507 2758 τοῦ
2537 2707 2750 2778 Πατρδς
2775 2708 2838 2761 τὺ
2865 2710 2953 2778 ἐφ’
2986 2710 3100 2783 Υίῷ
3127 2714 3513 2786 κατηγόρημα.
3537 2716 3698 2788 Πρῶ-

427 2811 701 2866 bendetur
724 2805 961 2888 :‘deinde
977 2805 1234 2874 superius
1259 2816 1319 2858 se
1336 2799 1623 2855 habiturus
1643 2799 2013 2854 estinternum

2115 2809 2206 2888 τον
2242 2793 2342 2888 μὲν
2379 2796 2790 2888 γὰργεννήσας
2824 2799 3091 2856 ἁλώσεται
3131 2803 3192 2857 τὸ
3235 2808 3414 2878 χεῖρον
3449 2805 3484 2878 ἢ
3517 2807 3578 2861 ἐν
3611 2803 3702 2868 οἷς

428 2901 666 2957 Verbum
693 2939 705 2963 ,
737 2885 794 2954 si
825 2896 992 2950 Pater
1027 2904 1114 2950 est
1163 2891 1653 2948 consubstantialis
1694 2887 1872 2955 Filio,
1917 2889 2013 2961 qui

2115 2885 2263 2939 ἐστιν
2287 2886 2468 2950 αὑτός.
2502 2885 2635 2943 Εἶτα
2669 2891 2807 2962 πρὸς
2837 2892 3012 2966 τούτῳ
3051 2897 3146 2951 καὶ
3170 2896 3333 2963 αὐτὸς
3373 2897 3484 2964 ἐξει
3514 2897 3695 2972 κρείτ-

427 3003 616 3044 eorum
649 2985 918 3041 sententia
946 2984 1124 3038 minor
1148 2991 1232 3037 est
1262 2979 1460 3036 Verbo.
1497 2979 1604 3037 Sed
1635 2980 1864 3053 fugient,
1893 2981 2014 3052 opi-

2115 2990 2242 3028 τονα
2277 2979 2371 3029 τδν
2422 2978 2726 3037 ἐνδιάθετον
2771 2983 2944 3053 Λόγον
2967 3024 2984 3049 ,
3027 2988 3184 3062 εἴπερ
3233 2991 3384 3046 ἐστὶν
3428 2993 3459 3046 6
3505 2993 3696 3067 Πατὴρ

429 3096 533 3135 nor
554 3120 571 3148 ,
613 3077 911 3134 adversarii
945 3083 1235 3146 utramque
1275 3072 1690 3144 blasphemiam,
1717 3079 1772 3128 et
1799 3072 2010 3144 aequale

2115 3067 2400 3164 δμοούσιος
2426 3070 2505 3164 τῷ
2529 3072 2650 3164 ne
2690 3073 2768 3146 τῷ
2798 3080 2920 3132 κατ’
2943 3079 3186 3145 ἐκείνους
3213 3081 3275 3136 τὸ
3300 3082 3522 3139 ἔλαττον
3557 3089 3696 3144 ἀπο.

427 3171 733 3230 seeundum
771 3167 1134 3226 substantiam
1163 3180 1288 3221 esse
1328 3164 1511 3219 dicent
1546 3161 1686 3220 Filio
1728 3163 2007 3220 internum

2115 3159 2420 3233 φερομένῳ.
2465 3163 2605 3217 Ἀλλ’
2629 3167 2776 3232 εἰκός
2807 3185 2872 3238 γε
2913 3171 3085 3243 δήπου
3110 3173 3211 3244 τῆς
3244 3175 3332 3229 ἐπ’
3371 3177 3537 3248 ἄμφω
3563 3178 3695 3234 δυσ-

428 3261 888 3319 Patris‘Vet-bum.
941 3258 1110 3330 Igitur
1131 3258 1311 3312 soluta
1333 3264 1417 3311 est
1442 3255 1694 3326 quaestio.
1723 3253 2010 3321 Quomodo

2115 3249 2323 3320 φημίας
2371 3251 2662 3325 ἀποπηδᾷν
2717 3256 2844 3322 τοὺς
2897 3258 2962 3312 δι’
2999 3262 3280 3327 ἐναντίας·
3319 3258 3436 3319 ἴσον
3476 3265 3533 3319 δὲ
3575 3269 3696 3323 κατ’

427 3357 574 3410 enim
617 3354 766 3416 alter
807 3351 1038 3406 atterunt
1070 3348 1322 3413 docebit,
1369 3347 1528 3418 quasi
1560 3355 1857 3418 cognoscat
1881 3362 2004 3402 eum

2115 3340 2297 3396 οὑσίαν
2340 3343 2608 3416 ὑπάρχειν
2635 3346 2822 3419 ἐροῦσι
2865 3350 2944 3421 τῷ
2976 3351 3092 3424 Υἰῷ
3134 3353 3226 3407 τὸν
3258 3355 3564 3412 ἐνδιάθετον
3597 3359 3694 3414 τοῦ

428 3465 458 3498 ιι
505 3457 614 3514 quo
660 3441 976 3513 ignoratur,
1027 3437 1072 3493 si
1118 3433 1357 3506 aequales
1395 3440 1526 3489 sunt
1562 3433 1724 3488 ambo
1769 3431 2007 3486 natura?

2115 3426 2324 3503 Πατρδς
2349 3433 2540 3504 Λόγον.
2571 3437 2782 3492 Οὐκοῦν
2811 3439 3028 3496 λέλυται
3071 3443 3133 3497 τὺ
3183 3443 3537 3518 ζητούμενον.
3571 3449 3696 3513 Πῶς

425 3533 533 3606 43
561 3533 697 3587 Cum
727 3543 859 3599 ergo
888 3527 1104 3581 illorum
1134 3523 1284 3578 omni
1313 3537 1380 3577 ex
1405 3530 1557 3591 parte
1583 3520 1725 3574 ratio
1771 3518 2004 3586 laboret,

2115 3520 2218 3594 γὰρ
2248 3522 2278 3574 6
2305 3518 2385 3587 εἷς
2411 3523 2612 3592 διδάξει
2649 3527 2743 3582 τὸν
2773 3528 2981 3600 ἕτερον,
3009 3531 3084 3594 ὡς
3112 3532 3268 3597 εἰδὼς
3295 3535 3372 3606 μὴ
3399 3536 3696 3604 γινώσκον-

428 3634 896 3694 supervacaneum
917 3618 1134 3673 tandem
1157 3617 1265 3671 erit
1293 3613 1608 3670 existimare
1629 3612 1772 3668 inter
1789 3609 2004 3666 Patrem

2115 3628 2201 3679 τα,
2234 3615 2391 3687 εἴπερ
2430 3616 2534 3671 ίσοι
2580 3619 2722 3672 κατὰ
2753 3620 2914 3689 φύσιν
2946 3624 3083 3676 εἰσὶν
3115 3625 3453 3697 ἀμφότεροις
3484 3631 3695 3684 Παντα-

423 3726 478 3771 et
504 3714 706 3769 Filium
726 3709 932 3782 aliquid
958 3707 1319 3772 intercedere,
1350 3719 1416 3760 ac
1436 3718 1546 3759 non
1573 3703 1754 3774 potius
1780 3702 2006 3758 credere

2115 3705 2262 3778 κόθεν
2310 3708 2599 3781 τοιγαροῦν
2642 3711 2993 3777 ἀσθενοῦντος
3033 3715 3128 3768 τοῦ
3171 3717 3302 3790 παρ’
3341 3720 3570 3784 ἐκείνοις
3602 3721 3694 3775 λό-

428 3808 606 3876 ipsum
638 3817 763 3860 esse
803 3801 858 3857 in
886 3799 996 3856 Deo
1022 3798 1187 3854 Patre
1219 3797 1388 3853 Deum
1418 3793 1680 3863 Verbum,
1708 3794 1855 3868 quod
1887 3801 2005 3852 erat

2115 3813 2242 3867 γου,
2293 3799 2568 3872 παρέλκον
2617 3800 2684 3856 ἂν
2747 3803 2830 3875 εῐη
2881 3805 3065 3860 λοιπὸν
3108 3809 3494 3879 μεσιτεύεσθαι
3541 3814 3696 3886 παρά

423 3901 479 3954 λι,
503 3896 798 3970 principio.
2102 3907 2249 3955 τινος
2273 3891 2521 3946 ὑπονοεῖν
2552 3893 2645 3947 τὸν
2676 3894 2827 3960 Υίδν,
2865 3897 2960 3950 καὶ
2987 3899 3107 3968 οὑχὶ
3137 3901 3338 3971 μᾶλλον
3364 3903 3527 3957 αὑτὸν
3554 3899 3694 3958 εἶναι

2105 3983 2384 4039 πιστεύειν
2425 3985 2520 4042 τὸν
2549 3987 2608 4041 ἐν
2652 3986 2773 4060 Θεῷ
2812 3990 2988 4062 ῐΙατρλ⁵
3023 3991 3158 4048 Θεὸν
3196 3995 3398 4064 Λόγον,
3448 3995 3508 4060 ὃς
3534 3991 3603 4067 ἦν
3633 3998 3692 4052 ἐν

2103 4075 2268 4132 ἀργῇ.

493 4157 724 4214 ALIUD.
762 4156 968 4214 Beatus
1001 4154 1210 4213 Paulus
1250 4153 1326 4209 ait
1361 4152 1416 4208 in
1463 4150 1601 4207 Filio
1644 4151 2003 4210 absconditos

2115 4077 2140 4129 lt
2254 4116 2268 4132 .

2143 4077 2379 4225 PEMU.
2430 4170 2520 4223 'Ev
2548 4169 2664 4242 Υίῷ
2713 4189 2878 4244 φησιν
2918 4177 2946 4229 6
2983 4177 3254 4250 μακάριος
3299 4178 3511 4244 Παῦλος
3559 4181 3692 4244 τοὺς

421 4263 546 4304 esse
569 4262 763 4303 omnes
795 4247 1087 4303 thesauros
1129 4241 1415 4316 sapientiae
1451 4249 1506 4297 et
1553 4241 1885 4298 scientiae“.
1933 4241 2004 4296 At

2115 4260 2328 4333 άπάσης
2365 4262 2560 4332 σοφίας
2615 4241 2735 4318 καί
2759 4241 2940 4338 πάσης
2973 4241 3245 4336 γνώσεως
3272 4241 3690 4345 ἀποκεκρύφθαι

422 4340 470 4395 si
506 4340 621 4394 hzec
649 4353 778 4394 vere
801 4337 960 4404 dicit,
996 4337 1272 4409 quomodo
1298 4333 1530 4392 alterius
1557 4333 1804 4391 doctoris
1833 4348 2003 4406 opera

2115 4350 2455 4424 θησαυρούςο
2497 4353 2613 4408 ἀλλ’
2644 4355 2804 4429 εἰπερ
2847 4333 2966 4413 ἐστὶ
2985 4333 3174 4429 ’λέγων
3199 4333 3271 4416 τὰ
3304 4333 3531 4418 τοιαῦτα
3555 4333 3689 4436 άληο

423 4432 605 4502 ipsum
646 4429 896 4501 indigere
929 4429 1272 4500 putabimus,
1299 4435 1396 4482 aut
1429 4426 1486 4482 in
1508 4440 1749 4497 quonam
1781 4423 2001 4482 demqu

2115 4443 2226 4514 θὴς,
2245 4443 2375 4509 πῶς
2407 4444 2472 4499 ἂν
2505 4444 2588 4500 tu
2617 4447 2718 4517 τῆς
2747 4423 2872 4521 παρ’
2906 4423 3093 4522 ἑτέρον
3119 4453 3400 4524 δεδεῆσθαι
3435 4423 3691 4509 διδασκάο

422 4521 670 4577 seientize
710 4520 1108 4592 perfectionem
1175 4518 1560 4588 requiremus,
1623 4517 1671 4572 si
1727 4516 1826 4587 qui
1877 4531 2000 4572 eam

2115 4530 2229 4596 λίας
2265 4516 2682 4606 ὑπονοήσωμεν
2708 4516 2906 4604 αὑτδν,
2955 4516 3014 4610 ἢ-
3041 4541 3100 4594 ἐν
3143 4516 3272 4594 τίνι.
3299 4541 3488 4598 λοιπὸν
3528 4545 3590 4598 τὸ
3631 4547 3690 4598 ἐν

421 4631 642 4670 omnetn
693 4613 862 4669 habet
917 4613 988 4669 ab
1037 4611 1150 4667 alio
1195 4607 1480 4665 docetur!
1528 4609 1809 4680 quomodo
1869 4624 2000 4665 vero

2115 4623 2306 4693 γνώσει
2343 4625 2550 4681 τέλειον
2593 4607 3017 4701 ἐπιζητήσομεν,
3065 4631 3225 4704 εἴπερ
3255 4635 3284 4687 6
3325 4635 3507 4687 πᾶσαν
3547 4635 3688 4705 ἔχων

421 4704 861 4794 εειρίειιιὶετὶηιιιι
895 4709 981 4760 est
1019 4699 1169 4774 quod
1209 4699 1278 4756 ad
1321 4698 1652 4796 sapientiam
1707 4699 2000 4758 eruditur?

2115 4715 2274 4787 αὑτὴν
2303 4717 2432 4788 παρ’
2466 4717 2654 4790 ἐτέρου
2697 4698 2981 4792 adpetit-et;
3028 4722 3147 4787 πῶς
3177 4698 3235 4777 δὲ
3261 4723 3396 4790 ὅλως
3428 4698 3607 4796 σοφία-
3626 4726 3690 4780 τὸ

420 4798 560 4851 Cum
585 4786 765 4851 autem
798 4809 907 4850 non
930 4793 1153 4849 illorum
1179 4791 1364 4864 nugis,
1381 4789 1480 4848 sed
1512 4787 1759 4862 Spiritus
1781 4805 1999 4848 sermo-

421 4889 586 4944 nibus
614 4886 1008 4942 attendendum
1035 4883 1196 4940 nobis
1226 4884 1322 4951 sit,
1346 4882 1674 4955 habeatque,
1705 4892 1767 4940 ut
1793 4884 1998 4942 Paulus

419 4984 518 5048 ait,
553 4979 841 5052 sapientia:
866 4986 922 5035 et
953 4977 1138 5033 omnis
1169 4976 1416 5034 scientiae
1449 4975 1506 5030 in
1544 4977 1734 5049 seipse
1771 4979 1999 5034 thesau-

423 5091 518 5129 ros
562 5075 770 5140 Filius,
825 5089 935 5130 non
983 5072 1053 5128 ab
1096 5071 1208 5127 alio
1261 5071 1505 5142 quodam
1549 5085 1616 5128 ea
1667 5073 1871 5145 accipit
1902 5090 2000 5148 per

419 5183 542 5238 qua!
569 5177 654 5224 est
683 5167 975 5237 sapientia,
1019 5164 1140 5231 sed,
1180 5165 1458 5221 exsistens
1497 5163 1555 5220 in
1589 5163 1773 5233 Patre,
1813 5168 1998 5224 omnia

419 5277 542 5329 quae
569 5270 695 5316 sunt
741 5259 915 5316 Patris
945 5258 1215 5329 agnoscit,
1248 5266 1438 5329 utpote
1476 5259 1750 5331 sapientia
1779 5260 1922 5332 ejus.

488 5517 533 5550 ”
575 5520 594 5575 l
626 5516 757 5575 Cor.
795 5534 830 5574 ιι
853 5559 870 5588 ,
901 5519 1087 5578 ιοοιε.
1169 5523 1218 5557 ’⁸
1254 5523 1376 5581 Col.
1407 5538 1484 5590 ιι,
1512 5525 1567 5582 3.

2104 4807 2464 4879 σοφούμενονς
2510 4811 2730 4884 Ἐπειδὴ
2756 4814 2814 4867 δέ
2845 4815 2906 4868 οὐ
2931 4817 3042 4880 τοῖς
3071 4817 3203 4888 παρ’
3225 4815 3450 4870 ἐκείνων
3481 4815 3688 4886 λόγοις,

2099 4898 2238 4954 ἀλλὰ
2270 4903 2384 4966 τοῖς
2415 4901 2504 4957 διὰ
2537 4904 2631 4959 τοῦ
2665 4905 2984 4977 Πνεύματος
3012 4909 3301 4980 προσέχειν
3340 4909 3490 4979 ἡμᾶς
3521 4911 3689 4978 ἀνᾶγ’

2098 4993 2273 5057 καῖον,
2309 4992 2422 5066 ἔχει
2465 4995 2543 5064 δὲ,
2571 4997 2648 5062 ὡς
2674 5000 2703 5052 6
2734 4998 2945 5063 Παῦλος
2979 5017 3166 5072 φησιν,
3201 5002 3230 5054 6
3259 5001 3386 5065 Υίδς
3433 5004 3560 5066 τοὺς
3588 5002 3689 5073 τῆς

2101 5083 2296 5154 σοφίας
2340 5087 2436 5141 καὶ
2472 5087 2655 5161 πάσης
2685 5088 2940 5159 γνώσεως
2977 5093 3036 5144 ἐν
3066 5090 3245 5163 ἐαυτῷ
3275 5091 3603 5163 θησαυροὺς,
3629 5093 3690 5146 οὑ

2099 5178 2253 5248 παρά
2283 5196 2429 5245 τινος
2461 5180 2652 5254 ἐτέρου
2699 5182 2771 5237 τά
2813 5183 2886 5238 δι’
2933 5178 3010 5238 ὧν
3053 5185 3173 5239 ἐστι
3205 5183 3369 5254 σοφία
3409 5184 3685 5253 γνώσεως,

2097 5268 2237 5324 ἀλλὰ
2265 5269 2528 5344 ὑπάρχων
2553 5275 2612 5327 ἐν
2645 5275 2821 5347 Πατρὶ
2853 5276 3032 5333 πάντα
3061 5277 3322 5348 γινώσκει
3356 5276 3426 5333 τὰ
3453 5275 3545 5330 τοῦ
3576 5277 3688 5331 lla-

2105 5359 2254 5430 τρὸς,
2285 5361 2360 5428 ὡς
2387 5364 2548 5437 σοφία
2581 5365 2774 5423 αὑτοῦ.
