4052 6208
280 305 354 360 ’Π
1384 295 1452 351 ΙΝ
1488 294 1776 352 ιοΑΝΝιε
1813 295 1890 351 EV

1988 288 2261 353 ῖθΕιιυιι
2296 292 2426 355 LIB.
2469 292 2510 348 l.
3489 304 3557 356 τε

903 412 1155 466 ΚΕΦΑΛ.
1189 411 1262 468 E’.

286 510 420 565 Ὅτι
449 503 604 560 κατὰ
629 505 822 574 φύσιν·
848 502 1206 574 δημιουργὸς
1233 507 1266 558 ό
1301 504 1429 570 mc
1448 505 1598 574 μετὰ
1623 504 1871 571 Πατρός,

357 579 439 643 ὡς
465 577 538 629 ἐκ
568 574 679 641 τῆς
719 574 936 638 οὐσίας
969 573 1257 642 ὑπάρχων
1283 573 1492 638 αὑτοῦ,
1527 577 1624 628 καί
1654 577 1767 643 οὐχ
1795 574 1873 640 ὠς

358 645 666 714 ὑπουργὸς
690 644 1323 712 παραλαμϐανόμενος.

277 793 286 800 ,
361 737 570 793 Πάντα
622 734 697 789 δι’
739 733 924 788 αὑτοῦ
972 733 1252 804 ἐγένετο,
1307 733 1406 789 καὶ
1467 734 1647 804 χωρὶς
1691 733 1877 789 αὐτοῦ

277 832 530 901 ἐγένετο
558 827 702 883 οὐδὲ
727 826 816 880 ἓν.

361 921 444 974 Τὰ
474 919 794 972 πολύπλοκα
823 917 932 971 τῶν
962 917 1190 972 ἀνοσίων
1234 916 1526 989 αίρετικῶν
1573 916 1880 988 ἀνατρέψας

289 1009 684 1080 προϐλήματα,
711 1008 803 1060 καὶ
829 1007 1024 1060 λεπτὸν
1043 1009 1172 1078 ἡμῖν
1223 1007 1318 1060 καὶ
1339 1007 1728 1078 ἀκριϐέστατον
1754 1008 1881 1077 περὶ

290 1103 390 1156 τοῦ
418 1101 764 1171 Μονογενοῦς
784 1101 1056 1172 ἐξυφήνας
1085 1101 1175 1153 τὸν
1197 1101 1353 1169 λόγον
1377 1104 1404 1154 ὁ
1427 1102 1695 1172 μακάριος
1720 1101 1882 1168 εὐαγ-

293 1192 590 1262 γελιστὴς,
645 1193 731 1261 ἐφ’
765 1191 958 1262 ἑτέραν
991 1189 1208 1262 ἔρχεται
1242 1190 1337 1244 τοῦ
1387 1191 1630 1244 διαϐόλου
1681 1189 1882 1259 παγίδα

292 1281 776 1351 συμπεπηγμένην
805 1279 865 1344 ἐξ
892 1280 1124 1350 ἀρχαίας
1166 1279 1401 1350 ἀπάτης,
1450 1280 1543 1333 καὶ
1587 1281 1686 1351 τῆς
1719 1279 1882 1334 πολυο

294 1373 425 1427 θέου
457 1373 667 1443 πλάνης
696 1373 758 1426 τὸ
795 1371 1019 1443 κέντρον
1047 1373 1180 1442 ἡμῖν
1222 1373 1625 1437 ἀνατείνουσαν,
1668 1373 1702 1442 ἢ
1750 1371 1881 1424 πολ-

293 1465 426 1529 λοῦς
449 1464 547 1534 μὲν
573 1463 833 1535 τρώσασα
858 1462 1258 1531 καταδέδληκε.
1282 1462 1378 1534 τὴν
1399 1463 1454 1516 δὲ
1481 1463 1580 1532 τῆς
1608 1463 1884 1526 ἀπωλείας

293 1554 420 1609 ὁδὸν
445 1553 770 1624 ἀνευροῦσα,
807 1553 900 1606 καὶ
933 1553 1031 1624 τὴν
1061 1553 1318 1606 πλατείάν
1349 1570 1410 1606 τε
1451 1555 1543 1608 καὶ
1576 1554 1885 1626 εὐρύχωρον

297 1641 653 1695 ἐκπετάσασα
683 1640 777 1696 τοῦ
812 1639 1042 1694 θανάτου
1099 1640 1294 1711 πύλην,
1344 1643 1604 1712 ἀγεληδὸν
1656 1643 1754 1713 μὲν
1803 1645 1883 1708 είς

296 1732 430 1803 ᾅδου
448 1731 547 1794 τὰς
572 1731 679 1784 τῶν
704 1729 1008 1800 ἀνθρώπων
1035 1729 1372 1802 συνεσώρευε
1392 1731 1590 1800 ψυχὰς,
1621 1731 1883 1785 πλουσίαν

295 1824 357 1877 δὲ
410 1823 601 1894 ὥσπερ
621 1823 698 1893 τῷ
727 1821 956 1891 διαϐόλῳ
981 1820 1261 1890 παρετίθει
1287 1821 1510 1893 τροφὴν,
1538 1822 1633 1874 καὶ⁵
1650 1822 1718 1876 τὰ
1742 1820 1883 1894 βρώ-

302 1932 454 1986 ματα
486 1914 636 1984 αὐτῷ
665 1913 940 1984 προσῆγεν
969 1913 1222 1967 ὲκλεκτά.
1271 1913 1489 1984 Ἐπειδὴ
1537 1913 1646 1985 γὰρ
1691 1913 1884 1984 Ἐλλή-

297 2025 411 2061 νων
439 2007 629 2070 παῖδες
668 2008 736 2076 τῇ
768 2004 860 2058 τοῦ
903 2005 1109 2075 κόσμου
1141 2005 1302 2076 σοφίᾳ
1330 2006 1746 2077 προσκείμενοι,
1791 2006 1886 2061 καὶ

299 2099 367 2153 τδ
391 2100 610 2170 πνεῦμα
641 2097 737 2152 τοῦ
766 2098 1024 2169 ἄρχοντος
1054 2097 1147 2151 τοῦ
1177 2097 1372 2161 αἰῶνος
1402 2098 1593 2152 τούτου
1616 2097 1885 2162 πλουσίως

301 2191 516 2261 ἔχοντες
544 2189 626 2252 είς
655 2187 802 2251 νοῦν,
837 2189 916 2250 είς
949 2187 1208 2241 πολύθεον
1250 2188 1615 2259 κατεφέροντο
1651 2188 1884 2260 πλάνην,

300 2283 401 2337 καὶ
431 2282 492 2335 τὸ
525 2281 624 2351 μὲν
653 2280 757 2350 τῆς
789 2278 1046 2346 ἀληθείας
1077 2279 1274 2342 καλλος
1306 2278 1732 2350 ἀπεστρέφοντο,
1772 2284 1886 2348 τοῖς

297 2373 359 2428 δι
383 2375 444 2427 έν
471 2370 630 2442 ἀχλύῖ
663 2369 758 2424 καὶ
793 2368 968 2438 σκότῳ
999 2369 1269 2438 βαδίζουσι
1298 2370 1690 2441 παραπλήσιοι,
1749 2372 1887 2443 πρὸς

298 2465 393 2518 τδν
417 2465 484 2516 ὲκ
512 2463 609 2532 τῆς
633 2460 842 2524 οἰκείας
870 2459 1110 2530 ἀμαθίας
1141 2461 1448 2532 κατῲχοντο
1485 2461 1694 2533 βόθρον,
1728 2462 1886 2516 stoo-

299 2555 419 2618 λοις
446 2554 674 2624 ἀψύχοις
692 2551 1065 2623 λατρεύοντες,
1097 2553 1192 2605 καὶ
1217 2553 1298 2623 τῷ
1327 2553 1425 2623 μὲν
1451 2553 1590 2624 ξύλῳ
1613 2553 1886 2623 λέγοντες·

305 2665 328 2698 ε
349 2645 485 2709 Θεός
515 2661 616 2716 μου
647 2639 699 2697 εί
729 2644 849 2704 σὺ.»
882 2642 959 2712 τῷ
984 2642 1038 2695 δὲ
1063 2642 1217 2714 λίθῳ,
1251 2663 1270 2695 ι
1294 2645 1364 2697 Σὺ
1395 2645 1686 2714 ἐγέννησάς
1721 2662 1788 2716 με
1812 2662 1826 2676 ο
1863 2663 1886 2697 ε

300 2739 483 2809 (caput
541 2736 600 2790 δὲ
656 2735 820 2789 πάλιν
866 2734 1310 2805 πλημμελοῦντες
1370 2735 1440 2788 τά
1497 2736 1737 2806 συγγενῆ
1790 2736 1889 2806 μὲν

305 2828 539 2892 ἐκείνοις
561 2868 579 2894 ,
626 2827 972 2896 ἀστειοτέραν
1025 2824 1072 2878 δ’
1117 2820 1210 2880 οὗν
1271 2827 1419 2896 ὅμως
1482 2826 1890 2896 ἐπιτηδεύοντες

309 2921 550 2989 πλάνην,
569 2921 634 2989 τῇ
669 2918 837 2972 κτίσει
870 2915 1153 2987 λατρεύειν
1185 2917 1355 2988 ᾤοντο
1382 2919 1578 2988 χρῆναι
1607 2917 1759 2988 παρὰ
1796 2917 1888 2972 τὸν

309 3013 592 3076 κτίσαντα,
626 3011 718 3065 καὶ
761 3010 860 3082 τὴν
913 3011 1050 3083 μόνῃ
1103 3009 1420 3080 πρέπουσαν
1466 3009 1626 3075 δόξαν
1666 3010 1734 3080 τῇ
1769 3007 1891 3080 θείᾳ

1892 418 1941 476 Α

2619 409 2774 466 CAP.
2810 408 2876 465 ν.

1978 501 2131 569 Quod
2178 512 2372 555 natura
2420 517 2520 555 sua
2560 511 2771 555 creator
2811 502 2881 555 sit
2931 500 3106 555 Filius
3145 517 3265 556 cum
3312 501 3472 556 Patre
3496 513 3554 558 at

2045 573 2135 642 qui
2170 589 2235 626 ex
2256 573 2370 642 ejus
2419 581 2497 626 est
2531 571 2852 640 substantia,
2889 581 2939 626 et
2969 588 3071 626 non
3103 582 3355 639 tauquam
3395 575 3555 627 mini-

2048 641 2154 696 ster
2176 643 2244 695 ad
2276 641 2331 696 id
2353 651 2676 710 assumptus.

2050 733 2090 795 Ι,
2124 734 2178 789 3.
2229 734 2423 788 Omnia
2470 748 2562 801 per
2610 734 2782 803 ipsum
2813 733 2961 804 facta
3004 743 3157 790 sunt.
3208 743 3258 789 et
3293 735 3405 790 sine
3442 735 3555 803 ipso

1980 823 2182 892 factum
2219 836 2295 880 est
2329 826 2482 880 nihil.

2056 915 2279 972 Eversis
2321 919 2615 987 impiorum
2678 917 3062 972 haereticorum
3116 918 3357 974 versutis
3401 917 3555 989 obje-

1981 1009 2260 1064 ctionibus
2315 1016 2370 1062 et
2411 1009 2596 1063 subtili
2642 1017 2810 1078 atque
2842 1010 3264 1065 accuratissima
3301 1010 3460 1066 nobis
3489 1011 3556 1066 de

1985 1100 2284 1172 Unigcnito
2320 1101 2573 1156 doctrina
2615 1111 2874 1157 contexta
2900 1143 2916 1166 ,
2965 1103 3164 1158 beatus
3215 1103 3555 1173 evangelista

1977 1193 2093 1263 jam
2141 1193 2206 1248 ad
2272 1193 2682 1249 dissolvendum
2749 1194 2983 1249 alterum
3031 1194 3237 1248 diaboli
3296 1192 3553 1264 laqueum

1984 1286 2234 1350 accedit,
2278 1301 2346 1340 ex
2377 1287 2551 1341 veteri
2602 1285 2793 1340 fraude
2833 1293 3179 1354 compactum
3208 1325 3223 1349 ,
3263 1296 3318 1340 et
3365 1300 3558 1340 errore

1983 1376 2369 1446 multiplicium
2403 1376 2632 1431 deorum
2679 1376 2772 1444 qui
2819 1375 2977 1430 nobis
3003 1377 3253 1430 aculeum
3298 1376 3555 1436 intentat,

1985 1483 2098 1538 quo
2126 1467 2348 1536 disjecti
2377 1476 2508 1523 sunt
2549 1468 2706 1521 multi
2737 1467 3033 1530 vulnerati,
3073 1475 3127 1522 et
3173 1468 3399 1523 invento
3430 1483 3560 1538 per-

1985 1557 2216 1611 ditionis
2253 1557 2474 1620 itinere,
2517 1557 2737 1626 lataque
2764 1563 2817 1610 et
2850 1555 3092 1625 spatiosa
3143 1557 3336 1610 mortis
3369 1565 3560 1624 aperta

1982 1648 2174 1719 janua,
2199 1647 2484 1700 hominum
2515 1647 2729 1701 animas
2765 1647 2820 1700 in
2855 1646 3132 1701 infernum
3173 1648 3439 1717 gregatim
3467 1647 3561 1700 de-

1915 1741 2143 1821 Bjecit,
2197 1741 2489 1809 tantasque
2552 1739 2702 1793 velut
2748 1740 2940 1809 epulas
2995 1739 3221 1794 diabolo
3283 1739 3559 1810 apposuit,

1990 1833 2151 1902 eique
2182 1831 2340 1887 cibos
2380 1832 2587 1887 obtulit
2621 1831 2876 1886 eximios.
2905 1829 3039 1884 Nam
3084 1847 3208 1885 cum
3241 1821 3558 1887 Graecorum

1990 1926 2168 1996 pueri,
2234 1925 2528 1980 mundana:
2576 1923 2783 1978 addicti
2842 1924 3152 1994 sapientiae,
3181 1934 3236 1979 et
3303 1925 3560 1995 spiritum

1984 2017 2256 2088 principis
2284 2018 2473 2072 saeculi
2505 2017 2670 2084 hujus
2702 2022 2819 2070 tota
2872 2016 3039 2070 veluti
3089 2023 3271 2070 mente
3301 2016 3564 2071 haurien-

1981 2117 2088 2174 tes,
2119 2107 2185 2162 ad
2210 2108 2417 2162 cultum
2452 2108 2750 2162 multorum
2782 2107 3014 2161 deorum
3049 2105 3213 2160 delati
3269 2114 3478 2170 essent,
3509 2116 3564 2160 ct

1985 2200 2236 2256 veritatis
2298 2200 2520 2271 quidem
2571 2197 3038 2270 pulchritudinem
3086 2197 3346 2261 aversati,
3384 2196 3564 2266 iisque

1985 2291 2197 2348 similes
2235 2291 2328 2363 qui
2382 2293 2437 2346 in
2467 2292 2710 2347 tenebris
2759 2290 3082 2353 ambulant,
3135 2289 3192 2342 in
3242 2288 3565 2358 ignorantiae

1991 2397 2108 2438 suae
2138 2382 2349 2437 foveam
2383 2381 2740 2447 decidissent,
2769 2381 2916 2436 idola
2959 2380 3261 2435 inanimata
3291 2370 3560 2442 colentes,

1987 2482 2038 2526 et
2079 2471 2232 2542 ligno
2267 2471 2486 2542 quidem
2531 2472 2780 2526 dicentes
2818 2472 2908 2524 ’τε
2950 2489 2970 2522 ι
3009 2470 3153 2526 Deus
3181 2486 3335 2526 meus
3369 2487 3429 2527 es
3465 2481 3563 2539 tu;

1986 2569 2041 2617 et
2077 2561 2246 2632 lapidi
2295 2580 2308 2613 :
2347 2560 2430 2614 Tu
2479 2561 2718 2631 genuisti
2766 2575 2884 2625 me;
2926 2579 2946 2611 ε
2980 2559 3091 2632 44
3129 2561 3333 2630 aliique
3373 2561 3560 2616 eadem

1988 2662 2302 2723 peccantes,
2341 2651 2435 2708 sed
2476 2651 2825 2706 urbaniorem
2871 2667 2985 2719 pne
3034 2667 3093 2706 se
3130 2651 3375 2707 ferentes
3406 2668 3563 2707 erro-

1989 2758 2136 2807 rem,
2175 2749 2487 2796 creaturam
2520 2741 2803 2795 colendam
2833 2756 3080 2810 essepra:
3103 2741 3364 2797 Creatore
3398 2751 3562 2812 puta-

1990 2838 2134 2894 rent,
2157 2837 2214 2886 et
2251 2830 2354 2885 soli
2389 2838 2603 2884 natura;
2641 2828 2841 2884 divinae
2879 2829 3108 2898 gloriam
3145 2831 3562 2886 convenientem

1989 2917 2192 2973 creatis
2227 2917 2298 2971 ab
2346 2917 2462 2987 ipsa
2515 2917 2802 2974 elementis
2856 2917 3186 2982 tribuerent,
3248 2919 3565 2974 necessario

1992 3008 2152 3064 nobis
2179 3006 2493 3079 Theologns
2518 3007 2771 3078 opiﬁcem
2803 3007 3106 3063 secundum
3128 3017 3381 3063 naturam
3407 3024 3563 3065 suam

311 3103 508 3174 φύσει,
557 3104 672 3166 τοῖς
721 3101 854 3172 παρ’
898 3101 1082 3165 αὗτοίς
1128 3099 1546 3170 γεγεννημένοις
1591 3099 1722 3172 [τα.
1758 3099 1886 3172 παρ’

1988 3114 2112 3156 esse
2158 3101 2454 3170 persuadet
2505 3101 2897 3169 Unigenitum,
2946 3100 3178 3164 dicens.
3233 3103 3418 3156 omnia
3467 3117 3565 3172 per

305 3195 478 3267 αὐτῆς
516 3195 939 3268 γεγενημένοις]
1005 3195 1320 3267 ἐχαρίζοντο
1369 3191 1682 3263 στοιχείοις,
1723 3191 1892 3260 ἀναγο

308 3289 478 3351 καίως
503 3291 641 3359 ἡμῖν
668 3291 701 3343 ό
731 3288 993 3358 Θιολόγος
1021 3287 1249 3358 ποιητὴν
1279 3286 1411 3340 ιντα
1437 3285 1531 3338 καὶ
1562 3284 1891 3356 δημιουργὸν

307 3380 452 3433 κατά
482 3379 647 3448 φύσιν
680 3381 922 3452 εἰσφέρει
948 3380 1040 3434 τδν
1079 3379 1380 3449 Μονογενῆ,
1420 3375 1597 3430 πάντα
1626 3373 1799 3443 λέγων
1823 3373 1890 3427 δι’

307 3469 474 3524 αὑτοῦ
525 3470 876 3540 γεγενῆσθαι,
912 3470 1009 3523 καὶ
1057 3467 1227 3540 χωρὶς
1274 3465 1441 3522 αὑτοῦ
1493 3464 1657 3536 μηδὲν
1699 3466 1781 3528 είς
1828 3464 1892 3518 τὸ

307 3557 449 3617 εἶναι
493 3561 786 3633 παρελθεῖν
805 3601 822 3625 ,
884 3561 972 3614 ἵνα
1019 3564 1141 3624 ταῖς
1203 3557 1335 3627 παρ’
1383 3555 1607 3610 ἐκείνων
1655 3555 1892 3620 ἀπάταις

307 3651 615 3724 ἀποκλείσῃ
654 3651 754 3723 τὴν
781 3653 861 3716 είς
885 3652 948 3705 τό
975 3651 1164 3723 πρόσω
1194 3648 1444 3721 πάροδον,
1483 3645 1576 3700 καὶ
1608 3645 1757 3720 δείξῃ
1791 3645 1889 3717 μὲν

308 3746 422 3807 τοῖς
459 3744 563 3798 οὐκ
593 3744 758 3798 εἰδόσι
785 3744 876 3798 τὸν
909 3743 1165 3797 ἀπάντων
1193 3739 1594 3810 γενέσιουργδν,
1637 3739 1704 3792 δι’
1729 3733 1805 3792 ὧν
1832 3737 1891 3791 δὲ

308 3836 409 3906 τὴν
441 3835 625 3889 κτίσιν
656 3835 986 3906 πεποιῆσθαί
1017 3851 1170 3906 φησι,
1200 3833 1289 3888 διὰ
1312 3832 1523 3886 τούτων
1551 3831 1727 3887 αὐτῶν
1755 3831 1894 3886 ἐκδι-

309 3927 484 3998 δάσκῃ
531 3927 754 3997 σαφῶς.
801 3929 992 3998 ὅτιπερ
1041 3925 1228 3995 ἕτερός
1269 3925 1385 3978 ἐστι
1426 3923 1558 3996 παρ’
1603 3923 1818 3993 εκείνην
1863 3921 1894 3974 ό

310 4020 450 4090 πρὸς
482 4019 546 4073 τὺ
569 4015 722 4072 ἐἶναι
751 4017 955 4082 καλῶν,
990 4019 1083 4072 καὶ
1116 4017 1341 4088 ἀρρήτῳ
1368 4015 1596 4085 δυνάμει
1623 4030 1894 4085 παρενεγ-

313 4111 430 4163 saltv
461 4112 526 4163 ἐκ
567 4109 642 4181 μὴ
685 4109 855 4163 ὄντων
899 4109 969 4162 τά
1010 4109 1142 4161 ὅντα
1189 4107 1326 4178 πρὸς
1369 4107 1602 4175 γένεσιν.
1639 4101 1746 4158 Ἦν
1785 4105 1895 4177 γάρ

313 4201 467 4257 οὓτω
489 4203 671 4257 λοιπὸν
701 4203 812 4258 ἀπὸ
839 4204 1104 4273 καλλονῆς
1135 4201 1452 4272 κτισμάτων
1497 4203 1776 4270 ἀναλόγως
1803 4201 1895 4254 τὸν

310 4294 569 4364 τεχνίτην
592 4296 749 4366 όρᾷν,
786 4295 881 4348 καὶ
912 4294 1002 4348 τὸν
1034 4295 1166 4348 ὄντα
1200 4293 1322 4346 κατ’
1354 4292 1614 4364 ἀλήθειαν
1644 4289 1896 4359 ἐπιγινώ-

315 4402 474 4439 σκειν
501 4386 657 4448 Θεὸν,
705 4387 771 4440 δι’
806 4378 867 4438 οὗ
897 4387 964 4439 τὰ
994 4387 1172 4440 πάντα
1203 4386 1394 4454 γέγονέ
1427 4401 1486 4438 τε
1515 4383 1638 4455 ἤδη,
1675 4381 1768 4435 καὶ
1801 4397 1894 4448 γε-

313 4476 514 4544 γονότα
563 4443 814 4542 atii-Istat.
871 4478 1000 4541 Ταῖς
1047 4477 1146 4547 μὲν
1179 4443 1294 4531 oi'iv'
1326 4443 1895 4546 'Enﬁvmvrqaeaooila-
1926 4443 1970 4498 θ

313 4569 514 4640 splene,
537 4568 712 4632 οὕτως
738 4570 805 4624 ἂν
831 4566 984 4640 οἶμαι
1016 4570 1196 4634 καλῶς
1223 4571 1316 4625 τδν
1341 4569 1692 4640 εὐαγγελικδν
1719 4586 1894 4640 παρα-

309 4659 581 4724 τάξασθαι
612 4661 788 4729 λόγον,
817 4660 1019 4732 ταύτης
1045 4679 1104 4715 τε
1137 4663 1298 4717 ῑνεκα
1327 4663 1427 4734 τῆς
1460 4663 1638 4725 citius
1661 4659 1896 4732 ’ποιητὴν

312 4751 568 4822 εισῆχθαι
628 4755 724 4806 καὶ
753 4754 1103 4825 δημιουργὸν,
1136 4753 1226 4808 διά
1258 4755 1359 4823 τῆς
1391 4755 1487 4810 τοῦ
1517 4754 1674 4823 ἁγίου
1713 4754 1898 4824 φωνῆς

1991 3189 2172 3260 ipsum
2211 3188 2354 3244 facta
2395 3204 2542 3253 esse,
2574 3200 2627 3245 et
2673 3189 2796 3245 sine
2834 3191 2958 3260 ipso
2996 3191 3130 3246 nihil
3162 3193 3229 3246 ad
3273 3206 3396 3248 esse
3435 3208 3564 3262 pro-

1990 3279 2216 3335 ductum
2242 3318 2257 3344 ,
2289 3287 2347 3334 ut
2389 3295 2580 3335 eorum
2629 3278 2854 3337 fraudes
2895 3279 3216 3336 retunderet
3240 3321 3253 3347 ,
3287 3293 3343 3338 et
3381 3298 3563 3338 rerum

1990 3371 2236 3426 omnium
2269 3379 2554 3426 auctorem
2587 3371 2798 3442 ignaris
2847 3373 3187 3440 ostenderet,
3222 3384 3277 3428 et
3320 3389 3417 3443 per
3445 3390 3568 3444 qua!

1993 3461 2196 3517 factam
2230 3478 2357 3518 esse
2399 3472 2712 3518 creaturam
2760 3465 2876 3530 ait,
2931 3479 3027 3535 per
3083 3465 3198 3521 hac
3248 3465 3366 3536 ipsa
3419 3466 3568 3520 claro

1992 3552 2218 3607 doceret
2249 3554 2418 3608 alium
2444 3569 2566 3609 esse
2596 3555 2664 3609 ab
2691 3555 2808 3625 ipsa
2840 3570 2968 3610 eum
3001 3554 3096 3626 qui
3129 3556 3195 3610 ad
3226 3571 3350 3612 esse
3383 3568 3564 3621 vocat,

1992 3653 2049 3700 et
2082 3644 2347 3701 inell'abili
2371 3646 2574 3702 virtute
2601 3661 2688 3702 res
2723 3663 2754 3704 ο
2776 3647 2949 3703 nihilo
2979 3648 3234 3719 producit
3264 3649 3320 3702 in
3354 3656 3563 3702 ortum.

1993 3734 2110 3792 Hoc
2162 3738 2310 3792 enim
2367 3747 2526 3808 pacto
2589 3753 2655 3793 ex
2730 3739 3142 3809 pulchritudine
3183 3748 3565 3795 creaturarum

1992 3829 2245 3899 opiﬁcem
2299 3830 2669 3886 similitudine
2715 3831 2954 3900 quadam
3005 3845 3235 3886 cernere
3295 3830 3461 3891 licet,
3511 3839 3566 3883 ct

1992 3938 2182 3978 revera
2241 3924 2595 3979 exsistentem
2645 3923 2812 3978 Deum
2866 3938 3201 3993 agnoscere,
3266 3939 3362 3994 per
3407 3939 3566 3994 quem

1993 4015 2177 4070 omnia
2210 4014 2354 4070 facta
2394 4025 2559 4082 sunt,
2593 4024 2648 4070 et
2689 4023 2874 4070 creata
2909 4025 3333 4071 conservantur.
3363 4015 3571 4069 Adver-

1995 4124 2092 4165 sus
2126 4108 2444 4166 Grecorum
2481 4109 2648 4180 igitur
2681 4109 3046 4164 idololatrian:
3083 4116 3228 4164 recte
3274 4109 3377 4163 lioc
3411 4116 3570 4177 pacto

1995 4216 2308 4257 sermonem
2355 4201 2731 4270 evangelicum
2787 4201 2937 4254 velut
2987 4200 3042 4254 in
3094 4199 3267 4254 aciem
3312 4199 3571 4255 eduxisse

1997 4293 2258 4358 arbitror,
2292 4307 2524 4362 eamque
2560 4293 2628 4345 ob
2667 4306 2888 4346 causam
2922 4291 3184 4347 factorem
3222 4303 3276 4345 et
3313 4290 3565 4361 opificem

1999 4392 2275 4441 assertum
2325 4399 2447 4439 esse
2476 4383 2653 4440 sancti
2699 4397 2833 4439 voce
2873 4383 3154 4438 credimus
3194 4381 3567 4452 Unigcnitum.

1998 4475 2459 4545 Quandoquidem
2509 4490 2638 4531 vero
2685 4482 3114 4531 consentaneum
3159 4481 3244 4529 est
3285 4473 3573 4529 btet-ction-

2001 4583 2122 4626 rum
2153 4581 2408 4638 perversa
2437 4575 2744 4623 commenta
2782 4567 2945 4624 etiam
2991 4567 3326 4636 intelligere,
3366 4567 3566 4632 opinor

2002 4659 2078 4716 ad
2099 4659 2316 4724 illorum
2347 4674 2532 4715 mores
2559 4659 2912 4732 respiciendo
2942 4659 3142 4730 subjici
3176 4673 3351 4730 pauca
3377 4673 3575 4713 rursus

2001 4760 2277 4822 oportere.

311 4847 405 4899 ·ὼν
434 4847 713 4920 Μονογενῆ
738 4848 1088 4918 πιστεύομεν.
1133 4846 1348 4919 Ἐπειδὴ
1417 4849 1475 4902 δὲ
1515 4848 1808 4904 ἀκόλουθον
1874 4847 2075 4900 ἐννοεῖν
2098 4844 2214 4926 καὶ
2281 4844 2380 4908 τὰς
2444 4837 2556 4896 τῶν
2597 4843 2889 4913 αἱρετικῶν
2932 4839 3261 4911 δυστρόπους
3304 4837 3574 4908 εὓρεσιλοι

311 4940 462 5008 γίας,
494 4943 791 5013 προσήκειν
826 4941 1068 5014 ἡγοῦμαι
1108 4943 1203 4997 καὶ
1239 4943 1378 5014 πρὸς
1407 4945 1476 4997 τά
1505 4945 1730 4999 ἐκείνων
1753 4939 2161 5004 ἀποϐλέποντας
2194 4939 2290 5010 ῐθη
2329 4939 2500 5010 μικρά
2528 4938 2694 4993 πάλιν
2724 4939 2918 4992 είπεῖν.

384 5030 612 5099 Πάντα,
658 5033 813 5104 φησι,
855 5032 928 5086 δι’
950 5032 1140 5089 αὐτοῦ
1165 5031 1425 5103 ἐγένετο,
1464 5034 1561 5088 καί
1589 5033 1766 5105 χωρὶς
1790 5032 1897 5087 αὑ-

310 5121 424 5175 τοῦ
445 5121 686 5192 ἐγένετο
713 5122 856 5177 οὐδὲ
886 5123 976 5178 ἓν.

384 5213 703 5287 Θεοπρεπὲς
751 5216 846 5268 καὶ
895 5215 1054 5270 τοῦτο
1104 5215 1414 5289 περιτίθησι
1454 5215 1516 5269 τὸ
1555 5216 1772 5288 ἀξίωμα
1816 5217 1896 5288 τῷ

313 5301 452 5372 Υίῷ,
484 5305 578 5357 καὶ
605 5306 942 5375 πανταχόθεν
980 5309 1261 5378 όμοούσιον
1288 5307 1418 5361 ὅντα
1445 5307 1704 5362 δεικνύων
1734 5309 1896 5363 αὐτὸν

307 5394 392 5465 τῷ
432 5396 722 5466 Γεννήτορι
771 5395 912 5467 Θεῷ.
952 5399 1046 5450 καὶ
1087 5399 1262 5454 πάντα
1299 5397 1368 5451 τὰ
1405 5397 1895 5470 ἐκείνῳπροσόντα

309 5487 564 5555 φυσικῶς
596 5488 923 5558 ἐνυπάρχειν
966 5490 1045 5560 τῷ
1069 5491 1365 5562 γεννήματι
1393 5489 1567 5557 λέγων
1592 5503 1606 5516 ·
1657 5491 1742 5545 ἵνα
1763 5491 1897 5557 Θεὸς

306 5580 379 5632 ἑκ
424 5578 560 5630 Θευῦ
609 5579 793 5649 νοῆται
842 5580 982 5634 κατά
1011 5581 1286 5653 ἀλήθειαν,
1338 5581 1398 5635 οὺ
1446 5579 1696 5654 καθάπερ
1738 5584 1904 5656 ἡμεῖς

382 5735 435 5770 ’τ
463 5735 668 5793 Jerem.
705 5752 779 5804 ιι,
805 5738 898 5792 27.

2076 5030 2292 5094 Omnia,
2327 5029 2527 5099 inquit.
2561 5043 2653 5096 per
2682 5028 2854 5096 ipsum
2881 5027 3028 5094 facta
3060 5031 3205 5090 sunt,
3233 5032 3281 5075 et
3306 5024 3420 5076 sine
3458 5023 3574 5094 ipso

2003 5124 2203 5194 factum
2229 5129 2305 5176 est
2333 5118 2487 5173 nihil.

2071 5213 2322 5267 Divinam
2353 5211 2496 5264 hanc
2532 5222 2754 5278 quoque
2789 5204 3113 5274 dignitatem
3167 5199 3308 5254 Filio
3357 5201 3570 5265 tribuit,

2001 5320 2126 5360 cum
2178 5305 2364 5372 ipsum
2409 5299 2561 5354 omni
2591 5313 2655 5352 es
2694 5304 2850 5367 parte
2887 5292 3418 5349 consubstantialem
3451 5310 3572 5349 esss

2003 5397 2111 5452 Deo
2140 5394 2286 5449 Patri
2316 5391 2630 5453 ostendens,
2683 5396 2796 5440 tum
2827 5385 3008 5439 omnia
3040 5383 3307 5437 exsistere
3341 5382 3394 5437 in
3423 5385 3574 5454 geni.

2004 5491 2149 5544 mine
2183 5499 2437 5541 asserens
2462 5523 2476 5546 ,
2520 5493 2860 5557 qumcunque
2891 5475 3040 5530 Patri
3087 5476 3280 5529 insunt
3330 5487 3525 5532 natura
3558 5479 3578 5530 ε’

2004 5590 2064 5636 ιιι
2093 5581 2234 5637 Deus
2263 5578 2330 5633 de
2358 5577 2468 5632 Deo
2493 5574 2832 5645 intelligatur
2862 5584 2984 5628 esse
3015 5583 3230 5637 revera,
3261 5584 3370 5625 non
3408 5571 3554 5626 sicut
