4072 6210
513 366 584 424 85

1502 366 1560 423 S.
1603 364 1881 422 CYRILLI
1921 360 2393 421 ALEXANDRINI
2430 362 2774 419 ARCHIEI‘.‘

3696 371 3767 426 ει

513 489 771 549 tanquam
796 478 1065 535 naturalis
1089 486 1145 536 et
1167 477 1659 538 consubstantialis
1685 496 1748 537 ac
1771 481 2059 537 subsistens

2185 477 2446 548 ἑκάτερος
2466 480 2526 532 ἑν
2551 478 2803 551 ἑκατέρῳ
2822 480 3065 548 φυσικῶς
3086 481 3145 535 τι
3180 482 3296 535 ἔστι
3320 481 3412 536 καὶ
3435 485 3765 555 ἀναγκαίως,

512 574 687 628 virtus
713 572 859 641 ejus.
896 571 1161 629 Similiter
1191 582 1454 644 operante
1504 572 1663 640 Filio,
1700 572 1864 629 Pater
1910 574 2079 629 etiam

510 672 790 735 operatur,
846 672 906 719 ut
952 664 1235 735 operantis
1268 663 1434 721 Verbi
1469 666 1629 731 fons,
1667 667 1892 738 proprio
1920 667 2078 738 geni-

508 752 641 807 mini
683 752 1008 807 naturaliter
1048 752 1414 818 inexsistens,
1465 754 1630 809 sicuti
1677 768 1898 825 quoque
1936 753 2078 825 ignis

508 844 677 899 calori
727 858 891 915 quem
927 859 993 898 ex
1040 859 1100 899 se
1149 845 1348 900 fundit.
1398 845 1631 901 Constat
1682 846 1850 916 igitur
1881 861 2077 901 vanam

504 950 628 990 esse
685 934 1068 989 haereticorum
1129 936 1395 992 adversus
1456 936 1807 1006 Unigenitum
1867 937 2079 991 calum-

506 1026 653 1081 niam
676 1065 691 1091 ,
724 1027 819 1095 qui
849 1026 1142 1097 disciplina
1181 1028 1398 1098 quidem
1435 1028 1613 1098 ipsum
1645 1028 1928 1098 opiﬁcem,
1965 1028 2076 1082 imo

505 1134 637 1173 vero
665 1119 984 1173 ministrum
1012 1119 1201 1183 aiunt,
1228 1135 1295 1175 ex
1325 1133 1391 1174 eo
1429 1119 1573 1189 quod
1618 1119 1844 1189 scripsit
1880 1120 2075 1174 beatus

500 1211 835 1281 evangelista
861 1228 875 1263 :
913 1228 932 1262 ι
963 1209 1160 1264 Omnia
1193 1226 1290 1280 per
1322 1210 1498 1280 ipsum
1526 1209 1669 1264 facta
1701 1218 1853 1277 sunt,
1880 1219 1936 1265 et
1956 1210 2076 1267 sine

502 1304 621 1371 ipso
668 1302 871 1355 factum
922 1312 1007 1356 est
1054 1300 1210 1355 nihil.
1254 1300 1406 1371 iEgo
1451 1310 1633 1356 autem
1689 1316 1799 1355 non
1847 1315 2071 1373 possum

498 1392 635 1446 satis
685 1392 902 1446 illorum
952 1390 1350 1461 impudentiam
1383 1390 1667 1445 admirari.
1719 1389 2074 1461 Quaecunque

496 1482 642 1537 enim
679 1483 746 1537 ad
782 1498 937 1537 suam
978 1490 1215 1537 mentem
1271 1482 1452 1537 facere
1490 1481 1768 1549 videntur,
1793 1491 1845 1537 et
1890 1482 2073 1555 digni-

496 1581 663 1628 tatem
699 1572 975 1644 Unigeniti
1010 1574 1399 1643 quoquomodo
1426 1582 1692 1637 evertere,
1724 1573 2072 1643 eumquein-

496 1664 581 1717 Ira
613 1663 933 1719 Genitorem
979 1664 1275 1728 collocare,
1311 1679 1373 1718 ea
1423 1662 1713 1719 confestim
1763 1664 2066 1735 arripiunt,

495 1764 549 1810 et
594 1756 840 1827 undique
898 1770 1012 1811 sua:
1066 1754 1437 1826 improbitatis
1489 1770 1697 1811 venena
1758 1756 2066 1827 colligunt:

2150 593 2157 596 ο
2187 567 2558 639 ἐργαζομένου
2592 569 2838 641 δηλονότι
2866 569 2961 623 τοῦ
2991 572 3204 642 Πατρός
3233 575 3263 628 δ
3288 573 3413 637 Υἱὸς
3450 575 3765 646 ἐργάζεται,

2185 656 2261 720 ὡς
2280 656 2511 728 δύναμις
2539 658 2745 731 φυσική
2773 675 2835 712 τε
2864 659 2957 711 καὶ
2986 660 3250 731 οὑσιώδης
3290 662 3382 715 καὶ
3408 665 3767 732 ἑνυπόστατος

2184 747 2349 802 αὑτοῦ
2386 765 2401 779 ο
2430 749 2799 820 ἐργαζομένου
2823 749 2880 803 δὲ
2918 751 3120 821 ὁμοίως
3151 751 3245 805 τοῦ
3280 752 3443 818 Υίοῦ,
3475 756 3569 809 καὶ
3596 759 3627 811 ό
3656 759 3765 811 Πα-

2182 839 2290 909 τὴρ
2312 840 2607 910 ἐργάζεται
2624 881 2639 905 ,
2665 841 2741 905 ὡς
2780 840 2936 911 πηγὴ
2966 841 3061 895 τοῦ
3086 841 3546 914 δημιουργοῦντος
3566 848 3763 916 Λόγου,

2182 930 2565 1002 ὶνυπάρχουσα
2599 932 2841 1000 φυσικῶς
2895 931 2978 1003 τῷ
3020 932 3137 1003 ἰδίῳ
3186 936 3518 1007 γεννήματι,
3547 936 3765 1009 ὡσπερ-

2180 1021 2299 1073 ανεὶ
2335 1021 2520 1074 καὶτὸ
2556 1021 2669 1093 πῦρ
2715 1024 2783 1093 τῇ
2820 1020 2881 1086 ἐξ
2926 1021 3093 1075 αὑτοῦ
3137 1024 3402 1097 προϊούσῃ
3445 1025 3761 1097 θερμότητι.

2182 1110 2456 1182 Πρόδηλον
2486 1109 2601 1175 οὖν,
2632 1114 2715 1166 ὃτι
2761 1114 2993 1183 μάταιον
3036 1113 3381 1183 άναπέφαται
3408 1116 3467 1169 τὸ
3502 1118 3644 1171 κατὰ
3664 1119 3760 1173 τοῦ

2180 1203 2516 1271 Μονογενοῦς
2557 1204 2667 1257 τῶν
2695 1204 2762 1257 δι’
2808 1205 3057 1269 ἐναντίας
3087 1207 3471 1278 κατηγόρημα,
3495 1209 3759 1283 δημιουρ-

2179 1292 2275 1362 γὸν
2314 1296 2378 1347 εκ
2413 1294 2725 1366 μαθήσεως,
2753 1294 2953 1365 μᾶλλον
2980 1296 3037 1350 δὲ
3064 1296 3162 1368 ήδη
3206 1299 3302 1351 καὶ
3341 1299 3615 1371 ὑπουργὸν
3646 1305 3760 1355 είσ-

2179 1383 2453 1455 φερόντων
2509 1385 2645 1455 ἡμῖν
2698 1384 2879 1450 αὑτὸν,
2922 1384 3015 1439 διά
3064 1386 3123 1439 τὸ
3165 1386 3328 1454 φάναι
3359 1388 3448 1443 τὸν
3486 1392 3759 1461 μακάριον

2176 1475 2594 1548 εὑαγγελιστήν·
2630 1495 2649 1528 ι
2690 1477 2878 1531 Πάντα
2902 1478 2971 1530 δι’
2991 1476 3157 1531 αὑτοῦ
3201 1479 3437 1547 ἐγένετο,
3464 1482 3555 1534 καὶ
3586 1484 3756 1555 χωρὶς

2176 1568 2340 1622 αὑτοῦ
2373 1567 2589 1637 ἐγένετο
2617 1568 2738 1622 οὑδὲ
2764 1568 2845 1624 ἓν.
2896 1586 2917 1619 ι
2948 1567 3259 1639 Θαυμάξειν
3288 1570 3344 1624 δέ
3375 1589 3468 1641 μοι
3495 1573 3590 1626 καὶ
3634 1574 3755 1630 λίαν

2175 1660 2467 1731 ἐπέρχεται
2514 1660 2641 1725 τοὺς
2687 1659 2937 1724 ἀνοσίους
2982 1660 3319 1732 αἱρετικοὺς.
3346 1663 3428 1716 Τά
3480 1664 3578 1734 μὲν
3617 1666 3751 1738 γάρ,

2175 1750 2274 1803 ὃσα
2325 1751 2624 1822 παραλύειν
2660 1752 2809 1806 δοκεῖ
2836 1766 2953 1813 πως
2982 1750 3168 1815 αὑτοῖς
3198 1751 3293 1806 τοῦ
3323 1754 3661 1821 Μονογενοῦς
3689 1756 3755 1809 τὸ

494 1863 618 1916 quae
651 1862 781 1903 vero
813 1856 960 1902 recte
986 1855 1042 1901 et
1077 1846 1295 1901 sincere
1338 1845 1547 1916 scripta
1580 1852 1741 1910 sunt,
1782 1853 1838 1900 et
1866 1845 1935 1899 ad
1964 1844 2059 1899 Pa-

2170 1842 2406 1914 ἀξίωμα,
2437 1844 2529 1897 καὶ
2566 1843 2816 1914 δεύτερον
2869 1841 3036 1896 αὑτὸν
3082 1844 3413 1914 ἀποφαίνειν
3438 1845 3533 1899 τοῦ
3560 1849 3753 1918 γεννή-

493 1941 596 1997 tris
628 1940 858 2012 gloriam
891 1938 1093 1993 Filium
1124 1938 1428 2004 deducunt,
1473 1951 1537 1993 ea
1586 1946 1737 1994 certe
1782 1938 1893 1992 alto
1927 1952 2069 2009 quc-

492 2033 616 2087 dam
648 2032 890 2086 obruunt
954 2030 1197 2095 silentio,
1231 2030 1434 2101 quippe
1473 2030 1569 2101 qui
1610 2045 1783 2084 unum
1827 2029 1932 2084 hoc
1960 2029 2066 2085 sibi

491 2122 835 2191 prapositum
888 2120 1112 2186 habent,
1163 2120 1214 2175 ei
1262 2119 1586 2187 detrahere,
1645 2134 1807 2191 quem
1874 2134 2067 2176 omnes

488 2214 803 2269 collaudant
832 2220 1119 2269 creaturae.
1149 2212 1452 2268 Audientes
1481 2213 1629 2268 enim
1668 2212 1740 2267 ah
1764 2211 1885 2283 ipso
1918 2211 2063 2267 facta

487 2320 613 2361 esse
642 2305 847 2370 omnia,
882 2304 1312 2361 ministrationis
1335 2319 1534 2360 nomen
1564 2304 1714 2359 illico
1737 2303 2063 2374 subjiciunt,

486 2413 706 2452 servum
731 2412 832 2468 pro
861 2398 1055 2463 libero,
1091 2404 1146 2453 et
1168 2396 1435 2452 famulum
1474 2397 1659 2468 potius
1687 2412 1853 2468 quam
1882 2397 2065 2453 domi-

483 2503 616 2544 num
655 2488 832 2544 lilium
884 2490 1245 2545 somniantes.
1271 2488 1487 2544 Rursus
1532 2503 1681 2555 vero,
1739 2504 1865 2544 cum
1914 2489 2064 2545 acci-

482 2581 640 2651 piunt
686 2581 823 2636 nihil
884 2580 1005 2637 sine
1050 2580 1177 2651 ipso
1225 2580 1432 2635 factum
1470 2595 1628 2647 esse,
1688 2595 1799 2637 non
1845 2581 1910 2635 ad
1953 2595 2063 2635 ma-

481 2688 651 2744 gnum
705 2673 969 2744 quiddam
1022 2683 1077 2729 et
1124 2672 1450 2729 admirabile
1504 2674 1573 2729 de
1628 2673 1751 2743 ipso
1811 2674 2061 2744 cogitan-

480 2766 612 2819 dum
663 2765 910 2819 animum
957 2763 1219 2819 evehunt.
1269 2762 1619 2834 Evangelista
1657 2762 1864 2833 quippe
1924 2763 2058 2817 nihil

479 2859 600 2913 sine
631 2856 755 2926 ipso
784 2856 989 2910 factum
1048 2869 1174 2910 esse
1190 2854 1312 2917 .ait.
1356 2855 1621 2925 quoniam
1672 2854 1833 2909 aliter
1866 2868 2064 2910 creare

479 2964 591 3003 non
619 2956 801 3018 potest
840 2947 983 3003 Deus
1016 2960 1080 3000 ac
1109 2945 1274 3002 Pater
1311 2961 1477 3016 quam
1509 2960 1608 3017 per
1642 2961 1802 3001 suum
1826 2943 2055 3012 Filium,

478 3040 575 3111 qui
613 3039 884 3108 sapientia
921 3047 976 3093 et
1012 3040 1197 3097 virtus
1223 3048 1308 3095 est
1350 3038 1491 3109 ejus.
1521 3036 1738 3094 idcirco
1763 3038 1910 3094 enim
1936 3037 2055 3109 glo-

480 3133 563 3187 ria
598 3130 692 3187 Dei
721 3148 785 3187 ac
816 3131 995 3188 Patris
1020 3140 1107 3188 est
1133 3131 1464 3203 Unigenitus
1488 3151 1504 3187 :
1528 3130 1878 3203 gloriﬁcatur
1905 3130 2053 3193 enim

479 3235 540 3281 ut
577 3233 794 3281 creator
816 3224 1002 3289 Pater,
1030 3238 1126 3294 per
1165 3225 1363 3282 Filium
1405 3226 1666 3281 universa
1700 3238 1959 3294 operans,
2000 3232 2055 3278 et

476 3334 543 3372 ex
580 3317 753 3372 nihilo
793 3316 861 3372 ad
883 3331 1008 3373 esse
1039 3332 1128 3373 res
1158 3317 1497 3384 producens.
1520 3315 1632 3389 48
1663 3315 1773 3372 Sed
1806 3322 1862 3371 et
1892 3313 2051 3380 illud,

483 3428 503 3463 σ
542 3408 673 3464 Sine
702 3409 827 3481 ipso
870 3408 1076 3463 factum
1110 3417 1196 3465 est
1242 3409 1398 3475 nihil,
1435 3428 1454 3461 ι
1494 3408 1563 3464 de
1597 3407 1836 3463 hominis
1877 3405 2054 3461 fabri-

485 3500 706 3555 catione
746 3508 894 3556 recte
938 3499 1207 3569 accipies,
1242 3497 1386 3569 apud
1418 3506 1474 3554 te
1511 3497 1630 3553 haec
1666 3496 2051 3569 perpendens:

484 3609 504 3643 ι
544 3589 839 3645 Faciamus
882 3589 1160 3644 hominem
1200 3588 1267 3643 ad
1317 3588 1613 3658 imaginem
1667 3595 1949 3650 nostram,
1999 3594 2057 3641 et

478 3682 898 3739 similitudinem
927 3682 1003 3738 δ.»
1032 3680 1132 3736 llic
1152 3680 1300 3737 enim
1328 3679 1482 3736 clare
1502 3679 1870 3750 contemplari
1901 3678 2052 3744 licet,

474 3775 613 3829 nihil
655 3788 779 3830 esse
833 3774 889 3828 iu
922 3771 1061 3828 Filio
1106 3771 1316 3827 humile
1346 3778 1612 3843 tanquam
1662 3771 1718 3825 in
1760 3769 2053 3834 ministro,

475 3854 537 3921 tit
613 3866 694 3921 illi
750 3864 945 3920 volunt
1000 3862 1162 3919 :Non
1221 3864 1370 3919 enim
1428 3863 1750 3933 imperando
1813 3860 2057 3932 loquitur

476 3955 661 4013 Verbo
737 3954 884 4013 Deus
962 3970 1029 4010 ac
1096 3955 1259 4010 Pater
1325 3973 1340 4010 :
1407 3952 1515 4010 Fac
1567 3953 1887 4019 hominem,
1958 3950 2054 4008 sed

475 4061 743 4122 tanquam
800 4050 894 4122 qui
941 4048 1246 4104 coexsistat
1299 4047 1602 4104 secundum
1663 4056 1956 4113 naturam,
1998 4052 2055 4100 et

474 4144 755 4199 iudivulse
802 4142 936 4200 insit
983 4151 1336 4214 cooperator,
1378 4148 1438 4195 ut
1482 4140 1823 4210 operationis
1862 4138 1945 4193 sic
1999 4144 2054 4193 et

473 4234 890 4290 deliberationis
937 4233 1061 4289 vult
1135 4248 1260 4289 esse
1312 4232 1665 4303 participem,
1719 4228 2054 4300 cogitatione

472 4320 697 4390 quidem
755 4319 885 4376 Filii
938 4323 1308 4393 cOgnitionem
1369 4337 1481 4377 non
1534 4320 1910 4393 praeveniens,
1954 4321 2050 4376 sed

474 4423 737 4481 tanquam
765 4426 921 4467 meus
962 4412 1235 4469 indivulse
1267 4422 1324 4469 et
1347 4415 1415 4468 ah
1448 4421 1655 4469 aeterno
1690 4411 1961 4483 impresso
1995 4418 2051 4467 et

2167 1956 2346 2011 τορός,
2372 1941 2516 1995 κατά
2546 1957 2608 2010 γε
2629 1940 2721 1993 τὸν
2742 1939 2967 1993 ἐκείνων
2993 1938 3123 1992 ὅντα
3157 1940 3382 2005 σκοπόν,
3408 1941 3581 1996 ταῦτα
3611 1942 3753 2012 μετὰ

2168 2030 2367 2103 πολλῆς
2405 2049 2550 2096 τινος
2597 2031 2869 2103 θηρῶνται
2899 2034 3155 2104 σπουδῆς.
3193 2034 3288 2086 καὶ
3322 2034 3654 2103 πανταχόθεν
3679 2035 3750 2088 τὰ

2163 2121 2265 2192 τῆς
2312 2122 2521 2177 ἑαυτῶν
2562 2123 2889 2194 δυστροπίας
2946 2124 3277 2197 ἐρανίζονται
3330 2124 3594 2195 φάρμακα
3632 2140 3647 2154 ·
3678 2125 3751 2178 τὰ

2164 2212 2221 2267 δὲ
2265 2214 2364 2268 ὅσα
2400 2215 2561 2268 πάλιν
2615 2216 2762 2269 ἐστὶν
2796 2216 2965 2285 ὑγιῶς
3018 2235 3077 2271 τε
3110 2217 3203 2270 καὶ
3234 2215 3409 2287 ὀρθῶς
3457 2217 3747 2286 εἰρημένα,

2164 2306 2259 2358 καὶ
2287 2307 2369 2369 είς
2402 2304 2501 2377 τὴν
2533 2305 2629 2358 τοῦ
2675 2307 2887 2379 Πατρός
2918 2308 3260 2379 ἀναφέροντα
3283 2306 3464 2373 δόξαν,
3498 2307 3559 2360 τὸ
3594 2307 3745 2373 Υίὸν,

2163 2392 2338 2449 ταῦτα
2367 2395 2432 2468 δὴ
2456 2396 2549 2449 καὶ
2580 2397 2729 2467 μάλα
2752 2397 2997 2467 βαθείαις
3026 2398 3462 2470 καταχωννὺουσι
3489 2400 3744 2464 σκοπαῖς,

2162 2484 2351 2557 ὥσπερ
2398 2486 2497 2541 ἱνα
2551 2488 2645 2540 καὶ
2722 2488 2880 2558 μόνον
2928 2489 3141 2561 ἔχοντες
3188 2489 3386 2544 σκοπὸν
3434 2489 3499 2542 τὸ
3546 2488 3744 2542 διαλοι-

2123 2573 2129 2579 ’
2161 2576 2435 2648 δορείσθαι
2474 2578 2651 2649 μάτην
2686 2578 2763 2650 τῷ
2796 2579 2947 2651 παρὰ
2977 2580 3155 2652 πάσης
3182 2580 3617 2650 δοξολογουμένῳ
3643 2578 3749 2650 τῆς

2161 2668 2412 2732 κτίσεως.
2460 2669 2773 2735 Ἀκούοντες
2806 2671 2906 2742 μὲν
2946 2671 3074 2743 γὰρ,
3120 2674 3204 2727 ὅτι
3252 2672 3431 2726 πάντα
3480 2672 3547 2725 δι’
3572 2670 3745 2725 αὑτοῦ

2160 2759 2398 2829 ὲγένετο,
2415 2759 2475 2813 τὸ
2495 2760 2594 2831 τῆς
2619 2762 2923 2833 ὑπουργίας
2951 2762 3123 2833 ὄνομα
3154 2762 3373 2836 θερμῶς
3398 2763 3745 2834 ἐπιφέρουσι,

2158 2850 2347 2907 δοῦλον
2389 2853 2504 2908 ἀντ’
2528 2853 2845 2926 ἐλευθέρου.
2871 2855 2965 2909 καὶ
2998 2855 3361 2929 θεραπευτὴν,
3392 2856 3426 2926 ἢ
3477 2854 3746 2926 δεσπότην

2159 2943 2630 3017 ὀνειροπολοῦντες
2668 2947 2762 3000 τὸν
2809 2948 2957 3002 Υίόν.
3021 2948 3403 3012 Μανθάνοντες
3450 2948 3508 3001 δὲ
3555 2947 3740 3012 πάλιν,

2158 3036 2241 3090 ὅτι
2269 3038 2436 3109 χωρὶς
2468 3039 2633 3092 αὑτοῦ
2668 3038 2885 3108 ἐγένετο
2922 3039 3043 3092 οὐδὲ
3086 3040 3167 3106 ἒν,
3192 3039 3285 3093 ἐπὶ
3326 3038 3385 3092 τὸ
3411 3042 3629 3109 φρονεῖν
3653 3038 3741 3091 ἐπ’

2159 3129 2305 3201 αὑτῷ
2335 3131 2475 3201 μέγα
2523 3148 2574 3184 τι
2611 3131 2706 3184 καὶ
2734 3131 3065 3200 άξιάγαστον
3098 3133 3199 3186 οὑκ
3227 3131 3624 3185 ἁναδαίνουσιν.
3655 3130 3743 3195 Ὠς

2156 3221 2266 3293 γὰρ
2300 3222 2501 3293 ἑτέρως
2530 3224 2592 3277 οὑ
2626 3224 2937 3293 πεφυκότος
2959 3222 3311 3294 δημιουργεῖν
3342 3222 3438 3277 τοῦ
3464 3222 3597 3276 Θεοῦ
3640 3223 3741 3276 καὶ

2157 3314 2410 3387 Πατρός,
2440 3316 2487 3368 εί
2534 3316 2610 3387 μὴ
2641 3315 2729 3370 διὰ
2769 3314 2860 3369 τοῦ
2905 3315 3040 3372 ίδίου
3084 3317 3456 3386 γεννήματος,
3491 3316 3550 3379 ὃς
3593 3318 3742 3370 ἐστιν

2155 3406 2306 3477 αὑτῷ
2358 3406 2517 3477 σοφία
2565 3408 2658 3461 καὶ
2687 3408 2948 3478 δύναμις,
2977 3408 3130 3462 οὐδὲν
3181 3408 3318 3468 ὅλως
3364 3408 3533 3482 χωρὶς
3561 3406 3729 3461 αὑτοῦ

2155 3496 2479 3566 γεγενῆσθαί
2515 3514 2678 3568 φησιν
2704 3499 2733 3551 ό
2761 3498 3174 3568 εὑαγγελιστής·
3197 3497 3284 3551 διὰ
3315 3497 3603 3569 γάρτοῦτο
3628 3496 3726 3550 καὶ

2153 3588 2281 3652 δόξα
2310 3587 2405 3641 τοῦ
2430 3588 2565 3641 Θεοῦ
2609 3590 2702 3642 καὶ
2736 3589 2948 3661 Πατρός
2981 3593 3130 3644 ἐστιν
3158 3592 3190 3644 δ
3216 3591 3554 3659 Μονογενής·
3587 3588 3740 3653 δοξά-

2154 3677 2310 3744 ζεται
2337 3678 2449 3750 γὰρ
2468 3678 2545 3743 ὡς
2572 3679 2923 3752 δημιουργὸς,
2945 3680 3011 3733 δι’
3035 3674 3099 3734 οὗ
3132 3680 3241 3752 [ιον.
3270 3679 3427 3753 Υἱοῦ]
3459 3680 3528 3734 τὰ
3562 3679 3741 3733 πάντα

2156 3770 2414 3842 ἐνεργῶν,
2446 3770 2541 3823 καὶ
2571 3770 2651 3835 είς
2695 3769 2758 3823 τὸ
2790 3766 2932 3824 εἶναι
2977 3770 3047 3824 τὰ
3079 3772 3154 3842 μὴ
3201 3770 3331 3825 ὄντα
3376 3770 3737 3842 παραφέρων.

2154 3860 2364 3933 Νοήσαι
2391 3861 2434 3915 δ’
2450 3862 2516 3916 ἄν
2542 3878 2625 3927 τις
2649 3861 2828 3923 καλῶς
2852 3863 2934 3924 τὸ.
2965 3883 2984 3916 ι
3004 3864 3185 3935 Χωρὶς
3206 3862 3369 3918 αὑτοῦ
3388 3865 3605 3933 ιγένετο
3619 3863 3740 3917 οὐδὲ

2156 3953 2235 4021 ἓν,
2263 3973 2282 4005 ι
2314 3954 2377 4008 τὸ
2408 3956 2695 4026 είρημένον
2723 3955 2815 4008 ἐπὶ
2845 3958 2911 4027 τῇ
2946 3955 3044 4009 τοῦ
3080 3955 3371 4028 ἀνθρώπου
3401 3958 3738 4025 κατασκευῇ,

2156 4044 2277 4099 καθ’
2299 4046 2490 4100 ἑαυτὸν
2508 4044 2908 4116 ἐνθυμούμενος
2926 4064 2941 4079 ο
2980 4066 2998 4099 ι
3035 4048 3360 4119 Ποιήσωμεν
3389 4047 3731 4117 ἄνθρωπον.»

2155 4139 2340 4208 φησὶν,
2377 4158 2395 4190 ι
2426 4141 2547 4193 κατ’
2574 4139 2758 4193 είκόνα
2799 4140 3072 4211 ἡμετέραν
3124 4141 3218 4193 καὶ
3250 4141 3371 4194 καθ’
3404 4139 3682 4210 ὁμοίωσιν.
3710 4154 3733 4188 ι

2158 4230 2373 4296 Ἔξεστι
2413 4232 2522 4302 γὰρ
2554 4233 2612 4285 ὲν
2657 4232 2833 4303 τούτῳ
2874 4232 2938 4302 δὴ
2973 4231 3206 4301 μάλιστα
3240 4229 3609 4286 καταθεᾶσθαι
3641 4245 3737 4282 σα·
3828 4226 3839 4237 ⁸

2155 4322 2272 4393 φῶς
2324 4322 2477 4375 οὑδὲν
2506 4322 2566 4375 ὲν
2601 4321 2715 4391 Υίῷ
2759 4320 3048 4384 ταπεινὸν,
3082 4320 3159 4381 ὼς
3206 4321 3264 4371 ὲν
3304 4318 3565 4390 ὑπουργῷ
3595 4314 3739 4370 κατὰ

2153 4415 2246 4469 τὸν
2305 4414 2530 4468 ἐκείνων
2598 4413 2787 4482 λόγον·
2831 4413 2891 4465 οὑ
2940 4412 3069 4484 γὰρ,
3135 4412 3371 4480 Ποίησον
3423 4410 3735 4479 ἄνθρωπον,

474 4502 644 4556 insito
666 4498 850 4555 Verbo
905 4503 1287 4558 manifestata.
1336 4502 1552 4558 Rursus
1606 4512 1787 4558 autem
1835 4517 1957 4573 quae
1982 4502 2049 4557 de

2160 4506 2430 4560 ἐπιτάττει
2458 4504 2538 4576 τῷ
2568 4504 2728 4575 Λόγῳ
2755 4504 2784 4556 ὁ
2813 4503 2947 4566 Θεὸς
2992 4504 3087 4557 καὶ
3122 4503 3333 4573 Πατὴρ,
3374 4500 3491 4555 ἀλλ’
3515 4500 3590 4563 ὡς
3612 4517 3737 4553 συν-

476 4586 585 4641 Dco
635 4585 901 4643 dicuntur
954 4588 1115 4659 longe
1160 4603 1327 4658 supra
1380 4591 1629 4659 exempla
1686 4592 1866 4660 posita
1925 4606 2051 4646 esse

474 4678 754 4734 fatendum
793 4689 898 4736 est.
931 4679 1228 4751 Ccoperari
1269 4686 1451 4734 tamen
1483 4678 1624 4733 Filio
1660 4680 1879 4734 Patrem
1910 4681 2049 4735 dici-

473 4786 629 4835 mus,
661 4786 773 4826 non
801 4771 1034 4828 seorsim
1067 4771 1208 4827 duos
1244 4770 1640 4841 intelligentes,
1677 4785 1745 4825 ne
1779 4769 1889 4825 duo
1912 4788 2047 4827 cen-

476 4870 706 4918 seantur
731 4878 855 4918 esse
882 4861 990 4927 Dii,
1025 4879 1125 4919 nec
1156 4879 1326 4918 unum
1346 4872 1645 4932 utrumque
1664 4862 1853 4926 simul,
1886 4879 1955 4919 ne
1987 4864 2063 4919 in~

473 4955 693 5009 Patrem
744 4952 950 5021 Filius,
998 4963 1053 5010 et
1091 4954 1255 5011 Pater
1303 4954 1361 5009 in
1408 4953 1607 5009 Filium
1657 4955 2041 5017 contrahatur,

481 5046 574 5103 sed
627 5046 722 5101 illo
760 5047 947 5119 potius
996 5047 1158 5103 modo
1198 5061 1309 5119 quo
1358 5044 1635 5117 splendori
1688 5047 1915 5102 luminis
1958 5047 2046 5101 lu-

470 5155 594 5193 men
639 5138 825 5196 inesse
861 5139 1113 5196 creditur
1160 5154 1226 5195 ex
1266 5155 1375 5211 quo
1414 5138 1678 5211 splendor
1722 5138 1950 5195 etl'ulsit.
1989 5138 2044 5195 In

472 5232 560 5286 his
585 5233 731 5287 enim
757 5232 1090 5303 cogitatione
1114 5231 1336 5302 quidem
1370 5232 1614 5303 separari
1639 5232 2046 5303 quodammodo

471 5320 695 5376 videtur
728 5322 781 5377 id
813 5323 957 5393 quod
995 5324 1170 5395 gignit
1200 5323 1271 5379 ab
1300 5337 1367 5379 eo
1390 5323 1537 5394 quod
1565 5323 1832 5396 gignitur,
1869 5332 1923 5380 et
1955 5324 2040 5379 in-

472 5410 826 5467 dirisibiliter
865 5414 1049 5484 prodit
1076 5435 1090 5471 :
1123 5414 1219 5472 sed
1245 5430 1413 5470 unum
1436 5422 1520 5471 est
1549 5428 1615 5469 ac
1655 5414 1797 5471 idem
1830 5422 2043 5469 utrum-

473 5515 582 5568 que
612 5501 775 5557 simul
806 5516 1023 5568 natura.
1059 5522 1161 5563 nec
1185 5508 1416 5563 alterum
1453 5507 1573 5563 sine
1603 5506 1779 5563 altero
1812 5521 2044 5577 usquam

475 5599 580 5647 est.
613 5590 721 5649 Sed
755 5594 869 5650 haec
893 5613 1088 5654 rursus
1108 5597 1252 5655 Deus
1277 5608 1536 5673 superat,
1574 5598 1879 5671 praesertim
1916 5612 2044 5654 cum

548 5773 571 5807 ⁸
608 5770 742 5828 Gt‘ll.
780 5790 829 5843 ι,
865 5773 951 5829 9-6.

2150 4597 2281 4652 όντα
2328 4596 2470 4651 κατὰ
2496 4596 2675 4665 φύσιν,
2711 4597 2807 4651 καὶ¹
2836 4595 3172 4657 ἁδιαστάτως
3199 4595 3574 4664 ἐνυπάρχοντα
3608 4608 3736 4644 συν-

2148 4689 2407 4759 εργάτην,
2430 4686 2619 4758 ῶσπερ
2641 4690 2899 4752 ἐποιεῖτο,
2936 4686 3029 4740 καὶ
3061 4686 3162 4753 τῆς
3207 4685 3295 4736 ἐπ’
3318 4682 3588 4753 ἀνθρώπῳ
3612 4682 3735 4749 βουο

2146 4781 2354 4852 λήσεως
2398 4783 2709 4849 κοινωνεῖν,
2741 4783 2804 4835 οὑ
2849 4780 3243 4851 προλαμϐάνων
3281 4777 3379 4847 μὲν
3418 4778 3518 4846 τὴν
3552 4777 3609 4827 ὲν
3655 4773 3736 4843 τῷ

2146 4872 2260 4943 Υίῷ
2293 4871 2496 4937 γνῶσιν
2525 4872 2583 4927 ἐν
2612 4873 2691 4944 τῷ
2730 4890 2788 4927 τι
2835 4876 2998 4935 νοεῖν,
3030 4872 3105 4936 ὡς
3142 4871 3200 4925 δὲ
3230 4869 3354 4931 νοῦς
3396 4866 3735 4929 ἀδιαστὰτως

2139 4979 2200 5015 τε
2248 4962 2343 5016 καὶ
2375 4962 2618 5032 ἀχρόνως
2644 4961 2722 5033 τῷ
2750 4962 3215 5034 ὲγκεχαραγμένῳ
3257 4960 3350 5013 καὶ
3377 4958 3737 5027 ὲνυπάρχ›ντι

2150 5050 2309 5121 Λόγῳ
2356 5051 2777 5122 φανεροῦμενος.
2814 5053 2998 5107 Ἔστω
3040 5053 3098 5106 δὲ
3152 5052 3313 5105 πάλιν
3343 5052 3486 5123 ὑπὲρ
3514 5049 3613 5121 τὴν
3641 5047 3735 5101 τοῦ

2151 5142 2593 5214 παραδείγματος
2627 5143 2857 5214 δύναμιν
2905 5144 2974 5198 τὰ
3024 5145 3300 5215 θεοπρεπῆ
3354 5144 3730 5215 θεωρήματα·

2152 5232 2576 5307 συνεργάζεσθαι
2602 5235 2673 5288 ’δέ
2718 5252 2900 5307 φαμεν
2942 5235 3107 5290 αὑτοῦ
3135 5236 3240 5307 [ῑσ.
3276 5232 3563 5305 αὑτὸν]τῷ
3598 5232 3733 5301 Titi),

2149 5327 2248 5398 οὑχ
2276 5326 2351 5390 ὡς
2376 5325 2467 5379 δύο
2486 5325 2731 5391 νοοῦντες
2760 5328 3123 5400 διῃρημένως,
3149 5328 3235 5381 ἴνα
3272 5328 3345 5397 μὴ
3376 5326 3469 5379 δὺο
3504 5324 3735 5379 νοῶνται

2149 5417 2285 5485 θεοὶ,
2320 5417 2428 5471 οὐδ’
2457 5418 2532 5482 ὡς
2573 5416 2632 5471 ἓν
2672 5418 2733 5471 τὸ
2763 5420 3190 5492 συναμφότερον.
3224 5422 3312 5473 ἵνα
3341 5420 3479 5489 μήτε
3515 5418 3593 5479 εἰς
3622 5416 3733 5469 [la-

2148 5510 2284 5581 τέρα
2319 5507 2467 5573 Υἱὸς,
2502 5510 2640 5581 μήτε
2666 5508 2772 5580 μὴν
2800 5512 2829 5563 ό
2857 5511 3048 5581 Πατὴρ
3078 5514 3157 5575 είς
3198 5512 3325 5565 Υίὸν
3357 5508 3733 5575 συστέλληται,

2150 5601 2285 5656 ἀλλὰ
2329 5601 2529 5672 μᾶλλον
2567 5601 2811 5667 ἐκείνως,
2856 5602 2932 5667 ὡς
2975 5604 3041 5658 ἄν
3090 5622 3171 5669 τις
3212 5604 3326 5673 δοίη
3375 5603 3611 5656 συνεῖναι
3656 5595 3731 5669 τῷ
