4052 6208
321 264 389 324 85
1395 259 1460 315 IN
1493 257 1784 316 .IOANNIS
1809 253 2266 314 EV’ANGELIUM
2294 254 2425 313 LIB.
2461 252 2502 312 I.
3522 257 3595 316 κε

316 390 380 439 ἐκ
406 383 587 456 φωτὸς
607 379 1029 452 ἀπαυγάσματι,
1047 378 1107 434 τὸ
1128 378 1190 445 ἐξ
1204 373 1376 452 οὗπερ
1400 377 1750 452 ἔξηστράφθη
1772 379 1913 449 φῶς.

2025 378 2094 436 sit
2139 392 2312 449 supra
2360 371 2772 444 substantiam,
2823 391 2926 434 nec
2962 382 3221 431 accurata
3259 372 3368 428 ulla
3411 373 3486 431 sit
3537 393 3600 433 ac

330 477 422 530 ‘Ev
452 474 566 544 γὰρ
593 477 708 540 τοῖς
740 471 1006 538 τοιούτοις
1035 471 1367 544 χωρίζεσθαι
1403 471 1502 543 μέν
1536 487 1653 535 πως
1700 469 1915 541 ἐπινοίᾳ

312 566 462 618 δοκεῖ
488 564 548 626 τὸ
575 563 783 633 γεννῶν
815 563 910 617 τοῦ
941 562 1306 633 γεννωμένου,
1323 563 1418 616 καὶ
1443 554 1920 633 προεκκύπτοντος

313 655 630 728 ἀμερίστως
656 673 669 687 ο
697 655 756 710 ἓν
784 655 842 709 δέ
877 657 1025 710 ἐστιν
1060 655 1154 710 καὶ
1186 653 1381 709 ταυτὸν
1419 657 1485 727 τῇ
1515 653 1674 724 φύσει
1698 651 1758 706 τὸ
1788 669 1914 706 συν-

313 747 651 820 αμφότερον,
684 748 781 801 καὶ⁸
805 748 927 819 δίχα
962 747 1058 801 τοῦ
1102 749 1293 820 ἑτέρου
1322 746 1383 800 τδ
1409 745 1599 818 ἕτερον
1627 744 1878 815 οὐδαμῶς
1897 759 1913 774 ⁵

314 835 468 888 ἔσται
487 835 545 889 δὲ
578 835 744 890 πάλιν
765 835 859 889 καλ⁸
886 836 1028 907 ὑπὲρ
1051 835 1211 889 τοῦτο
1231 835 1384 906 Θεὸς,
1408 835 1504 890 ἅτε
1536 835 1600 907 δὴ
1624 836 1719 889 καὶ
1747 835 1916 906 ὑπερ-

313 927 504 991 ούσιος
540 927 639 992 ὢν,
663 928 759 982 καὶ
796 929 858 982 τὸ
887 929 1074 1000 ἄκρως
1100 929 1420 1000 προσεοικὸς
1452 929 1554 983 ούκ
1583 929 1720 998 ἔχων
1741 928 1800 981 ὲν
1826 945 1918 996 γε-

314 1023 519 1090 νητοῖς,
543 1021 633 1075 ἵνα
651 1021 717 1093 δὴ
742 1022 838 1077 καὶ
858 1023 938 1085 είς
966 1021 1152 1076 είκόνα
1179 1020 1532 1094 λαμὸάνηταί
1559 1038 1613 1074 τι
1633 1021 1734 1092 τῆς
1750 1019 1914 1088 ἁγίας

314 1113 568 1184 Τριάδος,
597 1114 752 1167 οὐδὲν
776 1114 1007 1185 ἔχουσαν
1036 1114 1097 1168 τὺ
1126 1113 1461 1180 διαλλάττον,
1487 1112 1564 1176 ὡς
1592 1113 1675 1177 εις
1706 1111 1916 1184 δογμά-

313 1221 426 1256 των
444 1205 752 1276 ἀκρίϐειαν.
780 1207 844 1259 El
871 1207 928 1260 δὲ
948 1205 1229 1276 νομίζουσι
1259 1205 1518 1260 δύνασθαι
1565 1204 1647 1270 τὸ,
1696 1203 1772 1258 δι’
1816 1199 1913 1279 οὗ,

313 1293 615 1368 λεγόμενον
646 1297 732 1366 έφ⁹
773 1296 937 1360 Υἰοῦ,
973 1297 1306 1369 καταφέρειν
1356 1296 1523 1351 αὐτοῦ
1577 1296 1677 1367 τὴν
1723 1295 1914 1350 ούσίαν

314 1385 418 1456 τῆς
441 1385 579 1457 πρὸς
614 1386 708 1440 τὸν
739 1385 955 1456 Πατέρα
981 1385 1225 1455 ἰσότητος
1253 1401 1313 1439 τε
1341 1385 1436 1438 καὶ
1471 1385 1706 1456 φυσικῆς
1730 1385 1914 1456 ὁμοιό-

314 1495 502 1550 τητος,
527 1477 604 1543 ὡς
634 1479 908 1551 ὑπουργὸν
935 1473 1074 1533 εἶναι
1108 1477 1330 1549 μᾶλλον,
1363 1477 1396 1548 ἦ
1425 1476 1779 1549 δημιουργόν,
1800 1477 1915 1532 δια-

317 1569 751 1625 σκεπτέσθωσαν
788 1573 838 1624 οί
889 1570 1243 1643 παράφρονες
1265 1609 1282 1636 ,
1331 1568 1426 1624 καὶ
1470 1570 1550 1634 είς
1579 1568 1743 1640 μέσον
1784 1569 1916 1640 ἡμῖν

314 1661 568 1732 ἡκόντων
590 1661 1076 1735 ἀπολογησόμενοι,
1103 1661 1156 1716 τί
1181 1678 1312 1716 ποτε
1344 1661 1451 1734 ἄρα
1478 1662 1571 1716 καὶ
1595 1663 1723 1733 περὶ
1749 1661 1915 1716 αὐτοῦ

2023 468 2270 542 perfecta
2294 469 2351 524 in
2389 468 2556 526 rebus
2590 469 2797 527 creatis
2825 469 3134 526 similitudo
3165 483 3275 540 qua
3303 467 3370 522 ad
3411 469 3602 537 expri-

2023 561 2285 618 mendam
2333 568 2542 618 sanctae
2590 559 2879 618 Trinitatis
2923 562 3219 632 imaginem
3277 559 3361 616 uti
3421 559 3603 630 possi-
3689 620 3692 621 ν

2023 669 2170 709 mus.
2207 652 2368 720 Quod
2409 654 2455 711 si
2488 654 2812 711 existiment
2841 655 2999 723 illud,
3027 670 3120 724 per
3143 671 3326 725 quem,
3365 653 3435 710 de
3460 652 3604 709 Filio

2021 744 2268 811 dictum,
2310 745 2681 802 substantiam
2725 746 2846 817 ejus
2874 747 2942 802 de
2974 746 3286 817 equalitate
3327 755 3382 802 et
3435 755 3601 800 natu-

2022 837 2122 890 rali
2176 836 2544 894 similitudine
2587 854 2712 895 cum
2762 835 2927 894 Patre
2973 837 3234 908 dejicere,
3277 838 3352 893 ita
3393 845 3454 894 ut
3498 838 3604 894 mi-

2021 934 2205 984 nister
2246 927 2318 984 sit
2361 929 2546 999 potius
2589 945 2756 1000 quam
2789 936 3028 996 creator,
3059 929 3126 986 ad
3157 945 3217 986 se
3253 930 3480 986 redeant
3519 931 3605 986 in-

2022 1021 2168 1089 sani,
2199 1031 2252 1076 et
2301 1021 2356 1076 in
2414 1021 2655 1078 medium
2705 1021 2974 1094 prodeant
3024 1023 3186 1080 nobis
3236 1025 3602 1094 responsuri,

2019 1111 2287 1184 quidnam
2327 1112 2396 1170 de
2435 1113 2553 1184 ipso
2589 1111 2751 1170 Patre
2798 1114 3019 1170 tandem
3055 1115 3353 1186 cogitaturi
3390 1115 3602 1180 simus.

2021 1213 2076 1259 ct
2119 1219 2414 1275 quemnam
2470 1205 2650 1276 ipsum
2685 1221 2808 1261 esse
2838 1207 3183 1277 suspicaturi
3231 1207 3442 1273 simus,
3474 1224 3604 1264 eum

2022 1303 2207 1366 pateat
2239 1296 2406 1351 verba
2439 1296 2555 1361 illa,
2581 1312 2671 1364 per
2705 1312 2894 1366 quem,
2940 1296 3047 1368 ipsi
3084 1298 3252 1354 etiam
3284 1313 3315 1352 a
3348 1296 3602 1369 Scriptu-

2023 1401 2082 1440 ra
2113 1387 2301 1442 divina
2361 1387 2810 1442 accommodari?
2843 1407 2860 1439 ι
2894 1385 3096 1445 Fidelis
3129 1390 3299 1455 enim,
3327 1409 3345 1442 ι
3381 1389 3561 1461 inquit
3583 1430 3600 1455 ,

2029 1496 2047 1530 ι
2087 1477 2235 1535 Deus
2256 1522 2270 1542 ,
2301 1494 2398 1549 per
2429 1495 2592 1550 quem
2625 1479 2809 1534 vocati
2851 1479 2988 1536 estis
3021 1479 3075 1534 in
3121 1481 3437 1537 societatem
3477 1479 3602 1538 Filii

2023 1572 2145 1644 ejus
2163 1574 2208 1630 '.
2246 1592 2265 1626 ι
2310 1573 2418 1630 Et:
2464 1593 2483 1626 ι
2517 1572 2722 1628 Paulus
2757 1573 3044 1645 apostolus
3076 1572 3208 1630 Jesu
3265 1575 3472 1631 Christi
3509 1592 3605 1646 per

2024 1666 2364 1722 voluntatem
2425 1665 2516 1722 Dei
2541 1667 2583 1720 ⁸.
2622 1685 2640 1717 ι
2701 1666 2864 1732 Item,
2910 1663 3116 1721 Paulus
3174 1666 3242 1720 ad
3301 1667 3604 1723 nonnullos

315 1751 415 1806 τοῦ
447 1751 659 1826 Πατρὸς
685 1754 1048 1823 ὲννοήσομεν;
1073 1752 1194 1806 τίνα
1217 1753 1274 1806 δὲ
1307 1748 1448 1807 εἶναι
1472 1753 1565 1806 καὶ
1593 1752 1754 1807 αύτδν
1785 1753 1920 1806 ὐπο-

2025 1758 2226 1815 scrihit
2259 1773 2272 1809 :
2312 1777 2331 1811 ι
2364 1759 2556 1827 Itaque
2601 1757 2716 1828 jam
2760 1773 2870 1812 non
2899 1774 2961 1815 es
2992 1775 3220 1823 servus,
3260 1757 3356 1815 sed
3401 1757 3550 1814 illius
3585 1779 3598 1814 :

313 1843 626 1915 ληψόμεθα,
669 1846 798 1900 ὅταν
826 1847 1079 1918 φαίνηταί
1114 1844 1403 1915 δεχόμενος
1428 1843 1509 1912 τὸ,
1542 1845 1616 1898 δι’
1639 1839 1736 1908 οὗ,
1767 1843 1920 1915 παρὰ

314 1943 384 2010 τῇ
414 1940 538 2011 θείᾳ
563 1939 790 2010 Γραφῇ;
828 1956 846 1990 ι
883 1937 1078 2001 Πιστὸς
1129 1938 1259 2009 γὰρ,
1299 1956 1318 1990 ι
1353 1937 1538 2006 φησιν,
1568 1953 1587 1987 ι
1620 1937 1650 1990 ό
1679 1935 1918 1999 Θεδς,δι⁹

315 2023 380 2084 οὗ
402 2029 669 2101 ἐκλήθητε
685 2030 766 2093 είς
788 2028 1071 2082 κοινωνίαν
1085 2027 1179 2081 τοῦ
1203 2027 1332 2082 Υίοῦ
1354 2027 1540 2081 αὑτοῦ·
1568 2045 1586 2079 ι
1609 2027 1721 2092 καὶ,
1741 2045 1758 2078 ι
1773 2023 1920 2080 Παῦε

316 2126 411 2189 λος
443 2122 744 2186 ἀπόστολος
778 2120 953 2193 Ἰησοῦ
981 2120 1218 2193 Χριστοῦ
1245 2120 1334 2175 διὰ
1367 2119 1671 2190 θελήματος
1697 2117 1857 2173 Θεοῦ.
1891 2136 1910 2170 s

317 2216 432 2270 Kal.
463 2213 629 2268 πάλιν
668 2213 806 2284 πρός
847 2229 1000 2276 τινας
1024 2214 1053 2265 ό
1095 2210 1304 2276 Παῦλος
1346 2209 1679 2264 ἐπιστέλλει⁹
1704 2226 1723 2259 ι
1756 2209 1919 2262 ’Ὥστε

314 2307 505 2360 ούκέτι
538 2299 592 2358 εἷ
626 2301 836 2368 δοῦλος,
875 2302 1013 2357 ἀλλὰ
1057 2302 1174 2366 υἱός
1197 2317 1213 2332 '
1239 2303 1289 2356 εί
1333 2302 1391 2356 δὲ
1431 2301 1566 2365 υίὸς,
1595 2299 1691 2355 καὶ¹
1724 2299 1922 2371 κληρο-

317 2399 485 2470 νόμος
516 2395 607 2450 διὰ
636 2394 797 2448 Θεοῦ.
847 2393 1034 2447 Ταῦτα
1077 2393 1142 2463 δὴ
1183 2392 1480 2464 σύμπαντα
1505 2391 1606 2461 τὴν
1641 2390 1922 2461 ἀναφορὰν

315 2493 399 2555 είς
431 2489 492 2545 τὺ
529 2489 626 2543 τοῦ
662 2486 802 2540 Θεοῦ
834 2487 927 2539 καὶ
961 2485 1175 2558 Πατρός
1219 2484 1335 2556 ἔχει
1397 2485 1709 2556 πρόσωπον,
1735 2483 1828 2536 καὶ
1859 2482 1921 2536 οὐ

316 2582 494 2653 δήπου
520 2580 661 2652 πρὸς
682 2577 843 2633 τοῦτο
867 2578 1064 2650 μανίας
1087 2575 1300 2632 ἐλάσειε
1329 2594 1435 2642 τις,
1457 2577 1506 2630 εί
1531 2575 1608 2648 μὴ
1633 2575 1787 2647 τύχοι
1807 2577 1924 2639 τοῖς

322 2672 754 2746 προειρημένοις
796 2672 866 2725 τὰ
897 2661 988 2724 ισά
1025 2668 1261 2742 φρονῶν,
1289 2668 1366 2732 ὡς
1387 2667 1447 2722 τὸ
1483 2668 1583 2738 τῆς
1616 2667 1924 2738 ὑπουργίας

320 2765 498 2836 δνομὰ
522 2781 585 2818 τε
614 2765 711 2816 καὶ
744 2765 1000 2834 πρᾶγμα,
1032 2760 1128 2814 καὶ
1162 2759 1334 2830 αὐτῆς
1365 2756 1789 2830 κατηγορεῖσθαι
1823 2757 1924 2828 τῆς

325 2857 423 2912 τοῦ
465 2855 676 2928 Πατρδς
716 2856 874 2928 δόξης
912 2853 1150 2923 εὐλόγως
1202 2854 1410 2918 εἰπεῖν,
1447 2851 1674 2923 ἐπείπερ
1723 2849 1926 2920 ἠνέχθη

328 2950 429 3004 καὶ
473 2949 560 3002 ἐπ’
576 2946 741 3001 αὐτοῦ
786 2947 868 3010 τὸ,
907 2948 986 3001 δι’
1019 2941 1116 3002 οὗ.
1173 2944 1482 3015 ’Δδιαφορεῖ
1518 2942 1629 3014 γὰρ
1689 2940 1801 2995 ἐσθ’
1835 2941 1926 2994 ὅτε

325 3039 457 3112 περὶ
500 3037 601 3104 τὰς
649 3038 826 3104 λέξεις
853 3041 888 3110 η
918 3036 1039 3093 θεία
1085 3035 1314 3108 Γραφὴ,
1354 3034 1520 3106 μηδὲν
1555 3031 1818 3088 ἁδικοῦσα
1864 3030 1926 3085 τὸ

2021 1849 2167 1920 quod
2190 1849 2237 1904 si
2267 1848 2436 1915 ﬁlius,
2463 1856 2518 1905 et
2545 1850 2724 1905 haeres
2757 1866 2852 1920 per
2875 1848 3105 1906 Deum".
3134 1869 3152 1902 ι
3173 1848 3368 1906 Omnia
3401 1852 3605 1923 quippe

2021 1942 2137 1996 haec
2182 1939 2501 1996 referuntur
2552 1941 2618 1996 ad
2665 1957 2956 2012 personam
3001 1941 3092 1996 Dei
3133 1956 3199 1996 ac
3249 1940 3467 2009 Patris,
3505 1959 3603 1998 ne-

2021 2049 2129 2107 que
2178 2048 2314 2090 sane
2369 2049 2438 2090 eo
2495 2033 2786 2090 dementiae
2842 2035 3135 2105 quisquam
3190 2035 3442 2098 venerit,
3490 2035 3603 2091 nisi

2022 2125 2232 2183 nostris
2277 2125 2554 2182 haereticis
2595 2125 2783 2182 forsan
2834 2126 3190 2200 astipuletur,
3223 2137 3280 2182 ut
3313 2128 3602 2183 ministra-

2023 2219 2193 2274 tionis
2218 2233 2418 2275 nomen
2453 2226 2510 2274 et
2538 2233 2652 2274 rem
2682 2217 2845 2274 etiam
2873 2219 2943 2274 de
2970 2219 3089 2290 ipsa
3120 2218 3232 2292 49
3270 2219 3363 2276 Dei
3406 2237 3471 2276 ac
3499 2219 3604 2277 Pa-

2022 2312 2128 2370 tris
2162 2312 2458 2382 majestate
2491 2319 2866 2369 consentanee
2913 2311 3022 2368 dici
3055 2314 3217 2380 velit,
3259 2329 3330 2370 ex
3356 2330 3422 2371 eo
3454 2315 3602 2386 quod

2021 2405 2192 2460 etiam
2240 2403 2376 2458 illud
2398 2442 2414 2469 ,
2447 2419 2540 2472 per
2574 2419 2748 2473 quem,
2787 2403 2856 2459 de
2885 2403 3008 2474 ipso
3045 2403 3252 2460 dictum
3281 2417 3390 2462 est.
3426 2403 3602 2462 Inter-

2023 2497 2154 2553 dum
2183 2496 2335 2552 enim
2387 2494 2678 2568 Scriptura
2705 2509 2867 2551 sacra
2913 2497 3036 2552 sine
3073 2496 3405 2554 discrimine
3439 2515 3603 2555 voces

2025 2596 2294 2661 usurpat,
2347 2603 2529 2660 neque
2582 2594 2766 2644 tamen
2827 2589 2908 2644 rei
2957 2589 3256 2660 proposita:
3303 2590 3604 2660 quidquam

2023 2690 2221 2749 nocet,
2248 2680 2345 2737 sed
2374 2679 2610 2737 abusive
2638 2679 3051 2751 quodammodo
3083 2680 3248 2736 rebus
3286 2681 3604 2752 signiﬁcan-

2024 2775 2112 2832 dis
2145 2788 2313 2830 voees
2357 2771 2786 2839 accommodat,
2811 2779 2867 2828 et
2909 2786 2975 2827 ea
3017 2787 3115 2842 per
3136 2788 3260 2842 qua:
3311 2780 3460 2828 recte
3508 2773 3605 2830 de-

2025 2865 2328 2924 monstrari
2362 2874 2539 2937 putet.
2570 2863 2844 2921 Ceterum
2878 2864 2948 2921 de
2973 2864 3062 2921 his
3090 2864 3225 2920 illud
3257 2865 3441 2921 dicere
3467 2882 3606 2922 con-

2025 2959 2218 3025 venit,
2243 2958 2509 3014 nimirum
2561 2957 2798 3030 gloriam
2841 2957 3056 3013 Domini
3109 2957 3450 3014 abscondere
3487 2976 3608 3016 ser-

2033 3065 2278 3106 monem.
2313 3047 2485 3105 Valde
2507 3048 2653 3105 enim
2675 3047 2837 3105 exilis
2856 3055 2940 3105 est
2962 3048 3146 3104 omnis
3171 3048 3262 3103 illa
3289 3064 3606 3106 sermonum

325 3102 711 3202 ὑποκείμενον,
728 3102 1320 3200 -κατανχρηστικῶτερον
1348 3102 1555 3189 δέπως
1581 3123 1920 3211 ἐπιφέρουσα

2034 3141 2119 3199 vis
2153 3148 2210 3196 et
2237 3140 2401 3208 ratio,
2431 3140 2500 3196 ad
2537 3138 2922 3211 explicandam
2974 3149 3230 3195 accurate
3276 3137 3605 3193 ineffabilem

319 3226 434 3288 τοῖς
470 3222 897 3295 σημαινομένοις
923 3220 994 3275 τά
1033 3236 1093 3273 τε
1125 3220 1372 3290 ῥήματα,
1414 3215 1510 3271 καὶ
1543 3215 1612 3269 τὰ
1649 3216 1715 3270 δι’
1749 3208 1824 3270 ὧν
1856 3213 1920 3268 ἂν

2031 3247 2096 3289 ac
2125 3233 2370 3288 divinam
2415 3208 2782 3300 majestatem.
2816 3229 3166 3301 Quapropter
3198 3244 3306 3284 non
3340 3227 3608 3285 debemus

323 3316 503 3386 οἴηται
538 3310 976 3386 καταδηλοῦσθαι
1008 3310 1209 3375 καλῶς.
1241 3309 1388 3380 Πλὴν
1425 3310 1604 3363 ἐκεῖνο
1647 3305 1920 3378 συμφέρον

2025 3324 2338 3380 humilitate
2369 3321 2668 3378 verborum
2699 3319 2948 3388 turbari,
2979 3319 3076 3376 sed
3111 3318 3342 3376 credere
3369 3327 3606 3388 Oportet,

329 3407 422 3462 ἐπὶ
467 3403 682 3469 τούτοις
727 3405 922 3468 είπεῖν,
954 3403 1035 3456 ὅτι
1067 3400 1196 3466 δόξα
1221 3399 1428 3470 Κυρίου
1463 3396 1696 3468 κρύπτει
1717 3394 1876 3464 λόγον
1905 3410 1920 3428 ·

2027 3413 2324 3469 humanam
2365 3423 2757 3482 quamcunque
2801 3406 3118 3464 facundiam
3149 3413 3204 3462 et
3239 3405 3440 3461 mentis
3475 3419 3608 3459 acu-

321 3497 482 3568 ὀλίγη
528 3498 640 3568 γὰρ
695 3498 846 3550 πᾶσα
894 3494 1068 3563 λόγων
1125 3489 1415 3562 ίσχὺς,ὼς
1469 3489 1606 3560 πρὸς
1659 3487 1920 3559 ἐξήγησιν

2027 3521 2154 3562 men
2183 3504 2370 3575 divina
2395 3513 2452 3560 et
2478 3501 2748 3559 ineffabili
2773 3511 2971 3557 natura
3003 3498 3251 3571 superari
3287 3517 3300 3554 :
3331 3498 3436 3554 hoc
3461 3498 3607 3553 enim

322 3587 530 3659 ἀκριὸἧ
563 3588 668 3658 τῆς
703 3588 946 3659 ἀρρήτου
989 3585 1147 3654 δόξης
1187 3584 1284 3638 καὶ
1332 3578 1694 3654 θεοπρεποῦς.
1721 3578 1920 3650 Διόπερ

2027 3606 2190 3670 pacto
2221 3613 2331 3654 non
2354 3611 2565 3670 .parum
2605 3597 2732 3668 pios
2764 3610 2868 3651 nos
2908 3593 3320 3666 praestabimus.

323 3679 387 3733 ού
418 3677 834 3733 σκανδαλιστέον
854 3679 948 3733 ἐπὶ
977 3679 1046 3750 τῇ
1073 3676 1184 3731 τῶν
1214 3673 1556 3747 λαλουμένων
1594 3685 1929 3743 σμικροπρε-

321 3771 457 3844 πείᾳ
483 3814 500 3838 ,
531 3772 960 3846 παραχωρητέον
1118 3769 1320 3841 μᾶλλον
1358 3744 1420 3821 τὸ
1472 3767 1650 3837 νικᾷν,
1688 3763 1782 3818 καὶ
1827 3762 1926 3834 τὴν
1965 3759 2024 3812 ὲν
2045 3757 2260 3829 γλώττῃ
2297 3755 2550 3826 δύναμιν,
2589 3753 2684 3808 καὶ
2711 3750 2915 3816 παντὸς
2951 3747 3185 3818 ὀξύτητα
3216 3744 3310 3800 νοῦ
3370 3747 3438 3817 τῇ
3487 3745 3606 3817 θείᾳ

325 3867 423 3922 καὶ
450 3866 720 3938 ἀφράετῳ
765 3865 924 3937 φύσει
949 3881 966 3897 ⁸
997 3865 1093 3919 καὶ
1138 3861 1280 3918 κατὰ
1321 3860 1508 3916 τοῦτον
1555 3858 1665 3932 γὰρ
1703 3858 1769 3930 δὴ
1819 3856 1910 3912 τὸν
1947 3852 2149 3927 τρόπον
2179 3849 2240 3904 ού
2275 3848 2488 3923 μικρῶς
2514 3846 2942 3994 ειῖδσεδὲἷοίμειξΙ

937 3958 1158 3994 ιιι-ιδῃ
1226 3958 1295 3994 σο
2815 3977 2830 3992 .

937 3958 1187 4013 ΚΕΦΔΔ.
1226 3958 1317 4024 ς’.
2673 3958 2830 3994 har.
2881 3958 2962 3991 vr.

337 4050 462 4103 ὀτι
491 4048 606 4117 ζωὴ
637 4049 786 4104 κατὰ
809 4049 1002 4118 φύσιν
1045 4044 1218 4118 ἐστίν
1242 4048 1275 4099 ὁ
1311 4043 1462 4118 Υἱός,
1491 4042 1595 4118 καί
1615 4040 1714 4118 διὰ
1746 4040 1920 4118 going

2029 4036 2187 4107 Quod
2215 4036 2324 4091 vita
2353 4031 2641 4118 “euadunt
2678 4039 2927 4118 naturain
2957 4031 3027 4118 sit
3064 4028 3238 4118 {ilius
3257 4067 3271 4090 ,
3304 4034 3464 4118 latque
3492 4025 3605 4081 ideo

408 4096 476 4173 ἐξ,
495 4096 976 4189 ἷίῑῖ
992 4096 1069 4172 ἐνί
1083 4096 1206 4186 ’τῆξ
1243 4096 1462 4182 5.527156
1495 4111 1599 4167 τοῦ
1629 4110 1777 4166 Θεοῦ
1821 4109 1920 4165 καί

2035 4096 2071 4107 ”
2137 4125 2241 4162 non
2272 4114 2483 4162 creatus
2501 4144 2516 4171 ,
2545 4101 2635 4158 sed
2660 4116 2725 4156 ea;
2750 4102 3052 4157 substantia
3073 4099 3174 4155 Dei
3201 4115 3264 4152 ac
3295 4096 3502 4154 Patris.

410 4190 655 4258 Πατρός.

415 4281 477 4333 ⁸ο
503 4279 769 4350 γέγονεν,
799 4279 870 4333 ἐν
899 4279 1061 4346 αὐτῷ
1093 4277 1204 4347 ζωὴ
1235 4274 1331 4352 ἦντ

413 4371 532 4426 Ἔτι
562 4369 664 4434 τὰς
704 4369 832 4440 περὶ
870 4368 965 4423 τοῦ
994 4369 1130 4422 Θεοῦ
1174 4367 1349 4438 Λόγου
1392 4363 1652 4430 διαλέξεις
1686 4362 1924 4415 ποιεῖται

334 4463 472 4534 πρὸς
510 4464 660 4534 ἡμᾶς
691 4465 720 4516 ό
763 4463 1030 4534 μακάριος
1063 4459 1454 4531 εύαγγελιστής
1477 4475 1490 4487 °
1524 4455 1616 4509 καί
1653 4471 1742 4524 μοι
1778 4453 1920 4507 δοκεὶ

2033 4450 2278 4520 mihique
2325 4448 2545 4504 videtur
2593 4446 2804 4502 utiliter
2835 4447 3024 4503 omnia
3068 4461 3417 4516 percurrere,
3456 4461 3607 4516 qua:-

331 4553 422 4606 διὰ
453 4553 673 4606 πάντων
712 4551 846 4605 ίέναι
897 4551 1182 4623 χρησίμως
1225 4548 1333 4603 τῶν
1397 4544 1609 4614 ὅσαπέρ
1644 4545 1760 4597 ἐστι
1785 4541 1920 4596 κατὰ

2030 4560 2252 4616 cunque
2304 4544 2496 4600 insunt
2522 4543 2574 4598 ei
2608 4550 2830 4604 natura,
2861 4548 3000 4596 utet
3029 4539 3415 4595 haereticorum
3455 4538 3605 4592 furo-

2101 4268 2142 4334 l,
2173 4268 2230 4333 '5,
2260 4267 2315 4321 4.
2347 4265 2503 4333 Quod
2544 4264 2744 4334 factum
2777 4271 2876 4328 est,
2907 4263 2962 4318 in
2993 4263 3107 4335 ipso
3127 4263 3239 4318 vita
3267 4271 3405 4318 erat.

2103 4358 2294 4412 Adhuc
2321 4357 2390 4412 de
2424 4355 2518 4411 Dei
2552 4354 2732 4410 Verbo
2759 4354 3098 4425 evangelista
3137 4355 3330 4410 beatus
3361 4353 3608 4415 disserit,

334 4643 499 4711 φύσιν
549 4641 724 4712 αὐτῷ,
759 4641 848 4696 ἵνα
891 4643 987 4696 καὶ
1022 4641 1122 4704 τὰς
1149 4640 1259 4693 τῶν
1300 4635 1753 4709 ὲτεροδοξούντων
1801 4633 1928 4686 δυσ-

331 4735 536 4808 ωπήσῃ
554 4735 862 4806 παροινίας,
879 4733 1113 4797 καὶτοὺς
1141 4732 1272 4803 ὀρθῇ
1297 4729 1618 4800 διαπρέπειν
1644 4726 1928 4788 ἐθέλοντας

334 4825 540 4888 πίστει,
569 4829 681 4889 τοῖς
717 4827 797 4890 είς
843 4825 1005 4879 αὑτὸν
1041 4821 1295 4894 όχυρώση
1326 4821 1700 4890 θεωρήμασιν,
1731 4819 1833 4872 οὐκ
1863 4819 1929 4871 ἐκ

333 4918 512 4985 λόγων
559 4918 753 4986 σοφίας
793 4917 1064 4988 κοσμικῆς
1092 4917 1155 4970 τὸ
1185 4915 1450 4971 ἀπίθανον
1486 4911 1928 4986 ὲρανιζομένους,

334 5010 454 5064 ἀλλ’
490 5012 547 5064 ὲν
600 5010 872 5076 ἀποδείξει
911 5007 1228 5080 Πνεύματος
1257 5006 1319 5060 τὸ
1364 5007 1465 5075 τῆς
1503 5002 1764 5075 ἀληθείας
1795 5000 1931 5055 θαυ-

334 5101 614 5173 μάζοντας
662 5102 875 5164 κάλλος.
913 5101 1092 5171 Ὅπερ
1131 5097 1227 5154 οῦν
1275 5097 1521 5170 βούλεται
1553 5096 1643 5151 διὰ
1670 5093 1766 5150 τοῦ
1795 5111 1932 5165 προ-

2032 4653 2124 4694 res
2145 4636 2462 4701 confundat,
2490 4643 2548 4692 et
2599 4643 2767 4692 rectae
2796 4634 2918 4690 ﬁdei
2941 4633 3182 4687 cultores
3206 4647 3334 4688 vera
3355 4631 3609 4685 doctrina

2031 4730 2358 4794 conﬁrmet,
2416 4745 2526 4784 non
2601 4744 2666 4784 es
2732 4725 2983 4783 szeculari
3054 4724 3328 4794 sapientia
3399 4721 3611 4776 fabulas

2035 4831 2334 4889 sectantes,
2385 4825 2482 4879 sed
2533 4823 2589 4876 in
2627 4818 3105 4877 demonstratione
3160 4817 3392 4887 spiritus
3438 4813 3613 4869 adrni-

2034 4926 2223 4972 rantes
2245 4910 2714 4988 pulchritudinem
2744 4913 2994 4969 veritatis
3016 4912 3060 4964 ⁸.
3094 4909 3150 4966 Id
3185 4920 3366 4964 autem
3405 4909 3454 4961 ei
3488 4921 3610 4975 pro-

2037 5008 2280 5081 positum
2310 5016 2416 5064 est.
2451 5007 2766 5062 Creatorem
2809 5017 2863 5060 et
2892 5005 3143 5074 Opiﬁcem
3179 5008 3376 5056 natura
3411 4996 3611 5052 Filium

2034 5100 2324 5163 exsistere,
2383 5098 2548 5170 paulo
2601 5104 2730 5152 ante
2779 5097 2936 5151 nobis
2989 5093 3258 5158 ostendit,
3282 5089 3468 5146 omnia
3517 5104 3612 5160 per

333 5194 592 5265 κειμένου
617 5194 906 5259 διδάσκειν,
923 5193 1100 5248 ἐκετνό
1121 5193 1256 5246 ἐστι’
1284 5189 1519 5262 Ποιητὴν
1551 5189 1684 5260 ἡμῖν
1733 5186 1920 5257 ἀρτίως

2031 5192 2214 5260 ipsum
2257 5188 2398 5245 facta
2419 5204 2543 5246 esse
2564 5189 2779 5252 dicens,
2810 5195 2866 5242 et
2887 5187 3006 5244 sine
3037 5186 3157 5255 ipso
3182 5183 3319 5238 nihil
3343 5182 3400 5237 in
3431 5193 3613 5237 ortum

334 5287 482 5340 κατὰ
507 5285 672 5357 φύσιν
707 5285 839 5340 ὄντα
882 5287 978 5340 καὶ
1007 5283 1342 5356 δημιουργὸν
1375 5280 1628 5346 ἀπέδειξε
1659 5279 1753 5332 τὸν
1780 5277 1931 5343 Υίὸν,

2035 5281 2318 5336 eductum.
2375 5279 2510 5334 Cum
2565 5291 2748 5335 autem
2802 5287 3071 5334 creaturae
3119 5291 3227 5330 non
3278 5273 3460 5331 solum
3493 5291 3615 5330 esse

336 5378 522 5431 πάντα
550 5377 619 5431 δι’
649 5377 816 5431 αὑτοῦ
847 5376 1181 5446 γεγενῆσθαι
1215 5375 1410 5442 λέγων,
1443 5371 1537 5425 καὶ
1564 5371 1735 5441 χωρὶς
1766 5367 1920 5423 αὑτοῦ

2039 5371 2330 5444 largiatur,
2359 5373 2453 5428 sed
2485 5387 2604 5426 eam
2635 5386 2856 5444 quoque
2887 5387 2916 5426 a
2943 5386 3005 5426 se
3039 5377 3281 5424 creatam
3310 5369 3615 5431 contineat,

340 5471 479 5540 μηδὲ
507 5470 566 5523 ἓν
589 5469 886 5540 κεκλῆσθαι
909 5469 1044 5541 πρὸς
1079 5468 1313 5537 γένεσινο
1361 5464 1577 5534 Ἐπειδὴ
1604 5463 1661 5517 δὲ
1684 5463 1744 5514 οὐ
1775 5461 1920 5532 μόνοι

2042 5465 2286 5533 seipsum
2338 5463 2658 5517 iininiscens
2701 5460 3108 5533 quodammodo
3141 5459 3210 5516 iis
3249 5475 3374 5530 quae
3421 5469 3614 5513 natura

335 5566 410 5631 τῇ
465 5562 643 5615 κτίσει
694 5563 757 5615 τὸ
803 5565 939 5632 πρὸς
983 5562 1044 5615 τὸ
1088 5557 1224 5614 εἶναι
1281 5557 1578 5629 κεκλῆσθαι
1632 5557 1920 5627 χαρίζεται

2041 5566 2298 5610 aeternam
2360 5553 2706 5610 duralionem
2759 5569 2869 5609 non
2925 5551 3152 5621 habent,
3186 5559 3243 5608 et
3289 5551 3400 5606 vita
3453 5550 3617 5605 rebus

342 5653 559 5722 συνέχει
590 5653 647 5706 δὲ
673 5653 768 5707 καὶ
795 5653 1168 5724 γεγενημένην
1189 5652 1256 5704 δι’
1287 5649 1502 5713 ἑαυτοῦ,
1530 5651 1640 5711 τοῖς
1670 5647 1729 5702 τὸ
1749 5647 1920 5710 ἁῖδίως

2042 5646 2350 5707 exsistcns,
2380 5653 2438 5700 ut
2465 5656 2664 5702 creatze
2692 5653 2949 5702 maneant
2992 5659 3056 5699 ac
3092 5651 3383 5702 serventur
3411 5642 3465 5697 in
3503 5653 3627 5696 sua:

415 5743 435 5775 '
478 5745 656 5802 lCor.
696 5762 748 5816 t,
787 5747 840 5802 9.
920 5748 939 5779 ⁸
982 5745 1182 5822 Ephes.
1218 5761 1269 5810 ι,
1311 5745 1354 5801 l.
1441 5746 1458 5776 ⁷
1503 5743 1682 5798 Galat.
1722 5757 1773 5798 IV
1807 5785 1822 5811 ,
1863 5743 1914 5797 7.

2054 5741 2070 5796 ι
2106 5741 2233 5798 Cor.
2275 5754 2312 5795 Il
2339 5779 2353 5804 ,
2392 5740 2444 5795 ί.
