4072 6210
474 314 544 389 ,91
1482 315 1541 372 S.
1583 313 1862 371 CYRILLI
1905 309 2371 370 ALEVANDRIXI
2419 305 2744 364 ARCHIEP.
3667 291 3739 349 92

551 432 786 490 ALIUD.
851 429 1053 488 Rerum
1126 441 1376 488 naturam
1445 433 1737 505 diligenter
1801 432 2055 488 conside-

2230 431 2431 483 AAAO.
2465 426 2578 498 Τὴν
2596 424 2704 479 τῶν
2728 423 2896 476 ὅντων
2922 417 3162 490 ἀκριϐῶς
3193 409 3538 481 ἑξετάζοντες
3558 409 3741 480 φύσιν,

481 532 690 586 rantes,
734 521 901 578 Deum
940 532 995 578 et
1037 529 1373 588 creaturam,
1417 523 1663 596 nihilque
1714 531 1913 595 praeter
1944 527 2060 579 hac

480 615 632 670 aliud
668 614 933 670 videmus.
967 612 1128 680 Quod
1186 615 1333 671 enim
1389 613 1530 671 Deus
1579 630 1689 670 non
1729 625 1814 672 est
1859 630 2059 672 secun-

482 706 615 760 dum
649 715 922 768 naturam.
950 707 1140 778 utique
1173 716 1415 763 creatum
1449 707 1594 764 istud
1630 715 1737 770 est,
1776 716 1832 762 et
1865 722 2060 763 rursus

481 795 750 864 quidquid
785 805 1034 850 creatura
1069 807 1300 868 negatur
1325 814 1470 863 esse,
1502 797 1555 853 id
1592 807 1742 855 certe
1780 797 1922 854 Deus
1952 806 2059 856 est.

487 884 583 940 IIis
609 887 774 956 igitur
804 886 880 940 ita
913 887 1016 941 rite
1055 890 1384 958 perspectis,
1412 889 1803 958 respondeant,
1847 905 2059 961 quasso,

485 975 578 1044 qui
625 989 656 1028 a
713 975 1020 1031 substantia
1064 977 1156 1032 Dei
1209 993 1275 1033 ac
1322 977 1500 1034 Patris
1534 977 1734 1034 Filium
1783 987 2060 1047 amarent,

484 1065 760 1137 quomodo
793 1067 1066 1126 viviﬁcare
1119 1072 1292 1139 possit
1338 1080 1398 1125 ut
1440 1072 1574 1136 vita,
1601 1088 1728 1127 eum
1763 1071 1816 1126 id
1852 1079 2064 1128 natura:

485 1156 686 1212 divinae
725 1159 1010 1229 proprium
1057 1162 1151 1226 sit,
1185 1178 1284 1218 nec
1312 1163 1405 1216 ulli
1442 1166 1519 1219 rei
1567 1165 1724 1220 alteri
1765 1165 2062 1221 tribuatur.

485 1248 643 1314 Quod
663 1251 732 1312 si.
757 1261 980 1308 creatus
999 1268 1124 1307 cum
1145 1255 1238 1319 sit,
1265 1256 1374 1309 vita
1393 1271 1610 1326 quoque
1626 1272 1750 1312 esse
1771 1266 1973 1328 potest.
1996 1258 2064 1314 ad

487 1339 776 1397 universas
815 1350 966 1398 certe
996 1353 1285 1401 creaturas
1309 1347 1472 1402 istius
1499 1351 1872 1420 przcrogativae
1887 1348 2065 1419 gratia

485 1431 803 1502 pertinebit,
861 1442 1141 1506 eruntque
1190 1437 1375 1491 omnia
1428 1438 1538 1491 vita
1607 1439 1908 1494 secundum
1967 1456 2068 1495 na-

487 1530 689 1578 turam.
715 1522 858 1590 Quid
890 1539 1025 1595 ergo
1053 1539 1195 1595 Opus
1223 1527 1331 1580 erit
1360 1527 1430 1581 iis
1459 1528 1884 1599 participatione
1918 1528 2064 1594 Filii.

488 1623 583 1668 aut
621 1615 753 1686 quid
809 1616 937 1672 inde
994 1617 1131 1672 lucri
1184 1620 1442 1688 capient?
1481 1618 1604 1691 Ipsa
1657 1623 1804 1695 enim
1847 1638 2068 1694 quoque

487 1706 598 1761 vita
637 1714 765 1761 sum
793 1708 1096 1763 secundum
1127 1719 1402 1764 naturam.
1430 1712 1534 1767 Sed
1568 1713 1672 1769 hoc
1712 1711 1906 1770 falsum
1937 1723 2064 1771 est:

2159 520 2293 577 Θεὸν
2317 519 2534 592 ὁρῶμεν
2565 518 2662 571 καὶ
2701 513 2898 580 κτίσιν,
2922 511 3022 566 ’καὶ
3059 510 3246 582 ἕτερον
3290 509 3383 561 ἐπὶ
3408 504 3621 559 τούτοις
3651 502 3743 554 οὒ-

2156 613 2268 667 δέν.
2288 613 2360 665 Ὃ
2391 609 2500 682 γὰρ
2531 609 2597 664 ἂν
2641 605 2894 660 ἐκπίπτει
2920 601 3017 657 τοῦ
3045 596 3182 656 εἶναι
3211 598 3343 662 Θεὸς
3382 595 3526 651 κατά
3558 593 3742 664 φύσιν,

2158 705 2318 761 τοῦτο
2346 705 2565 768 πάντως
2597 703 2714 756 ἐστὶ
2747 696 2994 770 γενητόν*
3026 695 3121 750 καὶ
3153 694 3290 762 ὅπερ
3311 690 3377 744 ἀν
3404 689 3496 743 τὸν
3525 687 3620 741 τοῦ
3650 701 3747 739 πε-

2161 795 2417 866 ποιῆσθαι
2445 791 2726 862 διαφεύγει
2753 790 2932 857 λόγον,
2964 785 3095 840 εἴσω
3123 783 3340 844 πάντως
3366 777 3481 832 ἐστὶ
3507 776 3616 830 τῶν
3643 774 3748 842 τῆς

2161 887 2411 958 θεότητος
2431 885 2728 956 ὃρων.”οτε
2760 881 2938 935 τοίνυν
2957 874 3157 949 ἀριστά
3181 891 3296 936 πως
3321 871 3388 925 τά
3411 869 3632 923 τοιαῦτα
3663 867 3748 920 διο

2159 979 2498 1049 ισκέμμεθα.
2512 973 2820 1044 λεγέτωσαν
2833 973 2966 1042 ἡμῖν
2980 969 3031 1023 οἱ
3047 967 3147 1038 τῆς
3163 964 3258 1019 τοῦ
3275 961 3410 1017 Θεοῦ
3429 961 3523 1015 καὶ
3535 958 3750 1028 [ἰατρὸς

2161 1069 2350 1132 οὐσίας
2395 1065 2722 1132 ἔξωθοὺντες
2764 1064 2855 1118 τὸν
2893 1060 3043 1125 Υἱὸν,
3079 1057 3197 1122 πῶς
3238 1056 3306 1111 ἂν
3348 1053 3565 1108 δύναιτο
3608 1051 3750 1116 ζωο-

2163 1163 2341 1228 γονεῖν
2371 1161 2446 1224 ὠς
2473 1157 2608 1231 ζωὴ,
2633 1157 2761 1210 ίὸιον
2781 1153 3010 1225 ἐχούσης
3041 1150 3175 1215 αὑτὸ
3206 1149 3304 1219 τῆς
3329 1147 3480 1210 θείας
3507 1145 3748 1228 φύσεως,

2164 1225 2339 1325 έτέρῳ
2382 1251 2442 1305 δὲ
2491 1225 2930 1320 παραχωρούσης
2972 1241 3167 1297 οὐδενί.
3200 1241 3264 1294 EI
3300 1238 3356 1292 δὲ
3392 1237 3618 1307 γενητὸς
3647 1225 3751 1289 ὑπφ

2166 1344 2349 1414 άρχων
2369 1338 2507 1396 εἷναι
2537 1340 2759 1393 δύναται
2800 1338 2895 1392 καὶ
2922 1336 3058 1407 ζωὴ,
3087 1332 3282 1402 φθάσει
3309 1330 3373 1400 δὴ
3403 1329 3620 1391 πάντως
3656 1326 3752 1380 ἐπὶ

2166 1435 2345 1488 πάντα
2373 1431 2443 1486 τὰ
2478 1430 2683 1502 γενητὰ
2703 1428 2797 1484 τοὺ
2821 1425 3295 1495 πλεονεκτήματος
3327 1423 3360 1492 ὴ
3387 1421 3566 1492 χάρις,
3597 1417 3750 1472 ἔσται

2169 1527 2226 1582 δὲ
2253 1525 2429 1579 πάντα
2455 1522 2597 1577 κατὰ
2617 1523 2778 1591 φύσιν
2799 1519 2937 1590 ζωή.
2963 1519 3059 1582 Τίς
3080 1512 3174 1570 οὖν
3202 1515 3386 1578 αὑτοῖς
3415 1512 3565 1565 ἔσται
3588 1509 3747 1580 χρεία

2167 1618 2266 1689 τῆς
2296 1615 2392 1669 τοῦ
2433 1613 2563 1668 Υἱοῦ
2596 1611 2850 1684 μετοχῆς,
2881 1611 2914 1682 ἢ
2944 1608 3083 1662 τίοτὸ
3116 1607 3275 1661 πλέον
3305 1603 3555 1658 ἐντεῦθεν
3587 1601 3751 1672 εὑρή-

2172 1726 2384 1775 σουσιν;
2421 1706 2534 1778 ἔχει
2563 1706 2673 1777 γὰρ
2716 1704 2811 1758 καὶ
2837 1701 2979 1756 αὑτά
3003 1701 3062 1754 τὸ
3087 1695 3226 1754 εἶναι
3253 1697 3396 1752 κατά
3416 1695 3579 1765 φύτιν
3613 1691 3752 1762 ζωή.

489 1795 826 1867 participant
879 1798 1084 1869 quippe
1137 1796 1456 1857 necessario
1512 1801 1736 1870 Filium,
1779 1817 1838 1860 ut
1898 1807 2066 1861 vitam

2181 1800 2319 1854 Ἀλλ’
2359 1798 2460 1852 οὑκ
2489 1794 2697 1867 ἀληθὴς
2725 1795 2754 1848 ὁ
2790 1792 2967 1860 λόγος,
3000 1789 3215 1861 μετέχει
3242 1788 3300 1842 δὲ
3337 1783 3652 1854 ἀναγκαίως
3676 1781 3756 1844 ὡς

489 1897 597 1954 qua
648 1883 917 1956 indigent.
967 1886 1131 1943 Solus
1161 1904 1296 1959 ergo
1333 1889 1663 1960 Unigenitus
1708 1894 1819 1949 vita
1847 1904 1936 1952 est
1980 1911 2069 1952 se-

488 1973 732 2028 cundum
784 1983 1040 2032 naturam
1092 1994 1272 2046 suam,
1305 1996 1409 2036 nec
1442 1983 1673 2052 proinde
1723 1985 1868 2040 inter
1913 2001 2070 2042 crea-

491 2075 649 2123 turas
697 2068 1086 2136 collocabitur,
1114 2073 1212 2128 sed
1265 2073 1333 2128 ad
1391 2076 1656 2145 genitoris
1685 2077 1770 2132 sui
1805 2079 2072 2134 evebetur

492 2169 766 2214 naturam.
799 2159 922 2217 Vita
974 2164 1120 2220 enim
1173 2179 1395 2238 quoque
1442 2177 1524 2224 est
1567 2168 1871 2225 secundum
1911 2185 2070 2226 suam

491 2257 745 2306 naturam
781 2251 963 2310 Pater.

561 2339 795 2397 ALIUD.
826 2341 952 2398 Vita
980 2358 1108 2400 cum
1139 2345 1212 2401 sit
1247 2345 1552 2403 secundum
1586 2356 1840 2404 naturam
1875 2348 2070 2417 Filius,

491 2432 636 2489 alius
665 2441 751 2490 est
792 2449 823 2489 a
855 2445 1134 2504 creatura,
1161 2437 1422 2493 nimirum
1458 2439 1762 2496 secundum
1792 2449 2070 2510 naturam,

491 2533 587 2580 aut
645 2526 896 2596 ejusdem
958 2543 1086 2585 cum
1135 2546 1196 2586 ea
1253 2539 1486 2586 naturas.
1532 2529 1590 2587 Si
1638 2547 1772 2603 ergo
1825 2533 2072 2603 ejusdem

491 2623 704 2670 natura:
749 2624 837 2672 est
879 2625 1049 2688 atque
1097 2622 1377 2686 essentia,
1412 2620 1697 2691 quomodo
1754 2636 1860 2675 non
1919 2636 2076 2676 men-

2168 1891 2318 1962 ζωῆς
2358 1891 2628 1963 χρῄζοντα
2668 1887 2762 1942 τοῦ
2809 1884 2960 1940 Υίοῦ.
2997 1883 3176 1946 Μόνος
3207 1881 3313 1952 ἀρα
3351 1879 3497 1932 ἐστὶν
3525 1878 3554 1930 δ
3579 1876 3756 1930 Μονο-

2168 1985 2334 2054 γενὴς
2365 1983 2506 2038 κατὰ
2539 1981 2701 2052 φύσιν
2729 1979 2865 2048 ζωὴ,
2895 1977 2990 2032 καὶ
3025 1977 3126 2029 οὑκ
3153 1974 3211 2026 ὲν
3241 1974 3353 2036 τοίς
3381 1971 3626 2040 γενητοῖς
3667 1967 3757 2022 διὰ

2169 2074 2328 2129 τοῦτο
2351 2073 2653 2140 τετάξεται,
2672 2069 2882 2132 ἀλλἐίς
2914 2068 3016 2138 τὴν
3039 2065 3132 2120 τού
3159 2063 3408 2126 τεκόντος
3437 2060 3599 2118 αὑτδν
3627 2061 3759 2114 ἀνα-

2171 2167 2400 2240 ϐήσεται
2446 2165 2639 2234 φύσινο
2681 2161 2794 2233 ζωὴ
2824 2159 2934 2231 γάρ
2987 2157 3130 2214 κατὰ
3167 2158 3328 2229 φύσιν
3355 2156 3446 2211 καὶ
3474 2156 3504 2208 ὁ
3544 2153 3755 2224 Πατήρ.

2243 2345 2450 2399 ΔΛΛΟ.
2497 2342 2618 2414 Ζωὴ
2649 2340 2790 2396 κατά
2834 2338 2995 2410 φύσιν
3025 2336 3289 2409 ὑπάρχων
3325 2336 3354 2389 ό
3393 2333 3543 2398 Υἱδς,
3568 2330 3759 2402 ἕτερός

2172 2434 2290 2489 ἔστι
2321 2433 2472 2505 παρά
2493 2433 2592 2502 τὴν
2619 2431 2818 2496 κτίσιν,
2846 2429 3007 2500 δῆλον
3035 2427 3092 2481 δὲ
3120 2427 3202 2481 ὅτι
3232 2424 3375 2480 κατά
3393 2423 3491 2494 τὴν
3515 2420 3698 2490 φύσιν,
3721 2419 3759 2488 ἢ

2172 2524 2418 2599 ὁμοφυὴς
2457 2523 2654 2596 ταύτῃ.
2709 2523 2771 2576 Εί
2837 2521 2936 2589 μὲν
2979 2514 3072 2573 οὖν
3116 2515 3361 2588 ὁμοφυής
3401 2513 3464 2567 τέ
3510 2514 3630 2565 ἐστι
3665 2509 3763 2563 καὶ

2172 2617 2458 2690 ὁμοούσιος
2481 2658 2497 2682 ,
2521 2615 2638 2678 πῶς
2678 2614 2739 2668 οὑ
2785 2611 3137 2683 διαψεύσεται
3177 2608 3370 2677 λέγων,
3407 2624 3426 2657 ι
3476 2602 3620 2672 Ἐγώ
3642 2602 3761 2671 εἰμι

491 2705 661 2760 tietur
687 2706 920 2764 dicens:
953 2728 971 2762 ι
1008 2707 1122 2781 Ego
1148 2727 1270 2767 sum
1313 2712 1471 2781 panis
1509 2713 1654 2779 vitm,
1687 2712 1780 2783 qui
1822 2712 1892 2768 de
1932 2712 2072 2768 cado

2173 2713 2202 2766 ὀ
2241 2711 2406 2781 ἀρτος
2432 2708 2533 2778 τῆς
2561 2707 2706 2776 ζωῆς
2733 2707 2761 2759 ὁ
2786 2702 3129 2758 καταϐαίνων
3157 2701 3220 2755 ὲκ
3247 2697 3342 2753 τοῦ
3376 2694 3630 2768 οὐρανοῦ,
3665 2693 3764 2747 καὶ

491 2797 802 2864 descendit,
852 2808 908 2854 et
944 2799 1040 2855 dat
1095 2802 1262 2856 vitam
1299 2801 1505 2856 mundo
1538 2803 1601 2856 ".
1646 2821 1664 2854 ι
1707 2801 1883 2858 IIabet
1925 2803 2072 2857 enim

2174 2801 2319 2874 ζωὴν
2349 2799 2522 2863 διδοὺς
2551 2797 2628 2868 τῷ
2668 2797 2880 2867 κόσμῳς
2916 2814 2934 2846 ι
2971 2795 3126 2865 Ἔχει
3158 2793 3269 2864 γὰρ
3290 2792 3324 2861 ἡ
3356 2791 3529 2852 κτίσις
3552 2786 3765 2843 οἴκοθεν

491 2905 560 2945 ex
603 2906 664 2946 se
704 2900 977 2958 creatura,
1011 2901 1068 2944 ut
1119 2893 1192 2947 sit
1226 2892 1338 2946 vita
1371 2909 1387 2946 :
1421 2892 1530 2945 vita
1575 2899 1759 2948 autem
1789 2893 1913 2947 vita:
1943 2907 2072 2962 par-

2174 2893 2236 2948 τὸ
2273 2887 2414 2946 εἷναι
2462 2891 2596 2962 ζωή·
2629 2888 2743 2960 ζωὴ
2773 2888 2830 2942 δὲ
2873 2885 3021 2956 ζωῆς
3061 2884 3348 2956 ἀμέτοχος,
3389 2882 3477 2936 ἵνα
3505 2879 3765 2950 φαίνηται

492 2982 672 3051 ticeps
700 2995 825 3036 esse
877 2995 988 3036 non
1027 2980 1210 3046 debet,
1259 2989 1320 3035 ut
1378 2980 1486 3035 vita
1535 2979 1936 3050 conSpiciatur.
1975 2979 2072 3034 Sin

2176 2986 2313 3058 ζωή.
2353 2983 2499 3040 Είδὲ
2529 2983 2630 3036 οὐκ
2669 2981 2819 3035 ἔστιν
2842 2977 3108 3050 δμοφυὴς,
3140 2976 3235 3030 καὶ⁵
3277 2974 3338 3028 τὸ
3375 2967 3516 3028 εἶναι
3537 2969 3766 3042 γενητὸς

495 3083 679 3130 autem
712 3071 961 3144 ejusdem
994 3079 1210 3129 natura:
1233 3088 1343 3128 non
1374 3080 1480 3137 est,
1508 3072 1673 3128 etiam
1702 3079 1919 3128 creatus
1952 3087 2072 3128 esse

2176 3075 2555 3147 διαφεύξεται,
2585 3072 2915 3138 συνεξέλκων
2964 3068 3144 3141 ἑαντῷ
3173 3069 3274 3140 τῆς
3311 3065 3543 3129 κτίσεως
3582 3063 3678 3118 καὶ
3701 3061 3768 3115 τδ

497 3181 606 3222 non
643 3165 864 3236 poterit,
910 3165 1013 3221 sibi
1064 3165 1229 3220 simul
1283 3165 1560 3236 arripiens
1595 3164 1740 3236 quod
1799 3165 2072 3236 proprium

2183 3169 2314 3223 ίδιον
2373 3165 2598 3236 ἀγαθόν.
2632 3164 2708 3218 Οὑ
2754 3163 2862 3234 γάρ
2903 3163 2938 3234 ὴ
2973 3161 3153 3225 κτίσις
3201 3159 3357 3214 ἔσται
3406 3156 3548 3212 κατά
3599 3154 3763 3226 (ξύσιν

495 3268 582 3316 est
628 3269 901 3313 creatura
947 3258 1176 3313 bonum.
1204 3257 1474 3313 Creatura
1505 3258 1652 3314 enim
1684 3258 1795 3312 vita
1832 3272 1944 3312 non
1975 3257 2072 3312 erit

2182 3261 2297 3334 ζωὴ
2316 3301 2330 3326 ,
2358 3257 2505 3331 ζωῆς
2530 3257 2590 3311 δὲ
2613 3255 2812 3328 μᾶλλον
2844 3253 3076 3325 δεομένη
3101 3251 3197 3308 καὶ
3231 3250 3479 3324 μέτοχος.

496 3350 802 3407 secundum
834 3363 990 3405 suam
1029 3356 1304 3415 naturam,
1341 3346 1436 3404 sed
1469 3347 1599 3403 vitae
1650 3346 1837 3418 potius
1891 3343 2083 3416 indiga

497 3454 553 3501 et
600 3443 904 3514 particeps.

571 3554 800 3612 ALIUD.
833 3553 889 3610 Si
929 3554 1043 3609 vita
1087 3567 1213 3610 cum
1251 3553 1322 3610 sit
1357 3552 1463 3624 53
1489 3549 1793 3608 secundum
1830 3559 2081 3604 naturam

500 3647 701 3711 Filius,
741 3645 988 3715 ejusdem
1043 3653 1260 3700 natura:
1313 3653 1402 3700 est
1454 3658 1579 3697 cum
1621 3642 1791 3698 rebus
1854 3640 2082 3704 creatis,

502 3748 797 3812 propterea
837 3736 984 3808 quod
1033 3753 1100 3792 ex
1145 3735 1238 3792 Dei
1287 3751 1352 3790 ac
1404 3733 1604 3797 Patris.
1634 3742 1696 3788 ut
1745 3732 1836 3788 isti
1868 3731 2082 3798 volunt,

501 3831 818 3890 substantia
854 3847 963 3886 non
993 3831 1234 3891 exsistit,
1270 3827 1402 3898 quid
1431 3841 1614 3883 causae
1642 3834 1729 3883 est
1762 3840 1864 3880 cur
1891 3824 2086 3880 beatus

504 3923 800 3980 Psalmista
829 3921 1004 3977 ea-Ios
1051 3920 1386 3975 transituros
1411 3926 1598 3981 canat,
1630 3925 1686 3973 et
1727 3915 1876 3972 sicut
1916 3915 2083 3971 vcsti-

504 4025 753 4070 ntentum
790 4013 1158 4068 inveteratum
1195 4010 1284 4073 iri,
1327 4010 1376 4064 ei
1414 4017 1596 4064 autem
1629 4007 1781 4063 velut
1823 4005 2083 4060 eximium

503 4105 770 4175 quiddam
824 4120 891 4160 ac
937 4105 1218 4175 singulare
1251 4101 1480 4165 tribuat,
1529 4101 1723 4155 dicens
1757 4117 1770 4152 :
1809 4117 1827 4150 ι
1869 4095 1948 4150 Tu
1987 4110 2088 4149 au-

2255 3545 2459 3602 AAAO.
2483 3543 2549 3598 El
2575 3541 2690 3611 ζωὴ
2731 3538 2876 3594 κατά
2920 3537 3082 3609 φύσιν
3107 3534 3370 3606 ὑπάρχων
3398 3534 3427 3587 ὁ
3453 3530 3600 3595 Υἱὸς,
3638 3530 3770 3600 ὀμο-

2185 3640 2328 3711 φυής
2355 3640 2472 3692 ἔστι
2495 3638 2610 3700 τοῖς
2643 3631 3057 3704 πεποιημένοις,
3089 3629 3176 3684 διά
3203 3629 3266 3682 τὸ
3311 3627 3387 3698 μὴ
3411 3623 3677 3697 ὑπάρχειν
3707 3622 3773 3675 ἐκ

2182 3733 2284 3803 τῆς
2331 3729 2522 3793 οὐσίας
2546 3726 2642 3782 τοῦ
2671 3725 2935 3780 Θεοῦκαὶ
2977 3721 3211 3795 Πατρὺς,
3249 3720 3392 3774 κατά
3423 3733 3486 3786 γε
3516 3716 3610 3769 τὸν
3641 3713 3773 3784 παρτ

2188 3823 2418 3886 ἐκείνοις
2445 3821 2620 3890 λόγον·
2652 3819 2775 3873 ὅτου
2799 3817 2864 3889 δὴ
2898 3816 3058 3888 χάριν
3094 3816 3123 3870 ὀ
3154 3812 3422 3885 μακάριος
3445 3806 3773 3879 Ψαλμῳδδς,

2184 3915 2446 3988 οὐρανοὺς
2477 3912 2577 3983 μὲν
2626 3908 2922 3966 ἀπολέσθαι
2969 3906 3134 3978 φησὶ,
3168 3903 3263 3958 καὶ
3295 3903 3372 3966 ὡς
3417 3901 3632 3972 ἱμάτιον
3664 3914 3771 3952 πα-

2185 4003 2586 4076 λαιωθήσεσθαι
2608 4021 2621 4034 ο
2650 4002 2780 4057 ῐδιον
2811 4001 2870 4056 δὲ
2911 3999 3101 4071 ὥσπερ
3132 3995 3366 4051 ἀνετίθει
3403 3994 3573 4064 γέρας
3601 3989 3772 4060 αὐτῷ,

2192 4117 2211 4151 ι
2251 4100 2324 4153 Σὺ
2351 4097 2408 4150 δὲ
2441 4099 2470 4152 ὁ
2495 4095 2662 4159 αὑτὸς
2692 4089 2773 4159 ei,
2805 4111 2824 4145 ι
2859 4091 3018 4162 βοῶν,
3055 4109 3075 4143 ι
3102 4088 3198 4143 καὶ
3216 4087 3286 4141 τὰ
3307 4087 3402 4155 ἔτη
3437 4101 3532 4138 σου
3557 4083 3656 4136 οὑκ
3685 4083 3776 4134 ὲκ-

507 4174 617 4254 tem
656 4198 801 4254 idem
852 4189 969 4268 ipse
997 4174 1080 4262 es,
1111 4204 1167 4251 et
1201 4195 1334 4248 anui
1381 4193 1459 4246 tui
1493 4208 1602 4247 non
1655 4189 1918 4244 deﬁcient
1948 4187 2012 4240 “.
2060 4204 2072 4238 I

2185 4189 2482 4260 λείψουσιν;
2516 4207 2536 4240 ι
2567 4188 2637 4240 ’Ἡ
2661 4187 2769 4258 γὰρ
2795 4186 3099 4244 ἀπολεῖται,
3133 4180 3228 4234 καὶ
3254 4177 3494 4246 ἐκλείψει
3518 4176 3616 4229 σὺν
3645 4174 3778 4244 ἡμῖν

456 4285 462 4290 ’
507 4295 616 4346 Aut
645 4291 797 4346 enim
838 4265 961 4359 ipse
1010 4288 1298 4344 nobiseum
1348 4286 1596 4341 interibit
1631 4298 1696 4338 ac
1727 4279 1965 4344 delicict,
1995 4287 2072 4334 ut-

2185 4283 2260 4348 ὡς
2283 4281 2549 4354 ὁμοφυὴς,
2581 4281 2676 4334 κα)⁸
2700 4277 2884 4332 οὐκέτι
2919 4274 3245 4346 νοηθήσεται
3272 4271 3406 4342 ζωή·
3431 4269 3464 4339 ἢ
3507 4266 3603 4320 καὶ⁵

508 4393 635 4454 pote
670 4381 916 4451 ejusdem
955 4389 1188 4443 natura),
1232 4396 1334 4434 nec
1364 4379 1604 4448 amplius
1640 4376 1748 4430 vita
1795 4389 1918 4430 esse
1951 4387 2072 4427 ccu-

2188 4373 2269 4436 είς
2295 4371 2357 4425 τὸ
2392 4369 2654 4432 ὡσαύτως
2682 4367 2826 4438 ἔχειν
2855 4366 2943 4420 ἀεὶ
2961 4405 2976 4429 ,
3007 4362 3102 4416 καὶ
3129 4363 3210 4425 εἰς
3238 4359 3592 4414 ἀνέκλειπτον
3641 4354 3779 4408 ἑτῶν

511 4444 723 4530 sebitur
751 4491 765 4527 :
797 4479 896 4526 aut
925 4487 1030 4526 nos
1065 4471 1120 4526 in
1161 4479 1366 4526 statum
1408 4444 1800 4523 immutabilem
1832 4470 1888 4519 et
1927 4461 2072 4518 iude-

2189 4462 2442 4534 ἀριθμὸν,
2473 4461 2570 4515 καὶ
2609 4461 2689 4523 εἰς
2721 4458 2783 4512 τὸ
2809 4452 2950 4510 εἶναι
2980 4453 3124 4525 ζωὴν
3149 4449 3492 4520 ἀνελκύσειή
3523 4447 3659 4517 πρὸς
3685 4444 3780 4534 αύ-

513 4565 789 4620 licientem
850 4576 1125 4617 annorum
1194 4574 1507 4622 numerum,
1561 4566 1730 4626 atque
1787 4563 1847 4610 ut
1908 4555 2072 4611 simus

2187 4533 2280 4609 τὸν
2335 4553 2600 4622 συνάφεια
2649 4549 2873 4620 φυσική.
2937 4545 3096 4600 Ἀλλά
3152 4543 3259 4614 μὴν
3307 4540 3421 4607 ἔξει
3469 4537 3569 4608 μὲν
3616 4533 3781 4626 αὐτος

511 4657 644 4721 vita,
691 4653 1013 4723 conjunctio
1065 4667 1190 4706 cum
1252 4652 1374 4720 ipso
1433 4649 1706 4704 naturalis
1761 4663 1864 4702 nos
1923 4648 2066 4701 simu

2195 4645 2458 4706 ὡσαύτως
2491 4644 2596 4706 ἀεὶ,
2623 4644 2786 4712 ἡμεῖς
2817 4639 2874 4693 δὲ
2909 4635 3230 4706 ἐκλείψομεν
3255 4649 3266 4661 ·
3293 4632 3394 4684 οὐκ
3418 4629 3526 4700 ἀρα
3543 4623 3781 4723 Δγενισὲτδς

512 4714 819 4816 pertrahi-tv.
844 4742 1010 4813 Atqui
1035 4742 1089 4796 in
1114 4714 1305 4797 eodem
1340 4755 1558 4810 semper
1594 4739 1711 4808 ipse
1742 4737 2064 4808 permanebi

2192 4742 2268 4804 ὡς
2319 4738 2514 4808 ἡμεῖς·
2543 4735 2656 4788 ἀλλ’
2702 4733 2934 4804 ἐπείπερ
2993 4727 3139 4783 ἐστὶν
3189 4727 3254 4799 ἐκ
3282 4723 3381 4793 τῆς
3429 4718 3579 4816 κατά
3614 4714 3782 4816 φύσιν

513 4845 682 4898 statu.
713 4851 814 4890 nos
845 4843 1029 4890 autem
1068 4833 1406 4889 deﬁciamus.
1469 4833 1584 4888 Non
1625 4847 1755 4903 ergo
1787 4832 1952 4888 sicuti
1991 4847 2072 4886 ne:

2195 4804 2380 4898 ζωῆς,
2407 4825 2736 4896 ζωογονήσει
2766 4822 2860 4877 καὶ
2904 4820 3066 4883 αὑτὸς
3101 4817 3176 4882 ὠς
3220 4813 3334 4884 ζωὴ
3365 4811 3433 4865 τὰ
3471 4807 3617 4878 ζωῆς
3658 4804 3779 4859 δεό-

511 4940 737 4988 creatus
774 4937 858 4986 cst
889 4947 902 4983 :
933 4926 1028 4984 sed
1067 4943 1193 4982 cum
1236 4942 1302 4980 ex
1335 4925 1446 4979 vita
1494 4925 1733 4979 naturali
1791 4925 1883 4987 sit,
1917 4923 2092 4977 viviti-

512 5027 662 5083 c.ibit
687 5024 852 5078 etiam
894 5021 1030 5092 ipse,
1059 5032 1119 5077 ut
1143 5021 1273 5084 vita.
1301 5035 1366 5075 ca
1399 5034 1522 5089 qua:
1553 5020 1678 5074 vita
1713 5017 1980 5087 indigent.

588 5117 822 5174 ALIUD.
861 5117 917 5172 Si
951 5116 1038 5171 sui
1085 5115 1261 5186 ipsius
1293 5112 1432 5166 nihil
1468 5119 1553 5166 est
1585 5111 1885 5182 particeps,
1923 5107 2091 5166 Ultri-

2243 4938 2267 4973 ε
2343 4959 2357 4973 .

2198 4939 2238 4992 μ
2264 4937 2466 5066 ΧἍΛΟ.
2509 5009 2572 5063 Εἰ
2593 5007 2745 5063 οὐδὲν
2779 5003 2970 5060 ἑαυτοῦ
3002 5002 3248 5074 μέτοχον,
3282 4990 3574 5068 μετέχειδὲ
3604 4989 3638 5061 ἠ
3665 4987 3784 5040 κτί-

2197 5124 2279 5170 σις
2308 5105 2384 5168 ὼς
2412 5103 2580 5174 ζωῆς,
2607 5100 2700 5155 τοῦ
2737 5094 2976 5171 Χριστοῦ
3010 5113 3022 5124 ’
3055 5094 3158 5147 οὑκ
3191 5091 3300 5161 ἄρα
3333 5089 3366 5157 ἡ
3394 5084 3571 5149 κτίσις
3601 5079 3786 5146 αὑτὸς,

515 5219 661 5266 stunt
690 5218 900 5272 autem,
931 5217 989 5262 ut
1025 5180 1216 5272 vitam,
1238 5211 1490 5259 creatura
1515 5180 1809 5272 paiticipat
1830 5220 1844 5256 :
1868 5216 1975 5255 non
2009 5215 2070 5255 es

2197 5199 2310 5254 ἀλλ’
2332 5197 2454 5251 οὐδὲ
2479 5198 2510 5268 ἡ
2541 5195 2718 5259 κτίσις
2745 5191 2881 5265 ζωὴ,
2904 5192 3041 5260 ὅπερ
3071 5185 3221 5240 ἐστὶν
3242 5185 3271 5237 ὁ
3305 5180 3454 5243 Υἱός.

511 5317 647 5372 ergo
687 5301 805 5372 ipse
851 5307 1130 5366 creatura,
1176 5297 1271 5353 sed
1317 5311 1493 5368 neque
1545 5303 1798 5350 creatura
1840 5293 2092 5357 estvita,

517 5391 663 5462 quod
697 5399 783 5447 est
805 5387 999 5446 Filius.

597 5481 823 5537 ALIUD.
865 5482 923 5537 Si
959 5482 1105 5538 aliud
1140 5489 1224 5536 est
1263 5480 1564 5544 vix‘ilicare,
1603 5476 1749 5531 aliud
1791 5489 1923 5530 vero
1957 5473 2094 5526 rivi-

524 5575 700 5640 Iicari,
746 5575 888 5630 sicut
927 5589 1087 5644 agere
1142 5583 1197 5629 et
1253 5574 1388 5644 pati.
1463 5583 1516 5627 et
1580 5570 1820 5626 viviticat
1871 5567 2093 5638 quidem

605 5737 647 5770 ⁸³
682 5750 840 5811 Joan.
878 5769 928 5808 γι
955 5792 968 5819 ,
1008 5753 1097 5808 33.
1185 5754 1227 5786 ”
1266 5752 1413 5810 Psal.
1448 5769 1521 5821 Cl,
1557 5753 1625 5808 28
1659 5772 1674 5820 ;
1711 5752 1876 5810 Hebr.
1910 5767 1947 5816 ι,
1989 5749 2072 5803 I2.

2277 5468 2478 5520 ΑᾹΛΟ.
2508 5466 2568 5518 Εἰ
2595 5464 2652 5517 τὸ
2677 5459 2959 5527 ζωοποιεῖν
2983 5455 3070 5508 ἓτε
3081 5451 3171 5524 ρόν
3195 5450 3332 5512 ἐστι,
3359 5444 3419 5498 τὸ
3458 5442 3514 5496 δὲ
3537 5439 3787 5505 ζωοποεῖο

2208 5561 2327 5615 σθαι
2369 5559 2583 5629 ἕτερον,
2634 5557 2706 5620 ὡς
2761 5552 3012 5624 ἐνέργεια
3053 5546 3145 5601 καὶ
3181 5540 3386 5606 πάθος,
3418 5536 3509 5591 καὶ
3539 5531 3792 5599 ζωοποιεῖ
