  <div class='ocr_page' id='page_1' title='image "/cluster/home/n/w/nwhite01/storage/ocr_20150623/73/hvd.32044073502023/052.png"; bbox 0 0 4052 6208; ppageno 0'>
   <div class='ocr_carea' id='block_1_1' title="bbox 292 325 1897 398">
    <p class='ocr_par' dir='ltr' id='par_1_1' title="bbox 292 325 1897 394">
     <span class='ocr_line' id='line_1_1' title="bbox 292 325 1897 394; baseline -0.006 -3"><span class='ocrx_word' id='word_1_1' title='bbox 292 339 362 394; x_wconf 70' lang='grc'><strong>93</strong></span> <span class='ocrx_word' id='word_1_2' title='bbox 1352 328 1416 382; x_wconf 75' lang='grc' dir='ltr'><strong>ΙΝ</strong></span> <span class='ocrx_word' id='word_1_3' title='bbox 1456 325 1745 384; x_wconf 71' lang='grc' dir='ltr'>ιοΑΝΝιε</span> <span class='ocrx_word' id='word_1_4' title='bbox 1774 325 1897 382; x_wconf 68' lang='lat' dir='ltr'><strong>EVA</strong></span> 
     </span>
    </p>
   </div>
   <div class='ocr_carea' id='block_1_2' title="bbox 2000 325 3571 398">
    <p class='ocr_par' dir='ltr' id='par_1_2' title="bbox 2000 329 3571 398">
     <span class='ocr_line' id='line_1_2' title="bbox 2000 329 3571 398; baseline 0.011 -17"><span class='ocrx_word' id='word_1_5' title='bbox 2000 329 2246 388; x_wconf 61' lang='lat' dir='ltr'><strong>CELIUM.</strong></span> <span class='ocrx_word' id='word_1_6' title='bbox 2275 333 2399 390; x_wconf 77' lang='lat' dir='ltr'><strong>LIB.</strong></span> <span class='ocrx_word' id='word_1_7' title='bbox 2443 334 2484 390; x_wconf 91' lang='grc' dir='ltr'><strong>ι.</strong></span> <span class='ocrx_word' id='word_1_8' title='bbox 3495 342 3571 398; x_wconf 69' lang='grc' dir='ltr'><strong>ει</strong></span> 
     </span>
    </p>
   </div>
   <div class='ocr_carea' id='block_1_3' title="bbox 295 442 1897 529">
    <p class='ocr_par' dir='ltr' id='par_1_3' title="bbox 295 442 1888 529">
     <span class='ocr_line' id='line_1_3' title="bbox 295 442 1888 529; baseline -0.004 -25"><span class='ocrx_word' id='word_1_9' title='bbox 295 457 396 529; x_wconf 62' lang='grc' dir='ltr'>μὶν</span> <span class='ocrx_word' id='word_1_10' title='bbox 423 454 454 507; x_wconf 80' lang='grc' dir='ltr'>ὁ</span> <span class='ocrx_word' id='word_1_11' title='bbox 485 448 632 512; x_wconf 82' lang='grc' dir='ltr'>ι’ἰὸς,</span> <span class='ocrx_word' id='word_1_12' title='bbox 668 444 1013 511; x_wconf 77' lang='grc' dir='ltr'><strong>ζωοποιεῖται</strong></span> <span class='ocrx_word' id='word_1_13' title='bbox 1039 442 1098 496; x_wconf 78' lang='grc' dir='ltr'><strong>δέ</strong></span> <span class='ocrx_word' id='word_1_14' title='bbox 1129 443 1162 516; x_wconf 79' lang='grc' dir='ltr'><strong>η</strong></span> <span class='ocrx_word' id='word_1_15' title='bbox 1189 443 1384 505; x_wconf 76' lang='grc' dir='ltr'>κτίσις·</span> <span class='ocrx_word' id='word_1_16' title='bbox 1411 443 1512 497; x_wconf 88' lang='grc' dir='ltr'><strong>οὑκ</strong></span> <span class='ocrx_word' id='word_1_17' title='bbox 1553 443 1665 516; x_wconf 72' lang='grc' dir='ltr'>ἄρα</span> <span class='ocrx_word' id='word_1_18' title='bbox 1691 443 1888 498; x_wconf 88' lang='grc' dir='ltr'>ταυτὸν</span> 
     </span>
    </p>
   </div>
   <div class='ocr_carea' id='block_1_4' title="bbox 2000 442 3570 529">
    <p class='ocr_par' dir='ltr' id='par_1_4' title="bbox 2000 443 3570 525">
     <span class='ocr_line' id='line_1_4' title="bbox 2000 443 3570 525; baseline 0.01 -28"><span class='ocrx_word' id='word_1_19' title='bbox 2000 443 2190 511; x_wconf 82' lang='lat' dir='ltr'><strong>Filius.</strong></span> <span class='ocrx_word' id='word_1_20' title='bbox 2253 457 2509 504; x_wconf 75' lang='lat' dir='ltr'><strong>creatura</strong></span> <span class='ocrx_word' id='word_1_21' title='bbox 2567 458 2751 506; x_wconf 91' lang='lat' dir='ltr'><strong>autem</strong></span> <span class='ocrx_word' id='word_1_22' title='bbox 2806 451 3116 508; x_wconf 78' lang='lat' dir='ltr'><strong>viviﬁcatur</strong></span> <span class='ocrx_word' id='word_1_23' title='bbox 3159 472 3172 506; x_wconf 90' lang='lat'>:</span> <span class='ocrx_word' id='word_1_24' title='bbox 3222 468 3333 508; x_wconf 89' lang='lat' dir='ltr'><strong>non</strong></span> <span class='ocrx_word' id='word_1_25' title='bbox 3398 453 3570 525; x_wconf 72' lang='lat' dir='ltr'><strong>igitur</strong></span> 
     </span>
    </p>
   </div>
   <div class='ocr_carea' id='block_1_5' title="bbox 299 535 1884 610">
    <p class='ocr_par' dir='ltr' id='par_1_5' title="bbox 299 535 1884 610">
     <span class='ocr_line' id='line_1_5' title="bbox 299 535 1884 610; baseline -0.006 -14"><span class='ocrx_word' id='word_1_26' title='bbox 299 539 420 610; x_wconf 78' lang='grc' dir='ltr'>ι’ίὸς</span> <span class='ocrx_word' id='word_1_27' title='bbox 467 541 560 595; x_wconf 82' lang='grc' dir='ltr'>καὶ</span> <span class='ocrx_word' id='word_1_28' title='bbox 592 539 790 602; x_wconf 81' lang='grc' dir='ltr'><strong>κτίσις,</strong></span> <span class='ocrx_word' id='word_1_29' title='bbox 822 535 947 592; x_wconf 73' lang='grc' dir='ltr'>ἐπεὶ</span> <span class='ocrx_word' id='word_1_30' title='bbox 989 535 1125 608; x_wconf 84' lang='grc' dir='ltr'><strong>μηδέ</strong></span> <span class='ocrx_word' id='word_1_31' title='bbox 1146 535 1208 590; x_wconf 88' lang='grc' dir='ltr'><strong>τὸ</strong></span> <span class='ocrx_word' id='word_1_32' title='bbox 1240 535 1494 606; x_wconf 76' lang='grc' dir='ltr'><strong>ἐνεργοῦν</strong></span> <span class='ocrx_word' id='word_1_33' title='bbox 1519 535 1598 607; x_wconf 83' lang='grc' dir='ltr'>τῷ</span> <span class='ocrx_word' id='word_1_34' title='bbox 1629 537 1884 608; x_wconf 77' lang='grc' dir='ltr'>ἐνεργου-</span> 
     </span>
    </p>
   </div>
   <div class='ocr_carea' id='block_1_6' title="bbox 292 635 461 706">
    <p class='ocr_par' dir='ltr' id='par_1_6' title="bbox 292 635 461 706">
     <span class='ocr_line' id='line_1_6' title="bbox 292 635 461 706; baseline -0.006 0"><span class='ocrx_word' id='word_1_35' title='bbox 292 635 461 706; x_wconf 56' lang='lat' dir='ltr'><strong>sive»</strong></span> 
     </span>
    </p>
   </div>
   <div class='ocr_carea' id='block_1_7' title="bbox 909 717 1271 774">
    <p class='ocr_par' dir='ltr' id='par_1_7' title="bbox 909 717 1271 774">
     <span class='ocr_line' id='line_1_7' title="bbox 909 717 1271 774; baseline 0.006 -2"><span class='ocrx_word' id='word_1_36' title='bbox 909 717 1164 773; x_wconf 66' lang='grc' dir='ltr'>ΚΕΦᾹΛ.</span> <span class='ocrx_word' id='word_1_37' title='bbox 1195 721 1271 774; x_wconf 87' lang='lat' dir='ltr'><strong>Z’.</strong></span> 
     </span>
    </p>
   </div>
   <div class='ocr_carea' id='block_1_8' title="bbox 293 809 1888 886">
    <p class='ocr_par' dir='ltr' id='par_1_8' title="bbox 293 809 1888 886">
     <span class='ocr_line' id='line_1_8' title="bbox 293 809 1888 886; baseline -0.005 -14"><span class='ocrx_word' id='word_1_38' title='bbox 293 818 422 872; x_wconf 82' lang='grc' dir='ltr'>Ὅτι</span> <span class='ocrx_word' id='word_1_39' title='bbox 453 813 580 886; x_wconf 72' lang='grc' dir='ltr'><strong>φῶς</strong></span> <span class='ocrx_word' id='word_1_40' title='bbox 609 811 758 886; x_wconf 66' lang='grc' dir='ltr'>κατὰ</span> <span class='ocrx_word' id='word_1_41' title='bbox 789 810 980 886; x_wconf 53' lang='grc' dir='ltr'>ερύσα-</span> <span class='ocrx_word' id='word_1_42' title='bbox 1015 811 1191 886; x_wconf 59' lang='grc' dir='ltr'>ἐσεὶν</span> <span class='ocrx_word' id='word_1_43' title='bbox 1215 811 1435 886; x_wconf 16' lang='grc' dir='ltr'>όγΥι-ὸς,</span> <span class='ocrx_word' id='word_1_44' title='bbox 1456 809 1566 886; x_wconf 52' lang='grc' dir='ltr'><strong>καί</strong></span> <span class='ocrx_word' id='word_1_45' title='bbox 1585 809 1683 886; x_wconf 70' lang='grc' dir='ltr'>διὰ</span> <span class='ocrx_word' id='word_1_46' title='bbox 1710 810 1888 886; x_wconf 56' lang='lat' dir='ltr'><strong>{cito</strong></span> 
     </span>
    </p>
   </div>
   <div class='ocr_carea' id='block_1_9' title="bbox 360 880 1887 955">
    <p class='ocr_par' dir='ltr' id='par_1_9' title="bbox 360 880 1887 955">
     <span class='ocr_line' id='line_1_9' title="bbox 360 880 1887 955; baseline -0.006 -13"><span class='ocrx_word' id='word_1_47' title='bbox 360 880 752 955; x_wconf 51' lang='lat' dir='ltr'><strong>ob&#39;rernrdc,</strong></span> <span class='ocrx_word' id='word_1_48' title='bbox 785 882 921 955; x_wconf 60' lang='grc' dir='ltr'><strong>ἀμ’</strong></span> <span class='ocrx_word' id='word_1_49' title='bbox 946 881 1015 955; x_wconf 73' lang='grc' dir='ltr'><strong>ἐκ</strong></span> <span class='ocrx_word' id='word_1_50' title='bbox 1059 880 1173 949; x_wconf 79' lang='grc' dir='ltr'>τῆς</span> <span class='ocrx_word' id='word_1_51' title='bbox 1201 882 1427 955; x_wconf 59' lang='grc' dir='ltr'><strong>⁸οὑσνζιις</strong></span> <span class='ocrx_word' id='word_1_52' title='bbox 1463 881 1752 955; x_wconf 39' lang='grc' dir='ltr'>τοῦ-Θεοῦ</span> <span class='ocrx_word' id='word_1_53' title='bbox 1789 880 1887 955; x_wconf 76' lang='grc' dir='ltr'><strong>καί</strong></span> 
     </span>
    </p>
   </div>
   <div class='ocr_carea' id='block_1_10' title="bbox 362 949 1884 1039">
    <p class='ocr_par' dir='ltr' id='par_1_10' title="bbox 362 949 1884 1039">
     <span class='ocr_line' id='line_1_10' title="bbox 362 949 1884 1039; baseline -0.004 -29"><span class='ocrx_word' id='word_1_54' title='bbox 362 949 596 1039; x_wconf 49' lang='lat' dir='ltr'><strong>Harpe;-</strong></span> <span class='ocrx_word' id='word_1_55' title='bbox 616 949 638 1018; x_wconf 19' lang='lat' dir='ltr'><strong>V,</strong></span> <span class='ocrx_word' id='word_1_56' title='bbox 671 953 754 1018; x_wconf 87' lang='grc' dir='ltr'>ὠς</span> <span class='ocrx_word' id='word_1_57' title='bbox 801 949 927 1020; x_wconf 72' lang='grc' dir='ltr'>φῶς</span> <span class='ocrx_word' id='word_1_58' title='bbox 965 951 1261 1020; x_wconf 72' lang='grc' dir='ltr'>ἀληθινὸν</span> <span class='ocrx_word' id='word_1_59' title='bbox 1325 951 1397 1006; x_wconf 80' lang='grc' dir='ltr'>ὲκ</span> <span class='ocrx_word' id='word_1_60' title='bbox 1442 952 1637 1021; x_wconf 77' lang='grc' dir='ltr'>φωτὸς</span> <span class='ocrx_word' id='word_1_61' title='bbox 1679 950 1884 1006; x_wconf 65' lang='grc' dir='ltr'>ἀληθι-</span> 
     </span>
    </p>
   </div>
   <div class='ocr_carea' id='block_1_11' title="bbox 362 1046 500 1083">
    <p class='ocr_par' dir='ltr' id='par_1_11' title="bbox 362 1046 500 1083">
     <span class='ocr_line' id='line_1_11' title="bbox 362 1046 500 1083; baseline 0.007 -1"><span class='ocrx_word' id='word_1_62' title='bbox 362 1046 500 1083; x_wconf 80' lang='grc' dir='ltr'>νου.</span> 
     </span>
    </p>
   </div>
   <div class='ocr_carea' id='block_1_12' title="bbox 362 1110 1518 1188">
    <p class='ocr_par' dir='ltr' id='par_1_12' title="bbox 362 1110 1518 1188">
     <span class='ocr_line' id='line_1_12' title="bbox 362 1110 1518 1188; baseline -0.009 -14"><span class='ocrx_word' id='word_1_63' title='bbox 362 1119 476 1174; x_wconf 71' lang='grc' dir='ltr'><strong>Καὶ</strong></span> <span class='ocrx_word' id='word_1_64' title='bbox 507 1116 620 1187; x_wconf 79' lang='grc' dir='ltr'><strong>ζωὴ</strong></span> <span class='ocrx_word' id='word_1_65' title='bbox 656 1112 737 1188; x_wconf 77' lang='grc' dir='ltr'><strong>ἦν</strong></span> <span class='ocrx_word' id='word_1_66' title='bbox 776 1115 843 1171; x_wconf 82' lang='grc' dir='ltr'><strong>τὸ</strong></span> <span class='ocrx_word' id='word_1_67' title='bbox 873 1112 1000 1185; x_wconf 66' lang='grc' dir='ltr'><strong>φῶς</strong></span> <span class='ocrx_word' id='word_1_68' title='bbox 1031 1111 1152 1166; x_wconf 70' lang='grc' dir='ltr'><strong>τῶν</strong></span> <span class='ocrx_word' id='word_1_69' title='bbox 1171 1110 1518 1180; x_wconf 78' lang='grc' dir='ltr'>ἀνθρώπων.</span> 
     </span>
    </p>
   </div>
   <div class='ocr_carea' id='block_1_13' title="bbox 361 1200 1892 1277">
    <p class='ocr_par' dir='ltr' id='par_1_13' title="bbox 361 1200 1892 1277">
     <span class='ocr_line' id='line_1_13' title="bbox 361 1200 1892 1277; baseline -0.008 -11"><span class='ocrx_word' id='word_1_70' title='bbox 361 1213 477 1266; x_wconf 78' lang='grc' dir='ltr'><strong>Καὶ</strong></span> <span class='ocrx_word' id='word_1_71' title='bbox 527 1210 617 1264; x_wconf 80' lang='grc' dir='ltr'><strong>διὰ</strong></span> <span class='ocrx_word' id='word_1_72' title='bbox 661 1210 868 1263; x_wconf 90' lang='grc' dir='ltr'>τούτων</span> <span class='ocrx_word' id='word_1_73' title='bbox 919 1209 1052 1277; x_wconf 74' lang='grc' dir='ltr'>ἡμῖν</span> <span class='ocrx_word' id='word_1_74' title='bbox 1084 1207 1112 1259; x_wconf 87' lang='grc' dir='ltr'>ὁ</span> <span class='ocrx_word' id='word_1_75' title='bbox 1169 1204 1439 1275; x_wconf 86' lang='grc' dir='ltr'>μακάριος</span> <span class='ocrx_word' id='word_1_76' title='bbox 1499 1200 1892 1272; x_wconf 75' lang='grc' dir='ltr'>εὑαγγελιστὴς</span> 
     </span>
    </p>
   </div>
   <div class='ocr_carea' id='block_1_14' title="bbox 293 1292 1891 1366">
    <p class='ocr_par' dir='ltr' id='par_1_14' title="bbox 293 1292 1891 1366">
     <span class='ocr_line' id='line_1_14' title="bbox 293 1292 1891 1366; baseline -0.006 -10"><span class='ocrx_word' id='word_1_77' title='bbox 293 1302 432 1356; x_wconf 81' lang='grc' dir='ltr'>Θεὸν</span> <span class='ocrx_word' id='word_1_78' title='bbox 457 1301 587 1355; x_wconf 76' lang='grc' dir='ltr'>ὄντα</span> <span class='ocrx_word' id='word_1_79' title='bbox 621 1298 764 1354; x_wconf 79' lang='grc' dir='ltr'>κατὰ</span> <span class='ocrx_word' id='word_1_80' title='bbox 799 1297 960 1366; x_wconf 84' lang='grc' dir='ltr'>φύσιν</span> <span class='ocrx_word' id='word_1_81' title='bbox 1005 1294 1337 1349; x_wconf 83' lang='grc' dir='ltr'>ἐπιδεικνύει</span> <span class='ocrx_word' id='word_1_82' title='bbox 1363 1294 1454 1349; x_wconf 90' lang='grc' dir='ltr'><strong>τὸν</strong></span> <span class='ocrx_word' id='word_1_83' title='bbox 1483 1293 1634 1361; x_wconf 88' lang='grc' dir='ltr'>Υίὸν,</span> <span class='ocrx_word' id='word_1_84' title='bbox 1664 1292 1891 1348; x_wconf 77' lang='grc' dir='ltr'>καὶτῶν</span> 
     </span>
    </p>
   </div>
   <div class='ocr_carea' id='block_1_15' title="bbox 291 1383 1892 1460">
    <p class='ocr_par' dir='ltr' id='par_1_15' title="bbox 291 1383 1892 1460">
     <span class='ocr_line' id='line_1_15' title="bbox 291 1383 1892 1460; baseline -0.005 -15"><span class='ocrx_word' id='word_1_85' title='bbox 291 1390 390 1446; x_wconf 85' lang='grc' dir='ltr'><strong>τοῦ</strong></span> <span class='ocrx_word' id='word_1_86' title='bbox 427 1391 795 1460; x_wconf 81' lang='grc' dir='ltr'><strong>γεννήσαντος</strong></span> <span class='ocrx_word' id='word_1_87' title='bbox 824 1384 1046 1455; x_wconf 75' lang='grc' dir='ltr'>ἀγαθῶν</span> <span class='ocrx_word' id='word_1_88' title='bbox 1071 1383 1346 1449; x_wconf 84' lang='grc' dir='ltr'>οὑσιωδῶς</span> <span class='ocrx_word' id='word_1_89' title='bbox 1376 1383 1732 1456; x_wconf 79' lang='grc' dir='ltr'>κληρονόμον.</span> <span class='ocrx_word' id='word_1_90' title='bbox 1751 1384 1892 1455; x_wconf 71' lang='grc' dir='ltr'>Προο</span> 
     </span>
    </p>
   </div>
   <div class='ocr_carea' id='block_1_16' title="bbox 291 1470 1892 1553">
    <p class='ocr_par' dir='ltr' id='par_1_16' title="bbox 291 1470 1892 1553">
     <span class='ocr_line' id='line_1_16' title="bbox 291 1470 1892 1553; baseline -0.006 -16"><span class='ocrx_word' id='word_1_91' title='bbox 291 1483 480 1550; x_wconf 77' lang='grc' dir='ltr'>δείξας</span> <span class='ocrx_word' id='word_1_92' title='bbox 508 1481 619 1553; x_wconf 72' lang='grc' dir='ltr'><strong>γάρ</strong></span> <span class='ocrx_word' id='word_1_93' title='bbox 662 1481 746 1534; x_wconf 82' lang='grc' dir='ltr'>ὅτι</span> <span class='ocrx_word' id='word_1_94' title='bbox 785 1477 901 1546; x_wconf 76' lang='grc' dir='ltr'><strong>ζωὴ</strong></span> <span class='ocrx_word' id='word_1_95' title='bbox 932 1474 1076 1532; x_wconf 83' lang='grc' dir='ltr'>κατὰ</span> <span class='ocrx_word' id='word_1_96' title='bbox 1113 1474 1275 1544; x_wconf 85' lang='grc' dir='ltr'>φύσιν</span> <span class='ocrx_word' id='word_1_97' title='bbox 1305 1475 1568 1546; x_wconf 77' lang='grc' dir='ltr'><strong>ὑπάρχων</strong></span> <span class='ocrx_word' id='word_1_98' title='bbox 1587 1513 1602 1540; x_wconf 93' lang='grc'><strong>,</strong></span> <span class='ocrx_word' id='word_1_99' title='bbox 1637 1475 1799 1539; x_wconf 88' lang='grc' dir='ltr'>αὑτὸς</span> <span class='ocrx_word' id='word_1_100' title='bbox 1822 1470 1892 1546; x_wconf 77' lang='grc' dir='ltr'><strong>ἢν</strong></span> 
     </span>
    </p>
   </div>
   <div class='ocr_carea' id='block_1_17' title="bbox 293 1565 1893 1638">
    <p class='ocr_par' dir='ltr' id='par_1_17' title="bbox 293 1565 1893 1638">
     <span class='ocr_line' id='line_1_17' title="bbox 293 1565 1893 1638; baseline -0.006 -9"><span class='ocrx_word' id='word_1_101' title='bbox 293 1577 350 1629; x_wconf 88' lang='grc' dir='ltr'><strong>ἐν</strong></span> <span class='ocrx_word' id='word_1_102' title='bbox 370 1577 512 1629; x_wconf 69' lang='grc' dir='ltr'>πᾶσι</span> <span class='ocrx_word' id='word_1_103' title='bbox 537 1575 649 1637; x_wconf 84' lang='grc' dir='ltr'>τοῖς</span> <span class='ocrx_word' id='word_1_104' title='bbox 675 1571 740 1625; x_wconf 77' lang='grc' dir='ltr'><strong>δι’</strong></span> <span class='ocrx_word' id='word_1_105' title='bbox 764 1569 930 1624; x_wconf 89' lang='grc' dir='ltr'>αὑτοῦ</span> <span class='ocrx_word' id='word_1_106' title='bbox 957 1567 1295 1638; x_wconf 82' lang='grc' dir='ltr'>γενομένοις,</span> <span class='ocrx_word' id='word_1_107' title='bbox 1326 1567 1568 1638; x_wconf 90' lang='grc' dir='ltr'>συνέχων</span> <span class='ocrx_word' id='word_1_108' title='bbox 1622 1565 1764 1620; x_wconf 84' lang='grc' dir='ltr'>αὑτὰ</span> <span class='ocrx_word' id='word_1_109' title='bbox 1797 1566 1893 1620; x_wconf 74' lang='grc' dir='ltr'>καὶ</span> 
     </span>
    </p>
   </div>
   <div class='ocr_carea' id='block_1_18' title="bbox 294 1655 1892 1736">
    <p class='ocr_par' dir='ltr' id='par_1_18' title="bbox 294 1655 1892 1736">
     <span class='ocr_line' id='line_1_18' title="bbox 294 1655 1892 1736; baseline -0.004 -16"><span class='ocrx_word' id='word_1_110' title='bbox 294 1665 604 1736; x_wconf 83' lang='grc' dir='ltr'>ζωογονῶν,</span> <span class='ocrx_word' id='word_1_111' title='bbox 639 1663 735 1718; x_wconf 72' lang='grc' dir='ltr'>καὶ</span> <span class='ocrx_word' id='word_1_112' title='bbox 761 1663 828 1715; x_wconf 91' lang='grc' dir='ltr'><strong>ἐκ</strong></span> <span class='ocrx_word' id='word_1_113' title='bbox 866 1660 942 1732; x_wconf 80' lang='grc' dir='ltr'>μὴ</span> <span class='ocrx_word' id='word_1_114' title='bbox 988 1659 1158 1714; x_wconf 81' lang='grc' dir='ltr'>όντων</span> <span class='ocrx_word' id='word_1_115' title='bbox 1195 1659 1277 1723; x_wconf 86' lang='grc' dir='ltr'><strong>είς</strong></span> <span class='ocrx_word' id='word_1_116' title='bbox 1315 1659 1378 1713; x_wconf 85' lang='grc' dir='ltr'><strong>τὸ</strong></span> <span class='ocrx_word' id='word_1_117' title='bbox 1417 1655 1556 1712; x_wconf 73' lang='grc' dir='ltr'>εἶναι</span> <span class='ocrx_word' id='word_1_118' title='bbox 1601 1658 1892 1731; x_wconf 82' lang='grc' dir='ltr'><strong>παρελθεῖν</strong></span> 
     </span>
    </p>
   </div>
   <div class='ocr_carea' id='block_1_19' title="bbox 1991 540 3571 620">
    <p class='ocr_par' dir='ltr' id='par_1_19' title="bbox 1991 540 3571 620">
     <span class='ocr_line' id='line_1_19' title="bbox 1991 540 3571 620; baseline 0.004 -26"><span class='ocrx_word' id='word_1_119' title='bbox 1991 540 2135 595; x_wconf 90' lang='lat' dir='ltr'><strong>idem</strong></span> <span class='ocrx_word' id='word_1_120' title='bbox 2191 549 2278 597; x_wconf 91' lang='lat' dir='ltr'><strong>est</strong></span> <span class='ocrx_word' id='word_1_121' title='bbox 2330 541 2503 598; x_wconf 83' lang='lat' dir='ltr'><strong>Filius</strong></span> <span class='ocrx_word' id='word_1_122' title='bbox 2555 551 2611 599; x_wconf 90' lang='lat' dir='ltr'><strong>et</strong></span> <span class='ocrx_word' id='word_1_123' title='bbox 2657 553 2937 612; x_wconf 76' lang='lat' dir='ltr'><strong>creatura,</strong></span> <span class='ocrx_word' id='word_1_124' title='bbox 2971 553 3030 601; x_wconf 88' lang='lat' dir='ltr'><strong>ut</strong></span> <span class='ocrx_word' id='word_1_125' title='bbox 3059 546 3419 618; x_wconf 72' lang='lat' dir='ltr'><strong>nequequod</strong></span> <span class='ocrx_word' id='word_1_126' title='bbox 3456 549 3571 620; x_wconf 67' lang='lat' dir='ltr'><strong>agit</strong></span> 
     </span>
    </p>
   </div>
   <div class='ocr_carea' id='block_1_20' title="bbox 1987 632 2942 708">
    <p class='ocr_par' dir='ltr' id='par_1_20' title="bbox 1987 632 2942 708">
     <span class='ocr_line' id='line_1_20' title="bbox 1987 632 2942 708; baseline 0.004 -20"><span class='ocrx_word' id='word_1_127' title='bbox 1987 632 2132 688; x_wconf 88' lang='lat' dir='ltr'><strong>idem</strong></span> <span class='ocrx_word' id='word_1_128' title='bbox 2176 643 2264 690; x_wconf 88' lang='lat' dir='ltr'><strong>est</strong></span> <span class='ocrx_word' id='word_1_129' title='bbox 2303 649 2430 690; x_wconf 88' lang='lat' dir='ltr'><strong>cum</strong></span> <span class='ocrx_word' id='word_1_130' title='bbox 2461 650 2528 692; x_wconf 89' lang='lat' dir='ltr'><strong>eo</strong></span> <span class='ocrx_word' id='word_1_131' title='bbox 2559 636 2705 706; x_wconf 90' lang='lat' dir='ltr'><strong>quod</strong></span> <span class='ocrx_word' id='word_1_132' title='bbox 2739 637 2942 708; x_wconf 70' lang='lat' dir='ltr'><strong>agitur.</strong></span> 
     </span>
    </p>
   </div>
   <div class='ocr_carea' id='block_1_21' title="bbox 2625 727 2934 784">
    <p class='ocr_par' dir='ltr' id='par_1_21' title="bbox 2625 727 2934 784">
     <span class='ocr_line' id='line_1_21' title="bbox 2625 727 2934 784; baseline 0.006 -2"><span class='ocrx_word' id='word_1_133' title='bbox 2625 727 2778 784; x_wconf 84' lang='lat' dir='ltr'><strong>CAP.</strong></span> <span class='ocrx_word' id='word_1_134' title='bbox 2821 727 2934 784; x_wconf 85' lang='lat' dir='ltr'><strong>VII.</strong></span> 
     </span>
    </p>
   </div>
   <div class='ocr_carea' id='block_1_22' title="bbox 1993 814 3570 888">
    <p class='ocr_par' dir='ltr' id='par_1_22' title="bbox 1993 814 3570 888">
     <span class='ocr_line' id='line_1_22' title="bbox 1993 814 3570 888; baseline 0.004 -20"><span class='ocrx_word' id='word_1_135' title='bbox 1993 814 2152 881; x_wconf 73' lang='lat' dir='ltr'><strong>Quod</strong></span> <span class='ocrx_word' id='word_1_136' title='bbox 2189 818 2283 872; x_wconf 73' lang='lat' dir='ltr'><strong>lux</strong></span> <span class='ocrx_word' id='word_1_137' title='bbox 2315 818 2601 874; x_wconf 67' lang='lat' dir='ltr'><strong>secundum</strong></span> <span class='ocrx_word' id='word_1_138' title='bbox 2642 829 2891 874; x_wconf 67' lang='lat' dir='ltr'><strong>naturam</strong></span> <span class='ocrx_word' id='word_1_139' title='bbox 2927 820 2997 873; x_wconf 76' lang='lat' dir='ltr'><strong>sit</strong></span> <span class='ocrx_word' id='word_1_140' title='bbox 3037 818 3236 882; x_wconf 73' lang='lat' dir='ltr'><strong>Filius,</strong></span> <span class='ocrx_word' id='word_1_141' title='bbox 3267 828 3319 874; x_wconf 81' lang='lat' dir='ltr'><strong>et</strong></span> <span class='ocrx_word' id='word_1_142' title='bbox 3347 820 3570 888; x_wconf 73' lang='lat' dir='ltr'><strong>proinde</strong></span> 
     </span>
    </p>
   </div>
   <div class='ocr_carea' id='block_1_23' title="bbox 2062 889 3569 955">
    <p class='ocr_par' dir='ltr' id='par_1_23' title="bbox 2062 889 3569 955">
     <span class='ocr_line' id='line_1_23' title="bbox 2062 889 3569 955; baseline 0.002 -14"><span class='ocrx_word' id='word_1_143' title='bbox 2062 905 2166 942; x_wconf 82' lang='lat' dir='ltr'><strong>non</strong></span> <span class='ocrx_word' id='word_1_144' title='bbox 2215 898 2447 951; x_wconf 80' lang='lat' dir='ltr'><strong>creatus,</strong></span> <span class='ocrx_word' id='word_1_145' title='bbox 2479 890 2571 944; x_wconf 78' lang='lat' dir='ltr'><strong>sed</strong></span> <span class='ocrx_word' id='word_1_146' title='bbox 2609 906 2674 944; x_wconf 75' lang='lat' dir='ltr'><strong>ea:</strong></span> <span class='ocrx_word' id='word_1_147' title='bbox 2719 889 3022 946; x_wconf 73' lang='lat' dir='ltr'><strong>substantia</strong></span> <span class='ocrx_word' id='word_1_148' title='bbox 3059 890 3154 944; x_wconf 84' lang='lat' dir='ltr'><strong>Dei</strong></span> <span class='ocrx_word' id='word_1_149' title='bbox 3196 907 3260 944; x_wconf 82' lang='lat' dir='ltr'><strong>ac</strong></span> <span class='ocrx_word' id='word_1_150' title='bbox 3284 889 3488 955; x_wconf 75' lang='lat' dir='ltr'><strong>Patris,</strong></span> <span class='ocrx_word' id='word_1_151' title='bbox 3512 899 3569 944; x_wconf 80' lang='lat' dir='ltr'><strong>ut</strong></span> 
     </span>
    </p>
   </div>
   <div class='ocr_carea' id='block_1_24' title="bbox 2061 957 2728 1015">
    <p class='ocr_par' dir='ltr' id='par_1_24' title="bbox 2061 957 2728 1015">
     <span class='ocr_line' id='line_1_24' title="bbox 2061 957 2728 1015; baseline 0.004 -4"><span class='ocrx_word' id='word_1_152' title='bbox 2061 957 2156 1012; x_wconf 72' lang='lat' dir='ltr'><strong>tua:</strong></span> <span class='ocrx_word' id='word_1_153' title='bbox 2187 976 2310 1014; x_wconf 80' lang='lat' dir='ltr'><strong>vera</strong></span> <span class='ocrx_word' id='word_1_154' title='bbox 2345 960 2411 1014; x_wconf 84' lang='lat' dir='ltr'><strong>de</strong></span> <span class='ocrx_word' id='word_1_155' title='bbox 2441 960 2554 1015; x_wconf 83' lang='lat' dir='ltr'><strong>luce</strong></span> <span class='ocrx_word' id='word_1_156' title='bbox 2585 977 2728 1015; x_wconf 79' lang='lat' dir='ltr'><strong>vera.</strong></span> 
     </span>
    </p>
   </div>
   <div class='ocr_carea' id='block_1_25' title="bbox 2063 1114 3026 1173">
    <p class='ocr_par' dir='ltr' id='par_1_25' title="bbox 2063 1114 3026 1173">
     <span class='ocr_line' id='line_1_25' title="bbox 2063 1114 3026 1173; baseline 0.002 -2"><span class='ocrx_word' id='word_1_157' title='bbox 2063 1114 2102 1172; x_wconf 82' lang='grc' dir='ltr'><strong>ί.</strong></span> <span class='ocrx_word' id='word_1_158' title='bbox 2137 1117 2189 1172; x_wconf 79' lang='grc'>4.</span> <span class='ocrx_word' id='word_1_159' title='bbox 2227 1115 2294 1172; x_wconf 84' lang='lat' dir='ltr'><strong>Et</strong></span> <span class='ocrx_word' id='word_1_160' title='bbox 2325 1119 2433 1172; x_wconf 78' lang='lat' dir='ltr'><strong>vita</strong></span> <span class='ocrx_word' id='word_1_161' title='bbox 2460 1126 2576 1172; x_wconf 82' lang='lat' dir='ltr'><strong>erat</strong></span> <span class='ocrx_word' id='word_1_162' title='bbox 2607 1117 2700 1171; x_wconf 70' lang='lat' dir='ltr'><strong>tua:</strong></span> <span class='ocrx_word' id='word_1_163' title='bbox 2732 1117 3026 1173; x_wconf 81' lang='lat' dir='ltr'><strong>hominum.</strong></span> 
     </span>
    </p>
   </div>
   <div class='ocr_carea' id='block_1_26' title="bbox 2062 1209 3572 1282">
    <p class='ocr_par' dir='ltr' id='par_1_26' title="bbox 2062 1209 3572 1282">
     <span class='ocr_line' id='line_1_26' title="bbox 2062 1209 3572 1282; baseline -0.001 -17"><span class='ocrx_word' id='word_1_164' title='bbox 2062 1210 2262 1267; x_wconf 86' lang='lat' dir='ltr'><strong>Beatus</strong></span> <span class='ocrx_word' id='word_1_165' title='bbox 2288 1212 2632 1282; x_wconf 79' lang='lat' dir='ltr'><strong>evangelista</strong></span> <span class='ocrx_word' id='word_1_166' title='bbox 2664 1211 2827 1266; x_wconf 87' lang='lat' dir='ltr'><strong>nobis</strong></span> <span class='ocrx_word' id='word_1_167' title='bbox 2850 1212 3015 1266; x_wconf 81' lang='lat' dir='ltr'><strong>etiam</strong></span> <span class='ocrx_word' id='word_1_168' title='bbox 3048 1209 3135 1266; x_wconf 90' lang='lat' dir='ltr'><strong>his</strong></span> <span class='ocrx_word' id='word_1_169' title='bbox 3165 1209 3351 1265; x_wconf 81' lang='lat' dir='ltr'><strong>verbis</strong></span> <span class='ocrx_word' id='word_1_170' title='bbox 3379 1216 3572 1264; x_wconf 89' lang='lat' dir='ltr'><strong>osten-</strong></span> 
     </span>
    </p>
   </div>
   <div class='ocr_carea' id='block_1_27' title="bbox 1990 1301 3568 1366">
    <p class='ocr_par' dir='ltr' id='par_1_27' title="bbox 1990 1301 3568 1366">
     <span class='ocr_line' id='line_1_27' title="bbox 1990 1301 3568 1366; baseline -0.003 -7"><span class='ocrx_word' id='word_1_171' title='bbox 1990 1302 2071 1359; x_wconf 90' lang='lat' dir='ltr'><strong>dit</strong></span> <span class='ocrx_word' id='word_1_172' title='bbox 2102 1301 2275 1358; x_wconf 89' lang='lat' dir='ltr'><strong>Deum</strong></span> <span class='ocrx_word' id='word_1_173' title='bbox 2309 1311 2505 1357; x_wconf 88' lang='lat' dir='ltr'><strong>natura</strong></span> <span class='ocrx_word' id='word_1_174' title='bbox 2536 1319 2635 1358; x_wconf 87' lang='lat' dir='ltr'><strong>sua</strong></span> <span class='ocrx_word' id='word_1_175' title='bbox 2673 1301 2872 1358; x_wconf 81' lang='lat' dir='ltr'><strong>Filium</strong></span> <span class='ocrx_word' id='word_1_176' title='bbox 2899 1303 3190 1366; x_wconf 76' lang='lat' dir='ltr'><strong>exsistere,</strong></span> <span class='ocrx_word' id='word_1_177' title='bbox 3218 1310 3274 1357; x_wconf 89' lang='lat' dir='ltr'><strong>et</strong></span> <span class='ocrx_word' id='word_1_178' title='bbox 3301 1301 3568 1356; x_wconf 85' lang='lat' dir='ltr'><strong>bonorum</strong></span> 
     </span>
    </p>
   </div>
   <div class='ocr_carea' id='block_1_28' title="bbox 1989 1393 3570 1465">
    <p class='ocr_par' dir='ltr' id='par_1_28' title="bbox 1989 1393 3570 1465">
     <span class='ocr_line' id='line_1_28' title="bbox 1989 1393 3570 1465; baseline -0.001 -14"><span class='ocrx_word' id='word_1_179' title='bbox 1989 1393 2173 1452; x_wconf 84' lang='lat' dir='ltr'><strong>Patris</strong></span> <span class='ocrx_word' id='word_1_180' title='bbox 2207 1396 2650 1452; x_wconf 84' lang='lat' dir='ltr'><strong>substantialiter</strong></span> <span class='ocrx_word' id='word_1_181' title='bbox 2692 1395 2984 1451; x_wconf 71' lang='lat' dir='ltr'><strong>haeredem.</strong></span> <span class='ocrx_word' id='word_1_182' title='bbox 3022 1395 3160 1449; x_wconf 85' lang='lat' dir='ltr'><strong>Cum</strong></span> <span class='ocrx_word' id='word_1_183' title='bbox 3206 1394 3355 1451; x_wconf 90' lang='lat' dir='ltr'><strong>enim</strong></span> <span class='ocrx_word' id='word_1_184' title='bbox 3414 1394 3570 1465; x_wconf 88' lang='lat' dir='ltr'><strong>prius</strong></span> 
     </span>
    </p>
   </div>
   <div class='ocr_carea' id='block_1_29' title="bbox 1992 1483 3569 1542">
    <p class='ocr_par' dir='ltr' id='par_1_29' title="bbox 1992 1483 3569 1542">
     <span class='ocr_line' id='line_1_29' title="bbox 1992 1483 3569 1542; baseline -0.003 0"><span class='ocrx_word' id='word_1_185' title='bbox 1992 1485 2243 1542; x_wconf 86' lang='lat' dir='ltr'><strong>docuerit</strong></span> <span class='ocrx_word' id='word_1_186' title='bbox 2289 1485 2456 1541; x_wconf 88' lang='lat' dir='ltr'><strong>vitam</strong></span> <span class='ocrx_word' id='word_1_187' title='bbox 2523 1483 2829 1542; x_wconf 85' lang='lat' dir='ltr'><strong>secundum</strong></span> <span class='ocrx_word' id='word_1_188' title='bbox 2897 1493 3154 1540; x_wconf 87' lang='lat' dir='ltr'><strong>naturam</strong></span> <span class='ocrx_word' id='word_1_189' title='bbox 3211 1487 3569 1542; x_wconf 72' lang='lat' dir='ltr'><strong>exsisteutem</strong></span> 
     </span>
    </p>
   </div>
   <div class='ocr_carea' id='block_1_30' title="bbox 1991 1576 3574 1651">
    <p class='ocr_par' dir='ltr' id='par_1_30' title="bbox 1991 1576 3574 1651">
     <span class='ocr_line' id='line_1_30' title="bbox 1991 1576 3574 1651; baseline 0 -19"><span class='ocrx_word' id='word_1_190' title='bbox 1991 1576 2173 1649; x_wconf 88' lang='lat' dir='ltr'><strong>ipsum</strong></span> <span class='ocrx_word' id='word_1_191' title='bbox 2238 1578 2295 1634; x_wconf 91' lang='lat' dir='ltr'><strong>in</strong></span> <span class='ocrx_word' id='word_1_192' title='bbox 2365 1577 2627 1651; x_wconf 75' lang='lat' dir='ltr'><strong>erunibus</strong></span> <span class='ocrx_word' id='word_1_193' title='bbox 2683 1593 2713 1632; x_wconf 87' lang='lat' dir='ltr'><strong>a</strong></span> <span class='ocrx_word' id='word_1_194' title='bbox 2777 1593 2837 1634; x_wconf 90' lang='lat' dir='ltr'><strong>se</strong></span> <span class='ocrx_word' id='word_1_195' title='bbox 2882 1578 3087 1634; x_wconf 88' lang='lat' dir='ltr'><strong>creatis</strong></span> <span class='ocrx_word' id='word_1_196' title='bbox 3161 1592 3322 1642; x_wconf 85' lang='lat' dir='ltr'><strong>esse,</strong></span> <span class='ocrx_word' id='word_1_197' title='bbox 3396 1591 3574 1646; x_wconf 89' lang='lat' dir='ltr'><strong>eaque</strong></span> 
     </span>
    </p>
   </div>
   <div class='ocr_carea' id='block_1_31' title="bbox 1994 1668 3575 1737">
    <p class='ocr_par' dir='ltr' id='par_1_31' title="bbox 1994 1668 3575 1737">
     <span class='ocr_line' id='line_1_31' title="bbox 1994 1668 3575 1737; baseline -0.003 -12"><span class='ocrx_word' id='word_1_198' title='bbox 1994 1670 2280 1726; x_wconf 90' lang='lat' dir='ltr'><strong>continere</strong></span> <span class='ocrx_word' id='word_1_199' title='bbox 2337 1684 2402 1724; x_wconf 91' lang='lat' dir='ltr'><strong>ac</strong></span> <span class='ocrx_word' id='word_1_200' title='bbox 2450 1669 2750 1735; x_wconf 82' lang='lat' dir='ltr'><strong>vivillcare,</strong></span> <span class='ocrx_word' id='word_1_201' title='bbox 2783 1678 2839 1725; x_wconf 86' lang='lat' dir='ltr'><strong>et</strong></span> <span class='ocrx_word' id='word_1_202' title='bbox 2886 1685 2918 1725; x_wconf 93' lang='lat' dir='ltr'><strong>e</strong></span> <span class='ocrx_word' id='word_1_203' title='bbox 2962 1669 3136 1724; x_wconf 89' lang='lat' dir='ltr'><strong>nihilo</strong></span> <span class='ocrx_word' id='word_1_204' title='bbox 3171 1668 3240 1724; x_wconf 87' lang='lat' dir='ltr'><strong>ad</strong></span> <span class='ocrx_word' id='word_1_205' title='bbox 3273 1683 3399 1726; x_wconf 87' lang='lat' dir='ltr'><strong>esse</strong></span> <span class='ocrx_word' id='word_1_206' title='bbox 3447 1682 3575 1737; x_wconf 84' lang='lat' dir='ltr'><strong>pro-</strong></span> 
     </span>
    </p>
   </div>
   <div class='ocr_carea' id='block_1_32' title="bbox 293 1747 1897 1851">
    <p class='ocr_par' dir='ltr' id='par_1_32' title="bbox 293 1747 1893 1828">
     <span class='ocr_line' id='line_1_32' title="bbox 293 1747 1893 1828; baseline -0.006 -15"><span class='ocrx_word' id='word_1_207' title='bbox 293 1760 494 1828; x_wconf 77' lang='grc' dir='ltr'>άφάτῳ</span> <span class='ocrx_word' id='word_1_208' title='bbox 531 1755 764 1826; x_wconf 79' lang='grc' dir='ltr'><strong>δυνάμει</strong></span> <span class='ocrx_word' id='word_1_209' title='bbox 798 1751 1163 1824; x_wconf 80' lang='grc' dir='ltr'><strong>δωρούμενος,</strong></span> <span class='ocrx_word' id='word_1_210' title='bbox 1202 1751 1298 1806; x_wconf 78' lang='grc' dir='ltr'>καὶ</span> <span class='ocrx_word' id='word_1_211' title='bbox 1323 1747 1670 1822; x_wconf 78' lang='grc' dir='ltr'>γεγενημένα</span> <span class='ocrx_word' id='word_1_212' title='bbox 1693 1751 1893 1804; x_wconf 85' lang='grc' dir='ltr'>διασώ-</span> 
     </span>
    </p>
   </div>
   <div class='ocr_carea' id='block_1_33' title="bbox 2000 1747 3572 1851">
    <p class='ocr_par' dir='ltr' id='par_1_33' title="bbox 2000 1760 3572 1832">
     <span class='ocr_line' id='line_1_33' title="bbox 2000 1760 3572 1832; baseline -0.005 -13"><span class='ocrx_word' id='word_1_213' title='bbox 2000 1763 2217 1828; x_wconf 83' lang='lat' dir='ltr'><strong>ducere,</strong></span> <span class='ocrx_word' id='word_1_214' title='bbox 2251 1771 2305 1818; x_wconf 90' lang='lat' dir='ltr'><strong>et</strong></span> <span class='ocrx_word' id='word_1_215' title='bbox 2335 1760 2599 1832; x_wconf 88' lang='lat' dir='ltr'><strong>producta</strong></span> <span class='ocrx_word' id='word_1_216' title='bbox 2646 1776 3004 1827; x_wconf 84' lang='lat' dir='ltr'><strong>conservare,</strong></span> <span class='ocrx_word' id='word_1_217' title='bbox 3035 1761 3101 1816; x_wconf 87' lang='lat' dir='ltr'><strong>ad</strong></span> <span class='ocrx_word' id='word_1_218' title='bbox 3135 1760 3276 1816; x_wconf 88' lang='lat' dir='ltr'><strong>alias</strong></span> <span class='ocrx_word' id='word_1_219' title='bbox 3319 1769 3572 1816; x_wconf 87' lang='lat' dir='ltr'><strong>contem-</strong></span> 
     </span>
    </p>
   </div>
   <div class='ocr_carea' id='block_1_34' title="bbox 293 1841 1892 1918">
    <p class='ocr_par' dir='ltr' id='par_1_34' title="bbox 293 1841 1892 1918">
     <span class='ocr_line' id='line_1_34' title="bbox 293 1841 1892 1918; baseline -0.006 -13"><span class='ocrx_word' id='word_1_220' title='bbox 293 1853 428 1916; x_wconf 78' lang='grc' dir='ltr'>ζων,</span> <span class='ocrx_word' id='word_1_221' title='bbox 446 1848 533 1918; x_wconf 78' lang='grc' dir='ltr'>ἐφ’</span> <span class='ocrx_word' id='word_1_222' title='bbox 560 1847 754 1918; x_wconf 73' lang='grc' dir='ltr'>ἑτέραν</span> <span class='ocrx_word' id='word_1_223' title='bbox 776 1845 995 1917; x_wconf 75' lang='grc' dir='ltr'>ἔρχεται</span> <span class='ocrx_word' id='word_1_224' title='bbox 1025 1843 1315 1914; x_wconf 79' lang='grc' dir='ltr'><strong>νοημάτων</strong></span> <span class='ocrx_word' id='word_1_225' title='bbox 1345 1841 1654 1914; x_wconf 80' lang='grc' dir='ltr'>διασκευὴν,</span> <span class='ocrx_word' id='word_1_226' title='bbox 1686 1859 1892 1897; x_wconf 83' lang='grc' dir='ltr'>παντα-</span> 
     </span>
    </p>
   </div>
   <div class='ocr_carea' id='block_1_35' title="bbox 296 1933 1889 2011">
    <p class='ocr_par' dir='ltr' id='par_1_35' title="bbox 296 1933 1889 2011">
     <span class='ocr_line' id='line_1_35' title="bbox 296 1933 1889 2011; baseline -0.004 -17"><span class='ocrx_word' id='word_1_227' title='bbox 296 1939 460 2011; x_wconf 87' lang='grc' dir='ltr'>χόθεν</span> <span class='ocrx_word' id='word_1_228' title='bbox 509 1940 659 2010; x_wconf 76' lang='grc' dir='ltr'>ἡμᾶς</span> <span class='ocrx_word' id='word_1_229' title='bbox 691 1937 785 1989; x_wconf 70' lang='grc' dir='ltr'>ἐπὶ</span> <span class='ocrx_word' id='word_1_230' title='bbox 835 1935 935 2006; x_wconf 80' lang='grc' dir='ltr'>τὴν</span> <span class='ocrx_word' id='word_1_231' title='bbox 969 1933 1069 2004; x_wconf 84' lang='grc' dir='ltr'><strong>τῆς</strong></span> <span class='ocrx_word' id='word_1_232' title='bbox 1099 1933 1357 2005; x_wconf 76' lang='grc' dir='ltr'><strong>ἀληθείας</strong></span> <span class='ocrx_word' id='word_1_233' title='bbox 1390 1933 1695 2005; x_wconf 75' lang='grc' dir='ltr'>κατάληψιν</span> <span class='ocrx_word' id='word_1_234' title='bbox 1736 1951 1889 2007; x_wconf 85' lang='grc' dir='ltr'>χειρ-</span> 
     </span>
    </p>
   </div>
   <div class='ocr_carea' id='block_1_36' title="bbox 295 2023 1889 2097">
    <p class='ocr_par' dir='ltr' id='par_1_36' title="bbox 295 2023 1889 2097">
     <span class='ocr_line' id='line_1_36' title="bbox 295 2023 1889 2097; baseline -0.002 -14"><span class='ocrx_word' id='word_1_235' title='bbox 295 2031 558 2097; x_wconf 78' lang='grc' dir='ltr'>αγωγεῖν,</span> <span class='ocrx_word' id='word_1_236' title='bbox 585 2029 682 2089; x_wconf 80' lang='grc' dir='ltr'>ὅτι,</span> <span class='ocrx_word' id='word_1_237' title='bbox 703 2026 769 2097; x_wconf 82' lang='grc' dir='ltr'>δὴ</span> <span class='ocrx_word' id='word_1_238' title='bbox 807 2025 901 2080; x_wconf 73' lang='grc' dir='ltr'>καὶ</span> <span class='ocrx_word' id='word_1_239' title='bbox 934 2024 1079 2096; x_wconf 79' lang='grc' dir='ltr'>μάλα</span> <span class='ocrx_word' id='word_1_240' title='bbox 1106 2024 1394 2095; x_wconf 82' lang='grc' dir='ltr'>προσήκοι,</span> <span class='ocrx_word' id='word_1_241' title='bbox 1416 2023 1889 2096; x_wconf 88' lang='grc' dir='ltr'>διενθυμούμενος.</span> 
     </span>
    </p>
   </div>
   <div class='ocr_carea' id='block_1_37' title="bbox 298 2115 1892 2188">
    <p class='ocr_par' dir='ltr' id='par_1_37' title="bbox 298 2115 1892 2188">
     <span class='ocr_line' id='line_1_37' title="bbox 298 2115 1892 2188; baseline -0.004 -12"><span class='ocrx_word' id='word_1_242' title='bbox 298 2121 513 2177; x_wconf 71' lang='grc' dir='ltr'>Οὐκοῦν</span> <span class='ocrx_word' id='word_1_243' title='bbox 563 2122 678 2182; x_wconf 85' lang='grc' dir='ltr'>τοῖς</span> <span class='ocrx_word' id='word_1_244' title='bbox 728 2116 1120 2188; x_wconf 79' lang='grc' dir='ltr'>γεγενημένοις</span> <span class='ocrx_word' id='word_1_245' title='bbox 1164 2117 1194 2169; x_wconf 82' lang='grc' dir='ltr'>ὁ</span> <span class='ocrx_word' id='word_1_246' title='bbox 1229 2115 1403 2184; x_wconf 84' lang='grc' dir='ltr'>Λόγος</span> <span class='ocrx_word' id='word_1_247' title='bbox 1442 2116 1783 2188; x_wconf 76' lang='grc' dir='ltr'>ἐνυπῆρχεν,</span> <span class='ocrx_word' id='word_1_248' title='bbox 1815 2117 1892 2181; x_wconf 83' lang='grc' dir='ltr'>ὡς</span> 
     </span>
    </p>
   </div>
   <div class='ocr_carea' id='block_1_38' title="bbox 297 2207 1890 2287">
    <p class='ocr_par' dir='ltr' id='par_1_38' title="bbox 297 2207 1890 2287">
     <span class='ocr_line' id='line_1_38' title="bbox 297 2207 1890 2287; baseline -0.005 -17"><span class='ocrx_word' id='word_1_249' title='bbox 297 2216 437 2287; x_wconf 79' lang='grc' dir='ltr'>ζωή.</span> <span class='ocrx_word' id='word_1_250' title='bbox 481 2211 704 2284; x_wconf 77' lang='grc' dir='ltr'>Ἐπειδὴ</span> <span class='ocrx_word' id='word_1_251' title='bbox 728 2211 785 2265; x_wconf 84' lang='grc' dir='ltr'>δὲ</span> <span class='ocrx_word' id='word_1_252' title='bbox 816 2209 955 2275; x_wconf 75' lang='grc' dir='ltr'>ζῶον</span> <span class='ocrx_word' id='word_1_253' title='bbox 977 2210 1036 2264; x_wconf 91' lang='grc' dir='ltr'><strong>ἐν</strong></span> <span class='ocrx_word' id='word_1_254' title='bbox 1071 2209 1255 2270; x_wconf 82' lang='grc' dir='ltr'>αὐτοῖς</span> <span class='ocrx_word' id='word_1_255' title='bbox 1287 2209 1390 2273; x_wconf 59' lang='grc' dir='ltr'>ἐπὶ</span> <span class='ocrx_word' id='word_1_256' title='bbox 1405 2210 1507 2278; x_wconf 85' lang='grc' dir='ltr'>γῆς</span> <span class='ocrx_word' id='word_1_257' title='bbox 1532 2208 1770 2277; x_wconf 89' lang='grc' dir='ltr'>λογικὸν,</span> <span class='ocrx_word' id='word_1_258' title='bbox 1798 2207 1890 2262; x_wconf 89' lang='grc' dir='ltr'><strong>νοῦ</strong></span> 
     </span>
    </p>
   </div>
   <div class='ocr_carea' id='block_1_39' title="bbox 299 2302 1890 2377">
    <p class='ocr_par' dir='ltr' id='par_1_39' title="bbox 299 2302 1890 2377">
     <span class='ocr_line' id='line_1_39' title="bbox 299 2302 1890 2377; baseline -0.003 -14"><span class='ocrx_word' id='word_1_259' title='bbox 299 2327 358 2363; x_wconf 79' lang='grc' dir='ltr'><strong>τε</strong></span> <span class='ocrx_word' id='word_1_260' title='bbox 379 2309 479 2363; x_wconf 77' lang='grc' dir='ltr'>καὶ</span> <span class='ocrx_word' id='word_1_261' title='bbox 506 2307 819 2377; x_wconf 74' lang='grc' dir='ltr'><strong>ἐπιστήμης</strong></span> <span class='ocrx_word' id='word_1_262' title='bbox 841 2302 1110 2368; x_wconf 83' lang='grc' dir='ltr'>δεκτικὸν,</span> <span class='ocrx_word' id='word_1_263' title='bbox 1129 2304 1158 2357; x_wconf 86' lang='grc' dir='ltr'><strong>ό</strong></span> <span class='ocrx_word' id='word_1_264' title='bbox 1185 2302 1489 2374; x_wconf 73' lang='grc' dir='ltr'>ἄνθρωπος,</span> <span class='ocrx_word' id='word_1_265' title='bbox 1503 2302 1598 2358; x_wconf 76' lang='grc' dir='ltr'>καὶ</span> <span class='ocrx_word' id='word_1_266' title='bbox 1621 2302 1721 2373; x_wconf 84' lang='grc' dir='ltr'>τῆς</span> <span class='ocrx_word' id='word_1_267' title='bbox 1738 2302 1890 2374; x_wconf 67' lang='grc' dir='ltr'>παρὰ</span> 
     </span>
    </p>
   </div>
   <div class='ocr_carea' id='block_1_40' title="bbox 296 2392 1892 2470">
    <p class='ocr_par' dir='ltr' id='par_1_40' title="bbox 296 2392 1892 2470">
     <span class='ocr_line' id='line_1_40' title="bbox 296 2392 1892 2470; baseline -0.005 -15"><span class='ocrx_word' id='word_1_268' title='bbox 296 2399 436 2455; x_wconf 85' lang='grc' dir='ltr'>Θεοῦ</span> <span class='ocrx_word' id='word_1_269' title='bbox 462 2398 656 2470; x_wconf 76' lang='grc' dir='ltr'>σοφίας</span> <span class='ocrx_word' id='word_1_270' title='bbox 677 2397 924 2469; x_wconf 81' lang='grc' dir='ltr'>μέτοχον·</span> <span class='ocrx_word' id='word_1_271' title='bbox 941 2395 1252 2464; x_wconf 76' lang='grc' dir='ltr'>ἀναγκαίως</span> <span class='ocrx_word' id='word_1_272' title='bbox 1287 2395 1421 2466; x_wconf 76' lang='grc' dir='ltr'>ἡμῖν</span> <span class='ocrx_word' id='word_1_273' title='bbox 1455 2395 1484 2447; x_wconf 83' lang='grc' dir='ltr'>ὁ</span> <span class='ocrx_word' id='word_1_274' title='bbox 1509 2392 1892 2465; x_wconf 81' lang='grc' dir='ltr'>πνευματοφό-</span> 
     </span>
    </p>
   </div>
   <div class='ocr_carea' id='block_1_41' title="bbox 299 2485 1893 2564">
    <p class='ocr_par' dir='ltr' id='par_1_41' title="bbox 299 2485 1893 2564">
     <span class='ocr_line' id='line_1_41' title="bbox 299 2485 1893 2564; baseline -0.005 -17"><span class='ocrx_word' id='word_1_275' title='bbox 299 2509 415 2564; x_wconf 83' lang='grc' dir='ltr'>ρος,</span> <span class='ocrx_word' id='word_1_276' title='bbox 450 2491 547 2546; x_wconf 78' lang='grc' dir='ltr'>καὶ</span> <span class='ocrx_word' id='word_1_277' title='bbox 575 2491 678 2562; x_wconf 82' lang='grc' dir='ltr'>τῆς</span> <span class='ocrx_word' id='word_1_278' title='bbox 701 2491 760 2543; x_wconf 82' lang='grc' dir='ltr'><strong>ἐν</strong></span> <span class='ocrx_word' id='word_1_279' title='bbox 789 2487 1097 2562; x_wconf 79' lang='grc' dir='ltr'>ἀνθρώποις</span> <span class='ocrx_word' id='word_1_280' title='bbox 1122 2486 1313 2558; x_wconf 84' lang='grc' dir='ltr'>σοφίας</span> <span class='ocrx_word' id='word_1_281' title='bbox 1354 2487 1588 2558; x_wconf 85' lang='grc' dir='ltr'>χορηγὸν</span> <span class='ocrx_word' id='word_1_282' title='bbox 1627 2486 1757 2541; x_wconf 74' lang='grc' dir='ltr'>ὅντα</span> <span class='ocrx_word' id='word_1_283' title='bbox 1797 2485 1893 2540; x_wconf 87' lang='grc' dir='ltr'><strong>τὸν</strong></span> 
     </span>
    </p>
   </div>
   <div class='ocr_carea' id='block_1_42' title="bbox 297 2576 1894 2654">
    <p class='ocr_par' dir='ltr' id='par_1_42' title="bbox 297 2576 1894 2654">
     <span class='ocr_line' id='line_1_42' title="bbox 297 2576 1894 2654; baseline -0.004 -15"><span class='ocrx_word' id='word_1_284' title='bbox 297 2585 476 2654; x_wconf 82' lang='grc' dir='ltr'>Λόγον</span> <span class='ocrx_word' id='word_1_285' title='bbox 492 2580 822 2637; x_wconf 79' lang='grc' dir='ltr'>ἐπιδεικνύει</span> <span class='ocrx_word' id='word_1_286' title='bbox 853 2579 1060 2650; x_wconf 82' lang='grc' dir='ltr'>σαφῶς,</span> <span class='ocrx_word' id='word_1_287' title='bbox 1079 2579 1165 2633; x_wconf 81' lang='grc' dir='ltr'><strong>ἴνα</strong></span> <span class='ocrx_word' id='word_1_288' title='bbox 1179 2579 1364 2650; x_wconf 85' lang='grc' dir='ltr'>νοῆται</span> <span class='ocrx_word' id='word_1_289' title='bbox 1380 2577 1446 2653; x_wconf 66' lang='grc' dir='ltr'><strong>δι’</strong></span> <span class='ocrx_word' id='word_1_290' title='bbox 1475 2576 1606 2632; x_wconf 84' lang='grc' dir='ltr'>Υἰοῦ</span> <span class='ocrx_word' id='word_1_291' title='bbox 1636 2578 1814 2632; x_wconf 86' lang='grc' dir='ltr'>πάντα</span> <span class='ocrx_word' id='word_1_292' title='bbox 1835 2579 1894 2633; x_wconf 89' lang='grc' dir='ltr'><strong>ἐν</strong></span> 
     </span>
    </p>
   </div>
   <div class='ocr_carea' id='block_1_43' title="bbox 299 2669 1896 2746">
    <p class='ocr_par' dir='ltr' id='par_1_43' title="bbox 299 2669 1896 2746">
     <span class='ocr_line' id='line_1_43' title="bbox 299 2669 1896 2746; baseline -0.004 -16"><span class='ocrx_word' id='word_1_293' title='bbox 299 2679 470 2731; x_wconf 76' lang='grc' dir='ltr'>πᾶσιν</span> <span class='ocrx_word' id='word_1_294' title='bbox 499 2676 760 2746; x_wconf 76' lang='grc' dir='ltr'>ὑπάρχων</span> <span class='ocrx_word' id='word_1_295' title='bbox 777 2673 807 2726; x_wconf 78' lang='grc' dir='ltr'><strong>ό</strong></span> <span class='ocrx_word' id='word_1_296' title='bbox 825 2671 954 2736; x_wconf 86' lang='grc' dir='ltr'>Θεὸς</span> <span class='ocrx_word' id='word_1_297' title='bbox 980 2672 1075 2725; x_wconf 74' lang='grc' dir='ltr'>καὶ</span> <span class='ocrx_word' id='word_1_298' title='bbox 1091 2670 1300 2744; x_wconf 78' lang='grc' dir='ltr'>Πατὴρ,</span> <span class='ocrx_word' id='word_1_299' title='bbox 1316 2670 1430 2742; x_wconf 79' lang='grc' dir='ltr'><strong>ζωή</strong></span> <span class='ocrx_word' id='word_1_300' title='bbox 1453 2669 1552 2742; x_wconf 84' lang='grc' dir='ltr'>μὲν</span> <span class='ocrx_word' id='word_1_301' title='bbox 1572 2671 1630 2724; x_wconf 86' lang='grc' dir='ltr'><strong>ἐν</strong></span> <span class='ocrx_word' id='word_1_302' title='bbox 1649 2671 1761 2734; x_wconf 84' lang='grc' dir='ltr'>τοῖς</span> <span class='ocrx_word' id='word_1_303' title='bbox 1780 2669 1896 2723; x_wconf 83' lang='grc' dir='ltr'>δεο-</span> 
     </span>
    </p>
   </div>
   <div class='ocr_carea' id='block_1_44' title="bbox 301 2760 1896 2840">
    <p class='ocr_par' dir='ltr' id='par_1_44' title="bbox 301 2760 1896 2840">
     <span class='ocr_line' id='line_1_44' title="bbox 301 2760 1896 2840; baseline -0.007 -16"><span class='ocrx_word' id='word_1_304' title='bbox 301 2769 493 2840; x_wconf 73' lang='grc' dir='ltr'>μένοις</span> <span class='ocrx_word' id='word_1_305' title='bbox 525 2767 702 2838; x_wconf 71' lang='grc' dir='ltr'>ζωῆς*</span> <span class='ocrx_word' id='word_1_306' title='bbox 735 2764 851 2836; x_wconf 83' lang='grc' dir='ltr'><strong>φῶς</strong></span> <span class='ocrx_word' id='word_1_307' title='bbox 881 2763 936 2818; x_wconf 78' lang='grc' dir='ltr'>δὲ</span> <span class='ocrx_word' id='word_1_308' title='bbox 969 2763 1134 2818; x_wconf 88' lang='grc' dir='ltr'>πάλιν</span> <span class='ocrx_word' id='word_1_309' title='bbox 1176 2763 1273 2817; x_wconf 74' lang='grc' dir='ltr'>καὶ</span> <span class='ocrx_word' id='word_1_310' title='bbox 1313 2761 1452 2834; x_wconf 79' lang='grc' dir='ltr'>ζωὴ,</span> <span class='ocrx_word' id='word_1_311' title='bbox 1507 2762 1564 2815; x_wconf 92' lang='grc' dir='ltr'><strong>ἐν</strong></span> <span class='ocrx_word' id='word_1_312' title='bbox 1604 2763 1717 2825; x_wconf 80' lang='grc' dir='ltr'>τοῖς</span> <span class='ocrx_word' id='word_1_313' title='bbox 1747 2760 1896 2832; x_wconf 77' lang='grc' dir='ltr'>ζωῆς</span> 
     </span>
    </p>
   </div>
   <div class='ocr_carea' id='block_1_45' title="bbox 302 2851 1897 2928">
    <p class='ocr_par' dir='ltr' id='par_1_45' title="bbox 302 2851 1897 2928">
     <span class='ocr_line' id='line_1_45' title="bbox 302 2851 1897 2928; baseline -0.006 -14"><span class='ocrx_word' id='word_1_314' title='bbox 302 2862 406 2914; x_wconf 68' lang='grc' dir='ltr'>καὶ</span> <span class='ocrx_word' id='word_1_315' title='bbox 435 2857 614 2928; x_wconf 78' lang='grc' dir='ltr'>φωτὸς</span> <span class='ocrx_word' id='word_1_316' title='bbox 639 2857 898 2927; x_wconf 75' lang='grc' dir='ltr'>δεομένης</span> <span class='ocrx_word' id='word_1_317' title='bbox 926 2855 1046 2927; x_wconf 73' lang='grc' dir='ltr'>ιτρ.</span> <span class='ocrx_word' id='word_1_318' title='bbox 1079 2852 1403 2926; x_wconf 76' lang='grc' dir='ltr'>δεομένοις].</span> <span class='ocrx_word' id='word_1_319' title='bbox 1450 2853 1562 2908; x_wconf 79' lang='grc' dir='ltr'><strong>Καὶ</strong></span> <span class='ocrx_word' id='word_1_320' title='bbox 1606 2851 1695 2906; x_wconf 82' lang='grc' dir='ltr'><strong>διά</strong></span> <span class='ocrx_word' id='word_1_321' title='bbox 1738 2851 1897 2906; x_wconf 85' lang='grc' dir='ltr'>τοῦτό</span> 
     </span>
    </p>
   </div>
   <div class='ocr_carea' id='block_1_46' title="bbox 305 2943 1896 3020">
    <p class='ocr_par' dir='ltr' id='par_1_46' title="bbox 305 2943 1896 3020">
     <span class='ocr_line' id='line_1_46' title="bbox 305 2943 1896 3020; baseline -0.005 -15"><span class='ocrx_word' id='word_1_322' title='bbox 305 2967 472 3020; x_wconf 76' lang='grc' dir='ltr'>φησιο</span> <span class='ocrx_word' id='word_1_323' title='bbox 509 2970 526 3003; x_wconf 86' lang='grc' dir='ltr'><strong>ι</strong></span> <span class='ocrx_word' id='word_1_324' title='bbox 557 2949 664 3004; x_wconf 78' lang='grc' dir='ltr'><strong>Καὶ</strong></span> <span class='ocrx_word' id='word_1_325' title='bbox 690 2950 724 3020; x_wconf 84' lang='grc' dir='ltr'><strong>ή</strong></span> <span class='ocrx_word' id='word_1_326' title='bbox 753 2949 868 3020; x_wconf 78' lang='grc' dir='ltr'>ζωὴ</span> <span class='ocrx_word' id='word_1_327' title='bbox 895 2943 965 3020; x_wconf 78' lang='grc' dir='ltr'>ἦν</span> <span class='ocrx_word' id='word_1_328' title='bbox 988 2948 1049 3000; x_wconf 89' lang='grc' dir='ltr'><strong>τὸ</strong></span> <span class='ocrx_word' id='word_1_329' title='bbox 1079 2946 1195 3016; x_wconf 85' lang='grc' dir='ltr'><strong>φῶς</strong></span> <span class='ocrx_word' id='word_1_330' title='bbox 1213 2945 1322 3000; x_wconf 83' lang='grc' dir='ltr'><strong>τῶν</strong></span> <span class='ocrx_word' id='word_1_331' title='bbox 1346 2943 1668 3018; x_wconf 81' lang='grc' dir='ltr'>ἀνθρώπων·</span> <span class='ocrx_word' id='word_1_332' title='bbox 1710 2962 1728 2997; x_wconf 78' lang='grc' dir='ltr'><strong>ι</strong></span> <span class='ocrx_word' id='word_1_333' title='bbox 1750 2943 1896 2998; x_wconf 86' lang='grc' dir='ltr'>τοῦτ’</span> 
     </span>
    </p>
   </div>
   <div class='ocr_carea' id='block_1_47' title="bbox 307 3038 1897 3110">
    <p class='ocr_par' dir='ltr' id='par_1_47' title="bbox 307 3038 1897 3110">
     <span class='ocr_line' id='line_1_47' title="bbox 307 3038 1897 3110; baseline -0.006 -12"><span class='ocrx_word' id='word_1_334' title='bbox 307 3045 478 3110; x_wconf 74' lang='grc' dir='ltr'>ἔστιν,</span> <span class='ocrx_word' id='word_1_335' title='bbox 506 3044 535 3096; x_wconf 85' lang='grc' dir='ltr'><strong>ό</strong></span> <span class='ocrx_word' id='word_1_336' title='bbox 555 3045 733 3098; x_wconf 88' lang='grc' dir='ltr'>πάντα</span> <span class='ocrx_word' id='word_1_337' title='bbox 762 3039 1047 3110; x_wconf 81' lang='grc' dir='ltr'>ζωογονῶν</span> <span class='ocrx_word' id='word_1_338' title='bbox 1083 3039 1215 3102; x_wconf 84' lang='grc' dir='ltr'>Θεὸς</span> <span class='ocrx_word' id='word_1_339' title='bbox 1247 3039 1438 3107; x_wconf 90' lang='grc' dir='ltr'>Λόγος,</span> <span class='ocrx_word' id='word_1_340' title='bbox 1474 3039 1507 3109; x_wconf 84' lang='grc' dir='ltr'><strong>ή</strong></span> <span class='ocrx_word' id='word_1_341' title='bbox 1531 3039 1589 3091; x_wconf 87' lang='grc' dir='ltr'><strong>ἐν</strong></span> <span class='ocrx_word' id='word_1_342' title='bbox 1619 3039 1753 3091; x_wconf 82' lang='grc' dir='ltr'>πᾶσι</span> <span class='ocrx_word' id='word_1_343' title='bbox 1785 3038 1897 3100; x_wconf 82' lang='grc' dir='ltr'>τοῖς</span> 
     </span>
    </p>
   </div>
   <div class='ocr_carea' id='block_1_48' title="bbox 1994 1849 3694 1927">
    <p class='ocr_par' dir='ltr' id='par_1_48' title="bbox 1994 1849 3694 1927">
     <span class='ocr_line' id='line_1_48' title="bbox 1994 1849 3694 1927; baseline -0.003 -18"><span class='ocrx_word' id='word_1_344' title='bbox 1994 1854 2266 1927; x_wconf 88' lang='lat' dir='ltr'><strong>plationes</strong></span> <span class='ocrx_word' id='word_1_345' title='bbox 2318 1865 2381 1907; x_wconf 90' lang='lat' dir='ltr'><strong>se</strong></span> <span class='ocrx_word' id='word_1_346' title='bbox 2439 1850 2679 1916; x_wconf 81' lang='lat' dir='ltr'><strong>confert,</strong></span> <span class='ocrx_word' id='word_1_347' title='bbox 2747 1850 2992 1922; x_wconf 87' lang='lat' dir='ltr'><strong>undique</strong></span> <span class='ocrx_word' id='word_1_348' title='bbox 3048 1865 3152 1906; x_wconf 86' lang='lat' dir='ltr'><strong>nos</strong></span> <span class='ocrx_word' id='word_1_349' title='bbox 3203 1850 3271 1905; x_wconf 84' lang='lat' dir='ltr'><strong>ad</strong></span> <span class='ocrx_word' id='word_1_350' title='bbox 3324 1849 3575 1905; x_wconf 76' lang='lat' dir='ltr'><strong>veritatis</strong></span> <span class='ocrx_word' id='word_1_351' title='bbox 3689 1857 3694 1860; x_wconf 86' lang='lat'>&#39;</span> 
     </span>
    </p>
   </div>
   <div class='ocr_carea' id='block_1_49' title="bbox 1991 1942 3570 2017">
    <p class='ocr_par' dir='ltr' id='par_1_49' title="bbox 1991 1942 3570 2017">
     <span class='ocr_line' id='line_1_49' title="bbox 1991 1942 3570 2017; baseline -0.007 -13"><span class='ocrx_word' id='word_1_352' title='bbox 1991 1945 2546 2017; x_wconf 85' lang='lat' dir='ltr'><strong>comprehensionem</strong></span> <span class='ocrx_word' id='word_1_353' title='bbox 2579 1943 2940 2014; x_wconf 88' lang='lat' dir='ltr'><strong>potissimum</strong></span> <span class='ocrx_word' id='word_1_354' title='bbox 2983 1942 3259 2000; x_wconf 84' lang='lat' dir='ltr'><strong>deducere</strong></span> <span class='ocrx_word' id='word_1_355' title='bbox 3296 1949 3570 1997; x_wconf 87' lang='lat' dir='ltr'><strong>statuens.</strong></span> 
     </span>
    </p>
   </div>
   <div class='ocr_carea' id='block_1_50' title="bbox 1992 2035 3570 2112">
    <p class='ocr_par' dir='ltr' id='par_1_50' title="bbox 1992 2035 3570 2112">
     <span class='ocr_line' id='line_1_50' title="bbox 1992 2035 3570 2112; baseline -0.004 -17"><span class='ocrx_word' id='word_1_356' title='bbox 1992 2040 2183 2112; x_wconf 83' lang='lat' dir='ltr'><strong>Itaque</strong></span> <span class='ocrx_word' id='word_1_357' title='bbox 2218 2039 2276 2094; x_wconf 89' lang='lat' dir='ltr'><strong>in</strong></span> <span class='ocrx_word' id='word_1_358' title='bbox 2323 2038 2531 2094; x_wconf 88' lang='lat' dir='ltr'><strong>creatis</strong></span> <span class='ocrx_word' id='word_1_359' title='bbox 2581 2038 2750 2094; x_wconf 83' lang='lat' dir='ltr'><strong>rebus</strong></span> <span class='ocrx_word' id='word_1_360' title='bbox 2798 2036 3040 2093; x_wconf 85' lang='lat' dir='ltr'><strong>Verbum</strong></span> <span class='ocrx_word' id='word_1_361' title='bbox 3087 2038 3285 2101; x_wconf 80' lang='lat' dir='ltr'><strong>inerat,</strong></span> <span class='ocrx_word' id='word_1_362' title='bbox 3330 2044 3390 2090; x_wconf 90' lang='lat' dir='ltr'><strong>ut</strong></span> <span class='ocrx_word' id='word_1_363' title='bbox 3431 2035 3570 2089; x_wconf 84' lang='lat' dir='ltr'><strong>vita.</strong></span> 
     </span>
    </p>
   </div>
   <div class='ocr_carea' id='block_1_51' title="bbox 1992 2127 3571 2190">
    <p class='ocr_par' dir='ltr' id='par_1_51' title="bbox 1992 2127 3571 2190">
     <span class='ocr_line' id='line_1_51' title="bbox 1992 2127 3571 2190; baseline -0.005 -2"><span class='ocrx_word' id='word_1_364' title='bbox 1992 2134 2128 2188; x_wconf 89' lang='lat' dir='ltr'><strong>Cum</strong></span> <span class='ocrx_word' id='word_1_365' title='bbox 2162 2140 2348 2188; x_wconf 89' lang='lat' dir='ltr'><strong>autem</strong></span> <span class='ocrx_word' id='word_1_366' title='bbox 2393 2131 2559 2187; x_wconf 92' lang='lat' dir='ltr'><strong>homo</strong></span> <span class='ocrx_word' id='word_1_367' title='bbox 2600 2132 2747 2187; x_wconf 73' lang='lat' dir='ltr'><strong>inter</strong></span> <span class='ocrx_word' id='word_1_368' title='bbox 2780 2145 2877 2187; x_wconf 88' lang='lat' dir='ltr'><strong>eas</strong></span> <span class='ocrx_word' id='word_1_369' title='bbox 2924 2129 3132 2184; x_wconf 89' lang='lat' dir='ltr'><strong>animal</strong></span> <span class='ocrx_word' id='word_1_370' title='bbox 3178 2127 3250 2184; x_wconf 89' lang='lat' dir='ltr'><strong>sit</strong></span> <span class='ocrx_word' id='word_1_371' title='bbox 3279 2127 3571 2190; x_wconf 86' lang='lat' dir='ltr'><strong>rationale,</strong></span> 
     </span>
    </p>
   </div>
   <div class='ocr_carea' id='block_1_52' title="bbox 1996 2217 3574 2291">
    <p class='ocr_par' dir='ltr' id='par_1_52' title="bbox 1996 2217 3574 2291">
     <span class='ocr_line' id='line_1_52' title="bbox 1996 2217 3574 2291; baseline -0.006 -12"><span class='ocrx_word' id='word_1_372' title='bbox 1996 2222 2196 2279; x_wconf 82' lang='lat' dir='ltr'><strong>mentis</strong></span> <span class='ocrx_word' id='word_1_373' title='bbox 2249 2229 2308 2279; x_wconf 88' lang='lat' dir='ltr'><strong>et</strong></span> <span class='ocrx_word' id='word_1_374' title='bbox 2361 2221 2610 2278; x_wconf 67' lang='lat' dir='ltr'><strong>scientia:</strong></span> <span class='ocrx_word' id='word_1_375' title='bbox 2657 2235 2853 2291; x_wconf 80' lang='lat' dir='ltr'><strong>capax,</strong></span> <span class='ocrx_word' id='word_1_376' title='bbox 2906 2234 2972 2274; x_wconf 86' lang='lat' dir='ltr'><strong>ac</strong></span> <span class='ocrx_word' id='word_1_377' title='bbox 3021 2217 3223 2274; x_wconf 66' lang='lat' dir='ltr'><strong>divinae</strong></span> <span class='ocrx_word' id='word_1_378' title='bbox 3290 2217 3574 2288; x_wconf 73' lang='lat' dir='ltr'><strong>sapientiae</strong></span> 
     </span>
    </p>
   </div>
   <div class='ocr_carea' id='block_1_53' title="bbox 1996 2307 3576 2388">
    <p class='ocr_par' dir='ltr' id='par_1_53' title="bbox 1996 2307 3576 2388">
     <span class='ocr_line' id='line_1_53' title="bbox 1996 2307 3576 2388; baseline -0.005 -18"><span class='ocrx_word' id='word_1_379' title='bbox 1996 2316 2298 2388; x_wconf 83' lang='lat' dir='ltr'><strong>particeps,</strong></span> <span class='ocrx_word' id='word_1_380' title='bbox 2345 2312 2661 2371; x_wconf 88' lang='lat' dir='ltr'><strong>necessario</strong></span> <span class='ocrx_word' id='word_1_381' title='bbox 2713 2310 2871 2368; x_wconf 86' lang='lat' dir='ltr'><strong>nobis</strong></span> <span class='ocrx_word' id='word_1_382' title='bbox 2901 2311 2987 2364; x_wconf 91' lang='lat' dir='ltr'><strong>vir</strong></span> <span class='ocrx_word' id='word_1_383' title='bbox 3015 2309 3108 2364; x_wconf 91' lang='lat' dir='ltr'><strong>ille</strong></span> <span class='ocrx_word' id='word_1_384' title='bbox 3150 2308 3373 2364; x_wconf 90' lang='lat' dir='ltr'><strong>divinus</strong></span> <span class='ocrx_word' id='word_1_385' title='bbox 3424 2307 3576 2362; x_wconf 91' lang='lat' dir='ltr'><strong>illius</strong></span> 
     </span>
    </p>
   </div>
   <div class='ocr_carea' id='block_1_54' title="bbox 1994 2401 3576 2480">
    <p class='ocr_par' dir='ltr' id='par_1_54' title="bbox 1994 2401 3576 2480">
     <span class='ocr_line' id='line_1_54' title="bbox 1994 2401 3576 2480; baseline -0.006 -17"><span class='ocrx_word' id='word_1_386' title='bbox 1994 2424 2216 2479; x_wconf 87' lang='lat' dir='ltr'><strong>quoque</strong></span> <span class='ocrx_word' id='word_1_387' title='bbox 2248 2405 2356 2480; x_wconf 66' lang='grc'><strong>54</strong></span> <span class='ocrx_word' id='word_1_388' title='bbox 2382 2406 2664 2477; x_wconf 68' lang='lat' dir='ltr'><strong>sapientiae</strong></span> <span class='ocrx_word' id='word_1_389' title='bbox 2691 2421 2813 2476; x_wconf 70' lang='lat' dir='ltr'><strong>qua:</strong></span> <span class='ocrx_word' id='word_1_390' title='bbox 2846 2405 2900 2458; x_wconf 93' lang='lat' dir='ltr'><strong>in</strong></span> <span class='ocrx_word' id='word_1_391' title='bbox 2931 2403 3185 2459; x_wconf 77' lang='lat' dir='ltr'><strong>homines</strong></span> <span class='ocrx_word' id='word_1_392' title='bbox 3217 2403 3389 2466; x_wconf 88' lang='lat' dir='ltr'><strong>cadit,</strong></span> <span class='ocrx_word' id='word_1_393' title='bbox 3409 2401 3576 2474; x_wconf 66' lang='lat' dir='ltr'><strong>largi-</strong></span> 
     </span>
    </p>
   </div>
   <div class='ocr_carea' id='block_1_55' title="bbox 1995 2491 3576 2562">
    <p class='ocr_par' dir='ltr' id='par_1_55' title="bbox 1995 2491 3576 2562">
     <span class='ocr_line' id='line_1_55' title="bbox 1995 2491 3576 2562; baseline -0.004 -9"><span class='ocrx_word' id='word_1_394' title='bbox 1995 2508 2168 2554; x_wconf 90' lang='lat' dir='ltr'><strong>torem</strong></span> <span class='ocrx_word' id='word_1_395' title='bbox 2208 2511 2334 2552; x_wconf 88' lang='lat' dir='ltr'><strong>esse</strong></span> <span class='ocrx_word' id='word_1_396' title='bbox 2371 2494 2571 2551; x_wconf 77' lang='lat' dir='ltr'><strong>Filium</strong></span> <span class='ocrx_word' id='word_1_397' title='bbox 2621 2495 2769 2550; x_wconf 90' lang='lat' dir='ltr'><strong>clare</strong></span> <span class='ocrx_word' id='word_1_398' title='bbox 2813 2492 3077 2556; x_wconf 89' lang='lat' dir='ltr'><strong>ostendit,</strong></span> <span class='ocrx_word' id='word_1_399' title='bbox 3124 2500 3184 2546; x_wconf 93' lang='lat' dir='ltr'><strong>ut</strong></span> <span class='ocrx_word' id='word_1_400' title='bbox 3235 2491 3576 2562; x_wconf 68' lang='lat' dir='ltr'><strong>intelligatur</strong></span> 
     </span>
    </p>
   </div>
   <div class='ocr_carea' id='block_1_56' title="bbox 1995 2583 3576 2658">
    <p class='ocr_par' dir='ltr' id='par_1_56' title="bbox 1995 2583 3576 2658">
     <span class='ocr_line' id='line_1_56' title="bbox 1995 2583 3576 2658; baseline -0.006 -12"><span class='ocrx_word' id='word_1_401' title='bbox 1995 2589 2142 2648; x_wconf 86' lang='lat' dir='ltr'><strong>Deus</strong></span> <span class='ocrx_word' id='word_1_402' title='bbox 2174 2605 2241 2645; x_wconf 89' lang='lat' dir='ltr'><strong>ac</strong></span> <span class='ocrx_word' id='word_1_403' title='bbox 2257 2587 2423 2644; x_wconf 90' lang='lat' dir='ltr'><strong>Pater</strong></span> <span class='ocrx_word' id='word_1_404' title='bbox 2455 2602 2550 2658; x_wconf 89' lang='lat' dir='ltr'><strong>per</strong></span> <span class='ocrx_word' id='word_1_405' title='bbox 2572 2583 2771 2642; x_wconf 84' lang='lat' dir='ltr'><strong>Filium</strong></span> <span class='ocrx_word' id='word_1_406' title='bbox 2800 2584 2986 2639; x_wconf 84' lang='lat' dir='ltr'><strong>omnia</strong></span> <span class='ocrx_word' id='word_1_407' title='bbox 3015 2584 3280 2638; x_wconf 82' lang='lat' dir='ltr'><strong>exsistere</strong></span> <span class='ocrx_word' id='word_1_408' title='bbox 3311 2583 3367 2636; x_wconf 89' lang='lat' dir='ltr'><strong>in</strong></span> <span class='ocrx_word' id='word_1_409' title='bbox 3397 2583 3576 2637; x_wconf 87' lang='lat' dir='ltr'><strong>onmi—</strong></span> 
     </span>
    </p>
   </div>
   <div class='ocr_carea' id='block_1_57' title="bbox 1996 2673 3573 2754">
    <p class='ocr_par' dir='ltr' id='par_1_57' title="bbox 1996 2673 3573 2754">
     <span class='ocr_line' id='line_1_57' title="bbox 1996 2673 3573 2754; baseline -0.008 -14"><span class='ocrx_word' id='word_1_410' title='bbox 1996 2684 2101 2741; x_wconf 85' lang='lat' dir='ltr'><strong>bus</strong></span> <span class='ocrx_word' id='word_1_411' title='bbox 2137 2703 2151 2740; x_wconf 92' lang='lat'><strong>:</strong></span> <span class='ocrx_word' id='word_1_412' title='bbox 2184 2682 2300 2738; x_wconf 87' lang='lat' dir='ltr'><strong>vita</strong></span> <span class='ocrx_word' id='word_1_413' title='bbox 2331 2681 2554 2754; x_wconf 86' lang='lat' dir='ltr'><strong>quidem</strong></span> <span class='ocrx_word' id='word_1_414' title='bbox 2587 2679 2643 2734; x_wconf 93' lang='lat' dir='ltr'><strong>in</strong></span> <span class='ocrx_word' id='word_1_415' title='bbox 2671 2677 2744 2733; x_wconf 91' lang='lat' dir='ltr'><strong>iis</strong></span> <span class='ocrx_word' id='word_1_416' title='bbox 2769 2690 2894 2748; x_wconf 67' lang='lat' dir='ltr'><strong>qua:</strong></span> <span class='ocrx_word' id='word_1_417' title='bbox 2926 2675 3038 2731; x_wconf 85' lang='lat' dir='ltr'><strong>vita</strong></span> <span class='ocrx_word' id='word_1_418' title='bbox 3061 2683 3116 2730; x_wconf 89' lang='lat' dir='ltr'><strong>et</strong></span> <span class='ocrx_word' id='word_1_419' title='bbox 3147 2674 3270 2729; x_wconf 91' lang='lat' dir='ltr'><strong>luce</strong></span> <span class='ocrx_word' id='word_1_420' title='bbox 3293 2673 3573 2744; x_wconf 76' lang='lat' dir='ltr'><strong>indigent;</strong></span> 
     </span>
    </p>
   </div>
   <div class='ocr_carea' id='block_1_58' title="bbox 1995 2765 3572 2839">
    <p class='ocr_par' dir='ltr' id='par_1_58' title="bbox 1995 2765 3572 2839">
     <span class='ocr_line' id='line_1_58' title="bbox 1995 2765 3572 2839; baseline -0.009 -8"><span class='ocrx_word' id='word_1_421' title='bbox 1995 2777 2090 2832; x_wconf 76' lang='lat' dir='ltr'><strong>lux</strong></span> <span class='ocrx_word' id='word_1_422' title='bbox 2128 2776 2258 2831; x_wconf 88' lang='lat' dir='ltr'><strong>item</strong></span> <span class='ocrx_word' id='word_1_423' title='bbox 2313 2783 2369 2830; x_wconf 89' lang='lat' dir='ltr'><strong>et</strong></span> <span class='ocrx_word' id='word_1_424' title='bbox 2420 2773 2530 2827; x_wconf 86' lang='lat' dir='ltr'><strong>vita</strong></span> <span class='ocrx_word' id='word_1_425' title='bbox 2570 2771 2626 2826; x_wconf 93' lang='lat' dir='ltr'><strong>in</strong></span> <span class='ocrx_word' id='word_1_426' title='bbox 2674 2769 2743 2825; x_wconf 90' lang='lat' dir='ltr'><strong>iis</strong></span> <span class='ocrx_word' id='word_1_427' title='bbox 2783 2782 2906 2839; x_wconf 70' lang='lat' dir='ltr'><strong>quae</strong></span> <span class='ocrx_word' id='word_1_428' title='bbox 2929 2767 3042 2820; x_wconf 85' lang='lat' dir='ltr'><strong>vita</strong></span> <span class='ocrx_word' id='word_1_429' title='bbox 3079 2774 3135 2821; x_wconf 86' lang='lat' dir='ltr'><strong>et</strong></span> <span class='ocrx_word' id='word_1_430' title='bbox 3185 2765 3310 2819; x_wconf 88' lang='lat' dir='ltr'><strong>luce</strong></span> <span class='ocrx_word' id='word_1_431' title='bbox 3359 2772 3572 2820; x_wconf 88' lang='lat' dir='ltr'><strong>carent.</strong></span> 
     </span>
    </p>
   </div>
   <div class='ocr_carea' id='block_1_59' title="bbox 1994 2853 3657 2937">
    <p class='ocr_par' dir='ltr' id='par_1_59' title="bbox 1994 2853 3657 2937">
     <span class='ocr_line' id='line_1_59' title="bbox 1994 2853 3657 2937; baseline -0.007 -16"><span class='ocrx_word' id='word_1_432' title='bbox 1994 2866 2239 2937; x_wconf 79' lang='lat' dir='ltr'><strong>Ideoque</strong></span> <span class='ocrx_word' id='word_1_433' title='bbox 2276 2864 2356 2919; x_wconf 86' lang='lat' dir='ltr'><strong>ait</strong></span> <span class='ocrx_word' id='word_1_434' title='bbox 2389 2881 2404 2917; x_wconf 93' lang='lat'><strong>:</strong></span> <span class='ocrx_word' id='word_1_435' title='bbox 2437 2880 2456 2915; x_wconf 87' lang='grc' dir='ltr'><strong>ι</strong></span> <span class='ocrx_word' id='word_1_436' title='bbox 2502 2860 2567 2916; x_wconf 81' lang='lat' dir='ltr'><strong>Et</strong></span> <span class='ocrx_word' id='word_1_437' title='bbox 2600 2859 2711 2914; x_wconf 87' lang='lat' dir='ltr'><strong>vita</strong></span> <span class='ocrx_word' id='word_1_438' title='bbox 2748 2864 2870 2913; x_wconf 89' lang='lat' dir='ltr'><strong>erat</strong></span> <span class='ocrx_word' id='word_1_439' title='bbox 2921 2855 3014 2910; x_wconf 78' lang='lat' dir='ltr'><strong>lux</strong></span> <span class='ocrx_word' id='word_1_440' title='bbox 3065 2853 3378 2919; x_wconf 79' lang='lat' dir='ltr'><strong>hominum,</strong></span> <span class='ocrx_word' id='word_1_441' title='bbox 3416 2873 3435 2907; x_wconf 78' lang='grc' dir='ltr'><strong>ι</strong></span> <span class='ocrx_word' id='word_1_442' title='bbox 3471 2853 3576 2910; x_wconf 88' lang='lat' dir='ltr'><strong>hoc</strong></span> <span class='ocrx_word' id='word_1_443' title='bbox 3652 2886 3657 2892; x_wconf 91' lang='lat'><strong>-</strong></span> 
     </span>
    </p>
   </div>
   <div class='ocr_carea' id='block_1_60' title="bbox 1997 2943 3574 3014">
    <p class='ocr_par' dir='ltr' id='par_1_60' title="bbox 1997 2943 3574 3014">
     <span class='ocr_line' id='line_1_60' title="bbox 1997 2943 3574 3014; baseline -0.01 -1"><span class='ocrx_word' id='word_1_444' title='bbox 1997 2964 2083 3014; x_wconf 87' lang='lat' dir='ltr'><strong>est</strong></span> <span class='ocrx_word' id='word_1_445' title='bbox 2135 2955 2320 3010; x_wconf 85' lang='lat' dir='ltr'><strong>omnia</strong></span> <span class='ocrx_word' id='word_1_446' title='bbox 2370 2951 2655 3008; x_wconf 80' lang='lat' dir='ltr'><strong>viviﬁcans</strong></span> <span class='ocrx_word' id='word_1_447' title='bbox 2712 2948 2859 3004; x_wconf 83' lang='lat' dir='ltr'><strong>Deus</strong></span> <span class='ocrx_word' id='word_1_448' title='bbox 2921 2944 3191 3012; x_wconf 81' lang='lat' dir='ltr'><strong>Verbum,</strong></span> <span class='ocrx_word' id='word_1_449' title='bbox 3240 2943 3334 3000; x_wconf 85' lang='lat' dir='ltr'><strong>illa</strong></span> <span class='ocrx_word' id='word_1_450' title='bbox 3389 2959 3574 2999; x_wconf 88' lang='lat' dir='ltr'><strong>rerum</strong></span> 
     </span>
    </p>
   </div>
   <div class='ocr_carea' id='block_1_61' title="bbox 1998 3035 3575 3108">
    <p class='ocr_par' dir='ltr' id='par_1_61' title="bbox 1998 3035 3575 3108">
     <span class='ocr_line' id='line_1_61' title="bbox 1998 3035 3575 3108; baseline -0.009 -6"><span class='ocrx_word' id='word_1_451' title='bbox 1998 3045 2246 3103; x_wconf 87' lang='lat' dir='ltr'><strong>omnium</strong></span> <span class='ocrx_word' id='word_1_452' title='bbox 2279 3044 2488 3107; x_wconf 90' lang='lat' dir='ltr'><strong>vita,et</strong></span> <span class='ocrx_word' id='word_1_453' title='bbox 2517 3040 2722 3096; x_wconf 87' lang='lat' dir='ltr'><strong>animal</strong></span> <span class='ocrx_word' id='word_1_454' title='bbox 2750 3037 2979 3094; x_wconf 87' lang='lat' dir='ltr'><strong>rationis</strong></span> <span class='ocrx_word' id='word_1_455' title='bbox 3010 3049 3240 3108; x_wconf 91' lang='lat' dir='ltr'><strong>compos</strong></span> <span class='ocrx_word' id='word_1_456' title='bbox 3274 3035 3575 3100; x_wconf 89' lang='lat' dir='ltr'><strong>illuminat,</strong></span> 
     </span>
    </p>
   </div>
   <div class='ocr_carea' id='block_1_62' title="bbox 301 3122 1897 3208">
    <p class='ocr_par' dir='ltr' id='par_1_62' title="bbox 301 3127 1892 3207">
     <span class='ocr_line' id='line_1_62' title="bbox 301 3127 1892 3207; baseline -0.006 -17"><span class='ocrx_word' id='word_1_457' title='bbox 301 3132 426 3191; x_wconf 75' lang='grc' dir='ltr'>οὖσι</span> <span class='ocrx_word' id='word_1_458' title='bbox 479 3134 634 3207; x_wconf 79' lang='grc' dir='ltr'>ζωὴ,</span> <span class='ocrx_word' id='word_1_459' title='bbox 664 3133 762 3188; x_wconf 69' lang='grc' dir='ltr'>καὶ</span> <span class='ocrx_word' id='word_1_460' title='bbox 798 3132 862 3187; x_wconf 88' lang='grc' dir='ltr'><strong>τὸ</strong></span> <span class='ocrx_word' id='word_1_461' title='bbox 911 3130 1128 3201; x_wconf 89' lang='grc' dir='ltr'>λογικὸν</span> <span class='ocrx_word' id='word_1_462' title='bbox 1163 3129 1386 3200; x_wconf 75' lang='grc' dir='ltr'>φωτίζει</span> <span class='ocrx_word' id='word_1_463' title='bbox 1438 3127 1597 3194; x_wconf 82' lang='grc' dir='ltr'>ζῶον,</span> <span class='ocrx_word' id='word_1_464' title='bbox 1637 3128 1732 3182; x_wconf 77' lang='grc' dir='ltr'>καὶ</span> <span class='ocrx_word' id='word_1_465' title='bbox 1780 3131 1892 3192; x_wconf 84' lang='grc' dir='ltr'>τοῖς</span> 
     </span>
    </p>
   </div>
   <div class='ocr_carea' id='block_1_63' title="bbox 2000 3122 3576 3208">
    <p class='ocr_par' dir='ltr' id='par_1_63' title="bbox 2000 3127 3576 3208">
     <span class='ocr_line' id='line_1_63' title="bbox 2000 3127 3576 3208; baseline -0.01 -13"><span class='ocrx_word' id='word_1_466' title='bbox 2000 3148 2050 3195; x_wconf 83' lang='grc' dir='ltr'><strong>ει</strong></span> <span class='ocrx_word' id='word_1_467' title='bbox 2079 3139 2147 3194; x_wconf 92' lang='lat' dir='ltr'><strong>iis</strong></span> <span class='ocrx_word' id='word_1_468' title='bbox 2178 3150 2302 3208; x_wconf 71' lang='lat' dir='ltr'><strong>qua:</strong></span> <span class='ocrx_word' id='word_1_469' title='bbox 2327 3132 2702 3204; x_wconf 66' lang='lat' dir='ltr'><strong>intelligentiae</strong></span> <span class='ocrx_word' id='word_1_470' title='bbox 2739 3139 2870 3187; x_wconf 83' lang='lat' dir='ltr'><strong>sunt</strong></span> <span class='ocrx_word' id='word_1_471' title='bbox 2897 3128 3119 3200; x_wconf 72' lang='lat' dir='ltr'><strong>capacia</strong></span> <span class='ocrx_word' id='word_1_472' title='bbox 3154 3127 3576 3198; x_wconf 80' lang='lat' dir='ltr'><strong>intelligentiam</strong></span> 
     </span>
    </p>
   </div>
   <div class='ocr_carea' id='block_1_64' title="bbox 303 3220 1898 3296">
    <p class='ocr_par' dir='ltr' id='par_1_64' title="bbox 303 3220 1898 3296">
     <span class='ocr_line' id='line_1_64' title="bbox 303 3220 1898 3296; baseline -0.005 -14"><span class='ocrx_word' id='word_1_473' title='bbox 303 3227 581 3292; x_wconf 72' lang='grc' dir='ltr'>συνέσεως</span> <span class='ocrx_word' id='word_1_474' title='bbox 610 3226 883 3288; x_wconf 82' lang='grc' dir='ltr'>δεκτικοῖς</span> <span class='ocrx_word' id='word_1_475' title='bbox 915 3223 1014 3296; x_wconf 78' lang='grc' dir='ltr'>τὴν</span> <span class='ocrx_word' id='word_1_476' title='bbox 1048 3222 1263 3278; x_wconf 86' lang='grc' dir='ltr'>σύνεσιν</span> <span class='ocrx_word' id='word_1_477' title='bbox 1301 3221 1776 3292; x_wconf 81' lang='grc' dir='ltr'>ἐπιδαψιλεύεται·</span> <span class='ocrx_word' id='word_1_478' title='bbox 1810 3220 1898 3275; x_wconf 84' lang='grc' dir='ltr'><strong>ἰνα</strong></span> 
     </span>
    </p>
   </div>
   <div class='ocr_carea' id='block_1_65' title="bbox 305 3312 1900 3390">
    <p class='ocr_par' dir='ltr' id='par_1_65' title="bbox 305 3312 1900 3390">
     <span class='ocr_line' id='line_1_65' title="bbox 305 3312 1900 3390; baseline -0.004 -18"><span class='ocrx_word' id='word_1_479' title='bbox 305 3317 555 3390; x_wconf 80' lang='grc' dir='ltr'>σώζηται</span> <span class='ocrx_word' id='word_1_480' title='bbox 607 3318 704 3370; x_wconf 77' lang='grc' dir='ltr'>καὶ</span> <span class='ocrx_word' id='word_1_481' title='bbox 735 3316 894 3389; x_wconf 79' lang='grc' dir='ltr'>ἰσχύῃ</span> <span class='ocrx_word' id='word_1_482' title='bbox 931 3314 1114 3379; x_wconf 81' lang='grc' dir='ltr'>καλῶς</span> <span class='ocrx_word' id='word_1_483' title='bbox 1141 3313 1202 3368; x_wconf 88' lang='grc' dir='ltr'><strong>τὸ</strong></span> <span class='ocrx_word' id='word_1_484' title='bbox 1229 3314 1322 3368; x_wconf 72' lang='grc' dir='ltr'>ἐπὶ</span> <span class='ocrx_word' id='word_1_485' title='bbox 1349 3316 1416 3385; x_wconf 79' lang='grc' dir='ltr'>τῇ</span> <span class='ocrx_word' id='word_1_486' title='bbox 1466 3313 1643 3368; x_wconf 79' lang='grc' dir='ltr'>κτίσει</span> <span class='ocrx_word' id='word_1_487' title='bbox 1669 3312 1900 3384; x_wconf 82' lang='grc' dir='ltr'>λεγόμε-</span> 
     </span>
    </p>
   </div>
   <div class='ocr_carea' id='block_1_66' title="bbox 301 3405 1899 3480">
    <p class='ocr_par' dir='ltr' id='par_1_66' title="bbox 301 3405 1899 3480">
     <span class='ocr_line' id='line_1_66' title="bbox 301 3405 1899 3480; baseline -0.005 -14"><span class='ocrx_word' id='word_1_488' title='bbox 301 3428 393 3465; x_wconf 85' lang='grc' dir='ltr'><strong>νον</strong></span> <span class='ocrx_word' id='word_1_489' title='bbox 415 3426 430 3440; x_wconf 83' lang='grc'><strong>’</strong></span> <span class='ocrx_word' id='word_1_490' title='bbox 455 3430 476 3464; x_wconf 76' lang='grc' dir='ltr'><strong>ι</strong></span> <span class='ocrx_word' id='word_1_491' title='bbox 518 3409 585 3462; x_wconf 88' lang='grc' dir='ltr'>Τί</span> <span class='ocrx_word' id='word_1_492' title='bbox 611 3408 721 3480; x_wconf 77' lang='grc' dir='ltr'><strong>γάρ</strong></span> <span class='ocrx_word' id='word_1_493' title='bbox 747 3408 891 3480; x_wconf 81' lang='grc' dir='ltr'>Ξχιις</span> <span class='ocrx_word' id='word_1_494' title='bbox 919 3406 949 3460; x_wconf 82' lang='grc' dir='ltr'><strong>ὸ</strong></span> <span class='ocrx_word' id='word_1_495' title='bbox 975 3406 1076 3460; x_wconf 88' lang='grc' dir='ltr'><strong>ούκ</strong></span> <span class='ocrx_word' id='word_1_496' title='bbox 1112 3405 1337 3472; x_wconf 77' lang='grc' dir='ltr'>ἐλαϐες;</span> <span class='ocrx_word' id='word_1_497' title='bbox 1361 3424 1380 3456; x_wconf 80' lang='grc' dir='ltr'><strong>ι</strong></span> <span class='ocrx_word' id='word_1_498' title='bbox 1409 3406 1634 3460; x_wconf 83' lang='grc' dir='ltr'>Πλουτεῖ</span> <span class='ocrx_word' id='word_1_499' title='bbox 1660 3405 1768 3475; x_wconf 79' lang='grc' dir='ltr'><strong>γὰρ</strong></span> <span class='ocrx_word' id='word_1_500' title='bbox 1805 3405 1899 3459; x_wconf 88' lang='grc' dir='ltr'>οὑ-</span> 
     </span>
    </p>
   </div>
   <div class='ocr_carea' id='block_1_67' title="bbox 301 3497 1900 3574">
    <p class='ocr_par' dir='ltr' id='par_1_67' title="bbox 301 3497 1900 3574">
     <span class='ocr_line' id='line_1_67' title="bbox 301 3497 1900 3574; baseline -0.004 -16"><span class='ocrx_word' id='word_1_501' title='bbox 301 3504 391 3559; x_wconf 77' lang='grc' dir='ltr'>δὲν</span> <span class='ocrx_word' id='word_1_502' title='bbox 422 3501 644 3556; x_wconf 74' lang='grc' dir='ltr'>οἴκοθεν</span> <span class='ocrx_word' id='word_1_503' title='bbox 681 3502 718 3574; x_wconf 84' lang='grc' dir='ltr'><strong>ή</strong></span> <span class='ocrx_word' id='word_1_504' title='bbox 765 3501 967 3571; x_wconf 79' lang='grc' dir='ltr'>γενητὴ</span> <span class='ocrx_word' id='word_1_505' title='bbox 1011 3498 1105 3552; x_wconf 74' lang='grc' dir='ltr'>καὶ</span> <span class='ocrx_word' id='word_1_506' title='bbox 1143 3497 1489 3570; x_wconf 79' lang='grc' dir='ltr'>πεποιημένη</span> <span class='ocrx_word' id='word_1_507' title='bbox 1535 3497 1718 3568; x_wconf 83' lang='grc' dir='ltr'>φύσις,</span> <span class='ocrx_word' id='word_1_508' title='bbox 1781 3498 1900 3552; x_wconf 84' lang='grc' dir='ltr'>ἀλλ’</span> 
     </span>
    </p>
   </div>
   <div class='ocr_carea' id='block_1_68' title="bbox 303 3590 1902 3665">
    <p class='ocr_par' dir='ltr' id='par_1_68' title="bbox 303 3590 1902 3665">
     <span class='ocr_line' id='line_1_68' title="bbox 303 3590 1902 3665; baseline -0.002 -17"><span class='ocrx_word' id='word_1_509' title='bbox 303 3596 445 3665; x_wconf 82' lang='grc' dir='ltr'>ὅπερ</span> <span class='ocrx_word' id='word_1_510' title='bbox 493 3593 564 3647; x_wconf 75' lang='grc' dir='ltr'>ἂν</span> <span class='ocrx_word' id='word_1_511' title='bbox 611 3592 811 3664; x_wconf 74' lang='grc' dir='ltr'>ἔχουσα</span> <span class='ocrx_word' id='word_1_512' title='bbox 855 3592 1097 3662; x_wconf 81' lang='grc' dir='ltr'>φαίνοιτο</span> <span class='ocrx_word' id='word_1_513' title='bbox 1118 3633 1133 3656; x_wconf 90' lang='grc'><strong>,</strong></span> <span class='ocrx_word' id='word_1_514' title='bbox 1161 3590 1321 3644; x_wconf 88' lang='grc' dir='ltr'>τοῦτο</span> <span class='ocrx_word' id='word_1_515' title='bbox 1357 3591 1578 3656; x_wconf 88' lang='grc' dir='ltr'>πάντως</span> <span class='ocrx_word' id='word_1_516' title='bbox 1607 3591 1723 3645; x_wconf 80' lang='grc' dir='ltr'>ἐστὶ</span> <span class='ocrx_word' id='word_1_517' title='bbox 1751 3591 1902 3664; x_wconf 70' lang='grc' dir='ltr'>παρὰ</span> 
     </span>
    </p>
   </div>
   <div class='ocr_carea' id='block_1_69' title="bbox 302 3677 1902 3753">
    <p class='ocr_par' dir='ltr' id='par_1_69' title="bbox 302 3677 1902 3753">
     <span class='ocr_line' id='line_1_69' title="bbox 302 3677 1902 3753; baseline -0.004 -13"><span class='ocrx_word' id='word_1_518' title='bbox 302 3685 441 3740; x_wconf 82' lang='grc' dir='ltr'>Θεοῦ</span> <span class='ocrx_word' id='word_1_519' title='bbox 472 3683 572 3738; x_wconf 86' lang='grc' dir='ltr'><strong>τοῦ</strong></span> <span class='ocrx_word' id='word_1_520' title='bbox 594 3684 689 3736; x_wconf 79' lang='grc' dir='ltr'>καὶ</span> <span class='ocrx_word' id='word_1_521' title='bbox 719 3683 780 3736; x_wconf 89' lang='grc' dir='ltr'><strong>τὸ</strong></span> <span class='ocrx_word' id='word_1_522' title='bbox 809 3677 967 3747; x_wconf 76' lang='grc' dir='ltr'>εἶναι,</span> <span class='ocrx_word' id='word_1_523' title='bbox 1002 3683 1095 3735; x_wconf 69' lang='grc' dir='ltr'>καὶ</span> <span class='ocrx_word' id='word_1_524' title='bbox 1123 3683 1272 3746; x_wconf 84' lang='grc' dir='ltr'>ὅπως</span> <span class='ocrx_word' id='word_1_525' title='bbox 1301 3681 1530 3736; x_wconf 73' lang='grc' dir='ltr'>ἕκαστον</span> <span class='ocrx_word' id='word_1_526' title='bbox 1560 3677 1700 3735; x_wconf 84' lang='grc' dir='ltr'>εἶναι</span> <span class='ocrx_word' id='word_1_527' title='bbox 1735 3699 1902 3753; x_wconf 88' lang='grc' dir='ltr'>προσ-</span> 
     </span>
    </p>
   </div>
   <div class='ocr_carea' id='block_1_70' title="bbox 302 3769 1903 3849">
    <p class='ocr_par' dir='ltr' id='par_1_70' title="bbox 302 3769 1903 3849">
     <span class='ocr_line' id='line_1_70' title="bbox 302 3769 1903 3849; baseline -0.003 -18"><span class='ocrx_word' id='word_1_528' title='bbox 302 3779 430 3849; x_wconf 80' lang='grc' dir='ltr'>ήκει</span> <span class='ocrx_word' id='word_1_529' title='bbox 483 3775 869 3848; x_wconf 66' lang='grc' dir='ltr'>χαριζομένου.</span> <span class='ocrx_word' id='word_1_530' title='bbox 907 3771 982 3828; x_wconf 77' lang='lat' dir='ltr'><strong>E5</strong></span> <span class='ocrx_word' id='word_1_531' title='bbox 1021 3773 1080 3827; x_wconf 82' lang='grc' dir='ltr'>δὲ</span> <span class='ocrx_word' id='word_1_532' title='bbox 1119 3773 1282 3827; x_wconf 84' lang='grc' dir='ltr'>πάλιν</span> <span class='ocrx_word' id='word_1_533' title='bbox 1318 3773 1379 3826; x_wconf 83' lang='grc' dir='ltr'><strong>τὸ</strong></span> <span class='ocrx_word' id='word_1_534' title='bbox 1410 3769 1479 3845; x_wconf 77' lang='grc' dir='ltr'>ἦν</span> <span class='ocrx_word' id='word_1_535' title='bbox 1508 3773 1602 3826; x_wconf 82' lang='grc' dir='ltr'>ἐπὶ</span> <span class='ocrx_word' id='word_1_536' title='bbox 1629 3771 1729 3844; x_wconf 81' lang='grc' dir='ltr'>τῆς</span> <span class='ocrx_word' id='word_1_537' title='bbox 1755 3772 1903 3844; x_wconf 75' lang='grc' dir='ltr'>ζωῆς</span> 
     </span>
    </p>
   </div>
   <div class='ocr_carea' id='block_1_71' title="bbox 301 3857 1902 3934">
    <p class='ocr_par' dir='ltr' id='par_1_71' title="bbox 301 3857 1902 3934">
     <span class='ocr_line' id='line_1_71' title="bbox 301 3857 1902 3934; baseline -0.002 -14"><span class='ocrx_word' id='word_1_538' title='bbox 301 3867 571 3930; x_wconf 78' lang='grc' dir='ltr'>τέθειται,</span> <span class='ocrx_word' id='word_1_539' title='bbox 604 3863 694 3917; x_wconf 75' lang='grc' dir='ltr'>ἵνα</span> <span class='ocrx_word' id='word_1_540' title='bbox 734 3863 983 3934; x_wconf 87' lang='grc' dir='ltr'>πανταχῆ</span> <span class='ocrx_word' id='word_1_541' title='bbox 1012 3862 1074 3916; x_wconf 88' lang='grc' dir='ltr'><strong>τὸ</strong></span> <span class='ocrx_word' id='word_1_542' title='bbox 1109 3862 1295 3926; x_wconf 86' lang='grc' dir='ltr'>ἁῖδίως</span> <span class='ocrx_word' id='word_1_543' title='bbox 1342 3857 1482 3916; x_wconf 83' lang='grc' dir='ltr'>εἶναι</span> <span class='ocrx_word' id='word_1_544' title='bbox 1524 3863 1770 3934; x_wconf 79' lang='grc' dir='ltr'>σημαίνῃ</span> <span class='ocrx_word' id='word_1_545' title='bbox 1811 3861 1902 3916; x_wconf 84' lang='grc' dir='ltr'><strong>τὸν</strong></span> 
     </span>
    </p>
   </div>
   <div class='ocr_carea' id='block_1_72' title="bbox 304 3953 1903 4027">
    <p class='ocr_par' dir='ltr' id='par_1_72' title="bbox 304 3953 1903 4027">
     <span class='ocr_line' id='line_1_72' title="bbox 304 3953 1903 4027; baseline -0.003 -16"><span class='ocrx_word' id='word_1_546' title='bbox 304 3958 506 4025; x_wconf 88' lang='grc' dir='ltr'>Λόγον,</span> <span class='ocrx_word' id='word_1_547' title='bbox 544 3955 768 4018; x_wconf 78' lang='grc' dir='ltr'>καὶτὰς</span> <span class='ocrx_word' id='word_1_548' title='bbox 810 3954 920 4009; x_wconf 84' lang='grc' dir='ltr'><strong>τῶν</strong></span> <span class='ocrx_word' id='word_1_549' title='bbox 957 3955 1199 4026; x_wconf 80' lang='grc' dir='ltr'>ἀνοήτων</span> <span class='ocrx_word' id='word_1_550' title='bbox 1230 3954 1498 4027; x_wconf 80' lang='grc' dir='ltr'>διακόπτῃ</span> <span class='ocrx_word' id='word_1_551' title='bbox 1532 3953 1821 4026; x_wconf 79' lang='grc' dir='ltr'>φλυαρίας,</span> <span class='ocrx_word' id='word_1_552' title='bbox 1843 3954 1903 4022; x_wconf 80' lang='grc' dir='ltr'>ἐξ</span> 
     </span>
    </p>
   </div>
   <div class='ocr_carea' id='block_1_73' title="bbox 307 4047 1908 4120">
    <p class='ocr_par' dir='ltr' id='par_1_73' title="bbox 307 4047 1908 4120">
     <span class='ocr_line' id='line_1_73' title="bbox 307 4047 1908 4120; baseline 0.002 -21"><span class='ocrx_word' id='word_1_553' title='bbox 307 4048 408 4102; x_wconf 78' lang='grc' dir='ltr'><strong>οὑκ</strong></span> <span class='ocrx_word' id='word_1_554' title='bbox 436 4047 614 4101; x_wconf 73' lang='grc' dir='ltr'>ὅντων</span> <span class='ocrx_word' id='word_1_555' title='bbox 647 4047 780 4118; x_wconf 77' lang='grc' dir='ltr'>ἡμῖν</span> <span class='ocrx_word' id='word_1_556' title='bbox 811 4047 1172 4118; x_wconf 77' lang='grc' dir='ltr'>εἰσφερούσας</span> <span class='ocrx_word' id='word_1_557' title='bbox 1209 4047 1301 4100; x_wconf 85' lang='grc' dir='ltr'><strong>τὸν</strong></span> <span class='ocrx_word' id='word_1_558' title='bbox 1331 4047 1480 4110; x_wconf 88' lang='grc' dir='ltr'>Υἰὸν,</span> <span class='ocrx_word' id='word_1_559' title='bbox 1513 4049 1649 4119; x_wconf 82' lang='grc' dir='ltr'>ὅπερ</span> <span class='ocrx_word' id='word_1_560' title='bbox 1679 4047 1774 4120; x_wconf 79' lang='grc' dir='ltr'><strong>ὅλῃ</strong></span> <span class='ocrx_word' id='word_1_561' title='bbox 1805 4065 1908 4119; x_wconf 78' lang='grc' dir='ltr'>μαρ</span> 
     </span>
    </p>
   </div>
   <div class='ocr_carea' id='block_1_74' title="bbox 314 4135 1903 4211">
    <p class='ocr_par' dir='ltr' id='par_1_74' title="bbox 314 4135 1903 4211">
     <span class='ocr_line' id='line_1_74' title="bbox 314 4135 1903 4211; baseline 0.003 -23"><span class='ocrx_word' id='word_1_562' title='bbox 314 4137 542 4207; x_wconf 72' lang='grc' dir='ltr'>χύμενον</span> <span class='ocrx_word' id='word_1_563' title='bbox 576 4136 828 4207; x_wconf 82' lang='grc' dir='ltr'>φαίνεται</span> <span class='ocrx_word' id='word_1_564' title='bbox 865 4139 931 4208; x_wconf 77' lang='grc' dir='ltr'><strong>τῇ</strong></span> <span class='ocrx_word' id='word_1_565' title='bbox 971 4136 1092 4208; x_wconf 80' lang='grc' dir='ltr'>θείᾳ</span> <span class='ocrx_word' id='word_1_566' title='bbox 1125 4137 1338 4210; x_wconf 79' lang='grc' dir='ltr'>Γραφῇ.</span> <span class='ocrx_word' id='word_1_567' title='bbox 1375 4139 1512 4208; x_wconf 85' lang='grc' dir='ltr'>Περί</span> <span class='ocrx_word' id='word_1_568' title='bbox 1546 4139 1646 4210; x_wconf 80' lang='grc' dir='ltr'>μὲν</span> <span class='ocrx_word' id='word_1_569' title='bbox 1687 4135 1780 4193; x_wconf 77' lang='grc' dir='ltr'>οὖν</span> <span class='ocrx_word' id='word_1_570' title='bbox 1804 4141 1903 4211; x_wconf 82' lang='grc' dir='ltr'>τῆς</span> 
     </span>
    </p>
   </div>
   <div class='ocr_carea' id='block_1_75' title="bbox 311 4227 1902 4304">
    <p class='ocr_par' dir='ltr' id='par_1_75' title="bbox 311 4227 1902 4304">
     <span class='ocr_line' id='line_1_75' title="bbox 311 4227 1902 4304; baseline 0.004 -24"><span class='ocrx_word' id='word_1_571' title='bbox 311 4227 411 4281; x_wconf 85' lang='grc' dir='ltr'><strong>τοῦ</strong></span> <span class='ocrx_word' id='word_1_572' title='bbox 441 4227 613 4297; x_wconf 84' lang='grc' dir='ltr'>Λόγου</span> <span class='ocrx_word' id='word_1_573' title='bbox 655 4228 795 4299; x_wconf 85' lang='grc' dir='ltr'>μετὰ</span> <span class='ocrx_word' id='word_1_574' title='bbox 844 4229 1058 4299; x_wconf 84' lang='grc' dir='ltr'>Πατρὸς</span> <span class='ocrx_word' id='word_1_575' title='bbox 1090 4229 1392 4300; x_wconf 84' lang='grc' dir='ltr'>άῖδιότητος</span> <span class='ocrx_word' id='word_1_576' title='bbox 1414 4270 1429 4295; x_wconf 92' lang='grc'><strong>,</strong></span> <span class='ocrx_word' id='word_1_577' title='bbox 1462 4230 1775 4303; x_wconf 74' lang='grc' dir='ltr'>ἀρκούντως</span> <span class='ocrx_word' id='word_1_578' title='bbox 1801 4233 1902 4304; x_wconf 77' lang='grc' dir='ltr'><strong>ήδη</strong></span> 
     </span>
    </p>
   </div>
   <div class='ocr_carea' id='block_1_76' title="bbox 308 4319 1902 4397">
    <p class='ocr_par' dir='ltr' id='par_1_76' title="bbox 308 4319 1902 4397">
     <span class='ocr_line' id='line_1_76' title="bbox 308 4319 1902 4397; baseline 0.001 -21"><span class='ocrx_word' id='word_1_579' title='bbox 308 4319 676 4392; x_wconf 81' lang='grc' dir='ltr'>διειληφότες,</span> <span class='ocrx_word' id='word_1_580' title='bbox 732 4321 790 4374; x_wconf 82' lang='grc' dir='ltr'>ἒν</span> <span class='ocrx_word' id='word_1_581' title='bbox 839 4338 894 4374; x_wconf 84' lang='grc' dir='ltr'><strong>τε</strong></span> <span class='ocrx_word' id='word_1_582' title='bbox 946 4321 1025 4393; x_wconf 82' lang='grc' dir='ltr'><strong>τῷ</strong></span> <span class='ocrx_word' id='word_1_583' title='bbox 1055 4321 1404 4393; x_wconf 79' lang='grc' dir='ltr'>προκειμένῳ</span> <span class='ocrx_word' id='word_1_584' title='bbox 1454 4321 1646 4394; x_wconf 81' lang='grc' dir='ltr'>βιϐλίῳ</span> <span class='ocrx_word' id='word_1_585' title='bbox 1701 4323 1902 4397; x_wconf 78' lang='grc' dir='ltr'>καὶτῷ</span> 
     </span>
    </p>
   </div>
   <div class='ocr_carea' id='block_1_77' title="bbox 313 4413 1898 4486">
    <p class='ocr_par' dir='ltr' id='par_1_77' title="bbox 313 4413 1898 4486">
     <span class='ocr_line' id='line_1_77' title="bbox 313 4413 1898 4486; baseline 0.001 -18"><span class='ocrx_word' id='word_1_586' title='bbox 313 4416 433 4469; x_wconf 76' lang='grc' dir='ltr'>κατ’</span> <span class='ocrx_word' id='word_1_587' title='bbox 457 4414 697 4486; x_wconf 75' lang='grc' dir='ltr'>ἐπίκλην</span> <span class='ocrx_word' id='word_1_588' title='bbox 727 4413 1038 4483; x_wconf 79' lang='grc' dir='ltr'>Θησαυρῷ,</span> <span class='ocrx_word' id='word_1_589' title='bbox 1081 4416 1240 4486; x_wconf 84' lang='grc' dir='ltr'>σιγᾷν</span> <span class='ocrx_word' id='word_1_590' title='bbox 1267 4413 1413 4485; x_wconf 82' lang='grc' dir='ltr'>ἔχειν</span> <span class='ocrx_word' id='word_1_591' title='bbox 1447 4414 1745 4486; x_wconf 84' lang='grc' dir='ltr'>οἰησόμεθα</span> <span class='ocrx_word' id='word_1_592' title='bbox 1768 4416 1898 4470; x_wconf 87' lang='grc' dir='ltr'>δεῖν.</span> 
     </span>
    </p>
   </div>
   <div class='ocr_carea' id='block_1_78' title="bbox 316 4505 1896 4580">
    <p class='ocr_par' dir='ltr' id='par_1_78' title="bbox 316 4505 1896 4580">
     <span class='ocr_line' id='line_1_78' title="bbox 316 4505 1896 4580; baseline -0.001 -19"><span class='ocrx_word' id='word_1_593' title='bbox 316 4509 380 4561; x_wconf 89' lang='grc' dir='ltr'><strong>Ὃ</strong></span> <span class='ocrx_word' id='word_1_594' title='bbox 404 4507 464 4561; x_wconf 76' lang='grc' dir='ltr'>δὲ</span> <span class='ocrx_word' id='word_1_595' title='bbox 515 4505 580 4578; x_wconf 79' lang='grc' dir='ltr'>δὴ</span> <span class='ocrx_word' id='word_1_596' title='bbox 629 4506 739 4560; x_wconf 84' lang='grc' dir='ltr'><strong>τῶν</strong></span> <span class='ocrx_word' id='word_1_597' title='bbox 789 4505 1165 4577; x_wconf 82' lang='grc' dir='ltr'>προκειμένων</span> <span class='ocrx_word' id='word_1_598' title='bbox 1206 4507 1450 4577; x_wconf 80' lang='grc' dir='ltr'>εἰσφέρει</span> <span class='ocrx_word' id='word_1_599' title='bbox 1479 4507 1679 4578; x_wconf 82' lang='grc' dir='ltr'>μᾶλλον</span> <span class='ocrx_word' id='word_1_600' title='bbox 1706 4510 1836 4579; x_wconf 81' lang='grc' dir='ltr'>ἡμῖν</span> <span class='ocrx_word' id='word_1_601' title='bbox 1864 4510 1896 4580; x_wconf 86' lang='grc' dir='ltr'><strong>ή</strong></span> 
     </span>
    </p>
   </div>
   <div class='ocr_carea' id='block_1_79' title="bbox 311 4597 1901 4672">
    <p class='ocr_par' dir='ltr' id='par_1_79' title="bbox 311 4597 1901 4672">
     <span class='ocr_line' id='line_1_79' title="bbox 311 4597 1901 4672; baseline 0.002 -21"><span class='ocrx_word' id='word_1_602' title='bbox 311 4599 546 4662; x_wconf 77' lang='grc' dir='ltr'>διάνοια,</span> <span class='ocrx_word' id='word_1_603' title='bbox 583 4597 740 4653; x_wconf 85' lang='grc' dir='ltr'>τοῦτο</span> <span class='ocrx_word' id='word_1_604' title='bbox 785 4599 877 4652; x_wconf 75' lang='grc' dir='ltr'>καὶ</span> <span class='ocrx_word' id='word_1_605' title='bbox 909 4598 1057 4671; x_wconf 84' lang='grc' dir='ltr'>μάλα</span> <span class='ocrx_word' id='word_1_606' title='bbox 1106 4597 1404 4670; x_wconf 85' lang='grc' dir='ltr'>προθύμως</span> <span class='ocrx_word' id='word_1_607' title='bbox 1433 4599 1510 4663; x_wconf 87' lang='grc' dir='ltr'>ὡς</span> <span class='ocrx_word' id='word_1_608' title='bbox 1550 4598 1631 4652; x_wconf 79' lang='grc' dir='ltr'>ἔνι</span> <span class='ocrx_word' id='word_1_609' title='bbox 1668 4599 1901 4672; x_wconf 87' lang='grc' dir='ltr'>μάλιστα</span> 
     </span>
    </p>
   </div>
   <div class='ocr_carea' id='block_1_80' title="bbox 313 4689 1902 4763">
    <p class='ocr_par' dir='ltr' id='par_1_80' title="bbox 313 4689 1902 4763">
     <span class='ocr_line' id='line_1_80' title="bbox 313 4689 1902 4763; baseline 0.003 -20"><span class='ocrx_word' id='word_1_610' title='bbox 313 4689 722 4760; x_wconf 76' lang='grc' dir='ltr'>βασανίζοντες,</span> <span class='ocrx_word' id='word_1_611' title='bbox 744 4690 972 4754; x_wconf 80' lang='grc' dir='ltr'>ἑαυτούς</span> <span class='ocrx_word' id='word_1_612' title='bbox 1004 4708 1065 4744; x_wconf 86' lang='grc' dir='ltr'><strong>τε</strong></span> <span class='ocrx_word' id='word_1_613' title='bbox 1089 4691 1368 4762; x_wconf 79' lang='grc' dir='ltr'>ὠφελῆσαι</span> <span class='ocrx_word' id='word_1_614' title='bbox 1401 4691 1902 4763; x_wconf 74' lang='grc' dir='ltr'>σπουδάσομεν,καὶ</span> 
     </span>
    </p>
   </div>
   <div class='ocr_carea' id='block_1_81' title="bbox 311 4780 1904 4856">
    <p class='ocr_par' dir='ltr' id='par_1_81' title="bbox 311 4780 1904 4856">
     <span class='ocr_line' id='line_1_81' title="bbox 311 4780 1904 4856; baseline 0.003 -21"><span class='ocrx_word' id='word_1_615' title='bbox 311 4783 437 4846; x_wconf 76' lang='grc' dir='ltr'>τοὺς</span> <span class='ocrx_word' id='word_1_616' title='bbox 490 4780 723 4852; x_wconf 75' lang='grc' dir='ltr'>ὕστερον</span> <span class='ocrx_word' id='word_1_617' title='bbox 775 4782 1216 4853; x_wconf 80' lang='grc' dir='ltr'>ἐντευξομένους,</span> <span class='ocrx_word' id='word_1_618' title='bbox 1247 4783 1384 4836; x_wconf 83' lang='grc' dir='ltr'>Θεοῦ</span> <span class='ocrx_word' id='word_1_619' title='bbox 1420 4783 1581 4838; x_wconf 90' lang='grc' dir='ltr'>πάλιν</span> <span class='ocrx_word' id='word_1_620' title='bbox 1612 4786 1744 4856; x_wconf 76' lang='grc' dir='ltr'>ἡμῖν</span> <span class='ocrx_word' id='word_1_621' title='bbox 1763 4827 1778 4851; x_wconf 90' lang='grc'><strong>,</strong></span> <span class='ocrx_word' id='word_1_622' title='bbox 1809 4787 1904 4840; x_wconf 77' lang='grc' dir='ltr'>καὶ</span> 
     </span>
    </p>
   </div>
   <div class='ocr_carea' id='block_1_82' title="bbox 311 4871 1903 4948">
    <p class='ocr_par' dir='ltr' id='par_1_82' title="bbox 311 4871 1903 4948">
     <span class='ocr_line' id='line_1_82' title="bbox 311 4871 1903 4948; baseline 0.003 -22"><span class='ocrx_word' id='word_1_623' title='bbox 311 4874 510 4946; x_wconf 86' lang='grc' dir='ltr'>θύραν,</span> <span class='ocrx_word' id='word_1_624' title='bbox 540 4874 637 4928; x_wconf 79' lang='grc' dir='ltr'>καὶ</span> <span class='ocrx_word' id='word_1_625' title='bbox 658 4873 835 4945; x_wconf 87' lang='grc' dir='ltr'>στόμα</span> <span class='ocrx_word' id='word_1_626' title='bbox 865 4878 978 4938; x_wconf 88' lang='grc' dir='ltr'>τοῖς</span> <span class='ocrx_word' id='word_1_627' title='bbox 1003 4873 1181 4942; x_wconf 91' lang='grc' dir='ltr'>λόγοις</span> <span class='ocrx_word' id='word_1_628' title='bbox 1203 4875 1530 4944; x_wconf 84' lang='grc' dir='ltr'>ἀνοίγοντος.</span> <span class='ocrx_word' id='word_1_629' title='bbox 1557 4877 1622 4928; x_wconf 86' lang='grc' dir='ltr'>Τί</span> <span class='ocrx_word' id='word_1_630' title='bbox 1661 4871 1756 4930; x_wconf 82' lang='grc' dir='ltr'><strong>οῦν</strong></span> <span class='ocrx_word' id='word_1_631' title='bbox 1795 4877 1903 4948; x_wconf 80' lang='grc' dir='ltr'>ἄρα</span> 
     </span>
    </p>
   </div>
   <div class='ocr_carea' id='block_1_83' title="bbox 311 4967 1907 5042">
    <p class='ocr_par' dir='ltr' id='par_1_83' title="bbox 311 4967 1907 5042">
     <span class='ocr_line' id='line_1_83' title="bbox 311 4967 1907 5042; baseline 0.002 -22"><span class='ocrx_word' id='word_1_632' title='bbox 311 4969 480 5023; x_wconf 77' lang='grc' dir='ltr'>πάλιν</span> <span class='ocrx_word' id='word_1_633' title='bbox 509 4969 645 5040; x_wconf 73' lang='grc' dir='ltr'>ἡμῖν</span> <span class='ocrx_word' id='word_1_634' title='bbox 671 4969 700 5022; x_wconf 86' lang='grc' dir='ltr'><strong>ό</strong></span> <span class='ocrx_word' id='word_1_635' title='bbox 738 4967 1122 5040; x_wconf 81' lang='grc' dir='ltr'>Χριστομάχος</span> <span class='ocrx_word' id='word_1_636' title='bbox 1154 4969 1288 5040; x_wconf 83' lang='grc' dir='ltr'>ἐρεῖ,</span> <span class='ocrx_word' id='word_1_637' title='bbox 1317 4969 1378 5023; x_wconf 87' lang='grc' dir='ltr'><strong>τὸ</strong></span> <span class='ocrx_word' id='word_1_638' title='bbox 1409 4970 1524 5039; x_wconf 85' lang='grc' dir='ltr'>φῶς</span> <span class='ocrx_word' id='word_1_639' title='bbox 1556 4971 1664 5025; x_wconf 86' lang='grc' dir='ltr'>τῶν</span> <span class='ocrx_word' id='word_1_640' title='bbox 1697 4971 1907 5042; x_wconf 79' lang='grc' dir='ltr'>ἀνθρὼ-</span> 
     </span>
    </p>
   </div>
   <div class='ocr_carea' id='block_1_84' title="bbox 311 5057 1906 5132">
    <p class='ocr_par' dir='ltr' id='par_1_84' title="bbox 311 5057 1906 5132">
     <span class='ocr_line' id='line_1_84' title="bbox 311 5057 1906 5132; baseline 0.003 -20"><span class='ocrx_word' id='word_1_641' title='bbox 311 5076 432 5112; x_wconf 84' lang='grc' dir='ltr'><strong>πων</strong></span> <span class='ocrx_word' id='word_1_642' title='bbox 476 5057 767 5129; x_wconf 83' lang='grc' dir='ltr'>μανθάνων</span> <span class='ocrx_word' id='word_1_643' title='bbox 821 5059 1089 5130; x_wconf 87' lang='grc' dir='ltr'>ὑπάρχειν</span> <span class='ocrx_word' id='word_1_644' title='bbox 1137 5059 1238 5131; x_wconf 82' lang='grc' dir='ltr'>τὴν</span> <span class='ocrx_word' id='word_1_645' title='bbox 1287 5059 1452 5132; x_wconf 80' lang='grc' dir='ltr'>ζωὴν,</span> <span class='ocrx_word' id='word_1_646' title='bbox 1476 5061 1621 5116; x_wconf 79' lang='grc' dir='ltr'>τοῦτ’</span> <span class='ocrx_word' id='word_1_647' title='bbox 1647 5062 1784 5127; x_wconf 79' lang='grc' dir='ltr'>ἔστι,</span> <span class='ocrx_word' id='word_1_648' title='bbox 1817 5063 1906 5118; x_wconf 82' lang='grc' dir='ltr'><strong>τὸν</strong></span> 
     </span>
    </p>
   </div>
   <div class='ocr_carea' id='block_1_85' title="bbox 308 5149 1906 5223">
    <p class='ocr_par' dir='ltr' id='par_1_85' title="bbox 308 5149 1906 5223">
     <span class='ocr_line' id='line_1_85' title="bbox 308 5149 1906 5223; baseline 0.004 -21"><span class='ocrx_word' id='word_1_649' title='bbox 308 5151 398 5202; x_wconf 68' lang='grc' dir='ltr'><strong>ἀεὶ</strong></span> <span class='ocrx_word' id='word_1_650' title='bbox 428 5149 612 5216; x_wconf 77' lang='grc' dir='ltr'>ζῶντα</span> <span class='ocrx_word' id='word_1_651' title='bbox 639 5149 774 5203; x_wconf 89' lang='grc' dir='ltr'>Θεὸν</span> <span class='ocrx_word' id='word_1_652' title='bbox 800 5150 1000 5219; x_wconf 88' lang='grc' dir='ltr'>Λόγον;</span> <span class='ocrx_word' id='word_1_653' title='bbox 1033 5150 1205 5215; x_wconf 86' lang='grc' dir='ltr'>ποίοις</span> <span class='ocrx_word' id='word_1_654' title='bbox 1242 5152 1392 5223; x_wconf 72' lang='grc' dir='ltr'>ἡμᾶς</span> <span class='ocrx_word' id='word_1_655' title='bbox 1416 5153 1906 5223; x_wconf 78' lang='grc' dir='ltr'>κατασφενδονήσει</span> 
     </span>
    </p>
   </div>
   <div class='ocr_carea' id='block_1_86' title="bbox 309 5242 1903 5318">
    <p class='ocr_par' dir='ltr' id='par_1_86' title="bbox 309 5242 1903 5318">
     <span class='ocr_line' id='line_1_86' title="bbox 309 5242 1903 5318; baseline 0.005 -26"><span class='ocrx_word' id='word_1_656' title='bbox 309 5242 622 5311; x_wconf 81' lang='grc' dir='ltr'>λογισμοῖς,</span> <span class='ocrx_word' id='word_1_657' title='bbox 654 5242 784 5294; x_wconf 82' lang='grc' dir='ltr'>ὃταν</span> <span class='ocrx_word' id='word_1_658' title='bbox 827 5243 906 5305; x_wconf 87' lang='grc' dir='ltr'><strong>εἰς</strong></span> <span class='ocrx_word' id='word_1_659' title='bbox 953 5243 1116 5314; x_wconf 86' lang='grc' dir='ltr'>μέσον</span> <span class='ocrx_word' id='word_1_660' title='bbox 1148 5243 1374 5315; x_wconf 71' lang='grc' dir='ltr'>ἥκωμεν</span> <span class='ocrx_word' id='word_1_661' title='bbox 1403 5245 1674 5314; x_wconf 86' lang='grc' dir='ltr'>λέγοντες·</span> <span class='ocrx_word' id='word_1_662' title='bbox 1727 5247 1788 5299; x_wconf 87' lang='grc' dir='ltr'>Εἰ</span> <span class='ocrx_word' id='word_1_663' title='bbox 1829 5247 1903 5318; x_wconf 73' lang='grc' dir='ltr'>μὴ</span> 
     </span>
    </p>
   </div>
   <div class='ocr_carea' id='block_1_87' title="bbox 308 5331 1904 5411">
    <p class='ocr_par' dir='ltr' id='par_1_87' title="bbox 308 5331 1904 5411">
     <span class='ocr_line' id='line_1_87' title="bbox 308 5331 1904 5411; baseline 0.004 -27"><span class='ocrx_word' id='word_1_664' title='bbox 308 5331 446 5394; x_wconf 86' lang='grc' dir='ltr'>Θεὸς</span> <span class='ocrx_word' id='word_1_665' title='bbox 480 5331 624 5385; x_wconf 85' lang='grc' dir='ltr'>κατά</span> <span class='ocrx_word' id='word_1_666' title='bbox 677 5331 836 5399; x_wconf 86' lang='grc' dir='ltr'>φύσιν</span> <span class='ocrx_word' id='word_1_667' title='bbox 874 5335 1020 5387; x_wconf 70' lang='grc' dir='ltr'>ἐστὶν</span> <span class='ocrx_word' id='word_1_668' title='bbox 1047 5336 1076 5388; x_wconf 86' lang='grc' dir='ltr'>ὁ</span> <span class='ocrx_word' id='word_1_669' title='bbox 1106 5335 1253 5401; x_wconf 82' lang='grc' dir='ltr'>Υἱὸς,</span> <span class='ocrx_word' id='word_1_670' title='bbox 1297 5337 1393 5390; x_wconf 75' lang='grc' dir='ltr'>καὶ</span> <span class='ocrx_word' id='word_1_671' title='bbox 1439 5337 1538 5408; x_wconf 80' lang='grc' dir='ltr'>τῆς</span> <span class='ocrx_word' id='word_1_672' title='bbox 1586 5337 1678 5391; x_wconf 85' lang='grc' dir='ltr'><strong>τοῦ</strong></span> <span class='ocrx_word' id='word_1_673' title='bbox 1713 5339 1904 5411; x_wconf 82' lang='grc' dir='ltr'>γεννή-</span> 
     </span>
    </p>
   </div>
   <div class='ocr_carea' id='block_1_88' title="bbox 311 5421 1899 5502">
    <p class='ocr_par' dir='ltr' id='par_1_88' title="bbox 311 5421 1899 5502">
     <span class='ocr_line' id='line_1_88' title="bbox 311 5421 1899 5502; baseline 0.006 -27"><span class='ocrx_word' id='word_1_674' title='bbox 311 5439 513 5485; x_wconf 84' lang='grc' dir='ltr'>σαντος</span> <span class='ocrx_word' id='word_1_675' title='bbox 555 5421 744 5486; x_wconf 85' lang='grc' dir='ltr'>ούσίας</span> <span class='ocrx_word' id='word_1_676' title='bbox 778 5424 1010 5495; x_wconf 87' lang='grc' dir='ltr'>καρπὸς,</span> <span class='ocrx_word' id='word_1_677' title='bbox 1041 5427 1092 5479; x_wconf 84' lang='grc' dir='ltr'><strong>εἰ</strong></span> <span class='ocrx_word' id='word_1_678' title='bbox 1123 5427 1198 5498; x_wconf 80' lang='grc' dir='ltr'>μὴ</span> <span class='ocrx_word' id='word_1_679' title='bbox 1237 5428 1355 5497; x_wconf 84' lang='grc' dir='ltr'><strong>φῶς</strong></span> <span class='ocrx_word' id='word_1_680' title='bbox 1395 5429 1527 5499; x_wconf 81' lang='grc' dir='ltr'>ἡμῖν</span> <span class='ocrx_word' id='word_1_681' title='bbox 1556 5429 1808 5502; x_wconf 82' lang='grc' dir='ltr'>ἀληθινὸν</span> <span class='ocrx_word' id='word_1_682' title='bbox 1837 5431 1899 5484; x_wconf 86' lang='grc' dir='ltr'><strong>ἐκ</strong></span> 
     </span>
    </p>
   </div>
   <div class='ocr_carea' id='block_1_89' title="bbox 311 5514 1904 5588">
    <p class='ocr_par' dir='ltr' id='par_1_89' title="bbox 311 5514 1904 5588">
     <span class='ocr_line' id='line_1_89' title="bbox 311 5514 1904 5588; baseline 0.006 -21"><span class='ocrx_word' id='word_1_683' title='bbox 311 5514 497 5583; x_wconf 77' lang='grc' dir='ltr'>φωτὸς</span> <span class='ocrx_word' id='word_1_684' title='bbox 529 5514 833 5585; x_wconf 74' lang='grc' dir='ltr'>ἐξέλαμψεν</span> <span class='ocrx_word' id='word_1_685' title='bbox 865 5515 1144 5588; x_wconf 81' lang='grc' dir='ltr'>ἀληθινοῦ,</span> <span class='ocrx_word' id='word_1_686' title='bbox 1176 5519 1377 5587; x_wconf 74' lang='grc' dir='ltr'>ἔξωθεν</span> <span class='ocrx_word' id='word_1_687' title='bbox 1411 5521 1469 5575; x_wconf 82' lang='grc' dir='ltr'>δὲ</span> <span class='ocrx_word' id='word_1_688' title='bbox 1497 5523 1589 5576; x_wconf 77' lang='grc' dir='ltr'><strong>καὶ</strong></span> <span class='ocrx_word' id='word_1_689' title='bbox 1615 5523 1777 5584; x_wconf 82' lang='grc' dir='ltr'>αὐτὸς</span> <span class='ocrx_word' id='word_1_690' title='bbox 1805 5524 1904 5577; x_wconf 84' lang='grc' dir='ltr'>ὑπ-</span> 
     </span>
    </p>
   </div>
   <div class='ocr_carea' id='block_1_90' title="bbox 314 5602 1899 5685">
    <p class='ocr_par' dir='ltr' id='par_1_90' title="bbox 314 5602 1899 5685">
     <span class='ocr_line' id='line_1_90' title="bbox 314 5602 1899 5685; baseline 0.007 -29"><span class='ocrx_word' id='word_1_691' title='bbox 314 5602 459 5674; x_wconf 80' lang='grc' dir='ltr'>έστη·</span> <span class='ocrx_word' id='word_1_692' title='bbox 487 5609 581 5656; x_wconf 80' lang='grc' dir='ltr'>καὶ</span> <span class='ocrx_word' id='word_1_693' title='bbox 603 5602 702 5674; x_wconf 77' lang='grc' dir='ltr'>τὴν</span> <span class='ocrx_word' id='word_1_694' title='bbox 729 5603 885 5674; x_wconf 87' lang='grc' dir='ltr'>ὑμῶν</span> <span class='ocrx_word' id='word_1_695' title='bbox 923 5606 1166 5677; x_wconf 84' lang='grc' dir='ltr'>ἀμαθίαν</span> <span class='ocrx_word' id='word_1_696' title='bbox 1190 5626 1199 5636; x_wconf 93' lang='grc'><strong>·</strong></span> <span class='ocrx_word' id='word_1_697' title='bbox 1225 5610 1470 5685; x_wconf 75' lang='grc' dir='ltr'>ὁμοφυὴς</span> <span class='ocrx_word' id='word_1_698' title='bbox 1502 5612 1609 5684; x_wconf 76' lang='grc' dir='ltr'>ἄρα</span> <span class='ocrx_word' id='word_1_699' title='bbox 1644 5613 1761 5666; x_wconf 75' lang='grc' dir='ltr'>ἐστὶ</span> <span class='ocrx_word' id='word_1_700' title='bbox 1792 5615 1899 5678; x_wconf 83' lang='grc' dir='ltr'>τοῖς</span> 
     </span>
    </p>
   </div>
   <div class='ocr_carea' id='block_1_91' title="bbox 388 5789 866 5862">
    <p class='ocr_par' dir='ltr' id='par_1_91' title="bbox 388 5789 866 5862">
     <span class='ocr_line' id='line_1_91' title="bbox 388 5789 866 5862; baseline -0.002 -13"><span class='ocrx_word' id='word_1_701' title='bbox 388 5789 439 5825; x_wconf 74' lang='grc'><strong>³⁸</strong></span> <span class='ocrx_word' id='word_1_702' title='bbox 480 5791 662 5850; x_wconf 88' lang='lat' dir='ltr'><strong>lCor.</strong></span> <span class='ocrx_word' id='word_1_703' title='bbox 698 5809 776 5862; x_wconf 84' lang='lat' dir='ltr'><strong>tv,</strong></span> <span class='ocrx_word' id='word_1_704' title='bbox 815 5796 866 5854; x_wconf 90' lang='lat'><strong>7.</strong></span> 
     </span>
    </p>
   </div>
   <div class='ocr_carea' id='block_1_92' title="bbox 1932 4462 1980 4520">
    <p class='ocr_par' dir='ltr' id='par_1_92' title="bbox 1932 4462 1980 4520">
     <span class='ocr_line' id='line_1_92' title="bbox 1932 4462 1980 4520; baseline 0 0"><span class='ocrx_word' id='word_1_705' title='bbox 1932 4462 1980 4520; x_wconf 88' lang='lat' dir='ltr'><strong>D</strong></span> 
     </span>
    </p>
   </div>
   <div class='ocr_carea' id='block_1_93' title="bbox 1998 3217 3578 3292">
    <p class='ocr_par' dir='ltr' id='par_1_93' title="bbox 1998 3217 3578 3292">
     <span class='ocr_line' id='line_1_93' title="bbox 1998 3217 3578 3292; baseline -0.007 -11"><span class='ocrx_word' id='word_1_706' title='bbox 1998 3225 2203 3282; x_wconf 73' lang='lat' dir='ltr'><strong>aﬂ‘atim</strong></span> <span class='ocrx_word' id='word_1_707' title='bbox 2227 3223 2477 3292; x_wconf 73' lang='lat' dir='ltr'><strong>largitur,</strong></span> <span class='ocrx_word' id='word_1_708' title='bbox 2493 3229 2552 3275; x_wconf 91' lang='lat' dir='ltr'><strong>ut</strong></span> <span class='ocrx_word' id='word_1_709' title='bbox 2575 3235 2762 3277; x_wconf 85' lang='lat' dir='ltr'><strong>verum</strong></span> <span class='ocrx_word' id='word_1_710' title='bbox 2785 3218 2857 3276; x_wconf 91' lang='lat' dir='ltr'><strong>sit</strong></span> <span class='ocrx_word' id='word_1_711' title='bbox 2883 3217 3018 3274; x_wconf 90' lang='lat' dir='ltr'><strong>illud</strong></span> <span class='ocrx_word' id='word_1_712' title='bbox 3040 3217 3186 3288; x_wconf 90' lang='lat' dir='ltr'><strong>quod</strong></span> <span class='ocrx_word' id='word_1_713' title='bbox 3221 3217 3290 3272; x_wconf 90' lang='lat' dir='ltr'><strong>de</strong></span> <span class='ocrx_word' id='word_1_714' title='bbox 3323 3225 3578 3272; x_wconf 84' lang='lat' dir='ltr'><strong>creatura</strong></span> 
     </span>
    </p>
   </div>
   <div class='ocr_carea' id='block_1_94' title="bbox 1999 3309 3577 3383">
    <p class='ocr_par' dir='ltr' id='par_1_94' title="bbox 1999 3309 3577 3383">
     <span class='ocr_line' id='line_1_94' title="bbox 1999 3309 3577 3383; baseline -0.009 -7"><span class='ocrx_word' id='word_1_715' title='bbox 1999 3320 2235 3376; x_wconf 85' lang='lat' dir='ltr'><strong>dicitur:</strong></span> <span class='ocrx_word' id='word_1_716' title='bbox 2265 3336 2282 3370; x_wconf 79' lang='grc' dir='ltr'><strong>ι</strong></span> <span class='ocrx_word' id='word_1_717' title='bbox 2310 3315 2452 3383; x_wconf 85' lang='lat' dir='ltr'><strong>Quid</strong></span> <span class='ocrx_word' id='word_1_718' title='bbox 2477 3313 2621 3371; x_wconf 89' lang='lat' dir='ltr'><strong>enim</strong></span> <span class='ocrx_word' id='word_1_719' title='bbox 2649 3313 2818 3368; x_wconf 85' lang='lat' dir='ltr'><strong>habes</strong></span> <span class='ocrx_word' id='word_1_720' title='bbox 2844 3311 2994 3382; x_wconf 90' lang='lat' dir='ltr'><strong>quod</strong></span> <span class='ocrx_word' id='word_1_721' title='bbox 3023 3327 3131 3366; x_wconf 88' lang='lat' dir='ltr'><strong>non</strong></span> <span class='ocrx_word' id='word_1_722' title='bbox 3155 3309 3416 3380; x_wconf 87' lang='lat' dir='ltr'><strong>accepisti</strong></span> <span class='ocrx_word' id='word_1_723' title='bbox 3445 3309 3522 3362; x_wconf 79' lang='lat'><strong>“?</strong></span> <span class='ocrx_word' id='word_1_724' title='bbox 3555 3327 3577 3362; x_wconf 72' lang='grc' dir='ltr'><strong>ο</strong></span> 
     </span>
    </p>
   </div>
   <div class='ocr_carea' id='block_1_95' title="bbox 2002 3400 3580 3468">
    <p class='ocr_par' dir='ltr' id='par_1_95' title="bbox 2002 3400 3580 3468">
     <span class='ocr_line' id='line_1_95' title="bbox 2002 3400 3580 3468; baseline -0.008 -1"><span class='ocrx_word' id='word_1_725' title='bbox 2002 3412 2048 3467; x_wconf 82' lang='grc' dir='ltr'><strong>Δ</strong></span> <span class='ocrx_word' id='word_1_726' title='bbox 2077 3427 2138 3468; x_wconf 90' lang='lat' dir='ltr'><strong>se</strong></span> <span class='ocrx_word' id='word_1_727' title='bbox 2166 3411 2316 3466; x_wconf 91' lang='lat' dir='ltr'><strong>enim</strong></span> <span class='ocrx_word' id='word_1_728' title='bbox 2353 3416 2538 3463; x_wconf 87' lang='lat' dir='ltr'><strong>creata</strong></span> <span class='ocrx_word' id='word_1_729' title='bbox 2572 3415 2628 3462; x_wconf 92' lang='lat' dir='ltr'><strong>et</strong></span> <span class='ocrx_word' id='word_1_730' title='bbox 2656 3405 2800 3460; x_wconf 78' lang='lat' dir='ltr'><strong>facta</strong></span> <span class='ocrx_word' id='word_1_731' title='bbox 2845 3412 3043 3460; x_wconf 87' lang='lat' dir='ltr'><strong>natura</strong></span> <span class='ocrx_word' id='word_1_732' title='bbox 3081 3402 3222 3458; x_wconf 84' lang='lat' dir='ltr'><strong>nihil</strong></span> <span class='ocrx_word' id='word_1_733' title='bbox 3252 3402 3437 3465; x_wconf 82' lang='lat' dir='ltr'><strong>habet,</strong></span> <span class='ocrx_word' id='word_1_734' title='bbox 3486 3400 3580 3456; x_wconf 85' lang='lat' dir='ltr'><strong>sed</strong></span> 
     </span>
    </p>
   </div>
   <div class='ocr_carea' id='block_1_96' title="bbox 2003 3491 3580 3576">
    <p class='ocr_par' dir='ltr' id='par_1_96' title="bbox 2003 3491 3580 3576">
     <span class='ocr_line' id='line_1_96' title="bbox 2003 3491 3580 3576; baseline -0.008 -17"><span class='ocrx_word' id='word_1_735' title='bbox 2003 3502 2374 3576; x_wconf 85' lang='lat' dir='ltr'><strong>quodcunque</strong></span> <span class='ocrx_word' id='word_1_736' title='bbox 2403 3499 2608 3555; x_wconf 87' lang='lat' dir='ltr'><strong>habere</strong></span> <span class='ocrx_word' id='word_1_737' title='bbox 2637 3498 2906 3561; x_wconf 84' lang='lat' dir='ltr'><strong>cernitur,</strong></span> <span class='ocrx_word' id='word_1_738' title='bbox 2927 3495 3031 3551; x_wconf 87' lang='lat' dir='ltr'><strong>hoc</strong></span> <span class='ocrx_word' id='word_1_739' title='bbox 3067 3495 3259 3565; x_wconf 85' lang='lat' dir='ltr'><strong>utique</strong></span> <span class='ocrx_word' id='word_1_740' title='bbox 3280 3503 3363 3549; x_wconf 88' lang='lat' dir='ltr'><strong>est</strong></span> <span class='ocrx_word' id='word_1_741' title='bbox 3393 3509 3423 3547; x_wconf 85' lang='lat' dir='ltr'><strong>a</strong></span> <span class='ocrx_word' id='word_1_742' title='bbox 3445 3491 3580 3557; x_wconf 88' lang='lat' dir='ltr'><strong>Deo,</strong></span> 
     </span>
    </p>
   </div>
   <div class='ocr_carea' id='block_1_97' title="bbox 2002 3581 3583 3665">
    <p class='ocr_par' dir='ltr' id='par_1_97' title="bbox 2002 3581 3583 3665">
     <span class='ocr_line' id='line_1_97' title="bbox 2002 3581 3583 3665; baseline -0.008 -17"><span class='ocrx_word' id='word_1_743' title='bbox 2002 3593 2097 3665; x_wconf 91' lang='lat' dir='ltr'><strong>qui</strong></span> <span class='ocrx_word' id='word_1_744' title='bbox 2147 3600 2199 3648; x_wconf 90' lang='lat' dir='ltr'><strong>et</strong></span> <span class='ocrx_word' id='word_1_745' title='bbox 2248 3605 2372 3648; x_wconf 90' lang='lat' dir='ltr'><strong>esse</strong></span> <span class='ocrx_word' id='word_1_746' title='bbox 2410 3597 2466 3645; x_wconf 90' lang='lat' dir='ltr'><strong>et</strong></span> <span class='ocrx_word' id='word_1_747' title='bbox 2504 3588 2727 3644; x_wconf 87' lang='lat' dir='ltr'><strong>essendi</strong></span> <span class='ocrx_word' id='word_1_748' title='bbox 2774 3587 2996 3642; x_wconf 86' lang='lat' dir='ltr'><strong>modum</strong></span> <span class='ocrx_word' id='word_1_749' title='bbox 3046 3585 3303 3657; x_wconf 76' lang='lat' dir='ltr'><strong>largitur.</strong></span> <span class='ocrx_word' id='word_1_750' title='bbox 3367 3581 3583 3638; x_wconf 77' lang='lat' dir='ltr'><strong>Rursus</strong></span> 
     </span>
    </p>
   </div>
   <div class='ocr_carea' id='block_1_98' title="bbox 2003 3676 3584 3751">
    <p class='ocr_par' dir='ltr' id='par_1_98' title="bbox 2003 3676 3584 3751">
     <span class='ocr_line' id='line_1_98' title="bbox 2003 3676 3584 3751; baseline -0.006 -10"><span class='ocrx_word' id='word_1_751' title='bbox 2003 3694 2212 3750; x_wconf 84' lang='lat' dir='ltr'><strong>autem,</strong></span> <span class='ocrx_word' id='word_1_752' title='bbox 2253 3683 2411 3751; x_wconf 90' lang='lat' dir='ltr'><strong>illud,</strong></span> <span class='ocrx_word' id='word_1_753' title='bbox 2442 3692 2581 3748; x_wconf 85' lang='lat' dir='ltr'><strong>erat,</strong></span> <span class='ocrx_word' id='word_1_754' title='bbox 2626 3681 2695 3738; x_wconf 88' lang='lat' dir='ltr'><strong>de</strong></span> <span class='ocrx_word' id='word_1_755' title='bbox 2723 3683 2836 3737; x_wconf 85' lang='lat' dir='ltr'><strong>vita</strong></span> <span class='ocrx_word' id='word_1_756' title='bbox 2880 3680 3089 3735; x_wconf 90' lang='lat' dir='ltr'><strong>dictum</strong></span> <span class='ocrx_word' id='word_1_757' title='bbox 3129 3685 3239 3742; x_wconf 85' lang='lat' dir='ltr'><strong>est,</strong></span> <span class='ocrx_word' id='word_1_758' title='bbox 3275 3685 3332 3732; x_wconf 88' lang='lat' dir='ltr'><strong>ut</strong></span> <span class='ocrx_word' id='word_1_759' title='bbox 3379 3676 3584 3746; x_wconf 83' lang='lat' dir='ltr'><strong>ubique</strong></span> 
     </span>
    </p>
   </div>
   <div class='ocr_carea' id='block_1_99' title="bbox 2009 3773 3583 3843">
    <p class='ocr_par' dir='ltr' id='par_1_99' title="bbox 2009 3773 3583 3843">
     <span class='ocr_line' id='line_1_99' title="bbox 2009 3773 3583 3843; baseline -0.007 -10"><span class='ocrx_word' id='word_1_760' title='bbox 2009 3777 2173 3835; x_wconf 84' lang='lat' dir='ltr'><strong>Verbi</strong></span> <span class='ocrx_word' id='word_1_761' title='bbox 2219 3775 2582 3832; x_wconf 68' lang='lat' dir='ltr'><strong>aeternitatem</strong></span> <span class='ocrx_word' id='word_1_762' title='bbox 2617 3773 2912 3843; x_wconf 78' lang='lat' dir='ltr'><strong>signiﬁcet,</strong></span> <span class='ocrx_word' id='word_1_763' title='bbox 2945 3781 3000 3828; x_wconf 89' lang='lat' dir='ltr'><strong>et</strong></span> <span class='ocrx_word' id='word_1_764' title='bbox 3040 3773 3364 3826; x_wconf 85' lang='lat' dir='ltr'><strong>insanorum</strong></span> <span class='ocrx_word' id='word_1_765' title='bbox 3409 3782 3583 3834; x_wconf 78' lang='lat' dir='ltr'><strong>nugas</strong></span> 
     </span>
    </p>
   </div>
   <div class='ocr_carea' id='block_1_100' title="bbox 2003 3854 3583 3938">
    <p class='ocr_par' dir='ltr' id='par_1_100' title="bbox 2003 3854 3583 3938">
     <span class='ocr_line' id='line_1_100' title="bbox 2003 3854 3583 3938; baseline -0.013 -12"><span class='ocrx_word' id='word_1_766' title='bbox 2003 3874 2238 3932; x_wconf 87' lang='lat' dir='ltr'><strong>resecet,</strong></span> <span class='ocrx_word' id='word_1_767' title='bbox 2263 3881 2385 3938; x_wconf 59' lang='lat' dir='ltr'><strong>quae</strong></span> <span class='ocrx_word' id='word_1_768' title='bbox 2413 3863 2612 3919; x_wconf 89' lang='lat' dir='ltr'><strong>Filium</strong></span> <span class='ocrx_word' id='word_1_769' title='bbox 2664 3862 2825 3916; x_wconf 85' lang='lat' dir='ltr'><strong>nobis</strong></span> <span class='ocrx_word' id='word_1_770' title='bbox 2859 3877 2890 3916; x_wconf 92' lang='lat' dir='ltr'><strong>e</strong></span> <span class='ocrx_word' id='word_1_771' title='bbox 2930 3859 3103 3914; x_wconf 88' lang='lat' dir='ltr'><strong>nihilo</strong></span> <span class='ocrx_word' id='word_1_772' title='bbox 3141 3856 3406 3918; x_wconf 89' lang='lat' dir='ltr'><strong>educunt,</strong></span> <span class='ocrx_word' id='word_1_773' title='bbox 3438 3854 3583 3923; x_wconf 82' lang='lat' dir='ltr'><strong>quod</strong></span> 
     </span>
    </p>
   </div>
   <div class='ocr_carea' id='block_1_101' title="bbox 2005 3944 3580 4032">
    <p class='ocr_par' dir='ltr' id='par_1_101' title="bbox 2005 3944 3580 4032">
     <span class='ocr_line' id='line_1_101' title="bbox 2005 3944 3580 4032; baseline -0.013 -16"><span class='ocrx_word' id='word_1_774' title='bbox 2005 3959 2227 4032; x_wconf 89' lang='lat' dir='ltr'><strong>quidem</strong></span> <span class='ocrx_word' id='word_1_775' title='bbox 2267 3963 2416 4028; x_wconf 85' lang='lat' dir='ltr'><strong>patet</strong></span> <span class='ocrx_word' id='word_1_776' title='bbox 2463 3955 2734 4010; x_wconf 68' lang='lat' dir='ltr'><strong>universae</strong></span> <span class='ocrx_word' id='word_1_777' title='bbox 2775 3951 2868 4006; x_wconf 90' lang='lat' dir='ltr'><strong>Dei</strong></span> <span class='ocrx_word' id='word_1_778' title='bbox 2919 3963 3227 4020; x_wconf 75' lang='lat' dir='ltr'><strong>repugnare</strong></span> <span class='ocrx_word' id='word_1_779' title='bbox 3264 3944 3580 4014; x_wconf 69' lang='lat' dir='ltr'><strong>Scriptum.</strong></span> 
     </span>
    </p>
   </div>
   <div class='ocr_carea' id='block_1_102' title="bbox 2007 4034 3584 4109">
    <p class='ocr_par' dir='ltr' id='par_1_102' title="bbox 2007 4034 3584 4109">
     <span class='ocr_line' id='line_1_102' title="bbox 2007 4034 3584 4109; baseline -0.014 0"><span class='ocrx_word' id='word_1_780' title='bbox 2007 4051 2115 4109; x_wconf 80' lang='lat' dir='ltr'><strong>Sed</strong></span> <span class='ocrx_word' id='word_1_781' title='bbox 2139 4051 2205 4106; x_wconf 88' lang='lat' dir='ltr'><strong>de</strong></span> <span class='ocrx_word' id='word_1_782' title='bbox 2225 4049 2529 4105; x_wconf 68' lang='lat' dir='ltr'><strong>aeternitate</strong></span> <span class='ocrx_word' id='word_1_783' title='bbox 2545 4044 2710 4100; x_wconf 90' lang='lat' dir='ltr'><strong>Verbi</strong></span> <span class='ocrx_word' id='word_1_784' title='bbox 2728 4058 2855 4098; x_wconf 91' lang='lat' dir='ltr'><strong>cum</strong></span> <span class='ocrx_word' id='word_1_785' title='bbox 2887 4041 3047 4096; x_wconf 86' lang='lat' dir='ltr'><strong>Patre</strong></span> <span class='ocrx_word' id='word_1_786' title='bbox 3076 4055 3201 4095; x_wconf 89' lang='lat' dir='ltr'><strong>cum</strong></span> <span class='ocrx_word' id='word_1_787' title='bbox 3223 4038 3334 4107; x_wconf 85' lang='lat' dir='ltr'><strong>jam</strong></span> <span class='ocrx_word' id='word_1_788' title='bbox 3373 4043 3499 4089; x_wconf 91' lang='lat' dir='ltr'><strong>ante</strong></span> <span class='ocrx_word' id='word_1_789' title='bbox 3529 4034 3584 4087; x_wconf 91' lang='lat' dir='ltr'><strong>in</strong></span> 
     </span>
    </p>
   </div>
   <div class='ocr_carea' id='block_1_103' title="bbox 2006 4133 3586 4210">
    <p class='ocr_par' dir='ltr' id='par_1_103' title="bbox 2006 4133 3586 4210">
     <span class='ocr_line' id='line_1_103' title="bbox 2006 4133 3586 4210; baseline -0.013 -8"><span class='ocrx_word' id='word_1_790' title='bbox 2006 4146 2111 4202; x_wconf 82' lang='lat' dir='ltr'><strong>hoc</strong></span> <span class='ocrx_word' id='word_1_791' title='bbox 2127 4144 2267 4200; x_wconf 89' lang='lat' dir='ltr'><strong>libro</strong></span> <span class='ocrx_word' id='word_1_792' title='bbox 2294 4150 2428 4198; x_wconf 91' lang='lat' dir='ltr'><strong>eteo</strong></span> <span class='ocrx_word' id='word_1_793' title='bbox 2444 4138 2536 4210; x_wconf 86' lang='lat' dir='ltr'><strong>qui</strong></span> <span class='ocrx_word' id='word_1_794' title='bbox 2559 4137 2861 4193; x_wconf 79' lang='lat' dir='ltr'><strong>Thesaurus</strong></span> <span class='ocrx_word' id='word_1_795' title='bbox 2887 4133 3183 4202; x_wconf 88' lang='lat' dir='ltr'><strong>inscriptus</strong></span> <span class='ocrx_word' id='word_1_796' title='bbox 3204 4135 3308 4192; x_wconf 93' lang='lat' dir='ltr'><strong>est,</strong></span> <span class='ocrx_word' id='word_1_797' title='bbox 3324 4135 3586 4181; x_wconf 78' lang='lat' dir='ltr'><strong>tractave-</strong></span> 
     </span>
    </p>
   </div>
   <div class='ocr_carea' id='block_1_104' title="bbox 2007 4224 3685 4303">
    <p class='ocr_par' dir='ltr' id='par_1_104' title="bbox 2007 4224 3685 4303">
     <span class='ocr_line' id='line_1_104' title="bbox 2007 4224 3685 4303; baseline -0.015 -9"><span class='ocrx_word' id='word_1_798' title='bbox 2007 4240 2204 4303; x_wconf 86' lang='lat' dir='ltr'><strong>rimus,</strong></span> <span class='ocrx_word' id='word_1_799' title='bbox 2241 4233 2513 4292; x_wconf 84' lang='lat' dir='ltr'><strong>silendum</strong></span> <span class='ocrx_word' id='word_1_800' title='bbox 2556 4237 2833 4302; x_wconf 88' lang='lat' dir='ltr'><strong>putamus.</strong></span> <span class='ocrx_word' id='word_1_801' title='bbox 2861 4224 3017 4293; x_wconf 82' lang='lat' dir='ltr'><strong>Quod</strong></span> <span class='ocrx_word' id='word_1_802' title='bbox 3043 4230 3224 4278; x_wconf 89' lang='lat' dir='ltr'><strong>autem</strong></span> <span class='ocrx_word' id='word_1_803' title='bbox 3249 4236 3430 4276; x_wconf 88' lang='lat' dir='ltr'><strong>rerum</strong></span> <span class='ocrx_word' id='word_1_804' title='bbox 3463 4234 3587 4288; x_wconf 86' lang='lat' dir='ltr'><strong>pro—</strong></span> <span class='ocrx_word' id='word_1_805' title='bbox 3673 4228 3685 4242; x_wconf 84' lang='lat'><strong>&#39;</strong></span> 
     </span>
    </p>
   </div>
   <div class='ocr_carea' id='block_1_105' title="bbox 2006 4310 3586 4402">
    <p class='ocr_par' dir='ltr' id='par_1_105' title="bbox 2006 4310 3586 4402">
     <span class='ocr_line' id='line_1_105' title="bbox 2006 4310 3586 4402; baseline -0.015 -17"><span class='ocrx_word' id='word_1_806' title='bbox 2006 4330 2309 4402; x_wconf 87' lang='lat' dir='ltr'><strong>positarum</strong></span> <span class='ocrx_word' id='word_1_807' title='bbox 2356 4338 2552 4380; x_wconf 84' lang='lat' dir='ltr'><strong>sensus</strong></span> <span class='ocrx_word' id='word_1_808' title='bbox 2598 4320 2758 4376; x_wconf 89' lang='lat' dir='ltr'><strong>nobis</strong></span> <span class='ocrx_word' id='word_1_809' title='bbox 2803 4316 2998 4379; x_wconf 79' lang='lat' dir='ltr'><strong>offert,</strong></span> <span class='ocrx_word' id='word_1_810' title='bbox 3046 4315 3151 4369; x_wconf 87' lang='lat' dir='ltr'><strong>hoc</strong></span> <span class='ocrx_word' id='word_1_811' title='bbox 3193 4314 3382 4382; x_wconf 87' lang='lat' dir='ltr'><strong>utique</strong></span> <span class='ocrx_word' id='word_1_812' title='bbox 3423 4310 3586 4381; x_wconf 83' lang='lat' dir='ltr'><strong>perli-</strong></span> 
     </span>
    </p>
   </div>
   <div class='ocr_carea' id='block_1_106' title="bbox 2010 4403 3585 4488">
    <p class='ocr_par' dir='ltr' id='par_1_106' title="bbox 2010 4403 3585 4488">
     <span class='ocr_line' id='line_1_106' title="bbox 2010 4403 3585 4488; baseline -0.012 -12"><span class='ocrx_word' id='word_1_813' title='bbox 2010 4423 2200 4476; x_wconf 85' lang='lat' dir='ltr'><strong>benter</strong></span> <span class='ocrx_word' id='word_1_814' title='bbox 2285 4415 2465 4488; x_wconf 85' lang='lat' dir='ltr'><strong>quoad</strong></span> <span class='ocrx_word' id='word_1_815' title='bbox 2550 4415 2680 4468; x_wconf 87' lang='lat' dir='ltr'><strong>licet</strong></span> <span class='ocrx_word' id='word_1_816' title='bbox 2763 4407 3152 4474; x_wconf 76' lang='lat' dir='ltr'><strong>examinando,</strong></span> <span class='ocrx_word' id='word_1_817' title='bbox 3202 4422 3327 4460; x_wconf 88' lang='lat' dir='ltr'><strong>cum</strong></span> <span class='ocrx_word' id='word_1_818' title='bbox 3424 4403 3585 4458; x_wconf 84' lang='lat' dir='ltr'><strong>nobis</strong></span> 
     </span>
    </p>
   </div>
   <div class='ocr_carea' id='block_1_107' title="bbox 2007 4497 3585 4585">
    <p class='ocr_par' dir='ltr' id='par_1_107' title="bbox 2007 4497 3585 4585">
     <span class='ocr_line' id='line_1_107' title="bbox 2007 4497 3585 4585; baseline -0.011 -17"><span class='ocrx_word' id='word_1_819' title='bbox 2007 4511 2267 4585; x_wconf 86' lang='lat' dir='ltr'><strong>prodesse</strong></span> <span class='ocrx_word' id='word_1_820' title='bbox 2329 4505 2704 4568; x_wconf 87' lang='lat' dir='ltr'><strong>studebimus,</strong></span> <span class='ocrx_word' id='word_1_821' title='bbox 2753 4510 2864 4556; x_wconf 92' lang='lat' dir='ltr'><strong>tum</strong></span> <span class='ocrx_word' id='word_1_822' title='bbox 2919 4501 3176 4572; x_wconf 84' lang='lat' dir='ltr'><strong>posteris,</strong></span> <span class='ocrx_word' id='word_1_823' title='bbox 3231 4497 3340 4552; x_wconf 89' lang='lat' dir='ltr'><strong>Deo</strong></span> <span class='ocrx_word' id='word_1_824' title='bbox 3388 4511 3585 4550; x_wconf 87' lang='lat' dir='ltr'><strong>rursus</strong></span> 
     </span>
    </p>
   </div>
   <div class='ocr_carea' id='block_1_108' title="bbox 2003 4589 3582 4674">
    <p class='ocr_par' dir='ltr' id='par_1_108' title="bbox 2003 4589 3582 4674">
     <span class='ocr_line' id='line_1_108' title="bbox 2003 4589 3582 4674; baseline -0.013 -12"><span class='ocrx_word' id='word_1_825' title='bbox 2003 4604 2165 4662; x_wconf 89' lang='lat' dir='ltr'><strong>nobis</strong></span> <span class='ocrx_word' id='word_1_826' title='bbox 2185 4605 2409 4674; x_wconf 80' lang='lat' dir='ltr'><strong>januant</strong></span> <span class='ocrx_word' id='word_1_827' title='bbox 2434 4607 2489 4656; x_wconf 89' lang='lat' dir='ltr'><strong>et</strong></span> <span class='ocrx_word' id='word_1_828' title='bbox 2519 4615 2580 4654; x_wconf 91' lang='lat' dir='ltr'><strong>os</strong></span> <span class='ocrx_word' id='word_1_829' title='bbox 2606 4597 2671 4651; x_wconf 92' lang='lat' dir='ltr'><strong>ad</strong></span> <span class='ocrx_word' id='word_1_830' title='bbox 2704 4595 3090 4652; x_wconf 88' lang='lat' dir='ltr'><strong>disserendum</strong></span> <span class='ocrx_word' id='word_1_831' title='bbox 3124 4593 3422 4662; x_wconf 84' lang='lat' dir='ltr'><strong>aperiente.</strong></span> <span class='ocrx_word' id='word_1_832' title='bbox 3442 4589 3582 4655; x_wconf 84' lang='lat' dir='ltr'><strong>Quid</strong></span> 
     </span>
    </p>
   </div>
   <div class='ocr_carea' id='block_1_109' title="bbox 2001 4677 3582 4768">
    <p class='ocr_par' dir='ltr' id='par_1_109' title="bbox 2001 4677 3582 4768">
     <span class='ocr_line' id='line_1_109' title="bbox 2001 4677 3582 4768; baseline -0.013 -15"><span class='ocrx_word' id='word_1_833' title='bbox 2001 4711 2132 4768; x_wconf 77' lang='lat' dir='ltr'><strong>ergo</strong></span> <span class='ocrx_word' id='word_1_834' title='bbox 2174 4694 2332 4750; x_wconf 89' lang='lat' dir='ltr'><strong>nobis</strong></span> <span class='ocrx_word' id='word_1_835' title='bbox 2380 4691 2575 4751; x_wconf 83' lang='lat' dir='ltr'><strong>iterum</strong></span> <span class='ocrx_word' id='word_1_836' title='bbox 2645 4699 3018 4757; x_wconf 88' lang='lat' dir='ltr'><strong>responsurus</strong></span> <span class='ocrx_word' id='word_1_837' title='bbox 3072 4689 3159 4738; x_wconf 87' lang='lat' dir='ltr'><strong>est</strong></span> <span class='ocrx_word' id='word_1_838' title='bbox 3211 4681 3306 4736; x_wconf 90' lang='lat' dir='ltr'><strong>Dei</strong></span> <span class='ocrx_word' id='word_1_839' title='bbox 3369 4677 3582 4742; x_wconf 87' lang='lat' dir='ltr'><strong>hostis,</strong></span> 
     </span>
    </p>
   </div>
   <div class='ocr_carea' id='block_1_110' title="bbox 2004 4771 3585 4846">
    <p class='ocr_par' dir='ltr' id='par_1_110' title="bbox 2004 4771 3585 4846">
     <span class='ocr_line' id='line_1_110' title="bbox 2004 4771 3585 4846; baseline -0.016 0"><span class='ocrx_word' id='word_1_840' title='bbox 2004 4791 2180 4846; x_wconf 89' lang='lat' dir='ltr'><strong>lucem</strong></span> <span class='ocrx_word' id='word_1_841' title='bbox 2217 4785 2498 4840; x_wconf 89' lang='lat' dir='ltr'><strong>hominum</strong></span> <span class='ocrx_word' id='word_1_842' title='bbox 2565 4779 2796 4835; x_wconf 86' lang='lat' dir='ltr'><strong>audiens</strong></span> <span class='ocrx_word' id='word_1_843' title='bbox 2824 4779 2990 4830; x_wconf 84' lang='lat' dir='ltr'><strong>vitam</strong></span> <span class='ocrx_word' id='word_1_844' title='bbox 3032 4773 3320 4834; x_wconf 78' lang='lat' dir='ltr'><strong>exsistere,</strong></span> <span class='ocrx_word' id='word_1_845' title='bbox 3341 4771 3445 4824; x_wconf 91' lang='lat' dir='ltr'><strong>hoc</strong></span> <span class='ocrx_word' id='word_1_846' title='bbox 3501 4775 3585 4821; x_wconf 90' lang='lat' dir='ltr'><strong>est</strong></span> 
     </span>
    </p>
   </div>
   <div class='ocr_carea' id='block_1_111' title="bbox 2006 4859 3585 4951">
    <p class='ocr_par' dir='ltr' id='par_1_111' title="bbox 2006 4859 3585 4951">
     <span class='ocr_line' id='line_1_111' title="bbox 2006 4859 3585 4951; baseline -0.018 -14"><span class='ocrx_word' id='word_1_847' title='bbox 2006 4893 2221 4951; x_wconf 84' lang='lat' dir='ltr'><strong>semper</strong></span> <span class='ocrx_word' id='word_1_848' title='bbox 2257 4877 2450 4931; x_wconf 82' lang='lat' dir='ltr'><strong>vivens</strong></span> <span class='ocrx_word' id='word_1_849' title='bbox 2476 4871 2643 4927; x_wconf 89' lang='lat' dir='ltr'><strong>Deum</strong></span> <span class='ocrx_word' id='word_1_850' title='bbox 2675 4866 2955 4923; x_wconf 78' lang='lat' dir='ltr'><strong>Verbum?</strong></span> <span class='ocrx_word' id='word_1_851' title='bbox 2978 4865 3180 4935; x_wconf 88' lang='lat' dir='ltr'><strong>quibus</strong></span> <span class='ocrx_word' id='word_1_852' title='bbox 3212 4876 3311 4916; x_wconf 87' lang='lat' dir='ltr'><strong>nos</strong></span> <span class='ocrx_word' id='word_1_853' title='bbox 3360 4859 3585 4927; x_wconf 84' lang='lat' dir='ltr'><strong>itupetet</strong></span> 
     </span>
    </p>
   </div>
   <div class='ocr_carea' id='block_1_112' title="bbox 2007 4953 3579 5032">
    <p class='ocr_par' dir='ltr' id='par_1_112' title="bbox 2007 4953 3579 5032">
     <span class='ocr_line' id='line_1_112' title="bbox 2007 4953 3579 5032; baseline -0.016 -6"><span class='ocrx_word' id='word_1_854' title='bbox 2007 4970 2332 5032; x_wconf 85' lang='lat' dir='ltr'><strong>rationibus,</strong></span> <span class='ocrx_word' id='word_1_855' title='bbox 2365 4967 2495 5021; x_wconf 89' lang='lat' dir='ltr'><strong>dum</strong></span> <span class='ocrx_word' id='word_1_856' title='bbox 2544 4964 2598 5017; x_wconf 90' lang='lat' dir='ltr'><strong>in</strong></span> <span class='ocrx_word' id='word_1_857' title='bbox 2656 4961 2894 5017; x_wconf 89' lang='lat' dir='ltr'><strong>medium</strong></span> <span class='ocrx_word' id='word_1_858' title='bbox 2951 4956 3233 5028; x_wconf 88' lang='lat' dir='ltr'><strong>prodimus</strong></span> <span class='ocrx_word' id='word_1_859' title='bbox 3285 4953 3579 5006; x_wconf 87' lang='lat' dir='ltr'><strong>dicentes:</strong></span> 
     </span>
    </p>
   </div>
   <div class='ocr_carea' id='block_1_113' title="bbox 2008 5042 3583 5120">
    <p class='ocr_par' dir='ltr' id='par_1_113' title="bbox 2008 5042 3583 5120">
     <span class='ocr_line' id='line_1_113' title="bbox 2008 5042 3583 5120; baseline -0.017 0"><span class='ocrx_word' id='word_1_860' title='bbox 2008 5064 2122 5120; x_wconf 84' lang='lat' dir='ltr'><strong>Nisi</strong></span> <span class='ocrx_word' id='word_1_861' title='bbox 2160 5063 2301 5118; x_wconf 87' lang='lat' dir='ltr'><strong>Deus</strong></span> <span class='ocrx_word' id='word_1_862' title='bbox 2328 5057 2629 5116; x_wconf 88' lang='lat' dir='ltr'><strong>secundum</strong></span> <span class='ocrx_word' id='word_1_863' title='bbox 2670 5063 2925 5108; x_wconf 88' lang='lat' dir='ltr'><strong>naturam</strong></span> <span class='ocrx_word' id='word_1_864' title='bbox 2963 5051 3032 5105; x_wconf 89' lang='lat' dir='ltr'><strong>sit</strong></span> <span class='ocrx_word' id='word_1_865' title='bbox 3067 5046 3259 5107; x_wconf 83' lang='lat' dir='ltr'><strong>Filius,</strong></span> <span class='ocrx_word' id='word_1_866' title='bbox 3288 5054 3341 5098; x_wconf 90' lang='lat' dir='ltr'><strong>et</strong></span> <span class='ocrx_word' id='word_1_867' title='bbox 3369 5042 3583 5096; x_wconf 78' lang='lat' dir='ltr'><strong>[ructus</strong></span> 
     </span>
    </p>
   </div>
   <div class='ocr_carea' id='block_1_114' title="bbox 2009 5130 3582 5214">
    <p class='ocr_par' dir='ltr' id='par_1_114' title="bbox 2009 5130 3582 5214">
     <span class='ocr_line' id='line_1_114' title="bbox 2009 5130 3582 5214; baseline -0.019 0"><span class='ocrx_word' id='word_1_868' title='bbox 2009 5155 2336 5214; x_wconf 75' lang='lat' dir='ltr'><strong>substantia:</strong></span> <span class='ocrx_word' id='word_1_869' title='bbox 2372 5150 2568 5213; x_wconf 86' lang='lat' dir='ltr'><strong>Patris,</strong></span> <span class='ocrx_word' id='word_1_870' title='bbox 2603 5147 2708 5202; x_wconf 90' lang='lat' dir='ltr'><strong>nisi</strong></span> <span class='ocrx_word' id='word_1_871' title='bbox 2756 5145 2848 5198; x_wconf 80' lang='lat' dir='ltr'><strong>lux</strong></span> <span class='ocrx_word' id='word_1_872' title='bbox 2897 5141 3056 5196; x_wconf 88' lang='lat' dir='ltr'><strong>nobis</strong></span> <span class='ocrx_word' id='word_1_873' title='bbox 3088 5151 3213 5192; x_wconf 86' lang='lat' dir='ltr'><strong>vera</strong></span> <span class='ocrx_word' id='word_1_874' title='bbox 3258 5151 3324 5188; x_wconf 84' lang='lat' dir='ltr'><strong>ex</strong></span> <span class='ocrx_word' id='word_1_875' title='bbox 3353 5133 3473 5187; x_wconf 91' lang='lat' dir='ltr'><strong>luce</strong></span> <span class='ocrx_word' id='word_1_876' title='bbox 3500 5130 3582 5186; x_wconf 80' lang='lat' dir='ltr'><strong>ef-</strong></span> 
     </span>
    </p>
   </div>
   <div class='ocr_carea' id='block_1_115' title="bbox 2005 5221 3582 5307">
    <p class='ocr_par' dir='ltr' id='par_1_115' title="bbox 2005 5221 3582 5307">
     <span class='ocr_line' id='line_1_115' title="bbox 2005 5221 3582 5307; baseline -0.019 -3"><span class='ocrx_word' id='word_1_877' title='bbox 2005 5247 2223 5304; x_wconf 78' lang='lat' dir='ltr'><strong>fulserit</strong></span> <span class='ocrx_word' id='word_1_878' title='bbox 2251 5259 2400 5303; x_wconf 87' lang='lat' dir='ltr'><strong>vera,</strong></span> <span class='ocrx_word' id='word_1_879' title='bbox 2433 5239 2528 5296; x_wconf 90' lang='lat' dir='ltr'><strong>sed</strong></span> <span class='ocrx_word' id='word_1_880' title='bbox 2565 5241 2682 5307; x_wconf 88' lang='lat' dir='ltr'><strong>ipse</strong></span> <span class='ocrx_word' id='word_1_881' title='bbox 2698 5247 2916 5306; x_wconf 87' lang='lat' dir='ltr'><strong>quoque</strong></span> <span class='ocrx_word' id='word_1_882' title='bbox 2937 5228 3240 5301; x_wconf 89' lang='lat' dir='ltr'><strong>productus</strong></span> <span class='ocrx_word' id='word_1_883' title='bbox 3273 5223 3344 5278; x_wconf 89' lang='lat' dir='ltr'><strong>sit</strong></span> <span class='ocrx_word' id='word_1_884' title='bbox 3372 5221 3582 5277; x_wconf 80' lang='lat' dir='ltr'><strong>extrin-</strong></span> 
     </span>
    </p>
   </div>
   <div class='ocr_carea' id='block_1_116' title="bbox 2006 5314 3581 5406">
    <p class='ocr_par' dir='ltr' id='par_1_116' title="bbox 2006 5314 3581 5406">
     <span class='ocr_line' id='line_1_116' title="bbox 2006 5314 3581 5406; baseline -0.021 -10"><span class='ocrx_word' id='word_1_885' title='bbox 2006 5354 2191 5403; x_wconf 85' lang='lat' dir='ltr'><strong>secus,</strong></span> <span class='ocrx_word' id='word_1_886' title='bbox 2238 5336 2396 5406; x_wconf 79' lang='lat' dir='ltr'><strong>juxta</strong></span> <span class='ocrx_word' id='word_1_887' title='bbox 2439 5339 2674 5386; x_wconf 83' lang='lat' dir='ltr'><strong>vestram</strong></span> <span class='ocrx_word' id='word_1_888' title='bbox 2705 5323 3015 5385; x_wconf 87' lang='lat' dir='ltr'><strong>inscitiam;</strong></span> <span class='ocrx_word' id='word_1_889' title='bbox 3046 5314 3294 5387; x_wconf 82' lang='lat' dir='ltr'><strong>ejusdem</strong></span> <span class='ocrx_word' id='word_1_890' title='bbox 3323 5327 3454 5384; x_wconf 78' lang='lat' dir='ltr'><strong>ergo</strong></span> <span class='ocrx_word' id='word_1_891' title='bbox 3486 5331 3581 5386; x_wconf 72' lang='lat' dir='ltr'><strong>ge-</strong></span> 
     </span>
    </p>
   </div>
   <div class='ocr_carea' id='block_1_117' title="bbox 2007 5415 3583 5490">
    <p class='ocr_par' dir='ltr' id='par_1_117' title="bbox 2007 5415 3583 5490">
     <span class='ocr_line' id='line_1_117' title="bbox 2007 5415 3583 5490; baseline -0.017 -1"><span class='ocrx_word' id='word_1_892' title='bbox 2007 5431 2155 5490; x_wconf 90' lang='lat' dir='ltr'><strong>neris</strong></span> <span class='ocrx_word' id='word_1_893' title='bbox 2184 5435 2270 5485; x_wconf 91' lang='lat' dir='ltr'><strong>cst</strong></span> <span class='ocrx_word' id='word_1_894' title='bbox 2318 5440 2440 5480; x_wconf 87' lang='lat' dir='ltr'><strong>cum</strong></span> <span class='ocrx_word' id='word_1_895' title='bbox 2492 5421 2656 5476; x_wconf 88' lang='lat' dir='ltr'><strong>rebus</strong></span> <span class='ocrx_word' id='word_1_896' title='bbox 2710 5415 2936 5479; x_wconf 87' lang='lat' dir='ltr'><strong>creatis,</strong></span> <span class='ocrx_word' id='word_1_897' title='bbox 2968 5426 3070 5466; x_wconf 90' lang='lat' dir='ltr'><strong>nec</strong></span> <span class='ocrx_word' id='word_1_898' title='bbox 3119 5415 3299 5479; x_wconf 89' lang='lat' dir='ltr'><strong>potest</strong></span> <span class='ocrx_word' id='word_1_899' title='bbox 3351 5421 3583 5478; x_wconf 85' lang='lat' dir='ltr'><strong>usquam</strong></span> 
     </span>
    </p>
   </div>
   <div class='ocr_carea' id='block_1_118' title="bbox 2006 5500 3586 5582">
    <p class='ocr_par' dir='ltr' id='par_1_118' title="bbox 2006 5500 3586 5582">
     <span class='ocr_line' id='line_1_118' title="bbox 2006 5500 3586 5582; baseline -0.018 1"><span class='ocrx_word' id='word_1_900' title='bbox 2006 5539 2130 5582; x_wconf 90' lang='lat' dir='ltr'><strong>csse</strong></span> <span class='ocrx_word' id='word_1_901' title='bbox 2180 5535 2288 5578; x_wconf 93' lang='lat' dir='ltr'><strong>non</strong></span> <span class='ocrx_word' id='word_1_902' title='bbox 2337 5523 2581 5574; x_wconf 89' lang='lat' dir='ltr'><strong>creatus.</strong></span> <span class='ocrx_word' id='word_1_903' title='bbox 2619 5507 2906 5578; x_wconf 84' lang='lat' dir='ltr'><strong>Quomodo</strong></span> <span class='ocrx_word' id='word_1_904' title='bbox 2961 5503 3149 5574; x_wconf 76' lang='lat' dir='ltr'><strong>igitur,</strong></span> <span class='ocrx_word' id='word_1_905' title='bbox 3195 5515 3228 5556; x_wconf 92' lang='grc' dir='ltr'><strong>ο</strong></span> <span class='ocrx_word' id='word_1_906' title='bbox 3260 5516 3379 5565; x_wconf 91' lang='lat' dir='ltr'><strong>vos,</strong></span> <span class='ocrx_word' id='word_1_907' title='bbox 3432 5500 3586 5555; x_wconf 86' lang='lat' dir='ltr'><strong>omni</strong></span> 
     </span>
    </p>
   </div>
   <div class='ocr_carea' id='block_1_119' title="bbox 2007 5593 3588 5684">
    <p class='ocr_par' dir='ltr' id='par_1_119' title="bbox 2007 5593 3588 5684">
     <span class='ocr_line' id='line_1_119' title="bbox 2007 5593 3588 5684; baseline -0.018 -5"><span class='ocrx_word' id='word_1_908' title='bbox 2007 5616 2242 5679; x_wconf 81' lang='lat' dir='ltr'><strong>stultitia</strong></span> <span class='ocrx_word' id='word_1_909' title='bbox 2292 5611 2458 5684; x_wconf 83' lang='lat' dir='ltr'><strong>pleni,</strong></span> <span class='ocrx_word' id='word_1_910' title='bbox 2490 5608 2604 5681; x_wconf 86' lang='lat' dir='ltr'><strong>ipsc</strong></span> <span class='ocrx_word' id='word_1_911' title='bbox 2655 5601 2874 5677; x_wconf 86' lang='lat' dir='ltr'><strong>quidem</strong></span> <span class='ocrx_word' id='word_1_912' title='bbox 2932 5597 3228 5660; x_wconf 86' lang='lat' dir='ltr'><strong>illuminat,</strong></span> <span class='ocrx_word' id='word_1_913' title='bbox 3273 5593 3354 5649; x_wconf 71' lang='lat' dir='ltr'><strong>ha:</strong></span> <span class='ocrx_word' id='word_1_914' title='bbox 3403 5600 3588 5650; x_wconf 85' lang='lat' dir='ltr'><strong>autem</strong></span> 
     </span>
    </p>
   </div>
  </div>
