4072 6210
444 309 518 369 95
1475 305 1531 362 S.
1575 305 1855 362 CYiilLH
1896 300 2370 362 ALEXANDBINI
2423 295 2743 353 ARCHIEP.
3630 274 3698 335 96

445 427 830 486 iiintnlnantur
891 426 962 482 ab
1019 422 1484 496 ipso?'Numquid
1535 425 1681 480 enim
1740 424 1888 479 aliud
1939 430 2023 479 est

2128 417 2540 491 πεποιημένοις,
2581 415 2674 469 καὶ
2718 413 2779 466 τὸ
2817 403 2955 464 εἶναι
3003 408 3225 480 γενητὸς
3251 403 3544 476 οὐδαμόθεν
3581 404 3700 458 διας

443 517 590 590 qnod
628 518 921 585 illuminat,
953 517 1102 571 aliud
1131 515 1279 586 quod
1311 516 1698 570 illuminatur?
1727 515 1894 586 Atqui
1921 531 2020 570 ne-

451 609 583 663 mini
614 609 906 663 obscurum
924 607 1068 662 istud
1087 621 1209 662 esse
1223 613 1429 677 potest.
1463 607 1525 662 Si
1552 607 1697 662 enim
1724 607 1863 661 idem
1899 623 2021 662 esse

444 701 818 756 Concedamus
843 700 1106 770 qualitate
1136 699 1457 756 substantia:
1485 706 1537 754 et
1573 699 1790 754 esscndi
1818 700 1978 754 modo
2003 717 2018 753 :

446 792 580 862 quid
618 792 740 861 plus
764 799 852 846 est
886 791 940 844 in
972 805 1038 846 eo
1067 791 1214 860 quod
1263 791 1554 856 illuminat,
1587 799 1642 845 et
1683 789 1816 860 quid
1841 791 2023 846 minus

446 882 692 936 vicissim
722 882 776 936 in
795 896 860 937 eo
886 881 1032 952 quod
1055 881 1193 937 lucis
1226 882 1463 953 indiget?
1486 880 1754 937 eritenim
1784 882 1839 934 in
1868 889 2017 934 utro-

446 991 553 1044 que
584 975 816 1029 alterum
842 975 1110 1036 vicissim,
1131 981 1186 1028 et
1207 973 1296 1026 lux
1323 973 1542 1043 quidem
1578 974 1682 1026 erit
1714 971 1860 1042 quod
1885 971 2024 1027 lucis

448 1063 677 1134 indiget,
697 1071 752 1118 et
769 1063 859 1117 lux
878 1062 1247 1117 confundetur
1262 1078 1386 1117 cum
1405 1077 1471 1118 eo
1496 1064 1639 1133 quod
1663 1061 2022 1116 illuminatur.

447 1155 611 1226 Atqui
629 1170 887 1225 magnam
919 1155 1007 1208 hic
1027 1154 1180 1209 vides
1204 1153 1308 1224 55
1329 1154 1594 1209 doctrina:
1619 1152 2020 1209 confusionem.

447 1243 685 1301 Necesse
719 1246 866 1300 enim
897 1252 1070 1300 estea
1105 1259 1227 1314 quae
1267 1253 1694 1300 commemorata
1729 1252 1859 1300 sunt
1882 1245 2026 1299 invi-

446 1350 566 1392 eam
607 1333 910 1404 distingui,
959 1341 1015 1388 et
1070 1336 1126 1388 in
1167 1334 1388 1404 propria
1429 1344 1625 1389 natura
1663 1334 1928 1389 collocari
1973 1335 2027 1389 id

447 1425 596 1493 quod
622 1425 830 1495 aliquid
858 1425 1174 1494 suppeditat
1196 1425 1429 1481 seorsim
1463 1425 1530 1480 ab
1556 1440 1622 1480 eo
1651 1427 1738 1480 cui
1771 1425 2028 1496 suppedi-

448 1515 751 1572 tatur.Non
772 1525 858 1572 est
883 1534 1012 1589 ergo
1039 1520 1284 1589 ejusdem
1314 1527 1526 1574 naturze
1547 1534 1668 1573 cum
1697 1519 1859 1574 rebus
1884 1534 2030 1575 crea-

450 1609 525 1661 tis
556 1606 752 1670 Filius,
775 1607 870 1663 sed
898 1608 953 1666 in
982 1609 1160 1666 Patris
1189 1610 1499 1665 substantia
1526 1609 1907 1675 collocabitur,
1938 1612 2028 1666 lux

449 1712 580 1752 vera
617 1697 847 1754 (le-luce
895 1715 1024 1754 vera
1057 1700 1495 1759 cxsistens..Sed
1532 1715 1652 1756 ,non
1695 1701 1800 1756 erit
1843 1699 2030 1756 forsan

445 1785 673 1844 diﬂieile
727 1788 837 1846 huc
875 1791 1151 1847 translato
1178 1807 1432 1848 sermone
1465 1807 1587 1864 quo
1631 1802 1792 1847 antea
1828 1791 2027 1848 Filium

449 1879 618 1934 vitam
635 1895 789 1946 esse,
812 1883 1050 1938 etalium
1075 1884 1144 1939 ab
1163 1885 1232 1940 iis
1251 1885 1303 1939 in
1325 1885 1526 1955 quibus
1545 1892 1633 1942 est
1657 1884 2027 1948 ostendimus,

451 1972 619 2041 hujus
651 1972 850 2043 capitis
890 1974 1094 2028 claram
1145 1976 1564 2046 explicationem
1609 1974 1822 2034 ali‘erre.
1853 1973 2026 2040 Quem

450 2061 694 2118 laborem
718 2077 787 2117 ne
811 2063 936 2119 aliis
959 2064 1294 2134 relinquere,
1314 2071 1405 2120 aut
1423 2063 1702 2121 desidiam
1736 2065 1918 2120 colere
1947 2063 2029 2118 vi-

451 2152 606 2217 dear,
625 2169 821 2213 rursus
846 2169 950 2226 ego
978 2155 1095 2226 ipse
1115 2156 1555 2227 syllogismorum
1585 2158 1906 2227 quosprius
1945 2161 2028 2209 at-
2067 2180 2076 2190 -

454 2241 681 2295 tulimus
719 2241 975 2306 formam,
1010 2245 1187 2313 quoad
1219 2254 1428 2316 potero,
1456 2255 1827 2300 transmutare
1865 2259 2032 2299 cona-

452 2330 573 2386 hor.
596 2331 664 2387 Ut
683 2337 828 2388 enim
856 2335 968 2390 illic
987 2337 1096 2390 vita
1121 2337 1425 2392 secundum
1452 2346 1708 2391 naturam
1732 2336 2030 2401 cxsistens,

451 2425 706 2484 diversus
735 2428 805 2484 ab
838 2429 907 2485 iis
932 2431 987 2485 in
1023 2431 1229 2501 quibus
1251 2439 1336 2486 est
1365 2431 1581 2486 videtur
1610 2446 1626 2484 :
1657 2431 1730 2485 ita
1766 2431 1855 2485 hic
1895 2446 2032 2501 quo-

450 2533 562 2588 que
612 2519 709 2575 lux
749 2521 1044 2576 hominum
1094 2537 1220 2577 cum
1277 2537 1398 2578 esse
1440 2523 1684 2589 dicatur,
1717 2538 1781 2578 ac
1841 2537 2032 2578 revera

450 2611 544 2674 sit,
571 2610 714 2666 alius
763 2627 887 2668 esse
918 2613 996 2666 ab
1036 2613 1105 2668 iis
1137 2613 1510 2683 comperietur
1539 2629 1660 2684 qua:
1710 2612 1848 2668 lucis
1884 2612 2029 2666 indi-

451 2713 602 2772 gent,
627 2718 859 2772 eamque
891 2705 1241 2776 participant.
1275 2706 1331 2760 ω
1363 2714 1544 2760 autem
1577 2722 1640 2760 ex
1675 2705 2030 2774 sequentibus

451 2795 766 2851 accuratius
793 2810 1183 2866 agnoscemus.

2122 490 2397 582 φεύξεται.
2426 506 2552 570 Πῶς
2581 501 2695 569 οὖν,
2728 505 2758 558 ὁ
2780 501 2891 574 [ἵσ.
2911 496 2978 574 ὢ]
2997 501 3176 569 πάσης
3203 497 3412 568 μωρίας
3429 490 3702 565 ἀνάπλεῳ,

2123 597 2346 670 φωτίζει
2403 597 2500 668 μὲν
2537 594 2720 659 αὐτὸς,
2757 592 2826 645 τὰ
2855 590 2912 644 δὲ
2943 591 3032 643 ὑπ’
3065 587 3231 643 αὑτοῦ
3266 584 3562 656 φωτίζεται
3587 601 3602 649 ;
3631 586 3702 638 ’Ἤ

2122 689 2230 759 γὰρ
2257 688 2354 757 οὑχ
2385 685 2572 756 ἕτερον
2625 683 2722 752 μὲν
2761 681 2825 734 τὸ
2861 679 3093 750 φωτίζον
3137 677 3285 729 ἐστὶν
3306 715 3321 740 ,
3346 675 3532 746 ἓτερον
3561 673 3617 726 δὲ
3644 671 3708 724 τὸ

2123 779 2527 850 φωτιζόμενον;
2561 774 2700 827 Ἀλλ’
2722 773 2845 826 ἐστι
2883 771 3042 840 δῆλον
3089 771 3182 822 καὶ
3213 767 3376 822 παντί
3403 783 3481 835 τῳ
3513 764 3705 831 σαφές.

2125 875 2188 926 Ei
2223 871 2331 942 γὰρ
2366 868 2564 922 ταυτὸν
2611 863 2750 920 εἶναι
2786 862 3009 934 δοίημεν
3032 901 3046 924 ,
3085 862 3207 914 ὅσον
3233 861 3314 923 εἰς
3351 857 3535 920 οὑσίας
3568 854 3710 908 ποιό-

2122 980 2281 1033 τητα,
2305 963 2401 1016 καὶ
2427 958 2635 1013 τόντοῦ
2667 956 2781 1020 πῶς
2801 953 2941 1008 εἶναι
2973 952 3220 1022 λόγον’τί
3252 951 3314 1003 τὸ
3343 949 3507 1002 πλέον
3538 948 3597 998 ἐν
3628 944 3708 1015 τῷ

2125 1052 2380 1123 φωτίζειν
2413 1051 2682 1122 ἰσχύοντι;
2714 1047 2767 1100 τί
2791 1047 2846 1100 δὲ
2875 1045 3179 1100 τὸέλαττον
3208 1039 3364 1107 αὖθις
3395 1043 3450 1094 ὲν
3481 1039 3559 1110 τῷ
3591 1056 3706 1108 φω-

2124 1147 2216 1210 τὸς
2239 1143 2511 1214 δεομένῳ;
2543 1140 2661 1211 ἡξει
2692 1138 2802 1210 γάρ
2831 1139 2916 1191 ἐπ’
2949 1137 3151 1206 ἀμφοῖν
3171 1173 3186 1199 ,
3217 1133 3355 1203 ὅπερ
3387 1131 3453 1185 ἂν
3487 1131 3578 1193 τοι,
3613 1129 3710 1182 καὶ

2127 1237 2230 1292 ἀνὰ
2278 1237 2444 1307 μέρος
2493 1235 2579 1301 ἐφ’
2609 1230 2875 1301 ἑκατέρῳ·
2913 1229 3005 1282 καὶ
3054 1225 3169 1294 φῶς
3219 1225 3316 1295 μὲν
3353 1222 3514 1275 ’ἔσται
3544 1219 3603 1273 τὸ
3651 1220 3711 1272 ὲν

2127 1329 2286 1400 χρείᾳ
2333 1325 2529 1396 φωτὸς,
2557 1323 2619 1377 τὸ
2666 1321 2724 1376 δὲ
2760 1319 2874 1390 φῶς
2921 1317 3279 1388 ἀδιαφορήσει
3317 1311 3706 1383 φωτιζόμενον.

2141 1418 2300 1478 Ἀλλὰ
2327 1416 2494 1487 πολλή
2521 1432 2603 1479 τις
2631 1414 2689 1467 ὲν
2721 1411 2930 1472 τούτοις
2968 1410 3001 1480 ἡ
3037 1407 3146 1460 τῶν
3180 1404 3558 1476 θεωρημάτων
3582 1402 3711 1473 δρᾶ.-

2129 1531 2218 1570 ται
2269 1511 2550 1581 σύγχυσις,
2577 1507 2672 1561 καὶ
2719 1504 3014 1573 ἀναγκαῖος
3061 1502 3192 1572 ἡμῖν
3233 1499 3527 1566 ἀποτέμνει
3555 1494 3712 1563 λόγος

2129 1605 2237 1660 τῶν
2263 1599 2668 1672 ὀνομασθέντων
2700 1597 2962 1665 ἑκάτερον
2986 1611 3000 1624 ο
3028 1593 3084 1646 ὲν
3119 1590 3222 1662 ίδίᾳ
3249 1607 3309 1642 τε
3337 1587 3519 1658 τίθησι
3552 1584 3712 1656 φύσει

2129 1695 2192 1749 τδ
2218 1691 2488 1767 χορηγοῦν
2522 1692 2581 1747 ὲν
2613 1687 2822 1752 τούτοις
2857 1684 3007 1758 παρά
3033 1683 3096 1736 τὸ
3130 1680 3555 1754 χορηγούμενον.
3599 1677 3715 1732 οὑκ

2063 1757 2104 1814 Β
2132 1757 2251 1858 ἄρα’
2273 1757 2519 1854 δμοφυὴς
2553 1781 2667 1850 τοῖς
2707 1757 3102 1848 πεποιημένοις
3129 1775 3158 1829 ὁ
3185 1772 3313 1836 Υίδς
3333 1813 3348 1836 ,
3381 1770 3498 1824 ἀλλ’
3534 1771 3594 1824 ὲν
3641 1770 3711 1839 τῇ

2131 1876 2226 1932 τοῦ
2258 1873 2473 1945 Πατρδς
2516 1871 2675 1941 οὑσίᾳ
2703 1869 2944 1922 κείσεται
2967 1905 2980 1930 ,
3005 1865 3120 1936 φῶς
3162 1863 3414 1935 ἀληθινὸν
3448 1863 3513 1915 ὲκ
3531 1859 3714 1930 φωτὸς

2133 1969 2394 2042 ὑπάρχων
2446 1961 2720 2035 ἀληθινοῦ.
2758 1959 3006 2014 Χαλεπὸν
3033 1958 3091 2012 δὲ
3138 1957 3310 2022 οὑδὲν,
3338 1955 3428 2008 τὸν
3478 1951 3571 2006 ἐπὶ
3601 1951 3714 2042 τοῖς

2134 2039 2462 2132 προλαϐοῦσι
2498 2052 3041 2127 μεταρρυθμίζοντας
3068 2049 3244 2117 λόγον,
3263 2046 3320 2099 δν
3341 2045 3434 2098 ἐπὶ
3469 2042 3549 2114 τῷ
3574 2039 3714 2095 κατά

2131 2153 2295 2224 φύσιν
2332 2150 2597 2222 ὑπάρχειν
2625 2145 2769 2218 ζωὴν
2799 2145 2890 2198 τὸν
2937 2143 3066 2196 Υίὸν
3112 2136 3460 2208 πεποιήμεθα
3482 2176 3496 2199 ,
3527 2132 3716 2224 ἕτερον

2129 2222 2190 2298 τε
2223 2243 2352 2295 ὄντα
2391 2239 2539 2311 παρὰ
2579 2237 2646 2290 τὰ
2698 2237 2756 2288 ὲν
2793 2229 2875 2297 οἷς
2906 2235 3054 2287 ἐστιν
3094 2227 3459 2297 ὲδεικνύομεν,
3495 2225 3586 2278 καὶ
3614 2222 3718 2294 τὴν

2133 2335 2191 2387 ὲν
2215 2333 2350 2404 τῷδε
2398 2329 2476 2402 τῷ
2518 2327 2796 2398 κεφαλαίῳ
2831 2320 3310 2392 διευκρινήσασθαι
3335 2316 3559 2387 γνῶσιν.
3589 2313 3719 2368 Ἐπὶ

2131 2425 2189 2480 δὲ
2226 2423 2321 2477 τοῦ
2357 2421 2431 2493 μὴ
2458 2421 2664 2492 ἑτέροις
2690 2418 2782 2471 τὸν
2810 2417 2903 2471 ἐπὶ
2927 2414 3135 2478 τούτοις
3163 2408 3486 2479 καταλείψαι
3513 2407 3680 2462 πόνον
3698 2446 3715 2468 ,

2132 2517 2166 2586 ἢ
2192 2516 2287 2570 καὶ
2319 2515 2462 2584 δκνῳ
2487 2509 2864 2583 κεκρατῆσθαι
2891 2509 3090 2571 δοκεῖν,
3115 2503 3276 2568 αὑτὸς
3301 2498 3718 2568 ἔγὼπάλιν-τὸν

2135 2609 2194 2662 ὲν
2223 2610 2335 2670 τοῖς
2358 2601 2686 2676 προλαϐοῦσι
2710 2599 3087 2670 συλλογισμοῖς
3120 2591 3606 2668 μεταστοιχειῶσαι
3620 2589 3720 2644 τὸν

2135 2697 2326 2759 τύπον,
2367 2696 2442 2759 ὡς
2495 2693 2561 2748 ἂν
2609 2688 2719 2755 οἷός
2765 2708 2826 2744 τε
2882 2684 2957 2753 ὦ,
3007 2688 3358 2760 πειράσομαι.
3400 2684 3486 2746 Ὠς
3513 2682 3625 2753 γὰρ
3659 2682 3718 2732 ὲν
3767 2757 3770 2760 ἤ

2130 2787 2365 2849 ἐκείνοις
2403 2784 2514 2855 ζωὴ
2569 2782 2710 2836 κατὰ
2741 2781 2904 2850 φύσιν
2934 2779 3216 2849 ὑπάρχων,
3245 2775 3434 2845 ἔτερος
3459 2773 3536 2826 ὢν
3566 2770 3719 2841 παρὰ

2128 2879 2202 2933 τὰ
2251 2881 2307 2932 ὲν
2340 2873 2418 2939 οἷς
2449 2872 2514 2947 ἦν
2555 2873 2940 2942 ἀναφαίνεται,
2973 2868 3115 2923 οὕτω
3153 2868 3256 2920 κάν
3303 2864 3478 2934 τούτῳ
3509 2863 3571 2915 τὸ
3601 2861 3716 2947 φῶς

454 2967 890 3040 τῶν-ἀνθρώπων
940 2963 1079 3022 εἶναι
1111 2967 1402 3039 λεγόμενός
1438 2987 1496 3022 τε
1547 2971 1642 3025 καὶ
1675 2973 1792 3027 κατ’
1826 2971 2082 3043 ἀλήθειαν
2119 2971 2214 3036 ὢν,
2237 2971 2420 3038 ἕτερος
2451 2945 2804 3038 εὑρεθήσεται
2851 2959 3001 3033 παρά
3022 2957 3089 3012 τὰ
3122 2956 3296 3028 φωτὸς
3333 2957 3561 3026 δεόμενα
3623 2945 3716 3005 καὶ

450 3059 751 3130 ,μετέχοντα
784 3058 949 3114 αὑτοῦ
984 3073 998 3089 ⁸
1036 3059 1145 3113 ἀπὸ
1168 3060 1225 3113 δὲ
1267 3059 1375 3113 τῶν
1411 3061 1609 3133 ἑφεξῆς
1648 3063 2039 3136 ἀκριϐέστερον
2066 3060 2353 3134 εἰσόμεθα.

453 3173 940 3246 memtratianes
980 3189 1072 3241 per
1114 3175 1451 3246 syllogismos
1479 3191 1497 3229 :
1524 3177 1677 3242 Quod
1739 3182 2026 3234 secundum

2141 3175 2496 3241 Ἀποδείξεις
2537 3167 3128 3246 διὰρυλᾼογισμῶν,
3178 3165 3265 3246 δτι
3313 3165 3498 3246 κατὰ..
3517 3162 3712 3246 φύσιν

527 3253 777 3298 naturam
826 3231 1080 3298 alius-sit
1123 3231 1296 3301 Ρὶίηῖε
1343 3231 1659 3306 illuminari:
1706 3231 2035 3304 {cadmia

525 3329 645 3383 qua:
677 3313 1038 3368 illuminalur.

529 3425 588 3480 Si
618 3425 858 3483 Verbum
904 3435 989 3484 est
1037 3428 1093 3483 in
1150 3428 1217 3484 iis
1251 3445 1373 3499 quae
1403 3430 1685 3497 dicuntur,
1723 3448 1831 3487 non
1873 3448 2035 3490 secus

459 3534 524 3574 ac
557 3518 648 3574 lux
683 3520 984 3576 secundum
1036 3528 1285 3575 naturam
1330 3537 1424 3591 per
1457 3522 1927 3594 participationem
1976 3540 2036 3580 se

460 3610 626 3665 ru-bus
672 3610 964 3675 immiscet,
995 3612 1144 3666 aliud
1185 3629 1316 3684 ergo
1352 3621 1437 3669 est
1466 3615 1545 3670 .ab
1600 3615 1670 3668 iis
1715 3616 1772 3670 in
1833 3615 2036 3685 quibus

456 3717 581 3757 esse
637 3701 904 3758 creditur.
950 3706 1106 3770 Quod
1166 3717 1348 3762 autem
1414 3707 1715 3763 secundum
1781 3715 2034 3770 naturain

456 3791 609 3846 aliud
662 3802 750 3850 est
797 3794 866 3849 ab
895 3809 960 3850 ea
1006 3810 1129 3864 qua:
1179 3797 1357 3867 ipsum
1407 3798 1706 3869 participat
1751 3806 1804 3853 et
1851 3797 1921 3853 ab
1970 3813 2036 3853 eo

458 3881 801 3938 illuminatur
833 3891 1107 3954 creatura,
1149 3887 1424 3958 quomodo
1458 3903 1566 3944 non
1605 3889 1712 3948 erit
1746 3903 2036 3960 supremus

458 3970 643 4028 Deus?

529 4061 760 4120 ALIUD.
817 4061 876 4119 Si
925 4064 1020 4122 lux
1093 4067 1398 4123 secundum
1466 4079 1718 4126 naturam
1780 4085 1903 4126 cum
1963 4069 2037 4126 sit

459 4153 660 4223 Filius,
697 4158 840 4214 inter
874 4165 1160 4217 creaturas
1206 4171 1265 4216 ut
1297 4171 1540 4218 creatum
1575 4161 1670 4219 Dei
1707 4163 1880 4220 hostis
1912 4180 2036 4222 esse

455 4248 555 4310 ait,
572 4247 968 4305 illuminantem
987 4266 1051 4306 ea
1076 4267 1198 4321 quae
1213 4253 1350 4310 lucis
1366 4253 1640 4326 indigent;
1662 4253 1892 4324 primum
1912 4255 2036 4326 qui-

456 4336 580 4390 dem
608 4337 724 4406 ipse
748 4336 806 4390 in
832 4338 1016 4408 seipso
1035 4341 1371 4415 intelligetur
1393 4346 1681 4413 exsistere,
1702 4345 1896 4401 deinde
1921 4347 2035 4417 ipse

456 4444 680 4498 quoque
714 4429 984 4502 suiipsius
1039 4435 1314 4505 particeps
1359 4437 1486 4502 erit,
1509 4444 1563 4491 et
1615 4437 1728 4504 lux,
1760 4437 2032 4508 siquidem

2204 3232 2404 3315 ἓτεροςῖ
2446 3232 2758 3316 δ’φωτίζων
2790 3232 2912 3306 rm;
2946 3232 3106 3306 παρὰ
3149 3237 3274 3304 τὴν
3311 3232 3716 3303 φωτιζομένην

2206 3319 2429 3372 κτίσιν.

2123 3478 2126 3480 ,
2203 3432 2266 3484 Ei
2315 3431 2371 3482 ἐν
2401 3430 2515 3490 τοῖς
2546 3426 2861 3496 λεγομένοις
2895 3426 2924 3477 ὁ
2959 3422 3130 3490 Λόγος
3171 3415 3240 3492 ἦν
3275 3419 3350 3483 ὡς
3395 3417 3532 3486 φῶς,
3576 3414 3715 3468 κατά

2135 3516 2296 3586 φύσιν
2334 3515 2420 3570 διὰ
2443 3515 2679 3585 μετοχῆς
2718 3515 2828 3576 τοῖς
2852 3509 3003 3565 οὖσιν
3033 3510 3226 3563 ἑαυτὸν
3247 3509 3568 3578 ἀναμιγνὺς,
3587 3506 3710 3559 ἓτε-

2138 3625 2227 3679 ρος
2249 3607 2354 3677 ἄρα
2389 3606 2505 3659 ἐστὶ
2539 3605 2644 3658 τῶν
2676 3606 2731 3656 ὲν
2755 3600 2836 3666 οἷς
2871 3601 3010 3657 εἶναι
3047 3599 3384 3655 πιστεύεται.
3436 3601 3492 3652 Ὀ
3521 3599 3578 3651 δὲ
3617 3600 3716 3670 τὴν

2135 3699 2296 3769 φύσιν
2319 3698 2505 3768 ἕτερος
2557 3695 2653 3760 ὢν,
2700 3697 2732 3767 ἦ
2776 3696 2916 3766 ὅπερ
2949 3693 3162 3762 ἐστὶνὴ
3211 3691 3508 3762 μετέχουσα
3551 3690 3714 3742 αὑτοῦ

2133 3792 2230 3846 καὶ
2278 3789 2620 3860 φωτιζομένη
2665 3787 2862 3853 κτίσις,
2911 3784 3027 3848 πῶς
3061 3784 3160 3845 οὑκ
3204 3781 3273 3837 ἂν
3314 3783 3399 3854 εἴη
3456 3780 3644 3835 λοιπὸν
3687 3783 3718 3836 ό

2125 3885 2274 3956 ,ὑπὲρ
2311 3885 2489 3935 πάντα
2516 3880 2647 3944 Θεός
2674 3897 2689 3947 ;

2200 4065 2410 4119 ΔΛΛΟ.
2436 4063 2503 4118 Εί
2543 4061 2660 4132 φῶς
2694 4061 2836 4115 κατὰ
2865 4058 3026 4130 φύσιν
3057 4059 3186 4114 δντα
3211 4060 3305 4113 τὸν
3334 4057 3486 4146 Τίον,
3517 4057 3574 4110 ὲν
3602 4057 3715 4116 τοῖς

2134 4157 2380 4225 γενητοῖς
2408 4153 2482 4216 ὡς
2507 4150 2734 4220 γενητὸν
2753 4152 2782 4203 ὁ
2808 4149 3076 4221 θεομάχος
3097 4145 3237 4202 εἷναί
3270 4145 3425 4220 φησι,
3445 4146 3512 4199 τὰ
3536 4145 3717 4214 φωτὸς

2133 4243 2433 4314 δεδεημένα
2465 4239 2766 4310 φωτίζοντα
2801 4256 2814 4269 ’
2867 4239 3082 4310 πρῶτον
3108 4239 3210 4311 μὲν
3241 4237 3406 4302 αὑτὸς
3453 4237 3714 4308 ὑπάρχων
3808 4309 3815 4317 ς

2126 4333 2192 4386 ὲν
2221 4331 2398 4402 ἐαυτῷ
2443 4330 2786 4402 νοηθήσεται,
2823 4324 2944 4382 εἶτα
2989 4327 3125 4400 πρὸς
3151 4326 3363 4398 τούτῳ,
3393 4327 3482 4379 καὶ
3543 4325 3707 4387 αὐτὸς

2137 4424 2329 4478 ἑαυτοῦ
2360 4424 2582 4496 μέτοχος
2601 4421 2774 4486 ἔσται,
2808 4420 2907 4474 καὶ
2940 4419 3076 4490 φῶς,
3113 4420 3269 4489 εἴπερ
3288 4417 3363 4470 ὣν
3400 4419 3458 4471 ἑν
3483 4419 3594 4480 τοῖς
3620 4433 3712 4485 γε-

454 4519 732 4578 exsistens
761 4521 817 4576 in
852 4521 1018 4578 rebus
1043 4525 1266 4588 creatis,
1296 4541 1437 4580 unus
1465 4543 1704 4598 quoque,
1749 4544 1814 4584 ex
1841 4544 2028 4584 earum

2139 4519 2398 4587 νομὲνοις,
2449 4513 2530 4580 εἷς
2563 4517 2656 4571 καὶ
2695 4515 2859 4580 αὐτὸς
2899 4515 2956 4581 ἐξ
2998 4513 3177 4567 αὑτῶν
3213 4511 3481 4582 ὑπάρχειν
3505 4509 3709 4578 ὑπολη-

459 4626 692 4667 numero
737 4627 860 4668 esse
909 4613 1026 4684 ipse
1059 4615 1394 4671 censebitur.
1437 4615 1544 4672 Sed
1589 4617 1738 4673 videt
1783 4619 2032 4675 eruditus

459 4701 625 4758 corde
687 4701 743 4756 in
798 4703 1090 4773 sapientia,
1129 4704 1276 4759 sicut
1312 4705 1579 4776 scriptum
1635 4716 1721 4763 est
1761 4709 1827 4774 “’,
1865 4724 2030 4779 quam

459 4794 530 4850 sit
580 4795 877 4850 absurdum
938 4795 992 4850 id
1056 4796 1114 4852 in
1175 4799 1417 4853 animum
1484 4799 1764 4857 inducere.
1829 4800 2030 4870 Igitur,

460 4887 507 4943 si
537 4902 631 4956 per
669 4887 1146 4958 participationem
1178 4889 1235 4945 in
1265 4892 1535 4948 creaturis
1556 4901 1641 4949 est
1667 4890 1904 4948 Verbum
1935 4909 2030 4950 eas

460 4975 800 5039 illuminans.
835 4991 943 5032 non
972 4978 1076 5032 erit
1108 4978 1288 5047 ipsum
1311 4996 1533 5052 quoque
1568 4983 1621 5037 in
1653 4983 1727 5039 iis
1755 4999 1876 5054 quae
1906 4999 2031 5056 par-

457 5067 696 5136 ticipant
747 5073 801 5121 et
859 5067 1263 5134 illuminantur,
1318 5073 1416 5127 sed
1469 5073 1618 5129 aliud
1655 5074 1916 5129 nimirum
1958 5074 2030 5130 ab

460 5159 618 5227 ipsis.
662 5158 820 5225 Quod
860 5160 906 5216 si
946 5160 1020 5216 ita
1052 5168 1160 5225 est,
1193 5177 1305 5218 non
1343 5163 1449 5219 erit
1475 5179 1607 5237 ergo
1637 5173 1904 5227 creatum,
1932 5164 2028 5220 sed

460 5258 521 5304 ut
562 5249 652 5302 lux
691 5251 992 5306 secundum
1027 5261 1302 5322 naturam,
1336 5264 1392 5311 et
1424 5254 1568 5314 Dcus
1599 5257 1654 5312 in
1685 5257 1754 5314 iis
1779 5272 1901 5327 quae
1942 5256 2028 5311 lu-

461 5339 542 5391 cis
575 5339 841 5410 indigent.

535 5425 761 5481 ALIUD.
807 5427 863 5482 Si
906 5445 1014 5484 non
1044 5447 1109 5486 ex
1143 5434 1453 5490 substantia
1483 5435 1575 5492 Dei
1615 5453 1679 5493 ac
1735 5436 1914 5492 Patris
1944 5444 2030 5493 est

465 5513 658 5578 Filius,
703 5516 797 5572 sed
845 5521 1191 5579 extrinsecus
1225 5535 1300 5590 ut,
1338 5527 1416 5580 illi
1453 5526 1561 5598 56
1613 5532 1818 5596 volunt,
1849 5530 2024 5601 ipsum

502 5689 545 5723 "
589 5688 746 5744 l‘rov.
787 5707 874 5746 xv:
900 5732 913 5757 ,
945 5693 1047 5752 20.
1081 5695 1171 5749 2|.

2133 4613 2418 4685 φθήσεται.
2470 4608 2609 4662 Ἀλλ’
2665 4609 2769 4679 ὁρᾷ
2812 4623 2914 4660 που
2961 4604 3177 4664 πάντως
3212 4603 3241 4655 ὁ
3278 4600 3710 4668 πεπαιδευμένος

2129 4707 2229 4778 τὴν
2256 4685 2480 4776 καρδίαν
2515 4703 2572 4754 ὲν
2615 4702 2798 4773 σοφίᾳ,
2843 4697 3022 4762 καθὼς
3052 4696 3401 4766 γέγραπται,
3439 4693 3570 4761 ὅσην
3595 4689 3707 4760 ἔχει

2130 4799 2230 4868 τὴν
2259 4795 2486 4852 ἀτοπίαν
2525 4795 2586 4848 τὸ
2626 4793 2768 4848 οὕτω
2806 4795 2964 4847 νοεῖν.
2997 4787 3201 4846 Οὐκοῦν
3249 4789 3298 4840 εί
3337 4783 3614 4852 μεθεκτῶς
3649 4784 3710 4835 ἐν

2129 4890 2243 4952 τοῖς
2266 4889 2513 4958 γενητοῖς
2552 4887 2696 4939 ἐστιν
2747 4886 2775 4938 ὁ
2826 4882 3075 4954 φωτίζων
3114 4879 3251 4934 αὑτά
3297 4880 3486 4947 Λόγος,
3509 4878 3611 4931 οὑκ
3650 4877 3710 4928 ὲν

2133 4982 2246 5044 τοῖς
2285 4978 2566 5049 μετέχουσι
2613 4977 2706 5029 καὶ
2742 4973 3132 5044 φωτιζομὲνοις
3182 4970 3335 5023 ἐσται
3384 4970 3475 5024 καὶ
3528 4968 3709 5032 αὐτὸς,

2136 5071 2250 5128 ἀλλ’
2289 5072 2475 5140 ἕτερος
2512 5067 2753 5140 δηλονότι
2797 5066 2924 5136 παρ’
2955 5065 3157 5118 ἐκεῖνα.
3195 5063 3258 5116 El
3303 5061 3359 5115 δὲ
3390 5060 3578 5125 τοῦτο,
3613 5061 3713 5113 οὑκ

2135 5166 2242 5235 ἄρα
2269 5161 2513 5233 γενητὸς,
2547 5160 2661 5214 ἀλλ’
2697 5160 2773 5223 ὡς
2807 5157 2922 5227 φῶς
2959 5155 3102 5210 κατά
3146 5155 3327 5224 φύσιν,
3365 5155 3458 5208 καὶ
3496 5153 3628 5216 Θεὸς
3653 5153 3711 5204 ὲν

2133 5258 2245 5319 τοῖς
2273 5253 2447 5324 φωτὸς
2483 5250 2773 5322 δεομένοις.

2206 5436 2406 5489 ΔΛΛΟ.
2434 5436 2497 5488 Ι·λὶ
2524 5434 2598 5504 μὴ
2629 5435 2692 5487 ἐκ
2727 5433 2829 5502 τῆς
2857 5432 3047 5494 οὑσίας
3086 5428 3180 5482 τοῦ
3217 5426 3351 5480 Θεοῦ
3383 5427 3477 5478 καὶ
3503 5423 3711 5490 Πατρός

2135 5527 2284 5580 ἐστιν
2304 5528 2332 5581 ὁ
2358 5526 2502 5592 Υἱὸς,
2529 5525 2726 5593 ἔξωθεν
2751 5523 2804 5576 δὲ
2824 5523 2987 5578 αὑτὸν
3014 5521 3134 5576 κατ’
3155 5519 3392 5582 ἐκείνους
3415 5517 3706 5585 ὑπέστησε·
