4072 6210
317 297 389 352 97

1401 292 1471 348 IN
1493 293 1778 350 JOANNIS
1811 291 2257 348 EVANGELIL‘M
2290 292 2420 348 LIB.
2457 292 2501 346 1.

3519 286 3594 346 98

318 410 547 483 γενητὸς
575 410 685 482 ἄρα
712 407 965 484 icti-3m!
997 405 1392 479 πεποιημένος*
1451 408 1567 472 πῶς
1597 401 1691 461 οὖν
1716 409 1774 461 ὲν
1802 409 1913 470 τοῖς

2030 406 2296 477 produxit,
2337 413 2559 459 creatus
2615 417 2749 474 ergo
2808 412 2891 461 est
2952 419 3016 460 ac
3073 403 3274 460 factus.
3307 402 3596 472 Quomodo

319 500 606 572 γεγονόσιν
632 499 753 552 ἐστὶ
788 496 1040 566 φωτίζων
1061 496 1237 564 αὑτάς
1275 497 1326 549 τί
1352 496 1408 551 δι
1437 497 1498 550 τδ
1539 495 1816 567 ἐξαίρετον
1854 499 1914 550 ὲν

320 599 394 667 τῇ
422 592 543 663 Θείᾳ
569 589 736 659 φύσει
775 588 962 642 λοιπὸν
996 588 1340 660 εὑρήσομενς
1369 588 1403 660 ἢ
1436 587 1557 652 πῶς
1604 585 1914 656 σοφώτατος

321 683 650 756 Ψαλμῳδὺς,
704 682 783 747 ὡς
831 680 1162 750 ἀξιάγαστόν
1208 681 1260 734 τί
1295 698 1461 752 φησιν
1505 681 1598 735 ἐπὶ
1639 681 1736 734 τοῦ
1774 677 1916 734 κατὰ

324 778 487 847 φύσιν
513 778 664 840 ὄντος
693 774 852 840 Θεοῦ,
890 793 914 824 ι¹
945 772 1036 828 Ἐν
1054 773 1134 846 τῷ
1159 775 1299 846 φωτί
1325 791 1418 828 σου
1443 773 1685 844 ὀψόμεθα
1706 773 1855 842 φῶς;
1889 790 1908 825 ι

325 869 389 922 EE
415 867 524 938 γὰρ
556 865 786 936 τενητδς
828 863 1092 936 ὑπάρχων
1145 864 1174 916 ὁ
1209 865 1335 929 Υἱὸς
1358 865 1584 938 φωτίζει
1612 863 1680 918 τὰ
1714 864 1912 929 πάντα,

328 960 530 1026 ἑαυτὴν
560 961 604 1031 ή-
651 959 832 1024 κτισις
869 961 1084 1029 φωτιεῖ,
1140 959 1419 1033 χρῄζουσα
1468 958 1736 1030 μηδαμῶς
1778 957 1916 1029 πρὸς

326 1052 486 1105 τοῦτο
517 1050 613 1105 τοῦ
648 1052 975 1121 ποιήσαντος
1005 1052 1164 1106 Θεοῦ.
1193 1051 1366 1105 Οὐδὲν
1397 1047 1501 1105 οὖν
1527 1051 1636 1122 ἄρα
1658 1049 1721 1104 τὸ
1755 1050 1915 1103 πλέον

326 1149 386 1200 ὃν
421 1145 540 1216 Θεῷ
562 1144 714 1217 παρὰ
747 1144 850 1215 τὴν
878 1145 1080 1210 κτίσιν,
1123 1146 1336 1217 ἐνεργεῖ
1364 1143 1420 1198 δὲ
1446 1144 1542 1214 οὑχ
1565 1140 1750 1216 ἦττον,
1776 1141 1810 1213 ἢ
1840 1141 1916 1207 ὡς

329 1237 397 1290 ἂν
439 1235 666 1307 δύνηται
694 1236 847 1301 Θεός.
866 1235 1026 1308 Ἀλλὰ
1055 1235 1216 1290 τοῦτο
1245 1238 1466 1292 ἄτοποψ
1485 1238 1584 1290 οὐκ
1607 1236 1716 1308 ἄρα
1749 1253 1910 1307 γενη-

326 1329 418 1392 τὸς
439 1328 469 1380 ό
508 1329 654 1392 Υἱὸς,
688 1327 822 1392 Θεὸς
845 1328 905 1384 δὲ
933 1327 1160 1400 μᾶλλον,
1189 1329 1284 1382 καὶ
1311 1329 1401 1383 διὰ
1429 1328 1588 1382 τοῦτο
1626 1329 1741 1400 φῶς
1775 1324 1918 1381 κατὰ

327 1423 516 1492 φύσιν,
554 1421 634 1484 ὡς
651 1423 689 1474 ό·
711 1421 921 1494 Πατήρ.

398 1683 582 1738 ΔΛΔΟ
608 1681 679 1737 ἐκ
704 1682 812 1738 τοῦ
844 1681 1054 1736 αὑτοῦ.
1079 1683 1139 1736 Et
1163 1682 1279 1752 φῶς
1305 1680 1399 1736 τοὺ
1422 1679 1558 1735 Θεοῦ
1585 1681 1679 1735 καὶ
1701 1679 1917 1750 Πατρός

2013 495 2184 567 igitur
2217 498 2268 550 in
2299 496 2462 550 rebus
2495 495 2696 549 creatis
2723 503 2827 560 est,
2863 497 2956 566 qui
2985 511 3080 552 eas
3123 495 3435 550 illuminat?
3462 494 3595 566 quid

2016 589 2198 637 autem
2260 582 2522 638 eximium
2589 581 2642 636 in
2705 591 2901 637 natura
2957 583 3142 638 divina
3191 587 3597 654 comperiemus

2017 673 2297 744 deinceps,
2329 682 2426 728 aut
2487 674 2764 742 quomodo
2815 673 3104 729 Psalmista
3154 675 3598 746 sapientissimus

2016 766 2187 822 veluti
2223 781 2484 837 magnum
2515 773 2570 821 et
2605 764 2928 822 admirabile
2955 765 3215 837 quiddam
3252 766 3323 822 de
3361 769 3595 822 naturali

2017 857 2130 914 Deo
2153 859 2351 915 scribit
2383 861 2427 891 ¹⁶
2454 878 2468 914 :
2494 878 2513 912 ι
2545 860 2598 914 In
2626 860 2830 915 lumine
2862 867 2957 913 tuo
2982 859 3294 915 videbimus
3316 859 3538 916 lumen?
3576 880 3592 910 ι

2018 950 2086 1006 δί’
2133 951 2282 1007 enim
2318 962 2540 1007 creatus
2575 968 2701 1007 cunt
2753 955 2824 1008 sit
2866 950 3038 1008 Filius
3065 960 3265 1008 cuncta
3303 952 3595 1016 illuminat,

2018 1043 2263 1111 sei'psam
2326 1043 2660 1100 illuminabit
2707 1055 2960 1099 creatura
3011 1045 3150 1100 nihil
3208 1045 3279 1100 ad
3338 1045 3443 1100 hoc
3491 1044 3600 1100 Deo

2022 1130 2278 1202 indigens
2314 1147 2344 1186 a
2387 1147 2502 1202 quo
2547 1133 2690 1189 facta
2728 1141 2834 1190 est.
2870 1133 3193 1206 Nihil'crgo
3231 1136 3356 1206 plus
3407 1148 3493 1192 est
3543 1137 3598 1191 in

2020 1222 2130 1278 Deo
2158 1239 2323 1294 quam
2363 1231 2638 1292 creatura,
2669 1241 2770 1282 nec
2809 1226 2899 1280 illa
2943 1227 3128 1283 minus
3161 1227 3324 1283 habet
3369 1228 3435 1283 ad
3464 1244 3598 1300 ope-

2018 1317 2254 1371 randum
2306 1315 2606 1382 facultatis,
2657 1333 2820 1388 quam
2874 1317 3038 1375 Deus.
3074 1317 3188 1374 Sed
3239 1321 3344 1375 hoc
3402 1320 3600 1376 absur-

2017 1406 2199 1462 dum:
2237 1423 2349 1463 non
2409 1408 2576 1480 igitur
2640 1417 2863 1464 creatus
2915 1419 2999 1467 est
3059 1409 3267 1476 Filius,
3309 1413 3405 1467 sed
3455 1410 3600 1466 Deus

2019 1503 2244 1575 potius,
2299 1511 2466 1574 atque
2532 1503 2741 1560 idcirco
2805 1503 2896 1559 lux
2970 1503 3272 1560 secundum
3344 1512 3598 1560 naturam

2019 1610 2198 1658 suam,
2233 1602 2293 1648 ut
2319 1593 2500 1650 Pater.

2088 1685 2299 1743 ALIUD
2327 1702 2393 1741 ex
2422 1686 2624 1742 eodem.
2661 1687 2718 1744 Si
2755 1687 2851 1744 lux
2900 1687 2993 1745 Dei
3033 1704 3098 1744 ac
3133 1688 3316 1746 Patris
3352 1706 3477 1745 cum
3529 1691 3602 1747 sit

329 1776 591 1846 ὑπάρχων
621 1777 651 1828 ό
685 1773 840 1838 Υἱὸς,
872 1775 1018 1828 κατὰ
1059 1775 1142 1838 τὸ,
1173 1793 1191 1826 ι
1237 1775 1326 1828 Ἐν
1364 1773 1442 1846 τῷ
1473 1773 1612 1843 φωτί
1653 1790 1746 1827 σου
1784 1771 1912 1842 ὀψό-

2030 1775 2213 1840 Filius,
2265 1777 2422 1847 juxta
2472 1777 2608 1834 illud
2656 1796 2670 1833 :
2721 1797 2740 1830 ι
2795 1777 2853 1834 In
2900 1780 3108 1835 lumine
3153 1787 3249 1834 tuo
3297 1780 3602 1836 videbimus

329 1866 474 1938 μιθα
513 1866 648 1935 φῶς·
692 1885 712 1919 ι
745 1867 864 1930 καὶ,
916 1887 936 1920 ι
985 1865 1395 1932 Ἐξαπόστειλον
1429 1865 1490 1919 τὸ
1521 1865 1634 1934 φῶς
1685 1881 1778 1918 σου
1821 1864 1915 1918 καὶ

326 1960 430 2032 τὴν
453 1959 712 2031 ἀλήθειάν
746 1977 842 2014 σου
869 1975 883 1989 ο
926 1978 946 2013 ι
980 1959 1207 2031 γενητός
1238 1961 1354 2012 ἐστι
1383 1959 1479 2012 καὶ
1504 1959 1583 2022 είς
1613 1956 1914 2010 ὑπόστασιν

326 2052 594 2122 ἐνεχθεὶς,
612 2052 762 2106 οὐδὲν
789 2053 870 2106 ἐτι
902 2051 1252 2116 διακωλύσει,
1276 2051 1421 2106 κατὰ
1458 2051 1558 2123 τὴν
1580 2052 1702 2122 ίσην
1730 2050 1917 2105 ἀναλο-

325 2145 465 2212 γίαν
505 2143 620 2212 φῶς
655 2143 934 2199 καλεῖσθαι
969 2141 1062 2196 τοῦ
1093 2141 1227 2196 Θεοῦ
1271 2143 1366 2195 καὶ
1398 2141 1615 2212 Πατρὸς
1645 2141 1820 2195 πάντα
1848 2139 1916 2192 τα

325 2233 560 2306 γενητὰ.
584 2235 652 2288 Εί
677 2235 781 2306 γὰρ
805 2235 944 2298 ὅλως
966 2233 1276 2304 ἐπιδέχεται
1304 2231 1462 2287 τοῦτο
1486 2231 1595 2284 τῶν
1624 2230 1918 2301 πεποιημέ-

323 2342 438 2378 νων
483 2325 518 2395 ή
565 2323 747 2395 φύσις,
793 2325 946 2377 ἔσται
981 2326 1095 2386 τοῖς
1136 2325 1271 2377 πᾶσι
1307 2322 1538 2392 δυνάμει
1577 2322 1772 2392 κοινὸν,
1822 2321 1918 2374 καὶ

325 2419 427 2486 οὑχ
452 2418 571 2482 ἑνὸς
605 2417 736 2470 ἴδιον
761 2416 856 2469 τοῦ
876 2415 1030 2469 Υίοῦ.
1047 2413 1210 2470 Ἀλλὰ
1229 2413 1386 2468 τοῦτο
1405 2414 1626 2469 ἄτοπον⁸
1647 2411 1924 2484 μόνῳγὰρ

325 2511 562 2582 ἁρμόσει
593 2510 670 2579 τῷ
695 2508 830 2578 Υίῷ,
861 2509 924 2562 τὸ
959 2506 1248 2560 καλεῖσθαί
1269 2523 1330 2559 τε
1377 2506 1472 2559 καὶ
1506 2501 1644 2558 εἶναι
1680 2504 1794 2573 φῶς
1821 2503 1924 2557 τοῦι

327 2604 466 2657 Θεοῦ
509 2605 604 2657 καὶ
641 2601 875 2672 Πατρός.
907 2601 1021 2654 Οὑκ
1043 2600 1152 2671 ἄρα
1178 2600 1295 2652 ἐστὶ
1323 2598 1582 2668 γενητὸς,
1615 2597 1751 2651 ἀλλὰ
1781 2596 1916 2666 φῶς,

327 2693 406 2758 ὡς
448 2692 578 2757 Θεὸς
631 2693 696 2745 ἑκ
751 2690 885 2744 Θεοῦ
936 2690 1268 2761 φωτίζοντος
1308 2689 1378 2742 δι’
1425 2688 1591 2742 αὑτοῦ
1630 2687 1702 2741 τὰ
1741 2686 1918 2756 φωτὸς

324 2784 588 2856 δεόμενα.
605 2853 608 2856 _
1247 2811 1249 2813 ·

406 2877 612 2932 MM).
667 2877 730 2932 Εἰ
774 2875 890 2947 φῶς
925 2876 1068 2932 κατὰ
1093 2874 1262 2946 φύσιν
1301 2873 1561 2944 ὑπάρχων
1595 2872 1624 2924 ὁ
1661 2870 1788 2934 Υἱὸς
1821 2869 1923 2924 οὐκ

231 3041 238 3049 Ι
327 2971 402 3022 ἐκ
433 2969 544 3039 τῆς
569 2969 748 3032 οὐσίας
783 2971 902 3022 ἐστὶ
947 2967 1042 3022 τοῦ
1072 2966 1309 3038 Πατρδς,
1350 2965 1464 3018 ἀλλ’
1489 2962 1690 3028 ἔξωθεν
1712 2961 1918 3032 ὑπέστη

329 3062 486 3116 κατὰ
517 3061 603 3114 τὸν
627 3062 956 3116 ἀπαίδευτον
993 3060 1102 3114 τῶν
1127 3059 1414 3130 Θεομὰχων
1451 3055 1609 3123 λόγον
1629 3072 1643 3086 ·
1671 3051 1920 3123 ὁμοφυὴς

324 3156 450 3225 ἄρα
474 3153 594 3206 ἐστὶ-
620 3155 732 3216 τοῖς
764 3153 1154 3224 πεποιημένας
1207 3151 1302 3204 καὶ
1340 3146 1588 3215 ἀδελφὸς,
1619 3145 1714 3200 ἅτε
1733 3143 1796 3214 δὴ
1823 3143 1922 3213 τῆς

326 3246 487 3309 Θείας
522 3246 810 3300 ἐκπίπτων
837 3244 1043 3306 οὐσίας’
1075 3241 1193 3304 πῶς
1221 3238 1318 3296 οὖν
1357 3239 1465 3312 ἄρα
1491 3237 1608 3308 φῶς
1641 3235 1740 3307 μὲν
1763 3235 1928 3297 αὐτὸς

325 3339 584 3392 καλεῖται
614 3338 714 3391 καὶ
737 3336 872 3401 ἐστι,
899 3335 1027 3407 περὶ
1052 3334 1110 3387 δὲ
1145 3332 1239 3388 τοῦ
1291 3332 1450 3402 ἁγίου
1475 3330 1694 3399 λέγεται
1727 3325 1929 3381 Βαπτι-

326 3431 486 3492 στοὺ,
528 3449 546 3480 ι
580 3430 698 3482 Οὑκ
733 3424 800 3499 ἦν
825 3429 1033 3490 ἐκεῖνος
1055 3426 1116 3478 τὸ
1142 3424 1290 3494 φῶςς
1319 3443 1337 3475 ι
1365 3421 1544 3477 καίτοι
1565 3419 1791 3490 δυνάμει
1813 3418 1928 3486 φῶς

326 3524 358 3577 ό
415 3521 689 3591 μακάριος
730 3516 1066 3587 Βαπτιστῆς,
1115 3515 1210 3570 καὶ
1249 3514 1312 3567 οὑ
1358 3512 1527 3583 μόνον
1558 3509 1738 3572 αὐτὸς,
1768 3508 1929 3579 εἴπερ

327 3614 474 3674 ὅλως
506 3609 766 3682 ἐνεχώρει
789 3608 1016 3678 γενητὸν
1042 3607 1174 3661 ὄντα
1201 3605 1291 3658 τὸν
1339 3604 1487 3670 Υίδν,
1525 3602 1642 3671 φῶς
1667 3598 1807 3656 εἶναι
1839 3601 1932 3654 δύ-

328 3703 536 3757 νασθαι
572 3704 713 3756 κατὰ
756 3701 939 3770 φύσιν.
988 3699 1063 3752 Τὸ
1105 3698 1212 3769 γὰρ
1246 3698 1304 3750 ἐν
1348 3697 1416 3767 τῇ
1469 3693 1629 3764 φύσει
1676 3693 1932 3764 κείμενον

331 3795 509 3857 ἅπαξ,
541 3795 718 3848 κοινὸν
755 3793 926 3864 δήπου
957 3789 1120 3844 παντί
1159 3806 1236 3860 τῳ
1275 3787 1473 3857 γένοιτ’
1506 3787 1573 3842 ἂν
1619 3784 1698 3857 τῷ
1728 3785 1932 3856 ταύτης

337 3883 728 3955 μετεσχηκότι,
795 3881 936 3942 κατὰ
981 3897 1044 3950 γε
1074 3879 1167 3934 τὸν
1216 3881 1319 3950 τῆς
1370 3876 1698 3939 ἀκολουθίας
1751 3875 1928 3945 λόγον.

349 3975 519 4030 Ἀλλὰ
552 3976 664 4044 μὴν
697 3973 948 4045 Ἰωάννης
971 3974 1033 4028 οὗ
1063 3971 1202 4044 φῶς,
1235 3970 1351 4041 φῶς
1387 3970 1445 4024 δὲ
1466 3971 1496 4022 ὁ
1527 3969 1683 4034 Υίός⁸
1714 3969 1788 4033 ὡς
1811 3970 1932 4023 ἔτε-

338 4084 441 4137 ρος
481 4066 594 4137 ἄρα
634 4066 778 4121 κατὰ
806 4065 992 4136 φύσιν,
1031 4066 1128 4119 καὶ
1169 4063 1294 4136 οὐχὶ
1339 4065 1452 4126 τοῖς
1494 4062 1774 4132 γεγονόσιν
1799 4064 1931 4132 ὁμο-

339 4160 520 4230 rvit-:-

418 4245 613 4300 ΑᾹΛΟ
637 4246 700 4302 ἐκ
721 4247 829 4303 τοῦ
855 4249 1066 4304 αὑτοῦ.
1093 4249 1156 4302 Ei
1179 4249 1292 4317 φῶς
1319 4249 1462 4304 κατὰ
1482 4248 1644 4319 φύσιν
1672 4247 1938 4319 ὑπάρχων

337 4339 369 4392 δ
409 4339 546 4402 Υἱὸς
571 4342 785 4411 τενητός
813 4341 935 4395 ἐστι
975 4340 1068 4394 καὶ
1097 4340 1486 4411 πεποιημένος,
1518 4339 1613 4394 ἆτε
1661 4338 1727 4410 δὴ
1760 4337 1823 4390 τὸ
1869 4337 1935 4389 ἐκ

2019 1866 2207 1922 lumen
2227 1868 2297 1932 ",
2343 1886 2368 1920 ν
2405 1875 2458 1922 et
2489 1887 2502 1923 :
2545 1887 2562 1920 ι
2594 1866 2791 1924 Emitte
2824 1869 3001 1924 lucem
3030 1877 3202 1934 tuam,
3235 1876 3291 1924 et
3318 1870 3598 1924 veritatem

2027 1967 2200 2018 tuam,
2237 1974 2256 2008 ι
2297 1965 2528 2012 creatus
2548 1968 2652 2022 est,
2674 1965 2728 2012 ct
2752 1959 2806 2013 iu
2838 1967 3016 2014 ortum
3042 1960 3298 2026 eductus,
3321 1960 3454 2014 nihil
3476 1974 3603 2030 pro.

2019 2045 2228 2100 hihebit
2271 2048 2568 2115 quominus
2608 2049 2774 2103 simili
2809 2049 3018 2104 ratione
3048 2064 3136 2104 res
3179 2064 3376 2104 omnes
3406 2059 3604 2104 creatae

2018 2141 2106 2194 lux
2138 2139 2231 2194 Dei
2271 2155 2336 2194 ac
2375 2140 2552 2197 Patris
2580 2143 2944 2213 appellentur.
2978 2143 3033 2198 Si
3066 2142 3211 2198 enim
3245 2142 3392 2197 istud
3425 2143 3478 2197 in
3513 2157 3600 2197 ro-

2018 2248 2138 2286 rutn
2163 2241 2475 2287 creat’arum
2515 2246 2768 2288 naturam
2810 2234 2978 2299 cadit,
3009 2235 3114 2291 erit
3159 2235 3416 2290 omnibus
3452 2250 3604 2289 com-

2021 2339 2183 2378 mune
2217 2325 2482 2393 potentia,
2518 2341 2626 2379 non
2659 2324 2778 2379 Filii
2802 2327 3086 2396 proprium
3113 2327 3296 2383 unius.
3354 2327 3460 2382 Sed
3497 2329 3605 2380 hoc

2019 2414 2324 2468 absurdum
2358 2427 2442 2470 est
2481 2417 2622 2470 :soli
2670 2417 2815 2471 enim
2851 2415 2991 2470 Filio
3035 2420 3292 2473 convenit
3335 2419 3515 2474 vocari
3551 2428 3602 2474 et

2017 2520 2141 2560 esse
2173 2505 2350 2560 locem
2387 2505 2480 2561 Dei
2513 2521 2576 2560 ac
2617 2505 2822 2562 Patris.
2861 2505 2980 2560 Non
3009 2514 3092 2560 est
3142 2509 3325 2578 itaque
3358 2519 3601 2574 creatus,

2020 2597 2116 2652 sed
2169 2598 2284 2661 lux,
2320 2611 2377 2652 ut
2416 2597 2560 2654 Deus
2619 2596 2688 2654 de
2723 2597 2832 2655 Deo
2881 2597 3228 2654 illuminante
3275 2616 3369 2672 per
3422 2603 3602 2674 ipsum

2019 2702 2084 2742 ea
2125 2703 2253 2758 quas
2272 2688 2416 2742 lucis
2456 2689 2722 2760 indigent.

2092 2857 2324 2922 ALIUD.
2384 2866 2442 2922 Si
2495 2868 2584 2922 lux
2645 2867 2950 2924 secundum
3017 2879 3275 2926 naturam
3346 2885 3470 2925 cum
3534 2873 3606 2926 sit

2024 2958 2219 3024 Filius,
2250 2976 2359 3015 non
2411 2969 2498 3014 est
2542 2957 2614 3015 ex
2660 2960 2843 3016 Patris
2885 2962 3214 3038 substantia,
3250 2960 3345 3017 sed
3393 2965 3603 3018 extrin-

2025 3068 2188 3108 secus
2211 3057 2536 3122 productus,
2576 3051 2732 3121 juxta
2757 3053 3000 3123 ineptum
3031 3054 3434 3112 haereticorum.
3455 3073 3608 3112 com-

2028 3153 2328 3199 mentum:
2376 3144 2621 3213 ejusdem
2671 3160 2805 3215 ergo
2855 3153 3068 3201 natura:
3109 3137 3196 3203 est.
3246 3164 3368 3204 cum
3445 3150 3620 3206 rebus

2028 3237 2253 3304 creatis,
2287 3245 2342 3292 et
2393 3237 2583 3299 frater,
2622 3237 2864 3291 maxime
2904 3253 3028 3292 cunt
3084 3239 3395 3294 substantia
3423 3239 3608 3293 divina

2029 3329 2312 3386 exciderit.
2348 3327 2638 3396 Quomodo
2668 3345 2800 3399 ergo
2843 3329 2933 3384 lux
2975 3329 3196 3401 quidem
3233 3330 3350 3400 ipse
3383 3339 3613 3385 vocatur

2029 3431 2084 3477 c‘t
2111 3429 2215 3483 est,
2248 3421 2318 3475 de
2344 3430 2540 3476 sancto
2569 3436 2700 3476 vero
2730 3421 2977 3491 Baptista
3019 3421 3221 3476 dicitur
3247 3439 3259 3475 :
3289 3442 3307 3475 ‹
3344 3419 3462 3477 Non
3493 3431 3613 3478 erat

2030 3514 2124 3569 il‘le
2181 3514 2272 3568 lux
2316 3512 2384 3578 “‘,
2428 3531 2446 3564 ι
2484 3514 2738 3584 quamvis
2788 3515 2878 3568 lux
2918 3520 3065 3569 esset
3122 3516 3364 3584 potentia
3417 3515 3614 3570 beatus

2031 3604 2299 3676 Baptista,
2333 3613 2389 3661 ct
2416 3620 2523 3660 non
2559 3606 2677 3676 ipse
2711 3607 2913 3672 solum,
2940 3606 3212 3676 siquidem
3247 3608 3361 3663 fieri
3403 3617 3617 3678 poterat

2031 3711 2090 3754 ut
2126 3696 2319 3765 Filius,
2369 3697 2497 3754 licet
2547 3705 2790 3763 creatus,
2831 3701 2919 3755 lux
2953 3709 3135 3756 tamen
3171 3700 3474 3756 secundum
3522 3717 3616 3754 na-

2033 3796 2212 3842 turam
2259 3801 2414 3841 suam
2475 3793 2642 3843 esset.
2676 3787 2831 3854 Quod
2879 3791 3026 3843 enim
3087 3790 3142 3843 in
3205 3798 3396 3844 natura
3448 3789 3614 3844 situm

2031 3887 2137 3945 est,
2179 3879 2430 3949 sequitur
2465 3893 2757 3934 commune
2803 3895 2926 3935 esse
2978 3880 3168 3950 utique
3209 3880 3467 3935 omnibus
3496 3896 3623 3954 quia

2033 3972 2386 4043 participant.
2418 3969 2524 4027 Sed
2556 3970 2800 4027 Joannes
2837 3987 2946 4026 non
2979 3983 3098 4027 erat
3130 3971 3223 4026 lux
3259 3991 3272 4027 :
3308 3973 3398 4026 lux
3432 3985 3613 4029 autem

2032 4073 2153 4121 erat
2197 4063 2413 4133 Filius;
2452 4064 2706 4120 diversus
2759 4064 2928 4135 igitur
2982 4083 3008 4118 a
3050 4065 3218 4121 rebus
3252 4067 3472 4131 creatis,
3517 4081 3618 4122 nec

2033 4156 2278 4228 ejusdem
2320 4164 2530 4211 natura:
2560 4171 2692 4211 cum
2721 4156 2876 4227 ipsis.

2079 4245 2321 4302 'ALIUD
2373 4259 2439 4301 ex
2484 4245 2686 4300 eodem.
2729 4246 2786 4302 Si
2851 4247 2940 4300 lux
3001 4244 3307 4302 secundum
3367 4255 3616 4304 naturam

2036 4355 2162 4395 cum
2192 4340 2262 4395 sit
2294 4337 2492 4405 Filius,
2524 4350 2743 4394 creams
2774 4347 2858 4394 est
2885 4347 3051 4410 atque
3085 4337 3288 4404 factus,
3313 4341 3616 4410 praesertim

339 4433 450 4500 τῆς
494 4431 683 4497 οὐσίας
720 4428 864 4487 εἶναι
905 4431 1001 4486 τοῦ
1043 4431 1181 4486 Θεοὺ
1227 4433 1325 4486 καὶ
1356 4431 1570 4504 Harpe:
1613 4430 1714 4483 οὑκ
1759 4427 1926 4499 ἔχων,

2041 4447 2163 4487 cum
2197 4447 2302 4486 non
2339 4433 2412 4486 sit
2445 4449 2512 4486 ex
2562 4432 2654 4487 Dei
2689 4449 2751 4486 ac
2799 4431 2980 4487 Patris
3014 4433 3348 4501 substantia,
3373 4445 3432 4489 ut
3476 4451 3620 4490 nou-

345 4523 494 4576 κατὰ
530 4525 637 4593 τήν
663 4541 822 4578 τινων
849 4525 1130 4592 ὑπόνοιαν,
1159 4525 1462 4592 ὲπιδέξεται
1495 4522 1604 4576 τῶν
1635 4520 1878 4592 γενητῶν
1903 4520 1936 4589 ἡ

346 4616 513 4684 φύσις
544 4616 605 4667 τὸ
635 4611 770 4668 εἷναί
802 4633 862 4668 τε
904 4617 999 4668 καὶ
1026 4615 1307 4670 καλεῖσθαι
1329 4614 1466 4684 φῶς·
1502 4613 1654 4666 ἔσται
1679 4613 1736 4665 δὲ
1758 4614 1939 4665 πάντα

345 4707 469 4774 φῶς
493 4707 636 4757 κατὰ
663 4705 753 4756 τὸν
802 4707 859 4759 ὲν
890 4705 1116 4776 δυνάμει
1164 4707 1342 4773 λόγον.
1369 4707 1412 4758 Τ
1415 4705 1442 4758 ὸ
1469 4705 1578 4775 γὰρ
1607 4704 1742 4767 ὅλως
1800 4699 1937 4755 εἷναί

343 4815 397 4850 τι
425 4797 677 4862 πεφυκὸς
698 4799 785 4868 εἴη
820 4814 924 4851 που
954 4797 1052 4868 [ιιι.
1099 4798 1188 4868 εἴη
1219 4799 1282 4869 δή
1315 4797 1442 4870 που]
1476 4799 1693 4861 πάντως
1719 4795 1806 4860 ἂν,
1845 4794 1940 4849 καὶ

347 4892 396 4942 εἰ
436 4889 518 4957 μή
556 4905 644 4940 πω
686 4888 930 4955 γέγονεν.
967 4890 1096 4941 Ὅτε
1137 4888 1318 4941 τοίνυν
1357 4888 1538 4942 κοινὸν
1579 4887 1678 4958 μὲν
1715 4889 1784 4959 τῇ
1828 4886 1939 4940 τῶν

348 4977 604 5048 γενητῶν
652 4977 811 5046 φύσει
843 4979 901 5032 τὸ
951 4973 1093 5032 εἶναι
1121 4977 1256 5047 φῶς,
1310 4978 1440 5030 ἴδιον
1486 4977 1542 5031 δὲ
1619 4977 1714 5031 καὶ
1763 4978 1941 5048 μόνως

348 5071 596 5134 οἰδενόςο
621 5070 674 5122 τί
701 5071 877 5141 μάτην
904 5070 986 5139 ἐφ’
1011 5070 1194 5140 ἑαυτῷ
1224 5069 1496 5140 κομπάζει
1532 5070 1708 5136 λέγων
1739 5071 1767 5122 ὁ
1790 5070 1936 5131 Υίὺς,

355 5183 374 5214 ι
431 5159 581 5229 Ἐγώ
640 5161 755 5230 εἰμι
820 5161 880 5214 τὸ
919 5162 1074 5230 φῶςς
1125 5180 1142 5211 ι
1178 5161 1318 5231 χρῆν
1369 5161 1475 5231 γέιρ
1507 5160 1681 5231 δήπου
1745 5158 1948 5227 μᾶλλον

347 5257 554 5308 εἰπεῖν·
630 5253 771 5322 Ἑγώ
809 5257 923 5324 εἰμι
953 5252 1072 5324 μεθ’
1105 5253 1260 5322 ὑμῶν
1311 5253 1370 5305 τὸ
1417 5251 1569 5321 φῶς-ο
1648 5249 1835 5318 ἐπειδὴ
1891 5248 1946 5301 δὲ

345 5348 424 5410 ὡς
456 5347 594 5399 ἴδιον
625 5346 830 5414 ἀγαθὸν
873 5345 1051 5415 ἑαυτῷ
1096 5347 1408 5416 περιτίθησι
1443 5345 1588 5414 μόνῳ
1620 5342 1728 5395 τῶν
1772 5341 1946 5393 ἄλλων

343 5437 550 5489 ιί-δένα
587 5435 931 5507 προσλαϐὼν.
962 5437 1120 5506 δῆλος
1152 5435 1217 5490 ἂν
1245 5437 1328 5504 εἴη
1359 5435 1562 5495 λοιπὸν,
1623 5435 1684 5486 οὐ
1711 5436 1822 5496 τοῖς
1854 5450 1944 5499 γε-

349 5530 540 5596 νητοῖς
581 5528 794 5592 ἑαυτὸν,
829 5527 966 5582 ἀλλὰ
1011 5531 1074 5598 τῇ
1107 5527 1231 5597 Θείᾳ
1263 5526 1354 5580 τοῦ
1391 5527 1603 5596 Harpe;
1633 5524 1941 5578 συντάττων

347 5623 539 5691 σιτία.
634 5625 725 5674 καὶ
749 5623 807 5674 τὸ
832 5617 970 5675 εἶναι
1013 5620 1124 5690 ςῶς
1161 5620 1413 5692 πρόσεστι
1443 5618 1702 5690 ςρυσεκώς.

435 5731 478 5758 ’⁸
515 5736 663 5792 Tsal.
697 5753 864 5804 uxr,
902 5738 986 5796 lO.
1067 5737 1274 5794 "Psal.
1317 5753 1458 5805 uti,
1495 5737 1544 5791 5.

2046 4523 2178 4578 nulli
2225 4523 2612 4594 suspicantur,
2665 4535 2847 4579 rerum
2907 4536 3218 4581 creatarum
3279 4539 3473 4582 natura
3529 4529 3622 4584 lux

2045 4629 2170 4670 csse
2216 4621 2270 4670 et
2309 4616 2496 4669 vocari
2551 4617 2771 4686 poterit.
2825 4614 3004 4671 Erunt
3053 4627 3238 4673 autem
3285 4620 3469 4675 omnia
3530 4621 3621 4676 luat

2047 4706 2314 4776 patentia.
2350 4705 2453 4777 57
2491 4706 2646 4772 Quod
2683 4707 2830 4761 enim
2879 4722 3075 4763 natura
3115 4725 3212 4764 sua
3261 4710 3465 4780 aliquid
3501 4729 3624 4767 esse

2047 4805 2254 4867 potest,
2294 4798 2484 4868 utique
2558 4799 2692 4853 illud
2742 4809 2847 4864 est,
2907 4801 3123 4856 etiamsi
3183 4803 3426 4857 nondum
3496 4815 3622 4857 actu

2045 4893 2278 4947 exstitit.
2321 4892 2459 4947 Cum
2487 4909 2620 4964 ergo
2653 4911 2835 4950 rerum
2866 4902 3179 4950 creatarum
3220 4902 3431 4948 natura:
3471 4909 3624 4948 cont-

2045 4997 2210 5037 mune
2257 4983 2328 5037 sit
2369 4998 2493 5038 esse
2533 4984 2735 5049 lucent,
2766 4985 3046 5056 proprium
3083 4995 3264 5038 autent
3314 4985 3524 5038 nullius
3561 4999 3625 5038 ac

2047 5075 2350 5144 singulare,
2373 5076 2502 5144 quid
2524 5077 2730 5132 frustra
2762 5083 2819 5132 Se
2843 5077 3014 5144 jactat
3036 5075 3206 5129 Filius
3230 5074 3421 5129 dicens
3446 5093 3488 5128 ιι
3513 5076 3626 5146 Ego

2047 5182 2168 5220 sum
2196 5167 2323 5220 lux?
2363 5185 2381 5217 ›
2420 5167 2714 5223 Dicendum
2746 5169 2888 5222 enim
2924 5177 3066 5221 esset
3097 5168 3298 5236 potius,
3339 5166 3449 5235 Ego
3502 5181 3624 5221 sunt

2047 5257 2335 5311 vobiscum
2390 5258 2502 5312 lux.
2563 5258 2699 5314 Cum
2741 5267 2926 5312 autem
2983 5258 3150 5312 veluti
3204 5258 3485 5327 proprium
3533 5259 3628 5312 b0-

2049 5363 2179 5402 num
2215 5349 2362 5404 istud
2403 5350 2495 5404 uni
2525 5350 2630 5406 sibi
2671 5358 2909 5421 arroget,
2939 5351 3098 5406 nullo
3132 5359 3392 5404 consorte
3429 5353 3624 5413 ascito.

2051 5448 2200 5508 palct
2233 5441 2420 5512 utique
2471 5439 2654 5511 ipsum
2692 5437 2966 5496 creaturis
3003 5455 3063 5495 se
3093 5454 3200 5493 non
3238 5453 3627 5501 annuntcrarc,

2052 5534 2148 5586 sed
2183 5535 2239 5588 in
2277 5546 2469 5589 natura
2501 5531 2678 5589 Patris
2731 5548 2788 5589 sc
2822 5533 3120 5596 collocare,
3152 5547 3270 5603 qua:
3303 5541 3501 5585 natura
3532 5546 3629 5586 sua

2056 5623 2144 5679 lux
2183 5636 2285 5681 cst.

1626 5737 1668 5768 “
1707 5732 1865 5791 JOun.
1901 5749 1952 5802 t,
1983 5737 2036 5790 8.
