4072 6210
467 273 538 331 99
1447 267 1506 324 S.
1541 265 1810 323 CYRILLI
1850 257 2318 319 ALEXANDRINI
2355 254 2680 313 ARCIIIEP.

3605 252 3707 312 I00

541 384 772 456 ALIUD.
809 381 968 452 Quod
997 383 1175 438 lucem
1211 380 1524 452 participat,
1556 396 1664 436 non
1692 387 1778 435 est
1824 375 2041 448 proprie

2213 371 2415 424 ᾹΛΛΟ.
2449 369 2523 422 Τὸ
2550 367 2666 437 φῶς
2711 364 2952 438 μετέχων
2982 363 3076 438 [αι.
3106 366 3282 435 φωτὸς
3313 365 3586 440 μετέχονῖ,
3610 369 3712 423 οὐκ

471 481 592 548 Ius;
625 478 771 534 aliud
803 479 945 532 enim
979 475 1256 547 quoddam
1309 475 1364 528 in
1411 474 1530 544 ipso
1563 488 1686 527 esse
1709 471 1945 526 videtur.
1982 467 2040 522 Si

469 589 600 645 ergo
632 569 1110 627 communicabilis
1161 565 1437 621 creaturis
1474 573 1558 619 est
1585 562 1776 627 Filius,
1813 571 1872 616 ιιι
1921 561 2041 627 lux,

469 667 725 722 diversus
749 661 854 716 erit
881 660 950 714 ab
977 659 1047 714 iis
1073 674 1193 730 quae
1221 656 1554 728 participant
1595 655 1800 725 ipsum,
1827 664 1880 708 et
1905 653 2044 708 lucis

473 756 736 825 indigent.
785 751 954 821 Igitur
998 767 1107 805 non
1156 759 1241 805 est
1297 758 1552 810 creatus,
1595 760 1775 815 neque
1839 751 1899 798 ut
1954 758 2044 799 res

470 853 669 900 creata:
700 843 770 897 ab
805 843 912 897 alio
949 840 1250 896 illuminari
1282 838 1547 910 postulat.
1582 835 1728 891 Deus
1753 837 1958 904 itaque,
1989 842 2045 888 et

472 933 783 988 illuminare
821 931 982 1003 potis.
1015 929 1171 997 Quod
1205 931 1250 984 si
1299 930 1373 982 ita
1414 935 1521 994 est,
1546 926 1708 982 etiam
1761 941 1826 979 ex
1864 924 2046 980 Patris

471 1024 780 1079 substantia
841 1022 1060 1092 genitus
1120 1019 1483 1089 intelligetur,
1535 1015 1809 1088 siquidem
1878 1031 2046 1070 unum

471 1116 770 1170 adoramus
826 1112 1040 1187 Deum,
1095 1127 1196 1166 nec
1262 1111 1496 1166 alterum
1560 1108 1630 1163 ab
1683 1122 1749 1164 eo
1808 1108 1902 1178 qui
1965 1114 2049 1163 est

471 1207 727 1263 colimus.

542 1295 772 1352 ALIUD.
795 1295 999 1351 Rerum
1023 1302 1276 1349 naturam
1309 1292 1627 1362 diligentius
1649 1291 2050 1354 examinantes,

476 1388 644 1444 Deum
670 1389 918 1443 videmus
945 1398 998 1442 et
1032 1395 1364 1452 creaturam,
1396 1393 1652 1453 praeterea
1688 1383 1842 1437 nihil.
1869 1381 2053 1448 Quod-

475 1495 692 1550 cunque
720 1480 864 1533 euim
900 1476 1042 1532 Deus
1073 1492 1181 1530 non
1218 1483 1304 1530 est
1333 1482 1531 1529 natura
1563 1489 1686 1540 sua,
1714 1472 1817 1527 hoc
1863 1467 2053 1542 utique

475 1585 726 1630 creatum
766 1583 871 1639 est,
899 1582 954 1628 et
997 1571 1144 1643 quod
1197 1571 1302 1626 sub
1335 1569 1670 1624 creationem
1716 1567 1914 1622 cadere
1945 1581 2052 1620 non

479 1673 679 1737 potest,
717 1666 940 1719 omnino
987 1677 1213 1718 necesse
1270 1670 1354 1717 est
1405 1662 1509 1716 hoc
1560 1676 1683 1717 esse
1725 1660 1916 1714 Deum.
1951 1659 2052 1714 His

478 1717 552 1812 irta
605 1758 708 1812 rite
745 1756 1072 1826 perspectis,
1102 1753 1472 1823 respondeant
1522 1753 1681 1809 nobis
1711 1753 1806 1824 qui
1853 1767 1883 1806 a
1920 1751 2053 1807 sub-
2085 1717 2124 1772 Β

477 1846 681 1902 stantia
719 1845 814 1899 Dei
861 1860 923 1899 ac
961 1844 1140 1900 Patris
1182 1843 1379 1898 Filium
1420 1851 1726 1908 removent,
1778 1841 2052 1913 quomodo

479 1935 650 2006 possit
701 1936 1015 1991 illuminare
1068 1947 1125 1990 ut
1173 1937 1288 1999 lux,
1345 1949 1470 1990 cum
1533 1937 1652 2006 ipsa
1708 1937 1928 2006 propria
1980 1935 2054 1990 sit

481 2027 690 2082 natiirae
721 2026 925 2082 divinae
956 2043 1056 2083 nec
1091 2029 1250 2083 alteri
1280 2028 1576 2085 tribuatur.
1636 2027 1793 2094 Quod
1827 2028 1874 2084 si
1902 2042 2056 2084 crea-

481 2131 571 2176 tus
608 2135 732 2174 cum
780 2119 854 2175 sit
877 2117 1071 2185 Filius,
1100 2121 1265 2175 etiam
1311 2119 1404 2174 lus
1437 2135 1560 2177 esse
1591 2126 1796 2189 potest,
1829 2119 1897 2174 ad
1929 2119 2055 2173 uni-

480 2226 672 2267 versas
703 2212 893 2282 utique
935 2227 1024 2267 res
1067 2222 1281 2268 creatas
1320 2211 1610 2282 pertinebit
1652 2211 1815 2266 istius
1849 2225 2055 2281 praero-

479 2302 675 2372 gativa:
735 2303 933 2372 gratia,
964 2310 1237 2374 eruntque
1281 2302 1467 2358 omnia
1508 2303 1600 2358 lux
1653 2318 1751 2374 per
1777 2312 2054 2357 naturam.

481 2392 626 2459 Quid
654 2409 786 2465 ergo
816 2394 899 2449 eis
951 2409 1089 2464 epus
1134 2395 1240 2450 erit
1294 2393 1718 2466 participatione
1766 2388 1915 2456 Filii,
1965 2403 2060 2449 aut

483 2486 614 2558 quid
649 2485 774 2541 inde
809 2486 906 2542 eis
923 2487 1166 2549 accedet,
1198 2501 1324 2542 cum
1353 2497 1411 2541 ut
1459 2487 1574 2542 sint
1625 2486 1717 2540 lux
1749 2485 2058 2541 secundum

483 2591 638 2632 suam
690 2587 942 2632 naturam
991 2578 1123 2648 ipsa:
1170 2594 1391 2650 quoque
1449 2577 1712 2640 habeant,
1741 2592 1853 2632 non
1901 2592 2061 2632 secus

482 2683 549 2723 ac
583 2666 794 2724 Filius?
828 2666 937 2724 Sed
983 2669 1335 2725 illuminante
1383 2682 1524 2737 opus
1576 2667 1742 2721 habet
1783 2673 2060 2730 creatura,

483 2775 608 2816 cum
647 2758 794 2815 istud
821 2775 850 2813 a
882 2775 942 2814 se
993 2775 1101 2814 non
1163 2759 1360 2814 habeat
1395 2775 1408 2812 :
1443 2756 1590 2812 Deus
1633 2755 1802 2828 igitur
1831 2763 1918 2811 est
1965 2771 2064 2825 per

485 2861 739 2908 naturam
775 2850 973 2915 Filius,
1024 2862 1189 2920 atque
1241 2850 1451 2906 idcirco
1496 2849 1613 2914 lux,
1648 2855 1710 2903 ut
1761 2847 1856 2919 qui
1887 2847 2064 2920 possit

485 2943 801 2998 illuminare
827 2956 893 2996 ea
924 2957 1047 3012 qua:
1079 2941 1218 2997 lueis
1251 2940 1522 3012 indigent.

557 3117 790 3175 ALIUD.
818 3117 936 3174 Lux
984 3118 1285 3174 secundum
1331 3126 1582 3175 naturam
1636 3133 1793 3176 suam
1825 3134 1950 3176 cum
1993 3120 2066 3176 sit

489 3208 682 3279 Filius,
728 3219 823 3266 aut
864 3211 1009 3265 alius
1050 3220 1134 3265 est
1193 3225 1225 3264 a
1273 3219 1552 3276 creatura,
1608 3225 1806 3281 nempe
1855 3211 2068 3268 ratione

485 3306 766 3372 essentia,
790 3314 885 3358 aut
929 3302 1178 3374 ejusdem
1226 3317 1350 3359 cum
1411 3303 1530 3374 ipsa
1581 3311 1813 3360 naturae.
1846 3301 1906 3358 Si
1935 3319 2067 3376 ergo

488 3397 737 3464 ejusdem
808 3396 1027 3467 generis
1085 3403 1171 3451 est
1237 3410 1301 3451 ac
1356 3395 1702 3461 substantiae,
1742 3395 1970 3455 frustra.
2009 3403 2069 3449 ut

491 3487 729 3551 videtur,
753 3489 912 3542 nobis
943 3489 1020 3542 ait
1055 3506 1112 3543 ιι
1138 3485 1253 3559 Ego
1284 3487 1377 3542 lux
1404 3487 1461 3542 in
1497 3489 1760 3542 mundum
1790 3487 2004 3546 veni".
2041 3505 2060 3539 ι

493 3573 665 3630 ΙΙειΙιει
695 3576 843 3630 enim
876 3577 1038 3631 etiam
1068 3592 1099 3630 a
1131 3592 1191 3632 se
1217 3566 1474 3632 creatura
1528 3576 1674 3643 quod
1707 3576 1796 3631 lux
1819 3578 1893 3632 sit
1925 3592 1939 3628 :
1972 3577 2065 3632 lux

493 3674 675 3721 autem
736 3665 874 3720 lucis
930 3666 1210 3737 particeps
1247 3681 1372 3722 esse
1425 3681 1536 3721 non
1593 3667 1778 3730 debet,
1822 3674 1883 3721 ut
1936 3681 2069 3722 cen-

489 3762 680 3812 seatur
731 3771 857 3811 esse
897 3757 1006 3810 lux.
1047 3755 1156 3826 58
1188 3754 1281 3810 Sin
1334 3763 1517 3811 autem
1561 3755 1808 3826 ejusdem
1859 3763 2068 3812 naturae

493 3864 600 3903 non
633 3858 739 3915 est,
770 3848 865 3903 sed
898 3855 1153 3902 creatura
1184 3846 1330 3902 lucis
1361 3845 1586 3918 indiget,
1619 3862 1744 3902 cum
1784 3847 2021 3904 audierit
2049 3866 2066 3904 :

496 3959 516 3994 ι
555 3939 696 4007 Quid
734 3943 878 3995 enim
928 3940 1098 3996 habes
1152 3939 1297 4010 quod
1343 3955 1452 3995 non
1487 3940 1748 4011 accepisti
1776 3940 1860 3994 ὀἳ
1897 3959 1916 3992 ›
1969 3955 2066 3996 nc-

491 4033 740 4088 eessario
803 4033 971 4103 igitur
1020 4042 1240 4089 creatus
1291 4047 1416 4087 esse
1468 4047 1578 4087 non
1633 4033 1834 4102 poterit
1871 4029 2067 4098 Filius,

492 4125 600 4181 sibi
651 4123 815 4180 simul
849 4123 1125 4193 arripiens
1157 4121 1302 4192 quod
1337 4122 1621 4193 proprium
1667 4131 1756 4178 est
1801 4133 2070 4177 creaturae

493 4217 719 4270 bonum.
751 4215 872 4268 Non
926 4213 1073 4268 enim
1115 4223 1367 4267 creatura
1417 4213 1506 4267 lux
1559 4211 1664 4267 erit
1713 4220 1911 4268 natura
1947 4226 2067 4277 sua,

492 4303 590 4360 sed
616 4305 756 4358 lucis
789 4304 970 4373 potius
1006 4305 1190 4376 indiga
1227 4313 1282 4360 et
1308 4306 1607 4380 particeps.

2140 461 2272 514 αὐτὸ
2304 461 2507 532 κυρίως
2543 459 2660 513 ἐστὶ
2681 457 2815 529 φῶς·
2853 458 3038 530 ἕτερον
3071 458 3179 529 γάρ
3201 476 3253 511 τι
3270 459 3515 530 ὑπάρχον
3536 461 3594 513 ὲν
3615 462 3714 515 αὺ-

2141 553 2216 623 τῷ
2249 552 2518 621 φαίνεταιο
2544 551 2593 604 εί
2609 551 2788 604 τοίνυν
2811 548 3074 619 μεθεκτὸς
3101 552 3130 603 6
3153 549 3283 614 Tib;
3307 552 3420 613 τοῖς
3443 554 3714 621 γενητοῖς,

2141 645 2216 708 ὡς
2251 643 2385 713 φῶς,
2412 643 2597 714 ἕτερος
2618 643 2682 696 ἂν
2707 642 2790 713 εἴη
2821 641 2971 713 παρά
2999 641 3068 694 τὰ
3096 641 3390 712 μετέχοντα
3413 642 3576 695 αὑτοῦ
3624 645 3719 696 καὶ

2143 735 2321 805 φωτὸς
2348 735 2597 805 δεόμενα⁸
2631 733 2825 787 οὐκοῦν
2871 734 2932 786 οὑ
2985 733 3234 802 γενητὸς,
3276 733 3385 786 οὐδ’
3415 732 3607 804 ὥσπερ
3647 734 3719 789 τὰ

2143 827 2346 896 γενητὰ
2381 824 2708 896 φωτίζεσθαι
2739 826 2867 896 παρ’
2892 823 3080 896 ἑτέρου
3111 824 3310 894 ζητῶν·
3358 823 3489 888 Θεὸς
3519 823 3576 876 δὲ
3611 827 3719 896 ἄρα

2144 919 2349 982 λοιπὸν,
2374 918 2468 970 καὶ
2497 916 2752 986 φωτίζειν
2788 916 3104 986 δυνάμενος.
3131 915 3190 968 Ei
3215 915 3272 968 δὲ
3301 913 3480 978 τοῦτο,
3510 917 3603 970 καὶ
3620 917 3721 986 τῆς

2146 1011 2239 1065 τοῦ
2296 1009 2508 1081 Πατρὸς
2553 1009 2739 1071 οὐσίας
2797 1005 3119 1075 ὲκπεφυκὼς
3176 1005 3518 1077 νοηθήσεται,
3565 1008 3721 1078 εἴπερ

2147 1102 2243 1155 ἓνα
2277 1101 2693 1174 προτκυνοῦμεν
2751 1099 2907 1165 Θεὸν,
2939 1100 3033 1153 καὶ
3085 1100 3184 1171 οὐχ
3212 1099 3383 1171 ἑτέρῳ
3433 1101 3542 1153 τινὶ
3571 1101 3723 1173 παρὰ

2148 1196 2238 1249 τὸν
2270 1194 2398 1248 ὄντα
2419 1194 2776 1265 λατρεύομεν.

2219 1285 2421 1338 ΑΛΛΟ.
2454 1285 2564 1355 Τὴν
2595 1283 2700 1338 τῶν
2716 1285 2882 1337 ὀντων
2917 1283 3158 1354 ἀκριϐῶς
3180 1283 3524 1350 ἐξετάζοντες
3539 1285 3723 1354 φύσιν,

2150 1374 2282 1429 Θεὸν
2329 1375 2543 1446 ὁρῶμεν
2601 1376 2693 1428 καὶ
2739 1375 2952 1438 κτίσιν,
3001 1375 3097 1428 καὶ
3151 1375 3337 1447 ἕτερον
3378 1377 3470 1429 ἐπὶ
3516 1377 3724 1443 τούτοις

2151 1467 2324 1520 οὐδέν·
2362 1467 2390 1520 ὃ
2427 1467 2534 1538 γάρ
2570 1467 2636 1522 ἂν
2676 1468 2882 1540 ὲκπέσῃ
2915 1467 3007 1522 τοῦ
3035 1463 3171 1521 εἶναι
3201 1467 3333 1533 Θεὸς
3367 1469 3508 1524 κατὰ
3541 1469 3723 1540 φύσιν,

2151 1557 2311 1611 τοῦτο
2336 1558 2552 1621 πάντως
2579 1559 2694 1611 ἐστὶ
2720 1560 2962 1630 γενητόν·
3008 1559 3101 1613 καὶ
3131 1560 3266 1630 ὅπερ
3298 1558 3364 1614 ἂν
3385 1560 3475 1613 τὸν
3502 1559 3595 1614 τοῦ
3625 1579 3726 1614 πε-

2156 1652 2412 1722 ποιῆσθαι
2455 1652 2721 1724 διαφεύγῃ
2775 1653 2932 1721 λόγον
2951 1692 2967 1716 ,
3003 1652 3161 1706 τοῦτο
3193 1654 3286 1707 καὶ
3341 1653 3472 1707 είσω
3509 1654 3728 1720 πάντως

2153 1743 2272 1796 ἐστὶ
2300 1744 2406 1797 τῶν
2431 1744 2528 1813 τῆς
2554 1744 2806 1814 θεότητος
2823 1745 2986 1813 ὅρων.
3019 1744 3146 1797 "Ore
3175 1744 3352 1798 τοίνυν
3391 1744 3588 1816 ἄριστά
3611 1765 3728 1809 πως

2151 1835 2221 1890 τά
2265 1835 2489 1890 τοιαῦτα
2532 1836 2922 1907 διεσκέμμεθα,
2959 1836 3225 1904 λεγόντων
3273 1837 3404 1906 ἡμῖν
3435 1839 3483 1891 oi
3513 1841 3610 1908 τῆς
3632 1837 3729 1892 τοῦ

2153 1928 2288 1982 Θεοῦ
2317 1929 2413 1983 καὶ
2445 1928 2659 2000 Πατρὸς
2701 1929 2887 1992 οὐσίας
2926 1927 3254 1994 ἐξωθοῦντες
3283 1928 3376 1982 τὸν
3407 1929 3536 1982 Υίὸν
3563 1949 3574 1962 ι
3604 1929 3730 1994 Πῶς

2156 2021 2222 2076 ἂν
2241 2020 2454 2075 δύναιτο
2486 2021 2740 2090 φωτίζειν
2766 2021 2842 2084 ὡς
2869 2021 3004 2089 φῶς,
3038 2021 3166 2074 ἴδιον
3201 2020 3432 2092 ἐχούσης
3455 2022 3591 2075 αὐτὸ
3631 2023 3731 2092 τῆς

2157 2112 2306 2177 θείας
2331 2113 2564 2182 φύσεως,
2599 2112 2772 2183 ἑτέρῳ
2802 2112 2858 2166 δὲ
2893 2112 3327 2186 παραχωρούσης
3360 2114 3564 2182 οὐδενί;
3592 2116 3642 2168 εί
3674 2115 3732 2169 δὲ

2156 2206 2381 2278 γενητὸς
2428 2206 2687 2278 ὑπάρχων
2729 2208 2758 2260 6
2796 2205 2925 2272 Tib;
2947 2248 2962 2274 ,
3010 2208 3106 2262 καὶ
3154 2207 3269 2277 φῶς
3313 2205 3451 2264 εἶναι
3488 2209 3730 2276 δύναται,

2158 2298 2354 2368 φθάσει
2417 2299 2482 2370 δὴ
2556 2299 2772 2364 πάντως
2841 2301 2932 2354 ἐπὶ
2995 2301 3174 2356 πάντα
3243 2301 3311 2355 τὰ
3378 2308 3584 2374 γενητὰ
3637 2305 3734 2360 τοῦ

2160 2390 2636 2462 πλεονεκτήματος
2672 2393 2705 2462 ἡ
2733 2391 2915 2462 χάρις,
2950 2392 3102 2446 ἔσται
3137 2392 3194 2446 δὲ
3226 2393 3402 2448 πάντα
3435 2394 3551 2463 φῶς
3594 2398 3737 2450 κατὰ

2162 2479 2346 2550 φύσιν.
2377 2480 2472 2543 Τίς
2504 2475 2598 2533 οὖν
2633 2480 2820 2542 αὐτοῖς
2845 2481 2924 2534 ἔτι
2955 2482 3112 2554 χρεία
3135 2484 3234 2555 τῆς
3279 2482 3372 2538 τοῦ
3413 2483 3545 2538 Υίοῦ
3577 2503 3739 2557 μετο-

2159 2572 2283 2642 χῆς,
2316 2571 2350 2642 ἢ
2377 2572 2432 2624 τί
2461 2572 2522 2624 τὸ
2549 2572 2710 2626 πλέον
2754 2572 3003 2626 ἐντεῦθεν
3042 2575 3353 2646 εὑρήσουσι,
3389 2577 3532 2631 κατὰ
3575 2578 3738 2646 φύσιν

2161 2661 2352 2732 ἔχοντα
2394 2661 2489 2715 καὶ
2510 2663 2648 2718 αὐτὰ
2697 2663 2757 2717 τὸ
2785 2658 2928 2719 εἶναι
2966 2665 3115 2734 φῶς,
3157 2665 3349 2738 ὥσπερ
3389 2662 3481 2722 οῦν
3509 2668 3737 2740 ἀμέλει,

2163 2753 2257 2806 καὶ
2284 2752 2410 2817 Υἱὸς
2439 2756 2495 2808 ὲν
2539 2755 2748 2818 ἑαυτοῖς
2781 2753 2799 2827 [
2825 2773 2914 2826 γρ.
2952 2755 3206 2829 ἑαυτῷ];
3251 2757 3412 2812 ’Λλλὰ
3433 2759 3623 2831 χρῄζει
3643 2760 3740 2814 τοῦ

2165 2844 2490 2915 φωτίζοντος
2507 2849 2541 2918 ή
2573 2847 2776 2915 κτίσις,
2832 2849 3040 2904 οἴκοθεν
3059 2851 3158 2905 οὐκ
3186 2851 3386 2922 ἔχουσα
3415 2853 3592 2910 τοῦτο.
3609 2854 3742 2920 Θεὸς

2163 2937 2271 3009 ἄρα
2298 2936 2438 2992 κατὰ
2468 2938 2628 3007 φύσιν
2657 2941 2684 2993 6
2715 2939 2863 3008 Tib;,
2903 2941 2998 2995 καὶ
3040 2941 3129 2996 διὰ
3174 2941 3334 2998 τοῦτο
3379 2943 3516 3014 φῶς,
3547 2945 3626 3012 ὡς
3670 2945 3742 3000 τά

2088 3041 2134 3101 c
2167 3027 2342 3099 φωτὸς
2371 3027 2600 3098 δεόμενα
2629 3030 2883 3100 φωτίζειν
2911 3032 3225 3104 δυνάμενος.

2236 3121 2439 3175 ΑΛΛΟ.
2463 3120 2581 3185 ⁴Ιθῶς
2603 3123 2744 3177 κατὰ
2773 3122 2936 3193 φύσιν
2965 3127 3224 3198 ὑπάρχων
3248 3129 3278 3182 6
3305 3127 3452 3192 Tib;,
3497 3128 3531 3200 ἢ
3557 3127 3742 3200 ἕτερός

2167 3212 2281 3266 ἔστι
2315 3211 2466 3283 παρὰ
2487 3212 2584 3284 τὴν
2607 3213 2800 3282 κτίσιν,
2835 3215 2996 3287 δῆλον
3013 3217 3070 3272 δὲ
3105 3219 3189 3272 ὅτι
3215 3219 3357 3274 κατὰ
3383 3219 3476 3273 τὸν
3504 3220 3598 3274 τοῦ
3624 3221 3742 3286 πῶς

2167 3299 2305 3357 εἶναι
2331 3304 2509 3374 λόγον,
2546 3306 2579 3376 ἢ
2613 3306 2857 3378 ὁμοφυὴς
2888 3309 3048 3380 αὐτῇ.
3098 3310 3138 3364 E
3199 3312 3300 3382 μὲν
3347 3307 3442 3366 οὖν
3473 3313 3744 3383 ὁμογενὴς

2167 3397 2283 3450 ἐστι
2303 3397 2397 3450 καὶ
2425 3397 2728 3467 ὁμοούσιος,
2749 3398 2944 3472 μάτην,
2969 3399 3046 3465 ὡς
3095 3400 3290 3470 ἔοικεν,
3340 3404 3474 3475 ἡμῖν
3523 3403 3742 3473 ἔπεφοίο

2165 3500 2297 3556 τησε
2334 3483 2506 3554 λέγων
2537 3502 2550 3516 ·
2586 3505 2607 3539 ι
2631 3486 2772 3555 Ἐγὼ
2795 3488 2910 3556 φῶς
2947 3490 3027 3552 είς
3071 3488 3165 3544 τὸν
3189 3491 3394 3561 κόσμον
3433 3491 3687 3562 ἐλήλυθα·
3716 3511 3736 3545 ο

2167 3576 2284 3647 ἔχει
2314 3575 2424 3650 γὰρ
2465 3581 2500 3650 η
2536 3580 2714 3644 κτίσις
2757 3579 2968 3635 οἴκοθεν
3005 3581 3066 3635 τὸ
3092 3581 3210 3651 φῶς
3257 3579 3398 3637 εῖναι
3428 3585 3524 3637 καὶ
3556 3584 3695 3654 αὕτη
3724 3601 3737 3614 ·

2169 3667 2284 3738 φῶς
2311 3669 2368 3722 δὲ
2395 3669 2572 3738 φωτὸς
2618 3669 2906 3740 ἀμέτοχον,
2953 3671 3042 3725 ἶνα
3069 3672 3256 3741 νοῆται
3287 3672 3423 3742 φῶς·
3473 3675 3524 3727 εί
3558 3674 3615 3728 δὲ
3643 3674 3745 3726 οὐκ

2168 3759 2314 3814 ἐστιν
2348 3759 2617 3832 ὁμοφυὴς,
2663 3761 2833 3814 δεῖται
2858 3760 2915 3813 δὲ
2945 3761 3120 3830 φωτὸς
3154 3764 3189 3834 ἡ
3221 3764 3395 3828 κτίσις
3439 3763 3743 3828 ἀκούσασα,

2174 3873 2194 3905 ι
2233 3852 2299 3905 Τί
2335 3852 2445 3922 γάρ
2473 3852 2638 3922 ἔχεις,
2671 3853 2701 3906 ὃ
2727 3854 2828 3907 οὐκ
2875 3853 3085 3920 ἔλαϐες,
3127 3873 3147 3907 ι
3191 3856 3503 3926 ἀναγκαίως
3546 3858 3646 3928 ἥδη
3681 3855 3746 3910 τὸ

2169 3936 2308 3994 εἶναι
2341 3942 2565 4012 γενητὸς
2589 3944 2618 3995 ὁ
2645 3942 2773 4004 Υἱὸς
2804 3943 3167 4012 διαφεύξεται,
3201 3945 3535 4010 συνεξέλκων
3560 3947 3742 4016 ἑαυτῷ

2167 4032 2268 4102 τῆς
2301 4035 2530 4098 κτίσεως
2571 4035 2632 4089 τὸ
2660 4035 2789 4091 ίδιον
2822 4037 3044 4106 ἀγαθόν·
3072 4038 3133 4092 οῦ
3164 4039 3274 4110 γὰρ
3303 4039 3336 4110 ἡ
3369 4040 3547 4102 κτίσις
3590 4037 3743 4093 ἔσται

2169 4124 2310 4178 κατὰ
2343 4124 2504 4194 φύσιν
2552 4125 2613 4180 τὸ
2645 4126 2780 4198 φῶς,
2837 4130 3015 4200 φωτὸς
3050 4129 3108 4184 δὲ
3145 4131 3344 4200 μᾶλλον
3383 4131 3606 4203 δεομένη
3651 4133 3745 4188 καὶ

2172 4214 2413 4286 μέτοχος.

564 4391 795 4447 ALIUD.
834 4391 891 4446 Si
947 4393 1087 4448 nihil
1138 4375 1408 4466 suiipsius
1469 4375 1555 4452 est
1605 4395 1916 4468 particeps,
1971 4395 2060 4452 sed

2242 4395 2451 4452 ΔΔΛΟ.
2491 4396 2555 4450 Ei
2595 4396 2750 4452 οὐδὲν
2807 4396 3000 4454 ἑαυτοῦ
3050 4398 3294 4469 μέτοχον,
3351 4399 3567 4470 μετέχει
3613 4399 3670 4452 δὲ
3710 4400 3743 4467 ὴ

491 4491 747 4538 creatura
778 4480 976 4536 Filium
1018 4490 1076 4536 ut
1117 4482 1293 4539 lucem
1329 4485 1664 4556 participat;
1691 4503 1801 4543 non
1827 4497 2070 4560 estergo

495 4575 612 4643 ipse
657 4583 935 4636 creatura,
969 4573 1065 4628 sed
1127 4589 1308 4646 neque
1357 4584 1612 4631 creatura
1659 4577 1775 4642 lux,
1807 4578 1952 4649 quod
1987 4587 2072 4633 ta-

497 4677 618 4716 men
645 4671 727 4716 est
761 4661 956 4717 Filius.

565 4751 794 4808 ALIUD.
829 4750 886 4807 Si
946 4751 1096 4808 aliud
1151 4761 1236 4808 est
1295 4753 1632 4819 illuminare,
1667 4755 1815 4810 aliud
1864 4757 2068 4812 illumi-

417 4903 424 4917 μ
496 4841 641 4904 nari,
676 4840 821 4895 sicut
851 4855 1012 4911 agere
1051 4849 1106 4896 et
1136 4841 1273 4910 pati,
1302 4850 1358 4897 et
1407 4840 1681 4898 illuminat
1723 4845 1943 4916 quidem
1975 4843 2071 4901 Fi-

471 4932 625 5006 lius,
657 4930 1005 4984 illuminatur
1055 4937 1238 4985 autem
1275 4940 1529 4986 creatura
1563 4949 1576 4985 :
1609 4947 1719 4987 non
1753 4947 1886 5003 ergo
1926 4933 2071 4989 idem

421 5041 435 5110 ’ν
464 5007 580 5085 ,'cst
616 5020 790 5077 Filius
814 5029 870 5077 et
891 5029 1173 5088 creatura,
1199 5029 1262 5078 ut
1295 5036 1474 5093 neque
1501 5020 1556 5078 id
1586 5023 1734 5094 quod
1774 5024 1887 5096 agit
1929 5024 2071 5080 idem

494 5125 580 5170 est
609 5129 733 5168 cum
759 5128 826 5168 eo
861 5113 1006 5184 quod
1037 5114 1240 5184 agitur.

547 5203 610 5279 ~I.
653 5203 706 5258 5.
737 5206 804 5257 Et
829 5203 924 5257 tua:
949 5204 1004 5257 in
1033 5203 1258 5258 tenebris
1293 5203 1452 5270 lucet,
1479 5212 1530 5258 et
1572 5202 1797 5260 tenebris
1824 5221 1941 5260 eam
1964 5223 2075 5262 non

496 5296 1020 5374 comprehenderunt.

569 5381 894 5440 Necessario
970 5384 1132 5440 nobis
1215 5385 1659 5456 sapientissimus
1730 5386 2068 5458 evangelista

501 5474 899 5544 praecedentem
927 5475 1240 5533 'doctrinam
1268 5478 1545 5549 explicare
1580 5479 1684 5534 hoc
1719 5479 1841 5535 loco
1876 5495 2068 5552 aggre-

570 5651 616 5689 ⁸ο
652 5651 814 5710 Joan.
850 5671 961 5724 sn,
993 5657 1083 5714 46.
1159 5661 1205 5693 ³ο
1245 5659 1421 5717 lCor.
1458 5675 1548 5728 tv,
1581 5658 1634 5713 7.

2172 4485 2349 4550 κτίσις
2384 4485 2459 4549 ὡς
2502 4487 2678 4554 φωτὸς
2722 4487 2815 4542 τοῦ
2859 4488 3009 4542 Υίοῦ’
3057 4490 3156 4542 οὐκ
3185 4488 3295 4558 ἄρα
3343 4488 3520 4552 κτίσις
3551 4489 3744 4552 αὐτὸς.

2171 4578 2287 4632 ἀλλ’
2310 4579 2430 4632 οὐδὲ
2458 4581 2490 4648 ἡ
2521 4579 2698 4640 κτίσις
2729 4579 2790 4630 τὸ
2820 4579 2955 4647 φῶς,
2987 4579 3124 4646 ὅπερ
3152 4579 3301 4631 ἐστὶν
3333 4579 3363 4630 6
3394 4579 3542 4640 Ti6;.

2244 4754 2446 4808 ΛΛΔΟ.
2495 4750 2560 4806 El
2603 4751 2666 4805 τὸ
2723 4751 2976 4820 φωτίζειν
3031 4751 3238 4821 ἕτερον,
3299 4751 3482 4821 ἓτερον
3524 4748 3582 4801 δέ
3631 4747 3746 4800 ἐστι

2165 4845 2228 4899 τὸ
2266 4843 2632 4916 φωτίζεσθαι,
2675 4842 2751 4906 ὼς
2798 4841 3045 4912 ἐνέργεια
3078 4843 3173 4896 καὶ
3217 4841 3420 4906 πάθος,
3451 4841 3547 4893 καὶ
3578 4840 3746 4909 φωτί-

2167 4937 2251 5003 ζει
2280 4937 2378 5008 μὶν
2403 4937 2432 4990 6
2462 4935 2610 5000 Tib;,
2639 4935 2931 5004 φωτίζεται
2963 4934 3073 5006 δὲὴ
3115 4933 3310 4998 κτίσιςο
3341 4933 3441 4986 οὐκ
3471 4932 3578 5004 ἄρα
3601 4950 3746 4986 «ταυ-

2167 5027 2260 5081 τὸν
2292 5027 2422 5091 Tib;
2465 5025 2559 5081 καὶ
2574 5025 2776 5091 κτίσις,
2810 5027 2934 5080 ἐπεὶ
2960 5025 3094 5098 μηδὲ
3117 5025 3178 5079 τὸ
3213 5022 3471 5097 ἐνεργοῦν
3493 5023 3572 5094 τῷ
3596 5025 3748 5095 ἐνερ-

2170 5134 2270 5187 γου
2279 5117 2446 5188 μένῳ.

2245 5210 2353 5263 Καὶ
2386 5209 2453 5263 τὸ
2474 5208 2601 5279 φῶς
2627 5209 2694 5263 ἐν
2724 5207 2798 5280 τῇ
2835 5211 3049 5278 σκοτίᾳ
3076 5209 3296 5279 φαίνει,
3329 5207 3428 5262 καί
3462 5208 3501 5276 ἠ
3536 5208 3751 5262 σκοτία

2174 5297 2321 5353 αὐτὸ
2347 5301 2420 5353 οὐ
2446 5299 2794 5356 κατέλαϐεν.

2258 5389 2597 5458 ’Λναγκαίως
2631 5392 2760 5461 ἡμῖν
2798 5393 2826 5445 ὁ
2867 5391 3174 5462 σοφώτατος
3217 5388 3605 5461 εὐαγγελιστὴς
3649 5386 3747 5457 τὴν

2177 5483 2235 5536 ἐν
2264 5484 2376 5547 τοῖς
2406 5482 2736 5554 προλαϐοῦσι
2766 5482 2997 5555 θεωρίαν
3020 5484 3377 5540 ἐκπλατύνειν
3399 5482 3495 5537 καὶ
3513 5479 3599 5534 διὰ
3639 5479 3748 5533 τῶν
