4072 6210
343 286 435 345 ισι

1415 288 1481 346 IN
1519 289 1806 348 JOANNIS
1840 290 2284 349 EVA‘NGELIUM
2314 293 2440 351 LIB.
2485 295 2523 353 l.

3503 309 3608 366 ΜΞ

337 403 718 478 προκειμένων
740 404 1041 475 ἐπείγεται.
1069 405 1144 460 Οὐ
1169 404 1277 480 γάρ
1296 405 1468 479 δήπου
1489 409 1603 473 τοῖς
1631 408 1901 481 ἀκροωμέ-

2025 408 2191 465 ditur.
2224 409 2342 466 Non
2382 411 2530 466 enim
2567 412 2799 482 putabat
2829 413 3177 474 auditoribus
3221 421 3359 478 satis
3387 421 3506 479 fore
3536 429 3604 481 ad

333 516 446 563 νοις
470 499 810 570 ἀποχρήσειν
828 497 1080 569 ἐνόμιζεν
1103 499 1186 562 είς
1207 499 1270 552 τὸ
1295 498 1556 554 δύνασθαι
1585 501 1726 554 νοεῖν
1748 500 1924 555 ἀπλα-

336 591 443 655 νῶς
477 591 610 662 περὶ
650 588 747 643 τοῦ
789 589 926 644 Θεοῦ
993 589 1168 658 Λόγου
1195 629 1211 654 ,
1251 590 1444 663 ὅτιπερ
1484 591 1657 656 ὅντως
1711 594 1827 647 ἐστὶ
1863 593 1925 647 τὸ

337 681 454 752 φῶς
518 682 631 735 τῶν
666 680 972 752 ἀνθρώπιον
1015 680 1209 746 αὐτὸς,
1256 682 1344 737 διά
1376 683 1471 736 τοῦ
1511 685 1680 753 φάναι
1727 685 1886 756 μόνον
1904 701 1920 718 ⁸

340 793 359 824 ι
409 775 572 845 Καὶή
621 772 735 844 ζωὴ
766 769 836 844 ἦν
877 773 940 827 τὸ
965 773 1082 842 φῶς
1117 773 1224 828 τῶν
1270 773 1573 846 ἀνθρώπων
1598 792 1612 807 ·
1664 795 1682 827 ι
1720 773 1788 848 ἦν
1813 778 1923 850 γάρ

333 865 398 937 δὴ
428 865 524 918 καὶ
565 863 738 929 είκδς,
784 863 1276 935 ἀναδειχθήσεσθαί
1329 882 1484 930 τινας
1541 866 1924 932 ἀϐασανίστως

333 956 445 1010 τῶν
462 956 772 1026 λεγομένων
795 955 1116 1020 ἀκούονταςο
1139 956 1234 1010 καὶ
1257 956 1321 1029 δὴ
1343 958 1439 1011 καὶ
1459 958 1805 1030 πρεσϐεύειν,
1827 959 1922 1012 καὶ

331 1048 556 1118 ἐτέρους
613 1047 890 1100 διδάσκειν
947 1046 1271 1119 ἐπιχειρεῖν,
1320 1049 1403 1102 ὅτι
1451 1049 1568 1119 φῶς
1609 1049 1710 1121 μὲν
1749 1050 1920 1114 ὅντως

332 1139 483 1191 ἐστὶν
508 1141 538 1191 6
558 1136 653 1192 τοῦ
678 1136 816 1191 Θεοῦ
837 1136 1030 1207 Λόγος,
1053 1137 1195 1209 πλὴν
1214 1138 1276 1193 ού
1301 1140 1434 1194 πᾶσι
1458 1139 1636 1209 φωτὸς
1659 1142 1914 1212 χορηγόςο

331 1229 447 1282 ἀλλ’
479 1223 562 1294 οἷς
589 1229 656 1284 ἂν
689 1229 852 1293 αὐτὸς
886 1228 1165 1301 βούληται,
1205 1229 1266 1283 τὸ
1294 1229 1396 1300 τῆς
1423 1230 1693 1294 συνέσεως
1741 1231 1917 1302 ἐνίησι

329 1321 471 1390 φῶς,
503 1319 815 1390 δοκιμάζων
846 1321 938 1374 τὸν
971 1321 1255 1391 ὀφείλοντα
1285 1322 1490 1387 λαϐεῖν,
1525 1324 1625 1377 καὶ.
1651 1323 1755 1392 τῆς
1772 1323 1917 1376 οὕτω

326 1413 594 1485 λαμπρᾶς
630 1414 778 1480 ἀξιον
829 1414 959 1468 ὅντα
983 1415 1216 1484 δωρεᾶςο
1252 1417 1286 1486 ἡ
1313 1416 1371 1470 δέ
1404 1433 1468 1485 γε
1499 1415 1609 1470 τῶν
1635 1417 1808 1472 ἀλλων
1830 1417 1918 1470 λο-

291 1505 509 1572 ,γικῶν
537 1506 852 1574 κτισμάτων
897 1504 1080 1574 φύσις,
1113 1504 1146 1575 ἢ
1178 1505 1238 1570 ἐξ
1263 1506 1481 1561 οἰκείων
1513 1507 1703 1580 ὥσπερ
1750 1525 1916 1580 σπερ-

329 1594 541 1664 μάτων,
567 1594 666 1664 τὴν
701 1593 794 1647 ἐπὶ
823 1594 900 1665 τῷ
945 1593 1204 1650 δύνασθαι
1233 1597 1448 1666 φρονεῖν
1480 1596 1788 1668 ἐρανίζεται
1819 1597 1913 1652 δύο

328 1702 516 1755 ναμιν,
545 1686 581 1756 ἢ
625 1685 901 1756 ἐντίθησιν
942 1687 1082 1757 αὐτῇ
1123 1685 1247 1740 νοῦν
1294 1688 1396 1741 καὶ
1447 1686 1664 1760 σύνεσιν
1711 1690 1740 1742 6
1781 1687 1911 1753 Θεὸς

2025 513 2174 560 recte
2205 505 2616 576 intelligendum
2649 506 2739 562 Dei
2763 505 3005 563 Verbum
3043 526 3235 566 revera
3267 529 3393 568 esse
3427 515 3605 573 lucem

2024 595 2335 658 hominum,
2364 598 2410 652 si
2445 597 2714 652 duntaxat
2752 598 2961 654 diceret
3000 620 3014 656 :
3065 619 3082 652 ι
3135 602 3197 656 Et
3229 605 3339 659 vita
3365 618 3484 661 erat
3515 609 3605 663 lux

2023 685 2333 740 hominum.
2373 704 2391 737 ι
2431 685 2725 741 Probabile
2772 689 2917 742 enim
2969 698 3087 744 erat
3139 694 3358 750 futuros
3387 697 3606 768 aliquos

2020 780 2116 850 qui
2145 788 2351 835 temere
2373 789 2428 834 et
2461 781 2870 837 inconsiderate
2898 796 2959 836 ea
2993 799 3116 853 quae
3144 785 3411 842 dicuntur
3445 805 3605 860 cape-

2021 878 2160 928 rent.
2197 870 2447 940 aliosque
2477 871 2738 926 ducerent
2764 887 2828 928 ac
2861 873 3144 930 traderent
3180 877 3355 933 lucem
3384 881 3604 949 quidem

2022 975 2213 1016 revera
2259 977 2383 1018 esse
2419 960 2512 1017 Dei
2549 961 2822 1026 Verbum,
2870 973 2928 1019 at
2991 981 3100 1021 non
3151 970 3412 1027 omnibus
3465 973 3605 1028 lucis

2021 1050 2368 1121 largitorem,
2411 1051 2505 1106 sed
2541 1053 2744 1123 quibus
2775 1055 2902 1108 velit
2936 1056 3247 1125 prudentia:
3290 1060 3464 1115 lucem
3503 1063 3606 1115 im-

2019 1142 2262 1204 mittere,
2293 1157 2531 1213 eumque
2568 1147 2804 1216 probare
2827 1151 2926 1218 qui
2963 1150 3165 1220 dignus
3209 1154 3280 1208 sit
3316 1161 3432 1208 tam
3468 1155 3598 1209 illu-
3677 1131 3685 1140 ’

2018 1233 2118 1290 stri
2152 1234 2298 1290 dono
2326 1253 2339 1290 :
2377 1243 2635 1292 caeterum
2669 1239 2901 1294 aliarum
2939 1252 3319 1300 creaturarum
3353 1225 3602 1302 rationa-

2017 1325 2150 1380 lium
2229 1335 2482 1381 naturam
2557 1337 2652 1382 aut
2718 1345 2784 1386 ex
2871 1335 3115 1403 propriis
3193 1336 3602 1404 quodammodo

2016 1417 2324 1474 seminibus
2357 1418 2663 1488 prudentia:
2691 1421 2798 1475 vim
2845 1425 3120 1494 accipere,
3147 1413 3244 1480 aut
3285 1428 3599 1501 intelligen-

2015 1511 2147 1567 tiam
2200 1512 2250 1566 ei
2295 1511 2758 1584 prudentiamque
2808 1529 2838 1569 a
2885 1514 2993 1570 Deo
3035 1532 3100 1571 ac
3155 1516 3319 1574 Patre
3357 1520 3597 1587 immitti,

2014 1603 2174 1673 quasi
2224 1619 2332 1658 non
2390 1606 2565 1674 possit
2598 1605 2746 1660 istud
2801 1615 3065 1676 praestare
3114 1608 3310 1667 Filius.
3358 1609 3430 1665 Ut
3466 1629 3600 1685 ergo

2015 1690 2373 1746 manifestum
2413 1693 2589 1762 lierel,
2622 1695 2800 1763 ipsum
2827 1693 2995 1750 Deum
3036 1695 3274 1753 Verbum
3313 1700 3366 1754 in
3400 1696 3512 1756 Deo
3535 1719 3598 1758 ac

327 1777 424 1830 καὶ
449 1773 659 1848 Πατὴρ,
689 1776 766 1841 ὡς
791 1778 892 1830 οὐκ
919 1776 1264 1849 ἐξισχύοντος
1284 1778 1440 1833 τοῦτο
1465 1778 1598 1850 δρᾷν
1626 1779 1721 1833 τοῦ
1753 1779 1901 1834 Υίοῦ.

2012 1784 2173 1840 Patre
2197 1787 2364 1842 vitam
2396 1802 2521 1844 esse
2555 1796 2721 1859 atque
2751 1789 2952 1857 lucem,
2978 1807 3086 1847 non
3111 1793 3424 1864 aliquorum
3457 1797 3598 1851 «lun-

326 1876 448 1930 Ἷνα
472 1872 653 1926 τοίνυν
681 1872 942 1942 φαίνηται
994 1871 1182 1941 σαφῶς
1210 1872 1373 1938 αὐτὸς
1406 1873 1436 1926 6
1462 1872 1594 1937 Θεὸς
1629 1873 1820 1943 Λόγος,
1848 1873 1908 1939 δς

323 1963 397 2038 ἦν
433 1968 491 2018 ἐν
519 1963 642 2033 Θεῷ
689 1963 786 2017 καὶ
821 1964 1018 2034 ιίατρὶ,
1048 1964 1143 2017 καὶ
1189 1962 1326 2036 ζωὴ,
1357 1965 1454 2021 καὶ
1486 1964 1622 2035 φῶς,
1652 1965 1714 2019 ού
1745 1965 1908 2021 τινῶν

329 2057 433 2128 μὲν
481 2055 588 2110 ἀνά
631 2052 817 2126 μέρος,
854 2053 1060 2125 ἐτέρων
1111 2052 1172 2107 δὲ
1201 2053 1409 2116 οὐκέτι,
1441 2053 1578 2111 ἀλλὰ
1607 2055 1750 2111 κατά
1785 2072 1906 2111 τινα

326 2148 627 2222 μετουσίας
653 2148 887 2219 ipsum
926 2145 1149 2218 τρόπον,
1186 2147 1263 2212 ὡς
1319 2147 1484 2218 σοφία
1540 2149 1638 2203 καὶ
1692 2149 1908 2214 σύνεσις

323 2243 490 2312 (ὅπερ
513 2240 660 2293 ἐστὶν
683 2240 742 2292 ἐν
767 2240 881 2302 τοῖς
908 2237 1147 2308 λογικοῖς
1167 2239 1228 2292 τὸ
1250 2239 1582 2312 καλούμενον
1599 2240 1762 2312 φῶς),
1781 2243 1908 2294 ἑαυα-

321 2333 415 2387 τδν
441 2333 584 2397 ὅλοις
611 2335 724 2394 τοῖς
763 2327 882 2386 οὖσι
928 2332 1292 2402 καταμιγνὺς,
1325 2332 1412 2386 ἵνα
1455 2331 1806 2403 λογικεύηται
1837 2331 1908 2387 τά

319 2425 536 2495 λογικά,
567 2426 664 2480 καὶ
686 2424 948 2496 φρόνησιν
971 2423 1072 2498 ἔχῃ
1096 2424 1165 2479 τά
1195 2427 1511 2497 φρονήσεως
1542 2424 1786 2492 δεκτικὰ,
1805 2425 1906 2478 ούκ

321 2518 390 2574 ἂν
418 2518 623 2590 ἑτέρως
671 2513 813 2572 εἶναι
841 2515 1002 2572 τοῦτο
1033 2515 1333 2588 δυνηθέντα
1378 2517 1542 2573 ποτέ·
1591 2515 1906 2586 ἀναγκαίως

322 2613 509 2684 φησὶν,
545 2613 630 2666 δτι
659 2611 755 2666 καὶ
789 2630 808 2664 ι
839 2609 912 2664 T6
936 2611 1051 2680 φῶς
1093 2613 1152 2666 ἐν
1180 2614 1248 2684 τῇ
1288 2610 1478 2681 σκοτία
1513 2609 1715 2681 φαίνει,
1752 2607 1902 2680 καὶὴ

323 2707 510 2761 σκοτία
524 2706 658 2760 αὐτὸ
675 2705 737 2759 ού
755 2705 1074 2760 κατέλαϐεν.
1100 2706 1305 2761 ’Μόνον
1324 2704 1432 2778 γάρ
1451 2703 1574 2776 οὐχὶ
1592 2701 1834 2772 τοιοῦτόν
1849 2718 1904 2756 τι

319 2801 435 2863 τοῖς
454 2798 822 2870 ἀκροωμένοις
837 2800 900 2853 ἐκ
916 2797 1120 2868 πολλῆς
1142 2797 1430 2871 ἀκριϐείας
1457 2796 1682 2869 ἀναϐοᾷο
1700 2796 1898 2866 Ἕφην,

321 2883 371 2943 ὦ
402 2882 570 2955 οῦτοι,
584 2889 754 2944 καίτοι
777 2889 984 2960 σφόδρα
1011 2888 1280 2942 διδάσκων
1311 2887 1380 2942 τά
1413 2886 1612 2958 ἀληθῆ,
1633 2885 1732 2957 τὴν
1756 2883 1901 2957 ζωὴν

319 2977 600 3036 εἶναιτῶν
625 2979 929 3053 ἀνθρώπων
977 2981 1039 3035 τὸ
1072 2982 1209 3051 φῶς,
1234 2981 1336 3053 οὐχ
1380 2980 1470 3034 ἴνα
1500 2981 1596 3050 νοῇ
1633 2994 1717 3043 τις
1751 2976 1809 3032 ἓν
1835 2994 1901 3047 γε

319 3073 439 3136 τοῖς
462 3069 688 3143 παροῦσι
736 3069 974 3142 μάλιστα
1027 3069 1228 3139 λόγοις,
1275 3070 1336 3136 ἐξ
1389 3070 1576 3143 ἐτέρου
1624 3067 1898 3172 πολιτείας
1923 3107 1971 3172 c

311 3163 642 3235 κομίζεσθαι
668 3163 839 3235 γέρας
902 3162 995 3217 τὸν
1034 3164 1163 3234 παρ’
1206 3162 1372 3217 αὑτοῦ
1425 3167 1726 3234 φωτισμὸν,
1769 3159 1898 3225 τοὺς

309 3257 540 3326 ὅσοιπερ
576 3253 644 3309 ἂν
675 3254 948 3323 φαίνοιντο
1003 3253 1210 3309 δίκαιοί
1229 3269 1290 3307 τε
1343 3253 1436 3309 καὶ
1482 3252 1676 3322 ἀγαθοί
1719 3266 1734 3282 ·
1781 3250 1897 3306 ἀλλ’

316 3347 407 3400 ἵνα
472 3347 778 3418 μανθάνητε
824 3346 1008 3410 πάλιν,
1033 3347 1222 3418 ὅτιπερ
1273 3345 1333 3401 δν
1369 3345 1571 3418 τρόπον
1634 3345 1783 3399 ἐστὶν
1837 3343 1898 3398 ἐν

313 3441 454 3494 πᾶσι
473 3440 587 3503 τοῐς
617 3439 894 3508 γεγονόσιν
921 3439 950 3492 6
981 3437 1152 3506 Λόγος
1174 3437 1310 3509 ζωὴ,
1345 3435 1626 3506 ζωογονῶν
1655 3434 1896 3506 δηλονότι

308 3530 383 3586 τά
403 3529 552 3601 ζωῆς
569 3529 822 3585 δεκτικά’
843 3529 1016 3592 οὕτως
1036 3527 1185 3583 ἐστὶν
1209 3529 1268 3582 ἐν
1289 3529 1473 3593 αὐτοῖς
1505 3530 1603 3584 καὶ
1641 3528 1782 3600 φῶς,
1824 3527 1896 3583 τά

309 3623 584 3687 συνέσεώς
615 3638 677 3676 τε
698 3623 793 3677 καὶ
826 3623 1140 3695 φρονήσεως
1167 3621 1420 3688 δεκτικά,
1446 3621 1606 3677 τοῦτο
1632 3621 1894 3677 δεικνύων

305 3717 451 3788 ὅπερ
471 3715 578 3769 είσί
594 3732 608 3745 ·
626 3715 804 3770 πάντα
827 3715 938 3786 γὰρ
963 3716 1021 3769 ἐν
1043 3714 1179 3769 πᾶσί
1200 3714 1350 3768 ἐστιν
1385 3715 1416 3768 6
1445 3714 1634 3786 Πατὴρ
1657 3714 1725 3768 δι’
1760 3713 1892 3769 Υίοῦ

307 3812 371 3863 ἐν
407 3807 712 3878 Πνεύματι.
754 3807 981 3862 Σκοτίαν
1011 3807 1070 3862 δὲ
1102 3797 1361 3880 ὀνομάζει
1393 3807 1494 3880 τὴν
1528 3807 1624 3862 τοῦ
1657 3805 1890 3879 φωτίζε-

303 3899 437 3954 σθαι
459 3899 726 3970 δεομένην
742 3897 910 3969 φύσιν
926 3898 1336 3962 καθόλου,τοῦτ’
1359 3898 1606 3972 ἐστι,τὴν
1631 3901 1889 3972 γενητήν.

321 3990 542 4062 Ἐπειδὴ
586 3991 698 4061 γὰρ
747 3989 910 4044 αὑτὸν
953 3989 1200 4061 ὠνόμασε
1227 3990 1291 4043 τὺ
1325 3989 1461 4060 φῶς,
1494 3991 1686 4063 ἑτέραν
1726 3987 1892 4046 οὖσαν

309 4080 668 4134 ἐπιδεικνύων
695 4081 796 4153 τὴν
825 4081 1016 4135 ἐπιδεᾶ
1048 4081 1142 4135 καὶ
1173 4081 1441 4152 ἀμέτοχον
1480 4079 1592 4154 [Ion
1639 4081 1888 4155 μέτοχον]

309 4168 487 4224 αὑτοῦ
539 4172 710 4224 κτίσιν
739 4171 986 4243 λογικὴν,
1027 4172 1108 4236 είς
1157 4171 1221 4226 τὸ
1277 4171 1521 4227 ἐναντίον
1565 4173 1889 4244 περιτρέπει

303 4259 411 4316 τοῦ
475 4263 872 4335 σημαινομένου
923 4261 1025 4336 τὴν
1071 4262 1318 4334 δύναμιν,
1371 4263 1475 4317 οὐκ
1526 4263 1634 4316 ἀπὸ
1661 4261 1886 4328 σκοποῦ,

304 4353 453 4407 κατά
483 4370 546 4422 γε
589 4355 681 4408 τὸν
732 4355 1003 4427 ἡμέτερον
1047 4354 1195 4420 νοῦν,
1229 4355 1323 4408 καὶ
1347 4353 1508 4408 τοῦτο
1544 4352 1736 4418 ποιῶν,
1770 4353 1887 4408 ἀλλ’

2011 1884 2182 1943 taxat,
2228 1878 2462 1933 aliorum
2505 1895 2616 1934 non
2666 1880 2820 1945 item,
2873 1882 2970 1936 sed
3037 1883 3304 1940 inell'abili
3351 1888 3593 1956 quodam

2007 1973 2538 2028 communicationis
2585 1973 2770 2040 modo,
2805 1984 2934 2045 puta
2965 1991 3092 2031 cum
3128 1979 3201 2033 sit
3231 1981 3503 2050 sapientia
3541 1991 3596 2037 et

2007 2063 2304 2134 prudentia
2341 2065 2510 2135 (quod
2541 2066 2596 2120 in
2626 2067 2863 2124 rationis
2896 2071 3246 2140 compmibus
3288 2073 3462 2127 lucem
3496 2089 3593 2143 ap-

2009 2155 2322 2226 pellamus),
2360 2157 2607 2226 seipsum
2645 2158 2920 2216 universis
2968 2159 3134 2217 rebus
3170 2160 3502 2225 immiscere.
3534 2171 3596 2218 ut

2007 2245 2300 2300 rationalia
2364 2246 2642 2301 rationem
2710 2247 3002 2318 accipiant,
3055 2256 3111 2305 et
3172 2249 3590 2323 intelligentiam

2007 2333 2246 2392 habeant
2297 2351 2420 2407 quae
2456 2337 2579 2406 ejus
2619 2345 2750 2392 sunt
2797 2340 3045 2410 capacia,
3087 2356 3191 2398 nec
3232 2341 3395 2398 aliter
3444 2343 3590 2400 istud

2007 2437 2242 2498 possunt
2293 2428 2537 2498 assequi,
2579 2429 2898 2485 necessario
2930 2431 3118 2496 infert,
3159 2451 3178 2484 ι
3233 2441 3288 2488 et
3319 2434 3494 2491 lucem
3535 2436 3590 2490 in

2005 2518 2249 2576 tenebris
2286 2519 2494 2585 lucere,
2525 2525 2583 2575 et
2626 2520 2886 2576 tenebras
2916 2537 3037 2577 eam
3074 2539 3182 2578 non
3227 2526 3590 2596 comprehen-

2004 2609 2174 2666 disse.
2212 2629 2232 2663 ι
2261 2609 2318 2666 Id
2351 2610 2499 2666 enim
2537 2610 2934 2682 propemodum
2965 2612 3308 2670 auditoribus
3341 2615 3590 2672 studiose

2003 2702 2267 2759 inclamat
2303 2721 2318 2758 :
2348 2701 2490 2765 Dixi,
2517 2718 2552 2758 o
2581 2703 2743 2771 boni,
2771 2704 3057 2760 veritatem
3089 2721 3214 2760 cum
3242 2706 3436 2777 primis
3461 2707 3588 2763 edo-

2001 2808 2158 2859 cens,
2183 2793 2352 2848 vitam
2383 2792 2492 2864 59
2509 2808 2634 2849 esse
2663 2793 2948 2848 hominum
2969 2793 3170 2856 lucem,
3197 2811 3304 2850 non
3340 2807 3398 2851 ut
3430 2797 3588 2868 quis-

2001 2899 2168 2957 quam
2201 2899 2270 2940 ex
2299 2883 2388 2940 his
2422 2885 2608 2942 verbis
2629 2885 2908 2942 existimet
2933 2901 3032 2943 eos
3055 2887 3148 2958 qui
3174 2886 3312 2958 justi
3346 2898 3400 2944 et
3424 2891 3584 2960 probi

2001 2990 2128 3033 esse
2146 2975 2404 3032 videntur
2434 2976 2665 3034 aliunde
2691 2979 2816 3033 vita
2846 2978 3175 3035 Christiana:
3191 2980 3399 3036 donum
3429 2983 3582 3037 acci-

2000 3078 2170 3136 pere,
2215 3065 2476 3122 nimirum
2525 3068 2986 3124 illuminationem
3016 3111 3033 3136 ,
3100 3070 3198 3127 sed
3240 3080 3302 3128 ut
3353 3071 3587 3132 discatis

2001 3172 2222 3224 rursus,
2243 3159 2414 3230 quod,
2449 3175 2562 3230 quo
2591 3160 2754 3215 modo
2774 3169 2859 3217 est
2886 3162 2940 3216 in
2962 3162 3222 3221 omnibus
3238 3165 3403 3221 rebus
3430 3181 3584 3222 crea-

1999 3247 2071 3305 tis
2102 3247 2340 3304 Verbum
2396 3252 2537 3317 vita,
2571 3251 2860 3308 viviﬁcans
2913 3269 3110 3325 nempe
3170 3271 3236 3311 ea
3291 3272 3413 3328 qua:
3457 3257 3582 3314 vita

1990 3347 2130 3400 Sunt
2181 3342 2424 3412 capacia,
2475 3343 2550 3398 ita
2607 3358 2828 3415 quoque
2861 3360 2988 3401 esse
3028 3346 3085 3402 in
3137 3345 3206 3403 iis
3244 3347 3421 3404 lucem
3458 3365 3582 3420 quae

1997 3433 2372 3504 intelligentiae
2409 3443 2466 3490 et
2509 3436 2820 3506 prudentiae
2864 3445 2995 3492 sunt
3039 3439 3292 3510 capacia,
3328 3440 3382 3496 id
3429 3443 3578 3512 quod

1994 3534 2127 3581 sunt
2156 3525 2420 3582 elliciens.
2459 3524 2656 3582 Omnia
2693 3527 2838 3582 enim
2884 3539 2970 3584 est
2997 3529 3052 3584 in
3092 3530 3354 3588 omnibus
3387 3531 3576 3596 Pater.

1994 3636 2093 3692 per
2124 3618 2348 3684 Filium,
2392 3619 2447 3675 in
2503 3617 2733 3690 Spiritu.
2783 3621 3068 3677 Tenebras
3112 3631 3294 3678 autem
3333 3625 3578 3680 nominat

1994 3720 2250 3769 naturam
2294 3712 2435 3767 lueis
2479 3711 2742 3783 indigam,
2777 3711 2883 3768 hoc
2930 3720 3018 3769 est
3067 3729 3286 3770 omnem
3349 3716 3578 3771 omnino

1993 3813 2262 3860 creatam.
2289 3803 2589 3875 Postquam
2617 3805 2766 3859 enim
2796 3804 2978 3875 ipsum
3005 3805 3184 3859 lucem
3215 3806 3572 3876 nuncupavit,

1993 3897 2160 3950 aliam
2202 3911 2325 3952 esse
2364 3896 2664 3952 ostendens
2701 3896 3036 3967 indigentem
3073 3905 3126 3950 et
3175 3896 3353 3967 ipsius
3395 3899 3568 3969 parti-

1992 3989 2170 4058 cipem
2197 3994 2512 4043 creaturam
2553 3987 2904 4052 rationalem,
2942 3987 2996 4043 in
3031 3989 3369 4044 contrarium
3408 3992 3570 4046 vertit

1990 4080 2100 4135 vim
2130 4087 2186 4136 et
2228 4079 2495 4134 rationem
2529 4064 2653 4148 ejus
2708 4078 2860 4150 quod
2903 4078 3268 4152 signiﬁcatur,
3317 4097 3426 4135 non
3473 4082 3572 4138 abs

1990 4187 2074 4236 re,
2103 4186 2224 4228 meo
2266 4171 2500 4244 judicio,
2535 4171 2591 4227 id
2625 4171 2857 4236 faciens,
2893 4173 2988 4228 sed
3019 4172 3164 4242 quod
3197 4173 3340 4243 apud
3385 4189 3446 4230 se
3474 4191 3572 4230 eo.

1994 4264 2214 4334 gitaret,
2242 4279 2428 4320 rerum
2471 4272 2784 4318 creatarum
2811 4270 3087 4328 naturam,
3117 4279 3243 4319 cum
3275 4264 3494 4322 nihilex
3511 4283 3571 4323 se

1990 4371 2224 4426 prorsus
2255 4354 2523 4426 proferat,
2559 4354 2655 4410 sed
2689 4369 2854 4411 omne
2894 4369 3055 4410 suum
3093 4370 3237 4418 esse.
3272 4365 3327 4409 et
3360 4366 3568 4412 rectum

302 4447 485 4500 έκεῖνο
502 4446 567 4516 δὴ
588 4448 806 4511 πάντως
829 4447 951 4502 καθ’
964 4448 1153 4502 ἑαυτὸν
1183 4448 1462 4520 ἐννοήσας,
1499 4448 1580 4500 ὅτι
1604 4447 1712 4500 τῶν
1732 4463 1888 4519 γενη·

2000 4448 2328 4504 consistendi
2349 4447 2571 4503 modum
2599 4448 2795 4503 habeat
2821 4447 2891 4502 ab
2915 4447 3132 4518 opiﬁce,
3164 4447 3289 4517 jure
3325 4449 3520 4506 audire
3551 4471 3566 4506 :

301 4535 413 4588 τῶν
438 4537 475 4606 ἡ
508 4535 690 4605 φύσκ,
717 4536 871 4590 οὐδὲν
897 4537 1034 4602 ὅλως
1069 4537 1128 4606 ἐξ
1156 4537 1326 4610 αὐτῆς
1362 4536 1705 4608 πηγάζουσα,
1741 4537 1886 4608 σύμ-

302 4643 416 4680 παν
446 4626 505 4680 δὲ
553 4616 616 4681 τδ
667 4622 808 4682 εἶναι
839 4629 936 4682 καὶ
963 4628 1025 4682 τὸ
1063 4624 1122 4684 εὖ
1151 4624 1292 4684 εἶναι
1326 4628 1550 4683 τοιῶσδε
1595 4629 1759 4699 τυχδν
1800 4629 1887 4684 δε-

299 4719 509 4790 χομένη
533 4719 686 4791 παρά
700 4719 795 4774 τοῦ
813 4725 888 4792 Δη
897 4719 1181 4792 μιουργοῦ,
1194 4719 1416 4784 δικαίως
1432 4718 1617 4774 ἀκούει
1633 4733 1648 4749 ⁸
1661 4721 1754 4774 (Τί
1775 4720 1884 4792 γὰρ

297 4811 446 4880 ἔχεις
475 4811 506 4863 δ
535 4812 639 4865 οὐκ
676 4812 895 4878 ἔλαϐες;
923 4831 942 4864 s
976 4811 1196 4882 Ἐπειδὴ
1234 4811 1291 4866 δέ
1344 4811 1482 4884 πρὸς
1537 4813 1647 4875 τοῖς
1680 4811 1882 4876 ἀλλοις.

294 4904 392 4956 καὶ
414 4901 552 4956 αὐτὸ
573 4901 850 4958 θεόσδοτον
876 4903 988 4975 ἔχει
1015 4904 1077 4957 τὸ
1115 4903 1253 4974 φῶς,
1285 4905 1387 4958 οὐκ
1414 4902 1612 4973 ἔχουσα
1639 4902 1882 4974 δηλονότι

294 4994 567 5064 λαμϐάνει
585 5011 601 5028 ο
633 4996 696 5049 τὸ
720 4995 778 5050 δέ
805 4997 921 5066 φῶς
944 4996 1046 5051 οὑκ
1066 4995 1190 5068 ἔχον
1213 4996 1273 5062 ἐξ
1304 4995 1523 5059 ἐαυτοῦ,
1542 4996 1660 5060 πῶς
1688 4998 1788 5050 ούκ
1814 4995 1882 5051 ἂν

291 5087 380 5158 εῐη
407 5087 470 5140 τὸ
501 5085 744 5141 ἐναντίον
762 5089 828 5160 ;ἦ
856 5089 976 5152 πῶς
1005 5089 1108 5144 οὐκ
1133 5089 1200 5143 ἃν
1235 5087 1445 5158 λέγοιτο
1470 5089 1687 5156 σκοτίας
1711 5089 1883 5145 Πιθα-

287 5176 360 5246 vi)
391 5175 524 5247 ⁸β-ὶρ,
563 5176 763 5246 μᾶλλον
794 5177 853 5231 δὲ
893 5177 996 5250 ἠδη
1026 5179 1122 5232 καὶ
1157 5178 1559 5251 ἀναγκαιοτάτη
1598 5179 1720 5234 λίαν
1744 5180 1882 5234 ἀπό-ν

282 5266 480 5331 δειξις,
503 5265 600 5321 τοῦ
628 5267 729 5339 τήν
761 5269 861 5339 μὲν
895 5269 1071 5322 κτίσιν
1090 5265 1232 5323 εἶναι
1263 5269 1505 5335 σκοτίαν,
1533 5271 1648 5341 φῶς
1685 5270 1744 5325 δέ
1777 5272 1879 5326 πά-

282 5358 374 5411 λιν
409 5359 504 5412 τὸν
549 5359 644 5413 τοῦ
693 5360 831 5415 Θεοῦ
872 5363 1064 5431 Λόγον,
1093 5363 1154 5417 τὸ
1205 5363 1418 5434 φαίνειν
1463 5363 1522 5414 ἐν
1555 5365 1622 5434 τῇ
1683 5363 1876 5434 σκοτίᾳ

281 5450 349 5504 τὸ
391 5451 534 5520 φῶς.
570 5452 633 5506 Ei
673 5452 783 5525 γάρ
821 5453 1034 5526 δέχεται
1079 5455 1189 5510 τῶν
1228 5454 1473 5527 γενητῶν
1517 5454 1551 5526 ἡ
1590 5453 1750 5523 φύσις
1781 5454 1875 5509 τὸν

281 5542 382 5599 τοῦ
419 5544 560 5599 Θεοῦ
595 5545 765 5616 Λόγον
803 5549 944 5603 κατά
989 5549 1304 5620 μετουσίαν,
1356 5549 1431 5614 ὡς
1469 5548 1606 5621 φῶς,
1639 5547 1674 5622 ἢ
1706 5549 1781 5616 ὠς
1811 5552 1875 5604 ἐκ

361 5723 406 5759 ¹¹
442 5724 469 5783 ι
503 5725 615 5782 Cor
671 5741 766 5789 tv.
807 5732 857 5786 7.

1995 4560 2015 4591 ε
2049 4537 2191 4607 Quid
2217 4539 2362 4594 enim
2401 4537 2573 4592 babes
2632 4535 2778 4607 quod
2820 4551 2930 4590 non
2969 4537 3230 4606 accepisti
3258 4537 3338 4590 "i
3377 4556 3396 4590 ι
3431 4537 3567 4592 Cum

1987 4639 2171 4685 autem
2207 4637 2408 4701 prmter
2436 4639 2633 4684 caetera
2673 4628 2848 4696 ipsam
2897 4641 3120 4698 quoque
3157 4626 3424 4683 divinitus
3466 4629 3568 4682 da-

1985 4730 2096 4778 tam
2147 4723 2323 4778 lucem
2374 4721 2594 4787 haheat,
2629 4735 2750 4775 eam
2803 4719 2992 4791 utique
3038 4733 3164 4775 cum
3211 4736 3321 4774 non
3349 4720 3566 4785 habeat,

1985 4815 2185 4884 accipit
2229 4834 2242 4869 :
2288 4813 2434 4885 quod
2473 4828 2605 4868 vero
2655 4811 2832 4867 lucem
2875 4827 2942 4867 ex
2997 4811 3177 4882 seipse
3219 4828 3326 4866 non
3380 4811 3564 4877 habet,

1983 4906 2263 4978 quomodo
2297 4897 2410 4962 non
2468 4905 2574 4960 erit
2623 4903 3006 4958 contrarium?
3046 4909 3135 4957 aut
3177 4902 3450 4972 quomodo
3488 4912 3566 4957 te-

1981 4996 2166 5052 nebra:
2212 5011 2323 5052 non
2371 4995 2660 5051 dicentur?
2704 4991 2992 5049 Probabile
3023 4991 3192 5058 enim,
3236 4990 3346 5044 imo
3369 5007 3562 5047 neces-

1981 5089 2188 5147 sarium
2232 5096 2614 5159 argumentum
2660 5093 2746 5142 est
2780 5090 3090 5138 creaturam
3118 5097 3240 5136 esse
3285 5081 3558 5148 tenebras,

1981 5182 2075 5239 Dei
2116 5189 2299 5237 autem
2335 5179 2575 5236 Verbum
2622 5177 2828 5241 lucem,
2863 5173 3010 5245 quod
3049 5191 3067 5225 ι
3109 5173 3197 5226 lux
3231 5173 3285 5226 in
3321 5173 3564 5230 tenebris

1979 5274 2145 5328 lucet.
2180 5288 2198 5322 ι
2227 5269 2366 5324 Nam
2403 5269 2450 5324 si
2483 5281 2667 5322 rerum
2715 5274 3023 5321 creatarutn
3062 5270 3256 5316 natura
3295 5261 3387 5316 Dei
3428 5261 3563 5316 Ver-

1980 5363 2110 5419 bum
2157 5377 2254 5432 per
2305 5357 2783 5431 participationem
2833 5351 3054 5421 accipit,
3109 5361 3168 5406 nt
3217 5353 3417 5418 lucem,
3470 5364 3563 5409 aut

1981 5461 2240 5524 tanquam
2268 5468 2334 5508 ex
2371 5451 2514 5514 luce,
2543 5449 2661 5519 ipsa
2692 5445 2912 5518 quidem
2943 5451 3001 5498 ut
3030 5444 3265 5499 tenebrae
3300 5444 3558 5500 nimirum

1981 5545 2218 5618 accipit;
2252 5545 2399 5603 lucet
2437 5549 2623 5598 autem
2654 5539 2710 5596 in
2754 5539 2875 5611 ipsa
2908 5535 3053 5594 velut
3085 5534 3140 5593 in
3173 5539 3413 5596 tenebris
3445 5539 3556 5602 ius,
