4072 6210
257 345 366 401 105

1350 333 1416 388 IN
1455 324 1739 386 JOANNIS
1761 319 2202 382 EVANGELIUM
2238 325 2365 382 LIB.
2405 327 2446 383 Ι.

3411 326 3510 382 106

259 461 360 533 μὲν
380 457 490 511 τῶν
506 454 676 523 ἁγίων
712 452 1058 525 μαρτύρωνὴ
1083 451 1333 522 ξυνωρὶς,
1369 449 1552 510 πίστις
1579 445 1634 499 δὲ
1658 441 1839 496 λοιπὸν

1948 454 2064 510 quae
2112 457 2238 498 cum
2287 442 2626 515 plenitudine
2669 443 2821 516 legis,
2857 452 2969 500 tum
3006 459 3368 516 personarum
3402 450 3506 522 61

255 544 556 618 οὐδαμόθεν
584 541 1034 615 κατηγορουμένη
1063 542 1173 605 τοῖς
1201 539 1510 610 λεγομένοις
1540 534 1835 605 ὀφείλεται,

256 640 352 692 καὶ
384 639 444 691 τὸ
478 639 541 691 ὲκ
565 636 731 706 νόμου
754 633 994 688 λαϐοῦσα
1017 634 1308 704 πλήρωμα,
1327 631 1419 684 καὶ
1445 631 1510 700 τῇ
1537 627 1649 681 τῶν
1670 643 1835 698 προσ-

254 729 422 783 ώπων
483 727 810 798 περιφανείᾳ
877 724 1260 796 βεδαιουμένη.
1312 722 1384 775 Τὸ
1433 723 1529 792 μὲν
1569 715 1661 774 οἷν
1711 719 1839 789 περὶ

257 820 454 875 ἑαυτοῦ
480 837 534 874 τι
565 820 731 887 φάναι
763 817 856 872 τὸν
881 817 1149 888 μακάριον
1178 811 1588 883 εὑαγγελιστὴν,
1607 811 1700 865 καὶ
1730 810 1838 863 τῶν

261 915 409 968 ίδίων
432 911 722 982 ἐγκωμίων
751 909 1084 979 ἐφάψασθαι,
1125 907 1379 979 φορτικὸν
1423 902 1492 976 ἦν
1523 905 1709 967 ὅντως,
1748 904 1840 957 καὶ

257 1003 432 1066 ἄλλως
482 1001 806 1054 ἀπαίδευτον
830 1016 842 1029 ·
895 994 931 1070 ἦ
958 998 1068 1069 γὰρ
1100 997 1166 1051 ἀν
1204 998 1402 1068 ἤκουσε
1451 993 1694 1057 δικαίως,
1727 1011 1745 1044 ‹
1767 992 1838 1044 Σὺ

259 1095 390 1166 περὶ
417 1093 643 1147 σεαυτοῦ
703 1093 1018 1163 μαρτυρεῖς,
1058 1092 1093 1160 ἡ
1146 1086 1420 1159 μαρτυρία
1448 1103 1538 1140 σου
1566 1085 1666 1138 οὑκ
1694 1083 1839 1136 ἔστιν

257 1188 484 1256 ἀληθής.
509 1205 526 1238 ι
549 1185 651 1238 Διά
668 1201 750 1237 τοι
768 1183 926 1236 τοῦτο
945 1185 1057 1246 τοῖς
1081 1181 1276 1235 εἰδόσιν
1307 1179 1466 1233 αὑτὸν
1493 1177 1562 1231 τά
1576 1176 1828 1230 καθ’ὲαυ·

257 1278 351 1332 τδν
375 1280 514 1330 νοεῖν
550 1277 857 1346 ἐπιτρέπει,
905 1276 996 1329 ἐπὶ
1033 1275 1089 1328 δὲ
1139 1273 1233 1326 τὸν
1269 1271 1555 1344 ὁμώνυμον
1596 1269 1834 1340 ἔρχεται,

259 1367 444 1430 καλῶς
475 1385 538 1435 γε
569 1366 773 1436 σφόδρα
800 1365 958 1418 τοῦτο
991 1364 1290 1430 ποιῶν,καὶ
1314 1360 1646 1416 ἀπεστάλθαι
1677 1358 1840 1429 φησὶν

257 1460 427 1513 αὑτὸν
482 1459 632 1530 παρά
689 1455 849 1511 Θεοῦ.
887 1455 1034 1509 Ἔδει
1081 1455 1188 1526 γάρ
1229 1455 1329 1508 οὑκ
1374 1452 1687 1523 αὐτόμολον,
1719 1449 1840 1506 οὑδὲ

255 1554 579 1624 αὑτοκλήτῳ
599 1551 798 1621 σπουδῇ
830 1549 965 1620 πρὸς
993 1549 1088 1620 τὴν
1119 1547 1260 1619 ὑπὲρ
1287 1545 1380 1600 τοῦ
1411 1545 1660 1616 Σωτῆρος
1682 1543 1840 1614 ήμῶν

261 1649 409 1701 ἰόντα
433 1644 737 1716 μαρτυρίαν
761 1642 1025 1696 δεικνύειν
1046 1641 1136 1694 τὸν
1165 1640 1318 1708 άγιον
1351 1637 1680 1708 Βαπτιστὴν,
1705 1635 1839 1691 ἀλλὰ

254 1744 370 1803 τοῖς
393 1739 597 1794 ἀνωθεν
619 1734 1061 1805 διατεταγμένοις
1088 1732 1398 1797 ὑπείκοντα,
1423 1731 1518 1785 καὶ
1542 1733 1655 1795 τοῖς
1678 1729 1841 1792 θείοις

256 1832 354 1886 τοῦ
381 1832 592 1902 [ἰατρὸς
622 1827 997 1900 ὑπηρετοῦντα
1025 1826 1309 1898 θελήμασι.
1343 1823 1442 1877 Διά
1473 1821 1632 1877 τοῦτό
1654 1839 1835 1892 φησιν·

265 1944 282 1974 ι
345 1923 590 1991 Ἐγένετο
671 1919 954 1992 ἄνθρωπος
1013 1917 1420 1988 ἀπεσταλμένος
1483 1913 1632 1986 παρά
1679 1912 1837 1978 Θεοῦ,

255 2016 433 2084 ὄνομα
495 2011 644 2082 αὑτῷ
712 2010 984 2079 Ἰωάννης.
1046 2028 1065 2062 ι
1137 2006 1522 2078 Ἐπιτηρητέον
1572 2004 1628 2058 δὲ
1693 2005 1842 2066 ὅπως

257 2105 486 2175 ἀσφαλῆ
529 2121 586 2156 τε
629 2103 722 2156 καὶ
779 2102 1056 2172 πρέποντα
1090 2100 1179 2154 τὸν
1219 2100 1347 2170 περὶ
1392 2097 1622 2152 ἑκάστου
1685 2096 1840 2165 λόγον

257 2197 583 2266 ἐποιήσατο,
623 2194 714 2248 καὶ
747 2196 809 2264 τῇ
841 2193 948 2246 τῶν
973 2191 1390 2264 σημαινομένων
1417 2189 1578 2260 φύσει
1605 2189 1840 2260 ἐπάλλη-

255 2292 372 2346 λον.
417 2291 539 2344 Ἐπὶ
573 2289 670 2361 μὲν
696 2289 802 2362 γάρ
835 2287 928 2342 τοῦ
958 2286 1092 2342 Θεοῦ
1121 2287 1316 2358 Λόγου,
1348 2287 1407 2341 τὸ
1435 2306 1452 2339 ι
1481 2282 1549 2358 ἦν
1569 2305 1588 2339 ι
1612 2286 1838 2341 ἀκολού-

257 2382 370 2445 θως
405 2380 734 2450 ἐἰσφέρεται
786 2376 1037 2448 πανταχῆ
1091 2376 1190 2448 τὴν
1247 2375 1528 2445 ἀῖδιὸτητα
1577 2375 1839 2444 σημαῖνον

259 2471 449 2536 αὑτοῦ,
480 2472 575 2525 καὶ
602 2471 664 2523 τὸ
699 2471 875 2541 πάσης
907 2469 1083 2539 ἀρχῆς
1113 2466 1213 2538 τῆς
1243 2469 1300 2522 ὲν
1332 2465 1509 2538 χρόνῳ
1535 2463 1840 2535 πρεσϐύτεο

265 2579 379 2633 ρον,
430 2563 522 2616 καὶ
557 2561 618 2612 τὸ
675 2557 1003 2628 πεποιῆσθαι
1061 2555 1300 2628 νομίζειν
1357 2555 1518 2608 αὑτὸν
1556 2551 1836 2625 ἀναιροῦν.

260 2655 340 2708 Τὸ
366 2654 476 2725 γὰρ
496 2653 554 2706 ὃν
585 2652 672 2706 ἀεὶ
706 2651 823 2714 πῶς
855 2649 921 2704 ἂν
958 2649 1130 2702 νοοῖτο
1162 2646 1255 2700 καὶ
1297 2644 1524 2715 γενητόν
1553 2660 1567 2710 ;
1621 2642 1742 2696 Ἐπὶ
1784 2641 1840 2695 δὲ

259 2746 357 2800 τοῦ
387 2745 653 2816 μακαρίου
682 2741 1008 2808 Βαπτιστοῦ,
1052 2739 1368 2812 πρεπόντως
1397 2736 1581 2808 φησίν·
1614 2753 1632 2788 ‹
1687 2733 1838 2804 Ἐγέ-

260 2854 388 2892 νετο
413 2836 699 2908 ἄνθρωπος
747 2831 1156 2903 ἀπεσταλμένος
1194 2827 1348 2901 παρὰ
1401 2827 1557 2894 Θεοῦ,
1593 2845 1612 2880 ι
1649 2825 1724 2890 ὡς
1753 2825 1838 2879 ἐπ’

261 2930 559 3003 ἀνθρώπου
600 2927 831 3000 γενητὴν
877 2927 1090 2997 ἔχοντος
1129 2923 1226 2996 τὴν
1253 2921 1434 2994 φύσιν.
1477 2921 1634 2973 Δοκεῖ
1654 2918 1710 2972 δέ
1750 2935 1841 2989 μοι

261 3024 366 3078 καὶ
419 3022 541 3076 λίαν
579 3020 995 3091 ὴσφαλισμένως
1040 3019 1097 3072 έν
1129 3015 1338 3079 τούτοις
1377 3017 1406 3068 ὁ
1453 3011 1842 3084 εὑαγγελιστὴς

1941 532 2191 590 claritate
2238 536 2619 592 conﬁrmatur.
2666 535 2741 592 De
2789 551 2848 592 se
2896 545 3077 593 autem
3115 539 3261 609 loqui
3289 541 3511 596 beatum

1941 625 2354 696 evangelistam.
2379 643 2616 698 suasque
2654 628 2844 684 laudes
2877 630 3166 702 attingere,
3193 647 3357 703 grave
3379 648 3512 688 sane

1941 713 2172 782 fuisset,
2212 731 2277 771 ac
2331 718 2663 789 caeleroquin
2726 720 3061 791 imperitum.
3110 722 3332 793 Alioqui
3387 724 3512 794 jure

1942 804 2246 861 audiisse‘t:
2282 825 2299 858 ι
2322 806 2403 862 Tu
2451 809 2518 863 de
2546 809 2720 880 teipso
2767 811 3102 878 testiﬁcaris,
3135 816 3508 871 testiinonium

1943 905 2094 953 tuum
2130 914 2236 953 non
2270 909 2353 954 est
2381 917 2567 956 verum
2585 904 2673 956 η’.
2713 921 2730 954 ι
2753 903 2963 959 Idcirco
2998 905 3066 961 iis
3111 908 3313 977 quibus
3347 918 3510 965 notus

1941 995 2080 1050 erat,
2098 988 2334 1059 seipsum
2361 993 2626 1062 permittit
2645 996 3076 1065 agnoscendum,
3095 1007 3148 1053 et
3162 990 3533 1071 liomonymia

1944 1077 2134 1141 utitur,
2168 1094 2268 1136 nec
2329 1081 2427 1139 abs
2484 1099 2560 1150 re,
2610 1094 2662 1140 et
2695 1085 2923 1140 missum
2971 1103 3094 1143 esse
3141 1090 3213 1143 ait
3259 1092 3437 1160 ipsum
3480 1108 3510 1145 a

1942 1167 2076 1226 Deo.
2109 1168 2346 1226 Decehat
2385 1175 2530 1228 enim
2587 1176 2876 1232 ostendere
2926 1189 3178 1235 sanctum
3211 1167 3509 1251 Baptistam

1943 1278 2050 1317 non
2092 1279 2188 1332 per
2227 1280 2306 1329 se,
2343 1280 2443 1321 nec
2498 1283 2595 1322 sua
2649 1278 2844 1338 sponte
2891 1271 2959 1326 ad
3017 1275 3390 1329 testimonium
3445 1275 3512 1330 dc

1943 1357 2230 1416 Salvatore
2260 1372 2453 1416 nostro
2481 1362 2764 1418 ferendum
2796 1348 3116 1431 accessisse,
3143 1369 3234 1424 sed
3260 1370 3512 1439 supernis

1943 1451 2214 1507 mandatis
2245 1452 2674 1524 obtemperasse,
2707 1471 2769 1512 ac
2806 1459 3006 1514 divinis
3058 1455 3237 1516 Patris
3287 1461 3510 1516 utilibus

1941 1557 2148 1598 morem
2199 1547 2459 1613 gessisse.
2503 1545 2774 1612 Quocirca
2824 1548 3047 1620 inquit:
3091 1571 3108 1603 ι
3162 1551 3286 1606 Fuit
3347 1552 3511 1608 homo

1943 1631 2149 1687 missus
2191 1647 2220 1686 a
2257 1632 2388 1697 Deo,
2424 1636 2510 1689 cui
2552 1651 2749 1691 nomen
2798 1645 2916 1692 erat
2950 1635 3208 1692 Joannes.
3254 1657 3272 1690 ο
3311 1637 3512 1694 Obser-

1944 1724 2181 1778 vandum
2211 1733 2390 1780 autem
2420 1735 2524 1793 est,
2572 1744 2681 1798 quo
2717 1737 2873 1799 pacto
2907 1711 3077 1794 certa,
3112 1732 3304 1786 idonea
3337 1742 3389 1785 et
3425 1747 3512 1786 re-

1944 1830 2064 1870 rum
2095 1824 2306 1872 naturae
2337 1821 2748 1876 accommodata
2779 1822 3028 1879 oratione
3063 1830 3266 1879 utatur.
3299 1823 3514 1880 Etenim

1943 1907 2096 1973 illud,
2130 1927 2148 1960 ι
2189 1919 2329 1974 erat,
2372 1929 2389 1963 ι
2426 1910 2493 1965 de
2524 1911 2631 1967 Deo
2663 1911 2842 1968 Verbo
2876 1923 3243 1970 consentanee
3283 1915 3509 1980 dicitur,

1941 2002 2300 2057 aeternitatem
2337 2003 2480 2072 ejus,
2531 2011 2585 2059 et
2625 2005 3001 2075 antiquitatem
3054 2006 3204 2060 omni
3244 1989 3514 2078 principio

1942 2093 2202 2163 temporis
2247 2094 2485 2165 priorem
2516 2096 2718 2166 ubique
2750 2098 3092 2169 signiﬁcans,
3117 2109 3170 2156 et
3199 2101 3511 2172 opinionem

1941 2186 2088 2257 quod
2115 2195 2330 2244 creatus
2362 2189 2451 2253 sit,
2482 2203 2549 2243 ex.
2588 2191 2770 2245 animo
2802 2207 3028 2262 prorsus
3061 2193 3322 2248 evellens.
3359 2193 3514 2260 Quod

1940 2279 2085 2332 enim
2111 2293 2328 2349 semper
2373 2288 2476 2345 est,
2518 2282 2792 2351 quomodo
2819 2292 3064 2339 creatum
3099 2287 3238 2340 erit?
3257 2285 3332 2340 De
3356 2285 3516 2342 beato

1942 2381 2072 2422 vero
2116 2367 2362 2438 Baptista
2411 2372 2801 2429 convenienter
2836 2375 2932 2438 ait,
2971 2393 2989 2426 ι
3029 2374 3152 2431 Fuit
3183 2377 3346 2433 homo
3384 2378 3516 2434 mis-

1943 2471 2038 2512 sus
2096 2470 2127 2510 a
2181 2456 2314 2520 Deo,
2354 2477 2373 2511 ›
2422 2465 2612 2529 utpote
2665 2461 2732 2517 de
2793 2463 3017 2519 homine
3078 2475 3258 2521 creata
3320 2475 3515 2522 natura

1942 2547 2192 2619 praedito.
2228 2546 2357 2602 Mihi
2393 2557 2575 2604 autem
2621 2552 2838 2607 videtur
2868 2554 2956 2608 hic
2989 2557 3327 2626 evangelista
3361 2568 3518 2612 caute

1944 2639 2239 2694 admodum
2292 2640 2498 2707 dicere,
2546 2658 2655 2699 non
2714 2645 3038 2716 simpliciter
3085 2665 3103 2698 ‹
3139 2645 3286 2711 Fuit,
3344 2667 3364 2699 ι
3420 2649 3515 2704 sed

1943 2731 2152 2797 addito,
2194 2751 2213 2784 ι
2252 2733 2433 2798 homo,
2469 2753 2488 2786 ι
2525 2738 2870 2792 temerariam
2899 2738 3264 2809 quorumdam
3299 2751 3518 2797 senten-

1944 2821 2076 2877 tiam
2137 2832 2398 2881 evertere.
2435 2824 2554 2881 Jam
2604 2827 2750 2882 enim
2803 2827 2858 2883 in
2911 2829 3106 2901 vulgus
3160 2831 3316 2887 multi
3363 2847 3520 2904 spar-

1944 2921 2154 2983 serant,
2191 2931 2321 2972 vere
2357 2916 2637 2974 hominem
2685 2933 2797 2974 non
2853 2933 2976 2976 esse
3039 2915 3294 2976 sanctum
3333 2920 3520 2993 Bapti-

1945 3022 2109 3080 stam,
2155 3008 2250 3066 sed
2308 3023 2478 3063 unum
2534 3025 2565 3066 e
2618 3011 2824 3068 sanctis
2880 3012 3088 3084 angelis
3139 3013 3265 3070 coeli
3298 3013 3518 3077 incolis.

259 3116 368 3186 οὑχ
395 3114 575 3178 ἁπλῶς
603 3113 686 3166 ὃτι
709 3131 728 3164 ι
749 3111 971 3182 γέγονεν
1007 3129 1025 3164 ι
1056 3111 1249 3174 εἰπεῖν,
1277 3108 1411 3164 ἀλλά
1443 3107 1531 3162 διὰ
1559 3106 1650 3161 τοῦ
1672 3123 1842 3177 προσο

1949 3103 2188 3158 humano
2233 3101 2450 3174 quidem
2513 3105 2742 3176 corpo're
2787 3111 3051 3172 utentem‘,
3093 3112 3148 3162 et
3203 3106 3432 3162 missum
3484 3100 3523 3163 ἰ

263 3209 439 3262 θεῖναι
471 3203 562 3259 καὶ
593 3225 611 3257 ι
638 3205 948 3275 ἄνθρωπος,
985 3221 1003 3255 ι
1043 3201 1408 3272 ἀὸουλοτάτην
1433 3199 1594 3253 τινῶν
1621 3199 1848 3269 ἀνατρέ-

259 3316 387 3352 πειν
412 3297 688 3352 ὑπόνοιαν.
725 3295 863 3367 Ἤδη
887 3295 994 3367 γάρ
1014 3312 1096 3358 τις
1119 3295 1268 3364 παρὰ
1283 3293 1495 3358 πολλοῖς
1517 3291 1848 3365 περιηνέχθη

257 3391 442 3458 λόγος,
478 3390 580 3443 οὑκ
611 3388 891 3460 ἄνθρωπον
916 3385 1082 3450 ὅντως
1106 3385 1368 3457 ὑπάρχειν
1400 3385 1560 3454 φύσει
1581 3383 1672 3438 τὸν
1695 3381 1849 3452 ἅγιον

260 3479 582 3553 Βαπτιστὴν
610 3477 962 3551 διαθρυλλῶν,
1023 3476 1136 3531 ἀλλ’
1175 3477 1271 3530 ἕνα
1320 3475 1439 3530 τῶν
1460 3475 1628 3529 ὄντων
1659 3476 1716 3528 ὲν
1737 3476 1850 3537 τοῖς

259 3573 515 3642 οὐρανοῖς
561 3570 734 3639 ἁγίων
800 3568 1046 3636 ἀγγέλων
1067 3607 1082 3633 ,
1133 3567 1460 3639 ἀνθρωπίνῳ
1505 3563 1849 3637 χρησάμενον

264 3661 506 3732 σώματι,
537 3663 632 3715 καὶ
661 3661 798 3733 πρὸς
834 3660 892 3712 τὸ
943 3659 1236 3730 κηρύττειν
1266 3657 1673 3729 ἀπεσταλμένον
1698 3655 1852 3726 παρά

262 3752 424 3808 Θεοῦ.
471 3753 790 3825 Ἐξεύρηται
827 3751 883 3805 δὲ
924 3750 1087 3804 πάλιν
1115 3751 1298 3815 αὐτοῖς
1335 3751 1435 3822 τῆς
1468 3749 1723 3813 ὑπονοίας
1752 3750 1850 3819 τῆς

265 3850 362 3900 ἐπὶ
391 3845 566 3915 τούτῳ
601 3846 894 3917 πρόφασις,
926 3844 987 3896 τὸ
1017 3841 1268 3914 εἰρῆσθαι
1298 3841 1446 3912 παρά
1474 3840 1632 3894 Θεοῦ-
1664 3859 1682 3892 ‹
1719 3840 1849 3894 Ἰδοὺ

266 3937 382 4005 ἐγὼ
406 3935 723 3990 ἀποστέλλω
749 3934 838 3987 τὸν
877 3933 1107 4002 ἄγγελόν
1147 3950 1248 4004 μου
1271 3933 1377 4005 πρὸ
1410 3929 1703 4004 προσώπου
1731 3947 1848 3995 σου,

266 4029 328 4092 ὃς
381 4027 782 4082 κατασκευάσει
832 4027 928 4097 τὴν
981 4027 1099 4080 ὁδόν
1173 4042 1267 4079 σου
1320 4022 1628 4095 ἔμπροσθέν
1679 4040 1790 4079 σου.
1826 4041 1845 4075 ι

280 4115 747 4186 ’Δποσφάλλονται
778 4115 835 4168 δὲ
872 4117 970 4187 τῆς
997 4113 1255 4184 ἀληθείας
1287 4116 1334 4166 οἱ
1359 4115 1482 4185 τῇδε
1515 4112 1849 4179 δοξάζοντες,

263 4208 333 4260 οὐ
374 4206 616 4269 νοοῦντες
635 4248 649 4270 ,
676 4207 758 4258 ὅτι
786 4205 847 4259 τὸ
875 4206 1126 4277 ἄγγελος
1153 4204 1323 4274 ὄνομα
1345 4204 1684 4275 λειτουργίας
1713 4203 1853 4275 μᾶλ-

268 4297 363 4352 λόν
398 4299 572 4364 ἐστιν,
605 4297 746 4367 ἥπερ
776 4297 964 4360 οὐσίας
997 4294 1346 4366 σημαντικὸν,
1376 4292 1563 4365 ὥσπερ
1587 4291 1681 4348 οὑν
1718 4293 1854 4364 ἀμέ-

272 4391 376 4455 λει,
403 4390 500 4442 καὶ
526 4389 584 4441 ἐν
626 4391 737 4452 τοῖς
794 4388 934 4441 κατά
993 4387 1084 4442 τὸν
1121 4387 1389 4460 μακάριον
1431 4386 1549 4440 ’1ὼὸ
1573 4385 1730 4450 ἀλλος
1762 4387 1850 4441 ἐπ’

273 4483 420 4553 ἄλλῳ
460 4481 744 4552 τρέχουσιν
770 4480 990 4550 ἄγγελοι
1049 4479 1118 4534 τὰ
1143 4479 1456 4534 πολύπλοκα
1490 4478 1850 4550 κηρύττοντες

275 4574 443 4644 πάθη,
478 4576 575 4628 καὶ
610 4575 730 4636 ταῖς
788 4573 1104 4644 ἀνηκέστοις
1159 4572 1393 4636 ἐκείναις
1443 4570 1846 4641 διακονούμενοι

277 4669 606 4738 συμφοραῖς.
621 4664 822 4736 Ὀρίζει
853 4665 910 4718 δέ
931 4683 982 4719 τι
1002 4664 1240 4719 τοιοῦτον
1259 4664 1350 4718 ἐπὶ
1375 4664 1485 4718 τῶν
1496 4665 1664 4733 ἁγίων
1679 4664 1848 4733 ἀγγέ-

275 4759 376 4812 λων
409 4760 506 4813 καὶ
536 4757 698 4820 αὑτὸς
730 4758 862 4827 ἡμῖν
894 4758 922 4810 ὁ
950 4756 1258 4825 σοφώτατος
1283 4757 1494 4823 Παῦλος
1521 4756 1848 4811 ἐπιστέλλων

241 4874 250 4921 ς
277 4853 368 4906 ὡδί
395 4869 406 4883 ·
443 4871 463 4902 ‹
504 4851 638 4920 υὺχλ⁸
671 4850 870 4912 πάντες
903 4849 1009 4902 εἰσὶ
1052 4848 1399 4918 λειτουργικὰ
1444 4849 1727 4921 πνεύματα
1769 4852 1850 4914 είς

277 4942 550 4996 διακονίαν
576 4939 1139 5011 ἀποστελλόμενα,διά
1173 4940 1300 5002 τοὺς
1331 4940 1617 5009 μέλλοντας
1651 4941 1850 5012 κληρο-

277 5035 460 5104 νομεῖν
510 5023 812 5101 σωτηρίαν;
879 5050 897 5080 ι
956 5031 1164 5085 Οὑκοῦν
1236 5029 1466 5099 ἄγγελος
1515 5032 1542 5083 ὁ
1587 5032 1852 5103 μακάριος

273 5122 591 5193 Βαπτιστὴς
631 5121 882 5190 Ἰωάννης
904 5121 992 5175 διὰ
1016 5122 1113 5192 τῆς
1134 5123 1229 5175 τοῦ
1253 5121 1524 5175 Δεσπότου
1547 5124 1854 5192 κατωνόμα-

273 5234 398 5271 σται
428 5215 638 5285 φωνῆς,
664 5215 766 5268 οὑκ
791 5214 952 5277 αὑτὸς
986 5215 1128 5267 κατά
1163 5215 1322 5283 φύσιν
1367 5213 1594 5283 ἄγγελος
1620 5211 1714 5280 ὣν,
1738 5214 1854 5267 ἀλλ’

265 5309 346 5372 ὡς
374 5309 454 5371 είς
482 5307 548 5360 τὸ
579 5307 862 5376 ἀγγέλλειν
913 5307 1341 5378 ἀπεσταλμένος,
1390 5306 1507 5372 καὶ,
1550 5326 1567 5359 ι
1596 5306 1706 5378 Τὴν
1739 5307 1855 5362 ὁδὸν

1950 3191 2062 3250 Deo
2092 3195 2160 3251 ad
2188 3194 2622 3267 praedicandum.
2645 3195 2816 3267 Cujus
2850 3197 2927 3254 rei
2951 3213 3171 3254 causam
3201 3199 3343 3255 hanc
3371 3213 3524 3254 com-

1949 3285 2120 3343 menti
2173 3295 2302 3342 sunt
2357 3285 2505 3359 quod
2555 3302 2586 3343 a
2628 3287 2740 3345 Deo
2771 3288 2979 3344 dictum
3031 3292 3102 3346 sit
3144 3309 3158 3346 :
3199 3309 3218 3344 ι
3249 3291 3390 3348 Ecce
3420 3307 3524 3364 ego

1951 3380 2106 3434 mitto
2135 3378 2388 3450 angelum
2433 3395 2615 3436 meum
2656 3389 2783 3436 ante
2825 3379 3018 3437 faciem
3051 3389 3223 3447 tuam,
3249 3383 3343 3454 qui
3382 3399 3524 3456 prae-

1951 3471 2166 3541 parabit
2221 3471 2362 3525 viam
2420 3479 2570 3527 tuam
2622 3481 2749 3528 ante
2796 3481 2851 3530 te
2873 3475 2939 3530 ".
2985 3493 3006 3528 ι
3045 3473 3153 3531 Sed
3185 3477 3443 3534 aberrant
3492 3494 3524 3534 a

1951 3577 2080 3619 vero
2117 3563 2209 3633 qui
2245 3563 2302 3618 in
2331 3562 2433 3618 hac
2483 3570 2613 3620 sunt
2649 3565 2943 3630 sententia,
2975 3565 3108 3621 dum
3168 3582 3276 3622 non
3333 3569 3526 3624 adver-

1952 3663 2076 3710 tunt
2100 3670 2296 3711 nomen
2324 3655 2478 3721 illud,
2505 3657 2752 3728 angelus,
2784 3656 2942 3712 ollicii
2974 3673 3172 3715 nomen
3192 3674 3316 3716 esse
3343 3661 3524 3730 potius

1951 3761 2119 3817 quam
2172 3747 2515 3814 substantia,
2566 3748 3027 3819 quemadmodum
3082 3765 3276 3820 nempe
3305 3751 3372 3805 ad
3421 3750 3525 3806 Joh

1951 3838 2092 3894 alius
2137 3845 2261 3908 post
2290 3838 2458 3893 alium
2507 3839 2683 3910 angeli
2719 3846 3041 3903 accurrunt,
3089 3839 3418 3908 multiplices
3473 3843 3523 3895 ei

1950 3946 2228 3987 aerumnas
2287 3933 2700 3997 annuntiantes,
2753 3941 2807 3987 et
2867 3933 3251 3988 insanabilium
3307 3933 3524 3988 illarum

1952 4021 2322 4076 calamitatum
2352 4023 2658 4078 ministerio
2675 4023 2920 4095 deputati
2938 4026 3028 4079 ³⁵⁸.
3059 4023 3192 4082 Tale
3208 4026 3338 4097 quid
3365 4029 3524 4082 nobis

1952 4111 2020 4167 de
2078 4113 2280 4168 sanctis
2335 4111 2545 4183 angelis
2610 4113 2730 4184 ipse
2795 4130 3016 4186 quoque
3083 4117 3526 4186 sapientissimus

1951 4203 2156 4260 Paulus
2201 4203 2396 4260 scribit
2444 4205 2500 4260 in
2532 4205 2680 4260 hunc
2725 4205 2946 4262 modum
2985 4229 2996 4263 :
3036 4225 3054 4258 ι
3091 4207 3284 4264 Nonne
3336 4223 3527 4266 omnes

1954 4303 2082 4351 sunt
2110 4295 2570 4352 administratorii
2597 4297 2843 4369 spiritus,
2867 4297 2922 4352 in
2951 4298 3316 4355 ministerium
3346 4301 3524 4365 missi,

1953 4389 2062 4459 62
2095 4398 2320 4458 propter
2366 4404 2462 4445 eos
2515 4388 2610 4458 qui
2669 4388 3044 4446 liaeretlitatem
3097 4393 3322 4463 capiunt
3377 4394 3528 4448 salu-

1957 4484 2027 4537 tis
2058 4481 2138 4535 "2
2176 4501 2194 4534 ι
2251 4481 2654 4552 lgitur'beatus
2710 4483 2955 4554 Baptista
3015 4484 3256 4543 Joannes
3310 4485 3526 4542 Domini

1957 4588 2095 4629 voce
2148 4575 2374 4644 angelus
2431 4583 2782 4646 nuncupatus
2831 4583 2952 4643 est,
2997 4593 3121 4634 cum
3206 4594 3316 4634 non
3383 4587 3531 4636 esset

1957 4666 2186 4738 angelus
2219 4676 2434 4733 natura,
2461 4669 2557 4725 sed
2598 4670 2803 4727 missus
2837 4671 2902 4725 ad
2932 4672 3298 4727 nuntiandum
3327 4680 3382 4728 et
3413 4673 3532 4728 cla-

1958 4757 2219 4812 mandum
2257 4776 2272 4814 :
2307 4776 2327 4809 ‹
2368 4757 2567 4815 Parate
2610 4760 2755 4815 viam
2811 4760 3027 4818 Domini
3079 4763 3146 4817 '7.
3191 4781 3212 4815 ι
3263 4763 3531 4820 Caeterum

1957 4849 2164 4905 utiliter
2220 4849 2510 4905 admodum
2566 4866 2596 4905 a
2636 4850 2747 4907 Deo
2798 4853 3028 4910 missum
3092 4868 3218 4910 esse
3279 4855 3531 4909 nuntium

1959 4942 2330 5010 conﬁrmavit,
2390 4942 2684 4998 ostendens
2716 4943 3093 4999 ﬁrmissimum
3141 4944 3263 5014 ejus
3303 4959 3427 5000 esse
3455 4953 3536 4997 te-

1958 5033 2300 5088 stimonium.
2337 5031 2447 5088 Nec
2470 5033 2616 5088 enim
2651 5033 2696 5088 is
2715 5034 2808 5104 qui
2840 5033 2907 5090 ad
2933 5034 3341 5105 praedicandum
3365 5049 3396 5089 a
3422 5032 3535 5087 Deo

1959 5127 2164 5182 missus
2202 5133 2344 5192 erat,
2369 5126 2515 5180 aliud
2545 5125 2804 5195 quiddam
2847 5126 3158 5197 protulerit,
3195 5140 3360 5196 quam
3391 5126 3535 5195 quod
3595 5185 3601 5191 _
3633 5105 3638 5110 ’

1957 5233 1987 5273 a
2019 5219 2272 5274 mittente
2321 5217 2517 5287 jussus
2541 5226 2676 5273 erat.
2701 5216 2894 5287 Itaque
2920 5232 3086 5273 verax
3112 5223 3198 5272 est
3231 5215 3410 5280 testis,
3443 5217 3538 5285 qui

1958 5312 2092 5368 sita
2127 5309 2237 5366 Deo
2282 5309 2533 5365 edoctus.
2576 5307 2693 5363 Hoc
2743 5308 2888 5363 enim
2938 5309 3247 5378 signiﬁcare
3298 5307 3540 5362 arbitror

268 5399 482 5469 Κυρίου
540 5399 886 5467 ἑτοιμάσατε,
932 5417 952 5451 ›
995 5399 1145 5470 βοᾷν.
1176 5399 1475 5471 Χρησίμως
1514 5398 1571 5452 δὲ
1609 5398 1728 5452 λίαν
1766 5398 1843 5452 κατ

1963 5404 2124 5468 illud,
2169 5421 2188 5454 ι
2228 5401 2430 5457 missus
2477 5415 2506 5454 a
2557 5399 2687 5455 Deo.
2736 5419 2754 5452 ι
2793 5397 2928 5453 Nam
2970 5407 3024 5454 et
3063 5398 3268 5455 Paulus
3316 5398 3539 5471 sapien-

458 5492 598 5546 Θεοῦ
651 5491 738 5546 τὸν
785 5491 1024 5561 ἄγγελον
1082 5492 1414 5548 ἀπεστάλθαι
1467 5491 1857 5566 διῖσχυρίσατο,

346 5677 415 5708 ’δ’
450 5673 753 5743 Joan.vm,
786 5678 873 5734 i5.
949 5675 1244 5736 "lllalach.
1284 5697 1361 5750 Ill,
1419 5684 1468 5740 l.

273 5764 332 5820 3.
407 5767 454 5798 "
503 5764 684 5821 Galat.
723 5783 762 5832 ι,
799 5770 852 5824 l.

643 5859 917 5926 Parnm“
953 5866 1067 5927 Gn.
1106 5865 1371 5927 LXXIII.

1567 5686 1634 5721 ²⁸⁹
1659 5682 1762 5742 Job
1807 5701 1846 5753 ι,
1873 5682 1939 5740 M
1967 5667 2090 5755 sqq.

1965 5493 2237 5560 tissimus,
2258 5492 2386 5548 dum
2414 5493 2489 5546 ait
2517 5491 2561 5524 ³⁸
2581 5507 2639 5547 se
2656 5491 2884 5547 missum
2907 5505 3004 5562 per
3019 5487 3207 5547 Jesum
3229 5488 3535 5557 Christum,

2193 5683 2238 5716 "
2262 5682 2430 5740 Hebr.
2466 5694 2518 5747 ι,
2581 5677 2666 5735 14.
2769 5679 2811 5710 ³⁷
2856 5676 2961 5734 lsa.
2996 5694 3064 5734 τι.
3087 5717 3101 5742 ,
3131 5677 3202 5743 5;
3230 5674 3426 5731 Matth.
3456 5684 3540 5738 tu,

3160 5865 3194 5923 At
