4052 6208
549 309 648 378 to?

1541 311 1596 365 S.
1624 308 1898 364 CYRlHJ
1931 307 2394 364 ALEXANDRINI
2423 307 2734 362 ARCHIEP.

3690 310 3791 364 508

554 422 798 508 tiiysterii
847 433 954 487 vim
993 444 1102 484 non
1146 429 1212 482 ab
1241 429 1348 481 alio
1403 427 1662 482 didicisse
1699 425 2120 488 conlirtuat,scd

2228 424 2579 494 βεϐαιοτάτην
2644 422 2809 476 αὑτοῦ
2869 423 2967 492 τὴν
3031 422 3334 492 μαρτυρίαν
3402 414 3790 478 ἀποδεικνύων.

549 526 615 559 ⁸⁸·
648 541 747 596 per
785 521 1165 579 revelationcm
1214 519 1332 587 ejus
1365 532 1394 570 a
1438 532 1545 588 quo
1601 517 1802 571 missus
1840 525 1944 582 est,
1984 517 2118 571 mis-

551 618 691 671 sioni
722 614 1107 671 revelationem
1155 609 1518 680 conjungcns,
1544 619 1596 662 et
1627 607 1768 662 hanc
1799 607 1890 660 illa
1928 607 2117 661 subin-

548 707 756 760 dicans.
786 703 954 773 Igitur
985 699 1128 770 quod
1165 699 1366 754 mis~us
1403 707 1487 753 cst
1538 711 1568 749 a
1625 695 1757 760 Dee,
1800 695 2048 764 sequitur
2088 709 2117 747 a

551 796 661 850 Deo
711 793 965 846 edoctum
1007 805 1150 845 esse.
1196 789 1462 843 Castorum
1517 786 1766 840 veritatis
1813 787 2050 840 cultores
2089 799 2119 837 a

551 883 834 938 mendacio
872 882 1032 950 longe
1063 881 1272 934 alienos
1309 893 1430 933 esse
1469 890 1633 930 nemo
1661 875 1894 930 dubitat.
1933 893 1952 926 ι
1993 872 2121 926 Erat

551 984 730 1031 autem
775 989 972 1028 nomen
1026 971 1255 1035 homini,
1303 988 1321 1022 ι
1362 969 1558 1038 inquit,
1600 985 1618 1018 ι
1663 965 1924 1021 Joannes.
1969 983 1988 1015 ι
2032 963 2119 1017 lu-

551 1077 832 1123 notescere
863 1065 1096 1120 debebat
1123 1063 1172 1118 is
1203 1062 1294 1132 qui
1323 1062 1526 1115 missus
1555 1067 1696 1125 erat,
1727 1057 2120 1128 significatione

549 1170 766 1225 quoque
809 1153 1072 1217 nominis,
1120 1149 1277 1204 Iidem
1318 1157 1372 1204 et
1414 1148 1795 1202 auctoritatem
1832 1147 2118 1200 maximam

550 1246 710 1300 dictis
742 1243 1044 1299 alret'entis.
1065 1241 1304 1310 Angelus
1332 1239 1476 1294 enim
1511 1237 1756 1302 Gabriel,
1785 1237 1832 1292 is
1863 1237 2119 1290 nimirum

549 1335 641 1406 qui
674 1343 816 1390 astat
848 1341 973 1388 ante
1012 1331 1202 1390 Deum.
1241 1339 1297 1384 ut
1327 1331 1444 1400 ipse
1492 1329 1568 1382 ait
1602 1331 1668 1392 ”,
1698 1344 1823 1382 cum
1847 1327 2121 1381 Zachariae

553 1429 721 1482 lilium
795 1443 862 1481 cx
928 1423 1206 1478 Elisabeth
1273 1416 1679 1490 suscipiendum
1747 1419 2116 1485 annuntiaret,

551 1519 756 1572 addidit
790 1536 802 1571 :
843 1535 862 1570 ι
908 1515 974 1568 Et
1001 1513 1245 1568 Joannes
1279 1512 1378 1566 erit
1417 1524 1613 1565 nomen
1657 1509 1778 1578 ejus
1806 1511 1928 1562 η’.»
1976 1507 2122 1562 Con-

550 1617 657 1666 stat
697 1617 878 1663 aulem
915 1605 1058 1677 apud
1093 1619 1306 1669 omnes,
1341 1603 1415 1656 ita
1475 1610 1844 1671 nuncupatum
1890 1615 2011 1656 esse
2053 1599 2123 1655 ab

551 1701 767 1770 angelo,
811 1699 993 1752 divina
1048 1679 1334 1752 voluntate
1367 1709 1431 1750 ac
1482 1692 1667 1761 jussu.
1715 1691 1785 1744 At
1840 1691 1938 1761 qui
1971 1698 2121 1745 tanto

2223 517 2356 570 Οὑδέ
2377 515 2483 586 γὰρ
2501 514 2565 567 ἂν
2589 516 2616 568 6
2638 513 2788 584 παρά
2821 513 2954 566 Θεοῦ
2976 514 3107 582 πρὸς
3131 513 3188 565 τδ
3221 511 3506 582 κηρύττειν
3526 514 3794 568 ἀπεσταλ-

2225 607 2403 678 μένος,
2433 609 2621 676 ἐτερόν
2649 623 2700 658 τι
2727 604 3141 676 παρεφθέγξατο
3166 604 3448 667 διδάσκων,
3477 605 3506 657 ὃ
3540 605 3612 676 μὴ
3656 608 3793 661 πάν-

2221 715 2329 760 τως
2352 693 2420 767 ἦν
2443 697 2581 750 κατά
2607 697 2867 765 βούλησιν
2896 695 2988 748 τοῦ
3035 696 3136 766 τὴν
3179 695 3478 765 ἀποστολὴν
3516 696 3793 763 ἐπιθέντος

2221 785 2389 856 αὐτῷ.
2447 785 2655 838 Οὐκοῦν
2715 785 2920 855 ἀληθὴς
2961 787 2988 838 6
3043 785 3250 854 μάρτυς
3299 784 3634 848 θεοδίδακτος
3677 785 3792 838 ὦνο

2221 877 2376 929 τοῦτο
2401 875 2508 946 γὰρ
2530 871 2680 946 οἶμαι
2724 875 3010 945 σημαίνειν
3038 875 3096 927 τὸ
3133 893 3150 926 ι
3187 875 3598 944 ἀπεσταλμένος
3641 875 3795 948 παρά

2221 966 2354 1019 Θεοῦ
2379 984 2393 998 ο
2432 985 2450 1018 ι
2485 967 2607 1018 ἐπεὶ
2637 966 2728 1019 καὶ
2751 965 2957 1029 Παῦλος
2988 967 3117 1036 ἡμῖν
3139 967 3165 1018 6
3193 965 3505 1034 σοφώτατος
3527 967 3795 1020 ἀπεστάλ-

2222 1057 2312 1111 θαι
2341 1057 2512 1124 λέγων
2536 1057 2624 1110 διά
2661 1055 2834 1126 Ἰησοῦ
2893 1055 3152 1126 Χριστοῦ,
3207 1055 3301 1107 τοῦ
3356 1057 3656 1127 μυστηρίου
3695 1057 3794 1128 τὴν

2220 1147 2447 1218 δύναμιν
2466 1149 2526 1201 οὐ
2555 1149 2684 1218 παρ’
2701 1147 2886 1218 ἐτέρου
2921 1147 3064 1210 τινὸς
3097 1145 3376 1216 ἐκμαθεῖν,
3408 1147 3544 1200 ἀλλά
3573 1148 3640 1200 δι’
3661 1148 3795 1201 ἀπο-

2179 1311 2184 1314 _
2221 1239 2503 1309 καλύψεως
2513 1239 2606 1291 τοῦ
2627 1255 2692 1292 πε
2701 1236 3421 1314 πομφότοςλδιεὸεὸαιώσατο,
3437 1255 3567 1306 συνη
3576 1238 3793 1308 μμένως

2221 1330 2375 1398 ήμῖν,
2401 1327 2585 1398 ῶσπερ
2613 1328 2706 1380 καὶ
2733 1309 3086 1392 ἀδιαστάτως,
3120 1329 3176 1379 ἐν
3204 1326 3280 1396 τῷ
3343 1325 3674 1380 ἀπεστάλθαι
3703 1326 3791 1378 λέ-

2221 1437 2358 1489 γειν,
2392 1420 2490 1490 τὴν
2549 1417 2892 1486 ἀποκάλυψιν
2941 1417 3314 1486 ὑπεμφαίνων.
3368 1415 3578 1468 Οὐκοῦν
3611 1418 3669 1467 ἐν
3714 1413 3794 1484 τῷ

2221 1509 2555 1566 ἀπεστάλθαι
2587 1509 2738 1580 παρά
2767 1507 2925 1573 Θεοῦ,
2944 1507 3006 1560 τὸ
3038 1507 3376 1560 θεοδίδακτον
3409 1503 3549 1564 εἶναι
3575 1507 3792 1567 πάντως

2221 1603 2520 1656 ἀκολουθεῖ.
2542 1601 2615 1654 T6
2646 1601 2703 1654 δὲ
2735 1600 2980 1670 ἀψευδεῖν
3019 1599 3100 1653 ὃτι
3139 1599 3258 1652 λίαν
3291 1599 3648 1659 ἐσπούδασται
3681 1599 3792 1660 τοῖς

2221 1681 2320 1765 τῆς
2366 1694 2618 1766 ἀληθείας
2662 1693 3011 1763 λειτουργοῖς,
3045 1691 3145 1744 οὐκ
3195 1689 3517 1760 ἀμφίλογον.
3550 1709 3569 1741 ι
3598 1685 3706 1744 Ἶιν
3735 1690 3793 1744 δὲ

549 1793 763 1846 honore
805 1801 889 1845 est
950 1797 1185 1844 ornatus
1227 1803 1256 1840 a
1309 1787 1440 1850 Deo,
1492 1783 1768 1855 quomodo
1819 1800 1927 1840 non
1973 1784 2120 1839 omni

2224 1787 2319 1840 atati.
2373 1786 2542 1856 ὄνομα
2590 1783 2669 1854 τῷ
2727 1782 3016 1853 ἀνθρώπῳ,
3062 1801 3080 1834 ι
3141 1781 3326 1850 φησὶν,
3383 1798 3406 1832 ι
3455 1781 3727 1850 Ἰωάννης.
3767 1799 3788 1833 ι

549 1883 714 1938 laude
747 1889 801 1934 et
833 1880 1308 1937 commendatione
1356 1877 1535 1947 major
1562 1875 1682 1930 est?
1713 1875 1985 1941 Quocirca
2015 1875 2122 1928 uti-

552 1975 676 2030 liter
727 1987 791 2027 ae
839 1969 1155 2026 necessario
1195 1968 1399 2024 mentio
1429 1967 1669 2023 nominis
1699 1965 1839 2021 facta
1870 1975 1972 2022 est.
2003 1965 2120 2021 1am

552 2076 681 2118 vero
722 2075 846 2116 cum
899 2057 1170 2114 addiderit
1221 2055 1580 2127 evangelista,
1621 2055 1852 2110 missum
1895 2070 2018 2110 esse
2066 2054 2123 2109 in

550 2151 926 2210 testimonium
953 2164 983 2204 a
1013 2139 1126 2205 Deo
1164 2157 1416 2205 sanctum
1459 2146 1782 2216 Baptistam,
1814 2163 1834 2198 ι
1853 2153 1912 2200 ut
1935 2159 2124 2202 omnes

550 2244 838 2301 crederent
870 2255 968 2311 per
1011 2241 1189 2312 ipsum
1216 2239 1283 2303 ³ο,
1329 2256 1347 2290 ι
1388 2237 1523 2292 illud
1577 2251 1798 2292 rursum
1855 2235 2124 2299 dicemus,

551 2337 599 2390 si
657 2349 761 2392 nos
815 2332 1119 2388 adversarii
1180 2331 1267 2386 his
1327 2330 1512 2386 verbis
1583 2335 1815 2399 urgeant
1860 2344 1875 2381 :
1924 2326 2124 2392 Quidni

552 2437 744 2479 omnes
790 2423 841 2477 ei
892 2420 987 2491 qui
1034 2419 1299 2474 divinitus
1328 2417 1533 2473 missus
1577 2425 1694 2472 erat
1741 2415 2126 2470 crediderunt?

551 2523 645 2569 aut
677 2513 952 2584 quomodo
1003 2516 1264 2581 gravatus
1308 2516 1393 2564 est
1431 2507 1726 2563 nonnullos
1777 2505 1846 2560 ad
1897 2505 2127 2560 creden-

550 2612 677 2666 dum
712 2608 1003 2672 adducere,
1044 2604 1138 2675 qui
1179 2603 1247 2658 ad
1300 2603 1353 2658 id
1406 2616 1648 2672 superno
1695 2600 1914 2654 decreto
1950 2599 2126 2653 fuerat

552 2702 906 2773 assumptus?
959 2699 1078 2754 Non
1139 2711 1356 2766 mquum
1416 2703 1520 2756 est,
1569 2709 1604 2749 ο
1654 2695 1967 2763 quicunque
2027 2703 2125 2745 vos

551 2798 710 2862 estis,
739 2796 907 2850 ullam
941 2792 997 2845 in
1033 2789 1136 2844 hoc
1201 2787 1399 2842 Joanni
1449 2786 1662 2855 culpam
1697 2784 1993 2846 ascribere,
2027 2782 2125 2837 sed

553 2887 964 2944 incredulorum
995 2893 1282 2950 perversos
1315 2893 1376 2932 ac
1409 2877 1724 2948 przefractos
1764 2890 1942 2931 mores
1968 2873 2126 2937 decet

553 2984 829 3038 incusare.
863 2973 1075 3029 Etenim
1105 2971 1250 3042 quod
1289 2969 1356 3025 ad
1385 2968 1655 3039 praeconis
1687 2981 1915 3037 scopum
1945 2975 2000 3021 et
2029 2982 2125 3022 su—

2225 1877 2372 1930 Ἔδει
2421 1875 2782 1946 γνωρίζεσθαι
2819 1873 2909 1928 τὸν
2961 1873 3388 1943 ἀπεσταλμένον,
3442 1872 3536 1924 καλ⁵
3577 1874 3644 1942 τῇ
3696 1870 3798 1924 τοῦ
3887 1903 3890 1908 -

2220 1970 2482 2040 ὀνόματος
2509 1969 2772 2040 σημασίᾳ,
2809 1966 3030 2037 πολλὴν,
3071 1965 3144 2028 ὡς
3174 1961 3350 2036 οἶμαι,
3397 1965 3476 2035 τῷ
3525 1965 3667 2036 λόγῳ
3695 1966 3793 2036 τὴν

2221 2058 2560 2126 ἀξιοπιστίαν
2600 2058 2975 2130 εἰσφέροντοςο
3011 2057 3242 2124 ἀγγελος
3279 2055 3408 2127 γάρ,
3453 2055 3688 2126 Γαὸριὴλ
3735 2057 3792 2110 ει

2221 2149 2378 2217 οὗτος
2415 2154 2444 2206 6
2467 2148 2828 2222 παρεστηκὼς
2860 2149 3088 2202 ἐνώπιον
3135 2145 3228 2200 τοῦ
3256 2146 3412 2210 Θεοῦ,
3451 2146 3597 2201 καθά
3627 2163 3792 2217 φησιν

2222 2245 2402 2308 αὐτὸς,
2453 2243 2541 2297 ὅτε
2582 2241 2662 2312 τῷ
2706 2239 2952 2311 Ζαχαρία
2997 2240 3094 2311 τὴν
3131 2239 3385 2309 γέννησιν
3409 2238 3576 2294 αὐτοῦ
3606 2239 3702 2309 τὴν
3730 2241 3794 2293 ἐκ

2221 2336 2320 2406 τῆς
2359 2333 2639 2390 Ἐλισάϐετ
2698 2331 3098 2404 εὐηγγελίζετο,
3166 2328 3301 2400 πρὸς
3363 2325 3445 2392 οἷς
3483 2329 3796 2402 εὑρίσκεται

2223 2428 2416 2496 λέγων,
2449 2427 2542 2480 καὶ
2587 2424 2745 2478 τοῦτο
2809 2423 3216 2496 προστέθεικεν,
3239 2423 3322 2476 ὅτι
3358 2423 3506 2476 «Καὶ
3541 2422 3794 2492 Ἰωάννης
3883 2485 3888 2490 ἢ

2223 2520 2375 2573 ἔσται
2410 2519 2472 2571 τὸ
2513 2516 2684 2587 ὄνομα
2725 2514 2910 2569 αὑτοῦ.
2939 2533 2958 2568 ι
2994 2514 3161 2586 Δῆλον
3193 2515 3250 2570 δὲ
3281 2514 3472 2585 δήπου,
3501 2516 3595 2569 καὶ
3627 2517 3794 2568 πᾶσιν

2222 2605 2674 2679 ὁμολογούμενον,
2703 2605 2778 2670 ὡς
2809 2606 2916 2676 ἄρα
2952 2604 3094 2658 κατά
3121 2605 3218 2675 τὴν
3245 2603 3393 2658 θείαν
3438 2604 3691 2675 βούλησίν
3733 2623 3794 2658 τε

2224 2701 2318 2754 καὶ
2343 2699 2656 2770 πρόσταξιν,
2689 2698 2834 2752 οὕτω
2870 2697 3018 2770 παρά
3063 2697 3157 2750 τοῦ
3196 2697 3426 2766 ἀγγέλου
3483 2699 3796 2768 κατωνομά-

2225 2792 2368 2856 ζετο.
2392 2789 2524 2845 Εἶτα
2550 2794 2666 2856 πῶς
2688 2791 2786 2844 οὐκ
2807 2791 2872 2845 ἂν
2895 2790 3114 2861 νοηθείη
3135 2790 3316 2843 λοιπὸν
3346 2791 3544 2853 παντὸς
3573 2791 3796 2843 ἐπαίνου

2225 2883 2488 2957 κρείττων
2551 2884 2668 2954 ἅμα
2718 2883 2812 2938 καὶ
2865 2881 3282 2952 ἀξιολογώτερος
3311 2883 3339 2935 6
3371 2881 3605 2955 τοσαύτῃ
3646 2883 3798 2952 παρά

2224 2969 2360 3023 Θεοῦ
2387 2970 2828 3041 κατεστεμμένος
2860 2973 3024 3041 τιμῇ;
3053 2969 3134 3023 διὸ
3157 2969 3220 3041 δὴ
3250 2970 3343 3023 καὶ
3369 2969 3507 3039 ήτοῦ
3535 2971 3797 3042 ὀνόματος

553 3085 738 3145 pernae
760 3064 1342 3124 missionis‘rationem
1399 3061 1504 3134 63
1549 3061 1760 3126 attinet,
1791 3060 1995 3115 nemini
2027 3060 2123 3115 do-

2230 3063 2414 3133 μνήμη
2447 3061 2729 3133 χρησίμως
2747 3077 2826 3128 τε,
2843 3061 2938 3114 καὶ
2957 3061 3267 3129 ἀναγκαίως
3291 3061 3794 3133 παραλαμϐάνεται.

554 3165 726 3221 ctrina
760 3160 951 3224 defuit,
976 3158 1063 3215 vel
1099 3156 1266 3222 lides;
1301 3153 1398 3209 sed
1427 3168 1553 3208 cum
1576 3151 1724 3206 varia
1769 3152 1879 3208 sint
1903 3151 2121 3206 audito-

2239 3151 2456 3222 Ἐπειδὴ
2489 3151 2546 3204 δὲ
2575 3150 2964 3221 προστέθεικεν
3003 3151 3032 3204 6
3066 3150 3452 3222 εὐαγγελιστὴς
3480 3154 3561 3214 εἰς
3601 3169 3797 3223 μαρτυ-

557 3271 673 3316 rutn
731 3250 973 3324 ingenia,
1019 3255 1074 3304 et
1113 3247 1492 3316 unusquisque
1542 3250 1874 3314 potestatem.
1921 3244 2121 3299 habeat

2228 3243 2350 3314 ρίαν
2391 3242 2726 3296 ἀπεστάλθαι
2763 3243 2910 3315 παρά
2937 3241 3070 3296 Θεοῦ
3117 3242 3208 3296 τὸν
3254 3242 3408 3311 ἅγιον
3461 3243 3795 3315 Βαπτιστὴν,

554 3363 666 3402 sum
697 3343 1015 3410 voluntatis,
1037 3356 1068 3395 a
1108 3350 1256 3396 recta
1280 3339 1487 3394 ratione
1517 3337 1739 3405 quidam
1767 3337 2116 3401 aberrarunt,

2231 3351 2252 3385 ι
2289 3334 2380 3388 ἴνα
2407 3335 2605 3398 πάντες
2635 3333 2971 3387 πιστεύσωσι
3033 3334 3098 3387 δι’
3139 3335 3326 3399 αὑτοῦ,
3365 3353 3383 3386 ι
3436 3335 3600 3388 πάλιν
3625 3337 3800 3389 ἐκεῖνο

559 3437 662 3493 lide
697 3435 1004 3506 repudiata.
1053 3431 1267 3488 Idcirco
1311 3427 1690 3499 propheticum
1740 3426 1873 3481 illud
1926 3428 1995 3483 de
2044 3428 2118 3483 iis

2224 3424 2477 3497 ἐροῦμεν,
2501 3427 2628 3479 ὅταν
2654 3426 2784 3496 ἡμῖν
2807 3426 2856 3478 οἱ
2873 3425 2939 3478 δι’
2957 3426 3206 3490 ἐναντίας
3221 3427 3583 3480 ἀντιπίπτωσι
3612 3427 3800 3496 λέγον-

557 3526 932 3599 usurpandum
975 3533 1059 3580 est
1103 3542 1116 3578 :
1163 3541 1180 3574 ι
1213 3521 1316 3587 Qui
1363 3520 1520 3575 audit
1565 3519 1770 3583 audiat,
1809 3525 1863 3572 et
1893 3511 1989 3588 qui
2030 3527 2116 3575 est

2224 3532 2332 3579 τες,
2367 3515 2520 3568 Διατί
2544 3517 2618 3586 μὴ
2653 3517 2852 3580 πάντες
2873 3515 2952 3586 τῷ
2983 3516 3164 3570 θεόθεν
3214 3517 3603 3589 ἀπεσταλμένῳ
3639 3533 3799 3572 πεπι-
3829 3515 3836 3520 ’

558 3619 875 3676 inobediens
904 3630 1012 3672 non
1039 3612 1251 3671 obediat
1275 3611 1339 3665 ⁸⁸.
1391 3629 1408 3662 ι

2224 3607 2512 3674 στεύκασις
2552 3607 2668 3672 πῶς
2721 3609 2777 3662 δὲ
2834 3609 3094 3680 ἡτόνησεν
3136 3609 3215 3672 είς
3271 3609 3331 3662 τὸ
3375 3608 3557 3662 πεῖσαί
3588 3625 3738 3670 τινας
3770 3625 3802 3679 δ

545 3714 690 3785 προς
718 3711 876 3766 τοῦτο
905 3708 992 3764 διά
1015 3707 1115 3777 τῆς
1136 3704 1338 3760 ἀνωθεν
1370 3703 1547 3773 ψήφου
1569 3700 2115 3772 προκεχειρισμένος
2153 3702 2226 3756 Οὔ
2292 3705 2390 3772 τῆς
2428 3701 2675 3756 ’ῐωάννου
2730 3703 3022 3774 ῥᾳθυμίας,
3089 3696 3132 3755 ὦ
3174 3693 3340 3766 οῦτοι,
3402 3703 3606 3758 δίκαιον
3659 3703 3800 3774 ἡμᾶς

557 3819 614 3871 ὲν
645 3803 853 3866 τούτοις
903 3799 1245 3871 κατηγορεῖν,
1306 3795 1441 3850 ἀλλά
1469 3794 1566 3864 τῆς
1603 3793 1712 3846 τῶν
1753 3791 2121 3846 ἀπειθούντων
2157 3794 2486 3866 δυσιροπίας
2539 3794 2832 3867 καταϐοᾷν.
2892 3798 3057 3850 Ὅσον
3107 3797 3205 3867 μὲι⁹
3259 3797 3364 3866 γὰρ
3404 3797 3485 3859 εἰς
3553 3796 3638 3850 τὸν
3709 3794 3799 3849 τοῦ

560 3894 1022 3968 προκηρύττοντος
1060 3888 1275 3952 σκοπὸν,
1314 3886 1406 3939 καλ⁹
1448 3885 1540 3938 τὸν
1578 3884 1676 3954 τῆς
1739 3883 2042 3952 ἀποστολῆς
2089 3883 2190 3954 τῆς
2229 3883 2433 3938 ἀνωθεν
2482 3888 2704 3956 τρόπον,
2753 3887 2927 3949 οὐδεὶς
2973 3887 3038 3941 ἂν
3078 3887 3285 3959 ηὑρέθη
3325 3887 3426 3956 τῆς
3458 3887 3802 3953 διδασκαλίας

560 3985 841 4059 ἀμέτοχος,
892 3982 997 4036 οὐδ’
1030 3981 1094 4035 ἂν
1130 3978 1402 4048 ἐνέμεινεν
1445 3975 1696 4044 ἀπειθὴς.
1752 3973 1970 4044 Ἐπειδὴ
2005 3973 2062 4026 δὲ
2099 3974 2364 4045 διάφορος
2391 3977 2452 4028 ἐν
2486 3979 2599 4040 τοῖς
2639 3978 3008 4048 ἀκροωμένοις
3038 3980 3070 4048 ή
3103 3977 3318 4049 γνώμη,
3355 3979 3568 4048 καὶτῆς
3596 3979 3804 4045 οἰκείας

559 4078 928 4152 προαιρέσεως
959 4075 1182 4136 ἕκαστος
1207 4071 1319 4141 έχει
1347 4068 1444 4140 τὴν
1482 4067 1748 4134 ἐξουσίαν,
1785 4066 2177 4136 ἀπεσφάλησάν
2210 4085 2353 4132 τινες
2370 4067 2463 4120 τοῦ
2499 4069 2891 4140 συμφέροντος,
2915 4072 2975 4124 οὐ
2998 4071 3429 4144 παραδεξάμενοι
3468 4069 3564 4141 τήν
3594 4071 3801 4128 πίστιν.

561 4175 650 4229 Διὸ
672 4175 850 4236 αὐτοῖς
876 4167 1066 4241 ῥητέον
1088 4165 1326 4238 δηλονότι
1355 4160 1494 4215 κατά
1516 4161 1575 4215 τὸ
1600 4163 1656 4214 ἐν
1675 4159 1752 4231 τῷ
1772 4163 2024 4232 προφήτῃ
2050 4160 2353 4233 κείμενονοι
2375 4163 2434 4216 Ὀ
2471 4163 2683 4232 ἀκούων
2705 4165 2970 4230 ἀκουέτω,
3001 4168 3137 4221 καὶὸ
3161 4167 3398 4220 ἀπειθῶν
3429 4166 3737 4221 ἀπειθείτω.
3777 4186 3795 4218 δ

631 4270 678 4329 1,
709 4245 763 4318 Ἱί
802 4263 903 4317 Hic
957 4261 1092 4316 venit
1147 4259 1202 4312 in
1233 4254 1610 4318 testimonium,
1655 4261 1713 4306 ut
1765 4253 2121 4308 testimonium

2304 4251 2495 4322 Οὗτος
2524 4253 2711 4327 ἦλθεν
2757 4261 2845 4326 είς
2888 4262 3254 4330 μαρτυρίαν,
3314 4261 3414 4314 ἵνα
3446 4259 3805 4330 μαρτιφήσῃ

563 4353 848 4424 perhiberet
883 4351 945 4404 de
970 4349 1187 4402 lumine.

2231 4349 2360 4416 περὶ
2390 4349 2494 4403 τοῦ
2523 4351 2737 4418 φωτός.

635 4443 948 4514 Empltasim
981 4440 1146 4495 habet
1172 4438 1326 4501 illud,
1356 4455 1381 4490 ι
1408 4435 1526 4499 Hic,
1555 4453 1573 4488 ι
1603 4441 1657 4489 et
1686 4437 1934 4490 virtutem
1969 4443 2126 4505 atque

2306 4437 2582 4507 Ἔμφασιν
2615 4440 2834 4510 ἀρετῆς,
2867 4441 2963 4494 καὶ
2993 4441 3094 4512 τῆς
3124 4440 3218 4494 τοῦ
3254 4439 3548 4512 προσώπου
3579 4457 3807 4512 περιφαο

565 4548 812 4604 personae
843 4531 1146 4587 claritatcm
1177 4528 1472 4598 signiticat.
1498 4523 1548 4580 Is
1575 4525 1743 4588 enim,
1781 4544 1800 4577 ι
1832 4526 1922 4595 qui
1955 4543 1985 4580 a
2026 4525 2126 4581 Deo

2231 4525 2378 4589 νείας
2403 4527 2578 4582 ώδίνει
2603 4529 2682 4593 τὸ,
2717 4548 2736 4581 ι
2771 4526 2942 4594 οὗτος.
2983 4551 3002 4582 ι
3033 4550 3050 4583 ι
3093 4533 3149 4584 ’0
3167 4533 3273 4604 γὰρ
3305 4535 3367 4584 ἐκ
3384 4531 3544 4596 Θεοῦ,
3575 4550 3592 4583 ›
3619 4534 3804 4602 φησὶν,

513 4663 516 4670 .
567 4624 769 4688 missus
802 4633 906 4687 est,
955 4639 973 4672 ι
1015 4619 1212 4690 inquit,
1261 4617 1355 4688 qui
1391 4615 1700 4670 universam
1733 4613 1978 4670 Iudaeam
2011 4632 2139 4672 cum

563 4713 859 4770 sanctitate
885 4711 1007 4764 vita:
1051 4718 1165 4764 tum
1215 4707 1438 4778 pictatis
1488 4704 1796 4760 incredibili
1845 4705 2138 4774 splendore

569 4806 625 4858 in
660 4800 1084 4857 admirationem
1133 4799 1217 4854 sui
1263 4799 1475 4867 rapuit,
1509 4796 1601 4866 qui
1655 4804 1972 4850 sanctorum
2012 4811 2139 4866 pro-

568 4898 857 4968 phetarum
890 4892 1129 4948 oraculis
1156 4889 1556 4961 praenuntiatus
1580 4886 1707 4952 fuit,
1756 4887 1900 4956 apud
1941 4887 2136 4942 Isaiam

569 4989 826 5060 quidem:
867 5004 885 5037 ι
929 4983 1045 5040 γοα(
1095 4983 1384 5038 clamantis
1432 4982 1487 5035 in
1527 4981 1746 5036 deserto
1780 4981 1830 5012 “
1867 4998 1884 5048 ;
1933 4998 1952 5033 ι
1991 4980 2138 5050 apud

572 5082 790 5137 beatum
829 5092 959 5132 vero
998 5073 1258 5130 Davidem
1300 5092 1315 5129 :
1355 5091 1373 5124 ι
1437 5070 1686 5126 Lucerna
1730 5070 1954 5126 Christo
2001 5086 2139 5140 pra-

475 5184 492 5190 ‘
571 5181 760 5243 parata
794 5170 838 5202 ⁸³
876 5190 893 5221 ι
941 5175 1328 5238 nuncupatus:
1366 5182 1384 5215 ι
1431 5163 1529 5217 llic
1581 5163 1731 5218 venit
1787 5162 1843 5215 in
1891 5162 2140 5218 testimo-

569 5267 746 5331 nium,
775 5271 833 5318 ut
874 5259 1249 5319 testimonium
1284 5255 1592 5327 perhiberet
1638 5253 1708 5308 de
1740 5253 1967 5308 lumine.
2016 5272 2038 5304 ι
2074 5251 2141 5306 Et

574 5357 752 5418 lucem
779 5355 998 5424 quidem
1040 5355 1129 5408 hic
1169 5349 1338 5406 Deum
1372 5345 1608 5402 Verbum
1634 5346 1901 5410 nominat,
1940 5359 2139 5398 unum-

574 5459 682 5513 que
737 5459 860 5500 esse
910 5444 1174 5505 ostendit,
1232 5447 1288 5495 et
1347 5439 1638 5507 ipsammet
1687 5436 1861 5490 lucem
1917 5434 2139 5505 proprie

571 5533 862 5597 exsistere,
901 5544 1027 5603 post
1079 5546 1244 5602 quam
1300 5529 1406 5584 alia
1456 5528 1606 5583 nulla
1643 5535 1728 5583 est
1769 5534 1982 5592 natura,
2013 5527 2137 5580 illu-

652 5687 723 5718 ’⁸⁸
750 5687 867 5742 Gal.
899 5707 936 5754 t,
971 5691 1054 5744 1'2.

575 5757 718 5814 Psal.
757 5774 911 5816 eux!
934 5800 949 5826 ,
997 5759 1082 5813 17.

2239 4635 2262 4668 ι
2291 4617 2717 4688 ἀπεσταλμένος,
2756 4639 2773 4671 ι
2809 4622 2837 4673 6
2868 4623 3047 4675 πᾶσαν
3077 4623 3298 4686 εἰκότως
3327 4623 3677 4693 καταπλήξας
3705 4623 3807 4693 τὴν

2223 4705 2531 4772 Ἰουδαίαν,
2595 4713 2660 4780 τῇ
2719 4728 2776 4764 τε
2808 4714 2900 4767 τοῦ
2954 4714 3067 4784 βίου
3105 4717 3415 4786 σεμνότητι,
3449 4716 3544 4769 καὶ
3578 4717 3696 4778 ταῖς
3728 4716 3812 4778 είς

2239 4796 2469 4868 ἄσκησιν
2500 4799 2844 4871 ὑπερϐολαῖς,
2881 4805 2908 4856 ὁ
2937 4803 3025 4858 διὰ
3063 4805 3246 4875 φωνῆς
3293 4806 3464 4873 ἁγίων
3491 4822 3811 4876 προκηρυτ-

2237 4887 2461 4958 τόμενος
2513 4892 2842 4962 προφητῶν·
2917 4896 3012 4948 καὶ
3071 4897 3223 4966 παρά
3279 4897 3378 4966 μὲν
3423 4897 3501 4966 τῷ
3566 4897 3811 4967 Ἠσαίᾳ·

2245 4997 2262 5031 ι
2297 4978 2452 5049 Φωνὴ
2491 4979 2718 5048 βοῶντος
2765 4985 2820 5037 ἐν
2848 4988 2912 5055 τῇ
2944 4987 3166 5057 ἐρήμῳ·
3202 5006 3221 5039 ι
3258 4973 3406 5058 παρά
3436 4989 3493 5041 δὲ
3518 4987 3594 5058 τῷ
3631 5005 3820 5059 μακα-

2205 5141 2212 5146 ,
2243 5071 2341 5141 Ph?
2367 5071 2546 5124 Δαδίδ¹
2584 5091 2602 5124 ί
2624 5073 2827 5145 Λύχνος
2853 5077 3073 5147 Χριστῷ
3101 5078 3607 5148 προητοιμασμένος
3637 5096 3656 5129 ι
3691 5078 3821 5132 ὀνο-

2244 5162 2468 5229 μασθείς
2483 5179 2496 5191 ·
2526 5181 2544 5212 ι
2565 5157 2732 5228 Οὗτος
2747 5161 2908 5237 ἦλθεν
2927 5169 3005 5230 είς
3031 5169 3354 5250 μαρτυρίαν,
3378 5169 3465 5222 ῖνα
3485 5169 3818 5241 μαρτυρήσῃ

2241 5253 2366 5322 περὶ
2411 5253 2503 5307 τοῦ
2552 5256 2751 5323 φωτός⁹
2797 5276 2816 5309 ι
2855 5259 2948 5312 καὶ
2981 5260 3096 5328 φῶς
3129 5261 3225 5331 μὲν
3249 5263 3319 5328 ,ἐν
3362 5261 3533 5332 τούτῳ
3559 5261 3649 5315 τὸν
3679 5261 3821 5316 Θεὸν

2240 5343 2411 5410 Λόγον
2459 5345 2738 5411 ἀποκαλεῖ,
2769 5347 2864 5401 ἐνα
2889 5348 2946 5402 δὲ
2988 5349 3117 5403 ὄντα
3166 5351 3423 5418 δεικνύει,
3456 5355 3552 5408 καὶ
3593 5353 3727 5407 αὐτὸ
3750 5353 3820 5426 δὴ

2239 5431 2398 5486 τοῦτο
2454 5436 2654 5506 κυρίως
2703 5438 3018 5509 ὑπάρχοντα
3057 5441 3193 5510 φῶς,
3247 5442 3366 5514 μεθ’
3409 5443 3444 5497 6
3473 5444 3616 5497 κατά
3653 5444 3820 5515 φύσιν

2243 5523 2427 5594 ἕτερον
2455 5526 2624 5592 οὐδὲν,
2667 5527 2767 5597 τὴν
2812 5528 2906 5580 τοῦ
2954 5528 3212 5587 δύνασθαι
3245 5532 3499 5603 φωτίζειν
3529 5535 3822 5605 ἐνέργειαν

1156 5691 1201 5722 ’⁵
1239 5689 1372 5748 Luc.
1405 5706 1460 5758 ι,
1490 5691 1575 5758 ll,
1617 5691 1705 5745 Ἥ.
1783 5694 1849 5727 ¹⁹⁴
1869 5690 2000 5747 ibid.
2038 5690 2120 5745 l3.

2224 5693 2244 5724 °
2282 5693 2436 5752 Joan.
2471 5713 2508 5762 I,
2543 5698 2595 5755 7.
2671 5700 2712 5733 ⁸¹
2755 5697 2952 5757 Ezech.
2985 5717 3078 5768 tu,
3112 5700 3202 5755 27.
3282 5701 3325 5734 ³³
3368 5699 3473 5757 isa.
3508 5715 3608 5764 ιι,
3637 5698 3692 5753 3.
3773 5691 3824 5725 ³³
