4052 6208
638 361 732 416 III

1208 520 1213 525 .
1255 459 1407 525 CAP.
1453 468 1590 524 VIII.

633 585 788 652 Quod
835 585 979 638 solus
1030 583 1126 642 Dei
1171 581 1344 636 Filius
1393 582 1462 635 sit
1503 599 1623 635 vera
1674 585 1788 648 lux,
1815 594 2056 638 creatura
2101 602 2204 640 non

772 657 916 718 item,
943 669 1066 706 cum
1091 654 1158 707 sit
1190 653 1323 708 lucis
1360 653 1637 723 particeps,
1668 662 1842 721 utpote
1865 664 2061 708 creata.

701 827 739 891 Ι,
772 827 825 882 9.
860 825 993 880 Erat
1021 826 1113 880 lua:
1143 844 1282 883 vera.

699 918 930 974 Divinus
976 921 1312 990 evangelista
1351 919 1441 975 hic
1480 919 1689 974 utiliter
1743 927 2005 975 retractat
2040 922 2200 992 quod

630 1016 793 1063 antea
844 1008 1055 1063 dictum
1107 1018 1212 1065 est.
1246 1011 1406 1065 Clare
1441 1009 1732 1081 distinguit
1764 1025 1949 1066 veram
1993 1011 2197 1078 lucem,

631 1101 732 1154 hoc
764 1108 851 1155 est
878 1098 1267 1171 _Uuigenitum,
1306 1102 1376 1156 ab
1425 1101 1493 1156 iis
1519 1117 1640 1172 quae
1669 1117 1777 1157 non
1837 1111 1968 1159 sunt
2006 1105 2200 1159 istius-

625 1193 794 1258 modi,
821 1193 1082 1248 nimirum
1122 1193 1414 1250 creaturis.
1437 1193 1734 1264 Distinguit
1761 1205 1946 1264 aperte
1973 1195 2024 1250 id
2050 1196 2197 1266 quod

623 1293 710 1339 est
748 1293 945 1339 natura
995 1284 1064 1340 ab
1095 1300 1162 1340 eo
1212 1284 1357 1356 quod
1395 1301 1490 1356 per
1537 1286 1770 1356 gratiam
1807 1287 1990 1356 :quod
2028 1287 2200 1356 parti-

621 1375 838 1446 cipatur
867 1375 974 1446 65
1009 1376 1077 1431 ab
1123 1391 1188 1431 eo
1222 1376 1371 1447 quod
1401 1376 1697 1447 participat
1728 1395 1740 1431 :
1771 1376 1919 1448 quod
1954 1379 2200 1448 seipsum

625 1468 1002 1539 indigentibus
1080 1467 1352 1538 largitur,
1415 1467 1492 1522 ab
1557 1467 1626 1524 iis
1714 1468 1915 1538 quibus
1978 1469 2198 1540 largitio

625 1559 706 1613 ﬁt.
761 1557 919 1624 Quod
971 1557 1019 1612 si
1082 1558 1176 1611 lux
1252 1573 1381 1613 vera
1435 1565 1520 1614 est
1584 1557 1801 1625 Filius,
1844 1559 1997 1614 nulla
2068 1575 2198 1631 ergo

623 1660 822 1720 praeter
866 1649 1048 1719 ipsum
1101 1657 1186 1706 est
1228 1664 1355 1704 vera
1423 1651 1512 1705 lux
1571 1669 1583 1706 :
1633 1667 1816 1722 neque
1873 1651 2079 1707 habent
2129 1666 2196 1706 ex

615 1758 682 1798 sc
719 1749 987 1796 creatura:
1016 1751 1075 1796 ut
1103 1741 1314 1811 possint
1345 1756 1468 1798 esse
1493 1751 1546 1797 et
1585 1743 1774 1799 vocari
1806 1744 1920 1808 lux,
1956 1743 2050 1798 sed
2095 1757 2196 1798 nec

1668 358 1726 412 S.
1763 355 2040 414 CYIIILLI
2083 361 2548 419 ALEXANDIIINI
2590 363 2884 422 AIICIIIEP

2235 483 2282 539 Α

3779 371 3883 426 ΗΞ

2911 481 3156 536 ΚΕΦᾹΛ.
3194 483 3274 537 ιιι.

2311 587 2437 664 Ὅτι
2453 593 2638 664 uda-oc
2666 594 2701 664 ό
2738 592 2869 657 Υἱὸς
2898 593 3004 664 τοῦ
3033 595 3178 647 Θεοῦ
3208 594 3334 664 φῶς
3357 595 3527 664 ἐστιν
3563 595 3878 664 ἀληθινὸν,

2578 663 2777 748 κτίσις
2831 663 3050 729 οὐκέτι,
3093 659 3286 733 φωίός
3310 659 3472 718 ionica
3486 659 3769 736 μέτοχος,

2374 745 2617 800 γενητη.

2373 835 2483 895 τΗν
2505 842 2570 894 τὸ
2601 841 2727 912 φῶς
2758 844 2825 898 τὸ
2857 844 3167 912 ἀληθινόν.

2387 933 2842 1004 Ἐπεξεργάζεται
2903 937 3066 991 πάλιν
3109 937 3394 1009 χρησίμως
3421 938 3484 991 τὸ
3531 940 3822 1011 εἰρημένον
3852 941 3881 994 6

2303 1023 2586 1090 θεσπέσιος
2615 1027 3026 1099 εὐαγγελιστής.
3053 1029 3408 1101 ’Δποδιορίζει
3439 1031 3624 1100 σαφῶς
3653 1032 3714 1085 τὸ
3737 1034 3881 1087 κατὰ

2301 1115 2554 1186 ἀλήθειαν
2570 1119 2704 1188 φῶς,
2737 1120 2878 1173 τοῦτ’
2913 1121 3046 1188 ἔστι,
3067 1122 3156 1174 τὸν
3181 1123 3457 1194 Μονογενῆ
3480 1122 3585 1176 τῶν
3611 1123 3685 1194 μὴ
3705 1122 3880 1188 οῦτως

2301 1207 2553 1278 ἐχόντων,
2584 1209 2728 1264 τοῦτ’
2743 1210 2881 1276 ἔστι,
2906 1211 3014 1265 τῶν
3029 1213 3272 1284 γενητῶν
3291 1231 3304 1244 ·
3327 1213 3700 1285 ἀποδιίστησιν
3714 1216 3874 1286 ὲναρσ

2300 1301 2412 1369 γῶς
2429 1301 2489 1354 τδ
2504 1301 2779 1370 φύσειτῶν
2792 1305 2932 1357 κατά
2951 1304 3129 1376 χάριν,
3148 1305 3257 1359 τῶν
3274 1307 3330 1358 ὲν
3347 1305 3557 1376 μεθέξει
3575 1307 3635 1359 τὸ
3653 1307 3878 1378 μετεχό-

2303 1412 2481 1466 μενον,
2509 1395 2616 1450 τῶν
2649 1399 2707 1450 ὲν
2729 1399 2960 1470 χορηγίᾳ
3010 1399 3071 1453 τὸ
3097 1402 3209 1464 τοῖς
3238 1399 3512 1470 δεομένοις
3531 1401 3690 1454 ἑαυτὸ
3706 1419 3875 1472 χορη-

2299 1486 2448 1556 γοῦν.
2465 1487 2636 1541 Καὶεί
2654 1488 2767 1557 φῶς
2786 1487 2934 1542 ’ἐστιν
2956 1490 3242 1562 ἀληθινὸνό
3258 1491 3405 1557 Υἱὸς,
3431 1491 3583 1545 οὐδὲν
3603 1492 3709 1564 ἄρα
3743 1493 3874 1564 παρ’

2298 1579 2460 1633 αὑτὸν
2485 1580 2607 1634 κατ’
2634 1580 2890 1652 ἀλήθειαν
2923 1583 3058 1650 φῶς,
3099 1583 3218 1636 οὐδὲ
3261 1583 3470 1637 οἴκοθεν
3501 1583 3612 1655 ἔχει
3650 1586 3875 1654 δυνάμει

2301 1671 2362 1724 τὸ
2417 1667 2556 1726 εἶναι
2608 1673 2700 1726 καὶ
2725 1673 3003 1727 καλεῖσθαι
3047 1673 3189 1744 φῶς
3231 1675 3345 1728 ἀλλ’
3375 1676 3496 1729 οὑδὲ
3532 1677 3746 1745 φύσεως
3776 1677 3874 1746 τῆς

2301 1764 2434 1827 ἰδίας
2451 1764 2674 1817 ἐκδώσει
2693 1783 2762 1818 κα
2770 1764 2980 1835 ρπὺντὰ
3001 1765 3200 1836 γενητὰ
3217 1765 3307 1820 τὸν
3319 1767 3664 1838 δηλούμενον,
3687 1767 3835 1820 ὥσπε
3847 1784 3875 1838 ρ

623 1850 690 1888 ex
718 1847 817 1888 sua
848 1841 1048 1887 natura
1078 1831 1318 1887 fructum
1352 1832 1575 1890 luminis
1611 1848 1849 1905 unquam
1876 1834 2150 1890 ediderint
2179 1854 2191 1891 :

2297 1855 2354 1908 δὲ
2383 1854 2441 1920 ἐξ
2476 1856 2576 1909 οὐκ
2609 1855 2775 1908 ὄντων
2800 1856 2967 1917 ἐστὶν,
2999 1855 3168 1920 οῦτως
3200 1859 3263 1911 ὲκ
3307 1857 3399 1910 τοῦ
3433 1858 3508 1929 μὴ
3549 1852 3688 1911 εἶναι
3734 1857 3872 1927 φῶς,

622 1925 720 1981 sed
765 1924 1231 1996 quemadmodum
1283 1933 1416 1980 sunt
1454 1939 1519 1981 ex
1559 1925 1756 1992 nihilo,
1787 1927 1869 1982 sic
1921 1942 2044 1982 cum
2083 1941 2195 1982 non

625 2019 736 2072 sint
767 2017 879 2084 lux,
903 2033 1028 2074 csse
1062 2017 1340 2090 incipiunt
1371 2025 1600 2088 accepto
1629 2017 1744 2074 veri
1779 2018 2071 2089 splendore
2111 2021 2194 2074 lu-

623 2109 810 2173 minis,
859 2117 916 2166 et
966 2110 1388 2180 participatione
1440 2109 1640 2165 divinae
1708 2119 1918 2166 natura:
1963 2112 2030 2166 ad
2076 2112 2196 2182 ejus

625 2199 985 2256 imitationem
1028 2201 1322 2265 illustrata,
1360 2201 1636 2274 simulque
1686 2203 1781 2258 lux
1836 2204 2095 2260 dicuntur
2140 2213 2194 2261 ct

622 2301 771 2347 sunt.
803 2291 869 2346 Et
911 2291 1006 2347 Dei
1059 2292 1279 2365 quidem
1310 2291 1552 2350 Verbum
1604 2295 2044 2352 subslantialiter
2101 2295 2192 2351 lux

620 2389 726 2449 est,
757 2399 872 2440 non
891 2383 1317 2454 participatione
1347 2401 1443 2456 per
1471 2387 1732 2458 gratiam,
1765 2402 1945 2458 neque
1983 2387 2196 2444 adven-

620 2477 794 2532 titiam
821 2476 969 2531 illam
994 2477 1049 2530 in
1079 2491 1137 2532 se
1160 2477 1372 2533 habens
1402 2478 1722 2550 dignitatem
1746 2487 1842 2535 aut
1873 2480 2190 2546 ascititiam,

619 2576 680 2623 ut
722 2568 1098 2640 gratiam,sed
1137 2575 1353 2624 natura:
1400 2568 1759 2626 immutabilis
1805 2569 2042 2627 fructum
2093 2571 2194 2624 im-

617 2661 958 2725 mutabilem,
1002 2667 1059 2714 et
1095 2658 1490 2716 inconcussum
1549 2659 1755 2715 bonum
1799 2674 1868 2715 ex
1917 2659 2080 2715 Patre
2123 2658 2192 2714 ad

607 2751 946 2808 substantiae
1002 2749 1184 2806 Patris
1241 2751 1515 2810 hazrcdem
1573 2751 1879 2821 pertinens.
1927 2750 2193 2807 Creatura

615 2857 748 2898 vero
777 2843 1100 2912 neutiquam
1141 2856 1206 2897 eo
1234 2842 1399 2897 modo
1443 2842 1536 2895 lux
1572 2843 1714 2898 erit:
1743 2849 1802 2896 ut
1831 2858 1943 2898 non
1983 2841 2191 2898 habens

529 2959 556 2980 ο
617 2933 840 3003 accipit,
887 2932 1235 2987 illuminatur
1296 2939 1356 2985 ut
1408 2932 1668 2997 tenebrae,
1737 2933 1966 2989 ascitum
2027 2933 2194 2989 habet

617 3023 871 3095 gratiam,
935 3037 1003 3078 ex
1058 3021 1402 3078 humanitate
1465 3022 1774 3094 largientis,
1841 3023 2188 3096 dignitatem.

615 3116 788 3188 Igitur
825 3113 962 3170 illud
1015 3113 1236 3186 quidem
1271 3122 1356 3171 est
1405 3115 1499 3170 lux
1550 3130 1701 3182 vera,
1742 3117 1858 3172 haec
1901 3133 2035 3173 vero
2079 3134 2189 3174 non

616 3209 768 3264 item.
807 3205 1044 3261 Tantum
1097 3221 1226 3276 ergo
1271 3205 1612 3262 discriminis
1661 3214 1716 3262 et
1749 3207 2023 3262 intervalli
2064 3224 2190 3264 cum

613 3299 689 3355 sit
718 3299 860 3355 inter
881 3305 1192 3354 creaturam
1221 3311 1284 3352 ac
1318 3295 1411 3353 Dei
1440 3295 1664 3362 Filium,
1691 3307 1961 3370 quantum
1992 3308 2192 3356 natura

606 3391 761 3447 [inter
789 3389 1113 3455 sedistant,
1138 3390 1264 3461 quis
1306 3404 1421 3446 non
1455 3404 1552 3446 eos
1577 3389 1816 3448 delirare
1847 3391 1974 3462 jure
2004 3393 2196 3449 existi-

615 3491 748 3550 met,
767 3497 832 3538 ac
856 3496 1088 3553 prorsus
1116 3482 1382 3550 insanire,
1406 3482 1724 3554 quicunque
1743 3491 1991 3540 creatum
2011 3487 2192 3555 ipsum

613 3575 830 3642 dicunt,
859 3583 914 3630 et
948 3575 1002 3630 in
1047 3584 1425 3652 creaturarum
1461 3575 1656 3634 ordine
1705 3577 1951 3633 universi
1990 3591 2192 3648 paren-

611 3677 724 3724 tem
759 3673 815 3723 et
852 3673 1140 3722 auctorem
1185 3666 1552 3736 constituunt,
1583 3682 1692 3723 non
1747 3667 2190 3724 animadverten-

608 3769 719 3825 tes’,
750 3769 810 3814 ut
833 3775 980 3824 reor,
1011 3773 1122 3830 quo
1147 3767 1547 3830 prorupturum
1581 3761 1656 3816 sit
1677 3759 1972 3831 impietatis
2009 3759 2189 3816 audax

615 3849 749 3905 illud
799 3849 1038 3914 facinus,
1083 3850 1213 3904 dum
1264 3858 1321 3906 et
1366 3849 1499 3921 quid
1546 3849 1754 3915 dicant,
1785 3858 1840 3904 et
1875 3849 1942 3906 de
1986 3850 2188 3921 quibus

612 3941 887 3997 aﬂirment
931 3942 1185 3998 nesciunt
1221 3941 1310 3996 δ”.
1357 3940 1514 4008 Quod
1553 3942 1699 3997 enim
1746 3939 2062 4012 diligentius
2093 3955 2188 3998 ve-

613 4033 833 4088 ritatem
873 4032 1148 4086 dictorum
1201 4041 1517 4088 nostrorum
1563 4031 2018 4100 inquirentibus,
2069 4047 2188 4086 ma-

611 4124 874 4180 nifestum
915 4123 1159 4178 futurum
1206 4125 1278 4178 sit
1318 4124 1638 4179 nullatenus
1665 4120 2047 4193 Unigenitum,
2084 4122 2190 4178 hoc

611 4225 698 4272 est
747 4217 924 4272 lucem
977 4230 1188 4282 veram,
1249 4223 1491 4271 creatum
1542 4222 1638 4270 aut
1683 4215 1927 4281 factum,
1982 4224 2082 4270 aut
2133 4214 2188 4271 in

613 4305 933 4359 universum
952 4304 1203 4372 ejusdem
1228 4313 1440 4360 naturae
1465 4320 1592 4360 cum
1613 4311 1868 4360 creatura
1896 4302 2185 4370 exsistere,

612 4393 798 4463 quivis
854 4394 1011 4448 nullo
1057 4395 1276 4466 negotio
1312 4395 1497 4452 videre
1530 4395 1772 4468 undique
1819 4395 2048 4468 poterit,
2091 4394 2188 4452 sed

2217 3161 2260 3220 ϐ

2297 1947 2390 1999 ἐπὶ
2418 1945 2478 1999 τὸ
2502 1941 2639 1999 εἰναι
2659 1945 2773 2016 φῶς
2795 1946 3144 2017 ἀναϐήσεται,
3162 1945 3256 2000 τοῦ
3289 1947 3468 2016 φωτὸς
3497 1947 3589 2000 τοῦ
3618 1947 3872 2016 ἀληθινοῦ

2297 2035 2565 2106 δεξάμενα
2593 2035 2689 2106 τὴν
2715 2036 2907 2107 αὐγὴν,
2936 2037 3028 2090 καὶ
3059 2039 3122 2106 τῇ
3150 2035 3359 2106 μεθέξει
3393 2037 3494 2107 τῆς
3523 2036 3676 2100 θείας
3706 2054 3874 2091 καταο

2297 2125 2728 2198 λαμπρυνόμενα
2793 2125 3025 2195 φύσεως,
3075 2126 3211 2196 πρὸς
3251 2126 3348 2196 τὴν
3379 2125 3590 2195 ἐκείνης
3617 2125 3869 2196 μίμησιν,

2297 2234 2399 2288 χρη
2411 2218 2592 2287 ματιεῐ
2614 2233 2676 2277 τε
2695 2215 2829 2285 ἅμα,
2848 2216 2942 2270 καὶ
2962 2215 3112 2268 ἔσται
3151 2214 3285 2286 φῶς.
3307 2215 3418 2268 Καὶ
3443 2217 3472 2268 ὁ
3507 2214 3605 2285 μὲν
3622 2213 3715 2268 τοῦ
3735 2213 3869 2267 Θεοῦ

2296 2309 2466 2376 Λόγος
2495 2307 2769 2371 οὑσιωδῶς
2798 2308 2914 2361 ἔστι
2938 2307 3070 2377 φῶς,
3102 2306 3162 2360 οὑ
3193 2305 3407 2377 μεθέξει
3443 2309 3509 2377 τῇ
3543 2305 3684 2360 κατά
3713 2306 3873 2377 χάριν

2294 2399 2452 2454 τοῦτο
2474 2399 2756 2469 ὑπάρχων,
2804 2398 2924 2452 οὑδὲ
2958 2397 3305 2469 συμϐεϐηκὸς
3335 2397 3474 2468 ἔχων
3505 2399 3562 2451 ὲν
3604 2397 3786 2468 ἑαυτῷ
3811 2395 3875 2451 τὸ

2295 2492 2533 2564 ἀξίωμα,
2563 2491 2676 2546 ἀλλ’
2695 2490 2816 2544 οὐδὲ
2841 2489 3182 2553 ἐπείσακτον,
3205 2488 3280 2553 ὡς
3295 2489 3476 2560 χάριν,
3507 2487 3642 2542 ἀλλά
3657 2487 3888 2557 φύσεως,

2294 2584 2709 2656 ἀπαραποιήτου
2765 2581 2974 2654 καρπὸν
3024 2581 3310 2654 άτρεπτον,
3366 2581 3460 2634 καὶ
3515 2579 3876 2635 ἀναλλοίωτον

2294 2675 2518 2743 ἀγαθὸν,
2545 2675 2610 2728 ὲκ
2640 2673 2856 2745 Πατρδς
2895 2673 3080 2744 διῆκον
3123 2674 3205 2736 εἰς
3235 2673 3325 2725 τὸν
3357 2672 3457 2740 τῆς
3489 2671 3676 2736 οὐσίας
3705 2671 3875 2724 αὑτοῦ

2292 2768 2649 2839 κληρονόμον.
2692 2767 2757 2820 Ἦ
2798 2766 2856 2820 δὲ
2893 2765 3067 2830 κτίσις
3096 2765 3194 2837 οὐχ
3225 2765 3369 2818 οῦτω
3396 2765 3617 2836 φορέσει
3647 2764 3708 2817 τὸ
3735 2759 3879 2818 εἶναι

2295 2858 2411 2930 φῶς
2437 2875 2452 2890 ο
2483 2859 2558 2922 ὡς
2579 2857 2679 2911 οὐκ
2704 2857 2904 2928 ἔχουσα
2932 2855 3224 2928 λαμϐάνει,
3243 2855 3317 2919 ὡς
3347 2857 3534 2909 σκοτία
3555 2853 3876 2924 φωτίζεται,

2293 2950 2583 3022 ἐπίκτητον
2609 2949 2720 3020 ἔχει
2747 2948 2846 3021 τὴν
2883 2948 3063 3020 χάριν,
3099 2950 3162 3002 ὲκ
3201 2945 3610 3018 φιλανθρωπίας
3638 2946 3739 3016 τῆς
3773 2945 3877 3000 τοῦ

2292 3042 2542 3108 διδόντος,
2575 3042 2634 3094 τὸ
2657 3040 2890 3112 ἀξίωμα.
2927 3040 3135 3094 Οὐκοῦν
3175 3042 3204 3094 ό
3248 3041 3346 3111 μὲν
3373 3039 3488 3109 φῶς
3527 3037 3802 3112 ἀληθινὸν.
3841 3042 3876 3113 ή

2292 3132 2349 3185 δὲ
2377 3131 2580 3185 οὐκέτι.
2605 3129 2887 3200 Τοσαύτης
2909 3127 3200 3200 τοιγαροῦν
3234 3129 3437 3201 μεταξὺ
3474 3129 3733 3199 κειμένης
3753 3129 3880 3184 διοι-

2297 3227 2490 3297 φορᾶς,
2525 3224 2620 3278 καὶ
2652 3222 2796 3277 οῦτω
2847 3222 3059 3294 μακροῦ
3113 3220 3526 3294 διατειχίζοντος
3574 3221 3732 3289 λόγου
3771 3221 3879 3293 τῆς

2293 3317 2526 3379 κτίσεως
2557 3315 2648 3368 τὸν
2681 3315 2809 3368 Υἰὸν
2855 3313 2949 3368 τοῦ
2982 3313 3140 3379 Θεοῦ,
3174 3314 3298 3368 ὅσον
3329 3316 3413 3378 εἰς
3443 3314 3749 3384 ταυτότητά
3772 3313 3879 3383 φῦ⁸

2296 3425 2453 3472 σεως,
2513 3405 2632 3470 πῶς
2693 3405 2794 3460 οὐκ
2838 3405 2903 3460 ἄν
2947 3423 3032 3470 τις
3061 3402 3156 3461 καὶ
3180 3406 3326 3477 μάλα
3363 3406 3586 3470 εἰκότως
3606 3405 3877 3461 ὑπολάϐοι

2294 3501 2652 3573 παραληρεῖν,
2705 3499 2904 3572 μᾶλλον
2958 3500 3016 3554 δὲ
3051 3501 3230 3572 πάσης
3257 3498 3362 3565 ἔξω
3392 3499 3646 3569 γενέσθαι
3673 3499 3879 3571 φρενὸς

2291 3590 2502 3663 ἀγαθῆς
2526 3591 2671 3656 τοὺς,
2699 3591 2922 3662 ὅσοιπερ
2937 3590 3004 3645 ἀν
3025 3591 3252 3662 γενητὸν
3275 3587 3414 3645 εἶναι
3433 3591 3663 3660 λέγωσιν
3681 3592 3876 3660 αὑτὸν,

2291 3683 2516 3748 καὶτοῖς
2539 3682 2929 3755 πεποιημένοις
2951 3682 3317 3737 συντάττωσιν
3333 3682 3424 3739 τὸν
3439 3684 3696 3738 ἀπάντων
3717 3703 3879 3755 γενε-

2292 3773 2564 3847 σιουργδν,
2617 3774 2712 3845 οὐχ
2755 3772 3009 3845 δρῶντες,
3064 3772 3140 3838 ὥς
3168 3773 3232 3843 γέ
3293 3791 3384 3842 μοι
3419 3774 3686 3844 φαίνεται,
3733 3777 3880 3848 πρὸς

2291 3865 2422 3936 δσην
2444 3864 2626 3929 αὐτοῖς
2644 3864 2900 3920 ἀσέϐειαν
2925 3865 3366 3922 ἀποκινδυνεύσει
3391 3867 3450 3920 τὸ
3476 3867 3753 3938 τόλμημα,
3797 3869 3881 3941 μὴ

2289 3955 2468 4011 νοοῦσι
2502 3957 2639 4028 μήτε
2661 3956 2698 4010 ά
2725 3955 2966 4025 λέγουσι,
2993 3959 3130 4028 μήτε
3159 3957 3288 4028 περί
3312 3957 3472 4012 τίνων
3493 3958 3878 4016 διαϐεϐαιοῦν-

2289 4064 2401 4101 ται.
2442 4047 2566 4101 Ὀτι
2593 4046 2702 4119 γὰρ
2727 4051 2840 4111 τοῖς
2870 4048 3258 4119 ἀκριϐέστερον
3298 4048 3607 4119 βασανίζειν
3648 4051 3880 4107 εἰωθόσι

2289 4139 2387 4210 τὴν
2412 4139 2470 4192 ὲν
2500 4141 2614 4202 τοῖς
2654 4139 3036 4211 προκειμένοις
3077 4139 3349 4211 ἀλήθειαν,
3401 4139 3696 4211 οὐδαμόθεν
3735 4145 3880 4214 ἡμῖν

2289 4230 2318 4282 ὁ
2336 4230 2670 4300 Μονογενὴς,
2694 4229 2839 4284 τοῦτ’
2867 4229 3002 4295 ἔστι,
3032 4229 3089 4283 τὸ
3101 4230 3216 4299 φῶς
3239 4231 3302 4283 τὸ
3331 4229 3599 4302 ἀληθινὸν,
3618 4234 3879 4304 γενητὸς,

2289 4321 2322 4393 ἢ
2359 4321 2746 4394 πεποιημένος,
2778 4323 2811 4393 ἢ
2842 4323 2935 4375 καί.
2962 4322 3097 4386 ὅλως
3115 4325 3180 4394 τῇ
3212 4323 3384 4376 κτίσει
3419 4324 3673 4396 συμφυὴς
3699 4325 3884 4399 ὑπάρ-

2290 4430 2400 4483 χων
2415 4413 2557 4468 κατά
2583 4431 2632 4466 τι
2659 4412 2790 4482 γοῦν
2816 4412 3290 4484 ἀποδειχθήσεται,
3323 4413 3655 4484 πανταχόθεν
3678 4415 3779 4486 μὲν
3808 4418 3882 4471 ἄν

613 4499 681 4539 cx
731 4483 1090 4553 sequentibus
1140 4487 1482 4556 argumentis
1539 4502 1648 4542 non
1696 4487 1904 4553 minus,
1955 4502 2076 4558 qua:
2121 4486 2187 4542 ad

2296 4519 2376 4566 τις
2403 4500 2636 4569 κατίδοι,
2661 4502 2755 4555 καὶ
2787 4501 2930 4572 μάλα
2954 4483 3170 4574 ῥᾳδίως,
3203 4503 3307 4572 οὐχ
3330 4483 3531 4574 ἥκιστα
3552 4503 3609 4557 δὲ
3631 4483 3719 4557 διά
3756 4507 3884 4561 τῶν

614 4572 935 4642 ampliorem
969 4589 1152 4630 rerum
1179 4577 1587 4646 propositarum
1619 4579 2038 4648 esplicationem
2072 4579 2186 4635 col-

614 4665 866 4734 legimus.

609 4755 893 4821 Rationes,
925 4757 1030 4810 sive
1065 4757 1334 4825 rationum
1350 4756 1606 4824 collectio,
1674 4773 1740 4812 ea:
1766 4760 1952 4825 quibus
1977 4761 2180 4816 discere

685 4827 803 4881 licet
837 4826 1008 4880 soluat
1038 4824 1244 4882 Filium
1282 4827 1448 4882 lucem
1470 4843 1583 4882 esse
1624 4824 1830 4892 ceram,
1881 4841 2182 4884 creaturam

685 4914 789 4952 non
816 4898 964 4962 item,
993 4913 1152 4972 neque
1181 4897 1380 4951 idcirco
1405 4897 1641 4967 ejusdem
1661 4915 1777 4953 cum
1805 4901 1917 4969 ipso
1952 4912 2178 4956 naturw.

682 4989 742 5044 Si
772 4988 941 5044 Filius
974 4989 1106 5061 quia
1155 4987 1414 5058 splendor
1441 4989 1628 5060 gloria
1656 4989 1751 5046 Dei
1797 5005 1861 5045 ac
1890 4990 2066 5047 Patris
2089 5008 2183 5048 ex-

609 5081 779 5149 sistit,
804 5080 1009 5135 idcirco
1037 5094 1162 5136 vera
1185 5078 1275 5134 lux
1297 5088 1400 5146 est,
1431 5095 1540 5136 non
1568 5081 1675 5136 erit
1700 5080 1943 5152 ejusdem
1974 5088 2184 5137 natura;

610 5189 736 5229 cum
769 5179 1045 5237 creatura,
1093 5186 1160 5227 ne
1189 5179 1445 5227 creatura
1501 5187 1725 5244 quoque
1777 5171 2032 5243 splendor
2063 5187 2185 5229 esse

609 5272 902 5320 censeatur
934 5262 1124 5334 gloria:
1161 5276 1226 5318 ac
1240 5260 1434 5319 Patris
1457 5303 1473 5330 ,
1497 5264 1559 5320 id
1589 5279 1712 5322 esse
1752 5265 1898 5336 potis
1944 5279 2042 5335 per
2083 5279 2184 5319 na-

610 5348 792 5410 turam
823 5353 971 5426 quod
1004 5362 1091 5410 est
1121 5353 1317 5411 Filius.

677 5532 789 5602 66
805 5529 1026 5586 ALIUD.
1048 5531 1104 5587 Si
1121 5533 1302 5590 omnis
1315 5544 1568 5590 creatura
1585 5548 1711 5589 vera
1734 5533 1828 5588 lux
1845 5547 1966 5589 esse
1981 5537 2180 5602 potest,

609 5636 774 5692 quam
809 5621 882 5675 ob
932 5635 1159 5678 causam
1190 5624 1335 5681 istud
1369 5626 1436 5682 de
1471 5626 1587 5683 solo
1611 5622 1752 5682 Filio
1805 5622 2045 5680 dicitur?
2072 5623 2180 5679 Ne-

671 5777 757 5811 ³²⁶
798 5774 982 5834 lTim.
1026 5795 1064 5843 ι,
1095 5780 1144 5836 7.

2291 4593 2486 4663 ἐφεξῆς
2505 4592 2958 4664 ὑποτεταγμένων
2986 4594 3224 4657 ἐννοιῶν,
3245 4592 3334 4647 διὰ
3368 4593 3465 4666 τὴν
3505 4597 3563 4648 ὲν
3593 4598 3704 4660 τοῖς
3736 4615 3889 4670 προ-

2291 4686 2563 4757 κειμένοις
2589 4683 2822 4755 θεωρίαν
2859 4684 3309 4755 συνειλεγμένων.

2293 4772 2715 4852 Ἐζινοιαιῇτοι
2739 4773 3262 4852 ρἰξτζᾼογισμοὶηδί
3284 4766 3374 4830 ὧν
3388 4774 3616 4852 ’ἕξεᾳτι-
3633 4779 3878 4852 μαᾷεῖν.

2359 4845 2447 4896 ὅτι
2492 4844 2684 4914 μόνος
2711 4847 2756 4915 Δό
2806 4843 2957 4915 mg
2984 4843 3110 4913 φῶς
3150 4845 3326 4915 ἐστιν
3369 4843 3681 4911 ἀληθινὸκ,
3713 4847 3752 4915 ἡ
3818 4852 3879 4904 δὲ

2358 4912 2554 4980 κτίσις
2584 4912 2798 4979 οὐκέτι,
2830 4912 3034 4982 διόπερ
3063 4913 3204 4968 οὐδὲ
3238 4915 3510 4984 όμοφυὴς
3543 4916 3724 4982 αὐτῷ.

2358 5006 2422 5058 Εἰ
2469 5006 2808 5076 ἀπαύγασμα
2849 5006 2947 5077 τῆς
2993 5005 3152 5077 δόξης
3194 5006 3287 5060 τοῦ
3344 5006 3477 5060 Θεοῦ
3513 5008 3606 5061 καὶ
3656 5010 3882 5084 Πατρός

2290 5097 2549 5169 ὑπάρχων
2576 5099 2605 5152 ό
2633 5097 2782 5164 Υἱὸς,
2815 5097 2930 5168 φῶς
2972 5097 3222 5168 ἀληθινὸν
3249 5098 3337 5153 διὰ
3362 5097 3520 5152 τοῦτό
3565 5100 3734 5168 ἐστιν,
3781 5105 3890 5158 οὐκ

2289 5189 2440 5246 ἔσται
2467 5194 2532 5263 τῇ
2572 5191 2747 5245 κτίσει
2793 5189 3056 5262 ὁμοφυὴς,
3089 5191 3176 5243 ἵνα
3217 5189 3292 5262 μὴ
3339 5189 3435 5243 καὶ
3467 5193 3500 5263 η
3537 5190 3716 5255 κτίσις
3772 5195 3894 5250 ἀπ-

2287 5281 2544 5354 αύγασμα
2587 5283 2774 5354 νοῆται
2823 5282 2922 5354 τῆς
2966 5281 3126 5354 δόξης
3170 5281 3264 5336 τοῦ
3305 5281 3441 5337 Θεοῦ
3490 5284 3584 5337 καὶ
3629 5284 3892 5360 Πατρὸς,

2285 5371 2483 5443 ἔχουσα
2508 5373 2732 5445 δυνάμει
2753 5367 2978 5426 ’τὺ-εἷναι
3003 5373 3160 5428 τοῦτο
3185 5372 3326 5428 κατά
3347 5371 3528 5442 φύσιν,
3556 5373 3696 5446 ὅπερ
3724 5377 3898 5433 ἐστὶν

2285 5464 2314 5516 ὁ
2613 5531 2680 5588 Εἰ
2742 5533 2891 5587 πᾶσα
2946 5535 2979 5606 ἡ
3031 5534 3208 5599 κτίσις
3259 5534 3512 5605 ἀληθινὸν
3567 5529 3711 5590 εἶναι
3771 5538 3905 5593 δύ-

2284 5643 2440 5682 ναται
2477 5625 2615 5696 φῶς,
2645 5626 2734 5680 διὰ
2752 5628 2910 5683 ποίαν
2926 5629 3105 5684 αἰτίαν
3131 5628 3223 5684 ἐπὶ
3254 5629 3416 5700 μόνου
3445 5628 3680 5684 τέθειται
3711 5631 3909 5692 τοῦτο
