4052 6208
213 276 317 332 “5

1267 275 1333 330 IN
1365 276 1646 335 ιυΑλΝιδ
1683 278 2132 339 EVANGELIUM
2177 283 2304 340 LIB.
2337 284 2378 339 I.

3372 295 3475 350 Ηὶ

205 391 305 445 τοῦ
347 387 516 453 Υίοῦ;
555 385 706 458 Χρῆν
739 383 846 458 γὰρ
874 384 1047 457 δήπου
1083 387 1224 442 κατά
1256 406 1317 458 γε
1357 389 1446 443 τὸν
1494 392 1595 462 τῆς
1631 392 1810 462 ἰσότη-

1915 411 2072 452 cesse
2101 397 2245 453 enim
2270 405 2360 454 est
2389 398 2582 469 aequali
2613 414 2842 470 prorsus
2874 401 3085 458 ratione
3112 402 3179 459 de
3205 411 3475 468 creaturis

206 498 301 544 -τος
333 480 515 548 λόγον,
554 478 648 531 καὶ
697 479 809 540 τοῖς
857 477 1244 548 πεποιημένοις
1292 482 1716 552 ἐπιφημίζεσθαι
1740 483 1801 537 τὸ

209 570 468 640 ἀληθινὸν
514 566 655 623 εἶναι
707 569 844 638 φῶς.
883 569 1022 622 Ἀλλ’
1065 570 1238 623 οὐδενὶ
1282 571 1378 642 μὲν
1412 573 1640 643 ἁρμόζει
1691 573 1800 628 τῶν

212 661 478 730 γενητῶν,
495 662 878 730 κατηγορεῖται
908 659 963 713 δὲ
989 660 1154 730 μόνης
1175 663 1272 732 τῆς
1302 662 1488 726 οὐσίας
1518 663 1612 717 τοῦ
1639 664 1795 718 Υίοῦ.

215 751 438 821 Κυρίως
473 751 581 822 ἄρα
636 751 729 804 καὶ
786 749 1000 820 ἀληθῶς
1046 751 1286 806 κείσεται
1334 753 1432 822 μὲν
1477 755 1562 807 ἐπ’
1611 754 1796 820 αὑτοῦ,

213 842 309 894 ἐπὶ
338 841 396 894 δὲ
423 841 531 893 τῶν
560 840 878 911 ποιημάτων
903 840 1106 895 οὑκέτι.
1139 843 1263 906 Πῶς
1287 840 1383 896 οῦν
1415 843 1495 897 ἔτι
1522 846 1587 915 τῇ
1623 845 1798 898 κτίσει

216 932 494 1003 συμφυὴς,
527 933 623 987 καὶ
650 933 770 1001 οὑχλ⁹
805 932 1001 1002 μᾶλλον
1028 933 1134 986 τῶν
1178 926 1317 1006 ὑπὲρ
1360 935 1460 1006 τὴν
1502 935 1698 1003 κτίσιν,
1723 935 1798 999 ὼς

217 1026 360 1097 ὑπὲρ
390 1025 561 1094 αὐτὴν
595 1025 858 1094 ὑπάρχων
893 1024 1030 1094 μετὰ
1064 1025 1311 1096 Πατρός;

286 1121 491 1174 ΑΛΛΟ.
529 1116 594 1170 Et
624 1116 762 1185 φωτὶ
789 1115 869 1186 τῷ
897 1117 1038 1170 κατὰ
1072 1117 1329 1188 ἀλήθειαν
1355 1117 1414 1171 οὑ
1457 1120 1651 1173 ταυτόν
1681 1121 1794 1173 ἐστι

213 1211 278 1262 τὸ
310 1208 388 1278 μὴ
415 1207 555 1260 κατὰ
580 1204 837 1274 ἀλήθειαν
866 1204 1007 1273 φῶς·
1037 1205 1150 1275 ἔχει
1179 1205 1286 1277 γάρ
1317 1223 1370 1259 τι
1409 1206 1470 1258 τὸ
1502 1193 1734 1278 ἕτεροϊον
1762 1210 1794 1280 ἡ

216 1297 482 1369 ἐκατέρου
529 1294 796 1364 δήλωσις·
825 1295 938 1362 φῶς
961 1295 1017 1347 δὲ
1046 1294 1294 1366 ἀληθινὸν
1333 1298 1362 1349 6
1401 1297 1527 1361 Υἱὸς
1561 1298 1797 1352 κατωνό-

219 1405 448 1459 μασται,
481 1385 574 1439 καὶ
613 1385 769 1438 τοῦτό
797 1387 910 1438 ἐστι
941 1385 1080 1439 κατὰ
1117 1385 1277 1454 φύσιν
1304 1404 1316 1418 ·
1345 1387 1446 1440 οὑκ
1470 1387 1578 1458 ἄρα
1611 1390 1643 1458 ἠ
1677 1389 1794 1442 κτί-

220 1495 305 1541 σις
345 1477 595 1546 ἀληθινὸν
625 1475 777 1528 ἔσται
812 1474 946 1544 φῶς.
983 1476 1191 1531 Οὐκοῦν
1221 1476 1340 1530 οὑδὲ
1387 1477 1636 1548 ἀλλήλοις
1668 1479 1797 1550 ὁμο-

218 1568 330 1637 φυῆ
364 1566 433 1619 τὰ
465 1563 637 1627 οὑτως
667 1563 1058 1634 ἐξηλλαγμένα.

291 1657 499 1711 AAAO.
534 1655 596 1708 El
627 1654 700 1724 μὴ
756 1655 914 1724 μόνος
955 1656 983 1708 6
1025 1655 1334 1726 Μονογενὴς
1360 1657 1423 1712 τὸ
1449 1657 1563 1727 φῶς
1596 1659 1710 1712 ὲστι
1736 1656 1798 1710 τὸ

1907 487 2038 552 dici,
2077 503 2172 545 eas
2202 504 2326 545 esse
2353 504 2534 544 veram
2576 489 2779 545 lucem.
2810 490 2974 561 Atqui
3006 494 3141 547 nulli
3166 504 3363 551 creatae
3393 501 3472 556 rei

1904 581 2180 648 convenit,
2217 583 2312 638 sed
2346 583 2413 638 de
2461 583 2577 638 sola
2603 582 2723 638 Filii
2750 584 3313 644 substantia‘dicitur.
3338 588 3476 647 Pro-

1903 675 2022 746 prie
2047 690 2177 746 ergo
2208 690 2272 730 ac
2325 690 2450 731 vere
2486 676 2554 732 de
2596 676 2716 748 ipso
2765 677 2978 732 dicetur
3004 718 3018 743 ,
3070 679 3138 734 de
3201 685 3474 740 creaturis

1902 778 2012 819 non
2053 764 2205 820 item.
2241 764 2527 832 Quomodo
2573 766 2740 837 igitur
2796 766 3044 838 ejusdem
3100 768 3207 823 erit
3263 777 3493 827 natura!

1900 864 2330 924 cum.creatura,
2387 873 2453 913 ac
2485 873 2600 915 non
2621 859 2803 930 potius
2833 869 3144 915 creaturam
3205 875 3312 916 una
3346 876 3474 917 cum

1900 945 2062 1002 Patre
2099 947 2421 1017 superabit?

1969 1126 2196 1184 ALIUD.
2235 1127 2292 1182 Si
2329 1142 2456 1184 vera
2486 1127 2579 1183 lux
2609 1128 2798 1184 eadem
2829 1147 2936 1184 non
2989 1140 3074 1188 est
3139 1141 3307 1202 atque
3374 1133 3468 1187 lux

1899 1230 2008 1271 non
2036 1231 2160 1271 vera
2192 1217 2431 1288 (diversa
2459 1218 2605 1273 enim
2634 1225 2716 1274 est
2738 1220 3144 1289 quodammodo
3179 1222 3472 1294 utriusque

1899 1305 2270 1379 signiﬁcatio),
2298 1308 2389 1362 lux
2419 1315 2600 1363 autem
2617 1323 2746 1364 vera
2779 1319 3130 1380 nuncupatus
3159 1321 3242 1367 est
3275 1311 3468 1379 Filius,

1897 1405 1952 1452 et
2003 1397 2315 1453 istiusmodi
2367 1406 2450 1452 est
2501 1399 2803 1454 secundum
2863 1410 3116 1455 naturam
3157 1419 3170 1456 :
3213 1411 3470 1460 creatura

1898 1489 2088 1559 utique
2120 1503 2250 1543 vera
2303 1485 2536 1543 qu'non
2566 1489 2692 1544 erit.
2771 1491 2939 1561 Igitur
2992 1507 3168 1562 neque
3223 1494 3469 1564 ejusdem

1898 1588 2108 1635 natura:
2136 1581 2279 1634 inter
2302 1594 2362 1634 se
2389 1595 2452 1634 ea
2485 1595 2607 1650 qua
2659 1589 2940 1651 tantopere
2967 1583 3255 1638 dissident.

1970 1670 2205 1728 ALIUD.
2247 1671 2305 1726 Si
2338 1687 2449 1727 non
2484 1672 2636 1730 solus
2695 1673 3027 1744 Unigenitus
3056 1690 3184 1730 vera
3242 1675 3334 1732 lux
3362 1683 3469 1743 est,

220 1747 495 1818 ἀληθινὸν,
523 1745 637 1815 ἔχει
665 1745 722 1798 δὲ
750 1745 844 1798 καὶ
870 1745 902 1814 ὴ
932 1744 1106 1810 κτίσις
1131 1747 1192 1798 τὸ
1215 1743 1354 1800 εἶναι
1383 1747 1497 1815 φῶς
1523 1748 1794 1820 ἀληθινὸν,

1912 1763 1994 1821 sed
2034 1771 2292 1819 creatura
2329 1777 2459 1818 vera
2483 1779 2705 1834 quoque
2748 1743 2843 1819 lux
2873 1780 2994 1826 esse
3027 1775 3207 1844 potest
3257 1786 3272 1823 :
3305 1783 3468 1839 quam

218 1840 308 1896 διὰ
353 1839 512 1892 ποίαν
559 1837 736 1890 αἰτίαν
777 1836 939 1900 αὑτὸς
987 1853 1007 1886 ς
1049 1836 1270 1906 φωτίζει
1304 1838 1478 1893 πάντα
1517 1839 1801 1912 ἄνθρωπον

223 1930 517 2000 ἐρχόμενον
549 1927 629 1991 είς
667 1927 759 1980 τὸν
797 1926 1035 1996 κόσμον;
1071 1947 1090 1979 ι
1130 1926 1390 2000 Ἐχούσης
1433 1927 1542 2000 γὰρ
1591 1927 1801 1983 οίκοθεν

221 2021 382 2075 τοῦτο
431 2019 527 2073 καὶ
575 2021 672 2089 τῆς
709 2018 972 2090 γεννητῆς
1041 2018 1249 2082 οὐσίας,
1298 2020 1551 2091 περιττὸν
1598 2014 1668 2091 ἦν
1720 2018 1801 2072 ἔτι

223 2109 557 2183 φωτίζεσθαι
591 2110 660 2163 δι’
690 2107 852 2162 Υίοῦ·
891 2108 1028 2162 ἀλλὰ
1066 2109 1172 2181 μὴν
1204 2109 1428 2179 φωτίζει
1478 2110 1578 2181 μὲν
1617 2108 1798 2174 αὐτὸς,

225 2201 445 2274 μέτοχοι
475 2200 531 2252 δὲ
559 2197 723 2252 αὑτοῦ
761 2198 956 2262 πάντες
995 2199 1180 2270 ἡμεῖς’
1218 2199 1319 2253 οὑκ
1358 2199 1469 2271 ἄρα
1501 2199 1802 2266 ταυτὺννείς

218 2291 410 2356 οὐσίας
437 2290 698 2363 ποιότητα
733 2289 882 2355 Υἱὸς,
927 2290 1023 2343 καὶ⁸
1070 2289 1278 2356 κτίσις·
1307 2289 1498 2364 ὥσπερ
1535 2285 1632 2346 οὖν
1681 2289 1802 2346 οὐδὲ

220 2382 301 2455 τῷ
330 2381 610 2454 μετέχοντι
638 2380 699 2434 τὺ
732 2376 1112 2452 μετεχόμενον.

291 2557 500 2612 ΔΔΛΟ.
559 2556 622 2608 Εἰ
683 2553 758 2626 μὴ
813 2553 958 2625 μόνῳ
1012 2553 1272 2625 πρόσεστι
1327 2551 1471 2610 κατὰ
1522 2551 1684 2623 φύσιν
1726 2551 1804 2625 τῷ

220 2650 340 2721 Υίῷ
370 2649 430 2702 τὸ
459 2647 726 2719 ὑπάρχειν
754 2645 869 2716 φῶς
902 2645 1173 2718 ἀληθινὸν,
1216 2644 1330 2716 ἔχει
1367 2644 1425 2698 δὲ
1467 2645 1599 2699 αὑτὸ
1641 2645 1735 2698 καὶ
1768 2646 1803 2718 ἡ

220 2741 422 2805 κτίσις,
455 2729 726 2811 περιττὸς,
766 2737 841 2800 ὠς
874 2733 1046 2808 οἶμαι,
1075 2739 1321 2808 φανεῖται
1363 2735 1500 2808 πρός
1536 2752 1688 2800 τινας
1717 2735 1805 2789 λέ-

219 2829 718 2903 γωνὸΨαλμῳδόςο
747 2828 1110 2900 ιῐΙροσὲλθετε
1139 2828 1274 2898 πρὸς
1303 2825 1484 2892 αὑτὸν,
1521 2826 1616 2882 καὶ
1641 2827 1805 2896 φωτί-

223 2927 453 2997 σθητε·»
480 2923 540 2977 τὸ
567 2921 670 2993 γὰρ
694 2921 827 2984 ὅλως
857 2921 976 2975 κατ’
1021 2919 1284 2992 ἀλήθειαν
1319 2919 1454 2989 φῶς,
1485 2918 1584 2972 οὑκ
1625 2918 1691 2972 ἂν
1717 2917 1800 2986 γέσ

220 3035 374 3072 νοιτο
432 3014 642 3088 μεθέξει
687 3017 764 3086 τῇ,
796 3014 932 3086 πρὸς
975 3012 1158 3082 ἕτερόν
1201 3030 1323 3066 τινα
1369 3011 1505 3082 φῶς,
1535 3010 1650 3065 ἀλλ’
1687 3011 1806 3065 οὑδὲ

1901 1857 1972 1912 ob
2009 1869 2236 1911 causam
2280 1853 2398 1925 ipse
2453 1872 2472 1906 ι
2513 1854 2785 1909 illuminat
2814 1871 3034 1911 omnem
3066 1857 3340 1913 hominem
3375 1874 3473 1914 ve-

1901 1945 2139 2002 nientem
2175 1943 2232 1999 in
2273 1943 2577 2000 mundum?
2620 1963 2638 1996 ι
2676 1943 2812 1997 Nam
2863 1945 2909 2001 si
2960 1961 2991 1998 a
3041 1961 3102 2001 se
3149 1945 3205 2000 id
3251 1946 3472 2002 haberet

1900 2050 2119 2110 quoque
2149 2044 2331 2092 creata
2363 2035 2692 2100 substantia,
2752 2035 3087 2106 superﬂuum
3122 2044 3268 2093 esset
3297 2037 3473 2108 ipsam

1901 2126 2196 2182 illuminari
2233 2140 2331 2196 per
2372 2123 2593 2180 Filium.
2631 2127 2700 2179 At
2747 2125 3020 2180 illuminat
3069 2127 3288 2197 quidem
3336 2127 3474 2197 ipse,

1901 2235 2006 2276 nos
2055 2227 2240 2274 autem
2285 2232 2478 2274 omnes
2519 2218 2640 2289 ejus
2688 2217 2990 2288 participes
3040 2235 3231 2276 sumus
3282 2236 3295 2272 :
3355 2237 3467 2277 non

1901 2327 2033 2384 ergo
2070 2311 2216 2368 idem
2241 2320 2374 2368 sunt
2418 2311 2598 2382 quoad
2630 2311 2998 2366 substantiam
3036 2309 3210 2367 Filius
3238 2320 3293 2368 et
3321 2326 3477 2368 crea-

1901 2415 2048 2472 tura,
2075 2405 2245 2462 sicuti
2275 2419 2452 2474 neque
2481 2404 2532 2458 id
2564 2401 2710 2473 quod
2745 2402 3037 2473 participat
3066 2402 3212 2458 idem
3239 2409 3328 2460 est
3349 2416 3473 2461 cum

1902 2513 1972 2554 eo
1999 2496 2144 2565 quod
2178 2495 2561 2566 participatur.
2881 2506 2886 2511 ·

1979 2585 2210 2642 ALIUD.
2264 2582 2322 2640 Si
2364 2598 2475 2638 non
2526 2582 2673 2637 inest
2720 2587 2918 2636 natura
2957 2579 3061 2636 soli
3110 2577 3251 2634 Filio
3294 2586 3356 2633 ut
3405 2579 3477 2634 sit

1905 2694 2033 2736 vera
2063 2678 2180 2742 lux,
2217 2675 2311 2732 sed
2339 2675 2579 2746 idipsum
2613 2673 2669 2727 in
2717 2679 3028 2728 creaturam
3065 2686 3282 2743 quoque
3309 2671 3474 2736 cadit,

1904 2771 2106 2838 inanis,
2142 2775 2202 2824 ιιι
2224 2783 2368 2833 reor,
2403 2766 2508 2822 erit
2536 2763 2830 2822 Psalmista
2858 2763 3052 2820 dicens
3108 2781 3124 2820 :
3160 2781 3181 2817 ι
3220 2763 3481 2819 Accedite

1905 2865 2147 2927 ad'eum,
2174 2869 2237 2918 et
2257 2857 2648 2917 illuminamini
2666 2857 2732 2913 ⁸⁸.
2767 2874 2785 2908 ι
2823 2853 2980 2923 Quod
3013 2855 3159 2911 enim
3203 2869 3333 2911 vera
3388 2855 3479 2910 lux

1905 2963 2011 3018 est,
2047 2966 2327 3022 nunquam
2354 2963 2488 3005 sane
2520 2947 2751 3003 alterius
2782 2945 3203 3015 participatione
3229 2944 3319 2998 lux
3354 2944 3480 3008 erit,

1907 3060 2084 3117 neque
2109 3044 2338 3100 alterius
2387 3041 2681 3112 splendore
2733 3037 3177 3103 collustrabitur,
3222 3035 3318 3092 sed
3365 3049 3484 3104 per-

222 3108 494 3179 ὲλλάμψει
518 3110 582 3177 τῇ
614 3107 742 3177 παρ’
776 3106 961 3178 ἐτέρου
992 3103 1465 3175 φαιδρυνθήσεται,
1493 3102 1702 3156 τελείαν
1745 3102 1800 3156 δὲ

1912 3102 2113 3192 fectum
2140 3151 2207 3190 ex
2238 3147 2297 3190 se
2328 3102 2509 3203 potius
2548 3137 2602 3185 et
2633 3136 2830 3184 natura
2866 3142 2967 3184 sua
3000 3102 3350 3197 splendorem
3367 3102 3482 3178 ha-

227 3201 432 3272 μᾶλλον
461 3198 574 3251 ἀπὸ
595 3198 696 3267 τῆς
729 3197 864 3260 ἰδίας
895 3195 1108 3266 φύσεως
1140 3195 1236 3268 τὴν
1274 3195 1620 3268 καθαρότητα
1647 3211 1813 3268 χορη-

224 3291 551 3362 γηθήσεται.
583 3287 724 3341 Ἀλλ’
755 3287 968 3360 ὁρῶμεν
996 3289 1077 3340 ὅτι
1105 3287 1281 3357 φωτὸς
1311 3288 1530 3358 ὲπιδεεῆς
1559 3288 1586 3341 δ
1613 3287 1814 3358 ἀνθριιν

225 3401 350 3448 πος,
373 3383 600 3451 κτιστῆς
633 3379 892 3452 ὑπάρχων
924 3378 1163 3450 φύσεως’
1199 3379 1293 3433 καὶ
1340 3377 1594 3450 ἀληθεύει
1623 3377 1758 3448 βοῶν
1787 3379 1815 3432 6

226 3472 554 3543 Ψαλμῳδὸς,
583 3472 659 3534 ὡς
697 3472 832 3543 πρὸς
856 3471 946 3523 τὸν
992 3469 1087 3523 τοῦ
1119 3469 1253 3524 Θεοῦ
1296 3469 1488 3538 Λόγον,
1539 3486 1558 3520 ι
1589 3469 1711 3523 Ὀτι
1749 3470 1814 3523 σὺ

227 3567 451 3634 ᾳωτιεῖς
493 3562 686 3633 λύχνον
729 3561 1063 3633 μου,Κύριε’
1104 3563 1133 3615 6
1183 3561 1314 3625 Θεός
1357 3579 1481 3632 μου,
1513 3563 1731 3629 φωτιεῖς
1755 3561 1816 3614 τὸ

230 3657 424 3719 σκότος
468 3672 599 3726 μου.
639 3673 658 3705 ι
687 3654 801 3706 Οὑκ
833 3654 939 3724 ἄρα
974 3653 1089 3720 φῶς
1138 3651 1279 3706 κατὰ
1328 3653 1585 3723 ἀληθειαν
1632 3653 1816 3722 ἡμεῖς,

232 3747 454 3817 μέτοχοι
489 3747 545 3799 δὲ
579 3745 778 3815 μᾶλλον
807 3745 897 3798 τοῦ
929 3745 1254 3814 φωτίζοντος
1296 3745 1494 3815 Λόγου,
1527 3746 1623 3800 καὶ
1656 3746 1814 3801 ἁλλόρ

229 3856 374 3910 τριοι
402 3837 547 3893 κατὰ
578 3836 739 3906 φύσιν
769 3836 860 3890 τοῦ
885 3837 1059 3906 φωτὸς
1083 3836 1177 3890 τοῦ
1203 3835 1480 3908 ἀληθινοῦ,
1508 3837 1645 3909 ὅπερ
1670 3838 1816 3892 ἐστὶν

230 3932 260 3983 6
294 3932 446 3994 Υἱός.

304 4022 494 4075 ΑΛΛΟ
542 4021 613 4074 ἐκ
665 4019 772 4074 τοῦ
823 4019 1029 4074 αὑτοῦ.
1071 4018 1134 4073 Et
1183 4019 1374 4091 λύχνος
1412 4022 1441 4074 6
1485 4019 1819 4092 ἀνθρώπινος

234 4114 658 4183 κατωνόμασται
703 4111 847 4176 νοῦς,
891 4111 1030 4164 κατὰ
1068 4111 1128 4164 τὸ
1165 4112 1222 4165 ἐν
1254 4111 1503 4183 Ψαλμοῖς
1537 4112 1816 4184 ᾀδόμενον,

243 4227 263 4258 ‹
289 4208 426 4259 Ὅτι
453 4206 519 4256 σὺ
545 4206 758 4273 φωτιείς
783 4204 972 4274 λύχνον
997 4221 1119 4270 μου,
1151 4203 1343 4274 Κύριε,
1375 4221 1394 4256 ι
1425 4203 1542 4267 πῶς
1583 4202 1820 4272 ἐσόμεθα

240 4297 388 4352 κατὰ
426 4295 677 4365 ἀλήθειαν
705 4294 852 4363 φῶςς
900 4293 1258 4351 Ἐπείσακτον
1297 4293 1407 4365 γὰρ
1434 4293 1528 4346 καὶ
1567 4293 1716 4347 δοτὸν
1741 4293 1820 4363 τῷ

239 4387 424 4456 λύχνῳ
452 4386 515 4439 τὸ
546 4385 680 4454 φῶς.
715 4385 825 4440 Καὶ
860 4386 908 4438 εί
935 4384 998 4437 τὸ
1039 4384 1228 4449 σκότος
1252 4383 1313 4437 τὸ
1355 4385 1413 4438 ὲν
1441 4385 1573 4455 ἡμῖν
1599 4383 1822 4454 φωτίζει

1913 3229 2157 3283 biturum
2180 3235 2284 3281 est.
2326 3223 2494 3294 Atqui
2525 3221 2773 3276 videmus
2807 3219 3084 3274 hominem
3136 3216 3278 3272 lucis
3336 3215 3485 3269 indi-

1912 3331 2062 3388 gere,
2101 3329 2226 3368 cum
2264 3321 2472 3367 naturae
2517 3310 2589 3366 sit
2617 3318 2839 3366 creatae.
2887 3308 2954 3363 Et
2986 3323 3176 3365 verum
3213 3317 3298 3364 est
3337 3306 3484 3377 quod

1914 3404 2064 3460 canit
2092 3402 2408 3469 Psalmista,
2439 3409 2700 3472 tanquam
2730 3400 2798 3456 ad
2830 3399 2925 3457 Dei
2949 3398 3188 3458 Verbum
3221 3416 3236 3456 :
3281 3419 3299 3454 ι
3336 3401 3486 3467 Quo-

1915 3495 2062 3549 niam
2091 3499 2148 3546 tu
2175 3493 2454 3546 illuminas
2495 3492 2776 3546 lucernam
2812 3505 3013 3556 meam,
3051 3489 3310 3546 Domine:
3343 3489 3487 3546 Deus

1915 3599 2094 3651 meus,
2125 3584 2377 3639 illumina
2409 3583 2666 3640 tenebras
2697 3597 2848 3638 meas
2869 3581 2934 3638 ⁸⁹.
2967 3601 2987 3636 ι
3019 3583 3143 3640 Non
3199 3595 3330 3654 ergo
3360 3599 3486 3640 vera

1917 3679 2010 3733 lux
2042 3693 2144 3734 nos
2173 3692 2388 3740 sumus.
2422 3676 2518 3733 sed
2549 3674 2916 3731 illuminantis
2950 3672 3117 3731 Verbi
3149 3676 3333 3745 potius
3360 3689 3486 3744 par-

1916 3769 2132 3840 ticipes,
2168 3767 2451 3826 etdivcrsi
2484 3773 2680 3822 natura
2711 3780 2743 3820 a
2769 3779 2899 3822 vera
2947 3765 3091 3833 luce,
3132 3764 3281 3820 Filio
3320 3765 3485 3818 nimi-

1917 3873 2061 3913 rum.

1989 4033 2206 4091 ALIUD
2228 4048 2293 4090 ea:
2321 4034 2522 4089 eodem.
2551 4031 2610 4089 Si
2638 4047 2792 4090 mens
2819 4029 3064 4090 hominis
3100 4031 3324 4088 lucerna
3343 4045 3488 4088 nun-

1921 4136 2118 4199 cupata
2147 4135 2232 4185 est
2261 4128 2421 4199 juxta
2462 4127 2599 4183 illud
2649 4126 2956 4184 Psalmistae
2989 4142 3003 4180 :
3051 4143 3072 4178 ι
3110 4123 3376 4192 Quoniam
3426 4133 3484 4178 tu

1921 4219 2200 4274 illuminas
2239 4219 2525 4274 lucernam
2564 4233 2762 4283 meam,
2814 4215 3046 4272 Domine
3081 4233 3095 4270 :
3139 4233 3158 4267 ι
3214 4215 3490 4285 quomodo

1921 4325 2052 4366 vera
2081 4311 2174 4366 lux
2228 4309 2475 4364 erimus?
2501 4307 2810 4363 Adventitia
2835 4307 2990 4362 enim
3035 4314 3090 4362 et
3137 4305 3356 4361 aliunde
3390 4320 3490 4359 ac-

1925 4409 2080 4469 cepta
2109 4399 2348 4454 lucerna:
2381 4398 2471 4452 lux
2495 4406 2599 4454 est.
2635 4398 2745 4469 6³1
2777 4397 2937 4464 Quod
2992 4399 3038 4454 si
3080 4397 3336 4454 tenebras
3387 4413 3489 4451 no-

246 4473 409 4543 μόνος
459 4472 488 4524 6
527 4472 854 4542 Μονογενὴς,
897 4471 1014 4536 πῶς
1061 4472 1181 4542 οὑχὶ
1235 4471 1432 4543 μᾶλλον
1477 4471 1641 4535 αὑτὸς
1681 4472 1810 4526 κατὰ

1926 4499 2072 4546 stras
2123 4489 2396 4545 illuminat
2437 4489 2589 4546 solus
2640 4487 2970 4560 Unigenitus
2998 4529 3012 4555 ,
3061 4486 3337 4558 quomodo
3379 4501 3490 4541 non

244 4560 504 4631 ἀλήθειαν
526 4559 659 4631 φῶς,
693 4562 850 4630 misi;
891 4559 948 4612 δὲ
979 4559 1159 4614 οὑκέτι
1184 4577 1200 4626 ;
1235 4560 1298 4614 Et
1328 4559 1386 4615 δὲ
1417 4559 1574 4614 τοῦτο
1602 4558 1819 4630 ἀληθὲς,

247 4651 365 4713 πῶς
405 4649 469 4703 ἂν
502 4650 586 4720 εἴη
615 4649 802 4702 λοιπὸν
835 4647 1080 4720 ὁμοφυὴς
1110 4650 1174 4719 τῇ
1223 4645 1418 4716 κτίσει,
1445 4644 1698 4701 τοσοῦτον
1725 4647 1822 4699 αὑ-

245 4745 344 4814 τῆς
380 4741 774 4813 ὑπερκείμενος
797 4758 811 4807 ;

208 4859 230 4896 ’1
310 4855 521 4908 AAAO.
561 4855 626 4906 Εἰ
660 4855 936 4925 προσεῖναι
980 4851 1202 4906 δύναται
1247 4851 1314 4921 τῇ
1363 4851 1538 4904 κτίσει
1588 4851 1654 4906 τὸ
1688 4846 1824 4904 εἶναι

235 4945 358 5013 φῶς
397 4943 668 5014 ἀληθινὸν,
703 4944 887 5014 ὥσπερ
916 4939 1008 4996 οὖν
1036 4942 1227 5012 ἀμέλει
1261 4940 1356 4996 καὶ
1383 4940 1461 5012 τῷ
1499 4938 1635 5010 Υίῷ,
1669 4939 1824 4993 ἔσται

231 5033 489 5104 δηλονότι
519 5033 634 5101 φῶς
671 5031 918 5102 ἀληθινὸν
961 5032 990 5084 6
1038 5030 1344 5101 ἄνθρωπος,
1376 5028 1538 5100 μέρος
1567 5026 1824 5098 ὑπάρχων

230 5125 439 5195 αὐτῆς.
475 5125 629 5177 Τίσιν
662 5119 756 5176 οὖν
788 5124 893 5194 ἄρα
942 5121 1030 5176 διὰ
1076 5121 1187 5174 τῶν
1246 5119 1413 5190 ἁγίων
1467 5118 1758 5189 προφητῶν
1796 5121 1825 5173 6

230 5219 379 5282 Θεὸς
425 5217 520 5271 καὶ
566 5215 758 5287 Πατὴρ
809 5213 1193 5286 ἐπηγγέλλετο,
1241 5212 1414 5282 λέγων
1442 5227 1455 5241 ⁶
1495 5231 1516 5262 ι
1555 5212 1664 5265 Καὶ
1695 5214 1824 5265 ἀνοι-

232 5313 402 5367 τελεῖ
449 5311 576 5381 ὑμῖν
622 5313 734 5373 τοῖς
783 5309 1135 5380 φοϐουμένοις
1186 5308 1248 5361 τὸ
1294 5305 1467 5377 ὄνομά
1515 5324 1616 5377 μου
1675 5305 1825 5377 ἣλιος

233 5397 616 5466 δικαιοσύνης.
659 5415 677 5448 ι
711 5395 775 5450 Τί
813 5397 922 5468 γὰρ
968 5396 1034 5451 ἂν
1065 5396 1200 5460 ὅλως
1233 5395 1383 5467 ἡλίου
1417 5395 1507 5448 τοῦ
1555 5396 1827 5462 καταυγὰο

235 5489 436 5556 (me;
455 5486 516 5542 τὸ
557 5487 678 5542 κατ’
707 5488 958 5559 ἀλήθειαν
991 5487 1184 5560 ἐδεήθη
1238 5487 1388 5557 φῶς;
1426 5485 1584 5544 Ἀλλὰ
1615 5486 1720 5558 μὴν
1752 5487 1828 5551 ὡς

1923 4582 2077 4639 solus
2107 4582 2224 4652 ipse
2261 4580 2520 4636 vera-lux
2571 4580 2700 4648 erit,
2734 4595 2836 4636 nos
2866 4587 3048 4636 autem
3110 4577 3494 4650 nequaquam?

1923 4671 2080 4739 Quod
2098 4673 2144 4726 si
2165 4685 2352 4727 verum
2373 4684 2479 4736 εει,
2497 4670 2775 4742 quomodo
2789 4670 3030 4742 ejusdem
3048 4678 3258 4728 natura:
3274 4670 3492 4725 demum

1923 4764 2028 4818 erit
2049 4777 2173 4818 cum
2191 4769 2466 4825 creatura,
2492 4763 2588 4832 qui
2611 4771 2764 4819 tanto
2783 4763 3071 4818 intervallo
3091 4776 3210 4818 eam
3237 4758 3498 4831 superat?

1995 4852 2223 4909 ALIUD.
2272 4853 2329 4910 Si
2357 4863 2610 4909 creatura
2659 4869 2787 4909 vera
2834 4855 2924 4907 lus
2982 4868 3103 4908 esse
3147 4860 3325 4922 potest
3384 4865 3491 4904 uon

1930 4959 2094 5001 secus
2129 4959 2193 4999 ac
2227 4943 2398 5001 Filius
2419 4985 2433 5006 .
2463 4945 2570 4999 erit
2603 4960 2799 5014 nempe
2830 4945 2922 4998 lux
2956 4959 3085 4999 vera
3141 4944 3322 5008 homo,
3369 4957 3495 4995 cum

1930 5031 2001 5087 sit
2039 5045 2166 5101 pars
2196 5031 2359 5087 illius.
2398 5030 2739 5098 Quibusnam
2780 5046 2908 5100 ergo
2954 5047 3052 5101 per
3099 5043 3320 5084 sanetos
3374 5045 3498 5099 pro—

1929 5121 2492 5192 phetas-promittehat
2522 5120 2662 5176 Deus
2686 5137 2750 5176 ac
2771 5120 2931 5174 Pater
2948 5121 3138 5174 dicens
3163 5138 3176 5172 :
3204 5138 3223 5171 ‹
3261 5118 3327 5171 Ει
3352 5120 3498 5172 orie-

1932 5223 2019 5268 tur
2038 5214 2195 5268 vobis
2227 5213 2542 5266 timentibus
2567 5226 2762 5266 nomen
2791 5226 2968 5265 mcum
3010 5212 3088 5266 sol
3109 5210 3334 5280 justitiae
3349 5209 3436 5263 δοῖ
3473 5227 3492 5261 ι

1933 5303 2073 5370 Quid
2111 5303 2278 5368 enim,
2321 5316 2532 5372 quaeso,
2556 5317 2698 5357 verae
2733 5301 2844 5354 luci
2873 5300 3187 5355 illustrante
3216 5300 3328 5355 sole
3359 5315 3496 5369 opus

1934 5395 2070 5451 fuit?
2099 5395 2262 5464 Atqui
2294 5393 2435 5448 Deus
2461 5408 2525 5448 ac
2555 5391 2718 5447 Pater
2748 5391 2918 5446 solem
2961 5405 3022 5446 se
3063 5391 3318 5446 daturum
3369 5405 3496 5460 pro-

1936 5485 2184 5542 mittebat
2219 5484 2378 5540 nohis
2413 5483 2506 5555 qui
2537 5481 2658 5554 ejus
2693 5481 3077 5556 indigebamus
3098 5524 3112 5549 ,
3147 5495 3320 5552 eoque
3347 5495 3499 5537 acce-

315 5667 367 5700 ³⁸
401 5663 548 5724 Psal.
585 5681 753 5723 xxxut
775 5707 790 5734 ,
823 5667 876 5723 6.
955 5668 998 5701 "
1035 5667 1176 5724 Psal.
1208 5683 1318 5724 xvu
1341 5709 1356 5736 ,
1385 5669 1475 5723 ευ.
1554 5666 1596 5700 ³ο
1635 5665 1864 5723 Malach.
1897 5684 1968 5733 tv,
1999 5667 2054 5719 2.
