4072 6210
625 278 726 335 H5

1647 275 1704 329 s.
1744 226 2025 329 armati
2052 270 2520 329 ALEXANDRINI
2559 272 2875 330 ARClllEP.

3758 273 3864 330 116

622 407 715 468 pto
760 394 1053 450 illuminati
1083 408 1295 451 sumus.
1347 391 1502 448 Alius
1547 390 1715 462 igitur
1767 404 1798 445 a
1851 390 2011 446 nobis
2060 397 2116 445 et
2155 403 2186 444 a

2291 390 2347 442 tv
2399 390 2556 462 χρείᾳ
2589 393 2980 467 καθεστηκόσιν
3008 398 3036 450 6
3076 396 3210 459 Θεὸς
3250 395 3346 450 καὶ
3374 395 3560 465 Πατὴρ
3595 393 3869 466 ἐπητγέλο

622 496 870 545 creatura
912 493 997 542 est
1043 482 1222 556 quoad
1267 483 1571 538 naturalem
1609 480 1954 537 identitatem
1987 479 2191 552 Unige-

504 616 513 625 .
621 578 791 645 nitus,
823 592 948 632 cum
983 578 1055 633 sit
1098 577 1209 632 lux'
1228 591 1377 644 vera,
1421 584 1479 632 et
1522 583 1722 631 natura
1768 590 1870 631 sua
1914 574 2188 631 illuminet

565 686 577 699 κ
619 682 683 723 ea
699 681 820 738 qua:
844 667 983 723 lucis
1017 667 1280 738 indigent.

689 841 921 899 ALIUD.
948 844 1003 899 Si
1033 842 1204 901 Filius
1235 845 1387 901 solus
1431 861 1541 901 non
1569 853 1648 901 est
1679 844 1770 900 lux
1801 858 1952 909 vera,
1982 843 2080 901 sed
2132 843 2187 898 in

620 944 928 990 creaturam
952 936 1185 1015 idipsum
1214 936 1396 1000 cadit,
1421 937 1477 991 in
1504 937 1666 991 nobis
1685 936 1852 992 etiam
1879 936 2005 990 erit.
2028 935 2189 1002 Quae-

622 1041 748 1081 nam
782 1041 914 1097 ergo
936 1028 1078 1082 ratio
1116 1037 1337 1084 sanctos
1371 1027 1559 1084 Patres
1588 1028 1802 1082 induxit
1841 1035 1899 1081 ut
1928 1027 1995 1081 ad
2020 1025 2189 1081 Deum

623 1116 928 1171 clamarent
984 1136 1000 1173 :
1056 1137 1075 1171 ι
1113 1119 1316 1173 Emitte
1368 1119 1546 1173 lucem
1596 1127 1745 1173 tuam
1815 1126 1869 1173 et
1909 1121 2192 1173 veritatem

623 1206 872 1262 tuam“?
904 1228 923 1262 ι
962 1206 1101 1275 Quid
1154 1225 1284 1265 vero
1318 1210 1573 1265 utilitatis
1618 1210 1721 1265 sibi
1747 1209 1867 1264 fore
1904 1210 2191 1279 putabant,

623 1298 752 1353 dum
784 1313 876 1355 eas
907 1314 1069 1357 voces
1108 1300 1404 1356 identidem
1435 1301 1781 1371 repeterent?
1819 1300 1955 1355 Nam
2000 1301 2049 1356 si
2089 1315 2193 1356 no-

622 1399 746 1445 rant
775 1389 1019 1462 indigere
1052 1393 1188 1447 lucis
1224 1392 1495 1447 hominem
1523 1430 1541 1455 ,
1590 1399 1644 1448 et
1676 1391 1897 1447 aliunde
1923 1391 1981 1447 id
2021 1391 2193 1465 eiac-

622 1479 813 1536 cedere
844 1488 1099 1551 oportere
1132 1499 1147 1534 :
1191 1481 1469 1551 quomodo
1500 1496 1628 1537 vere
1665 1482 1811 1537 dicet
1853 1482 2076 1551 aliquis,
2112 1483 2196 1550 ip-

623 1586 744 1627 sum
774 1586 897 1627 esse
942 1586 1161 1643 quoque
1192 1588 1375 1628 veram
1415 1572 1638 1628 lucem?
1682 1570 1835 1638 Quod
1877 1573 1923 1627 si
1960 1572 2095 1627 nihil
2141 1572 2194 1626 ci

2292 480 2414 533 λετο
2440 481 2631 538 δώσειν
2662 486 2842 549 αὑτὸν,
2873 487 2968 540 καὶ
2995 486 3247 551 λαϐόντες
3276 485 3679 556 πεφωτίσμεθα.
3706 486 3869 539 Ἕτε-

2294 591 2387 646 ρος
2413 576 2523 647 ἄρα
2548 577 2683 647 πρός
2709 594 2768 631 τε
2795 581 2964 650 ἡμᾶς,
2993 580 3087 633 καὶ
3121 578 3219 651 τὴν
3248 578 3444 640 κτίσιν,
3472 579 3595 630 ὅσον
3626 578 3705 640 είς
3734 594 3867 630 ταυ-

2291 665 2490 737 τότητα
2522 670 2774 740 φυσικὴν,
2806 672 2833 723 6
2861 670 3187 741 Μονογενὴς,
3224 669 3339 739 φῶς
3376 670 3633 739 ὑπάρχων
3672 668 3866 740 ἀληθιο

2294 755 2400 821 νὺν,
2432 757 2525 810 καὶ
2556 759 2809 826 φωτίζειν
2837 760 3078 826 πεφυκὸς
3106 757 3173 811 τά
3204 757 3381 827 φωτὸς
3406 758 3654 827 δεόμενα.

2362 847 2562 900 AAAU.
2596 849 2656 902 Εί
2695 850 2766 920 μὴ
2807 848 2965 921 μόνος
3008 852 3036 902 6
3082 849 3200 913 Υίδς
3240 849 3354 918 φῶς
3402 851 3546 902 ἐστιν
3590 846 3867 919 ἀληθινὸν,

2293 936 2406 1007 ἔχει
2426 938 2486 991 δὲ
2509 941 2639 994 αὐτὸ
2659 942 2751 995 καὶ
2774 944 2807 1013 ή
2842 942 3034 1004 κτίσις.
3065 940 3213 995 ἔσται
3245 940 3483 1011 δηλονότι
3510 942 3603 995 καὶ
3628 945 3685 995 ὲν
3712 945 3866 1011 ἡμῖν.

2295 1030 2454 1094 Ποῖος
2483 1024 2574 1083 οὖν
2601 1030 2707 1102 ἄρα
2730 1032 2853 1093 τοὺς
2883 1014 3069 1099 ἁγίους
3103 1029 3356 1083 ἀνέπεισε
3384 1030 3540 1099 λόγος
3574 1030 3706 1101 πρὸς
3736 1030 3868 1082 Θεὸν

2295 1120 2550 1193 ἀναϐοᾷνε
2578 1140 2597 1173 ι
2649 1123 3056 1186 Ἐξαπόστειλον
3088 1123 3151 1175 τδ
3183 1121 3296 1190 φῶς
3340 1138 3453 1185 σου,
3479 1123 3572 1175 καὶ
3604 1121 3700 1193 τὴν
3732 1123 3865 1193 ἁλή-

2296 1210 2445 1265 θειάν
2475 1228 2567 1264 σου
2590 1228 2604 1277 ;
2625 1230 2644 1263 ι
2666 1207 2818 1265 Τίδὲ
2844 1213 2993 1283 ἡμᾶς
3026 1211 3273 1266 ἐντεῦθεν
3302 1212 3605 1283 ὠφελήσειν
3633 1212 3867 1280 οἰόμενοι

2295 1301 2393 1364 τὰς
2434 1300 2683 1366 τοιαύτας
2728 1302 2987 1366 πολλάκις
3030 1304 3279 1375 ἠφίεσαν,
3308 1303 3447 1375 ,είπέ
3488 1322 3595 1374 μοι,
3647 1304 3864 1372 φωνάς;

2297 1392 2360 1445 El
2417 1393 2516 1461 μὲν
2549 1392 2657 1464 γὰρ
2701 1394 2897 1465 ᾔδεσαν
2939 1397 2996 1447 ὲν
3036 1394 3194 1467 χρείᾳ
3246 1396 3420 1463 φωτὸς
3469 1395 3731 1467 ὑπάρχειν
3777 1393 3871 1447 τὶν

2295 1480 2601 1553 ἄνθρωπον,
2636 1484 2730 1536 καὶ
2770 1484 2868 1553 τῆς
2905 1484 3037 1554 παρ’
3076 1484 3263 1555 ἑτέρου
3308 1483 3622 1555 προσθήκης
3658 1482 3864 1546 ἐπιδεᾶ,

2299 1570 2415 1635 πῶς
2446 1573 2562 1643 ἐρεῖ
2601 1589 2684 1636 τις
2715 1573 3009 1643 ἀληθεύων,
3045 1574 3125 1627 ὅτι
3161 1574 3275 1643 φῶς
3305 1574 3538 1644 ὑπάρχει
3580 1573 3671 1626 καὶ
3704 1572 3865 1635 αὐτὸς

540 1690 547 1695 -
621 1679 761 1735 opus
781 1672 901 1719 erat
926 1664 1270 1719 illuminante
1299 1664 1493 1730 Verbo,
1545 1679 1644 1720 cur
1684 1664 1886 1719 frustra
1928 1663 2187 1719 vocabant

2298 1663 2579 1735 ἀ).ηθινόν;
2627 1666 2675 1719 εί
2719 1665 2776 1719 δὲ
2819 1665 2917 1719 οὐκ
2962 1665 3130 1718 ἐδεῖτο
3174 1663 3267 1717 τοῦ
3301 1664 3623 1735 φωτίζοντος
3668 1663 3863 1731 Λόγου,

624 1755 802 1826 ipsum
857 1768 886 1808 a
927 1770 1035 1826 quo
1086 1754 1218 1809 nihil
1245 1755 1424 1825 juvari
1466 1755 1755 1826 poterant?
1802 1754 1870 1808 At
1914 1754 2026 1810 dici
2072 1770 2187 1811 non

2291 1753 2342 1806 τί
2377 1754 2552 1825 μάτην
2602 1754 2828 1808 ἐκάλουν
2876 1753 2968 1808 τὸν
3012 1755 3164 1809 οὐδὲν
3203 1754 3481 1825 ὠφελῆσαι
3530 1754 3866 1825 δυνάμενονς

624 1853 803 1917 potest
852 1855 1168 1903 sanctorum
1232 1855 1468 1903 mentem
1536 1847 1825 1918 deceptam
1884 1846 2094 1917 fuisse,
2139 1858 2194 1904 et

624 1944 881 2005 praeterea
934 1938 1046 2007 ipse
1077 1936 1221 1992 Deus
1269 1945 1324 1992 et
1370 1937 1529 1992 Pater
1570 1936 1891 1993 hominibus
1926 1945 2193 2008 tanquam

623 2028 763 2085 lucis
821 2028 1022 2101 indigis
1073 2029 1239 2084 mittit
1297 2027 1517 2084 Filium.
1567 2028 1951 2100 Aliusigitur
1996 2045 2193 2085 secun-

623 2118 751 2173 dum
777 2126 1030 2174 naturam
1057 2128 1144 2177 est
1182 2117 1511 2191 Unigenitus
1534 2134 1562 2173 a
1600 2125 1878 2183 creatura,
1914 2125 1973 2172 ut
2010 2118 2101 2189 qui
2126 2133 2192 2173 ea

623 2226 745 2282 qua:
772 2209 915 2266 lucis
953 2211 1197 2283 indigent
1224 2212 1519 2266 illuminat.

688 2300 922 2357 ALIUD.
969 2302 1033 2358 Si
1059 2313 1365 2358 creaturam
1417 2303 1557 2359 lucis
1605 2302 1852 2373 indigere
1898 2303 2189 2370 videmus,

620 2410 740 2451 eam
769 2405 950 2452 autem
999 2394 1321 2467 Unigenitus
1350 2396 1657 2464 illuminat,
1691 2413 1804 2454 non
1841 2397 2080 2471 seipsam
2120 2398 2192 2454 ad

621 2488 795 2543 lucem
835 2486 944 2558 agit
976 2496 1231 2543 creatura
1290 2504 1304 2543 :
1343 2502 1448 2543 n0n
1479 2503 1611 2559 ergo
1636 2496 1721 2544 est
1751 2490 1844 2545 lux
1871 2505 2021 2556 vera,
2081 2488 2192 2547 sic-

620 2579 700 2634 uti
731 2576 927 2635 Filius.

691 2668 920 2726 ALiUD.
951 2670 1008 2726 Si
1036 2672 1308 2728 naturalis
1349 2681 1405 2728 et
1438 2688 1563 2728 vera
1594 2674 1688 2728 lux
1720 2688 1832 2728 non
1863 2672 2191 2728 obtenehra-

619 2767 733 2824 tur,
764 2774 893 2815 vera
920 2768 1104 2817 autem
1145 2762 1239 2816 lux
1283 2771 1369 2817 est
1425 2760 1775 2833 Unigenitus,
1840 2772 1899 2820 et
1937 2764 2190 2820 similiter

499 2859 505 2865 '
619 2865 749 2906 vera
781 2851 875 2905 lux
911 2859 996 2908 est
1034 2862 1309 2917 creatura.
1360 2854 1716 2923 quamobrem
1776 2855 1847 2910 de
1892 2853 2034 2913 Filio
2062 2856 2187 2927 qui-

620 2936 745 2993 dem
783 2936 1068 3011 Seriptura
1087 2940 1261 2997 dicit:
1310 2960 1331 2995 ι
1368 2940 1631 3000 Tenebrae
1658 2960 1778 3000 eam
1806 2960 1916 3001 non
1933 2961 2188 3018 compre-

620 3028 964 3100 henderunt;
1000 3050 1020 3085 ι
1056 3035 1127 3089 de
1174 3035 1336 3091 nobis
1361 3044 1544 3091 autem
1576 3035 1779 3094 Paulus
1809 3038 1997 3094 scribit
2028 3056 2042 3094 :
2072 3056 2094 3091 ι
2125 3039 2186 3094 in

2311 1846 2449 1923 Ἀλλ’
2476 1848 2576 1900 οὐκ
2614 1847 2758 1903 ἔστιν
2791 1849 2984 1911 είπεῖν,
3030 1848 3111 1901 ὅτι
3162 1847 3259 1916 τῆς
3302 1845 3554 1916 ἀληθείας
3590 1845 3867 1913 ἀπεσφάλο

2296 1935 2419 1991 λετο
2442 1939 2550 1993 τῶν
2584 1940 2752 2008 ἁγίων
2801 1942 2829 1994 6
2873 1940 3015 2005 νοῦς,
3050 1940 3143 1993 καὶ
3188 1939 3350 2003 αὐτὸς
3378 1938 3435 1991 δὲ
3482 1937 3640 1991 πάλιν
3676 1939 3703 1992 6
3734 1936 3867 2000 Θεὸς

2297 2028 2392 2081 καὶ
2442 2030 2651 2101 Πατὴρ,
2701 2028 2777 2092 ὼς
2810 2031 2984 2100 φωτὸς
3024 2029 3294 2101 δεομένοις
3344 2028 3551 2098 πέμπει
3599 2026 3689 2080 τὸν
3716 2027 3862 2079 Υίόν.

2299 2118 2524 2189 Ἕτερος
2549 2118 2658 2191 ἄρα
2686 2119 2828 2173 κατὰ
2857 2119 3036 2188 φύσιν,
3066 2120 3140 2184 ὡς
3165 2120 3299 2189 πρὸς
3322 2119 3421 2191 τὴν
3450 2118 3626 2172 κτίσιν
3645 2120 3673 2171 6
3698 2118 3868 2172 Μονο-

2296 2209 2480 2281 γενὴς,
2502 2210 2578 2275 ὡς
2607 2210 2856 2278 φωτίζων
2881 2211 2947 2265 τὰ
2974 2211 3148 2279 φωτὸς
3176 2211 3423 2281 δεόμενα.

2366 2301 2567 2355 AAAO.
2601 2300 2662 2354 Εί
2692 2300 2869 2370 φωτὸς
2898 2301 3111 2373 ὁρῶμεν
3141 2302 3239 2373 τὴν
3268 2301 3444 2354 κτίσιν
3467 2298 3672 2363 ἐπιδεᾶ,
3700 2297 3869 2367 φωτίο

2297 2390 2378 2457 ζει
2408 2390 2464 2445 δὲ
2508 2390 2670 2445 αὑτὸν
2714 2390 2827 2464 [πρ.
2868 2389 3061 2464 αὐτὴν]
3111 2393 3139 2445 6
3182 2391 3509 2461 Μονογενὴς,
3539 2390 3636 2461 οὐχ
3669 2390 3869 2461 ἑαυτὴν

2294 2483 2327 2551 ἡ
2361 2482 2538 2545 κτίσις
2570 2482 2692 2551 ἄγει
2728 2483 2863 2554 πρὸς
2895 2482 2956 2536 τδ
2994 2482 3140 2553 φῶς·
3177 2482 3369 2537 οὐκοῦν
3392 2482 3511 2536 οὐδὲ
3538 2481 3651 2551 φῶς
3677 2480 3868 2552 ἀληθι-

2295 2571 2383 2627 νὸν
2412 2570 2600 2645 ὥσπερ
2626 2575 2654 2626 6
2682 2572 2829 2638 Υἱός.

2364 2662 2566 2717 ΑΔΛΟ.
2595 2664 2657 2717 El
2700 2664 2759 2718 τὸ
2798 2665 2958 2735 φύσει
3001 2665 3095 2718 καὶ
3144 2663 3286 2719 κατὰ
3336 2663 3591 2735 ἀλήθειαν
3639 2663 3751 2733 φῶς
3801 2663 3869 2717 οὐ

2296 2753 2622 2819 σκοτίζεται,
2655 2755 2772 2826 φῶς
2812 2755 2869 2809 δὲ
2906 2756 3153 2826 ἀληθινὸν
3193 2758 3221 2809 6
3250 2754 3575 2825 Μονογενὴς,
3618 2754 3713 2807 καὶ
3749 2753 3869 2823 φῶς

2293 2842 2493 2913 ὁμοίως
2516 2844 2763 2916 ἀληθινὸν
2790 2848 2822 2917 ἡ
2853 2846 3048 2915 κτίσις,
3078 2847 3199 2900 ὅτου
3230 2845 3293 2917 δὴ
3326 2847 3485 2916 χάριν
3516 2845 3607 2897 ἐπὶ
3641 2843 3737 2916 μὲν
3765 2844 3864 2898 τοῦ

2295 2931 2425 2986 Υἱοῦ
2452 2932 2663 3005 τίθησιν
2689 2937 2722 3005 ή
2753 2934 2962 3007 Γραφὴ,
2990 2936 3071 2989 τό·
3108 2952 3127 2987 ι
3180 2936 3245 2989 Ἤ
3274 2936 3458 2989 σκοτία
3484 2934 3615 3009 αὐτὸ
3641 2935 3705 3009 οὐ,
3732 2952 3869 2988 κατ-

2294 3024 2520 3079 έλαϐεν·
2559 3045 2578 3079 ι
2613 3028 2698 3097 ἐφ’
2724 3029 2854 3099 ἡμῖν
2905 3027 2961 3081 δὲ
3009 3029 3038 3082 6
3088 3027 3314 3092 Παῦλοςο
3348 3045 3367 3078 ι
3413 3007 3623 3091 Ἑνόἶς
3663 3007 3705 3082 ὁ·
3731 3026 3867 3093 Θεὸς

621 3120 823 3191 quibus
850 3121 995 3180 Deus
1016 3123 1182 3195 hujus
1202 3126 1390 3193 θεουιί
1418 3127 1721 3183 ειοαξοινίι
1751 3137 1962 3185 mentes
1993 3129 2186 3186 inﬁde-

2291 3114 2384 3169 τοῦ
2427 3116 2621 3180 αίῶνος
2658 3117 2848 3171 τούτου
2895 3117 3170 3188 ἐτύφλωσε
3213 3120 3279 3171 τὰ
3308 3118 3553 3189 νοήματα
3594 3117 3701 3170 τῶν
3731 3118 3865 3171 ἀπί-

618 3211 755 3267 lium
776 3214 822 3247 ⁸³
849 3228 866 3281 ;
889 3232 913 3268 ι
954 3221 1007 3270 et
1033 3230 1229 3274 rursus
1246 3216 1502 3274 Salvator
1531 3220 1649 3289 ipse
1679 3238 1694 3275 :
1724 3238 1745 3273 ι
1792 3219 1975 3278 Donec
2010 3223 2189 3277 lucem

621 3299 856 3380 habetis,
891 3304 1169 3362 ambulate
1197 3307 1252 3361 in
1279 3307 1434 3373 luce,
1464 3315 1525 3363 ut
1547 3323 1658 3364 non
1689 3323 1788 3366 vos
1812 3310 2051 3367 tenebrae
2076 3312 2191 3383 68

621 3393 1090 3464 comprehendant
1132 3397 1479 3455 "YCunctis
1558 3401 1706 3457 enim
1786 3409 1936 3472 patet
2005 3402 2183 3474 quod,

622 3482 729 3539 nisi
763 3483 987 3554 quidam
1036 3496 1285 3544 nostrum
1316 3491 1558 3547 tenebris
1591 3492 1821 3548 involuti
1859 3504 2065 3559 essent,
2099 3497 2187 3550 ni-

620 3576 699 3632 hil
733 3577 838 3634 tale
862 3576 1117 3635 Salvator
1163 3579 1414 3638 dixisset.
1476 3582 1765 3650 Quomodo
1810 3600 1944 3658 ergo
1990 3596 2187 3643 natura

621 3667 764 3726 idem
814 3678 945 3727 sunt
1007 3672 1334 3745 Unigenilus
1387 3682 1444 3731 et
1493 3683 1770 3740 creatura,
1829 3678 2189 3735 immutabilis

546 3754 551 3759 ’
617 3775 744 3817 cum
783 3762 1053 3828 mutabili,
1104 3765 1421 3836 impatibilis
1450 3781 1577 3822 cum
1630 3768 1871 3824 tenebris
1904 3770 2105 3838 obsita,
2134 3779 2188 3827 et

594 3865 743 3948 ante
772 3852 947 3948 lucem
980 3855 1230 3911 amittere
1261 3856 1471 3948 potest;
1504 3858 1799 3913 ascititiam
1823 3861 2080 3917 videlicet
2101 3862 2185 3916 lu-

622 3942 742 3994 cem
775 3942 1001 4007 habens,
1030 3957 1138 3998 non
1159 3954 1354 4000 natura
1393 3947 1495 4002 sibi
1525 3948 1780 4003 insitam?

692 4199 922 4256 ALIUD.
958 4200 1013 4258 Si
1056 4202 1376 4276 Unigenitus
1410 4207 1504 4263 lux
1537 4222 1667 4264 vera
1725 4210 1879 4268 solus
1918 4227 2029 4269 non
2073 4223 2181 4281 εει,

2293 3222 2431 3261 στων
2455 3224 2469 3240 ·
2505 3227 2524 3259 ι
2574 3210 2670 3262 καὶ
2715 3208 2878 3263 πάλιν
2909 3210 3068 3274 αὐτὸς
3103 3213 3131 3264 6
3175 3210 3366 3281 Σωτήρ
3388 3225 3402 3238 ·
3438 3228 3456 3261 ι
3491 3210 3633 3273 Ἕως
3658 3209 3718 3263 τὸ
3746 3209 3866 3278 φῶς

2289 3295 2464 3367 ἔχετε,
2487 3302 2839 3370 περιπατεῖτε
2865 3302 2923 3353 ὲν
2942 3300 3017 3371 τῷ
3047 3301 3205 3371 φωτὶ,
3229 3300 3313 3353 ἵνα
3343 3300 3419 3370 μὴ
3444 3301 3477 3370 ὴ
3502 3299 3687 3354 uxoria
3717 3301 3862 3370 ὑμᾶς

2288 3389 2605 3464 καταλάϐῃς
2642 3412 2663 3445 ο
2697 3391 2967 3464 Πρόδηλον
2992 3393 3100 3463 γὰρ
3132 3390 3300 3462 δήπου
3324 3392 3488 3445 πᾶσίν
3514 3392 3679 3454 ἐστιν,
3711 3393 3785 3455 ὡς
3810 3395 3862 3448 εί

2293 3478 2368 3549 μή
2398 3496 2549 3542 τινας
2573 3479 2676 3533 ὑπὸ
2702 3481 2799 3552 τῆς
2829 3481 3045 3543 σκοτίας
3070 3480 3323 3553 ἐνεχώρει
3349 3483 3860 3553 καταλαμῦάνεσθαι

2287 3569 2395 3623 τῶν
2428 3571 2550 3625 καθ’
2583 3573 2749 3643 ἡμᾶς,
2776 3572 2927 3627 οὐδὲν
2964 3572 3068 3643 ἔφη
3095 3590 3147 3626 τι
3174 3573 3410 3628 τοιοῦτον
3439 3577 3467 3629 6
3496 3575 3705 3647 Σωτήρ.
3735 3575 3863 3640 Πῶς

2286 3657 2383 3716 οὖν
2415 3661 2497 3715 ἔτι
2525 3664 2716 3716 ταυτὸν
2744 3666 2824 3731 είς
2851 3662 3010 3733 φύσιν
3040 3666 3068 3717 6
3112 3665 3415 3735 Μονογενὴς
3457 3665 3549 3718 καὶ
3583 3667 3617 3736 ’θ
3660 3666 3857 3733 κτίσίῖι

2287 3756 2317 3808 6
2348 3752 2704 3816 ἀναλλοίωτος
2724 3754 2788 3825 τῇ
2808 3752 3181 3827 άλλοιουμένῃ,
3211 3756 3400 3808 παθεῖν
3425 3756 3575 3810 οὐδὲν
3601 3756 3707 3809 τῶν
3739 3755 3865 3810 ἁδι-

2286 3847 2525 3901 κούντων
2555 3845 2879 3915 ἀνεχόμενος
2909 3846 2976 3916 τῇ
3017 3844 3369 3917 σκοτιζομένῃ
3419 3847 3513 3899 καὶ
3545 3848 3857 3917 άποκτήσα-

2288 3936 2413 3992 σθαι
2442 3935 2709 4009 δυναμένη
2731 3934 2822 3991 τὸν
2847 3936 3156 4010 φωτισμὸν,
3198 3938 3274 4003 ὡς
3310 3939 3367 3992 ἐν
3406 3938 3721 4011 προσθήκης
3761 3940 3853 4010 μέ-

2288 4045 2372 4101 ρει
2403 4029 2671 4101 προσόντα
2693 4028 2956 4101 δηλονότι,
2990 4030 3081 4084 καὶ
3116 4031 3235 4101 οὐχὶ
3265 4031 3404 4085 κατὰ
3430 4031 3589 4102 φύσιν
3626 4031 3853 4103 ἐρριζω-

2287 4122 2456 4195 μένην
2488 4123 2545 4175 ὲν
2570 4122 2736 4194 αὐτῇ;
2783 4143 2790 4149 δ

2351 4213 2554 4267 AAAO.
2585 4212 2651 4266 El
2697 4212 2781 4284 μὴ
2816 4212 2973 4283 μόνος
3010 4214 3039 4265 6
3072 4212 3380 4285 Μονογενὴς
3408 4213 3468 4267 τδ
3507 4213 3623 4283 φῶς
3650 4214 3765 4268 ἐστι
3792 4214 3853 4268 τὸ

618 4290 714 4348 sed
738 4292 899 4348 habet
925 4292 979 4347 id
1005 4309 1223 4368 quoque
1249 4305 1500 4354 creatura
1525 4338 1541 4362 ,
1567 4307 1755 4371 utpote
1785 4302 2033 4372 ejusdem
2057 4320 2183 4362 cum

2291 4300 2554 4372 ἀληθινὸν,
2592 4300 2707 4371 ἔχει
2750 4300 2809 4355 δὲ
2864 4300 2957 4355 καὶ
3006 4301 3134 4355 αὐτὸ
3174 4304 3207 4374 ὴ
3243 4303 3438 4368 κτίσις,
3487 4304 3563 4369 ὡς
3607 4305 3852 4374 όμοφυὴς

618 4384 738 4490 ipso
768 4388 1007 4490 naturae,
1052 4401 1163 4456 quo
1196 4396 1354 4458 pacto
1376 4406 1477 4446 nos
1510 4398 1772 4463 tanquam
1817 4397 1884 4452 ad
1913 4395 2085 4455 Deum
2115 4415 2180 4456 ac

2291 4394 2451 4466 αὐτῷ,
2485 4394 2627 4449 κατὰ
2658 4393 2777 4449 τίνα
2805 4393 3003 4465 τρόπον
3041 4394 3356 4467 ἀναὸοῶμεν
3383 4399 3563 4467 ἡμεῖς,
3610 4398 3686 4463 ὡς
3716 4399 3852 4468 πρὸς

616 4467 834 4526 Patrem
855 4471 1159 4532 clamamus
1192 4495 1206 4531 :
1250 4496 1268 4530 ι
1302 4477 1360 4532 1η
1392 4479 1599 4537 lumine
1629 4490 1722 4538 tuo
1756 4485 2063 4546 videbimus
2084 4492 2178 4546 lu-

614 4578 741 4619 men
759 4564 843 4619 “?
879 4584 898 4617 ι
938 4564 995 4621 Si
1023 4565 1168 4622 enim
1204 4574 1398 4623 sumus
1431 4570 1524 4626 lux
1570 4588 1720 4640 vera,
1742 4579 2019 4647 quomodo
2054 4581 2181 4634 illu-

614 4653 948 4710 minabimur
990 4656 1048 4711 in
1089 4656 1237 4712 alio?
1285 4657 1384 4715 Sin
1414 4668 1597 4718 autem
1647 4672 1707 4720 ut
1742 4668 1923 4727 alieno
1976 4672 2185 4726 lumine

2282 4485 2414 4539 Θεὸν
2452 4486 2546 4538 καὶ
2571 4485 2807 4558 Πατέρα·
2836 4504 2855 4538 ι
2879 4486 2967 4539 Ἐν
2988 4485 3065 4557 τῷ
3090 4488 3227 4557 φωτί
3258 4504 3349 4541 σου
3374 4487 3615 4559 ὀψόμεθα
3644 4487 3794 4559 φῶς;
3828 4507 3846 4541 ι

2282 4576 2345 4629 El
2386 4575 2494 4646 γάρ
2535 4574 2652 4645 φῶς
2695 4577 2859 4651 ἐσμεν
2896 4575 3166 4647 ἀληθινὸν,
3212 4577 3328 4642 πῶς
3379 4579 3437 4631 ὲν
3479 4579 3648 4651 ἑτέρῳ
3686 4597 3852 4649 φωτι-

2282 4666 2624 4738 ὠησὸμεθας
2657 4667 2717 4720 El
2752 4667 2808 4720 δὲ
2852 4667 2929 4731 ὡς
2961 4669 3252 4738 χρῄζοντες
3299 4672 3620 4724 ἐπεισάκτου
3649 4673 3853 4741 φωτὸς,

613 4743 949 4815 indigentes,
983 4747 1098 4803 hac
1117 4745 1387 4815 dicimus,
1435 4754 1640 4823 patebit
1669 4758 1859 4829 utique
1912 4775 2015 4816 nos
2050 4777 2180 4819 vere

2291 4756 2347 4810 τὰ
2375 4755 2595 4810 τοιαῦτά
2619 4773 2820 4827 φαμεν,
2850 4759 2948 4811 οὒκ
2976 4758 3127 4823 ὄντες
3162 4759 3401 4832 δηλονότι
3427 4760 3565 4815 κατὰ
3593 4760 3858 4832 ἀλήθειαν

580 4833 789 4889 'lucem
820 4850 931 4891 non
960 4852 1104 4894 esse.
1162 4837 1337 4911 Igitur
1369 4857 1547 4914 neque
1565 4844 1813 4915 ejusdem
1837 4864 1965 4906 cum
1998 4850 2175 4908 Verbo

2291 4848 2393 4918 ρῶς
2424 4847 2763 4920 ἀλωσόμεθα.
2809 4850 3017 4903 Οὐκοῦν
3044 4852 3162 4906 οὐδὲ
3196 4855 3451 4924 ὁμοφυεῖς
3487 4852 3565 4923 τῷ
3599 4852 3855 4908 τοσοῦτον

610 4932 842 4993 naturae,
867 4928 1014 5000 quod
1045 4943 1148 4986 nos
1174 4938 1325 4988 tanto
1360 4948 1459 5004 per
1483 4942 1741 4992 naturam
1775 4938 2067 4999 intervallo
2093 4957 2180 4999 su-

609 5023 783 5087 perat.

675 5104 886 5163 ALIUD
913 5109 1253 5180 explicatius.
1292 5110 1557 5170 Dominus
1598 5123 1788 5172 noster
1821 5116 1983 5175 Iesus
2009 5120 2173 5177 Chri-

607 5209 725 5254 stus
753 5198 809 5253 in
844 5199 1136 5272 Evangelio
1161 5203 1435 5273 reperitur
1462 5204 1652 5262 dicens
1685 5225 1699 5262 :
1731 5226 1752 5262 ι
1797 5208 1911 5265 Hoc
1959 5222 2045 5268 est
2078 5228 2174 5268 au-

606 5299 714 5346 tem
738 5278 1029 5360 judicium,
1060 5292 1189 5362 quia
1217 5292 1309 5348 lux
1340 5294 1491 5350 venit
1535 5297 1593 5352 in
1646 5301 1934 5367 mundum,
1988 5310 2046 5358 et
2090 5304 2173 5358 di-

606 5384 857 5442 lexerunt
904 5387 1153 5447 homines
1212 5390 1385 5459 magis
1447 5390 1701 5448 tenebras
1753 5409 1918 5465 quam
1971 5395 2171 5451 lucem.

2281 4941 2425 4996 κατὰ
2453 4940 2613 5012 φύσιν
2642 4941 2782 5012 ὑπὲρ
2815 4942 2963 5013 ἡμᾶς
2996 4943 3292 5016 ὑπάρχοντι
3327 4945 3504 5015 Λόγῳ.

2347 5119 2531 5175 ΔΛΛΟ
2585 5119 3037 5191 διηγηματικῶς.
3082 5121 3141 5173 '0
3193 5122 3397 5192 Κύριος
3445 5121 3600 5191 ἡμῶν
3644 5123 3860 5192 Ἰησοῦς

2276 5212 2508 5283 Χριστὸς
2558 5214 2615 5267 ὲν
2680 5218 2791 5278 τοῖς
2842 5212 3190 5282 Εὐαγγελίοις
3255 5213 3564 5284 εὑρίσκεται
3632 5216 3814 5285 λέγων
3838 5233 3856 5249 ⁶

2281 5322 2300 5358 ι
2332 5304 2481 5378 Αὕτη
2506 5304 2563 5358 δέ
2590 5306 2736 5359 ἐστιν
2760 5307 2792 5376 ἡ
2820 5305 3018 5376 κρίσις,
3040 5305 3120 5357 ὅτι
3144 5303 3202 5357 τὸ
3229 5303 3346 5373 φῶς
3367 5304 3619 5374 ἐλήλυθεν
3648 5308 3730 5369 είς
3758 5309 3863 5364 τὸν

2278 5396 2498 5466 κόσμον,
2523 5397 2617 5451 καὶ
2638 5396 2928 5466 ἠγάπησαν
2952 5396 3000 5447 oi
3029 5393 3302 5466 ἄνθρωποι
3326 5393 3523 5466 μᾶλλον
3544 5395 3605 5450 τὺ
3633 5397 3859 5464 σκότος,

607 5474 775 5532 Erant
799 5478 946 5535 enim
980 5497 1171 5538 eorum
1206 5485 1350 5540 mala
1393 5497 1580 5555 opera.
1632 5484 1824 5543 Omnis
1877 5486 2025 5542 enim
2077 5488 2171 5558 qui

2291 5488 2311 5561 ἢ
2338 5488 2397 5541 τὸ
2425 5486 2561 5556 φῶς.
2592 5482 2701 5581 ’Πν
2732 5486 2841 5557 γὰρ
2864 5485 3042 5539 αὐτῶν
3066 5485 3277 5559 πονηρά
3303 5486 3373 5542 τά
3405 5486 3560 5561 ἔργα.
3591 5488 3704 5554 Πᾶς
3735 5490 3861 5565 γὰρ

685 5657 901 5733 “Psal.
939 5676 1068 5730 XLII,
1106 5666 1160 5722 5·
1232 5670 1276 5701 δ’
1314 5668 1356 5722 ιι
1381 5670 1508 5726 Cor.
1542 5687 1617 5740 iv,
1651 5674 1703 5728 i.
1781 5674 1826 5707 “
1863 5672 2022 5730 Joan.
2054 5689 2161 5731 xtl.
2194 5674 2282 5731 35.
2358 5676 2404 5707 “
2438 5674 2587 5733 Psal.
2624 5691 2799 5744 xxxv,
2836 5678 2902 5736 l0
