4072 6210
575 308 677 364 H9

1566 309 1624 365 S.
1665 306 1940 364 CYRILLI
1978 303 2448 362 ALEXANDRINI
2481 301 2803 361 ARCHIEP.

3727 296 3825 352 1‘20

637 424 965 492 collustrari,
997 440 1114 478 cum
1163 424 1588 479 substantialiter
1617 424 1710 478 lux
1742 439 1854 478 esse
1895 431 2134 494 nequeat,

2311 423 2440 476 ἐστι
2470 421 2536 494 τό
2566 421 2876 494 ἀληρινὸν,
2973 413 3040 494 δὲ
3072 411 3190 494 τῶν
3219 411 3485 494 τελέῃ-τῶν
3512 410 3731 494 ςρύςγιςζ
3757 410 3825 464 ἐκ

637 496 772 550 sicut
802 495 909 549 ille.

635 649 985 708 Psalmista.:
1041 667 1060 700 ι
1123 647 1407 718 Signatum
1450 658 1532 704 est
1583 665 1752 719 super
1802 665 1902 705 uos
1955 651 2136 704 lumen

569 740 752 793 vultus
783 739 882 800 tui,
915 737 1138 792 Domine
1169 737 1235 790 ".
1263 756 1282 790 ι
1313 738 1593 807 Atqualis,
1627 740 1876 805 obsecro,
1915 749 1997 795 est
2024 742 2141 794 vul-

567 840 658 885 tus
685 829 775 884 ille
823 829 919 884 Dei
972 843 1037 882 ac
1076 827 1279 892 Patris,
1317 829 1476 898 cujus
1509 845 1674 898 super
1724 846 1822 886 nos
1867 833 2140 901 signatum

566 929 650 976 est
677 919 898 974 lumen?
946 917 1089 974 Num
1141 920 1238 974 Dei
1285 917 1460 974 Filius
1517 921 1854 990 unigenitus.
1909 922 1999 975 illa
2047 937 2144 993 per

565 1009 746 1063 omnia
773 1009 972 1064 similis
1003 1009 1204 1078 imago,
1231 1015 1288 1062 et
1317 1008 1410 1077 qui
1444 1004 1675 1079 proinde
1716 1010 1833 1064 ait:
1864 1029 1882 1062 ι
1927 1011 2032 1076 Qui
2055 1011 2142 1067 vi-

566 1098 647 1153 dit
675 1113 785 1162 me,
818 1097 951 1152 vidit
981 1104 1035 1152 et
1065 1097 1282 1152 Patrem
1310 1097 1401 1151 “?
1436 1117 1454 1149 ι
1487 1095 1753 1169 Signatus
1791 1100 1938 1156 enim
1969 1111 2054 1156 est
2086 1102 2142 1156 in

566 1188 726 1244 nobis
762 1188 854 1257 qui
887 1184 1200 1240 confurmes
1225 1200 1326 1241 uos
1360 1185 1464 1242 sibi
1491 1185 1752 1249 reddidit,
1783 1195 1837 1242 et
1869 1203 1965 1257 per
1983 1203 2142 1242 suum

569 1279 834 1348 Spiritum
873 1277 1333 1332 illuminationem
1382 1276 1662 1346 impressit
1693 1278 1860 1333 veluti
1905 1278 2143 1333 divinam

567 1371 678 1440 7o
709 1369 1001 1439 imaginem
1029 1367 1380 1423 credentibus
1410 1367 1464 1421 in
1498 1367 1674 1436 ipsum
1709 1377 1769 1422 ut
1795 1377 1850 1423 et
1882 1369 1988 1438 ipsi
2014 1385 2146 1424 nun-

574 1467 854 1531 cupenlur
897 1457 965 1512 ad
1014 1457 1135 1527 eius
1177 1455 1603 1511 similitudinem
1635 1455 1735 1520 dii,
1777 1454 1982 1526 Deique
2024 1457 2141 1512 ﬁlii.

569 1550 679 1606 Sed
711 1551 757 1606 si
780 1556 963 1604 creata
988 1563 1074 1603 res
1109 1545 1180 1602 sit
1206 1561 1336 1602 vera
1367 1545 1458 1600 illa
1486 1545 1602 1609 lux,
1629 1547 1904 1616 quomodo
1932 1546 2146 1618 signata

570 1651 656 1700 est
689 1643 748 1696 in
787 1641 991 1696 nobis?
1038 1639 1152 1694 Lux
1213 1639 1414 1710 quippe
1459 1638 1513 1692 in
1572 1637 1817 1694 tenebris
1868 1639 2037 1705 lucet,
2089 1647 2149 1694 ut

2313 493 2600 561 χορηγίας
2629 477 2746 561 τῆς
2789 477 3137 561 παρ”αῄτοῦ
3184 477 3527 561 φωτίζεται,⁷
3554 480 3618 561 τῤ
3674 477 3827 561 εἶναι

2310 550 2792 630 ὧῶςᾜὺὸἰωδῶς
2836 550 2946 610 οὒκ
2980 550 3232 624 ἔχουσα,
3278 551 3541 619 καθάπερ
3574 550 3822 617 ἐκεῖνος.

2323 651 2380 705 ’0
2436 648 2766 720 Ψαλμῳδόςο
2822 664 2843 698 ‹
2895 641 3234 714 Ἐσημειὼθη
3284 640 3368 709 ἐφ’
3402 641 3550 711 ἡμᾶς
3597 640 3658 692 τδ
3707 633 3822 708 φῶς

2243 740 2336 795 τοῦ
2367 738 2660 810 προσώπου
2694 753 2810 798 σου,
2849 733 3042 805 Κύριε.
3081 751 3099 785 ι
3131 732 3242 785 Καὶ
3281 732 3431 782 ποῖον
3469 729 3574 799 ἄρα
3620 728 3738 780 ἐστὶ
3769 727 3828 780 τὸ

2244 833 2534 904 πρόσωπον
2561 827 2655 882 τοῦ
2690 825 2824 880 Θεοῦ
2854 826 2945 880 καὶ
2978 823 3211 893 Πατρδς,
3238 815 3298 874 οῦ
3325 820 3386 872 τὸ
3417 819 3531 889 φῶς
3565 820 3648 889 ἐφ’
3679 820 3828 889 ἡμᾶς

2246 921 2648 993 σεσημείωται;
2691 914 2773 968 Ἥ
2816 915 3032 977 πάντως
3084 914 3114 965 6
3181 907 3476 981 μονογενὴς
3536 906 3630 959 τοῦ
3693 904 3828 957 Θεοῦ

2242 1015 2392 1078 Υἱὸς,
2427 1009 2914 1084 ή·ἀπαράλλακτος
2952 1005 3138 1067 εἰκὼν,
3173 1002 3268 1055 καὶ
3315 1000 3402 1054 διὰ
3435 997 3591 1053 τοῦτο
3630 998 3827 1066 λέγων,

2250 1125 2269 1158 ‹
2313 1107 2372 1158 'O
2405 1101 2664 1173 ἑωρακὼς
2707 1100 2827 1171 ἐμὲ,
2873 1097 3086 1168 ἑώρακε
3123 1095 3216 1147 τὸν
3247 1092 3509 1162 Πατέρα;
3547 1109 3566 1142 ι
3613 1089 3829 1158 Ἐνεση-

2248 1191 2424 1264 ράνθη
2462 1190 2517 1244 δὲ
2559 1191 2710 1260 ἡμῖν,
2740 1185 3103 1256 συμμόρφους
3135 1183 3283 1252 ἡμᾶς
3309 1179 3594 1245 ἀποδείξας
3629 1178 3826 1248 ἑαυτῷ,

2244 1284 2342 1339 καὶ
2369 1284 2458 1336 τὸν
2487 1280 2575 1335 διὰ
2607 1279 2700 1332 τοῦ
2724 1277 3040 1348 Πνεῦματος
3064 1274 3159 1328 τοῦ
3197 1274 3325 1327 ἰδίου
3354 1272 3632 1342 φωτισμὸν
3666 1273 3830 1341 ἐγχα-

2249 1373 2414 1448 ράξας
2451 1372 2526 1436 ὡς
2559 1371 2706 1426 θείαν
2745 1369 2928 1424 εἰκόνα
2974 1368 3087 1429 τοῖς
3130 1363 3482 1418 πιστεύσασιν
3532 1363 3613 1426 εἰς
3642 1363 3823 1428 αὐτὸν,

2248 1466 2336 1520 ἵνα
2379 1463 2470 1519 καὶ
2521 1462 2674 1516 αὐτοὶ
2720 1457 3109 1531 χρηματίζοιεν
3149 1457 3248 1527 ἤδη
3295 1455 3414 1508 κατ’
3435 1453 3597 1507 αὐτὸν
3627 1452 3733 1505 θεοί
3765 1469 3826 1505 τε

2250 1557 2342 1612 καὶ
2369 1555 2502 1609 Θεοῦ
2537 1554 2640 1607 υἱοί
2658 1571 2671 1584 ο
2719 1552 2836 1606 ἀλλ’
2869 1545 3119 1621 εἴπερῆν
3145 1567 3195 1602 τι
3225 1546 3334 1600 τῶν
3358 1544 3600 1614 γενητῶν
3627 1544 3684 1596 τὸ
3712 1543 3828 1612 φῶς

2249 1646 2310 1700 τὸ
2338 1645 2604 1717 ἀληθινὸν,
2637 1644 2752 1707 πῶς
2779 1644 2911 1714 ἡμῖν
2961 1637 3300 1708 ὲνεσημάνογ
3328 1653 3342 1702 ;
3380 1635 3452 1687 Τὸ
3482 1635 3592 1706 γὰρ
3623 1634 3736 1702 φῶς
3770 1635 3829 1685 ὲν

569 1737 767 1793 scribit
805 1734 1067 1790 Joannes.
1105 1732 1226 1786 Lux
1275 1731 1424 1787 enim
1469 1730 1524 1784 in
1555 1729 1676 1786 luce
1704 1730 1979 1801 quomodo
2009 1747 2145 1787 con-

2257 1741 2315 1810 τῇ
2348 1737 2534 1808 σκοτίᾳ
2568 1735 2767 1804 φαίνει,
2799 1731 2935 1786 κατά
2968 1731 3065 1799 τὴν
3108 1729 3200 1783 τοῦ
3240 1727 3687 1796 Πνευματοφόρου
3718 1743 3830 1794 φω-

570 1827 759 1899 spicua
791 1825 994 1880 fuerit?

637 1919 867 1975 ALIUD.
910 1915 1202 1972 Psalmisla
1245 1933 1307 1968 ιι
1352 1914 1468 1969 Lux
1513 1923 1633 1969 orta
1662 1923 1746 1970 est
1787 1914 1955 1984 justo,
1999 1935 2018 1969 ι
2055 1917 2141 1970 in-

569 2014 690 2085 quit
721 2013 786 2066 “2
835 2011 890 2066 Si
924 2011 1102 2065 lucem
1135 2009 1380 2074 habenti,
1415 2018 1470 2065 et
1499 2009 1648 2064 illius
1681 2023 1792 2062 non
1823 2007 2024 2079 indigo,
2053 2023 2145 2064 su-

573 2115 847 2174 pervacua
875 2107 976 2156 est.
1012 2098 1109 2154 Sin
1139 2106 1320 2154 autem
1349 2106 1410 2154 ut
1440 2114 1547 2153 non
1576 2097 1795 2152 habenti
1823 2097 1914 2151 lux
1945 2098 2140 2164 oritur,

575 2197 667 2250 lux
699 2209 830 2266 ergo
849 2192 1001 2249 solus
1027 2199 1111 2248 est
1144 2189 1491 2262 Unigenitus,
1523 2176 1866 2246 lucisautem
1896 2197 2147 2244 creatura

573 2293 659 2342 est
683 2285 978 2355 particeps,
1010 2287 1179 2352 atque
1201 2280 1409 2336 idcirco
1437 2279 1668 2336 alterius
1701 2286 1930 2335 naturae.

642 2373 876 2432 ALIUD.
913 2373 1208 2429 Psalmista
1256 2373 1406 2430 canit
1435 2392 1447 2428 :
1489 2390 1508 2424 ι
1550 2371 1669 2427 Non
1700 2372 1848 2430 enim
1879 2372 1934 2427 in
1965 2372 2148 2444 gladio

575 2483 676 2525 suo
717 2466 1083 2540 possederunt
1117 2472 1339 2532 terram,
1391 2474 1446 2521 et
1486 2464 1770 2522 brachium
1815 2479 2005 2522 eorum
2036 2480 2147 2521 non

572 2559 810 2617 salvavit
839 2573 960 2623 eos,
993 2556 1092 2614 sed
1133 2557 1355 2613 dextera
1385 2563 1502 2621 tua,
1544 2565 1599 2614 et
1636 2557 1924 2614 brachium
1970 2565 2148 2625 tuum,

571 2659 630 2706 et
665 2649 996 2706 illuminatio
1043 2650 1229 2707 vultus
1264 2649 1345 2705 tui
1386 2650 1452 2704 ⁸³.
1497 2668 1516 2703 ο
1566 2649 2026 2705 Illuminationem
2054 2649 2151 2705 Dei

575 2759 640 2798 ac
659 2739 843 2798 Patris
880 2742 969 2797 hic
1013 2756 1208 2797 rursus
1243 2741 1494 2796 nominat
1535 2742 1928 2797 revelationem
1963 2757 2084 2812 quae
2121 2757 2151 2796 a

575 2832 716 2888 Filio
742 2841 829 2887 est
864 2846 961 2902 per
995 2829 1286 2902 Spiritum,
1324 2839 1378 2888 et
1401 2831 1744 2902 singularum
1779 2848 1963 2888 rerum
1995 2834 2153 2905 quasi

575 2921 1088 2985 manuductionem,
1118 2936 1149 2976 a
1181 2935 1294 2992 quo
1325 2937 1435 2977 uno
1477 2923 1683 2978 servati
1729 2931 1860 2980 sunt
1889 2922 2156 2981 Israelitae

577 3020 633 3068 et
658 3010 1044 3082 [Egyptiorum
1072 3011 1365 3082 tyrannide
1394 3013 1630 3070 liberati.
1667 3014 1724 3069 Si
1756 3030 1888 3087 ergo
1923 3033 2031 3072 non
2067 3033 2157 3074 so-

2250 1834 2366 1904 νήν.
2405 1829 2524 1891 Φῶς
2551 1828 2659 1897 γὰρ
2691 1829 2748 1880 έν
2785 1823 2922 1894 φωτὶ
2963 1822 3079 1886 πῶς
3122 1822 3188 1875 ἂν
3224 1821 3432 1889 γένοιτο
3481 1817 3828 1888 καταφανές;

2318 1924 2522 1977 ΑΛΛΟ.
2551 1921 2608 1974 '0
2637 1916 2940 1989 Ψαλμῳδός
2958 1931 2972 1948 ⁸
3004 1934 3022 1966 ι
3054 1915 3172 1976 Φῶς
3200 1912 3439 1966 ἀνέτειλε
3463 1910 3537 1981 τῷ
3558 1907 3770 1978 δικαίῳ,
3806 1927 3824 1959 ι

2252 2016 2435 2088 φησιν·
2465 2016 2512 2067 εἰ
2561 2012 2657 2082 μὲν
2695 2009 2872 2080 ἔχοντι
2900 2007 2996 2061 καὶ
3041 2004 3115 2076 μὴ
3161 2003 3416 2074 δεομένῳ,
3468 2000 3736 2072 περιττόν.
3767 1999 3830 2052 Et

2249 2107 2306 2160 δὲ
2337 2106 2412 2170 ὼς
2438 2105 2538 2157 οὐκ
2572 2101 2746 2172 ἔχοντι
2787 2099 2850 2152 τὸ
2887 2097 3001 2168 φῶς
3039 2095 3336 2159 ἀνατέλλει,
3379 2093 3495 2164 φῶς
3532 2093 3640 2165 ἄρα
3673 2091 3828 2162 μόνος

2251 2200 2281 2252 6
2307 2193 2634 2266 Μονογενὴς,
2680 2191 2858 2263 φωτὸς
2905 2189 2962 2244 δὲ
3004 2189 3040 2259 ἡ
3095 2187 3272 2252 κτίσις
3325 2185 3567 2258 μέτοχος,
3605 2184 3699 2238 καὶ
3742 2181 3830 2236 διὰ

2252 2289 2408 2344 τοῦτο
2436 2285 2727 2355 ἀλλοφυής.

2323 2376 2524 2430 ΑΛΛΟ.
2566 2374 2624 2426 '0
2657 2369 2956 2442 Ψαλμῳδός
2993 2383 3185 2439 φησιν’
3223 2385 3242 2419 ι
3273 2365 3346 2422 Οὐ
3373 2366 3480 2438 γὰρ
3511 2367 3568 2422 ἐν
3597 2367 3663 2436 τῇ
3699 2364 3830 2434 ῥομ-

2256 2469 2391 2542 φαίᾳ
2421 2465 2599 2521 αὐτῶν
2632 2461 3077 2535 ὲκληρονόμησαν
3103 2462 3228 2530 γῆν,
3269 2461 3363 2514 καὶ
3395 2458 3426 2513 6
3471 2456 3705 2530 βραχίων
3737 2457 3835 2509 a6-

2254 2560 2362 2615 τῶν
2391 2558 2490 2612 οὐκ
2523 2555 2724 2610 ἔσωσεν
2758 2555 2976 2618 αὐτοὺς,
3006 2552 3122 2607 ἀλλ’
3148 2555 3180 2623 ἡ
3213 2552 3363 2619 δεξιά
3385 2568 3498 2615 σου,
3525 2549 3618 2603 καὶ
3643 2550 3671 2602 6
3701 2547 3832 2619 βρα-

2256 2650 2388 2721 χίων
2420 2663 2536 2712 σου,
2561 2644 2656 2699 καὶ
2679 2646 2708 2698 6
2735 2641 3012 2713 φωτισμδς
3056 2639 3151 2694 τοῦ
3191 2640 3482 2712 προσώπου
3519 2655 3635 2692 σου.
3670 2656 3689 2688 ι
3718 2637 3834 2687 Φω-

2257 2736 2448 2808 τισμδν
2473 2733 2568 2788 τοῦ
2601 2731 2735 2787 Θεοῦ
2776 2732 2870 2784 καὶ
2899 2727 3111 2800 Πατρδς
3143 2727 3398 2798 ὀνομάζει
3433 2727 3592 2781 πάλιν
3621 2725 3678 2778 ἐν
3707 2721 3833 2777 τοὺ-

2257 2839 2392 2888 τοις,
2424 2821 2523 2893 τὴν
2569 2819 2628 2888 ἐξ
2673 2817 2804 2873 Υίοῦ
2846 2817 2935 2872 διὰ
2976 2816 3071 2870 τοῦ
3118 2815 3433 2888 Πνεῦματος
3471 2812 3835 2882 ἀποκάλυψιν,

2259 2915 2356 2971 καὶ
2383 2913 2478 2982 τὴν
2512 2913 2593 2976 είς
2618 2910 2824 2966 ἕκαστα
2849 2909 2956 2964 τῶν
2984 2909 3152 2962 ὄντων
3177 2906 3562 2978 χειραγωγίαν,
3589 2907 3617 2956 ὃ
3645 2903 3709 2977 δὴ
3738 2904 3838 2958 καὶ

2265 3006 2423 3078 μόνον
2442 3004 2665 3058 διέσωσε
2689 3001 2782 3056 τὸν
2809 2999 3046 3071 Ἰσραὴλ,
3073 3000 3165 3055 καὶ
3186 3000 3286 3071 τῆς
3310 2997 3625 3065 Αἰγυπτίων
3651 2999 3838 3051 πλεον-

578 3101 664 3156 lus
702 3099 1036 3173 Unigenitus
1083 3108 1169 3163 est
1202 3101 1294 3157 lux
1332 3118 1486 3168 vera,
1533 3105 1628 3161 sed
1681 3084 1922 3176 dignitas
1968 3108 2152 3165 eadem

2261 3098 2408 3165 εξίας
2432 3094 2771 3168 ἀπήλλαξεν·
2805 3093 2960 3162 εῐπερ
2985 3084 3080 3145 οὖν
3125 3090 3184 3144 οὐ
3225 3091 3385 3162 μόνος
3432 3089 3577 3143 ἐστὶν
3604 3092 3631 3144 6
3663 3090 3842 3143 Μονο-

576 3200 661 3247 est
690 3194 744 3247 in
772 3194 1061 3260 creaturis,
1088 3195 1280 3266 quidni
1305 3198 1531 3268 proprio
1564 3198 1770 3255 lumine
1799 3201 2000 3256 servati
2030 3210 2157 3258 sunt

579 3284 859 3350 Israelita},
907 3284 1006 3341 sed
1042 3294 1266 3359 accepto
1311 3289 1492 3346 alieno
1540 3304 1642 3346 nec
1697 3293 2014 3348 necessario
2071 3293 2157 3348 lu-

581 3376 768 3430 mine?
814 3376 976 3447 Atqui
1027 3379 1380 3436 manifestum
1412 3388 1494 3436 est
1531 3379 1885 3452 Unigenitum
1917 3392 1977 3438 ut
2018 3383 2158 3442 lucis

582 3467 957 3539 indigentibus
996 3471 1290 3528 illuxisse:
1341 3473 1514 3543 Igitur
1575 3473 1692 3543 ipse
1751 3491 1895 3530 unus
1941 3483 2026 3531 est
2066 3478 2159 3530 lux

583 3575 735 3627 vera,
765 3576 883 3616 eam
917 3569 1098 3617 autem
1133 3563 1200 3618 ab
1233 3564 1352 3632 ipso
1389 3572 1642 3619 creatura
1675 3567 2034 3636 consequitur
2064 3582 2160 3637 per

582 3652 834 3722 gratiam.
889 3654 1046 3720 Quod
1083 3655 1130 3710 si
1160 3659 1235 3709 ita
1283 3666 1391 3724 est,
1439 3657 1714 3728 quomodo
1766 3657 2013 3729 ejusdem
2053 3660 2160 3714 erit

582 3759 706 3800 cum
740 3745 860 3816 ipso
893 3748 1145 3802 naturae?

652 4004 886 4066 ALIUD.
940 4009 1237 4067 Psalmista
1269 4030 1282 4066 :
1323 4029 1340 4062 ι
1373 4011 1593 4078 Beatus,
1634 4031 1652 4065 ι
1692 4012 1894 4084 inquit,
1925 4032 1943 4066 ι
1982 4029 2160 4086 popu-

583 4093 670 4148 lus
707 4095 801 4166 qui
827 4095 932 4152 scit
949 4094 1368 4166 jubilationem:
1396 4097 1646 4164 Domine,
1664 4100 1719 4155 in
1737 4101 1944 4156 lumine
1975 4093 2176 4158 vultus-

582 4185 662 4239 tui
695 4187 1054 4242 ambulabunt
1095 4187 1163 4242 ⁸⁸.
1205 4206 1225 4238 ›
1263 4187 1463 4256 Quidni
1497 4189 1682 4259 potius
1719 4190 1825 4260 ipsi
1863 4190 1917 4245 in
1947 4206 2049 4246 suo
2079 4191 2163 4246 lu-

583 4275 733 4329 mine
766 4276 1164 4332 ambulabunt?
1185 4285 1279 4332 aut
1305 4292 1427 4345 cur,
1460 4293 1670 4349 quaaso,
1698 4278 1917 4334 aliunde
1938 4288 2162 4350 accepta

2259 3190 2420 3263 γενὴς
2443 3189 2504 3244 τὸ
2531 3189 2647 3260 φῶς
2675 3186 2737 3242 τὸ
2761 3185 3034 3260 ἀληθινὸν,
3060 3185 3354 3254 ἐνυπάρχει
3392 3185 3450 3238 δὲ
3490 3184 3582 3237 καὶ
3605 3185 3715 3246 τοῖς
3740 3198 3839 3250 γει

2260 3287 2440 3355 νητοῖς
2475 3282 2535 3336 τὸ
2565 3283 2678 3336 ἴσον
2707 3278 2941 3349 ἀξίωμα,
2983 3277 3033 3330 τί
3078 3275 3153 3348 μὴ
3187 3274 3267 3346 τῷ
3303 3275 3485 3344 οἰκείῳ
3525 3271 3840 3331 διεσώζοντο

2261 3376 2400 3447 φωτὶ
2458 3375 2506 3427 οἱ
2563 3372 2690 3443 περὶ
2731 3363 2805 3423 ὦν
2855 3372 2884 3423 ό
2927 3369 3112 3438 λόγος,
3175 3367 3512 3439 προσθήκαις
3553 3364 3610 3418 δὲ
3649 3362 3838 3434 ὥσπερ

2260 3462 2540 3534 ἀλλοτρίου
2601 3461 2698 3515 καὶ
2733 3459 2835 3512 οὐκ
2879 3457 3176 3527 ἀναγκαίου
3214 3456 3391 3526 φωτὸς
3436 3453 3839 3524 ὲφοδιαζόμενοι

2261 3556 2573 3627 φαίνονται;
2626 3551 2763 3606 Ἀλλ’
2819 3550 2933 3603 ἔστι
2985 3549 3163 3618 δῆλον,
3222 3547 3298 3610 ὡς
3343 3545 3615 3617 δεομένοις
3661 3544 3838 3613 φωτὸς

2261 3647 2571 3718 ἐπέλαμψεν
2602 3647 2629 3698 6
2661 3643 3006 3713 Μονογενής⁵
3035 3638 3231 3693 οὐκοῦν
3269 3637 3429 3700 αὐτὸς
3475 3640 3572 3708 μὲν
3616 3635 3709 3689 καὶ
3743 3634 3840 3704 μό-

2260 3757 2349 3803 νος
2370 3739 2432 3791 τὸ
2461 3737 2576 3807 φῶς
2599 3739 2715 3789 ἐστι
2745 3734 2804 3788 τὺ
2833 3731 3103 3803 ἀληθινὸν,
3130 3728 3429 3794 δανείζεται
3449 3727 3503 3780 δὲ
3527 3726 3654 3796 παρ’
3676 3723 3838 3778 αὑτοῦ

2260 3830 2358 3900 τὴν
2385 3828 2542 3898 χάριν
2586 3827 2620 3896 ἡ
2661 3823 2857 3887 κτίσις.
2893 3823 2957 3876 El
2991 3821 3046 3873 δὲ
3075 3818 3251 3883 τοῦτο,
3293 3817 3410 3882 πῶς
3444 3816 3509 3873 ἄν
3536 3816 3620 3888 εἴη
3657 3815 3840 3868 λοιπὸν

2263 3921 2355 3976 καὶ
2385 3919 2631 3990 ὁμοφυὴς
2665 3915 2814 3987 αῦτῷ
2837 3933 2850 3982 ;

2331 4013 2531 4066 AAAO.
2566 4010 2625 4063 Ὀ
2659 4005 2996 4078 Ψαλμῳδός·
3048 4024 3063 4056 ι
3112 4002 3414 4074 Μακάριος,
3469 4021 3487 4052 ι
3531 4001 3717 4070 φησὶν.
3753 4019 3773 4050 ί
3814 4003 3841 4052 ὁ

2262 4104 2388 4168 λαὸς
2422 4104 2451 4157 6
2475 4101 2755 4173 γινώσκων
2780 4099 3114 4168 ἀλαλαγμόν·
3141 4095 3330 4167 Κύριε,
3367 4097 3424 4147 ὲν
3470 4092 3549 4164 τῷ
3571 4093 3709 4161 φωτὶ
3748 4091 3840 4144 τοῦ

2265 4195 2556 4267 προσώπου
2597 4210 2691 4246 σου
2725 4190 3098 4263 πορεύσονται.
3131 4207 3150 4239 ι
3176 4185 3324 4240 Διατί
3352 4185 3426 4256 μὴ
3454 4183 3653 4255 μᾶλλον
3681 4183 3738 4235 έν
3765 4180 3842 4252 τῷ

2267 4293 2382 4363 ίδίῳ
2411 4290 2505 4345 καὶ
2531 4289 2685 4344 αὐτοὶ
2724 4284 3029 4357 βαδιοῦνται
3053 4281 3224 4351 quid;
3264 4281 3316 4333 τί
3360 4280 3438 4343 δὲ,
3464 4277 3586 4330 εἰπέ
3619 4292 3728 4347 μοι,
3753 4274 3844 4326 τὸν

551 4803 568 4841 ²1

585 4365 988 4422 illuminatione
1020 4368 1122 4423 sibi
1152 4369 1241 4424 vix
1268 4371 1498 4426 salutem
1541 4371 1860 4436 conciliant,
1894 4371 1942 4427 si
1973 4385 2152 4442 reapse

2266 4386 2394 4455 παρ’
2434 4382 2620 4454 ἑτέρου
2679 4379 3024 4446 συλλέγοντες
3073 4372 3386 4446 φωτισμὸν,
3441 4370 3592 4441 μόλις
3635 4369 3844 4429 ἑαυτοῖς

585 4472 714 4512 vera
745 4448 872 4514 sunt
913 4458 1016 4529 ipsi
1058 4459 1168 4525 lux,
1209 4476 1319 4516 non
1354 4478 1518 4518 secus
1545 4478 1609 4518 ac
1635 4464 1725 4521 ille
1753 4463 1853 4536 Dei
1885 4479 1951 4520 ac
1985 4463 2152 4521 Patris

2267 4474 2591 4548 κατορθοῦσι
2619 4472 2716 4544 τὴν
2745 4469 3040 4540 σωτηρίαν,
3083 4467 3238 4534 εἴπερ
3270 4463 3438 4524 ὅντως
3479 4460 3585 4514 εἰσὶ
3614 4460 3709 4513 καὶ
3742 4458 3842 4510 αῦ-

586 4549 791 4614 vultus,
826 4550 931 4604 hoc
970 4560 1054 4606 est
1091 4551 1299 4608 Filius?
1349 4554 1517 4624 Atqui
1563 4557 1767 4612 nemini
1823 4556 2048 4612 dubium
2080 4564 2152 4612 esl

2267 4570 2350 4624 τοι
2389 4568 2531 4622 κατὰ
2570 4565 2824 4635 ἀλήθειαν
2858 4559 2994 4630 φῶς,
3045 4558 3232 4627 ῶσπερ
3276 4551 3372 4608 οὖν
3419 4553 3632 4623 ἀμέλει.
3663 4549 3756 4604 καὶ
3788 4549 3850 4602 τὸ

588 4639 827 4695 Verbum
857 4652 1124 4697 creaturae
1167 4643 1629 4701 illuminationem
1672 4647 1882 4720 largiri,
1915 4656 1974 4702 ut
2023 4647 2152 4702 indi-

2265 4661 2556 4732 πρόσωπον
2604 4653 2696 4708 τοῦ
2756 4651 2891 4707 Θεοῦ
2973 4651 3066 4703 καὶ
3124 4647 3356 4718 Πατρὸς,
3405 4644 3547 4699 τοῦτ’
3599 4643 3762 4706 ἐστιν,
3823 4644 3853 4694 6

587 4732 759 4804 genti,
788 4732 930 4788 hanc
961 4743 1141 4790 autem
1178 4745 1404 4807 accepto
1437 4753 1502 4794 eo
1535 4740 1679 4810 quod
1711 4755 1820 4796 non
1848 4741 2033 4804 habet,
2063 4742 2152 4797 salt

2267 4751 2426 4815 Υἱός;
2469 4747 2584 4801 ἀλλ’
2633 4745 2798 4805 ἔστιν,
2829 4740 3002 4811 οἶμαι,
3041 4737 3203 4792 παντί
3257 4754 3335 4806 τῳ
3387 4733 3716 4804 καταφανὲς,
3768 4732 3854 4785 ὅτι

591 4825 728 4878 vari.
759 4824 1043 4892 Quomodo
1063 4843 1192 4899 ergo
1222 4828 1362 4885 idem
1389 4841 1551 4886 erunt
1578 4833 1760 4903 quoad
1793 4833 2152 4890 substantiam

2269 4817 2497 4914 χορηγεῖ
2551 4836 2648 4906 μὲν
2685 4836 2713 4888 6
2738 4834 2908 4900 Λόγος
2939 4830 3016 4894 ὼς
3053 4827 3281 4898 δεομένῃ
3317 4828 3384 4897 τῇ
3420 4823 3593 4878 κτίσει
3619 4822 3710 4876 τὸν
3739 4839 3859 4914 φω-

593 4915 938 4988 Uuigenitus,
970 4927 1025 4975 et
1063 4935 1184 4991 quae
1206 4937 1304 4992 per
1334 4922 1514 4994 ipsum
1542 4923 1686 4979 facta
1720 4927 1886 4981 sunt?

2257 4913 2542 5004 ,τισμὸν,ή
2579 4927 2636 4982 δὲ
2673 4927 2810 4995 ὅπερ
2838 4923 2939 4977 οὐκ
2991 4921 3104 4991 ἔχει
3147 4917 3384 4972 λαϐοῦσα
3434 4915 3686 4980 σώζεται.
3728 4913 3858 4976 Πῶς

2274 5018 2366 5079 οὗν
2405 5022 2486 5076 ἔτι
2527 5016 2719 5074 ταυτὸν
2749 5017 2828 5080 εἰς
2870 5012 3059 5068 οῦσίαν
3104 5012 3132 5063 6
3165 5007 3493 5079 Μονογενὴς,
3539 5007 3634 5060 καὶ
3680 5005 3748 5058 τὰ
3788 5005 3856 5058 δι’

2275 5114 2440 5172 αὐτοῦ
2475 5111 2735 5184 γεγονότα
2760 5125 2775 5173 ;

2345 5207 2546 5261 ΑΔΛΟ.
2587 5203 2646 5257 '0
2693 5197 2996 5271 Ψαλμῳδός
3034 5210 3046 5224 ·
3091 5213 3110 5247 ί
3153 5193 3516 5258 Ἐξανὲτειλεν
3561 5193 3618 5246 ὲν
3675 5189 3863 5244 σκότει

2277 5297 2394 5368 φῶς
2420 5298 2533 5360 τοῖς
2554 5293 2760 5355 εὐθέσι,
2798 5309 2816 5342 ι
2852 5288 3035 5360 φησίν.
3057 5285 3206 5348 .Πῶς
3233 5285 3341 5354 γὰρ
3366 5283 3505 5346 ὅλως
3539 5278 3605 5352 ἦν
3630 5283 3658 5334 6
3696 5280 3864 5344 εὐθὺς

2276 5392 2334 5444 ὲν
2363 5390 2542 5442 σκότει
2568 5384 2684 5454 φῶς
2704 5381 2964 5453 ὑπάρχων
2989 5378 3080 5433 καὶ
3109 5376 3269 5438 αὐτὸς
3308 5375 3368 5428 τὸ
3396 5371 3670 5443 ἀληθινὸν,
3699 5372 3864 5442 εἴπερ

2276 5479 2388 5550 ἔχει
2419 5477 2575 5532 τοῦτο
2605 5473 2698 5527 καὶ
2728 5471 2836 5525 τῶν
2866 5466 3110 5540 γενητῶν
3143 5467 3176 5537 ἡ
3205 5463 3387 5535 φύσις,
3415 5462 3604 5532 ὥσπερ
3630 5459 3658 5512 ό
3691 5459 3868 5514 Μονο-

2274 5572 2466 5643 γενήςς
2523 5568 2587 5623 El
2639 5565 2695 5618 δὲ
2735 5563 2835 5616 οὐκ
2887 5560 3068 5630 ἔχουσι
3113 5561 3224 5622 τοῖς
3266 5555 3446 5612 εὑθέσι
3485 5551 3548 5606 τδ
3577 5550 3691 5623 φῶς
3719 5550 3863 5605 ἀπο-

677 5669 904 5742 ⁶⁰,Ρε⁵¹ὶο
940 5690 1010 5736 IV.
1046 5675 1096 5728 7-
1174 5679 1216 5711 "
1261 5679 1419 5735 Joan.
1491 5699 1603 5752 xlv,
1631 5686 1684 5742 9.
1762 5685 1806 5734 ε’
1847 5682 1991 5740 Psal.
2056 5701 2152 5741 xcv

613 5740 660 5773 "
697 5738 840 5797 Psal.
875 5759 997 5813 αι,
1030 5747 1079 5800 4.

2265 5685 2348 5740 Il.
2428 5683 2472 5718 "
2513 5681 2661 5739 Psal.
2719 5689 2891 5742 ιιι-ιιι,
2950 5673 3002 5730 4.
3082 5673 3127 5705 ³³
3194 5668 3341 5725 Psal.
3401 5677 3682 5728 unum,
3766 5658 3854 5718 I6.

662 5189 890 5247 ALIUD.
933 5192 1268 5252 Psalmista:
1334 5215 1352 5249 ι
1402 5196 1659 5253 Exortum
1706 5208 1789 5255 est
1823 5200 1877 5256 in
1927 5202 2169 5259 tenebris

595 5283 779 5338 lumen
809 5285 995 5354 rectis,
1037 5305 1055 5339 ι
1108 5287 1286 5358 inquit
1337 5289 1402 5342 ⁸⁵.
1450 5288 1736 5356 Quomodo
1780 5293 1948 5358 enim,
1983 5310 2172 5366 quaeso

596 5383 666 5440 te,
701 5376 808 5432 erit
831 5386 1016 5434 rectus
1059 5379 1112 5433 in
1146 5379 1409 5445 tenebris,
1455 5396 1581 5436 cum
1611 5383 1681 5438 sit
1724 5383 1890 5439 etiam
1932 5385 2049 5455 ipse
2079 5386 2170 5441 lux

597 5481 747 5531 vera,
781 5468 1222 5537 quandoquidem
1260 5471 1314 5526 id
1345 5472 1508 5528 habet
1553 5489 1773 5545 quoque
1803 5490 1984 5530 rerum
2014 5491 2170 5531 crea-

587 5565 784 5626 _tarum
816 5567 1014 5614 natura
1047 5575 1159 5616 non
1189 5577 1351 5620 secus
1381 5579 1446 5619 ac
1494 5563 1863 5638 Uuigenitus?
1914 5568 2071 5634 Quod
2119 5570 2166 5625 si
