  <div class='ocr_page' id='page_1' title='image "/cluster/home/n/w/nwhite01/storage/ocr_20150623/73/hvd.32044073502023/066.png"; bbox 0 0 4072 6210; ppageno 0'>
   <div class='ocr_carea' id='block_1_1' title="bbox 332 259 1927 352">
    <p class='ocr_par' dir='ltr' id='par_1_1' title="bbox 332 262 1927 338">
     <span class='ocr_line' id='line_1_1' title="bbox 332 262 1927 338; baseline 0.009 -17"><span class='ocrx_word' id='word_1_1' title='bbox 332 262 430 322; x_wconf 66' lang='lat'><strong>1‘2!</strong></span> <span class='ocrx_word' id='word_1_2' title='bbox 1373 276 1446 334; x_wconf 86' lang='lat' dir='ltr'><strong>IN</strong></span> <span class='ocrx_word' id='word_1_3' title='bbox 1465 277 1750 338; x_wconf 73' lang='lat' dir='ltr'><strong>JOANNIS</strong></span> <span class='ocrx_word' id='word_1_4' title='bbox 1785 278 1927 338; x_wconf 65' lang='lat' dir='ltr'><strong>EVA</strong></span> 
     </span>
    </p>
   </div>
   <div class='ocr_carea' id='block_1_2' title="bbox 2030 259 3607 352">
    <p class='ocr_par' dir='ltr' id='par_1_2' title="bbox 2030 259 3607 352">
     <span class='ocr_line' id='line_1_2' title="bbox 2030 259 3607 352; baseline 0.008 -12"><span class='ocrx_word' id='word_1_5' title='bbox 2030 284 2229 341; x_wconf 77' lang='lat' dir='ltr'><strong>suun</strong></span> <span class='ocrx_word' id='word_1_6' title='bbox 2259 259 2411 344; x_wconf 55' lang='lat' dir='ltr'><strong>Lm.’</strong></span> <span class='ocrx_word' id='word_1_7' title='bbox 2430 286 2475 344; x_wconf 89' lang='grc' dir='ltr'>ι.</span> <span class='ocrx_word' id='word_1_8' title='bbox 3499 291 3607 352; x_wconf 63' lang='grc' dir='ltr'><strong>ιιι</strong></span> 
     </span>
    </p>
   </div>
   <div class='ocr_carea' id='block_1_3' title="bbox 339 384 1927 476">
    <p class='ocr_par' dir='ltr' id='par_1_3' title="bbox 339 384 1924 476">
     <span class='ocr_line' id='line_1_3' title="bbox 339 384 1924 476; baseline 0.012 -38"><span class='ocrx_word' id='word_1_9' title='bbox 339 384 645 476; x_wconf 76' lang='grc' dir='ltr'>στέλλεται,</span> <span class='ocrx_word' id='word_1_10' title='bbox 683 386 891 444; x_wconf 82' lang='grc' dir='ltr'>πολλῶν</span> <span class='ocrx_word' id='word_1_11' title='bbox 917 391 1049 464; x_wconf 79' lang='grc' dir='ltr'>ἡμῖν</span> <span class='ocrx_word' id='word_1_12' title='bbox 1079 393 1140 448; x_wconf 80' lang='grc' dir='ltr'>οὐ</span> <span class='ocrx_word' id='word_1_13' title='bbox 1172 395 1351 467; x_wconf 82' lang='grc' dir='ltr'><strong>δεήσει</strong></span> <span class='ocrx_word' id='word_1_14' title='bbox 1388 398 1590 469; x_wconf 84' lang='grc' dir='ltr'>λόγων·</span> <span class='ocrx_word' id='word_1_15' title='bbox 1642 402 1780 474; x_wconf 78' lang='grc' dir='ltr'>αὐτὴ</span> <span class='ocrx_word' id='word_1_16' title='bbox 1816 401 1924 474; x_wconf 71' lang='grc' dir='ltr'>γὰρ</span> 
     </span>
    </p>
   </div>
   <div class='ocr_carea' id='block_1_4' title="bbox 2030 384 3603 476">
    <p class='ocr_par' dir='ltr' id='par_1_4' title="bbox 2030 403 3603 476">
     <span class='ocr_line' id='line_1_4' title="bbox 2030 403 3603 476; baseline 0.006 -18"><span class='ocrx_word' id='word_1_17' title='bbox 2030 403 2210 462; x_wconf 88' lang='lat' dir='ltr'><strong>lumen</strong></span> <span class='ocrx_word' id='word_1_18' title='bbox 2240 407 2409 463; x_wconf 81' lang='lat' dir='ltr'><strong>rectis</strong></span> <span class='ocrx_word' id='word_1_19' title='bbox 2435 404 2693 471; x_wconf 74' lang='lat' dir='ltr'><strong>mittitur,</strong></span> <span class='ocrx_word' id='word_1_20' title='bbox 2723 411 2984 475; x_wconf 75' lang='lat' dir='ltr'><strong>tanquam</strong></span> <span class='ocrx_word' id='word_1_21' title='bbox 3026 405 3129 476; x_wconf 75' lang='grc'><strong>71</strong></span> <span class='ocrx_word' id='word_1_22' title='bbox 3165 419 3229 460; x_wconf 90' lang='lat' dir='ltr'><strong>ea</strong></span> <span class='ocrx_word' id='word_1_23' title='bbox 3263 407 3603 475; x_wconf 82' lang='lat' dir='ltr'><strong>carentibus,</strong></span> 
     </span>
    </p>
   </div>
   <div class='ocr_carea' id='block_1_5' title="bbox 336 475 1927 568">
    <p class='ocr_par' dir='ltr' id='par_1_5' title="bbox 336 475 1921 565">
     <span class='ocr_line' id='line_1_5' title="bbox 336 475 1921 565; baseline 0.009 -36"><span class='ocrx_word' id='word_1_24' title='bbox 336 477 377 544; x_wconf 76' lang='grc' dir='ltr'><strong>ἡ</strong></span> <span class='ocrx_word' id='word_1_25' title='bbox 404 475 513 532; x_wconf 88' lang='grc' dir='ltr'><strong>τῶν</strong></span> <span class='ocrx_word' id='word_1_26' title='bbox 542 479 888 549; x_wconf 70' lang='grc' dir='ltr'><strong>πραγμάτιον</strong></span> <span class='ocrx_word' id='word_1_27' title='bbox 932 482 1222 557; x_wconf 80' lang='grc' dir='ltr'>ἀναϐοήσει</span> <span class='ocrx_word' id='word_1_28' title='bbox 1268 487 1448 558; x_wconf 81' lang='grc' dir='ltr'><strong>φύσις,</strong></span> <span class='ocrx_word' id='word_1_29' title='bbox 1479 490 1557 554; x_wconf 87' lang='grc' dir='ltr'>ὼς</span> <span class='ocrx_word' id='word_1_30' title='bbox 1596 491 1696 545; x_wconf 81' lang='grc' dir='ltr'>οὐκ</span> <span class='ocrx_word' id='word_1_31' title='bbox 1729 492 1795 546; x_wconf 76' lang='grc' dir='ltr'>ἂν</span> <span class='ocrx_word' id='word_1_32' title='bbox 1836 492 1921 565; x_wconf 76' lang='grc' dir='ltr'><strong>εἴη</strong></span> 
     </span>
    </p>
   </div>
   <div class='ocr_carea' id='block_1_6' title="bbox 2030 475 3604 568">
    <p class='ocr_par' dir='ltr' id='par_1_6' title="bbox 2030 475 3604 568">
     <span class='ocr_line' id='line_1_6' title="bbox 2030 475 3604 568; baseline 0.002 -16"><span class='ocrx_word' id='word_1_33' title='bbox 2030 511 2135 552; x_wconf 90' lang='lat' dir='ltr'><strong>non</strong></span> <span class='ocrx_word' id='word_1_34' title='bbox 2171 497 2360 553; x_wconf 89' lang='lat' dir='ltr'><strong>multis</strong></span> <span class='ocrx_word' id='word_1_35' title='bbox 2385 496 2566 553; x_wconf 80' lang='lat' dir='ltr'><strong>verbis</strong></span> <span class='ocrx_word' id='word_1_36' title='bbox 2595 494 2757 553; x_wconf 89' lang='lat' dir='ltr'><strong>nobis</strong></span> <span class='ocrx_word' id='word_1_37' title='bbox 2792 509 2930 565; x_wconf 91' lang='lat' dir='ltr'><strong>opus</strong></span> <span class='ocrx_word' id='word_1_38' title='bbox 2953 475 3043 552; x_wconf 86' lang='lat' dir='ltr'><strong>est</strong></span> <span class='ocrx_word' id='word_1_39' title='bbox 3070 514 3085 550; x_wconf 87' lang='lat'><strong>:</strong></span> <span class='ocrx_word' id='word_1_40' title='bbox 3132 496 3255 565; x_wconf 90' lang='lat' dir='ltr'><strong>ipsa</strong></span> <span class='ocrx_word' id='word_1_41' title='bbox 3283 496 3485 568; x_wconf 86' lang='lat' dir='ltr'><strong>quippe</strong></span> <span class='ocrx_word' id='word_1_42' title='bbox 3514 511 3604 556; x_wconf 88' lang='lat' dir='ltr'><strong>re-</strong></span> 
     </span>
    </p>
   </div>
   <div class='ocr_carea' id='block_1_7' title="bbox 334 568 1927 658">
    <p class='ocr_par' dir='ltr' id='par_1_7' title="bbox 334 568 1925 655">
     <span class='ocr_line' id='line_1_7' title="bbox 334 568 1925 655; baseline 0.01 -34"><span class='ocrx_word' id='word_1_43' title='bbox 334 568 531 622; x_wconf 79' lang='grc' dir='ltr'>ταυτὸν</span> <span class='ocrx_word' id='word_1_44' title='bbox 558 571 640 632; x_wconf 83' lang='grc' dir='ltr'><strong>είς</strong></span> <span class='ocrx_word' id='word_1_45' title='bbox 670 569 859 626; x_wconf 80' lang='grc' dir='ltr'>οὐσίαν</span> <span class='ocrx_word' id='word_1_46' title='bbox 886 571 965 644; x_wconf 81' lang='grc' dir='ltr'><strong>τῷ</strong></span> <span class='ocrx_word' id='word_1_47' title='bbox 991 573 1183 646; x_wconf 79' lang='grc' dir='ltr'><strong>τελείῳ</strong></span> <span class='ocrx_word' id='word_1_48' title='bbox 1210 576 1273 631; x_wconf 80' lang='grc' dir='ltr'><strong>τὸ</strong></span> <span class='ocrx_word' id='word_1_49' title='bbox 1314 579 1544 647; x_wconf 81' lang='grc' dir='ltr'>ὲπιδεὲς,</span> <span class='ocrx_word' id='word_1_50' title='bbox 1578 580 1658 653; x_wconf 85' lang='grc' dir='ltr'>τῷ</span> <span class='ocrx_word' id='word_1_51' title='bbox 1687 580 1925 655; x_wconf 80' lang='grc' dir='ltr'>δεομένῳ</span> 
     </span>
    </p>
   </div>
   <div class='ocr_carea' id='block_1_8' title="bbox 2030 568 3608 658">
    <p class='ocr_par' dir='ltr' id='par_1_8' title="bbox 2030 586 3608 658">
     <span class='ocr_line' id='line_1_8' title="bbox 2030 586 3608 658; baseline 0.003 -14"><span class='ocrx_word' id='word_1_52' title='bbox 2030 604 2147 644; x_wconf 89' lang='lat' dir='ltr'><strong>rum</strong></span> <span class='ocrx_word' id='word_1_53' title='bbox 2173 595 2375 645; x_wconf 88' lang='lat' dir='ltr'><strong>natura</strong></span> <span class='ocrx_word' id='word_1_54' title='bbox 2429 587 2686 645; x_wconf 91' lang='lat' dir='ltr'><strong>clamabit</strong></span> <span class='ocrx_word' id='word_1_55' title='bbox 2737 602 2846 641; x_wconf 91' lang='lat' dir='ltr'><strong>non</strong></span> <span class='ocrx_word' id='word_1_56' title='bbox 2881 602 3008 643; x_wconf 89' lang='lat' dir='ltr'><strong>esse</strong></span> <span class='ocrx_word' id='word_1_57' title='bbox 3058 586 3202 643; x_wconf 90' lang='lat' dir='ltr'><strong>idem</strong></span> <span class='ocrx_word' id='word_1_58' title='bbox 3242 587 3426 658; x_wconf 80' lang='lat' dir='ltr'><strong>quoad</strong></span> <span class='ocrx_word' id='word_1_59' title='bbox 3474 590 3608 648; x_wconf 87' lang='lat' dir='ltr'><strong>sub-</strong></span> 
     </span>
    </p>
   </div>
   <div class='ocr_carea' id='block_1_9' title="bbox 337 659 1200 737">
    <p class='ocr_par' dir='ltr' id='par_1_9' title="bbox 337 659 1200 737">
     <span class='ocr_line' id='line_1_9' title="bbox 337 659 1200 737; baseline 0.012 -25"><span class='ocrx_word' id='word_1_60' title='bbox 337 659 401 712; x_wconf 76' lang='grc' dir='ltr'>τὸ</span> <span class='ocrx_word' id='word_1_61' title='bbox 436 660 710 732; x_wconf 75' lang='grc' dir='ltr'><strong>χορηγοῦν</strong></span> <span class='ocrx_word' id='word_1_62' title='bbox 742 663 807 716; x_wconf 75' lang='grc' dir='ltr'>ἐκ</span> <span class='ocrx_word' id='word_1_63' title='bbox 835 662 1200 737; x_wconf 82' lang='grc' dir='ltr'>πλεονασμοῦ.</span> 
     </span>
    </p>
   </div>
   <div class='ocr_carea' id='block_1_10' title="bbox 409 841 1928 928">
    <p class='ocr_par' dir='ltr' id='par_1_10' title="bbox 409 841 1928 928">
     <span class='ocr_line' id='line_1_10' title="bbox 409 841 1928 928; baseline 0.011 -35"><span class='ocrx_word' id='word_1_64' title='bbox 409 841 616 895; x_wconf 80' lang='grc' dir='ltr'><strong>ΔΔΛΟ.</strong></span> <span class='ocrx_word' id='word_1_65' title='bbox 655 860 675 894; x_wconf 79' lang='grc' dir='ltr'><strong>ι</strong></span> <span class='ocrx_word' id='word_1_66' title='bbox 702 842 965 908; x_wconf 75' lang='grc' dir='ltr'>Φωτίζου,</span> <span class='ocrx_word' id='word_1_67' title='bbox 993 847 1641 924; x_wconf 76' lang='grc' dir='ltr'>φωτίζου,⁹ῐερουσαλὴμ,</span> <span class='ocrx_word' id='word_1_68' title='bbox 1670 855 1795 926; x_wconf 75' lang='grc' dir='ltr'>ἥκει</span> <span class='ocrx_word' id='word_1_69' title='bbox 1817 856 1928 928; x_wconf 83' lang='grc' dir='ltr'>γάρ</span> 
     </span>
    </p>
   </div>
   <div class='ocr_carea' id='block_1_11' title="bbox 341 932 1920 1011">
    <p class='ocr_par' dir='ltr' id='par_1_11' title="bbox 341 932 1920 1011">
     <span class='ocr_line' id='line_1_11' title="bbox 341 932 1920 1011; baseline 0.011 -27"><span class='ocrx_word' id='word_1_70' title='bbox 341 948 437 985; x_wconf 88' lang='grc' dir='ltr'><strong>σου</strong></span> <span class='ocrx_word' id='word_1_71' title='bbox 467 932 531 985; x_wconf 78' lang='grc' dir='ltr'>τὸ</span> <span class='ocrx_word' id='word_1_72' title='bbox 555 934 692 1003; x_wconf 79' lang='grc' dir='ltr'>φῶς,</span> <span class='ocrx_word' id='word_1_73' title='bbox 720 936 816 989; x_wconf 79' lang='grc' dir='ltr'><strong>καὶ</strong></span> <span class='ocrx_word' id='word_1_74' title='bbox 839 937 872 1006; x_wconf 84' lang='grc' dir='ltr'><strong>ή</strong></span> <span class='ocrx_word' id='word_1_75' title='bbox 901 936 1027 1004; x_wconf 81' lang='grc' dir='ltr'>δόξα</span> <span class='ocrx_word' id='word_1_76' title='bbox 1056 939 1262 1011; x_wconf 85' lang='grc' dir='ltr'>Κυρίου</span> <span class='ocrx_word' id='word_1_77' title='bbox 1295 943 1387 996; x_wconf 71' lang='grc' dir='ltr'><strong>ἐπὶ</strong></span> <span class='ocrx_word' id='word_1_78' title='bbox 1411 944 1470 998; x_wconf 83' lang='grc' dir='ltr'>σὲ</span> <span class='ocrx_word' id='word_1_79' title='bbox 1494 946 1874 1004; x_wconf 79' lang='grc' dir='ltr'><strong>ἀνατέταλκεν.</strong></span> <span class='ocrx_word' id='word_1_80' title='bbox 1900 968 1920 1002; x_wconf 75' lang='grc' dir='ltr'><strong>ι</strong></span> 
     </span>
    </p>
   </div>
   <div class='ocr_carea' id='block_1_12' title="bbox 338 1023 1925 1109">
    <p class='ocr_par' dir='ltr' id='par_1_12' title="bbox 338 1023 1925 1109">
     <span class='ocr_line' id='line_1_12' title="bbox 338 1023 1925 1109; baseline 0.013 -34"><span class='ocrx_word' id='word_1_81' title='bbox 338 1023 405 1077; x_wconf 76' lang='grc' dir='ltr'><strong>ΕΞ</strong></span> <span class='ocrx_word' id='word_1_82' title='bbox 448 1025 553 1094; x_wconf 75' lang='grc' dir='ltr'>μὲν</span> <span class='ocrx_word' id='word_1_83' title='bbox 596 1024 810 1078; x_wconf 81' lang='grc' dir='ltr'>οίκοθεν</span> <span class='ocrx_word' id='word_1_84' title='bbox 852 1026 965 1097; x_wconf 70' lang='grc' dir='ltr'>ἔχει</span> <span class='ocrx_word' id='word_1_85' title='bbox 997 1029 1059 1082; x_wconf 87' lang='grc' dir='ltr'>τὸ</span> <span class='ocrx_word' id='word_1_86' title='bbox 1082 1030 1199 1098; x_wconf 84' lang='grc' dir='ltr'><strong>φῶς</strong></span> <span class='ocrx_word' id='word_1_87' title='bbox 1237 1036 1271 1103; x_wconf 85' lang='grc' dir='ltr'><strong>ή</strong></span> <span class='ocrx_word' id='word_1_88' title='bbox 1320 1034 1429 1088; x_wconf 90' lang='grc' dir='ltr'><strong>τῶν</strong></span> <span class='ocrx_word' id='word_1_89' title='bbox 1473 1039 1716 1109; x_wconf 82' lang='grc' dir='ltr'><strong>γενητῶν</strong></span> <span class='ocrx_word' id='word_1_90' title='bbox 1744 1039 1925 1108; x_wconf 81' lang='grc' dir='ltr'><strong>φύσις,</strong></span> 
     </span>
    </p>
   </div>
   <div class='ocr_carea' id='block_1_13' title="bbox 340 1115 1927 1198">
    <p class='ocr_par' dir='ltr' id='par_1_13' title="bbox 340 1115 1927 1198">
     <span class='ocr_line' id='line_1_13' title="bbox 340 1115 1927 1198; baseline 0.013 -29"><span class='ocrx_word' id='word_1_91' title='bbox 340 1116 437 1169; x_wconf 78' lang='grc' dir='ltr'>καὶ</span> <span class='ocrx_word' id='word_1_92' title='bbox 464 1115 624 1170; x_wconf 83' lang='grc' dir='ltr'>τοῦτό</span> <span class='ocrx_word' id='word_1_93' title='bbox 640 1118 773 1170; x_wconf 70' lang='grc' dir='ltr'>ἲστι</span> <span class='ocrx_word' id='word_1_94' title='bbox 801 1118 1025 1190; x_wconf 79' lang='grc' dir='ltr'><strong>κυρίως,</strong></span> <span class='ocrx_word' id='word_1_95' title='bbox 1062 1120 1200 1194; x_wconf 84' lang='grc' dir='ltr'>ὅπερ</span> <span class='ocrx_word' id='word_1_96' title='bbox 1231 1118 1371 1178; x_wconf 81' lang='grc' dir='ltr'>εἷναί</span> <span class='ocrx_word' id='word_1_97' title='bbox 1410 1143 1591 1198; x_wconf 85' lang='grc' dir='ltr'>φαμεν</span> <span class='ocrx_word' id='word_1_98' title='bbox 1630 1130 1722 1184; x_wconf 82' lang='grc' dir='ltr'>τὸν</span> <span class='ocrx_word' id='word_1_99' title='bbox 1751 1133 1927 1188; x_wconf 88' lang='grc' dir='ltr'>Μονο-</span> 
     </span>
    </p>
   </div>
   <div class='ocr_carea' id='block_1_14' title="bbox 341 1208 1926 1298">
    <p class='ocr_par' dir='ltr' id='par_1_14' title="bbox 341 1208 1926 1298">
     <span class='ocr_line' id='line_1_14' title="bbox 341 1208 1926 1298; baseline 0.012 -38"><span class='ocrx_word' id='word_1_100' title='bbox 341 1209 476 1278; x_wconf 82' lang='grc' dir='ltr'>γενῆ</span> <span class='ocrx_word' id='word_1_101' title='bbox 506 1210 652 1263; x_wconf 78' lang='grc' dir='ltr'>κατά</span> <span class='ocrx_word' id='word_1_102' title='bbox 681 1227 746 1279; x_wconf 89' lang='grc' dir='ltr'><strong>γε</strong></span> <span class='ocrx_word' id='word_1_103' title='bbox 785 1211 849 1265; x_wconf 82' lang='grc' dir='ltr'>τὸ</span> <span class='ocrx_word' id='word_1_104' title='bbox 888 1208 1027 1267; x_wconf 75' lang='grc' dir='ltr'>εἶναι</span> <span class='ocrx_word' id='word_1_105' title='bbox 1058 1215 1174 1284; x_wconf 82' lang='grc' dir='ltr'><strong>φῶς</strong></span> <span class='ocrx_word' id='word_1_106' title='bbox 1206 1216 1478 1288; x_wconf 79' lang='grc' dir='ltr'>ἀληθινὸν,</span> <span class='ocrx_word' id='word_1_107' title='bbox 1521 1221 1638 1286; x_wconf 90' lang='grc' dir='ltr'><strong>πῶς</strong></span> <span class='ocrx_word' id='word_1_108' title='bbox 1667 1224 1735 1278; x_wconf 80' lang='grc' dir='ltr'>ἂν</span> <span class='ocrx_word' id='word_1_109' title='bbox 1760 1225 1926 1298; x_wconf 83' lang='grc' dir='ltr'>δεηθῇ</span> 
     </span>
    </p>
   </div>
   <div class='ocr_carea' id='block_1_15' title="bbox 341 1300 1925 1389">
    <p class='ocr_par' dir='ltr' id='par_1_15' title="bbox 341 1300 1925 1389">
     <span class='ocr_line' id='line_1_15' title="bbox 341 1300 1925 1389; baseline 0.012 -36"><span class='ocrx_word' id='word_1_110' title='bbox 341 1300 438 1354; x_wconf 82' lang='grc' dir='ltr'><strong>τοῦ</strong></span> <span class='ocrx_word' id='word_1_111' title='bbox 485 1301 813 1371; x_wconf 71' lang='grc' dir='ltr'>φωτίζοντος</span> <span class='ocrx_word' id='word_1_112' title='bbox 860 1306 1024 1360; x_wconf 82' lang='grc' dir='ltr'>αὑτὸν</span> <span class='ocrx_word' id='word_1_113' title='bbox 1071 1306 1181 1380; x_wconf 87' lang='grc' dir='ltr'><strong>[ῖσ.</strong></span> <span class='ocrx_word' id='word_1_114' title='bbox 1210 1309 1400 1383; x_wconf 80' lang='grc' dir='ltr'>αὐτὴν]</span> <span class='ocrx_word' id='word_1_115' title='bbox 1446 1314 1479 1384; x_wconf 90' lang='grc' dir='ltr'><strong>ή</strong></span> <span class='ocrx_word' id='word_1_116' title='bbox 1532 1314 1925 1389; x_wconf 76' lang='grc' dir='ltr'>Ἰερουσαλήμς</span> 
     </span>
    </p>
   </div>
   <div class='ocr_carea' id='block_1_16' title="bbox 357 1394 1926 1481">
    <p class='ocr_par' dir='ltr' id='par_1_16' title="bbox 357 1394 1926 1481">
     <span class='ocr_line' id='line_1_16' title="bbox 357 1394 1926 1481; baseline 0.012 -35"><span class='ocrx_word' id='word_1_117' title='bbox 357 1394 579 1465; x_wconf 81' lang='grc' dir='ltr'>Ἐπειδὴ</span> <span class='ocrx_word' id='word_1_118' title='bbox 606 1394 664 1448; x_wconf 79' lang='grc' dir='ltr'>δὲ</span> <span class='ocrx_word' id='word_1_119' title='bbox 692 1395 769 1460; x_wconf 79' lang='grc' dir='ltr'>ὡς</span> <span class='ocrx_word' id='word_1_120' title='bbox 811 1396 871 1450; x_wconf 82' lang='grc' dir='ltr'>ἐν</span> <span class='ocrx_word' id='word_1_121' title='bbox 900 1396 1123 1468; x_wconf 79' lang='grc' dir='ltr'>χάριτος</span> <span class='ocrx_word' id='word_1_122' title='bbox 1152 1400 1307 1472; x_wconf 81' lang='grc' dir='ltr'><strong>μέρει</strong></span> <span class='ocrx_word' id='word_1_123' title='bbox 1340 1403 1400 1456; x_wconf 86' lang='grc' dir='ltr'>τὸ</span> <span class='ocrx_word' id='word_1_124' title='bbox 1428 1406 1756 1473; x_wconf 76' lang='grc' dir='ltr'><strong>φωτίζεσθαι</strong></span> <span class='ocrx_word' id='word_1_125' title='bbox 1784 1408 1926 1481; x_wconf 85' lang='grc' dir='ltr'>λαμ-</span> 
     </span>
    </p>
   </div>
   <div class='ocr_carea' id='block_1_17' title="bbox 342 1483 1930 1572">
    <p class='ocr_par' dir='ltr' id='par_1_17' title="bbox 342 1483 1930 1572">
     <span class='ocr_line' id='line_1_17' title="bbox 342 1483 1930 1572; baseline 0.011 -33"><span class='ocrx_word' id='word_1_126' title='bbox 342 1486 523 1553; x_wconf 71' lang='grc' dir='ltr'>δάνει,</span> <span class='ocrx_word' id='word_1_127' title='bbox 563 1487 719 1557; x_wconf 86' lang='grc' dir='ltr'>μόνος</span> <span class='ocrx_word' id='word_1_128' title='bbox 746 1487 858 1560; x_wconf 80' lang='grc' dir='ltr'>ἄρα</span> <span class='ocrx_word' id='word_1_129' title='bbox 893 1489 955 1543; x_wconf 85' lang='grc' dir='ltr'>τὸ</span> <span class='ocrx_word' id='word_1_130' title='bbox 993 1489 1108 1561; x_wconf 81' lang='grc' dir='ltr'><strong>φῶς</strong></span> <span class='ocrx_word' id='word_1_131' title='bbox 1137 1492 1199 1546; x_wconf 81' lang='grc' dir='ltr'>τδ</span> <span class='ocrx_word' id='word_1_132' title='bbox 1224 1493 1475 1565; x_wconf 78' lang='grc' dir='ltr'>ἀληθινὸν</span> <span class='ocrx_word' id='word_1_133' title='bbox 1498 1499 1527 1551; x_wconf 87' lang='grc' dir='ltr'><strong>ό</strong></span> <span class='ocrx_word' id='word_1_134' title='bbox 1555 1483 1684 1564; x_wconf 67' lang='lat' dir='ltr'><strong>ria;</strong></span> <span class='ocrx_word' id='word_1_135' title='bbox 1708 1501 1736 1553; x_wconf 73' lang='grc' dir='ltr'><strong><em>δ</em></strong></span> <span class='ocrx_word' id='word_1_136' title='bbox 1764 1504 1930 1572; x_wconf 83' lang='grc' dir='ltr'>φωτι-</span> 
     </span>
    </p>
   </div>
   <div class='ocr_carea' id='block_1_18' title="bbox 343 1575 1926 1659">
    <p class='ocr_par' dir='ltr' id='par_1_18' title="bbox 343 1575 1926 1659">
     <span class='ocr_line' id='line_1_18' title="bbox 343 1575 1926 1659; baseline 0.011 -30"><span class='ocrx_word' id='word_1_137' title='bbox 343 1575 457 1641; x_wconf 88' lang='grc' dir='ltr'><strong>ζων</strong></span> <span class='ocrx_word' id='word_1_138' title='bbox 483 1577 676 1647; x_wconf 80' lang='grc' dir='ltr'>αὐτὴν,</span> <span class='ocrx_word' id='word_1_139' title='bbox 721 1579 815 1631; x_wconf 81' lang='grc' dir='ltr'>καὶ</span> <span class='ocrx_word' id='word_1_140' title='bbox 859 1579 996 1651; x_wconf 83' lang='grc' dir='ltr'>ὅπερ</span> <span class='ocrx_word' id='word_1_141' title='bbox 1025 1583 1126 1636; x_wconf 81' lang='grc' dir='ltr'>οὐκ</span> <span class='ocrx_word' id='word_1_142' title='bbox 1158 1581 1272 1654; x_wconf 82' lang='grc' dir='ltr'>ἔχει</span> <span class='ocrx_word' id='word_1_143' title='bbox 1307 1584 1504 1651; x_wconf 88' lang='grc' dir='ltr'>διδούς.</span> <span class='ocrx_word' id='word_1_144' title='bbox 1546 1588 1609 1641; x_wconf 85' lang='lat' dir='ltr'><strong>El</strong></span> <span class='ocrx_word' id='word_1_145' title='bbox 1653 1589 1709 1643; x_wconf 85' lang='grc' dir='ltr'>δὲ</span> <span class='ocrx_word' id='word_1_146' title='bbox 1748 1591 1926 1659; x_wconf 77' lang='grc' dir='ltr'>τοῦτο,</span> 
     </span>
    </p>
   </div>
   <div class='ocr_carea' id='block_1_19' title="bbox 344 1668 1930 1756">
    <p class='ocr_par' dir='ltr' id='par_1_19' title="bbox 344 1668 1930 1756">
     <span class='ocr_line' id='line_1_19' title="bbox 344 1668 1930 1756; baseline 0.01 -35"><span class='ocrx_word' id='word_1_147' title='bbox 344 1669 465 1733; x_wconf 84' lang='grc' dir='ltr'><strong>πῶς</strong></span> <span class='ocrx_word' id='word_1_148' title='bbox 513 1669 577 1723; x_wconf 78' lang='grc' dir='ltr'>οὐ</span> <span class='ocrx_word' id='word_1_149' title='bbox 620 1668 837 1736; x_wconf 80' lang='grc' dir='ltr'>πάντως</span> <span class='ocrx_word' id='word_1_150' title='bbox 883 1673 977 1726; x_wconf 64' lang='grc' dir='ltr'><strong>καὶ⁵</strong></span> <span class='ocrx_word' id='word_1_151' title='bbox 1022 1672 1209 1747; x_wconf 74' lang='grc' dir='ltr'>ἕτερος</span> <span class='ocrx_word' id='word_1_152' title='bbox 1260 1676 1403 1732; x_wconf 82' lang='grc' dir='ltr'>κατὰ</span> <span class='ocrx_word' id='word_1_153' title='bbox 1447 1678 1644 1749; x_wconf 85' lang='grc' dir='ltr'>φύσιν,</span> <span class='ocrx_word' id='word_1_154' title='bbox 1682 1680 1760 1747; x_wconf 82' lang='grc' dir='ltr'>ὡς</span> <span class='ocrx_word' id='word_1_155' title='bbox 1792 1684 1930 1756; x_wconf 75' lang='grc' dir='ltr'>πρὸς</span> 
     </span>
    </p>
   </div>
   <div class='ocr_carea' id='block_1_20' title="bbox 348 1762 544 1829">
    <p class='ocr_par' dir='ltr' id='par_1_20' title="bbox 348 1762 544 1829">
     <span class='ocr_line' id='line_1_20' title="bbox 348 1762 544 1829; baseline -0.01 -13"><span class='ocrx_word' id='word_1_156' title='bbox 348 1762 510 1816; x_wconf 83' lang='grc' dir='ltr'>αὐτόν</span> <span class='ocrx_word' id='word_1_157' title='bbox 529 1779 544 1829; x_wconf 88' lang='lat'><strong>;</strong></span> 
     </span>
    </p>
   </div>
   <div class='ocr_carea' id='block_1_21' title="bbox 414 1853 1928 1936">
    <p class='ocr_par' dir='ltr' id='par_1_21' title="bbox 414 1853 1928 1936">
     <span class='ocr_line' id='line_1_21' title="bbox 414 1853 1928 1936; baseline 0.008 -31"><span class='ocrx_word' id='word_1_158' title='bbox 414 1854 625 1936; x_wconf 75' lang='lat' dir='ltr'><strong>AAAU.</strong></span> <span class='ocrx_word' id='word_1_159' title='bbox 671 1871 691 1905; x_wconf 81' lang='grc' dir='ltr'><strong>ι</strong></span> <span class='ocrx_word' id='word_1_160' title='bbox 730 1853 861 1906; x_wconf 74' lang='grc' dir='ltr'>Ἰδοὺ</span> <span class='ocrx_word' id='word_1_161' title='bbox 888 1853 1095 1909; x_wconf 82' lang='grc' dir='ltr'>δέδωκά</span> <span class='ocrx_word' id='word_1_162' title='bbox 1122 1873 1182 1909; x_wconf 89' lang='grc' dir='ltr'><strong>σε</strong></span> <span class='ocrx_word' id='word_1_163' title='bbox 1209 1857 1290 1921; x_wconf 80' lang='grc' dir='ltr'>εἰς</span> <span class='ocrx_word' id='word_1_164' title='bbox 1316 1856 1579 1933; x_wconf 82' lang='grc' dir='ltr'><strong>διαθήκην</strong></span> <span class='ocrx_word' id='word_1_165' title='bbox 1606 1859 1819 1931; x_wconf 78' lang='grc' dir='ltr'>γένους,</span> <span class='ocrx_word' id='word_1_166' title='bbox 1847 1864 1928 1928; x_wconf 87' lang='grc' dir='ltr'><strong>είς</strong></span> 
     </span>
    </p>
   </div>
   <div class='ocr_carea' id='block_1_22' title="bbox 348 1944 1929 2025">
    <p class='ocr_par' dir='ltr' id='par_1_22' title="bbox 348 1944 1929 2025">
     <span class='ocr_line' id='line_1_22' title="bbox 348 1944 1929 2025; baseline 0.009 -30"><span class='ocrx_word' id='word_1_167' title='bbox 348 1948 468 2014; x_wconf 80' lang='grc' dir='ltr'><strong>φῶς</strong></span> <span class='ocrx_word' id='word_1_168' title='bbox 489 1944 680 1999; x_wconf 75' lang='grc' dir='ltr'>ἐθνῶν.</span> <span class='ocrx_word' id='word_1_169' title='bbox 712 1964 730 1996; x_wconf 72' lang='grc' dir='ltr'><strong>ι</strong></span> <span class='ocrx_word' id='word_1_170' title='bbox 770 1944 894 2009; x_wconf 89' lang='grc' dir='ltr'>Πῶς</span> <span class='ocrx_word' id='word_1_171' title='bbox 927 1944 1035 2016; x_wconf 86' lang='grc' dir='ltr'><strong>γὰρ</strong></span> <span class='ocrx_word' id='word_1_172' title='bbox 1063 1946 1200 2023; x_wconf 70' lang='grc' dir='ltr'>ὅλως</span> <span class='ocrx_word' id='word_1_173' title='bbox 1227 1949 1418 2021; x_wconf 89' lang='grc' dir='ltr'>ὲδεήθη</span> <span class='ocrx_word' id='word_1_174' title='bbox 1444 1952 1620 2020; x_wconf 81' lang='grc' dir='ltr'>φωτὸς</span> <span class='ocrx_word' id='word_1_175' title='bbox 1644 1955 1678 2025; x_wconf 90' lang='grc' dir='ltr'><strong>ή</strong></span> <span class='ocrx_word' id='word_1_176' title='bbox 1708 1954 1800 2007; x_wconf 68' lang='grc' dir='ltr'><strong>ἐπὶ</strong></span> <span class='ocrx_word' id='word_1_177' title='bbox 1824 1955 1929 2025; x_wconf 80' lang='grc' dir='ltr'>γῆς</span> 
     </span>
    </p>
   </div>
   <div class='ocr_carea' id='block_1_23' title="bbox 345 2032 1928 2119">
    <p class='ocr_par' dir='ltr' id='par_1_23' title="bbox 345 2032 1928 2119">
     <span class='ocr_line' id='line_1_23' title="bbox 345 2032 1928 2119; baseline 0.008 -31"><span class='ocrx_word' id='word_1_178' title='bbox 345 2032 480 2089; x_wconf 73' lang='grc' dir='ltr'>οὖσα</span> <span class='ocrx_word' id='word_1_179' title='bbox 504 2036 698 2108; x_wconf 82' lang='grc' dir='ltr'>λογικὴ</span> <span class='ocrx_word' id='word_1_180' title='bbox 731 2036 943 2103; x_wconf 81' lang='grc' dir='ltr'>κτίσις,</span> <span class='ocrx_word' id='word_1_181' title='bbox 989 2037 1149 2111; x_wconf 83' lang='grc' dir='ltr'>είπερ</span> <span class='ocrx_word' id='word_1_182' title='bbox 1181 2040 1298 2093; x_wconf 72' lang='grc' dir='ltr'>ἐστὶ</span> <span class='ocrx_word' id='word_1_183' title='bbox 1329 2043 1469 2096; x_wconf 82' lang='grc' dir='ltr'>κατὰ</span> <span class='ocrx_word' id='word_1_184' title='bbox 1499 2044 1661 2113; x_wconf 79' lang='grc' dir='ltr'>φύσιν</span> <span class='ocrx_word' id='word_1_185' title='bbox 1692 2045 1830 2119; x_wconf 77' lang='grc' dir='ltr'>αὐτῇ</span> <span class='ocrx_word' id='word_1_186' title='bbox 1868 2047 1928 2100; x_wconf 84' lang='grc' dir='ltr'>τὸ</span> 
     </span>
    </p>
   </div>
   <div class='ocr_carea' id='block_1_24' title="bbox 344 2122 1927 2211">
    <p class='ocr_par' dir='ltr' id='par_1_24' title="bbox 344 2122 1927 2211">
     <span class='ocr_line' id='line_1_24' title="bbox 344 2122 1927 2211; baseline 0.008 -32"><span class='ocrx_word' id='word_1_187' title='bbox 344 2122 494 2181; x_wconf 83' lang='grc' dir='ltr'>εἶναι</span> <span class='ocrx_word' id='word_1_188' title='bbox 520 2126 635 2196; x_wconf 67' lang='grc' dir='ltr'><strong>φῶς</strong></span> <span class='ocrx_word' id='word_1_189' title='bbox 660 2126 717 2181; x_wconf 86' lang='grc' dir='ltr'><strong>τδ</strong></span> <span class='ocrx_word' id='word_1_190' title='bbox 749 2127 1036 2199; x_wconf 81' lang='grc' dir='ltr'>ἁληθινόν;</span> <span class='ocrx_word' id='word_1_191' title='bbox 1083 2130 1169 2195; x_wconf 83' lang='grc' dir='ltr'>Ὧς</span> <span class='ocrx_word' id='word_1_192' title='bbox 1207 2132 1316 2203; x_wconf 82' lang='grc' dir='ltr'>γὰρ</span> <span class='ocrx_word' id='word_1_193' title='bbox 1340 2134 1442 2187; x_wconf 82' lang='grc' dir='ltr'>οὐκ</span> <span class='ocrx_word' id='word_1_194' title='bbox 1472 2135 1670 2211; x_wconf 77' lang='grc' dir='ltr'>ἐχούσῃ</span> <span class='ocrx_word' id='word_1_195' title='bbox 1690 2162 1694 2167; x_wconf 79' lang='lat'>~</span> <span class='ocrx_word' id='word_1_196' title='bbox 1712 2138 1814 2209; x_wconf 77' lang='grc' dir='ltr'><strong>ήδη</strong></span> <span class='ocrx_word' id='word_1_197' title='bbox 1847 2137 1927 2192; x_wconf 89' lang='grc' dir='ltr'>δί-</span> 
     </span>
    </p>
   </div>
   <div class='ocr_carea' id='block_1_25' title="bbox 341 2218 1931 2299">
    <p class='ocr_par' dir='ltr' id='par_1_25' title="bbox 341 2218 1931 2299">
     <span class='ocr_line' id='line_1_25' title="bbox 341 2218 1931 2299; baseline 0.008 -26"><span class='ocrx_word' id='word_1_198' title='bbox 341 2218 515 2273; x_wconf 75' lang='grc' dir='ltr'>δωσιν</span> <span class='ocrx_word' id='word_1_199' title='bbox 554 2221 584 2273; x_wconf 88' lang='grc' dir='ltr'><strong>ό</strong></span> <span class='ocrx_word' id='word_1_200' title='bbox 615 2220 743 2285; x_wconf 84' lang='grc' dir='ltr'><strong>Θεὸς</strong></span> <span class='ocrx_word' id='word_1_201' title='bbox 767 2223 863 2276; x_wconf 70' lang='grc' dir='ltr'>καὶ</span> <span class='ocrx_word' id='word_1_202' title='bbox 877 2222 1066 2296; x_wconf 81' lang='grc' dir='ltr'>Πατὴρ</span> <span class='ocrx_word' id='word_1_203' title='bbox 1088 2224 1178 2279; x_wconf 80' lang='grc' dir='ltr'>τὸν</span> <span class='ocrx_word' id='word_1_204' title='bbox 1200 2223 1328 2280; x_wconf 78' lang='grc' dir='ltr'>ἴδιον</span> <span class='ocrx_word' id='word_1_205' title='bbox 1351 2226 1499 2282; x_wconf 87' lang='grc' dir='ltr'>Υἱόν·</span> <span class='ocrx_word' id='word_1_206' title='bbox 1543 2229 1577 2299; x_wconf 79' lang='grc' dir='ltr'><strong>ἡ</strong></span> <span class='ocrx_word' id='word_1_207' title='bbox 1600 2228 1656 2282; x_wconf 88' lang='grc' dir='ltr'>δὲ</span> <span class='ocrx_word' id='word_1_208' title='bbox 1675 2230 1817 2284; x_wconf 75' lang='grc' dir='ltr'>οὕτω</span> <span class='ocrx_word' id='word_1_209' title='bbox 1834 2231 1931 2285; x_wconf 85' lang='grc' dir='ltr'>λα-</span> 
     </span>
    </p>
   </div>
   <div class='ocr_carea' id='block_1_26' title="bbox 344 2310 1929 2394">
    <p class='ocr_par' dir='ltr' id='par_1_26' title="bbox 344 2310 1929 2394">
     <span class='ocr_line' id='line_1_26' title="bbox 344 2310 1929 2394; baseline 0.008 -29"><span class='ocrx_word' id='word_1_210' title='bbox 344 2310 518 2365; x_wconf 77' lang='grc' dir='ltr'>ϐοῦσα</span> <span class='ocrx_word' id='word_1_211' title='bbox 551 2312 621 2366; x_wconf 82' lang='grc' dir='ltr'><strong>δι’</strong></span> <span class='ocrx_word' id='word_1_212' title='bbox 658 2312 821 2368; x_wconf 78' lang='grc' dir='ltr'>αὑτοῦ</span> <span class='ocrx_word' id='word_1_213' title='bbox 850 2312 1036 2385; x_wconf 79' lang='grc' dir='ltr'>βοήσει</span> <span class='ocrx_word' id='word_1_214' title='bbox 1074 2315 1171 2371; x_wconf 81' lang='grc' dir='ltr'><strong>τοῦ</strong></span> <span class='ocrx_word' id='word_1_215' title='bbox 1205 2318 1551 2390; x_wconf 82' lang='grc' dir='ltr'>πράγματος,</span> <span class='ocrx_word' id='word_1_216' title='bbox 1595 2321 1817 2394; x_wconf 74' lang='grc' dir='ltr'>καὶτῆς</span> <span class='ocrx_word' id='word_1_217' title='bbox 1846 2325 1929 2377; x_wconf 82' lang='lat' dir='ltr'><strong>ol-</strong></span> 
     </span>
    </p>
   </div>
   <div class='ocr_carea' id='block_1_27' title="bbox 346 2402 1928 2486">
    <p class='ocr_par' dir='ltr' id='par_1_27' title="bbox 346 2402 1928 2486">
     <span class='ocr_line' id='line_1_27' title="bbox 346 2402 1928 2486; baseline 0.009 -31"><span class='ocrx_word' id='word_1_218' title='bbox 346 2402 502 2467; x_wconf 90' lang='grc' dir='ltr'>κείας</span> <span class='ocrx_word' id='word_1_219' title='bbox 534 2402 751 2473; x_wconf 84' lang='grc' dir='ltr'>φύσεως</span> <span class='ocrx_word' id='word_1_220' title='bbox 783 2404 883 2478; x_wconf 77' lang='grc' dir='ltr'>τὴν</span> <span class='ocrx_word' id='word_1_221' title='bbox 915 2408 1129 2475; x_wconf 79' lang='grc' dir='ltr'>πενίαν,</span> <span class='ocrx_word' id='word_1_222' title='bbox 1161 2410 1370 2465; x_wconf 74' lang='grc' dir='ltr'>καὶτοῦ</span> <span class='ocrx_word' id='word_1_223' title='bbox 1400 2411 1722 2481; x_wconf 79' lang='grc' dir='ltr'>φωτίζοντος</span> <span class='ocrx_word' id='word_1_224' title='bbox 1753 2406 1928 2486; x_wconf 85' lang='grc' dir='ltr'>Λόγου</span> 
     </span>
    </p>
   </div>
   <div class='ocr_carea' id='block_1_28' title="bbox 342 2494 965 2570">
    <p class='ocr_par' dir='ltr' id='par_1_28' title="bbox 342 2494 965 2570">
     <span class='ocr_line' id='line_1_28' title="bbox 342 2494 965 2570; baseline 0.008 -21"><span class='ocrx_word' id='word_1_225' title='bbox 342 2494 408 2549; x_wconf 81' lang='grc' dir='ltr'>τὸ</span> <span class='ocrx_word' id='word_1_226' title='bbox 440 2494 699 2550; x_wconf 84' lang='grc' dir='ltr'>πλούσιον</span> <span class='ocrx_word' id='word_1_227' title='bbox 727 2496 965 2570; x_wconf 80' lang='grc' dir='ltr'>ἀξίωμα.</span> 
     </span>
    </p>
   </div>
   <div class='ocr_carea' id='block_1_29' title="bbox 415 2590 1930 2674">
    <p class='ocr_par' dir='ltr' id='par_1_29' title="bbox 415 2590 1930 2674">
     <span class='ocr_line' id='line_1_29' title="bbox 415 2590 1930 2674; baseline 0.008 -30"><span class='ocrx_word' id='word_1_228' title='bbox 415 2591 620 2647; x_wconf 84' lang='grc' dir='ltr'><strong>ΔΛΛΟ.</strong></span> <span class='ocrx_word' id='word_1_229' title='bbox 670 2612 691 2646; x_wconf 79' lang='grc' dir='ltr'><strong>ι</strong></span> <span class='ocrx_word' id='word_1_230' title='bbox 718 2592 831 2647; x_wconf 81' lang='grc' dir='ltr'><strong>Καὶ</strong></span> <span class='ocrx_word' id='word_1_231' title='bbox 847 2593 943 2649; x_wconf 76' lang='grc' dir='ltr'>νῦν</span> <span class='ocrx_word' id='word_1_232' title='bbox 962 2596 990 2649; x_wconf 84' lang='grc' dir='ltr'><strong>ό</strong></span> <span class='ocrx_word' id='word_1_233' title='bbox 1010 2590 1156 2661; x_wconf 79' lang='grc' dir='ltr'>οἷκος</span> <span class='ocrx_word' id='word_1_234' title='bbox 1180 2596 1276 2652; x_wconf 79' lang='grc' dir='ltr'>τοῦ</span> <span class='ocrx_word' id='word_1_235' title='bbox 1313 2596 1524 2665; x_wconf 76' lang='grc' dir='ltr'>Ἰακὼϐ,</span> <span class='ocrx_word' id='word_1_236' title='bbox 1550 2599 1702 2654; x_wconf 80' lang='grc' dir='ltr'>δεῦτε</span> <span class='ocrx_word' id='word_1_237' title='bbox 1731 2619 1930 2674; x_wconf 87' lang='grc' dir='ltr'>πορευ-</span> 
     </span>
    </p>
   </div>
   <div class='ocr_carea' id='block_1_30' title="bbox 343 2681 1930 2765">
    <p class='ocr_par' dir='ltr' id='par_1_30' title="bbox 343 2681 1930 2765">
     <span class='ocr_line' id='line_1_30' title="bbox 343 2681 1930 2765; baseline 0.008 -30"><span class='ocrx_word' id='word_1_238' title='bbox 343 2681 532 2753; x_wconf 86' lang='grc' dir='ltr'>θῶμεν</span> <span class='ocrx_word' id='word_1_239' title='bbox 562 2683 641 2755; x_wconf 82' lang='grc' dir='ltr'>τῷ</span> <span class='ocrx_word' id='word_1_240' title='bbox 672 2685 813 2754; x_wconf 79' lang='grc' dir='ltr'>φωτὶ</span> <span class='ocrx_word' id='word_1_241' title='bbox 860 2685 1087 2759; x_wconf 83' lang='grc' dir='ltr'>Κυρίου.</span> <span class='ocrx_word' id='word_1_242' title='bbox 1118 2707 1139 2741; x_wconf 77' lang='grc' dir='ltr'><strong>ι</strong></span> <span class='ocrx_word' id='word_1_243' title='bbox 1194 2688 1296 2743; x_wconf 80' lang='grc' dir='ltr'><strong>Διὰ</strong></span> <span class='ocrx_word' id='word_1_244' title='bbox 1326 2689 1377 2743; x_wconf 90' lang='grc' dir='ltr'><strong>τί</strong></span> <span class='ocrx_word' id='word_1_245' title='bbox 1411 2692 1506 2745; x_wconf 71' lang='grc' dir='ltr'><strong>καὶ</strong></span> <span class='ocrx_word' id='word_1_246' title='bbox 1544 2685 1690 2746; x_wconf 74' lang='grc' dir='ltr'>οὗτοι</span> <span class='ocrx_word' id='word_1_247' title='bbox 1739 2693 1816 2763; x_wconf 85' lang='grc' dir='ltr'>μὴ</span> <span class='ocrx_word' id='word_1_248' title='bbox 1850 2692 1930 2765; x_wconf 82' lang='grc' dir='ltr'>τῷ</span> 
     </span>
    </p>
   </div>
   <div class='ocr_carea' id='block_1_31' title="bbox 341 2775 1928 2852">
    <p class='ocr_par' dir='ltr' id='par_1_31' title="bbox 341 2775 1928 2852">
     <span class='ocr_line' id='line_1_31' title="bbox 341 2775 1928 2852; baseline 0.006 -24"><span class='ocrx_word' id='word_1_249' title='bbox 341 2775 531 2846; x_wconf 85' lang='grc' dir='ltr'>οίκείῳ</span> <span class='ocrx_word' id='word_1_250' title='bbox 561 2775 884 2848; x_wconf 85' lang='grc' dir='ltr'>πορεύονται</span> <span class='ocrx_word' id='word_1_251' title='bbox 925 2779 1084 2848; x_wconf 72' lang='grc' dir='ltr'>φωτὶ,</span> <span class='ocrx_word' id='word_1_252' title='bbox 1124 2779 1374 2852; x_wconf 67' lang='grc' dir='ltr'>δᾳδουχεί</span> <span class='ocrx_word' id='word_1_253' title='bbox 1406 2782 1462 2836; x_wconf 77' lang='grc' dir='ltr'>δὲ</span> <span class='ocrx_word' id='word_1_254' title='bbox 1490 2783 1672 2847; x_wconf 74' lang='grc' dir='ltr'>αὐτοῖς</span> <span class='ocrx_word' id='word_1_255' title='bbox 1695 2784 1725 2836; x_wconf 86' lang='grc' dir='ltr'><strong>ό</strong></span> <span class='ocrx_word' id='word_1_256' title='bbox 1753 2785 1928 2838; x_wconf 89' lang='grc' dir='ltr'>Μονο-</span> 
     </span>
    </p>
   </div>
   <div class='ocr_carea' id='block_1_32' title="bbox 268 2867 1925 2947">
    <p class='ocr_par' dir='ltr' id='par_1_32' title="bbox 268 2867 1925 2947">
     <span class='ocr_line' id='line_1_32' title="bbox 268 2867 1925 2947; baseline 0.008 -29"><span class='ocrx_word' id='word_1_257' title='bbox 268 2895 275 2903; x_wconf 85' lang='lat'><strong>-</strong></span> <span class='ocrx_word' id='word_1_258' title='bbox 341 2868 515 2947; x_wconf 65' lang='grc' dir='ltr'>γενὴς</span> <span class='ocrx_word' id='word_1_259' title='bbox 546 2867 606 2921; x_wconf 78' lang='grc' dir='ltr'><strong>τδ</strong></span> <span class='ocrx_word' id='word_1_260' title='bbox 648 2867 780 2922; x_wconf 81' lang='grc' dir='ltr'>ἴδιον</span> <span class='ocrx_word' id='word_1_261' title='bbox 824 2869 990 2925; x_wconf 82' lang='grc' dir='ltr'><strong>αὐτοῦ</strong></span> <span class='ocrx_word' id='word_1_262' title='bbox 1033 2871 1135 2942; x_wconf 86' lang='grc' dir='ltr'>τῆς</span> <span class='ocrx_word' id='word_1_263' title='bbox 1182 2873 1368 2939; x_wconf 79' lang='grc' dir='ltr'>οὐσίας</span> <span class='ocrx_word' id='word_1_264' title='bbox 1413 2875 1641 2940; x_wconf 74' lang='grc' dir='ltr'>ἐντιθεὶς</span> <span class='ocrx_word' id='word_1_265' title='bbox 1685 2876 1925 2946; x_wconf 82' lang='grc' dir='ltr'>ἀγαθόν;</span> 
     </span>
    </p>
   </div>
   <div class='ocr_carea' id='block_1_33' title="bbox 358 2960 1928 3035">
    <p class='ocr_par' dir='ltr' id='par_1_33' title="bbox 358 2960 1928 3035">
     <span class='ocr_line' id='line_1_33' title="bbox 358 2960 1928 3035; baseline 0.006 -24"><span class='ocrx_word' id='word_1_266' title='bbox 358 2960 507 3012; x_wconf 74' lang='grc' dir='ltr'>Ἀλλ’</span> <span class='ocrx_word' id='word_1_267' title='bbox 540 2960 599 3013; x_wconf 81' lang='grc' dir='ltr'>οὐ</span> <span class='ocrx_word' id='word_1_268' title='bbox 642 2960 721 3032; x_wconf 82' lang='grc' dir='ltr'>τῷ</span> <span class='ocrx_word' id='word_1_269' title='bbox 751 2961 935 3034; x_wconf 77' lang='grc' dir='ltr'>οἰκείῳ</span> <span class='ocrx_word' id='word_1_270' title='bbox 966 2962 1338 3035; x_wconf 68' lang='grc' dir='ltr'>θαρρήσαντες</span> <span class='ocrx_word' id='word_1_271' title='bbox 1371 2965 1705 3032; x_wconf 81' lang='grc' dir='ltr'>δανείζονται</span> <span class='ocrx_word' id='word_1_272' title='bbox 1737 2968 1799 3021; x_wconf 83' lang='grc' dir='ltr'>τὸ</span> <span class='ocrx_word' id='word_1_273' title='bbox 1827 2968 1928 3023; x_wconf 85' lang='grc' dir='ltr'><strong>ἀλ-</strong></span> 
     </span>
    </p>
   </div>
   <div class='ocr_carea' id='block_1_34' title="bbox 2027 677 3606 750">
    <p class='ocr_par' dir='ltr' id='par_1_34' title="bbox 2027 677 3606 750">
     <span class='ocr_line' id='line_1_34' title="bbox 2027 677 3606 750; baseline 0.001 -16"><span class='ocrx_word' id='word_1_274' title='bbox 2027 679 2285 735; x_wconf 87' lang='lat' dir='ltr'><strong>stantiam</strong></span> <span class='ocrx_word' id='word_1_275' title='bbox 2312 693 2437 735; x_wconf 92' lang='lat' dir='ltr'><strong>cum</strong></span> <span class='ocrx_word' id='word_1_276' title='bbox 2490 678 2735 750; x_wconf 79' lang='lat' dir='ltr'><strong>perfecto</strong></span> <span class='ocrx_word' id='word_1_277' title='bbox 2764 677 2822 734; x_wconf 90' lang='lat' dir='ltr'><strong>id</strong></span> <span class='ocrx_word' id='word_1_278' title='bbox 2866 677 3014 748; x_wconf 91' lang='lat' dir='ltr'><strong>quod</strong></span> <span class='ocrx_word' id='word_1_279' title='bbox 3051 686 3197 749; x_wconf 84' lang='lat' dir='ltr'><strong>eget,</strong></span> <span class='ocrx_word' id='word_1_280' title='bbox 3256 693 3437 750; x_wconf 87' lang='lat' dir='ltr'><strong>neque</strong></span> <span class='ocrx_word' id='word_1_281' title='bbox 3480 696 3606 737; x_wconf 89' lang='lat' dir='ltr'><strong>cum</strong></span> 
     </span>
    </p>
   </div>
   <div class='ocr_carea' id='block_1_35' title="bbox 1936 769 3003 843">
    <p class='ocr_par' dir='ltr' id='par_1_35' title="bbox 1936 769 3003 843">
     <span class='ocr_line' id='line_1_35' title="bbox 1936 769 3003 843; baseline -0.003 -16"><span class='ocrx_word' id='word_1_282' title='bbox 1936 785 1945 791; x_wconf 79' lang='lat'><strong>&#39;</strong></span> <span class='ocrx_word' id='word_1_283' title='bbox 2027 771 2218 842; x_wconf 80' lang='lat' dir='ltr'><strong>indigo</strong></span> <span class='ocrx_word' id='word_1_284' title='bbox 2249 771 2303 826; x_wconf 90' lang='lat' dir='ltr'><strong>id</strong></span> <span class='ocrx_word' id='word_1_285' title='bbox 2335 770 2485 843; x_wconf 91' lang='lat' dir='ltr'><strong>quod</strong></span> <span class='ocrx_word' id='word_1_286' title='bbox 2514 769 2719 825; x_wconf 82' lang='lat' dir='ltr'><strong>aﬂ&#39;atim</strong></span> <span class='ocrx_word' id='word_1_287' title='bbox 2752 770 3003 841; x_wconf 80' lang='lat' dir='ltr'><strong>largitur.</strong></span> 
     </span>
    </p>
   </div>
   <div class='ocr_carea' id='block_1_36' title="bbox 2096 860 3606 930">
    <p class='ocr_par' dir='ltr' id='par_1_36' title="bbox 2096 860 3606 930">
     <span class='ocr_line' id='line_1_36' title="bbox 2096 860 3606 930; baseline 0.003 -14"><span class='ocrx_word' id='word_1_288' title='bbox 2096 860 2331 918; x_wconf 82' lang='lat' dir='ltr'><strong>ALIUD.</strong></span> <span class='ocrx_word' id='word_1_289' title='bbox 2388 880 2408 913; x_wconf 76' lang='grc' dir='ltr'><strong>ι</strong></span> <span class='ocrx_word' id='word_1_290' title='bbox 2458 862 2810 927; x_wconf 89' lang='lat' dir='ltr'><strong>llluminare,</strong></span> <span class='ocrx_word' id='word_1_291' title='bbox 2858 862 3192 930; x_wconf 87' lang='lat' dir='ltr'><strong>illuminare,</strong></span> <span class='ocrx_word' id='word_1_292' title='bbox 3232 861 3541 921; x_wconf 78' lang='lat' dir='ltr'><strong>Jerusalem</strong></span> <span class='ocrx_word' id='word_1_293' title='bbox 3591 884 3606 921; x_wconf 90' lang='lat'><strong>:</strong></span> 
     </span>
    </p>
   </div>
   <div class='ocr_carea' id='block_1_37' title="bbox 2029 953 3608 1025">
    <p class='ocr_par' dir='ltr' id='par_1_37' title="bbox 2029 953 3608 1025">
     <span class='ocr_line' id='line_1_37' title="bbox 2029 953 3608 1025; baseline -0.001 -14"><span class='ocrx_word' id='word_1_294' title='bbox 2029 954 2180 1011; x_wconf 85' lang='lat' dir='ltr'><strong>venit</strong></span> <span class='ocrx_word' id='word_1_295' title='bbox 2234 954 2379 1011; x_wconf 87' lang='lat' dir='ltr'><strong>enim</strong></span> <span class='ocrx_word' id='word_1_296' title='bbox 2415 955 2603 1011; x_wconf 89' lang='lat' dir='ltr'><strong>lumen</strong></span> <span class='ocrx_word' id='word_1_297' title='bbox 2638 962 2815 1017; x_wconf 93' lang='lat' dir='ltr'><strong>tuum,</strong></span> <span class='ocrx_word' id='word_1_298' title='bbox 2859 963 2913 1010; x_wconf 92' lang='lat' dir='ltr'><strong>et</strong></span> <span class='ocrx_word' id='word_1_299' title='bbox 2959 954 3134 1025; x_wconf 82' lang='lat' dir='ltr'><strong>gloria</strong></span> <span class='ocrx_word' id='word_1_300' title='bbox 3174 953 3387 1010; x_wconf 89' lang='lat' dir='ltr'><strong>Domini</strong></span> <span class='ocrx_word' id='word_1_301' title='bbox 3438 971 3608 1025; x_wconf 88' lang='lat' dir='ltr'><strong>super</strong></span> 
     </span>
    </p>
   </div>
   <div class='ocr_carea' id='block_1_38' title="bbox 2028 1047 3608 1104">
    <p class='ocr_par' dir='ltr' id='par_1_38' title="bbox 2028 1047 3608 1104">
     <span class='ocr_line' id='line_1_38' title="bbox 2028 1047 3608 1104; baseline 0.001 -3"><span class='ocrx_word' id='word_1_302' title='bbox 2028 1056 2082 1104; x_wconf 92' lang='lat' dir='ltr'><strong>te</strong></span> <span class='ocrx_word' id='word_1_303' title='bbox 2111 1057 2231 1103; x_wconf 87' lang='lat' dir='ltr'><strong>orla</strong></span> <span class='ocrx_word' id='word_1_304' title='bbox 2257 1056 2342 1104; x_wconf 88' lang='lat' dir='ltr'><strong>est</strong></span> <span class='ocrx_word' id='word_1_305' title='bbox 2364 1049 2430 1104; x_wconf 79' lang='grc'><strong>⁸⁸.</strong></span> <span class='ocrx_word' id='word_1_306' title='bbox 2468 1067 2487 1100; x_wconf 74' lang='grc' dir='ltr'><strong>ι</strong></span> <span class='ocrx_word' id='word_1_307' title='bbox 2520 1047 2591 1101; x_wconf 87' lang='lat' dir='ltr'><strong>At</strong></span> <span class='ocrx_word' id='word_1_308' title='bbox 2623 1047 2669 1103; x_wconf 91' lang='lat' dir='ltr'><strong>si</strong></span> <span class='ocrx_word' id='word_1_309' title='bbox 2703 1061 2810 1103; x_wconf 92' lang='lat' dir='ltr'><strong>ase</strong></span> <span class='ocrx_word' id='word_1_310' title='bbox 2836 1047 3022 1102; x_wconf 90' lang='lat' dir='ltr'><strong>lumen</strong></span> <span class='ocrx_word' id='word_1_311' title='bbox 3052 1047 3217 1103; x_wconf 86' lang='lat' dir='ltr'><strong>habet</strong></span> <span class='ocrx_word' id='word_1_312' title='bbox 3243 1063 3425 1103; x_wconf 91' lang='lat' dir='ltr'><strong>rerum</strong></span> <span class='ocrx_word' id='word_1_313' title='bbox 3450 1063 3608 1103; x_wconf 58' lang='lat' dir='ltr'><strong>creat-</strong></span> 
     </span>
    </p>
   </div>
   <div class='ocr_carea' id='block_1_39' title="bbox 2028 1136 3608 1210">
    <p class='ocr_par' dir='ltr' id='par_1_39' title="bbox 2028 1136 3608 1210">
     <span class='ocr_line' id='line_1_39' title="bbox 2028 1136 3608 1210; baseline -0.001 -15"><span class='ocrx_word' id='word_1_314' title='bbox 2028 1149 2215 1195; x_wconf 90' lang='lat' dir='ltr'><strong>tarum</strong></span> <span class='ocrx_word' id='word_1_315' title='bbox 2250 1147 2475 1204; x_wconf 88' lang='lat' dir='ltr'><strong>natura,</strong></span> <span class='ocrx_word' id='word_1_316' title='bbox 2518 1136 2682 1210; x_wconf 87' lang='lat' dir='ltr'><strong>atque</strong></span> <span class='ocrx_word' id='word_1_317' title='bbox 2731 1138 2783 1194; x_wconf 92' lang='lat' dir='ltr'><strong>id</strong></span> <span class='ocrx_word' id='word_1_318' title='bbox 2816 1141 3040 1209; x_wconf 84' lang='lat' dir='ltr'><strong>proprie</strong></span> <span class='ocrx_word' id='word_1_319' title='bbox 3076 1148 3192 1205; x_wconf 88' lang='lat' dir='ltr'><strong>est,</strong></span> <span class='ocrx_word' id='word_1_320' title='bbox 3224 1139 3369 1208; x_wconf 89' lang='lat' dir='ltr'><strong>quod</strong></span> <span class='ocrx_word' id='word_1_321' title='bbox 3404 1138 3608 1210; x_wconf 78' lang='lat' dir='ltr'><strong>Unige-</strong></span> 
     </span>
    </p>
   </div>
   <div class='ocr_carea' id='block_1_40' title="bbox 2029 1232 3607 1303">
    <p class='ocr_par' dir='ltr' id='par_1_40' title="bbox 2029 1232 3607 1303">
     <span class='ocr_line' id='line_1_40' title="bbox 2029 1232 3607 1303; baseline -0.001 -14"><span class='ocrx_word' id='word_1_322' title='bbox 2029 1234 2203 1291; x_wconf 82' lang='lat' dir='ltr'><strong>nilum</strong></span> <span class='ocrx_word' id='word_1_323' title='bbox 2237 1249 2363 1288; x_wconf 86' lang='lat' dir='ltr'><strong>esse</strong></span> <span class='ocrx_word' id='word_1_324' title='bbox 2398 1233 2635 1289; x_wconf 83' lang='lat' dir='ltr'><strong>dicimus</strong></span> <span class='ocrx_word' id='word_1_325' title='bbox 2658 1275 2672 1296; x_wconf 91' lang='lat'><strong>,</strong></span> <span class='ocrx_word' id='word_1_326' title='bbox 2708 1233 2970 1288; x_wconf 84' lang='lat' dir='ltr'><strong>nimirum</strong></span> <span class='ocrx_word' id='word_1_327' title='bbox 3000 1233 3092 1288; x_wconf 83' lang='lat' dir='ltr'><strong>lux</strong></span> <span class='ocrx_word' id='word_1_328' title='bbox 3142 1248 3293 1297; x_wconf 87' lang='lat' dir='ltr'><strong>vera,</strong></span> <span class='ocrx_word' id='word_1_329' title='bbox 3328 1232 3607 1303; x_wconf 87' lang='lat' dir='ltr'><strong>quomodo</strong></span> 
     </span>
    </p>
   </div>
   <div class='ocr_carea' id='block_1_41' title="bbox 2030 1320 3604 1392">
    <p class='ocr_par' dir='ltr' id='par_1_41' title="bbox 2030 1320 3604 1392">
     <span class='ocr_line' id='line_1_41' title="bbox 2030 1320 3604 1392; baseline -0.001 -16"><span class='ocrx_word' id='word_1_330' title='bbox 2030 1322 2154 1378; x_wconf 88' lang='lat' dir='ltr'><strong>luce</strong></span> <span class='ocrx_word' id='word_1_331' title='bbox 2196 1321 2462 1392; x_wconf 78' lang='lat' dir='ltr'><strong>indigebit</strong></span> <span class='ocrx_word' id='word_1_332' title='bbox 2511 1320 2815 1378; x_wconf 78' lang='lat' dir='ltr'><strong>Jerusalem</strong></span> <span class='ocrx_word' id='word_1_333' title='bbox 2846 1337 2879 1377; x_wconf 88' lang='lat' dir='ltr'><strong>a</strong></span> <span class='ocrx_word' id='word_1_334' title='bbox 2904 1336 3015 1392; x_wconf 90' lang='lat' dir='ltr'><strong>qua</strong></span> <span class='ocrx_word' id='word_1_335' title='bbox 3061 1322 3442 1378; x_wconf 85' lang='lat' dir='ltr'><strong>illuminetur?</strong></span> <span class='ocrx_word' id='word_1_336' title='bbox 3466 1321 3604 1376; x_wconf 88' lang='lat' dir='ltr'><strong>Cum</strong></span> 
     </span>
    </p>
   </div>
   <div class='ocr_carea' id='block_1_42' title="bbox 2030 1412 3605 1485">
    <p class='ocr_par' dir='ltr' id='par_1_42' title="bbox 2030 1412 3605 1485">
     <span class='ocr_line' id='line_1_42' title="bbox 2030 1412 3605 1485; baseline 0.001 -18"><span class='ocrx_word' id='word_1_337' title='bbox 2030 1419 2212 1467; x_wconf 90' lang='lat' dir='ltr'><strong>autem</strong></span> <span class='ocrx_word' id='word_1_338' title='bbox 2269 1413 2453 1482; x_wconf 72' lang='lat' dir='ltr'><strong>gratiae</strong></span> <span class='ocrx_word' id='word_1_339' title='bbox 2484 1412 2606 1468; x_wconf 88' lang='lat' dir='ltr'><strong>loco</strong></span> <span class='ocrx_word' id='word_1_340' title='bbox 2641 1412 3106 1468; x_wconf 87' lang='lat' dir='ltr'><strong>illuminationem</strong></span> <span class='ocrx_word' id='word_1_341' title='bbox 3139 1414 3406 1485; x_wconf 88' lang='lat' dir='ltr'><strong>accipiat,</strong></span> <span class='ocrx_word' id='word_1_342' title='bbox 3452 1412 3605 1468; x_wconf 87' lang='lat' dir='ltr'><strong>solus</strong></span> 
     </span>
    </p>
   </div>
   <div class='ocr_carea' id='block_1_43' title="bbox 2029 1503 3603 1577">
    <p class='ocr_par' dir='ltr' id='par_1_43' title="bbox 2029 1503 3603 1577">
     <span class='ocr_line' id='line_1_43' title="bbox 2029 1503 3603 1577; baseline -0.001 -18"><span class='ocrx_word' id='word_1_343' title='bbox 2029 1518 2163 1575; x_wconf 83' lang='lat' dir='ltr'><strong>ergo</strong></span> <span class='ocrx_word' id='word_1_344' title='bbox 2191 1519 2321 1560; x_wconf 89' lang='lat' dir='ltr'><strong>vera</strong></span> <span class='ocrx_word' id='word_1_345' title='bbox 2350 1505 2445 1560; x_wconf 84' lang='lat' dir='ltr'><strong>lux</strong></span> <span class='ocrx_word' id='word_1_346' title='bbox 2481 1512 2567 1562; x_wconf 89' lang='lat' dir='ltr'><strong>est</strong></span> <span class='ocrx_word' id='word_1_347' title='bbox 2600 1503 2774 1561; x_wconf 88' lang='lat' dir='ltr'><strong>Filius</strong></span> <span class='ocrx_word' id='word_1_348' title='bbox 2812 1505 2903 1577; x_wconf 85' lang='lat' dir='ltr'><strong>qui</strong></span> <span class='ocrx_word' id='word_1_349' title='bbox 2940 1503 3242 1560; x_wconf 85' lang='lat' dir='ltr'><strong>Jerusalem</strong></span> <span class='ocrx_word' id='word_1_350' title='bbox 3294 1505 3603 1568; x_wconf 87' lang='lat' dir='ltr'><strong>illuminat,</strong></span> 
     </span>
    </p>
   </div>
   <div class='ocr_carea' id='block_1_44' title="bbox 2030 1592 3605 1665">
    <p class='ocr_par' dir='ltr' id='par_1_44' title="bbox 2030 1592 3605 1665">
     <span class='ocr_line' id='line_1_44' title="bbox 2030 1592 3605 1665; baseline -0.003 -14"><span class='ocrx_word' id='word_1_351' title='bbox 2030 1595 2191 1665; x_wconf 83' lang='lat' dir='ltr'><strong>eique</strong></span> <span class='ocrx_word' id='word_1_352' title='bbox 2235 1595 2411 1650; x_wconf 90' lang='lat' dir='ltr'><strong>lucem</strong></span> <span class='ocrx_word' id='word_1_353' title='bbox 2454 1609 2563 1664; x_wconf 89' lang='lat' dir='ltr'><strong>qua</strong></span> <span class='ocrx_word' id='word_1_354' title='bbox 2604 1601 2756 1649; x_wconf 85' lang='lat' dir='ltr'><strong>caret</strong></span> <span class='ocrx_word' id='word_1_355' title='bbox 2800 1594 3062 1664; x_wconf 89' lang='lat' dir='ltr'><strong>impertit.</strong></span> <span class='ocrx_word' id='word_1_356' title='bbox 3105 1592 3262 1660; x_wconf 87' lang='lat' dir='ltr'><strong>Quod</strong></span> <span class='ocrx_word' id='word_1_357' title='bbox 3322 1594 3368 1650; x_wconf 88' lang='lat' dir='ltr'><strong>si</strong></span> <span class='ocrx_word' id='word_1_358' title='bbox 3417 1609 3605 1649; x_wconf 75' lang='lat' dir='ltr'><strong>verum</strong></span> 
     </span>
    </p>
   </div>
   <div class='ocr_carea' id='block_1_45' title="bbox 2030 1686 3608 1759">
    <p class='ocr_par' dir='ltr' id='par_1_45' title="bbox 2030 1686 3608 1759">
     <span class='ocr_line' id='line_1_45' title="bbox 2030 1686 3608 1759; baseline -0.001 -15"><span class='ocrx_word' id='word_1_359' title='bbox 2030 1696 2145 1753; x_wconf 91' lang='lat' dir='ltr'><strong>est,</strong></span> <span class='ocrx_word' id='word_1_360' title='bbox 2184 1688 2279 1759; x_wconf 88' lang='lat' dir='ltr'><strong>qui</strong></span> <span class='ocrx_word' id='word_1_361' title='bbox 2315 1687 2430 1743; x_wconf 83' lang='lat' dir='ltr'><strong>ﬁeri</strong></span> <span class='ocrx_word' id='word_1_362' title='bbox 2466 1695 2656 1759; x_wconf 86' lang='lat' dir='ltr'><strong>potest</strong></span> <span class='ocrx_word' id='word_1_363' title='bbox 2693 1696 2751 1743; x_wconf 89' lang='lat' dir='ltr'><strong>ut</strong></span> <span class='ocrx_word' id='word_1_364' title='bbox 2810 1702 2919 1743; x_wconf 88' lang='lat' dir='ltr'><strong>non</strong></span> <span class='ocrx_word' id='word_1_365' title='bbox 2957 1688 3030 1743; x_wconf 86' lang='lat' dir='ltr'><strong>sit</strong></span> <span class='ocrx_word' id='word_1_366' title='bbox 3074 1688 3329 1745; x_wconf 83' lang='lat' dir='ltr'><strong>diversus</strong></span> <span class='ocrx_word' id='word_1_367' title='bbox 3376 1686 3447 1743; x_wconf 89' lang='lat' dir='ltr'><strong>ab</strong></span> <span class='ocrx_word' id='word_1_368' title='bbox 3486 1689 3608 1759; x_wconf 89' lang='lat' dir='ltr'><strong>ipso</strong></span> 
     </span>
    </p>
   </div>
   <div class='ocr_carea' id='block_1_46' title="bbox 2031 1781 2667 1838">
    <p class='ocr_par' dir='ltr' id='par_1_46' title="bbox 2031 1781 2667 1838">
     <span class='ocr_line' id='line_1_46' title="bbox 2031 1781 2667 1838; baseline -0.005 0"><span class='ocrx_word' id='word_1_369' title='bbox 2031 1782 2339 1838; x_wconf 89' lang='lat' dir='ltr'><strong>secundum</strong></span> <span class='ocrx_word' id='word_1_370' title='bbox 2369 1789 2625 1836; x_wconf 86' lang='lat' dir='ltr'><strong>naturam</strong></span> <span class='ocrx_word' id='word_1_371' title='bbox 2641 1781 2667 1835; x_wconf 67' lang='grc' dir='ltr'><em>Ἰ</em></span> 
     </span>
    </p>
   </div>
   <div class='ocr_carea' id='block_1_47' title="bbox 2102 1872 3605 1944">
    <p class='ocr_par' dir='ltr' id='par_1_47' title="bbox 2102 1872 3605 1944">
     <span class='ocr_line' id='line_1_47' title="bbox 2102 1872 3605 1944; baseline 0.001 -16"><span class='ocrx_word' id='word_1_372' title='bbox 2102 1872 2336 1929; x_wconf 83' lang='lat' dir='ltr'><strong>ALIUD.</strong></span> <span class='ocrx_word' id='word_1_373' title='bbox 2366 1891 2386 1925; x_wconf 81' lang='grc' dir='ltr'><strong>ι</strong></span> <span class='ocrx_word' id='word_1_374' title='bbox 2419 1872 2560 1929; x_wconf 89' lang='lat' dir='ltr'><strong>Ecce</strong></span> <span class='ocrx_word' id='word_1_375' title='bbox 2595 1873 2719 1928; x_wconf 89' lang='lat' dir='ltr'><strong>dedi</strong></span> <span class='ocrx_word' id='word_1_376' title='bbox 2755 1884 2807 1930; x_wconf 87' lang='lat' dir='ltr'><strong>te</strong></span> <span class='ocrx_word' id='word_1_377' title='bbox 2835 1874 2892 1929; x_wconf 89' lang='lat' dir='ltr'><strong>in</strong></span> <span class='ocrx_word' id='word_1_378' title='bbox 2933 1880 3330 1929; x_wconf 80' lang='lat' dir='ltr'><strong>testamentum</strong></span> <span class='ocrx_word' id='word_1_379' title='bbox 3366 1872 3605 1944; x_wconf 81' lang='lat' dir='ltr'><strong>generis,</strong></span> 
     </span>
    </p>
   </div>
   <div class='ocr_carea' id='block_1_48' title="bbox 2031 1963 3606 2037">
    <p class='ocr_par' dir='ltr' id='par_1_48' title="bbox 2031 1963 3606 2037">
     <span class='ocr_line' id='line_1_48' title="bbox 2031 1963 3606 2037; baseline -0.003 -18"><span class='ocrx_word' id='word_1_380' title='bbox 2031 1964 2086 2019; x_wconf 89' lang='lat' dir='ltr'><strong>in</strong></span> <span class='ocrx_word' id='word_1_381' title='bbox 2118 1965 2296 2021; x_wconf 86' lang='lat' dir='ltr'><strong>lucem</strong></span> <span class='ocrx_word' id='word_1_382' title='bbox 2330 1965 2572 2037; x_wconf 77' lang='lat' dir='ltr'><strong>gentium</strong></span> <span class='ocrx_word' id='word_1_383' title='bbox 2604 1965 2671 2019; x_wconf 82' lang='grc'><strong>⁸⁷.</strong></span> <span class='ocrx_word' id='word_1_384' title='bbox 2711 1984 2729 2017; x_wconf 82' lang='grc' dir='ltr'><strong>ι</strong></span> <span class='ocrx_word' id='word_1_385' title='bbox 2766 1963 3055 2031; x_wconf 86' lang='lat' dir='ltr'><strong>Quomodo</strong></span> <span class='ocrx_word' id='word_1_386' title='bbox 3084 1965 3256 2028; x_wconf 92' lang='lat' dir='ltr'><strong>enim,</strong></span> <span class='ocrx_word' id='word_1_387' title='bbox 3284 1978 3489 2033; x_wconf 64' lang='lat' dir='ltr'><strong>quaeso,</strong></span> <span class='ocrx_word' id='word_1_388' title='bbox 3520 1963 3606 2015; x_wconf 89' lang='lat' dir='ltr'><strong>lu—</strong></span> 
     </span>
    </p>
   </div>
   <div class='ocr_carea' id='block_1_49' title="bbox 2030 2053 3608 2129">
    <p class='ocr_par' dir='ltr' id='par_1_49' title="bbox 2030 2053 3608 2129">
     <span class='ocr_line' id='line_1_49' title="bbox 2030 2053 3608 2129; baseline -0.003 -18"><span class='ocrx_word' id='word_1_389' title='bbox 2030 2057 2111 2114; x_wconf 88' lang='lat' dir='ltr'><strong>eis</strong></span> <span class='ocrx_word' id='word_1_390' title='bbox 2141 2056 2381 2129; x_wconf 80' lang='lat' dir='ltr'><strong>indiguit</strong></span> <span class='ocrx_word' id='word_1_391' title='bbox 2423 2057 2709 2113; x_wconf 86' lang='lat' dir='ltr'><strong>rationalis</strong></span> <span class='ocrx_word' id='word_1_392' title='bbox 2740 2071 2805 2111; x_wconf 91' lang='lat' dir='ltr'><strong>ac</strong></span> <span class='ocrx_word' id='word_1_393' title='bbox 2828 2065 3049 2112; x_wconf 82' lang='lat' dir='ltr'><strong>terrena</strong></span> <span class='ocrx_word' id='word_1_394' title='bbox 3085 2063 3361 2118; x_wconf 89' lang='lat' dir='ltr'><strong>creatura,</strong></span> <span class='ocrx_word' id='word_1_395' title='bbox 3397 2056 3442 2109; x_wconf 90' lang='lat' dir='ltr'><strong>si</strong></span> <span class='ocrx_word' id='word_1_396' title='bbox 3479 2053 3608 2125; x_wconf 91' lang='lat' dir='ltr'><strong>qui-</strong></span> 
     </span>
    </p>
   </div>
   <div class='ocr_carea' id='block_1_50' title="bbox 2029 2145 3608 2221">
    <p class='ocr_par' dir='ltr' id='par_1_50' title="bbox 2029 2145 3608 2221">
     <span class='ocr_line' id='line_1_50' title="bbox 2029 2145 3608 2221; baseline -0.004 -16"><span class='ocrx_word' id='word_1_397' title='bbox 2029 2150 2153 2205; x_wconf 90' lang='lat' dir='ltr'><strong>dem</strong></span> <span class='ocrx_word' id='word_1_398' title='bbox 2185 2151 2277 2205; x_wconf 81' lang='lat' dir='ltr'><strong>lux</strong></span> <span class='ocrx_word' id='word_1_399' title='bbox 2300 2164 2429 2207; x_wconf 88' lang='lat' dir='ltr'><strong>vera</strong></span> <span class='ocrx_word' id='word_1_400' title='bbox 2461 2156 2547 2206; x_wconf 88' lang='lat' dir='ltr'><strong>est</strong></span> <span class='ocrx_word' id='word_1_401' title='bbox 2577 2165 2672 2221; x_wconf 89' lang='lat' dir='ltr'><strong>per</strong></span> <span class='ocrx_word' id='word_1_402' title='bbox 2706 2156 2963 2204; x_wconf 85' lang='lat' dir='ltr'><strong>naturam</strong></span> <span class='ocrx_word' id='word_1_403' title='bbox 2984 2148 3008 2202; x_wconf 82' lang='lat'><strong>?</strong></span> <span class='ocrx_word' id='word_1_404' title='bbox 3031 2149 3093 2204; x_wconf 90' lang='lat' dir='ltr'><strong>Ei</strong></span> <span class='ocrx_word' id='word_1_405' title='bbox 3136 2148 3340 2219; x_wconf 89' lang='lat' dir='ltr'><strong>quippe</strong></span> <span class='ocrx_word' id='word_1_406' title='bbox 3371 2145 3517 2202; x_wconf 82' lang='lat' dir='ltr'><strong>Deus</strong></span> <span class='ocrx_word' id='word_1_407' title='bbox 3543 2159 3608 2199; x_wconf 94' lang='lat' dir='ltr'><strong>ac</strong></span> 
     </span>
    </p>
   </div>
   <div class='ocr_carea' id='block_1_51' title="bbox 2029 2237 3610 2305">
    <p class='ocr_par' dir='ltr' id='par_1_51' title="bbox 2029 2237 3610 2305">
     <span class='ocr_line' id='line_1_51' title="bbox 2029 2237 3610 2305; baseline -0.004 -7"><span class='ocrx_word' id='word_1_408' title='bbox 2029 2242 2193 2299; x_wconf 87' lang='lat' dir='ltr'><strong>Pater</strong></span> <span class='ocrx_word' id='word_1_409' title='bbox 2229 2257 2329 2297; x_wconf 89' lang='lat' dir='ltr'><strong>ceu</strong></span> <span class='ocrx_word' id='word_1_410' title='bbox 2365 2257 2476 2299; x_wconf 91' lang='lat' dir='ltr'><strong>non</strong></span> <span class='ocrx_word' id='word_1_411' title='bbox 2515 2241 2742 2297; x_wconf 89' lang='lat' dir='ltr'><strong>habenti</strong></span> <span class='ocrx_word' id='word_1_412' title='bbox 2772 2256 2935 2295; x_wconf 89' lang='lat' dir='ltr'><strong>suum</strong></span> <span class='ocrx_word' id='word_1_413' title='bbox 2970 2239 3065 2295; x_wconf 89' lang='lat' dir='ltr'><strong>dat</strong></span> <span class='ocrx_word' id='word_1_414' title='bbox 3111 2238 3336 2295; x_wconf 85' lang='lat' dir='ltr'><strong>Filium.</strong></span> <span class='ocrx_word' id='word_1_415' title='bbox 3370 2238 3489 2305; x_wconf 93' lang='lat' dir='ltr'><strong>Quo</strong></span> <span class='ocrx_word' id='word_1_416' title='bbox 3532 2237 3610 2292; x_wconf 88' lang='lat' dir='ltr'><strong>ita</strong></span> 
     </span>
    </p>
   </div>
   <div class='ocr_carea' id='block_1_52' title="bbox 2031 2329 3607 2406">
    <p class='ocr_par' dir='ltr' id='par_1_52' title="bbox 2031 2329 3607 2406">
     <span class='ocr_line' id='line_1_52' title="bbox 2031 2329 3607 2406; baseline -0.008 -13"><span class='ocrx_word' id='word_1_417' title='bbox 2031 2343 2310 2406; x_wconf 88' lang='lat' dir='ltr'><strong>suscepto,</strong></span> <span class='ocrx_word' id='word_1_418' title='bbox 2352 2333 2474 2405; x_wconf 90' lang='lat' dir='ltr'><strong>ipso</strong></span> <span class='ocrx_word' id='word_1_419' title='bbox 2511 2331 2660 2387; x_wconf 84' lang='lat' dir='ltr'><strong>i‘aeto</strong></span> <span class='ocrx_word' id='word_1_420' title='bbox 2699 2329 2964 2402; x_wconf 72' lang='lat' dir='ltr'><strong>praedicat</strong></span> <span class='ocrx_word' id='word_1_421' title='bbox 2998 2339 3053 2386; x_wconf 92' lang='lat' dir='ltr'><strong>et</strong></span> <span class='ocrx_word' id='word_1_422' title='bbox 3104 2345 3219 2387; x_wconf 68' lang='lat' dir='ltr'><strong>suae</strong></span> <span class='ocrx_word' id='word_1_423' title='bbox 3252 2338 3467 2384; x_wconf 71' lang='lat' dir='ltr'><strong>naturae</strong></span> <span class='ocrx_word' id='word_1_424' title='bbox 3506 2341 3607 2398; x_wconf 87' lang='lat' dir='ltr'><strong>pe-</strong></span> 
     </span>
    </p>
   </div>
   <div class='ocr_carea' id='block_1_53' title="bbox 2030 2419 3606 2493">
    <p class='ocr_par' dir='ltr' id='par_1_53' title="bbox 2030 2419 3606 2493">
     <span class='ocr_line' id='line_1_53' title="bbox 2030 2419 3606 2493; baseline -0.006 -12"><span class='ocrx_word' id='word_1_425' title='bbox 2030 2426 2280 2491; x_wconf 89' lang='lat' dir='ltr'><strong>nuriam,</strong></span> <span class='ocrx_word' id='word_1_426' title='bbox 2333 2433 2388 2481; x_wconf 91' lang='lat' dir='ltr'><strong>et</strong></span> <span class='ocrx_word' id='word_1_427' title='bbox 2449 2422 2819 2480; x_wconf 87' lang='lat' dir='ltr'><strong>illuminantis</strong></span> <span class='ocrx_word' id='word_1_428' title='bbox 2887 2421 3053 2479; x_wconf 73' lang='lat' dir='ltr'><strong>Verbi</strong></span> <span class='ocrx_word' id='word_1_429' title='bbox 3111 2419 3606 2493; x_wconf 71' lang='lat' dir='ltr'><strong>locupletissimum</strong></span> 
     </span>
    </p>
   </div>
   <div class='ocr_carea' id='block_1_54' title="bbox 2030 2517 2376 2589">
    <p class='ocr_par' dir='ltr' id='par_1_54' title="bbox 2030 2517 2376 2589">
     <span class='ocr_line' id='line_1_54' title="bbox 2030 2517 2376 2589; baseline -0.006 -15"><span class='ocrx_word' id='word_1_430' title='bbox 2030 2517 2376 2589; x_wconf 71' lang='lat' dir='ltr'><strong>dignitatem.</strong></span> 
     </span>
    </p>
   </div>
   <div class='ocr_carea' id='block_1_55' title="bbox 2098 2598 3610 2674">
    <p class='ocr_par' dir='ltr' id='par_1_55' title="bbox 2098 2598 3610 2674">
     <span class='ocr_line' id='line_1_55' title="bbox 2098 2598 3610 2674; baseline -0.007 -11"><span class='ocrx_word' id='word_1_431' title='bbox 2098 2606 2332 2664; x_wconf 80' lang='lat' dir='ltr'><strong>ALIUD.</strong></span> <span class='ocrx_word' id='word_1_432' title='bbox 2366 2626 2385 2659; x_wconf 84' lang='grc' dir='ltr'><strong>ι</strong></span> <span class='ocrx_word' id='word_1_433' title='bbox 2427 2605 2494 2661; x_wconf 80' lang='lat' dir='ltr'><strong>Et</strong></span> <span class='ocrx_word' id='word_1_434' title='bbox 2525 2621 2697 2674; x_wconf 88' lang='lat' dir='ltr'><strong>nunc,</strong></span> <span class='ocrx_word' id='word_1_435' title='bbox 2730 2605 2927 2660; x_wconf 85' lang='lat' dir='ltr'><strong>domus</strong></span> <span class='ocrx_word' id='word_1_436' title='bbox 2961 2601 3153 2666; x_wconf 79' lang='lat' dir='ltr'><strong>Iacob,</strong></span> <span class='ocrx_word' id='word_1_437' title='bbox 3177 2600 3381 2663; x_wconf 84' lang='lat' dir='ltr'><strong>venite,</strong></span> <span class='ocrx_word' id='word_1_438' title='bbox 3414 2598 3610 2653; x_wconf 89' lang='lat' dir='ltr'><strong>ambu-</strong></span> 
     </span>
    </p>
   </div>
   <div class='ocr_carea' id='block_1_56' title="bbox 2031 2690 3611 2762">
    <p class='ocr_par' dir='ltr' id='par_1_56' title="bbox 2031 2690 3611 2762">
     <span class='ocr_line' id='line_1_56' title="bbox 2031 2690 3611 2762; baseline -0.007 -7"><span class='ocrx_word' id='word_1_439' title='bbox 2031 2701 2205 2757; x_wconf 90' lang='lat' dir='ltr'><strong>lemus</strong></span> <span class='ocrx_word' id='word_1_440' title='bbox 2229 2700 2288 2755; x_wconf 89' lang='lat' dir='ltr'><strong>in</strong></span> <span class='ocrx_word' id='word_1_441' title='bbox 2305 2699 2428 2754; x_wconf 89' lang='lat' dir='ltr'><strong>luce</strong></span> <span class='ocrx_word' id='word_1_442' title='bbox 2452 2697 2747 2753; x_wconf 76' lang='lat' dir='ltr'><strong>Domini”.</strong></span> <span class='ocrx_word' id='word_1_443' title='bbox 2774 2715 2792 2748; x_wconf 77' lang='grc' dir='ltr'><strong>ι</strong></span> <span class='ocrx_word' id='word_1_444' title='bbox 2810 2693 3016 2762; x_wconf 80' lang='lat' dir='ltr'><strong>Quidni</strong></span> <span class='ocrx_word' id='word_1_445' title='bbox 3039 2707 3140 2748; x_wconf 87' lang='lat' dir='ltr'><strong>sua</strong></span> <span class='ocrx_word' id='word_1_446' title='bbox 3164 2692 3287 2747; x_wconf 89' lang='lat' dir='ltr'><strong>luce</strong></span> <span class='ocrx_word' id='word_1_447' title='bbox 3312 2690 3367 2746; x_wconf 88' lang='lat' dir='ltr'><strong>hi</strong></span> <span class='ocrx_word' id='word_1_448' title='bbox 3391 2704 3611 2761; x_wconf 90' lang='lat' dir='ltr'><strong>quoque</strong></span> 
     </span>
    </p>
   </div>
   <div class='ocr_carea' id='block_1_57' title="bbox 2030 2783 3608 2857">
    <p class='ocr_par' dir='ltr' id='par_1_57' title="bbox 2030 2783 3608 2857">
     <span class='ocr_line' id='line_1_57' title="bbox 2030 2783 3608 2857; baseline -0.008 -10"><span class='ocrx_word' id='word_1_449' title='bbox 2030 2793 2333 2855; x_wconf 85' lang='lat' dir='ltr'><strong>ambulant,</strong></span> <span class='ocrx_word' id='word_1_450' title='bbox 2377 2790 2471 2847; x_wconf 89' lang='lat' dir='ltr'><strong>sed</strong></span> <span class='ocrx_word' id='word_1_451' title='bbox 2510 2806 2606 2846; x_wconf 92' lang='lat' dir='ltr'><strong>eos</strong></span> <span class='ocrx_word' id='word_1_452' title='bbox 2652 2790 2892 2844; x_wconf 83' lang='lat' dir='ltr'><strong>illustrat</strong></span> <span class='ocrx_word' id='word_1_453' title='bbox 2921 2786 3268 2857; x_wconf 81' lang='lat' dir='ltr'><strong>Uuigenitus,</strong></span> <span class='ocrx_word' id='word_1_454' title='bbox 3322 2783 3608 2854; x_wconf 84' lang='lat' dir='ltr'><strong>proprium</strong></span> 
     </span>
    </p>
   </div>
   <div class='ocr_carea' id='block_1_58' title="bbox 2029 2875 3611 2952">
    <p class='ocr_par' dir='ltr' id='par_1_58' title="bbox 2029 2875 3611 2952">
     <span class='ocr_line' id='line_1_58' title="bbox 2029 2875 3611 2952; baseline -0.009 -12"><span class='ocrx_word' id='word_1_455' title='bbox 2029 2885 2283 2940; x_wconf 65' lang='lat' dir='ltr'><strong>essentia!</strong></span> <span class='ocrx_word' id='word_1_456' title='bbox 2309 2900 2424 2939; x_wconf 71' lang='lat' dir='ltr'><strong>sua:</strong></span> <span class='ocrx_word' id='word_1_457' title='bbox 2448 2883 2650 2937; x_wconf 88' lang='lat' dir='ltr'><strong>bonum</strong></span> <span class='ocrx_word' id='word_1_458' title='bbox 2687 2881 2824 2952; x_wconf 88' lang='lat' dir='ltr'><strong>ipsis</strong></span> <span class='ocrx_word' id='word_1_459' title='bbox 2857 2876 3154 2934; x_wconf 81' lang='lat' dir='ltr'><strong>inserens?</strong></span> <span class='ocrx_word' id='word_1_460' title='bbox 3185 2878 3255 2929; x_wconf 85' lang='lat' dir='ltr'><strong>At</strong></span> <span class='ocrx_word' id='word_1_461' title='bbox 3288 2875 3611 2944; x_wconf 87' lang='lat' dir='ltr'><strong>quicunque</strong></span> 
     </span>
    </p>
   </div>
   <div class='ocr_carea' id='block_1_59' title="bbox 2032 2964 3610 3041">
    <p class='ocr_par' dir='ltr' id='par_1_59' title="bbox 2032 2964 3610 3041">
     <span class='ocr_line' id='line_1_59' title="bbox 2032 2964 3610 3041; baseline -0.01 -7"><span class='ocrx_word' id='word_1_462' title='bbox 2032 2993 2133 3034; x_wconf 88' lang='lat' dir='ltr'><strong>suo</strong></span> <span class='ocrx_word' id='word_1_463' title='bbox 2157 2976 2475 3041; x_wconf 77' lang='lat' dir='ltr'><strong>conﬁdunt,</strong></span> <span class='ocrx_word' id='word_1_464' title='bbox 2506 2974 2747 3029; x_wconf 90' lang='lat' dir='ltr'><strong>alienum</strong></span> <span class='ocrx_word' id='word_1_465' title='bbox 2791 2986 2903 3026; x_wconf 90' lang='lat' dir='ltr'><strong>non</strong></span> <span class='ocrx_word' id='word_1_466' title='bbox 2938 2968 3260 3041; x_wconf 74' lang='lat' dir='ltr'><strong>quaeritant.</strong></span> <span class='ocrx_word' id='word_1_467' title='bbox 3291 2964 3446 3024; x_wconf 91' lang='lat' dir='ltr'><strong>Istud</strong></span> <span class='ocrx_word' id='word_1_468' title='bbox 3472 2979 3610 3036; x_wconf 81' lang='lat' dir='ltr'><strong>ergo</strong></span> 
     </span>
    </p>
   </div>
   <div class='ocr_carea' id='block_1_60' title="bbox 304 3049 1927 3152">
    <p class='ocr_par' dir='ltr' id='par_1_60' title="bbox 304 3049 1927 3130">
     <span class='ocr_line' id='line_1_60' title="bbox 304 3049 1927 3130; baseline 0.011 -33"><span class='ocrx_word' id='word_1_469' title='bbox 304 3088 317 3097; x_wconf 74' lang='lat'><strong>.</strong></span> <span class='ocrx_word' id='word_1_470' title='bbox 344 3049 579 3122; x_wconf 77' lang='grc' dir='ltr'>λάτριον.</span> <span class='ocrx_word' id='word_1_471' title='bbox 634 3052 725 3116; x_wconf 82' lang='grc' dir='ltr'>Ὠς</span> <span class='ocrx_word' id='word_1_472' title='bbox 763 3052 866 3107; x_wconf 80' lang='grc' dir='ltr'>οὐκ</span> <span class='ocrx_word' id='word_1_473' title='bbox 914 3052 1129 3126; x_wconf 73' lang='grc' dir='ltr'>ἔχοντες</span> <span class='ocrx_word' id='word_1_474' title='bbox 1177 3056 1306 3127; x_wconf 78' lang='grc' dir='ltr'>ἄρα,</span> <span class='ocrx_word' id='word_1_475' title='bbox 1347 3056 1504 3112; x_wconf 79' lang='grc' dir='ltr'>τοῦτο</span> <span class='ocrx_word' id='word_1_476' title='bbox 1558 3061 1730 3113; x_wconf 84' lang='grc' dir='ltr'>ποιεῖν</span> <span class='ocrx_word' id='word_1_477' title='bbox 1762 3060 1927 3130; x_wconf 72' lang='grc' dir='ltr'>ἐγνῶ-</span> 
     </span>
    </p>
   </div>
   <div class='ocr_carea' id='block_1_61' title="bbox 2030 3049 2929 3152">
    <p class='ocr_par' dir='ltr' id='par_1_61' title="bbox 2034 3064 2929 3141">
     <span class='ocr_line' id='line_1_61' title="bbox 2034 3064 2929 3141; baseline -0.009 -18"><span class='ocrx_word' id='word_1_478' title='bbox 2034 3068 2273 3135; x_wconf 80' lang='lat' dir='ltr'><strong>laciunt,</strong></span> <span class='ocrx_word' id='word_1_479' title='bbox 2307 3067 2465 3139; x_wconf 86' lang='lat' dir='ltr'><strong>quasi</strong></span> <span class='ocrx_word' id='word_1_480' title='bbox 2488 3080 2599 3141; x_wconf 86' lang='lat' dir='ltr'><strong>non</strong></span> <span class='ocrx_word' id='word_1_481' title='bbox 2631 3064 2929 3119; x_wconf 87' lang='lat' dir='ltr'><strong>habentes.</strong></span> 
     </span>
    </p>
   </div>
   <div class='ocr_carea' id='block_1_62' title="bbox 341 3159 529 3198">
    <p class='ocr_par' dir='ltr' id='par_1_62' title="bbox 341 3159 529 3198">
     <span class='ocr_line' id='line_1_62' title="bbox 341 3159 529 3198; baseline 0.016 -2"><span class='ocrx_word' id='word_1_482' title='bbox 341 3159 529 3198; x_wconf 84' lang='grc' dir='ltr'>κασιν.</span> 
     </span>
    </p>
   </div>
   <div class='ocr_carea' id='block_1_63' title="bbox 414 3232 1922 3313">
    <p class='ocr_par' dir='ltr' id='par_1_63' title="bbox 414 3232 1922 3313">
     <span class='ocr_line' id='line_1_63' title="bbox 414 3232 1922 3313; baseline 0.007 -28"><span class='ocrx_word' id='word_1_483' title='bbox 414 3232 620 3287; x_wconf 77' lang='lat' dir='ltr'><strong>AAAO.</strong></span> <span class='ocrx_word' id='word_1_484' title='bbox 659 3233 719 3287; x_wconf 86' lang='grc' dir='ltr'>Ὀ</span> <span class='ocrx_word' id='word_1_485' title='bbox 740 3235 960 3307; x_wconf 85' lang='grc' dir='ltr'>Σωτήρ·</span> <span class='ocrx_word' id='word_1_486' title='bbox 992 3254 1010 3289; x_wconf 79' lang='grc' dir='ltr'><strong>ι</strong></span> <span class='ocrx_word' id='word_1_487' title='bbox 1032 3235 1174 3307; x_wconf 82' lang='grc' dir='ltr'><strong>Ἐγώ</strong></span> <span class='ocrx_word' id='word_1_488' title='bbox 1194 3240 1309 3310; x_wconf 86' lang='grc' dir='ltr'>είμι</span> <span class='ocrx_word' id='word_1_489' title='bbox 1326 3238 1387 3293; x_wconf 84' lang='grc' dir='ltr'>τὸ</span> <span class='ocrx_word' id='word_1_490' title='bbox 1412 3238 1527 3309; x_wconf 80' lang='grc' dir='ltr'><strong>φῶς</strong></span> <span class='ocrx_word' id='word_1_491' title='bbox 1545 3239 1638 3293; x_wconf 81' lang='grc' dir='ltr'><strong>τοῦ</strong></span> <span class='ocrx_word' id='word_1_492' title='bbox 1663 3241 1888 3313; x_wconf 86' lang='grc' dir='ltr'>κόσμου,</span> <span class='ocrx_word' id='word_1_493' title='bbox 1903 3262 1922 3296; x_wconf 73' lang='grc' dir='ltr'><strong>ι</strong></span> 
     </span>
    </p>
   </div>
   <div class='ocr_carea' id='block_1_64' title="bbox 339 3321 1925 3405">
    <p class='ocr_par' dir='ltr' id='par_1_64' title="bbox 339 3321 1925 3405">
     <span class='ocr_line' id='line_1_64' title="bbox 339 3321 1925 3405; baseline 0.008 -32"><span class='ocrx_word' id='word_1_494' title='bbox 339 3321 514 3391; x_wconf 75' lang='grc' dir='ltr'>φησίν</span> <span class='ocrx_word' id='word_1_495' title='bbox 533 3340 547 3354; x_wconf 91' lang='grc'><strong>·</strong></span> <span class='ocrx_word' id='word_1_496' title='bbox 582 3341 603 3374; x_wconf 80' lang='grc' dir='ltr'><strong>ι</strong></span> <span class='ocrx_word' id='word_1_497' title='bbox 641 3324 669 3376; x_wconf 87' lang='grc' dir='ltr'><strong>ό</strong></span> <span class='ocrx_word' id='word_1_498' title='bbox 690 3324 997 3379; x_wconf 83' lang='grc' dir='ltr'>ἀκολουθῶν</span> <span class='ocrx_word' id='word_1_499' title='bbox 1032 3328 1176 3397; x_wconf 66' lang='grc' dir='ltr'>ἐμοὶ,</span> <span class='ocrx_word' id='word_1_500' title='bbox 1207 3328 1268 3382; x_wconf 86' lang='grc' dir='ltr'>οὐ</span> <span class='ocrx_word' id='word_1_501' title='bbox 1303 3328 1378 3399; x_wconf 87' lang='grc' dir='ltr'>μὴ</span> <span class='ocrx_word' id='word_1_502' title='bbox 1402 3331 1751 3405; x_wconf 80' lang='grc' dir='ltr'>περιπατήσῃ</span> <span class='ocrx_word' id='word_1_503' title='bbox 1775 3334 1832 3387; x_wconf 86' lang='grc' dir='ltr'>ὲν</span> <span class='ocrx_word' id='word_1_504' title='bbox 1857 3335 1925 3404; x_wconf 80' lang='grc' dir='ltr'>τῇ</span> 
     </span>
    </p>
   </div>
   <div class='ocr_carea' id='block_1_65' title="bbox 339 3414 1930 3495">
    <p class='ocr_par' dir='ltr' id='par_1_65' title="bbox 339 3414 1930 3495">
     <span class='ocr_line' id='line_1_65' title="bbox 339 3414 1930 3495; baseline 0.008 -29"><span class='ocrx_word' id='word_1_505' title='bbox 339 3414 560 3485; x_wconf 80' lang='grc' dir='ltr'>σκοτίᾳ,</span> <span class='ocrx_word' id='word_1_506' title='bbox 591 3415 706 3469; x_wconf 77' lang='grc' dir='ltr'>ἀλλ’</span> <span class='ocrx_word' id='word_1_507' title='bbox 732 3417 843 3481; x_wconf 73' lang='grc' dir='ltr'>ἕξει</span> <span class='ocrx_word' id='word_1_508' title='bbox 885 3417 946 3471; x_wconf 80' lang='grc' dir='ltr'>τὸ</span> <span class='ocrx_word' id='word_1_509' title='bbox 988 3417 1105 3488; x_wconf 82' lang='grc' dir='ltr'><strong>φῶς</strong></span> <span class='ocrx_word' id='word_1_510' title='bbox 1139 3420 1242 3490; x_wconf 83' lang='grc' dir='ltr'>τῆς</span> <span class='ocrx_word' id='word_1_511' title='bbox 1285 3419 1451 3491; x_wconf 84' lang='grc' dir='ltr'>ζωῆς.</span> <span class='ocrx_word' id='word_1_512' title='bbox 1483 3440 1502 3474; x_wconf 74' lang='grc' dir='ltr'><strong>ι</strong></span> <span class='ocrx_word' id='word_1_513' title='bbox 1546 3422 1930 3495; x_wconf 77' lang='grc' dir='ltr'>Ἄποτολμάτω</span> 
     </span>
    </p>
   </div>
   <div class='ocr_carea' id='block_1_66' title="bbox 337 3504 1926 3586">
    <p class='ocr_par' dir='ltr' id='par_1_66' title="bbox 337 3504 1926 3586">
     <span class='ocr_line' id='line_1_66' title="bbox 337 3504 1926 3586; baseline 0.006 -29"><span class='ocrx_word' id='word_1_514' title='bbox 337 3504 441 3557; x_wconf 75' lang='grc' dir='ltr'>καὶ</span> <span class='ocrx_word' id='word_1_515' title='bbox 494 3506 528 3576; x_wconf 82' lang='grc' dir='ltr'>ὴ</span> <span class='ocrx_word' id='word_1_516' title='bbox 581 3505 760 3570; x_wconf 83' lang='grc' dir='ltr'>κτίσις</span> <span class='ocrx_word' id='word_1_517' title='bbox 805 3506 906 3577; x_wconf 84' lang='grc' dir='ltr'>τὴν</span> <span class='ocrx_word' id='word_1_518' title='bbox 953 3506 1208 3579; x_wconf 80' lang='grc' dir='ltr'>τοιαύτην</span> <span class='ocrx_word' id='word_1_519' title='bbox 1248 3508 1690 3580; x_wconf 75' lang='grc' dir='ltr'>ἀναφθέγξασθαι</span> <span class='ocrx_word' id='word_1_520' title='bbox 1724 3512 1926 3586; x_wconf 84' lang='grc' dir='ltr'>φωνὴν,</span> 
     </span>
    </p>
   </div>
   <div class='ocr_carea' id='block_1_67' title="bbox 2102 3230 3609 3311">
    <p class='ocr_par' dir='ltr' id='par_1_67' title="bbox 2102 3230 3609 3311">
     <span class='ocr_line' id='line_1_67' title="bbox 2102 3230 3609 3311; baseline -0.009 -11"><span class='ocrx_word' id='word_1_521' title='bbox 2102 3243 2328 3300; x_wconf 83' lang='lat' dir='ltr'><strong>ALIUD.</strong></span> <span class='ocrx_word' id='word_1_522' title='bbox 2377 3241 2646 3305; x_wconf 85' lang='lat' dir='ltr'><strong>Salvator,</strong></span> <span class='ocrx_word' id='word_1_523' title='bbox 2682 3259 2702 3293; x_wconf 81' lang='grc' dir='ltr'><strong>ι</strong></span> <span class='ocrx_word' id='word_1_524' title='bbox 2735 3238 2847 3311; x_wconf 81' lang='lat' dir='ltr'><strong>Ego</strong></span> <span class='ocrx_word' id='word_1_525' title='bbox 2896 3254 3018 3295; x_wconf 91' lang='lat' dir='ltr'><strong>sum</strong></span> <span class='ocrx_word' id='word_1_526' title='bbox 3057 3238 3151 3293; x_wconf 81' lang='lat' dir='ltr'><strong>lux</strong></span> <span class='ocrx_word' id='word_1_527' title='bbox 3202 3233 3415 3296; x_wconf 87' lang='lat' dir='ltr'><strong>mundi,</strong></span> <span class='ocrx_word' id='word_1_528' title='bbox 3454 3251 3473 3283; x_wconf 75' lang='grc' dir='ltr'><strong>ι</strong></span> <span class='ocrx_word' id='word_1_529' title='bbox 3524 3230 3609 3287; x_wconf 86' lang='lat' dir='ltr'><strong>In-</strong></span> 
     </span>
    </p>
   </div>
   <div class='ocr_carea' id='block_1_68' title="bbox 2029 3326 3608 3409">
    <p class='ocr_par' dir='ltr' id='par_1_68' title="bbox 2029 3326 3608 3409">
     <span class='ocr_line' id='line_1_68' title="bbox 2029 3326 3608 3409; baseline -0.009 -16"><span class='ocrx_word' id='word_1_530' title='bbox 2029 3338 2186 3409; x_wconf 88' lang='lat' dir='ltr'><strong>quit;</strong></span> <span class='ocrx_word' id='word_1_531' title='bbox 2214 3356 2233 3388; x_wconf 76' lang='grc' dir='ltr'><strong>ι</strong></span> <span class='ocrx_word' id='word_1_532' title='bbox 2260 3337 2355 3407; x_wconf 87' lang='lat' dir='ltr'><strong>qui</strong></span> <span class='ocrx_word' id='word_1_533' title='bbox 2396 3336 2645 3405; x_wconf 89' lang='lat' dir='ltr'><strong>sequitur</strong></span> <span class='ocrx_word' id='word_1_534' title='bbox 2717 3349 2823 3400; x_wconf 91' lang='lat' dir='ltr'><strong>me,</strong></span> <span class='ocrx_word' id='word_1_535' title='bbox 2850 3347 2974 3391; x_wconf 81' lang='lat' dir='ltr'><strong>,non</strong></span> <span class='ocrx_word' id='word_1_536' title='bbox 3024 3327 3327 3384; x_wconf 83' lang='lat' dir='ltr'><strong>ambulabit</strong></span> <span class='ocrx_word' id='word_1_537' title='bbox 3363 3326 3418 3379; x_wconf 92' lang='lat' dir='ltr'><strong>in</strong></span> <span class='ocrx_word' id='word_1_538' title='bbox 3451 3333 3608 3379; x_wconf 86' lang='lat' dir='ltr'><strong>tene-</strong></span> 
     </span>
    </p>
   </div>
   <div class='ocr_carea' id='block_1_69' title="bbox 2029 3415 3608 3493">
    <p class='ocr_par' dir='ltr' id='par_1_69' title="bbox 2029 3415 3608 3493">
     <span class='ocr_line' id='line_1_69' title="bbox 2029 3415 3608 3493; baseline -0.011 -9"><span class='ocrx_word' id='word_1_539' title='bbox 2029 3429 2166 3493; x_wconf 84' lang='lat' dir='ltr'><strong>bris,</strong></span> <span class='ocrx_word' id='word_1_540' title='bbox 2196 3427 2292 3483; x_wconf 86' lang='lat' dir='ltr'><strong>sed</strong></span> <span class='ocrx_word' id='word_1_541' title='bbox 2326 3425 2548 3481; x_wconf 85' lang='lat' dir='ltr'><strong>habebit</strong></span> <span class='ocrx_word' id='word_1_542' title='bbox 2572 3426 2757 3479; x_wconf 88' lang='lat' dir='ltr'><strong>lumen</strong></span> <span class='ocrx_word' id='word_1_543' title='bbox 2788 3423 2913 3477; x_wconf 60' lang='lat' dir='ltr'><strong>vitae</strong></span> <span class='ocrx_word' id='word_1_544' title='bbox 2929 3421 3032 3477; x_wconf 69' lang='lat' dir='ltr'><strong>“.r</strong></span> <span class='ocrx_word' id='word_1_545' title='bbox 3066 3415 3383 3474; x_wconf 90' lang='lat' dir='ltr'><strong>Istiusmodi</strong></span> <span class='ocrx_word' id='word_1_546' title='bbox 3420 3428 3608 3466; x_wconf 80' lang='lat' dir='ltr'><strong>vocem</strong></span> 
     </span>
    </p>
   </div>
   <div class='ocr_carea' id='block_1_70' title="bbox 2029 3512 3611 3583">
    <p class='ocr_par' dir='ltr' id='par_1_70' title="bbox 2029 3512 3611 3583">
     <span class='ocr_line' id='line_1_70' title="bbox 2029 3512 3611 3583; baseline -0.011 -8"><span class='ocrx_word' id='word_1_547' title='bbox 2029 3526 2282 3575; x_wconf 88' lang='lat' dir='ltr'><strong>creatura</strong></span> <span class='ocrx_word' id='word_1_548' title='bbox 2313 3516 2577 3572; x_wconf 85' lang='lat' dir='ltr'><strong>audacter</strong></span> <span class='ocrx_word' id='word_1_549' title='bbox 2604 3516 2836 3581; x_wconf 84' lang='lat' dir='ltr'><strong>emittat,</strong></span> <span class='ocrx_word' id='word_1_550' title='bbox 2874 3515 2919 3570; x_wconf 90' lang='lat' dir='ltr'><strong>si</strong></span> <span class='ocrx_word' id='word_1_551' title='bbox 2958 3523 3043 3569; x_wconf 87' lang='lat' dir='ltr'><strong>est</strong></span> <span class='ocrx_word' id='word_1_552' title='bbox 3073 3512 3191 3583; x_wconf 86' lang='lat' dir='ltr'><strong>ipsa</strong></span> <span class='ocrx_word' id='word_1_553' title='bbox 3222 3522 3446 3580; x_wconf 89' lang='lat' dir='ltr'><strong>quoque</strong></span> <span class='ocrx_word' id='word_1_554' title='bbox 3482 3520 3611 3558; x_wconf 86' lang='lat' dir='ltr'><strong>vera</strong></span> 
     </span>
    </p>
   </div>
   <div class='ocr_carea' id='block_1_71' title="bbox 337 3590 1927 3677">
    <p class='ocr_par' dir='ltr' id='par_1_71' title="bbox 337 3590 1927 3667">
     <span class='ocr_line' id='line_1_71' title="bbox 337 3590 1927 3667; baseline 0.011 -25"><span class='ocrx_word' id='word_1_555' title='bbox 337 3590 507 3662; x_wconf 76' lang='grc' dir='ltr'>εἰπερ</span> <span class='ocrx_word' id='word_1_556' title='bbox 534 3592 652 3645; x_wconf 77' lang='grc' dir='ltr'>ἐστὶ</span> <span class='ocrx_word' id='word_1_557' title='bbox 680 3595 774 3647; x_wconf 74' lang='grc' dir='ltr'>καὶ</span> <span class='ocrx_word' id='word_1_558' title='bbox 797 3595 935 3667; x_wconf 82' lang='grc' dir='ltr'>αὐτὴ</span> <span class='ocrx_word' id='word_1_559' title='bbox 967 3594 1109 3650; x_wconf 83' lang='grc' dir='ltr'>κατὰ</span> <span class='ocrx_word' id='word_1_560' title='bbox 1136 3596 1395 3667; x_wconf 85' lang='grc' dir='ltr'>ἀλήθειαν</span> <span class='ocrx_word' id='word_1_561' title='bbox 1422 3599 1538 3667; x_wconf 83' lang='grc' dir='ltr'><strong>φῶς</strong></span> <span class='ocrx_word' id='word_1_562' title='bbox 1561 3617 1576 3632; x_wconf 70' lang='grc' dir='ltr'><strong>ο</strong></span> <span class='ocrx_word' id='word_1_563' title='bbox 1623 3602 1672 3654; x_wconf 84' lang='grc' dir='ltr'><strong>εί</strong></span> <span class='ocrx_word' id='word_1_564' title='bbox 1706 3601 1763 3655; x_wconf 83' lang='grc' dir='ltr'>δὲ</span> <span class='ocrx_word' id='word_1_565' title='bbox 1789 3604 1927 3658; x_wconf 82' lang='grc' dir='ltr'>ἀπο-</span> 
     </span>
    </p>
   </div>
   <div class='ocr_carea' id='block_1_72' title="bbox 2030 3590 3611 3677">
    <p class='ocr_par' dir='ltr' id='par_1_72' title="bbox 2030 3596 3611 3677">
     <span class='ocr_line' id='line_1_72' title="bbox 2030 3596 3611 3677; baseline -0.011 -11"><span class='ocrx_word' id='word_1_566' title='bbox 2030 3611 2144 3668; x_wconf 75' lang='lat' dir='ltr'><strong>lux.</strong></span> <span class='ocrx_word' id='word_1_567' title='bbox 2177 3607 2273 3665; x_wconf 89' lang='lat' dir='ltr'><strong>Sin</strong></span> <span class='ocrx_word' id='word_1_568' title='bbox 2306 3616 2491 3665; x_wconf 89' lang='lat' dir='ltr'><strong>autem</strong></span> <span class='ocrx_word' id='word_1_569' title='bbox 2537 3607 2592 3663; x_wconf 93' lang='lat' dir='ltr'><strong>id</strong></span> <span class='ocrx_word' id='word_1_570' title='bbox 2627 3605 2875 3677; x_wconf 82' lang='lat' dir='ltr'><strong>proferre</strong></span> <span class='ocrx_word' id='word_1_571' title='bbox 2918 3606 3314 3666; x_wconf 76' lang='lat' dir='ltr'><strong>exhorrescat,</strong></span> <span class='ocrx_word' id='word_1_572' title='bbox 3367 3613 3454 3654; x_wconf 89' lang='lat' dir='ltr'><strong>res</strong></span> <span class='ocrx_word' id='word_1_573' title='bbox 3492 3596 3611 3667; x_wconf 86' lang='lat' dir='ltr'><strong>ipsa</strong></span> 
     </span>
    </p>
   </div>
   <div class='ocr_carea' id='block_1_73' title="bbox 338 3681 1924 3766">
    <p class='ocr_par' dir='ltr' id='par_1_73' title="bbox 338 3681 1924 3766">
     <span class='ocr_line' id='line_1_73' title="bbox 338 3681 1924 3766; baseline 0.009 -33"><span class='ocrx_word' id='word_1_574' title='bbox 338 3681 562 3753; x_wconf 81' lang='grc' dir='ltr'>φρίττει</span> <span class='ocrx_word' id='word_1_575' title='bbox 588 3683 652 3736; x_wconf 81' lang='grc' dir='ltr'>τὸ</span> <span class='ocrx_word' id='word_1_576' title='bbox 684 3684 857 3756; x_wconf 79' lang='grc' dir='ltr'>ῥῆμα,</span> <span class='ocrx_word' id='word_1_577' title='bbox 890 3688 983 3741; x_wconf 78' lang='grc' dir='ltr'>καὶ</span> <span class='ocrx_word' id='word_1_578' title='bbox 1016 3687 1078 3741; x_wconf 86' lang='grc' dir='ltr'>τὸ</span> <span class='ocrx_word' id='word_1_579' title='bbox 1110 3689 1342 3759; x_wconf 79' lang='grc' dir='ltr'>πρᾶγμα</span> <span class='ocrx_word' id='word_1_580' title='bbox 1372 3689 1662 3759; x_wconf 80' lang='grc' dir='ltr'>φθέγξεται</span> <span class='ocrx_word' id='word_1_581' title='bbox 1696 3692 1756 3746; x_wconf 82' lang='grc' dir='ltr'>τὸ</span> <span class='ocrx_word' id='word_1_582' title='bbox 1795 3694 1924 3766; x_wconf 80' lang='grc' dir='ltr'>ἀλη-</span> 
     </span>
    </p>
   </div>
   <div class='ocr_carea' id='block_1_74' title="bbox 339 3772 1685 3849">
    <p class='ocr_par' dir='ltr' id='par_1_74' title="bbox 339 3772 1685 3849">
     <span class='ocr_line' id='line_1_74' title="bbox 339 3772 1685 3849; baseline 0.007 -22"><span class='ocrx_word' id='word_1_583' title='bbox 339 3772 490 3827; x_wconf 76' lang='grc' dir='ltr'>θινὸν</span> <span class='ocrx_word' id='word_1_584' title='bbox 518 3773 897 3846; x_wconf 85' lang='grc' dir='ltr'>ὁμολογήσασα</span> <span class='ocrx_word' id='word_1_585' title='bbox 910 3776 1046 3847; x_wconf 80' lang='grc' dir='ltr'>φῶς,</span> <span class='ocrx_word' id='word_1_586' title='bbox 1077 3778 1219 3834; x_wconf 85' lang='grc' dir='ltr'>τοῦτ’</span> <span class='ocrx_word' id='word_1_587' title='bbox 1249 3780 1387 3849; x_wconf 78' lang='grc' dir='ltr'>ἐστι,</span> <span class='ocrx_word' id='word_1_588' title='bbox 1415 3782 1507 3836; x_wconf 86' lang='grc' dir='ltr'>τὸν</span> <span class='ocrx_word' id='word_1_589' title='bbox 1538 3783 1685 3838; x_wconf 82' lang='grc' dir='ltr'>Υίόν.</span> 
     </span>
    </p>
   </div>
   <div class='ocr_carea' id='block_1_75' title="bbox 412 3864 1932 3947">
    <p class='ocr_par' dir='ltr' id='par_1_75' title="bbox 412 3864 1932 3947">
     <span class='ocr_line' id='line_1_75' title="bbox 412 3864 1932 3947; baseline 0.01 -30"><span class='ocrx_word' id='word_1_590' title='bbox 412 3864 622 3921; x_wconf 82' lang='grc' dir='ltr'><strong>ΔΛΛΟ.</strong></span> <span class='ocrx_word' id='word_1_591' title='bbox 669 3884 689 3918; x_wconf 78' lang='grc' dir='ltr'><strong>ι</strong></span> <span class='ocrx_word' id='word_1_592' title='bbox 723 3867 781 3921; x_wconf 89' lang='lat'><strong>&#39;0</strong></span> <span class='ocrx_word' id='word_1_593' title='bbox 816 3867 1052 3938; x_wconf 85' lang='grc' dir='ltr'>Κύριος,</span> <span class='ocrx_word' id='word_1_594' title='bbox 1098 3888 1118 3921; x_wconf 83' lang='grc' dir='ltr'><strong>ι</strong></span> <span class='ocrx_word' id='word_1_595' title='bbox 1145 3871 1290 3935; x_wconf 88' lang='grc' dir='ltr'><strong>Ἕως</strong></span> <span class='ocrx_word' id='word_1_596' title='bbox 1328 3872 1390 3926; x_wconf 84' lang='grc' dir='ltr'>τὸ</span> <span class='ocrx_word' id='word_1_597' title='bbox 1434 3874 1551 3944; x_wconf 82' lang='grc' dir='ltr'><strong>φῶς</strong></span> <span class='ocrx_word' id='word_1_598' title='bbox 1600 3874 1784 3947; x_wconf 82' lang='grc' dir='ltr'>ἔχετε,</span> <span class='ocrx_word' id='word_1_599' title='bbox 1838 3895 1932 3931; x_wconf 88' lang='grc' dir='ltr'>πι-</span> 
     </span>
    </p>
   </div>
   <div class='ocr_carea' id='block_1_76' title="bbox 344 3954 1927 4043">
    <p class='ocr_par' dir='ltr' id='par_1_76' title="bbox 344 3954 1927 4043">
     <span class='ocr_line' id='line_1_76' title="bbox 344 3954 1927 4043; baseline 0.01 -35"><span class='ocrx_word' id='word_1_600' title='bbox 344 3954 571 4041; x_wconf 81' lang='grc' dir='ltr'>στεύετε</span> <span class='ocrx_word' id='word_1_601' title='bbox 599 3959 681 4022; x_wconf 90' lang='grc' dir='ltr'><strong>είς</strong></span> <span class='ocrx_word' id='word_1_602' title='bbox 704 3958 765 4012; x_wconf 86' lang='grc' dir='ltr'><strong>τὸ</strong></span> <span class='ocrx_word' id='word_1_603' title='bbox 794 3959 930 4027; x_wconf 87' lang='grc' dir='ltr'>φῶς,</span> <span class='ocrx_word' id='word_1_604' title='bbox 961 3961 1047 4015; x_wconf 74' lang='grc' dir='ltr'><strong>ἵνα</strong></span> <span class='ocrx_word' id='word_1_605' title='bbox 1073 3962 1181 4016; x_wconf 75' lang='grc' dir='ltr'>υἱοὶ</span> <span class='ocrx_word' id='word_1_606' title='bbox 1212 3964 1388 4033; x_wconf 82' lang='grc' dir='ltr'>φωτὸς</span> <span class='ocrx_word' id='word_1_607' title='bbox 1416 3966 1669 4038; x_wconf 79' lang='grc' dir='ltr'>γένησθε,</span> <span class='ocrx_word' id='word_1_608' title='bbox 1692 3987 1711 4021; x_wconf 74' lang='grc' dir='ltr'><strong>ι</strong></span> <span class='ocrx_word' id='word_1_609' title='bbox 1741 3968 1927 4043; x_wconf 81' lang='grc' dir='ltr'>φησίν.</span> 
     </span>
    </p>
   </div>
   <div class='ocr_carea' id='block_1_77' title="bbox 347 4046 1928 4131">
    <p class='ocr_par' dir='ltr' id='par_1_77' title="bbox 347 4046 1928 4131">
     <span class='ocr_line' id='line_1_77' title="bbox 347 4046 1928 4131; baseline 0.028 -49"><span class='ocrx_word' id='word_1_610' title='bbox 347 4046 499 4118; x_wconf 62' lang='grc' dir='ltr'><strong>Ἄρα</strong></span> <span class='ocrx_word' id='word_1_611' title='bbox 526 4047 637 4120; x_wconf 72' lang='grc' dir='ltr'>γάρ</span> <span class='ocrx_word' id='word_1_612' title='bbox 665 4049 889 4120; x_wconf 68' lang='grc' dir='ltr'>ἔμελλον</span> <span class='ocrx_word' id='word_1_613' title='bbox 928 4052 988 4105; x_wconf 84' lang='grc' dir='ltr'><strong>ού</strong></span> <span class='ocrx_word' id='word_1_614' title='bbox 1018 4053 1368 4119; x_wconf 86' lang='grc' dir='ltr'>πιστεύοντες</span> <span class='ocrx_word' id='word_1_615' title='bbox 1396 4057 1655 4113; x_wconf 80' lang='grc' dir='ltr'>ἀπολέσαι</span> <span class='ocrx_word' id='word_1_616' title='bbox 1697 4060 1758 4115; x_wconf 83' lang='grc' dir='ltr'>τὸ</span> <span class='ocrx_word' id='word_1_617' title='bbox 1790 4061 1928 4131; x_wconf 73' lang='grc' dir='ltr'>φῶς,</span> 
     </span>
    </p>
   </div>
   <div class='ocr_carea' id='block_1_78' title="bbox 348 4140 1931 4224">
    <p class='ocr_par' dir='ltr' id='par_1_78' title="bbox 348 4140 1931 4224">
     <span class='ocr_line' id='line_1_78' title="bbox 348 4140 1931 4224; baseline 0.01 -33"><span class='ocrx_word' id='word_1_618' title='bbox 348 4140 405 4191; x_wconf 80' lang='grc' dir='ltr'>οἱ</span> <span class='ocrx_word' id='word_1_619' title='bbox 427 4142 542 4209; x_wconf 69' lang='grc' dir='ltr'><strong>φῶς</strong></span> <span class='ocrx_word' id='word_1_620' title='bbox 561 4140 704 4195; x_wconf 77' lang='grc' dir='ltr'>κατὰ</span> <span class='ocrx_word' id='word_1_621' title='bbox 731 4142 894 4212; x_wconf 82' lang='grc' dir='ltr'>φύσιν</span> <span class='ocrx_word' id='word_1_622' title='bbox 918 4143 1277 4217; x_wconf 77' lang='grc' dir='ltr'>ὑπάρχοντεςο</span> <span class='ocrx_word' id='word_1_623' title='bbox 1311 4149 1469 4222; x_wconf 77' lang='grc' dir='ltr'>εἴπερ</span> <span class='ocrx_word' id='word_1_624' title='bbox 1495 4150 1633 4215; x_wconf 81' lang='grc' dir='ltr'>ὅλως</span> <span class='ocrx_word' id='word_1_625' title='bbox 1658 4152 1931 4224; x_wconf 77' lang='grc' dir='ltr'>ἐνδέχεται</span> 
     </span>
    </p>
   </div>
   <div class='ocr_carea' id='block_1_79' title="bbox 2029 3693 3181 3770">
    <p class='ocr_par' dir='ltr' id='par_1_79' title="bbox 2029 3693 3181 3770">
     <span class='ocr_line' id='line_1_79' title="bbox 2029 3693 3181 3770; baseline -0.007 -16"><span class='ocrx_word' id='word_1_626' title='bbox 2029 3699 2348 3770; x_wconf 65' lang='lat' dir='ltr'><strong>praedicabit</strong></span> <span class='ocrx_word' id='word_1_627' title='bbox 2378 3712 2565 3755; x_wconf 86' lang='lat' dir='ltr'><strong>veram</strong></span> <span class='ocrx_word' id='word_1_628' title='bbox 2596 3697 2775 3752; x_wconf 88' lang='lat' dir='ltr'><strong>lucem</strong></span> <span class='ocrx_word' id='word_1_629' title='bbox 2812 3710 2935 3752; x_wconf 90' lang='lat' dir='ltr'><strong>esse</strong></span> <span class='ocrx_word' id='word_1_630' title='bbox 2957 3693 3181 3749; x_wconf 85' lang='lat' dir='ltr'><strong>Filium.</strong></span> 
     </span>
    </p>
   </div>
   <div class='ocr_carea' id='block_1_80' title="bbox 2101 3861 3609 3932">
    <p class='ocr_par' dir='ltr' id='par_1_80' title="bbox 2101 3861 3609 3932">
     <span class='ocr_line' id='line_1_80' title="bbox 2101 3861 3609 3932; baseline -0.013 0"><span class='ocrx_word' id='word_1_631' title='bbox 2101 3876 2330 3932; x_wconf 87' lang='lat' dir='ltr'><strong>ALIUD.</strong></span> <span class='ocrx_word' id='word_1_632' title='bbox 2365 3895 2385 3929; x_wconf 75' lang='grc' dir='ltr'><strong>ι</strong></span> <span class='ocrx_word' id='word_1_633' title='bbox 2419 3876 2603 3932; x_wconf 91' lang='lat' dir='ltr'><strong>Donec</strong></span> <span class='ocrx_word' id='word_1_634' title='bbox 2626 3875 2806 3930; x_wconf 90' lang='lat' dir='ltr'><strong>lucem</strong></span> <span class='ocrx_word' id='word_1_635' title='bbox 2829 3871 3069 3932; x_wconf 89' lang='lat' dir='ltr'><strong>habetis,</strong></span> <span class='ocrx_word' id='word_1_636' title='bbox 3094 3866 3301 3922; x_wconf 89' lang='lat' dir='ltr'><strong>credite</strong></span> <span class='ocrx_word' id='word_1_637' title='bbox 3325 3863 3380 3918; x_wconf 93' lang='lat' dir='ltr'><strong>in</strong></span> <span class='ocrx_word' id='word_1_638' title='bbox 3404 3861 3609 3923; x_wconf 89' lang='lat' dir='ltr'><strong>lucem,</strong></span> 
     </span>
    </p>
   </div>
   <div class='ocr_carea' id='block_1_81' title="bbox 2036 3954 3611 4037">
    <p class='ocr_par' dir='ltr' id='par_1_81' title="bbox 2036 3954 3611 4037">
     <span class='ocr_line' id='line_1_81' title="bbox 2036 3954 3611 4037; baseline -0.015 -7"><span class='ocrx_word' id='word_1_639' title='bbox 2036 3981 2093 4030; x_wconf 82' lang='lat' dir='ltr'><strong>ut</strong></span> <span class='ocrx_word' id='word_1_640' title='bbox 2121 3972 2215 4029; x_wconf 88' lang='lat' dir='ltr'><strong>lilii</strong></span> <span class='ocrx_word' id='word_1_641' title='bbox 2232 3971 2374 4027; x_wconf 89' lang='lat' dir='ltr'><strong>lucis</strong></span> <span class='ocrx_word' id='word_1_642' title='bbox 2391 3971 2516 4026; x_wconf 84' lang='lat' dir='ltr'><strong>sitis</strong></span> <span class='ocrx_word' id='word_1_643' title='bbox 2542 3968 2685 4035; x_wconf 74' lang='lat'><strong>&#39;°°&#39;°,</strong></span> <span class='ocrx_word' id='word_1_644' title='bbox 2712 3987 2731 4021; x_wconf 74' lang='grc' dir='ltr'><strong>ι</strong></span> <span class='ocrx_word' id='word_1_645' title='bbox 2751 3966 2931 4037; x_wconf 90' lang='lat' dir='ltr'><strong>inquit</strong></span> <span class='ocrx_word' id='word_1_646' title='bbox 2965 3963 3255 4017; x_wconf 85' lang='lat' dir='ltr'><strong>Dominus.</strong></span> <span class='ocrx_word' id='word_1_647' title='bbox 3280 3959 3446 4015; x_wconf 87' lang='lat' dir='ltr'><strong>Certe</strong></span> <span class='ocrx_word' id='word_1_648' title='bbox 3465 3954 3611 4011; x_wconf 90' lang='lat' dir='ltr'><strong>enim</strong></span> 
     </span>
    </p>
   </div>
   <div class='ocr_carea' id='block_1_82' title="bbox 2031 4043 3609 4121">
    <p class='ocr_par' dir='ltr' id='par_1_82' title="bbox 2031 4043 3609 4121">
     <span class='ocr_line' id='line_1_82' title="bbox 2031 4043 3609 4121; baseline -0.016 -2"><span class='ocrx_word' id='word_1_649' title='bbox 2031 4064 2210 4119; x_wconf 88' lang='lat' dir='ltr'><strong>lucem</strong></span> <span class='ocrx_word' id='word_1_650' title='bbox 2251 4059 2510 4115; x_wconf 90' lang='lat' dir='ltr'><strong>amissuri</strong></span> <span class='ocrx_word' id='word_1_651' title='bbox 2547 4063 2730 4121; x_wconf 88' lang='lat' dir='ltr'><strong>erant,</strong></span> <span class='ocrx_word' id='word_1_652' title='bbox 2775 4055 2821 4110; x_wconf 91' lang='lat' dir='ltr'><strong>si</strong></span> <span class='ocrx_word' id='word_1_653' title='bbox 2870 4068 2979 4108; x_wconf 90' lang='lat' dir='ltr'><strong>non</strong></span> <span class='ocrx_word' id='word_1_654' title='bbox 3010 4051 3330 4110; x_wconf 88' lang='lat' dir='ltr'><strong>crederent,</strong></span> <span class='ocrx_word' id='word_1_655' title='bbox 3388 4045 3482 4115; x_wconf 88' lang='lat' dir='ltr'><strong>qui</strong></span> <span class='ocrx_word' id='word_1_656' title='bbox 3517 4043 3609 4096; x_wconf 82' lang='lat' dir='ltr'><strong>lux</strong></span> 
     </span>
    </p>
   </div>
   <div class='ocr_carea' id='block_1_83' title="bbox 2033 4144 3608 4214">
    <p class='ocr_par' dir='ltr' id='par_1_83' title="bbox 2033 4144 3608 4214">
     <span class='ocr_line' id='line_1_83' title="bbox 2033 4144 3608 4214; baseline -0.017 -3"><span class='ocrx_word' id='word_1_657' title='bbox 2033 4159 2163 4212; x_wconf 87' lang='lat' dir='ltr'><strong>sunt</strong></span> <span class='ocrx_word' id='word_1_658' title='bbox 2194 4150 2493 4208; x_wconf 87' lang='lat' dir='ltr'><strong>secundum</strong></span> <span class='ocrx_word' id='word_1_659' title='bbox 2528 4155 2815 4209; x_wconf 88' lang='lat' dir='ltr'><strong>naturam,</strong></span> <span class='ocrx_word' id='word_1_660' title='bbox 2847 4146 2893 4201; x_wconf 90' lang='lat' dir='ltr'><strong>si</strong></span> <span class='ocrx_word' id='word_1_661' title='bbox 2936 4144 3053 4200; x_wconf 86' lang='lat' dir='ltr'><strong>ﬁeri</strong></span> <span class='ocrx_word' id='word_1_662' title='bbox 3091 4149 3273 4214; x_wconf 89' lang='lat' dir='ltr'><strong>potest</strong></span> <span class='ocrx_word' id='word_1_663' title='bbox 3318 4148 3378 4193; x_wconf 92' lang='lat' dir='ltr'><strong>ut</strong></span> <span class='ocrx_word' id='word_1_664' title='bbox 3417 4149 3608 4190; x_wconf 87' lang='lat' dir='ltr'><strong>verum</strong></span> 
     </span>
    </p>
   </div>
   <div class='ocr_carea' id='block_1_84' title="bbox 2031 4225 3611 4303">
    <p class='ocr_par' dir='ltr' id='par_1_84' title="bbox 2031 4225 3611 4303">
     <span class='ocr_line' id='line_1_84' title="bbox 2031 4225 3611 4303; baseline -0.013 -2"><span class='ocrx_word' id='word_1_665' title='bbox 2031 4247 2221 4301; x_wconf 87' lang='lat' dir='ltr'><strong>lumen</strong></span> <span class='ocrx_word' id='word_1_666' title='bbox 2264 4243 2339 4299; x_wconf 87' lang='lat' dir='ltr'><strong>sit</strong></span> <span class='ocrx_word' id='word_1_667' title='bbox 2384 4249 2571 4297; x_wconf 88' lang='lat' dir='ltr'><strong>creata</strong></span> <span class='ocrx_word' id='word_1_668' title='bbox 2630 4238 2960 4296; x_wconf 88' lang='lat' dir='ltr'><strong>substantia.</strong></span> <span class='ocrx_word' id='word_1_669' title='bbox 3018 4236 3086 4290; x_wconf 86' lang='lat' dir='ltr'><strong>At</strong></span> <span class='ocrx_word' id='word_1_670' title='bbox 3142 4230 3424 4303; x_wconf 89' lang='lat' dir='ltr'><strong>quomodo</strong></span> <span class='ocrx_word' id='word_1_671' title='bbox 3457 4225 3611 4283; x_wconf 91' lang='lat' dir='ltr'><strong>istud</strong></span> 
     </span>
    </p>
   </div>
   <div class='ocr_carea' id='block_1_85' title="bbox 349 4228 1932 4312">
    <p class='ocr_par' dir='ltr' id='par_1_85' title="bbox 349 4228 1932 4312">
     <span class='ocr_line' id='line_1_85' title="bbox 349 4228 1932 4312; baseline 0.01 -30"><span class='ocrx_word' id='word_1_672' title='bbox 349 4228 457 4300; x_wconf 82' lang='grc' dir='ltr'>τήν</span> <span class='ocrx_word' id='word_1_673' title='bbox 488 4233 714 4304; x_wconf 81' lang='grc' dir='ltr'>γενητὴν</span> <span class='ocrx_word' id='word_1_674' title='bbox 741 4234 932 4288; x_wconf 83' lang='grc' dir='ltr'>οὐσίαν</span> <span class='ocrx_word' id='word_1_675' title='bbox 960 4236 1020 4290; x_wconf 72' lang='grc' dir='ltr'>τὸ</span> <span class='ocrx_word' id='word_1_676' title='bbox 1064 4236 1180 4307; x_wconf 83' lang='grc' dir='ltr'><strong>φῶς</strong></span> <span class='ocrx_word' id='word_1_677' title='bbox 1214 4234 1355 4294; x_wconf 70' lang='grc' dir='ltr'>εἶναι</span> <span class='ocrx_word' id='word_1_678' title='bbox 1399 4240 1461 4294; x_wconf 81' lang='grc' dir='ltr'>τὸ</span> <span class='ocrx_word' id='word_1_679' title='bbox 1502 4242 1776 4312; x_wconf 83' lang='grc' dir='ltr'>ἀληθινόν.</span> <span class='ocrx_word' id='word_1_680' title='bbox 1822 4246 1932 4299; x_wconf 75' lang='grc' dir='ltr'><strong>Καὶ</strong></span> 
     </span>
    </p>
   </div>
   <div class='ocr_carea' id='block_1_86' title="bbox 346 4319 1927 4407">
    <p class='ocr_par' dir='ltr' id='par_1_86' title="bbox 346 4322 1927 4404">
     <span class='ocr_line' id='line_1_86' title="bbox 346 4322 1927 4404; baseline 0.009 -29"><span class='ocrx_word' id='word_1_681' title='bbox 346 4322 476 4386; x_wconf 82' lang='grc' dir='ltr'><strong>πῶς</strong></span> <span class='ocrx_word' id='word_1_682' title='bbox 503 4322 569 4376; x_wconf 78' lang='grc' dir='ltr'>ἂν</span> <span class='ocrx_word' id='word_1_683' title='bbox 594 4325 806 4393; x_wconf 85' lang='grc' dir='ltr'>γένοιτο</span> <span class='ocrx_word' id='word_1_684' title='bbox 834 4326 991 4380; x_wconf 85' lang='grc' dir='ltr'>τοῦτό</span> <span class='ocrx_word' id='word_1_685' title='bbox 1019 4345 1148 4383; x_wconf 84' lang='grc' dir='ltr'>ποτε</span> <span class='ocrx_word' id='word_1_686' title='bbox 1173 4348 1189 4396; x_wconf 89' lang='grc'>;</span> <span class='ocrx_word' id='word_1_687' title='bbox 1233 4332 1307 4386; x_wconf 83' lang='grc' dir='ltr'><strong>οὐ</strong></span> <span class='ocrx_word' id='word_1_688' title='bbox 1336 4333 1443 4404; x_wconf 75' lang='grc' dir='ltr'><strong>γὰρ</strong></span> <span class='ocrx_word' id='word_1_689' title='bbox 1482 4334 1574 4387; x_wconf 72' lang='grc' dir='ltr'>ἐπὶ</span> <span class='ocrx_word' id='word_1_690' title='bbox 1602 4334 1710 4388; x_wconf 85' lang='grc' dir='ltr'><strong>τῶν</strong></span> <span class='ocrx_word' id='word_1_691' title='bbox 1738 4336 1927 4390; x_wconf 83' lang='grc' dir='ltr'>ούσιω-</span> 
     </span>
    </p>
   </div>
   <div class='ocr_carea' id='block_1_87' title="bbox 2030 4319 3614 4407">
    <p class='ocr_par' dir='ltr' id='par_1_87' title="bbox 2034 4319 3614 4407">
     <span class='ocr_line' id='line_1_87' title="bbox 2034 4319 3614 4407; baseline -0.013 -15"><span class='ocrx_word' id='word_1_692' title='bbox 2034 4337 2153 4394; x_wconf 81' lang='lat' dir='ltr'><strong>ﬁeri</strong></span> <span class='ocrx_word' id='word_1_693' title='bbox 2180 4349 2420 4407; x_wconf 89' lang='lat' dir='ltr'><strong>unquam</strong></span> <span class='ocrx_word' id='word_1_694' title='bbox 2458 4332 2681 4404; x_wconf 78' lang='lat' dir='ltr'><strong>posset?</strong></span> <span class='ocrx_word' id='word_1_695' title='bbox 2701 4329 3045 4384; x_wconf 87' lang='lat' dir='ltr'><strong>Privationes</strong></span> <span class='ocrx_word' id='word_1_696' title='bbox 3067 4326 3215 4382; x_wconf 89' lang='lat' dir='ltr'><strong>enim</strong></span> <span class='ocrx_word' id='word_1_697' title='bbox 3237 4324 3293 4378; x_wconf 91' lang='lat' dir='ltr'><strong>in</strong></span> <span class='ocrx_word' id='word_1_698' title='bbox 3323 4323 3394 4376; x_wconf 88' lang='lat' dir='ltr'><strong>iis</strong></span> <span class='ocrx_word' id='word_1_699' title='bbox 3443 4319 3614 4376; x_wconf 89' lang='lat' dir='ltr'><strong>rebus</strong></span> 
     </span>
    </p>
   </div>
   <div class='ocr_carea' id='block_1_88' title="bbox 346 4416 1927 4514">
    <p class='ocr_par' dir='ltr' id='par_1_88' title="bbox 346 4416 1927 4501">
     <span class='ocr_line' id='line_1_88' title="bbox 346 4416 1927 4501; baseline 0.009 -32"><span class='ocrx_word' id='word_1_700' title='bbox 346 4416 456 4480; x_wconf 87' lang='grc' dir='ltr'><strong>δῶς</strong></span> <span class='ocrx_word' id='word_1_701' title='bbox 483 4419 797 4489; x_wconf 82' lang='grc' dir='ltr'>προσόντων</span> <span class='ocrx_word' id='word_1_702' title='bbox 824 4420 967 4474; x_wconf 80' lang='grc' dir='ltr'>τισὶν</span> <span class='ocrx_word' id='word_1_703' title='bbox 1001 4423 1059 4475; x_wconf 87' lang='grc' dir='ltr'><strong>αί</strong></span> <span class='ocrx_word' id='word_1_704' title='bbox 1093 4424 1378 4495; x_wconf 84' lang='grc' dir='ltr'>στερήσεις</span> <span class='ocrx_word' id='word_1_705' title='bbox 1413 4426 1556 4480; x_wconf 71' lang='grc' dir='ltr'>κατὰ</span> <span class='ocrx_word' id='word_1_706' title='bbox 1582 4426 1642 4501; x_wconf 73' lang='grc' dir='ltr'>τὸ</span> <span class='ocrx_word' id='word_1_707' title='bbox 1671 4427 1927 4493; x_wconf 84' lang='grc' dir='ltr'>παντελὲς</span> 
     </span>
    </p>
   </div>
   <div class='ocr_carea' id='block_1_89' title="bbox 2030 4416 3615 4514">
    <p class='ocr_par' dir='ltr' id='par_1_89' title="bbox 2037 4417 3615 4501">
     <span class='ocr_line' id='line_1_89' title="bbox 2037 4417 3615 4501; baseline -0.013 -15"><span class='ocrx_word' id='word_1_708' title='bbox 2037 4445 2158 4501; x_wconf 66' lang='lat' dir='ltr'><strong>quae</strong></span> <span class='ocrx_word' id='word_1_709' title='bbox 2200 4426 2643 4484; x_wconf 82' lang='lat' dir='ltr'><strong>substa’ntialiter</strong></span> <span class='ocrx_word' id='word_1_710' title='bbox 2690 4423 2882 4477; x_wconf 90' lang='lat' dir='ltr'><strong>insunt</strong></span> <span class='ocrx_word' id='word_1_711' title='bbox 2942 4420 3222 4490; x_wconf 88' lang='lat' dir='ltr'><strong>aliquibus</strong></span> <span class='ocrx_word' id='word_1_712' title='bbox 3275 4417 3506 4471; x_wconf 91' lang='lat' dir='ltr'><strong>omnino</strong></span> <span class='ocrx_word' id='word_1_713' title='bbox 3544 4427 3615 4468; x_wconf 77' lang='lat' dir='ltr'><strong>ex</strong></span> 
     </span>
    </p>
   </div>
   <div class='ocr_carea' id='block_1_90' title="bbox 348 4508 1927 4593">
    <p class='ocr_par' dir='ltr' id='par_1_90' title="bbox 348 4508 1927 4591">
     <span class='ocr_line' id='line_1_90' title="bbox 348 4508 1927 4591; baseline 0.008 -31"><span class='ocrx_word' id='word_1_714' title='bbox 348 4510 416 4561; x_wconf 74' lang='grc' dir='ltr'>ὲκ</span> <span class='ocrx_word' id='word_1_715' title='bbox 448 4508 725 4580; x_wconf 71' lang='grc' dir='ltr'>ῥᾳθυμίας</span> <span class='ocrx_word' id='word_1_716' title='bbox 750 4510 1158 4582; x_wconf 74' lang='grc' dir='ltr'>συμϐαίνουσιν,</span> <span class='ocrx_word' id='word_1_717' title='bbox 1201 4514 1317 4569; x_wconf 77' lang='grc' dir='ltr'>ἀλλ’</span> <span class='ocrx_word' id='word_1_718' title='bbox 1344 4517 1430 4585; x_wconf 79' lang='grc' dir='ltr'><strong>ἐφ’</strong></span> <span class='ocrx_word' id='word_1_719' title='bbox 1456 4509 1532 4571; x_wconf 87' lang='grc' dir='ltr'>ὧν</span> <span class='ocrx_word' id='word_1_720' title='bbox 1556 4515 1620 4571; x_wconf 84' lang='grc' dir='ltr'>ἂν</span> <span class='ocrx_word' id='word_1_721' title='bbox 1644 4520 1677 4588; x_wconf 83' lang='grc' dir='ltr'><strong>ή</strong></span> <span class='ocrx_word' id='word_1_722' title='bbox 1713 4518 1927 4591; x_wconf 81' lang='grc' dir='ltr'>θέλησις</span> 
     </span>
    </p>
   </div>
   <div class='ocr_carea' id='block_1_91' title="bbox 2030 4508 3616 4593">
    <p class='ocr_par' dir='ltr' id='par_1_91' title="bbox 2035 4510 3616 4593">
     <span class='ocr_line' id='line_1_91' title="bbox 2035 4510 3616 4593; baseline -0.012 -17"><span class='ocrx_word' id='word_1_723' title='bbox 2035 4520 2256 4593; x_wconf 79' lang='lat' dir='ltr'><strong>pigritia</strong></span> <span class='ocrx_word' id='word_1_724' title='bbox 2310 4533 2421 4573; x_wconf 86' lang='lat' dir='ltr'><strong>non</strong></span> <span class='ocrx_word' id='word_1_725' title='bbox 2470 4515 2833 4585; x_wconf 81' lang='lat' dir='ltr'><strong>contingunt.</strong></span> <span class='ocrx_word' id='word_1_726' title='bbox 2872 4512 2968 4567; x_wconf 86' lang='lat' dir='ltr'><strong>sed</strong></span> <span class='ocrx_word' id='word_1_727' title='bbox 3002 4512 3059 4566; x_wconf 90' lang='lat' dir='ltr'><strong>in</strong></span> <span class='ocrx_word' id='word_1_728' title='bbox 3091 4510 3160 4565; x_wconf 92' lang='lat' dir='ltr'><strong>iis</strong></span> <span class='ocrx_word' id='word_1_729' title='bbox 3207 4520 3443 4579; x_wconf 88' lang='lat' dir='ltr'><strong>quarum</strong></span> <span class='ocrx_word' id='word_1_730' title='bbox 3484 4517 3616 4574; x_wconf 85' lang='lat' dir='ltr'><strong>pos-</strong></span> 
     </span>
    </p>
   </div>
   <div class='ocr_carea' id='block_1_92' title="bbox 347 4594 1927 4683">
    <p class='ocr_par' dir='ltr' id='par_1_92' title="bbox 347 4597 1927 4683">
     <span class='ocr_line' id='line_1_92' title="bbox 347 4597 1927 4683; baseline 0.009 -32"><span class='ocrx_word' id='word_1_731' title='bbox 347 4597 451 4669; x_wconf 72' lang='grc' dir='ltr'>τὴν</span> <span class='ocrx_word' id='word_1_732' title='bbox 482 4601 677 4673; x_wconf 84' lang='grc' dir='ltr'>κτῆσιν</span> <span class='ocrx_word' id='word_1_733' title='bbox 708 4602 1031 4674; x_wconf 72' lang='grc' dir='ltr'>ἐργάζηται,</span> <span class='ocrx_word' id='word_1_734' title='bbox 1077 4603 1185 4659; x_wconf 65' lang='grc' dir='ltr'><strong>καῖ</strong></span> <span class='ocrx_word' id='word_1_735' title='bbox 1211 4606 1304 4660; x_wconf 70' lang='grc' dir='ltr'><strong>ἐπὶ</strong></span> <span class='ocrx_word' id='word_1_736' title='bbox 1347 4606 1458 4662; x_wconf 87' lang='grc' dir='ltr'><strong>τῶν</strong></span> <span class='ocrx_word' id='word_1_737' title='bbox 1497 4609 1598 4663; x_wconf 85' lang='grc' dir='ltr'>ὅσα</span> <span class='ocrx_word' id='word_1_738' title='bbox 1628 4610 1692 4683; x_wconf 81' lang='grc' dir='ltr'>δὴ</span> <span class='ocrx_word' id='word_1_739' title='bbox 1726 4611 1927 4680; x_wconf 81' lang='grc' dir='ltr'>πέφυκε</span> 
     </span>
    </p>
   </div>
   <div class='ocr_carea' id='block_1_93' title="bbox 2030 4594 3616 4683">
    <p class='ocr_par' dir='ltr' id='par_1_93' title="bbox 2033 4594 3616 4678">
     <span class='ocr_line' id='line_1_93' title="bbox 2033 4594 3616 4678; baseline -0.014 -9"><span class='ocrx_word' id='word_1_740' title='bbox 2033 4611 2210 4669; x_wconf 88' lang='lat' dir='ltr'><strong>sessio</strong></span> <span class='ocrx_word' id='word_1_741' title='bbox 2264 4610 2554 4666; x_wconf 82' lang='lat' dir='ltr'><strong>voluntate</strong></span> <span class='ocrx_word' id='word_1_742' title='bbox 2610 4606 2945 4678; x_wconf 89' lang='lat' dir='ltr'><strong>acquiritur,</strong></span> <span class='ocrx_word' id='word_1_743' title='bbox 3002 4609 3058 4659; x_wconf 89' lang='lat' dir='ltr'><strong>et</strong></span> <span class='ocrx_word' id='word_1_744' title='bbox 3124 4612 3472 4672; x_wconf 71' lang='lat' dir='ltr'><strong>qumcunque</strong></span> <span class='ocrx_word' id='word_1_745' title='bbox 3541 4594 3616 4648; x_wconf 83' lang='lat' dir='ltr'><strong>ita</strong></span> 
     </span>
    </p>
   </div>
   <div class='ocr_carea' id='block_1_94' title="bbox 347 4690 1927 4774">
    <p class='ocr_par' dir='ltr' id='par_1_94' title="bbox 347 4691 1927 4773">
     <span class='ocr_line' id='line_1_94' title="bbox 347 4691 1927 4773; baseline 0.007 -28"><span class='ocrx_word' id='word_1_746' title='bbox 347 4691 743 4761; x_wconf 74' lang='grc' dir='ltr'>προσγίνεσθαί</span> <span class='ocrx_word' id='word_1_747' title='bbox 787 4711 885 4757; x_wconf 86' lang='grc' dir='ltr'><strong>τε,</strong></span> <span class='ocrx_word' id='word_1_748' title='bbox 925 4698 1018 4750; x_wconf 72' lang='grc' dir='ltr'>καὶ</span> <span class='ocrx_word' id='word_1_749' title='bbox 1052 4697 1409 4766; x_wconf 82' lang='grc' dir='ltr'>ἀπογίνεσθαι</span> <span class='ocrx_word' id='word_1_750' title='bbox 1463 4702 1633 4772; x_wconf 82' lang='grc' dir='ltr'>χωρὶς</span> <span class='ocrx_word' id='word_1_751' title='bbox 1683 4705 1785 4773; x_wconf 77' lang='grc' dir='ltr'>τῆς</span> <span class='ocrx_word' id='word_1_752' title='bbox 1838 4701 1927 4756; x_wconf 79' lang='grc' dir='ltr'>τοῦ</span> 
     </span>
    </p>
   </div>
   <div class='ocr_carea' id='block_1_95' title="bbox 2030 4690 3677 4774">
    <p class='ocr_par' dir='ltr' id='par_1_95' title="bbox 2032 4690 3677 4774">
     <span class='ocr_line' id='line_1_95' title="bbox 2032 4690 3677 4774; baseline -0.012 -15"><span class='ocrx_word' id='word_1_753' title='bbox 2032 4710 2365 4774; x_wconf 79' lang='lat' dir='ltr'><strong>comparatae</strong></span> <span class='ocrx_word' id='word_1_754' title='bbox 2414 4706 2578 4765; x_wconf 87' lang='lat' dir='ltr'><strong>sunt,</strong></span> <span class='ocrx_word' id='word_1_755' title='bbox 2630 4705 2693 4753; x_wconf 89' lang='lat' dir='ltr'><strong>ut</strong></span> <span class='ocrx_word' id='word_1_756' title='bbox 2772 4698 2968 4753; x_wconf 89' lang='lat' dir='ltr'><strong>adesse</strong></span> <span class='ocrx_word' id='word_1_757' title='bbox 3041 4704 3096 4751; x_wconf 91' lang='lat' dir='ltr'><strong>et</strong></span> <span class='ocrx_word' id='word_1_758' title='bbox 3158 4693 3354 4748; x_wconf 88' lang='lat' dir='ltr'><strong>abesse</strong></span> <span class='ocrx_word' id='word_1_759' title='bbox 3414 4690 3619 4760; x_wconf 86' lang='lat' dir='ltr'><strong>queant</strong></span> <span class='ocrx_word' id='word_1_760' title='bbox 3663 4742 3677 4753; x_wconf 84' lang='lat'>_</span> 
     </span>
    </p>
   </div>
   <div class='ocr_carea' id='block_1_96' title="bbox 345 4780 1927 4866">
    <p class='ocr_par' dir='ltr' id='par_1_96' title="bbox 345 4780 1927 4863">
     <span class='ocr_line' id='line_1_96' title="bbox 345 4780 1927 4863; baseline 0.009 -27"><span class='ocrx_word' id='word_1_761' title='bbox 345 4785 716 4855; x_wconf 79' lang='grc' dir='ltr'>ὑποκειμένου</span> <span class='ocrx_word' id='word_1_762' title='bbox 748 4780 973 4858; x_wconf 74' lang='grc' dir='ltr'>φθοράς.</span> <span class='ocrx_word' id='word_1_763' title='bbox 1004 4783 1149 4843; x_wconf 77' lang='grc' dir='ltr'>Οἷονο</span> <span class='ocrx_word' id='word_1_764' title='bbox 1182 4790 1398 4859; x_wconf 78' lang='grc' dir='ltr'>λογικὸς</span> <span class='ocrx_word' id='word_1_765' title='bbox 1429 4794 1528 4863; x_wconf 85' lang='grc' dir='ltr'>μὲν</span> <span class='ocrx_word' id='word_1_766' title='bbox 1554 4792 1696 4848; x_wconf 75' lang='grc' dir='ltr'>κατὰ</span> <span class='ocrx_word' id='word_1_767' title='bbox 1724 4794 1927 4863; x_wconf 75' lang='grc' dir='ltr'>φύσινί</span> 
     </span>
    </p>
   </div>
   <div class='ocr_carea' id='block_1_97' title="bbox 2030 4780 3616 4866">
    <p class='ocr_par' dir='ltr' id='par_1_97' title="bbox 2036 4781 3616 4866">
     <span class='ocr_line' id='line_1_97' title="bbox 2036 4781 3616 4866; baseline -0.013 -14"><span class='ocrx_word' id='word_1_768' title='bbox 2036 4796 2243 4866; x_wconf 82' lang='lat' dir='ltr'><strong>absque</strong></span> <span class='ocrx_word' id='word_1_769' title='bbox 2273 4790 2508 4862; x_wconf 83' lang='lat' dir='ltr'><strong>subjecti</strong></span> <span class='ocrx_word' id='word_1_770' title='bbox 2545 4790 2792 4847; x_wconf 89' lang='lat' dir='ltr'><strong>interitu.</strong></span> <span class='ocrx_word' id='word_1_771' title='bbox 2826 4787 3072 4858; x_wconf 78' lang='lat' dir='ltr'><strong>Exempli</strong></span> <span class='ocrx_word' id='word_1_772' title='bbox 3102 4786 3276 4857; x_wconf 76' lang='lat' dir='ltr'><strong>gratia</strong></span> <span class='ocrx_word' id='word_1_773' title='bbox 3326 4802 3341 4839; x_wconf 87' lang='lat'><strong>:</strong></span> <span class='ocrx_word' id='word_1_774' title='bbox 3375 4781 3616 4836; x_wconf 81' lang='lat' dir='ltr'><strong>rationa-</strong></span> 
     </span>
    </p>
   </div>
   <div class='ocr_carea' id='block_1_98' title="bbox 342 4876 1927 4960">
    <p class='ocr_par' dir='ltr' id='par_1_98' title="bbox 342 4876 1927 4960">
     <span class='ocr_line' id='line_1_98' title="bbox 342 4876 1927 4960; baseline 0.007 -30"><span class='ocrx_word' id='word_1_775' title='bbox 342 4876 661 4948; x_wconf 74' lang='grc' dir='ltr'>ἄνθρωπος,</span> <span class='ocrx_word' id='word_1_776' title='bbox 694 4878 976 4949; x_wconf 79' lang='grc' dir='ltr'>ναυπηγὸς</span> <span class='ocrx_word' id='word_1_777' title='bbox 1005 4880 1063 4934; x_wconf 80' lang='grc' dir='ltr'>δὲ</span> <span class='ocrx_word' id='word_1_778' title='bbox 1092 4881 1234 4936; x_wconf 83' lang='grc' dir='ltr'>κατὰ</span> <span class='ocrx_word' id='word_1_779' title='bbox 1265 4881 1559 4955; x_wconf 82' lang='grc' dir='ltr'>θέλησιν,ἢ</span> <span class='ocrx_word' id='word_1_780' title='bbox 1587 4885 1682 4939; x_wconf 81' lang='grc' dir='ltr'>καὶ</span> <span class='ocrx_word' id='word_1_781' title='bbox 1700 4886 1927 4960; x_wconf 77' lang='grc' dir='ltr'>ἀσθενής</span> 
     </span>
    </p>
   </div>
   <div class='ocr_carea' id='block_1_99' title="bbox 2030 4876 3618 4960">
    <p class='ocr_par' dir='ltr' id='par_1_99' title="bbox 2037 4876 3618 4959">
     <span class='ocr_line' id='line_1_99' title="bbox 2037 4876 3618 4959; baseline -0.013 -15"><span class='ocrx_word' id='word_1_782' title='bbox 2037 4888 2106 4946; x_wconf 91' lang='lat' dir='ltr'><strong>lis</strong></span> <span class='ocrx_word' id='word_1_783' title='bbox 2142 4887 2364 4959; x_wconf 91' lang='lat' dir='ltr'><strong>quidem</strong></span> <span class='ocrx_word' id='word_1_784' title='bbox 2411 4886 2517 4957; x_wconf 78' lang='grc'><strong>72</strong></span> <span class='ocrx_word' id='word_1_785' title='bbox 2561 4892 2647 4941; x_wconf 90' lang='lat' dir='ltr'><strong>est</strong></span> <span class='ocrx_word' id='word_1_786' title='bbox 2684 4885 2850 4938; x_wconf 88' lang='lat' dir='ltr'><strong>homo</strong></span> <span class='ocrx_word' id='word_1_787' title='bbox 2889 4892 3090 4937; x_wconf 85' lang='lat' dir='ltr'><strong>natura</strong></span> <span class='ocrx_word' id='word_1_788' title='bbox 3113 4920 3128 4945; x_wconf 94' lang='lat'><strong>,</strong></span> <span class='ocrx_word' id='word_1_789' title='bbox 3188 4876 3485 4932; x_wconf 81' lang='lat' dir='ltr'><strong>fabricator</strong></span> <span class='ocrx_word' id='word_1_790' title='bbox 3519 4886 3618 4926; x_wconf 85' lang='lat' dir='ltr'><strong>na-</strong></span> 
     </span>
    </p>
   </div>
   <div class='ocr_carea' id='block_1_100' title="bbox 342 4961 1927 5047">
    <p class='ocr_par' dir='ltr' id='par_1_100' title="bbox 342 4967 1927 5046">
     <span class='ocr_line' id='line_1_100' title="bbox 342 4967 1927 5046; baseline 0.006 -24"><span class='ocrx_word' id='word_1_791' title='bbox 342 4967 413 5022; x_wconf 82' lang='grc' dir='ltr'><strong>τὺ</strong></span> <span class='ocrx_word' id='word_1_792' title='bbox 437 4967 603 5038; x_wconf 84' lang='grc' dir='ltr'>σῶμα</span> <span class='ocrx_word' id='word_1_793' title='bbox 632 4969 778 5022; x_wconf 77' lang='grc' dir='ltr'>κατὰ</span> <span class='ocrx_word' id='word_1_794' title='bbox 809 4985 873 5023; x_wconf 87' lang='grc' dir='ltr'><strong>συ</strong></span> <span class='ocrx_word' id='word_1_795' title='bbox 881 4969 1175 5041; x_wconf 80' lang='grc' dir='ltr'>μὸεσηκός.</span> <span class='ocrx_word' id='word_1_796' title='bbox 1217 4973 1446 5042; x_wconf 81' lang='grc' dir='ltr'>Ἀλογος</span> <span class='ocrx_word' id='word_1_797' title='bbox 1478 4975 1576 5046; x_wconf 81' lang='grc' dir='ltr'>μὲν</span> <span class='ocrx_word' id='word_1_798' title='bbox 1605 4970 1699 5030; x_wconf 81' lang='grc' dir='ltr'>οὖν</span> <span class='ocrx_word' id='word_1_799' title='bbox 1741 4977 1841 5031; x_wconf 86' lang='grc' dir='ltr'>οὐκ</span> <span class='ocrx_word' id='word_1_800' title='bbox 1868 4977 1927 5033; x_wconf 77' lang='grc' dir='ltr'>ἂν</span> 
     </span>
    </p>
   </div>
   <div class='ocr_carea' id='block_1_101' title="bbox 2030 4961 3615 5047">
    <p class='ocr_par' dir='ltr' id='par_1_101' title="bbox 2041 4961 3615 5047">
     <span class='ocr_line' id='line_1_101' title="bbox 2041 4961 3615 5047; baseline -0.015 -9"><span class='ocrx_word' id='word_1_801' title='bbox 2041 4981 2191 5038; x_wconf 89' lang='lat' dir='ltr'><strong>vium</strong></span> <span class='ocrx_word' id='word_1_802' title='bbox 2218 4979 2520 5044; x_wconf 88' lang='lat' dir='ltr'><strong>voluntate,</strong></span> <span class='ocrx_word' id='word_1_803' title='bbox 2554 4988 2787 5047; x_wconf 89' lang='lat' dir='ltr'><strong>corpore</strong></span> <span class='ocrx_word' id='word_1_804' title='bbox 2826 4988 2993 5044; x_wconf 70' lang='lat' dir='ltr'><strong>aeger,</strong></span> <span class='ocrx_word' id='word_1_805' title='bbox 3025 4986 3088 5027; x_wconf 78' lang='lat' dir='ltr'><strong>ex</strong></span> <span class='ocrx_word' id='word_1_806' title='bbox 3120 4966 3418 5024; x_wconf 87' lang='lat' dir='ltr'><strong>accidenti.</strong></span> <span class='ocrx_word' id='word_1_807' title='bbox 3448 4961 3615 5031; x_wconf 88' lang='lat' dir='ltr'><strong>Atqui</strong></span> 
     </span>
    </p>
   </div>
   <div class='ocr_carea' id='block_1_102' title="bbox 339 5057 1927 5142">
    <p class='ocr_par' dir='ltr' id='par_1_102' title="bbox 339 5058 1927 5142">
     <span class='ocr_line' id='line_1_102' title="bbox 339 5058 1927 5142; baseline 0.008 -30"><span class='ocrx_word' id='word_1_808' title='bbox 339 5058 438 5130; x_wconf 70' lang='grc' dir='ltr'>εἴη</span> <span class='ocrx_word' id='word_1_809' title='bbox 466 5058 768 5125; x_wconf 84' lang='grc' dir='ltr'>παντελῶς,</span> <span class='ocrx_word' id='word_1_810' title='bbox 795 5060 896 5132; x_wconf 77' lang='grc' dir='ltr'>τὴν</span> <span class='ocrx_word' id='word_1_811' title='bbox 918 5060 978 5115; x_wconf 78' lang='grc' dir='ltr'>δέ</span> <span class='ocrx_word' id='word_1_812' title='bbox 1005 5078 1070 5131; x_wconf 89' lang='grc' dir='ltr'><strong>γε</strong></span> <span class='ocrx_word' id='word_1_813' title='bbox 1098 5066 1447 5136; x_wconf 80' lang='grc' dir='ltr'>ναυπηγικὴν</span> <span class='ocrx_word' id='word_1_814' title='bbox 1475 5068 1770 5142; x_wconf 72' lang='grc' dir='ltr'>ἐμπειρίαν</span> <span class='ocrx_word' id='word_1_815' title='bbox 1802 5071 1927 5125; x_wconf 83' lang='grc' dir='ltr'>ἀπο-</span> 
     </span>
    </p>
   </div>
   <div class='ocr_carea' id='block_1_103' title="bbox 2030 5057 3620 5142">
    <p class='ocr_par' dir='ltr' id='par_1_103' title="bbox 2044 5057 3620 5141">
     <span class='ocr_line' id='line_1_103' title="bbox 2044 5057 3620 5141; baseline -0.013 -14"><span class='ocrx_word' id='word_1_816' title='bbox 2044 5073 2165 5129; x_wconf 83' lang='lat' dir='ltr'><strong>ﬁeri</strong></span> <span class='ocrx_word' id='word_1_817' title='bbox 2203 5086 2312 5127; x_wconf 90' lang='lat' dir='ltr'><strong>non</strong></span> <span class='ocrx_word' id='word_1_818' title='bbox 2352 5075 2533 5141; x_wconf 87' lang='lat' dir='ltr'><strong>potest</strong></span> <span class='ocrx_word' id='word_1_819' title='bbox 2574 5074 2635 5123; x_wconf 89' lang='lat' dir='ltr'><strong>ut</strong></span> <span class='ocrx_word' id='word_1_820' title='bbox 2680 5067 2769 5123; x_wconf 85' lang='lat' dir='ltr'><strong>ille</strong></span> <span class='ocrx_word' id='word_1_821' title='bbox 2829 5065 2901 5122; x_wconf 90' lang='lat' dir='ltr'><strong>sit</strong></span> <span class='ocrx_word' id='word_1_822' title='bbox 2936 5060 3306 5123; x_wconf 87' lang='lat' dir='ltr'><strong>irrationalis,</strong></span> <span class='ocrx_word' id='word_1_823' title='bbox 3367 5057 3461 5111; x_wconf 86' lang='lat' dir='ltr'><strong>hic</strong></span> <span class='ocrx_word' id='word_1_824' title='bbox 3521 5068 3620 5107; x_wconf 88' lang='lat' dir='ltr'><strong>au-</strong></span> 
     </span>
    </p>
   </div>
   <div class='ocr_carea' id='block_1_104' title="bbox 343 5146 1927 5237">
    <p class='ocr_par' dir='ltr' id='par_1_104' title="bbox 343 5151 1927 5235">
     <span class='ocr_line' id='line_1_104' title="bbox 343 5151 1927 5235; baseline 0.007 -30"><span class='ocrx_word' id='word_1_825' title='bbox 343 5152 521 5216; x_wconf 79' lang='grc' dir='ltr'>λὲσει,</span> <span class='ocrx_word' id='word_1_826' title='bbox 552 5151 881 5226; x_wconf 77' lang='grc' dir='ltr'>ρᾳθυμήσας</span> <span class='ocrx_word' id='word_1_827' title='bbox 904 5155 1089 5227; x_wconf 81' lang='grc' dir='ltr'>τυχὸν,</span> <span class='ocrx_word' id='word_1_828' title='bbox 1118 5156 1215 5212; x_wconf 70' lang='grc' dir='ltr'>καὶ</span> <span class='ocrx_word' id='word_1_829' title='bbox 1244 5157 1306 5213; x_wconf 82' lang='grc' dir='ltr'>τὸ</span> <span class='ocrx_word' id='word_1_830' title='bbox 1332 5158 1397 5212; x_wconf 76' lang='grc' dir='ltr'>ἐκ</span> <span class='ocrx_word' id='word_1_831' title='bbox 1423 5159 1630 5226; x_wconf 82' lang='grc' dir='ltr'>πάθους</span> <span class='ocrx_word' id='word_1_832' title='bbox 1658 5161 1927 5235; x_wconf 77' lang='grc' dir='ltr'>συμδεση-</span> 
     </span>
    </p>
   </div>
   <div class='ocr_carea' id='block_1_105' title="bbox 2030 5146 3619 5237">
    <p class='ocr_par' dir='ltr' id='par_1_105' title="bbox 2045 5146 3619 5237">
     <span class='ocr_line' id='line_1_105' title="bbox 2045 5146 3619 5237; baseline -0.013 -18"><span class='ocrx_word' id='word_1_833' title='bbox 2045 5171 2154 5219; x_wconf 89' lang='lat' dir='ltr'><strong>tem</strong></span> <span class='ocrx_word' id='word_1_834' title='bbox 2187 5162 2648 5237; x_wconf 26' lang='lat' dir='ltr'><strong>labrieandarum.</strong></span> <span class='ocrx_word' id='word_1_835' title='bbox 2690 5158 2933 5215; x_wconf 73' lang='lat' dir='ltr'><strong>navium</strong></span> <span class='ocrx_word' id='word_1_836' title='bbox 2950 5164 3126 5210; x_wconf 85' lang='lat' dir='ltr'><strong>artem</strong></span> <span class='ocrx_word' id='word_1_837' title='bbox 3159 5152 3406 5214; x_wconf 88' lang='lat' dir='ltr'><strong>amittet,</strong></span> <span class='ocrx_word' id='word_1_838' title='bbox 3449 5146 3619 5218; x_wconf 77' lang='lat' dir='ltr'><strong>pigri-</strong></span> 
     </span>
    </p>
   </div>
   <div class='ocr_carea' id='block_1_106' title="bbox 345 5244 1927 5327">
    <p class='ocr_par' dir='ltr' id='par_1_106' title="bbox 345 5244 1927 5327">
     <span class='ocr_line' id='line_1_106' title="bbox 345 5244 1927 5327; baseline 0.008 -29"><span class='ocrx_word' id='word_1_839' title='bbox 345 5244 452 5308; x_wconf 79' lang='grc' dir='ltr'><strong>κὸς</strong></span> <span class='ocrx_word' id='word_1_840' title='bbox 480 5246 908 5317; x_wconf 82' lang='grc' dir='ltr'>ἁποκρούσεται,</span> <span class='ocrx_word' id='word_1_841' title='bbox 948 5249 1268 5323; x_wconf 86' lang='grc' dir='ltr'>θεραπείαις</span> <span class='ocrx_word' id='word_1_842' title='bbox 1311 5252 1453 5307; x_wconf 73' lang='grc' dir='ltr'>τισὶν</span> <span class='ocrx_word' id='word_1_843' title='bbox 1485 5252 1578 5308; x_wconf 75' lang='grc' dir='ltr'><strong>ἐπὶ</strong></span> <span class='ocrx_word' id='word_1_844' title='bbox 1618 5254 1680 5308; x_wconf 78' lang='grc' dir='ltr'>τὸ</span> <span class='ocrx_word' id='word_1_845' title='bbox 1717 5254 1927 5327; x_wconf 54' lang='grc' dir='ltr'>ἄμεινον</span> 
     </span>
    </p>
   </div>
   <div class='ocr_carea' id='block_1_107' title="bbox 2030 5244 3621 5327">
    <p class='ocr_par' dir='ltr' id='par_1_107' title="bbox 2047 5244 3621 5317">
     <span class='ocr_line' id='line_1_107' title="bbox 2047 5244 3621 5317; baseline -0.011 -7"><span class='ocrx_word' id='word_1_846' title='bbox 2047 5255 2123 5310; x_wconf 90' lang='lat' dir='ltr'><strong>tia</strong></span> <span class='ocrx_word' id='word_1_847' title='bbox 2150 5254 2456 5317; x_wconf 88' lang='lat' dir='ltr'><strong>nimirum,</strong></span> <span class='ocrx_word' id='word_1_848' title='bbox 2482 5262 2537 5308; x_wconf 92' lang='lat' dir='ltr'><strong>et</strong></span> <span class='ocrx_word' id='word_1_849' title='bbox 2564 5250 2744 5308; x_wconf 88' lang='lat' dir='ltr'><strong>morbi</strong></span> <span class='ocrx_word' id='word_1_850' title='bbox 2787 5262 2977 5305; x_wconf 87' lang='lat' dir='ltr'><strong>casum</strong></span> <span class='ocrx_word' id='word_1_851' title='bbox 3023 5245 3259 5315; x_wconf 88' lang='lat' dir='ltr'><strong>depellet</strong></span> <span class='ocrx_word' id='word_1_852' title='bbox 3304 5244 3411 5297; x_wconf 90' lang='lat' dir='ltr'><strong>iste</strong></span> <span class='ocrx_word' id='word_1_853' title='bbox 3463 5252 3621 5295; x_wconf 85' lang='lat' dir='ltr'><strong>cura-</strong></span> 
     </span>
    </p>
   </div>
   <div class='ocr_carea' id='block_1_108' title="bbox 341 5328 1927 5421">
    <p class='ocr_par' dir='ltr' id='par_1_108' title="bbox 341 5328 1927 5421">
     <span class='ocr_line' id='line_1_108' title="bbox 341 5328 1927 5421; baseline 0.008 -32"><span class='ocrx_word' id='word_1_854' title='bbox 341 5328 691 5409; x_wconf 76' lang='grc' dir='ltr'>ἁνατρέχων.</span> <span class='ocrx_word' id='word_1_855' title='bbox 723 5339 933 5394; x_wconf 78' lang='grc' dir='ltr'>Οὐκοῦν</span> <span class='ocrx_word' id='word_1_856' title='bbox 955 5341 1026 5396; x_wconf 82' lang='grc' dir='ltr'><strong>τὰ</strong></span> <span class='ocrx_word' id='word_1_857' title='bbox 1054 5342 1326 5408; x_wconf 82' lang='grc' dir='ltr'>οὐσιωδῶς</span> <span class='ocrx_word' id='word_1_858' title='bbox 1354 5346 1626 5416; x_wconf 89' lang='grc' dir='ltr'>προσόντα</span> <span class='ocrx_word' id='word_1_859' title='bbox 1650 5348 1812 5414; x_wconf 82' lang='grc' dir='ltr'>τισὶν,</span> <span class='ocrx_word' id='word_1_860' title='bbox 1848 5348 1927 5421; x_wconf 60' lang='lat' dir='ltr'><strong>te.</strong></span> 
     </span>
    </p>
   </div>
   <div class='ocr_carea' id='block_1_109' title="bbox 2030 5328 3621 5421">
    <p class='ocr_par' dir='ltr' id='par_1_109' title="bbox 2045 5329 3621 5412">
     <span class='ocr_line' id='line_1_109' title="bbox 2045 5329 3621 5412; baseline -0.012 -11"><span class='ocrx_word' id='word_1_861' title='bbox 2045 5345 2218 5401; x_wconf 91' lang='lat' dir='ltr'><strong>tione.</strong></span> <span class='ocrx_word' id='word_1_862' title='bbox 2248 5342 2442 5412; x_wconf 90' lang='lat' dir='ltr'><strong>Itaque</strong></span> <span class='ocrx_word' id='word_1_863' title='bbox 2464 5356 2597 5412; x_wconf 67' lang='lat' dir='ltr'><strong>qua:</strong></span> <span class='ocrx_word' id='word_1_864' title='bbox 2627 5337 3073 5396; x_wconf 87' lang='lat' dir='ltr'><strong>substantialiter</strong></span> <span class='ocrx_word' id='word_1_865' title='bbox 3099 5336 3289 5389; x_wconf 81' lang='lat' dir='ltr'><strong>insunt</strong></span> <span class='ocrx_word' id='word_1_866' title='bbox 3317 5329 3621 5402; x_wconf 88' lang='lat' dir='ltr'><strong>aliquibus,</strong></span> 
     </span>
    </p>
   </div>
   <div class='ocr_carea' id='block_1_110' title="bbox 344 5423 1927 5510">
    <p class='ocr_par' dir='ltr' id='par_1_110' title="bbox 344 5427 1927 5510">
     <span class='ocr_line' id='line_1_110' title="bbox 344 5427 1927 5510; baseline 0 -18"><span class='ocrx_word' id='word_1_867' title='bbox 344 5427 666 5500; x_wconf 65' lang='grc' dir='ltr'>ῥιζωμένην</span> <span class='ocrx_word' id='word_1_868' title='bbox 709 5428 822 5500; x_wconf 74' lang='grc' dir='ltr'>ἔχει</span> <span class='ocrx_word' id='word_1_869' title='bbox 869 5431 971 5504; x_wconf 79' lang='grc' dir='ltr'>τὴν</span> <span class='ocrx_word' id='word_1_870' title='bbox 1018 5432 1200 5503; x_wconf 83' lang='grc' dir='ltr'>φύσιν.</span> <span class='ocrx_word' id='word_1_871' title='bbox 1257 5433 1430 5508; x_wconf 76' lang='grc' dir='ltr'>Εἴπερ</span> <span class='ocrx_word' id='word_1_872' title='bbox 1457 5433 1550 5491; x_wconf 81' lang='grc' dir='ltr'>οὖν</span> <span class='ocrx_word' id='word_1_873' title='bbox 1592 5438 1728 5502; x_wconf 82' lang='grc' dir='ltr'>ὅλως</span> <span class='ocrx_word' id='word_1_874' title='bbox 1765 5440 1798 5510; x_wconf 89' lang='grc' dir='ltr'><strong>ή</strong></span> <span class='ocrx_word' id='word_1_875' title='bbox 1829 5436 1927 5493; x_wconf 67' lang='grc' dir='ltr'><strong>τῶι</strong></span> 
     </span>
    </p>
   </div>
   <div class='ocr_carea' id='block_1_111' title="bbox 2030 5423 3623 5510">
    <p class='ocr_par' dir='ltr' id='par_1_111' title="bbox 2049 5423 3623 5496">
     <span class='ocr_line' id='line_1_111' title="bbox 2049 5423 3623 5496; baseline -0.014 -1"><span class='ocrx_word' id='word_1_876' title='bbox 2049 5436 2318 5495; x_wconf 89' lang='lat' dir='ltr'><strong>radicitus</strong></span> <span class='ocrx_word' id='word_1_877' title='bbox 2347 5432 2574 5489; x_wconf 79' lang='lat' dir='ltr'><strong>inﬁxam</strong></span> <span class='ocrx_word' id='word_1_878' title='bbox 2610 5431 2819 5488; x_wconf 86' lang='lat' dir='ltr'><strong>habent</strong></span> <span class='ocrx_word' id='word_1_879' title='bbox 2849 5434 3131 5482; x_wconf 89' lang='lat' dir='ltr'><strong>naturam.</strong></span> <span class='ocrx_word' id='word_1_880' title='bbox 3164 5423 3223 5479; x_wconf 88' lang='lat' dir='ltr'><strong>Si</strong></span> <span class='ocrx_word' id='word_1_881' title='bbox 3266 5436 3400 5496; x_wconf 73' lang='lat' dir='ltr'><strong>ergo</strong></span> <span class='ocrx_word' id='word_1_882' title='bbox 3440 5434 3623 5477; x_wconf 86' lang='lat' dir='ltr'><strong>rerum</strong></span> 
     </span>
    </p>
   </div>
   <div class='ocr_carea' id='block_1_112' title="bbox 346 5511 1927 5605">
    <p class='ocr_par' dir='ltr' id='par_1_112' title="bbox 346 5522 1924 5605">
     <span class='ocr_line' id='line_1_112' title="bbox 346 5522 1924 5605; baseline 0.009 -31"><span class='ocrx_word' id='word_1_883' title='bbox 346 5522 602 5594; x_wconf 79' lang='grc' dir='ltr'>γενητῶν</span> <span class='ocrx_word' id='word_1_884' title='bbox 646 5524 830 5596; x_wconf 74' lang='grc' dir='ltr'>φύσις.</span> <span class='ocrx_word' id='word_1_885' title='bbox 852 5527 915 5582; x_wconf 80' lang='grc' dir='ltr'>τὸ</span> <span class='ocrx_word' id='word_1_886' title='bbox 965 5527 1081 5600; x_wconf 82' lang='grc' dir='ltr'><strong>φῶς</strong></span> <span class='ocrx_word' id='word_1_887' title='bbox 1126 5525 1268 5586; x_wconf 74' lang='grc' dir='ltr'>εἶναι</span> <span class='ocrx_word' id='word_1_888' title='bbox 1303 5530 1527 5587; x_wconf 89' lang='grc' dir='ltr'>δύναται</span> <span class='ocrx_word' id='word_1_889' title='bbox 1572 5530 1632 5586; x_wconf 80' lang='grc' dir='ltr'>τὸ</span> <span class='ocrx_word' id='word_1_890' title='bbox 1671 5531 1924 5605; x_wconf 80' lang='grc' dir='ltr'>ἀληθινὸν</span> 
     </span>
    </p>
   </div>
   <div class='ocr_carea' id='block_1_113' title="bbox 2030 5511 3625 5605">
    <p class='ocr_par' dir='ltr' id='par_1_113' title="bbox 2055 5511 3625 5591">
     <span class='ocr_line' id='line_1_113' title="bbox 2055 5511 3625 5591; baseline -0.013 -1"><span class='ocrx_word' id='word_1_891' title='bbox 2055 5540 2367 5590; x_wconf 87' lang='lat' dir='ltr'><strong>creatarum</strong></span> <span class='ocrx_word' id='word_1_892' title='bbox 2405 5536 2605 5585; x_wconf 89' lang='lat' dir='ltr'><strong>natura</strong></span> <span class='ocrx_word' id='word_1_893' title='bbox 2654 5538 2786 5581; x_wconf 87' lang='lat' dir='ltr'><strong>vera</strong></span> <span class='ocrx_word' id='word_1_894' title='bbox 2833 5522 2927 5577; x_wconf 82' lang='lat' dir='ltr'><strong>lux</strong></span> <span class='ocrx_word' id='word_1_895' title='bbox 2964 5534 3086 5577; x_wconf 86' lang='lat' dir='ltr'><strong>esse</strong></span> <span class='ocrx_word' id='word_1_896' title='bbox 3114 5524 3321 5591; x_wconf 87' lang='lat' dir='ltr'><strong>potest,</strong></span> <span class='ocrx_word' id='word_1_897' title='bbox 3348 5511 3625 5591; x_wconf 84' lang='lat' dir='ltr'><strong>quomodo</strong></span> 
     </span>
    </p>
   </div>
   <div class='ocr_carea' id='block_1_114' title="bbox 430 5670 3087 5799">
    <p class='ocr_par' dir='ltr' id='par_1_114' title="bbox 430 5670 3087 5799">
     <span class='ocr_line' id='line_1_114' title="bbox 430 5670 3087 5799; baseline 0.002 -44"><span class='ocrx_word' id='word_1_898' title='bbox 430 5698 479 5733; x_wconf 81' lang='grc'><strong>³⁸</strong></span> <span class='ocrx_word' id='word_1_899' title='bbox 516 5698 624 5760; x_wconf 87' lang='lat' dir='ltr'><strong>Isa.</strong></span> <span class='ocrx_word' id='word_1_900' title='bbox 654 5718 755 5772; x_wconf 73' lang='grc' dir='ltr'><strong>ιι,</strong></span> <span class='ocrx_word' id='word_1_901' title='bbox 793 5706 838 5761; x_wconf 91' lang='grc' dir='ltr'>ι.</span> <span class='ocrx_word' id='word_1_902' title='bbox 912 5704 962 5741; x_wconf 67' lang='grc'><strong>³⁷</strong></span> <span class='ocrx_word' id='word_1_903' title='bbox 992 5710 1102 5766; x_wconf 88' lang='lat' dir='ltr'><strong>lsa.</strong></span> <span class='ocrx_word' id='word_1_904' title='bbox 1133 5726 1244 5769; x_wconf 76' lang='lat' dir='ltr'><strong>xui</strong></span> <span class='ocrx_word' id='word_1_905' title='bbox 1267 5752 1282 5781; x_wconf 94' lang='lat'><strong>,</strong></span> <span class='ocrx_word' id='word_1_906' title='bbox 1313 5712 1367 5799; x_wconf 60' lang='lat'><strong>6.</strong></span> <span class='ocrx_word' id='word_1_907' title='bbox 1440 5714 1485 5748; x_wconf 83' lang='lat'><strong>&quot;</strong></span> <span class='ocrx_word' id='word_1_908' title='bbox 1526 5711 1629 5772; x_wconf 87' lang='lat' dir='ltr'><strong>lsa.</strong></span> <span class='ocrx_word' id='word_1_909' title='bbox 1663 5727 1738 5785; x_wconf 86' lang='grc' dir='ltr'><strong>ιι,</strong></span> <span class='ocrx_word' id='word_1_910' title='bbox 1901 5713 1945 5749; x_wconf 70' lang='grc' dir='ltr'><strong>θ’</strong></span> <span class='ocrx_word' id='word_1_911' title='bbox 1972 5712 2131 5769; x_wconf 81' lang='lat' dir='ltr'><strong>Joan.</strong></span> <span class='ocrx_word' id='word_1_912' title='bbox 2164 5729 2296 5781; x_wconf 74' lang='lat' dir='ltr'><strong>vni,</strong></span> <span class='ocrx_word' id='word_1_913' title='bbox 2331 5712 2417 5768; x_wconf 72' lang='lat'><strong>12.</strong></span> <span class='ocrx_word' id='word_1_914' title='bbox 2500 5709 2617 5743; x_wconf 59' lang='lat'><strong>&quot;&#39;7&#39;</strong></span> <span class='ocrx_word' id='word_1_915' title='bbox 2658 5705 2812 5764; x_wconf 84' lang='lat' dir='ltr'><strong>Joan.</strong></span> <span class='ocrx_word' id='word_1_916' title='bbox 2848 5717 2964 5783; x_wconf 77' lang='lat' dir='ltr'><strong>xu,</strong></span> <span class='ocrx_word' id='word_1_917' title='bbox 2996 5699 3087 5758; x_wconf 81' lang='lat'><strong>&#39;56.</strong></span> 
     </span>
    </p>
   </div>
  </div>
