4072 6210
462 264 566 321 125

456 568 566 638 ipsi
594 581 819 638 quoque
855 575 984 622 sunt
1019 579 1117 635 per
1171 571 1457 625 naturam,
1519 560 1855 631 suiipsorum
1897 572 2028 628 ergo

453 660 558 716 ﬁlii
578 660 942 713 vocabuntur.
977 659 1234 725 Quaenam
1265 668 1398 727 ergo
1426 668 1640 711 merces
1666 653 1771 708 erit
1796 651 2028 708 creden-

460 749 820 807 tibus?Sunt
852 750 1001 805 enim
1053 750 1393 820 sniipsorum
1449 749 1632 819 potius
1684 745 1806 810 ﬁlii,
1858 748 2032 801 etiam

464 844 571 899 fide
605 858 715 898 non
772 850 1053 914 suscepta.
1108 841 1206 898 His
1260 854 1391 912 ergo
1442 840 1762 895 rationibus
1795 838 2029 895 veritate

463 936 739 1002 discussa,
770 935 1021 991 dicemus
1061 930 1416 1005 Unigenitum
1464 933 1639 987 solum
1684 946 1810 987 esse
1843 946 2028 985 veram

462 1028 665 1091 lucem,
685 1034 995 1081 creaturam
1027 1036 1208 1081 autem
1248 1026 1391 1082 lucis
1424 1025 1702 1096 indigam,
1732 1033 1902 1096 atque
1944 1023 2031 1078 id-

462 1121 618 1175 circo
644 1106 875 1174 alterius
904 1129 1137 1174 naturae.

533 1209 767 1266 ALIUD.
814 1229 833 1262 ι
882 1208 1033 1264 Dixit
1072 1223 1201 1279 ergo
1226 1208 1337 1266 illis
1376 1208 1580 1266 Iesus:
1614 1208 1807 1264 Adhuc
1854 1208 2032 1264 modi-

466 1313 588 1359 cum
650 1303 832 1357 lumen
889 1301 945 1355 in
990 1301 1148 1355 vobis
1191 1308 1300 1366 est,
1351 1301 1631 1355 ambulate
1667 1302 1797 1356 dum
1850 1301 2029 1355 lucem

464 1392 685 1448 habetis
706 1433 718 1455 ,
752 1402 813 1446 ut
845 1406 957 1446 non
986 1404 1087 1447 vos
1126 1391 1365 1445 tenebrae
1399 1392 1963 1457 comprehendant".
2006 1411 2024 1445 ι

468 1485 691 1551 Quibus
718 1484 884 1540 dictis
906 1485 1172 1538 rationem
1203 1482 1868 1554 quampriusattulimus,
1896 1486 2032 1541 scite

464 1576 923 1631 accommodabis.
942 1575 1072 1642 Quae
1092 1574 1235 1631 enim
1264 1586 1349 1631 est
1375 1583 1573 1630 natura
1598 1577 1713 1644 lux,
1733 1588 1765 1632 a
1793 1578 2031 1634 tenebris

475 1681 587 1723 non
619 1667 1114 1736 comprehendetur
1141 1682 1401 1738 unquam.

535 1816 768 1873 ALIUD.
805 1816 1088 1875 Joannes:
1130 1836 1151 1872 ι
1183 1819 1287 1886 Qui
1328 1821 1463 1877 dicit
1489 1837 1549 1878 se
1578 1822 1635 1877 in
1667 1823 1791 1880 luce
1818 1838 1963 1890 esse,
2006 1845 2026 1879 ι

466 1905 672 1977 inquit,
701 1924 721 1958 ι
757 1914 808 1961 et
850 1906 1079 1963 fratrem
1137 1924 1300 1964 suum
1361 1911 1502 1976 odit,
1547 1912 1602 1967 in
1650 1914 1896 1971 tenebris
1946 1923 2033 1973 est

466 2013 645 2069 usque
667 1999 846 2054 adhuc
865 2001 935 2055 τ’.
966 2019 988 2053 ι
1019 1999 1065 2054 Α
1089 2003 1374 2072 proposito
1411 2003 1583 2073 igitur
1610 2005 1705 2059 lux
1730 2014 1815 2062 est
1846 2006 1902 2062 in
1934 2023 2033 2063 no-

462 2088 577 2154 bis,
625 2098 680 2145 et
725 2091 1011 2147 voluntate
1042 2093 1231 2161 potius
1278 2108 1444 2163 quam
1502 2095 1818 2151 substantia
1866 2098 2033 2155 rebus

465 2180 668 2236 creatis
714 2180 879 2247 inest,
914 2182 961 2235 si
994 2181 1092 2252 qui
1141 2180 1258 2237 odit
1290 2182 1519 2238 fratrem
1558 2184 1614 2239 in
1649 2186 1895 2243 tenebris
1924 2197 2032 2244 est.

465 2268 589 2325 Lux
627 2278 813 2327 autem
869 2273 1177 2329 secundum
1219 2275 1589 2330 substantiam
1622 2285 1706 2332 est
1769 2278 2035 2350 Unigeni-

466 2367 579 2426 tus,
608 2377 720 2416 non
741 2363 887 2417 enim
919 2364 1274 2419 arbitrariam
1308 2365 1474 2421 habet
1507 2366 1659 2421 illam
1684 2367 2030 2438 dignitatem.

466 2450 641 2523 Igitur
668 2470 846 2524 neque
878 2455 1127 2525 ejusdem
1163 2465 1247 2512 est
1276 2465 1488 2512 naturae
1510 2472 1636 2512 cum
1685 2460 1852 2517 rebus
1879 2476 2035 2517 crea-

468 2549 561 2609 tis,
589 2546 679 2613 qui
717 2553 870 2600 tanto
897 2561 993 2601 eas
1018 2547 1307 2601 intervallo
1350 2559 1604 2618 superat.
1862 2534 1865 2537 ’

534 2633 747 2689 ALlL'D
767 2675 781 2701 ,
812 2636 934 2691 huic
969 2637 1138 2708 aﬂiue.
1177 2657 1195 2690 ι
1226 2638 1331 2704 Qui
1379 2637 1603 2694 fratrem
1637 2656 1799 2696 suum
1831 2642 2032 2713 diligit,

467 2723 525 2778 in
552 2725 675 2781 luce
714 2735 897 2783 manet
920 2728 986 2811 7³.
1026 2747 1044 2780 ι
1076 2728 1332 2785 Charitas
1360 2731 1640 2785 creaturis
1681 2748 1742 2787 ea
1769 2748 1893 2803 quae
1924 2750 2032 2789 non

467 2812 676 2868 habent
710 2816 1006 2879 conciliat,
1038 2815 1218 2869 lucem
1253 2815 1539 2871 nimirum.
1589 2814 1704 2871 Lux
1740 2826 1918 2873 autem
1950 2830 2035 2874 est

473 2901 1012 2974 Unigenituszalius
1058 2906 1226 2978 igitur
1257 2917 1341 2963 est
1372 2908 1441 2963 ab
1468 2909 1539 2963 iis
1589 2910 1644 2963 in
1685 2911 1887 2981 quibus
1936 2928 2035 2984 per

469 2994 801 3051 charitatem
838 3007 946 3052 est.
1102 3046 1111 3051 .

1101 3076 1386 3144 CAP.lX.

471 3176 625 3256 Quod
646 3178 871 3256 hominis
889 3177 1070 3256 anima
1108 3190 1228 3232 ante
1258 3195 1445 3247 corpus
1476 3198 1578 3234 non
1605 3183 1847 3256 exsistat,
1875 3201 2037 3256 neque

541 3249 604 3299 ob
665 3247 1011 3321 pra'cedentia
1077 3260 1292 3318 peccata
1343 3266 1558 3320 corpore
1612 3247 2037 3321 includatur,'ut

540 3316 787 3372 nonnulli
823 3316 1089 3374 asserunt.

542 3406 592 3472 ι,
632 3407 685 3464 9'.
720 3406 851 3473 Qum
886 3409 1160 3464 illuminat
1197 3427 1400 3465 omnem
1439 3410 1701 3467 hominem
1751 3415 2037 3471 venientem

470 3499 527 3553 in
558 3496 696 3552 hunc
724 3499 994 3556 mundum.

542 3585 718 3644 Recte
767 3590 1052 3662 theologus
1107 3606 1215 3647 non
1244 3593 1424 3649 solum
1464 3595 1744 3651 existimat
1782 3611 2037 3655 asseren-

474 3678 603 3733 dum
634 3679 988 3752 Uuigcnitum
1020 3682 1124 3755 73
1154 3700 1338 3739 veram
1371 3701 1493 3742 esse
1516 3687 1691 3742 lucem
1712 3729 1725 3749 .
1759 3691 1854 3745 sed
1889 3689 2037 3747 dicta

473 3786 571 3825 sua
602 3772 784 3827 statim
817 3774 1100 3840 declarat,
1132 3790 1325 3846 magna
1369 3793 1505 3833 voce
1548 3785 1758 3835 tantum
1786 3798 1894 3839 non
1922 3785 2034 3840 cla-

470 3875 631 3917 mans
661 3879 674 3914 :
714 3860 915 3919 Lucem
960 3864 1111 3927 illam
1140 3881 1263 3922 esse
1293 3866 1419 3922 dico
1449 3861 1631 3924 veram
1654 3911 1668 3937 ,
1709 3889 1729 3922 ι
1757 3887 1879 3943 qua:
1908 3873 2033 3931 illu-

469 3952 643 4007 minat
677 3969 892 4010 omnem
938 3953 1216 4013 hominem
1242 3959 1552 4015 venientem
1590 3962 1645 4017 in
1686 3952 1835 4019 hunc
1875 3983 2038 4023 mun-

469 4041 623 4099 dum.
655 4058 674 4096 ι
714 4044 906 4101 Nonne
944 4061 1097 4118 ergo,
1140 4049 1353 4119 inquiet
1398 4049 1582 4106 forsan
1616 4054 1819 4125 aliquis
1853 4055 2040 4113 divina

470 4135 724 4206 dogmata
755 4140 1076 4195 examinare
1104 4141 1323 4205 solitus,
1359 4142 1539 4212 angeli
1572 4140 1855 4200 hominum
1888 4162 2041 4203 men-

468 4234 578 4280 tem
617 4226 1295 4293 illuminant?Cornelius.
1321 4231 1575 4297 obsecro,
1617 4246 1647 4287 a
1681 4250 1918 4304 quonam
1959 4237 2043 4292 di-

468 4314 605 4371 dicit
636 4333 761 4371 eum
793 4320 885 4388 qui
921 4321 992 4375 sit
1020 4321 1328 4391 baptizatus
1359 4339 1389 4378 a
1423 4320 1531 4380 Deo
1564 4326 1768 4382 salvari
1795 4327 1889 4382 "7
1928 4327 2038 4384 Mal

1443 255 1502 313 S.
1548 250 1821 309 CYRILU
1854 245 2327 304 ALEXANDRINI
2360 244 2681 302 ARCHIEI‘.

454 389 642 444 lucem
693 383 956 440 aurittunt
1004 383 1100 455 qui
1138 381 1364 439 credere
1409 386 1695 441 recusant,
1753 383 1848 429 aut
1893 384 2030 440 quo-

2133 369 2250 433 πῶς
2279 365 2603 422 ἀπολλύουσι
2634 363 2697 418 τὸ
2724 361 2840 433 φῶς
2877 360 2927 413 οἱ
2958 355 3235 412 πιστεύειν
3261 352 3362 407 οὐκ
3402 348 3701 413 ἐθέλοντες,
3806 372 3817 379 -

2795 453 2803 455 Α
3065 449 3077 455 _
3283 444 3295 455 ,
3515 439 3573 455 ,η
3643 436 3657 455 ,
3684 453 3693 455 _

318 480 341 499 ⁴
454 476 625 531 m’odo
650 475 746 529 lilii
785 483 917 530 sunt
970 474 1115 530 lucis
1160 473 1199 528 ii
1228 471 1325 542 qui
1373 468 1636 527 credunt?
1660 465 1798 520 Nam
1851 466 1899 521 si
1934 465 2029 519 lux

3601 226 3696 282 196

2128 460 2161 532 ἢ
2188 458 2302 523 πῶς
2329 459 2396 512 ἂν
2418 458 2524 511 υἱοὶ
2545 455 2721 527 φωτὸς
2743 453 3004 523 γένωνται
3031 449 3082 502 ei.
3108 444 3477 507 πιστεύοντεςς
3510 439 3576 492 Ei
3595 436 3702 509 γάρ

2112 554 2236 606 ἐἰσι
2263 551 2357 606 κάὶ
2376 548 2531 603 αὐτοὶ
2549 547 2692 603 κατὰ
2714 544 2874 615 φύσιν
2897 542 2957 596 τὸ
2977 540 3112 611 φῶς,
3141 534 3347 591 ἑαυτῶν
3369 535 3476 604 ἄρα
3495 544 3703 602 χρημφ

2127 641 2331 695 τιοῠσιν
2377 639 2502 694 υίοί,
2567 638 2679 691 Καὶ
2732 634 2883 695 ποῖός
2933 633 3051 685 ἐστι
3099 630 3211 691 τοῖς
3271 623 3618 679 πιστεύουσιν
3671 621 3703 674 6

2131 731 2354 803 μισθός;
2384 730 2505 783 Εἰσὶ
2522 728 2631 799 γὰρ
2660 724 2857 797 μᾶλλον
2888 719 3096 775 ἑαυτῶν
3122 718 3248 782 uici,
3278 715 3375 770 καὶ
3402 713 3500 784 τὴν
3524 710 3702 803 πίστιν

2127 801 2188 876 ού
2235 819 2687 892 παραδεξάμενοι.
2725 813 2855 870 ’Ἀπὸ
2878 813 2945 883 δὴ
2965 810 3074 866 τῶν
3097 807 3354 863 τοιούτων
3392 801 3612 858 ἐννοιῶν
3642 801 3703 855 τὸ

2129 913 2327 985 ἀληθὲς
2361 911 2727 980 λογιζόμενοι,
2780 906 2936 979 μόνον
2965 903 3195 976 ἐροῦμεν
3221 896 3360 953 εἶναι
3403 895 3465 949 τὺ
3503 892 3618 985 φῶς
3644 892 3704 985 τὸ

2129 983 2378 1076 ἀληθινὸν
2410 1003 2499 1057 τὸν
2527 999 2829 1070 Μονογενῆ,
2865 996 3040 1067 φωτὸς
3071 993 3129 1047 δὲ
3161 991 3259 1060 τὴν
3286 987 3461 1044 κτίσιν
3493 983 3700 1048 ἐπιδεᾶ,

2129 1097 2224 1150 καὶ
2246 1095 2333 1149 διὰ
2356 1094 2510 1147 τοῦτο
2526 1091 2788 1157 άλλοφυᾶ.

2199 1187 2401 1241 ΑΑΛΟ.
2439 1203 2458 1236 ι
2490 1178 2656 1237 Εἶπεν
2686 1177 2778 1235 οὖν
2808 1179 2990 1240 αὐτοῖς
3022 1177 3050 1229 6
3083 1170 3306 1243 Ἰησοῦς
3340 1169 3461 1221 Ἔτι
3507 1163 3702 1237 μικρὸν

2110 1277 2317 1348 χρόνον
2345 1275 2406 1329 τὸ
2434 1274 2547 1346 φῶς
2581 1275 2637 1327 ὲν
2671 1273 2799 1342 ύμῖν
2825 1273 2960 1332 ἐστι,
2991 1264 3363 1336 περιπατεῖτε,
3391 1260 3467 1322 ὡς
3495 1258 3555 1312 τὸ
3584 1256 3701 1325 φῶς

2131 1369 2304 1439 ἔχετε,
2351 1367 2438 1421 ἵνα
2480 1367 2554 1437 μὴ
2585 1368 2617 1436 ἡ
2651 1363 2838 1418 σκοτία
2872 1362 3016 1433 ὑμᾶς
3046 1354 3347 1428 καταλάϐῃ.
3378 1370 3397 1404 ι
3447 1351 3557 1406 Καὶ
3588 1351 3699 1412 τοῖς

2133 1458 2507 1532 προκειμένοις
2542 1457 2874 1528 ὲφαρμόσεις
2902 1453 3165 1523 ἐντέχνως
3183 1448 3274 1501 τὸν
3308 1448 3367 1499 ὲν
3392 1447 3505 1508 τοῖς
3530 1458 3700 1513 προα-

2131 1550 2502 1621 ποδεδομένοις
2530 1549 2705 1619 λόγον.
2752 1547 2826 1600 T6
2863 1544 2971 1616 γὰρ
3005 1543 3120 1613 φῶς
3162 1538 3304 1594 κατὰ
3332 1537 3493 1607 φύσιν
3523 1534 3700 1605 ὑπάρ·

2132 1658 2245 1714 χον,
2277 1643 2377 1698 οὐκ
2401 1642 2467 1697 ἂν
2499 1641 2603 1695 ὑπὸ
2637 1638 2860 1702 σκότους
2898 1632 3266 1705 καταληφθείη
3298 1628 3450 1684 ποτέ.

2200 1816 2405 1872 ΑΛΛΟ.
2456 1814 2514 1870 '0
2558 1812 2809 1882 Ἰωάννης
2833 1827 2849 1844 ο
2902 1830 2921 1863 ι
2951 1809 3009 1863 '0
3049 1805 3225 1875 λέγων
3265 1805 3324 1857 ὲν
3362 1800 3441 1872 τῷ
3480 1799 3638 1869 φωτὶ,
3672 1815 3693 1850 ι

2133 1905 2317 1977 φησὶν,
2354 1924 2373 1957 ι
2404 1892 2563 1969 εῖναι,
2612 1903 2704 1957 καὶ
2744 1901 2836 1955 τὸν
2875 1897 3099 1967 ἀδελφὸν
3130 1892 3295 1950 αὑτοῦ
3323 1890 3516 1963 μισῶν,
3543 1891 3600 1942 ἐν
3631 1890 3698 1958 τῇ

2134 1999 2321 2071 σκοτίᾳ
2351 1997 2498 2052 ἐστὶν
2553 1996 2657 2059 ἕως
2687 1993 2831 2064 ἄρτι.
2864 2011 2884 2045 ι
2931 1985 3317 2062 Προαιρετικδν
3347 1985 3454 2053 ἄρα
3490 1982 3551 2035 τὸ
3582 1978 3700 2049 φῶς
3746 2039 3755 2049 ,

2131 2087 2189 2142 ὲν
2219 2086 2370 2158 ἡμῖν,
2414 2085 2509 2140 xal.
2555 2082 2697 2138 κατὰ
2734 2081 2951 2152 θέλησιν
2993 2078 3213 2149 μᾶλλον,
3262 2076 3298 2146 ἢ
3344 2073 3462 2127 κατ’
3511 2071 3699 2126 οὐσίαν

2132 2180 2485 2253 προσπέφυκε
2514 2179 2625 2240 τοῖς
2652 2177 2921 2246 γενητοῖς,
2970 2174 3125 2243 εῖπερ
3150 2172 3180 2223 ὁ
3220 2167 3390 2240 μισῶν
3421 2165 3512 2220 τὸν
3552 2163 3701 2218 ἁδελ-

2131 2271 2229 2341 φδν
2259 2272 2317 2324 ὲν
2349 2272 2414 2341 τῇ
2446 2267 2633 2339 σκοτίᾳ
2664 2266 2780 2319 ἐστί
2805 2281 2820 2295 ·
2870 2262 2984 2332 φῶς
3017 2261 3075 2315 δὲ
3102 2260 3220 2312 κατ’
3250 2254 3440 2310 οὐσίαν
3470 2254 3499 2306 ὁ
3524 2254 3699 2306 Μονο-

2129 2365 2294 2434 γενής
2319 2379 2333 2393 ’
2369 2360 2431 2415 οὐ
2461 2359 2569 2431 γὰρ
2599 2358 2969 2430 προαιρέσεως
2995 2352 3107 2425 ἔχει
3133 2347 3343 2420 καρπὸν
3374 2346 3435 2401 τὸ
3461 2344 3698 2413 ἀξίωμα.

2132 2456 2369 2519 Οὐκοῦν,
2430 2453 2549 2507 οὐδὲ
2609 2449 2856 2522 ὁμοφυὴς
2911 2449 3023 2511 τοῖς
3083 2444 3328 2515 γενητοῖς
3376 2441 3405 2493 6
3448 2436 3702 2493 τοσοῦτον

2133 2546 2544 2619 ὑπερκείμενος.
3125 2610 3137 2619 ᾗ
3268 2564 3271 2569 ‹
3567 2532 3582 2550 ’

2201 2610 2406 2701 ᾸΛΛό,
2444 2634 2633 2699 τούτῳ
2659 2628 2950 2701 συγγενές
2971 2645 2986 2659 -
3034 2646 3053 2680 ι
3094 2610 3152 2679 ’ὸ
3181 2621 3408 2692 ἀγαπῶν
3433 2619 3524 2673 τὸν
3550 2617 3703 2672 ἀδελ-

2132 2733 2231 2803 φὸν
2259 2727 2446 2796 αὑτοῦ,
2472 2729 2529 2782 ὲν
2561 2725 2638 2798 τῷ
2671 2725 2809 2795 φωτὶ
2844 2723 3015 2795 μένει.
3047 2739 3067 2773 ι
3095 2719 3157 2773 Ἦ
3190 2718 3376 2787 ἀγάπη
3405 2717 3515 2777 τοῖς
3539 2730 3703 2782 γενηο

2129 2827 2265 2889 τοῖς,
2311 2821 2456 2891 ἅπερ
2497 2818 2598 2872 οὒκ
2637 2817 2818 2888 ἔχουσι
2851 2814 3118 2885 προξενεῖ,
3169 2809 3230 2864 τὸ
3274 2807 3390 2879 φῶς
3438 2804 3698 2876 δηλονότι.

2129 2915 2250 2978 Φῶς
2277 2911 2337 2968 δὲ
2363 2915 2391 2966 6
2424 2906 2725 2979 Μονογενής
2750 2924 2764 2938 ·
2810 2906 2996 2975 ἕτερος
3039 2901 3133 2959 οὖν
3160 2902 3268 2974 ἄρα
3300 2900 3416 2955 ἐστὶ
3453 2894 3604 2968 παρὰ
3631 2893 3702 2950 τὰ

2136 3009 2193 3064 ὲν
2217 3001 2298 3072 οῖς
2330 3004 2390 3071 ἐξ
2421 3004 2639 3074 ἀγάπης
2666 2999 2893 3068 γίνεται.

2741 3088 2991 3143 ΚΕΦΑΛ.
3030 3087 3106 3141 8’.

2138 3187 2267 3240 Ὀτι
2292 3185 2364 3239 οὐ
2386 3178 2752 3300 προὺπάρέει
2773 3176 2880 3231 τοῦ
2903 3175 3174 3245 σώματος
3193 3173 3231 3239 ἠ
3258 3171 3450 3241 ψυχὴ,
3472 3167 3615 3224 οὐδὲ
3635 3167 3703 3220 ἐκ

2208 3249 2620 3300 πηεσϐυτέοων
2685 3245 3071 3300 ιωοτηιιάτων
3094 3245 3132 3300 ’ἡ
3160 3242 3526 3300 σωμάτωσις,
3555 3236 3703 3293 κατά

2207 3236 3071 3324 πρέάόὖτέρωίᾶλιαρτημάτῶν
3094 3245 3132 3313 ή
3151 3236 3526 3312 hominum,
3555 3236 3706 3293 κατά

2205 3341 2395 3389 τινας.

2212 3417 2283 3469 ⁸0
2312 3404 2540 3484 φωτίζει
2574 3407 2769 3464 πάντα
2804 3406 3114 3476 ἄνθρωπον
3139 3394 3463 3474 ἐρχόμενον
3483 3401 3570 3466 είς
3599 3396 3707 3453 τὸν

2136 3509 2387 3575 κόσμον.
2980 3536 2989 3545 -

2220 3596 2501 3668 ’Δσφαλῶς
2536 3597 2566 3649 6
2594 3592 2836 3660 θεολόγος
2859 3589 2923 3644 ού
2954 3588 3113 3660 μόνον
3153 3585 3323 3639 οἴεται
3364 3582 3493 3646 δεῖν,
3531 3579 3611 3634 ὅτι
3637 3575 3703 3647 δὴ

2140 3688 2255 3763 φῶς
2284 3667 2518 3759 ὑπάρχοι
2543 3686 2602 3740 τὸ
2624 3683 2870 3755 ἀληθινὸν
2905 3684 2934 3736 6
2962 3677 3267 3748 Μονογενὴς
3300 3674 3552 3741 ἐξειπεῖν,
3584 3667 3704 3763 ᾀλὶδ

2140 3758 2334 3850 ἐπάγει
2378 3758 2491 3841 τοῖς
2536 3773 2845 3847 είρημένοις
2890 3770 3228 3842 παραχρῆμα
3271 3766 3366 3836 τὴν
3408 3758 3702 3850 ἀπόδειξιν,

2144 3846 2426 3944 μονονουχὶ
2453 3866 2547 3923 καὶ
2582 3846 2815 3935 συντόνῳ
2839 3862 2959 3916 λίαν
2995 3855 3381 3930 άνακεκραγὼς
3406 3856 3471 3925 τῇ
3508 3846 3659 3944 φωνῇ
3687 3868 3701 3883 ⁸

2136 3941 2257 4027 ibi};
2282 3957 2421 4016 εἷναί
2448 3977 2588 4030 φημι
2637 3956 2699 4010 τὸ
2751 3951 3020 4025 ἀληθινὸν,
3074 3969 3092 4001 ι
3120 3950 3148 4004 δ
3173 3948 3392 4030 φωτίζει
3415 3945 3592 3999 πάντα
3616 3941 3709 3996 ἄν-

2085 4040 2093 4057 ¹
2140 4051 2359 4124 θρωπον
2389 4028 2679 4122 ἐρχόμενον
2708 4046 2788 4108 είς
2823 4041 2914 4096 τὸν
2939 4041 3161 4110 κόσμον.
3192 4055 3212 4092 ι
3261 4028 3387 4108 Ἆρ’
3423 4031 3537 4097 οὖν,
3562 4033 3705 4124 εἴποι

2139 4120 2224 4206 τις
2264 4140 2331 4196 ἂν
2374 4120 2482 4209 ὅτῳ
2524 4137 2588 4208 δὴ
2636 4130 2788 4205 φίλον
2830 4134 2930 4187 οὐκ
2989 4124 3360 4193 ἀϐασανίστως
3402 4127 3509 4180 τῶν
3549 4120 3706 4179 θείων

2141 4230 2511 4304 ἐπακροᾶσθαι
2539 4228 2822 4297 δογμάτων
2840 4265 2853 4287 ,
2903 4225 2965 4277 οὐ
2996 4221 3320 4290 φωτίζουσιν
3350 4217 3570 4287 ἄγγελοι
3599 4212 3706 4269 τῶν

2141 4325 2238 4381 ἀνθ
2248 4324 2442 4397 ρώπων
2462 4319 2552 4374 τὸν
2574 4316 2699 4374 νοῦν
2718 4335 2733 4383 ;
2757 4314 3056 4387 Κορνηλίας
3080 4313 3159 4376 δὲ,
3178 4310 3299 4365 είπέ
3329 4324 3436 4380 μοι,
3459 4306 3549 4361 διά
3568 4306 3709 4397 τίνος

468 4422 580 4463 nue
603 4420 736 4461 vero
759 4408 853 4461 ille
886 4417 1039 4477 pater
1065 4409 1338 4466 cheonis
1359 4454 1373 4479 ,
1409 4414 1658 4484 nunquid
1706 4430 1803 4485 per
1842 4433 2033 4474 vocem

2141 4387 2460 4486 ἐμάνθανεν,
2510 4409 2591 4463 δτι
2624 4406 2728 4478 χρὴ
2772 4402 3133 4475 eammeam
3168 4397 3524 4463 διασώζεσθαι
3558 4393 3709 4465 παρὰ

471 4495 652 4566 angeli
688 4510 776 4551 res
806 4496 1022 4554 futuras
1052 4499 1285 4556 edoctus
1330 4515 1414 4557 est
1434 4503 1522 4558 "2
1561 4504 1861 4563 Zacharias
1902 4508 2034 4564 item

471 4588 763 4658 propheta,
800 4589 1051 4658 nunquid
1096 4599 1285 4659 aperte
1330 4593 1533 4647 clamat
1563 4609 1576 4647 :
1617 4614 1636 4647 ι
1672 4598 1739 4651 Ει
1767 4597 1907 4651 dixit
1939 4615 2035 4654 an-

472 4679 627 4748 gelus
678 4680 772 4749 qui
808 4680 1140 4750 loquebatur
1171 4683 1225 4737 in
1272 4699 1399 4737 me:
1446 4684 1557 4757 Ego
1598 4687 1699 4742 tibi
1746 4691 2033 4746 ostendam

470 4771 603 4842 quid
653 4781 782 4829 sunt
813 4772 1045 4829 haac".i
1086 4772 1301 4831 Rursus
1338 4775 1531 4832 iisdem
1571 4779 1855 4849 repetitis,
1892 4796 2037 4838 nun-

470 4863 601 4934 quid
642 4864 791 4919 clare
830 4864 1072 4920 ostendit
1100 4867 1326 4936 angelos
1360 4868 1543 4923 animo
1576 4886 1677 4925 suo
1721 4887 1904 4927 rerum
1939 4888 2034 4930 oc-

471 4957 744 5011 cultarum
797 4960 1165 5031 cognitionem
1213 4949 1503 5017 revelare?
1538 4982 1557 5015 ι
1598 4961 1738 5020 Ecce
1793 4965 1964 5031 enim,
2011 4984 2029 5018 ι

472 5046 686 5119 inquit,
715 5067 733 5101 ι
778 5051 1005 5123 angelus
1043 5053 1139 5123 qui
1179 5052 1505 5123 loquebatur
1554 5055 1609 5111 in
1662 5038 1769 5122 me,
1811 5059 2030 5123 stabat,

471 5146 527 5194 ct
576 5141 717 5196 alius
748 5143 979 5214 angelus
1022 5143 1408 5212 egrediebatur
1442 5147 1498 5201 in
1546 5158 1841 5203 occursum
1888 5148 2031 5217 ejus.

473 5229 541 5284 Et
570 5232 705 5286 dixit
739 5234 804 5288 ad
837 5250 961 5289 eum
994 5253 1008 5290 :
1043 5234 1217 5292 Curre
1248 5243 1303 5292 et
1348 5236 1576 5307 loquere
1619 5237 2033 5294 adolescentulo

472 5318 587 5385 illi,
619 5323 814 5381 dicens
849 5347 862 5383 :
896 5326 1185 5399 Frugifera
1235 5328 1590 5385 habitabitur
1613 5328 1951 5398 Jerusalem,
1997 5346 2031 5387 a

472 5420 820 5477 multitudine
872 5424 1155 5480 hominum
1208 5430 1261 5480 et
1311 5424 1687 5495 iumentorum
1738 5426 1793 5480 in
1852 5425 2032 5482 medio

542 5575 585 5644 ξ
642 5572 796 5644 Joan.
842 5590 959 5644 xu,
1010 5579 1099 5633 35.

475 5644 519 5677 ⁷⁸
551 5641 717 5698 Zacb.
748 5658 794 5708 I,
826 5643 878 5697 9.

2141 4502 2311 4568 θεούς
2360 4498 2559 4556 Μανωὲ
2584 4497 2641 4551 δὲ
2669 4492 2762 4550 τοῦ
2788 4493 2991 4548 Γεδεὼν
3016 4495 3045 4546 6
3077 4492 3279 4562 πατὴρ,
3326 4490 3386 4544 οὐ
3414 4487 3502 4542 διὰ
3525 4487 3708 4556 φωνῆς

2140 4594 2371 4665 ἀγγέλου
2422 4590 2493 4643 τὰ
2542 4586 2774 4657 ἐσόμενα
2824 4582 3286 4657 προεπαιδεύετο;
3332 4577 3607 4649 Ζαχαρίας
3651 4576 3707 4630 δὲ

2136 4688 2339 4759 ὁμοίως
2360 4684 2492 4754 ἡμῖν
2523 4680 2553 4731 6
2593 4677 2875 4748 προφήτης
2910 4675 3029 4745 οὐχὶ
3059 4672 3245 4742 σαφῶς
3269 4669 3669 4738 άναφθέγγεται
3690 4683 3706 4697 ο

2142 4797 2163 4831 ι
2192 4776 2301 4830 Καὶ
2327 4768 2477 4826 εἶπεν
2504 4771 2532 4823 6
2558 4767 2787 4837 ἄγγελος
2814 4769 2842 4821 6
2880 4765 3054 4820 λαλῶν
3083 4764 3140 4817 ὲν
3172 4762 3294 4834 ἐμοί
3316 4778 3330 4794 ·
3383 4760 3527 4828 Ἐγὼ
3554 4759 3709 4824 δείξω

2141 4884 2225 4925 σοι
2252 4868 2304 4921 τί
2332 4866 2446 4918 ἐστι
2478 4860 2669 4918 ταῦτα.
2701 4878 2722 4912 ι
2782 4859 2891 4913 Καὶ
2924 4858 3082 4912 πάλιν
3110 4855 3198 4909 διὰ
3231 4854 3341 4908 τῶν
3374 4852 3555 4906 αὐτῶν
3576 4850 3710 4922 ἡμῖν

2142 4959 2430 5033 ἐρχόμενος
2467 4956 2595 5026 ἡμῖν
2621 4952 2781 5021 λόγον
2820 4949 2938 5023 [νηο.
2983 4944 3209 5019 λόγων],
3252 4945 3350 4999 οὐκ
3389 4940 3711 5033 ἐπιδεικνύει

2145 5031 2332 5120 σαφῶς
2350 5091 2365 5117 ,
2411 5049 2492 5101 ὅτι
2533 5046 2639 5099 τῶν
2666 5041 3064 5114 κεκρυμμένων
3093 5040 3195 5110 τὴν
3227 5036 3427 5107 γνῶσιν
3453 5031 3710 5100 ἐξεκάλο-

2140 5156 2274 5199 πτον
2318 5141 2538 5211 ἄγγελοι
2585 5136 2726 5192 κατὰ
2767 5133 2894 5189 νοῦν
2930 5132 3118 5203 αὐτῷς
3159 5149 3178 5182 ι
3211 5129 3320 5183 Καὶ
3364 5126 3474 5181 ίδοὺ
3521 5123 3651 5195 γάρ,
3686 5141 3704 5174 ι

2141 5234 2335 5306 φησὶν,
2380 5248 2402 5284 ι
2431 5233 2459 5285 6
2501 5228 2728 5300 ἄγγελος
2771 5227 2800 5279 6
2840 5223 3018 5279 λαλῶν
3065 5224 3123 5276 ὲν
3161 5220 3284 5292 ἐμοὶ
3320 5217 3579 5287 εἱστήκει,
3619 5213 3711 5306 καὶ

2140 5304 2370 5398 ἅγγελος
2415 5325 2601 5395 ἕτερος
2644 5317 2998 5390 ἐξεπορεύετο
3044 5316 3126 5381 είς
3174 5313 3479 5380 ἀπάντησιν

2138 5395 2249 5475 Kal.
2270 5413 2390 5472 εἷπε
2410 5415 2543 5486 πρὸς
2568 5411 2729 5467 αὐτὸν
2756 5408 2931 5478 λέγων
2951 5423 2966 5438 ·
2996 5405 3183 5477 Δράμε
3208 5402 3303 5456 καὶ
3324 5399 3553 5470 λάλησον
3576 5395 3711 5468 πρὸς

1203 5579 1247 5610 "
1286 5577 1444 5633 Joan.
1503 5594 1577 5643 ll,
1639 5581 1692 5636 9.
1770 5583 1814 5614 ⁷⁸
1857 5580 1988 5636 ibid.
2043 5578 2127 5634 iO.
2218 5578 2264 5612 "
2336 5578 2560 5636 Act.x,
2617 5569 2642 5624 1
2702 5581 2823 5638 sqq.
2915 5564 2961 5599 "'
3023 5561 3205 5619 Judic.
3262 5575 3396 5628 xm,
3475 5557 3511 5613 ὅ
3581 5569 3706 5626 sqq.
