4072 6210
338 246 353 252 ”
421 234 520 292 125

1477 240 1544 297 1N
1562 240 1845 300 JOANNIS
1881 243 2334 313 EVANGELIUM
2370 256 2499 313 LlB.
2536 258 2576 313 Ι.

3559 276 3666 335 126

411 351 506 405 τὸν
539 350 761 406 νεανίαν
789 354 1019 419 ἐκεῖνον,
1062 353 1239 423 λέγων
1263 373 1278 388 ο
1327 357 1697 433 Κατάκαρπος
1731 380 1968 435 κατοικη

2088 368 2209 438 ejus
2232 371 2294 426 ⁷⁷.
2326 393 2344 425 ι
2383 372 2525 441 Quid
2575 377 2753 433 vero?
2793 376 2980 436 Daniel
3018 382 3134 456 ipse
3166 388 3256 443 cui
3303 390 3657 456 admirabiles

412 440 636 513 θήσεται
680 443 1053 517 Ἰερουσαλὴμ,
1101 446 1211 500 ἀπὸ
1254 447 1494 520 πλήθους
1538 451 1857 524 ἀνθρώπων,
1894 457 1968 509 κα

2092 459 2332 517 visiones
2369 465 2564 519 oblatae
2596 476 2756 533 sunt,
2808 486 2992 527 nonne
3038 490 3226 531 earum
3263 482 3655 542 revelationem

411 532 627 605 κτηνῶν
649 534 761 588 τῶν
786 537 843 588 ὲν
879 536 1028 607 μέσῳ
1054 538 1242 610 αὐτῆς.
1273 556 1291 589 ι
1314 540 1378 593 Ti
1410 540 1501 607 δέ;
1531 544 1652 596 εἰπέ
1686 562 1804 613 μοι·
1837 547 1930 600 καὶ
1959 548 1987 600 6

412 626 723 694 σοφώτατος
753 618 952 699 Δανιὴλ
975 632 1097 692 ταῖς
1123 627 1471 699 ἀξιαγάστοις
1505 632 1792 700 όπτασίαις
1816 654 1987 708 προσ·

408 717 588 771 ϐαλὼν
618 720 737 790 οὐχὶ
778 720 885 773 τῶν
908 721 1202 792 ὁρωμένων
1229 721 1326 793 τὴν
1372 724 1711 795 ἀποκάλυψιν
1754 727 1841 781 διὰ
1890 729 1986 800 τῆς

407 809 657 877 ἀγγέλων
702 809 1005 882 ἐρανίζεται
1046 812 1268 880 φωνῆς;
1305 814 1504 867 Ἀκουε
1541 816 1646 887 γὰρ
1692 816 1943 885 λέγοντος
1966 835 1981 849 ·

410 917 432 950 ι
462 900 571 953 Καὶ
589 902 804 969 ἐγένετο
824 902 883 955 ὲν
902 901 979 971 τῷ
1007 902 1135 955 ἰδεῖν
1168 922 1258 973 με,
1280 903 1389 972 ἐγὼ
1410 905 1629 976 Δανιὴλ,
1655 909 1752 979 τὴν
1774 910 1979 979 ὅρασιν,

405 992 501 1044 καὶ
553 993 780 1062 ἐζήτουν
834 992 1045 1046 σύνεσιν
1074 1008 1087 1022 °
1141 995 1233 1047 καὶ
1275 995 1384 1048 ίδοὺ
1434 995 1563 1067 ἔστη
1603 999 1829 1051 ἐνώπιόν
1882 1017 1982 1069 μου

403 1084 481 1146 ὡς
523 1085 714 1156 ὅρασις
759 1084 981 1153 ἀνδρὸς,
1029 1086 1123 1139 καὶ
1166 1087 1373 1156 ηκουσα
1418 1088 1601 1159 φωνὴν
1646 1089 1834 1158 ἀνδρὸς
1880 1088 1982 1144 ἀνὰ

405 1173 569 1239 μέσον
595 1172 692 1226 τοῦ
726 1173 927 1239 Ούσὰλ,
973 1178 1068 1229 καὶ
1114 1176 1360 1242 ἐκάλεσε,
1396 1177 1489 1230 καὶ
1528 1173 1646 1230 εἷπε
1673 1195 1687 1208 ·
1718 1179 1977 1250 Γαϐριὴλ,

403 1264 682 1317 συνέτισον
724 1268 930 1319 ἐκεῖνον
979 1267 1078 1337 τὴν
1124 1268 1330 1338 ὅρασιν.
1371 1288 1390 1320 ι
1450 1269 1656 1322 Ούκοῦν
1703 1269 1876 1324 ἔνεστι
1918 1272 1979 1325 τὸ

400 1354 662 1409 δύνασθαι
711 1357 964 1426 φωτίζειν
1009 1358 1281 1425 ἀγγέλοις,
1330 1359 1424 1413 καὶ
1470 1361 1528 1414 οὐ
1579 1360 1739 1430 μόνον
1770 1362 1976 1426 αὐτοῖς,

400 1448 522 1503 ἀλλ’
554 1448 652 1519 ἤδη
697 1448 793 1503 καὶ
824 1447 1109 1516 ἄνθρωπος
1141 1450 1231 1503 τὸν
1270 1449 1330 1515 ἐξ
1360 1450 1645 1522 ἀνθρώπου
1675 1451 1975 1517 δανείζετώ

398 1538 702 1609 φωτισμόν.
749 1540 857 1591 Καὶ
892 1537 1021 1605 γοῦν
1059 1540 1087 1592 6
1132 1539 1435 1610 φιλομαθὴς
1476 1543 1678 1606 ἐκεῖνος
1723 1542 1976 1613 εὐνοῦχος
2022 1530 2031 1541 ’

395 1629 495 1693 τὰς
543 1629 674 1699 περὶ
715 1627 809 1682 τοῦ
852 1628 1106 1699 Σωτῆρος
1138 1628 1295 1699 ἡμῶν
1334 1630 1666 1701 προφητείας
1697 1632 1758 1684 ού
1786 1634 1974 1697 ’συνεὶς

2089 552 2407 641 angelorum
2458 570 2593 612 voce
2650 560 2890 631 accipit?
2935 563 3074 618 Audi
3130 568 3276 621 enim
3342 569 3655 641 loquentem

2070 636 2287 708 ipsum.
2316 660 2334 692 ι
2376 641 2439 696 Et
2468 643 2671 700 factum
2714 657 2828 715 est,
2867 670 2885 704 ι
2944 653 3144 721 inquit,
3173 675 3191 707 ι
3232 672 3358 713 cum
3412 636 3654 721 viderem

2086 745 2185 802 ego
2209 732 2398 789 Daniel
2428 736 2692 793 visionem
2715 783 2729 803 ,
2758 750 2811 796 et
2838 746 3153 812 quaerebam
3190 749 3612 820 intelligentiam
3638 775 3653 823 ;

2084 829 2137 877 et
2173 824 2328 877 stetit
2382 824 2438 880 in
2490 840 2793 898 conspectu
2831 849 2951 888 meo
2983 838 3142 904 quasi
3182 841 3397 907 species
3428 844 3567 910 viri,
3603 856 3656 900 et

2084 911 2267 966 audivi
2307 928 2499 969 vocem
2560 917 2703 971 inter
2742 918 2911 984 Ubal,
2962 929 3016 975 et
3062 927 3311 989 vocavit,
3361 936 3416 981 et
3465 930 3603 984 dixit
3641 949 3652 984 :

2082 999 2323 1065 Gabriel,
2369 1004 2453 1058 fac
2508 1005 2806 1077 intelligere
2834 1010 2996 1064 istum
3034 1011 3300 1069 visionem
3324 1016 3389 1067 ⁷⁸.
3425 1036 3442 1068 ι
3485 1016 3655 1088 igitur

2083 1092 2392 1150 illuminare
2418 1108 2649 1167 possunt
2672 1102 2872 1167 angeli,
2907 1118 3085 1172 neque
3109 1122 3239 1179 vero
3271 1107 3373 1175 ipsi
3411 1116 3649 1172 tantum,

2081 1184 2174 1239 sed
2207 1194 2260 1239 et
2289 1187 2450 1242 homo
2476 1189 2752 1244 hominem
2784 1193 3079 1249 illuminat.
3108 1196 3379 1263 Quocirca
3406 1200 3654 1256 discendi

2080 1274 2359 1332 studiosus
2406 1279 2494 1333 ille
2545 1283 2855 1344 eunuchus.
2890 1299 3013 1338 cum
3053 1287 3356 1345 Salvatoris
3411 1270 3655 1361 prophe-

2080 1367 2184 1420 tias
2206 1383 2316 1421 non
2351 1370 2702 1439 intelligeret,
2732 1371 3045 1443 Philippum
3074 1380 3398 1445 compellat:
3429 1397 3447 1430 ι
3478 1378 3651 1436 Obse-
3744 1440 3757 1451 ί

2078 1470 2176 1511 cro
2215 1466 2286 1519 te.
2316 1460 2383 1515 de
2422 1478 2531 1530 quo
2565 1465 2835 1533 propheta
2885 1467 3017 1520 dicit
3052 1468 3209 1523 haec?
3242 1472 3308 1526 de
3356 1487 3437 1533 se,
3478 1488 3546 1527 an
3582 1473 3649 1529 de

2077 1545 2189 1599 alio
2227 1547 2414 1617 aliquo
2446 1549 2532 1603 '9?
2570 1569 2589 1602 ι
2628 1550 2893 1610 Doctores
2924 1557 3049 1609 item
3098 1567 3152 1613 et
3184 1560 3431 1631 magistri
3468 1578 3649 1617 rerum

2076 1638 2201 1693 vita:
2255 1641 2502 1704 utilium,
2555 1657 2664 1696 non
2720 1644 2885 1698 aliam
2954 1648 3026 1702 ob
3083 1663 3306 1703 causam
3363 1667 3528 1721 quam
3574 1654 3648 1709 ob

393 1720 472 1791 τῷ
489 1694 740 1789 Φιλίππῳ
763 1719 915 1790 φησι·
933 1694 1301 1790 (decimi-oon,
1325 1694 1614 1791 πέριτίνος
1691 1694 1968 1795 προφήτηέ

2489 1694 2501 1704 ,
2959 1694 3023 1702 ν-
3087 1694 3305 1703 μνη...
3364 1694 3528 1721 .,.......
3576 1694 3647 1709 ν..

2076 1731 2238 1785 istam
2270 1732 2356 1787 sui
2397 1733 2610 1802 c0piam
2645 1735 2880 1792 faciunt.
2908 1735 3013 1792 Sed
3055 1754 3155 1793 cur
3184 1741 3237 1795 in
3269 1741 3355 1796 his
3384 1743 3647 1799 immora-

394 1809 563 1878 λέγει,
606 1811 739 1882 περὶ
780 1808 1002 1874 ἑαυτοῦ,
1036 1809 1067 1881 ἢ
1102 1811 1229 1881 περ).
1270 1810 1456 1881 ἐτέρου
1492 1810 1674 1877 τινός;
1711 1831 1731 1865 ι
1780 1813 1888 1865 Καὶ
1922 1815 1971 1866 οἱ
2000 1859 2010 1870 .

393 1906 508 1969 τοῖς
546 1903 692 1958 κατὰ
733 1904 825 1958 τὸν
868 1903 983 1974 βίον
1021 1902 1334 1957 διδάσκαλοι
1379 1905 1824 1976 προστρέχοντες,
1872 1906 1971 1977 ούχ

394 1997 584 2069 ἑτέρου
625 1995 809 2059 τινὸς,
862 1991 1039 2066 οἶμαι,
1087 1996 1276 2066 χάριν,
1321 1994 1510 2048 τούτου
1560 1995 1618 2048 δὲ
1668 1996 1763 2049 καὶ
1807 1996 1967 2067 μόνου

395 2089 701 2159 προσίασιν.
744 2086 904 2141 Ἀλλὰ
941 2088 996 2140 τί
1032 2087 1099 2158 δὴ
1129 2086 1337 2149 τούτοις
1379 2086 1802 2159 ὲνδιατρίὸομεν,
1848 2088 1967 2153 ἐξὸν

393 2176 824 2234 ἀπαλλάττεσθαι
863 2178 1080 2250 ῥαδίως,
1119 2179 1293 2230 ἐκεῖνο
1329 2176 1674 2250 παραθέντας
1707 2180 1787 2243 εἰς
1828 2179 1967 2233 ἀπό-

388 2272 555 2339 δειξιν
580 2272 642 2325 τὸ
685 2270 837 2342 παρὰ
865 2270 959 2324 τοῦ
990 2271 1239 2341 Σωτῆρος
1268 2270 1423 2340 ἡμῶν
1452 2269 1591 2340 πρὸς
1622 2271 1750 2334 τοὺς
1780 2272 1969 2340 ἁγίους

387 2364 678 2436 εἰρημένον
720 2362 1088 2426 ἀποστόλους·
1144 2379 1165 2414 ι
1203 2363 1390 2433 Ὑμεῖς
1442 2364 1566 2415 ὲστε
1606 2361 1667 2414 τὸ
1711 2363 1824 2431 φῶς
1872 2361 1967 2417 τοῦ

387 2437 627 2526 κόσμους
662 2472 683 2506 ι
714 2454 953 2508 Τοιαῦτα
986 2456 1083 2526 μὲν
1124 2454 1187 2526 δή
1235 2472 1318 2519 τις
1360 2455 1499 2508 κατὰ
1542 2454 1603 2508 τὸ
1642 2455 1789 2519 elicit;
1834 2457 1969 2511 ἐπα-

385 2550 634 2621 πορήσας
657 2548 791 2617 ἐρεῖ,
821 2547 969 2617 παρὰ
993 2545 1049 2599 δὲ
1083 2545 1238 2617 ἡμῶν
1263 2544 1679 2601 ἀντακούσεται·
1729 2548 1815 2601 Ἐν
1848 2565 1969 2601 συν-

387 2638 536 2693 θέσει
564 2640 635 2692 τὰ
663 2638 808 2692 κατὰ
832 2638 931 2709 τὴν
958 2637 1134 2691 κτίσιν
1161 2636 1397 2708 ὁρῶμεν,
1422 2632 1467 2692 ὧ
1495 2633 1667 2702 οὗτος,
1698 2639 1792 2692 καὶ
1815 2638 1968 2693 οὐδὲν

384 2732 445 2785 ὲν
478 2731 614 2802 αὐτῇ
649 2731 711 2784 τὸ
744 2729 948 2784 ἁπλοῦν
971 2746 984 2759 °
1036 2728 1234 2783 οὐκοῦν
1267 2733 1294 2783 6
1327 2730 1522 2799 σοφοῦν
1553 2729 1769 2802 ἐτέρους
1811 2731 1967 2786 δυνά-

389 2839 573 2894 μενος,
596 2822 754 2892 εἰπερ
798 2821 884 2892 εἴη
932 2822 1178 2891 γενητὸς,
1225 2822 1326 2874 οὐκ
1399 2821 1725 2893 αὐτόχρημα
1755 2823 1963 2893 ἐστινὴ

390 2915 578 2984 σοφία,
616 2914 749 2968 ἀλλὰ
776 2914 878 2983 τῆς
922 2912 1152 2985 ἐνούσης
1179 2915 1238 2967 ἐν
1278 2912 1427 2984 αὐτῷ
1460 2913 1650 2982 σοφίας
1677 2914 1922 2977 διάκονος
1945 2929 1958 2942 ’

2072 1835 2216 1887 mur,
2269 1837 2394 1876 cum
2432 1822 2499 1875 ad
2544 1823 2647 1878 hoc
2677 1826 3022 1894 probandum
3068 1828 3374 1885 Salvatoris
3404 1835 3648 1889 auctori-

2071 1919 2184 1967 tate
2230 1912 2396 1967 liceat
2427 1915 2506 1968 uti
2534 1914 2626 1986 qui
2677 1918 2795 1972 suis
2839 1921 3105 1988 apostolis
3152 1922 3227 1975 ait
3261 1940 3273 1975 :
3306 1942 3323 1974 ι
3355 1922 3468 1979 Vos
3510 1927 3646 1982 estis

2072 2001 2164 2055 lux
2199 2003 2390 2056 mundi
2412 2003 2497 2057 '°?
2535 2023 2553 2056 ι
2588 2003 2743 2058 Talia
2795 2006 3048 2076 quidem,
3087 2014 3146 2061 ut
3190 2007 3431 2074 videtur,
3485 2010 3648 2066 dubi-

2068 2093 2235 2147 tando
2262 2102 2468 2164 quaeret
2510 2095 2730 2166 aliquis.
2768 2096 2875 2152 Sed
2905 2114 2934 2153 a
2970 2098 3128 2154 nobis
3161 2100 3403 2155 vicissim
3437 2102 3591 2157 audit
3621 2120 3635 2157 :

2067 2183 2255 2251 Nihil,
2292 2200 2324 2241 o
2354 2186 2610 2258 quisquis
2641 2203 2733 2251 es,
2782 2189 2838 2242 in
2881 2191 3156 2245 creaturis
3199 2190 3467 2261 reperitur
3504 2192 3641 2249 sim-

2068 2277 2193 2347 plex
2238 2286 2335 2331 aut
2384 2279 2808 2348 compositionis
2843 2296 3082 2350 expers:
3114 2281 3279 2351 igitur
3325 2283 3642 2353 quicunque

2069 2368 2235 2421 alium
2263 2369 2485 2424 erudire
2519 2380 2698 2440 potest
2727 2372 2793 2426 ad
2828 2374 3176 2441 sapientiam,
3212 2374 3256 2429 si
3288 2383 3508 2429 creatus
3532 2382 3641 2439 est,

2067 2472 2181 2512 non
2206 2467 2291 2513 est
2330 2459 2564 2528 ipsamet
2588 2463 2879 2531 sapientia,
2908 2465 3003 2517 sed
3037 2464 3324 2529 sapientiae
3351 2480 3458 2532 qua
3500 2480 3642 2534 prae-

2066 2547 2218 2605 ditus
2251 2559 2336 2604 est
2369 2552 2641 2605 minister.
2692 2552 2803 2623 ’14
2838 2554 2895 2615 in
2929 2554 3204 2622 sapientia
3235 2554 3380 2607 enim
3420 2555 3646 2623 sapiens

2065 2649 2153 2695 est
2194 2642 2441 2710 sapiens,
2501 2651 2553 2696 et
2594 2643 2687 2712 qui
2740 2644 3091 2713 prudentiam
3135 2646 3352 2711 edocet,
3395 2661 3506 2700 non
3553 2655 3643 2703 est

2066 2731 2303 2800 ipsamet
2357 2733 2673 2801 prudentia,
2722 2734 2817 2788 sed
2871 2736 3179 2804 prudentia:
3228 2751 3332 2806 qua
3379 2737 3642 2806 praeditus

2063 2830 2148 2879 est
2182 2824 2449 2879 minister.
2483 2823 2540 2879 in
2584 2826 2870 2895 prudentia
2904 2829 3108 2898 quippe
3137 2840 3266 2883 sunt
3298 2830 3639 2900 prudentes;

2064 2915 2147 2970 sic
2184 2916 2501 2986 quicunque
2555 2917 2695 2972 alios
2752 2918 3065 2974 illuminare
3125 2930 3342 2991 potest,
3399 2938 3507 2977 non
3558 2929 3643 2979 est

387 3012 450 3064 ιν
476 3008 633 3079 σοφίᾳ
657 3009 766 3079 γὰρ
794 3008 827 3059 6
855 3006 1018 3075 σοφός
1048 3006 1167 3059 ἐστι
1198 3003 1382 3073 σοφὸς,
1412 3004 1507 3058 καὶ
1537 3007 1565 3057 6
1592 3006 1844 3067 συνετοὺς
1872 3005 1959 3057 ἐκο

2067 3008 2186 3078 ipsa
2216 3009 2435 3079 proprie
2465 3010 2577 3073 lux,
2612 3009 2708 3065 sed
2758 3009 2899 3064 lucis
2927 3026 3034 3080 qua
3072 3013 3336 3081 praeditus
3368 3022 3454 3069 est
3486 3029 3641 3068 com-

380 3098 668 3163 διδάσκων,
694 3098 794 3151 οῦκ
825 3096 1150 3169 αὐτόχρημά
1175 3100 1322 3149 ἐστιν
1379 3094 1412 3166 ὴ
1448 3093 1678 3160 σύνεσις,
1706 3094 1839 3148 ἀλλὰ
1866 3094 1964 3163 τῆς

380 3189 800 3260 ἐνυπαρχούσης
826 3187 978 3259 αὐτῷ
1011 3187 1277 3250 συνέσεως
1310 3186 1601 3258 ύπουργός.
1640 3186 1728 3237 Ἐν
1753 3178 1963 3238 συνέσει

378 3280 496 3351 γάρ
522 3280 628 3332 stat
653 3279 748 3333 καὶ
775 3273 919 3333 οὗτοι
955 3278 1186 3340 συνετοὶ,
1219 3278 1311 3331 καὶ
1337 3278 1366 3329 6
1399 3274 1653 3347 φωτίζειν
1686 3272 1754 3329 αὖ
1801 3275 1963 3331 πάλιν

378 3369 608 3440 ἑτέρους
654 3368 826 3432 εἰδὼς,
880 3368 983 3422 οὐκ
1026 3366 1158 3421 αὐτὸ
1204 3366 1407 3437 κυρίως
1441 3365 1507 3419 ἂν
1537 3366 1707 3418 νοοῖτο
1735 3363 1795 3416 τὺ
1824 3363 1958 3431 φῶς,

380 3463 525 3518 ἀλλὰ
555 3460 730 3531 φωτὸς
749 3460 844 3514 τοῦ
877 3462 934 3514 ὲν
967 3460 1115 3531 αύτῷ
1137 3460 1460 3529 δανειστήςθ
1491 3459 1569 3520 είς
1593 3456 1808 3528 ἑτέρους
1831 3455 1962 3509 αὐτὸ

379 3555 774 3626 παραπέμπων
824 3552 1086 3616 ἅδακτῶς
1109 3591 1124 3614 ,
1177 3552 1271 3605 καὶ
1330 3549 1802 3619 κοινοποιούμενος
1849 3550 1961 3612 τοῖς

377 3647 564 3710 ἄλλοις
593 3646 732 3717 ὅπερ
774 3645 994 3714 εἴληφεν
1022 3641 1247 3711 ἀγαθόν.
1300 3643 1483 3694 Διᾶτοι
1510 3639 1665 3693 τοῦτο
1697 3641 1791 3693 καὶ
1825 3638 1960 3709 πρὸς

376 3741 510 3802 τοὺς
537 3718 728 3805 ἀγίοῗις
759 3736 1088 3798 ἀποστόλους
1118 3733 1335 3801 ἐλέγετο
1361 3748 1373 3761 ·
1413 3750 1433 3783 ι
1464 3732 1681 3802 Δωρεὰν
1714 3731 1956 3796 ἐλάϐετε,

374 3829 590 3902 δωρεὰν
616 3829 755 3882 δότε.
789 3847 808 3880 ι
839 3828 981 3882 Ὅσα
1005 3826 1112 3897 γὰρ
1140 3820 1208 3896 ἦν
1236 3825 1418 3887 αὐτοῖς
1453 3824 1657 3894 ἀγαθὰ,
1682 3824 1855 3880 ταῦτα
1894 3824 1958 3895 δὴ

377 3923 601 3985 πάντως
646 3920 765 3973 ἐστὶ
810 3920 905 3973 καὶ
953 3917 1222 3973 θεόσδοτα.
1259 3917 1370 3971 Καὶ
1396 3916 1496 3969 οὐκ
1539 3915 1605 3969 ἂν
1636 3914 1772 3979 ὅλως
1811 3913 1960 3979 ἰδίοις

374 4013 609 4084 ἀγαθοῖς
650 4013 683 4083 ἢ
719 4010 828 4063 τῶν
856 4007 1161 4080 ἀνθρώπων
1207 4003 1583 4075 ἐναγλατζοιτο
1612 4005 1794 4072 φύσις,
1842 4003 1957 4058 ἀλλ’

378 4105 507 4157 οὐδὲ
534 4105 566 4174 ἡ
593 4101 703 4155 τῶν
729 4100 899 4169 ἁγίων
922 4099 1189 4167 ἀγγέλων.
1222 4098 1378 4152 Μετὰ
1411 4095 1521 4166 γὰρ
1541 4094 1635 4149 τοῦ
1659 4094 1958 4164 κεκλῆσθαι

385 4194 525 4265 πρὸς
551 4193 780 4261 γένεσιν,
816 4190 910 4245 καὶ
944 4190 1035 4244 τὸν
1062 4189 1154 4243 τοῦ
1190 4188 1307 4252 πῶς
1350 4183 1487 4241 εἶναι
1531 4186 1687 4254 λόγον
1731 4184 1958 4239 ἕκαστον

379 4284 494 4339 τῶν
543 4286 711 4339 ὄντων
754 4283 869 4352 ἔχει
924 4281 1074 4352 παρὰ
1115 4279 1282 4343 Θεοῦ,
1330 4278 1423 4332 καὶ
1470 4276 1622 4330 οὐδὲν
1669 4278 1726 4329 ὲν
1775 4276 1958 4341 αὐτοῖς

2066 3100 2336 3164 modator,
2368 3098 2497 3152 dum
2525 3099 2649 3155 aliis
2678 3099 2923 3155 infundit
2952 3101 3313 3174 docendoque
3330 3107 3639 3160 communi-

2065 3199 2156 3246 cat
2185 3192 2332 3261 quod
2382 3194 2600 3262 accepit
2648 3195 2877 3248 bonum.
2922 3194 3274 3266 Proindeque
3304 3195 3515 3251 dictum
3555 3205 3642 3254 est

2062 3282 2225 3336 etiam
2259 3282 2467 3337 sanctis
2503 3285 2807 3352 apostolis:
2847 3304 2865 3337 ι
2903 3284 3088 3343 Gratis
3139 3290 3470 3361 accepistis,
3514 3304 3641 3359 gra-

2062 3375 2134 3429 tis
2186 3373 2391 3429 date".
2431 3394 2450 3427 ι
2497 3374 2775 3446 Quidquid
2822 3378 2966 3431 enim
3002 3379 3271 3433 bonorum
3326 3381 3632 3447 habebant,

2063 3464 2194 3519 illud
2220 3464 2485 3521 divinitus
2512 3469 2799 3523 consecuti
2840 3466 3034 3524 erant.‘
3052 3469 3239 3542 Neque
3272 3487 3405 3526 vero
3440 3480 3638 3527 natura

2063 3556 2343 3615 hominum
2404 3559 2459 3614 in
2513 3560 2831 3615 universum
2900 3563 3144 3632 propriis
3201 3564 3359 3618 bonis
3414 3562 3640 3634 gloriari

2060 3658 2270 3720 potest,
2326 3666 2395 3705 ne
2456 3651 2575 3722 ipsa
2643 3654 2862 3724 quidem
2926 3664 3251 3710 sanctorum
3309 3657 3633 3727 angelorum

2060 3752 2278 3797 natura.
2325 3741 2459 3797 Nam
2500 3752 2694 3813 praeter
2725 3761 2888 3814 quam
2922 3749 3069 3815 quod
3111 3748 3176 3801 ad
3207 3762 3331 3801 esse
3365 3747 3636 3815 producta

2059 3843 2188 3891 sunt
2208 3838 2412 3902 omnia,
2442 3836 2872 3906 unumquodque
2898 3838 3203 3892 exsistendi
3232 3838 3451 3892 modum
3472 3839 3636 3893 habet

2059 3939 2089 3979 a
2137 3925 2267 3986 Deo.
2320 3941 2421 3981 nec
2452 3928 2506 3979 in
2539 3927 2606 3982 iis
2651 3928 2952 3997 quidquam
3022 3912 3473 3985 substantialiter
3507 3946 3634 3989 esse

2058 4016 2395 4086 putabimus,
2427 4016 2569 4085 quod
2591 4031 2618 4070 ο
2650 4018 2990 4087 benignitate
3023 4017 3308 4074 Creatoris
3331 4035 3438 4073 non
3468 4020 3634 4090 proti-

2058 4107 2320 4170 ciscatur,
2372 4115 2425 4161 et
2473 4107 2689 4176 opiﬁcis
2740 4108 2935 4178 gratim
2999 4107 3272 4164 radicitus
3337 4109 3630 4165 innitatur.

2057 4197 2383 4269 ltaquecum
2405 4215 2494 4254 res
2516 4209 2714 4255 creata:
2744 4199 3072 4269 compositae
3109 4200 3219 4253 sint
3240 4241 3255 4265 ,
3292 4200 3383 4253 lux
3409 4200 3631 4269 quidem

2058 4292 2204 4346 inter
2232 4306 2326 4345 eas
2357 4291 2494 4344 nihil
2531 4291 2756 4360 proprie
2774 4305 2837 4343 ac
2861 4290 3191 4360 simpliciter
3221 4291 3348 4356 erit,
3382 4300 3475 4346 aut
3493 4292 3633 4348 citra

377 4376 652 4439 οὑσιωδῶς
685 4375 1013 4444 ἐνυπάρχειν
1042 4369 1448 4440 διακεισόμεθα,
1481 4366 1509 4419 ὃ
1541 4366 1616 4437 μὴ
1647 4363 1815 4434 δῶρόν
1843 4368 1955 4419 ἐστι

2067 4381 2560 4452 compositionem.
2624 4381 2720 4437 sed
2790 4397 2888 4453 per
2950 4381 3426 4451 participationem
3488 4384 3633 4439 istud

376 4471 479 4540 τῆς
503 4468 597 4523 τοῦ
623 4467 909 4530 κτίσαντος
938 4464 1264 4534 φιλοτιμίας,
1310 4461 1405 4515 καὶ
1431 4459 1583 4533 ῥίζαν
1613 4457 1724 4527 ἔχει
1747 4458 1845 4529 τὴν
1865 4455 1957 4510 τοῦ

376 4561 887 4631 δημιουργήσαντος
927 4556 1108 4627 χάριν.
1141 4553 1348 4608 Οὐκοῦν
1391 4550 1691 4623 ἐπειδήπερ
1736 4550 1796 4601 ὲν
1834 4564 1961 4631 συνῖ

376 4654 530 4708 θέσει
575 4654 647 4706 τὰ
691 4650 917 4721 γενητὰ,
964 4648 1081 4718 φῶς
1125 4647 1221 4718 μὲν
1270 4648 1327 4700 ὲν
1370 4646 1557 4706 αὐτοῖς
1604 4641 1755 4696 οὐδὲν
1805 4638 1958 4694 ἔσται

376 4745 587 4814 κυρίως
617 4760 676 4797 τε
727 4744 820 4796 καὶ
848 4740 1073 4805 ἁπλῶς,
1128 4739 1247 4809 ἦτοι
1295 4736 1637 4800 ἀσυνθέτως,
1678 4732 1958 4803 μεθεκτῶς

373 4836 439 4888 δὲ
467 4835 561 4888 καὶ
589 4834 749 4889 τοῦτο
777 4835 998 4903 φορέσει
1046 4830 1183 4902 μετὰ
1214 4829 1321 4883 τῶν
1346 4829 1519 4884 ἄλλων
1546 4827 1779 4882 λαϐόντα
1807 4826 1960 4898 παρὰ

376 4926 537 4980 Θεοῦ.
564 4925 685 4989 Φῶς
712 4923 769 4978 δὲ
786 4921 859 4978 αὖ
885 4923 945 4977 τὸ
966 4921 1238 4994 ἀληθινὸν,
1268 4920 1329 4974 τὸ
1355 4917 1588 4989 φωτίζογ
1616 4920 1782 4984 ἐστὶν,
1811 4920 1871 4973 ού
1899 4919 1961 4972 τὸ

374 5018 510 5089 παρ’
536 5017 725 5089 ἑτέρου
754 5017 1142 5087 φωτιζόμενον,
1172 5014 1307 5084 ὅπερ
1334 5013 1482 5065 ἐστὶν
1506 5013 1534 5065 6
1566 5013 1876 5082 Μονογενὴς
1907 5015 1964 5066 ὲν

376 5110 527 5183 ἁπλῇ
585 5111 682 5166 καὶ
709 5110 996 5182 ἀσυνθέτῳ
1037 5107 1323 5178 νοούμενος
1367 5106 1548 5175 φύσει,
1595 5106 1818 5177 διπλόης
1849 5106 1959 5179 γὰρ

368 5202 602 5274 ἁπάσης
642 5203 704 5257 τὸ
740 5197 900 5257 θεῖον
935 5201 1222 5271 ἀποφοιτᾷ.
1276 5200 1389 5251 Καὶ
1436 5196 1611 5250 ταῦτα
1660 5197 1758 5267 μὲν
1791 5199 1919 5269 τῇδε
1943 5213 1955 5225 ·

374 5292 635 5355 «mmet
667 5296 804 5366 ἡμῖν
841 5296 958 5363 ὲρεί
987 5292 1150 5363 τυχὸν
1179 5291 1207 5345 6
1234 5290 1299 5344 δι’
1328 5288 1599 5351 ἐναντίας⁹
1643 5284 1708 5342 Εἰ
1736 5289 1813 5360 μὴ
1843 5290 1958 5358 φῶς

376 5387 630 5459 ὑπῆρχον
648 5387 792 5442 κατὰ
815 5386 976 5457 φύσιν
1002 5387 1051 5440 οι
1081 5384 1245 5455 ἅγιοι,
1269 5381 1358 5436 διὰ
1378 5380 1537 5434 ποίαν
1563 5379 1740 5435 αἰτίαν
1763 5382 1960 5446 αὐτοὺς

374 5478 504 5550 οὐχὶ
528 5479 707 5549 φωτὸς
734 5479 1001 5534 ἀπεκάλει
1040 5478 1321 5550 μετόχους,
1354 5470 1489 5527 ἀλλὰ
1533 5471 1649 5542 φῶς
1682 5472 1963 5544 ὠνόμαζεν

2060 4476 2223 4529 etiam
2269 4489 2391 4528 cum
2455 4475 2669 4530 caeteris
2722 4488 2751 4528 a
2808 4473 2918 4528 Deo
2954 4474 3241 4544 suscipiet.
3300 4473 3415 4529 Lux
3453 4484 3634 4530 autem

2063 4579 2191 4619 vera
2222 4572 2456 4633 estquae
2490 4564 2795 4629 illuminat,
2844 4577 2955 4617 non
2994 4580 3117 4634 qua:
3172 4564 3513 4619 illmninatur
3565 4566 3635 4619 ab

2060 4659 2193 4720 alio,
2238 4655 2547 4727 cujnsmodi
2598 4654 3062 4725 cstUnigenitus,
3096 4657 3190 4725 qui
3240 4656 3294 4710 in
3327 4656 3559 4725 simplici
3584 4662 3635 4710 et

2060 4745 2429 4817 incomposita
2457 4754 2656 4800 natura
2685 4762 2811 4801 esse
2846 4746 3195 4816 intelligitur,
3216 4762 3343 4800 cum
3375 4746 3431 4801 in
3460 4744 3627 4799 Deum

2060 4841 2206 4894 nulla
2246 4839 2445 4895 cadere
2501 4838 2677 4909 possit
2708 4839 3057 4908 compositio.
3089 4838 3270 4909 Atque
3299 4839 3413 4892 lnec
3455 4839 3526 4891 ita
3578 4852 3639 4891 se

2061 4933 2278 5004 quidem
2313 4932 2552 4998 habent;
2583 4931 2679 4987 sed
2730 4912 2973 4985 rursum.
2996 4930 3156 4985 nobis
3191 4928 3379 4984 forsan
3410 4927 3633 4996 objiciet

2063 5019 2457 5076 adversarius:
2495 5018 2552 5073 Si
2608 5021 2783 5075 sancti
2838 5020 2931 5073 lux
2983 5033 3092 5073 non
3147 5026 3277 5074 sunt
3330 5017 3634 5072 secundant

2064 5122 2348 5174 naturain,
2381 5125 2547 5181 quam
2595 5112 2666 5166 ob
2698 5098 2935 5166 causam
2960 5126 3067 5164 non
3111 5110 3252 5163 lucis
3300 5107 3635 5177 participes,

2064 5202 2157 5259 sed
2178 5203 2356 5258 lucem
2385 5217 2481 5257 eos
2512 5200 2768 5256 Salvator
2806 5200 3186 5270 nuncupavit?
3214 5200 3323 5253 Aut
3358 5198 3634 5269 quomodo

2062 5294 2290 5350 alterius
2327 5294 2431 5348 erit
2454 5292 2524 5348 ab
2556 5293 2676 5364 ipso
2706 5301 2919 5346 natura:
2964 5296 3243 5353 creatura,
3283 5290 3330 5346 si
3371 5288 3632 5360 quemad-

2062 5385 2287 5440 modum
2323 5386 2441 5455 ipse
2482 5385 2575 5439 lux
2608 5391 2961 5454 nuncupatus
2990 5391 3103 5447 est,
3138 5383 3214 5437 ita
3246 5380 3408 5439 etiam
3456 5381 3630 5437 homi-

2076 5478 2289 5534 neslux
2316 5477 2573 5550 appellati
2609 5476 2818 5535 suum
2859 5476 2970 5534 Vos
2999 5475 3145 5532 enim
3179 5475 3316 5533 estis
3352 5474 3441 5529 lux
3474 5485 3635 5529 mun-

455 5658 498 5693 π
535 5656 701 5754 lat-lt.
739 5673 818 5728 tt,
852 5659 905 5726 5,
938 5658 990 5715 4.
1066 5661 1110 5694 ⁷⁸
1148 5659 1278 5716 Dan.
1316 5662 1443 5727 vut',
1484 5661 1579 5728 l5,
1623 5662 1702 5717 l6.
1780 5663 1824 5695 ⁷³
1864 5662 1963 5719 Act

2074 5679 2113 5721 tt
2137 5704 2150 5731 ,
2187 5663 2279 5721 δι.
2359 5662 2404 5695 ⁸ο
2446 5660 2638 5719 Matth.
2674 5679 2725 5731 ν,
2760 5662 2845 5719 li.
2924 5663 2964 5695 ⁸¹
3012 5660 3200 5717 Matth.
3236 5676 3263 5714 ιι
3288 5698 3302 5725 ,
3337 5658 3389 5714 8.
