4072 6210
433 273 538 332 127

1455 280 1512 337 s.
1545 278 1824 339 CYRILLI
1854 255 2319 336 ALEXANDRINI
2359 279 2680 336 ARCIIIEP.

3583 285 3682 340 1Ξ8

443 397 498 452 di
522 397 591 462 ",
624 415 642 448 ι
667 396 923 468 discipuli
968 399 1284 455 audierunt.
1315 398 1416 456 Cui
1453 401 1535 457 sic
1569 401 1989 471 reSpondemus:

2104 398 2131 450 6
2161 395 2389 469 Σωτήρς
2448 397 2572 460 Πῶς
2621 395 2676 450 δέ
2710 397 3005 470 ἐτεροφυὴς
3039 399 3070 469 ἡ
3099 399 3273 464 κτίσις
3305 399 3380 464 ὡς
3416 399 3551 472 πρὸς
3589 403 3684 456 αύ-

430 489 543 544 Cur
581 505 733 560 ergo,
757 490 899 547 bone
925 493 1029 557 vir,
1055 493 1129 547 dii
1161 493 1369 565 Deique
1400 495 1496 550 ﬁlii
1521 495 1666 566 apud
1691 495 2004 566 Scripturas

429 577 644 636 divinas
685 583 983 651 nuncnpati
1013 584 1404 655 sumus,juxta
1441 587 1611 642 illud:
1641 605 1660 639 ι
1703 585 1815 658 Ego
1854 587 1998 652 dixi,

431 669 514 724 Dii
546 673 701 736 estis,
734 684 786 728 et
821 673 914 728 lilii
944 673 1158 731 Excelsi
1177 693 1368 735 omnes
1383 681 1468 734 “?
1497 699 1515 733 ι
1553 684 1634 734 Αη
1659 681 1825 751 igitur
1855 681 2002 737 desi-

428 774 621 818 nentes
650 780 774 820 esse
802 773 996 822 natura
1033 770 1081 823 id
1115 771 1263 841 quod
1301 789 1524 839 sumus,
1559 775 1625 829 ad
1679 777 1920 832 divinam
1947 787 2000 834 et

429 853 758 910 ineffabilem
786 858 1155 915 substantiam
1187 865 1508 930 evehemur,
1535 875 1590 922 et
1629 867 1868 924 Verbum
1902 869 1994 927 Dei

427 954 696 1013 negantes
756 964 881 1003 esse
933 966 1063 1007 vere
1135 951 1375 1020 Filium,
1437 957 1588 1013 illius
1648 959 1769 1014 loco
1852 958 1996 1017 Patri

425 1038 828 1107 assidehimus,
881 1049 936 1096 et
1004 1045 1236 1114 gratiam
1311 1064 1418 1116 qua
1481 1065 1585 1106 nos
1651 1061 1840 1117 ornat,
1893 1054 1996 1108 im-

422 1127 644 1196 pietatis
693 1131 979 1186 materiam
1036 1135 1339 1193 faciemus?
1381 1141 1560 1197 Absit.
1616 1141 1722 1198 Sed
1781 1143 1834 1199 in
1878 1147 1995 1202 suis

421 1216 586 1273 bonis
631 1221 1051 1282 immutabiliter
1105 1239 1284 1285 manet
1315 1231 1407 1286 Dei
1460 1233 1634 1290 Filius
1676 1256 1689 1291 :
1733 1253 1840 1293 nos
1895 1254 1996 1293 au-

421 1315 530 1362 tem
587 1309 878 1381 adoptione
928 1316 1021 1370 ﬁlii
1075 1335 1287 1386 sumus,
1345 1331 1399 1376 et
1451 1323 1526 1378 dii
1588 1341 1685 1395 per
1738 1329 1990 1398 gratiam,

419 1394 530 1452 n'on
590 1400 910 1471 ignorantes
957 1406 1011 1460 id
1067 1410 1215 1477 quod
1274 1427 1498 1476 sumus,
1551 1394 1606 1470 et
1673 1394 1777 1487 hoc
1833 1394 1992 1491 pacto

418 1504 640 1560 quoque
685 1504 906 1550 sanctos
965 1497 1140 1552 lucem
1176 1516 1298 1556 esse
1353 1503 1653 1563 credimus.
1689 1507 1795 1566 Sed
1855 1512 1990 1568 illud

419 1583 968 1642 animadvertendum
1054 1590 1278 1662 insuper
1390 1597 1671 1654 existimo.
1758 1600 1990 1659 Creatu-

421 1686 495 1724 rae
569 1675 799 1731 rationis
869 1687 1150 1748 compotes
1225 1695 1450 1755 accepto
1499 1689 1707 1747 lumine
1780 1694 1986 1751 illumi-

2109 488 2216 554 τὸν,
2248 491 2296 541 εί
2333 487 2583 560 καθάπερ
2612 489 2772 553 αὐτὸς
2813 489 3124 560 ὠνόμασται
3155 491 3290 562 φῶς,
3321 491 3464 547 οὓτω
3497 494 3592 547 καὶ
3615 493 3682 548 τά

2105 577 2324 648 λογικά;
2385 599 2403 632 ι
2438 579 2627 651 Ὑμεῖς
2670 580 2781 652 γάρ
2827 582 2947 634 ἐστε
2989 581 3082 635 τοῦ
3129 583 3336 654 κόσμου
3385 583 3445 638 τὸ
3491 585 3625 654 φῶς,
3659 604 3677 637 z

2105 670 2302 742 ἤκουον
2329 671 2378 725 οἱ
2411 671 2670 743 μαθηταί.
2704 672 2768 724 Τί
2797 668 2889 726 οὖν
2911 690 2925 736 ;
2951 667 2994 726 ὦ
3021 673 3285 756 βέλτιστε,
3321 675 3483 728 πάλιν
3524 675 3682 746 ἐροῦ·

2106 781 2204 835 μεν
2245 765 2396 835 αὐτῷ
2417 781 2428 793 ⁸
2476 764 2587 818 θεοὶ
2618 766 2711 818 zeal.
2735 763 2870 818 Θεοῦ
2902 766 3008 818 υἱοὶ
3043 766 3196 836 παρά
3226 769 3346 831 ταῖς
3385 766 3560 831 θείαις
3593 785 3683 845 κε.-

2102 856 2348 928 κλήμεθα
2376 858 2638 926 Γραφαῖς,
2671 856 2811 911 κατά
2849 857 2910 910 τό
2936 874 2949 886 ο
2981 875 2999 908 ι
3032 855 3172 924 Ἐγὼ
3203 853 3353 922 εἶπα,
3379 857 3502 912 Θεοί
3534 861 3679 927 ἐστε,

2101 948 2192 1000 καὶ
2214 950 2318 1001 υίοὶ
2358 949 2610 1018 Ὑψίστου
2638 949 2868 1015 πάντεςς
2902 968 2919 1000 ι
2939 944 3064 1018 'Ap'
3089 944 3181 1002 οὖν
3208 949 3434 1019 ἀφέντες
3460 950 3520 1002 τὸ
3542 947 3679 1004 εἶναι

2099 1040 2238 1093 κατά
2268 1039 2447 1108 φύσιν,
2483 1041 2621 1110 ὅπερ
2659 1040 2846 1109 ἐσμὲν,
2889 1040 2981 1092 ἐπὶ
3014 1039 3112 1110 τὴν
3139 1039 3288 1094 θείαν
3318 1058 3399 1102 τε,
3447 1041 3540 1094 zeal.
3583 1040 3681 1112 ἄῤ-

2101 1130 2262 1200 ρητον
2289 1129 2476 1182 ούσίαν
2523 1129 2926 1200 ἀναϐησόμεθα,
2975 1130 3068 1184 καὶ
3095 1129 3188 1184 τὸν
3223 1131 3316 1183 τοῦ
3345 1129 3481 1184 Θεοῦ
3506 1131 3678 1199 Λόγον

2095 1220 2193 1290 τῆς
2225 1221 2343 1272 κατ’
2373 1220 2630 1292 ἀλήθειαν
2659 1220 3013 1284 ἐκϐάλλοντες
3059 1221 3340 1290 υίότητος,
3383 1222 3496 1274 ἀντ’
3531 1222 3677 1275 ὲκεί-

2096 1326 2187 1364 νου
2214 1311 2290 1382 τῷ
2319 1313 2495 1384 Πατρὶ
2535 1312 2979 1384 συνεδρεύσομεν,
3007 1312 3102 1366 καὶ
3135 1313 3392 1366 ὑπόθεσιν
3425 1313 3677 1378 ἀσεϐείας

2094 1401 2192 1472 τὴν
2235 1402 2326 1455 τοῦ
2374 1403 2644 1474 τιμῶντος
2678 1403 3018 1475 ποιησόμεθα
3058 1403 3254 1475 χάριν;
3307 1405 3399 1474 Μὴ
3440 1405 3671 1474 γένοιτο·

2093 1491 2207 1544 ἀλλ’
2256 1491 2408 1546 ἔσται
2458 1494 2556 1562 μὲν
2614 1495 2672 1548 ἐν
2730 1490 2923 1566 οἷσπερ
2969 1495 3116 1548 ἐστὶν
3172 1497 3605 1568 ἀπαραποιήτως
3647 1497 3674 1550 6

2094 1583 2219 1646 Υίός
2253 1600 2266 1614 ·
2326 1582 2468 1636 θετοὶ
2509 1584 2564 1638 δὲ
2605 1586 2764 1655 ἡμεῖς
2812 1587 2890 1650 είς
2938 1587 3180 1657 υίότητα,
3234 1587 3328 1640 καὶ
3368 1588 3477 1640 θεοὶ
3535 1589 3675 1642 κατά

2090 1676 2270 1748 χάριν,
2312 1676 2413 1730 οὐκ
2449 1676 2769 1745 ἀγνοοῦντες
2807 1679 2944 1750 ὅπερ
2987 1679 3184 1750 ἐσμέν·
3238 1679 3381 1733 οὕτω
3427 1680 3483 1733 δέ
3531 1678 3670 1734 εἶναι

419 1768 591 1826 nant,
633 1762 738 1832 75
783 1771 1281 1828 communicatione
1315 1776 1696 1835 doctrinarum
1747 1799 1887 1853 quas
1923 1802 1989 1841 ex

2099 1769 2192 1822 καὶ
2258 1768 2373 1837 φῶς
2458 1770 2582 1832 τοὺς
2649 1769 2836 1838 ἁγίους
2908 1773 3258 1842 πιστεύομεν.
3337 1773 3548 1844 Χρῆναι
3616 1773 3671 1826 δέ

419 1867 519 1906 sua
553 1863 729 1910 mente
751 1856 804 1912 in
833 1859 1062 1915 aliorum
1091 1874 1324 1922 mentem
1352 1871 1687 1929 infundunt:
1713 1893 1836 1946 quae
1868 1881 1994 1935 illu-

418 1944 646 2000 minatio
684 1949 930 2006 doctrina
969 1953 1098 2022 jure
1131 1960 1311 2028 potius
1351 1965 1672 2034 appellanda
1705 1944 1790 2026 est
1829 1988 1992 2043 quam

416 2039 695 2095 revelatio.
729 2041 834 2098 Sed
860 2043 954 2100 Dei
972 2045 1208 2105 Verbqu
1245 2072 1263 2106 ι
1290 2055 1564 2114 illuminat
1588 2077 1802 2120 omnem
1825 2039 1994 2124 homi-

415 2143 541 2184 nem
567 2133 872 2190 venientem
900 2137 953 2193 in
987 2141 1253 2200 mundum
1280 2189 1294 2212 ,
1334 2167 1352 2200 ι
1396 2165 1507 2206 non
1561 2153 1812 2212 docendo
1844 2161 1989 2218 sicut

417 2221 634 2292 angeli,
672 2226 822 2281 verbi
862 2231 1072 2299 gratia,
1110 2236 1195 2290 vel
1222 2236 1509 2298 homines:
1560 2246 1654 2300 sed
1700 2250 1884 2319 potius
1931 2262 1992 2309 ut

417 2311 582 2379 Deus,
611 2319 883 2386 creando,
919 2323 1218 2398 unicuique
1243 2331 1320 2386 rei
1355 2332 1409 2387 in
1437 2343 1619 2392 ortum
1652 2340 1870 2398 educta:
1901 2359 1990 2400 sa-

415 2403 634 2472 pientiae
661 2406 775 2463 sive
804 2412 1139 2482 cognitionis
1169 2417 1366 2476 divina:
1394 2438 1582 2480 semen
1606 2428 1785 2496 indit,
1821 2441 1876 2487 et
1906 2435 1990 2489 in-

416 2495 730 2566 telligentia:
775 2501 1017 2560 radicem
1078 2507 1308 2577 inserit,
1365 2521 1533 2585 atque
1588 2520 1664 2575 ita
1720 2495 1991 2584 rationale

413 2589 616 2643 animal
643 2590 824 2659 efficit,
860 2605 1070 2653 naturae
1108 2599 1242 2656 illud
1270 2619 1384 2660 sure
1411 2609 1686 2681 particeps
1711 2615 1949 2674 reddens
1971 2662 1986 2686 ,

412 2688 466 2734 et
500 2681 790 2740 ineﬂ'abilis
816 2685 902 2742 sui
926 2691 1237 2760 splendoris
1269 2696 1484 2754 lucidos
1518 2704 1683 2758 veluti
1719 2681 1987 2777 quosdam

411 2789 643 2844 vapores
673 2778 794 2846 ejus
831 2781 1015 2836 animo
1043 2783 1360 2855 immittens,
1402 2807 1464 2846 ea
1493 2796 1706 2852 ratione
1732 2812 1797 2854 ac
1827 2803 1989 2858 modo

411 2878 522 2932 quo
553 2865 670 2934 ipse
699 2869 870 2933 novit,
909 2872 1042 2928 nihil
1069 2877 1215 2932 enim
1243 2896 1714 2950 supervacaneum
1743 2889 1833 2946 hic
1861 2892 1989 2948 affe-

410 2955 639 3009 rendum
693 2968 846 3028 puto.
875 2962 1145 3028 Quocirca
1185 2979 1379 3028 auctor
1420 2975 1512 3031 ille
1555 2980 1730 3035 nostri
1769 2985 1988 3052 generis

409 3043 618 3112 Adam,
671 3064 779 3105 non
822 3051 875 3106 in
915 3062 1198 3126 tempore,
1248 3061 1410 3118 sicuti
1463 3079 1564 3123 nos
1594 3109 1607 3131 ,
1659 3071 1984 3141 sapientiam
2014 3093 2055 3151 ο

409 3135 629 3192 videtur
663 3155 787 3197 esse
810 3157 1142 3206 consecutus
1165 3192 1179 3214 ,
1215 3154 1309 3208 sed
1341 3170 1369 3209 a
1407 3158 1582 3226 primo
1613 3163 1798 3218 statim
1831 3174 1986 3222 ortus

411 3227 493 3280 sui
539 3227 694 3284 initio
725 3233 964 3302 perfecta
1009 3237 1366 3310 intelligentia
1407 3248 1673 3315 praeditus
1698 3255 1983 3321 cernitur,

409 3315 540 3372 dum
580 3331 859 3393 acceptam
896 3325 1163 3387 divinitus
1204 3333 1657 3395 illuminationem
1717 3344 1984 3403 illibatam

409 3409 464 3462 in
512 3411 696 3480 seipso
746 3429 1142 3489 conservaret,
1187 3434 1241 3479 et
1296 3425 1565 3500 integram
1614 3441 1826 3490 naturae
1873 3453 1987 3494 sua:

410 3503 672 3559 retineret
724 3506 1070 3579 dignitatem.
1118 3515 1394 3574 llluminat
1435 3521 1639 3590 igitur,
1693 3535 1752 3580 ut
1803 3529 1984 3599 opifex

411 3594 631 3662 quidem
674 3596 876 3664 Filius,
914 3604 1148 3660 maxime
1175 3622 1299 3662 cum
1328 3610 1400 3664 sit
1430 3612 1546 3681 ipse
1581 3614 1672 3668 lux
1699 3616 1789 3671 illa
1823 3636 1948 3675 vera
1968 3663 1982 3686 ,

409 3696 659 3742 creatura
692 3702 871 3747 autem
900 3689 1317 3767 participaticzne
1347 3717 1470 3757 cum
1503 3707 1624 3763 luce
1647 3748 1660 3771 ,
1702 3709 1984 3767 illuminao

411 3785 502 3832 tur
523 3821 537 3844 ,
566 3791 619 3836 et
652 3783 856 3839 idcirco
890 3787 982 3844 lux
1017 3789 1223 3844 dicitur
1255 3801 1309 3848 et
1347 3804 1460 3859 est,
1491 3799 1558 3852 ad
1600 3815 1687 3856 res
1715 3817 1986 3873 superna-

409 3875 619 3928 turales
663 3884 886 3944 evecta,
930 3881 1288 3950 glorificautis
1330 3885 1455 3953 Dei,
1509 3897 1564 3944 et
1606 3894 1776 3949 variis
1812 3895 1982 3965 ipsam

410 3966 732 4020 coronantis
783 3967 1086 4027 honoribus
1134 3977 1350 4043 gratia,
1406 3979 1544 4034 adeo
1593 3990 1651 4036 ut
1713 3994 1986 4058 quotquot

409 4049 556 4108 hunc
605 4056 868 4113 honorem
915 4065 1228 4132 accepimus
1269 4069 1596 4136 juremerito
1638 4075 1691 4128 in
1745 4079 1983 4133 medium

409 4146 647 4214 prodire,
680 4159 732 4204 et
764 4167 960 4223 magna
991 4171 1126 4210 voce
1151 4159 1353 4228 gratias
1375 4156 1595 4231 agentes
1623 4168 1984 4235 gratulatorio

411 4240 654 4294 carmine
684 4241 867 4299 dicere
906 4245 1201 4303 debeamus
1232 4266 1244 4302 :
1304 4268 1322 4302 ι
1357 4250 1608 4322 Benedic,
1639 4258 1817 4312 anima
1841 4275 1980 4329 mea,

413 4326 743 4400 Dominohet
773 4337 880 4389 noli
918 4339 1164 4397 oblivisci
1188 4357 1377 4400 omnes
1413 4349 1798 4408 retributiones
1827 4353 1979 4424 ejus:

410 4419 504 4488 qui
557 4423 884 4490 prapitiatur
932 4433 1187 4490 omnibus
1242 4437 1624 4508 iniquitatibus
1679 4419 1979 4518 tuis,'qui
2016 4457 2058 4512 ι)

409 4520 567 4564 sanat
587 4527 778 4570 omnes
811 4515 1152 4579 infirmitates
1181 4535 1333 4593 tuas;
1362 4529 1455 4598 qui
1484 4533 1782 4590 redimitde
1816 4537 1987 4592 inter-

408 4601 486 4656 itu
539 4605 701 4659 vitam
749 4616 928 4676 tuam;
981 4613 1072 4681 qui
1113 4626 1344 4671 coronat
1385 4627 1435 4673 te
1491 4620 1544 4675 in
1600 4623 1982 4682 misericordia

405 4701 457 4748 et
492 4695 974 4768 miserationibus;
1022 4705 1115 4773 qui
1149 4708 1320 4775 replet
1355 4708 1408 4762 in
1454 4711 1611 4767 bonis
1649 4713 1980 4775 desiderium

405 4794 560 4841 tuum
578 4786 643 4842 “.
680 4808 699 4841 ι
734 4789 886 4845 Facit
912 4795 1054 4849 enim
1080 4797 1326 4868 profecto
1354 4802 1764 4862 misericordias
1799 4808 1976 4868 Domi-

407 4893 512 4933 nus
535 4919 550 4944 ,
587 4881 680 4951 qui
717 4897 805 4938 res
831 4899 1030 4954 parvas
1061 4895 1225 4960 atque
1259 4892 1533 4964 ahjectas,
1567 4898 1613 4953 si
1641 4908 1856 4957 natura:
1881 4919 1979 4960 cu-

403 4970 604 5042 jusque
649 4976 790 5030 ratio
836 4988 1152 5048 spectetur,
1203 4999 1434 5056 maguas
1482 4997 1646 5062 atque
1697 4995 1980 5055 mirabiles

406 5063 568 5119 eﬂicit
601 5081 701 5121 sua
722 5083 848 5140 erga
876 5071 1024 5142 ipsas
1057 5073 1302 5133 bonitate
1323 5119 1338 5143 ,
1375 5081 1576 5152 quippe
1606 5087 1696 5155 qui
1729 5090 1845 5144 suis
1879 5105 1978 5157 nos

363 5161 367 5165 '
405 5157 687 5212 cumulare
711 5157 868 5216 donis
890 5162 1079 5231 voluit,
1109 5174 1166 5220 ut
1191 5163 1356 5232 Deus,
1386 5177 1549 5240 atque
1583 5173 1790 5228 idcirco
1844 5175 1977 5231 deos

404 5253 460 5300 et
505 5245 680 5303 lucem
727 5253 1050 5322 appellavit,
1097 5257 1328 5328 aliisque
1387 5263 1656 5332 ejusmodi
1710 5264 1977 5321 bonorum

408 5340 721 5402 nominibus
763 5346 1001 5401 ornavit.
1039 5347 1202 5403 Addit
1247 5351 1530 5424 theologus
1577 5370 1676 5411 nec
1727 5355 1974 5422 frustra,

412 5450 430 5480 ι
463 5430 518 5485 In
548 5435 749 5489 mundo
771 5447 910 5506 erat,
945 5459 962 5492 ›
999 5445 1364 5499 necessariam
1391 5446 1516 5500 hinc
1544 5448 1700 5503 nobis
1730 5457 1980 5504 contem-

407 5521 701 5594 plationem
734 5525 998 5586 inferens.
1029 5532 1167 5587 Cum
1208 5536 1350 5590 enim
1385 5537 1621 5593 dixerit:
1663 5557 1681 5591 ι
1719 5538 1845 5594 Erat
1885 5538 1976 5593 lui

2094 1851 2246 1929 οἶμαι
2294 1859 2512 1913 κάκεῖνο
2564 1859 3055 1930 διασκεπτομένους
3089 1864 3239 1933 όρᾷν.
3289 1862 3370 1916 Τά
3421 1863 3517 1932 μὲν
3563 1861 3671 1932 γὰρ

2093 1948 2285 2018 λογικὰ
2331 1948 2440 2003 τῶν
2493 1950 2806 2020 κτισμάτων
2855 1952 3198 2023 φωτιζόμενα
3243 1951 3494 2022 φωτίζει,
3531 1952 3672 2006 κατά

2096 2039 2378 2110 μετάδοσιν
2445 2039 2816 2112 θεωρημάτων
2871 2041 2980 2095 τῶν
3037 2043 3102 2097 ἐκ
3155 2042 3246 2097 νοῦ
3295 2044 3431 2114 πρὸς
3479 2043 3674 2115 ἑτέραν

2091 2132 2452 2202 είσχεομένων
2479 2131 2751 2195 διάνοιαν,
2813 2133 2910 2186 καὶ
2957 2133 3274 2189 διδασκαλία
3312 2135 3510 2205 μᾶλλον
3551 2135 3672 2205 ἦτοι

2091 2220 2433 2292 ἀποκάλυψις
2458 2225 2486 2276 6
2509 2222 2745 2287 τοιοῦτος
2780 2223 2845 2278 ἂν
2878 2223 3100 2289 δικαίως
3133 2225 3350 2278 καλοῖτο
3373 2225 3667 2296 φωτισμός.

2102 2311 2162 2366 ’0
2179 2312 2236 2366 δὲ
2263 2313 2356 2366 τοῦ
2389 2313 2526 2367 Θεοῦ
2551 2313 2728 2384 Λόγος
2753 2331 2771 2366 ι
2802 2315 3025 2384 φωτίζει
3072 2316 3246 2369 πάντα
3272 2315 3556 2387 ἄνθρωπον
3577 2318 3669 2386 ἐρ-

2090 2389 2318 2476 χόμενον
2353 2406 2432 2470 εἰς
2460 2404 2551 2461 τὸν
2583 2407 2786 2478 κόσμον
2819 2426 2838 2459 z
2874 2407 2934 2460 οὐ
2962 2406 3357 2471 διδασκαλικῶς
3377 2446 3392 2472 ,
3421 2407 3672 2478 καθάπερ

2089 2499 2312 2569 ἄγγελοι
2339 2499 2517 2571 τυχὸν,
2549 2501 2582 2572 ἢ
2617 2502 2712 2554 καὶ
2734 2499 3031 2573 ἅνθρωποι,
3055 2500 3191 2554 ἀλλά
3217 2500 3417 2571 μᾶλλον
3439 2501 3514 2563 ὡς
3539 2499 3671 2566 Θεὸς

2088 2594 2492 2666 δημιουργικῶς
2535 2591 2751 2663 ἐκάστῳ
2779 2591 2887 2645 τῶν
2924 2593 3004 2655 είς
3036 2591 3098 2644 τὸ
3136 2585 3276 2644 εἶναι
3322 2588 3670 2661 καλουμένων

2093 2683 2314 2754 σπέρμα
2344 2682 2554 2752 σοφίας,
2589 2682 2706 2753 ἦτοι
2736 2681 3062 2750 θεογνωσίας
3092 2681 3353 2750 ἐντίθησι,
3389 2681 3480 2734 καὶ
3516 2679 3671 2750 ῥίζαν

2089 2775 2383 2846 ἐμφυτεύει
2415 2775 2682 2838 συνέσεως
2703 2814 2716 2839 ,
2771 2774 2987 2843 λογικόν
3026 2790 3085 2826 τε
3120 2773 3291 2836 οὕτως
3330 2771 3580 2827 ἀποτελεῖ
3609 2772 3671 2824 τὸ

2089 2867 2226 2932 ζῶον
2263 2868 2362 2938 τῆς
2390 2867 2597 2930 οἰκείας
2623 2865 2836 2935 φύσεως
2871 2865 3097 2936 μέτοχον
3123 2863 3491 2918 ἀποδεικνύων
3510 2903 3524 2928 ,
3577 2863 3672 2916 καὶ

2088 2957 2187 3028 τῆς
2245 2959 2524 3028 ἀφράστου
2587 2958 2970 3030 λαμπρότητος
3024 2956 3214 3029 ὥσπερ
3260 2958 3411 3020 τινὰς
3464 2956 3670 3027 ἀτμοὺς

2090 3049 2396 3116 φωτοειδεῖς
2419 3049 2583 3112 ἐνιεὶς
2609 3047 2686 3119 τῷ
2711 3047 2805 3120 νῷ,
2826 3047 2948 3103 καθ’
2986 3047 3045 3103 δν
3066 3048 3227 3112 αὐτὸς
3255 3043 3362 3101 οἶδε
3391 3047 3586 3120 τρόπον
3609 3065 3670 3101 τε

2090 3140 2181 3192 καὶ
2210 3140 2366 3209 λόγον
2387 3159 2401 3172 ·
2445 3141 2527 3194 δεῖ
2554 3141 2691 3210 γὰρ,
2736 3136 2889 3210 οἴμαι
2911 3180 2924 3204 ,
2947 3140 3126 3208 λέγειν
3153 3140 3211 3193 ἐν
3243 3139 3451 3203 τούτοις
3479 3140 3539 3192 οὐ
3575 3156 3671 3192 πε-

2092 3232 2246 3303 ριττά
2273 3249 2282 3258 ·
2311 3231 2481 3285 διάτοι
2520 3229 2680 3284 τοῦτο
2722 3229 2816 3284 καὶ
2853 3233 2882 3285 6
2921 3230 3220 3302 προπάτωρ
3251 3231 3455 3303 Ἀδὰμ,
3491 3231 3589 3284 οὐκ
3613 3233 3669 3284 ἐν

2087 3323 2296 3394 χρόνῳ,
2337 3323 2588 3394 καθάπερ
2613 3323 2775 3393 ἡμεῖς
2793 3363 2808 3389 ,
2837 3321 2900 3375 τὸ
2939 3318 3078 3377 εἶναι
3109 3322 3269 3390 σοφὸς
3296 3320 3672 3392 ἀποκερδᾶνας

2087 3415 2310 3486 ὁρᾶται,
2355 3413 2474 3468 ἀλλ’
2509 3415 2574 3466 ἐκ
2623 3413 2855 3483 πρώτων
2907 3411 3069 3477 εὐθὺς
3110 3411 3218 3467 τῶν
3268 3413 3365 3483 τῆς
3404 3411 3670 3480 γενέσεως

2087 3507 2293 3578 χρόνων
2323 3506 2526 3570 τέλειος
2564 3507 2622 3559 ἐν
2666 3505 2878 3559 συνέσει
2913 3506 3194 3574 φαίνεται,
3241 3503 3330 3556 τὸν
3360 3501 3580 3556 δοθέντα
3600 3503 3664 3572 τῇ

2089 3596 2246 3666 φύσει
2277 3596 2428 3667 παρά
2443 3596 2577 3650 Θεοῦ
2607 3597 2884 3668 φωτισμὸν
2900 3597 3166 3650 ἀθόλωτον
3187 3595 3286 3660 ἐτι,
3312 3595 3404 3649 καὶ
3429 3593 3665 3665 καθαρὸν

2086 3689 2366 3752 διασὼζων
2401 3691 2457 3742 ἐν
2487 3689 2694 3760 ἐαυτῷ,
2740 3691 2834 3744 καὶ
2866 3688 3243 3761 ἀκαπήλευτον
3272 3688 3408 3774 Exegi
3434 3687 3532 3756 τῆς
3565 3686 3666 3754 φύ-

2090 3799 2224 3846 σεως
2251 3782 2310 3834 τὸ
2341 3782 2577 3853 ἀξίωμα.
2638 3782 2864 3848 Φωτίζει
2903 3782 3222 3854 τοιγαροῦν,
3265 3779 3667 3853 δημιουργικῶς

2091 3874 2188 3943 μὲν
2215 3875 2242 3925 6
2271 3872 2419 3939 Υἱὸς,
2451 3873 2544 3926 ἅτε
2564 3873 2626 3944 δὴ
2657 3873 2714 3926 τὸ
2738 3873 2851 3942 φῶς
2877 3873 3136 3944 ὑπάρχων
3159 3873 3291 3926 αὐτὸ
3308 3873 3370 3926 τὸ
3394 3870 3663 3944 ἀληθινὸν,

2087 3964 2227 4017 κατὰ
2244 3965 2478 4036 μετοχὴν
2505 3965 2562 4017 δὲ
2591 3966 2623 4036 η
2643 3963 2819 4028 κτίσις
2839 3964 2939 4035 τὴν
2959 3964 3095 4036 πρὸς
3123 3965 3184 4017 τὸ
3204 3964 3319 4033 φῶς
3349 3962 3667 4034 ἐκλαμπρύ-

2085 4072 2234 4108 νεται
2255 4096 2268 4118 ,
2315 4056 2409 4109 καὶ
2440 4055 2684 4108 καλεῖται
2708 4055 2797 4109 διὰ
2824 4055 3012 4118 τοῦτο,
3061 4056 3156 4110 καὶ
3184 4055 3388 4122 γίνεται
3420 4054 3555 4124 φῶς,
3588 4053 3666 4116 είς

2085 4147 2153 4200 τά
2185 4147 2325 4218 ὑπὲρ
2363 4147 2523 4216 φύσιν
2563 4146 2928 4202 ἀναϐαίνουσα
2970 4147 3055 4201 διὰ
3084 4148 3182 4219 τὴν
3207 4143 3303 4201 τοῦ
3345 4146 3667 4213 δοξάσαντος

2085 4238 2264 4311 χάριν,
2311 4239 2404 4292 καὶ
2437 4239 2715 4310 διαφόροις
2765 4239 2934 4310 αὑτὴν
2982 4239 3272 4308 στέφοντος
3319 4239 3539 4309 τιμαῖς,
3591 4235 3667 4298 ὡς

2085 4331 2241 4402 ἥκειν
2269 4333 2348 4395 είς
2385 4332 2548 4403 μέσον
2593 4331 2831 4400 εὐλόγως
2865 4330 2974 4383 τῶν
3005 4329 3380 4402 τετιμημένων
3412 4329 3663 4393 ἕκαστον,

2085 4422 2177 4475 καὶ
2205 4421 2268 4492 δὴ
2302 4422 2690 4494 χαριστηρίους
2722 4421 3066 4476 ἀνατείνοντα
3091 4419 3416 4492 προσευχὰς,
3454 4417 3665 4489 μεγάλῃ

2085 4513 2269 4568 λοιπὸν
2303 4514 2666 4586 ἀναμελῳδεῖν
2696 4516 2760 4586 τῇ
2799 4516 2948 4585 φωνῇ
2977 4531 2990 4545 ·
3024 4532 3043 4565 ‹
3074 4512 3300 4582 Εύλόγει
3328 4514 3360 4583 ἡ
3386 4511 3533 4582 ψυχή
3562 4527 3665 4581 μου

2085 4605 2176 4659 τὸν
2206 4606 2435 4676 Κύριον,
2473 4605 2567 4659 καὶ
2596 4605 2672 4675 μὴ
2697 4605 3054 4658 ἐπιλανθάνου
3092 4604 3273 4668 πάσας
3301 4604 3400 4666 τὰς
3428 4605 3664 4656 ἀνταποο

2082 4694 2255 4760 δόσεις
2284 4697 2471 4750 αὑτοῦ·
2507 4697 2594 4750 τὸν
2624 4697 3001 4752 εύιλατεύοντα
3032 4697 3234 4760 πάσαις
3255 4699 3376 4759 ταῖς
3412 4694 3665 4764 ἀνομίαις

2083 4804 2199 4852 σου,
2229 4786 2321 4840 τὸν
2353 4785 2579 4858 ίιῦμενον
2614 4788 2795 4853 πάσας
2827 4789 2926 4854 τάς
2945 4789 3134 4852 νόσους
3164 4805 3279 4853 σου,
3326 4787 3417 4842 τὸν
3442 4784 3666 4858 λυτρού-

2085 4895 2244 4950 μενον
2266 4879 2330 4931 ἐκ
2347 4877 2552 4950 φθορᾶς
2583 4878 2681 4950 τὴν
2704 4880 2848 4952 ζωήν
2874 4898 2990 4946 σου,
3013 4879 3103 4934 τὸν
3126 4878 3491 4947 στεφανοῦντά
3523 4895 3582 4931 σε
3607 4879 3666 4931 ἐν

2087 4972 2246 5036 ἐλέει,
2267 4973 2360 5025 καὶ
2379 4973 2699 5043 οίκτιρμοῖς,
2732 4973 2823 5028 τὸν
2848 4973 3213 5045 ἐμπιπλῶντα
3238 4974 3296 5025 ἐν
3325 4969 3546 5040 ἀγαθοῖς
3566 4969 3666 5042 τὴν

2086 5063 2378 5134 ἐπιθυμίαν
2430 5081 2545 5119 σου.
2595 5083 2614 5116 z
2661 5066 2815 5120 Ποιεῖ
2855 5066 2964 5138 γὰρ
3015 5067 3184 5130 δντως
3230 5063 3598 5135 ἐλεημοσύνας
3639 5065 3668 5116 6

2084 5155 2308 5228 Κύριος,
2341 5156 2410 5210 τὰ
2441 5155 2612 5230 μικρά
2639 5157 3162 5230 καὶέξουθενημένα,
3193 5156 3338 5211 κατά
3360 5173 3424 5225 γε
3451 5155 3544 5208 τὸν
3563 5153 3667 5224 τῆς

2084 5246 2288 5310 οἰκείας
2339 5248 2553 5316 φύσεως
2586 5249 2777 5319 λόγον,
2837 5250 3071 5321 μεγάλα,
3124 5249 3220 5303 καὶ
3253 5245 3667 5316 ἀξιοθαύμαστα

2086 5336 2172 5390 διά
2203 5337 2303 5408 τῆς
2345 5341 2426 5403 είς
2456 5341 2598 5394 αύτά
2634 5342 2998 5414 χρηστότητος
3035 5339 3436 5402 ἀποδεικνύων,
3475 5337 3666 5406 ὥσπερ

2085 5424 2177 5482 οὖν
2199 5429 2388 5499 ἀμέλει
2415 5432 2510 5485 καὶ
2536 5434 2684 5504 ἡμᾶς
2713 5436 2823 5497 τοῖς
2851 5434 3005 5499 ἰδίοις
3033 5433 3199 5488 αὐτοῦ
3232 5431 3661 5503 κατασεμνύνειν

2085 5521 2310 5589 ἀγαθοῖς
2339 5522 2536 5596 χρῆναι
2566 5523 2674 5578 δεῖν
2714 5525 2960 5595 ἀφθόνως
2991 5524 3310 5596 ἐδοκίμασεν
3336 5523 3411 5588 ὡς
3453 5524 3482 5576 6
3509 5521 3661 5586 Θεὸς,

479 5659 525 5711 δ’
565 5685 754 5743 Matth.
791 5705 840 5751 v,
880 5691 962 5746 Η.
1039 5694 1083 5726 ⁸³
1117 5695 1260 5754 Psal.
1294 5712 1453 5752 um
1479 5736 1492 5759 .
1531 5698 1580 5751 6.
1663 5699 1705 5731 ⁸⁸
1747 5697 1892 5754 Psal.
1926 5714 1996 5754 cn
2023 5741 2035 5763 ,
2077 5699 2184 5756 l-5.
