4072 6210
417 323 521 380 199

1500 319 1566 374 1N
1595 319 1892 376 JOANNIS
1928 310 2379 378 EVANGELIUM
2419 321 2548 380 LIB.
2587 323 2628 379 1.

3565 331 3667 388 130

413 438 512 492 καὶ
535 433 621 488 διὰ
650 432 806 487 τοῦτο
837 433 992 497 θεοὺς
1015 450 1097 501 τε,
1116 435 1208 488 καὶ
1229 435 1364 504 φῶς,
1388 434 1482 488 καὶ
1510 434 1564 487 τί
1594 434 1702 505 γὰρ
1734 433 1854 505 οὐχὶ
1884 433 1982 486 τῶν

2096 448 2242 501 vera,
2268 451 2389 505 quae
2417 436 2690 492 illuminat
2721 451 2936 495 omnem
2963 439 3238 498 hominem
3271 445 3574 503 venientem
3609 449 3667 505 in

412 527 638 598 ἀγαθῶν
689 525 976 580 ἀποκαλεῖ.
1029 521 1163 579 Εἶτα
1204 526 1340 597 πρὸς
1372 525 1544 597 τούτῳ
1576 526 1758 596 φησιν,
1793 525 1875 578 ὅτι
1903 525 1994 577 καὶ

419 641 437 672 ι
464 621 551 672 Ἐν
579 618 658 689 τῷ
693 618 884 688 κόσμῳ
908 613 976 688 ἦν
994 632 1008 645 °
1046 637 1064 669 ι
1119 617 1315 686 ἐπάγει
1347 617 1440 671 καὶ
1465 616 1632 669 τοῦτο
1658 615 1941 687 χρησίμως
1964 617 1993 668 ὁ

413 709 664 779 θεολόγοξ
680 749 694 772 ,
741 708 1180 780 ἀναγκαιοτάτην
1201 710 1332 780 ἡμῖν
1348 708 1414 760 δι’
1435 707 1598 761 αὑτοῦ
1637 708 1734 777 τὴν
1761 705 1992 776 θεωρίαν

413 800 658 871 εἰσφέρει
676 799 786 870 [ισ.
803 798 1116 871 είσφέρων].
1148 799 1366 870 Ἐπειδὴ
1382 798 1487 868 γὰρ
1503 798 1628 870 ἔφη,
1648 793 1783 851 «Ἦν
1799 798 1858 850 τὸ
1879 795 1992 867 φῶς

387 870 471 946 1τὺ
501 870 773 964 ἀληθινὸν,
798 891 827 943 ὃ
845 891 1067 960 φωτίζει
1083 870 1262 946 πάντα
1283 892 1566 962 ἄνθρωπον
1589 875 1883 960 ἐρχόμενον
1905 891 1985 954 εἰς

410 985 501 1037 τὸν
523 984 747 1053 κόσμον,
764 979 855 1054 »ἦν
873 983 930 1037 δὲ
946 984 1006 1036 οὐ
1037 983 1242 1053 σφόδρα
1262 986 1374 1046 τοῖς
1390 984 1758 1056 ἀκροωμένοις
1777 998 1991 1052 συμφα-

411 1077 503 1139 νὲς
523 1116 538 1138 ,
575 1075 802 1145 πότερόν
830 1091 958 1127 ποτε
991 1074 1083 1128 τὸν
1129 1073 1414 1146 ἄνθρωπον
1444 1075 1737 1145 ἐρχόμενον
1783 1076 1862 1135 είς
1895 1074 1985 1126 τὸν

410 1168 614 1237 κόσμον
644 1166 862 1234 φωτίζει
885 1165 947 1218 τὸ
972 1165 1108 1235 φῶς,
1143 1166 1176 1237 ἦ
1203 1167 1333 1219 αὐτὸ
1353 1166 1412 1218 τὸ
1446 1166 1559 1235 φῶς
1603 1166 1664 1218 τὸ
1713 1164 1984 1236 ἀληθινὸν,

409 1260 486 1322 ὠς
498 1259 606 1312 ἀπό
623 1275 767 1320 τινος
784 1257 972 1328 ἐτέρου
1001 1257 1167 1310 τόπου
1193 1256 1542 1328 μεταχωροῦν
1556 1258 1634 1320 εἰς
1652 1257 1742 1310 τὸν
1762 1256 1985 1326 κόσμον,

407 1351 502 1402 τὸν
529 1351 605 1412 εἰς
631 1327 836 1412 πάντας
869 1347 1190 1420 ἀνθρώπους
1221 1351 1452 1402 ποιεῖται
1487 1349 1788 1419 φωτισμὸν,
1824 1349 1989 1416 ἀναγ-

409 1442 583 1504 καίως
615 1442 743 1513 ἡμῖν
777 1443 804 1493 ὁ
837 1440 1285 1512 Πνευματοφόρος
1309 1439 1640 1494 ὲκκαλύπτει
1672 1439 1735 1493 τὸ
1766 1439 1984 1511 ἀληθὲς,

404 1532 504 1584 καὶ
535 1531 642 1583 τῶν
683 1531 898 1583 οίκείων
932 1530 1192 1601 ῥημάτων
1221 1531 1564 1602 διερμηνεύει
1611 1530 1705 1602 τὴν
1734 1529 1983 1599 δύναμιν,

403 1621 580 1690 λέγων
621 1621 785 1684 εὐθὺς
828 1623 956 1692 περὶ
997 1621 1092 1674 τοῦ
1132 1621 1338 1693 φωτὸς,
1367 1623 1448 1675 ὅτι
1494 1640 1512 1673 t
1556 1623 1645 1675 Ἐν
1678 1622 1754 1692 τῷ
1796 1623 1985 1692 κόσμῳ

402 1711 507 1784 ἦν·
550 1733 568 1765 ›
621 1713 709 1766 ἶνα
736 1713 922 1766 λοιπὸν
946 1715 1006 1766 τὸ
1046 1732 1064 1764 ι
1112 1713 1404 1784 ἐρχόμενον
1444 1716 1524 1777 είς
1570 1715 1661 1767 τὸν
1712 1715 1914 1784 κόσμον
1957 1730 1978 1766 ι

2096 523 2241 579 hunc
2272 527 2556 594 mundum,
2593 543 2693 584 nec
2719 530 2826 601 76
2871 533 3214 592 auditoribus
3243 536 3532 592 admodum
3573 553 3669 609 pa-

2096 622 2274 682 teret,
2321 625 2504 672 utrum
2547 619 2959 692 intelligendum
2994 634 3175 691 esset,
3247 626 3532 684 Hominem
3571 646 3664 685 ve-

2092 707 2332 763 nientem
2382 711 2436 765 in
2468 711 2620 766 hunc
2652 715 2916 769 mundum
2949 717 3039 770 lux
3076 718 3378 784 illuminat,
3443 736 3510 775 an
3547 720 3666 778 Lux

2092 815 2222 855 vera
2246 802 2354 856 alio
2375 805 2610 873 quodam
2633 821 2698 860 ex
2724 806 2848 860 loco
2865 810 3088 864 veniens
3111 811 3164 864 in
3196 811 3341 866 hunc
3364 813 3624 868 mundum
3649 834 3662 870 :

2091 893 2410 946 necessario
2467 895 2629 951 nobis
2670 893 2913 953 Joannes
2962 902 3249 955 veritatem
3293 905 3559 974 exponit,
3610 914 3667 962 et

2092 996 2316 1036 suorum
2360 984 2657 1040 verborum
2706 988 2816 1042 vim
2856 997 2910 1044 et
2956 1005 3175 1046 sensum
3228 993 3663 1065 interpretatur,

2089 1071 2236 1126 illico
2271 1075 2573 1144 subjiciens
2624 1077 2692 1132 de
2750 1079 2874 1134 luce
2907 1098 2921 1135 :
2973 1103 2991 1134 ι
3028 1082 3086 1137 1n
3125 1085 3328 1140 mundo
3357 1097 3512 1152 erat,
3543 1105 3562 1138 ι
3608 1092 3667 1142 ut

2087 1165 2220 1219 illud
2273 1166 2489 1222 demum
2519 1207 2536 1234 ,
2594 1189 2614 1221 ι
2652 1172 2954 1228 venientem
3007 1175 3062 1229 in
3100 1175 3246 1230 hunc
3295 1170 3558 1233 mundum
3583 1217 3600 1243 ,
3640 1198 3660 1233 ι

2090 1257 2424 1328 intelligatur
2457 1262 2523 1316 de
2550 1261 2792 1328 homine,
2822 1274 2875 1321 et
2901 1268 2966 1322 de
2989 1277 3180 1322 natura
3201 1270 3504 1326 illuminata
3528 1289 3667 1344 prte-

2087 1346 2334 1413 dicetur,
2380 1359 2570 1421 utpote
2615 1371 2739 1423 quae
2791 1372 2861 1411 ex
2920 1359 3090 1414 nihilo
3132 1362 3199 1416 ad
3247 1378 3371 1418 esse
3413 1374 3660 1422 vocatur.

2087 1436 2290 1494 Locum
2328 1443 2471 1496 enim
2506 1445 2674 1501 veluti
2714 1449 3002 1516 quemdam
3052 1463 3432 1509 creaturarum
3475 1457 3665 1514 animo

2085 1531 2465 1600 concipimus,
2520 1537 2778 1592 nimirum
2808 1540 3106 1610 aliquando
3154 1561 3261 1598 non
3311 1562 3465 1614 esse,
3521 1549 3666 1606 unde

2086 1621 2152 1674 ad
2207 1637 2331 1677 esse
2380 1627 2794 1694 quodammodo
2840 1632 3204 1701 prodeuntes,
3241 1638 3406 1691 alium
3443 1641 3660 1695 tandem

2086 1711 2267 1766 locum
2306 1714 2361 1768 in
2403 1718 2722 1774 exsistentia
2761 1723 3004 1790 capiunt.
3028 1725 3508 1785 Accommodatius
3535 1747 3664 1802 ergo

404 1806 546 1859 κατὰ
571 1804 665 1859 τοῦ
697 1805 984 1876 ἀνθρώπου
1010 1808 1162 1875 νοῇς,
1195 1807 1289 1858 καὶ
1321 1805 1519 1877 μᾶλλον
1551 1806 1652 1876 τῆς
1679 1805 1982 1876 φωτιζομέ-

2088 1811 2254 1872 atque
2299 1807 2585 1864 decentius
2628 1809 2694 1864 de
2726 1820 2920 1866 natura
2973 1814 3251 1869 hominum
3300 1816 3407 1872 dici
3444 1829 3661 1889 potest,

404 1918 502 1970 νης
531 1899 903 1969 κατηγορῆται
940 1899 1152 1967 φύσεως
1170 1939 1186 1963 ,
1217 1898 1291 1961 ὼς
1323 1899 1388 1951 ὲκ
1415 1897 1508 1950 τοῦ
1540 1897 1614 1969 μὴ
1647 1896 1797 1961 δντός
1819 1901 1897 1961 εἰς
1925 1897 1987 1952 τὸ

406 1987 542 2044 εἶναι
580 1990 917 2061 καλουμένης
951 2007 961 2019 ·
1011 1989 1174 2053 τόπος
1224 1990 1332 2060 γὰρ
1368 1989 1556 2060 ὥσπερ
1599 1989 1682 2053 τίς
1728 1991 1845 2043 ἐστι
1875 1992 1988 2054 τοῖς

408 2085 656 2154 γενητοῖς
693 2081 908 2151 ἐπινοίᾳ
942 2080 1317 2151 θεωρούμενος
1342 2081 1402 2133 τὸ
1443 2081 1518 2151 μὴ
1545 2075 1684 2134 εἷναί
1716 2097 1866 2144 ποτε,
1892 2080 1986 2148 ἀφ’

407 2168 470 2226 οὗ
494 2175 554 2243 δὴ
601 2174 801 2245 τρόπον
839 2171 961 2225 τινὰ
1005 2171 1140 2242 πρὸς
1173 2171 1234 2225 τὸ
1281 2167 1420 2224 εἶναι
1463 2171 1778 2242 βαδίζοντα,
1822 2169 2002 2227 τόπον.

407 2265 592 2336 ⁹ἑτερον
624 2265 727 2335 ήδη
762 2265 854 2317 τὸν
887 2265 944 2316 ὲν
980 2263 1209 2335 ὑπάρξει
1237 2263 1525 2335 λαμϐάνει.
1558 2262 1764 2317 Οὐκοῦν
1791 2263 1987 2316 οίκειόο

407 2357 560 2425 τερόν
595 2373 655 2408 τε
715 2357 809 2408 καὶ
835 2355 1281 2428 πρεπωδέστατον
1308 2357 1341 2427 ἡ
1372 2355 1482 2410 τῶν
1531 2354 1834 2425 ἀνθρώπων
1860 2355 1984 2406 ὲπι-

403 2446 617 2512 δέξεται
641 2445 806 2516 φύσις
845 2445 907 2498 τὸ
939 2447 1002 2498 ἐκ
1032 2447 1264 2519 πρώτων
1305 2445 1467 2510 εὐθὺς
1498 2445 1826 2514 φωτίζεσθαι
1859 2442 1986 2516 χρό-

406 2555 538 2604 νων,
595 2537 910 2608 σιῐνδρομόν⁴
944 2554 1036 2602 τε,
1098 2537 1192 2591 καὶ
1245 2535 1863 2608 συγκατεσκευασμένην
1907 2531 1986 2606 τῷ

404 2624 541 2683 εἶναι
583 2628 891 2699 λαμὸάνειν
913 2620 1034 2700 ’τὴν
1067 2629 1283 2685 σύνεσιν
1327 2629 1480 2701 παρά
1523 2629 1616 2683 τοῦ
1642 2629 1794 2692 ὄντος
1819 2632 1875 2684 ὲν
1907 2628 1988 2702 τῷ

402 2722 595 2792 κόσμῳ
623 2721 822 2790 φωτὸς,
851 2719 994 2775 τοῦτ’
1019 2719 1135 2774 ἔστι
1151 2762 1168 2790 ,
1201 2720 1294 2775 τοῦ
1325 2721 1662 2790 Μονογενοῦς
1681 2761 1695 2786 ,
1719 2720 1778 2785 ὃς
1803 2721 1866 2792 δὴ
1891 2721 1986 2774 καῖ¹

402 2813 627 2884 ἀρρήτῳ
658 2814 727 2882 τῇ
769 2811 869 2882 τῆς
902 2810 1151 2882 θεότητος
1181 2812 1418 2882 ζδυνάμει
1459 2811 1529 2865 τὰ
1558 2813 1736 2866 πάντα
1766 2813 1982 2883 πληροῖ,

407 2903 506 2954 καὶ
535 2902 874 2973 συμπάρεστι
915 2901 1013 2971 μὲν
1038 2900 1290 2970 ἀγγέλοις
1317 2904 1374 2955 ὲν
1400 2903 1611 2972 οὐρανῷ
1628 2943 1642 2967 ,
1691 2901 1905 2956 σύνεστι
1925 2900 1985 2955 δὲ

403 2995 520 3056 τοῖς
550 2995 638 3046 ἐπὶ
659 2995 760 3065 τῆς
796 2994 919 3064 γῆς,
943 2992 1096 3048 κενὸν
1142 2993 1198 3046 δὲ
1224 2993 1321 3064 τῆς
1348 2993 1541 3047 ἑαυτοῦ
1578 2993 1830 3064 θεότητος
1861 2990 1984 3048 οὐδὲ

399 3085 564 3142 αὐτὸν
585 3085 781 3156 ἀφίησι
808 3084 901 3138 τὸν
928 3084 1082 3156 ᾅδην,
1118 3084 1211 3138 καὶ
1243 3089 1492 3156 πανταχῇ
1521 3088 1634 3149 τοῖς
1662 3088 1827 3140 πᾶσιν
1856 3087 1980 3141 ἐπι-

2092 1896 2284 1964 primis
2337 1899 2521 1952 statim
2564 1901 2905 1970 temporibus
2949 1904 3283 1972 illuminari,
3312 1916 3365 1962 et
3397 1925 3504 1962 una
3535 1926 3659 1964 cum

2090 1985 2210 2056 ipso
2254 2003 2377 2043 esse
2418 1990 2527 2043 vim
2576 1992 2742 2046 etiam
2797 1992 3133 2064 intelligendi
3179 1997 3249 2052 ab
3307 2013 3372 2052 ea
3431 2016 3554 2069 quae
3605 2003 3659 2056 in
3745 1991 3748 1993 Α

2089 2078 2294 2133 mundo
2336 2087 2420 2134 est
2456 2081 2608 2149 luce,
2665 2083 2930 2139 nimirum
2992 2085 3305 2158 Unigenito,
3337 2093 3616 2162 suscipere
3644 2135 3660 2159 ,

2087 2169 2180 2240 qui
2214 2169 2473 2226 ineﬂ'abili
2501 2173 2722 2230 deitatis
2757 2178 2956 2232 virtute
2981 2187 3182 2234 cuncta
3210 2183 3383 2250 replet
3415 2224 3432 2251 ,
3477 2192 3532 2239 et
3575 2195 3663 2241 est

2087 2261 2305 2330 quidem
2333 2277 2455 2317 cum
2483 2267 2694 2336 angelis
2725 2267 2781 2321 in
2817 2269 2960 2323 caelo
2986 2310 3000 2334 ,
3045 2269 3098 2324 in
3135 2273 3299 2328 terris
3325 2290 3448 2328 cum
3482 2275 3658 2330 homi—

2087 2353 2282 2417 nibus,
2324 2355 2566 2426 nihilque
2605 2358 2725 2426 ejus
2746 2359 2946 2415 deitate
2987 2376 3220 2418 vacuum
3272 2373 3382 2431 est,
3425 2381 3493 2420 ne
3525 2367 3660 2436 ipsis
3731 2351 3738 2358 ’

2087 2443 2304 2512 quidem
2354 2444 2547 2501 inferis
2595 2450 2880 2517 exceptis,
2933 2459 2990 2505 et
3045 2451 3249 2522 ubique
3297 2465 3497 2511 cuncta
3554 2458 3660 2511 im-

2085 2548 2316 2600 means,
2395 2549 2427 2589 a
2476 2537 2628 2592 nullo
2687 2539 2874 2605 abest,
2921 2541 3058 2595 adeo
3110 2550 3169 2596 ut
3216 2547 3566 2601 vehementer
3605 2548 3660 2602 id

2086 2626 2526 2696 sapientissimus
2559 2625 2853 2684 Psalmista
2882 2631 3114 2687 miratus
3137 2633 3287 2687 dicat
3316 2651 3330 2688 :
3368 2653 3386 2686 ι
3423 2636 3544 2701 Quo
3571 2638 3662 2693 ibo

2086 2732 2117 2770 a
2146 2716 2354 2789 Spiritu
2381 2727 2498 2786 tuo,
2534 2731 2585 2775 et
2615 2735 2724 2790 quo
2752 2736 2783 2775 a
2815 2721 2951 2778 facie
2983 2730 3076 2778 tua
3107 2723 3348 2794 fugiam?
3381 2725 3439 2782 Si
3467 2743 3662 2784 ascen-

2085 2808 2218 2864 dero
2245 2810 2299 2863 in
2322 2811 2546 2874 cmlum,
2579 2820 2634 2865 tu
2665 2812 2776 2866 illic
2810 2827 2870 2867 es
2904 2829 2917 2864 :
2961 2814 3007 2870 si
3047 2813 3382 2872 descendero
3409 2818 3463 2872 in
3498 2817 3663 2874 infer-

2084 2913 2240 2965 num,
2277 2897 2446 2954 ades:
2483 2898 2529 2955 si
2559 2915 2846 2970 sumpsero
2873 2916 3082 2972 pennas
3117 2919 3267 2961 meas
3302 2906 3570 2975 diluculo,
3606 2916 3660 2962 et

2085 2986 2403 3043 habitavero
2439 2988 2493 3042 in
2522 2991 2784 3045 extremis
2833 2991 3020 3058 maris,
3074 2996 3276 3049 etenim
3307 2995 3438 3052 illuc
3464 3013 3660 3055 manus

2083 3087 2176 3135 tua
2212 3079 2444 3136 deducet
2481 3095 2605 3148 me,
2645 3087 2698 3138 et
2730 3083 2934 3138 tenebit
2986 3099 3073 3140 me
3125 3086 3351 3142 dextera
3399 3097 3491 3143 tua
3524 3090 3590 3145 ⁸⁸.
3631 3111 3652 3144 ι

394 3177 588 3247 δημῶν
623 3154 835 3240 οὐδενὸς
867 3154 1261 3242 ἀπανίσταται,
1302 3177 1378 3240 ὡς
1531 3176 1705 3247 τούτῳ
1736 3176 1832 3230 καὶ
1862 3174 1981 3233 λίαν

2083 3171 2312 3230 Omnem
2345 3173 2492 3230 enim
2535 3167 2715 3228 lucum
2761 3184 2815 3232 et
2857 3191 3074 3232 omnem
3130 3187 3438 3236 creaturam
3471 3183 3655 3238 divina

396 3268 625 3331 εἰκότως
653 3268 1110 3339 ἀποθαυμάζοντα
1132 3268 1310 3337 λέγειν
1333 3268 1424 3322 τὸν
1457 3267 1766 3337 σοφώτατον
1788 3268 1982 3341 Μελῳ-

311 3377 329 3393 ·
394 3362 508 3415 δόν·
538 3381 557 3414 t
579 3360 690 3414 Ποῦ
722 3361 969 3433 πορευθῶ
997 3362 1106 3416 ἀπὸ
1137 3363 1230 3416 τοῦ
1247 3361 1570 3432 Πνεύματός
1600 3378 1716 3428 σου,
1746 3363 1839 3415 καὶ
1871 3360 1984 3415 ἀπὸ

390 3453 490 3507 τοῦ
525 3445 818 3526 προσὼποῦ
862 3470 954 3506 σου
998 3453 1102 3507 ποῦ
1137 3453 1332 3523 φύγω;
1395 3453 1520 3507 Ἐἀν
1547 3452 1732 3508 ἀναὸῶ
1770 3453 1852 3517 εἰς
1887 3453 1982 3508 τὸν

389 3544 648 3617 οὐρανὸν,
677 3546 742 3599 σὺ
763 3541 814 3598 εἶ
837 3547 954 3599 ἐκεῖ
974 3560 989 3574 ο
1016 3547 1112 3600 ἐὰν
1133 3545 1358 3600 καταϐῶ
1381 3547 1460 3610 είς
1487 3545 1578 3600 τὸν
1609 3545 1766 3618 ᾅδην,
1789 3545 1977 3617 πάρει’

387 3639 490 3693 ἐὰν
517 3637 776 3692 ἀναλάϐω
823 3637 922 3701 τὰς
969 3637 1251 3708 πτέρυγάς
1303 3654 1406 3708 μου
1445 3635 1565 3691 κατ’
1608 3637 1835 3710 ὄρθρον,
1885 3629 1981 3690 καὶ

387 3728 810 3798 κατασκηνὼσω
837 3729 917 3795 είς
953 3729 1020 3782 τὰ
1045 3728 1248 3800 ἔσχατα
1280 3729 1378 3800 τῆς
1407 3729 1703 3800 θαλάσσης,
1753 3729 1848 3784 καὶ
1870 3728 1981 3799 γὰρ

386 3822 512 3873 ἐκεῖ
536 3823 569 3891 ἡ
610 3820 730 3892 χείρ
761 3836 853 3872 σου
880 3818 1139 3889 ὁδηγήσει
1171 3835 1240 3888 με
1259 3858 1272 3883 ,
1299 3819 1392 3871 καὶ
1417 3817 1637 3884 καθέξει
1671 3835 1737 3888 με
1768 3818 1802 3888 ή
1829 3816 1979 3884 δεξιά

391 3930 515 3966 σου.
549 3932 566 3964 ι
613 3913 820 3976 Παντὸς
845 3912 952 3986 γάρ
987 3912 1175 3978 τόπου,
1209 3912 1303 3965 κα)⁸
1331 3911 1510 3982 πάσης
1534 3910 1766 3973 κτίσεως
1795 3911 1828 3981 ή
1858 3909 1977 3962 θεία

387 4023 455 4058 πε
465 4005 808 4077 ριδράττεται
837 4005 980 4076 χεὶρ,
1019 4004 1315 4075 συνέχουσα
1356 4003 1492 4074 πρὸς
1518 4004 1579 4056 τὸ
1619 3999 1755 4056 εἶναι
1781 4001 1848 4055 τὰ
1879 4019 1978 4054 πε-

392 4096 698 4167 ποιημένα,
741 4096 839 4149 καὶ
880 4096 1320 4166 περισφίγγουσα
1353 4094 1488 4166 πρὸς
1536 4093 1682 4166 ζωὴν
1725 4093 1794 4148 τά
1832 4095 1976 4165 ζωῆς

391 4189 651 4258 δεόμενα,
694 4190 790 4242 καὶ
817 4191 928 4252 τοῖς
956 4188 1227 4250 συνέσεως
1254 4187 1523 4250 δεκτικοῖς
1567 4188 1628 4239 τὸ
1660 4186 1849 4257 νοητὸν
1891 4188 1976 4240 ὲν-

392 4282 694 4352 σπείρουσα
726 4281 863 4351 φῶς.
895 4283 1051 4334 Ἐστι
1075 4281 1131 4335 δὲ
1161 4283 1261 4335 οὐκ
1299 4283 1357 4335 ἐν
1388 4281 1560 4350 τόπῳ,
1596 4279 1850 4350 καθάπερ
1874 4280 1973 4351 ἤδη

384 4374 748 4444 προείπομεν,
775 4374 894 4426 οὐδὲ
922 4373 1019 4445 τὴν
1043 4373 1410 4446 μεταϐατικὴν
1441 4372 1937 4444 ὑπομένειοκίνησιν
1956 4387 1970 4400 '

387 4461 662 4530 σωμάτων
708 4461 818 4531 γὰρ
853 4461 982 4514 ίδιον
1018 4461 1176 4514 τοῦτό
1211 4478 1271 4530 γε
1293 4479 1306 4493 ο
1355 4460 1554 4533 πληροῖ
1579 4461 1636 4514 δὲ
1686 4461 1883 4531 μᾶλλον
1907 4462 1973 4514 τὰ
2004 4500 2049 4555 D

384 4553 568 4605 πάντα
591 4553 667 4615 ὡς
699 4552 853 4612 Θεός.
899 4553 1038 4605 Ἀλλ’
1067 4555 1184 4624 ἐρεῖ
1209 4571 1290 4618 τις
1314 4553 1452 4624 πρὸς
1482 4553 1656 4608 ταῦτα
1682 4553 1840 4623 τυχόν
1865 4571 1877 4583 ·
1907 4554 1949 4604 Τ
1955 4553 1972 4605 ί

383 4638 480 4695 οὖν
514 4659 724 4712 φαμεν,
770 4635 816 4694 ὦ
846 4645 1091 4710 γενναῖε,
1134 4643 1263 4696 ὅταν
1288 4661 1374 4707 τις
1400 4645 1532 4714 ἡμῖν
1561 4645 1639 4707 είς
1672 4643 1836 4713 μέσον
1864 4644 1973 4714 ἄγῃ

382 4733 620 4800 λέγοντα
647 4733 738 4784 τὸν
762 4731 1014 4802 Χριστόν·
1042 4750 1060 4783 ι
1084 4731 1226 4800 Ἐγὼ
1254 4732 1370 4802 φῶς
1399 4735 1479 4797 είς
1507 4733 1598 4788 τὸν
1626 4735 1829 4805 κόσμον
1851 4733 1972 4805 ἐλή-

381 4824 522 4878 λυθα
544 4843 592 4891 ς»
625 4826 690 4879 Τί
719 4827 775 4880 δὲ
807 4828 934 4880 ὅταν
963 4830 990 4880 ὁ
1013 4828 1318 4899 Ψαλμῳδὸς
1350 4831 1776 4901 ἀναφθέγγηταιο
1807 4851 1824 4882 ι
1857 4830 1974 4896 Ἐξ-

385 4918 709 4972 απόστειλον
739 4924 799 4972 τὸ
823 4921 938 4988 φῶς
965 4930 1078 4985 σου;
1111 4921 1204 4974 καὶ
1229 4923 1328 4992 τὴν
1350 4922 1604 4994 ἀλήθειάν
1638 4940 1733 4976 σου
1757 4941 1803 4989 ;ι
1843 4923 1973 4976 Ἰδοὺ

385 5012 496 5082 γάρ
530 5011 719 5064 ἐνθάδε
769 5011 954 5080 σαφῶς
990 5011 1151 5074 αὐτὸς
1194 5013 1293 5081 μὲν
1342 5013 1654 5085 ἐληλυθέναι
1701 5013 1864 5084 φησὶν
1894 5015 1974 5077 είς

385 5101 478 5154 τὸν
504 5103 732 5172 κόσμον,
763 5101 838 5165 ὡς
858 5102 958 5154 οὐκ
988 5101 1062 5154 ὢν
1093 5103 1148 5154 ὲν
1169 5102 1318 5172 αὐτῷ
1341 5103 1581 5173 δηλονότι
1615 5121 1628 5134 ·
1659 5102 1973 5174 πέμπεσθαι

384 5193 444 5246 δὲ
495 5193 656 5247 πάλιν
701 5195 730 5246 ό
770 5193 1023 5264 Μελῳδὺς
1067 5193 1314 5264 ἐλιπάρει
1360 5193 1449 5247 τὸν
1495 5191 1647 5248 οὔπω
1710 5195 1972 5266 παρόντα,

387 5286 532 5340 κατά
577 5301 642 5353 γε
685 5284 750 5337 τὸ
802 5285 860 5338 ἐν
889 5284 966 5356 τῷ
993 5284 1138 5356 λόγῳ
1168 5284 1380 5355 σχῆμα,
1435 5285 1528 5338 καλ⁵
1557 5286 1658 5355 τῆς
1704 5287 1778 5349 ὡς
1827 5287 1975 5356 ἡμᾶς

386 5375 696 5446 ἀποστολῆς
718 5375 818 5447 τὴν
851 5375 1111 5446 ἔμφασιν.
1163 5376 1308 5447 Πρὸς
1337 5375 1400 5446 δὴ
1427 5376 1495 5428 τὰ
1519 5375 1744 5432 τοιαῦτά
1770 5392 1971 5447 φαμεν,

383 5465 471 5519 ὅτι
522 5465 600 5538 τῷ
641 5467 939 5534 Μονογενεῖ
993 5467 1293 5536 θεοπρεπὲς
1338 5467 1557 5538 ἀξίωμα
1601 5467 1898 5538 περιτιθεὶς
1947 5467 1975 5519 ὁ

383 5555 672 5624 θεολόγος,
717 5557 775 5608 ὲν
805 5554 884 5626 τῷ
927 5557 1118 5629 κόσμῳ
1151 5557 1312 5630 φησὶν
1355 5557 1471 5623 ἀεὶ,
1528 5558 1622 5611 καὶ
1653 5556 1740 5611 διὰ
1774 5556 1974 5620 παντὸς

2079 3283 2278 3323 manus
2322 3270 2741 3339 complectitur,
2781 3272 3074 3328 continens
3115 3282 3172 3328 et
3211 3289 3554 3334 conservans
3599 3279 3656 3333 in

2079 3376 2184 3417 suo
2205 3377 2338 3419 esse
2381 3378 2472 3419 res
2505 3372 2721 3419 creatas
2745 3403 2761 3430 ,
2811 3374 2865 3418 et
2902 3363 3069 3419 vitam
3111 3365 3406 3424 infundens
3434 3369 3501 3424 iis
3533 3385 3656 3441 quae

2080 3455 2193 3510 vita
2221 3462 2448 3524 carent,
2483 3465 2539 3512 et
2571 3456 2946 3526 intelligentiae
2977 3457 3274 3527 capacibus
3307 3461 3656 3518 intellectua-

2076 3545 2182 3601 lem
2214 3547 2391 3602 lucem
2423 3547 2691 3603 inserens.
2729 3546 2850 3603 Non
2881 3557 2966 3605 est
2997 3555 3181 3604 autem
3229 3550 3284 3606 in
3313 3551 3435 3608 loco
3457 3592 3473 3619 ,
3511 3554 3654 3610 sicut

2076 3647 2237 3694 antea
2270 3639 2531 3706 diximus,
2562 3654 2665 3697 nec
2691 3641 2747 3697 in
2777 3657 2902 3698 eum
2934 3641 3082 3696 cadit
3111 3651 3296 3699 motus
3335 3644 3528 3700 localis
3555 3646 3652 3716 (id

2074 3729 2221 3784 enim
2271 3730 2552 3802 proprium
2603 3740 2688 3786 est
2733 3730 3088 3802 corporum),
3119 3732 3215 3786 sed
3251 3732 3436 3786 omnia
3470 3734 3655 3803 potius

2075 3818 2297 3889 implet,
2327 3827 2387 3873 ut
2419 3819 2582 3876 Deus.
2611 3819 2714 3874 Sed
2745 3820 2811 3874 ad
2850 3820 2964 3874 haac
2997 3820 3186 3875 forsan
3215 3820 3362 3876 dicet
3399 3822 3600 3894 aliquis
3632 3842 3647 3879 :

2075 3908 2216 3976 Quid
2252 3925 2382 3979 ergo
2418 3911 2741 3980 reSponsuri
2776 3925 2972 3965 sumus
2995 3950 3009 3974 ,
3044 3925 3077 3964 ο
3105 3910 3279 3978 bone,
3315 3913 3360 3967 si
3401 3914 3528 3984 quis
3567 3915 3652 3968 lo-

2075 4010 2330 4070 quentcm
2351 3999 2634 4056 Christum
2665 4000 2825 4056 nobis
2857 4001 2910 4054 in
2940 4001 3182 4056 medium
3207 4003 3441 4058 aderat:
3488 4023 3506 4056 ‹
3537 4003 3651 4074 Ego

2076 4094 2168 4148 lux
2200 4094 2254 4147 in
2283 4091 2546 4148 mundum
2577 4092 2696 4147 veni
2726 4093 2789 4146 ⁸⁸.
2818 4111 2837 4143 ι
2876 4091 3016 4160 Quid
3045 4109 3176 4149 vero
3205 4109 3329 4149 cum
3356 4094 3650 4152 Psalmista

2073 4185 2296 4249 clamat,
2326 4203 2345 4237 ι
2376 4183 2762 4238 Emittelucem
2781 4191 2952 4251 tuam,
2974 4193 3028 4239 et
3047 4185 3331 4240 veritatem
3352 4193 3501 4241 tuam
3526 4187 3592 4243 ".
3627 4207 3646 4241 ι

2077 4277 2215 4332 Ecce
2251 4278 2395 4333 enim
2428 4277 2547 4347 ipse
2590 4277 2680 4330 hic
2711 4284 2900 4346 aperte
2936 4277 3013 4330 ait
3057 4291 3118 4332 se
3159 4276 3214 4332 in
3248 4277 3511 4334 mundum
3553 4295 3649 4335 vc-

2076 4371 2261 4434 nisse,
2308 4375 2370 4422 ut
2415 4367 2508 4438 qui
2556 4382 2663 4421 non
2713 4376 2859 4423 esset
2903 4368 2959 4422 in
3009 4369 3132 4441 ipso
3178 4370 3460 4426 nimirum.
3509 4371 3650 4428 Mitti

2077 4468 2262 4515 autem
2291 4474 2510 4514 rursum
2537 4457 2705 4513 David
2737 4461 2965 4531 rogabat
2995 4478 3121 4517 eum
3149 4464 3241 4532 qui
3273 4464 3380 4534 77
3404 4467 3647 4520 nondum

2077 4551 2302 4618 aderat,
2352 4558 2410 4605 ut
2450 4557 2670 4606 constat
2713 4566 2780 4606 ex
2831 4551 3089 4622 loquendi
3127 4552 3403 4624 formula,
3442 4563 3497 4612 et
3530 4557 3645 4628 ipsa

2078 4643 2362 4698 missionis
2397 4643 2463 4698 ad
2495 4659 2597 4698 nos
2627 4643 3051 4714 signiﬁcatione.
3080 4645 3162 4699 Ad
3197 4647 3311 4701 haec
3352 4650 3652 4718 respondeo

2077 4750 2202 4791 mus
2238 4735 2555 4805 theologum
2609 4732 2909 4806 Unigenito
2943 4737 3266 4808 dignitatem
3296 4738 3408 4794 Deo
3443 4756 3650 4796 conve-

2077 4830 2317 4885 nientem
2351 4829 2608 4894 tribuere,
2647 4828 2775 4884 dum
2803 4830 2880 4885 ait
2902 4831 2957 4884 in
2989 4831 3194 4885 mundo
3221 4831 3399 4900 ipsum
3432 4847 3651 4902 semper

2077 4924 2380 4986 exsistere,
2411 4932 2466 4976 ut
2497 4922 2660 4976 vitam
2692 4937 2788 4992 per
2822 4929 3110 4985 naturam,
3150 4930 3208 4975 ut
3243 4923 3419 4976 lucem
3453 4938 3651 4978 secun-

2076 5013 2205 5068 dum
2278 5015 2681 5078 substantiam,
2750 5013 3126 5084 perﬁcientem
3179 5023 3526 5079 creaturam,
3588 5023 3648 5070 ut

2076 5103 2246 5159 Deum
2269 5147 2284 5170 ,
2327 5119 2437 5158 non
2471 5105 2592 5158 loco
2627 5103 3114 5173 circumscriptum
3135 5142 3150 5167 ,
3191 5118 3297 5156 non
3326 5103 3520 5172 spatiis
3548 5104 3649 5159 de-

2077 5195 2326 5260 ﬁnitum,
2369 5209 2479 5250 non
2519 5194 2828 5265 quantitate
2864 5196 3198 5258 coercitum,
3245 5207 3354 5247 non
3392 5195 3462 5249 ab
3496 5195 3646 5264 ullo,

2079 5297 2136 5342 ut
2163 5288 2331 5342 verbo
2355 5286 2534 5341 dicam
2560 5328 2574 5353 ,
2598 5287 3079 5356 comprehensum,
3118 5298 3296 5354 neque
3319 5283 3408 5339 cui
3438 5301 3503 5339 ex
3537 5301 3651 5342 uno

2079 5381 2199 5434 loco
2231 5379 2285 5433 in
2324 5378 2490 5432 alium
2537 5377 2820 5433 incumbat
2865 5377 3136 5448 migrandi
3181 5377 3513 5444 necessitas,
3553 5378 3650 5434 sed

2075 5471 2168 5541 qui
2217 5483 2460 5540 praesens
2511 5467 2584 5523 sit
2623 5467 2917 5533 omnibus,
2965 5482 3067 5523 nec
3109 5468 3179 5524 ab
3217 5468 3330 5524 ullo
3369 5469 3533 5526 absit.
3578 5473 3653 5528 Sc

2076 5569 2256 5616 autem
2302 5560 2359 5615 in
2408 5558 2674 5616 mundum
2705 5559 2925 5617 venisse
2950 5601 2966 5630 ,
3007 5560 3259 5632 quamvis
3303 5575 3548 5633 praesens
3579 5560 3653 5617 sit

456 5733 503 5765 ”
547 5732 692 5792 Psal.
724 5750 1001 5805 cum",
1037 5735 1196 5793 7-10.
1272 5737 1318 5770 “
1354 5735 1512 5796 Joan.
1556 5753 1668 5806 χιι,
1704 5739 1792 5807 46.
1871 5740 1915 5775 ⁸⁷
1957 5737 1982 5793 l

2090 5780 2102 5794 .
2139 5753 2249 5794 xm
2272 5780 2286 5807 ,
2320 5739 2374 5794 '5.
