4072 6210
417 326 511 383 131

1441 318 1498 375 S.
1526 314 1805 376 CYRILLI
1832 314 2322 372 ALEXANDRINI.
2357 316 2678 373 ABCIIIEP.

3569 321 3668 380 152

418 452 471 502 in
522 441 981 512 eo,conlirmavit
1027 440 1240 497 ratione
1285 437 1703 494 incarnationis.
1756 454 1774 487 ι
1824 434 1982 492 Visus

2093 437 2355 509 ὑπάρχειν
2383 437 2566 506 αὐτὸν,
2604 438 2678 501 ὡς
2704 436 2849 511 ζωὴν
2879 437 3019 493 κατά
3051 438 3213 508 φύσιν
3233 480 3246 507 ,
3280 440 3358 505 ὡς
3383 439 3499 510 φῶς
3547 440 3665 494 κατ’

415 540 559 595 enim
591 544 676 593 est
715 538 771 590 in
812 544 990 597 terra,
1024 540 1079 589 et
1115 547 1240 587 cum
1286 530 1605 586 hominibus
1632 538 1992 584 conversatus

414 640 499 687 est
526 631 609 693 ⁸⁸,
642 648 666 681 ι
695 643 817 682 cum
859 641 1025 681 carne
1048 624 1319 686 videlicet,
1354 620 1791 681 manifestiorem
1831 619 1991 675 nobis

415 737 570 775 suam
602 719 947 790 prmsentiam
985 717 1088 771 hoc
1112 723 1276 786 pacto
1296 713 1537 768 efﬁciens
1557 754 1571 777 ,
1601 720 1657 767 et
1687 712 1781 782 qui
1812 727 1990 782 quon-

415 813 540 867 dam
595 814 712 867 solo
762 811 1039 865 intellectu
1098 805 1492 878 comprehendi
1541 813 1805 875 poterat,
1853 804 1990 874 ipsis

416 920 634 974 quoque
674 918 821 958 nunc
867 901 1120 972 corporis
1165 899 1347 955 oculis
1394 906 1690 968 perceptus
1744 896 1987 951 crassio-

415 1013 571 1063 rem,
618 1003 678 1049 ut
725 996 799 1047 ita
851 993 1068 1056 dicam,
1128 990 1461 1060 cognitionis
1510 988 1713 1042 divina
1764 1001 1988 1042 sensum

415 1090 579 1144 nobis
615 1086 798 1140 intulit
828 1086 957 1139 dum
997 1099 1097 1153 per
1134 1082 1403 1136 miracula
1443 1088 1496 1135 et
1536 1078 1790 1150 prodigia
1827 1078 1990 1134 nobis

415 1190 499 1236 est
528 1180 765 1250 agnitus.
798 1174 909 1231 Nec
941 1176 1045 1228 alia
1078 1174 1308 1239 ratione,
1338 1179 1398 1226 ut
1427 1171 1701 1234 existimo,
1743 1169 1887 1223 mitti
1920 1169 1989 1224 ad

415 1285 522 1324 nos
579 1268 671 1322 Dei
737 1265 975 1321 Verbum
1026 1256 1294 1318 m'undum
1346 1264 1494 1318 lninc
1551 1262 1988 1317 illuniinaturum

414 1356 716 1412 Psalmista
750 1356 999 1425 rogabat.
1025 1353 1158 1408 Illud
1184 1354 1415 1423 insuper
1438 1353 1987 1408 animadvertendum

412 1448 699 1511 existimo,
739 1447 997 1500 nimirum
1031 1443 1176 1514 quod
1214 1444 1363 1497 omni
1399 1457 1654 1498 sermone
1693 1456 1849 1496 mens
1891 1456 1987 1512 pe-

413 1540 739 1594 netrabilior
796 1548 920 1602 est,
950 1544 1021 1594 .et
1062 1537 1266 1590 mentis
1295 1543 1477 1589 motus
1520 1534 1705 1604 lingua
1747 1535 1983 1590 acutior.

413 1633 602 1703 Igitur,
640 1631 839 1684 mentis
869 1628 1167 1683 subtilitate
1196 1636 1250 1682 et
1288 1627 1542 1682 acumine
1569 1667 1584 1692 ,
1620 1627 1832 1680 variam
1863 1626 1987 1696 qui-

411 1725 534 1778 dem
565 1733 771 1776 natura:
795 1721 996 1774 divinas
1024 1719 1493 1788 pulchritudinem
1522 1718 1983 1786 contemplamur,

2092 528 2280 582 οὐσίαν
2299 570 2313 593 ,
2369 529 2684 602 πληροῦντα
2713 530 2810 601 τὴν
2838 530 3015 584 κτίσιν
3034 571 3049 597 ,
3092 530 3168 594 ὠς
3204 530 3336 585 Θεὸν
3356 570 3372 596 ,
3423 532 3485 586 οὐ
3515 533 3666 602 τόπῳ

2089 622 2464 693 περιγραπτὸν
2484 665 2499 688 ,
2530 623 2593 676 ού
2622 623 2955 694 διαστήμασι
2986 625 3256 697 μετρητὸν
3274 665 3289 688 ,
3319 624 3381 678 ού
3412 624 3664 694 ποσότητι

2089 712 2435 782 καταληπτὸν
2454 752 2470 776 ,
2517 713 2580 767 ού
2607 712 2663 766 δὲ
2691 713 2798 766 ὑπό
2836 730 2980 777 τινος
3011 714 3148 777 ὅλως
3180 713 3662 784 ἐμπεριεχόμενον,
3735 756 3751 777 ,

2088 803 2209 857 οὐδὲ
2243 803 2594 874 μεταϐάσεως
2626 805 2724 877 τῆς
2772 806 2854 870 εἰς
2881 805 3046 859 τόπον
3091 807 3156 865 ἐκ
3185 804 3351 859 τόπου
3388 805 3661 877 δεόμενον,

2089 895 2204 951 ἀλλ’
2232 896 2483 966 ἐνδημεῖν
2527 897 2627 967 μὲν
2650 896 2851 950 ἀπασιν
2872 938 2888 962 ,
2916 897 3388 967 ἀπολιμπάνεσθαι
3411 898 3468 952 δὲ
3501 897 3664 969 μηδε-

2089 986 2196 1049 νός.
2244 987 2588 1059 Ἐληλυθέναι
2627 988 2684 1042 δὲ
2717 989 2907 1043 ἐαυτὸν
2941 990 2999 1042 ἐν
3036 990 3227 1059 κόσμῳ
3270 988 3663 1060 διῖσχυρίσατο,

2089 1076 2265 1131 καίτοι
2298 1075 2490 1148 παρὼν
2520 1079 2577 1131 ἐν
2604 1078 2753 1149 αύτῷ
2783 1079 2924 1133 κατὰ
2948 1080 3040 1133 τὸν
3067 1082 3167 1151 τῆς
3195 1080 3664 1151 ἑνανθρωπήσεως

2086 1167 2308 1237 τρόπον.
2359 1187 2379 1220 ι
2412 1169 2589 1238 Ὠφθη
2627 1169 2735 1241 γὰρ
2769 1170 2859 1223 ἐπὶ
2885 1170 2985 1241 τῆς
3010 1171 3145 1240 γῆς,
3177 1169 3273 1224 καὶ
3303 1172 3414 1233 τοῖς
3452 1168 3664 1241 ἀνθρώ.

2088 1275 2212 1323 ποις
2253 1263 2664 1333 συνανεστράφη
2704 1281 2724 1315 ι
2777 1261 2919 1333 μετά
2959 1262 3195 1333 σαρκὸς,
3251 1260 3661 1332 ἐμφανεστέραν

2088 1350 2284 1404 ἑαυτοῦ
2322 1351 2439 1424 τὴν.
2467 1354 2526 1406 ἐν
2564 1354 2756 1425 κόσμῳ
2789 1353 3090 1425 παρουσίαν
3129 1351 3219 1406 διὰ
3247 1352 3437 1407 τούτου
3468 1351 3658 1418 τιθεὶς,

2090 1442 2182 1495 καὶ
2209 1444 2238 1495 ό
2271 1441 2443 1496 πάλαι
2462 1445 2645 1516 νοήσει
2670 1445 3017 1516 καταληπτδς
3036 1487 3051 1511 ,
3085 1445 3180 1499 καὶ
3206 1445 3389 1508 αὐτοῖς
3416 1445 3516 1517 ἤδη
3548 1447 3662 1509 τοῖς

2085 1531 2180 1585 τοῦ
2223 1530 2470 1603 σώματος
2497 1534 2771 1606 ὁρώμενος
2820 1534 3142 1605 ὀφθαλμοῖς,
3173 1534 3514 1606 παχυτέραν,
3577 1536 3662 1589 ἴνα

2085 1622 2258 1688 οὕτως
2284 1625 2446 1691 εἴπω,
2464 1626 2563 1697 τῆς
2594 1628 2920 1696 θεογνωσίας
2943 1630 3076 1700 ἡμῖν
3099 1627 3325 1681 ἐνετίθει
3356 1627 3453 1699 τὴν
3475 1626 3663 1697 αἴσθη-

2089 1733 2193 1781 σιν,
2234 1717 2323 1771 διὰ
2381 1718 2676 1790 θαυμάτων
2735 1721 2831 1775 καὶ¹
2874 1723 3275 1793 μεγαλουργίας
3308 1710 3661 1790 ἐπιγινωσκόο

412 1814 504 1869 sed
524 1814 591 1867 de
614 1813 732 1881 ipsa
759 1812 998 1864 humano
1022 1786 1186 1864 modo
1205 1817 1258 1864 et
1284 1817 1476 1864 noStro
1501 1822 1654 1861 more
1679 1807 1979 1877 loquimur,

2089 1824 2267 1877 μενος.
2336 1786 2785 1865 Ἀποστέλλεσθαι
2822 1786 2887 1866 δὲ.
2923 1786 2995 1878 ὧς
3033 1786 3182 1885 ἡμας
3231 1786 3533 1881 φωτιοῦντα
3569 1811 3661 1866 τὸν

412 1920 534 1960 cum
579 1906 726 1959 illius
766 1904 1013 1958 veritatis
1054 1916 1322 1956 cacumen
1375 1901 1598 1970 assequi
1638 1899 1827 1970 lingua
1875 1912 1985 1953 non

410 1999 603 2066 possit.
660 1995 896 2065 Ideoque
951 1993 1156 2049 Paulus
1197 1994 1289 2047 ille
1343 1992 1735 2062 mysteriorum
1788 1988 1984 2044 Salva-

412 2090 550 2144 toris
584 2089 974 2158 dispensator,
1025 2099 1334 2140 sermonem
1380 2084 1599 2154 petebat
1663 2096 1695 2135 a
1762 2081 1874 2137 o
1917 2080 1986 2136 ad

411 2181 763 2251 aperiendum
811 2194 875 2234 os
924 2193 1084 2234 suum
1122 2177 1191 2231 ”.
1227 2175 1372 2231 Nihil
1399 2191 1530 2246 ergo
1557 2174 1799 2230 naturali
1838 2172 1981 2229 Uni-

409 2274 579 2345 geniti
615 2273 866 2341 dignitati
906 2272 1160 2327 detrahet
1202 2279 1403 2327 nostrae
1452 2270 1723 2325 orationis
1766 2269 1981 2339 inopia,

409 2363 502 2420 sed
537 2367 725 2419 omnia
760 2363 826 2417 de
862 2363 999 2432 ipso,
1034 2377 1138 2433 pro
1160 2376 1229 2417 eo
1268 2375 1333 2415 ac
1372 2359 1541 2416 Deum
1572 2360 1751 2428 decet,
1781 2360 1984 2415 intelli-

407 2464 634 2528 gantur;
676 2470 800 2525 qum
828 2470 960 2510 vero
990 2469 1220 2509 necesse
1258 2462 1344 2508 est
1384 2451 1610 2522 eloqui,
1644 2466 1711 2507 ea
1741 2450 1984 2507 humano

409 2563 560 2603 more
583 2548 841 2604 dicentur
862 2587 877 2611 ,
924 2562 1049 2602 cum
1092 2546 1161 2601 ab
1207 2546 1328 2617 ipso
1363 2555 1587 2616 propter
1618 2559 1719 2598 nos
1748 2582 1763 2607 ,
1805 2552 1920 2597 tum
1950 2556 1982 2596 a

406 2639 619 2694 sanctis
651 2639 718 2690 de
747 2638 868 2707 ipso
890 2676 905 2701 ,
951 2651 1048 2707 pro
1075 2637 1298 2691 modulo
1330 2646 1541 2689 natura:
1568 2640 1793 2688 nostra).
1821 2630 1983 2685 Suili-

405 2738 594 2784 cerent
625 2730 845 2798 quidem
874 2743 935 2782 ea
963 2743 1085 2796 qua!
1114 2729 1383 2781 hactenus
1419 2725 1662 2780 diximus
1695 2723 1767 2777 ad
1793 2736 1980 2778 rerum

405 2820 813 2888 propositarum
849 2818 1268 2887 explicationem
1300 2832 1314 2868 :
1353 2817 1447 2870 sed
1487 2815 1747 2885 quoniam
1787 2814 1982 2869 decere

2086 1900 2289 1971 κόσμον
2318 1901 2410 1955 τὸν
2452 1902 2546 1956 τοῦ
2588 1903 2724 1957 Θεοῦ
2766 1904 2940 1973 Λόγον
2966 1944 2981 1969 ,
3046 1907 3077 1958 ό
3133 1904 3385 1974 Μελῳδὺς
3423 1904 3487 1956 οὐ
3534 1903 3659 1957 καθ’

2083 1991 2270 2062 ἕτερόν
2298 2010 2418 2047 τινα
2449 1994 2674 2065 τρόπον,
2698 1998 2777 2060 ὥς
2800 1994 2863 2065 γέ
2890 2013 2978 2066 μοι
3008 1995 3278 2063 φαίνεται,
3292 1995 3434 2049 κατὰ
3459 1995 3517 2049 δὲ
3535 1993 3662 2049 τοῦ-

2083 2102 2176 2141 τον
2212 2086 2371 2140 αὑτὸν
2415 2088 2732 2157 παρεκάλει.
2765 2087 2980 2160 Χρῆναι
3015 2087 3074 2140 δὲ
3105 2083 3260 2158 οἴμαι
3310 2086 3446 2159 πρὸς
3486 2086 3661 2159 τούτῳ

2068 2175 2304 2229 ,κάκεῖνο
2337 2173 2737 2246 διενθυμεῖσθαι
2768 2175 2860 2228 τὸν
2885 2176 3192 2248 φιλομαθῆ,
3226 2177 3308 2230 ὅτι
3334 2176 3534 2240 παντὸς
3560 2175 3663 2247 μὲι

2083 2261 2243 2332 λόγου
2268 2264 2579 2337 τομώτερος
2607 2264 2733 2329 νοῦς
2751 2305 2766 2330 ,
2795 2265 3026 2339 ὀξυτέρα
3047 2267 3103 2320 δέ
3135 2264 3382 2340 γλώττης
3409 2269 3507 2339 τῆς
3540 2266 3658 2322 δια-

2082 2353 2229 2418 νοίας
2256 2356 2289 2425 ἡ
2320 2353 2554 2425 κίνησις.
2578 2355 2786 2409 Οὐκοῦν
2812 2357 2937 2410 ὅσον
2960 2352 3095 2430 ἧκεν
3112 2358 3193 2421 είς
3210 2356 3519 2426 λεπτότητα
3539 2356 3657 2421 νοῦ.

2082 2449 2178 2501 κα)⁵
2218 2446 2316 2520 τὴν
2365 2447 2543 2514 ὀξεῖαν
2587 2450 2646 2501 ἐν
2690 2447 2841 2518 αὐτῷ
2867 2449 3115 2519 κίνησιν,
3169 2449 3232 2503 τὺ
3271 2447 3517 2503 ποικίλαν
3557 2449 3659 2520 τῆς

2083 2537 2234 2603 θείας
2278 2538 2498 2609 φύσεως
2540 2538 2930 2610 κατεθεώμεθα
2976 2541 3210 2605 κάλλος·
3282 2541 3550 2612 λαλοῦμεν
3598 2541 3660 2599 δὲ

2083 2629 2212 2700 περὶ
2239 2630 2405 2699 αὐτῆς
2426 2629 2919 2703 ἁνθρωπινότερον,
2942 2633 3037 2685 καὶ⁸
3055 2632 3200 2703 λόγῳ
3224 2632 3305 2703 τῷ
3338 2632 3459 2688 καθ’
3489 2634 3661 2704 ἡμᾶς,

2080 2720 2181 2773 οὐκ
2211 2719 2442 2792 ἐχούσης
2481 2723 2580 2794 τῆς
2612 2721 2862 2793 γλώττης
2890 2724 3026 2795 πρὸς
3049 2724 3109 2777 τὸ
3138 2724 3236 2795 τῆς
3267 2723 3524 2795 ἀληθείας
3567 2726 3659 2780 ἐκ·

2079 2812 2349 2867 τείνεσθαι
2394 2813 2611 2887 μέτρον.
2670 2817 2762 2869 Διὸ
2810 2816 2875 2888 δὴ
2910 2816 3004 2870 καὶ
3032 2818 3063 2871 ό
3099 2817 3310 2881 Παῦλος
3339 2820 3368 2872 ό
3408 2819 3516 2873 τῶν
3561 2818 3659 2872 τοῦ

406 2910 683 2975 arbitror,
718 2918 778 2962 ut
821 2910 1089 2965 desidiam
1136 2909 1322 2964 vincat
1364 2908 1609 2962 calamus
1647 2905 1850 2960 divinis
1881 2905 1982 2959 do-

2082 2904 2332 2976 Σωτῆρος
2382 2906 2691 2979 μυστηρίων
2748 2909 2985 2980 ταμίας,
3045 2910 3208 2980 λόγον
3262 2911 3461 2984 ἀπῄτει
3508 2913 3659 2985 παρά

406 3002 605 3070 κιηοιὶε
639 3002 978 3066 inserviens,
1018 3002 1246 3071 agedum
1288 3000 1465 3069 ipsam
1498 2998 1784 3053 lectionem
1820 3010 1983 3051 accu-

2080 2992 2214 3047 Θεοῦ
2236 2996 2328 3050 τὸν
2345 2997 2403 3049 ἐν
2422 2996 2623 3064 ἀνοίξει
2643 2997 2736 3052 τοῦ
2756 2999 3021 3070 στόματος
3040 3000 3226 3055 αὐτοῦ.
3252 3001 3417 3054 Οὐδὲν
3432 2997 3526 3055 οὖν
3546 3002 3657 3074 ἄρα

405 3094 587 3148 ratius
633 3095 1073 3163 perpendamus,
1127 3091 1405 3163 quomodo
1458 3091 1723 3145 nimirum
1780 3103 1981 3144 conve-

2082 3084 2400 3157 λυμανεῖται
2431 3092 2545 3153 τοῖς
2571 3094 2821 3160 φυσικοῖς
2849 3092 2945 3146 τοῦ
2973 3092 3309 3163 Μονογενοῦς
3351 3092 3659 3166 ἀξιώμασιν

405 3188 619 3242 nienter
655 3186 991 3257 intelligatur
1036 3185 1105 3239 de
1147 3185 1367 3240 homine
1398 3183 1531 3238 illud
1554 3224 1571 3252 ,
1613 3202 1633 3235 ι
1666 3180 1978 3238 Venientem

2082 3177 2114 3247 ἡ
2145 3177 2251 3232 τῶν
2280 3179 2411 3251 παρ’
2436 3182 2569 3251 ἡμῖν
2591 3182 2763 3250 λόγων
2795 3183 2990 3249 πενία,
3042 3183 3178 3237 ἀλλά
3198 3184 3519 3255 νοηθήσεται
3552 3184 3663 3256 μὲν

405 3280 463 3333 in
493 3279 638 3333 hunc
664 3278 947 3331 mundum.
978 3295 1002 3329 ι
1033 3276 1090 3330 In
1116 3277 1238 3347 ipso
1263 3278 1408 3331 enim
1426 3286 1542 3330 erat
1564 3276 1678 3340 lux,
1699 3276 1845 3330 sicut
1866 3274 1982 3344 ipse

297 3351 304 3359 ’
404 3383 624 3440 quoque
658 3368 818 3423 nobis
871 3368 981 3437 78
1015 3376 1252 3423 testatus
1279 3374 1364 3422 est
1391 3366 1727 3436 evangelista
1752 3403 1769 3429 ,
1802 3378 1982 3433 neque

411 3475 430 3509 ι
449 3458 757 3512 venientem
781 3457 836 3510 in
866 3458 1013 3510 hunc
1041 3456 1325 3519 mundum,
1349 3455 1414 3509 ad
1449 3457 1629 3511 lucem
1662 3454 1974 3520 referimus,

405 3546 500 3602 sed
540 3546 606 3600 ad
651 3545 933 3599 hominem
961 3546 1055 3614 qui
1092 3544 1460 3599 illuminatur.
1495 3545 1663 3598 Aiunt
1684 3560 1817 3615 ergo
1842 3559 1981 3599 non-

406 3638 580 3705 nulli,
625 3654 694 3692 ex
722 3636 888 3691 corde
913 3652 1019 3692 suo
1044 3645 1360 3693 cruciantes
1401 3646 1587 3692 etnon
1625 3654 1694 3693 ex
1732 3652 1837 3693 ore.
1870 3637 1981 3692 Do-

405 3729 587 3795 mini,
633 3729 797 3783 sicuti
846 3729 1124 3800 scripturn
1163 3737 1248 3784 est
1267 3730 1313 3762 9°
1340 3768 1354 3794 ,
1405 3736 1701 3799 antequam
1743 3742 1985 3798 corpora

405 3823 816 3888 conderentur,
874 3822 931 3877 in
982 3822 1126 3876 coelo
1173 3820 1343 3878 fuisse
1387 3823 1672 3877 hominum
1721 3823 1934 3879 animas
1962 3863 1978 3891 ,

407 3901 567 3984 iongo
593 3922 838 3983 tempore
872 3914 931 3967 in
965 3913 1292 3984 incorporea
1328 3912 1594 3969 felicitate
1622 3915 1977 3980 constitutas,

402 4012 457 4060 et
484 4021 615 4061 vero
644 4006 787 4061 bono
816 4006 1013 4076 purius
1042 4006 1290 4062 fruentes
1331 4025 1343 4061 :
1396 4006 1494 4062 sed
1525 4007 1770 4062 melioris
1813 4007 1983 4063 sortis

403 4099 654 4155 satietate
692 4113 757 4153 ac
796 4098 1092 4155 deterioris
1117 4098 1424 4168 cupiditate
1448 4138 1462 4162 ,
1512 4099 1583 4152 ad
1613 4107 1982 4169 praeposterus

403 4191 765 4260 cogitationes
805 4201 859 4245 et
892 4190 1223 4261 cupiditates
1249 4206 1375 4246 esse
1404 4189 1677 4261 delapsas.
1723 4188 1983 4261 Indigna-

403 4284 517 4330 tum
557 4278 682 4346 jure
714 4276 973 4346 Opiﬁcem
995 4320 1010 4345 ,
1041 4293 1136 4333 eas
1166 4278 1387 4349 quidem
1418 4278 1472 4333 in
1510 4277 1775 4333 mundum
1804 4278 1982 4334 mitte-

401 4377 482 4429 re,
508 4373 565 4417 et
593 4365 918 4433 corporibus
950 4367 1249 4435 implicitas
1270 4409 1285 4434 ,
1328 4376 1383 4423 et
1422 4367 1489 4422 ad
1526 4367 1811 4424 ferendum
1835 4383 1980 4424 onus

2081 3268 2400 3343 θεοπρεπῶς
2415 3272 2485 3327 τά
2504 3272 2633 3344 περὶ
2655 3272 2819 3327 αὐτοῦ
2833 3314 2855 3339 ,.
2866 3273 3228 3347 λαληθήσεται
3247 3273 3305 3327 δέ
3327 3274 3397 3328 τα
3415 3275 3543 3346 περὶ
3560 3273 3662 3346 τὴν

2080 3362 2270 3434 χρείαν
2319 3362 2833 3437 ἀνθρωπινώτερον,
2882 3367 3037 3437 παρά
3080 3384 3141 3420 τε
3178 3365 3344 3421 αὑτοῦ
3387 3366 3456 3420 δι’
3485 3368 3658 3438 ἡμᾶς,
3721 3385 3735 3400 ⁸

2080 3453 2177 3507 καὶ
2205 3454 2359 3526 παρὰ
2382 3456 2495 3509 τῶν
2512 3457 2683 3526 ἀγίων
2706 3458 2835 3530 περὶ
2860 3457 3029 3512 αὐτοῦ
3061 3459 3203 3513 κατά
3223 3458 3285 3511 τὸ
3321 3459 3422 3529 τῆς
3441 3457 3660 3528 φύσεως
3699 3511 3702 3515 .

2083 3542 2307 3615 μέτρον.
2345 3538 2455 3598 *Ην
2482 3545 2580 3615 μὲν
2613 3540 2705 3601 οῦν
2724 3585 2741 3611 ,
2768 3545 2844 3609 ὡς
2873 3545 3048 3611 ἔοικε,
3079 3548 3193 3609 τοῖς
3220 3546 3530 3616 εἰρημένοις
3554 3544 3660 3615 ἀρ·-

2079 3635 2299 3689 κεῖσθαι
2334 3635 2498 3690 καλὸν
2548 3639 2629 3700 είς
2676 3637 2774 3708 τὴν
2819 3637 2928 3691 τῶν
2956 3637 3331 3709 προκειμένων
3360 3636 3660 3706 ἐξήγησιν·

2079 3726 2269 3798 ἐπειδὴ
2290 3726 2347 3780 δὲ
2368 3723 2522 3796 οἶμαι
2548 3729 2847 3799 προσήκειν
2875 3727 3033 3783 ὄκνου
3066 3728 3328 3798 φέρεσθαι
3372 3716 3659 3799 κρείττονα

2079 3814 2170 3868 τὸν
2193 3819 2305 3880 τοῖς
2329 3814 2493 3880 θείοις
2524 3814 2788 3886 δόγμασιν
2817 3814 3195 3888 ὑπηρετοῦντα
3228 3813 3497 3884 κάλαμον,
3522 3811 3662 3883 φέρε

2082 3905 2244 3960 πάλιν
2282 3906 2415 3961 αὐτὸ
2441 3905 2776 3978 παραθέντες
2812 3906 2872 3960 τὸ
2899 3906 3232 3976 ἀνάγνωσμα
3278 3904 3659 3976 βασανίσωμεν

2080 3994 2497 4067 ἀκριϐέστερον,
2524 3996 2641 4059 πῶς
2672 3994 2738 4049 ἂν
2766 3997 2938 4051 νοοῖτο
2975 3995 3117 4050 κατά
3138 3994 3228 4049 τὸν
3264 3996 3541 4066 πρέποντα
3567 3991 3654 4046 λό-

2080 4102 2178 4156 γον
2206 4085 2301 4139 τοῦ
2325 4085 2618 4158 ἀνθρώπου
2646 4086 3142 4159 κατηγορούμενον,
3164 4087 3246 4152 τὸ,
3279 4104 3299 4137 ι
3335 4086 3660 4159 Ἐρχόμενον

2081 4179 2161 4241 εἰς
2187 4178 2279 4232 τὸν
2302 4179 2525 4250 κόσμον.
2575 4197 2596 4233 ι
2631 4174 2740 4234 Ἦν
2764 4179 2874 4251 γάρ
2904 4181 2962 4234 ἐν
2985 4179 3132 4249 αύτῷ
3160 4177 3222 4233 τὸ
3242 4178 3376 4247 φῶς,
3406 4178 3659 4247 καθάπερ

2080 4266 2173 4345 οὖν
2219 4272 2315 4327 καὶ
2356 4272 2515 4336 αὐτὸς
2556 4274 2690 4343 ἡμῖν
2727 4274 2756 4325 ό
2803 4270 3191 4342 εύαγγελιστὴς
3233 4256 3659 4344 διεμαρτύρατο,

2081 4363 2179 4419 καὶ
2206 4364 2266 4417 ού
2290 4364 2351 4418 τὸ
2380 4366 2497 4435 φῶς
2522 4365 2601 4428 εἰς
2630 4364 2723 4417 τὸν
2746 4364 2950 4434 κόσμον
2975 4363 3230 4435 ἔρχεσθαι
3258 4363 3456 4434 μᾶλλον
3473 4402 3488 4428 ,
3519 4361 3663 4417 ἀλλά

402 4462 649 4518 coactas,
676 4468 740 4509 ac
766 4456 915 4511 velut
942 4456 997 4511 in
1022 4458 1287 4527 spelunca
1312 4459 1550 4528 quadam
1570 4460 1978 4515 vehementium

2082 4454 2171 4509 τὸν
2220 4455 2581 4527 φωτιζόμενον
2643 4455 2928 4527 ἄνθρωπον
2994 4454 3460 4526 διεϐεϐαιούμεθα.
3519 4453 3658 4509 Φασὶ

403 4546 767 4616 cupiditatum
800 4547 1042 4602 inclusas
1078 4549 1197 4617 ipso
1227 4549 1607 4618 experimento
1633 4566 1727 4606 eas
1757 4551 1977 4617 docere,

409 4653 569 4709 quam
598 4639 858 4692 acerbum
903 4640 977 4693 sit
1029 4640 1085 4693 in
1125 4639 1281 4709 pejus
1313 4638 1640 4703 deﬂectere,
1681 4647 1736 4696 et
1767 4649 1977 4696 rectum

407 4728 565 4783 nihili
594 4726 794 4783 facere.
846 4728 931 4782 Ad
977 4729 1337 4784 astruendntn
1380 4742 1517 4783 vero
1540 4736 1653 4782 tam
1678 4728 1975 4785 ridiculum

404 4834 565 4874 suum
596 4827 967 4874 somniantum
989 4859 1005 4885 ,
1055 4819 1295 4888 primum
1329 4818 1575 4875 omnium
1615 4820 1797 4875 locum
1826 4819 1975 4877 hunc

401 4912 751 4981 evangelista:
785 4912 1062 4981 arripiunt
1097 4929 1112 4967 :
1161 4928 1182 4963 ι
1210 4910 1338 4967 Erat
1366 4911 1456 4971 lux
1487 4926 1615 4968 vera
1636 4953 1651 4979 ,
1696 4929 1819 4983 quae
1852 4914 1977 4970 illu-

401 5003 576 5058 minat
610 5017 827 5058 omnem
870 5002 1148 5058 hominem
1184 5003 1494 5059 venientem
1531 5003 1587 5058 in
1635 5004 1783 5061 hunc
1814 5020 1978 5060 mun-

401 5093 567 5160 dum;
599 5114 619 5146 ι
652 5094 850 5149 deinde
895 5094 999 5149 alia
1044 5095 1292 5166 quaedam
1325 5110 1393 5150 ex
1427 5094 1717 5166 Scriptura
1747 5095 1933 5150 divina
1959 5134 1975 5162 ,

400 5185 715 5256 cujusmodi
744 5194 827 5242 est
856 5186 1028 5243 illud:
1070 5205 1089 5239 ι
1123 5186 1449 5258 Priusquam
1484 5187 1831 5255 ltumil'rarer,
1873 5202 1975 5257 ego

400 5280 605 5350 deliqui
628 5281 715 5347 “;
775 5297 792 5333 ι
866 5295 969 5337 nec
1032 5281 1156 5337 illos
1229 5296 1345 5337 sua
1408 5280 1576 5351 pudet
1642 5279 1975 5352 nugacitatis

399 5380 530 5426 dum
566 5373 742 5440 aiunt,
790 5371 932 5428 Ecce
986 5382 1278 5444 antequam
1335 5373 1744 5438 bumiliaretur,
1796 5372 1851 5428 id
1893 5379 1979 5429 est

401 5473 692 5532 antequam
726 5479 959 5534 corpore
994 5465 1407 5533 includeretur,
1454 5480 1514 5522 se
1557 5465 1860 5537 deliquisse
1897 5463 1978 5518 fa-

400 5559 549 5609 tetur
582 5553 767 5608 anima
793 5594 809 5621 ,
839 5563 1007 5626 atque
1038 5555 1249 5612 idcirco
1274 5556 1402 5628 jure
1437 5556 1643 5614 merito»
1683 5572 1745 5614 se
1796 5556 1978 5613 humi-

2080 4547 2368 4617 τοιγαροῦν
2400 4564 2573 4611 τινες,
2612 4547 2683 4601 τὰ
2724 4547 2790 4601 ἐκ
2818 4546 3045 4618 καρδίας
3067 4548 3247 4602 αὐτῶν
3282 4545 3661 4619 ἐρευγόμενοι,

2080 4640 2177 4693 καὶ
2212 4640 2311 4693 οὐκ
2354 4639 2462 4693 ἀπὸ
2511 4638 2779 4709 στόματος
2810 4639 3047 4710 Κυρίου,
3103 4637 3287 4701 καθὼς
3321 4640 3654 4710 γέγραπται,

2080 4730 2163 4785 ὅτι
2209 4731 2314 4802 πρὸ
2342 4733 2439 4803 τῆς
2473 4729 2580 4783 τῶν
2630 4730 2898 4800 σωμάτιον
2928 4730 3275 4801 κατασκευῆς
3303 4732 3656 4803 προϋπῆρχον

2084 4824 2183 4895 μὲν
2219 4823 2361 4878 κατά
2392 4823 2484 4877 τὸν
2510 4822 2736 4896 οὐρανὸν
2759 4825 2815 4877 αί
2846 4824 2955 4878 τῶν
2980 4822 3283 4896 ἀνθρώπων
3310 4823 3507 4894 ψυχαὶ,
3554 4840 3659 4894 μα-

2081 4916 2213 4988 κρὸν
2268 4918 2327 4971 ἐν
2376 4917 2656 4990 ἀσωμάτῳ
2702 4919 3065 4991 μακαριότητι
3109 4916 3391 4987 τρίδουσαι
3443 4914 3655 4986 χρόνον,

2081 5011 2171 5063 καὶ
2219 5007 2598 5080 καθαρώτερον
2634 5009 3005 5064 ἀπολαύουσαι
3053 5006 3148 5061 τοῦ
3192 5005 3363 5070 ὅντως
3403 5002 3609 5074 ἀγαθοῦ
3637 5020 3704 5090 ⁸,

2081 5101 2267 5173 ἐπειδὴ
2295 5099 2351 5154 δὲ
2395 5101 2566 5167 αύτάς
2606 5104 2635 5155 ό
2673 5101 2782 5155 τῶν
2815 5102 3115 5171 ἀμεινόνων
3143 5098 3314 5171 εἰσῄει
3342 5097 3502 5170 κόρος
3520 5139 3536 5164 ,
3561 5096 3657 5150 καὶ

2081 5193 2218 5265 πρὸς
2248 5192 2317 5247 τὰ
2346 5194 2514 5266 χείρω
2540 5194 2727 5250 λοιπὸν
2758 5194 3181 5257 ἀποκλίνουσαι,
3227 5191 3365 5264 πρὸς
3394 5190 3658 5253 ἐκτύπους

2080 5284 2396 5339 κατέδαινον
2432 5286 2643 5351 ἐννοίας
2680 5304 2742 5341 τε
2773 5286 2869 5341 καὶ
2906 5284 3224 5356 ἐπιθυμίας,
3268 5282 3657 5353 ἀγανακτήσας

2078 5375 2298 5439 είκότως
2324 5378 2353 5429 ό
2381 5377 2722 5450 Δημιουργδς
2751 5377 3073 5432 ἀποστέλλει
3106 5376 3207 5449 μὲν
3243 5372 3414 5438 αὐτὰς
3454 5374 3535 5437 είς
3563 5372 3657 5427 τόν

2078 5467 2305 5538 κόσμον,
2340 5471 2455 5533 τοῖς
2485 5469 2546 5523 δὲ
2577 5470 2685 5524 ἀπὸ
2717 5470 2820 5540 γῆς
2858 5468 3114 5536 ἐνέπλεξε
3151 5466 3401 5540 σώμασιν
3428 5464 3658 5540 ἀχθοφο-

2081 5561 2195 5629 ρεῖν
2224 5560 2563 5629 ἀναγκάσας,
2585 5562 2685 5615 καὶ
2704 5559 2990 5632 μονονουχὶ
3014 5557 3263 5632 σπηλαίῳ
3285 5557 3397 5613 τινὶ
3430 5556 3538 5612 τῶν
3566 5556 3656 5609 ἐκ-

464 5734 507 5767 "
554 5735 768 5793 Baruch
800 5750 900 5807 IlI,
937 5736 1028 5793 38.
1103 5736 1149 5769 υ
1188 5736 1307 5792 Col.
1342 5752 1430 5804 iv,
1462 5738 1515 5793 5.
1591 5739 1636 5773 ’⁸
1674 5738 1875 5798 Jerem.
1911 5758 2039 5799 nni
2065 5785 2078 5811 ,
2121 5742 2205 5801 I6.
2285 5741 2330 5773 9‘
2366 5738 2510 5795 PsaI.
2545 5752 2711 5795 cxvru
2736 5778 2749 5805 ,
2791 5737 2881 5794 67.
