4072 6210
378 282 487 339 123

1449 291 1516 348 ΙΝ
1549 293 1831 353 JOANNIS
1867 296 2319 362 EVANGELIUM
2356 306 2485 363 LlB.
2528 307 2568 365 Ι.

3523 321 3627 379 ηε

374 394 557 454 τόπων
603 399 1036 469 ὲγκατακλείσας
1074 402 1305 472 ἡδονῶν,
1358 408 1637 464 παιδεύειν
1693 412 1861 476 αὑτὰς
1899 415 1925 467 ὲ

2026 464 2032 479 λ
2061 419 2247 487 liatam
2279 436 2401 478 esse
2426 462 2441 489 .
2475 424 2669 481 mortis
2698 433 2752 481 et
2783 427 3156 497 corruptionis
3190 430 3425 491 vinculis
3452 431 3627 507 illiga-

375 490 547 563 αὑτῆς
582 491 879 562 ἐδοκίμασε
923 493 1022 563 τῆς
1060 494 1293 567 πείρας,
1333 501 1531 571 πικρὸν
1570 503 1717 569 ὅπως
1756 505 1873 559 ἐστὶ
1898 523 1926 559 τ

2062 517 2169 563 tam
2191 550 2207 575 ,
2250 514 2711 582 quemadmodum
2762 490 2968 575 Paulus
3025 520 3141 590 ipse
3171 537 3393 593 quoque
3425 490 3629 596 corpus

374 583 470 635 ἐπὶ
506 583 576 637 τά
616 584 786 654 χείρω
831 584 1130 656 φέρεσθαι,
1178 588 1272 641 καὶ
1326 591 1593 647 ποιεῖσθαι
1642 595 1797 663 λόγον
1848 597 1925 649 τῶ

2054 601 2303 659 nominat
2349 603 2541 660 dicens
2573 623 2586 659 :
2647 625 2667 658 ι
2701 607 2836 675 Quis
2875 625 2965 665 me
2990 583 3245 671 liberabit
3287 614 3355 669 de
3394 583 3627 689 corpore

370 673 593 740 ἀγαθῶν
643 676 859 730 οὐδένα.
912 674 1348 747 Ἀρπάζουσι.’δὲ
1407 686 1490 747 είς
1547 685 1820 752 ἀπόδειξιν
1857 688 1922 761 τὴ

2055 694 2249 748 mortis
2268 694 2432 763 hujus
2464 697 2550 750 "?
2572 716 2590 751 ι
2624 673 2781 763 Quod
2811 701 2859 756 si
2892 703 3077 757 anima
3104 714 3312 774 peccat,
3341 673 3623 778 inquiunt,

368 763 513 818 οὕτω
549 766 899 840 γελοιοτάτης
948 769 1161 823 ἑαυτῶν
1201 772 1549 842 μυθολογίας,
1591 777 1685 829 καὶ
1721 778 1851 847 αὐτὸ
1887 778 1952 850 δὴ

370 856 587 927 πρῶτον
634 858 695 911 τὸ
728 857 823 913 νῦν
858 862 916 912 ὲν
956 862 1173 932 χερσίν
1222 882 1240 913 ι
1274 858 1381 917 Ἦν
1418 865 1478 919 τὸ
1518 867 1632 936 φῶς
1669 867 1730 921 τὸ
1764 869 1951 941 ἀληθι-

365 947 458 999 νὸν
480 988 495 1012 ,
553 948 583 1002 δ
621 948 843 1018 φωτίζει
889 952 1065 1005 πάντα
1098 951 1385 1023 ἄνθρωπον
1426 958 1720 1029 ἐρχόμενον
1750 963 1829 1026 είς
1857 963 1948 1017 τὸν

367 1037 571 1106 κόσμον
596 1053 610 1066 ·
642 1057 663 1089 ι
721 1039 861 1110 πρὸς
902 1039 959 1092 δέ
1000 1056 1063 1109 γε
1100 1041 1307 1113 τούτῳ.
1357 1045 1450 1099 καὶ
1486 1047 1650 1119 ἕτερά
1691 1066 1811 1103 τινα
1838 1051 1948 1104 τῶν

363 1126 474 1180 ἀπὸ
497 1128 595 1197 τῆς
616 1127 768 1191 θείας
810 1130 1029 1200 Γραφῆς
1052 1171 1064 1194 ,
1124 1125 1236 1185 οἷον
1282 1133 1375 1197 τὸ,
1417 1153 1436 1186 ι
1468 1136 1579 1206 Πρὸ
1612 1138 1711 1190 τοῦ
1749 1128 1818 1210 μέ
1853 1158 1946 1194 τα-

366 1218 729 1290 πεινωθῆναι,
776 1221 887 1290 ἐγὼ
932 1222 1364 1297 ’ἐπλημμέλησω
1399 1245 1417 1277 ι
1454 1230 1547 1281 καὶ
1578 1229 1641 1300 δὴ
1680 1234 1773 1285 καί
1813 1250 1943 1301 φασι

363 1310 702 1381 παραληρεῖν
747 1312 844 1371 οὑκ
883 1314 1225 1386 αἰδούμενον
1283 1318 1412 1372 Ἰδοὺ
1451 1320 1559 1391 πρὸ
1603 1322 1705 1391 τῆς
1749 1341 1940 1378 ταπει-

359 1399 605 1467 νώσεως,
652 1401 794 1458 τοῦτ’
832 1404 947 1458 ἔστι
1034 1408 1133 1476 τῆς
1187 1410 1628 1479 ὲνσωματὼσεως
1689 1415 1943 1486 πεπλημ-

363 1480 661 1563 μεληκέναι
682 1496 846 1564 φησὶν
877 1497 909 1566 ὴ
942 1496 1110 1568 ψυχὴ,
1134 1499 1223 1556 διά
1242 1518 1299 1553 τε
1324 1501 1481 1555 τοῦτο
1511 1480 1942 1562 τεταπεινῶσθαι

357 1582 583 1647 δικαίως
607 1584 910 1639 ἐνδεθείσαν
939 1586 1174 1660 θανάτῳ.
1207 1592 1301 1644 καὶ
1339 1591 1535 1665 φθορᾷ,
1573 1595 1823 1668 καθάπερ
1848 1594 1940 1653 οὖν

358 1673 452 1726 καὶ
470 1675 504 1726 ό
530 1672 744 1740 Παῦλος
778 1676 949 1740 οὑτως
983 1679 1239 1752 ὀνομάζει
1273 1681 1333 1735 τὸ
1355 1683 1537 1753 σῶμα,
1567 1684 1739 1755 λέγων
1761 1701 1775 1716 ⁶
1803 1708 1817 1739 ι
1841 1688 1938 1752 Τίς

2052 790 2347 854 antequam
2399 788 2758 855 liumilietur,
2817 799 2873 849 et
2915 794 3064 850 venit
3115 794 3174 849 in
3214 797 3623 868 munduiu,pa-

2056 880 2125 929 tet
2172 877 2319 945 quod
2357 882 2516 948 prius
2559 883 2826 951 exsistat;
2881 886 3153 955 quomodo
3198 888 3371 951 enim,
3413 903 3623 958 quaeso,

2049 977 2298 1035 peccaret
2334 969 2386 1023 id
2420 972 2564 1040 quod
2592 976 2834 1029 nondum
2867 977 3120 1033 exsistit?
3149 976 3309 1035 Venit
3343 988 3527 1036 autem
3564 981 3622 1035 in

2048 1058 2332 1125 mundum,
2368 1063 2464 1116 sed
2493 1064 2768 1133 aliquibus
2794 1082 2859 1121 ex
2900 1068 3039 1124 locis
3067 1070 3317 1125 videlicet
3347 1070 3617 1139 proiecta.

2047 1143 2361 1204 Istiusmodi
2406 1167 2583 1233 nugas
2620 1155 2886 1213 adversus
2921 1156 3180 1215 Ecclesia:
3225 1161 3481 1231 dogmata
3506 1202 3522 1229 ,
3563 1169 3619 1217 et

2043 1253 2220 1296 vanas
2267 1242 2933 1317 fabulas‘simptieiorum
2987 1254 3217 1308 auribus
3264 1255 3616 1324 ingerentes,

2039 1328 2165 1399 jure
2195 1333 2418 1389 audient
2448 1352 2461 1388 :
2510 1356 2528 1389 ι
2569 1335 2660 1393 Vae
2694 1342 2785 1410 qui
2821 1343 3150 1411 prophetam
3183 1344 3250 1400 de
3278 1346 3442 1400 corde
3475 1360 3613 1411 suo,

2041 1432 2096 1480 et
2124 1442 2351 1495 prorsus
2389 1445 2497 1484 non
2532 1432 2719 1487 vident
2745 1433 2810 1487 ⁸³.
2851 1452 2873 1486 ι
2942 1432 3194 1492 Visiones
3237 1440 3381 1490 enim
3426 1454 3637 1515 revera,

2040 1524 2094 1570 et
2123 1517 2497 1576 divinationes
2527 1560 2542 1585 ,
2593 1538 2656 1576 ac
2686 1525 2998 1593 prophetias
3037 1528 3224 1583 cordis
3249 1529 3335 1583 sui
3373 1527 3615 1599 Spiritus

2039 1609 2390 1664 sermonibus
2421 1623 2760 1679 opponentes
2790 1655 2804 1678 ,
2848 1631 2957 1670 non
2987 1620 3232 1673 sentiunt
3260 1629 3521 1688 quantam
3556 1621 3614 1677 in

2039 1699 2428 1753 absurditatem
2459 1716 2558 1757 sua
2589 1705 2821 1758 consilia
2859 1716 3151 1775 properent
3177 1749 3190 1769 ,
3224 1707 3514 1765 Psalmista
3544 1710 3613 1766 ad

362 1782 431 1834 με
470 1766 694 1835 ρύαεται
743 1770 807 1821 ὲκ
834 1768 926 1822 τοῦ
968 1770 1220 1841 σώματος
1245 1774 1343 1828 τοῦ
1374 1775 1607 1833 Θανάτου
1656 1779 1843 1834 τούτου
1869 1798 1885 1846 ;
1909 1801 1926 1835 ι

2038 1786 2202 1841 Deum
2225 1791 2439 1846 dicente
2466 1811 2477 1847 :
2500 1810 2518 1842 ι
2539 1792 2621 1846 Τιι
2648 1765 2912 1851 terribilis
2928 1765 3008 1863 es,
3031 1809 3085 1853 et
3106 1801 3231 1869 quis
3250 1803 3466 1857 resistet
3490 1802 3610 1868 tibi,

358 1854 423 1909 Εἰ
472 1855 529 1909 δὲ
567 1857 910 1928 πλημμελεῖ,
954 1864 1152 1933 φησὶν,
1204 1865 1310 1936 πρὸ
1337 1867 1435 1937 τῆς
1481 1870 1864 1936 ταπεινώσεως
1898 1874 1934 1946 ἠ

246 1962 261 1969 ·
355 1944 523 2022 ψυχὴ,
551 1950 646 2002 καὶ
684 1950 902 2021 ἔρχεται
928 1955 1006 2016 είς
1038 1954 1129 2007 τὸν
1152 1954 1376 2025 κόσμον,
1404 1956 1481 2022 ὡς
1505 1944 1936 2032 προϋπάρχουσα

354 2037 629 2109 δηλονότι⁹
678 2042 796 2106 πῶς
832 2045 940 2114 γὰρ
980 2044 1117 2109 ὅλως
1144 2047 1380 2119 ἁμάρτοι
1413 2048 1475 2102 τὸ
1510 2051 1682 2120 μήπω
1706 2053 1933 2125 ὑφεστη-

354 2129 456 2194 κός
480 2148 495 2198 ;
527 2132 783 2204 Ἔρχεται
807 2136 863 2189 δὲ
901 2138 981 2200 είς
1018 2137 1109 2191 τὸν
1136 2139 1341 2209 κόσμον
1364 2139 1474 2193 ἀπό
1500 2157 1659 2195 τινων
1694 2143 1932 2215 δηλονότι

350 2220 535 2276 τόπων
571 2226 885 2299 κινουμένη.
914 2228 1154 2285 Τοιαῦτά
1188 2247 1307 2285 τινα
1333 2230 1444 2287 τῶν
1474 2230 1577 2301 τῆς
1608 2231 1931 2305 Ἐκκλησίας

350 2316 914 2388 καταρῤαψῳδοῦντες
954 2320 1272 2391 δογμάτων,
1336 2323 1430 2376 καὶ
1480 2322 1673 2389 ὕθλους
1708 2327 1930 2386 είκαίων

346 2403 713 2477 διηγημάτων
741 2412 861 2474 ταῖς
912 2410 1021 2464 τῶν
1066 2411 1450 2484 ἁπλουστέρων
1504 2413 1931 2487 ὲπισωρεύοντες

2033 1894 2101 1933 ex
2132 1887 2260 1935 tunc
2289 1882 2367 1935 ira
2393 1892 2483 1937 tua
2506 1885 2552 1917 “
2572 1885 2594 1938 ?
2615 1905 2633 1936 ›
2665 1886 2816 1951 Quod
2848 1898 3029 1943 autem
3062 1892 3514 1947 absurdissimum
3539 1895 3611 1950 sit

2034 1981 2225 2037 putare
2250 1974 2486 2028 animam
2511 1984 2638 2031 ante
2667 1992 2868 2045 corpus
2901 1981 3165 2036 exsistere
3184 2021 3198 2041 ,
3224 1994 3277 2036 et
3305 1984 3376 2037 ob
3410 1998 3611 2053 praece-

2035 2060 2219 2116 dentia
2239 2061 2349 2130 79
2364 2074 2586 2131 peccata
2619 2070 2673 2120 in
2694 2076 2908 2123 terrena
2931 2084 3165 2141 corpora
3182 2072 3354 2142 ipsam
3372 2072 3607 2137 demitti,

2032 2164 2099 2203 ex
2132 2151 2445 2221 subjunctis
2470 2162 2811 2228 argumentis
2839 2171 3100 2232 quantum
3133 2165 3188 2218 in
3221 2166 3376 2220 nobis
3404 2174 3488 2220 est
3515 2165 3608 2221 de-

2033 2250 2342 2298 monstrare
2373 2249 2717 2317 conabimur,
2743 2253 2981 2310 scientes
3010 2255 3155 2324 quod
3186 2257 3454 2325 scripturn
3477 2265 3562 2312 est
3587 2275 3603 2313 :

2000 2394 2001 2401 γ
2040 2346 2058 2379 ε
2088 2328 2161 2383 Da
2204 2334 2435 2402 sapienti
2467 2344 2809 2398 occasionem
2850 2354 2905 2400 et
2929 2347 3228 2415 Sapientior
3258 2350 3396 2417 erit,
3427 2348 3605 2403 mani-

2050 2416 2184 2472 festa
2207 2419 2357 2489 justo
2386 2434 2441 2478 et
2474 2428 2698 2497 insuper
2731 2432 2965 2502 accipiet
2995 2435 3060 2485 ’³.
3098 2454 3116 2486 ι

346 2496 560 2566 ἀκοαῖς,
588 2500 813 2566 δικαίως
848 2503 1168 2558 ἀκούσονται
1193 2521 1206 2535 ο
1252 2525 1270 2556 ι
1308 2506 1443 2560 Οὐαὶ
1475 2510 1589 2571 τοῖς
1616 2509 2048 2581 προφητεύουσιν
2085 2512 2192 2566 ἀπὸ
2228 2516 2455 2585 καρδίας
2486 2496 2666 2574 αὐτῶν
2692 2563 2706 2590 ,
2759 2496 2870 2577 καὶ.
2918 2525 2980 2577 τὸ
3041 2526 3268 2585 καθόλου
3346 2531 3425 2602 μὴ
3482 2529 3603 2600 βλέ-

345 2607 561 2648 πουσιν.
598 2612 624 2645 ι
671 2594 918 2665 Ὀράσεις
949 2594 1057 2665 γὰρ
1080 2595 1283 2660 ὅντως,
1312 2597 1403 2650 καὶ
1430 2599 1788 2669 οίωνίσματα,
1830 2602 1923 2654 καὶ
1963 2605 2301 2673 προφητείας
2349 2609 2572 2681 καρδίας
2612 2612 2789 2665 αὑτῶν
2821 2618 2933 2678 τοῖς
2975 2615 3062 2671 διὰ
3122 2617 3213 2671 τοῦ
3288 2594 3604 2691 Πνεὺματος

344 2685 806 2757 ἁντιπαραθέντες
872 2686 1078 2755 λόγοις,
1160 2688 1261 2741 οὑκ
1299 2688 1654 2783 αἰσθάνονται
1683 2691 1819 2763 πρὸς
1861 2694 1992 2766 ὅσην
2029 2698 2213 2761 αὑτοῖς
2247 2701 2479 2755 ἀτοπίαν
2525 2702 2813 2775 δραμεῖται
2854 2709 2914 2760 τὸ
2947 2709 3279 2783 ἐπιχείρημα
3302 2753 3318 2777 ,
3353 2685 3603 2783 λέγοντος

341 2774 443 2828 τοῦ
481 2774 785 2846 summa
820 2776 953 2846 πρὸς
988 2775 1138 2829 Θεόν·
1174 2794 1192 2828 ι
1226 2776 1298 2829 Σὺ
1339 2776 1567 2849 φοὸερὺς
1607 2772 1676 2844 εἶ,
1716 2781 1810 2835 καὶ
1844 2781 1927 2846 τίς
1964 2785 2344 2858 ἀντιστήσεται
2380 2808 2461 2843 σοι
2512 2772 2645 2846 ἀπὸ⁷
2667 2795 2765 2866 τῆς
2794 2797 2964 2867 ὀργῆς
3001 2772 3141 2868 σου,
3171 2772 3316 2856 ’Τὸτιν
3355 2772 3438 2860 δὲ.
3481 2772 3601 2863 λίαν

342 2870 503 2923 ἐστὶν
533 2870 875 2925 ἀτοπώτατον
926 2870 1190 2942 ὑπάρχειν
1222 2871 1321 2943 μὲν
1363 2873 1566 2926 οἴεσθαι
1633 2873 1731 2946 τὴν
1794 2875 1991 2948 ψυχὴν,
2033 2881 2097 2933 ὲκ
2137 2885 2580 2956 προγενεστέρων
2621 2887 2678 2941 δὲ
2714 2890 3123 2962 ἁμαρτημάτων
3160 2896 3240 2959 είς
3288 2896 3358 2949 τὰ
3410 2899 3474 2953 ὲκ
3500 2900 3603 2972 γῆς

342 2965 798 3037 καταπέμπεσθαι
826 2965 1053 3038 σώματα
1099 2967 1339 3038 νομίζειν
1377 2968 1537 3023 αὑτὸν
1562 2968 1684 3042 [ἵσ.
1716 2972 1939 3045 αὑτὴνι,
1979 2974 2068 3029 διὰ
2103 2977 2212 3037 τῶν
2258 2980 2679 3053 ὑπεζευγμένων
2730 2986 2947 3041 ἐννοιῶν
3010 2989 3150 3042 κατὰ.
3222 2991 3283 3044 τὸ
3325 2965 3601 3066 ἐγχωροὺν
3660 3032 3671 3043 κ

342 3068 481 3139 ἡμῖν
521 3064 796 3129 ἀποδείξαι
832 3064 1243 3136 πειρασόμεθα,
1286 3065 1353 3121 τὸ,
1375 3068 1760 3139 γεγραμμένον
1780 3070 2016 3137 ειδότεςο
2063 3092 2084 3126 ο
2131 3076 2289 3131 Δίδου
2335 3078 2484 3151 σοφῷ
2553 3082 2810 3154 ἀφορμὴν
2842 3125 2857 3151 ,
2912 3088 3009 3139 καὶ
3060 3087 3366 3161 σοφώτερος
3425 3064 3598 3173 ἔσται,

336 3156 577 3229 γνώριζε
605 3156 817 3228 δικαίῳ,
840 3157 936 3213 καὶ
972 3156 1269 3229 προσθήσει
1292 3156 1391 3211 τοῦ
1420 3157 1687 3229 δέχεσθαι.
1717 3178 1738 3212 ι

338 3271 615 3357 Ἕννοιαι
655 3272 786 3357 ἦτοι
833 3271 1178 3357 θεωρήματα
1224 3272 1533 3354 ςχήματος
1580 3278 1926 3345 συμπεπλε-

2030 3272 2280 3356 Rationes
2304 3313 2318 3339 ,
2381 3277 2486 3332 sire
2541 3280 2925 3348 propositiones
2970 3297 3035 3336 ea:
3092 3285 3419 3357 agitagismis
3469 3308 3597 3349 cou-

409 3343 634 3414 τμένου
659 3342 761 3399 καί
780 3343 1274 3413 συλλογιστικοῦ.

408 3482 483 3532 α’.
509 3474 572 3530 Εί
596 3477 701 3547 τῆς
720 3476 829 3531 τῶν
854 3477 1121 3548 σωμάτων
1158 3484 1501 3553 κατασκευῆς
1527 3483 1559 3554 ἡ
1581 3483 1675 3538 τοῦ
1703 3486 1913 3558 ἀνθρώ-

335 3585 440 3622 που
482 3570 889 3639 προῦφεστήκει
939 3569 1105 3641 ψυχὴ,
1159 3572 1494 3629 ἀποκλίνασα
1539 3574 1597 3629 δὲ
1666 3577 1804 3648 πρὸς
1856 3577 1917 3631 τὺ

330 3658 563 3728 φαῦλον,
609 3660 750 3714 κατά
790 3661 889 3725 τάς
909 3679 1089 3727 τινων,
1112 3662 1388 3728 ὑπονοίας,
1418 3666 1639 3721 κόλασιν
1677 3667 1787 3738 ἔχει
1821 3667 1916 3724 τοῦ

331 3734 809 3824 πλημμελήματος
847 3752 943 3825 τὴν
979 3754 1061 3819 είς
1101 3755 1282 3827 σάρκα
1322 3756 1567 3823 κάθοδον,
1610 3734 1751 3824 πῶς,
1794 3761 1915 3814 είπέ

332 3859 450 3914 μοι,
472 3842 802 3912 φωτίζεσθαί
822 3862 983 3914 φησιν
1002 3848 1301 3919 ἐρχομένην
1318 3848 1486 3920 αὑτὴν
1509 3850 1587 3913 είς
1602 3851 1692 3903 τὸν
1713 3853 1916 3924 κόσμον

325 3935 359 3987 6
386 3934 816 4006 εὖαγγελιστήςς
846 3936 991 4008 Τιμὴ
1019 3938 1149 4011 γὰρ,
1192 3933 1365 4010 οἶμαι,
1404 3941 1465 3994 τὸ
1500 3943 1732 4013 πρᾶγμά
1775 3946 1911 4009 ἐστι,

327 4027 431 4081 καὶ
458 4027 810 4098 χαρισμάτων
862 4031 1148 4102 προσθήκη
1196 4030 1486 4104 λαμπρῶν·
1526 4033 1815 4100 κολάζεται
1857 4037 1914 4091 δέ

328 4135 424 4181 τις
454 4119 513 4170 οὑ
562 4118 892 4191 τιμώμενος,
937 4122 1056 4175 οὐδὲ
1104 4125 1424 4195 τιμωρεῖται
1480 4125 1703 4199 μέτοχος
1753 4129 1913 4183 θείων

326 4210 789 4282 ἀναδεικνύμενος
814 4213 1055 4282 ἀγαθῶν,
1102 4215 1241 4269 ἀλλὰ
1265 4219 1377 4280 τοῖς
1406 4216 1464 4281 ἐξ
1490 4219 1660 4290 ὀργῆς
1695 4220 1794 4291 τῆς
1817 4221 1912 4275 τοῦ

325 4300 653 4366 κολάζοντος
688 4303 912 4373 ὁμιλῶν.
957 4304 1173 4378 Ἐπειδὴ
1212 4306 1266 4360 δὲ
1289 4309 1389 4363 οὑκ
1421 4310 1479 4362 ὲν
1510 4310 1721 4373 τούτοις
1751 4313 1910 4382 ἐρχό-

328 4407 497 4460 μενος
527 4395 603 4456 εἰς
630 4394 718 4447 τὸν
751 4394 953 4465 κόσμον
984 4396 1011 4448 ὁ
1038 4396 1347 4469 ἄνθρωπος,
1380 4399 1496 4454 ἀλλ’
1528 4401 1593 4454 ὲκ
1619 4402 1727 4456 τῶν
1753 4405 1909 4457 ἐναν-

322 4483 461 4536 τίων
520 4484 834 4553 φωτίζεται,
887 4486 1150 4558 πρόδηλον
1189 4488 1253 4561 δή
1313 4508 1416 4544 που
1468 4491 1674 4556 λοιπὸν,
1722 4495 1912 4566 ὅτιπερ

322 4576 389 4628 οὑ
420 4575 640 4630 κόλασιν
666 4576 779 4649 ἔχει
809 4578 909 4651 τὴν
946 4580 1222 4651 σάρκωσιν
1250 4584 1279 4636 ὁ
1330 4583 1468 4653 μετά
1492 4586 1718 4667 ,σαρκὸς
1745 4585 1911 4657 τιμιὶι⁹

326 4684 513 4737 μενος,

401 4797 468 4870 β’.
510 4801 715 4855 ΑΔΛΟ.
756 4803 820 4855 Et
865 4804 973 4875 πρὸ
1000 4803 1377 4875 τοῦσώματος
1418 4808 1452 4879 ἡ
1481 4807 1627 4879 ψυχὴ
1655 4807 1779 4872 νοῦς
1807 4802 1909 4880 ἦν,

322 4889 411 4944 ἔτι
448 4891 687 4965 καθαρὸς
709 4896 769 4949 ἐν
807 4896 1171 4969 μακαριότητι
1203 4898 1491 4965 διατελῶν,
1532 4900 1829 4965 ἀποκλίνας
1854 4901 1912 4956 δὲ

324 4980 464 5052 πρὸς
490 4983 553 5035 τὸ
583 4984 781 5051 φαῦλον
827 4987 1034 5057 ὑπέϐη,
1074 4989 1168 5042 καὶ
1195 4988 1283 5042 διὰ
1326 4989 1483 5043 τοῦτο
1521 4991 1579 5044 ἐν
1619 4993 1783 5064 σαρκὶ
1815 4992 1910 5060 γέ-
1960 5038 1965 5046 .

322 5088 474 5139 γονε,
523 5075 642 5138 πῶς
703 5078 992 5149 ἐρχόμενος
1048 5083 1128 5145 είς
1183 5081 1275 5135 τὸν
1319 5082 1523 5153 κόσμον
1573 5085 1901 5154 φωτίζεταις

340 5163 578 5233 Ἀνάγκη
608 5166 718 5236 γὰρ
746 5167 924 5237 λέγειν
968 5170 1177 5242 ἔρημον
1203 5168 1339 5227 εἶναι
1365 5175 1541 5244 φωτὸς
1570 5177 1699 5247 πρὶν
1728 5177 1904 5233 ἐλθεῖν

325 5251 519 5305 αὐτόν’
542 5255 593 5307 εί
626 5254 685 5309 δὲ
720 5257 909 5322 τοῦτο,
950 5262 1067 5326 πῶς
1088 5259 1156 5334 ἧν
1178 5263 1257 5318 ἔτι
1295 5264 1423 5328 νοῦς
1444 5258 1683 5337 καθαρὸς
1721 5269 1750 5321 ὁ
1780 5269 1904 5324 τότε

327 5341 483 5410 μόλις
525 5343 663 5416 ἔχων
689 5347 785 5409 τοῦ
813 5350 1142 5419 φωτίζεσθαι
1177 5354 1276 5426 τὴν
1329 5356 1524 5427 ἀρχὴν,
1563 5356 1651 5411 ὅτε
1696 5358 1791 5413 καί⁴
1822 5358 1903 5423 είς

325 5430 419 5486 τὸν
446 5433 653 5507 κόσμον
683 5436 933 5511 Ερχεται,
956 5443 1051 5497 καὶ
1078 5445 1140 5499 οὑ
1160 5445 1284 5517 δίχα
1315 5446 1550 5519 σαρκόςς

386 5715 435 5748 θ’
478 5713 638 5774 Rom.
669 5734 786 5790 vn,
819 5719 911 5779 τι.
992 5724 1039 5758 ’³
1075 5723 1276 5786 Jerem.
1318 5742 1453 5793 sunt
1481 5769 1496 5798 ,
1538 5729 1624 5785 16.
1700 5731 1743 5765 ’³
1776 5730 1923 5790 Psal.

2091 3345 2258 3400 nexis.

2090 3481 2143 3536 1.
2178 3478 2232 3535 Si
2260 3482 2441 3537 anima
2468 3483 2706 3542 hominis
2740 3496 2865 3542 ante
2897 3488 3308 3549 fabricationem
3352 3498 3597 3568 corporis

2018 3574 2345 3639 exsistebat,
2380 3576 2476 3630 sed
2524 3578 2580 3631 in
2612 3578 2804 3634 vitium
2854 3581 3098 3653 delapsa,
3155 3593 3213 3640 ut
3243 3588 3465 3658 quidam
3498 3607 3594 3647 su-

2018 3665 2326 3736 spicantur,
2355 3684 2533 3739 paena
2562 3671 2683 3727 loco
2707 3672 2763 3727 in
2794 3688 2996 3745 corpus
3036 3677 3262 3735 detrusa
3289 3689 3376 3736 est
3409 3704 3420 3737 :
3458 3698 3595 3753 quo-

2017 3759 2201 3825 modo,
2230 3777 2439 3831 quaeso,
2466 3766 2798 3835 evangelista
2826 3767 3000 3836 ipsam
3033 3769 3089 3824 in
3131 3772 3276 3825 hunc
3327 3775 3593 3830 mundum

2017 3853 2328 3907 venientem
2363 3855 2659 3910 illuminari
2701 3858 2870 3913 dicit?
2896 3858 3081 3914 Honor
3118 3862 3263 3915 enim
3303 3861 3449 3919 istud
3481 3873 3590 3928 est,

2018 3948 2074 3997 et
2103 3942 2400 4000 illustrium
2428 3946 2730 4015 gratiarum
2763 3949 3035 4004 accessio.
3063 3950 3170 4007 Sed
3211 3967 3373 4008 nemo
3403 3956 3593 4024 plecti-

2017 4040 2109 4087 tur
2136 4034 2264 4107 dum
2297 4036 2619 4102 honoratur,
2647 4044 2819 4109 neque
2853 4042 3078 4111 punitur
3121 4058 3245 4098 cum
3279 4045 3587 4101 divinorum

2016 4124 2284 4180 bonorum
2320 4125 2691 4200 ﬁtparticeps,
2724 4130 2820 4184 sed
2873 4146 2997 4186 cum
3053 4132 3108 4186 in
3136 4135 3412 4203 ponientis
3452 4136 3588 4190 iram

2015 4215 2268 4271 incurrit.
2293 4217 2433 4272 Cum
2464 4230 2645 4275 autem
2690 4220 2859 4275 homo
2894 4220 3121 4277 veniens
3150 4223 3205 4277 in
3250 4224 3396 4279 hunc
3425 4241 3588 4281 mun-

2014 4307 2144 4361 dum
2173 4307 2402 4364 minime
2442 4310 2721 4380 puniatur,
2748 4310 2845 4366 sed
2879 4319 3076 4366 contra
3099 4315 3289 4383 potius
3318 4316 3589 4372 illumine-

2017 4402 2122 4461 tur,
2155 4405 2306 4465 patet
2352 4397 2540 4468 utique
2570 4413 2745 4469 paenae
2787 4400 2910 4455 loco
2948 4401 2998 4456 ei
3040 4418 3149 4458 non
3181 4419 3307 4462 esse
3330 4421 3589 4478 corpora-

2013 4485 2239 4551 tionem,
2267 4488 2360 4558 qui
2393 4488 2446 4543 in
2478 4503 2651 4545 carne
2684 4490 3010 4548 honoratur.

2079 4798 2133 4855 2.
2152 4797 2382 4854 ALIUD.
2413 4799 2470 4854 Si
2505 4806 2631 4855 ante
2659 4814 2861 4870 corpus
2892 4799 3073 4854 anima
3099 4815 3254 4856 mens
3278 4809 3396 4856 erat
3426 4816 3587 4872 pura,

2010 4891 2066 4946 in
2103 4890 2365 4946 felicitate
2392 4892 2619 4960 degens,
2658 4890 2754 4946 sed
2789 4891 3152 4947 conversione
3177 4892 3231 4947 in
3267 4891 3456 4947 vitium
3486 4893 3587 4947 de-

2008 4983 2160 5053 lapsa
2208 4989 2316 5047 est,
2356 4990 2521 5053 atque
2571 4982 2780 5039 ideirco
2838 4983 3039 5038 innexa
3094 4993 3179 5038 est
3242 4983 3414 5045 carni,
3450 4997 3589 5052 quo-

2010 5074 2174 5131 modo
2207 5073 2434 5130 veniens
2468 5074 2521 5128 in
2567 5073 2713 5128 hunc
2762 5074 3027 5128 mundum
3073 5071 3449 5127 illuminatur?
3484 5071 3589 5127 Ne-

2011 5167 2254 5225 cessario
2281 5168 2426 5223 enim
2462 5166 2751 5221 dicendum
2784 5173 2867 5220 est
2896 5164 3070 5235 ipsam
3117 5164 3256 5218 lucis
3310 5169 3586 5232 expertem

2010 5272 2133 5315 esse
2177 5263 2471 5325 antequam
2507 5257 2707 5311 veniat.
2740 5252 2899 5320 Quod
2947 5254 2995 5310 si
3040 5253 3119 5311 ita
3169 5260 3272 5320 est,
3308 5254 3588 5323 quomodo

2011 5362 2148 5419 pura
2188 5361 2344 5403 mens
2391 5353 2533 5412 erat,
2564 5359 2686 5415 qua:
2714 5344 2803 5398 vix
2841 5354 2960 5399 tum
2995 5342 3235 5415 primum
3282 5343 3586 5399 illuminari

2008 5439 2208 5511 incipit
2234 5454 2361 5497 cum
2392 5438 2540 5495 venit
2581 5437 2639 5493 in
2686 5436 2976 5506 mundum,
3024 5437 3189 5510 idque
3233 5450 3344 5494 non
3373 5435 3590 5509 absque

2009 5547 2178 5591 carne
2193 5532 2217 5589 τ

1966 5745 2129 5801 uxr,
2162 5730 2214 5790 8.
2291 5733 2334 5765 ”
2374 5730 2540 5789 Prov.
2573 5748 2628 5788 ix
2651 5772 2666 5797 ,
2698 5730 2753 5787 9.
