4072 6210
457 312 564 379 {55

459 534 545 599 tit,
587 542 643 590 et
674 534 901 606 proinde
935 550 1088 590 mens
1118 549 1255 606 pura
1294 542 1414 589 erat
1439 534 1708 589 bonorum
1739 531 2031 602 cupiditati

460 626 686 696 propius
733 626 1050 696 conjuncta,
1084 626 1178 680 sed
1211 623 1570 679 conversione
1599 623 1654 678 in
1684 623 1874 676 vitium
1923 627 2034 674 ter-

460 731 596 770 reno
644 719 863 786 corpori
907 716 1148 786 impacta
1179 723 1287 780 est,
1317 722 1370 770 et
1407 715 1464 769 in
1499 729 1564 769 eo
1601 713 1874 769 exsistens
1907 725 2034 781 pec-

461 819 589 860 care
615 821 724 860 non
749 806 867 860 vult
893 807 1129 875 amplius
1167 823 1180 858 :
1209 803 1490 875 quomodo
1518 819 1627 859 non
1649 803 1698 858 ei
1725 803 1782 857 iit
1809 801 2028 871 injuria,

462 912 583 967 quae
610 906 723 950 tum
758 899 994 950 maxime
1026 897 1077 950 id
1120 896 1298 952 facere
1329 896 1486 966 jussa
1524 911 1632 949 non
1683 894 1777 962 sit,
1799 909 1924 948 cum
1964 890 2033 946 ad

461 989 720 1043 virtutem
759 997 878 1041 erat
935 989 1263 1056 expeditior,
1303 987 1544 1040 nondum
1584 985 1748 1039 malis
1786 969 2034 1052 corporis

463 1079 695 1148 illigata,
727 1080 820 1134 sed
853 1079 1241 1148 intempestive
1276 1078 1326 1132 id
1359 1085 1619 1147 praestare
1649 1076 1884 1146 cogitur,
1907 1089 2032 1127 cum

462 1179 546 1226 est
577 1171 863 1240 inquinata
905 1171 1168 1240 peccato?
1194 1169 1356 1238 Atqui
1409 1169 1550 1222 Deus
1603 1166 1736 1220 nihil
1770 1166 2034 1233 intempe-

463 1263 601 1316 stive
628 1261 802 1330 jubet,
837 1275 1012 1331 neque
1045 1259 1303 1329 injuriam
1345 1258 1476 1312 facit
1509 1259 1557 1313 is
1587 1259 1678 1326 qui
1708 1266 1904 1310 natura
1935 1269 2034 1310 sua

463 1368 666 1407 nocere
702 1353 908 1422 nequit.
956 1352 1274 1420 Opportune
1316 1351 1484 1420 igitur
1523 1358 1578 1404 et
1621 1349 1769 1419 juste
1809 1363 1841 1400 a
1880 1346 2036 1401 nobis

462 1446 628 1514 exigit
671 1455 730 1498 ut
766 1447 822 1499 in
863 1445 969 1497 hac
1001 1458 1165 1498 carne
1201 1457 1310 1496 non
1341 1456 1656 1512 peccemus,
1700 1453 1830 1494 cum
1883 1438 2033 1494 exsi-

469 1537 651 1592 stendi
689 1545 903 1607 tempus
938 1536 1081 1589 istud
1111 1535 1290 1590 solum
1325 1533 1645 1596 habeamus,
1676 1547 1784 1602 quo
1813 1533 1868 1586 in
1892 1531 2038 1585 hunc

465 1629 726 1682 mundum
783 1628 1054 1692 venimus,
1101 1626 1231 1680 illud
1281 1625 1436 1695 prius
1482 1639 1594 1679 non
1621 1639 1761 1687 esse,
1795 1623 1906 1693 80
1939 1637 2037 1676 ceu

463 1720 644 1773 locum
693 1718 979 1788 quemdam
1041 1718 1437 1786 relinquentes,
1492 1723 1545 1770 et
1602 1731 1665 1770 ex
1720 1716 1838 1784 ipso
1875 1703 2034 1783 quasi

467 1809 915 1880 praaexsisteutiae
953 1808 1286 1878 principium
1322 1814 1617 1860 mutantes.

536 2102 592 2156 4.
632 2099 864 2155 ALIUD.
911 2096 1170 2154 Libenter
1213 2097 1282 2151 ab
1309 2095 1391 2152 eis
1420 2109 1744 2167 quaererem,
1776 2094 1871 2165 qui
1906 2107 2042 2148 con-

469 2205 789 2249 sentaneum
831 2193 903 2247 sit
932 2191 1170 2244 animam
1203 2203 1323 2257 quae
1355 2197 1481 2244 aute
1511 2202 1742 2259 corpora
1773 2188 2039 2258 peccavit,

469 2285 526 2339 in
559 2300 762 2355 corpus
792 2281 1032 2346 detrudi,
1060 2289 1121 2334 ut
1155 2281 1530 2350 experimento
1562 2280 1684 2349 ipso
1731 2278 1910 2334 discat
1942 2293 2041 2333 cu-

467 2376 758 2446 piditatum
789 2388 1010 2429 suarum
1057 2370 1455 2442 turpitudinem
1482 2387 1496 2435 ;
1531 2371 1648 2424 haec
1667 2369 1814 2424 enim
1845 2368 2044 2424 docere

470 2482 581 2520 non
637 2471 922 2520 verentur.
973 2462 1135 2531 Atqui
1193 2462 1261 2515 ab
1314 2461 1434 2531 ipso
1488 2460 1758 2513 malorum
1813 2467 2041 2528 aspectu

472 2557 753 2613 avellenda
795 2555 978 2626 potius
1026 2560 1192 2618 esset,
1241 2567 1403 2622 quam
1451 2551 1504 2605 in
1559 2554 1737 2621 ipsum
1787 2549 2045 2620 turpissi-

472 2665 684 2705 marum
737 2648 1082 2717 voluptatum
1134 2631 1467 2715 prol‘undum
1503 2639 1863 2697 detrudenda.
1906 2639 2045 2693 Illud

473 2739 619 2793 enim
674 2736 902 2792 remedii
946 2749 1119 2805 genus
1175 2740 1293 2787 erat
1346 2733 1534 2802 potius
1566 2746 1729 2800 quam
1777 2730 1945 2786 istud.
1988 2729 2044 2784 Si

475 2844 605 2900 ergo
667 2836 727 2882 ut
770 2825 1054 2896 corporeis
1091 2823 1459 2892 voluptatibus
1502 2822 1884 2892 immergatur,
1933 2834 2048 2874 ma-

475 2922 654 2975 lorum
703 2915 1079 2971 accessionem
1130 2913 1493 2982 habet,'quod
1529 2913 1585 2967 in
1626 2928 1824 2982 corpus
1861 2912 2046 2968 detru-

475 3012 646 3074 ditur,
690 3022 848 3064 nemo
881 3005 1185 3060 laudaverit
1242 3004 1515 3060 medicum
1567 3005 1658 3076 qui
1698 3019 1905 3075 aegrum
1952 3004 2048 3059 ad-

473 3105 651 3174 iutum
707 3099 773 3153 iri
816 3104 972 3168 putat
1010 3111 1105 3165 per
1136 3110 1201 3151 ea
1239 3095 1357 3166 ipsa
1399 3095 1601 3164 quibus
1631 3095 1681 3150 ei
1736 3101 1918 3150 nocet.
1949 3092 2045 3149 Sin
2076 3126 2118 3184 ο

477 3204 655 3250 autem
687 3199 746 3246 ut
776 3186 1042 3260 peccandi
1076 3184 1236 3240 ﬁnem
1268 3185 1449 3252 faciat,
1475 3184 1752 3255 quomodo
1786 3184 1840 3239 in
1865 3188 2044 3255 ipsum

407 3351 410 3354 ,
478 3283 801 3356 cupiditatis
855 3279 1075 3349 delapsa
1121 3275 1457 3349 profundum
1513 3291 1791 3347 emergere
1842 3278 2045 3347 potuit,

478 3392 542 3432 ac
575 3391 692 3430 non
721 3373 906 3445 potius
953 3371 1132 3441 ipsum
1181 3370 1352 3424 morbi
1403 3368 1620 3423 initium
1666 3367 1894 3438 depulit,
1923 3383 2048 3423 cum

480 3467 615 3522 nihil
653 3465 834 3519 adhuc
887 3466 1034 3516 esset
1090 3472 1198 3529 quo
1253 3456 1321 3512 ad
1381 3455 1716 3528 peccandum
1766 3455 2048 3526 pertrahe-

480 3555 663 3614 retur?

549 3671 604 3726 5.
644 3666 873 3724 ALIUD.
905 3665 964 3721 Si
999 3671 1127 3720 ante
1162 3676 1364 3732 corpus
1394 3660 1668 3716 exsistens
1701 3657 1885 3713 anima
1918 3670 2048 3727 pec-

481 3764 647 3824 cavit,
675 3770 734 3815 ut
773 3759 853 3814 illi
891 3758 1104 3818 volunt,
1138 3755 1369 3824 ideoque
1400 3754 1635 3822 impacta
1675 3759 1760 3805 est
1798 3748 1955 3804 carni
1997 3755 2053 3803 et

483 3855 756 3926 sanguini,
799 3853 920 3907 loco
953 3864 1127 3922 pernae
1160 3846 1214 3902 id
1266 3845 1544 3914 accipiens
1577 3859 1590 3896 :
1627 3839 1905 3910 quomodo
1943 3852 2051 3893 non

481 3955 730 4018 oporteat
763 3944 1049 4000 credentes
1084 3941 1140 3995 iu
1173 3939 1477 3998 Christum,
1507 3941 1564 3990 et
1596 3932 1805 3988 idcirco
1839 3929 2053 4003 peccati

484 4015 864 4090 remissionem
891 4035 1241 4088 consecutos,
1269 4024 1418 4077 illico
1445 4020 1513 4075 de
1544 4017 1875 4087 corporibus
1897 4015 2052 4070 exire

483 4138 534 4184 et
568 4127 843 4183 sarcinam
867 4125 1027 4177 istam
1052 4131 1226 4190 poena
1256 4115 1380 4168 loco
1414 4109 1728 4180 impositam
1759 4104 2056 4161 excutere?

484 4216 770 4283 Quomodo
807 4214 978 4275 enim,
1008 4221 1215 4278 quaeso,
1245 4201 1543 4274 perfectam
1594 4195 1804 4268 peccati
1857 4193 2054 4249 remis-

485 4310 695 4365 sionem
743 4309 1040 4359 cbnsecuta
1103 4305 1188 4354 est
1236 4295 1419 4349 anima
1482 4287 1748 4351 hominis,
1793 4285 1841 4342 si
1882 4299 2058 4355 pinna:

485 4401 664 4455 adhuc
731 4405 948 4452 tenetur
1017 4389 1329 4446 obnoxius?
1390 4387 1458 4440 At
1524 4382 1774 4438 videmus
1844 4384 2055 4433 tantum

487 4491 679 4544 abesse
708 4495 768 4542 ut
796 4485 978 4539 lideles
1007 4481 1332 4551 corporibus
1364 4474 1586 4531 liberari
1616 4473 1805 4535 velint,
1837 4477 1895 4524 ut
1929 4483 2055 4523 cum
2091 4495 2133 4548 ι)

1448 320 1506 378 S.
1548 318 1828 379 CYRILLI
1879 314 2349 374 ALEXANDBINI
2390 311 2710 370 ARCHIEP.

526 445 581 500 ὅ.
623 441 856 498 ALIUD.
891 442 949 499 Si
982 450 1109 500 ante
1155 456 1356 514 corpus
1381 442 1561 497 anima
1591 439 1829 498 hominis
1863 440 2035 497 exsti-
2060 449 2110 506 Α

3595 291 3695 347 ιδε
3753 270 3758 272 ⁷

2204 445 2277 508 γ’.
2317 436 2522 490 ΑΔΛΟ.
2562 430 3076 504 Είηπροῦφεστήκει
3121 428 3217 483 τοῦ
3257 427 3510 499 σώματος
3542 432 3576 502 ὴ
3607 433 3696 487 τοῦ

2130 528 2414 599 ἀνθρώπου
2447 526 2615 596 ψυχὴ,
2641 523 2734 576 καὶ
2761 521 2886 585 νοῦς
2912 520 3156 592 ὑπῆρχεν
3180 520 3278 599 ἐτι
3309 519 3396 574 διὰ
3424 519 3583 575 τοῦτο
3615 540 3704 576 και

2131 597 2314 691 θαρδς,
2351 617 2676 686 οἰκειότερον
2703 615 2772 684 τῇ
2819 612 2925 666 τῶν
2965 597 3188 679 ἀγαθῶν
3223 611 3407 678 ἐφέσει
3447 613 3704 680 προσκεί-

2134 726 2314 780 μενος,
2369 708 2433 760 ἐκ
2460 704 2813 777 παρατροπῆς
2847 703 2904 756 δέ
2926 703 3024 772 τῆς
3055 701 3149 755 ἐπὶ
3188 701 3248 754 τὸ
3291 703 3472 773 χεῖρον
3517 704 3594 765 είς
3645 703 3706 756 τὸ

2130 799 2330 870 γεῶδες
2363 799 2640 868 πέμπεται
2673 796 2848 865 σῶμα,
2872 793 2965 846 καὶ
2993 792 3234 862 γεγονὼς
3255 794 3314 847 ἐν
3337 792 3486 861 αύτῷ
3516 793 3575 846 τδ
3609 811 3709 863 μη·

2133 891 2251 946 κέτι
2275 888 2561 961 βούλεσθαι
2591 886 2931 956 πλημμελεῖν
2953 886 3285 948 άπαιτεῖται,
3330 883 3448 947 πῶς
3476 885 3576 939 οῦκ
3599 883 3711 938 est.

2135 984 2310 1036 κεῖται
2344 981 2417 1052 μὴ
2438 980 2556 1033 τότε
2586 979 2815 1050 μάλιστα
2845 975 3004 1030 τοῦτο
3027 979 3199 1030 ποιεῖν
3218 977 3706 1047 ἐπιτετραμμένος,

2132 1074 2221 1127 ὅτε
2240 1072 2303 1143 δὴ
2336 1071 2430 1124 καὶ
2476 1069 2674 1138 μᾶλλον
2717 1069 2960 1138 ὑπῆρχεν
3000 1066 3342 1136 ἑτοιμότερος
3381 1068 3460 1129 είς
3486 1068 3708 1134 ἀρετὴν,

2135 1168 2286 1223 οῦπω
2310 1168 2420 1229 τοῖς
2448 1165 2555 1219 άπὸ
2583 1164 2675 1217 τοῦ
2695 1162 2943 1233 σώματος
2978 1160 3320 1230 ἐνδεδυμένος
3352 1163 3562 1223 κακοῖς,
3594 1159 3708 1213 ἀλλ’

2136 1258 2225 1310 ὅτε
2280 1256 2500 1324 γέγονεν
2550 1255 2607 1307 ἐν
2641 1253 2862 1306 θολώσει
2906 1251 3004 1320 τῆς
3052 1247 3344 1320 ἁμαρτίας,
3379 1249 3498 1300 τότε
3553 1246 3712 1300 τοῦτο

2137 1348 2309 1402 ποιεῖν
2358 1346 2457 1399 οὐκ
2504 1344 2772 1415 εὐκαίρως
2818 1339 3215 1410 ἁναγκάζεταις
3271 1337 3478 1407 Καιροῦ
3526 1337 3581 1390 δὲ
3617 1335 3707 1389 τοῦ

2137 1440 2440 1512 πρέποντος
2466 1437 2565 1490 ούκ
2593 1435 2658 1490 ἂν
2681 1435 2914 1505 ἁμάρτοι
2943 1433 3001 1485 τὸ
3029 1433 3202 1494 Θεῖον,
3232 1431 3347 1484 ἀλλ’
3367 1430 3473 1483 οὐδ’
3509 1427 3575 1482 ἂν
3601 1429 3711 1482 ἀδι-

2137 1535 2304 1603 κήσαι
2341 1529 2473 1583 ποτὲ
2517 1528 2577 1582 τὸ
2613 1527 2815 1581 ἀδικεῖν
2859 1526 2920 1579 ού
2953 1524 3216 1594 πεφυκός.
3261 1523 3546 1594 Εὐκαίρως
3581 1523 3708 1594 ἀρα,

2139 1623 2234 1676 καὶ
2260 1621 2481 1685 δικαίως
2503 1618 2637 1689 μετὰ
2656 1617 2856 1689 σαρκὸς
2883 1617 2944 1670 τὸ
2988 1616 3062 1688 μὴ
3092 1613 3424 1685 ἁμαρτάνειν
3454 1610 3714 1666 ἀπαιτού-

2145 1715 2305 1786 μεθα,
2338 1714 2495 1784 μόνον
2519 1714 2738 1782 ἔχοντας
2763 1708 2950 1763 τοῦτον
2979 1707 3072 1762 τοῦ
3096 1703 3234 1760 εἶναι
3259 1705 3468 1777 καιρὸν,
3503 1703 3624 1757 καθ’
3653 1702 3712 1755 ὃν

2073 1783 2114 1837 Β
2145 1783 2279 1880 μετὰ
2314 1783 2561 1876 σώματος
2587 1807 2666 1867 είς
2698 1803 2787 1858 τὸν
2813 1802 3014 1874 κόσμον
3045 1799 3340 1872 ἐρχόμεθα,
3367 1797 3429 1850 τὸ
3460 1795 3533 1866 μὴ
3573 1791 3712 1848 εἶναι

2142 1900 2444 1970 πρότερον,
2513 1893 2702 1968 ὥσπερ
2768 1894 2892 1948 τινὰ
2947 1893 3112 1946 τόπον
3177 1887 3711 1958 καταλιμπάνοντες,

2141 1990 2235 2043 καὶ
2265 1987 2324 2054 ἐξ
2349 1987 2514 2042 αὐτοῦ
2545 1984 2936 2058 προῦπάρξεως
2959 1983 3133 2053 ἀρχὴν
3174 1977 3577 2052 μεθιστάμενοι.

2211 2079 2272 2132 δ’.
2332 2079 2536 2134 ΑΛΛΟ.
2573 2077 2730 2130 Ποῖον
2769 2075 2883 2144 ἔχει
2942 2072 3132 2140 λόγον,
3171 2069 3397 2139 ἐροίμην
3434 2065 3500 2120 ἂν
3544 2063 3715 2135 ἡδέως

2143 2172 2361 2236 αὐτοὺς,
2401 2171 2461 2224 τὸ
2517 2168 2918 2241 ἀμαρτήσασαν
2965 2159 3071 2237 πρὸ
3113 2155 3379 2232 σωμάτων
3422 2161 3501 2222 είς
3555 2157 3716 2225 σῶμα

2144 2263 2458 2334 πέμπεσθαι
2501 2263 2598 2331 τὴν
2628 2260 2826 2330 ψυχὴν,
2855 2258 2942 2311 ἵνα
2993 2257 3056 2328 δὴ
3090 2254 3247 2327 μάθοι
3284 2254 3348 2322 τῇ
3387 2250 3572 2322 πείρᾳ,
3607 2248 3714 2301 τῶν

2143 2356 2358 2410 οἰκείων
2397 2351 2699 2421 ἐπιθυμιῶν
2731 2349 2830 2421 τὴν
2860 2347 3214 2419 αἰσχρότητα;
3253 2345 3363 2398 Καὶ
3406 2343 3578 2396 ταῦτα
3605 2337 3714 2410 γὰρ

2143 2447 2243 2500 οὐκ
2276 2443 2600 2515 ἐρυθριῶσιν
2646 2439 3018 2510 ἐξηγούμενοι.
3059 2437 3252 2491 Καίτοι
3306 2432 3505 2505 μᾶλλον
3547 2429 3716 2501 ἐχρῆν

2145 2538 2239 2592 καὶ
2258 2536 2427 2606 αὐτῆς
2446 2535 2542 2605 τῆς
2555 2531 2662 2587 τῶν
2675 2530 2862 2585 κακῶν
2879 2526 3188 2594 ἐξέλκεσθαι
3210 2523 3509 2594 φαντασίας
3521 2521 3715 2591 αὐτὴν,

2145 2630 2237 2684 καὶ
2274 2629 2375 2680 οὑκ
2403 2627 2483 2690 εὶς
2503 2625 2663 2678 αὑτὸν
2693 2619 3053 2676 κατωθεῖσθαι
3082 2616 3282 2689 ἡδονῶν
3314 2615 3406 2669 τὸν
3439 2612 3714 2683 πυθμέναο

2145 2720 2343 2792 τρόπος
2371 2717 2478 2789 γὰρ
2507 2711 2574 2787 ἦν
2597 2713 2890 2783 θεραπείας
2923 2713 3097 2765 ἐκεῖνο
3122 2708 3320 2784 μᾶλλον
3345 2746 3358 2770 ,
3385 2707 3418 2778 ἢ
3451 2705 3628 2758 τοῦτο.
3652 2703 3717 2757 EI

2150 2812 2248 2884 μὲν
2282 2807 2374 2863 οῦν
2416 2809 2503 2862 ἵνα
2537 2811 2657 2870 ταῖς
2681 2805 2775 2859 τοῦ
2819 2804 3084 2875 σώματως
3133 2801 3347 2872 ἡδοναῖς
3393 2796 3714 2868 ἐντρυφὴσῃ

2147 2899 2466 2972 προσθήκην
2490 2897 2601 2968 ἔχει
2637 2895 2956 2967 νοσημάτων
2972 2894 3069 2963 τὴν
3093 2891 3389 2962 σάρκωσιν,
3407 2887 3507 2942 ούκ
3539 2888 3604 2941 ἄν
3631 2901 3718 2948 τις

2148 2991 2430 3046 ἐπαινέσαι
2475 2990 2564 3043 τὸν
2605 2987 2997 3058 σωφρονιστὴν,
3027 2984 3096 3037 δι’
3138 2975 3213 3035 ὧν
3258 2980 3485 3050 ὠφελεῖν
3521 2975 3718 3029 ὑπετό-

2149 3099 2321 3152 πησεν
2349 3079 2636 3134 ἀδικοῦντα
2667 3077 2728 3132 τὸ
2765 3074 3073 3145 νενοσηκός.
3108 3072 3170 3126 Εί
3214 3072 3270 3126 δὲ
3303 3071 3390 3124 ἵνα
3441 3067 3718 3138 παύσηται

2149 3173 2259 3228 τῶν
2287 3172 2493 3237 παθῶν,
2527 3171 2644 3234 πῶς
2669 3173 2748 3234 είς
2779 3169 2909 3222 αὐτὸ
2945 3164 3184 3220 πεσοῦσα
3210 3163 3313 3234 τῆς
3341 3159 3634 3232 ἐπιθυμίας
3659 3158 3721 3212 τὸ

2155 3265 2318 3337 βάθος
2365 3262 2697 3318 ἀνακύπτειν
2723 3246 2963 3322 ἐδύνατο,
2995 3259 3089 3312 καὶ
3115 3257 3237 3327 οὐχὶ
3267 3253 3466 3327 μᾶλλον
3495 3253 3588 3307 καὶ
3619 3251 3722 3306 αὖ·

2151 3359 2251 3430 τὴν
2272 3357 2632 3413 ἀποπτύσασα
2657 3352 2752 3408 τοῦ
2791 3353 3099 3423 νοσήματος
3142 3349 3240 3420 τὴν
3265 3345 3461 3419 ἀρχὴν,
3488 3347 3577 3399 ὅτε
3625 3342 3723 3398 καὶ

2153 3449 2336 3523 γυμνὴ
2357 3446 2451 3504 τοῦ
2480 3447 2835 3508 καθέλκοντος
2863 3446 2942 3507 είς
2969 3440 3242 3513 ἁμαρτίαν
3272 3438 3540 3511 ἐφαίνετο.

2227 3633 2289 3683 ε’.
2324 3627 2527 3680 ΑΛΛΟ.
2578 3624 2643 3676 Εἰ
2675 3619 2919 3693 προοῦσα
2956 3614 3423 3687 πεπλημμέληκεν
3462 3612 3495 3680 ἠ
3541 3605 3723 3678 ψυχὴ,

2157 3717 2246 3778 διά
2263 3735 2318 3769 τε
2333 3715 2490 3770 τοῦτο
2522 3711 2832 3781 συνεπλάκη
2852 3707 3032 3781 σαρκὶ,
3066 3705 3160 3758 καὶ
3197 3704 3406 3775 αἵματι,
3430 3702 3511 3764 είς
3551 3715 3724 3769 τιμω-
3799 3680 3820 3696 “

2161 3811 2281 3885 ρίας
2307 3808 2503 3881 τρόπον
2527 3803 2766 3858 λαϐοῦσα
2787 3801 2848 3855 τὸ
2887 3801 3033 3872 πρᾶγ
3043 3817 3138 3870 μα,
3165 3797 3282 3859 πῶς
3314 3797 3415 3848 οὐκ
3461 3793 3568 3846 ἔδει
3597 3793 3727 3854 τοὺς

2161 3902 2513 3965 πιστεύοντας
2547 3901 2624 3963 είς
2647 3897 2898 3970 Χριστὸν,
2941 3895 3035 3948 καὶ
3053 3891 3456 3963 κομισαμένους
3487 3887 3574 3941 διὰ
3599 3885 3724 3938 τού-

2159 4016 2251 4052 του
2280 3998 2378 4066 τῆς
2407 3994 2680 4065 ἁμαρτίας
2710 3990 2808 4058 τὴν
2836 3989 3047 4057 ἄφεσιν,
3079 3985 3418 4057 παραχρῆμα
3461 3981 3727 4051 σωμάτων

2162 4087 2498 4160 ἐξέρχεσθαι,
2525 4084 2617 4138 καὶ
2646 4083 2704 4137 τὸ
2719 4083 2862 4152 λόγῳ
2885 4078 3154 4151 τιμωρίας
3193 4074 3474 4146 περιτεθὲν
3499 4069 3730 4126 ἀποϐάλ-

2161 4182 2311 4249 λειν;
2347 4180 2500 4233 Ἐπεὶ
2546 4177 2661 4241 πῶς
2695 4175 2905 4228 τελείαν
2933 4173 3046 4242 ἔχει
3086 4171 3183 4242 τὴν
3221 4167 3467 4238 άφεσινή
3508 4161 3600 4218 τοῦ
3633 4163 3728 4218 άνο

2164 4273 2381 4344 θρώπου
2428 4269 2594 4340 ψυχὴ,
2643 4268 2721 4321 ἐτι
2779 4265 3130 4337 περικειμένη
3169 4261 3258 4314 τὸν
3305 4259 3406 4330 τῆς
3457 4255 3725 4316 κολάσεως

2163 4364 2395 4436 τρόπον;
2439 4361 2576 4414 Ἀλλ’
2628 4359 2842 4431 ὁρῶμεν
2879 4358 2960 4411 ὅτι
2983 4354 3235 4410 τοσοῦτον
3257 4351 3596 4422 ἀφεστήκασι
3633 4345 3726 4399 τοῦ

2167 4453 2433 4524 σωμάτων
2493 4445 2930 4504 ἀπαλλάττεσθαι
2963 4444 3135 4498 θέλειν
3176 4444 3223 4496 ei
3250 4439 3614 4499 πιστεύοντες,
3653 4434 3728 4498 ὡς

488 4528 679 4544 usus”
710 4528 768 4542 ...
797 4528 978 4539 me.--
1010 4528 1329 4551 ---ΓΠ-η
1366 4528 1432 4531 ___
1454 4528 1466 4530 _
1792 4528 1802 4535 ,

488 4579 612 4635 ﬁdei
674 4574 885 4632 Christi
941 4570 1292 4626 confessione
1353 4564 1536 4621 carnis
1596 4560 2050 4617 resurrectionem

2163 4548 2281 4608 ταῖς
2317 4546 2391 4608 είς
2425 4543 2658 4613 Χριστὸν
2713 4537 3023 4610 ὁμολογίαις
3059 4528 3576 4603 συνεπισφίγγεσθαι
3629 4529 3729 4597 τῆς

487 4669 844 4738 conjungant.
875 4662 993 4716 Non
1029 4661 1133 4715 erit
1159 4672 1290 4726 ergo
1319 4664 1496 4726 paenae
1523 4653 1642 4707 loco
1674 4652 1729 4706 id
1761 4649 1906 4720 quod
1933 4647 2057 4703 ﬁdei

488 4772 708 4829 quoque
749 4751 1099 4808 confessione
1155 4748 1478 4811 honoratur,
1527 4751 1578 4798 et
1630 4741 1698 4796 ad
1750 4738 2053 4795 Salvatoris

489 4847 896 4918 omnipotentiae
918 4842 1291 4898 testimonium
1325 4837 1570 4902 aﬂ’ertur,
1605 4850 1672 4890 ex
1709 4847 1773 4890 eo
1798 4831 1942 4904 quod
1973 4831 2055 4886 sic

489 4940 560 4995 ad
586 4941 751 4995 vitam
782 4934 1028 4992 redierit.

557 5027 611 5082 6.
654 5023 882 5080 ALIUD.
918 5022 975 5077 Si
1002 5027 1129 5077 ante
1168 5035 1370 5087 corpus
1401 5015 1674 5098 exsislens
1704 5014 1885 5069 anima
1924 5027 2056 5083 pec-

489 5117 655 5181 cavit,
695 5123 756 5169 ιιι
802 5114 880 5168 illi
909 5114 1120 5178 volunt,
1159 5119 1213 5166 et
1253 5110 1459 5164 idcirco
1501 5107 1698 5162 innexa
1756 5113 1840 5160 est
1883 5102 2058 5167 carni,

490 5224 655 5284 quam
717 5207 786 5262 ob
831 5201 1054 5260 causam
1115 5202 1203 5257 lex
1257 5200 1507 5272 graviora
1560 5197 1780 5268 quidem
1839 5201 2060 5264 peccata

491 5311 665 5358 morte
718 5297 901 5370 plecti,
958 5297 1307 5352 innocentem
1355 5306 1485 5349 vero
1516 5287 1702 5344 vivere
1746 5283 2053 5357 permittit?

488 5394 784 5450 Prasstaret
836 5389 1037 5460 quippe
1077 5385 1392 5457 permittere
1439 5378 1886 5450 turpissimarum
1946 5373 2057 5427 cri-

487 5467 697 5540 minum
745 5495 871 5535 reos
914 5478 1008 5534 diu
1063 5478 1119 5532 in
1173 5474 1504 5545 corporibus
1565 5470 1796 5533 hwrere,
1843 5472 1903 5518 ut
1951 5463 2057 5518 hoc

490 5581 648 5645 pacto
683 5570 906 5643 gravius
946 5568 1294 5639 punirentur,
1329 5564 1649 5618 innocentes
1682 5571 1812 5613 vero
1860 5570 2056 5625 corpo-

485 5665 644 5720 ribus
681 5659 910 5723 exsolvi,
936 5661 981 5713 si
1020 5671 1192 5728 paenae
1240 5655 1362 5710 loco
1393 5652 1620 5708 inclusa:
1652 5655 1784 5706 sunt
1823 5647 1878 5702 in
1927 5660 2053 5700 cor-

489 5755 716 5830 poribus
747 5749 958 5807 animae.
995 5746 1100 5804 Sed
1131 5754 1345 5816 contra,
1373 5750 1550 5801 morte
1576 5741 1797 5814 quidem
1827 5739 2054 5813 punitur

2165 4634 2364 4706 σαρκὸς
2412 4633 2509 4702 τὴν
2559 4631 2875 4684 ἀνάστασιν.
2927 4625 3040 4678 Οὐκ
3100 4622 3206 4692 ἄρα
3256 4620 3529 4680 κολάσεως
3575 4613 3728 4667 ἐσται

2159 4705 2378 4796 τρόπος,
2401 4721 2462 4774 τὸ
2487 4719 2580 4773 καὶ
2601 4718 2832 4780 πίστεως
2853 4713 3110 4786 ὁμολογίᾳ
3128 4709 3511 4780 τετιμημένον,
3552 4706 3626 4770 ὡς
3659 4705 3728 4774 τῇ

2160 4814 2280 4885 θείᾳ
2310 4811 2402 4865 τοῦ
2421 4808 2672 4879 Σωτῆρος
2693 4807 2920 4876 δυνάμει
2945 4806 3006 4859 τὸ
3028 4804 3205 4858 πάντα
3231 4800 3491 4856 δύνασθαι
3534 4799 3732 4870 ῥᾳδίως

2159 4902 2584 4977 ἐπιμαρτυροῦν,
2609 4901 2696 4954 διὰ
2715 4898 2808 4952 τοῦ
2838 4896 3268 4968 παλινδρομῆσαι
3295 4894 3433 4964 πρὸς
3463 4892 3631 4962 ζωήν.

2233 4997 2308 5063 ς’.
2346 4995 2548 5048 ΑΛΛΟ.
2588 4983 2651 5045 Εἰ
2678 4990 2924 5062 προοῦσα
2959 4988 3076 5043 κατ’
3107 4986 3345 5049 ἐκείνους
3374 4983 3678 5056 ἐξήμαρτεν
3699 4983 3733 5052 ἡ

2159 5085 2420 5158 ψυχὴ,διά
2445 5102 2503 5153 τε
2522 5083 2680 5137 τοῦτο
2702 5081 3011 5152 συνεπλάκη
3041 5079 3227 5151 σαρκὶ,
3253 5078 3342 5131 διὰ
3363 5076 3520 5129 ποίαν
3552 5075 3737 5128 αἰτίαν

2161 5181 2190 5232 ὁ
2213 5178 2374 5248 νόμος
2402 5175 2468 5229 τὰ
2507 5173 2603 5246 μὲν
2631 5173 2739 5226 τῶν
2778 5171 3137 5242 ἐγκλημάτων
3172 5167 3446 5240 βαρύτερα
3466 5163 3734 5236 τιμᾶσθαι

2161 5271 2397 5340 θανάτῳ,
2426 5268 2515 5322 τὸν
2547 5267 2602 5320 δέ
2626 5266 2776 5320 οὐδὲν
2810 5263 3168 5336 ἡμαρτηκότα
3199 5260 3388 5331 διαξῇν
3423 5257 3732 5328 ἐπιτρέπω

2159 5361 2312 5432 Χρῆν
2333 5360 2442 5432 γάρ
2461 5361 2522 5430 δή
2548 5375 2646 5411 που
2673 5355 2894 5428 μᾶλλον,
2921 5355 3046 5418 τοὺς
3067 5354 3164 5424 μὲν
3189 5353 3281 5404 ἐπὶ⁴
3300 5353 3410 5413 τοῖς
3432 5349 3737 5418 αἰσχίστοις

2163 5457 2386 5516 ἁλόντας
2421 5454 2608 5515 κακοῖς
2632 5449 2946 5520 ἐπιτρέπειν
2979 5445 3316 5516 ἐγχρονίζειν
3335 5441 3604 5511 σώμασιν,
3646 5438 3734 5491 ἵνα

2160 5545 2225 5618 δὴ
2257 5545 2350 5598 καὶ
2372 5543 2631 5614 μειζόνως
2657 5537 2987 5605 κολάζοιντο,
3019 5537 3142 5601 τοὺς
3163 5536 3219 5589 δέ
3238 5534 3388 5588 οὐδὲν
3411 5529 3733 5604 ἡμαρτηκὸ-

2160 5655 2256 5702 τας
2280 5636 2545 5706 σωμάτων
2587 5631 2851 5696 ἀνεῖσθαι,
2892 5630 3050 5700 εἴπερ
3095 5629 3152 5681 ἐν
3177 5618 3351 5690 τάξει⁹
3381 5620 3650 5692 τιμωρίας
3697 5619 3731 5688 ἠ

2161 5729 2572 5802 ἐνσωμάτωσις.
2630 5722 2767 5779 Ἀλλ’
2795 5725 2858 5776 ἐκ
2889 5721 2996 5778 τῶν
3031 5721 3309 5786 ἐναντίων,
3343 5715 3558 5785 θανάτῳ
3581 5713 3678 5784 μὶν
3702 5713 3732 5765 ὀ
