4052 6208
478 297 500 358 I
513 305 580 358 39

1517 288 1573 342 s.
1602 281 1874 342 CYRILLI
1915 277 2384 337 ALEXANDRINI
2423 277 2747 336 ARCIIIEP.
2854 239 2866 253 “

3619 275 3720 330 H0

470 434 567 473 eos
600 417 741 472 votis
775 412 1148 486 prosequitur,
1176 408 1365 464 dicens
1398 423 1411 460 :
1442 424 1458 456 ι
1498 404 1558 457 Et
1577 418 1704 459 ecce
1723 403 1860 459 estis
1891 399 2046 454 hodie

2152 398 2376 475 δικαίως
2417 395 2848 468 ὑπερθαυμάσας
2879 396 2908 449 ὁ
2950 393 3271 466 ἱεροφάντης
3295 388 3537 478 Μωύσῆς
3560 392 3720 444 ἐπεύ-

477 509 624 563 velut
675 517 821 563 astra
868 505 992 559 caeli
1032 499 1403 556 multitudine.
1447 495 1712 549 Dominus
1763 492 1906 546 Deus
1951 505 2044 560 pa-

465 601 620 654 ‘trum
639 608 946 654 vestrorum
969 591 1366 663 adjiciatvobis
1393 590 1534 644 sicut
1558 587 1693 642 estis
1719 585 1916 640 millies
1931 585 1996 638 9".
2023 603 2042 635 ι

475 694 543 746 At
574 693 630 747 ‘si
662 687 988 759 carporibus
1022 683 1096 738 ad
1137 695 1354 752 poenam
1384 678 1797 734 includerentur
1827 674 2045 739 animae,

477 785 644 853 idque
714 779 1046 836 necessitate
1114 774 1386 846 quadam,
1462 767 1786 839 imprecatio
1855 779 2046 821 revera

473 883 642 940 esset,
677 888 786 927 non
816 880 1004 926 votum
1033 868 1124 924 illa
1165 865 1368 936 Moysis
1404 863 1606 923 oratio.
1644 859 1813 930 Atqui
1844 873 1948 913 res-
1973 857 2048 910 ita

474 983 584 1021 non
625 971 730 1028 est,
776 961 872 1017 sed
919 960 1069 1015 facta
1111 966 1196 1014 est
1243 971 1273 1008 a
1307 953 1491 1024 Moyse
1537 949 1871 1007 benedictio.
1928 946 2049 1002 Non

473 1072 606 1129 ergo
635 1057 700 1111 ad
727 1065 942 1126 poenam
993 1048 1322 1120 corporibus
1353 1045 1629 1100 immersae
1654 1049 1787 1098 sunt
1831 1039 2048 1098 animae.

547 1313 630 1372 12.
670 1313 901 1370 ALIUD.
938 1311 1077 1366 Male
1121 1308 1440 1380 petentibus
1473 1304 1618 1360 Deus
1671 1319 1780 1360 non
1829 1302 2043 1358 annuit.

473 1411 644 1479 Cujus
684 1407 762 1461 rei
799 1405 1044 1474 locuples
1072 1401 1230 1456 testis
1270 1399 1429 1453 nobis
1464 1397 1570 1452 erit
1607 1383 1911 1451 Salvatoris
1935 1394 2051 1450 dis-

474 1499 696 1569 cipulus
726 1515 740 1552 :
773 1516 792 1548 ι
820 1494 1034 1555 Petitis,
1060 1509 1079 1542 ι
1121 1487 1321 1559 inquit,
1357 1505 1376 1538 ι
1414 1495 1470 1541 et
1502 1501 1612 1540 non
1673 1483 1948 1554 accipitis,
1987 1495 2052 1536 eo

474 1591 620 1660 quod
655 1588 797 1643 male
839 1584 1036 1656 petatis
1059 1581 1125 1636 νε.
1163 1601 1182 1634 ι
1229 1580 1286 1636 Si
1317 1594 1446 1648 ergo
1488 1577 1554 1632 ad
1604 1575 1818 1647 poenam
1853 1589 2050 1642 corpo-

476 1681 631 1733 ribus
673 1675 871 1729 animae
921 1671 1328 1740 mancipantur,
1380 1665 1656 1736 quomodo
1705 1663 1862 1716 Anna
1910 1661 2050 1714 Plia-

2149 504 2302 558 χεται
2329 486 2498 552 λέγων
2536 486 2736 548 αὐτοῖς’
2776 505 2794 538 ι
2821 486 2933 539 Καὶ
2962 485 3092 553 ἰδοὺ,
3121 484 3244 536 ἐστὲ
3285 485 3526 556 σήμερον
3551 483 3627 547 ὼς
3652 485 3724 535 τὰ

2148 580 2321 651 ἄστρα
2364 578 2458 632 τοῦ
2512 577 2743 648 οὐρανοῦ
2769 576 2849 648 τῷ
2886 576 3099 648 πλήθει.
3151 577 3354 648 Κύριος
3383 573 3412 626 ὁ
3452 574 3582 637 Θεὸς
3615 593 3724 628 των

2149 676 2399 741 πατέρων
2419 671 2448 722 ὐ
2457 669 2571 741 μῶν
2598 668 2860 740 προσθείη
2879 668 3029 740 ὑμῖν,
3050 668 3124 731 ὡς
3143 663 3242 739 ἦτε
3266 666 3669 737 χιλιοπλασίως.
3700 683 3719 716 ι

2161 761 2460 832 Ἀλλέίπερ
2473 757 2542 832 ἦν
2562 761 2805 827 κόλασις,
2823 763 2943 824 ταῖς
2969 758 3270 830 ἀνθρώπων
3289 758 3488 828 ψυχαῖς
3509 757 3570 810 τὸ
3583 751 3726 810 εἶναι

2151 854 2290 925 μετά
2312 853 2580 923 σωμάτων
2596 854 2653 906 ὲν
2680 853 2891 923 κόσμῳ,
2910 852 3017 906 ἔδει
3040 852 3096 905 δὲ
3121 845 3281 916 εἴναι,
3305 850 3398 904 καὶ
3414 850 3474 902 οὐ
3487 867 3555 918 γυ
3563 849 3723 920 μνὰς,

2149 945 2258 1016 ἀρὰ
2290 945 2488 1016 μᾶλλον
2519 944 2604 1016 είη
2640 961 2746 1014 περ
2771 943 3006 1015 ἀληθῶς,
3037 945 3135 996 οὐκ
3154 945 3240 997 ἐπ’
3275 943 3542 1014 summa!
3570 944 3600 995 ὸ
3628 941 3728 994 τοῦ

2147 1037 2391 1101 Μωσέως
2417 1037 2724 1110 εὑρίσκοιτο
2755 1037 2932 1106 λόγος.
2965 1037 3120 1109 Ἔχει
3149 1037 3207 1090 δὲ
3238 1038 3339 1106 οὐχ
3365 1035 3560 1100 οὕτως,
3607 1035 3727 1091 ἀλλ’

2149 1129 2207 1183 ὲν
2231 1129 2480 1199 εὐλογίας
2501 1129 2654 1194 τάξει
2700 1129 3014 1200 πεποίηται’
3042 1129 3144 1182 οὐκ
3179 1127 3285 1199 ἄρα
3307 1127 3577 1198 τιμωρίας
3612 1126 3726 1196 ἔχει

2149 1217 2305 1288 λόγον
2329 1222 2363 1290 ἡ
2398 1220 2691 1292 σάρκωσις.

2223 1307 2308 1379 ιβ’.
2336 1310 2670 1373 ΑΛΛΟ.Τοίς
2682 1311 2853 1362 αίτεῖν
2871 1308 3208 1382 ἐπιχειροῦσι
3229 1308 3436 1372 κακῶς,
3452 1310 3727 1365 ἐπινεύειν

2151 1397 2282 1462 Θεὸς
2312 1385 2412 1452 οὐκ
2440 1399 2711 1468 ἀνέχεται.
2744 1400 2851 1452 Καὶ
2879 1398 3067 1452 τούτου
3101 1399 3309 1469 μάρτυς
3336 1399 3466 1468 ἡμῖν
3490 1398 3725 1470 ἀψευδὴς

2151 1492 2179 1545 ὁ
2198 1489 2291 1544 τοῦ
2312 1492 2562 1562 Σωτῆρος
2581 1493 2866 1562 γενήσεται
2891 1490 3161 1562 μαθητὴς,
3181 1509 3198 1541 ι
3237 1491 3503 1554 Alesia,»
3527 1489 3721 1556 λέγων,

2157 1599 2176 1632 ι
2207 1583 2300 1634 καὶ
2328 1582 2388 1634 οὐ
2419 1582 2745 1651 λαμϐάνετε,
2770 1583 2850 1634 ὅτι
2878 1583 3066 1647 κακῶς
3097 1581 3355 1636 αἰτεῖσθε.
3379 1601 3398 1633 ι
3433 1581 3605 1652 Εἴπερ
3630 1578 3724 1635 οὖν

2153 1675 2270 1726 ἐστι
2324 1673 2543 1734 κόλασις
2592 1673 2651 1725 τὸ
2707 1671 3103 1742 σωματωθῆναι
3163 1671 3362 1742 ψυχὴν,
3419 1672 3586 1726 ’Λννα
3627 1671 3724 1724 τοῦ

477 1768 657 1822 nuelis
690 1764 822 1827 lilia,
857 1762 1068 1832 inquiet
1115 1758 1338 1828 aliquis,
1370 1770 1480 1810 non
1509 1755 1862 1809 vehementer
1890 1763 2046 1805 erra-

2149 1764 2450 1835 Φανουὴλή
2493 1762 2758 1834 θυγάτηρ,
2791 1762 2906 1825 πῶς
2949 1762 3049 1816 οὐκ
3088 1763 3323 1832 εὐλόγως
3352 1764 3468 1834 ἐρεῖ
3495 1779 3602 1826 τις,
3641 1762 3722 1814 ὅτι

477 1861 594 1922 bat,
623 1873 748 1913 cum
785 1867 896 1909 tam
941 1854 1099 1907 enixe
1149 1850 1318 1904 lilium
1351 1847 1459 1902 sibi
1497 1862 1528 1899 a
1566 1844 1678 1900 Deo
1728 1851 1938 1915 peteret
1967 1841 2050 1894 ⁸⁵2

473 1953 729 2005 Animam
757 1948 958 2020 quippe
985 1944 1244 1998 deorsum
1273 1941 1424 2012 pelli,
1443 1948 1495 1994 et
1515 1939 1569 1992 in
1599 1950 1802 2006 corpus
1831 1931 2048 1988 detrudi

477 2041 759 2115 poscebat.
803 2039 874 2092 At
917 2034 1220 2108 quomodo,
1261 2030 1692 2102 quaeso,.lilium
1742 2026 1844 2098 ipsi
1905 2023 2049 2080 Deus

475 2135 695 2190 beatum
739 2129 1054 2186 Samuelem
1114 2125 1372 2188 tradidit,
1439 2122 1484 2178 si
1533 2121 1752 2192 quidem
1793 2131 2051 2190 peccasse

476 2228 631 2297 prius
665 2225 902 2286 animam
943 2217 1255 2291 Oportebat,
1299 2224 1360 2269 ut
1388 2215 1620 2297 implexa
1660 2210 1884 2281 corpori
1931 2223 2050 2262 nmo

476 2293 631 2376 lieris
680 2329 865 2374 votum
925 2313 1214 2386 impleret?
1243 2293 1420 2382 Atqui.
1459 2309 1604 2365 Deus
1652 2303 1900 2368 tradidit,
1955 2300 2050 2372 qui

475 2410 697 2468 nonnisi
752 2409 896 2469 bona
945 2407 1078 2462 dare
1124 2413 1341 2476 potest,
1395 2414 1632 2471 cumque
1684 2397 1740 2452 id
1795 2403 2051 2467 prompto

474 2504 663 2558 animo
689 2500 793 2570 ipsi
821 2497 1101 2560 annuerit,
1127 2503 1312 2549 votum
1346 2492 1468 2562 ejus
1495 2491 1565 2544 ab
1595 2488 1744 2544 omni
1774 2483 2051 2542 calumnia

474 2597 693 2652 liberat.
734 2591 854 2647 Non
887 2591 1054 2661 igitur
1092 2589 1163 2643 ob
1195 2587 1500 2642 admissum
1521 2592 1820 2653 peccatum
1851 2592 2052 2647 corpo-

474 2687 628 2744 ribus
655 2684 836 2739 anima
880 2679 1202 2744 includitur,
1239 2664 1418 2748 neque
1445 2673 1502 2728 id
1530 2672 1579 2728 ei
1611 2671 1678 2726 ad
1708 2684 1926 2742 pinnam
1957 2667 2052 2723 da-

473 2791 613 2845 tum,
640 2784 701 2832 ut
724 2775 915 2829 volunt
942 2769 1216 2825 nonnulli.

550 2871 636 2925 l3.
664 2864 896 2924 ALIUD.
934 2860 1218 2930 Sicorpus
1244 2856 1444 2912 animae
1471 2851 1709 2910 hominis
1735 2850 1800 2906 ad
1831 2864 2051 2921 pinnam

473 2962 662 3016 datum
712 2964 817 3020 est,
856 2951 987 3023 quid
1038 2949 1331 3004 Ezechiam
1363 2944 1564 3016 adegit,
1597 2943 1748 2998 illum
1789 2941 2049 2997 Hieroso-

475 3050 748 3120 lymorum
781 3059 962 3113 regem
994 3039 1295 3111 sapientem
1329 3052 1394 3092 ac
1424 3037 1650 3100 bonum,
1684 3044 1740 3089 ut
1785 3049 1893 3089 non
1931 3034 2051 3089 sine

473 3137 691 3196 acerbis
747 3133 1016 3205 lacrymis-
1057 3130 1312 3203 corporis
1357 3137 1588 3186 mortem
1639 3127 2048 3196 deprecaretur,

476 3247 574 3286 nec
609 3230 701 3288 illo
733 3224 1007 3296 supplicio
1037 3223 1199 3278 vellet
1227 3221 1437 3277 exsolvi
1463 3222 1503 3285 ¹,
1529 3219 1624 3276 sed
1655 3234 1921 3274 annorum
1958 3232 2050 3275 ac-

475 3323 731 3377 cessione
752 3333 959 3388 corpus
981 3331 1142 3372 suum
1159 3314 1422 3370 honorari
1445 3320 1673 3384 peteret,
1693 3327 1818 3367 cum
1845 3312 2049 3382 alioqui

477 3415 637 3483 longe
685 3409 862 3466 satius
905 3418 1074 3474 esset,
1117 3406 1165 3463 si
1214 3421 1405 3461 verum
1453 3412 1538 3460 est
1595 3419 1831 3474 corpore
1885 3403 2049 3474 plecti

475 3503 742 3563 animam,
765 3513 872 3552 non
903 3505 1135 3552 mortem
1176 3493 1486 3564 deprecari,
1512 3493 1606 3549 sed
1638 3507 1803 3565 grave
1842 3501 1896 3548 et
1934 3508 2051 3548 mo-

477 3597 674 3648 lt'sluttt
704 3591 909 3646 ducere
953 3589 1192 3642 animam
1247 3600 1369 3642 cum
1401 3601 1637 3657 corpore
1679 3584 1963 3656 conjungi,
1997 3592 2049 3640 et

475 3686 544 3739 ob
573 3685 694 3752 ejus
739 3678 1162 3737 dissolutionem
1195 3677 1404 3750 gratias
1452 3691 1612 3747 agere
1656 3676 1842 3747 potius
1881 3691 2045 3747 quam

475 3776 543 3831 ob
595 3775 783 3830 vitam.
831 3771 941 3843 83
978 3767 1263 3837 Quomodo
1303 3781 1432 3822 vero
1458 3767 1755 3838 singularis
1795 3763 2047 3822 beneﬁcii

476 3867 598 3921 loco
627 3864 981 3935 promittebat
1015 3862 1090 3916 illi
1127 3860 1269 3916 Deus
1292 3861 1517 3916 dicens:
1543 3879 1562 3912 ι
1591 3857 1734 3914 Ecce
1762 3858 1957 3914 addam
1979 3857 2046 3912 ad

474 3956 590 4009 dies
634 3960 759 4008 tuos
809 3953 1054 4023 quinque
1086 3957 1141 4005 ct
1191 3948 1380 4004 decem
1434 3964 1608 4004 annos
1641 3949 1684 4016 '-,
1725 3969 1742 4001 ι
1776 3963 1900 4009 cum
1954 3948 2046 4002 illa

476 4046 771 4117 promissio
835 4042 1086 4114 supplicii
1151 4041 1466 4112 prorogatio
1509 4050 1678 4105 esset,
1718 4057 1828 4094 non
1881 4040 2046 4116 bene:

476 4137 695 4201 lirium,
734 4136 780 4190 si
821 4149 1010 4188 verum
1068 4131 1143 4185 illi
1192 4131 1414 4186 docent.
1449 4130 1519 4182 At
1569 4143 1699 4183 vero
1745 4144 2044 4200 supernum

473 4230 678 4284 donum
731 4235 785 4281 ct
822 4228 999 4296 gratia
1030 4235 1148 4279 erat
1197 4209 1634 4292 illa'promissio,
1676 4229 1730 4275 et
1771 4237 2043 4276 annorutn

472 4317 790 4389 prorogatio
826 4333 838 4368 :
883 4331 991 4368 non
1033 4331 1163 4388 ergo
1206 4314 1274 4369 ad
1325 4314 1652 4384 supplicium
1707 4326 1911 4384 corpus
1948 4311 2046 4368 do-

472 4417 633 4464 natur
659 4407 874 4459 animae.
930 4465 933 4468 _

433 4500 435 4502 ’
547 4497 630 4552 14.
663 4493 893 4549 ALIUD.
930 4491 984 4546 Si
1014 4491 1082 4547 ad
1117 4507 1332 4560 poenam
1363 4491 1547 4546 datum
1579 4499 1663 4546 est
1692 4507 1893 4564 corpus
1924 4495 2041 4549 ani-

473 4605 596 4653 tum,
628 4603 790 4660 quam
824 4586 1055 4657 gratiam
1077 4584 1224 4640 Deus
1252 4584 1504 4639 retribuit
1532 4588 1787 4658 eunucho
1817 4587 1915 4655 illi,
1951 4588 2043 4658 qui

469 4678 761 4735 Jeretniam
800 4677 990 4734 eduxit
1013 4690 1042 4730 e
1070 4676 1213 4741 lacu,
1241 4674 1463 4732 dicens:
1494 4694 1512 4727 ι
1540 4677 1607 4730 Ει
1637 4676 1777 4733 dabo
1803 4679 2042 4732 animam

474 4779 620 4824 lnam
651 4770 710 4824 in
735 4783 850 4823 rem
875 4767 1173 4832 inventam,
1195 4777 1250 4824 et
1277 4768 1507 4824 servabo
1531 4779 1584 4825 te
1610 4785 1640 4824 a
1659 4769 1929 4824 Chaldaeis
1952 4769 1991 4821 ³.
2019 4787 2038 4820 ι

475 4863 659 4918 Satius
686 4861 831 4916 enim
862 4858 1051 4914 fuisset
1081 4859 1238 4916 illum
1272 4861 1412 4924 mori
1443 4860 1644 4928 sinere,
1668 4868 1727 4914 ut
1756 4861 1858 4932 hoc
1885 4868 2044 4930 pacto

470 4971 594 5014 eum
622 4956 942 5024 honor-aret,
968 4951 1206 5008 vinculis
1237 4965 1289 5008 et
1319 4967 1482 5024 poena
1503 4953 1752 5021 corporis
1783 4953 2040 5006 solutum.

471 5048 648 5116 Quam
692 5055 894 5111 autem,
917 5059 1125 5115 quaeso,
1160 5045 1421 5117 Israelitis
1452 5043 1888 5099 adolescentibus
1920 5059 2045 5114 gra-

471 5141 600 5195 tiam
639 5140 891 5198 contulit.
920 5139 1046 5193 dum
1076 5151 1171 5191 eos
1207 5151 1235 5189 a
1281 5135 1498 5192 ﬂamma
1559 5134 1796 5190 servavit
1841 5145 1895 5190 et
1936 5136 2044 5189 im-

472 5229 728 5285 manitate
753 5226 1224 5300 Babyloniorum?
1253 5223 1427 5289 Quam
1466 5224 1537 5278 ob
1571 5238 1796 5278 causam
1846 5224 2044 5280 Danie-

473 5322 578 5376 lem
605 5336 635 5375 a
670 5321 994 5377 crudelitate
1025 5320 1240 5371 leonum
1270 5316 1474 5386 eripuit
1499 5314 1560 5367 δῖ’
1588 5315 1653 5367 At
1683 5331 1810 5371 vero
1840 5316 2043 5372 beneﬁ-

470 5411 555 5465 cia
592 5410 696 5466 ista
751 5420 900 5472 sunt,
952 5421 1052 5476 pro
1102 5405 1304 5476 quibus
1339 5406 1488 5458 illum
1525 5404 1685 5459 etiam
1729 5405 1948 5476 hymnis
1989 5415 2042 5458 et

473 5502 724 5558 laudibus
760 5499 1166 5572 prosequimur.
1193 5498 1313 5552 Non
1339 5512 1473 5568 ergo
1495 5498 1562 5552 ad
1599 5511 1818 5567 poenam
1843 5498 2039 5551 animae

2150 1855 2244 1908 τοῦ
2311 1855 2614 1936 πρέποντος
2671 1852 3049 1923 ἀπεσφάλλετο
3109 1853 3348 1924 μακράν,
3401 1854 3541 1908 οὕτω
3587 1855 3723 1924 πρὸς

2150 1945 2281 2001 Θεὸν
2330 1945 2682 2001 ἀνατείνουσα
2707 1943 2806 2014 τὴν
2855 1943 3041 2016 εὐχὴν,
3094 1945 3187 1997 καὶ
3234 1943 3458 1997 αίτοῦσα
3500 1946 3726 2017 σπέρμα

2150 2039 2380 2111 ἀνδρός;
2410 2038 2590 2108 ψυχῆς
2637 2039 2746 2110 γάρ
2781 2037 2897 2110 ᾔτει
2951 2036 3324 2102 κατάπτωσιν,
3371 2037 3466 2092 καὶ
3516 2037 3612 2110 τὴν
3643 2041 3724 2102 είς

2153 2130 2311 2200 σῶμα
2356 2129 2602 2184 κάθοδον.
2632 2130 2755 2193 Πῶς
2783 2127 2839 2183 δὲ
2884 2126 3021 2192 ὅλως
3053 2127 3148 2182 καὶ
3201 2129 3314 2182 υἱὸν
3363 2130 3500 2202 αὐτῇ
3551 2130 3722 2184 ἐδίδου

2150 2220 2284 2284 Θεὸς
2305 2220 2396 2274 τὸν
2424 2221 2576 2290 ἆγιον
2606 2219 2879 2292 Σαμουὴλ,
2915 2219 3072 2290 είπερ
3102 2219 3207 2272 ἔδει
3230 2220 3446 2285 πάντως
3477 2223 3726 2294 ἁμαρτῆ-

2153 2332 2244 2369 σαι
2267 2314 2466 2386 ψυχὴν,
2488 2314 2574 2368 ἵνα
2603 2313 2668 2385 δὴ
2688 2315 2783 2368 καὶ
2813 2312 3159 2384 ὲμπλακείσα
3174 2313 3385 2385 σώματι
3410 2316 3475 2385 τῇ
3504 2316 3727 2383 γυναικὶ

2153 2406 2418 2481 πληρώσῃ
2449 2407 2548 2479 τὴν
2587 2406 2838 2478 αίτησιν;
2878 2405 3039 2460 Ἀλλά
3081 2406 3188 2477 μὴν
3218 2407 3311 2460 καὶ⁹
3358 2405 3491 2469 Θεὸς
3529 2406 3727 2470 ἐδίδου,

2151 2500 2290 2575 μόνα
2312 2498 2570 2569 πεφυκὼς
2591 2499 2791 2552 διδόναι
2817 2497 2885 2551 τά
2912 2497 3112 2567 ἀγαθά,
3153 2499 3246 2552 καὶ
3275 2497 3580 2570 προχείρως
3607 2499 3728 2550 Em—

2151 2591 2345 2656 νεύσας
2369 2590 2529 2662 αὐτῇ,
2551 2588 2819 2661 λοιδορίας
2847 2589 3067 2661 ἀπάσης
3086 2588 3362 2660 ἐλευθεροῖ
3375 2589 3470 2660 τὴν
3487 2589 3705 2661 αἴτησιν

2151 2683 2264 2737 Οὐκ
2282 2682 2388 2753 ἄρα
2411 2679 2472 2745 ἐξ
2499 2679 2772 2752 ἁμαρτίας
2791 2681 2826 2752 ἡ
2853 2685 3149 2752 σάρκωσις,
3179 2679 3294 2733 ἀλλ’
3312 2679 3432 2734 οὐδὲ
3455 2679 3728 2746 κολάσεως

2150 2770 2349 2840 τρόπος
2367 2771 2507 2824 κατά
2535 2787 2706 2834 τινας.
2815 2796 2818 2798 ·
3119 2833 3123 2837 κ

2224 2859 2312 2929 ιγ’.
2347 2860 2548 2914 ΔΛΛΟ.
2579 2861 2640 2914 ΕΞ
2675 2863 2732 2916 ὲν
2756 2860 2906 2928 τάξει
2942 2862 3213 2933 τιμωρίας
3235 2862 3443 2918 δέδοται
3476 2864 3536 2928 τὸ
3569 2864 3728 2935 σῶμα

2151 2954 2216 3024 τῇ
2240 2952 2528 3024 ἀνθρώπου
2555 2953 2721 3025 ψυχῇ,
2761 2953 2813 3007 τί
2833 2953 2892 3006 τὸ
2930 2953 3190 3018 πεπεικὸς
3229 2953 3475 3026 Ἐζεκίαν
3503 2953 3596 3010 τὸν
3627 2957 3735 3026 τῆς

2077 3075 2119 3133 c
2162 3044 2525 3116 Ἰερουσαλὴμ,
2549 3045 2790 3115 βασιλέα,
2825 3046 3002 3099 καίτοι
3028 3047 3189 3113 σοφὸν
3214 3046 3346 3100 ὄντα
3372 3048 3467 3102 καὶ
3495 3047 3724 3118 ἀγαθὸν,

2152 3136 2404 3208 δακρύων
2438 3137 2498 3190 οὐ
2537 3137 2657 3208 δίχα
2709 3137 2924 3207 πικρῶν
2953 3138 3335 3209 παραιτεῖσθαι
3382 3139 3479 3209 μὲν
3510 3140 3600 3192 τὸν
3628 3140 3728 3210 τῆς

2153 3227 2354 3299 σαρκὸς
2373 3228 2619 3293 θάνατον,
2656 3229 2749 3282 καὶ
2779 3229 3151 3286 ἀποδύσασθαι
3176 3229 3238 3284 τὸ
3271 3229 3495 3296 κολάζον
3526 3231 3726 3295 ὀκνεῖν,

2149 3317 2286 3371 ἑτῶν
2309 3317 2365 3370 δὲ
2396 3317 2683 3390 προσθήκῃ
2708 3318 2970 3389 τιμᾶσθαι
3007 3319 3364 3391 παρακαλεῖν,
3405 3321 3581 3375 καίτοι
3609 3320 3728 3376 λίαν

2149 3409 2340 3480 ἐχρῆν,
2388 3409 2544 3480 εἴπερ
2587 3405 2654 3480 ἦν
2695 3410 2883 3476 ὅντως,
2928 3412 2988 3464 οὐ
3037 3411 3292 3465 τεθνάναι
3343 3411 3726 3483 παραιτεῖσθαι

2151 3500 2373 3572 μᾶλλον,
2407 3501 2656 3571 ἡγεῖσθαι
2675 3501 2732 3554 δὲ
2764 3501 3019 3573 φορτικὸν
3059 3503 3120 3557 τὸ
3165 3504 3580 3575 συμπεπλέχθαι
3622 3503 3726 3558 σώ-

2153 3608 2304 3662 ματι,
2335 3590 2429 3644 καὶ⁵
2465 3591 2556 3644 ἐπὶ
2581 3590 2756 3662 τούτῳ
2800 3593 2959 3663 χάριν
2989 3593 3134 3663 ἤπερ
3172 3593 3266 3646 ἐπὶ
3307 3596 3419 3656 τοῖς
3456 3593 3720 3657 ἐναντίοις

2148 3680 2447 3752 ὁμολογεῖν.
2472 3680 2596 3746 Πῶς
2637 3681 2695 3734 δὲ
2743 3680 2818 3744 ὡς
2860 3682 2918 3734 ἐν
2947 3683 3167 3753 χάριτος
3211 3681 3367 3754 μέρει
3397 3664 3529 3746 Θεὸς
3550 3685 3724 3753 ὲιτηγ³

2148 3773 2364 3843 γέλλετο
2383 3772 2556 3841 λέγων
2581 3771 2746 3842 αὐτῷ·
2786 3772 2946 3826 (Ἰδοὺ
2974 3773 3236 3844 προστίθη
3247 3792 3305 3844 μι
3325 3775 3406 3838 εἰς
3425 3774 3516 3828 τὸν
3535 3775 3725 3847 χρόνον

2150 3881 2244 3917 σου
2285 3863 2377 3935 ἔτη
2425 3863 2759 3929 δεκαπέντε;
2802 3883 2826 3917 ο
2875 3865 3051 3918 καίτοι
3117 3865 3402 3937 προσθήκη
3454 3867 3724 3932 κολάσεως

2153 3957 2253 4012 οὐκ
2285 3957 2529 4020 εὐποιίας
2563 3957 2783 4028 τρόπος,
2814 3959 2846 4028 ἡ
2882 3957 3173 4029 ὑπόσχεσις
3216 3954 3305 4030 ἦν,
3337 3960 3495 4031 εἴπερ
3527 3960 3727 4013 ἐκεῖνοι

2147 4049 2542 4121 πρεσϐεύουσιν
2565 4049 2761 4119 ἀληθῆ.
2807 4050 2965 4102 Ἀλλὰ
2987 4050 3094 4122 μὴν
3113 4051 3284 4122 δῶρον
3303 4050 3504 4106 ἀνωθεν
3533 4052 3565 4121 ἡ
3593 4051 3726 4103 ύπόο

2149 4159 2331 4212 σχεσις
2353 4139 2441 4214 ἦν,
2486 4143 2580 4196 καὶ
2628 4144 2661 4212 ἠ
2692 4143 2984 4216 προσθήκη
3019 4145 3199 4217 χάρις·
3232 4145 3331 4198 οὐκ
3368 4145 3478 4216 ἄρα
3504 4144 3726 4207 κόλασις

2145 4237 2262 4299 ταῖς
2294 4234 2493 4306 ψυχαῖς
2525 4237 2559 4306 ἡ
2588 4235 2932 4306 σωμάτωσις.

2220 4496 2300 4550 ιδ’.
2335 4495 2538 4551 ΑΛΛΟ.
2570 4497 2633 4550 Εἰ
2661 4497 2718 4550 ἐν
2748 4496 2898 4562 τάξει
2930 4497 3200 4561 κολάσεως
3231 4497 3439 4553 δέδοται
3465 4499 3526 4552 τὸ
3561 4499 3720 4570 σῶμα

2143 4588 2211 4657 τῇ
2236 4585 2329 4640 τοῦ
2361 4585 2647 4658 ἀνθρώπου
2697 4585 2865 4658 ψυχῇ,
2908 4588 3067 4641 ποίαν
3117 4588 3389 4644 ἀντεδίδου
3429 4591 3607 4662 ¹χάριν
3643 4589 3720 4660 τῷ

2145 4677 2384 4750 εὐνούχῳ
2420 4677 2551 4740 Θεὸς
2594 4678 2670 4748 τῷ
2715 4679 3059 4747 ἀνενεγκόντι
3103 4679 3193 4732 τὸν
3230 4679 3498 4750 Ἰερεμίαν
3536 4683 3599 4734 ἐκ
3629 4681 3718 4734 τοῦ

2143 4768 2370 4842 λάκκου,
2393 4769 2587 4838 λέγων,
2629 4788 2645 4821 ι
2672 4767 2782 4823 Καὶ
2806 4770 2963 4824 δώσω
3003 4771 3098 4844 τῂν
3125 4756 3436 4841 ψυχήνσου
3467 4773 3547 4836 είς
3569 4772 3726 4843 εὔρε-

2151 4879 2247 4933 μα,
2286 4860 2376 4915 καὶ
2410 4861 2658 4918 διασώσω
2689 4879 2748 4915 σε
2794 4865 2858 4917 ὲκ
2891 4863 2997 4918 τῶν
3021 4862 3335 4930 Χαλδαίων;
3373 4883 3394 4918 ι
3436 4866 3583 4918 Ἔδει
3614 4865 3723 4937 γάρ

2151 4947 2349 5020 μᾶλλον
2379 4949 2743 5021 ἀποθνήσκειν
2771 4953 2885 5023 ὲᾷν,
2911 4953 2995 5006 ἵνα
3022 4953 3116 5008 καὶ
3140 4955 3374 5024 τιμήσῃ,
3403 4953 3604 5025 δεσμοῦ
3631 4955 3728 5009 καὶ

2147 5041 2422 5106 κολάσεως
2476 5042 2727 5097 ἀπολύων
2774 5044 2956 5099 αὐτόν.
3003 5045 3068 5097 Τί
3092 5045 3168 5110 δὲ,
3205 5045 3334 5100 εἰπέ.
3371 5064 3482 5116 μοι,
3526 5049 3639 5109 τοῖς
3667 5047 3727 5113 ἐξ

2159 5127 2373 5205 Ἰσραὴλ
2426 5133 2664 5197 νεανίαις
2718 5134 3037 5206 ἐχαρίζετο,
3081 5135 3362 5202 διἀσώζων
3407 5137 3604 5199 αὐτοὺς
3662 5139 3728 5191 ὲκ

2148 5226 2344 5295 φλογὸς
2421 5227 2516 5280 καὶ
2564 5229 2662 5299 τῆς
2714 5226 2823 5281 τῶν
2883 5227 3238 5282 Βαϐυλωνίων
3290 5229 3724 5302 άπανθρωπίαςς

2153 5319 2313 5371 ’Ότου
2347 5318 2403 5371 δὲ
2427 5319 2583 5390 χάριν
2613 5319 2714 5390 τῆς
2743 5319 2851 5373 τῶν
2879 5320 3107 5373 λεόντων
3135 5321 3414 5392 ὠμότητος
3443 5321 3528 5374 τὸν
3564 5318 3728 5388 σοφὸν

2150 5407 2423 5480 ἐξήρπαξε
2443 5411 2678 5495 Δανιήλς
2724 5409 2883 5466 Ἀλλὰ
2919 5412 3024 5483 μὴν
3055 5411 3230 5465 ταῦτα
3274 5410 3527 5482 πράττων
3569 5411 3730 5478 εὐερ-

2150 5504 2315 5568 γετεῖ,
2353 5502 2443 5556 καὶ
2475 5503 2562 5555 διὰ
2589 5503 2757 5557 ταῦτα
2787 5503 3093 5569 δοξάζεται.
3130 5505 3242 5557 Οὐκ
3264 5503 3373 5574 ἄρα
3404 5503 3602 5575 τρόπος
3636 5518 3724 5557 τι-

541 5617 583 5694 ξτ
627 5615 781 5669 Deut.
817 5630 869 5694 x_,
898 5613 988 5666 2‘2.
1055 5614 1099 5644 ⁸⁸
1136 5611 1250 5667 Jac.
1286 5629 1357 5674 tv,
1390 5612 1442 5669 5.
1501 5617 1544 5647 ⁸³
1587 5614 1602 5667 l
1639 5617 1765 5688 Reg.
1804 5635 1849 5679 ι,
1893 5615 2046 5671 ΙΟ-ΞΕ

2163 5624 2178 5655 ί
2220 5621 2284 5674 IV
2317 5620 2452 5694 Reg.
2496 5640 2597 5688 xx,
2634 5623 2656 5674 I
2692 5637 2812 5692 sqq.
2892 5627 2910 5655 ²
2954 5623 3082 5678 ibid.
3104 5623 3156 5676 6.
3235 5621 3476 5678 ’Jeretn.
3515 5634 3636 5686 ην,
3663 5620 3740 5679 5.’

493 5685 662 5738 'Dan.
700 5699 756 5737 III
783 5723 796 5746 ,
839 5685 860 5735 I
897 5698 1016 5750 sqq.
