4052 6208
329 367 425 423 ill

1430 353 1495 412 IN
1527 353 1811 452 JOANNIS
1849 350 2297 410 EVANGELlliM
2339 356 2468 413 LIB.
2494 359 2533 412 Ι.

3468 367 3568 426 162

331 483 541 555 μωρίας
563 481 681 535 ἐστὶ
733 479 796 541 τὸ
834 480 1062 534 ἐνοικεῖν
1109 479 1176 549 τῇ
1220 476 1383 551 σαρκὶ
1407 518 1423 544 ,
1462 476 1548 533 ἵνα
1585 475 1660 548 μὴ
1705 475 1900 530 ταυτδν

2003 487 2202 544 corpus
2235 483 2320 530 est
2350 475 2634 543 traditum,
2665 492 2734 532 ne
2765 477 2906 534 idem
2933 477 3008 534 sit
3029 479 3179 550 apud
3222 479 3388 534 Deum
3431 495 3568 550 prir-

327 575 413 644 είη
445 573 600 643 παρά
626 568 745 641 Θεῷ
787 569 917 639 τιμὴ
941 569 1034 622 καὶ
1065 567 1304 632 κόλασις.

399 664 479 718 ιε’.
500 663 710 716 ΑΛΛΟ.
736 662 857 716 Ὀτι
888 659 996 714 τῶν
1039 659 1254 730 ἑκάστῳ
1283 657 1627 728 βεϐιωμένων
1659 655 1903 721 ἐξέτασις

328 755 477 810 ἔσται
497 756 641 808 κατὰ
671 753 858 824 καιρὸν
882 755 972 807 ἐπὶ
1001 753 1092 808 τοῦ
1127 751 1270 806 θείου
1295 751 1534 823 βήματος
1578 750 1903 806 ἐκδιδάσκων

326 852 355 904 ὁ
382 847 616 912 Παῦλος,
653 846 805 916 φησί·
840 845 1021 917 ιιΤοὺς
1043 846 1152 916 γὰρ
1186 846 1390 907 πάντας
1413 845 1558 914 ἡμᾶς
1588 843 1904 915 φανερωθῆ-

327 958 413 994 ναι
434 941 517 994 δεῖ
539 937 851 1010 ἔμπροσθεν
879 937 974 991 τοῦ
999 936 1242 1007 βήματος
1278 935 1372 989 τοῦ
1401 921 1656 1008 Χριστοῦ,
1695 934 1780 987 ἴνα
1815 951 1906 988 κο-

329 1031 558 1103 μίσηται
591 1030 824 1092 ἕκαστος
854 1027 924 1081 τὰ
954 1027 1040 1082 διὰ
1067 1026 1159 1080 τοῦ
1193 1024 1465 1096 σώματος,
1513 1026 1648 1096 πρὸς
1670 1024 1705 1078 ἃ
1732 1023 1903 1094 ἔπρα-

327 1121 439 1187 ξεν,
466 1120 577 1174 εἴτε
605 1121 830 1189 ἀγαθὸν,
860 1119 970 1172 εἴτε
998 1119 1219 1188 φαῦλον.
1247 1137 1266 1171 ι
1291 1118 1354 1171 EI
1377 1116 1537 1170 δὲὲπὶ
1570 1117 1750 1186 μόνοις
1792 1117 1905 1179 τοῖς

325 1211 414 1264 διὰ
442 1209 538 1263 τοῦ
569 1210 820 1279 σώματος
849 1210 882 1280 ἢ
916 1209 1205 1275 κολάζεταί
1236 1225 1340 1272 τις,
1369 1208 1536 1280 ῆγουν
1556 1208 1654 1276 τῆς
1679 1205 1905 1274 δεούσης

326 1301 572 1366 ἀξιοῦται
615 1301 804 1371 τιμῆς,
853 1302 1039 1372 μνήμη
1092 1300 1148 1354 δὲ
1198 1299 1423 1369 οὐδεμία
1464 1296 1903 1370 προγενεστέρων

329 1391 767 1461 ἁμαρτημάτων,
819 1389 934 1442 ἀλλ’
963 1389 1084 1442 οὐδὲ
1111 1389 1479 1459 πρεσϐύτερον
1505 1389 1604 1458 τῆς
1638 1387 1904 1454 γενέσεως

326 1480 584 1550 ἔγκλημα
614 1478 1010 1551 ζητηθήσεται*
1065 1478 1182 1543 πῶς
1216 1479 1323 1550 ἄρα
1373 1477 1549 1550 προῆν
1589 1481 1621 1548 ἡ
1653 1477 1834 1548 ψυχή;
1867 1478 1901 1550 ἢ

325 1572 448 1634 πῶς
481 1571 540 1637 ἐξ
559 1573 834 1641 ἁμαρτίας
862 1571 1220 1641 ἐταπεινώθη,
1247 1571 1390 1624 κατά
1415 1588 1588 1633 τινας,
1619 1563 1653 1641 ᾖ
1683 1571 1777 1623 καὶ
1806 1571 1903 1640 μό-

327 1679 417 1726 νος
446 1662 687 1732 ὁρίζεται
717 1663 904 1732 χρόνος
928 1664 956 1716 ὁ
992 1664 1130 1734 μετὰ
1159 1663 1380 1735 σαρκὸς,
1416 1662 1504 1718 διὰ
1527 1663 1618 1716 τοῦ
1651 1663 1788 1732 μόνα
1811 1662 1906 1734 ξη-

328 1755 535 1808 τείσθαι
560 1754 630 1807 τὰ
653 1754 720 1808 δι’
754 1755 921 1826 αὐτῆς
940 1770 956 1820 ;

401 1927 486 1992 ις’.
542 1928 746 1986 ΑΛΛΟ,
802 1928 864 1980 Ei
918 1928 982 1986 ἐκ
1043 1927 1430 2000 πρεσϐυτέρων
1493 1931 1904 2002 ἁμαρτημάτων

327 2016 771 2088 ὲσωματώθησαν
818 2019 871 2070 αἱ
911 2015 1096 2087 ψυχαὶ,
1141 2016 1257 2080 πῶς
1291 2018 1318 2070 ό
1357 2016 1567 2090 Παῦλος
1610 2020 1739 2091 ἡμῖν
1781 2023 1904 2074 ἐπι-

333 2108 564 2170 στέλλει,
588 2125 608 2159 ι
642 2108 1057 2179 Παραστήσατε,
1090 2125 1109 2158 ι
1130 2107 1322 2176 λέγων,
1356 2129 1374 2160 ι
1401 2108 1470 2162 τὰ
1495 2109 1722 2180 σώματα
1751 2111 1904 2180 ὑμῶν

325 2189 520 2251 θυσίαν
556 2196 758 2263 ζῶσαν,
792 2197 973 2266 ἁγίαν,
1010 2196 1301 2269 εὐάρεστον
1335 2196 1412 2267 τῷ
1453 2196 1592 2268 Θεῷ.
1638 2217 1656 2251 ι
1694 2195 1758 2256 EI
1796 2199 1904 2269 γὰρ

327 2285 388 2342 ἐν
415 2289 567 2353 τάξει
597 2290 872 2360 τιμωρίας
900 2289 1105 2344 δέδοται
1132 2292 1252 2354 ταῖς
1290 2289 1502 2354 ἀθλίαις
1538 2289 1760 2361 ψυχαῖς,
1789 2291 1906 2356 πῶς

325 2380 407 2444 εἰς
427 2380 605 2451 ὀσμὴν
628 2381 854 2446 εὐωδίας
881 2384 1303 2454 παραστήσομεν
1329 2382 1468 2446 αὐτὰ
1494 2383 1574 2454 τῷ
1595 2383 1714 2456 Θεῷ
1734 2401 1747 2451 ;
1766 2385 1906 2447 κατὰ

325 2471 452 2525 τίνα
474 2469 532 2524 δὲ
565 2471 764 2540 τρόπον
795 2470 1085 2542 εὐάρεστον
1113 2471 1266 2526 ἔσται
1291 2472 1354 2525 τὺ
1379 2471 1446 2528 δι’
1484 2465 1544 2524 οῦ
1575 2472 1906 2544 κατακεκρί-

328 2560 500 2632 μεθα;
531 2561 566 2640 ῆ
608 2564 761 2615 ποῖον
785 2562 921 2625 ὅλως
945 2563 1145 2634 ἀρετῆς
1165 2561 1470 2629 ὲπιδὲξεται
1494 2563 1696 2635 τρόπον
1728 2563 1789 2616 τὸ
1812 2581 1905 2616 κο-

321 2654 512 2720 λάζειν
549 2654 810 2724 πεφυκὸς,
839 2657 932 2710 καὶ
968 2655 1123 2727 ῥίζαν
1153 2655 1274 2728 ἔχον
1300 2656 1398 2727 τὴν
1431 2657 1738 2728 ἁμαρτίανς

400 2831 468 2896 ιζ’
476 2872 490 2886 .
527 2832 726 2885 ΑΔΛΟ.
752 2831 909 2886 Κατὰ
935 2832 1114 2903 πάσης
1160 2833 1538 2904 ἐκτεινομένην
1564 2832 1661 2904 τῆς
1699 2832 1907 2904 ἀνθρώ-

322 2940 436 2976 που
457 2922 667 2991 φύσεως
684 2923 779 2995 τήν
815 2923 1039 2995 φθορὰν,
1060 2924 1146 2980 διὰ
1173 2922 1272 2996 τὴν
1305 2925 1363 2978 ὲν
1391 2924 1564 2994 Ἀδὰμ
1595 2925 1906 2997 παράϐασιν

335 3015 680 3070 ἐπιδεικνύων
723 3011 758 3069 ὁΔ
778 3015 1008 3084 Παῦλος,
1040 3016 1220 3087 φησίν·
1259 3036 1278 3068 ι
1332 3016 1467 3070 Ἀλλ’
1511 3016 1852 3074 ἐϐασίλευσεν
1877 3020 1906 3071 ὁ

2005 561 2171 614 miunt
2195 568 2249 616 et
2273 579 2456 634 pmna.

2077 656 2164 710 l5.
2199 657 2429 713 ALIUD.
2457 658 2662 714 Eorum
2697 675 2819 732 quae
2849 659 3085 732 quisque
3115 661 3171 716 in
3206 661 3314 715 vita
3342 663 3572 731 patrarit

2004 745 2301 817 aliquando
2330 747 2773 820 disquisitionem
2817 750 2928 805 fore
2973 750 3118 822 apud
3182 749 3274 807 Dei
3329 753 3571 814 tribunal

2003 835 2206 894 Paulus
2228 840 2485 905 edocens,
2517 843 2630 898 ait:
2673 860 2692 894 ι
2750 840 2952 896 Omnes
3007 842 3153 896 enim
3201 858 3304 899 nos
3344 843 3572 900 manife-

2004 932 2139 987 stari
2163 941 2378 1003 oportet
2399 942 2525 990 ante
2557 933 2795 990 tribunal
2817 932 3021 989 Christi
3043 973 3058 997 ,
3091 942 3148 987 ut
3169 932 3367 988 referat
3403 950 3572 990 unus-

2003 1022 2236 1093 quisque
2268 1023 2483 1093 prOpria
2502 1023 2769 1093 corporis,
2801 1029 2961 1092 prout
2982 1021 3174 1092 gessit.
3201 1022 3314 1076 sive
3343 1021 3568 1088 bonum,

2005 1109 2122 1164 sive
2146 1111 2343 1165 malum
2373 1112 2413 1165 ⁵.
2461 1131 2480 1164 ι
2514 1111 2574 1166 Si
2595 1126 2726 1165 vero
2759 1125 2858 1182 pro
2885 1111 3016 1166 solis
3040 1111 3286 1176 corporis
3313 1111 3573 1181 cperibus

2004 1201 2228 1269 punitur
2275 1203 2494 1273 aliquis,
2531 1210 2624 1257 aut
2673 1219 2774 1278 pro
2830 1217 2895 1258 eo
2949 1218 3013 1257 ac
3044 1202 3201 1267 decet
3244 1202 3572 1270 honoratur.

2005 1294 2154 1348 nulla
2186 1302 2365 1348 autem
2392 1295 2811 1364 pracedentium
2851 1304 3198 1364 peccatorum
3239 1297 3446 1350 mentio
3481 1294 3573 1350 fu-

2005 1391 2128 1438 tura
2159 1395 2261 1448 est,
2307 1399 2408 1440 nec
2451 1386 2505 1440 in
2545 1401 2608 1443 ea
2652 1401 2773 1455 qua:
2813 1394 2938 1440 ante
2976 1401 3180 1456 corpus
3237 1395 3387 1457 gesta
3444 1395 3573 1442 sunt

2006 1473 2316 1545 inquiretur
2341 1495 2353 1530 :
2388 1477 2662 1546 quomodo
2696 1491 2827 1546 ergo
2852 1487 2979 1530 ante
3006 1492 3207 1546 corpus
3235 1476 3340 1531 fuit.
3369 1478 3571 1544 anima,

2007 1574 2100 1619 aut
2130 1567 2405 1637 quomodo
2453 1567 2711 1638 depressa
2744 1575 2828 1623 est
2874 1565 2944 1620 ob
3001 1577 3305 1636 peccatum,
3342 1576 3399 1622 ut
3430 1583 3573 1622 non-

2007 1657 2141 1710 nulli
2168 1657 2381 1722 volunt,
2416 1658 2502 1711 cui
2561 1667 2774 1727 tempus
2830 1659 3208 1711 tantummodo
3257 1658 3387 1712 illud
3447 1673 3572 1718 cum

2007 1764 2171 1804 carne
2203 1748 2580 1820 praescribitur
2601 1765 2666 1804 ex
2694 1763 2758 1804 eo
2790 1749 2934 1819 quod
2961 1764 3022 1804 ea
3055 1749 3402 1814 solummodo
3425 1765 3571 1819 quae-

2005 1849 2199 1894 runtur
2227 1857 2346 1910 qua:
2367 1857 2460 1911 per
2490 1856 2708 1896 carnem
2735 1841 2999 1900 admisit?

2074 1926 2158 1980 16.
2187 1927 2418 1981 ALlUD.
2454 1926 2509 1982 Si
2545 1929 2614 1982 ob
2660 1929 2932 2000 prmterlla
2979 1936 3201 2000 peccata
3245 1927 3571 1997 corporibus

2003 2017 2231 2074 addicta:
2256 2027 2385 2072 sunt
2411 2019 2624 2083 animae,
2647 2020 2922 2090 quomodo
2942 2018 3147 2074 Paulus
3164 2018 3321 2078 nobis
3343 2019 3554 2074 scribit:

2008 2127 2028 2162 ι
2064 2109 2327 2167 Exhibete
2355 2115 2588 2182 corpOra
2621 2120 2798 2167 vestra
2828 2113 3061 2168 hostiam
3092 2112 3390 2175 viventem,
3439 2127 3568 2168 san-

2003 2208 2171 2264 ctam,
2205 2201 2313 2258 Deo
2348 2203 2650 2272 placentem
2677 2204 2715 2258 ⁸.
2759 2223 2778 2255 ι
2819 2202 2878 2258 Si
2911 2203 3056 2258 enim
3090 2201 3157 2256 ad
3196 2217 3414 2272 put-nam
3443 2203 3569 2270 data

2003 2298 2129 2346 sunt
2155 2305 2387 2361 corpora
2414 2292 2627 2348 miseris
2649 2293 2956 2359 animabus,
2975 2293 3249 2363 quomodo
3268 2293 3322 2347 in
3347 2293 3569 2348 odorem

2001 2382 2287 2437 suavitatis
2331 2397 2394 2438 ea
2445 2382 2556 2438 Deo
2606 2383 3039 2440 exhibebimus?
3090 2391 3183 2439 aut
3246 2398 3357 2454 quo
3413 2391 3574 2456 pacto

2003 2482 2214 2541 gratum
2245 2479 2299 2527 et
2351 2481 2633 2543 acceptum
2675 2474 2781 2527 erit
2814 2474 2948 2529 illud
2985 2489 3082 2545 per
3132 2474 3280 2544 quod
3327 2474 3572 2528 damnati

2003 2564 2240 2620 sumus?
2277 2573 2374 2620 aut
2401 2579 2562 2640 quam
2591 2564 2816 2621 virtutis
2836 2566 3101 2622 rationem
3137 2565 3454 2620 habiturum
3486 2573 3575 2621 est

2003 2657 2058 2712 id
2081 2657 2226 2727 quod
2259 2671 2434 2727 ptenae
2461 2665 2514 2712 et
2543 2657 2818 2728 supplicio
2853 2657 3013 2714 nobis
3068 2665 3175 2722 est,
3215 2663 3270 2713 et
3299 2659 3385 2712 cui
3416 2656 3569 2712 radis

2003 2756 2089 2804 est
2119 2757 2402 2818 peccatum
2427 2748 2450 2801 ?

2076 2837 2162 2891 I7.
2204 2836 2436 2892 ALIUD.
2468 2837 2886 2908 Corruptionem
2919 2854 3015 2908 per
3051 2839 3360 2894 universam
3393 2839 3573 2893 homi-t

2013 2929 2099 2984 nis
2149 2937 2397 2984 naturam
2427 2938 2705 2985 extensam
2740 2931 2810 2986 ob
2987 2931 3476 3002 transgressionem
3514 2932 3568 2997 in

2004 3019 2174 3073 Adam
2207 3019 2409 3080 Paulus
2440 3023 2755 3087 ostendens,
2793 3021 2864 3076 ait
2895 3041 2908 3076 :
2941 3042 2957 3074 ι
3000 3021 3105 3078 Sed
3140 3023 3388 3094 regnavit
3423 3038 3572 3083 mors

324 3093 559 3172 θάνατος
573 3106 681 3160 ἀπὺ
719 3109 890 3178 Ἀδὰμ
919 3109 1081 3179 μέχρι
1111 3107 1374 3172 Μωσέως,
1414 3109 1508 3168 καὶ
1539 3110 1630 3161 ἐπὶ
1661 3109 1786 3172 τοὺς
1829 3107 1903 3180 μὴ

2007 3109 2077 3173 ab
2106 3111 2275 3165 Adam
2309 3127 2482 3181 usque
2524 3111 2590 3166 ad
2622 3111 2870 3182 Moysen,
2906 3113 3068 3172 etiam
3104 3112 3159 3168 in
3203 3129 3298 3168 eos
3327 3115 3419 3184 qui
3461 3129 3570 3180 non

321 3199 774 3272 ἁμαρτήσαντας,
819 3201 910 3253 ἐπὶ
932 3199 1008 3270 τῷ
1042 3200 1350 3271 ὁμοιώματι
1395 3201 1493 3271 τῆς
1538 3200 1903 3271 παραϐάσεως

323 3290 419 3344 τοῦ
465 3291 655 3362 Ἀδάμ.
692 3311 710 3342 ι
751 3292 875 3356 Πῶς
922 3287 1015 3347 οὖν
1049 3293 1156 3364 ἄρα
1201 3287 1355 3364 φησὶ,
1396 3292 1490 3345 καὶ
1530 3291 1621 3344 ἐπὶ
1657 3293 1782 3354 τοὺς
1828 3289 1903 3362 μὴ

318 3381 752 3452 ἁμαρτήσαντας
815 3381 1120 3451 βασιλεύειν
1177 3384 1268 3436 τὸν
1306 3384 1554 3448 θάνατον,
1622 3382 1780 3452 εἴπερ
1839 3384 1904 3436 ἐκ

322 3469 716 3541 πρεσϐυτέρων
747 3473 1157 3544 ἁμαρτημάτων
1182 3473 1244 3525 τὺ
1267 3473 1607 3544 ἀποθνῆσκον
1650 3475 1783 3543 ἡμῖν
1811 3475 1901 3528 δέ·

319 3560 476 3614 δοται
504 3560 692 3630 σῶμα;
733 3561 841 3614 Ποῦ
874 3563 982 3634 γὰρ
1017 3549 1153 3625 ὅλως
1179 3563 1230 3615 οί
1277 3562 1351 3634 μή
1381 3565 1817 3635 ἀμαρτήσαντες,
1853 3568 1902 3619 εί

317 3649 448 3722 δίκη
473 3652 829 3721 πταισμάτων
865 3655 898 3724 ή
931 3654 1221 3728 σάρκωσις,
1252 3653 1424 3706 καὶτὸ
1456 3655 1512 3706 ὲν
1542 3652 1674 3724 τῷδε
1695 3653 1772 3724 τῷ

320 3739 580 3808 γενέσθαι
657 3740 793 3811 μετὰ
854 3740 1135 3806 σώματος,
1199 3742 1595 3812 προανατέλλον
1655 3742 1768 3814 ἔχει
1841 3741 1902 3797 τὸ

320 3830 617 3901 ἐγκλημα;
661 3832 892 3902 Ἀμαθὲς
927 3829 1020 3885 οῦν
1047 3834 1154 3904 ἄρα
1184 3833 1288 3885 τῶν
1326 3833 1392 3886 δι’
1415 3833 1660 3896 ἐναντίας
1679 3833 1739 3885 τὸ
1767 3831 1901 3904 πρό-

321 3921 549 3992 6λημα.⁸

421 4011 494 4083 η’.
517 4009 720 4066 ᾹΔΛΟ.
746 4013 1100 4086 Προσήγαγόν
1132 4029 1259 4066 ποτε
1291 4012 1367 4084 τῷ
1389 4013 1600 4085 Σωτῆρι
1631 4013 1822 4068 πεῦσιν
1850 4029 1879 4068 ο

325 4105 573 4174 μαθηταὶ
611 4105 740 4174 περί
783 4121 924 4168 τινος
963 4105 1072 4157 τῶν
1110 4107 1173 4158 ἐκ
1202 4106 1423 4175 γενετῆς
1452 4105 1688 4175 τυφλῶν,
1722 4107 1816 4160 καὶ
1836 4106 1900 4179 δὴ

324 4196 428 4250 καὶ
457 4195 705 4262 ἐφασκοψ
728 4214 748 4247 t
781 4195 987 4260 Ῥαῦϐὶ,
1011 4197 1091 4259 τίς
1118 4197 1380 4267 ἥμαρτεν,
1398 4192 1570 4260 οὗτος,
1598 4197 1630 4266 ἦ
1656 4199 1702 4249 οἱ
1726 4199 1904 4266 γονεῖς

320 4285 516 4346 αὑτοῦ,
550 4287 632 4338 ἵνα
657 4287 856 4356 τυφλὸς
882 4285 1111 4360 γεννηθῇ
1139 4305 1153 4352 ;
1194 4306 1210 4337 ι
1248 4286 1459 4358 Ἐπειδὴ
1484 4285 1591 4356 γὰρ
1618 4289 1675 4339 ὲν
1699 4305 1899 4359 προφη-

319 4379 502 4440 τικοϊς
524 4378 932 4449 ἀναγέγραπται
951 4377 1126 4444 λόγοις
1152 4377 1278 4448 περὶ
1309 4376 1465 4438 Θεοῦ,
1490 4379 1567 4439 ὡς
1599 4378 1744 4430 ἐστιν
1773 4380 1902 4432 ἀπο-

2007 3210 2415 3270 peccaverunt,
2480 3202 2535 3256 in
2608 3203 3027 3258 similitudinem
3100 3205 3594 3274 praevaricationis-

2003 3289 2192 3344 Δάων.
2226 3308 2246 3341 ι
2291 3289 2579 3357 Quomodo
2613 3292 2784 3363 igitur
2823 3293 2898 3346 ait
2933 3303 3164 3355 mortem
3199 3295 3364 3350 etiam
3392 3295 3444 3349 in
3476 3310 3572 3362 eos

2003 3393 2232 3449 regnare
2287 3381 2379 3449 qui
2438 3395 2548 3434 non
2612 3389 2998 3451 peccaverunt,
3063 3381 3107 3438 si
3159 3398 3226 3436 ex
3277 3383 3570 3454 praeteritis

1967 3509 1976 3516 ρ
2004 3473 2245 3542 peccatis
2301 3474 2530 3528 mortale
2587 3473 2748 3527 nobis
2790 3489 2992 3545 corpus
3049 3474 3235 3533 datum
3293 3475 3421 3530 est?
3467 3472 3567 3538 Ubi

2002 3562 2147 3616 enim
2170 3564 2434 3631 gentium,
2456 3577 2663 3634 quaeso,
2692 3571 2820 3619 sunt
2843 3564 2919 3616 illi
2945 3564 3035 3634 qui
3053 3579 3160 3618 non
3183 3574 3568 3640 peccaverunt,

2004 3653 2049 3708 si
2082 3662 2434 3724 peccatorum
2464 3669 2625 3725 pmna
2654 3663 2738 3710 est
2771 3655 2968 3709 animae
3008 3670 3132 3708 cum
3166 3670 3395 3722 corpore
3436 3670 3563 3709 con-

1997 3745 2234 3814 junctio,
2265 3755 2319 3802 et
2359 3746 2632 3801 sarcinam
2669 3748 2914 3816 corporis
2945 3746 2996 3799 in
3043 3746 3145 3799 hac
3177 3746 3286 3799 vita
3331 3753 3565 3814 gestare,

2002 3837 2362 3907 precedentis
2407 3851 2566 3908 paena
2598 3845 2682 3891 est
2737 3836 2991 3905 peccati?
3037 3834 3222 3904 Inepta
3290 3835 3456 3904 igitur
3485 3846 3570 3890 est

2001 3928 2440 3984 adversariorum
2477 3928 2796 3998 propositio.

2074 4020 2158 4074 18.
2223 4017 2452 4072 ALIUD.
2514 4017 2775 4088 Discipuli
2827 4016 3104 4071 Christum
3158 4017 3569 4086 interrogarunt

2002 4111 2297 4182 aliquando
2319 4111 2385 4166 de
2412 4126 2556 4165 caeco
2578 4111 2811 4180 quodam
2843 4125 2872 4163 a
2897 4109 3205 4172 nativitate,
3237 4109 3319 4162 his
3347 4109 3525 4162 verbis
3551 4129 3564 4162 :

2007 4220 2026 4253 ι
2066 4199 2264 4266 Rabbi,
2323 4199 2447 4270 quis
2484 4203 2774 4269 peccavit,
2812 4198 2921 4262 hic,
2977 4203 3068 4250 aut
3122 4205 3378 4266 parentes
3425 4195 3566 4267 ejus,

2002 4301 2063 4345 ut
2102 4307 2280 4346 caicus
2312 4285 2716 4346 nasceretur“?
2750 4307 2768 4339 ι
2816 4285 2950 4342 Cum
3000 4287 3146 4342 enim
3200 4287 3465 4356 scriptum
3499 4289 3570 4342 sit

2004 4385 2058 4437 in
2088 4384 2474 4453 prophetarum
2516 4381 2675 4435 libris
2725 4380 2793 4435 de
2846 4379 2978 4442 Deo,
3038 4380 3212 4451 ipsum
3271 4379 3572 4434 retribuere

322 4462 502 4531 διδοὺς
533 4469 802 4538 ἁμαρτίας
822 4469 1072 4540 πατέρων
1103 4469 1194 4522 ἐπὶ
1210 4471 1394 4534 τέκνα,
1442 4468 1599 4522 τοῦτο
1638 4468 1901 4522 πεπονθέ-

2005 4482 2224 4545 peccata
2259 4481 2472 4544 patrum
2516 4472 2569 4525 in
2611 4471 2752 4526 ﬁlios
2775 4471 2819 4535 ³,
2868 4469 3015 4525 istud
3071 4469 3319 4524 accidere
3364 4470 3571 4528 homini

323 4575 417 4613 ναν.
445 4561 536 4612 τὸν
569 4562 850 4628 ἄνθρωπον
890 4561 1149 4614 ὑπενόουν
1171 4563 1218 4614 οί
1245 4560 1503 4631 μαθηταί.
1528 4560 1592 4612 Τί
1637 4558 1730 4612 οῦν
1763 4561 1900 4631 πρὸς

323 4651 502 4706 ταῦτα
525 4652 758 4722 Χριστός
780 4668 793 4716 ;
814 4671 831 4702 ι
868 4652 1037 4724 Ἀμὴν
1065 4651 1208 4720 λέγω
1235 4653 1382 4721 ὑμῖν,
1401 4649 1522 4705 οὔτε
1551 4645 1900 4720 οῦτοςῆμαρ-

319 4761 441 4807 τεν,
487 4743 612 4798 οὔτε
649 4746 699 4798 oi
748 4749 925 4814 γονεῖς
968 4743 1156 4810 αὑτοῦ,
1191 4743 1307 4797 ἀλλ’
1359 4745 1445 4796 ἵνα
1491 4743 1779 4815 φανερωθῇ
1833 4741 1900 4801 τὰ

319 4835 464 4904 ἔργα
513 4835 606 4888 τοῦ
673 4835 809 4889 Θεοῦ
871 4839 927 4889 ὲν
961 4835 1127 4907 αὐτῷ.
1169 4854 1188 4887 ι
1236 4832 1362 4899 Πῶς
1400 4831 1492 4888 οὖν
1542 4835 1646 4900 ἔξω
1689 4835 1902 4904 τίθησιν

319 4928 604 5000 ἁμαρτίας
617 4929 832 4991 αὐτοὺς,
869 4928 1046 4980 καίτοι
1077 4926 1152 4997 μὴ
1184 4925 1336 4992 ὄντας
1373 4925 1735 4997 ἀνεγκλήτους
1757 4923 1899 4978 κατὰ

317 5020 415 5075 τδν
442 5020 556 5088 βίον
582 5035 597 5084 ;
624 5019 935 5091 ⁹Ᾱνθρωποι
975 5020 1080 5090 γὰρ
1117 5017 1288 5083 ὄντες,
1339 5017 1510 5088 ἔνοχοί
1540 5035 1641 5072 που
1683 5017 1899 5081 πάντως

317 5109 465 5181 ἦσαν
498 5111 594 5170 καὶ
653 5112 1008 5180 πταίσμασιν.
1059 5109 1198 5163 Ἀλλ’
1238 5109 1354 5165 ἔστι
1397 5110 1659 5181 πρόδηλόν
1698 5127 1756 5164 τε
1805 5111 1900 5163 καὶ

320 5202 629 5270 συμφανὲς,
677 5202 871 5273 ὅτιπερ
906 5204 934 5255 ό
965 5203 1121 5272 λόγος
1163 5203 1242 5265 εἰς
1271 5201 1360 5254 τὸν
1389 5203 1496 5274 πρὸ
1518 5203 1612 5273 τῆς
1638 5185 1901 5272 γενέσεως

318 5294 608 5348 ἀναδαίνει
662 5295 877 5365 καιρὸν,
930 5294 1052 5349 καθ’
1096 5293 1156 5347 ὃν
1209 5293 1360 5347 οὔπω
1411 5296 1714 5363 γεγονότες,
1778 5295 1900 5353 οὐδὲ

317 5385 656 5455 ἡμάρτανον,
699 5386 788 5438 ἴνα
815 5386 909 5438 καὶ
933 5384 1170 5457 ἀληθεύῃ
1203 5385 1453 5456 Χριστός.

401 5477 487 5531 ιθ’.
522 5477 724 5531 ΔΛΛΟ.
772 5477 831 5529 '0
869 5477 1138 5548 μακάριος
1186 5480 1470 5549 προφήτης
1515 5479 1764 5546 ’Ῑίσαῖας,
1802 5481 1902 5552 τὴν

308 5568 506 5625 αἰτίαν
541 5568 635 5622 τοῦ
673 5568 1004 5638 πεποιῆσθαι
1046 5571 1144 5642 τήν
1171 5571 1275 5643 γῆν
1313 5568 1696 5642 ἐξηγούμενος,
1734 5591 1752 5624 t
1789 5572 1901 5627 Οὐκ

355 5738 399 5799 ,⁸
458 5749 497 5805 ιι
537 5749 663 5803 Cor.
704 5764 753 5813 ν,
789 5748 875 5806 10.
953 5751 974 5782 ⁶
1013 5747 1172 5804 Item.
1206 5765 1318 5814 ιιι,
1356 5750 1406 5806 I.
1483 5751 1501 5782 ⁷
1538 5749 1698 5807 Rom.
1732 5768 1800 5817 v,
1839 5752 1926 5815 H.

1985 4564 2255 4632 discipuli
2300 4563 2743 4632 suspicabamur.
2780 4560 2922 4626 Quid
2957 4575 3091 4629 ergo
3125 4558 3189 4614 ad
3251 4559 3364 4612 lucc
3412 4558 3574 4612 Citri-

2003 4656 2165 4709 stus?
2195 4673 2213 4704 ι
2254 4654 2423 4710 Amen
2456 4654 2579 4707 dico
2615 4653 2791 4714 vobis,
2825 4659 3002 4720 neque
3039 4651 3126 4712 hic
3173 4648 3439 4719 peccavit,
3477 4662 3574 4703 ne-

2002 4762 2106 4816 que
2141 4756 2390 4815 parentes
2426 4745 2583 4812 ejus:
2620 4744 2712 4798 sed
2739 4754 2796 4796 ut
2831 4742 3250 4796 tnanil‘estcntur
3277 4755 3441 4810 opera
3476 4739 3570 4794 Dei

2004 4841 2057 4893 in
2089 4839 2182 4894 illo
2211 4839 2273 4892 ".
2321 4858 2339 4890 ι
2385 4836 2670 4908 Quomodo
2724 4835 2890 4906 igitur
2927 4833 3132 4904 peccati
3166 4841 3417 4900 expertes
3449 4830 3571 4885 illos

2005 4933 2100 4994 ait,
2139 4930 2390 5002 quamvis
2420 4927 2473 4982 in
2517 4929 2622 4981 vita
2653 4926 3075 4994 reprehensione
3111 4936 3221 4976 non
3286 4920 3576 4975 carerent?

2004 5020 2164 5086 Nam,
2195 5022 2442 5075 homines
2477 5034 2597 5073 cum
2626 5015 3076 5078 essent,obnoxii
3111 5014 3300 5082 utique
3335 5009 3580 5080 peccatis

2005 5122 2182 5167 erant.
2211 5111 2372 5180 Atqui
2402 5106 2752 5162 manifestum
2793 5111 2876 5158 est
2907 5102 3123 5156 Domini
3163 5101 3324 5154 verba
3373 5096 3572 5150 intelli-

2006 5201 2180 5273 genda
2209 5215 2332 5254 esse
2361 5199 2429 5252 de
2454 5208 2702 5267 tempore
2733 5193 2878 5264 quod
2903 5192 3243 5246 nativitatem
3269 5187 3571 5257 prmeessit,

2008 5275 2140 5364 quo,
2175 5306 2298 5346 cum
2333 5288 2575 5346 nondum
2611 5294 2821 5348 essent,
2849 5286 2922 5338 ita
2957 5297 3135 5352 neque
3172 5285 3576 5352 peccarunt,ut_

2007 5402 2134 5444 vera
2158 5399 2373 5456 quoque
2404 5380 2608 5438 Christi
2650 5382 2719 5436 sit
2745 5379 2940 5434 oratio.

2082 5477 2167 5534 19.
2195 5473 2422 5530 ALIUD.
2455 5474 2656 5527 Beatus
2691 5470 2956 5541 propheta
2999 5465 3196 5530 Isaias,
3226 5479 3453 5520 causam
3504 5463 3578 5532 ob

2009 5585 2174 5642 quam
2212 5578 2358 5622 terra
2392 5565 2536 5622 facta
2577 5564 2648 5618 sit
2678 5576 3002 5634 exponens:
3032 5577 3051 5612 ι
3113 5556 3232 5615 Νοη
3268 5555 3498 5621 frustra,
3551 5575 3577 5624 ι

2001 5751 2024 5784 ⁸
2059 5749 2220 5811 Joan.
2258 5764 2342 5815 ιχ,
2379 5748 2431 5802 ‘2.
2507 5749 2526 5780 '
2573 5744 2729 5810 Dent.
2763 5759 2864 5811 xx,
2901 5741 2954 5799 5.
3034 5739 3076 5778 ¹⁹
3111 5737 3271 5807 Joan,
3306 5723 3383 5810 ιι,
3413 5735 3471 5802 5,
