4072 6210
466 274 572 346 tu

1502 283 1558 339 S.
1583 279 1860 338 CYRILLI
1901 281 2372 340 ALEXANDBINI
2413 284 2734 342 ARCHIEP.

3620 291 3720 346 ηδ

465 403 588 460 nito
615 400 938 473 dignitatem
965 401 1302 471 evangelista
1325 399 1528 477 tribuet
1549 400 1760 466 dicens,
1780 400 1924 471 quod
1949 421 1966 452 ι
1987 401 2027 455 ir

2147 416 2320 467 σεται,
2363 401 2522 472 εἴπερ
2556 400 2693 464 ὅλως
2729 400 2904 464 οὐδεὶς
2943 399 3082 454 αὐτὰ
3113 399 3213 468 τῆς
3244 400 3381 469 πρὸς
3419 402 3556 458 Θεὸν
3586 404 3720 475 ὁμο-

468 493 676 550 mundo
702 506 843 557 erat,
864 501 920 549 et
950 493 1187 548 mundus
1210 492 1504 563 peripsum
1527 491 1706 548 factus
1735 502 1840 549 est.
1870 512 1890 546 ι
1934 490 2038 548 Sed

429 594 632 684 1norat
671 601 838 641 unum
877 599 1000 640 esse
1046 595 1243 640 natura
1301 583 1544 640 universi
1584 583 1881 654 opificem:
1933 599 2045 638 non

435 674 604 750 iergo
633 693 800 731 unum
831 691 955 732 esse
989 675 1304 731 censebitur
1353 674 1496 746 apud
1553 685 1699 729 recte
1731 675 2040 739 credentes,

429 722 448 807 ί
466 722 607 841 aptis
648 777 701 824 et
736 768 928 831 factor,
952 767 1094 823 Deus
1143 775 1199 822 et
1235 722 1508 832 conditor,
1534 766 1628 822 sed
1658 767 1786 823 illud
1820 767 2042 836 quidem

465 860 793 930 subjicietur
847 859 992 915 servi
1043 859 1097 914 in
1140 874 1370 923 morem,
1401 865 1617 912 naturae
1647 872 1761 914 suae
1819 857 2040 913 modum

465 967 575 1008 non
608 951 867 1022 ignorans
893 967 908 1006 :
936 950 987 1005 ei
1027 959 1206 1006 autem
1231 946 1402 1002 Filius
1431 947 1748 1016 imperabit,
1771 949 1860 1017 qui
1891 948 2041 1004 solus

465 1059 590 1099 cum
622 1037 787 1097 Patre
821 1049 999 1112 potest
1029 1056 1120 1096 res
1153 1055 1183 1096 e
1214 1039 1385 1094 nihilo
1443 1039 1512 1094 ad
1537 1055 1660 1095 esse
1709 1054 1932 1104 vocare,
1987 1047 2042 1094 et

463 1134 609 1205 quod
652 1132 894 1188 nondum
943 1133 1160 1187 exsistit
1195 1130 1454 1185 inellabili
1504 1130 1713 1186 virtute
1754 1131 1812 1184 in
1860 1137 2039 1184 ortum

467 1225 791 1296 producere.
821 1222 975 1289 Quod
1039 1231 1223 1278 autem
1257 1221 1399 1276 Deus
1455 1227 1754 1278 secundum
1789 1231 2040 1276 naturam

462 1317 738 1372 assistens
764 1314 934 1370 Filius
956 1315 1096 1369 alius
1125 1313 1314 1382 utique
1336 1313 1403 1367 sit
1442 1327 1471 1365 a
1503 1323 1772 1374 creatura,
1807 1312 1864 1366 in
1904 1312 2041 1366 libro

467 1403 543 1458 De
577 1412 763 1457 sancta
782 1403 1040 1457 Trinitate
1074 1416 1197 1455 cum
1217 1402 1328 1470 jam
1355 1401 1570 1456 abunde
1598 1401 2038 1466 tractaverimus,

464 1495 599 1548 nihil
629 1494 962 1564 superfluum
997 1492 1084 1546 hic
1108 1489 1417 1545 all‘eremus.
1456 1485 1595 1543 lllud
1631 1497 1810 1544 tamen
1832 1490 2041 1545 utiliter

463 1586 747 1650 addemus,
786 1585 934 1656 quod
964 1598 1088 1638 cum
1138 1583 1215 1637 ait
1253 1581 1516 1635 mundum
1567 1581 1635 1635 ab
1673 1581 1792 1650 ipso
1831 1580 2036 1636 factum

458 1693 605 1743 esse,
641 1678 704 1731 ad
738 1675 1088 1748 cogitandum
1135 1673 1203 1729 de
1238 1671 1402 1727 Patre
1431 1687 1533 1728 nos
1567 1671 1811 1736 adducit,
1852 1680 1907 1726 et
1943 1688 2038 1726 co-

2147 491 2463 562 ουσιότητος
2490 490 2766 544 ἀποδιελεῖ
2793 489 2994 561 τρόπος
3015 505 3029 519 ·
3057 489 3277 544 οὕτωτε
3307 489 3492 546 λοιπὸν
3518 494 3719 563 ἑαυτῆς

2145 583 2179 652 ή
2206 582 2384 645 κτίσις
2415 581 2568 636 ἔσται
2599 581 2929 653 δημιουργὸς
2953 622 2968 646 ,
3002 581 3096 635 καὶ
3137 581 3292 651 ψιλὸν
3321 583 3608 654 περιθήσει
3640 584 3718 655 τῷ

2141 675 2440 742 Μονογενετ
2482 673 2542 728 τὸ
2583 673 2800 744 ἀξίωμα
2842 673 3016 742 λέγων
3053 676 3082 728 6
3127 673 3519 744 εὐαγγελισονὴς
3544 712 3560 739 ,
3612 675 3717 739 ὅτι,

2143 766 2238 819 καὶ
2286 766 2414 818 ιἘν
2457 765 2536 835 τῷ
2577 764 2766 835 κόσμῳ
2807 761 2907 836 ἦν,
2953 765 3047 818 καὶ
3093 766 3121 818 6
3167 767 3372 836 κόσμος
3423 766 3490 818 δι’
3551 765 3717 820 αὐτοῦ

2145 857 2380 924 ἐγένετο.
2419 875 2439 908 ι
2491 855 2630 909 Ἀλλ’
2673 851 2812 909 οἶδεν
2866 855 2962 909 Eva
3013 855 3153 909 κατᾶ
3213 856 3375 924 φύσιν
3423 855 3553 910 ὅντα
3599 857 3710 910 τῶν

2141 944 2397 996 ἁπάντων
2420 943 2772 1015 δημιουργόν.
2802 945 2916 998 Οὐκ
2943 944 3051 1016 ἄρα
3071 943 3265 1000 ταυτὸν
3297 946 3364 1001 ἂν
3391 947 3562 1002 νοοῖτό
3583 964 3716 1004 ποτε

2142 1035 2295 1103 παρά
2321 1051 2385 1102 γε
2417 1036 2529 1098 τοῖς
2575 1034 2740 1088 εἰδόσι
2789 1035 3065 1089 πιστεύειν
3107 1034 3283 1106 ὀρθῶς
3309 1077 3324 1101 ,
3364 1037 3580 1107 ποίημα
3621 1038 3717 1091 καὶ

2141 1123 2400 1194 ποιητὴς,
2432 1124 2564 1188 Θεὸς
2600 1126 2692 1178 καὶ
2725 1124 2981 1195 κτίστης.
3017 1125 3133 1178 ἀλλ’
3173 1129 3207 1198 ή
3240 1125 3339 1195 μὲν
3365 1126 3716 1180 ὑποκείσεται

2139 1213 2542 1285 ὼυλοπρεπῶς,
2567 1215 2670 1268 τὸν
2703 1216 2801 1286 τῆς
2829 1217 3034 1280 οἰκείας
3064 1217 3280 1284 φύσεως
3313 1219 3438 1288 ὅρον
3465 1216 3716 1286 ἐπιγινὼν

2143 1321 2349 1360 σκουσα
2370 1319 2382 1333 ·
2419 1305 2727 1376 βασιλεύσει
2752 1307 2807 1361 δὲ
2833 1307 2921 1362 ἐπ’
2953 1304 3123 1378 αὐτὴν
3152 1309 3182 1360 6
3212 1309 3362 1372 Υἱὸς.
3391 1309 3548 1380 μόνος
3571 1310 3711 1380 εχων

2143 1396 2284 1467 μετὰ
2315 1395 2408 1450 τοῦ
2451 1397 2661 1470 [ἰατρὸς
2693 1400 2754 1450 τὸ
2793 1397 3053 1452 δύνασθαι
3095 1399 3190 1453 καὶ
3227 1399 3304 1463 ὡς
3351 1400 3483 1453 ὄντα
3527 1400 3595 1452 τὰ
3638 1401 3712 1471 μὴ

2140 1489 2270 1543 ὄντα
2314 1489 2518 1555 καλεῖν,
2553 1491 2646 1543 καὶ
2677 1490 2739 1544 τὸ
2774 1492 2939 1561 μήπω
2965 1491 3206 1562 ὑπάρχον
3233 1493 3458 1563 ἀρρήτῳ
3487 1491 3712 1561 δυνάμει

2142 1579 2410 1650 παράγειν
2441 1581 2520 1644 είς
2563 1581 2794 1650 γένεσιν.
2835 1582 3040 1636 Ὅτιδέ
3089 1581 3348 1653 ὑπάρχων
3385 1581 3528 1635 κατὰ
3551 1581 3710 1651 φύσιν

2140 1669 2273 1735 Θεὸς
2301 1673 2329 1724 6
2364 1671 2522 1738 Υἱὸς,
2567 1673 2752 1744 ἕτερος
2789 1673 2963 1742 δήπου
3013 1673 3231 1738 πάντως
3280 1674 3400 1726 ἐστὶ
3435 1673 3590 1742 παρὰ
3615 1673 3712 1742 τὴν

456 1771 756 1842 gn‘tionetu
807 1769 929 1838 ejus
973 1765 1047 1821 Ex
1089 1782 1222 1836 quo,
1272 1779 1380 1818 una
1437 1777 1562 1818 cum
1591 1777 1656 1818 eo
1707 1761 1811 1819 Per
1848 1779 2027 1832 quem,

2134 1763 2332 1830 κτίσιν,
2379 1764 2690 1836 ἀρκούντως
2718 1765 2818 1837 ήδη
2852 1766 3186 1836 διειληφότες
3225 1767 3281 1818 ἐν
3330 1764 3409 1834 τῷ
3436 1764 3572 1834 Περὶ
3603 1763 3714 1831 τῆς

461 1862 618 1916 nobis
646 1860 828 1914 infert.
865 1858 1061 1914 Omnia
1090 1858 1234 1912 enim
1268 1871 1297 1909 a
1337 1853 1500 1910 Patre
1528 1862 1658 1910 sunt
1708 1870 1803 1924 per
1834 1853 2030 1910 Filium

461 1953 513 2005 in
545 1959 736 2006 sancto
765 1949 992 2019 Spiritu.

2137 1852 2310 1923 ἁγίας
2334 1854 2574 1921 Τριάὸος
2606 1855 2749 1923 λόγῳ
2769 1897 2785 1921 ,
2839 1857 3092 1928 περιττὸν
3143 1859 3201 1910 ἐν
3238 1856 3450 1919 τούτοις
3483 1854 3718 1926 ἐροῦμεν

2135 1945 2288 1999 οὐδέν
2309 1958 2321 1972 ⁸
2357 1945 2496 2018 πλὴν
2531 1947 2706 2000 ἐκεῖνο
2747 1947 3035 2018 χρησίμως
3076 1947 3483 2019 προσθήσομεν,
3517 1949 3601 2000 ὅτι
3644 1947 3714 2000 δι’

454 2041 620 2094 αὐτοῦ
665 2041 755 2092 τὸν
798 2040 998 2109 κόσμον
1045 2035 1375 2107 πεποιῆσθαι
1415 2033 1621 2104 λέγων,
1671 2035 1750 2097 εἰς
1807 2033 2019 2088 ἔννοιαν
2093 2037 2240 2106 ἡμᾶς
2305 2038 2568 2109 ἀναφέρει
2614 2038 2713 2110 τὴν
2756 2040 2882 2110 περὶ
2923 2038 3170 2109 Πατρδς,
3223 2040 3319 2094 καὶ
3371 2039 3713 2112 συνεισφέρει

453 2136 530 2206 τῷ
564 2137 630 2188 δι’
666 2127 726 2186 οὗ
765 2133 856 2186 τὸν
909 2132 965 2198 ἐξ
1000 2123 1084 2185 οὗ.
1124 2129 1308 2183 Πάντα
1345 2127 1453 2197 γὰρ
1507 2127 1658 2198 παρὰ
1700 2127 1912 2199 Πατρός
1957 2128 2025 2182 δι’
2068 2127 2197 2182 Υίοῦ
2223 2130 2284 2182 ὲν
2309 2129 2449 2199 ἁγίῳ
2475 2129 2776 2200 Πνεύματι.

533 2225 574 2287 ι,
613 2224 694 2277 l0.
732 2220 799 2274 Et
831 2220 1056 2273 mundus
1085 2234 1204 2272 eum
1234 2234 1336 2271 non
1365 2216 1624 2286 cognovit.

525 2315 828 2369 Prudenter
865 2311 953 2365 hic
983 2325 1178 2366 rursus
1222 2309 1552 2380 evangelista
1595 2316 1788 2362 sancto
1821 2307 2031 2378 Spiritu

453 2406 687 2472 afﬂatus,
741 2403 1103 2475 quorumdam
1135 2416 1325 2476 .nugas
1374 2409 1718 2456 antevertere
1771 2406 2027 2455 conatur.

455 2497 696 2552 Docendi
753 2504 936 2550 autem
993 2494 1261 2547 rationem
1319 2506 1427 2546 non
1486 2504 1680 2563 parum
1733 2490 2027 2546 mirabere.

450 2586 649 2642 Lucem
686 2600 871 2640 veram
912 2580 1255 2652 nuncupavit
1283 2579 1500 2645 Filium,
1537 2573 1775 2650 eutnqne
1809 2594 2026 2634 omnem

447 2680 725 2735 hominem
782 2677 1090 2733 venientem
1133 2675 1189 2729 in
1237 2675 1384 2730 hunc
1414 2678 1680 2729 mundum
1720 2674 2032 2731 illuminare

449 2771 821 2835 confirmavit;
872 2767 1024 2821 addit
1078 2765 1226 2837 quod
1267 2774 1321 2820 et
1348 2783 1366 2816 ι
1406 2764 1463 2818 ln
1505 2765 1708 2818 mundo
1738 2766 1858 2834 ipse
1885 2773 2026 2834 erat,

446 2871 506 2917 et
533 2861 774 2914 mundus
804 2869 901 2929 per
933 2860 1111 2929 ipsqu
1145 2857 1324 2912 factus
1355 2866 1462 2912 est.
1496 2875 1515 2908 ι
1547 2855 1656 2911 Sed
1687 2856 1836 2912 illico
1869 2857 2031 2914 nobis

448 2951 890 3038 advorsarier-um
939 2948 1160 3019 quidam
1196 2948 1464 3018 objiciet:
1501 2947 1559 3003 Si
1597 2949 1689 3004 lux
1734 2957 1854 3004 erat
1893 2948 2028 3006 Ver-

2203 2217 2313 2270 Kal
2357 2220 2390 2270 ὁ
2429 2219 2658 2285 κόσμος
2685 2221 2874 2274 αὑτὸν
2913 2222 3025 2274 οὐκ
3058 2221 3232 2290 ἔγνω.

2211 2308 2391 2379 Νήφει
2421 2310 2584 2362 πάλιν
2617 2313 2645 2364 6
2684 2311 3150 2383 πνευματοφόρος,
3183 2312 3407 2382 φθάνειν
3429 2312 3713 2379 ἐπείγεται

2135 2393 2235 2461 τὰς
2263 2399 2415 2470 παρά
2465 2417 2628 2453 τινων
2679 2401 3081 2473 εὑρεσιλογίας*
3133 2403 3435 2472 θαυμάσεις
3485 2403 3540 2455 δὲ
3589 2403 3710 2456 λίαν

2141 2488 2232 2542 τὸν
2260 2493 2317 2543 ἐν
2346 2493 2457 2555 τοῖς
2483 2491 2801 2563 θεωρήμασι
2839 2493 3120 2565 λογισμόν.
3151 2494 3271 2558 Φῶς
3311 2495 3561 2566 ἀληθινὸν
3604 2498 3710 2550 ἁπ-

2136 2581 2363 2636 εκάλεσε
2408 2581 2500 2635 τὸν
2539 2582 2688 2646 Υίὸν,
2719 2582 3090 2656 διισχυρίσατό
3134 2601 3196 2637 τε
3239 2586 3492 2656 φωτίζειν
3546 2587 3708 2642 αὑτὸν

2135 2672 2313 2726 πάντα
2347 2672 2633 2744 ἄνθρωπον
2681 2674 2973 2746 ἐρχόμενον
3007 2676 3088 2739 εἰς
3135 2676 3226 2732 τὸν
3271 2669 3474 2748 κόσμον
3499 2695 3512 2708 ο
3567 2680 3704 2750 πρὸς

2131 2762 2191 2818 δέ
2239 2781 2303 2834 γε
2342 2763 2548 2834 τούτῳ,
2600 2765 2680 2817 ὅτι
2722 2766 2812 2819 καὶ
2849 2785 2867 2818 ι
2911 2762 3017 2820 Ἦν
3055 2769 3112 2822 ἐν
3139 2766 3215 2837 τῷ
3240 2768 3430 2840 κόσμῳ
3463 2788 3482 2822 ι
3518 2771 3705 2840 φησὶν,

2140 2873 2161 2907 ι
2210 2855 2305 2908 καὶ
2345 2857 2373 2908 6
2421 2857 2624 2928 κόσμος
2661 2857 2730 2910 δι’
2775 2857 2938 2911 αὐτοῦ
2984 2859 3218 2927 ἐγένετο.
3279 2878 3298 2912 ι
3356 2861 3494 2914 Ἀλλ’
3546 2857 3698 2916 εἶπεν

2133 2943 2198 2998 ἄν
2237 2963 2321 3010 τις
2351 2946 2509 3010 εὐθὺς
2544 2947 2672 3017 ἡμῖν
2720 2947 2828 3000 τῶν
2875 2949 2941 3002 δι’
2978 2951 3257 3015 ἐναντίας·
3303 2953 3364 3004 El
3411 2951 3524 3020 φῶς
3564 2948 3630 3023 ἦν
3675 2955 3706 3022 6

450 3043 602 3106 bum,
639 3029 692 3096 et
746 3040 999 3110 cujusvis
1033 3038 1272 3094 hominis
1317 3053 1414 3094 cor
1455 3039 1750 3102 illuminat,
1775 3039 1843 3094 ad
1872 3040 2026 3112 agni-

2130 3035 2335 3106 Λόγος,
2369 3030 2414 3090 ὦ
2446 3029 2622 3103 οὗτοι,
2665 3039 2760 3092 καὶ
2805 3039 2853 3091 εί
2900 3039 3121 3109 φωτίζει
3176 3035 3372 3104 παντὸς
3415 3040 3706 3111 ἀνθρώπου

450 3137 658 3186 tionem
701 3130 795 3187 Dei
832 3130 1088 3193 videlicet
1128 3137 1183 3184 et
1231 3128 1522 3183 scientiam
1552 3129 1789 3188 hominis
1815 3139 2028 3186 natura

449 3233 868 3292 congruentem,
918 3231 972 3277 et
999 3223 1046 3278 si
1080 3223 1134 3277 in
1167 3223 1270 3278 hoc
1302 3221 1508 3277 mundo
1551 3236 1768 3293 semper
1795 3232 1937 3290 erat,
1971 3228 2028 3278 et

449 3315 641 3370 mundi
682 3313 868 3386 opifex
894 3314 1214 3380 exsistebat,
1255 3312 1532 3385 quomodo
1566 3313 1884 3384 ignoratum
1918 3320 2024 3378 est,

445 3405 748 3476 etquidem
780 3407 949 3462 tantis
979 3415 1286 3474 temporum
1317 3404 1557 3475 spatiis?
1602 3405 1775 3475 Igitur
1807 3420 1917 3461 non
1963 3404 2028 3459 il-

448 3497 776 3559 luminabat,
805 3497 902 3553 sed
930 3512 1105 3568 neque
1128 3499 1220 3552 lux
1249 3497 1409 3568 plane
1433 3503 1572 3552 erat.
1606 3495 1703 3554 llis
1730 3497 2024 3554 confeStitn

443 3590 692 3664 occurrit
720 3586 1052 3660 Theologus,
1083 3587 1273 3644 dicens
1299 3607 1310 3642 :
1340 3607 1360 3640 ι
1381 3586 1613 3642 Mundus
1641 3601 1762 3641 eum
1798 3601 1904 3640 non
1930 3599 2027 3640 co-

447 3681 654 3751 gnovit.
694 3701 713 3732 ι
750 3679 871 3752 Ipse
918 3679 1213 3752 quominus
1255 3685 1669 3751 agnosceretur,
1721 3677 1922 3747 inquit,
1965 3675 2022 3732 in

442 3783 612 3826 causa
638 3786 746 3825 non
780 3770 918 3824 fuit:
945 3769 1039 3826 sed
1060 3769 1367 3825 infirmitati
1405 3769 1520 3840 88
1550 3783 1662 3824 sua:
1693 3767 1745 3822 id
1783 3767 2021 3824 mundus

443 3863 710 3919 ascribat.
777 3861 1055 3917 llluminat
1089 3861 1235 3916 enim
1293 3858 1486 3923 Filius,
1523 3857 1622 3914 sed
1668 3858 1900 3929 gratiam
1936 3872 2024 3912 re-

443 3955 628 4010 tundit
653 3964 942 4011 creatura:
980 3954 1175 4009 oculos
1207 3952 1440 4023 accepit,
1474 3951 1677 4021 quibus
1710 3948 2017 4006 naturalem

443 4038 615 4102 Deum
659 4047 1007 4117 intelligeret,
1045 4044 1140 4100 sed
1189 4059 1254 4098 eo
1285 4057 1516 4098 munere
1561 4043 1751 4106 abusa,
1797 4042 1852 4096 in
1903 4041 2020 4097 sola

439 4147 824 4195 creaturarum
875 4134 1342 4206 contemplatione
1372 4134 1562 4189 haesit:
1615 4134 1848 4188 ulterius
1884 4131 2017 4188 ferri

439 4231 662 4296 noluit,
705 4229 1161 4285 illuminationem
1221 4227 1439 4299 pigritia
1496 4225 1727 4291 obruit,
1780 4224 2019 4296 neglexit

437 4320 671 4392 gratiam
705 4320 769 4383 ¹⁷,
805 4319 954 4390 quod
985 4337 1054 4375 ne
1089 4319 1197 4376 sibi
1248 4319 1554 4388 contingat,
1586 4317 1813 4388 vigilare
1861 4316 2016 4371 Pauli

2126 3127 2378 3212 καρδίαν,
2413 3131 2494 3194 είς
2538 3129 2864 3199 θεογνωσίαν
2923 3131 3163 3202 δηλονότι
3217 3132 3313 3186 καὶ
3355 3133 3435 3197 είς
3483 3133 3700 3187 σύνεσιν

2124 3217 2594 3294 ἁνθρωποπρεπῆ,
2632 3223 2726 3276 καὶ
2754 3223 2913 3295 εἰπερ
2943 3218 3012 3296 ἦν
3041 3225 3130 3278 ἀεὶ
3159 3226 3216 3278 ἐν
3254 3224 3334 3296 τῷ
3361 3226 3574 3298 κόσμῳ,
3606 3226 3704 3280 καὶ

2123 3309 2285 3374 αὐτὸς
2332 3306 2400 3382 ἦν
2443 3313 2684 3385 ἐργάτης
2733 3314 2932 3382 αὐτοῦ,
2985 3316 3104 3382 πῶς
3148 3318 3427 3391 ήγνοήθη,
3472 3320 3568 3374 καὶ
3619 3322 3700 3382 είς
3795 3329 3798 3332 ’

2123 3403 2346 3472 χρόνους
2376 3404 2520 3459 οὕτω
2556 3407 2838 3477 μακρούςς
2879 3408 3074 3463 οὐκοῦν
3109 3411 3210 3463 οὐκ
3256 3410 3540 3478 ἐφώτιζεν,
3584 3411 3700 3465 ἀλλ’

2122 3493 2242 3547 οὐδὲ
2273 3494 2410 3558 ὅλως
2443 3496 2670 3568 ὑπῆρχε
2687 3497 2744 3550 τὸ
2771 3496 2888 3568 φῶς
2909 3498 3091 3562 αὑτός.
3127 3499 3271 3570 Πρὸς
3296 3499 3361 3571 δὴ
3387 3500 3454 3553 τὰ
3476 3499 3700 3554 τοιαῦτα

2121 3587 2449 3658 θερμότερον
2471 3590 2498 3640 6
2521 3587 2766 3656 θεολόγος
2789 3587 3126 3656 ὑπαντιάζει,
3151 3589 3342 3659 λέγων’
3371 3609 3392 3643 ι
3412 3593 3471 3644 '0
3495 3592 3697 3662 κόσμος

2120 3679 2285 3732 αὑτὸν
2327 3696 2429 3734 ουκ
2490 3679 2683 3747 ἔγνω.»
2708 3681 2824 3734 Οὐκ
2866 3682 3028 3746 αὐτὸς
3075 3682 3142 3735 δι’
3191 3681 3380 3737 ἐαυτὸν
3427 3685 3696 3756 ήγνοήθη,

2120 3769 2316 3840 φησιν’
2349 3770 2610 3824 αἰτιάσθω
2639 3769 2696 3824 δέ
2721 3772 2751 3823 6
2773 3772 2980 3843 κόσμος
3017 3772 3112 3844 τὴν
3152 3774 3361 3829 οἰκείαν
3389 3775 3694 3833 ἀσθένειαν.

2118 3860 2346 3925 Φωτίζει
2385 3861 2482 3932 μὲν
2508 3861 2618 3931 γάρ
2650 3863 2678 3914 6
2706 3861 2831 3926 Υἱὸς
2853 3901 2868 3926 ,
2923 3863 3269 3934 ἀπαμϐλύνει
3309 3865 3365 3918 δὲ
3391 3865 3489 3935 τὴν
3535 3867 3700 3939 χάριν

2119 3950 2152 4021 ή
2179 3951 2374 4014 κτίσις.
2419 3951 2752 4018 Ἐδανείζετο
2781 3953 2844 4006 τὸ
2869 3953 3106 4023 βλέπειν,
3131 3955 3218 4009 ἵνα
3247 3957 3340 4010 τὸν
3370 3955 3511 4042 κατέὶ
3533 3957 3695 4026 φύσιν

2117 4043 2285 4114 νοήσῃ
2337 4043 2500 4108 Θεὸν,
2553 4045 2648 4097 καὶ
2704 4046 3078 4118 δεδαπάνηκεν
3130 4047 3356 4112 ἀσώτως
3410 4049 3474 4102 τὸ
3518 4047 3689 4112 δοθὲν,

2121 4133 2284 4204 μέχρι
2304 4135 2413 4188 τῶν
2439 4135 2760 4206 ποιημάτων
2782 4137 2976 4208 ἔστησε
2999 4139 3097 4210 τῆς
3124 4139 3355 4210 θεωρίας
3373 4138 3433 4191 τὸ
3460 4138 3656 4210 μέτρον
3673 4156 3688 4170 ·

2117 4226 2385 4298 ὲνάρκησε
2409 4226 2502 4280 τὸν
2530 4228 2785 4282 ἐπέκεινα
2822 4229 3042 4300 δρόμον,
3072 4229 3348 4300 κατέχωσε
3389 4229 3684 4302 ῥᾳθυμίαις

2116 4315 2210 4369 τὸν
2247 4317 2562 4389 φωτισμὸν,
2594 4318 2838 4390 ἠμέλησε
2876 4318 2970 4372 τοῦ
3005 4318 3382 4390 χαρίσματος,
3430 4321 3565 4391 ὅπερ
3602 4320 3688 4376 ἶνα

438 4409 742 4482 discipulus
783 4409 1129 4465 admonetur.
1157 4409 1304 4464 Nihil
1332 4425 1462 4481 ergo
1491 4409 1560 4465 ad
1594 4409 1771 4492 lucem
1806 4408 2014 4462 illumi-

2129 4404 2199 4474 μὴ
2225 4405 2410 4468 πάθοι,
2443 4408 2634 4477 νήφειν
2677 4409 2706 4460 6
2741 4406 2952 4470 Παῦλος
2985 4408 3195 4461 κελεύει
3241 4407 3320 4480 τῷ
3359 4410 3544 4480 οἰκείῳ
3583 4427 3687 4480 μα-

440 4509 694 4554 natorum
753 4499 1102 4569 improbitas.
1152 4498 1624 4566 Quemadmodum
1677 4499 1821 4554 enim
1879 4499 2014 4552 solis

437 4595 621 4648 lumen
656 4598 874 4646 cunctis
922 4591 1193 4654 oboritur,
1228 4590 1321 4644 sed
1357 4588 1495 4643 nihil
1531 4603 1707 4643 caecus
1759 4589 2014 4644 utilitatis

434 4681 564 4736 inde
615 4681 856 4750 accipit:
897 4694 1006 4734 non
1050 4687 1233 4734 tamen
1287 4677 1523 4749 proinde
1577 4688 2010 4734 consentaneum

427 4789 562 4829 esse
596 4772 802 4828 dixeris
833 4771 967 4828 solis
995 4783 1258 4826 accusare
1290 4770 1635 4841 splendorem
1665 4789 1679 4825 :
1732 4770 1866 4840 quin
1917 4787 2013 4842 po-

428 4866 548 4920 tius
592 4863 660 4918 ad
706 4865 992 4918 oculorum
1039 4863 1231 4918 vitium
1268 4862 1319 4916 id
1375 4861 1694 4916 referemus.
1733 4861 1830 4918 Ille
1862 4864 2008 4919 enim

428 4956 730 5019 illuminat,
756 4956 810 5010 bi
837 4956 1012 5010 lucem
1046 4967 1154 5009 non
1187 4955 1436 5024 capiunt;
1467 4954 1548 5009 sic
1578 4955 1741 5008 etiam
1779 4957 1846 5011 de
1877 4955 2011 5012 Uni-

2112 4500 2251 4572 θητῇ
2278 4517 2290 4528 ·
2328 4503 2478 4556 οὐδὲν
2521 4498 2613 4556 οὖν
2644 4502 2750 4574 ἄρα
2779 4503 2914 4574 πρὸς
2943 4503 3003 4554 τὸ
3037 4502 3153 4571 φῶς
3189 4504 3221 4574 ή
3258 4502 3365 4556 τῶν
3397 4501 3689 4574 φωτισθέν-

2113 4608 2223 4645 των
2249 4593 2538 4663 φαυλότης.
2565 4594 2732 4648 Ὀνπε
2742 4611 2771 4663 ρ
2793 4594 2902 4666 γὰρ
2929 4595 3148 4666 τρόπον,
3165 4594 3373 4666 ἀνίσχει
3399 4597 3496 4666 μὲν
3519 4595 3690 4652 ἅπασι

2113 4683 2208 4736 τοῦ
2239 4685 2390 4753 ἡλίου
2419 4686 2480 4737 τὸ
2516 4686 2651 4760 φῶς,
2683 4683 2976 4755 ὠφελεῖται
2995 4687 3053 4740 δὲ
3082 4685 3233 4740 οὐδὲν
3265 4689 3294 4740 6
3316 4688 3536 4757 τυφλὸς,
3571 4687 3688 4741 ἀλλ’

2114 4775 2175 4827 οὐ
2205 4774 2296 4827 διὰ
2324 4774 2482 4829 τοῦτο
2507 4777 2604 4846 τῆς
2633 4776 2864 4849 ἡλιακῆς
2910 4778 2976 4831 ἂν
3017 4777 3252 4846 εὐλόγως
3283 4769 3690 4849 κατηγορῆσαι-

2119 4882 2218 4935 μεν
2256 4865 2458 4936 αὐγῆς·
2510 4867 2886 4936 αίτιαστώμεθα
2932 4869 2988 4922 δὲ
3030 4869 3228 4940 μᾶλλον
3277 4869 3338 4922 τὸ
3377 4870 3478 4936 τῆς
3513 4869 3689 4939 ὕψεως

2116 4958 2286 5020 πάθος
2319 4960 2377 5030 (ή
2430 4959 2526 5029 μὲν
2571 4959 2678 5030 γὰρ
2723 4961 3021 5030 ἐφώτιζεν,
3077 4963 3110 5032 ή
3160 4961 3216 5016 δὲ
3265 4962 3356 5014 τὸν
3406 4961 3687 5030 φωτισμὸν

422 5041 618 5118 genito
652 5047 1002 5104 statuendum
1030 5046 1291 5109 arbitror,
1323 5046 1580 5100 nimirum
1617 5047 1794 5117 ipsum
1829 5048 2004 5102 lucem

2129 5049 2210 5102 ιύκ
2234 5050 2492 5120 ἐδέχετο)·
2517 5051 2691 5116 οὕτως
2711 5049 2862 5124 οἶμαι
2883 5054 2992 5107 δεῖν
3017 5054 3109 5106 καὶ
3130 5055 3222 5105 ἐπὶ
3242 5052 3335 5105 τοῦ
3351 5051 3686 5120 Μονογενοῦς

423 5151 556 5195 esse
599 5156 810 5206 veram,
855 5140 953 5196 sed
1007 5139 1171 5194 deum
1212 5139 1376 5209 hujus
1411 5141 1622 5204 saeculi,
1654 5149 1713 5194 ut
1760 5141 2007 5210 loquitur

2129 5142 2328 5204 ιννοεῖν,
2363 5142 2444 5194 ὅτι
2483 5141 2597 5211 φῶς
2625 5143 2726 5214 μέν
2742 5145 2857 5197 ἐστι
2885 5143 2947 5197 τὸ
2973 5143 3246 5213 ἀληθινὸν,
3273 5144 3303 5195 6
3335 5143 3389 5197 δὲ
3428 5141 3560 5204 Θεὸς
3588 5139 3683 5194 τοῦ

428 5229 656 5297 Paulus,
675 5246 979 5288 excaecasse
1005 5240 1217 5288 mentes
1239 5231 1558 5296 inﬁdelium,
1584 5246 1649 5285 ne
1674 5230 2003 5286 illuminatio

2129 5229 2302 5294 ιίῶνος
2333 5232 2548 5299 τούτου,
2579 5233 2722 5288 καθα
2751 5237 2842 5289 καὶ
2881 5237 2909 5288 6
2939 5234 3150 5299 Παῦλός
3189 5250 3372 5304 φησιν,
3404 5232 3680 5301 ἐτύφλωσε

432 5323 762 5392 cognitionis
791 5323 992 5377 divina:
1036 5323 1089 5376 in
1123 5315 1256 5392 ipsis
1307 5320 1508 5392 fulgeat
1536 5321 1600 5373 η.
1653 5319 1998 5376 Exeo-catum

2129 5321 2173 5374 τὰ
2215 5324 2463 5394 νοήματα
2503 5325 2611 5379 τῶν
2655 5327 2918 5394 ἀπίστων,
2947 5328 3025 5393 είς
3061 5326 3125 5380 τὸ
3155 5327 3230 5398 μὴ
3264 5325 3554 5393 διαυγάσαι
3587 5324 3684 5377 τὸν
3735 5340 3756 5355 ο

423 5421 608 5466 autem
661 5413 750 5465 hie
801 5413 1038 5467 dicimus
1072 5411 1372 5478 hominem,
1408 5427 1515 5466 non
1544 5410 1689 5482 quod
1720 5412 1881 5481 plane
1925 5411 1996 5467 sit

2129 5415 2380 5485 ιωτισμδν
2407 5417 2464 5468 ἐν
2485 5418 2668 5481 αὐτοῖς
2694 5418 2792 5488 τῆς
2816 5417 3072 5486 γνώσεως
3092 5418 3186 5471 τοῦ
3215 5415 3370 5470 Θεοῦ.
3396 5414 3680 5482 Τύφλωσιν

429 5502 559 5554 luce
610 5503 838 5556 orbatus
890 5503 1164 5571 (servatur
1196 5501 1340 5557 enim
1392 5501 1445 5554 in
1501 5508 1696 5555 natura
1736 5500 2001 5558 divinitus

2129 5506 2163 5558 ἱέ
2199 5524 2378 5578 φαμεν
2421 5509 2519 5582 τὴν
2548 5513 2603 5565 ἐν
2637 5510 2845 5574 τούτοις
2887 5513 3187 5583 ὑποττῆναι
3237 5509 3326 5564 τὸν
3365 5506 3677 5577 ἄνθρωπον,

438 5637 440 5639 ί
489 5671 592 5728 ιιι
629 5673 770 5730 'l'iut.
813 5694 884 5742 tv,
947 5681 1029 5733 N.
1144 5682 1184 5711 "'
1243 5679 1284 5734 ΙΙ
1340 5679 1469 5736 (ἔστι
1513 5698 1586 5748 Ινθ
1628 5685 1681 5740 ‘-
