4072 6210
503 330 610 387 155
702 316 709 321 '
1523 322 1901 383 S.-CYRILLl
1942 312 2412 383 ALExan‘mnNt
2466 329 2793 391 ARCHIEP.
3642 348 3743 405 ,δε

499 446 630 516 quis
653 459 753 501 eos
785 452 1006 516 putaret
1024 459 1086 501 ex
1116 443 1212 500 Dei
1236 457 1303 499 ac
1325 444 1507 501 Patris
1541 444 1851 500 substantia
1879 456 2064 500 revera

2174 447 2632 512 πεπιστευκότας,
2682 451 2769 504 ἵνα
2830 449 2996 523 μήτις
3043 455 3225 527 οἴηται
3265 456 3365 528 τῆς
3411 432 3603 525 οὐσίας
3647 461 3741 515 τοῦ

497 535 741 607 genitos.
788 545 845 591 et
874 552 973 606 per
994 535 1185 590 omnia
1221 535 1430 591 similes
1458 550 1583 591 esse
1627 534 1943 606 Uuigeuito,
1977 541 2064 589 aut

2171 535 2306 590 Θεοῦ
2338 538 2434 592 καὶ
2457 541 2668 613 Πατρὸς
2690 543 3055 614 ἐκπεφυκέναι
3090 547 3230 600 κατὰ
3248 547 3504 620 ἀλήθειαν
3524 551 3742 619 αὐτοὺς.

498 628 671 682 etiam
701 625 770 680 de
798 626 894 680 ille
935 625 1160 681 abusive
1189 625 1298 681 dici
1334 644 1347 682 :
1384 644 1403 678 t
1438 625 1517 680 Et.
1555 633 1713 682 utero
1753 633 1878 680 ante
1905 623 2064 679 Luci-

2172 630 2267 683 καὶ
2302 632 2383 695 είς
2417 631 2836 705 ἀπαράλλακτον
2873 638 3168 711 ὁμοιότητα
3199 640 3413 712 τρέχειν
3454 642 3531 713 τῷ
3565 644 3742 700 Μονο-

502 718 682 774 ferum
716 717 877 788 genui
910 724 964 772 te
995 717 1075 783 ³³;
1116 735 1150 775 ,ι
1202 724 1368 786 atque
1404 715 1481 769 ita
1512 714 1731 770 demum
1767 713 1822 767 in
1855 720 2064 767 creatu-

2166 726 2335 795 γενεῖ,
2357 723 2390 796 ἢ
2407 725 2500 780 καὶ
2522 727 2643 782 κατ’
2658 729 2864 784 ἐκείνου
2880 731 3359 802 καταχρηστικὼτε
3366 750 3457 806 ρον
3469 732 3741 803 λέγεσθαι,

504 827 688 868 rarum
723 823 971 867 naturam
1004 810 1123 882 ipse
1171 822 1389 879 quoque
1422 806 1832 871 tietrnderetur,
1863 804 1994 861 licet
2038 819 2064 858 a

2171 814 2264 880 τὸ,
2301 833 2323 867 t
2379 815 2473 867 Ἐκ
2499 817 2733 887 γαστρὸς
2775 818 2882 889 πρὸ
2913 820 3190 892 ἐωσφόρου
3241 804 3567 893 ὲξεγέννησά
3596 840 3677 890 σε,
3718 844 3737 878 ι

502 905 617 960 Deo
649 905 869 975 genitus
896 904 1136 968 dicatur,
1164 902 1369 957 idcirco
1394 901 1536 955 hanc
1558 899 1873 954 cautionem
1901 910 2064 951 excu-

2169 903 2311 958 οῦτω
2339 921 2398 957 τε
2437 906 2622 960 λοιπὸν
2664 909 2743 972 είς
2796 908 2895 980 τήν
2943 910 3051 965 τῶν
3085 911 3403 983 ποιημάτων
3448 915 3542 968 καὶ
3578 908 3746 982 αὐτὸς

500 999 661 1070 gitat.
693 996 829 1053 Cum
854 997 1000 1052 enim
1038 1003 1367 1067 potestatem
1394 1008 1423 1047 a
1447 992 1688 1048 naturali
1717 988 1858 1045 Filio
1885 989 2064 1044 datam

2171 996 2529 1068 καταφέροιτο
2555 997 2733 1068 φύσιν,
2774 1000 2868 1053 καὶ
2891 1002 2939 1054 εί
2966 1000 3175 1070 λέγοιτο
3203 1004 3558 1076 γεγεννῆσθαι
3591 1006 3743 1077 παρά

502 1092 573 1147 iis
602 1105 724 1146 esse
752 1089 970 1153 dixerit,
1010 1094 1072 1143 ut
1098 1088 1198 1142 lilii
1252 1087 1345 1142 Dei
1390 1086 1608 1149 ﬁerent,
1653 1082 1949 1152 adoptione
1985 1080 2073 1134 ni-

503 1184 703 1240 mirum
734 1191 790 1237 et
807 1182 1000 1253 gratia,
1020 1181 1237 1236 tandem
1262 1179 1539 1235 tutissime
1560 1175 1807 1246 subjicit,
1828 1193 1845 1225 ι
1868 1174 1942 1229 Ex
1961 1171 2072 1227 Deo

503 1280 618 1335 nati
637 1286 792 1335 sunt:
806 1295 826 1329 ι
842 1286 901 1331 ut
914 1275 1337 1348 gratiaequoque
1357 1270 1787 1343 magnitudinem
1800 1266 2068 1330 ostendat,

502 1387 609 1445 qua
642 1372 787 1443 quod
825 1371 1067 1426 alienum
1095 1376 1181 1424 est
1211 1382 1241 1421 a
1274 1366 1384 1421 Deo
1423 1378 1488 1420 ac
1513 1360 1692 1428 Patre,
1723 1359 1792 1414 ad
1823 1359 1944 1429 ejus
1976 1373 2074 1412 na-

502 1463 681 1518 turale
708 1459 1113 1532 quodammodo
1137 1455 1476 1513 consortium
1513 1454 1808 1524 colligitur,
1833 1457 1887 1505 et
1924 1447 2069 1519 quod

501 1568 720 1610 servum
751 1561 856 1617 est,
886 1551 953 1605 ad
984 1548 1199 1604 Domini
1227 1547 1566 1602 nobilitatem
1592 1543 1666 1599 ob
1695 1542 2069 1598 vehenrentem

499 1647 624 1715 ejus
652 1643 977 1700 charitatem
1002 1639 1276 1696 evehitur.
1307 1636 1414 1693 Sed
1451 1637 1582 1708 quid
1620 1634 1820 1703 majus,
1861 1632 2071 1703 inquiet

502 1737 690 1791 forsan
727 1733 947 1805 aliquis,
978 1732 1060 1787 vel
1095 1730 1225 1801 quid
1255 1729 1439 1786 eximii
1471 1743 1583 1799 prae
1622 1725 1888 1784 lsraeiitis
1921 1725 2068 1781 nacti

502 1835 632 1885 sunt
661 1826 873 1889 ﬁdeles,
897 1839 1026 1881 cum
1058 1831 1114 1879 et
1156 1822 1261 1894 ipsi
1291 1821 1551 1877 Israelita:
1577 1820 1694 1875 nati
1737 1832 1862 1874 esse
1900 1833 1930 1873 a
1957 1816 2068 1873 Deo

500 1917 771 1982 dicantur,
801 1915 957 1986 juxta
994 1913 1130 1969 illud
1164 1931 1179 1968 :
1220 1932 1240 1966 t
1288 1910 1460 1968 Filios
1488 1911 1674 1983 genui,
1720 1918 1775 1967 et
1801 1909 2064 1975 exaltari,

499 2019 554 2069 et
589 2010 694 2081 ipsi
722 2016 902 2065 autem
949 2013 1276 2078 spreverunt
1306 2021 1393 2061 me
1434 2005 1498 2061 ³³.
1540 2023 1559 2057 ι
1593 2004 1674 2060 Ad
1702 2004 1808 2060 hoc
1841 2017 2069 2073 respon-

499 2103 714 2165 demus,
760 2101 997 2172 primum
1037 2097 1277 2168 quidem,
1324 2096 1470 2167 quod
1514 2111 1640 2151 cum
1690 2096 1774 2151 lex
1815 2094 2067 2151 umbram

502 2197 809 2252 futurorum
848 2192 1116 2248 bonorum
1143 2191 1391 2253 haberet,
1423 2205 1532 2244 non
1563 2196 1744 2244 autem
1772 2189 1946 2258 ipsam
1982 2201 2069 2242 re-

501 2301 623 2342 rum
649 2292 835 2341 Veram
867 2284 1123 2356 Speciem,
1158 2281 1234 2338 ita
1275 2298 1452 2353 neque
1478 2282 1624 2339 istud
1648 2280 1915 2338 lsraelitis
1941 2294 2070 2336 vere

499 2391 846 2442 concessum,
891 2375 987 2431 sed
1023 2374 1203 2446 typice
1247 2382 1300 2430 et
1350 2376 1575 2446 ﬁgurate
1629 2372 1960 2443 descriptum
2011 2372 2066 2427 in

500 2469 634 2540 ipsis
673 2468 794 2534 fuit,
833 2486 853 2519 ι
892 2465 1079 2537 Usque
1143 2465 1211 2522 ad
1259 2474 1474 2535 tempus
1518 2463 1880 2520 correctionis
1926 2463 2004 2528 “,
2041 2481 2061 2516 ι

494 2561 638 2617 sicut
666 2560 929 2631 scriptum
960 2566 1063 2623 est,
1098 2573 1209 2629 quo
1245 2556 1512 2613 emcrsuri
1544 2566 1699 2612 erant
1734 2554 1828 2627 qui
1870 2552 2068 2617 decen-

493 2653 608 2708 tius
661 2659 825 2723 atque
854 2650 1037 2706 verius
1082 2657 1302 2720 propter
1349 2649 1748 2704 inhabitantem
1786 2647 2063 2718 Unigeniti

498 2742 766 2814 Spiritum
804 2741 1023 2796 Patrem
1055 2739 1228 2796 Deum
1272 2740 1630 2810 appellarent.
1676 2739 1756 2794 illi
1794 2738 2065 2809 siquidem

492 2835 769 2891 habebant
818 2852 837 2886 ι
881 2832 1139 2903 spiritum
1172 2831 1455 2896 servitutis
1487 2833 1545 2886 in
1586 2832 1803 2893 timore,
1836 2829 1889 2885 hi
1935 2845 2066 2897 vero

491 2927 752 2998 Spiritum
781 2924 1097 2995 adeptionis
1129 2923 1385 2985 ﬁliorum,
1434 2943 1451 2974 ι
1484 2925 1540 2977 in
1575 2922 1898 2987 libertatem,
1949 2940 1969 2974 ι
2008 2922 2065 2978 iu

489 3033 604 3089 quo
643 3018 945 3072 clamamus
970 3033 982 3069 :
1012 3016 1163 3083 Abba
1191 3012 1352 3071 Pater
1373 3014 1438 3068 ³⁸.
1466 3035 1486 3068 ι
1506 3014 1677 3085 igitur
1702 3013 1935 3085 populus
1967 3028 2066 3086 per

2170 1087 2329 1153 Θεοῦ,
2369 1089 2682 1158 ἀναγκαίως
2713 1091 2846 1162 ήμῐν
2894 1095 3211 1163 προεπινοεῖ
3259 1094 3360 1167 τὴν
3415 1097 3736 1166 ἀσφάλειαν.

2170 1181 2424 1235 Δεδόσθαι
2451 1181 2561 1253 γὰρ
2603 1183 2786 1245 αὐτοῖς
2812 1183 3061 1249 ἐξουσίαν
3090 1186 3263 1242 εἰπὼν
3295 1188 3447 1260 παρά
3473 1190 3567 1243 τοῦ
3598 1190 3741 1246 κατά

2170 1273 2333 1342 φύσιν
2364 1274 2496 1327 Υἱοῦ
2539 1275 2675 1346 πρὸς
2710 1274 2770 1330 τδ
2815 1277 3071 1346 γενέσθαι
3115 1278 3282 1333 τέκνα
3315 1279 3452 1333 Θεοῦ
3478 1319 3493 1344 ,
3537 1282 3631 1336 καὶ
3677 1282 3739 1336 τὸ

2171 1365 2318 1420 θέσει
2355 1365 2450 1420 καὶ
2484 1368 2667 1438 χάριτι
2695 1368 2784 1423 διὰ
2812 1368 3001 1423 τούτου
3033 1370 3486 1441 προεισενεγκὼν,
3523 1372 3739 1425 ἀκινδύ·

2170 1472 2278 1518 νως
2312 1455 2507 1524 ἐπάγει
2548 1457 2732 1513 λοιπὸν
2774 1458 2868 1525 τὸ,
2906 1477 2927 1512 ι
2988 1459 3084 1514 Ἐκ
3111 1458 3244 1513 Θεοῦ
3292 1460 3674 1532 ἐγεννήθησαν·
3711 1482 3727 1513 ι

2171 1544 2259 1600 ἵνα
2301 1546 2396 1601 καὶ
2428 1546 2527 1617 τῆς
2554 1549 2642 1601 ἐπ’
2675 1547 2858 1612 αὐτοῖς
2886 1549 3107 1622 χάριτος
3128 1548 3368 1622 ἐπιδείξῃ
3404 1550 3465 1605 τὸ
3487 1552 3734 1623 μέγεθος,

2167 1633 2360 1708 ὥσπερ
2400 1637 2480 1701 είς
2511 1636 2818 1709 οἰκειότητα
2850 1640 3084 1713 φυσικὴν
3124 1638 3468 1711 συλλέγοντος
3494 1642 3555 1695 τὸ
3584 1640 3734 1696 ἀλλόο

2169 1744 2320 1798 τριον
2348 1728 2443 1814 τοῦ
2466 1727 2602 1782 Θεοῦ
2632 1731 2725 1783 καὶ
2754 1731 2989 1802 Πατρδς,
3024 1732 3204 1790 καὶτὸ
3228 1732 3414 1787 δοῦλον
3446 1735 3527 1797 είς
3552 1734 3738 1787 δεσπο-

2166 1812 2325 1892 τικὴν
2370 1812 2647 1890 εὕγὲνειαν
2700 1823 3156 1890 ἀναδιδάξοντος,
3205 1823 3295 1878 διὰ
3337 1824 3437 1896 τὴν
3468 1826 3546 1887 είς
3573 1825 3735 1879 αὑτὸν

2168 1910 2378 1983 θερμὴν
2420 1911 2717 1985 ἀγάπησιν.
2758 1911 2824 1966 Τί
2866 1908 2964 1968 οὖν
3001 1913 3110 1985 ἄρα
3139 1915 3200 1968 τὸ
3245 1913 3444 1980 πλέον,
3491 1915 3609 1986 ἐρεῖ
3651 1931 3736 1977 τις

2167 2003 2362 2073 τυχόν;
2408 2003 2443 2075 ἢ
2492 2005 2544 2057 τί
2594 2001 2655 2058 τδ
2683 2004 2960 2077 ἐξαίρετον
3011 2007 3069 2061 ὲν
3112 2007 3225 2070 τοῖς
3263 2005 3606 2063 πιστεύουσιν
3657 2006 3738 2069 είς

2167 2094 2402 2166 Χριστὸν
2431 2094 2582 2165 παρά
2603 2095 2696 2149 τὸν
2728 2096 2967 2168 Ἰσραὴλ,
2996 2096 3118 2151 ἐπεὶ
3147 2097 3243 2150 καὶ
3283 2094 3445 2160 αὐτὸς
3472 2096 3736 2165 γεγεννῆφ

2168 2185 2293 2239 σθαι
2317 2185 2529 2255 λέγεται
2562 2186 2714 2258 παρά
2741 2186 2878 2241 Θεοῦ
2905 2188 3045 2243 κατά
3076 2187 3159 2253 τὸ,
3197 2206 3216 2240 ι
3254 2187 3418 2251 Υίοὺς
3472 2187 3738 2256 ἐγέννησα

2168 2278 2260 2333 καὶ
2289 2276 2501 2347 ὖψωσα,
2550 2278 2704 2334 αὐτοὶ
2748 2278 2808 2334 δέ
2858 2296 2926 2350 με
2970 2279 3277 2350 ήθέτησανς
3322 2298 3342 2331 ι
3378 2278 3523 2350 Ηρδς
3572 2278 3638 2348 δὴ
3668 2278 3738 2332 τά

2167 2368 2388 2423 τοιαῦτα
2412 2365 2564 2441 οἶμαι
2586 2370 2765 2439 λέγειν
2791 2371 2925 2437 δεῖν,
2949 2370 3164 2443 πρῶτον
3189 2371 3289 2445 μὲν
3310 2372 3392 2425 ὅτι
3416 2371 3572 2425 σκιὰν
3598 2369 3738 2440 ἔχων

2165 2464 2194 2516 ό
2230 2462 2393 2534 νόμος
2427 2464 2536 2518 τῶν
2585 2463 2888 2535 μελλόντων
2949 2462 3171 2535 ἀγαθῶν
3194 2506 3209 2530 ,
3263 2465 3366 2518 οὐκ
3415 2463 3587 2534 αὐτὴν
3636 2463 3738 2535 τὴν

2166 2555 2349 2609 εἰκόνα
2391 2554 2500 2608 τῶν
2540 2555 2914 2628 πραγμάτων,
2949 2554 3072 2610 οὐδὲ
3119 2556 3277 2615 τοῦτο
3320 2555 3439 2613 κατ’
3472 2553 3738 2626 ἀλήθειαν

2168 2643 2313 2714 ἔχειν
2362 2644 2534 2699 ἐδίδου
2580 2648 2692 2710 τοῖς
2726 2645 2784 2712 ἐξ
2828 2645 3065 2718 Ἰσραὴλ,
3102 2645 3217 2703 ἀλλ’
3250 2644 3327 2710 ὡς
3355 2648 3415 2700 ὲν
3441 2643 3597 2716 τῦπῳ
3641 2645 3739 2699 καὶ

2168 2737 2403 2808 σχήματι
2424 2737 2767 2808 γραφόμενον
2790 2738 2848 2791 ἑν
2866 2738 3068 2803 αὐτοῖς’
3097 2757 3115 2790 ι
3129 2738 3294 2810 Ἀχρι
3310 2736 3503 2809 καιροῦ
3524 2737 3742 2806 διορθώ-

2167 2844 2336 2894 σεως,
2382 2848 2401 2881 ι
2441 2828 2582 2883 καθὰ
2620 2828 2959 2903 γέγραπται,
2994 2828 3117 2883 καθ’
3163 2828 3223 2884 ὃν
3265 2828 3488 2901 ἔμελλον
3523 2829 3738 2901 ἀναδειτ

2165 2918 2463 2992 χθήσεσθαι
2503 2919 2688 2975 λοιπὸν
2723 2922 2773 2974 oi
2827 2919 3274 2992 πρεπωδέστερόν
3302 2937 3363 2973 τε
3407 2921 3501 2973 καὶ
3541 2908 3737 2990 ἀληθέ-

2168 3027 2357 3081 στερον
2389 3008 2787 3076 ἀποκαλοῦντες
2820 3011 3039 3084 Πατέρα
3064 3011 3154 3067 τὸν
3191 3012 3343 3077 Θεὸν,
3382 3010 3470 3066 διὰ
3499 3009 3562 3063 τὸ
3599 3011 3738 3063 ὲνοι-

492 3110 654 3167 iidem
690 3109 744 3164 itt
773 3107 1051 3164 Christum
1082 3105 1147 3161 ad
1180 3106 1413 3168 ﬁliorum
1448 3096 1798 3176 adoptionem
1829 3106 2064 3162 evehen-

2168 3101 2342 3174 κῆσαν
2370 3101 2552 3165 αὐτοῖς
2583 3100 2810 3175 Πνεῦμα
2838 3102 2930 3157 τοῦ
2963 3102 3300 3172 Μονογενοῦς
3322 3118 3336 3133 ·
3380 3104 3431 3156 οἱ
3482 3101 3580 3172 μὲν
3629 3100 3738 3171 γὰρ

486 3203 619 3268 dus,
672 3202 728 3258 in
789 3201 905 3265 illo,
959 3200 1106 3256 velut
1164 3200 1219 3255 in
1273 3199 1487 3263 umbra,
1535 3198 1916 3271 praeﬁguratus
1961 3207 2068 3268 est,

486 3295 946 3368 quemadmodum
977 3307 1169 3363 nempe
1195 3291 1443 3347 videmus
1463 3290 1626 3346 etiam
1644 3290 1943 3362 spiritalem
1968 3291 2071 3346 cir.

490 3388 887 3445 cumcisionem
924 3385 978 3439 in
1002 3384 1215 3438 illorum
1239 3397 1407 3437 carne
1429 3380 1800 3452 prmiigurari;
1827 3382 1881 3436 itt
1915 3397 2067 3436 sum-

491 3494 579 3534 ma
603 3518 619 3542 ,
651 3475 837 3533 omnia
877 3483 1071 3531 nostra
1098 3475 1153 3529 in
1184 3474 1295 3530 illis
1324 3481 1483 3528 erant
1512 3473 1691 3544 typice
1717 3471 2063 3528 adumbrata.

487 3569 570 3625 Atl
593 3569 729 3631 haec,
764 3568 999 3623 dicimus
1031 3565 1286 3623 lsraelem
1326 3565 1504 3637 typice
1529 3571 1779 3620 vocatum
1808 3562 1978 3619 fuisse
2009 3562 2064 3618 in

490 3660 840 3734 adoptionem
873 3658 1108 3712 ﬁliorum
1141 3654 1249 3728 93
1291 3655 1383 3712 Dei
1416 3672 1510 3727 per
1535 3656 1886 3712 mediatorem
1915 3655 2066 3727 Moy-

490 3769 586 3810 sen
620 3770 636 3820 ;
686 3753 920 3822 ideoque
966 3750 1017 3804 itt
1063 3749 1240 3820 ipsum
1291 3763 1510 3818 quoque
1541 3746 1807 3818 baptizati
1841 3754 1971 3802 sunt
2007 3746 2061 3801 in

486 3845 638 3901 nube
688 3844 832 3900 etin
880 3842 1046 3905 mari,
1092 3850 1153 3897 ut
1205 3838 1411 3896 Paulus
1444 3841 1517 3895 ait
1570 3837 1651 3905 ³⁸,
1687 3847 1739 3894 et
1784 3839 1840 3894 in
1892 3837 2061 3907 legem

488 3938 774 3995 servitutis
823 3956 887 3993 cx
935 3938 1208 3993 idolorum
1242 3937 1393 3991 cultu
1436 3923 1867 4007 reparahantur,
1898 3932 2065 3991 mini-

482 4037 666 4086 strato
698 4031 779 4086 eis
810 4030 946 4102 legis
991 4038 1268 4100 praecepto
1302 4045 1398 4100 per
1425 4028 1673 4100 angelos.
1720 4027 1825 4094 Qui
1876 4035 2062 4083 autem

488 4123 543 4177 in
594 4122 829 4177 ﬁliorum
867 4121 959 4177 Dei
995 4120 1341 4192 adoptionem
1386 4119 1488 4174 ﬁde
1538 4120 1591 4174 in
1626 4118 1906 4177 Christum
1941 4132 2064 4173 eve-

484 4214 718 4276 huntur,
757 4229 863 4267 non
894 4212 947 4279 in
981 4226 1142 4265 uuam
1179 4226 1207 4264 a
1243 4209 1519 4267 creaturis
1569 4209 1833 4279 aliquam,
1878 4208 1973 4267 sed
2006 4196 2085 4262 in

484 4304 665 4371 ipsam
713 4309 957 4356 sanctam
991 4296 1319 4355 Trinitatem
1357 4300 1740 4371 haptizantur,
1787 4298 2062 4354 mediante

485 4391 690 4453 Verbo,
725 4392 871 4460 quod
920 4392 1025 4446 sibi
1067 4392 1461 4447 humanitatem
1509 4393 1729 4463 quidem
1777 4392 2062 4463 coniungit

482 4498 584 4553 per
620 4495 840 4537 carnem
873 4481 1101 4542 unitam,
1129 4481 1223 4536 sed
1265 4483 1591 4539 naturaliter
1633 4481 1785 4537 Patri
1826 4481 2060 4552 conjun-

480 4575 655 4645 gitur,
688 4582 966 4641 quatenus
995 4580 1188 4626 natura
1222 4573 1387 4628 Deus.
1421 4572 1534 4627 Hoc
1552 4575 1698 4629 enim
1732 4584 1895 4643 pacto
1916 4575 2059 4631 servi

480 4665 550 4718 uti
587 4664 902 4718 ﬁliationcm
939 4672 1224 4724 vocantur,
1261 4678 1359 4731 per
1390 4665 1503 4718 veri
1526 4659 1650 4718 Filii
1683 4665 2061 4736 participatio-

480 4770 607 4810 nem
638 4752 707 4809 ad
736 4751 1061 4824 dignitatem
1085 4751 1134 4806 ei
1162 4752 1491 4809 naturaliter
1518 4752 1930 4813 inexsistentem
1965 4771 2061 4810 vo-

478 4846 590 4901 cati
624 4852 679 4900 et
734 4844 1144 4913 quodammodo
1197 4844 1396 4899 evecti.
1446 4844 1622 4910 Quam
1670 4845 1743 4901 ob
1787 4862 1904 4902 rem
1962 4846 2056 4901 ﬁlii

475 4935 577 4992 Dei
608 4935 846 4992 dicimur
872 4951 937 4992 ac
962 4948 1179 4997 sumus,
1212 4937 1304 5007 qui
1350 4937 1657 5006 spiritalem
1683 4938 2058 5008 regeneratio-

481 5042 605 5089 nem
638 5041 736 5098 per
773 5024 932 5081 ﬁdem
985 5025 1322 5097 accepimus.
1356 5026 1462 5082 Sed
1513 5028 1774 5097 quoniam
1812 5029 2056 5084 nonnulli

480 5117 749 5189 prateipiti
805 5117 1040 5187 quadam
1088 5116 1318 5173 audacia
1348 5117 1417 5184 de
1448 5117 1743 5190 Unigenilo
1793 5119 1950 5189 juxta
2005 5128 2061 5175 et

480 5217 676 5265 sancto
728 5207 935 5282 Spiritu
993 5209 1125 5265 falsa
1163 5211 1394 5280 prodere
1443 5226 1552 5267 non
1585 5220 1866 5271 verentur.
1902 5227 2057 5271 crea-

476 5308 596 5354 tum
624 5308 677 5353 et
707 5300 911 5355 factum
950 5301 1094 5357 hunc
1126 5317 1248 5357 esse
1264 5302 1529 5365 dicentes,
1556 5310 1610 5356 et
1636 5303 1812 5372 ipsum
1835 5303 2059 5357 omnino

478 5385 579 5445 Dei
603 5403 666 5443 ac
696 5387 875 5443 Patris
901 5392 1476 5449 consubstantialitate
1498 5390 1755 5462 dejicere,
1790 5408 1908 5462 age,
1931 5406 2056 5446 rur-

482 5493 580 5534 sus
608 5494 798 5532 eorum
824 5481 1165 5551 iutetupcrici
1200 5494 1365 5541 rectae
1393 5484 1513 5539 ﬁdei
1547 5485 1854 5539 doctrinam
1884 5500 2058 5555 oppo-

480 5574 699 5633 nentes,
745 5570 891 5637 quod
927 5571 1085 5627 nobis
1112 5580 1163 5625 et
1198 5572 1499 5630 lectoribus
1529 5574 1650 5629 usui
1706 5574 1779 5629 sit
1819 5573 2059 5644 profera-

556 5736 605 5771 ³¹
636 5734 779 5792 Psal.
813 5752 919 5803 eis,
949 5741 1002 5794 '5.
1081 5736 1125 5773 ³³
1154 5740 1257 5795 lsa.
1296 5759 1332 5805 t,
1354 5730 1426 5796 ’2.
1503 5744 1555 5777 ³*
1580 5743 1745 5804 llebr.
1775 5762 1851 5813 ιι,
1890 5745 1969 5801 i0.

2076 5747 2117 5778 ³⁵
2154 5745 2308 5801 item.
2339 5761 2457 5811 vut,
2486 5746 2570 5800 i5.

2170 3188 2314 3267 εἶχον
2347 3211 2367 3245 t
2404 3193 2620 3266 πνεῦμα
2668 3194 2913 3260 δουλείας
2952 3197 3033 3261 εἰς
3079 3195 3278 3267 φόϐον,
3321 3196 3373 3250 oi
3417 3195 3475 3249 δὲ
3518 3190 3741 3265 πνεῦμα

2168 3286 2456 3351 υἱοθεσίας,
2483 3305 2505 3339 ι
2526 3286 2605 3351 είς
2632 3286 2962 3357 ἐλευθερίαν,
3000 3305 3019 3339 ι
3053 3289 3112 3345 ὲν
3143 3279 3188 3356 ᾧ
3210 3286 3486 3359 κράζομεν
3513 3300 3527 3313 ·
3570 3285 3741 3345 ’Δὸϐἄ

2166 3379 2195 3431 ὁ
2236 3379 2446 3452 Πατήρ.
2480 3398 2498 3432 ι
2536 3378 2746 3434 Οὐκοῦν
2782 3381 2811 3433 ό
2862 3380 2951 3435 διὰ
2988 3379 3223 3444 πίστεως
3259 3378 3356 3453 τῆς
3388 3378 3468 3443 είς
3502 3377 3739 3450 Χριστὸν

2165 3471 2531 3547 ἀναϐήσεσθαι
2566 3472 2774 3544 μέλλων
2803 3474 2882 3538 είς
2907 3471 3181 3527 υἱοθεσίαν
3213 3471 3362 3538 λαὸς,
3399 3470 3653 3540 καθάπερ
3677 3470 3741 3540 ἐν

2169 3564 2351 3626 σκιαῖς
2390 3562 2448 3616 ὲν
2475 3563 2668 3631 ἐκείνῳ
2691 3563 3197 3636 προκατεγράφετο,
3225 3563 3413 3635 ὥσπερ
3434 3557 3528 3616 οὖν
3548 3559 3740 3633 ἀμέλει

2164 3656 2259 3709 καὶ
2290 3654 2388 3726 τὴν
2416 3656 2476 3708 ὲν
2518 3655 2784 3726 πνεύματι
2811 3656 3037 3729 νοοῦμεν
3068 3655 3366 3729 περιτομὴν
3400 3656 3460 3709 ὲν
3488 3657 3553 3725 τῇ
3586 3651 3734 3707 ὲκεί-

2164 3766 2270 3802 νων
2334 3748 2497 3803 πάλιν
2558 3749 3069 3820 προανατυποῦσθαι
3136 3749 3299 3821 σαρκί
3321 3766 3335 3780 ’
3381 3749 3478 3803 καὶ
3544 3747 3740 3817 συλλή-

2164 3838 2295 3919 ϐδην
2346 3840 2549 3902 εἰπεῖν,
2610 3839 2789 3896 πάντα
2841 3835 2909 3911 ἦν
2957 3840 3016 3893 ὲν
3073 3839 3302 3901 ἐκείνοις
3361 3836 3432 3891 τὰ
3476 3837 3741 3908 ’ἡμέτερα

2162 3931 2428 3996 τυπικῶς.
2488 3932 2633 4001 Πρὸς
2693 3932 2751 3987 δέ
2812 3950 2874 4001 γε
2920 3934 3035 3996 τοῖς
3106 3929 3419 4003 εἰρημένοις
3441 3970 3457 3995 ,
3517 3928 3740 3985 κάκεῖνό

2164 4042 2379 4095 φαμεν,
2440 4027 2527 4080 ὅτι
2596 4024 2859 4097 κέκληται
2915 4022 3164 4087 τυπικῶς
3228 4025 3309 4088 είς
3378 4020 3650 4081 υἱοθεσίαν
3708 4024 3739 4075 ό

2173 4114 2388 4188 Ἰσραήλ
2409 4115 2497 4170 διὰ
2526 4116 2746 4187 μεσίτου
2769 4114 3009 4180 Μωσέως
3028 4131 3041 4144 ’
3073 4113 3156 4168 διὸ
3181 4115 3275 4169 καὶ
3299 4114 3381 4178 είς
3414 4111 3579 4167 αὐτὸν
3613 4111 3742 4165 ἔϐας

2163 4206 2429 4272 πτίζοντο,
2477 4205 2726 4278 καθάπερ
2756 4207 2785 4260 ό
2821 4205 3035 4270 Παῦλός
3072 4221 3257 4275 φησιν,
3302 4205 3364 4258 ὲν
3402 4205 3470 4275 τῇ
3518 4202 3738 4274 νεφέλῃ.

2161 4300 2258 4350 καὶ
2289 4299 2347 4352 ὲν
2384 4300 2449 4368 τῇ
2484 4296 2746 4371 θαλάσσῃν
2781 4297 2876 4350 καὶ
2908 4296 2988 4359 εις
3018 4294 3180 4366 νόμον
3210 4293 3454 4358 δουλείας
3484 4292 3546 4358 ἐξ
3581 4291 3738 4347 εἰδω-

2161 4388 2479 4461 λολατρείας
2502 4387 2945 4453 ἀνεσκευάζοντο,
2970 4386 3393 4457 διακονουμένης
3414 4384 3584 4456 αὐτῆς
3620 4384 3739 4456 [αὐ.
3790 4406 3813 4421 ο

2095 4443 2137 4497 θ
2161 4479 2300 4552 τοῖς]
2327 4443 2436 4541 τοῖς
2458 4443 2563 4551 Ῐις.
2600 4478 2721 4552 τῆς]
2761 4443 2820 4533 t'v
2860 4443 3181 4549 γράμμασιν
3220 4443 3439 4548 imis;
3473 4443 3742 4544 δι”ὶιὲγέ-

2162 4571 2297 4625 λων’
2326 4574 2375 4625 οί
2402 4571 2458 4625 δὲ
2494 4571 2672 4627 πίστει
2712 4573 2778 4642 τῇ
2815 4571 2894 4633 τίς
2926 4569 3159 4641 Χριστὸν
3192 4571 3273 4632 εἰς
3303 4567 3579 4625 υἱοθεσίαν
3610 4569 3747 4621 ἀνα-

2158 4661 2435 4724 ϐαίνοντες
2460 4659 2615 4724 Θεοῦ,
2649 4661 2749 4717 οὑκ
2794 4662 2874 4724 εἰς
2906 4660 2965 4713 ἐν
3007 4677 3060 4713 τι
3088 4658 3196 4712 τῶν
3224 4658 3490 4730 γενητῶν,
3516 4656 3630 4711 ἀλλ’
3661 4658 3746 4720 εἰς

2160 4753 2332 4824 αὐτὴν
2373 4751 2472 4822 τήν
2519 4750 2679 4820 ἁγίαν
2720 4749 3068 4822 βαπτίζονται
3112 4749 3339 4821 Τριάδα,
3388 4748 3476 4803 διὰ
3518 4747 3745 4819 μεσίτου

2159 4843 2254 4897 τοῦ
2302 4843 2498 4913 Λόγου,
2547 4842 2909 4907 συνάπτοντος
2952 4841 3052 4915 μὲν
3107 4841 3285 4912 ἑαυτῷ
3318 4840 3388 4895 τὰ
3428 4837 3749 4911 ἀνθρώπινα

2163 4934 2255 4990 διὰ
2277 4934 2376 5006 τῆς
2405 4932 2698 5004 ἑνωθείσης
2728 4933 2949 5003 σαρκὸς,
2978 4933 3385 5005 συναπτομένου
3404 4930 3464 4987 δὲ
3497 4929 3748 5001 quam};

2163 5023 2241 5097 τῷ
2273 5025 2616 5094 γεννήσαντι,
2663 5024 2797 5078 καθὸ
2848 5024 3010 5095 φῦσει
3053 5023 3217 5087 Θεόςο
3272 5020 3416 5076 οὕτω
3461 5020 3570 5092 γὰρ
3606 5020 3749 5073 ἀνα-

2160 5115 2346 5186 τρέχει
2370 5112 2433 5167 τὸ
2461 5110 2645 5168 δοῦλον
2683 5116 2763 5179 είς
2810 5112 3055 5184 υίότητα,
3089 5111 3179 5166 διὰ
3212 5110 3451 5184 μετοχῆς
3492 5108 3586 5165 τοῦ
3620 5110 3749 5162 κατ’

2162 5206 2420 5277 ἀλήθειαν
2467 5205 2616 5270 Υίοῢ,
2664 5206 2799 5281 πρὸς
2842 5205 2903 5258 τὸ
2943 5204 3186 5276 ὑπάρχον
3217 5202 3369 5273 αὐτῷ
3406 5201 3549 5269 κατά
3581 5200 3750 5270 φύσιν

2166 5296 2403 5367 ἀξίωμα,
2433 5296 2760 5368 καλούμενόν
2785 5314 2842 5351 τε
2864 5299 2957 5353 καὶ
2985 5291 3095 5353 οἷον
3126 5292 3609 5364 ἀναϐιϐαζόμενον.
3644 5292 3750 5347 Διά

2164 5406 2246 5443 τοι
2296 5388 2455 5444 τοῦτο
2482 5389 2729 5459 γεννητοί
2755 5387 3025 5460 λεγόμεθα
3052 5388 3145 5443 καὶ
3183 5386 3349 5458 ἐσμὲν
3374 5383 3471 5439 τοῦ
3503 5382 3666 5450 Θεοῦ,
3692 5383 3750 5437 οἱ

2165 5478 2264 5550 τὴν
2314 5479 2405 5534 διὰ
2461 5480 2557 5534 τοῦ
2613 5480 2928 5550 Πνεύματος
2966 5478 3322 5550 ἀναγέννησιν
3371 5474 3462 5531 διὰ
3507 5474 3748 5537 πίστεως

2169 5571 2621 5643 παραδεξάμενοι.
2653 5570 2869 5641 Ἐπειδὴ
2896 5570 2954 5623 δὲ
2981 5568 3365 5639 ῥιψοκινδύνως
3390 5562 3746 5636 ἀποτολμῶσί

2650 5745 2693 5776 ³⁸
2747 5744 2763 5800 l
2816 5743 2942 5800 Cor.
2989 5758 3045 5811 κ,
3087 5744 3136 5799 l.
