4072 6210
301 283 410 337 157

1407 285 1474 342 IN
1509 283 1800 343 JOANNIS
1837 283 2293 346 EVANGELIL‘M
2330 287 2460 343 LIB.
2501 287 2542 344 l.

3344 329 3348 333 -
3457 289 3557 343 158

296 412 467 464 τινες,
497 402 690 474 ὥσπερ
740 403 836 457 τοῦ
869 403 1227 474 Μονογενοῦς,
1261 406 1404 461 οῦτω
1453 409 1547 462 καὶ
1586 407 1682 462 τοῦ
1732 409 1890 476 ἁγίου

2000 426 2138 465 inus.
2173 409 2230 463 Si
2252 410 2404 464 enim
2433 423 2612 478 neque
2637 407 2782 464 Deus
2815 408 3118 464 secundum
3149 415 3425 473 naturain,
3461 425 3561 464 ne-

299 491 726 560 καταψεύδονται
783 493 1121 565 Πνεύματος,
1165 497 1392 566 γενητὸν
1445 497 1578 550 αὐτὸ
1621 497 1716 552 καὶ
1777 515 1893 550 κτι-

300 578 603 636 στὺν.εῐναι
641 585 959 652 φάσκοντες,
1011 587 1106 640 καὶ
1156 587 1291 650 ὅλως
1338 588 1440 656 τῆς
1478 587 1572 640 τοῦ
1622 587 1758 642 Θεοῦ
1799 585 1892 642 καὶ

309 673 526 743 Πατρός
558 673 798 738 ἐξέλκειν
830 675 1242 748 όμοουσιότητος
1269 693 1284 707 ο
1320 677 1451 748 φέρε
1491 676 1555 749 δὴ
1587 677 1748 732 πάλιν
1775 680 1894 742 ταῖς

299 763 528 815 ἐκείνων
586 763 1092 836 ἀθυρογλωσσιαις,
1151 767 1242 821 τὸν
1296 769 1393 838 τῆς
1443 767 1608 839 ὀρθῆς
1657 770 1895 834 πίστεως

299 853 690 922 ἀντεξάγοντες
713 855 888 925 λόγον,
915 855 1126 920 ἑαυτοῖς
1153 874 1212 910 τε
1237 859 1328 911 καὶ
1355 863 1465 922 τοῖς
1489 861 1891 932 ἐντευξομένοις

302 942 570 1010 mandata;
603 946 951 1016 γεννήσωμεν
990 946 1262 1018 ἀφορμάς.
1315 949 1377 1001 Εἰ
1417 950 1524 1020 γὰρ
1565 953 1706 1020 μήτε
1755 951 1889 1015 Θεὸς

304 1033 451 1086 κατὰ
485 1033 666 1102 φύσιν,
690 1027 737 1088 ὦ
763 1029 929 1099 οῦτοι,
966 1038 1102 1107 μήτε
1135 1037 1240 1109 μὴν
1287 1040 1351 1091 ἐκ
1384 1039 1518 1092 Θεοῦ
1563 1042 1624 1092 τὺ
1667 1041 1893 1111 Πνεῦμά

303 1128 456 1178 ἐστιν
495 1127 627 1179 ῐδιον
655 1125 840 1193 αὐτοῦ,
878 1128 971 1181 καὶ
1008 1127 1098 1182 διὰ
1141 1129 1297 1183 τοῦτο
1341 1130 1611 1194 οὑσιωδῶς
1647 1132 1890 1201 ὲνυπὰρέ

303 1233 404 1286 χον
451 1215 629 1284 αύτῷ·
677 1214 864 1287 ἓτερον
916 1214 974 1268 δέ
1021 1233 1073 1268 τι
1124 1218 1253 1281 παρ’
1285 1217 1462 1278 αὐτὸν,
1513 1219 1608 1270 καὶ
1648 1219 1744 1288 τῆς
1784 1218 1892 1270 τῶν

305 1304 693 1374 πεποιημένων
727 1305 991 1374 όμοφυῖας
1035 1305 1134 1358 οὐκ
1172 1305 1575 1376 ἀπῳκισμένον·
1605 1307 1720 1370 πῶς
1747 1310 1795 1359 οἱ
1824 1307 1892 1360 δι’

303 1394 483 1450 αὑτοῦ
525 1395 871 1465 γεννηθέντες
898 1397 1062 1465 ἡμεῖς
1077 1395 1140 1448 ὲκ
1181 1395 1314 1448 Θεοῦ
1344 1396 1700 1466 γεγεννῆσθαι
1739 1396 1892 1464 λεγό-

307 1485 492 1555 μεθα;
523 1485 593 1538 Ἣ
617 1485 722 1556 γὰρ
750 1487 832 1539 ὅτι
853 1485 1108 1556 ψεύδεται
1158 1490 1372 1550 πάντως
1409 1487 1638 1558 ἐροῦμεν
1666 1491 1694 1541 6
1725 1489 1890 1557 εὐαγ-

1996 516 2106 570 que
2142 515 2206 554 ex
2238 499 2350 555 Deo
2384 508 2473 556 est
2498 499 2741 568 Spiritus
2773 500 2916 568 ejus,
2947 499 3107 568 eique
3126 499 3569 554 substantialiter

1996 589 2351 653 inexsistens,
2395 586 2490 644 sed
2520 589 2664 644 alius
2692 588 2762 643 ab
2793 588 2932 658 ipso,
2967 603 3065 642 nec
3097 604 3126 641 a
3173 595 3367 641 natura
3399 600 3568 640 erea—

1994 688 2243 740 turarum
2299 682 2533 744 alienus,
2596 680 2874 750 quomodo
2905 695 3026 744 nos,
3079 680 3174 748 qui
3244 695 3338 748 per
3387 679 3564 747 ipsum

1995 772 2106 826 nati
2137 787 2348 836 sumus,
2373 787 2439 827 ex
2465 770 2574 826 Deo
2599 771 2710 825 nati
2739 770 3014 824 dicimur?
3037 772 3144 823 Aut
3168 773 3312 824 enim
3347 767 3566 822 mentiri

1996 863 2156 932 plane
2201 863 2589 932 evangelistam
2632 860 2973 915 fatebimur:
3023 869 3118 914 aut
3172 861 3218 914 si
3257 874 3416 914 verax
3460 869 3564 921 est,

1998 954 2157 1008 sicuti
2191 960 2276 1008 est
2309 952 2572 1022 profecto,
2600 951 2744 1008 Deus
2779 952 2904 1017 erit,
2937 961 2994 1006 et
3020 967 3083 1006 ex
3118 950 3226 1006 Deo
3260 950 3563 1006 secundum

1997 1053 2244 1098 naturam
2282 1042 2562 1114 Spiritus:
2608 1043 2768 1110 cujus
2818 1041 3237 1110 participatione
3273 1057 3366 1111 per
3405 1040 3565 1094 tidem

1995 1135 2049 1188 in
2090 1133 2368 1187 Christum
2402 1133 2611 1197 donati,
2661 1141 2715 1186 et
2771 1141 2978 1186 natura:
3024 1132 3224 1188 divinae
3263 1131 3562 1201 participes

1993 1224 2280 1290 ellieimur,
2325 1231 2380 1277 et
2422 1239 2485 1278 ex
2523 1221 2631 1275 Deo
2665 1223 2776 1282 nati
2811 1236 2932 1275 esse
2966 1221 3220 1282 dicimur,
3249 1229 3304 1275 et
3337 1236 3457 1274 eam
3493 1221 3565 1274 ob

1996 1329 2106 1368 rem
2144 1313 2219 1372 dii
2249 1327 2650 1382 nuncupantur,
2699 1327 2807 1366 non
2846 1313 3021 1381 gratia
3053 1311 3228 1366 solum
3263 1311 3327 1365 ad
3361 1325 3556 1380 super-

1992 1404 2296 1460 naturalem
2334 1402 2559 1472 gloriam
2591 1401 2799 1464 evecti,
2834 1400 2928 1454 sed
2972 1414 3082 1469 quo
3124 1399 3236 1468 jam
3282 1399 3448 1453 Deum
3507 1399 3563 1452 in

1994 1493 2152 1548 nobis
2185 1493 2519 1547 habitantem
2574 1499 2740 1559 atque
2771 1490 3138 1544 diversantem
3167 1489 3466 1544 habeamus
3493 1487 3564 1552 ³⁷,

303 1575 644 1646 γελιστὴς,ῆ
681 1577 836 1648 εἴπερ
876 1576 1024 1630 ἐστὶν
1063 1575 1288 1647 ἀληθὴς,
1345 1577 1454 1646 ἔχει
1495 1577 1550 1630 δὲ
1595 1576 1756 1643 οὕτω,
1800 1578 1893 1632 καὶ

2000 1583 2145 1650 iuxta
2175 1583 2306 1640 illud
2335 1583 2610 1652 propheta:
2639 1582 2847 1636 dictum
2882 1599 2894 1634 :
2941 1600 2958 1631 ι
2989 1580 3125 1645 Quia
3160 1579 3478 1634 inhabitabo
3511 1579 3567 1631 in

305 1667 410 1737 οὐχ
437 1667 658 1738 ἑτέρως,
685 1667 814 1730 Θεὸς
846 1667 997 1720 ἔσται
1041 1668 1135 1721 καὶ
1178 1669 1243 1721 ὲκ
1285 1667 1418 1720 Θεοῦ
1451 1669 1589 1721 κατά
1632 1667 1791 1742 φύσιν
1830 1668 1890 1722 τὸ

2000 1674 2128 1742 ipsis
2157 1681 2209 1728 et
2243 1673 2590 1727 inambulabo
2617 1673 2757 1727 inter
2780 1686 2876 1726 eos
2905 1671 2970 1725 ³⁸.
3011 1690 3029 1722 ι
3059 1669 3304 1738 Alioqui,
3341 1683 3570 1738 respon-

307 1756 554 1829 Πνεῦμα,
594 1753 656 1812 οὗ
696 1757 759 1829 δὴ
805 1758 898 1810 καὶ
949 1758 1224 1829 μετίσχειν
1269 1756 1354 1811 διὰ
1404 1738 1775 1829 πίστεωςντῆς
1813 1761 1893 1822 εἰς

2000 1738 2181 1828 deant,
2223 1780 2431 1836 quaeso,
2468 1765 2646 1830 nobis,
2679 1765 2776 1834 qui
2813 1771 2962 1820 tanta
2992 1762 3136 1832 pleni
3169 1768 3297 1817 sunt
3333 1759 3568 1819 inscitia,

307 1849 543 1922 Χριστὸν
582 1851 911 1921 ἀξιούμενοι,
948 1851 1098 1914 θείας
1132 1867 1190 1902 τε
1230 1849 1443 1918 φύσεως
1484 1849 1890 1920 ἀποτελούμεθα

308 1943 576 2005 κοινωνοὶ,
609 1943 700 1992 καὶ
723 1943 788 1993 ἐκ
811 1937 944 1994 Θεοῦ
969 1940 1328 2010 γεγεννῆσθαι
1346 1939 1638 2010 λεγόμεθα,
1668 1939 1759 1992 καὶ
1781 1939 1892 1993 θεοὶ

304 2031 398 2084 διὰ
418 2030 571 2082 τοῦτο
591 2031 1020 2100 χρηματίζομεν,
1052 2031 1110 2082 οὐ
1137 2031 1316 2102 χάριτι
1341 2031 1499 2102 μόνον
1523 2033 1603 2093 εἰς
1626 2030 1721 2101 τὴν
1746 2030 1890 2101 ὑπὲρ

309 2121 460 2189 ἡμᾶς
508 2120 866 2190 ἀνιπτάμενοι
898 2120 1076 2184 δόξαν,
1101 2120 1216 2174 ἀλλ’
1245 2120 1320 2184 ὡς
1339 2121 1439 2193 ἢδη
1473 2122 1566 2175 καὶ
1582 2121 1712 2176 Θεὸν
1744 2121 1892 2192 ἕχον.

305 2222 406 2273 τες
425 2214 483 2265 ἐν
509 2211 720 2274 ἑαυτοῖς
739 2210 1046 2264 ἐνοικοῦντα
1071 2211 1166 2266 καὶ
1192 2211 1562 2279 αὐλιζόμενον,
1596 2212 1810 2265 κατὰτὸ
1835 2215 1894 2266 ὲν

306 2300 393 2371 τῷ
442 2304 698 2373 προφήτῃ
738 2303 1018 2372 κείμενον,
1067 2303 1149 2356 ὅτι
1201 2321 1219 2353 ι
1267 2303 1565 2374 Ἐνοικήσω
1610 2303 1667 2354 ὲν
1711 2303 1894 2367 αὐτοῖς

304 2392 404 2446 καὶ
433 2391 903 2461 εμπεριπατήσω·
942 2408 962 2442 ι
998 2391 1119 2444 ἐπεὶ
1158 2390 1302 2444 κατά
1336 2375 1456 2443 τίνα
1483 2391 1680 2462 τρόπον
1711 2391 1892 2460 λεγόν-

305 2483 565 2553 τωνήμῖν
596 2483 644 2535 ot
674 2482 774 2552 τῆς
787 2480 1301 2551 τοσαύτηςὰμαθίας
1318 2481 1568 2553 ἀνάπλεῳ
1591 2465 1708 2535 ναοὶ
1734 2482 1889 2549 Θεοῦ,

309 2572 456 2625 κατὰ
479 2572 691 2626 Παῦλον
728 2572 915 2642 ἐσμὲν,
939 2572 1000 2625 τὸ
1017 2571 1242 2642 Πνεῦμα
1272 2572 1482 2642 ἔχοντες
1520 2572 1807 2627 κατοικοῦν
1837 2575 1894 2627 ὲν

307 2665 464 2733 ἡμῖν.
486 2665 533 2716 ει
557 2663 632 2734 μὴ
646 2663 778 2727 Θεὸς
793 2663 936 2715 κατὰ
953 2662 1112 2731 φύσιν
1131 2663 1275 2716 ἐστίν
1296 2679 1310 2727 ;
1332 2663 1394 2715 Εἰ
1421 2663 1528 2733 γὰρ
1545 2662 1752 2733 κτίσμα
1776 2665 1895 2717 ἐστὶ

307 2756 410 2808 καὶ
425 2754 670 2823 γενητὸν,
685 2754 772 2807 διὰ
790 2756 949 2809 ποίαν
979 2755 1159 2809 αἰτίαν
1174 2756 1321 2825 ἡμᾶς
1345 2755 1894 2824 ὲκαταφθεῑρειΘεὸς,

308 2847 397 2907 ὡς
415 2845 551 2897 Θεοῦ
579 2845 1040 2914 καταφθείροντας
1069 2845 1216 2910 ναὸν,
1252 2845 1383 2898 ὅταν
1399 2845 1458 2896 τὸ
1490 2845 1648 2914 σῶμα
1663 2862 1896 2916 καταμο·

309 2933 590 3003 λὺνωμεν,
614 2936 669 2987 ὲν
687 2929 729 3003 ᾧ
744 2934 807 2986 τὺ
829 2933 1052 3004 Πνεῦμα
1073 2936 1232 2999 οἰκεῖ,
1258 2935 1385 3005 ὃλην
1401 2933 1523 3005 ἔχον
1537 2935 1630 2986 τοῦ
1653 2934 1784 2986 Θεοῦ
1801 2934 1895 2989 καὶ

1993 1853 2268 1923 quomodo
2299 1853 2495 1922 templa
2549 1851 2639 1907 Dei
2676 1853 2872 1914 simus,
2913 1853 3074 1919 juxta
3111 1849 3339 1903 Paulum
3371 1849 3450 1911 ³⁹,
3487 1847 3570 1900 in-

1994 1944 2327 1997 habitantem
2365 1942 2417 1998 in
2447 1942 2605 2002 nobis
2637 1942 2898 2010 Spiritum
2931 1940 3193 1994 habentes
3219 1979 3234 2002 ,
3263 1937 3369 1994 nisi
3401 1935 3571 2004 Spiri-

1995 2045 2082 2090 tus
2115 2033 2256 2088 Deus
2290 2033 2362 2088 sit
2396 2033 2698 2088 secundum
2735 2031 3028 2086 naturam?
3053 2030 3100 2084 si
3131 2029 3279 2084 enim
3315 2035 3566 2082 creatura

1991 2136 2097 2190 est,
2130 2140 2194 2180 ac
2224 2139 2382 2193 opus,
2437 2139 2599 2194 quam
2630 2124 2701 2179 ob
2731 2137 2954 2179 causam
3002 2120 3146 2177 Deus
3180 2134 3282 2174 nos
3312 2117 3567 2178 destruit,

1994 2226 2249 2286 tanquam
2283 2215 2374 2286 qui
2399 2214 2488 2270 Dei
2523 2215 2785 2286 templum
2815 2215 3189 2275 destruamus.
3221 2226 3345 2266 cum
3368 2223 3570 2278 corpus

1992 2305 2362 2375 inquinamus,
2406 2305 2462 2360 in
2496 2319 2604 2375 quo
2641 2305 2879 2374 Spiritus
2913 2303 3123 2358 habitat
3163 2302 3246 2366 ⁸⁸,
3275 2302 3369 2372 qui
3403 2309 3576 2354 totam

1997 2396 2088 2450 Dei
2125 2411 2190 2448 ae
2255 2395 2433 2450 Patris
2486 2404 2542 2449 et
2605 2394 2860 2450 similiter
2914 2393 3192 2464 Unigeniti
3261 2393 3572 2450 naturalem

1994 2485 2379 2552 preprietatem
2402 2481 2514 2552 94
2534 2482 2588 2534 in
2620 2496 2678 2536 se
2701 2481 2904 2535 habet?
2922 2479 3057 2533 Nam
3083 2481 3356 2548 quomodo
3383 2494 3570 2534 verum
3627 2488 3634 2493 '

1992 2573 2097 2627 erit
2134 2571 2278 2640 quod
2311 2587 2339 2624 ιι
2365 2571 2652 2625 Salvatore
2681 2569 2882 2624 dicitur
2919 2587 2931 2622 :
2972 2586 2990 2619 ι
3023 2568 3080 2630 Si
3106 2569 3227 2639 quis
3253 2567 3430 2639 diligit
3463 2583 3571 2628 me.

1994 2677 2302 2717 sermonem
2354 2677 2534 2716 meum
2587 2660 2852 2722 servabit,
2904 2667 2960 2715 et
2998 2658 3157 2713 Pater
3189 2673 3342 2713 meus
3389 2657 3577 2726 diliget

1993 2766 2140 2814 eum,
2177 2756 2231 2804 et
2255 2749 2317 2802 ad
2347 2764 2469 2804 eum
2505 2748 2807 2814 veniemus,
2829 2755 2882 2802 et
2911 2747 3250 2802 mansionem
3275 2744 3418 2815 apud
3449 2759 3572 2799 eum

1996 2841 2313 2896 faciemus“
2337 2879 2352 2904 ,
2379 2859 2396 2891 ι
2431 2855 2552 2892 cum
2576 2839 2814 2908 Spiritus
2848 2841 2919 2894 sit
2944 2839 3038 2908 qui
3062 2838 3273 2891 habitat
3306 2837 3359 2889 in
3396 2835 3576 2898 nobis,

1995 2942 2048 2986 et
2082 2946 2176 3000 per
2212 2931 2392 2998 ipsum
2431 2929 2630 2983 habere
2667 2943 2767 2982 nos
2816 2926 3035 2982 Patrem
3072 2926 3236 2982 simul
3279 2933 3333 2981 et
3379 2923 3572 2979 Filium

307 3027 534 3096 Πατρός
565 3025 658 3096 τὴν
687 3026 922 3096 φυσικὴν
952 3025 1211 3096 ἰδιότητα,
1236 3027 1328 3080 καὶ
1369 3026 1570 3096 ὁμοίως
1598 3025 1690 3078 τοῦ
1721 3027 1895 3080 Μονο-

2000 3023 2309 3081 credamus,
2341 3021 2798 3090 quemadmodum
2841 3021 2958 3090 ipse
2987 3034 3211 3090 quoque
3243 3033 3437 3073 rursus
3481 3017 3553 3071 ali

307 3116 539 3186 γενοῦς;
576 3117 726 3169 Ἐπεὶ
750 3115 866 3179 πῶς
893 3116 1181 3188 ἀληθεύσει
1212 3116 1384 3185 λέγων
1413 3118 1441 3169 6
1473 3117 1687 3188 Σωτὴρ,
1721 3135 1740 3168 ι
1772 3117 1897 3170 Ἐάν

312 3226 404 3272 τις
433 3209 625 3278 ἀγαπᾷ
657 3225 744 3279 με,
768 3208 861 3260 τὸν
891 3207 1054 3276 λόγον
1094 3225 1194 3272 μου
1238 3210 1486 3280 τηρήσει,
1519 3208 1611 3261 καὶ
1651 3210 1681 3261 6
1714 3208 1903 3279 Πατήρ

309 3318 421 3370 μου
446 3301 726 3370 ἀγαπήσει
774 3299 958 3364 αὑτὸν,
1004 3299 1098 3353 καλ⁹
1153 3298 1288 3369 πρὸς
1345 3299 1509 3354 αὐτὸν
1550 3298 1902 3368 ἐλευσόμεθα,

307 3388 411 3440 καὶ
438 3388 496 3440 ὲν
526 3386 672 3457 αὐτῷ
714 3387 1119 3456 καταλύσομεν;
1152 3387 1372 3441 »Καίτοι
1413 3387 1475 3440 τὸ
1512 3387 1736 3460 Πνεῦμά
1789 3390 1904 3442 ἐστι

306 3479 373 3531 τὸ
397 3475 686 3531 κατοικοῦν
714 3479 772 3529 ὲν
798 3477 950 3546 ἡμῖν,
982 3478 1075 3529 καὶ
1105 3475 1172 3528 δι’
1199 3475 1366 3529 αὐτοῦ
1398 3474 1730 3546 πίστεύομεν
1761 3476 1903 3546 ἔχειν

307 3569 437 3638 ἅμα
463 3567 560 3620 τὸν
592 3566 814 3637 Πατέρα
865 3565 1072 3619 καὶτὸν
1111 3565 1253 3631 Υῑδν,
1286 3565 1533 3636 καθάπερ
1559 3562 1651 3620 οὖν
1677 3566 1782 3638 ἔφη
1811 3567 1904 3621 καὶ

305 3659 476 3722 αὐτός
511 3676 613 3711 που
650 3659 810 3712 πάλιν
841 3659 870 3709 6
914 3655 1169 3728 Ἰωάννης
1215 3659 1272 3710 ὲν
1315 3655 1689 3722 Ἐπιστολαῖς·
1750 3677 1769 3710 ι
1815 3658 1903 3711 Ἐν

305 3754 488 3823 τούτῳ
517 3752 877 3822 γινώσκομεν,
908 3752 992 3806 ὅτι
1040 3753 1100 3805 ἑν
1145 3750 1294 3822 αὑτῷ
1328 3752 1581 3821 μένομεν,
1619 3750 1714 3803 καὶ
1745 3751 1906 3813 αὐτὸς

307 3846 372 3896 ἐν
406 3845 562 3914 ἡμῖν,
593 3845 676 3897 ὅτι
708 3845 773 3896 ἐκ
795 3842 888 3896 τοῦ
921 3841 1237 3912 Πνεύματος
1266 3842 1430 3896 αὑτοῦ
1458 3841 1660 3896 ἔδωκεν
1688 3843 1841 3913 ἡμῖν.
1879 3859 1898 3894 ι

309 3936 441 3998 Πῶς
469 3935 530 3988 δὲ
558 3935 696 3997 ὅλως
716 3934 809 3988 καὶ
831 3932 967 3987 Θεοῦ
1000 3933 1325 4004 κεκλήσεται
1371 3933 1617 4004 Πνεῦμα,
1657 3935 1705 3985 εἰ
1743 3932 1815 4004 μὴ
1847 3932 1904 3998 ἐξ

309 4024 485 4079 αὑτοῦ
539 4026 632 4076 καὶ
660 4026 718 4076 ὲν
747 4022 896 4092 αὐτῷ
927 4021 1071 4075 κατὰ
1097 4021 1260 4090 φύσιν
1305 4021 1442 4085 ἐστὶ,
1487 4021 1582 4072 καὶ
1621 4019 1706 4072 διὰ
1749 4023 1907 4071 τοῦτο

305 4115 488 4179 Θεός;
537 4115 597 4167 Et
646 4114 755 4184 γὰρ
794 4113 1061 4183 ὑπάρχον,
1087 4111 1162 4176 ὡς
1210 4109 1412 4171 ἐκεῖνοί
1465 4126 1618 4178 φασι,
1657 4109 1904 4178 γενητὸν,

235 4259 244 4270 ,
312 4204 544 4274 πνεῦμά
570 4208 685 4259 ἐστι
731 4204 824 4259 τοῦ
855 4203 1012 4270 Θεοῦ,
1059 4202 1121 4255 τὸ
1165 4203 1374 4254 κωλύον
1424 4199 1580 4254 οὐδὲν
1619 4198 1907 4267 πνεύματα

307 4296 453 4351 Θεοῦ
490 4299 582 4351 καὶ
625 4299 694 4352 τὰ
723 4298 858 4353 ἄλλα
894 4296 1178 4350 καλεῖσθαι
1224 4295 1536 4364 ποιήματα·
1576 4291 1772 4361 φθάσει
1797 4292 1905 4362 γὰρ

2005 3114 2129 3169 cubi
2162 3113 2408 3168 Joannes
2451 3113 2505 3166 in
2541 3111 2801 3182 Epistolis
2835 3113 2952 3166 ait:
2995 3129 3014 3162 ι
3053 3112 3112 3165 in
3164 3112 3267 3166 hoc
3293 3109 3580 3181 cognosci-

2005 3223 2146 3273 mus,
2177 3205 2432 3274 quoniam
2466 3205 2518 3259 in
2557 3205 2676 3273 ipso
2707 3219 3016 3269 manemus,
3067 3211 3123 3258 et
3161 3202 3278 3273 ipse
3311 3201 3366 3256 in
3398 3201 3579 3263 nobis,

2003 3298 2260 3368 quoniam
2292 3296 2359 3350 de
2390 3293 2594 3365 Spiritu
2630 3311 2730 3350 suo
2763 3293 2914 3349 dedit
2941 3294 3102 3349 nobis
3130 3293 3196 3347 δ’.
3239 3311 3257 3343 ι
3293 3289 3582 3359 Quomodo

2003 3407 2154 3454 vero,
2190 3404 2376 3459 qumso
2398 3429 2412 3452 ,
2453 3386 2695 3458 Spiritus
2735 3401 2953 3457 quoque
2988 3383 3080 3440 Dei
3111 3384 3418 3449 vocabitur,
3473 3380 3582 3436 nisi

2003 3497 2066 3537 ex
2103 3483 2224 3552 ipso
2246 3481 2375 3536 etin
2409 3481 2528 3550 ipso
2563 3479 2865 3534 secundum
2897 3485 3150 3531 naturam
3180 3475 3271 3540 sit,
3296 3489 3360 3528 ac
3392 3473 3582 3543 proin-

2003 3573 2073 3630 de
2105 3573 2284 3628 Deus?
2324 3571 2381 3625 Si
2418 3571 2560 3626 enim
2599 3581 2812 3625 creatus
2841 3585 2966 3624 eum
3009 3568 3102 3632 sit,
3140 3575 3200 3621 ut
3251 3566 3328 3620 illi
3368 3565 3582 3626 volunt,

2006 3663 2098 3718 Dei
2145 3672 2327 3718 tamen
2382 3672 2465 3718 est
2522 3661 2797 3731 spiritus:
2852 3661 2988 3714 nihil
3046 3662 3230 3714 obstat
3288 3657 3583 3726 quominus

2005 3757 2140 3810 alias
2172 3769 2392 3826 quoque
2439 3763 2723 3807 creaturas
2765 3751 2996 3821 spiritus
3046 3749 3141 3803 Dei
3193 3762 3473 3803 vocemus.
3525 3746 3583 3798 Id

2002 3847 2149 3901 enim
2191 3847 2245 3899 in
2276 3861 2371 3899 eas
2400 3845 2588 3914 utique
2618 3843 2816 3896 cadere
2849 3843 3074 3911 poterit,
3117 3841 3160 3893 si
3191 3836 3436 3908 profecto
3467 3834 3581 3888 ﬁeri

2004 3942 2183 4005 potest
2221 3941 2279 3987 ut
2308 3944 2489 3988 creata
2539 3932 2846 3988 substantia
2888 3933 2958 3987 sit
2987 3931 3218 4003 spiritus
3253 3929 3366 3983 Dei.
3419 3927 3582 3980 Plura

2005 4025 2224 4095 quidem
2255 4033 2401 4079 certe
2428 4024 2516 4078 hic
2542 4032 2728 4079 essent
2753 4022 2984 4076 dicenda
3010 4063 3025 4087 ,
3057 4029 3110 4076 et
3138 4019 3368 4091 longiori
3401 4019 3584 4086 dispu-

2009 4117 2214 4170 tatione
2267 4115 2561 4171 evertenda
2616 4119 2764 4168 esset
2819 4112 3204 4167 haereticorum
3264 4106 3583 4163 temeritas:

2007 4207 2100 4262 sed
2129 4223 2253 4261 cum
2285 4208 2353 4262 de
2400 4215 2590 4262 sancto
2638 4205 2851 4276 Spiritu
2898 4205 2953 4258 in
3004 4203 3148 4256 libro
3200 4200 3277 4253 De
3325 4197 3588 4253 Trinitate

2006 4299 2117 4368 jam
2176 4297 2393 4354 abunde
2457 4297 2910 4361 tractaverimus,
2958 4294 3116 4365 plura
3164 4290 3350 4345 dicere
3400 4301 3589 4356 super-

312 4396 415 4448 καὶ
440 4397 528 4448 ἐπ’
552 4394 689 4451 αὐτὰ
725 4393 951 4462 δυνάμει
979 4390 1040 4447 τὸ
1063 4391 1314 4460 πρᾶγμα,
1345 4388 1502 4458 εἴπερ
1530 4385 1668 4448 ὅλως
1696 4386 1907 4456 ἐνδέχε·
1940 4383 1988 4443 1)
2015 4389 2349 4444 scdebimus.

311 4507 407 4544 ται
440 4489 677 4558 γενητὴν
708 4487 895 4540 οὐσίαν
921 4482 1137 4554 πνεῦμα
1174 4482 1440 4551 ὑπάρχειν
1470 4476 1564 4531 τοῦ
1598 4477 1754 4530 Θεοῦ.
1786 4479 1892 4532 Καὶ
1932 4477 1998 4553 ἦν
2044 4480 2143 4550 μὲν
2187 4481 2357 4543 ὅντως
2407 4477 2719 4542 ἀκόλουθον,
2775 4478 2983 4550 μακρὸν
3026 4474 3120 4529 ἐπὶ
3184 4472 3395 4534 τούτοις
3461 4469 3592 4522 ἀναο

315 4581 519 4644 πτύξαι
567 4581 745 4648 λόγον,
787 4579 883 4632 καὶ
929 4576 1018 4630 διὰ
1076 4577 1339 4630 πλειόνων
1391 4573 1770 4642 ὰὼλεσχῆσαι,
1836 4573 1935 4637 τὰς
1972 4576 2080 4629 τῶν
2143 4574 2371 4628 ἀνοσίων
2416 4573 2706 4647 αἱρετικῶν
2733 4573 3134 4644 ἀνατρέποντας
3164 4566 3455 4630 ἀδουλίαςο
3490 4564 3594 4632 ἀρ·-

313 4673 634 4736 κούντωςδὲ
661 4674 761 4744 ήδη
791 4671 1120 4740 διειληφότες
1143 4669 1232 4722 διὰ
1257 4667 1351 4722 τοῦ
1380 4668 1535 4737 ἁγίου
1580 4665 1917 4735 Πνεύματος,
1959 4669 2017 4721 ἐν
2047 4668 2126 4740 τῷ
2171 4669 2310 4738 Περὶ
2347 4667 2454 4736 τῆς
2502 4667 2678 4738 ἁγίας
2752 4665 2992 4734 Τριάδος
3064 4661 3270 4733 Βιϐλίῳ,
3319 4659 3383 4712 τὸ
3427 4653 3594 4713 πολλὰ

313 4766 501 4834 λέγειν
539 4765 644 4825 ἔτι,
679 4765 850 4819 διάτοι
883 4761 1043 4816 τοῦτο
1072 4761 1415 4832 παρήσομεν.

383 4857 498 4913 Καὶ
531 4861 565 4911 ό
592 4863 782 4926 Λόγος
804 4855 964 4924 σὰρξ
992 4854 1248 4924 ἐγένετο.

388 4947 727 5018 Εἰτσέῦηκεν
755 4947 856 5018 ήδη
897 4944 1152 5018 καθαρῶς
1185 4943 1274 4998 διὰ
1313 4943 1501 4997 τούτου
1541 4942 1620 5006 εἰς
1652 4941 1744 4995 τδν
1771 4941 1900 5014 περὶ

314 5039 418 5111 τῆς
447 5039 908 5110 ὲνανθρωπήσεως
933 5037 1110 5106 λόγον.
1147 5037 1269 5089 Ὅτι
1301 5033 1411 5105 γὰρ
1434 5031 1566 5095 Υἱὸς
1608 5030 1899 5102 ἀνθρώπου

318 5133 509 5203 γέγονὲ
543 5149 603 5184 τε
663 5131 764 5202 ἤδη
807 5129 901 5183 καὶ
949 5129 1353 5200 κεχρημάτικεν
1388 5129 1416 5179 6
1451 5123 1780 5195 Μονογενὴς,
1813 5122 1900 5186 ἐξ-

315 5227 532 5294 ηγεῖται
569 5223 789 5291 σαφῶςο
831 5221 1083 5292 σημαίνει
1113 5217 1220 5290 γὰρ
1261 5217 1434 5280 τοῦτο,
1468 5218 1562 5269 καλ⁸
1598 5215 1784 5288 ἕτερον
1815 5213 1908 5266 οὐ·

317 5316 434 5380 δὲν,
459 5314 522 5368 τό
550 5315 731 5384 σάρκα
755 5313 1006 5382 γενέσθαι
1031 5315 1123 5365 τὸν
1146 5311 1315 5379 Λόγον
1341 5309 1512 5363 εἰπεῖν
1531 5325 1543 5337 ·
1566 5309 1746 5378 ὅμοιον
1775 5305 1907 5376 γὰρ,

313 5408 393 5470 ὡς
441 5409 488 5459 εἰ
522 5409 616 5460 καὶ
653 5405 986 5474 γυμνότερον
1027 5403 1286 5472 ἔφασκεν,
1337 5399 1396 5453 '0
1433 5399 1603 5468 Λόγος
1632 5400 1917 5468 ἄνθρωπος

317 5500 558 5568 ἐγένετο.
587 5497 826 5552 Ξένονδὲ
855 5497 1017 5551 πάλιν
1045 5498 1194 5567 ἡμῖν.
1221 5493 1253 5565 ἢ
1284 5491 1547 5562 ἀσύνηθες
1581 5491 1730 5543 οὐδὲν
1758 5489 1900 5542 οὓτω

2073 4847 2132 4911 Ι,
2166 4847 2252 4901 14.
2292 4844 2358 4899 Et
2403 4844 2628 4900 Verbum
2677 4857 2802 4895 caro
2833 4839 3033 4908 factum
3070 4843 3173 4890 est.

2073 4940 2272 5009 Aperte
2303 4938 2520 4993 detnum
2566 4936 2652 4990 his
2701 4933 2883 4989 verbis
2935 4927 3333 4985 incarnationis
3381 4939 3585 4980 sermo-

2007 5047 2130 5086 nem
2156 5030 2480 5101 ingreditur.
2530 5027 2690 5081 Clare
2734 5025 2880 5081 enim
2911 5023 3070 5078 docet
3120 5019 3316 5073 Filium
3354 5015 3594 5070 hominis

2013 5122 2216 5176 factum
2270 5131 2322 5175 et
2371 5120 2704 5190 appellatum
2752 5131 2875 5172 esse
2923 5111 3299 5184 Unigenitum.
3342 5107 3400 5162 ld
3451 5107 3594 5160 enim

2014 5211 2288 5282 signiﬁcat
2321 5210 2451 5263 illud
2501 5207 2650 5278 quod
2687 5207 2787 5272 ait,
2842 5203 3082 5260 Verbum
3118 5197 3340 5255 carne’m
3393 5198 3596 5251 factum

2018 5319 2158 5358 esse.
2194 5303 2337 5356 idem
2387 5300 2531 5355 enim
2582 5305 2669 5352 est
2725 5311 2791 5350 ac
2841 5295 2888 5350 si
2929 5295 3156 5354 diceret,
3189 5288 3429 5344 Verbum
3477 5303 3597 5343 esse

2025 5395 2226 5448 factum
2250 5393 2544 5446 hominem.
2580 5388 2734 5456 Quod
2766 5401 2890 5441 eum
2927 5385 3025 5449 ait,
3054 5382 3190 5436 nihil
3224 5380 3384 5435 nobis
3423 5380 3596 5434 inusi-

2011 5495 2181 5541 tatum
2219 5493 2309 5539 aut
2357 5483 2703 5554 peregrinum
2731 5476 2951 5550 ingerit,
2983 5489 3108 5529 cum
3153 5471 3479 5544 plerumque
3513 5469 3597 5524 di-

395 5617 491 5667 ”l
545 5617 672 5668 Cor.
719 5630 791 5681 vi,
849 5620 938 5669 t9.
1014 5616 1056 5646 ³⁸
1093 5613 1260 5670 law-it.
1320 5626 1465 5674 κινι,
1519 5607 1689 5675 1·Ξ;11
1743 5609 1864 5662 (lor.

2023 5605 2104 5660 l6.
2186 5601 2392 5659 "Rom.
2421 5616 2538 5666 \‘lil,
2571 5601 2620 5654 l.
2699 5599 2740 5630 ‘°
2767 5595 2782 5649 Ι
2806 5595 2932 5652 Cor.
2970 5610 3052 5660 ιιι,
3082 5593 3168 5658 15,
3202 5589 3286 5648 16.
3366 5590 3405 5622 δ’
3439 5586 3597 5642 Joau.

331 5699 450 5744 ιιν,
504 5689 596 5738 23.
669 5687 712 5717 δ’
745 5685 766 5750 1
800 5683 958 5746 Joan,
995 5701 1062 5744 ιν.
1097 5685 1156 5737 Ιῗῖ
