4072 6210
515 304 615 360 I59

1541 312 1596 370 S.
1635 311 1908 372 εγιιιιω
1947 316 2415 373 ALEXANDRINI
2456 319 2777 380 ARCIHEP.

3669 329 3761 384 ten

509 424 634 478 vina
661 423 946 497 Scriptura
980 431 1151 485 solius
1172 431 1356 487 carnis
1391 434 1658 489 vocabulo
1679 443 1852 490 totum
1883 439 2079 492 animal

2184 438 2356 506 λέγων
2394 439 2657 510 εἰσφέρει,
2711 439 2968 504 πολλάκις
3012 443 3110 512 τῆς
3163 443 3312 507 θείας
3361 443 3610 529 Γραφῆς,
3671 447 3763 500 καὶ

507 515 796 585 signiﬁcet,
833 518 989 585 juxta
1021 521 1149 574 illud
1203 522 1349 590 quod
1391 524 1533 593 apud
1578 524 1785 581 Joelem
1819 530 2083 598 scriptum

504 614 636 660 est:
692 625 711 658 ι
753 608 1040 664 Eﬂ‘undam
1091 612 1160 668 de
1209 613 1419 684 Spiritu
1480 630 1603 670 meo
1652 633 1820 686 super
1867 635 2085 674 omnem

505 711 730 753 carnem
767 699 830 752 ⁸³.
874 719 892 750 ι
929 700 1114 768 Neque
1149 719 1276 759 vero
1321 705 1620 775 putandum
1648 717 1732 763 est
1767 713 2086 780 prephetam

505 785 688 842 dicere
738 787 1052 846 inanimatae
1084 803 1136 848 et
1168 795 1281 862 soli
1325 797 1580 851 humanas
1634 800 1790 854 carni
1838 800 2088 857 divinum

506 877 915 947 suppeditatum
951 883 1016 937 iri
1047 883 1313 954 Spiritum
1349 907 1363 942 :
1403 888 1484 942 sic
1521 889 1668 943 enim
1716 891 1947 946 ridicula
1979 892 2086 947 erit

507 967 596 1019 illa
631 968 1028 1038 interpretatio.
1075 971 1181 1028 Sed
1227 991 1292 1029 ex
1340 986 1495 1046 parte
1539 987 1713 1034 totum
1744 983 2082 1050 complexus,

507 1059 727 1115 nomine
759 1063 944 1118 carnis
971 1065 1242 1134 signiﬁcat
1272 1068 1577 1138 hominem;
1608 1074 1753 1142 quod
1791 1075 1947 1130 aliter
1971 1074 2084 1131 ﬁeri

506 1165 612 1206 non
649 1154 957 1222 Oportebat.
993 1155 1168 1222 Quam
1206 1168 1388 1214 autem
1445 1162 1515 1216 ob
1554 1179 1802 1229 causam,
1857 1182 2086 1224 necesse

502 1249 607 1303 est.
650 1252 709 1297 ut
745 1246 977 1311 videtur,
1013 1250 1310 1319 explicare.
1347 1251 1444 1307 Est
1482 1254 1654 1325 igitur
1687 1258 1854 1313 homo
1912 1262 2084 1316 ratio-

504 1332 630 1385 nale
675 1334 892 1402 quidem
948 1338 1172 1403 animal,
1222 1340 1318 1395 sed
1368 1345 1731 1414 compositum
1783 1363 1850 1401 ex
1900 1351 2084 1405 anima

504 1419 761 1474 nimirum
817 1431 870 1476 et
913 1423 1012 1478 hac
1053 1425 1230 1496 fragili
1274 1439 1436 1500 atque
1472 1441 1687 1488 terrena
1729 1449 1915 1492 carne.
1945 1437 2082 1493 Gum

504 1519 686 1564 autem
723 1512 896 1568 factus
927 1516 998 1569 sit
1038 1532 1066 1569 a
1101 1517 1232 1582 Deo,
1267 1529 1321 1575 et
1351 1522 1404 1575 in
1452 1534 1632 1578 ortum
1681 1525 1936 1596 eductus,
1969 1546 2081 1586 non

506 1601 714 1657 habens
739 1620 805 1658 ex
845 1614 1038 1661 natura
1068 1624 1169 1663 sua
1210 1618 1270 1664 ut
1297 1613 1372 1667 sit
1406 1614 1843 1687 i-ncorruptibilis
1882 1630 1936 1675 et
1982 1623 2080 1683 im,-

504 1694 754 1750 mortalis
805 1697 953 1764 (haec
994 1701 1140 1754 enim
1183 1703 1283 1757 soli
1331 1703 1438 1760 Deo
1483 1707 1590 1790 95
1640 1710 2084 1770 substantialiter

2185 531 2294 584 ἀπὸ
2339 530 2508 600 μόνης
2542 531 2640 601 τῆς
2680 533 2899 598 σαρκὸς,
2940 532 3056 586 ὅλον
3087 534 3465 605 ἀποκαλούσης
3508 536 3567 588 τὸ
3603 534 3761 601 ζῶον,

2183 623 2326 676 κατά
2363 622 2423 675 τὸ
2466 622 2526 675 ἐν
2566 621 2644 692 τῷ
2701 625 2954 696 προφήτῃ
2996 624 3244 696 κείμενον
3283 625 3458 697 Ἰωήλ·
3488 643 3507 678 ι
3557 626 3761 696 Ἐκχεῶ

2186 715 2292 768 ἀπὸ
2349 714 2443 768 τοῦ
2490 716 2805 787 Πνεύματός
2851 736 2952 788 μου
3003 719 3095 772 ἐπὶ
3135 723 3312 775 πᾶσαν
3362 721 3572 792 σάρκα’
3610 741 3628 772 ι
3667 720 3764 776 καὶ

2185 808 2245 859 οὐ
2295 807 2467 878 δήπου
2523 809 2813 880 νομιοῦμεν
2867 809 3057 887 ἀψύχῳ
3103 811 3200 865 καὶ
3246 810 3393 884 μόνῃ¹
3419 814 3496 887 τῇ.
3554 811 3761 883 ἀνθρω-

2190 897 2316 968 πεία
2355 903 2517 967 σαρκὶ
2543 899 2604 952 τὸ
2631 898 2772 952 θεῖον
2809 883 3208 973 χορησξῆσεσθαι
3243 883 3467 974 Πνεῦμα
3493 885 3597 962 ’τὸν
3628 920 3759 976 προσ

2186 991 2360 1061 φήτην
2398 993 2603 1044 εἰπεῖν’
2657 994 2944 1062 ἀμοιρήσει
2983 993 3092 1064 γὰρ
3131 993 3276 1047 οὕτω
3306 995 3645 1067 γελοιότητος
3667 998 3761 1051 ού-

2183 1079 2370 1148 δαμῶς
2395 1080 2457 1146 τὸ
2477 1079 2804 1152 δηλούμενον
2823 1122 2836 1140 ,
2870 1081 2982 1134 ἀλλ’
3013 1085 3076 1136 ὲκ
3105 1083 3304 1153 μέρους
3327 1083 3386 1136 τὸ
3416 1083 3534 1138 ὅλον
3563 1083 3760 1139 συλλα-

2185 1168 2317 1233 ϐὼν,
2347 1171 2455 1223 ἀπὸ
2478 1171 2576 1241 τῆς
2605 1172 2804 1243 σαρκὸς
2839 1172 3092 1244 ὀνομάζει
3125 1172 3216 1236 τὸν
3239 1170 3542 1244 ἄνθρωπον,
3569 1175 3673 1240 ἔδει
3705 1175 3760 1230 δὲ

2187 1261 2388 1333 μᾶλλον
2417 1262 2577 1326 οὕτω,
2612 1263 2704 1316 καὶ
2738 1265 2838 1334 οὐχ
2869 1264 3070 1336 ἑτέρως
3089 1280 3105 1297 ⁸
3135 1265 3228 1319 καὶ
3257 1265 3346 1318 διὰ
3373 1265 3528 1329 ποίαν
3558 1267 3758 1333 αἰτίαν,

2183 1354 2501 1421 ἀναγκαῖον,
2556 1353 2631 1417 ὼς
2662 1354 2854 1415 ἔοικεν,
2905 1356 3079 1408 εἰπεῖν
3105 1372 3119 1386 ο
3156 1356 3312 1408 Ἔστι
3345 1357 3522 1409 τοίνυν
3549 1357 3759 1425 λογικὸν

2187 1440 2306 1511 μὲν,
2336 1441 2584 1495 σύνθετον
2603 1441 2658 1495 δὲ
2683 1441 2820 1506 ζῶον
2849 1443 2877 1495 ὁ
2906 1443 3211 1515 ἄνθρωπος,
3236 1446 3300 1497 ὲκ
3320 1445 3496 1516 ψυχῆς
3519 1447 3758 1516 δηλονότι

2183 1533 2276 1586 καὶ
2304 1533 2401 1603 τῆς
2433 1533 2697 1604 ὲπικήρου
2725 1533 2927 1604 ταύτης
2958 1537 3048 1590 καὶ
3079 1536 3272 1608 γηῖνης
3317 1539 3542 1609 σαρκός.
3583 1538 3759 1592 Ἐπει-

2181 1623 2247 1696 δὴ
2275 1624 2332 1677 δὲ
2363 1625 2625 1696 πεποίητο
2649 1625 2798 1697 ποιρά
2833 1625 2969 1687 Θεοῦ
2991 1667 3006 1691 ,
3041 1627 3134 1681 καὶ
3166 1629 3418 1700 παρήχθη
3452 1629 3586 1701 πρὸς
3609 1629 3760 1697 γένεο

2185 1732 2297 1781 σιν,
2349 1717 2449 1770 ούκ
2489 1717 2626 1788 ἔχων
2659 1719 2715 1784 ἐξ
2753 1717 2960 1782 οἰκείας
3014 1719 3228 1788 φύσεως
3273 1721 3334 1773 τό
3391 1739 3450 1774 τε
3484 1719 3760 1790 ἄφθαρτον

503 1782 739 1856 insunt),
774 1789 1099 1858 obsignatus
1125 1801 1208 1849 est
1246 1797 1368 1851 vitae
1395 1782 1617 1868 spiritu,
1655 1803 1977 1862 habitudine
2008 1809 2073 1862 ad

2182 1808 2273 1860 καὶ
2299 1782 2598 1880 ἀνώλεθρον
2648 1782 2816 1882 (μόνῳ
2844 1809 2950 1880 γὰρ
2975 1782 3147 1864 ταῦτα
3176 1782 3464 1882 πρόσεστιν
3484 1782 3758 1875 ούσιωδῶς

505 1874 672 1930 Deum
707 1878 908 1934 bonum
951 1884 1096 1951 quod
1137 1895 1392 1942 naturam
1434 1892 1650 1948 excedit
1699 1908 2074 1956 consecutus:

512 1987 530 2019 (
571 1967 872 2026 lnsuliiarit
915 1975 1082 2040 enim,
1125 1995 1143 2027 ι
1183 1978 1380 2060 inquit,
1421 2001 1439 2033 ι
1476 1983 1528 2038 in
1583 1984 1776 2044 faciem
1810 1989 1929 2058 ejus
1963 1991 2080 2060 spi-

503 2060 755 2114 racuium
780 2064 926 2130 vitae,
961 2076 1011 2119 et
1033 2067 1210 2124 fact-us
1241 2058 1325 2126 est
1347 2071 1512 2128 homo
1543 2075 1596 2128 in
1620 2065 1866 2133 animam
1893 2083 2080 2137 viven-

504 2160 611 2206 tem
635 2153 700 2206 “.
745 2173 764 2204 ι
799 2154 937 2210 Cum
975 2167 1157 2214 autem
1190 2161 1261 2216 ob
1292 2168 1794 2234 transgressionem
1855 2174 2081 2240 punitus

505 2241 689 2308 fuerit,
729 2264 746 2297 ι
798 2245 970 2302 Terra
1007 2264 1088 2316 es,
1143 2260 1197 2306 et
1255 2252 1309 2306 in
1372 2264 1574 2310 terram
1629 2262 1921 2317 reverteris
1945 2265 2012 2326 “,
2053 2282 2072 2316 ι

498 2334 622 2403 jure
663 2343 793 2392 tunc
823 2340 1078 2407 audiens,
1114 2344 1293 2414 gratia
1317 2346 1556 2404 nudatus
1581 2358 1689 2417 est,
1722 2361 1775 2406 et
1800 2369 1830 2408 a
1860 2361 2076 2410 terrena

499 2439 667 2483 carne
699 2439 702 2442 '
732 2433 957 2486 recessit
1005 2434 1344 2503 spiraculum
1381 2440 1526 2504 vitae,
1565 2442 1666 2504 hoc
1721 2456 1803 2499 est
1840 2445 2078 2517 Spiritus

501 2519 622 2587 ejus
663 2523 754 2591 qui
809 2524 984 2580 dicit:
1019 2545 1037 2576 ι
1074 2525 1188 2597 Ego
1221 2544 1341 2583 sum
1381 2533 1495 2586 vita
1518 2534 1584 2598 “,
1624 2554 1640 2586 ι
1670 2543 1723 2591 et
1781 2540 1984 2596 animal
2023 2542 2079 2606 in

503 2621 733 2668 mortem
763 2631 859 2685 per
897 2618 1078 2683 solam
1117 2633 1362 2689 carnem,
1409 2624 1606 2681 incidit
1671 2629 2080 2698 immortalitate

498 2705 698 2760 animae
731 2718 972 2775 servata,
1006 2713 1269 2780 quoniam
1300 2714 1369 2770 ad
1401 2717 1572 2773 solam
1607 2735 1830 2787 carnem
1861 2740 2080 2797 quoque

499 2792 706 2848 dictum
728 2805 846 2851 est:
885 2816 904 2849 ‹
945 2797 1119 2854 Terra
1152 2817 1235 2869 es,
1269 2814 1324 2859 et
1356 2806 1411 2862 in
1454 2815 1658 2864 terram
1695 2792 2013 2880 reverteris:
2051 2834 2072 2867 ι

500 2886 762 2957 Oportuit
791 2904 924 2961 ergo
961 2891 1014 2947 id
1045 2895 1190 2963 quod
1217 2897 1271 2958 in
1308 2897 1530 2962 homine
1565 2902 1812 2972 periculo
1842 2909 2078 2964 maxime

500 2978 797 3035 obnoxium
832 2989 972 3048 erat,
1011 2989 1422 3062 quamprimum
1473 2999 1706 3061 servari,
1752 3005 1806 3052 et
1839 3000 2078 3068 conjun-

505 3069 686 3125 ctione
717 3086 841 3126 cum
875 3077 1115 3130 naturali
1153 3078 1264 3132 vita
1291 3080 1357 3135 ad
1406 3081 1868 3144 immortalitatem
1918 3105 2075 3150 revo-

501 3160 635 3214 cari.
673 3159 928 3233 Oportuit
961 3167 1010 3221 id
1031 3168 1180 3238 quod
1204 3185 1406 3242 agrum
1437 3183 1576 3236 erat,
1600 3178 1790 3232 morbo
1819 3177 2071 3243 liberari:

499 3250 756 3323 Oportuit
789 3272 1010 3332 cessare
1046 3260 1264 3316 tandem
1302 3263 1476 3321 illud:
1519 3286 1537 3319 ι
1578 3266 1746 3325 Terra
1782 3287 1863 3338 es,
1915 3283 1970 3330 et
2021 3277 2074 3338 in

502 3354 704 3400 terram
754 3353 1067 3418 reverteris,
1103 3372 1120 3404 ι
1165 3353 1348 3412 Verbo
1385 3358 1647 3416 nimirum
1683 3367 1866 3419 omnia
1901 3369 2078 3423 vivitis

500 3438 646 3491 cauti
713 3439 976 3497 ineﬂ‘abili
1037 3446 1254 3503 ratione
1309 3464 1545 3520 corpore
1602 3455 1750 3522 quod
1801 3459 2079 3516 ceciderat

500 3529 677 3585 unito.
703 3530 940 3589 Docebat
964 3537 1166 3608 quippe
1185 3555 1434 3605 carnem,
1460 3552 1759 3615 postquam.
1779 3548 1900 3617 ejus
1936 3549 2078 3606 facta

499 3631 668 3688 esset,
707 3625 1142 3684 immortalitatis
1175 3632 1349 3701 ipsius
1381 3635 1499 3690 ﬁeri
1525 3637 1869 3708 participem.
1893 3639 2080 3711 Neque

505 3717 651 3776 enim
679 3733 708 3771 c
731 3728 1108 3777 mscntaneum
1138 3733 1286 3780 esset
1317 3723 1497 3792 ignem
1527 3728 1744 3785 virtutis
1776 3747 1889 3787 sua:
1920 3743 2080 3796 natu-

501 3807 978 3877 ralisqualitatem
1029 3815 1344 3872 sensibilem
1383 3816 1706 3887 imprimere
1760 3839 1919 3893 posse
1961 3843 2067 3888 may

500 3897 673 3961 terize,
713 3914 884 3972 eaque
931 3906 1325 3972 prOpemudum
1380 3906 1433 3962 in
1477 3925 1539 3964 se
1574 3917 1980 3982 transmutare,
2024 3919 2080 3973 in

503 3990 702 4058 quibus
742 4000 825 4046 est
859 4009 954 4062 per
985 3998 1466 4070 participationem
1501 4023 1512 4057 :
1541 4005 1862 4061 existimare
1895 4017 2079 4065 autem

504 4077 598 4132 Dei
626 4080 862 4137 Verbum
897 4087 1044 4155 quod
1077 4090 1291 4143 excedit
1318 4095 1524 4157 Omnia,
1559 4096 1749 4166 utique
1776 4112 1888 4158 non
1921 4114 2083 4167 posse

501 4175 786 4244 preprium
811 4178 916 4236 sibi
944 4195 1006 4244 ac
1047 4185 1297 4238 naturale
1335 4183 1561 4248 bonum,
1596 4188 1762 4242 vitam
1795 4189 2078 4255 nimirum,

500 4265 650 4318 carni
689 4265 898 4323 indere.
967 4268 1077 4339 liae
1130 4274 1300 4344 igitur
1333 4277 1569 4330 maxime
1601 4277 1669 4332 de
1727 4294 1896 4336 causa
1949 4289 2082 4351 puto

501 4365 753 4409 sanetum
807 4362 1204 4428 evangelistam
1245 4379 1273 4417 a
1307 4363 1695 4435 parte'aﬂ‘ecta
1731 4372 2078 4440 potissimum

2179 1896 2254 1968 τῷ
2304 1898 2465 1969 Θεῷ)·
2492 1900 2954 1968 κατεσφραγίζετο
2998 1900 3076 1972 τῷ
3125 1900 3394 1973 πνεύματι
3441 1902 3541 1972 τῆς
3586 1902 3756 1972 ζωῆς,

2183 1991 2362 2058 σχέσει
2388 1992 2454 2060 τῇ
2482 1989 2614 2058 πρὸς
2639 1989 2768 2043 Θεὸν
2789 1991 2960 2044 ἀποκε
2971 1993 3192 2062 ρδαίνων
3223 1994 3284 2046 τὸ
3317 1994 3451 2065 ὑπὲρ
3476 1993 3574 2064 τὴν
3595 1996 3756 2064 φύσιν

2181 2078 2384 2147 ἀγαθόν
2405 2097 2416 2108 ·
2461 2097 2476 2130 ι
2519 2080 2847 2150 Ἑνεφύσησε
2878 2081 3019 2154 γὰρ,
3055 2083 3247 2154 φησὶν,
3283 2085 3360 2147 είς
3381 2085 3442 2137 τὸ
3470 2085 3756 2155 πρόσωπον

2182 2170 2344 2223 αὐτοῦ
2389 2169 2552 2240 πνοὴν
2582 2170 2753 2240 ζωῆς,
2790 2178 2882 2227 καὶ
2920 2175 3136 2243 ἐγένετο
3164 2177 3192 2227 ὁ
3223 2175 3506 2246 ἄνθρωπος
3549 2179 3628 2240 εἰς
3649 2176 3759 2245 ψυ-

2181 2259 2279 2331 χὴν
2303 2260 2480 2323 ζῶσαν
2504 2277 2518 2292 ο
2552 2280 2569 2310 ι
2603 2262 2864 2333 ἐπειδὴδὲ
2890 2265 2976 2331 bid;
3000 2266 3096 2336 τὴν
3119 2266 3427 2340 παράϐασιν
3449 2267 3756 2331 ἐκολάζετο.

2181 2351 2265 2416 τὸ,
2313 2371 2329 2402 ι
2361 2353 2435 2424 Γῆ
2466 2352 2550 2416 εἰς,
2601 2353 2694 2405 καὶ
2730 2356 2809 2417 είς
2845 2355 2950 2428 γῆν
2981 2356 3254 2428 ἀπελεύσῃ
3275 2396 3289 2421 ,
3319 2376 3337 2408 ι
3387 2357 3506 2410 τότε
3538 2357 3758 2420 δικαίως

2181 2442 2392 2501 ἀκούων
2449 2443 2819 2517 ἀπεγυμνώθη
2859 2445 2956 2516 τῆς
2997 2447 3258 2518 χοίριτος⁸
3319 2450 3653 2507 ἀπανίστατο
3702 2448 3758 2502 δὲ

2179 2533 2273 2602 τῆς
2311 2533 2502 2602 γηῖνης
2537 2533 2792 2606 σαρκδςή
2829 2536 2963 2605 πνοὴ
3005 2537 3104 2606 τῆς
3130 2537 3294 2609 ζωῆς,
3331 2539 3473 2593 τοῦτ’
3501 2539 3650 2603 ἐστι,
3698 2539 3760 2596 τὸ

2181 2624 2400 2695 Πνεῦμα
2425 2626 2516 2678 τοῦ
2546 2626 2815 2694 λέγοντος,
2863 2647 2880 2679 ι
2939 2625 3080 2697 Ἐγώ
3112 2631 3226 2700 είμι
3330 2631 3463 2702 ζωὴ,
3496 2652 3514 2684 ι
3551 2633 3647 2685 καὶ
3672 2632 3759 2684 πίε

2180 2733 2302 2770 πτει
2340 2717 2400 2766 τὸ
2432 2715 2568 2781 ζῶον
2598 2719 2677 2782 είς
2717 2719 2942 2773 θάνατον
2970 2719 3056 2778 διὰ
3083 2722 3249 2792 μόνης
3277 2725 3376 2794 τῆς
3403 2724 3624 2794 σαρκὸς,
3657 2741 3762 2778 σω-

2179 2803 2411 2879 ζομένης
2440 2810 2498 2862 ὲν
2526 2809 2792 2880 ἀθανασίᾳ
2814 2812 2911 2881 τῆς
2934 2810 3132 2882 ψυχῆς,
3155 2813 3276 2865 ἐπεὶ
3301 2815 3394 2868 καὶ
3431 2815 3566 2886 πρὸς
3592 2815 3760 2886 μόνην

2179 2901 2362 2969 εἴρητο
2400 2898 2496 2968 τὴν
2527 2899 2704 2970 σάρκα
2731 2917 2743 2930 °
2787 2921 2803 2951 ι
2841 2900 2916 2970 Γῆ
2946 2895 3014 2964 εἴ,
3051 2904 3144 2954 καὶ
3167 2903 3248 2967 είς
3275 2904 3379 2974 γῆν
3407 2904 3704 2979 ἀπελεύσῃ.
3735 2924 3755 2958 ι

2183 2991 2332 3044 Ἔδει
2374 2991 2552 3043 τοίνυν
2584 2992 2644 3043 τὸ
2696 2991 2930 3062 μάλιστα
2966 2992 3318 3048 κινδυνεῦσαν
3367 2997 3424 3048 ὲν
3447 2996 3599 3066 ἡμῖν,
3632 3013 3760 3067 γορ-

2180 3079 2403 3151 γότερον
2437 3081 2847 3158 ἀνασώζεσθαι,
2899 3083 2992 3135 καὶ
3022 3084 3312 3156 συμπλοκῇ
3351 3087 3509 3140 πάλιν
3531 3090 3596 3158 τῇ
3625 3089 3759 3160 πρὸς

2179 3168 2323 3240 ζωὴν
2345 3172 2442 3240 τὴν
2465 3172 2605 3228 κατὰ
2637 3154 2816 3242 φύσιν,
2847 3173 3233 3237 ἀνακαλεῖσθαι
3266 3154 3402 3247 πρὸς
3432 3154 3758 3250 ἀφθαρσίαν.

2183 3261 2328 3314 Ἔδει
2356 3264 2415 3315 τὸ
2439 3264 2729 3329 πεπονθὸς,
2777 3261 2930 3328 λύσιν
2964 3265 3216 3338 εὑρέσθαι
3253 3267 3346 3320 τοῦ
3373 3270 3564 3328 κακοῦ.
3615 3272 3764 3328 Ἔδει

2177 3351 2359 3406 λοιπὸν
2386 3353 2642 3424 ἀτονῆσαι
2695 3354 2775 3417 τὸ,
2809 3373 2827 3404 ι
2861 3355 2932 3423 Γῆ
2961 3349 3031 3419 εἷ,
3053 3357 3148 3408 καὶ
3177 3359 3258 3422 εἰς
3285 3359 3387 3436 γῆν
3415 3360 3712 3435 ἀπελεύσῃ,
3737 3382 3758 3418 ο

2178 3443 2471 3508 ἑνωθέντος
2514 3446 2808 3518 ἀφράστως
2840 3446 2935 3509 τοῦ
2967 3450 3370 3519 προσπεσόντος
3402 3454 3650 3526 σώματος
3684 3457 3764 3528 τῷ

2179 3543 2354 3606 πάντα
2384 3545 2737 3614 ζωογονοῦντι
2765 3547 2939 3617 Λόγῳ.
2972 3548 3159 3619 Σάρκα
3185 3547 3293 3618 γὰρ
3330 3546 3439 3608 ἔδει
3467 3548 3764 3618 γενομένην

2180 3633 2367 3699 αὑτοῦ,
2401 3634 2500 3702 τῆς
2533 3635 2626 3688 ἀπ’
2655 3636 2820 3690 αὑτοῦ
2851 3640 3139 3707 μετασχεῖν
3165 3637 3464 3699 ἀθανασίας
3483 3654 3496 3668 ο
3533 3638 3625 3690 καὶ
3654 3639 3764 3708 γὰρ

2182 3724 2247 3778 ἂν
2277 3725 2360 3796 είη
2390 3724 2500 3778 τῶν
2521 3727 2886 3784 ἀτοπωτάτων
2932 3728 2993 3782 τὸ
3025 3729 3123 3800 μὲν
3161 3728 3270 3801 πῦρ
3303 3729 3567 3784 ἐντιθέναι
3603 3730 3765 3784 δύνα-

2183 3815 2306 3869 σθαι
2355 3819 2472 3880 ταῖς
2506 3817 2686 3891 ὖλαις,
2741 3820 2834 3873 καὶ
2880 3819 3020 3876 κατά
3071 3820 3230 3889 φύσιν
3276 3821 3424 3892 αύτῷ
3459 3822 3765 3893 προσούσης

2182 3908 2464 3978 ἐνεργείας
2498 3910 2596 3980 τὴν
2627 3911 2684 3962 ὲν
2717 3911 2964 3982 αἰσθήσει
3009 3914 3266 3985 ποιότητα
3291 3953 3305 3978 ,
3347 3915 3442 3968 καὶ
3483 3916 3767 3985 μονονουχὶ

2185 4001 2610 4070 μετασκευάζειν
2662 4003 2742 4065 είς
2780 4003 2939 4056 έαυτὸ
2985 4003 3052 4058 τὰ
3079 4006 3139 4058 ὲν
3170 3999 3248 4069 οἷς
3293 4006 3359 4072 ἂν
3393 4006 3603 4074 γένοιτο
3633 4006 3766 4077 μεθ-

2182 4090 2355 4155 εκτῶς
2375 4108 2389 4121 ο
2427 4092 2518 4144 τὸν
2548 4092 2603 4145 δὲ
2628 4093 2768 4164 ὑπὲρ
2804 4095 2980 4154 πάντα
3007 4095 3102 4149 τοῦ
3131 4096 3266 4157 Θεοῦ
3296 4098 3488 4164 Λόγον,
3522 4099 3595 4168 μὴ
3626 4099 3763 4151 πάν-

2182 4201 2288 4246 τως
2316 4184 2541 4250 οἴεσθαι,
2584 4185 2644 4237 τὸ
2669 4185 2799 4249 ἴδιον
2845 4185 3044 4255 ἀγαθὸν
3072 4188 3458 4257 ἐνεργάζεσθαι
3483 4193 3548 4258 τῇ
3578 4188 3762 4259 σαρκὶ,

2183 4274 2326 4335 τοῦτ’
2360 4276 2508 4340 ἔστι,
2562 4275 2660 4346 τὴν
2716 4275 2880 4346 ζωήν.
2928 4276 3146 4349 Ταύτης
3194 4273 3286 4343 οὖν
3321 4274 3475 4348 οἶμαι
3527 4278 3764 4353 μάλιστα

2183 4367 2283 4438 τῆς
2335 4369 2512 4433 αἰτίας
2547 4369 2708 4422 ἓνεκα
2745 4369 2835 4422 τὸν
2865 4370 3019 4438 ἆγιον
3048 4370 3468 4442 εύαγγελιστὴν,
3523 4370 3631 4424 ἀπὸ
3667 4369 3762 4423 τοῦ

501 4446 726 4500 animali
753 4449 1084 4520 signiﬁcato,
1110 4454 1317 4521 dixisse
1345 4472 1569 4518 carnem
1598 4461 1805 4516 factum
1841 4480 1963 4520 esse
1988 4464 2075 4520 Dci

2185 4459 2445 4522 παθόντος
2473 4459 2709 4529 μάλιστα
2745 4459 2804 4512 τὸ
2842 4459 2978 4523 ζῶον
3010 4461 3337 4530 σημαίνοντα
3358 4500 3374 4524 ,
3416 4461 3588 4530 σάρκα
3615 4460 3766 4527 γενέ-

505 4535 764 4598 Verbum.
816 4550 873 4592 ut
909 4557 1017 4598 una
1067 4555 1393 4598 cerneretur
1433 4550 1630 4603 vulnus
1663 4560 1715 4602 et
1752 4553 2076 4618 remedium,

495 4643 642 4698 περι·
679 4639 734 4683 et
763 4631 1029 4695 medii-us,
1064 4635 1209 4701 quod
1255 4637 1312 4694 in,
1338 4647 1566 4692 mortem
1616 4642 1934 4710 prolapsum
1971 4655 2075 4708 est,

500 4733 552 4774 ct
587 4722 679 4789 qui
715 4723 982 4774 excitavit
1025 4723 1089 4775 ad
1126 4726 1315 4788 vitam,
1345 4728 1490 4795 quad
1516 4732 1854 4798 rorruptioni
1884 4737 2074 4801 cessit,

499 4819 555 4863 et
586 4811 679 4879 qui
715 4815 1127 4880 corruptionem
1168 4828 1403 4879 amovet,
1443 4820 1592 4885 quod
1627 4833 1800 4875 morte
1843 4841 2078 4893 supcra-

497 4911 616 4954 ~tum
647 4910 751 4967 est,
788 4912 842 4958 et
866 4905 960 4975 qui
1001 4917 1178 4960 morte
1213 4911 1468 4978 superior
1498 4919 1598 4974 est,
1631 4913 1778 4980 qtiod
1820 4917 2076 4971 orbatum

499 5005 584 5058 cst
609 4998 742 5059 vita,
767 5005 821 5053 et
853 4999 944 5069 qui
974 5002 1138 5054 vitam
1185 5002 1438 5073 largitur.
1493 5004 1610 5064 Non
1642 5015 1824 5060 autem
1880 5010 1956 5062 ait
2009 5013 2076 5066 ad

499 5103 722 5143 carnem
756 5087 997 5145 Verbum
1037 5094 1276 5156 venisse,
1312 5095 1405 5148 sed
1439 5110 1660 5152 carnem
1698 5099 1901 5171 factum
1931 5116 2076 5168 esse,

499 5193 569 5239 pe
592 5179 936 5248 habitudine,
962 5184 1108 5238 sicut
1132 5185 1183 5237 in
1217 5187 1532 5255 prophetas.
1567 5201 1658 5242 aut
1689 5203 1918 5251 sanctos.
1937 5192 2078 5248 alios

499 5268 683 5339 ipsum
717 5275 931 5329 venisse
977 5278 1305 5345 suspiceris,
1359 5281 1455 5342 sed
1494 5297 1681 5337 revera
1720 5299 1941 5346 carnem
1999 5283 2079 5337 fa-

502 5368 648 5413 rtum
680 5379 827 5433 esse,
863 5366 916 5420 id
958 5376 1042 5421 est
1069 5369 1344 5424 hominem
1375 5391 1386 5426 :
1433 5373 1534 5426 hoc
1564 5374 1709 5436 enim
1745 5375 1907 5430 modo
1938 5376 2082 5431 dixi-

505 5463 646 5503 mus.
691 5454 961 5517 Quocirca
993 5460 1156 5514 etiam
1199 5460 1340 5518 Deus
1369 5472 1454 5518 cst
1479 5464 1782 5530 secundum
1817 5475 2075 5526 naturam

507 5541 560 5593 in
591 5556 778 5610 carne,
803 5555 856 5604 et
902 5563 1026 5602 cum
1062 5565 1251 5619 carne,
1281 5555 1482 5630 quippe
1523 5557 1616 5625 qui
1657 5558 1934 5638 propriam
1968 5557 2076 5622 sibi

587 5711 625 5743 "3
655 5713 766 5769 luet
793 5732 852 5783 l'.
912 5721 980 5775 (Ξῖ)

2187 4553 2309 4613 σθαι
2344 4552 2431 4604 τὸν
2453 4552 2546 4604 τοῦ
2574 4541 2903 4618 ΘεοῦἍὸγον
2932 4551 3106 4606 εἰπεῖν
3134 4567 3156 4591 ε
3190 4552 3276 4604 ἵνα
3305 4551 3483 4621 θεωρῇ
3515 4568 3595 4612 τις
3626 4550 3763 4619 ὁμοῦ

2183 4645 2244 4696 τὸ
2307 4645 2528 4714 τραῦμα
2589 4644 2684 4696 καὶ
2721 4644 2781 4695 τὸ
2831 4644 3152 4715 φάρμακον,
3193 4644 3252 4696 τὸ
3304 4645 3492 4697 νοσοῦν
3537 4647 3627 4697 καὶ
3672 4645 3766 4698 τὸν

2187 4735 2398 4803 ἰατρὸν,
2436 4734 2495 4786 τὸ
2529 4733 2849 4803 κεκλιμένον
2881 4738 2959 4799 είς
3011 4734 3238 4788 θάνατον
3283 4734 3377 4788 καὶ
3405 4737 3494 4794 τὸν
3521 4738 3770 4806 ὲγείραν-

2181 4843 2248 4878 τα
2279 4825 2412 4894 πρὸς
2459 4824 2622 4896 ζωὴν,
2654 4826 2712 4878 τὸ
2756 4827 2928 4898 φθορᾷ
2959 4826 3313 4898 νενικημένον
3348 4829 3439 4882 καὶ
3469 4830 3565 4884 τὸν
3601 4829 3766 4884 ἐλαύ-

2181 4935 2338 4979 νοντα
2366 4917 2462 4989 τὴν
2505 4915 2708 4988 φθορὰν
2728 4900 2750 4983 ,π
2780 4918 2840 4975 τὸ
2865 4917 3078 4987 θανάτῳ
3120 4918 3388 4990 κρατηθὲν
3422 4920 3514 4973 καὶ
3543 4920 3635 4972 τοῦ
3662 4920 3763 4974 θα-

2181 5010 2339 5063 νάτου
2381 5009 2472 5062 τὸν
2505 5009 2810 5082 κρείττονα,
2839 5009 2931 5064 τὸν
2971 5009 3116 5080 ζωῆς
3147 5011 3510 5082 ἐστερημένον
3555 5011 3766 5068 καὶτὸν

2183 5100 2415 5172 χορηγὸν
2447 5100 2547 5170 τῆς
2571 5100 2733 5171 ζωῆς.
2787 5101 2899 5156 Οὐκ
2949 5101 3027 5165 είς
3063 5099 3241 5171 σάρκα
3273 5101 3328 5154 δὲ
3364 5102 3453 5156 τὸν
3481 5102 3653 5170 Λόγον
3679 5103 3776 5162 ἑλ-

2181 5193 2311 5253 θείν,
2339 5192 2472 5246 ἀλλά
2501 5193 2676 5265 σάρκα
2699 5193 2948 5263 γενέσθαι
2981 5194 3167 5264 φησιν,
3199 5193 3285 5248 ἵνα
3317 5195 3392 5266 μὴ
3423 5193 3674 5265 καθάπερ
3704 5198 3760 5249 ἓν

2195 5285 2494 5353 προφήταις
2524 5285 2702 5361 τυχὸν,
2728 5285 2760 5355 ἢ
2786 5285 2876 5338 καὶ⁵
2894 5285 3099 5356 ἑτέροις
3128 5286 3236 5338 τῶν
3261 5288 3432 5354 ἁγίων
3466 5288 3604 5339 τισὶν
3641 5289 3773 5339 ἐπι-

2189 5376 2436 5446 φοιτῆσαι
2461 5376 2726 5446 σχετικῶς
2755 5377 3028 5448 ὑπολάϐῃς
3058 5378 3218 5433 αύτὶν
3239 5421 3250 5440 ,
3309 5378 3422 5430 ἀλλ’
3469 5379 3597 5443 αὐτὸ
3623 5378 3772 5434 κατὰ

2185 5466 2441 5536 ἀλήθειαν
2493 5469 2745 5534 γενέσθαι
2784 5469 2989 5539 σάρκα,
3028 5469 3172 5531 τοῦτ’
3202 5469 3380 5534 ἔστιν,
3435 5470 3720 5538 ἄνθρωπον
3751 5485 3764 5499 ·

2184 5559 2340 5610 τοῦτο
2361 5557 2467 5637 γὰρ
2490 5558 2690 5626 ἀρτίως
2727 5556 2983 5628 ἐλέγομεν
3010 5575 3020 5588 ·
3060 5557 3144 5612 διὰ
3174 5558 3328 5612 τοῦτο
3359 5560 3452 5612 καὶ
3488 5559 3616 5623 Θεός
3647 5558 3768 5613 ἐστι

1087 5725 1278 5781 “Jan.
1323 5742 1382 5793 ιι,
1424 5738 1468 5789 7.
1549 5729 1590 5760 ‘5
1633 5733 1764 5788 Gen.
1807 5748 1888 5799 Ill,
1930 5739 2011 5789 tv.
2089 5734 2132 5766 ³⁵⁵
2163 5735 2314 5792 ]‹ι;ι.ι.
2359 5753 2466 5801 xw,
2498 5735 2547 5788 6.
