4052 6208
284 303 379 362 liii
1360 298 1425 354 1N
1455 299 1740 354 JOANNIS
1781 300 2230 357 ΕΥΔΝΟΕΜΠΜ
2268 301 2394 356 LIB.
2434 303 2472 356 1.
3436 263 3552 359 1162

277 414 426 469 κατὰ
475 413 639 483 φύσιν
684 412 742 464 ὲν
776 411 962 482 σαρκὶ,
997 411 1091 464 καὶ
1131 410 1269 482 μετὰ
1320 399 1561 484 σαρκδς,
1619 414 1695 476 ὼς
1738 414 1874 467 ίδίαν

1981 415 2130 468 illam
2160 415 2379 481 habeat,
2413 424 2468 470 et
2493 420 2674 469 tamen
2705 422 2764 469 ut
2786 415 2934 470 aliud
2957 415 3088 486 quid
3125 415 3462 488 intelligatur
3483 418 3552 474 ab

281 509 422 578 ἔχων
447 501 638 575 αὐτὴν,
674 503 771 558 καὶ
796 503 871 567 ὡς
904 501 1091 574 ἕτερόν
1117 520 1168 556 τι
1199 505 1328 576 παρ’
1362 503 1533 575 αὐτὴν
1565 504 1871 575 νοούμενος,

1978 508 2117 579 ipsa,
2137 507 2262 562 etin
2286 498 2424 578 ipsa,
2454 515 2621 578 atque
2650 524 2772 562 cum
2800 509 2919 578 ipsa
2940 497 3388 579 ad‘oreturjuxta
3419 511 3551 565 illud

282 601 379 654 καὶ
407 599 466 650 ἐν
495 595 633 668 αὑτῇ
666 598 762 650 καὶ
803 596 898 649 σὺν
924 596 1062 665 αὐτῇ
1093 595 1566 666 προσκυνούμενος
1588 635 1604 660 ,
1643 597 1784 651 κατὰ
1815 596 1876 649 τὸ

1980 595 2136 652 Ιειιίιε
2168 596 2421 652 dictum:
2470 617 2488 650 ι
2528 597 2644 652 Viri
2674 599 2874 655 excelsi
2916 599 2984 654 ad
3023 608 3076 655 te
3133 601 3472 665 transibunt,
3500 609 3555 656 et

280 693 341 745 ἐν
377 689 459 760 τῷ
493 689 751 760 προφήτῃ
787 685 1041 755 κείμενον
1084 685 1282 756 Ἠσαίᾳ
1309 702 1321 715 ·
1365 703 1384 737 ι
1419 685 1642 757 ¹’Λνδρες
1681 682 1877 758 ὑψηλοὶ

1979 690 2055 742 ιιιί
2094 699 2257 743 erunt
2288 689 2457 755 servi,
2477 699 2526 744 et
2551 702 2675 760 ροει
2701 700 2755 747 te
2783 699 3082 760 sequentur
3100 692 3268 746 vincti
3299 693 3552 757 manicis,

279 781 375 834 ἐπὶ
400 780 460 832 σὲ
489 777 861 848 διαϐήσονται,
900 777 994 828 καὶ
1027 776 1111 828 σοὶ
1150 775 1364 828 ἔσονται
1390 773 1602 839 δοῦλοι,
1631 775 1725 830 καί
1757 775 1876 828 ὀπί-

1980 775 2092 852 96
2121 791 2171 835 et
2205 781 2514 836 adorabunt
2545 790 2619 845 te,
2653 791 2707 836 et
2737 783 2791 836 in
2821 791 2874 835 te
2903 783 3157 846 orabunt,
3194 783 3452 852 quoniam
3498 784 3551 838 in

281 883 365 919 σω
411 877 506 918 σου
553 862 982 932 άκολοῡθήσουσι
1023 861 1296 932 δεδεμένοι
1337 862 1719 932 χειροπέδαις,
1781 864 1876 918 καὶ

1977 882 2032 927 te
2063 883 2147 928 est
2174 871 2340 936 Deus,
2373 881 2427 929 et
2459 889 2569 928 non
2603 882 2688 928 est
2731 873 2874 929 Deus
2934 882 3132 944 praeter
3163 882 3217 929 te
3239 875 3304 928 ‘7.
3354 894 3373 926 ι
3413 874 3555 930 Ecce

279 954 726 1029 προσκυνήσουσί
757 970 870 1016 σοι,
929 953 1022 1005 καὶ
1057 955 1115 1006 ἐν
1150 953 1234 1005 σοὶ
1263 951 1672 1023 προσεύξονται,
1699 955 1780 1006 ὅτι
1817 954 1875 1006 ἐν

1979 964 2152 1019 Deum
2200 966 2363 1020 etiam
2403 966 2457 1019 in
2514 966 2634 1035 ipso
2666 981 2790 1021 esse
2839 968 3019 1030 aiunt,
3075 983 3183 1021 non
3235 979 3554 1036 separantes

282 1051 368 1101 σοὶ
398 1051 428 1101 ὁ
451 1047 585 1109 Θεός
619 1049 756 1110 ἐστι,
789 1045 882 1098 καὶ
913 1045 1012 1098 οὐκ
1040 1045 1156 1098 ἐστι
1187 1043 1320 1107 Θεδς
1352 1044 1493 1113 πλὴν
1521 1044 1636 1097 σοῦ.
1675 1064 1694 1098 ›
1743 1043 1874 1099 Ἰδοὺ

1978 1072 2202 1112 carnem
2241 1072 2271 1110 a
2306 1055 2522 1111 Verbo:
2560 1067 2614 1112 et
2652 1072 2844 1113 rursus
2877 1057 3049 1112 alium
3086 1072 3194 1112 non
3225 1073 3348 1113 esse
3381 1057 3551 1114 Deum

281 1141 380 1192 καὶ
426 1142 485 1193 ὲν
513 1138 663 1208 αὐτῷ
693 1137 824 1190 Θεὸν
850 1131 991 1190 εἶναί
1027 1137 1198 1206 φασι,
1259 1135 1333 1206 μὴ
1370 1134 1745 1198 ἀποδιελόντες
1775 1135 1870 1188 τοῦ

1976 1156 2178 1217 ιιι-αξιοι·
2237 1147 2416 1217 ipsum
2487 1148 2839 1213 conﬁrmant,
2901 1147 3307 1220 conjungentes
3372 1146 3553 1206 Verbo

281 1231 466 1298 Λόγου
495 1228 595 1298 τὴν
639 1227 820 1299 σάρκα
843 1245 856 1258 ο
897 1228 993 1280 κα)⁸
1025 1227 1190 1280 πάλιν
1228 1226 1326 1278 οὐκ
1356 1221 1496 1279 εἶναι
1534 1225 1720 1296 ἕτερον
1742 1224 1873 1278 Θεὸν

1974 1249 2282 1310 gestamen,
2325 1249 2383 1294 ut
2411 1239 2532 1310 ejus
2586 1241 2894 1311 proprium,
2929 1241 3188 1311 templum
3246 1240 3457 1296 scilicet
3484 1257 3552 1297 ex

283 1321 430 1392 πλὴν
463 1318 629 1374 αὺτοῦ
673 1317 1072 1390 διισχυρίσαντο
1089 1358 1104 1384 ,
1133 1317 1378 1381 ἑνοῦντες
1399 1316 1476 1388 τῷ
1505 1317 1661 1388 Λόγῳ
1686 1316 1746 1370 τὸ
1778 1334 1874 1387 φο-

1809 1334 1874 1372 νο-
1975 1327 2230 1402 Virgine:
2274 1345 2419 1386 unus
2445 1332 2590 1385 enim
2617 1345 2684 1386 ex
2717 1331 2985 1388 ambobus
3014 1331 3272 1387 Christus
3304 1339 3409 1388 est.

288 1411 577 1482 ρούμενον,
602 1409 677 1474 ὡς
704 1409 837 1463 ἴδιον
863 1409 1051 1476 αὐτοῦ,
1082 1409 1226 1462 τοῦτ’
1252 1408 1367 1462 ἔστι
1388 1409 1479 1462 τὸν
1506 1410 1570 1462 ὲκ
1592 1407 1873 1479 Παρθένου

285 1503 416 1556 ναόν
440 1519 454 1533 ο
489 1496 567 1564 εἷς
592 1502 701 1571 γάρ
728 1501 786 1566 ἐξ
817 1501 1020 1571 ἀμφοῖν
1056 1503 1084 1553 ό
1116 1500 1370 1570 Χριστός.

356 1591 471 1644 Καὶ
501 1589 855 1658 ἐσκήνωσεν
881 1590 950 1643 ἐν
986 1589 1150 1660 ἡμῖν.

2042 1584 2084 1655 Ι,
2123 1591 2210 1646 14.
2249 1575 2318 1645 Et
2349 1591 2608 1646 habitavit
2636 1591 2883 1649 innobis.

369 1682 829 1753 Ἐπεξεργάζεται
874 1683 1163 1753 χρησίμως
1206 1681 1267 1736 τὸ
1319 1683 1607 1756 εἰρημένον
1650 1685 1678 1739 ό
1708 1687 1872 1755 εὐαγ-

2043 1682 2292 1753 Explicat
2324 1685 2576 1754 pluribus
2620 1685 2802 1740 verbis
2833 1679 3176 1754 evangelista
3210 1683 3354 1752 quod
3388 1676 3545 1749 dixit,

289 1776 562 1847 γελιστὴς,
584 1775 678 1828 καὶ
705 1776 783 1838 είς
805 1777 1216 1848 ἐμφανεστέραν
1243 1775 1364 1844 ἄγει
1391 1776 1628 1831 διάνοιαν
1649 1777 1745 1848 τὴν
1773 1776 1868 1830 τοῦ

1983 1781 2147 1844 atque
2174 1791 2329 1830 suam
2361 1777 2693 1831 sententiam
2726 1777 2933 1832 clarius
2962 1777 3206 1846 exponit.
3241 1778 3373 1832 Cum
3403 1778 3548 1832 enim

289 1867 649 1939 θεωρήματος
669 1863 899 1934 δύναμιν
920 1882 934 1898 ο
959 1865 1144 1936 ἐπειδὴ
1175 1866 1282 1937 γὰρ
1307 1867 1408 1939 ἔφη
1438 1869 1616 1938 σάρκα
1643 1867 1870 1937 γεγενῆ-

1978 1865 2181 1919 dixerit
2211 1881 2434 1921 carnem
2467 1865 2672 1922 factum
2713 1884 2838 1924 esse
2892 1858 2988 1923 Dei
3023 1852 3288 1934 Verbum,
3331 1884 3399 1924 ne
3427 1869 3549 1938 quis

291 1958 414 2011 σθαι
447 1959 538 2009 τὸν
572 1954 666 2008 τοῦ
698 1955 832 2007 Θεοῦ
851 1956 1044 2023 Λόγον,
1078 1955 1165 2009 ἵνα
1196 1957 1270 2028 μή
1301 1974 1382 2020 τις
1405 1959 1469 2010 ὲκ
1499 1958 1694 2028 πολλῆς
1725 1959 1869 2026 ἁμα-

1969 1959 2204 2028 .propria
2238 1959 2419 2030 ipsum
2452 1971 2649 2014 natura
2687 1948 2964 2015 excidisse
3010 1957 3338 2015 stultissime
3369 1961 3549 2030 suspi-

291 2051 410 2114 ϐίας
466 2048 568 2118 τῆς
613 2048 712 2117 μὲν
751 2047 884 2110 ἰδίας
932 2047 1094 2100 αὑτὸν
1135 2047 1394 2102 ὑπολάϐοι
1429 2050 1641 2119 φύσεως
1677 2049 1869 2120 ἐκδρα-

1974 2058 2218 2113 caretur,
2255 2059 2310 2106 et
2360 2052 2413 2105 in
2459 2067 2681 2107 carnem
2727 2067 2855 2108 vere
2907 2057 3344 2107 Iransmutatum
3399 2067 3546 2116 esse.

291 2143 446 2211 μεῖν,
480 2137 954 2210 μεταπεποιῆσθαι
987 2138 1043 2191 δὲ
1075 2138 1242 2203 ὄντως
1277 2141 1356 2203 είς
1391 2141 1570 2212 σάρκα
1605 2140 1734 2210 (καὶ
1765 2156 1870 2193 πα-

1972 2149 2136 2212 atque
2170 2143 2221 2196 id
2255 2144 2368 2212 pati
2417 2145 2560 2213 quod
2608 2145 2832 2198 omnino
2887 2144 2999 2214 pati
3040 2158 3150 2198 non
3207 2144 3383 2214 possit
3435 2143 3549 2213 (ab

287 2237 426 2297 θεῖν,
480 2234 618 2302 ὅπερ
666 2228 736 2303 ἦν
772 2230 1030 2285 ἀδύνατον
1054 2247 1069 2263 ο
1101 2231 1440 2297 ἀλλοιώσεως
1486 2234 1593 2302 γὰρ
1629 2232 1865 2304 ἁπάσης,

1973 2236 2123 2288 omni
2153 2237 2354 2307 quippe
2388 2236 2718 2292 alteratione
2767 2247 2821 2293 et
2882 2237 3243 2292 conversione
3278 2237 3330 2291 in
3362 2234 3547 2301 aliud,

288 2327 384 2380 καὶ
415 2323 722 2394 μεταϐολῆς
764 2323 863 2392 τῆς
891 2322 976 2392 ἐφ’
1008 2323 1192 2394 ἕτερόν
1235 2341 1308 2390 τι,
1350 2325 1491 2377 κατὰ
1518 2324 1608 2376 τὸν
1633 2324 1728 2376 τοῦ
1751 2322 1869 2386 πῶς

1973 2325 2188 2381 ratione
2246 2328 2500 2381 essentia:
2562 2325 2706 2382 Deus
2742 2327 3061 2396 longissime
3127 2327 3345 2396 abest),
3402 2335 3551 2382 recte

289 2412 428 2468 εἶναι
453 2415 615 2482 λόγον
653 2414 714 2468 τὺ
747 2412 900 2467 Θεῖον
947 2413 1277 2484 ἀπῴκισται)
1307 2432 1321 2445 ο
1355 2414 1537 2477 καλῶς
1565 2431 1626 2483 γε
1666 2413 1869 2485 σφόδρα

1976 2415 2166 2485 utique
2197 2416 2510 2488 Theologus
2538 2417 2722 2473 statim
2771 2417 2959 2485 infert,
2995 2438 3013 2470 ι
3063 2418 3127 2472 Et
3186 2419 3454 2473 habitavit
3493 2417 3548 2473 in

289 2507 461 2561 ποιῶν
488 2509 517 2559 ὁ
548 2505 796 2574 θεολόγος
833 2505 1136 2575 ἐπήνεγκεν
1168 2505 1358 2569 εὐθὺς,
1419 2506 1501 2559 ὅτι
1539 2524 1557 2557 ι
1581 2506 1690 2559 Καὶ
1717 2505 1872 2578 ἐσκή-

1972 2508 2135 2563 nobis
2174 2528 2194 2560 ι
2227 2518 2286 2563 ιιι
2331 2525 2455 2564 cum
2491 2509 2602 2564 duo
2631 2511 2948 2567 necessario
3003 2511 3302 2579 intelligas,
3341 2517 3393 2564 et
3424 2525 3546 2564 eum

287 2616 463 2653 νωσεν
491 2599 550 2651 ὲν
572 2598 722 2668 ἡμῖν,
747 2616 765 2647 ι
799 2597 885 2650 ἵνα
918 2597 1011 2650 δύο
1031 2597 1229 2667 νοήσας
1253 2596 1319 2650 τὰ
1355 2598 1754 2668 σημαινόμενα,
1778 2597 1870 2652 τόν

1972 2599 2070 2669 qui
2129 2599 2362 2664 habitat,
2422 2607 2478 2654 et
2511 2599 2563 2654 id
2600 2599 2655 2654 in
2723 2614 2830 2669 quo
2868 2599 3170 2660 habitatur,
3229 2598 3284 2656 in
3327 2612 3546 2654 carnem

284 2707 349 2742 τε
381 2688 686 2759 σκηνοῦντα
714 2689 806 2740 καί
837 2687 898 2740 τὸ
924 2689 981 2741 ὲν
1009 2679 1053 2755 ᾧ
1079 2689 1113 2758 ἡ
1146 2688 1440 2758 σκήνωσις,
1475 2688 1549 2761 μὴ
1578 2687 1657 2752 είς
1692 2687 1873 2759 σάρκα

1975 2694 2153 2762 ipsum
2187 2707 2297 2746 non
2330 2707 2454 2747 esse
2476 2699 2906 2747 transmutatum
2931 2691 3238 2756 existimes,
3271 2688 3365 2743 sed
3390 2687 3549 2744 habi-

288 2779 748 2853 aaparstpécpeat
784 2779 1012 2851 νομίσῃς
1050 2779 1234 2843 αὐτὸν,
1274 2780 1553 2853 σκηνῶσαι
1583 2781 1638 2833 δὲ
1670 2780 1871 2852 μᾶλλον

1973 2791 2092 2836 tare
2129 2782 2312 2852 potius
2335 2781 2394 2836 in
2437 2795 2624 2845 carne,
2667 2787 2724 2834 ut
2769 2780 2992 2850 proprio
3021 2788 3262 2832 utentem
3296 2791 3547 2848 corpore,

281 2870 350 2919 ὲν
381 2868 584 2936 σαρκὶ,
626 2867 698 2930 ὡς
730 2867 844 2937 ἰδίῳ
889 2869 1378 2942 προσχρησάμενον
1407 2870 1647 2940 σώματι,
1696 2870 1775 2940 τῷ
1807 2873 1871 2924 ὲκ

1976 2871 2182 2941 templo
2228 2871 2322 2925 illo
2356 2871 2618 2925 nimirum
2651 2871 2799 2941 quod
2831 2879 2915 2924 est
2953 2884 3018 2924 ex
3050 2874 3238 2924 sancta
3277 2865 3505 2938 Virgine
3534 2886 3547 2922 :

281 2959 396 3028 τῆς
423 2957 586 3026 ἁγίας
612 2959 886 3029 ΠαρὉένου
915 2958 1047 3029 ναῷ·
1080 2979 1098 3011 ι
1143 2960 1231 3012 Ἐν
1261 2960 1411 3034 αὐτῷ
1440 2963 1547 3034 γὰρ
1582 2961 1870 3033 κατῴκησε

1979 2983 1999 3016 ι
2035 2961 2094 3018 lu
2125 2965 2244 3034 ipso
2263 2964 2411 3019 enim
2441 2961 2774 3020 inhabitavit
2804 2960 2990 3016 omnis
3026 2959 3312 3032 plenitudo
3354 2959 3551 3014 divini-

284 3053 408 3106 πᾶν
457 3050 519 3104 τὸ
557 3051 827 3122 πλήρωμα
858 3053 956 3122 τῆς
1003 3051 1256 3121 θεότητος
1285 3055 1642 3124 σωματικῶς,
1690 3074 1710 3107 ι
1738 3056 1813 3120 ὡς
1840 3057 1870 3109 ό

1975 3055 2106 3110 tatis
2140 3054 2508 3124 corporaliter
2543 3073 2561 3106 ι
2621 3062 2679 3108 ιιι
2713 3052 2918 3109 Paulus
2973 3053 3049 3106 ait
3073 3053 3141 3105 “.
3191 3049 3337 3118 Quin
3389 3060 3442 3106 et
3495 3049 3548 3105 in

284 3143 506 3208 Παῦλός
543 3161 706 3215 φησιν
729 3160 744 3173 ·
797 3144 1167 3212 ἔσκηνωκέναι
1212 3162 1275 3214 γε
1315 3147 1421 3218 μὴν
1463 3147 1553 3200 τὸν
1597 3147 1768 3217 Λόγον
1813 3151 1870 3202 ὲν

1976 3145 2135 3200 nobis
2177 3145 2455 3201 habitasse
2479 3142 2714 3202 Verbum
2739 3144 2946 3200 Utiliter
2968 3144 3192 3206 asserit,
3224 3143 3549 3198 altissimum

283 3238 422 3307 ἡμῖν
466 3237 754 3306 χρησίμως
801 3232 1221 3305 διισχυρίζεται,
1279 3235 1411 3308 βαθὺ
1443 3239 1534 3292 καὶ
1564 3237 1721 3291 τοῦτο
1752 3239 1872 3292 λίαν

1975 3253 2194 3308 quoque
2224 3238 2386 3292 nobis
2426 3235 2572 3292 istud
2634 3221 2890 3293 revelans
2949 3237 3291 3306 mysterium.
3350 3236 3550 3291 Sumus

282 3329 424 3399 ἡμῖν
471 3327 831 3380 ὲκκαλύπτων
882 3330 1214 3398 μυστήριον⁸
1256 3328 1454 3391 πάντες
1488 3328 1596 3401 γὰρ
1637 3325 1778 3402 ἦμεν
1814 3330 1873 3383 ὲν

1975 3332 2121 3383 enim
2143 3344 2341 3384 omnes
2376 3331 2429 3382 in
2463 3327 2708 3390 Christo,
2741 3335 2796 3382 et
2838 3329 3150 3384 communis
3187 3328 3552 3384 humanitatis

285 3415 515 3488 Χριστῷ
534 3456 549 3478 ,
606 3415 700 3468 καὶ
725 3416 786 3468 τὸ
812 3415 987 3469 κοινὸν
1021 3418 1122 3486 τῆς
1156 3417 1571 3489 ἀνθρωπότητος
1603 3421 1681 3483 είς
1711 3419 1872 3473 αὐτὸν

1975 3437 2211 3493 persona
2257 3421 2312 3474 in
2357 3422 2542 3491 ipsum
2595 3411 2898 3475 revi‘viscit.
2942 3417 3077 3477 Nam
3112 3427 3166 3475 et
3212 3420 3553 3477 novissimus

282 3507 505 3561 ἁναϐιοῖ
525 3506 836 3576 πρόσωπον.
869 3507 1020 3560 Ἐπεὶ
1047 3509 1141 3560 καὶ
1167 3507 1392 3578 ἔσχατος
1407 3509 1577 3580 Ἀδὰμ
1603 3510 1691 3563 διὰ
1714 3509 1872 3564 τοῦτο

1974 3514 2146 3568 Adam
2174 3514 2380 3568 idcirco
2421 3521 2773 3582 nuncupatus
2801 3519 2907 3574 est,
2941 3511 3034 3581 qui
3079 3518 3293 3567 natura:
3329 3501 3552 3580 partici-

285 3597 714 3667 κατωνόμασται
745 3599 812 3669 τῇ
840 3599 1110 3670 καινότητι
1140 3599 1238 3669 τῆς
1262 3599 1478 3668 φύσεως
1512 3602 1689 3656 πάντα
1718 3602 1873 3654 πλουο

1974 3606 2198 3675 patione
2223 3606 2406 3660 omnia
2433 3604 2730 3673 locupletat
2761 3601 2828 3656 ad
2866 3601 3184 3657 felicitatem
3216 3609 3270 3655 et
3298 3603 3546 3673 gloriam,

281 3689 454 3754 τίζων
483 3689 550 3741 τὰ
578 3691 659 3752 είς
697 3689 960 3759 εὐθυμίαν
1010 3691 1104 3742 καὶ
1132 3689 1290 3754 δόξαν
1311 3731 1326 3756 ,
1372 3690 1564 3763 ὥσπερ
1601 3687 1691 3745 οῦν
1719 3694 1812 3749 καὶ
1842 3695 1871 3747 ό

1974 3697 2137 3752 sicuti
2171 3697 2386 3767 primus
2441 3695 2612 3748 Adam
2673 3695 2728 3748 in
2787 3696 3199 3763 corruptionem
3231 3703 3284 3746 et
3319 3693 3550 3763 ignomi-

279 3781 510 3852 πρῶτος
548 3781 716 3852 Ἀδὰμ
761 3784 840 3846 είς
871 3781 1076 3852 φθορὰν
1119 3783 1214 3835 καὶ
1243 3784 1565 3855 κατήφειαν.
1615 3785 1702 3838 Ἐν
1735 3787 1870 3840 πᾶσι

1973 3786 2120 3840 niam
2149 3786 2220 3842 δ’.
2251 3785 2306 3838 in
2332 3785 2592 3840 omnibus
2627 3783 2814 3853 itaque
2843 3781 3086 3837 Verbum
3148 3783 3419 3835 habitavit
3457 3797 3551 3851 per

282 3871 584 3942 τοιγαροῦν
625 3874 654 3926 ό
683 3874 854 3940 Λόγος
890 3875 1170 3944 ἐσκήνωσε
1195 3873 1264 3927 δι’
1297 3875 1416 3939 ἐνὸς
1439 3914 1453 3940 ,
1508 3876 1594 3929 ἵνα
1624 3876 1718 3929 τοῦ
1752 3877 1870 3942 ἐνὸς

1976 3891 2166 3936 unum,
2211 3883 2298 3938 ut,
2328 3891 2440 3930 uno
2479 3876 2781 3929 constituto
2825 3867 2918 3928 Dei
2952 3872 3091 3927 Filio
3121 3873 3176 3925 in
3209 3877 3428 3937 virtute,
3465 3887 3550 3928 se-

282 3965 597 4038 όριάθέντος
623 3965 753 4018 Υἱοῦ
776 3965 911 4019 Θεοῦ
940 3967 998 4020 ὲν
1019 3965 1266 4038 δυνάμει,
1291 3968 1432 4022 κατά
1455 3968 1671 4038 πνεῦμα
1701 3970 1870 4038 ἁγιω-

1971 3968 2215 4024 cuudum
2253 3970 2506 4039 spiritum
2545 3966 2858 4022 sanctitatis
2908 3965 2961 4023 in
3007 3965 3315 4019 universam
3350 3965 3548 4020 buntu-

285 4057 459 4127 σύνης
483 4059 563 4120 είς
584 4057 712 4128 ὃλην
741 4056 969 4128 ἔρχηται
993 4058 1091 4130 τὴν
1117 4059 1510 4132 ἀνθρωπότητα
1535 4060 1597 4113 τὸ
1628 4059 1866 4136 ἀξίωμα,

1971 4063 2200 4116 nitatem
2253 4059 2496 4129 dignitas
2560 4057 2656 4114 illa
2715 4055 3072 4120 redundaret,
3136 4055 3382 4126 adeoque
3452 4072 3547 4126 per

281 4149 438 4203 οὕτω
485 4165 543 4201 τε
591 4148 774 4221 φθάσῃ
809 4147 904 4202 καὶ⁸
947 4151 1030 4219 ἐφ’
1062 4152 1210 4222 ἡμᾶς
1247 4150 1318 4202 ’δι’
1346 4145 1440 4204 ἕνα
1470 4151 1578 4204 τῶν
1620 4152 1679 4218 ἐξ
1711 4151 1868 4222 ἡμῶν

1974 4167 2141 4206 unum
2181 4167 2244 4206 ex
2280 4151 2438 4206 nobis
2478 4153 2532 4204 iu
2581 4159 2682 4205 nos
2735 4164 2960 4220 quoque
3017 4146 3326 4217 perveniret
3368 4146 3541 4202 illud:

282 4239 370 4303 τὸ,
399 4255 420 4288 σ
456 4237 593 4305 Ἐγὼ
612 4233 761 4292 εἶπαν
783 4239 906 4293 Θεοί
929 4241 1071 4305 ἐστε,
1090 4243 1186 4294 καὶ
1209 4239 1585 4311 υίοὶΎψίστου
1611 4244 1827 4306 πάντες.
1844 4262 1862 4295 ι

1977 4267 2000 4312 ς
2032 4244 2142 4315 Ego
2180 4244 2292 4298 dixi
2332 4262 2344 4296 :
2380 4238 2464 4297 Dii
2500 4244 2654 4308 estis,
2687 4241 2741 4298 et
2790 4241 2882 4294 ﬁlii
2940 4239 3152 4295 Excelsi
3188 4254 3379 4294 omnes
3401 4239 3471 4294 ".
3520 4258 3539 4290 ι

285 4329 502 4382 Οὐκοῦν
531 4331 590 4383 ὲν
611 4330 832 4401 Χριστῷ
864 4331 964 4402 μὲν
996 4331 1213 4404 ἀληθῶς
1235 4332 1613 4403 ἐλευθεροῦται
1643 4335 1704 4386 τὸ
1743 4334 1865 4389 δοῦ-

1971 4338 2144 4408 Igitur
2171 4338 2223 4390 in
2253 4336 2474 4390 Christo
2527 4335 2745 4403 quidem
2797 4348 2953 4388 serva
3025 4339 3216 4386 natura
3258 4330 3318 4385 iit
3354 4347 3547 4404 reapse

281 4423 408 4486 ὶον,
444 4422 734 4477 ἀναϐαῖνον
770 4425 848 4488 είς
885 4425 1111 4496 ἑνότητα
1149 4426 1250 4497 τὴν
1300 4425 1569 4500 μυστικὴν
1597 4425 1677 4496 τῷ
1706 4427 1866 4496 φορέ-

1973 4431 2165 4492 libera,
2191 4429 2257 4482 ad
2283 4428 2567 4498 mysticam
2600 4425 2865 4481 nimirum
2889 4426 3157 4480 unitatem
3187 4424 3308 4494 ejus
3335 4432 3543 4492 evecta,

285 4525 442 4570 adv-tt
470 4516 570 4585 τὴν
593 4515 686 4568 τοῦ
716 4515 903 4569 δούλου
935 4518 1169 4588 μορφὴν,
1197 4517 1256 4570 ἐν
1286 4518 1418 4589 ἡμῖν
1440 4517 1496 4570 δὲ
1522 4517 1663 4571 κατὰ
1694 4517 1864 4588 μίμη-

1973 4521 2068 4593 qui
2107 4517 2211 4573 fert
2241 4517 2385 4573 servi
2415 4516 2669 4580 formam,
2706 4517 2760 4570 in
2799 4516 2960 4572 nobis
3007 4531 3134 4571 vero
3165 4514 3470 4571 imitatione
3492 4524 3543 4572 et

286 4627 375 4662 σιν
399 4608 500 4678 τὴν
521 4609 657 4680 πρὸς
681 4609 770 4662 τὸν
795 4609 895 4664 ἕνα
918 4595 1004 4666 διὰ
1029 4611 1126 4683 τὴν
1145 4611 1286 4666 κατὰ
1309 4611 1488 4683 σάρκα
1519 4611 1839 4680 συγγένειαν

1974 4607 2334 4668 similitudine
2367 4625 2490 4664 cum
2546 4603 2639 4664 illo
2688 4625 2818 4674 uno,
2854 4619 3080 4680 prepter
3117 4607 3300 4663 carnis
3347 4622 3519 4678 cogna
3551 4681 3559 4692 ’

295 4701 453 4755 Ἐπεὶ
495 4701 584 4756 διὰ
615 4703 775 4757 ποίαν
802 4703 980 4758 αἰτίαν
1002 4704 1104 4757 οὑκ
1135 4702 1379 4772 ἀγγέλων
1407 4703 1858 4776 ἐπιλαμϐάνεται,

1971 4709 2198 4761 tionem.
2233 4705 2452 4775 Alioqui
2483 4705 2654 4769 enim,
2689 4718 2853 4774 quam
2883 4702 2954 4758 ob
2975 4716 3198 4757 causam
3235 4715 3345 4755 non
3375 4707 3539 4771 augeo”

285 4792 422 4846 ἀλλὰ
454 4793 765 4863 σπέρματος
810 4793 1091 4864 Ἀϐραὰμ,
1138 4795 1258 4848 ὅθεν
1288 4795 1484 4865 ὤφειλε
1513 4795 1656 4850 κατὰ
1685 4795 1863 4850 πάντα

1971 4798 2146 4853 lorum
2177 4789 2426 4869 quidem,
2491 4795 2585 4851 sed
2640 4795 2878 4850 Abrahze
2925 4809 3110 4849 semen
3165 4788 3569 4864 apprehendit,'

286 4888 396 4942 τοῖς
435 4886 681 4953 ἀδελφοῖς
710 4886 1072 4956 ὁμοιωθῆναι,
1129 4887 1221 4939 καὶ
1247 4888 1496 4956 γενέσθαι
1541 4888 1683 4941 κατὰ
1729 4889 1863 4959 ἀλή-

1965 4891 2109 4945 uude
2127 4890 2311 4944 debuit
2334 4905 2428 4959 per
2449 4888 2634 4941 muttia
2665 4886 2929 4941 fratribus
2943 4885 3237 4941 assitnilari
3260 4884 3328 4947 ⁸³,
3345 4893 3394 4938 et
3420 4898 3544 4937 vere

287 4976 436 5030 θειαν
481 4978 805 5048 ἄνθρωπος;
843 4974 972 5050 Ἆρ’
997 4979 1116 5051 οὐχὶ
1166 4979 1331 5033 πᾶσίν
1372 4982 1489 5033 ἐστι
1531 4980 1860 5050 καταφανὲς,

1970 4983 2134 5036 homo
2172 4980 2336 5036 ﬁeri?
2370 4979 2565 5035 Annon
2605 4978 2960 5033 manifestum
2993 4976 3100 5046 97
3150 4981 3236 5029 est
3263 4972 3541 5036 omnibus,

289 5069 365 5119 ὅτι
389 5067 766 5138 καταϐέϐηκεν
807 5070 884 5133 είς
912 5068 974 5122 τὸ
1001 5069 1186 5125 δοῦλον
1207 5111 1222 5135 ,
1263 5071 1423 5134 αὐτὸς
1441 5113 1454 5137 ,
1481 5071 1578 5142 οὐχ
1601 5071 1780 5143 ἑαυτῷ
1809 5089 1864 5125 τι

1969 5072 2115 5143 quod
2142 5073 2206 5126 ad
2263 5073 2520 5125 servilem
2577 5069 2952 5124 conditionem
3015 5067 3132 5136 ipse
3184 5081 3242 5119 se
3299 5062 3538 5126 demisit,

286 5159 373 5212 διὰ
394 5160 586 5213 τούτου
610 5161 886 5232 προξενῶν
909 5201 923 5225 ,
951 5161 1067 5216 ἀλλ’
1104 5165 1232 5234 ημῖν
1266 5162 1456 5217 ἑαυτὸν
1485 5161 1861 5235 χαριζόμενος,

1972 5164 2106 5218 nihil
2138 5181 2201 5217 ex
2240 5164 2343 5216 hoc
2369 5162 2473 5216 sibi
2499 5161 2819 5230 acquireus,
2849 5159 2942 5212 sed
2966 5156 3128 5210 nobis
3161 5155 3400 5224 seipsutn
3433 5153 3541 5205 lar-

285 5251 372 5303 i’va
403 5253 568 5321 ἡμεῖς
598 5255 664 5324 τῇ
699 5253 862 5306 αὑτοῦ
897 5256 1140 5327 πτωχείᾳ
1173 5256 1593 5327 πλουτήσωμεν,
1633 5256 1862 5326 ἀνατρέ-

1969 5257 2141 5328 gicus.
2176 5264 2236 5308 ut
2268 5268 2368 5306 nos
2399 5253 2520 5319 ejus
2551 5257 2873 5319 paupertate
2901 5247 3206 5301 ditaremur
3229 5245 3296 5308 ",
3347 5243 3542 5328 simili-

283 5355 469 5409 χον-τες
487 5342 575 5394 διὰ
610 5343 709 5413 τῆς
737 5343 872 5414 πρὸς
895 5343 1054 5397 αὐτὸν
1085 5344 1398 5416 ὁμοιότητος
1427 5341 1504 5407 είς
1516 5345 1576 5398 τὸ
1605 5345 1734 5398 ἴδιον
1768 5347 1863 5398 αὺ-

1971 5327 2157 5400 tudiuc
2185 5359 2308 5396 cum
2342 5343 2461 5410 ipso
2492 5342 2557 5394 ad
2591 5340 2869 5410 proprium
2907 5345 2961 5392 et
2993 5335 3252 5391 eximium
3285 5335 3406 5404 ejus
3441 5327 3543 5388 Lo-

279 5430 376 5484 τοῦ
406 5434 502 5485 καὶ
528 5434 806 5504 ἐξαίρετον
851 5435 1090 5504 ἀγαθὸν,
1129 5437 1241 5489 θεοί
1285 5445 1346 5490 τε
1399 5436 1492 5490 καὶ
1520 5436 1653 5489 Θεοῦ
1697 5441 1864 5490 τέκνα

1974 5453 2102 5492 num
2133 5431 2332 5493 evecti,
2370 5431 2553 5500 diique
2588 5437 2640 5481 et
2682 5424 2776 5482 Dei
2813 5426 2907 5480 iilii
2955 5441 3050 5495 per
3091 5424 3247 5478 ﬁdem
3283 5422 3545 5478 reddere.

279 5523 368 5577 διά
396 5525 496 5594 τῆς
541 5526 778 5590 πίστεως
818 5527 1275 5598 ἀναφαινώμεθας
1335 5529 1639 5600 Ἐσκήνωσε
1662 5527 1771 5600 γὰρ
1810 5531 1867 5581 ὲν

1979 5529 2142 5583 mur?
2180 5525 2453 5580 Habitavit
2494 5519 2640 5578 cnim
2678 5521 2732 5574 in
2787 5520 2964 5584 nobis,
3021 5519 3115 5590 qui
3158 5533 3254 5589 per
3289 5524 3544 5578 naturam

348 5641 390 5672 ιτ
429 5639 537 5692 isa.
587 5656 709 5696 xcv.
744 5641 832 5694 Η.
908 5640 952 5672 ⁸⁸
973 5640 1093 5699 Col.
1156 5659 1217 5699 ιι.
1253 5644 1305 5699 9.
1384 5641 1467 5695 “l
1514 5644 1639 5700 Cor.
1683 5660 1772 5712 xv,
1808 5645 1878 5700 45

279 5715 320 5741 ⁸⁵
358 5710 398 5763 ll
433 5709 565 5764 Cor.
611 5726 728 5766 vin.
771 5713 823 5766 9.

1946 5646 1996 5701 9.
2052 5645 2098 5677 ⁵⁸
2128 5643 2273 5698 Psai.
2315 5656 2502 5706 Luxu,
2545 5639 2609 5707 6;
2638 5636 2798 5692 Joan.
2839 5655 2891 5702 ιι,
2922 5639 3009 5694 55.
3087 5637 3127 5669 ⁸¹
3166 5635 3407 5697 liebr.n,
3457 5638 3546 5702 ιτ,

358 5725 397 5763 u
433 5725 565 5764 Lor.
611 5726 728 5776 vin,
771 5725 823 5766 υ.
