4072 6210
533 307 638 363 165

1529 308 1586 362 S.
1615 307 1892 364 CYBILLI
1931 305 2404 366 ALEXANDRlNi
2446 310 2766 370 ABCHIEP.

3688 320 3786 376 16³.

531 423 702 481 Filius
734 433 819 480 est
879 437 944 480 ac
989 423 1170 480 Deus:
1212 424 1447 495 ideoque
1481 425 1534 480 in
1581 427 1702 498 ejus
1750 425 1957 496 Spiritu
1987 426 2100 481 cla-

2207 427 2340 497 ἡμῖν
2381 429 2410 482 6
2451 429 2591 484 κατὰ
2633 429 2794 498 φύσιν
2837 427 2960 491 Υἱὸς
2993 428 3085 482 καὶ
3113 425 3243 491 Θεὸς
3270 444 3282 459 ·
3339 427 3420 482 διδ
3465 431 3557 483 καὶ
3605 432 3662 484 ὲν
3710 434 3789 504 τῷ

531 530 787 571 mantus:
831 514 1015 570 «Abba
1042 507 1759 575 Pater”.illabitatautem
1779 518 2020 575 Verbum
2047 520 2105 577 in
2151 529 2154 533 ’

530 605 810 673 omnibus,
855 607 910 660 in
939 622 1046 660 uno
1076 607 1279 676 templo
1312 610 1523 664 scilicet
1556 613 1702 680 quod
1739 624 1965 682 propter
2001 629 2106 670 nos

529 705 586 751 ct
613 711 678 751 ex
705 696 862 751 nobis
891 699 1215 766 assumpsit,
1253 707 1314 754 ut
1345 714 1537 756 omnes
1572 702 1627 755 in
1655 703 1839 773 seipso
1868 704 2100 768 habens,

527 796 722 838 omnes
756 786 813 838 in
845 798 954 858 uno
978 798 1234 856 corpore,
1270 789 1437 843 sicuti
1481 788 1685 846 Paulus
1712 792 1877 857 ait“,
1908 807 2105 848 recon-

527 872 748 929 ciliaret
773 873 946 931 Patri.
1499 873 1510 884 ’

599 963 638 1029 Ι,
680 966 768 1019 14.
795 965 863 1019 Et
881 965 1112 1022 vidimus
1134 969 1362 1041 gloriam
1388 971 1502 1040 eius
1533 973 1760 1042 gloriam
1786 978 1941 1046 quasi
1971 973 2105 1032 Uni-

525 1056 690 1124 geniti
723 1057 968 1125 aPatre,
1000 1060 1215 1129 plenum
1251 1063 1440 1133 gratia:
1467 1074 1515 1117 et
1541 1064 1801 1119 veritatis.

598 1239 733 1293 Cum
764 1237 1004 1294 Verbum
1036 1253 1260 1296 carnem
1311 1241 1516 1297 factum
1561 1257 1686 1298 esse
1723 1242 1948 1311 dixerit,
2003 1245 2107 1300 hoc

527 1338 610 1385 cst
641 1330 920 1386 hominem
943 1375 959 1398 ,
989 1341 1044 1386 et
1083 1332 1312 1388 fratrem
1361 1349 1646 1390 servorum
1683 1345 1846 1406 atque
1881 1345 2107 1393 creatu-

528 1434 713 1472 rarum
737 1461 752 1485 ,
805 1421 1076 1491 integram
1129 1433 1311 1499 tamen
1370 1427 1422 1480 ei
1474 1441 1695 1496 quoque
1749 1437 1935 1484 servat
2003 1429 2108 1484 hoc

531 1521 690 1580 pacto
719 1512 964 1566 divinam
994 1514 1351 1584 dignitatem,
1388 1525 1444 1573 et
1477 1519 1700 1586 plenum
1746 1535 1873 1576 esse
1922 1521 2108 1580 Patris

530 1602 871 1671 proprietate
919 1620 1115 1659 rursus
1155 1608 1420 1664 ostendit.
1456 1609 1663 1666 Natura
1694 1613 1895 1683 quippe
1919 1615 2105 1673 divina

529 1688 584 1741 in
604 1690 784 1758 seipse
815 1689 971 1746 ﬁrma
995 1701 1048 1746 et
1065 1694 1280 1751 stabilis
1307 1704 1411 1762 est,
1441 1713 1545 1753 nec
1573 1701 1932 1757 mutationem
1955 1705 2106 1774 capit

529 1781 586 1833 in
609 1781 755 1834 aliud
778 1820 793 1846 ,
837 1782 932 1838 sed
966 1784 1158 1841 eodem
1195 1801 1254 1842 se
1283 1788 1448 1844 modo
1479 1806 1696 1862 semper
1734 1793 1929 1858 habet,
1964 1764 2102 1850 et-in
2134 1764 2178 1820 Β

530 1872 646 1925 suis
684 1873 905 1929 dotibus
954 1885 1274 1932 constanter
1318 1892 1522 1938 manet.
1557 1883 1745 1954 Itaque
1783 1885 1908 1941 licet
1939 1903 2106 1945 evan-

529 1963 720 2032 gelista
751 1962 988 2020 Verbum
1022 1983 1242 2024 carnem
1278 1969 1480 2027 factum
1515 1965 1638 2030 esse
1672 1976 1842 2043 dicat,
1880 1993 1987 2032 non
2018 1989 2104 2034 ta-

532 2067 652 2108 men
682 2054 861 2124 ipsum
894 2059 1080 2113 Carnis
1107 2060 1524 2120 infirmitatibus
1555 2066 1914 2124 sucCubuisse
1956 2084 2107 2128 asse-

529 2147 620 2214 rit,
646 2164 746 2204 nec
777 2149 1008 2219 pristina
1042 2153 1131 2208 illa
1155 2169 1260 2208 sua
1295 2157 1498 2213 virtute
1530 2168 1583 2213 et
1613 2159 1785 2228 gloria
1807 2161 2103 2230 excidisse,

528 2255 594 2295 eo
643 2241 788 2311 quod
833 2243 1113 2299 inﬁrmum
1166 2255 1420 2304 nostrum
1455 2259 1512 2308 et
1561 2251 1853 2322 inglorium
1903 2270 2105 2326 corpus

528 2332 722 2389 induit.
762 2333 1012 2393 Vidimus
1053 2340 1196 2394 enim
1243 2341 1477 2412 gloriam
1512 2343 1671 2413 ejus,
1705 2346 1910 2416 inquit,
1953 2349 2103 2403 omni

529 2424 699 2493 gloria
757 2427 1168 2493 sublimiorem,
1214 2439 1267 2485 et
1318 2433 1538 2502 qualem
1574 2435 1769 2493 decere
1810 2437 2006 2496 Filium
2038 2456 2104 2496 ex

527 2510 638 2568 Deo
672 2512 835 2570 Patre
867 2517 1206 2588 unigenitum
1253 2537 1414 2577 nemo
1447 2539 1558 2580 non
1609 2525 1868 2583 fateatur.
1905 2529 2104 2588 Plenus

524 2604 670 2658 enim
696 2604 1001 2678 eratgratia
1025 2617 1079 2664 et
1102 2611 1353 2668 veritate.
1381 2612 1438 2667 Si
1463 2614 1591 2685 quis
1610 2617 1755 2671 enim
1781 2628 2100 2676 sanctorum

525 2693 751 2749 chorum
786 2699 1215 2769 contempletur,
1241 2708 1296 2757 et
1331 2704 1773 2778 uniuscujusque
1806 2726 1892 2765 res
1913 2720 2103 2781 gestas

525 2789 862 2859 perpendat,
903 2792 1196 2856 mirabitur
1231 2797 1444 2867 utique,
1474 2807 1526 2852 et
1565 2799 1782 2855 illorum
1810 2802 2102 2860 virtutibus

524 2878 914 2945 oblectabitur,
950 2898 1160 2954 eosque
1210 2888 1384 2958 gloria
1422 2891 1659 2960 repletos
1699 2907 1728 2946 a
1777 2895 1884 2948 Deo
1931 2895 2103 2952 fuisse

526 2969 806 3027 fatebitur.
835 2972 1111 3045 Unigeniti
1142 2993 1272 3034 vero
1304 2980 1538 3050 gloriam
1565 2993 1619 3038 et
1646 2987 1880 3054 gratiam
1902 3025 1917 3052 ,
1949 2989 2102 3044 nullo

2207 516 2487 588 Ιινεύματι
2517 517 2683 571 αὑτοῦ
2702 519 2998 589 κράζομεψ
3030 537 3048 569 ι
3071 516 3240 570 Ἀϐϐά
3260 518 3288 570 6
3309 518 3500 589 Πατήρ
3527 534 3573 568 ἰ
3599 523 3791 592 σκηνοί

2205 607 2261 661 δὲ
2292 609 2320 660 ό
2344 609 2514 677 Λόγος
2544 609 2602 668 ἐν
2627 612 2814 675 πᾶσιν,
2844 611 2902 662 ὲν
2929 609 3009 668 ἑνὶ
3029 609 3111 682 τῷ
3146 610 3214 665 δι’
3246 614 3395 685 ἡμᾶς
3421 615 3516 667 καὶ
3541 613 3601 680 ἐξ
3625 616 3784 686 ἡμῶν

2205 697 2462 768 ληφθέντι
2489 699 2623 770 ναῷ,
2655 701 2740 755 ἵνα
2762 702 2969 766 πάντας
2999 703 3138 774 ἔχων
3171 705 3229 759 ὲν
3257 704 3460 774 ἐαυτῷ.
3484 707 3772 767 άποκαταλ

2206 788 2343 862 λάξῃ
2377 791 2584 854 πάντας
2614 793 2670 846 ἐν
2694 793 2774 848 ἑνὶ
2805 793 3020 864 σώματι
3060 795 3197 868 πρὸς
3223 795 3315 851 τὸν
3341 797 3586 868 Πατέρα,
3617 798 3789 854 καθά-

2207 899 2313 952 περ
2347 883 2376 934 6
2415 881 2630 947 Παῦλός
2655 901 2808 954 φησι.

2277 972 2390 1027 Καὶ
2432 974 2801 1044 ἐθεασάμεθα
2833 975 2946 1044 τὴν
2989 976 3179 1043 δόξαν
3219 979 3405 1036 αὑτοῦ
3428 1020 3443 1043 ,
3492 979 3680 1042 δόξαν
3706 981 3788 1047 ὠς

2206 1066 2588 1134 Μονογενοῦς
2625 1067 2784 1136 παρὰ
2825 1069 3078 1139 Πατρός,
3125 1069 3364 1141 πλήρης
3406 1069 3648 1140 χάριτος
3687 1073 3788 1128 καὶ

2206 1152 2516 1226 ἀληθείας.
3399 1153 3407 1160 ’

2279 1245 2469 1317 Σάρκα
2502 1251 2828 1321 γεγενῆσθαι
2865 1251 2958 1307 τὸν
2986 1251 3160 1322 Λόγον
3207 1251 3400 1316 εἰπὼν,
3430 1252 3575 1308 τοῦτ’
3616 1253 3786 1318 ἔστιν,

2207 1333 2492 1406 ἄνθρωπον
2515 1379 2530 1402 ,
2589 1342 2682 1394 καὶ
2737 1342 2817 1404 εἰς
2870 1339 3208 1410 ἀδελφότητα
3291 1341 3620 1411 καταγαγὼν
3685 1343 3785 1414 τὴν

2208 1427 2345 1497 πρὸς
2371 1429 2438 1482 τά
2467 1429 2632 1484 δοῦλα
2679 1433 2774 1486 καὶ
2826 1434 3140 1503 ποιήματα,
3187 1431 3448 1502 φυλάττει
3481 1434 3576 1487 καὶ
3614 1433 3786 1497 οὕτως

2205 1519 2464 1590 ἀκέραιον
2493 1521 2643 1593 αὐτῷ
2683 1523 2745 1576 τὸ
2773 1523 3074 1595 θεοπρεπὲς
3104 1522 3340 1595 ἀξίωμα,
3375 1526 3471 1578 καὶ
3504 1529 3603 1597 τῆς
3635 1526 3786 1579 ἑνού-

2208 1626 2310 1680 σης
2340 1611 2489 1683 αὐτῷ
2515 1614 2791 1686 πατρικῆς
2838 1615 3097 1686 ἰδιότητος
3141 1615 3409 1676 ἀνάπλεον
3445 1617 3572 1670 ὄντα
3620 1617 3783 1671 πάλιν

2205 1698 2460 1753 δεικνύει.
2480 1701 2700 1777 Πέπηγε
2730 1703 2838 1774 γάρ
2865 1703 3032 1769 ὅντως
3065 1706 3099 1776 ἠ
3137 1705 3257 1758 θεία
3290 1705 3452 1776 φύσις
3478 1708 3562 1776 ἐφ’
3591 1709 3783 1779 ἑαυτῇ,

2206 1789 2305 1861 τὴν
2333 1793 2419 1862 ἐφ’
2449 1793 2634 1865 ἕτερόν
2656 1812 2710 1848 τι
2734 1796 3097 1868 παρατροπὴν
3119 1797 3218 1850 οὐκ
3242 1798 3544 1868 ἀνεχομένη
3569 1799 3781 1862 παθεῖν,

2206 1876 2406 1949 ἔχουσα
2434 1881 2725 1952 δὲμᾶλλον
2751 1884 3013 1948 ὡσαύτως
3055 1886 3176 1950 ἀεὶ,
3230 1887 3325 1940 καὶ
3370 1890 3426 1939 ὲν
3475 1890 3588 1952 τοῖς
3633 1887 3783 1950 ἰδίοις

2206 1969 2419 2024 ἑστῶσα
2443 1971 2934 2046 πλεονεκτήμασιν.
2967 1975 3177 2030 Οὐκοῦν
3209 1977 3258 2036 ει
3305 1979 3400 2031 καὶ
3434 1979 3613 2049 σάρκα
3648 1981 3781 2050 φησι

2205 2063 2534 2134 γεγενῆσθαι
2561 2066 2654 2120 τὸν
2680 2067 2853 2136 Λόγον
2883 2068 2912 2120 6
2939 2069 3364 2143 εύαγγελιστὴς,
3413 2073 3529 2126 ἀλλ’
3557 2075 3617 2126 ού
3661 2075 3781 2138 ταῖς

2204 2150 2305 2222 τῆς
2353 2155 2556 2222 σαρκὸς
2594 2155 2900 2221 ἀσθενείαις
2937 2158 3100 2216 αὑτὸν
3151 2162 3467 2233 νενικῆσθαι
3516 2162 3780 2234 διισχυρίο

2206 2243 2392 2310 ζεται,
2439 2247 2560 2300 οὐδὲ
2605 2247 2704 2319 τῆς
2742 2250 3111 2323 ἀρχαιοτάτης
3153 2253 3336 2330 ίσχύος
3386 2271 3446 2308 τε
3489 2257 3584 2309 καὶ
3623 2256 3782 2326 δόξης

2203 2338 2501 2395 ἀποπεσεῖν
2522 2380 2538 2404 ,
2570 2341 2868 2418 ἐπειδήπερ
2899 2345 2962 2397 τὸ
3002 2345 3226 2410 ἀσθενὲς
3255 2347 3415 2418 ἡμῶν
3460 2348 3556 2403 καὶ
3594 2349 3779 2415 ἀδοξό-

2204 2447 2364 2485 τατον
2419 2431 2778 2507 περιεϐάλετο
2825 2434 3002 2506 σῶμα.
3051 2437 3280 2509 Εἱδομεν
3325 2439 3435 2510 γὰρ
3478 2441 3644 2494 αὐτοῦ
3685 2441 3782 2514 τὴν

2203 2520 2385 2592 δόξαν,
2419 2525 2552 2595 φησι
2579 2565 2594 2588 ,
2627 2525 2784 2597 παρὰ
2835 2526 2936 2603 τὴν
2977 2529 3084 2584 τῶν
3119 2529 3294 2584 ἄλλων
3336 2530 3645 2604 ἐξαίρετον,
3688 2536 3783 2590 καὶ

2202 2615 2395 2668 ὁποίαν
2421 2617 2486 2670 ἄν
2508 2633 2590 2680 τις
2615 2617 2935 2689 ὡμολόγησε
2953 2619 3183 2693 πρέπειν
3208 2621 3286 2696 τῷ
3313 2623 3378 2676 ὲκ
3406 2622 3542 2676 Θεοῦ
3570 2625 3783 2698 ιιατρὸς

2206 2706 2319 2777 1⁵ἱῷ
2389 2707 2706 2777 Μονογενεῖ.
2769 2710 2993 2784 Πλήρης
3044 2713 3154 2785 γάρ
3202 2708 3270 2784 ἦν
3319 2715 3541 2786 χάριτός
3568 2733 3628 2768 τε
3687 2719 3780 2772 καί

2202 2797 2478 2868 ἀληθείας.
2526 2797 2770 2872 Ἀφορῶν
2811 2802 2910 2873 μὲν
2952 2803 3060 2876 γάρ
3101 2822 3186 2869 τις
3219 2807 3299 2869 είς
3343 2807 3433 2860 τὸν
3465 2807 3576 2860 τῶν
3610 2809 3781 2876 ἁγίων

2201 2889 2397 2962 χορὸν,
2448 2891 2544 2945 καὶ
2591 2892 2661 2945 τὰ
2703 2893 2769 2946 δι’
2801 2895 3032 2949 ἑκάστου
3075 2897 3422 2968 γεγενημένα
3460 2899 3779 2967 παραδόξως

2201 2981 2698 3054 ἀναμετρούμενος,
2731 2984 2998 3056 θαυμάσει
3049 2988 3148 3058 μὲν
3182 2989 3327 3043 κατὰ
3373 2989 3434 3043 τὸ
3479 2991 3650 3054 εἰκὸς,
3681 2993 3778 3046 καὶ

525 3061 689 3117 modo
735 3077 860 3117 cum
909 3073 1236 3122 cancrorum
1275 3070 1449 3140 gloria
1491 3077 1925 3144 comparandam
1979 3093 2100 3134 esse

2205 3075 2314 3138 τοῖς
2343 3075 2558 3145 ἑκάστῳ
2594 3076 2891 3146 προσοῦσιν
2940 3077 3163 3147 ἀγαθοῖς
3194 3081 3584 3153 ὲφησθήσεται,
3623 3082 3778 3154 δόξης

524 3151 761 3223 theologi
797 3151 994 3210 docent
1026 3171 1089 3212 ac
1121 3160 1262 3216 sacri
1300 3169 1492 3225 testes,
1527 3163 1625 3218 sed
1656 3165 1818 3237 longe
1847 3165 2095 3222 eminen-

524 3243 714 3299 tiorem
751 3259 815 3301 ac
865 3251 1341 3316 praestantiorem,
1405 3261 1464 3306 ut
1508 3255 1602 3325 qui
1655 3272 1764 3310 non
1819 3257 2095 3314 definitam

523 3335 722 3391 habeat
757 3340 945 3408 gratiae
969 3348 1282 3397 mensuram
1313 3345 1470 3415 quasi
1500 3347 1570 3402 ab
1587 3347 1761 3403 altero
1784 3360 2096 3420 acceptam,

523 3427 618 3481 sed
651 3435 912 3499 tanquam
947 3431 1001 3486 in
1043 3433 1288 3502 perfecto
1321 3435 1621 3506 perfectam
1643 3479 1657 3504 ,
1689 3455 1753 3495 ac
1787 3457 2008 3509 veram,
2043 3443 2096 3498 id

523 3525 640 3582 est,
671 3533 780 3573 non
811 3521 1103 3576 ascititiam
1126 3565 1142 3591 ,
1177 3539 1278 3580 nec
1323 3526 1545 3583 aliunde
1575 3529 1732 3598 quasi
1762 3531 2095 3587 accessionis

525 3610 645 3664 loco
682 3612 1079 3681 suppeditatam
1104 3655 1118 3680 ,
1155 3615 1250 3671 sed
1285 3619 1724 3677 substantialiter
1767 3621 2097 3679 iuexsisten-

523 3707 660 3766 tem,
698 3709 749 3756 et
796 3701 1029 3759 fructum
1057 3705 1170 3777 98
1209 3721 1452 3777 paternas
1482 3713 1837 3782 prOprietatis
1871 3723 2096 3771 natura-

523 3794 646 3850 liter
680 3800 1066 3854 transmissum
1112 3801 1167 3856 in
1211 3802 1432 3860 Filium.
1478 3803 1634 3871 Quod
1692 3807 1857 3862 sicui
1916 3808 2096 3878 placet

522 3886 832 3941 accuratius
863 3887 917 3942 id
949 3889 1094 3959 quod
1114 3891 1322 3946 dictum
1349 3900 1444 3948 est
1473 3895 1812 3960 examinare,
1843 3897 2096 3954 conside-

521 3983 602 4029 ret
635 3977 777 4046 apud
827 3992 909 4043 se,
944 3981 1075 4049 quid
1135 3985 1312 4038 sancti
1371 3985 1508 4055 ipsi,
1558 3989 1782 4060 etquid
1844 3987 2095 4045 Salvator

520 4073 709 4121 noster
734 4065 991 4126 Christus
1021 4072 1354 4131 mirabiliter
1392 4087 1720 4146 patrarunt,
1768 4088 2095 4152 tantumque

519 4154 727 4212 distare
780 4162 1102 4230 comperiet,
1135 4172 1400 4234 quantum
1453 4177 1614 4222 antea
1654 4167 1915 4226 diximus.
1951 4171 2092 4240 Quid

519 4247 666 4315 quod
695 4248 771 4302 illi
804 4252 1028 4320 quidem
1057 4262 1116 4308 ut
1147 4257 1283 4312 meri
1337 4255 1530 4314 famuli
1582 4260 1637 4314 in
1669 4261 1833 4316 domo
1867 4279 2093 4320 versane

520 4339 630 4403 tur,
693 4340 782 4395 hic
815 4353 996 4399 autem
1031 4355 1088 4400 ut
1112 4345 1286 4404 Filius
1329 4349 1516 4406 domui
1541 4368 1654 4408 suae
1684 4357 1920 4424 praeest?
1951 4356 2094 4413 Prat-

2202 3180 2262 3217 τε
2307 3164 2505 3229 αὐτοὺς
2563 3167 2986 3237 ἀναπεπλῆσθαι
3033 3171 3253 3234 πάντως
3307 3173 3425 3244 ὲρεί
3478 3173 3578 3244 τῆς
3629 3176 3779 3247 παρὰ

2203 3255 2339 3310 Θεοῦ
2363 3275 2376 3286 ·
2406 3260 2505 3330 τὴν
2534 3256 2590 3311 δέ
2619 3275 2681 3328 γε
2710 3257 2805 3312 τοῦ
2828 3262 3163 3329 Μονογενοῦς
3191 3263 3350 3328 δόξαν
3383 3281 3442 3320 τε
3471 3266 3566 3321 καὶ
3593 3267 3775 3340 χάριν,

2201 3347 2262 3401 οὐ
2294 3350 2415 3428 ταῖς
2442 3348 2551 3402 τῶν
2595 3350 2813 3408 πάντων
2846 3351 3231 3425 άμιλλωμένην
3279 3354 3570 3410 τεθεᾶσθαι
3614 3374 3776 3428 φασιν

2201 3439 2250 3490 οἱ
2281 3423 2518 3509 θεολόγοι
2554 3443 2647 3496 καὶ
2674 3442 2970 3514 μάρτυρες,
2997 3444 3135 3498 ἀλλά
3163 3423 3297 3504 πολὺ
3325 3447 3444 3526 λίαδν
3483 3423 3775 3520 ὑπερτενῆ.

2201 3532 2296 3586 καὶ
2346 3532 2700 3605 άσυγκρίτοις
2743 3535 3040 3607 ὑπεροχαῖς
3069 3538 3487 3605 ἀναϐαίνουσαν,
3518 3541 3580 3593 οὐ
3613 3557 3776 3612 μεμε-

2200 3623 2478 3695 τρημένην
2525 3624 2752 3696 ἔχουσαν
2802 3627 2878 3691 ὡς
2929 3629 3134 3701 ἑτέρον¹
3167 3630 3401 3694 διδόντος
3452 3631 3550 3702 τὴν
3595 3634 3772 3704 χάριν,

2202 3715 2318 3768 ἀλλ’
2361 3717 2438 3779 ὡς
2469 3718 2526 3770 ἐν
2575 3719 2767 3790 τελείῳ
2793 3720 3004 3775 τελείαν
3051 3721 3145 3776 καὶ
3175 3721 3390 3795 ἀληθῆ,
3431 3723 3575 3776 τοῦτ’
3593 3724 3774 3789 ἐστιν,

2200 3804 2301 3862 οὐκ
2327 3806 2674 3874 ἐπείσακτον,
2703 3809 3054 3876 οὐᾶιέξωθεν
3081 3813 3156 3875 ὡς
3185 3813 3243 3865 ὲν
3276 3813 3591 3886 προσθήκης
3611 3815 3776 3886 μέρει

2201 3901 2755 3973 προσπεπορισμένην
2776 3941 2791 3966 ,
2849 3902 2963 3956 ἀλλ’
3013 3903 3289 3970 ούσιωδῶς
3343 3905 3772 3988 ἐνυπάρχουσαν,

2201 3989 2294 4046 καὶ
2327 3991 2534 4064 καρπὸν
2561 3992 2816 4063 πατρῴου
2845 3995 3132 4065 ἰδιώματος
3167 3996 3410 4066 φυσικῶς
3447 3999 3542 4052 ἐπὶ
3585 4000 3674 4052 τὸν
3716 4000 3776 4066 ἐξ

2201 4081 2366 4136 αὐτοῦ
2407 4083 2703 4154 διήκουσαν
2748 4085 2896 4140 Υίόν.
2930 4087 2995 4142 Ei
3031 4087 3089 4142 δέ
3132 4105 3212 4160 τῳ
3243 4089 3389 4146 δοκεί
3416 4089 3775 4164 πλατυτέροις

2202 4175 2521 4247 θεωρήμασι
2575 4175 2883 4248 βασανίζειν
2922 4178 2984 4232 τὸ
3013 4181 3335 4256 είρημένον,
3389 4181 3773 4238 άποσκοπιίτω

2201 4265 2326 4320 καθ’
2380 4267 2571 4327 ἑαυτὸν
2620 4269 2713 4322 καὶ
2751 4270 2820 4323 τά
2859 4269 2924 4322 δι’
2969 4271 3198 4329 ἑκάστου
3236 4273 3345 4326 τῶν
3377 4273 3550 4342 ἁγίων
3596 4291 3774 4345 παρα-

2207 4358 2375 4424 δόξως
2420 4361 2790 4432 γεγενημένα,
2832 4362 2926 4416 καὶ
2967 4361 3035 4416 τὰ
3083 4363 3171 4417 διὰ
3214 4364 3308 4418 τοῦ
3339 4365 3592 4436 Σωτῆρος
3617 4366 3775 4436 ἡμῶν

519 4436 670 4484 terea
719 4434 988 4504 scriptum
1041 4447 1126 4491 est
1177 4440 1245 4494 de
1302 4439 1642 4513 Unigenito:
1684 4463 1703 4496 ι
1760 4445 2088 4505 Benedictus

2204 4447 2463 4518 Χριστοῦ,
2505 4451 2599 4503 καὶ
2628 4449 2895 4520 τοσαύτην
2927 4445 3092 4504 οὖσαν
3118 4451 3341 4522 εὑρήσει
3367 4451 3464 4523 τὴν
3485 4434 3772 4524 διαφοράν,

519 4521 612 4588 qui
660 4524 809 4578 venit
863 4528 917 4579 in
950 4529 1174 4583 nomine
1202 4528 1422 4585 Domini
1446 4534 1514 4588 ".
1548 4553 1566 4584 ι
1597 4533 1671 4590 De
1717 4540 1926 4595 sanctis
1965 4557 2094 4596 vero

521 4610 667 4666 Deus
695 4625 758 4666 ac
778 4612 937 4669 Pater
962 4616 1037 4668 ait
1068 4633 1082 4669 :
1115 4637 1133 4668 ι
1177 4618 1241 4669 Et
1263 4620 1386 4674 misi
1417 4620 1485 4674 ad
1515 4638 1612 4677 vos
1659 4638 1852 4681 omnes
1904 4644 2094 4686 servos

521 4717 673 4758 meos
704 4705 1000 4772 prophetas
1031 4707 1098 4760 ".
1136 4728 1154 4760 ι
1182 4707 1528 4775 Quinetiam,
1579 4713 1654 4767 illi
1707 4730 1944 4786 superna
1982 4720 2094 4773 vir-

521 4796 635 4841 tute
657 4789 844 4842 donati
879 4801 1009 4846 sunt
1037 4811 1050 4847 :
1080 4795 1168 4847 hic
1194 4805 1375 4850 autem
1403 4807 1487 4854 est
1508 4800 1775 4855 virtutum
1806 4801 2090 4861 Dominus.

523 4895 543 4930 ι
577 4874 635 4932 Si
669 4893 776 4932 non
833 4878 978 4935 facio
1026 4897 1193 4953 opera
1242 4883 1418 4940 Patris
1473 4888 1613 4951 mei,
1673 4887 1872 4958 inquit,
1918 4892 2090 4947 nolite

517 4969 649 5026 mihi
690 4971 933 5028 credere.
987 4974 1046 5029 Si
1078 4982 1260 5030 autem
1291 4976 1460 5042 facio,
1502 4989 1565 5060 et.
1585 4979 1629 5034 si
1658 4981 1790 5034 mihi
1819 4997 1927 5036 non
1969 4996 2090 5039 cre-

516 5062 667 5125 ditis.
696 5065 955 5132 operibus
992 5067 1129 5122 meis
1163 5069 1371 5123 credite
1396 5071 1464 5125 δ’.
1506 5089 1524 5122 ι
1561 5069 1751 5142 Itaque
1783 5075 1830 5128 si
1859 5090 1925 5130 ex
1955 5076 2088 5145 ipsis

514 5155 774 5224 operibus
799 5156 950 5210 Patri
976 5159 1176 5214 virtute
1201 5160 1430 5228 aequalis
1462 5159 1791 5231 Unigenitus
1820 5180 1940 5220 esse
1963 5181 2086 5221 cer-

514 5246 683 5310 nitur,
713 5249 910 5318 aequali
953 5250 1144 5321 utique
1175 5251 1352 5321 gloria
1386 5267 1511 5307 cum
1565 5252 1730 5310 Patre
1770 5257 1966 5311 merito
1999 5273 2088 5313 ce-

513 5334 839 5407 lebrabitur,
864 5343 1101 5398 maxime
1129 5357 1252 5398 cum
1290 5345 1579 5415 aequaliter
1625 5357 1904 5418 operetur.
1941 5348 2087 5405 Tan-

513 5431 628 5479 tum
677 5438 895 5497 autem,
945 5434 1072 5489 licet
1107 5435 1180 5490 sit
1218 5434 1272 5490 in
1316 5452 1504 5503 carne,
1559 5439 1624 5493 ad
1682 5439 2086 5496 fraternitatem

512 5523 734 5573 vocatos
795 5525 1111 5591 superabit,
1161 5534 1429 5598 quantum
1501 5529 1751 5584 homines
1813 5531 2085 5587 naturalis

2190 4540 2320 4609 ὅσην
2349 4541 2450 4610 ἤδη
2478 4540 2840 4612 προλαϐόντες
2873 4541 3173 4614 εἰρήκαμεν
3192 4559 3206 4573 ’
3247 4541 3382 4614 πρὸς
3419 4543 3477 4596 δέ
3505 4559 3569 4612 γε
3597 4542 3774 4614 τούτῳ

2202 4631 2443 4684 κάκεῖνο.
2480 4632 2543 4682 Οἱ
2593 4631 2691 4700 μὲν
2721 4632 2828 4702 γὰρ
2867 4633 2942 4694 ὡς
2993 4631 3197 4684 οἰκέται
3241 4633 3456 4702 γνήσιοι
3503 4636 3631 4704 περὶ
3679 4634 3774 4687 τὸν

2189 4715 2336 4773 οἶκόν
2376 4721 2547 4784 εἰσιν,
2581 4723 2609 4773 6
2641 4721 2694 4774 δὲ
2727 4722 2802 4784 ὡς
2832 4723 2958 4786 Υἱὸς
2989 4723 3080 4776 ἐπὶ
3123 4723 3212 4776 τὸν
3261 4719 3407 4777 οἷκον
3437 4724 3601 4778 αὐτοῦ
3627 4741 3639 4755 ο
3675 4724 3774 4778 καὶ

2191 4811 2320 4882 περὶ
2354 4812 2451 4880 μὲν
2479 4811 2573 4864 τοῦ
2603 4813 2938 4882 Μονογενοῦς
2971 4817 3004 4885 ὴ
3033 4813 3152 4868 θεία
3177 4815 3326 4884 λέγει
3368 4817 3580 4889 Γραφήο
3613 4836 3634 4868 ι
3662 4817 3772 4870 Εὐ-

2193 4901 2490 4973 λογημένος
2533 4904 2561 4955 6
2601 4904 2891 4974 ἐρχόμενος
2934 4906 2991 4958 ὲν
3033 4906 3258 4978 ὀνόματι
3302 4907 3541 4982 Κυρίουο
3585 4927 3604 4959 ι
3642 4909 3776 4978 att-.91

2193 4992 2249 5046 δὲ
2275 4993 2380 5046 τῶν
2414 4994 2582 5062 ἁγίων
2612 4998 2640 5048 6
2680 4996 2809 5060 Θεὸς
2856 4998 2950 5050 καὶ
2994 5000 3183 5070 Πατήρ
3207 5015 3220 5029 ·
3268 5018 3285 5050 ι
3322 5000 3433 5053 Καὶ
3473 4999 3775 5054 ἀπέστειλα

2196 5084 2332 5155 πρὸς
2353 5085 2497 5155 ὑμᾶς
2524 5087 2729 5151 πάντας
2748 5090 2872 5152 τοὺς
2893 5089 3111 5153 δούλους
3139 5107 3240 5160 μου
3264 5091 3391 5157 τοὺς
3413 5092 3720 5162 προφήτας.
3748 5110 3770 5143 ι

2195 5175 2304 5228 Καὶ
2332 5177 2380 5229 οἱ
2414 5176 2512 5247 μὲν
2557 5177 2654 5249 τὴν
2681 5179 2888 5234 ἄνωθεν
2915 5181 3246 5246 ἐδανείζοντο
3276 5181 3532 5254 δύναμιν·
3558 5185 3586 5236 6
3608 5182 3665 5236 δὲ
3693 5183 3775 5247 ὡς
3881 5187 3887 5192 ’

2193 5265 2304 5319 τῶν
2334 5267 2619 5340 δυνάμεων
2663 5271 2888 5344 Κύριος,
2930 5293 2948 5328 ι
2997 5276 3063 5329 Εἰ
3105 5276 3166 5330 ού
3198 5277 3336 5332 ποιῶ
3385 5278 3455 5332 τὰ
3492 5277 3630 5350 ἔργα
3670 5277 3774 5334 τοῦ

2195 5357 2408 5427 Πατρός
2450 5376 2584 5430 μου,
2628 5363 2762 5433 φησὶ
2787 5403 2801 5428 ,
2857 5364 2930 5438 μὴ
2973 5366 3256 5422 πιστεύετέ
3293 5385 3405 5440 μοι·
3432 5372 3482 5424 ει
3513 5369 3571 5424 δὲ
3606 5369 3772 5436 ποιῶ,

2193 5448 2296 5507 κᾶν
2327 5451 2449 5520 ἐμοὶ
2480 5453 2555 5523 μὴ
2587 5454 2899 5526 πιστεύητε,
2925 5460 3038 5522 τοῖς
3067 5458 3249 5531 ἔργοις
3272 5478 3374 5530 μου
3405 5460 3715 5516 πιστεύετε.
3745 5481 3766 5514 ι

2192 5539 2400 5596 Οὐκοῦν
2429 5543 2479 5595 εἰ
2500 5545 2750 5611 τοσοῦτος
2774 5549 2852 5611 είς
2873 5548 3103 5621 δύναμιν
3123 5554 3151 5605 6
3169 5553 3502 5624 Μονογενὴς,
3530 5553 3769 5625 ὅσοσπερ

581 5693 626 5730 ⁸³
655 5691 814 5748 Rom.
869 5711 986 5759 vni,
1038 5700 1126 5754 15.
1202 5702 1476 5774 “Ephcs.
1533 5720 1591 5768 ll,
1645 5707 1729 5763 iti.
1807 5709 2017 5766 "Psal.
2068 5728 2097 5768 (ς

2201 5732 2234 5782 I,
2287 5719 2375 5775 26.
2451 5721 2497 5752 ⁸⁵
2543 5721 2742 5779 Jercm.
2793 5741 2892 5794 vn,
2931 5728 3020 5784 25.
3100 5730 3145 5762 ⁸⁷
3177 5729 3334 5787 Joan.
3374 5749 3427 5793 τ.
3470 5733 3559 5798 57,
3600 5733 3688 5788 58.
