4052 6208
255 317 362 374 165

1307 309 1374 363 ΙΝ
1395 307 1688 366 JOANNIS
1719 307 2170 364 EVANGELIUM
2210 308 2341 363 LIB.
2387 307 2424 361 Ι.

3409 309 3514 365 £66

253 432 324 486 ἂν
359 429 450 501 εἴη
489 429 584 482 καὶ
621 427 651 478 6
684 425 901 496 Πατὴρ,
927 426 998 479 δι’
1029 425 1209 480 αὐτῶν
1251 427 1444 496 ὁρᾶται
1493 425 1604 479 τῶν
1639 425 1835 497 ἔργων’

1946 427 2088 482 Deus
2109 466 2123 492 ,
2153 435 2207 481 et
2239 425 2381 480 ﬁlios
2409 424 2699 493 adoptivos
2727 430 2954 492 superat
2974 437 3159 478 verus.
3189 419 3365 477 Porro
3387 420 3513 477 cum

256 519 608 589 ισοστάθμοις
651 516 933 584 ἀναλόγως
982 514 1454 586 μεγαλυνθήσεται
1483 515 1662 580 δόξαις
1686 555 1700 579 ,
1741 515 1837 568 άτε

1933 517 2078 589 apud
2117 517 2335 572 beatqu
2367 515 2570 569 Lucam
2607 515 2876 584 scriptum
2909 515 2984 570 sit
3015 532 3031 570 :
3069 533 3088 566 ι
3125 512 3288 570 Iesus
3331 524 3512 570 autem

254 612 320 682 δὴ
369 612 468 664 καὶ
519 607 628 661 τῶν
686 607 818 660 ῐσων
849 605 1142 680 ἐργάτης·
1199 603 1456 675 ὑπερέξει
1507 603 1564 660 δὲ
1623 604 1837 668 πάντως

1938 607 2251 680 proﬁciebat
2271 606 2535 676 sapientia
2569 613 2623 660 et
2647 608 2822 675 gratia
2844 606 2890 638 ⁸⁸
2911 625 2958 672 ι,
3011 605 3413 662 observandum
3429 614 3515 661 est

253 701 526 762 τοσοῦτον,
555 700 652 752 καὶ
673 699 731 751 ἐν
761 697 927 769 σαρκὶ
952 696 1212 765 γεγονὼς,
1246 697 1373 762 τοὺς
1401 696 1482 759 είς
1503 693 1837 766 ἀδελφότητα

1938 697 2026 752 hic
2080 695 2476 767 evangelistam
2529 695 2740 752 dixisse
2792 693 2990 750 Filium
3049 697 3268 766 plenum
3333 695 3514 766 gratia

253 790 656 862 κεκλημένους,
701 790 824 843 ὅσον
855 786 1176 857 ἀνθρώπους
1212 787 1240 841 6
1291 786 1435 852 κατὰ
1479 786 1640 856 φύσιν
1680 787 1836 852 Θεὸς,

255 883 349 936 καὶ
372 883 527 946 υἱοὺς
547 882 673 944 τοὺς
701 879 840 933 κατά
866 878 1015 932 θέσιν
1034 880 1062 933 6
1085 879 1224 933 κατὰ
1247 879 1507 950 ἀλήθειαν
1532 878 1835 943 ἐξάλλεται.

265 972 488 1044 Ἐπειδὴ
542 971 598 1024 δὲ
653 972 963 1042 γέγραπται
1001 969 1152 1040 παρὰ
1205 969 1284 1040 τῷ
1328 969 1584 1040 μακαρίῳ
1623 969 1828 1038 Λουκᾷο

257 1083 277 1115 s
329 1064 542 1136 Ἰησοῦς
588 1061 646 1116 δὲ
708 1061 1046 1131 προέκοπτεν
1084 1061 1142 1112 ἐν
1181 1062 1342 1133 σοφίᾳ
1395 1061 1491 1115 καὶ
1549 1060 1768 1132 χάριτι·
1806 1077 1825 1110 ι

258 1154 596 1226 σημειωτέον
622 1155 680 1207 ἐν
701 1154 933 1219 τούτοις,
951 1154 1031 1207 ὅτι
1057 1153 1294 1220 πλήρης
1324 1151 1560 1222 χάριτος
1575 1150 1717 1221 ἔχειν
1738 1149 1839 1222 τὴν

251 1246 409 1311 δόξαν
430 1245 536 1316 ἔφη
572 1245 666 1298 τὸν
699 1245 824 1297 Υίὺν
846 1246 874 1297 6
911 1244 1355 1314 πνευματοφόρος
1381 1257 1394 1272 ⁶
1433 1238 1552 1296 εἶτα
1585 1244 1677 1296 ποῖ
1706 1258 1836 1296 ποτε

252 1337 521 1407 προκόψει
561 1337 624 1389 τὸ
662 1335 867 1407 πλῆρες
886 1376 902 1402 ,
930 1335 963 1406 ἣ
1011 1337 1168 1388 ποίαν
1199 1333 1334 1398 ὅλως
1368 1332 1668 1397 ἐπιδέξεται
1700 1349 1838 1403 προ-

254 1429 501 1498 σθήκην,
543 1421 604 1481 οὗ
642 1425 902 1479 ἐπέκεινα
936 1425 1135 1496 μηδέν;
1168 1425 1378 1479 Οὐκοῦν
1401 1438 1427 1489 ,⁸
1455 1426 1554 1496 ούχ
1665 1426 1837 1494 Λόγος

253 1523 376 1573 ἐστὶ
406 1519 502 1573 καὶ
525 1518 659 1580 Θεὸς
689 1518 1022 1587 προκόπτειν
1043 1515 1280 1586 εἴρηται,
1316 1516 1430 1570 ἀλλ’
1457 1518 1538 1570 ὃτι
1569 1516 1834 1586 μειζόνως

253 1614 344 1666 ἀεὶ
374 1610 811 1680 θαυμαζόμενος,
847 1607 1196 1680 χαριέστερος
1223 1606 1374 1678 παρά
1411 1611 1522 1673 τοῖς
1546 1609 1714 1680 ὁρῶσι
1745 1607 1833 1660 διὰ

1938 789 2140 844 habere
2171 788 2422 858 gloriam.
2445 787 2513 841 At
2543 788 2824 857 quomodo
2853 787 3106 859 proliciet
3135 787 3187 842 id
3217 786 3364 858 quod
3399 787 3516 855 ple-

1939 893 2069 932 num
2088 889 2195 944 est,
2218 885 2314 930 aut
2337 877 2468 947 quid
2504 878 2576 941 ei,
2607 893 2816 948 quaeso,
2869 877 3132 933 accedere
3159 884 3338 947 potest
3371 877 3515 930 ultra

1939 970 2087 1040 quod
2140 969 2277 1024 nihil
2326 969 2446 1024 est?
2501 968 2674 1039 igitur
2726 983 2838 1022 non
2875 983 2982 1038 qua
3036 965 3275 1021 Verbum
3325 972 3410 1020 est
3450 977 3515 1018 ac

1941 1059 2109 1124 Deus,
2158 1041 2337 1113 dictus
2386 1065 2470 1114 est
2519 1057 2803 1127 prolicere,
2849 1054 2946 1112 sed
2997 1055 3142 1126 quod
3179 1054 3354 1123 magis
3392 1066 3513 1106 ma-

1935 1151 2130 1224 gisque
2148 1147 2558 1204 admirationem
2581 1148 2663 1203 sui
2694 1147 2980 1218 praeberet,
3004 1161 3070 1201 ex
3087 1145 3352 1216 operibus
3379 1143 3519 1214 ipsis

1936 1243 2108 1312 gratia
2154 1241 2210 1296 in
2243 1240 2360 1296 dies
2387 1239 2572 1309 augeri
2608 1239 3012 1309 spectatoribus
3037 1236 3348 1300 videbatur,
3380 1248 3510 1304 pro-

1940 1333 2154 1387 liciente
2175 1333 2382 1402 potius,
2421 1339 2478 1382 ut.
2504 1344 2632 1384 vere
2667 1329 2869 1393 dicam,
2887 1326 3276 1382 admirantium
3297 1325 3510 1389 habitu,

1937 1437 2100 1492 quam
2126 1421 2247 1491 ipso
2279 1419 2346 1474 ad
2378 1419 2637 1489 gratiam,
2670 1419 2764 1488 qui
2797 1418 3072 1488 perfectus
3099 1426 3202 1483 est,
3250 1425 3309 1472 ut
3340 1415 3510 1474 Deus.

1938 1516 2117 1583 Atque
2144 1512 2257 1566 hinc
2279 1524 2742 1565 commemorasse
2770 1525 2881 1564 non
2913 1511 3020 1564 erit
3068 1511 3277 1576 inutile,
3311 1525 3510 1580 quam-

1938 1607 2022 1661 vis
2054 1603 2452 1674 aliquantulum
2487 1601 2734 1671 digressa
2761 1603 2829 1656 sit
2870 1605 3068 1656 oratio.

254 1705 364 1757 τῶν
397 1701 854 1771 ἀποτελεσμάτων
882 1699 1224 1754 ἀνεδείκνυτο
1244 1741 1258 1764 ,
1309 1701 1756 1772 προκοπτούσης,
1782 1700 1859 1764 ὡς
1898 1699 2014 1752 ἐστι
2047 1697 2246 1769 μᾶλλον
2275 1697 2449 1749 εἰπεῖν
2484 1693 2863 1765 ἀληθέστερον,
2903 1693 3003 1762 τῆς
3038 1691 3147 1747 τῶν
3211 1691 3516 1761 θαυμαζόνο

255 1813 369 1850 των
417 1795 619 1861 ἕξεως,
655 1793 800 1864 ἤπερ
834 1791 1000 1846 αὐτου
1045 1790 1139 1845 τοῦ
1179 1791 1422 1860 τελείου,
1473 1793 1610 1866 πρὸς
1650 1793 1828 1865 χάριν,
1867 1793 1944 1856 ὡς
1976 1789 2132 1845 Θεοῦ.
2165 1787 2419 1861 Εἰρήσθω
2452 1785 2744 1841 καὶταῦτα
2795 1784 3102 1856 χρησίμως,
3133 1785 3182 1837 ει
3238 1784 3335 1837 καὶ
3397 1782 3514 1836 ἐστι

261 1885 661 1958 παρεκϐατικὸς
683 1887 711 1937 ὁ
741 1882 920 1953 λόγος.

308 2006 586 2073 Ἰωάννης
619 2000 914 2073 μαρτυρεῖ
951 1999 1086 2070 περὶ
1118 1999 1327 2066 αὑτοῦ,
1359 2001 1458 2058 καὶ
1489 2001 1801 2072 κέκραγεν.

2009 1995 2061 2061 l,
2097 1995 2186 2049 15.
2217 1993 2454 2049 Joannes
2503 1993 2860 2048 testimonium
2907 1991 3139 2061 perhibet
3183 1996 3248 2046 de
3299 1992 3409 2060 ipso
3460 2002 3516 2049 et

344 2173 661 2230 Ἀκολουθεῖ
688 2173 852 2228 πάλιν
877 2176 999 2238 ταῖς
1025 2175 1184 2239 ἰδίαις
1207 2175 1438 2240 ἐννοίαις
1467 2178 1497 2229 6
1528 2176 1838 2246 σοφώτατος

255 2266 680 2338 εύαγγελιστὴς,
710 2267 805 2320 καὶ
829 2265 905 2330 ὡς
933 2268 1044 2331 τοῖς
1068 2267 1245 2319 ὀπίσω
1285 2265 1726 2337 χριωστούμενον
1747 2267 1840 2319 τὸν

255 2359 458 2430 ἐφεξῆς
500 2357 794 2430 εὐρύθμως
833 2359 1068 2411 ποιεῖται
1113 2358 1292 2426 λόγον.
1336 2357 1553 2429 Ἐπειδὴ
1583 2357 1694 2426 γὰρ
1734 2357 1838 2429 ἔφη

254 2449 507 2522 περὶτοῦ
549 2447 681 2502 Υίοῦ
729 2448 825 2503 τοῦ
860 2449 1018 2512 Θεοῦ,
1057 2468 1077 2501 ι
1125 2449 1500 2519 Ἐθεασάμεθα
1542 2449 1642 2521 τὴν
1685 2447 1840 2514 δόξαν

253 2540 444 2604 αὐτοῦ,
476 2540 632 2604 δόξαν
661 2539 737 2602 ὡς
766 2539 1129 2609 Μονογενοῦς,
1170 2559 1189 2593 ι
1231 2540 1320 2594 ἵνα
1365 2539 1441 2612 μὴ
1497 2539 1656 2611 μόνος
1715 2541 1842 2610 φαί-

254 2647 416 2700 νηται
438 2631 598 2683 τοῦτο
644 2630 840 2698 λέγων,
873 2632 973 2703 οὐχ
999 2632 1083 2688 ἑνὶ
1114 2629 1392 2704 προσώπῳ
1426 2632 1520 2687 τοῦ
1557 2651 1575 2686 ι
1610 2633 1842 2688 ἐθεασά-

259 2721 410 2793 μεθα
441 2742 460 2774 ι
495 2722 816 2793 πρέποντος,
835 2723 927 2778 τὸν
954 2723 1240 2796 ὁμώνυμον
1277 2724 1536 2778 συνάπτει
1566 2725 1840 2796 μάρτυρα,

252 2814 393 2884 μίαν
423 2813 619 2884 ἔχοντα
648 2813 785 2885 πρὸς
821 2814 988 2869 αὑτὸν
1042 2816 1137 2869 καὶ
1180 2816 1279 2887 τὴν
1309 2817 1481 2886 αὐτὴν
1530 2815 1840 2870 εὐσέϐειαν.

246 2904 570 2976 Μαρτυρῶ,
601 2906 749 2974 φησι,
786 2904 1074 2977 τοιγαροῦν
1098 2905 1208 2974 ἐγὼ
1240 2906 1527 2978 (τεθέαμαι
1558 2907 1667 2979 γὰρ
1703 2908 1841 2979 ὅπερ

251 2989 446 3064 εἷπον)
469 3035 482 3054 .
518 2998 779 3067 μαρτυριῖ
813 2995 869 3049 δέ
895 2995 1098 3067 ὁμοίως
1127 2997 1222 3051 καὶ
1246 2999 1274 3050 6
1296 2998 1628 3070 Βαπτιστής.
1669 2997 1842 3063 Ἄξιος

249 3085 548 3156 λογωτάτη
586 3083 693 3141 τῶν
749 3088 1219 3158 πνευματοφόρων
1245 3089 1376 3152 δυάς
1407 3091 1513 3152 καὶ,
1541 3088 1841 3160 ἀξιόχρεως

253 3176 518 3246 ξυνωρὶς,
550 3177 780 3249 ἀληθείᾳ
823 3178 1344 3251 συντεθραμμένων,
1384 3182 1478 3234 καὶ
1499 3181 1598 3236 ούκ
1626 3181 1842 3235 εἰδότων

251 3267 317 3321 τὸ
358 3267 674 3338 ψεύδεσθαι.
723 3269 832 3322 Θέα
885 3269 942 3323 δὲ
992 3269 1140 3335 ὅπως
1183 3273 1672 3344 ἐμφαντικωτάτην
1710 3273 1840 3344 ἡμῖν

1938 2086 2160 2142 clamat.

2009 2175 2202 2232 Eidem
2253 2174 2540 2231 sententiae
2582 2174 2793 2231 insistit
2833 2175 3286 2246 sapientissimus
3337 2189 3515 2230 evan-

1938 2265 2155 2336 gelista,
2192 2271 2247 2320 et
2269 2264 2632 2333 posteriorem
2672 2278 2981 2319 sermonem
3017 2264 3267 2334 apposite
3305 2257 3514 2320 conne-

1938 2357 2037 2412 ctit
2067 2356 2423 2426 praecedenti.
2469 2354 2609 2410 Nam
2641 2371 2769 2410 cum
2801 2355 2872 2411 de
2918 2354 3058 2410 Filio
3094 2355 3187 2412 Dei
3238 2355 3510 2412 dixisset:

1944 2467 1964 2502 ι
2005 2446 2256 2504 Vidimus
2311 2446 2546 2518 gloriam
2607 2447 2760 2516 eius,
2816 2448 3048 2517 gloriam
3099 2449 3258 2519 quasi
3309 2449 3515 2518 linige-

1942 2542 2060 2605 niti,
2101 2561 2120 2593 ι
2153 2555 2226 2596 ne
2263 2541 2419 2595 solus
2448 2537 2598 2594 istud
2645 2537 2834 2594 dicere
2871 2539 3172 2603 videretur,
3207 2554 3332 2593 cum
3363 2558 3383 2591 ι
3417 2538 3511 2592 Vi-

1941 2633 2146 2696 dimus,
2180 2651 2199 2683 ι
2231 2647 2340 2687 non
2367 2631 2461 2685 uni
2491 2644 2743 2700 personui
2784 2631 3093 2694 conveniat,
3125 2630 3514 2701 cognominem

1941 2727 2044 2784 sibi
2106 2734 2303 2782 testem
2345 2723 2618 2793 adjungit,
2658 2739 2772 2779 una
2823 2739 3009 2780 secum
3055 2723 3332 2778 eteadem
3379 2738 3514 2794 erga

1941 2818 2110 2875 Deum
2144 2819 2347 2888 pietate
2369 2816 2682 2886 praeditum.
2714 2815 2911 2871 Testor
2941 2816 3128 2886 igitur,
3157 2816 3364 2886 inquit,
3387 2831 3514 2886 ego,

1930 2908 2334 2989 1speotavi99
2354 2910 2501 2964 enim
2533 2911 2679 2979 quod
2704 2909 2842 2978 dixi)
2867 2948 2882 2973 ,
2909 2909 3296 2962 testatnritem
3326 2908 3514 2978 Bapti~

1940 3011 2047 3059 sta.
2116 3001 2514 3070 Dignissimum
2577 3015 2676 3070 par
2732 3000 3114 3070 theologorum
3180 3001 3518 3070 testiumque

1939 3093 2298 3162 locupletum,
2350 3091 2711 3162 qui,veritati
2746 3091 3004 3145 innutriti
3053 3098 3184 3147 sunt
3234 3103 3289 3146 et
3331 3093 3519 3150 omnis

1939 3176 2212 3233 mendacii
2257 3178 2456 3233 nescii.
2488 3177 2668 3234 Cerne
2711 3187 2894 3234 autem
2945 3194 3062 3250 quo
3113 3189 3274 3250 pacto
3307 3181 3517 3250 signiﬁ-

1939 3269 2262 3325 cantissime
2302 3269 2357 3324 id
2393 3269 2555 3325 nobis
2584 3278 2843 3340 exponat.
2883 3269 3004 3348 Non
3036 3273 3180 3328 enim
3214 3274 3392 3328 solum
3439 3275 3519 3329 ait

253 3359 558 3430 ἐποιήσατο
588 3357 688 3429 τὴν
714 3359 994 3431 ἐξήγησιν.
1023 3361 1099 3414 Ού
1129 3360 1237 3430 γὰρ
1268 3361 1428 3428 μόνον
1456 3363 1537 3416 ότι
1575 3364 1837 3433 μαρτυρεί

1942 3355 2210 3413 Joannem
2246 3359 2436 3414 testari
2467 3357 2537 3413 de
2569 3359 2710 3429 ipso,
2748 3361 2846 3416 sed
2875 3361 3042 3416 etiam
3074 3362 3317 3419 clamare
3369 3364 3516 3419 utili-

253 3466 426 3520 φησιν
458 3451 490 3501 6
529 3449 782 3519 Ἰωάννης
808 3451 938 3522 περὶ
982 3451 1174 3519 αὑτοῦ,
1209 3452 1536 3524 προστίθησι
1569 3452 1624 3506 δὲ
1648 3453 1841 3524 χρησί-

255 3555 401 3610 μως,
446 3539 531 3592 ὅτι
573 3541 667 3592 καὶ
711 3541 1002 3612 κέκραγεν,
1055 3543 1162 3596 ἀπὸ
1192 3543 1287 3597 τοῦ
1312 3585 1326 3609 ,
1363 3562 1382 3596 ι
1415 3542 1570 3616 Φωνὴ
1610 3544 1841 3613 βοῶντος

254 3632 314 3684 ἐν
350 3631 419 3700 τῇ
453 3631 645 3700 ἐρήμῳ
669 3669 684 3695 ,
717 3649 736 3682 ι
771 3629 1060 3702 λαμϐάνων
1094 3633 1188 3688 τοῦ
1219 3633 1380 3703 λόγου
1416 3635 1514 3705 τὴν
1537 3633 1834 3702 ἀπόδειξιν·

252 3721 442 3786 καλῶς
473 3721 529 3774 δὲ
557 3723 650 3775 καὶ
684 3724 840 3776 τοῦτο
873 3723 1017 3780 λίαν.
1061 3725 1353 3797 Ἐνεχώρει
1392 3727 1499 3799 γάρ
1537 3744 1690 3793 τινας
1727 3728 1837 3783 τῶν

253 3812 321 3866 δι’
362 3813 612 3877 ἐναντίας
651 3815 845 3869 εἰπεῖν’
905 3817 1044 3871 Πότε
1082 3816 1160 3888 τῷ
1208 3819 1506 3887 Μονογενεῖ
1559 3819 1841 3892 μεμαρτύ-

259 3922 429 3976 ρηκεν
463 3906 493 3958 6
523 3905 855 3977 Βαπτιστὴς,
901 3907 934 3978 ἢ
963 3909 1058 3962 καὶ
1085 3909 1224 3964 τίσιν
1251 3911 1456 3976 ἐκεῖνος
1482 3913 1611 3983 περὶ
1635 3913 1841 3967 τούτων

257 3993 696 4059 ἀνεκοινώσατο;
745 3995 1033 4067 Κέκραγεν
1075 3997 1201 4063 οὖν,
1246 4001 1449 4071 φησὶν,
1493 4003 1638 4056 τοῦτ’
1668 4003 1837 4069 ἐστιν,

256 4086 361 4138 οὐκ
388 4086 446 4139 ἐν
474 4085 812 4156 παραϐύστῳ
837 4087 1010 4155 λαλεῖ,
1051 4091 1151 4145 ούκ
1175 4091 1382 4163 ἠρέμα,
1419 4094 1512 4149 καὶ
1539 4093 1845 4166 ψιθυρίξων⁴

261 4180 569 4248 μαρτυρεῖ·
608 4177 905 4248 σάλπιγγος
934 4181 1141 4252 ἀκούσῃ
1181 4182 1413 4248 ϐοῶντος
1460 4185 1835 4256 εὑηχέστερον.

258 4271 333 4321 υῦ
374 4267 539 4338 μόνος
566 4269 804 4334 ἀκούσας
832 4272 899 4324 τὰ
929 4272 1157 4328 τοιαῦτά
1186 4291 1349 4346 φημι,
1387 4276 1595 4340 πλατὺς
1624 4278 1720 4334 καὶ
1759 4279 1839 4342 εἰς

217 4374 226 4383 ·
261 4358 471 4423 πάντας
499 4360 527 4410 6
554 4360 727 4428 λόγος,
751 4362 1002 4435 λαμπρὸς
1022 4365 1056 4445 ό⁵
1073 4366 1268 4438 κήρυξ,
1300 4365 1573 4439 ἐπίσημος
1599 4371 1632 4440 ἡ
1662 4369 1835 4443 φωνὴ,

262 4450 438 4520 μέγας
474 4449 569 4501 καὶ
611 4451 711 4504 οὐκ
735 4451 1011 4520 ἄγνωστος
1037 4455 1065 4508 ό
1101 4457 1421 4530 πρόδρομος.

333 4535 532 4604 Οὗτος
562 4536 661 4609 ἦν,
681 4541 756 4596 ὃν
792 4537 963 4598 εἶπον
988 4563 1001 4576 ·
1045 4545 1104 4599 '0
1131 4548 1322 4603 ὀπίσω
1349 4567 1470 4618 μου
1494 4551 1838 4620 ἐρχόμενος,

262 4631 603 4700 ἔμπροσθέν
629 4649 749 4701 μου
787 4635 1052 4705 γέγονεν,
1093 4639 1182 4694 ὅτι
1213 4641 1446 4708 πρῶτός
1483 4659 1603 4712 μου
1646 4638 1744 4714 ἦν.

1946 3460 2030 3506 ter
2067 3449 2255 3518 addit,
2305 3459 2524 3521 sumpta
2568 3452 2862 3509 occasione
2899 3470 2964 3510 ex
2992 3454 3087 3508 illo
3121 3455 3290 3522 dicto,
3329 3476 3348 3508 ι
3395 3456 3513 3513 Vox

1941 3542 2236 3598 clamantis
2261 3542 2316 3596 in
2338 3541 2686 3609 deserto”;t
2721 3553 2870 3600 recte
2902 3560 3070 3601 sane:
3103 3555 3332 3616 possent
3363 3550 3510 3602 enim

1939 3649 2184 3704 querere
2194 3633 2876 3704 adversarii,quandonam
2893 3635 3269 3708 deUnigenito
3285 3646 3512 3694 testatus

1938 3734 2025 3782 est
2044 3724 2312 3797 Baptista,
2329 3732 2426 3781 aut
2445 3725 2775 3796 quibuscum
2793 3728 2862 3783 de
2891 3728 3043 3783 hisce
3066 3729 3232 3784 rebus
3265 3743 3514 3783 commu~

1940 3817 2163 3873 nicavit.
2213 3818 2425 3872 Clamat
2482 3817 2670 3887 igitur,
2707 3818 2918 3888 inquit,
2973 3818 3081 3873 hoc
3129 3827 3235 3882 est,
3286 3833 3396 3873 non
3455 3818 3511 3873 in

1938 3910 2155 3965 occulto
2185 3908 2446 3978 loquitur,
2493 3923 2604 3964 non
2643 3909 2918 3965 submisse
2949 3909 3173 3965 etclam
3209 3926 3511 3968 susurrans

1938 4007 2191 4056 testatur.
2227 3998 2438 4054 Tubam
2473 3999 2768 4056 clamantis
2797 3999 2969 4056 altius
3004 4001 3357 4057 insonantem
3413 4017 3512 4057 au-

1939 4089 2082 4146 dies.
2115 4090 2235 4145 Non
2267 4089 2382 4144 haec
2428 4089 2585 4146 solus
2623 4089 2776 4145 audit
2807 4091 3054 4154 scilicet,
3097 4091 3258 4162 longe
3294 4093 3512 4162 lateque

1940 4196 2124 4236 sermo
2169 4181 2414 4235 manavit
2440 4181 2495 4238 in
2527 4195 2750 4248 omnes,
2778 4195 2958 4246 praeco
2983 4182 3252 4247 illustris,
3283 4183 3430 4239 clara
3455 4192 3512 4239 et

1938 4269 2198 4326 distincta
2229 4285 2369 4336 vox,
2420 4284 2653 4341 magnus
2709 4285 2812 4326 nec
2855 4270 3126 4326 obscurus
3178 4287 3509 4342 praeui-sor.

2009 4550 2062 4614 ι.
2104 4551 2190 4606 13.
2231 4549 2334 4604 Hic
2353 4560 2512 4615 erat,
2537 4566 2688 4620 quem
2715 4551 2830 4606 dixi
2851 4568 2869 4606 :
2908 4550 3167 4622 Qui-post
3203 4570 3285 4608 me
3325 4563 3511 4610 υεηιιιαο

1945 4657 2035 4694 rus
2059 4651 2137 4696 est
2157 4682 2171 4706 ,
2203 4651 2326 4697 ante
2346 4643 2626 4712 mefactut
2651 4653 2764 4708 est;
2794 4644 2918 4714 quia
2931 4646 3089 4712 ,prior
3111 4663 3191 4700 me
3212 4656 3348 4702 erat.

341 4722 650 4791 Ὀνομάσας
678 4725 768 4777 τὸν
797 4726 1054 4803 μάρτυρα
1083 4730 1172 4784 τὸν
1196 4705 1554 4804 ὁμογνώμονα
1578 4705 1833 4805 καίόμώ-

2009 4733 2184 4786 (Jitato
2213 4741 2352 4788 teste
2391 4735 2637 4804 ejusdem
2668 4751 2853 4792 secum
2895 4738 3137 4793 nominis
3166 4753 3229 4792 ac
3285 4747 3511 4794 senten-

266 4815 624 4890 νυμοναύτῴ,
665 4819 758 4870 καὶ
803 4821 1016 4892 μεγάλῃ
1055 4821 1232 4890 δείξας
1280 4826 1730 4897 ἀποχρησάμενον
1765 4830 1832 4899 τῇ

265 4909 412 4976 φωνῇ
455 4906 590 4975 πρὸς
625 4908 724 4976 τὴν
754 4909 848 4963 τοῦ
894 4913 1252 4982 κηρύγματος
1299 4916 1598 4984 διακονίαν,
1634 4921 1835 4988 ἐπάγει

264 4997 545 5066 χρησίμως
579 4997 673 5050 καὶ
717 4992 816 5069 τῆς
845 5003 1149 5074 μαρτυρίας
1183 5004 1273 5057 τὸν
1303 5008 1532 5077 τρόπον·
1568 5011 1624 5064 ἐν
1661 5011 1836 5082 τούτῳ

263 5088 369 5158 γὰρ
410 5090 643 5158 μάλιστα
667 5091 889 5161 σύμπαν
923 5088 990 5164 ἦν
1023 5095 1083 5150 τὸ
1109 5094 1460 5168 ζητούμενον.
1494 5101 1559 5154 Τί
1601 5099 1691 5156 οὖν
1729 5105 1837 5176 ἄρα

259 5179 352 5230 τὸν
383 5180 620 5233 τοιοῦτον
663 5178 913 5252 Ἰωάννην
947 5185 1368 5258 ἀνακεκραγότα
1390 5192 1634 5260 περὶτοῦ
1665 5195 1837 5248 Move-

263 5271 450 5339 γενοῦς
479 5273 824 5344 εύρήσομεν;
872 5295 889 5326 ι
945 5278 1002 5330 ⁸0
1041 5279 1217 5334 ὀπίσω
1252 5299 1353 5352 μου
1385 5283 1696 5355 ἐρχόμενος,
1736 5286 1834 5357 ξμ-

264 5365 492 5434 προσθέν
531 5381 634 5434 μου
668 5365 877 5433 γέγονε,
914 5367 996 5422 ὅτι
1021 5371 1238 5440 πρῶτός
1276 5389 1378 5442 μου
1407 5369 1508 5444 ἦν’
1553 5395 1573 5427 ι
1606 5376 1782 5439 Βαθὺς
1807 5378 1836 5430 6

264 5451 438 5518 λάϊος,
474 5459 566 5505 καὶ
602 5451 805 5525 πολλὴν
835 5456 918 5523 ἐφ’
949 5458 1125 5529 ἐαυτῴ
1151 5459 1248 5530 τὴν
1290 5461 1520 5532 βάσανον
1554 5464 1800 5518 ἁπαιτῶν
1820 5481 1834 5494 ⁸

268 5542 294 5606 ἡ
339 5543 438 5612 μὲν
481 5544 592 5616 γάρ
633 5541 923 5617 πρόχειρος
966 5550 1077 5612 τοῖς
1114 5550 1328 5615 πολλοῖς
1376 5553 1468 5606 καὶ
1497 5554 1840 5627 τετριμμένη

323 5703 344 5732 ⁸
407 5702 543 5762 Luc.
591 5723 658 5768 ιι.
704 5705 792 5761 δί.
856 5709 904 5740 ’τ’
936 5708 1044 5762 lsa.
1079 5722 1167 5770 τι..
1221 5697 1472 5767 3ςξῐοδη.
1503 5719 1544 5775 ι,
1581 5707 1671 5764 25.

1935 4827 2045 4890 tiae,
2078 4839 2242 4896 quem
2278 4825 2474 4896 magna
2510 4841 2644 4881 voce
2683 4842 2800 4882 sua:
2835 4828 3246 4898 praedicationis
3265 4829 3508 4886 oﬂicium

1937 4918 2200 4990 implesse
2235 4917 2416 4983 dixit,
2447 4920 2799 4974 commodum
2832 4920 3071 4990 subjicit
3100 4921 3290 4990 ejusce
3343 4922 3506 4977 testi-

1937 5011 2111 5066 monii
2159 5009 2461 5074 rationem,
2515 5011 2570 5064 in
2626 5011 2732 5066 lioc
2783 5012 2928 5066 enim
2990 5013 3338 5082 potissimum
3388 5019 3503 5067 tota

1937 5103 2170 5173 quaistio
2205 5103 2459 5158 vertitur.
2514 5103 2657 5168 Quid
2707 5118 2839 5174 ergo
2890 5102 3157 5160 Joannem
3208 5104 3376 5159 istum
3407 5104 3504 5159 de

1937 5194 2239 5266 Unigenito
2304 5195 2576 5250 clamasse
2635 5195 3041 5264 comperiemus
3089 5214 3104 5250 :
3156 5213 3175 5246 ι
3218 5195 3320 5261 Qui
3380 5203 3503 5264 post

1933 5301 2021 5341 me
2053 5293 2324 5340 venturus
2361 5292 2468 5348 est,
2515 5293 2642 5339 ante
2678 5300 2765 5340 me
2820 5285 3004 5342 factus
3039 5295 3142 5351 est,
3175 5285 3305 5355 quia
3347 5287 3504 5355 prior

1939 5392 2024 5432 me
2062 5375 2220 5430 erat?
2250 5395 2268 5427 ι
2311 5377 2471 5431 Altus
2511 5383 2598 5431 est
2641 5391 2842 5442 sermo,
2877 5387 2931 5431 et
2977 5377 3162 5432 multa:
3205 5377 3502 5448 indaginis.

1938 5464 2093 5520 Trita
2124 5467 2270 5520 enim
2295 5475 2349 5522 et
2382 5467 2699 5537 pervulgata
2725 5467 3087 5538 plurimorum
3124 5469 3238 5523 haec
3267 5477 3354 5525 est
3375 5485 3506 5525 sen-

1939 5560 2114 5616 tentia
2146 5577 2159 5614 :
2187 5558 2343 5626 Quod
2379 5562 2443 5616 ad
2495 5559 2835 5616 nativitatem
2887 5562 3073 5619 carnis
3115 5564 3333 5630 attinet,
3377 5561 3503 5623 Sal-
