4072 6210
539 333 642 389 167

1562 328 1620 382 s.
1653 323 1933 382 CYRILLI
1975 306 2446 377 ALEXANDRINI
2488 317 2808 374 ARClllEP.

3706 306 3810 377 itis

535 455 788 504 vatorem
845 447 1091 520 Baptista
1133 445 1450 518 praecessit,
1480 451 1534 502 et
1574 457 1799 501 secutus
1838 454 1925 501 est
1971 459 2112 514 quo-

2226 443 2451 508 διάνοια,
2485 441 2708 511 τοιαύτη
2739 458 2821 502 τις
2863 433 2998 492 οὖσά
3039 441 3335 507 τυγχάνει·
3367 440 3492 492 ὅσον
3529 439 3638 510 γὰρ
3675 435 3812 512 ἧκεν

537 540 856 604 άσιιιιηοαό,
887 549 948 594 et
1002 555 1098 594 sex
1133 538 1422 593 mensibus
1466 538 1597 592 totis
1647 539 1923 607 posterior
1964 529 2120 591 ‘visus

537 639 623 686 est
671 629 1032 691 Emmanuel,
1086 635 1146 681 ut
1193 628 1388 682 beatus
1425 625 1604 682 Lucas
1651 627 1917 679 narravit.
1979 624 2035 680 ld
2089 641 2120 680 a

535 721 752 776 Joanne
801 721 908 775 dici
941 719 1165 790 quidam
1196 719 1558 782 existimant,
1589 730 1648 772 ut
1684 719 1790 772 hoc
1827 727 1989 788 pacto
2031 717 2117 771 in-

539 815 818 882 telligatur
859 812 1035 876 illud,
1095 812 1312 866 ratione
1359 811 1539 864 aetatis
1604 809 1909 864 nimirum:
1949 828 1965 860 ι
2015 807 2121 874 Qui

537 911 664 971 post
708 910 792 958 me
839 913 1106 957 venturus
1160 911 1282 965 est,
1319 913 1446 956 ante
1481 917 1568 955 me
1604 900 1781 955 factus
1811 909 1914 956 est.
1948 920 1966 952 ›
2014 899 2118 954 Sed

536 997 629 1064 qui
667 997 870 1050 divinis
913 994 1154 1066 Scriptis
1187 997 1375 1050 acrius
1405 995 1607 1048 mentis
1639 995 1839 1048 oculos
1870 993 2122 1048 intende-

538 1087 645 1150 rit,
683 1087 921 1152 videbit,
985 1089 1222 1155 primum
1275 1083 1499 1153 quidem
1544 1085 1771 1152 inanem
1821 1099 1945 1139 esse
1978 1084 2122 1139 hanc

535 1172 1055 1242 interpretationem
1090 1213 1105 1237 ,
1141 1183 1194 1227 et
1235 1188 1265 1226 a
1293 1174 1461 1228 rebus
1493 1172 1742 1242 quaesitis
1776 1173 1938 1244 longe
1970 1189 2122 1229 rece-

537 1265 687 1318 dere.
723 1267 1059 1334 Assumpt'us
1090 1266 1235 1318 enim
1273 1274 1356 1319 est
1398 1266 1555 1318 testis
1587 1277 1815 1325 sanctus
1847 1261 2118 1338 Baptista,

537 1369 649 1406 non
719 1364 777 1407 ut
843 1357 1153 1409 nativitatis
1206 1365 1452 1425 tempore
1511 1355 1672 1408 modo
1721 1357 2118 1424 posteriorem,

537 1447 700 1500 modo
728 1448 966 1516 priorem
1003 1447 1288 1501 Christum
1326 1446 1679 1511 ostenderet,
1709 1447 1803 1500 sed
1840 1456 1899 1501 ut
1936 1448 2120 1519 is,qui

538 1553 642 1591 una
705 1548 1057 1608 spectaverat
1101 1558 1119 1588 ι
1170 1540 1401 1608 gloriam
1450 1539 1606 1608 ejus,
1668 1540 1903 1610 gloriam
1959 1541 2120 1609 Quasi

542 1628 818 1698 Uuigvniti
847 1646 876 1682 a
907 1630 1071 1684 Patre
1099 1631 1242 1699 pleni
1280 1632 1468 1700 gratiae
1501 1642 1554 1684 et
1578 1631 1852 1686 veritatis.
1892 1651 1910 1682 ι
1946 1631 2119 1699 Quam

537 1719 702 1790 igitur
725 1723 1146 1788 explicationem
1189 1723 1322 1792 99'
1371 1721 1566 1776 afferes
1602 1723 1738 1776 adeo
1772 1725 2119 1793 intempestis

536 1827 618 1866 va:
660 1813 997 1876 narrationi,
1035 1818 1128 1866 aut
1166 1811 1440 1880 quomodo
1477 1822 1624 1866 recte
1653 1815 1802 1866 illam
1836 1815 2114 1883 iuterpre-
2154 1807 2194 1862 Β

537 1906 780 1967 tabcris,
813 1906 858 1959 si
901 1906 966 1958 ad
1001 1906 1267 1974 temporis
1301 1907 1540 1974 spatium
1565 1905 1774 1959 referas
1801 1905 1853 1958 id
1885 1905 2032 1974 quod
2061 1912 2118 1958 in

536 2000 848 2064 quaestione
882 1997 1134 2057 vertitur,
1173 1996 1466 2061 nimirum,
1509 2013 1527 2047 ι
1567 1995 1668 2060 Qui
1708 2005 1832 2066 post
1867 2012 1953 2050 me
1985 2010 2118 2049 ven-

538 2096 698 2141 turus
733 2097 845 2151 est,
872 2096 1001 2141 ante
1027 2106 1111 2140 the
1135 2087 1316 2141 factus
1342 2086 1466 2141 est?
1503 2104 1521 2138 ι
1555 2085 1791 2141 Utenim
1824 2085 2118 2143 Dominum

538 2185 665 2247 post
707 2177 1010 2246 Baptistam
1078 2179 1269 2233 venire
1300 2193 1492 2235 omnes
1531 2177 1831 2244 fateantur,
1883 2193 2120 2250 praeser-

539 2271 637 2324 tim
668 2286 794 2325 cum
833 2273 1046 2325 ratione
1075 2271 1343 2341 temporis
1378 2287 1490 2342 quo
1514 2271 1848 2327 incarnatus
1887 2280 2003 2339 est,
2048 2273 2122 2328 sit

539 2361 636 2416 illo
678 2363 981 2429 posterior,
1028 2375 1268 2431 quonam
1302 2369 1467 2432 pacto
1493 2361 1656 2416 etiam
1683 2362 1840 2432 prior
1870 2362 1966 2416 illo
1990 2363 2120 2427 erit,

539 2461 786 2523 tempore
835 2452 1140 2508 nimirum?
1179 2451 1339 2507 Hunc
1396 2453 1547 2508 enim
1599 2466 1825 2508 sensum
1876 2467 1906 2506 a
1961 2453 2122 2509 nobis

539 2545 784 2599 vicissim
824 2546 1068 2616 postulat
1087 2545 1224 2600 ordo
1249 2544 1680 2616 praecedentium
1700 2553 1755 2600 et
1774 2545 2118 2600 consecutio.

536 2640 607 2690 At
641 2636 794 2692 istud
825 2637 945 2693 ﬁeri
996 2653 1108 2692 non
1136 2651 1321 2708 posse,
1352 2649 1515 2690 nemo
1543 2635 1857 2701 dubitabit,
1903 2635 2120 2705 opinor.

536 2730 696 2797 Quod
730 2732 877 2786 enim
912 2740 1159 2800 tempore
1213 2729 1494 2799 posterius
1546 2735 1633 2784 est
1687 2727 1896 2797 aliquo,
1935 2727 2126 2797 utique

539 2825 693 2894 prius
720 2838 829 2878 non
850 2822 958 2877 erit
991 2836 1059 2878 eo
1094 2823 1246 2891 quod
1275 2819 1575 2875 antecedit.
1614 2817 1788 2890 Igitur
1817 2819 2122 2875 absurdum

539 2926 626 2971 est
684 2915 846 2984 plane
907 2922 964 2969 et
1007 2913 1356 2978 incredibile,
1404 2919 1661 2968 sanctum
1715 2910 2017 2980 Baptistam
2056 2911 2138 2980 σς

541 3017 785 3075 tempore
834 3003 1239 3059 incarnationis
1301 3004 1548 3058 locutum
1589 3016 1714 3058 esse
1761 3015 1890 3056 eum
1944 3001 2119 3056 dixit:

544 3117 564 3150 ι
602 3097 707 3165 Qui
739 3105 866 3167 post
893 3112 978 3152 me
1009 3106 1279 3152 venturus
1309 3103 1398 3151 est
1419 3135 1434 3161 ,
1470 3105 1598 3150 ante
1622 3110 1708 3151 me
1742 3093 1922 3149 factus
1948 3102 2062 3162 est;
2100 3113 2118 3148 ι

540 3188 636 3244 sed
671 3185 740 3240 ad
779 3185 1120 3257 propositum
1164 3187 1326 3242 nobis
1359 3200 1590 3256 scopum
1623 3184 1759 3239 illud
1792 3185 1979 3254 potius
2033 3185 2121 3239 in-

538 3280 880 3351 telligentes,
915 3280 1018 3334 hoc
1044 3278 1209 3334 modo
1233 3279 1440 3334 dictum
1467 3293 1592 3335 esse
1621 3277 1938 3332 credemus.
1976 3277 2126 3334 Scite

546 3371 742 3428 beatus
788 3371 1036 3442 Baptista
1083 3386 1114 3425 a
1155 3371 1372 3442 vulgari
1418 3371 1677 3441 loquendi
1725 3369 2126 3426 consuetudine

542 3477 852 3520 sermonem
895 3462 1164 3518 transfert
1214 3461 1282 3518 ad
1315 3463 1659 3533 spiritualem
1715 3477 1901 3518 rerum
1941 3463 2125 3534 quali-

543 3561 744 3619 tatem,
775 3562 832 3610 et
858 3555 929 3610 ab
955 3554 1194 3625 imagine
1223 3569 1287 3609 ac
1320 3553 1684 3610 similitudine
1718 3568 1901 3609 rerum
1926 3554 2123 3610 huma-

543 3663 741 3701 narum
790 3646 858 3701 ad
913 3646 1338 3716 explicationem
1397 3646 1704 3701 subtilioris
1743 3661 1942 3702 sensus
1994 3662 2124 3719 pro-

543 3740 810 3810 greditur.
864 3739 1000 3794 Fere
1058 3740 1205 3793 enim
1266 3738 1325 3792 fit
1363 3747 1423 3792 ut
1476 3739 1569 3809 qui
1623 3737 1734 3794 dux
1788 3747 1872 3794 est
1923 3740 2122 3807 alicui,

545 3833 783 3887 nobilior
821 3831 893 3886 sit
935 3847 1003 3886 eo
1047 3832 1142 3902 qui
1191 3831 1469 3900 seq-uitur,
1507 3838 1562 3886 et
1613 3831 1818 3888 cedunt
1868 3831 2126 3904 discipuli

543 3924 862 3995 magis-tris;
911 3921 1380 3994 quemadmodum
1431 3921 1658 3995 peritus,
1685 3921 1840 3978 faber
1891 3925 2126 3980 aerarius

543 4029 636 4072 aut
687 4017 1051 4080 architectus,
1104 4017 1338 4086 exempli
1377 4017 1574 4086 gratia,
1637 4016 1720 4070 vel
1786 4025 1963 4071 textor
2016 4015 2126 4072 dux

543 4121 629 4163 est
699 4107 1103 4177 quodammodo
1185 4115 1239 4160 et
1317 4115 1540 4176 praestat
1645 4107 1695 4161 ei
1759 4108 1856 4177 qui
1947 4123 2005 4163 se
2069 4107 2123 4162 in

543 4201 895 4268 disciplinam
965 4200 1089 4269 ejus
1158 4199 1295 4254 artis
1358 4197 1545 4263 dedit,
1593 4205 1648 4251 et
1700 4197 1768 4250 ad
1825 4197 2124 4268 perfectam

543 4291 666 4360 ejus
728 4293 980 4345 notitiam
1037 4291 1342 4346 contendit.
1420 4290 1524 4346 Sed
1595 4289 1642 4345 sl
1702 4291 1953 4361 magistri
2031 4305 2117 4362 pe-

549 4384 733 4436 ritiam
783 4384 1130 4452 superaverit
1187 4383 1288 4439 iste
1361 4383 1669 4453 discipulus
1725 4390 1781 4436 et
1833 4383 1994 4454 longo
2042 4383 2128 4438 in-

2230 533 2312 595 είς
2366 531 2456 584 τὸν
2499 533 2598 601 τῆς
2643 528 2948 598 γεννήσεως
3000 525 3189 597 χρόνον
3239 526 3338 596 τῆς
3394 526 3534 596 μετὰ
3586 529 3809 598 σαρκὸς,

2229 622 2550 694 προεϐάδιζε
2597 619 2690 672 τοῦ
2738 619 2987 688 Σωτῆρος
3043 618 3071 669 ό
3125 617 3466 688 Βαπτιστὴς,
3518 619 3808 689 ἠκολούθει

2227 717 2283 770 δέ
2320 733 2458 779 πως,
2496 715 2587 768 καὶ
2617 713 2796 766 όπίσω
2826 711 3036 784 τρέχων
3067 711 3336 778 ἐφαίνετο,
3368 711 3535 782 μησὶν
3570 712 3630 778 ἒξ
3657 715 3817 768 ὑστεά

2231 807 2397 882 ρίζων
2439 807 2581 869 ὅλοις
2619 809 2646 859 ό
2679 803 3049 876 Ἐμμανουήλ,
3081 803 3158 866 ὡς
3183 805 3212 856 ό
3252 805 3524 875 μακάριος
3558 806 3814 877 ἱστόρησε

2227 898 2462 960 Λουκᾶς.
2511 895 2682 949 Τοῦτο
2728 895 2907 964 λέγειν
2954 895 3158 949 οἴονται
3201 894 3292 947 τὸν
3348 897 3602 966 Ἰωάννην
3645 899 3811 960 τινὲς,

2230 991 2317 1044 ἵνα
2351 992 2538 1061 νοῆται
2581 991 2805 1044 τοιῶσδε
2846 989 2990 1045 κατὰ
3038 987 3131 1041 τὸν
3177 988 3276 1059 τῆς
3330 987 3548 1058 ἡλικίας
3593 989 3811 1060 χρόνον·

2234 1101 2254 1136 ι
2301 1081 2358 1135 ’0
2385 1081 2559 1134 ὀπίσω
2583 1098 2685 1151 μου
2715 1081 3029 1152 ἐρχόμενος,
3047 1078 3360 1150 ἔμπροσθέν
3392 1095 3492 1148 μου
3517 1079 3736 1148 γέγονεν
3757 1093 3806 1131 ⁸»

2228 1174 2346 1228 ἀλλ’
2380 1173 2527 1228 ἔστιν
2573 1173 2703 1227 ίδεῖν
2755 1173 2847 1227 τὸν
2895 1172 3304 1242 ὀξυωπέστερον
3347 1174 3462 1234 τοῖς
3515 1169 3684 1236 Θείοις
3722 1174 3809 1228 ὲν-

2228 1264 2543 1338 ατενίζοντα
2576 1265 2916 1336 θεωρήμασι,
2949 1263 3168 1336 πρῶτον
3201 1263 3320 1333 μὲν,
3349 1264 3496 1325 ὅπως
3525 1263 3604 1327 είς
3632 1263 3814 1337 tam}-

2227 1357 2352 1422 λους
2387 1359 2594 1423 ἐννοίας
2637 1361 2665 1412 ό
2701 1357 2856 1427 λόγος
2902 1359 3032 1429 ἡμῖν
3082 1356 3427 1428 εἰσφέρεται,
3467 1358 3562 1410 καὶ
3595 1344 3812 1430 μακράν

2228 1467 2332 1502 που
2363 1449 2470 1502 τῶν
2506 1450 2819 1519 ἀναγκαίως
2853 1449 3198 1520 ζητουμένων
3232 1447 3520 1518 ἀποδημεῖ.
3557 1432 3808 1519 Παρελή-

2229 1542 2339 1612 φθη
2369 1543 2478 1613 γάρ
2507 1544 2717 1612 μάρτυς
2745 1543 2772 1593 ὁ
2807 1541 2957 1607 ἅγιος
2992 1537 3320 1607 Βαπτιστὴς,
3356 1537 3455 1607 οὑχ
3491 1537 3580 1591 ἵνα
3606 1537 3682 1608 τῷ
3705 1538 3806 1607 τῆς

2227 1635 2536 1703 γεννήσεως
2579 1633 2787 1703 χρόνῳ,
2839 1632 2970 1684 ποτὲ
3031 1632 3129 1700 μὲν
3177 1628 3562 1700 ὑστερίζοντα,
3595 1630 3723 1681 ποτὲ
3747 1630 3805 1682 δέ

2230 1722 2298 1778 αὖ
2327 1726 2489 1779 πάλιν
2529 1722 2931 1795 προτερεύοντα
2955 1721 3102 1792 δείξῃ
3128 1719 3384 1790 Χριστὸν,
3419 1720 3533 1774 ἀλλ’
3567 1721 3643 1784 ὡς
3681 1737 3808 1777 συν-

2223 1816 2552 1886 τεθεαμένος
2588 1834 2604 1866 ι
2637 1815 2736 1886 τὴν
2771 1814 2929 1880 δόξαν
2961 1812 3146 1879 αὑτοῦ,
3183 1811 3338 1877 δόξαν
3371 1811 3445 1875 ὡς
3465 1811 3805 1880 Μονογενοῦς

2222 1909 2375 1978 παρὰ
2432 1906 2664 1976 Πατρὸς,
2737 1905 2951 1975 πλήρης
3007 1905 3232 1976 χάριτος
3300 1903 3396 1957 καί⁸
3450 1893 3727 1973 ἀληθείας.
3778 1906 3799 1957 ι

2222 2001 2382 2054 Ποῖον
2410 1993 2505 2053 οὖν
2543 1999 2610 2052 ἄν
2641 2015 2724 2060 τις
2753 1996 3062 2068 ἐφαρμόσαι
3100 1994 3258 2064 λόγον
3296 1997 3408 2059 τοῖς
3440 1994 3612 2059 οὕτως
3647 1994 3806 2048 ἀκαί-

2225 2109 2334 2163 ρως
2367 2089 2711 2160 είσὸεὕηκόσι
2755 2089 3126 2163 διηγήμασινς
3182 2086 3215 2157 ἧ
3269 2086 3383 2150 πῶς
3445 2085 3510 2139 ἄν
3540 2103 3620 2149 τις
3673 2088 3806 2158 ἡμῖν

2222 2162 2552 2254 ἐρμηνεύσοι
2596 2179 2810 2249 σοφῶς,
2856 2179 2935 2241 είς
2982 2162 3259 2249 ποσότητα
3301 2177 3496 2249 χρόνου
3535 2166 3712 2230 λαδὼν
3745 2169 3806 2231 τδ

2223 2274 2573 2346 ζητούμενον,
2605 2271 2750 2326 τοῦτ’
2791 2271 2939 2324 ἐστιν
2963 2311 2978 2335 ,
3019 2289 3038 2322 ι
3081 2271 3139 2323 ’0
3171 2269 3347 2323 ὀπίσω
3377 2287 3478 2340 μου
3514 2270 3807 2342 ἐρχόμενος

2223 2364 2534 2437 ἔμπροσθέν
2574 2381 2676 2435 μου
2702 2362 2895 2433 γέγονε
2925 2381 2938 2425 ;
2977 2380 2995 2413 ι
3031 2360 3249 2415 Κείσθω
3283 2361 3394 2431 γάρ
3437 2361 3522 2432 δὴ,
3554 2362 3650 2416 καὶ
3679 2364 3806 2434 ὁμο-

2221 2457 2590 2528 λογουμένως,
2612 2455 2674 2508 τδ
2707 2454 2933 2509 κατόπιν
2960 2452 3214 2525 ἔρχεσθαι
3249 2451 3344 2506 τοῦ
3377 2451 3682 2507 Βαπτιστοῦ
3715 2453 3808 2506 τὸν

2222 2553 2449 2626 Κύριον,
2509 2551 2604 2605 ἅτε
2649 2547 2714 2619 δὴ
2758 2549 3018 2616 γεγονότα
3065 2545 3144 2616 τῷ
3181 2545 3359 2618 χρόνῳ
3410 2545 3488 2616 τῷ
3539 2545 3677 2599 κατὰ
3706 2547 3808 2616 τὴν

2226 2645 2404 2715 σάρκα
2442 2642 2728 2712 δεύτερον·
2773 2637 2916 2693 κατὰ
2949 2639 3073 2692 τίνα
3113 2637 3314 2708 τρόπον
3362 2638 3455 2690 καὶ
3500 2637 3808 2709 ἔμπροσθεν

2224 2733 2392 2788 αὑτοῦ
2418 2734 2731 2804 γενήσεται,
2780 2730 2922 2786 κατὰ
2976 2729 3166 2801 χρόνον
3201 2729 3260 2782 δὲ
3305 2729 3587 2799 δηλονότι;
3631 2729 3808 2782 Καλεῖ

2223 2826 2334 2896 γάρ
2371 2825 2452 2888 είς
2478 2822 2668 2877 τοῦτον
2706 2824 2856 2894 ἡμᾶς
2903 2821 2996 2875 τὸν
3041 2821 3165 2876 νοῦν
3213 2821 3247 2892 ἡ
3294 2824 3407 2884 τοῖς
3444 2820 3808 2891 προλαϐοῦσιν

2225 2915 2504 2984 ἀναλόγως
2537 2913 2861 2985 ὀφειλομένη
2886 2913 3042 2980 τάξις
3091 2927 3148 2966 τε
3189 2914 3284 2966 καὶ
3311 2910 3619 2967 ἀκολουθία.
3665 2904 3805 2964 Ἀλλδ

2225 3004 2378 3078 οἴμαι
2416 3005 2574 3060 τοῦτο
2623 3005 2787 3059 παντί
2840 3022 2919 3076 τῳ
2960 3003 3214 3074 γενέσθαι
3262 3003 3470 3072 σαφὲς,
3511 3001 3586 3066 ὡς
3613 3003 3706 3058 οὐκ
3739 3001 3809 3058 ἂν

2227 3099 2312 3171 εἴη
2345 3097 2453 3152 τῶν
2481 3097 2865 3168 ἐνδεχομένων.
2909 3096 2984 3149 Τὸ
3023 3096 3134 3166 γάρ
3165 3094 3447 3166 ὑστερίζον
3481 3091 3622 3158 τινὸς
3667 3094 3810 3147 κατὰ

2223 3173 2550 3262 τὸνχρόνον,
2571 3191 2671 3242 οὑκ
2697 3189 2762 3244 άν
2787 3200 2916 3241 ποτε
2940 3187 3146 3257 φθάσαι
3176 3187 3236 3240 τὸ
3257 3186 3390 3258 ήγού
3399 3203 3576 3258 μενον.
3597 3185 3808 3240 Οὐκοῦν

2225 3283 2440 3354 ἀμαθὲς
2461 3282 2682 3354 κομιδῇ,
2713 3283 2807 3336 κού⁹
2837 3281 3118 3343 παντελῶς
3147 3279 3434 3346 ἀπίθανον,
3457 3280 3586 3350 περὶ
3611 3280 3808 3350 χρόνου

2226 3372 2321 3427 τοῦ
2352 3370 2495 3426 κατὰ
2531 3370 2632 3442 τὴν
2693 3369 2872 3440 σάρκα
2917 3369 3008 3424 τὸν
3059 3371 3213 3438 ἆγιον
3255 3371 3428 3422 εἰπεῖν
3464 3368 3668 3424 οἴεσθαι
3699 3370 3807 3424 Ba-

2227 3464 2481 3533 πτιστήψ
2519 3481 2536 3514 ι
2587 3463 2646 3516 Ὀ
2676 3463 2850 3514 ὀπίσω
2875 3478 2978 3532 μου
3013 3460 3326 3533 ἐρχόμενος,
3356 3459 3662 3531 ἔμπροσθέν
3701 3479 3806 3533 μου

2227 3554 2453 3623 γέγονεν
2475 3571 2488 3583 ·
2523 3573 2540 3606 ι
2580 3553 2888 3616 ἀκολούθως
2910 3552 2965 3605 δὲ
2999 3547 3200 3623 μᾶλλον
3229 3552 3305 3624 τῷ
3338 3553 3470 3623 ἡμῖν
3497 3553 3811 3631 προτεθέντι

2229 3645 2418 3716 σκοπῷ
2445 3646 2691 3710 νοοῦντες
2733 3645 2886 3711 αὐτὸ,
2919 3644 3140 3698 τοιῶσδὲ
3167 3662 3285 3707 πως
3316 3644 3568 3724 εἰρῆσθαι
3597 3642 3813 3698 πιστεύο

2229 3755 2423 3810 σομεν.
2461 3739 2772 3810 Χαριέντως
2811 3738 2839 3790 6
2892 3737 3161 3809 μακάριος
3209 3737 3519 3810 Βαπτιστὴς
3565 3737 3672 3790 ἀπὸ
3713 3736 3809 3790 τοῦ

2228 3827 2370 3882 κατὰ
2402 3828 2694 3898 συνήθειαν
2743 3829 3021 3897 σχήματος
3066 3825 3327 3896 ἀναφέρει
3368 3827 3460 3878 τὸν
3500 3826 3688 3894 λόγον,
3719 3821 3813 3879 ἐπὶ

2229 3921 2491 3991 ποιότητα
2537 3918 2881 3991 πραγμάτων
2916 3916 3294 3988 πνευματικὴν
3313 3956 3328 3981 ,
3359 3918 3453 3971 καὶ
3489 3917 3674 3988 ὥσπερ
3701 3916 3812 3970 ἀπό

2228 4027 2372 4074 τινος
2409 4010 2615 4070 εἰκόνος
2657 4010 2766 4062 τῶν
2797 4007 2919 4061 καθ’
2975 4009 3124 4079 ἡμᾶς
3170 4009 3250 4072 είς
3293 4007 3552 4079 ἐξήγησιν
3594 4005 3814 4077 ἔρχεται.

2228 4120 2321 4174 νοη
2333 4103 2519 4173 μάτων
2538 4101 2837 4171 λεπτομερε
2846 4100 2936 4152 στέ
2944 4116 3070 4170 ρων.
3095 4098 3244 4152 eos:
3261 4097 3360 4169 μὲν
3387 4098 3495 4168 γάρ
3512 4114 3627 4158 πως
3645 4096 3730 4150 ἀεὶ
3751 4094 3815 4148 τὸ

2228 4195 2478 4267 ἡγεῖσθαι
2511 4191 2776 4261 πεφυκὸς,
2804 4191 2915 4244 τῶν
2937 4190 3170 4244 ἔπεσθαι
3209 4187 3520 4259 λεγομένων
3545 4188 3812 4258 ὑπάρχειν

2229 4280 2623 4352 ἐπιδοξότερον,
2659 4281 2983 4350 παραχωρεῖ
3009 4278 3066 4330 δέ
3097 4279 3207 4341 τοῖς
3242 4277 3568 4347 ἡγουμένοις
3596 4275 3664 4329 τὰ
3690 4274 3815 4338 ἐπι·
3854 4338 3881 4356 _

2231 4389 2372 4443 μενα
2398 4389 2412 4403 ο
2461 4369 2574 4426 οἷον
2624 4373 2654 4424 6
2707 4368 3070 4441 χαλκευτικὴν
3123 4367 3438 4439 ἀκριϐώσας
3492 4367 3724 4448 τέχνην,
3770 4363 3807 4441 ἢ

547 4475 778 4529 tervallo
827 4483 951 4544 post
1016 4490 1076 4529 se
1132 4475 1451 4544 reliquerit,
1510 4491 1618 4528 non
1676 4473 1887 4529 insulse
1939 4453 2123 4528 dictu-

2231 4464 2550 4534 τεκτονικὴν
2586 4462 2768 4534 τυχὸν,
2798 4461 2832 4532 ἢ
2869 4459 3188 4530 ὑφαντικὴν,
3226 4457 3440 4528 ἡγεῖταί
3465 4473 3603 4542 πως,
3628 4457 3723 4510 καὶ
3749 4453 3813 4511 τὸ

549 4582 671 4621 rum
733 4568 932 4635 opinor
969 4581 1094 4620 eum
1141 4571 1236 4635 qui
1285 4581 1314 4618 a
1353 4564 1629 4634 discipulo
1676 4564 1843 4620 fuerit
1896 4580 2126 4634 supers-

549 4669 640 4714 tus
684 4675 697 4710 :
740 4677 758 4709 ι
793 4657 898 4723 Qui
954 4667 1077 4727 post
1125 4673 1212 4711 me
1247 4657 1434 4721 venit,
1467 4664 1594 4710 ante
1629 4671 1714 4709 me
1743 4655 1924 4711 factus
1965 4667 2074 4710 est.
2103 4677 2122 4708 ο

549 4751 629 4806 Ad
651 4751 790 4804 hanc
810 4751 974 4820 igitur
993 4749 1225 4803 formam
1240 4749 1285 4802 si
1307 4747 1414 4800 vim
1430 4755 1484 4802 et
1499 4746 1770 4800 rationem
1797 4746 1947 4801 illius
1966 4745 2126 4815 dicti,

549 4855 658 4897 tam
695 4843 762 4896 de
790 4841 1073 4895 Salvatore
1117 4847 1312 4894 nostro
1355 4838 1578 4893 Christo
1612 4851 1775 4907 quam
1830 4838 1896 4891 de
1933 4846 2128 4893 sancto

548 4937 828 5007 Baptista.
853 4933 1160 4989 transferas
1182 4973 1195 4994 ,
1245 4940 1396 4986 recte
1429 4943 1548 4985 mea
1598 4930 1819 4999 quidem
1853 4931 2126 4986 sententia

547 5028 820 5097 intelliges
854 5045 867 5080 :
899 5023 994 5080 sed
1024 5026 1093 5079 ab
1128 5023 1288 5077 initio
1331 5021 1568 5092 accipito
1599 5020 1836 5091 singula.
1874 5020 2128 5074 Admira-

549 5122 687 5176 tioni
738 5129 855 5174 erat
916 5117 1060 5189 apud
1096 5131 1290 5172 omnes
1318 5115 1587 5185 Baptista,
1625 5114 1829 5168 multos
1887 5115 2128 5184 undique

547 5217 651 5272 sibi
698 5213 1007 5283 discipulos
1065 5211 1398 5281 collegerat,
1453 5224 1650 5280 magna
1688 5209 1845 5263 turba
1903 5210 2128 5264 venien-

547 5306 684 5359 tium
735 5303 802 5357 ad
838 5305 1170 5373 baptismum
1201 5302 1268 5357 ad
1304 5316 1428 5357 cum
1479 5301 1789 5355 conﬂuebat
1825 5317 1837 5352 :
1871 5299 2124 5354 Christus

548 5407 730 5452 autem
768 5397 1142 5461 ignorabatur,
1173 5394 1428 5466 quamvis
1459 5401 1606 5449 esset
1650 5408 1714 5447 eo
1749 5391 2124 5460 praestantior.

547 5485 694 5542 Deus
729 5503 889 5542 verus
941 5489 1292 5542 nesciebatur
1335 5500 1506 5551 esse;
1571 5499 1809 5553 cumque
1859 5483 2050 5536 lateret
2079 5482 2124 5538 is

548 5580 641 5649 qui
670 5577 928 5648 Baptista)
959 5589 1078 5632 erat
1115 5579 1501 5640 admirationi,
1559 5591 1624 5630 eo
1664 5590 1886 5645 quoque
1937 5583 2124 5643 poete~

557 5671 667 5723 rior
697 5684 819 5723 esse
871 5669 1278 5738 quodammodo
1319 5668 1631 5732 videbatur;
1675 5668 1786 5722 ibat
1843 5667 2126 5736 aliquanto

550 5774 673 5839 post
694 5765 843 5820 ἒιιιιιιι
877 5763 967 5836 qui
1009 5763 1218 5818 honore
1261 5771 1312 5816 et
1355 5762 1525 5827 gloria
1559 5762 1704 5817 inter
1738 5759 1990 5816 homines
2012 5775 2115 5817 ma-

2227 4558 2454 4627 ἄμεινον
2488 4555 2600 4627 ἔχει
2623 4553 2717 4608 τοῦ
2742 4553 2884 4608 κατὰ
2908 4551 3206 4623 μαθητείαν
3241 4550 3468 4603 ἕπεσθαι
3496 4549 3810 4619 νοουμένου.

2228 4647 2323 4699 καὶ
2356 4648 2436 4708 εἰς
2467 4647 2528 4698 τὸ
2567 4645 2789 4707 τελείως
2839 4643 3036 4696 εἰδέναι
3083 4640 3388 4712 βαδίζοντος
3411 4651 3426 4670 δ
3474 4639 3589 4693 ἀλλ’
3621 4640 3753 4692 ὅταν
3782 4639 3814 4693 6

2226 4736 2470 4799 τοιοῦτος
2498 4737 2600 4805 τὴν
2636 4735 2732 4788 τοῦ
2758 4735 3102 4796 διδάσκοντος
3135 4731 3549 4803 ὑπεραναὸαίνῃ
3588 4730 3813 4802 τέχνην,

2227 4829 2323 4882 καὶ
2365 4827 2611 4881 κατόπιν
2661 4826 2830 4890 ἐάσας
2883 4827 3055 4898 αὑτὴν
3106 4823 3405 4896 ἐργάζηται
3451 4824 3513 4876 τὸ
3563 4821 3815 4893 ἄμεινον,

2227 4921 2328 4973 οὑκ
2377 4917 2642 4989 ἀκόμψως
2691 4918 2843 4989 ἐρεῖν
2906 4917 2997 4970 τον
3042 4914 3397 4987 νενικημένον
3442 4911 3819 4983 ὑπολαμϐάνω

2228 5011 2358 5083 περὶ
2411 5011 2510 5064 τοῦ
2559 5011 2884 5081 νικήσαντος
2938 5008 3219 5080 μαθητοῦ·
3274 5026 3292 5059 ι
3359 5007 3418 5061 ’0
3472 5003 3650 5059 ὀπίσω
3707 5023 3818 5076 μου

2227 5105 2556 5178 ἐρχόμενος,
2612 5103 2924 5176 ἔμπροσθέν
2975 5117 3076 5172 μου
3124 5101 3334 5171 γέγονε.
3377 5119 3396 5152 ι
3446 5099 3603 5152 Κατὰ
3655 5097 3819 5157 τοῦτο

2224 5199 2405 5251 τοίνυν
2441 5195 2824 5267 μετακομίζων
2856 5194 2918 5248 τὸ
2961 5194 3147 5264 σχῆμα
3179 5195 3276 5264 τὴν
3315 5191 3410 5246 τοῦ
3451 5190 3818 5262 Θεωρηματος

2227 5290 2456 5361 δύναμιν
2488 5290 2578 5343 ἐπί
2607 5307 2666 5342 τε
2694 5287 2788 5341 τοῦ
2838 5287 3090 5357 Σωτῆρος
3143 5288 3176 5356 ἡ
3187 5285 3302 5356 μῶν
3327 5283 3566 5355 Χριστοῦ
3595 5280 3688 5335 καὶ
3716 5272 3817 5335 τοῦ

2226 5383 2384 5452 ἁγίου
2419 5381 2725 5435 Βαπτιστοῦ
2753 5421 2768 5446 ,
2805 5383 3016 5453 νοήσεις
3051 5377 3260 5450 ὀρθῶς·
3311 5377 3465 5447 δέχου
3494 5374 3552 5428 δὲ
3588 5374 3659 5427 τὰ
3687 5373 3816 5428 καθ’
3893 5432 3898 5437 ,

2226 5476 2456 5530 ἕκαστον
2492 5473 2552 5540 ἐξ
2583 5477 2778 5545 ἀρχῆς.
2819 5471 3193 5543 Ἐοαυμάζετο
3231 5470 3380 5543 παρά
3410 5466 3628 5522 πάντων
3655 5468 3683 5519 6
3706 5466 3819 5526 Βα-

2227 5569 2477 5637 πτιστ-ὴς,
2514 5567 2740 5630 πολλοὺς
2773 5566 2948 5618 ἐποίει
2993 5567 3120 5629 τοὺς
3159 5563 3429 5635 μαθητάς,
3465 5556 3622 5632 όχλος
3647 5557 3817 5612 αὑτὸν

2227 5661 2472 5733 περιέθει
2491 5662 2598 5716 τῶν
2627 5659 3038 5732 βαπτιζομένων
3067 5658 3256 5720 πολύς·
3289 5657 3537 5730 ἠγνοεῖτο
3556 5653 3615 5715 δὲ
3635 5651 3818 5711 καίτοι

2228 5755 2494 5830 κρείττων
2528 5754 2602 5808 ὢν
2636 5756 2664 5807 6
2690 5755 2944 5824 Χριστος,
2993 5751 3306 5818 ἐλάνθανεν,
3353 5747 3591 5812 ὅτιθεὸς
3630 5743 3819 5821 ὑπῆρσ
