4072 6210
328 284 435 338 H59

1360 278 1428 332 ιν
1467 275 1757 333 ,ιυΑΝΝιε
1795 274 2247 336 EVANGELIUM
2297 278 2428 339 LIB.
2461 279 2504 334 Ι.

3507 271 3612 325 170

325 411 425 464 χεν
458 391 708 465 ἀληθινός
738 409 752 423 ·
790 393 981 464 ἐπειδὴ
1036 393 1092 447 δὲ
1155 393 1402 461 ἠγνοεῖτο
1435 392 1495 444 τὸ
1518 388 1922 460 Θαυμαξόμενον

2030 390 2119 459 jor
2148 392 2448 445 etiamnum
2481 401 2634 446 erat:
2668 391 2762 446 sed
2797 393 2890 462 qui
2912 406 3051 462 pone
3077 387 3408 460 sequebatur
3432 387 3612 443 lactus

301 484 424 538 ’τοῦ
463 485 772 539 Βαπτιστοῦ
798 525 813 550 ,
851 485 1025 539 ἐδόκει
1069 500 1190 547 πως
1237 486 1333 538 καὶ
1377 482 1683 555 ὑστερίζειν
1715 479 1881 535 αὑτοῦ
1907 493 1920 510 ⁸

328 576 578 640 ἑδὰδιζεν
610 576 789 630 ὀπίσω
842 575 1016 648 βραχὺ
1063 577 1125 628 τὸ
1174 575 1360 646 μεῖζον
1407 574 1622 645 ἔχοντος
1665 572 1746 626 ἔτι
1785 571 1927 628 κατά

327 668 496 738 τιμὴν
526 669 623 721 καὶ
660 666 824 732 δόξαν
864 668 966 737 τὴν
1016 667 1073 719 ὲν
1123 665 1433 738 ἀνθρώποις
1479 665 1724 719 ἐκείνου·
1757 665 1872 720 ἀλλ’
1897 667 1927 718 6

329 759 626 829 ἐρχόμενος
656 759 834 811 ὀπίσω
864 759 1090 827 γέγονεν
1120 756 1450 827 ἔμπροσθεν,
1500 756 1702 829 μείζων
1743 757 1925 810 Ἰωάν-

323 868 445 912 νου,
475 850 574 902 καὶ
607 850 874 921 κρείττων
907 848 1389 918 ἀναδεικνύμενος.
1450 848 1507 901 '0
1557 848 1656 918 μὲν
1685 847 1793 919 γὰρ
1822 847 1925 921 ῆδη

326 939 464 1003 Θεὸς
497 939 784 1010 ὑπάρχων,
831 939 920 991 διὰ
955 940 1063 992 τῶν
1110 939 1289 1009 ἔργων
1347 939 1785 993 ἀπεκαλὺπτετο·
1816 942 1843 993 6
1871 940 1926 993 δὲ

330 1029 434 1099 τῆς
464 1028 889 1100 ἀνθρωπότητος
915 1031 1015 1082 οὑκ
1050 1029 1363 1083 ἀναϐαίνων
1389 1029 1451 1082 τὸ
1490 1029 1711 1100 μέτρον,
1749 1030 1927 1083 ὀπίσω

328 1119 518 1173 λοιπὸν
560 1120 655 1172 καὶ
699 1118 937 1188 γεγονὼς
970 1120 1309 1190 εὑρίσκεται.
1343 1120 1554 1174 Οὐκοῦν
1581 1122 1925 1191 αἰνιγματω-

330 1215 439 1278 δῶς
467 1216 496 1268 6
527 1214 800 1285 μακάριος
831 1213 1037 1283 ἔφασκε
1067 1214 1382 1285 Βαπτιστής
1406 1232 1419 1245 ·
1455 1232 1472 1264 ι
1523 1215 1582 1267 '0
1611 1215 1786 1268 ὀπίσω
1823 1231 1924 1285 μου

329 1307 653 1378 ἐρχόμενος,
703 1305 1018 1378 ἔμπροσθέν
1064 1323 1166 1377 μου
1203 1306 1464 1375 γέγονεν,
1510 1326 1529 1357 ι
1568 1306 1688 1359 ἀντὶ
1709 1307 1827 1368 τοῦ,
1868 1307 1926 1358 '0

329 1402 478 1454 ποτὲ»
499 1400 726 1453 κατόπιν
754 1401 857 1468 τῆς
880 1401 1020 1471 ὲμῆς
1044 1400 1305 1472 ὑπάρχων
1334 1402 1520 1471 τιμῆς,
1551 1399 1925 1470 ἐπιδοξότερος

328 1493 515 1563 ὤφθη.
565 1494 658 1547 καὶ
703 1493 1059 1564 ἀσυγκρίτοις
1095 1494 1392 1564 ὑπεροχαῖς
1432 1493 1495 1545 τὸ
1543 1493 1668 1564 ἐμοὶ
1711 1493 1924 1563 πρέπον

327 1600 389 1638 τε
423 1584 517 1636 καὶ
558 1583 757 1654 προσὸν
816 1584 1211 1655 ὑπερεκτρέχει
1247 1584 1462 1655 μέτρον.
1497 1584 1654 1636 Οὕτω
1679 1584 1926 1647 νοοῦντες

328 1676 390 1728 τὸ
436 1675 748 1746 εἰρημένον,
804 1675 1060 1747 μάρτυροι
1112 1677 1212 1747 τῆς
1253 1675 1412 1747 δόξης
1451 1676 1546 1730 τοῦ
1582 1677 1926 1745 Μονογενοῦς

2028 491 2112 535 est
2141 481 2351 537 Joanne
2383 482 2579 552 major.
2609 481 2701 538 Ille
2729 483 2882 555 99“
2903 483 3051 537 enim
3073 481 3421 537 divinitatem
3453 495 3610 534 suam

2027 574 2293 643 operibus
2325 575 2604 644 probavit,
2637 575 2726 630 hic
2764 577 2905 629 ultra
2937 572 3306 629 humanitatis
3335 571 3612 627 conditio-

2029 682 2151 720 nem
2185 681 2294 720 non
2322 675 2569 728 evectus,
2605 676 2924 736 postremus
2973 681 3097 722 esse
3132 680 3355 736 quoque
3398 667 3613 734 reperi-

2025 764 2141 810 tur.
2204 759 2391 828 Itaque
2446 759 2795 828 :enigmatice
2855 759 3055 814 beatus
3110 757 3355 828 Baptista
3429 756 3610 810 dixit:

2033 867 2051 900 ε
2092 849 2196 913 Qui
2230 859 2354 919 post
2386 867 2472 905 me
2509 860 2773 906 venturus
2801 859 2906 915 est,
2932 860 3064 906 ante
3103 868 3190 906 me
3229 851 3408 906 factus
3429 858 3547 913 est;
3586 868 3605 902 ι

2027 942 2188 1011 quasi
2220 943 2429 997 diceret
2458 962 2470 997 :
2503 943 2608 1009 Qui
2650 944 2784 997 mihi
2825 945 3033 1000 honore
3071 943 3306 999 inferior
3348 952 3491 1008 erat,
3528 944 3609 997 vi-

2027 1047 2124 1086 sus
2173 1041 2258 1085 est
2315 1033 2610 1097 illustrior,
2681 1043 2734 1088 ct
2799 1035 3224 1105 incomparabili
3279 1035 3608 1091 excellentia

2027 1122 2404 1178 conditionem
2455 1139 2630 1178 meam
2689 1127 2988 1181 antecellit.
3030 1127 3082 1180 Si
3120 1126 3328 1181 dictum
3373 1141 3609 1197 evange-

2027 1212 2172 1267 listae
2213 1214 2315 1268 hoc
2347 1215 2511 1269 modo
2545 1216 2954 1288 intelligamus,
2996 1226 3193 1273 testem
3252 1219 3438 1289 gloria:
3481 1217 3610 1273 Uni-

2028 1305 2198 1374 geniti
2241 1307 2419 1376 ipsum
2477 1311 2912 1378 comperiemus,
2959 1326 3060 1366 nec
3107 1310 3354 1366 inanium
3419 1326 3602 1366 rerum

2029 1394 2478 1464 intempestivum
2505 1396 2883 1468 interpretem.
2915 1399 3103 1454 Dicere
3129 1401 3276 1456 enim
3323 1400 3606 1456 Christum

2029 1503 2089 1542 se
2139 1488 2398 1558 majorem
2448 1505 2592 1553 esse,
2649 1506 2772 1544 cum
2827 1507 3082 1562 magnam
3132 1493 3235 1548 sibi
3292 1495 3608 1548 sanctitatis

2029 1578 2346 1647 opinionem
2396 1580 2792 1644 conciliasset,
2842 1583 2975 1651 quid
3033 1583 3181 1637 aliud
3235 1592 3320 1638 est
3384 1585 3608 1639 demum

2028 1683 2195 1736 quam
2236 1670 2491 1726 eximiam
2529 1679 2585 1724 et
2617 1671 2952 1742 singularem
2981 1674 3030 1728 ei
3061 1673 3292 1744 gloriam
3328 1675 3612 1730 tribuere?

330 1768 640 1838 εὑρήσομεν
668 1766 852 1831 αὑτὸν,
879 1767 973 1820 καὶ
1001 1767 1102 1819 οὑκ
1130 1766 1354 1819 είκαίων
1388 1767 1732 1838 πραγμάτων
1766 1768 1920 1822 ἄκαι-

2026 1757 2322 1829 Postquam
2349 1761 2493 1815 enim
2521 1760 2695 1828 dixit,
2725 1780 2744 1813 ι
2779 1761 2882 1828 Qui
2910 1775 3034 1832 post
3064 1779 3149 1818 me
3192 1773 3460 1820 venturus
3499 1773 3606 1830 est,

332 1875 428 1929 ρον
461 1857 754 1928 ἐξηγητὴν.
806 1856 881 1909 Τὸ
932 1856 1042 1929 γὰρ
1097 1857 1322 1927 μείζονα
1368 1857 1548 1925 λέγειν
1597 1858 1792 1912 ἑαυτοῦ
1826 1856 1919 1910 τδν

329 1949 596 2019 Χριστὸν,
637 1945 883 2017 μεγάλην
931 1945 1148 2017 ἔχοντος
1186 1947 1278 2000 ἐπὶ
1321 1948 1567 2018 ἁγιότητι
1595 1948 1696 2019 τὴν
1719 1947 1924 2018 ὑπόληα

324 2041 445 2111 ψιν,
469 2040 520 2093 τί
546 2039 611 2092 ἀν
642 2039 831 2110 ἕτερον
862 2040 950 2110 εῑη
981 2038 1190 2102 λοιπὸν,
1227 2038 1443 2110 ἢδόξαν
1471 2038 1622 2110 αὑτῷ
1651 2036 1748 2109 τὴν
1781 2038 1919 2105 ἐξαί-

329 2149 489 2205 ρετον
513 2133 940 2203 ὲπιμαρτυρεῖνς
963 2131 1108 2194 Ὅτι,
1140 2149 1160 2182 ί
1194 2130 1252 2184 '0
1276 2132 1449 2186 ὀπίσω
1482 2148 1582 2202 μου
1602 2131 1917 2200 ἐρχόμενος,

325 2221 641 2294 ἔμπροσθέν
690 2238 793 2291 μου
828 2220 1074 2288 γέγονεν,
1120 2239 1139 2272 ι
1188 2218 1392 2287 εἰπὼν,
1429 2219 1745 2288 ἀναγκαίως
1796 2221 1921 2273 ὲπι-

325 2317 487 2386 φέρει
507 2315 591 2379 τὸ,
617 2333 636 2367 ι
671 2314 796 2369 Ὀτι
825 2313 1042 2386 πρῶτός
1072 2332 1174 2385 μου
1205 2309 1294 2384 ῆν,
1327 2333 1346 2366 ι
1377 2315 1759 2386 πρεσϐυτάτην
1775 2314 1925 2385 αὑτῷ

323 2412 426 2481 τὴν
453 2410 612 2476 δόξαν
645 2407 928 2472 ἀνατιθεὶς
948 2448 965 2473 ,
1003 2408 1098 2462 καὶ
1141 2407 1204 2460 τὸ
1235 2406 1496 2478 προῦχειν
1527 2407 1786 2460 ἁπάντων
1823 2408 1924 2459 οὑκ

325 2506 386 2556 ὲν
415 2503 594 2573 χρόνῳ
640 2499 1045 2574 προσγεγονὸς,
1093 2498 1210 2553 ἀλλ’
1240 2500 1545 2570 ἐνυπάρχον
1584 2499 1812 2563 ἄνωθεν,
1848 2500 1924 2564 ὡς

319 2593 448 2665 Θεῷ
471 2595 614 2648 κατά
637 2592 826 2663 φύσιν,
857 2587 1468 2666 διαϐεϐαιούμενος-,Ἦν
1486 2591 1594 2663 γάρ
1623 2607 1726 2662 μου
1761 2591 1916 2664 πρῶ-

323 2702 438 2749 τος,
467 2685 653 2756 φησὶν,
689 2684 812 2738 ἀντὶ
861 2682 981 2748 τοῦ,
1020 2683 1107 2736 ἀεὶ
1153 2683 1249 2735 xui.
1293 2681 1382 2735 διὰ
1431 2681 1633 2746 παντὸς
1673 2683 1916 2756 ἀμείνων

323 2779 424 2831 καὶ
459 2776 832 2847 ἐπιδοξότερος
855 2791 870 2807 ·
906 2775 996 2829 διὰ
1019 2774 1076 2828 δὲ
1105 2775 1205 2845 τῆς
1239 2775 1378 2846 πρὸς
1407 2775 1504 2828 ἕνα
1527 2775 1639 2829 τῶν
1667 2775 1914 2847 γενητῶν

323 2869 696 2938 συγκρίσεως,
758 2866 792 2936 ὴ
845 2864 988 2918 κατά
1024 2864 1243 2920 πάντων
1278 2864 1460 2936 ψῆφος
1491 2863 1571 2936 τῷ
1603 2865 1746 2939 ὑπὲρ
1774 2866 1913 2921 πάν-

2023 1861 2149 1908 ante
2180 1868 2268 1907 me
2311 1851 2488 1908 factus
2511 1862 2618 1921 est,
2654 1872 2672 1905 ι
2720 1857 3033 1911 necessario
3063 1855 3378 1925 subjungit,
3423 1875 3442 1908 ε
3475 1856 3607 1926 quia

2022 1945 2177 2011 prior
2221 1958 2307 1998 me
2347 1953 2489 2009 erat,
2534 1963 2553 1996 ι
2595 1945 3042 2016 antiquissimam
3073 1947 3121 2000 ei
3155 1946 3385 2015 gloriam
3431 1945 3608 2002 ascri-

2024 2035 2181 2101 bens,
2220 2044 2274 2090 et
2317 2037 2692 2106 prmstantiam
2737 2053 2903 2108 supra
2952 2052 3043 2093 res
3086 2053 3280 2094 omnes
3320 2053 3429 2092 non
3469 2045 3608 2093 tem—

2023 2129 2322 2200 porariam,
2370 2130 2466 2184 sed
2515 2144 2753 2198 superne
2792 2131 3242 2198 inexsistenteiu,
3276 2138 3336 2184 ut
3372 2129 3482 2185 Deo
3515 2144 3607 2186 se-

2022 2221 2263 2276 cundum
2288 2229 2543 2276 naturam
2575 2223 2934 2278 conlirmans.
2966 2223 3097 2277 Erat
3126 2224 3271 2278 enim
3317 2223 3470 2293 prior
3498 2237 3604 2287 me,

2019 2311 2224 2383 inquit,
2253 2313 2307 2368 id
2338 2322 2445 2378 est,
2471 2325 2786 2384 semper,et
2822 2325 3096 2386 perpetuo
3129 2316 3328 2386 major,
3375 2323 3431 2371 et
3465 2332 3609 2387 pra:-

2021 2407 2286 2462 stantior.
2326 2404 2495 2461 Facta
2531 2415 2715 2461 autem
2746 2408 2870 2476 ejus
2915 2423 3039 2462 cum
3078 2425 3184 2462 una
3222 2426 3285 2463 ex
3328 2410 3608 2465 creaturis

2019 2496 2476 2566 comparatione,
2534 2513 2858 2567 supremum
2916 2499 3166 2553 omnium
3236 2499 3406 2555 Deum
3479 2516 3605 2554 cum

2021 2589 2283 2643 omnibus
2314 2598 2703 2659 comparatum
2737 2591 3003 2660 intellige.
3039 2589 3159 2646 Non
3202 2593 3347 2646 enim
3394 2608 3462 2647 ex
3502 2592 3609 2646 hoc

2022 2682 2144 2736 solo
2185 2681 2654 2752 magniﬁcentiam
2704 2691 2760 2736 et
2786 2681 3169 2738 admirandam
3203 2683 3298 2739 Dei
3341 2684 3599 2752 majesta-

2021 2785 2132 2830 tem
2176 2788 2580 2845 agnoscemus,
2630 2774 2778 2845 quod
2827 2773 3098 2830 Joannem
3135 2777 3312 2847 gloria
3353 2783 3600 2846 superet,

2023 2869 2119 2923 sed
2156 2867 2304 2938 quod
2360 2880 2580 2920 omnem
2622 2876 2870 2920 creatam
2925 2867 3299 2922 substantiam
3351 2867 3604 2924 excedat.

319 2977 430 3024 τας
460 2959 766 3028 συνάγεται.
794 2959 871 3012 Οὐ
900 2959 1010 3030 γὰρ
1039 2962 1096 3014 ὲν
1143 2960 1320 3032 τούτῳ
1347 2961 1442 3015 καὶ
1491 2960 1638 3033 μόνῳ
1691 2963 1752 3016 τὸ
1784 2964 1929 3034 μέγα
2004 2966 2100 3020 καὶ
2144 2963 2478 3031 ἀξιάγαστον
2524 2961 2619 3017 τοῦ
2658 2962 2788 3016 Υἱοῦ
2838 2963 3193 3035 θεωρήσομεν
3244 2964 3486 3038 ἀξίωμα,
3550 2968 3610 3021 ιν

321 3051 413 3123 τῷ
458 3049 556 3122 τὴν
605 3051 850 3106 Ἰωάννου
897 3051 1057 3119 δόξαν
1117 3055 1492 3127 ὑπερδραμεῖν
1517 3095 1534 3120 ,
1583 3055 1699 3109 ἀλλ’
1749 3059 1807 3111 ὲν
1839 3059 1919 3130 τῷ
1956 3061 2138 3129 πάσης
2170 3055 2528 3128 ὑπερκεῖσθαι
2559 3058 2794 3128 γενητῆς
2823 3057 3032 3122 οὐσίας.

402 3199 526 3252 Ὅτι
569 3197 639 3252 ἐκ
690 3195 797 3252 τοῦ
827 3191 1224 3263 πληρώματος
1255 3189 1444 3246 αὐτοῦ
1482 3189 1656 3260 ἡμεῖς
1696 3190 1922 3270 πάντες

322 3289 648 3360 ἐλάϐομεν.

410 3424 757 3494 Ἀποδέχεται
782 3421 869 3475 διὰ
892 3419 1098 3474 τούτων
1138 3418 1236 3490 τὴν
1264 3416 1440 3488 ἀληθῆ
1487 3416 1581 3471 τοῦ
1612 3417 1919 3472 Βαπτιστοῦ

326 3517 642 3587 μαρτυρίαν
679 3517 707 3568 6
750 3511 1165 3581 εὑαγγελιστὴς,
1213 3510 1306 3563 καὶ
1350 3511 1495 3580 σαφῆ
1541 3513 1776 3567 ποιεῖται
1822 3510 1920 3582 τὴν

322 3604 606 3669 ἀπόδειξιν
626 3605 725 3674 τῆς
748 3603 843 3657 τοῦ
867 3603 1117 3672 Σωτῆρος
1159 3598 1319 3670 ἡμῶν
1365 3599 1662 3670 ὑπεροχῆς,
1703 3600 1798 3654 καὶ
1824 3599 1918 3653 τοῦ

323 3695 632 3765 κεκτῆσθαι
658 3693 718 3746 τὸ
760 3692 920 3745 πλέον
963 3689 1237 3750 οὑσιωδῶς
1265 3688 1411 3741 κατά
1432 3690 1634 3753 παντὸς
1668 3689 1920 3760 γενητοῦ,

321 3789 472 3843 κατά
502 3806 559 3841 τε
583 3788 682 3858 τὴν
714 3786 871 3851 δόξαν
903 3783 1096 3854 αὐτὴν,
1118 3783 1246 3853 περὶ
1275 3776 1342 3853 ῆς
1362 3783 1390 3834 ὁ
1419 3781 1578 3850 λόγος
1604 3782 1748 3852 μάλα
1778 3783 1918 3848 νυνὶ,

319 3881 426 3934 καὶ
452 3881 547 3933 τὸν
567 3881 660 3933 ἐπὶ
687 3882 801 3942 τοῖς
828 3877 1010 3940 ἀλλοις
1037 3876 1242 3930 ἅπασιν
1273 3873 1496 3942 ἀγαθοῖς
1530 3874 1729 3926 εὐκλεᾶ
1759 3875 1924 3928 κατά-

316 3973 508 4040 λογον.
535 3973 767 4043 Ἀρίστα
792 3970 903 4040 γάρ
925 3987 1036 4040 μοι,
1062 3967 1217 4037 φησὶ,
1253 3966 1347 4019 καὶ
1376 3964 1722 4036 ἀληθέστατα
1749 3965 1922 4035 λέγων

319 4066 353 4117 ὁ
410 4064 728 4134 Βαπτιστὴς
783 4061 1145 4130 ἀναφαίνεται
1205 4058 1335 4129 περὶ
1376 4057 1471 4110 τοῦ
1525 4047 1868 4126 Μονογενοῦς
1902 4097 1918 4121 ,

328 4174 352 4205 ι
408 4155 535 4206 Ὀτι
561 4151 775 4223 πρῶτός
809 4169 911 4223 μου
949 4146 1039 4221 ἦν,
1083 4167 1102 4200 ι
1129 4147 1272 4202 τοῦτ’
1297 4148 1433 4213 ἐστι,
1461 4149 1595 4202 πολὺ
1633 4149 1696 4219 δὴ
1735 4149 1922 4229 κρείτ-

321 4265 446 4299 των
492 4246 585 4298 καὶ
615 4245 879 4317 ἀμείνων·
913 4245 1036 4296 ἐπεὶ
1073 4243 1168 4296 καὶ
1194 4242 1398 4304 πάντες
1442 4244 1602 4312 ἡμεῖς
1632 4243 1682 4295 οἱ
1719 4243 1800 4305 είς
1829 4242 1922 4296 τὸν

327 4335 445 4388 τῶν
463 4335 634 4403 ἁγίων
655 4332 1127 4403 κατατεταγμένοι
1153 4331 1334 4403 χορὸν,
1371 4330 1433 4384 τὸ
1472 4331 1602 4385 ἴδιον
1650 4332 1816 4385 αὑτοῦ
1833 4349 1924 4385 πε-

327 4431 728 4500 πλουτήκαμεν
774 4427 999 4496 ἀγαθὸν,
1029 4426 1262 4488 καὶτοῖς
1301 4424 1510 4477 ἐκείνου
1551 4424 1749 4495 μᾶλλον
1778 4426 1923 4497 ῆπερ

327 4526 444 4584 τοῖς
466 4523 666 4590 ἑαυτῆς
694 4519 1114 4590 ὲπισεμνὺνεται
1155 4519 1630 4588 πλεονεκτήμασιν
1651 4520 1685 4587 ἡ
1713 4517 1922 4590 ἀνθρώ-

2099 3194 2140 3258 l,
2184 3193 2271 3248 l6.
2319 3193 2588 3260 Quoniam
2641 3193 2704 3248 de
2752 3194 3084 3261 plenitudine
3129 3197 3245 3268 eius
3292 3214 3386 3254 nos
3428 3214 3609 3255 omnes

2027 3288 2350 3355 accepimus.

2096 3420 2303 3474 Probat
2338 3419 2431 3474 his
2459 3419 2648 3475 verbis
2680 3417 3016 3489 evangelista
3050 3434 3244 3475 verum
3272 3435 3397 3477 esse
3421 3421 3610 3494 Bapti-

2024 3512 2557 3572 staetestimonium,
2584 3519 2640 3566 et
2674 3510 2922 3566 eminere
2967 3511 3318 3568 Salvatorem
3351 3522 3611 3569 nostrum

2023 3605 2174 3659 clare
2217 3603 2599 3666 demonstrat,
2639 3609 2810 3672 atque
2844 3602 3300 3660 substantialiter
3343 3604 3614 3660 excedere

2024 3711 2115 3750 res
2161 3709 2358 3749 omnes
2401 3706 2622 3750 creatas
2653 3703 2763 3749 tam
2821 3694 2970 3764 quod
3017 3695 3088 3750 ad
3142 3697 3374 3766 gloriam
3432 3696 3611 3766 ipsam

2024 3788 2254 3852 attinet,
2291 3785 2359 3842 de
2401 3800 2510 3856 qua
2549 3788 2789 3842 maxime
2823 3801 2974 3841 nunc
3002 3787 3207 3856 agitur,
3243 3803 3410 3856 quam
3463 3787 3612 3858 quod

2023 3878 2090 3932 ad
2119 3886 2450 3932 cantet-orum
2475 3879 2754 3931 bonorum
2789 3893 3082 3932 numerum
3128 3886 3364 3948 spectat.
3390 3875 3613 3950 Optime

2022 3968 2171 4024 enim
2205 3982 2270 4023 ac
2301 3967 2600 4022 verissime
2631 3967 2700 4022 de
2748 3966 3041 4038 Unigenito
3085 3967 3330 4040 Baptista
3360 3971 3493 4026 mihi
3522 3971 3612 4027 di-

2024 4078 2152 4118 cere
2200 4064 2423 4118 videtur
2474 4081 2488 4117 :
2535 4081 2554 4112 α
2591 4061 2734 4129 Quia
2790 4063 2946 4133 prior
2992 4079 3079 4119 me
3125 4073 3318 4130 erat,o
3368 4065 3475 4122 hoc
3522 4075 3613 4123 est

2025 4155 2203 4210 multo
2249 4169 2336 4210 me
2370 4155 2746 4225 praestantior,
2783 4169 2848 4209 ac
2878 4153 3120 4226 dignior,
3158 4157 3611 4227 quandoquidem

2025 4261 2130 4301 nos
2148 4260 2377 4310 omnes,
2415 4245 2512 4315 qui
2557 4245 2612 4298 in
2648 4254 2970 4300 sanctorum
3010 4260 3245 4300 numero
3287 4261 3610 4314 censemur,

2026 4339 2238 4408 proprii
2265 4337 2388 4405 ejus
2424 4332 2552 4389 boni
2585 4335 2890 4404 participes
2934 4334 3063 4388 facti
3109 4351 3301 4392 sumus
3325 4376 3340 4402 ,
3373 4347 3428 4393 et
3461 4339 3612 4396 illius

2026 4427 2215 4498 potius
2272 4441 2438 4496 quam
2485 4425 2603 4480 suis
2657 4424 3045 4494 prwrogativis
3080 4425 3366 4481 hominum
3413 4437 3612 4486 natura

2027 4508 2322 4589 gloriatur,
2354 4531 2478 4570 cum
2524 4515 2896 4571 admiratione
2940 4518 3172 4587 dignum
3216 4519 3428 4590 aliquid
3462 4521 3519 4574 in
3553 4536 3614 4577 se

327 4630 440 4665 που
475 4611 659 4682 φύσις,
683 4613 813 4664 ὅταν
845 4610 1045 4680 ἔχουσά
1080 4625 1132 4662 τι
1165 4609 1272 4661 τῶν
1294 4607 1641 4674 ἀξιαγάστων
1662 4607 1922 4678 εὑρίσκη-

2030 4584 2239 4666 habere
2289 4609 2649 4679 comperitur.
2702 4606 2776 4664 De
2826 4584 3170 4678 plenitudine
3203 4584 3408 4683 quippe
3450 4611 3612 4676 Filii,

271 4743 274 4746 .
330 4721 450 4759 ται·
493 4704 603 4756 ἀπὸ
624 4704 735 4772 γὰρ
761 4702 855 4756 τοῦ
880 4701 1246 4770 πληρώματος
1278 4701 1370 4753 τοῦ
1395 4699 1548 4765 Υίοῦ,
1592 4699 1841 4773 καθάπερ
1864 4699 1922 4766 ἐξ

333 4796 570 4850 ἀεννάου
583 4796 787 4865 πηγῆς,
807 4796 842 4864 ἡ
861 4793 969 4846 τῶν
991 4793 1150 4846 Θείων
1169 4792 1526 4863 χαρισμάτων
1551 4791 1924 4857 ἀναϐλύζουσα

336 4889 511 4953 δόσις,
548 4889 624 4952 εἰς
648 4888 887 4956 ἑκάστην
913 4885 1130 4957 ἔρχεται
1170 4884 1367 4956 ψυχὴν,
1399 4886 1545 4957 ἤπερ
1579 4885 1644 4938 ἀν
1678 4885 1923 4953 φαίνοιτο

336 4979 439 5032 τοῦ
465 4979 650 5034 λαὸεῖν
685 4979 831 5045 ἀξία.
879 4977 942 5031 Εἰ
971 4978 1028 5031 δὲ
1063 4981 1290 5048 χορηγεῖ
1320 4978 1420 5045 μὲν
1454 4976 1527 5040 ὡς
1582 4978 1647 5029 ἐκ
1696 4977 1926 5047 φυσικοῦ

338 5074 710 5146 πληρώματος
740 5074 769 5125 6
799 5073 947 5137 Υἱὸς,
980 5072 1296 5142 χορηγεῖται
1323 5069 1378 5122 δὲ
1404 5071 1437 5140 ἡ
1465 5070 1663 5132 κτίσις
1692 5071 1808 5134 πῶς
1829 5071 1928 5124 οὐκ

329 5168 402 5221 ἄν
427 5169 599 5219 νοοῖτο
628 5165 817 5218 λοιπὸν
841 5164 940 5233 οὐχ
980 5161 1175 5232 ὁμοίαν
1197 5160 1336 5231 ἔχων
1361 5161 1474 5224 τοῖς
1507 5159 1686 5224 ἄλλοις
1727 5161 1825 5234 τὴν
1843 5162 1926 5216 δό-

335 5259 463 5325 ξαν,
490 5257 605 5310 ἀλλ’
626 5256 772 5326 ἥπερ
804 5254 870 5307 ἂν
901 5253 1102 5325 πρέποι
1127 5251 1207 5322 τῷ
1227 5253 1292 5304 ὲκ
1311 5248 1448 5304 Θεοῦ
1477 5251 1791 5318 Μονογενεῖ,
1828 5251 1928 5322 φύ-

336 5368 480 5414 σεως
515 5349 727 5412 οἰκείας
753 5347 930 5418 ἔχοντι
961 5344 1175 5416 καρπὸν
1216 5341 1284 5396 τὰ
1313 5341 1454 5395 κατά
1491 5343 1706 5399 πάντων
1734 5344 1925 5398 πλεον-

332 5444 649 5511 ειιτήματα,
683 5440 780 5494 καὶ
809 5436 1088 5508 πατρικῆς
1108 5435 1370 5504 ἰδιότητος
1399 5432 1617 5504 ἀξίωμα
1635 5434 1733 5506 τὴν
1753 5435 1924 5508 ὑπερ-

331 5535 510 5604 σχήνς
563 5527 735 5601 Οἶμαι
773 5531 829 5582 δὲ
872 5529 1051 5597 ἔγωγε
1095 5527 1183 5580 καὶ
1225 5525 1319 5578 τὸν
1362 5523 1671 5592 σοφώτατον
1715 5527 1927 5582 Παῦλον

337 5627 473 5696 περὶ
511 5623 613 5693 τῆς
649 5622 760 5674 τῶν
797 5622 931 5674 ὅλων
965 5617 1292 5673 διαλαϐόντα
1325 5616 1561 5685 φύσεως,
1611 5618 1928 5687 κεκινῆσθαι

335 5718 429 5773 διὰ
452 5716 662 5770 τούτων
707 5714 788 5777 είς
823 5712 1029 5774 ἑννοίας
1071 5708 1312 5779 ἀληθεῖς,
1353 5707 1496 5764 οὑτω
1534 5726 1592 5763 τε
1643 5711 1830 5766 λοιπὸν
1854 5712 1930 5776 ὡς

596 5809 869 5871 ΡΑτιιοι..
891 5807 988 5872 Gn
1041 5804 1301 5868 LXXIII.

2031 4710 2293 4771 tanquam
2321 4715 2384 4754 ex
2416 4700 2642 4770 perenni
2668 4698 2816 4756 fonte
2842 4700 3157 4755 divinarum
3195 4704 3499 4773 gratiarum
3521 4704 3616 4760 do-

2032 4808 2164 4849 num
2183 4792 2515 4857 scaturiens,
2534 4793 2586 4847 in
2607 4808 3055 4864 unamquamque
3077 4794 3320 4848 animam
3337 4810 3403 4850 eo
3426 4811 3615 4851 mune-

2015 4899 2092 4940 .re
2122 4884 2282 4955 100
2301 4884 2523 4956 dignam
2564 4885 2832 4941 illabitur.
2862 4884 3021 4951 Quod
3061 4887 3112 4941 si
3145 4884 3321 4942 Filius
3354 4889 3514 4958 quasi
3545 4888 3614 4943 de

2033 4976 2275 5031 naturali
2319 4975 2666 5046 plenitudine
2693 4975 2838 5030 dona
2873 4975 3128 5044 largitur,
3159 4975 3262 5028 ista
3291 4990 3424 5028 vero
3455 4989 3614 5030 crea-

2032 5076 2157 5123 tura
2186 5067 2426 5139 excipit,
2457 5068 2739 5139 quomodo
2789 5081 2900 5121 non
2943 5067 3272 5121 dissimilem
3325 5067 3449 5121 aliis
3495 5067 3614 5138 glo-

2033 5161 2172 5214 riam
2226 5158 2515 5230 possidere
2563 5157 2907 5224 censebitur,
2945 5158 3094 5211 illam
3151 5157 3450 5224 nimirum,
3493 5174 3616 5230 qua:

2034 5251 2129 5308 Dei
2172 5249 2535 5322 Unigenitum
2586 5251 2776 5315 decet,
2828 5250 2922 5321 qui
2982 5258 3044 5305 ut
3104 5258 3319 5305 naturae
3374 5252 3616 5324 propria:

2031 5345 2274 5399 fructum
2323 5343 2492 5396 habet
2545 5356 2761 5397 omnem
2795 5342 3120 5412 dignitatem
3153 5353 3322 5412 atque
3360 5345 3613 5402 eminenc

2033 5435 2168 5488 tiam
2200 5447 2367 5506 quam
2405 5435 2458 5488 in
2490 5447 2551 5488 se
2580 5431 2743 5488 Pater
2779 5434 2982 5490 habere
3014 5434 3362 5506 intelligitur.
3399 5435 3616 5504 Quibus

2036 5525 2334 5582 adductum
2385 5539 2488 5596 ego
2543 5539 2764 5596 quoque
2806 5525 3037 5582 Paulum
3073 5529 3338 5594 arbitror,
3397 5538 3458 5585 ut
3490 5547 3617 5588 cum

2038 5619 2105 5674 de
2145 5619 2397 5674 universi
2449 5627 2644 5675 natura
2685 5618 3024 5687 dissereret,
3076 5637 3205 5679 vere
3244 5627 3619 5693 pronuntiarit

2039 5711 2176 5773 illud
2211 5712 2370 5784 quasi
2403 5713 2734 5772 ‘creaturam
2787 5716 3130 5787 compellans
3169 5736 3182 5772 :
3225 5736 3244 5770 ‹
3289 5717 3431 5786 Quid
3469 5717 3618 5775 enim

3137 5811 3172 5876 6
