4038 6210
503 230 594 289 ττι

1503 220 1562 279 S.
1604 220 1883 278 CYRILLI
1921 222 2393 279 ALEXANDRINI
2431 224 2762 281 ARCﬂlEP.

3658 226 3763 282 {7‘3

496 342 665 398 habes
695 340 841 413 quod
874 355 982 396 non
1017 340 1279 411 accepisti
1304 340 1389 393 ‘°?
1425 360 1447 391 ι
1484 339 1600 396 Non
1633 342 1780 396 enim
1832 356 1955 396 esse
1985 356 2074 395 so-

2179 343 2316 414 πρὸς
2347 342 2446 413 τὴν
2460 343 2636 396 κτίσιν
2657 343 2850 396 εἰπεῖν·
2880 359 2899 392 ι
2924 341 2989 394 Τί
3015 337 3461 412 γάρέχεις,όοῦκ
3475 337 3703 406 ἔλαϐεςς
3737 360 3759 393 ι

495 434 606 489 lum
638 434 733 489 sed
762 435 927 489 etiam
957 434 1118 497 bene,
1166 441 1220 487 et
1271 434 1373 487 hoc
1425 444 1519 487 aut
1573 434 1668 488 illo
1712 433 1876 488 modo
1924 448 2070 499 esse,

493 528 681 580 «latum
716 534 800 581 est
850 540 879 578 a
930 524 1039 580 Deo
1074 531 1365 588 creaturae,
1399 525 1648 594 nihilque
1690 538 1719 578 a
1772 538 1835 579 se
1870 524 2073 591 habet,

494 618 591 673 sed
630 618 746 673 sola
782 616 1122 687 benignitate
1176 614 1483 687 largientis.
1517 614 1936 672 Observandum
1991 627 2077 672 est

498 723 663 778 porro
693 707 893 762 Filium
940 707 1029 762 hic
1077 706 1189 761 dici
1222 707 1482 777 plenum,
1527 707 1581 762 id
1610 717 1694 762 est
1729 708 1785 762 in
1815 709 2075 763 omnibus

492 796 960 871 perfectissimum
987 839 1001 863 ,
1028 806 1357 869 tantumque
1396 799 1591 855 abesse
1623 800 1693 855 ab
1727 800 1964 870 alicujus
1998 801 2074 856 rei

499 891 747 962 penuria,
783 897 919 946 utet
941 890 1202 947 omnibus
1230 891 1447 946 abunde
1471 891 1662 963 largiri
1696 892 1903 963 possit,
1936 894 2075 948 citra

497 981 919 1041 diminutionem
967 981 1133 1036 ullam
1181 989 1276 1036 aut
1323 981 1633 1051 jacturam,
1665 992 1720 1038 et
1763 985 2076 1041 eminentia:

499 1088 613 1126 suae
644 1070 1074 1143 magnitudinem
1129 1073 1378 1127 eamdem
1435 1072 1649 1146 semper
1698 1085 1754 1131 et
1809 1078 2073 1148 integram

496 1164 752 1218 retineat.

566 1256 617 1322 1,
656 1258 827 1313 16-17.
870 1259 937 1313 Et
982 1263 1217 1333 gratiam
1260 1279 1354 1331 pro
1389 1265 1565 1333 gratia
1605 1277 1624 1316 :
1662 1265 1787 1333 quia
1845 1265 1931 1319 lea:
1986 1280 2078 1333 per

499 1348 720 1420 Moysen
756 1351 889 1406 data
920 1364 996 1407 cst
1018 1395 1032 1419 ,
1065 1356 1242 1425 gratia
1276 1366 1324 1409 ct
1352 1356 1543 1409 veritas
1574 1372 1664 1424 per
1701 1355 1887 1410 Jesum
1929 1359 2079 1414 Citri-

498 1453 637 1497 stum
673 1445 816 1515 facta
844 1454 945 1501 est.

572 1536 845 1601 Quoniam
884 1537 1273 1594 universorum
1325 1539 1609 1596 hominum
1666 1542 1840 1612 gloria
1880 1542 2079 1598 clario-

500 1642 619 1683 rem
654 1642 780 1684 esse
809 1625 1089 1700 Unigeniti
1121 1631 1354 1702 gloriam
1384 1634 1647 1701 asseruit,
1677 1642 1731 1689 et
1758 1635 2078 1691 sanctitatis

485 1720 886 1790 magnitudine
910 1722 1121 1778 sanctis
1139 1724 1399 1780 omnibus
1429 1725 1611 1797 ipsum
1637 1726 2080 1796 incomparabili-

496 1820 583 1865 ter
614 1813 968 1878 antecellere,
1000 1830 1152 1870 nunc
1187 1831 1377 1872 eorum
1412 1818 1831 1889 comparatione
1872 1819 1965 1889 qui
2007 1819 2077 1873 ad

481 1917 773 1961 suntmum
801 1904 1317 1962 virtutum‘culmen
1344 1908 1525 1964 evecti
1554 1917 1684 1965 sunt
1707 1924 1819 1967 rem
1848 1909 2079 1966 demon-

498 2003 675 2050 strare
711 2005 963 2054 conatur.
1010 1995 1085 2052 De
1112 1996 1328 2054 Joanne
1374 1999 1581 2072 quippe
1636 1999 1887 2055 Salvator
1937 2002 2013 2055 ait
2060 2020 2074 2057 :

492 2106 523 2137 -σ
555 2088 748 2152 Amen,
779 2102 936 2145 amen
985 2087 1114 2145 dico
1143 2090 1300 2145 vobis
1323 2132 1337 2157 ,
1360 2106 1474 2146 non
1510 2092 1752 2148 surrexit
1793 2092 1939 2147 inter
1980 2109 2078 2148 na-

499 2189 584 2233 tos
649 2179 943 2236 mulierum
998 2181 1178 2252 major
1232 2180 1445 2238 Joanne
1494 2181 1741 2254 Baptista
1771 2184 1838 2237 ⁶¹.
1894 2203 1914 2234 ι
1969 2184 2076 2239 Sed

499 2269 652 2324 illum
693 2272 830 2329 adeo
859 2287 1114 2345 magnum
1160 2284 1324 2347 atque
1376 2276 1671 2332 sublimem
1712 2293 1861 2333 nunc
1899 2278 2077 2333 intro-

495 2361 650 2417 ducit
700 2364 1032 2420 clamantem
1055 2408 1071 2434 ,
1097 2375 1159 2422 ut
1215 2368 1334 2437 ipse
1370 2369 1478 2430 ait,
1512 2376 1566 2423 et
1595 2384 1790 2440 magna
1834 2386 1965 2426 voce
1991 2370 2076 2426 di—

497 2464 711 2511 centem
747 2474 760 2510 :
800 2474 818 2508 t
855 2456 961 2523 Qui
1004 2467 1131 2528 post
1191 2474 1277 2514 me
1331 2468 1596 2514 venturus
1645 2467 1751 2526 est,
1811 2471 1940 2516 ante
1991 2478 2077 2516 me

484 2543 681 2602 'l’actus
703 2556 809 2615 est,
843 2547 968 2620 quia
1002 2549 1155 2619 prior
1186 2565 1272 2606 me
1301 2562 1441 2607 erat.
1475 2571 1494 2603 ο
1526 2550 1663 2607 Cum
1694 2560 1877 2608 autem
1910 2552 2077 2608 Joan-

497 2637 587 2692 nis
615 2639 792 2709 gloria
821 2638 1102 2713 Unigeniti
1133 2642 1303 2712 gloria
1327 2643 1399 2699 sit
1427 2643 1680 2710 inferior,
1703 2644 1866 2716 eique
1892 2646 2074 2711 cedat,

495 2733 751 2803 sequitur
794 2734 1070 2789 neminem
1137 2744 1452 2790 sanctorum
1491 2734 1558 2789 ad
1618 2736 1783 2790 talem
1847 2736 2076 2805 gloriam

474 2840 839 2895 -0perumque
873 2824 1221 2894 splendorem
1256 2827 1414 2883 evehi
1463 2840 1625 2894 posse
1674 2826 1859 2896 qualis
1894 2836 1979 2881 est
2021 2826 2074 2880 in

500 2914 727 2971 Christo
761 2915 1076 2971 Salvatore.
1104 2916 1375 2982 Quocirca
1408 2917 1585 2972 sancti
1630 2918 1709 2973 illi
1743 2918 1837 2988 qui
1869 2917 2074 2975 adven-

502 3015 593 3062 tus
659 3007 1002 3077 temporibus
1057 3008 1426 3071 exstiterunt,
1479 3023 1605 3062 cum
1676 3023 1787 3064 non
1860 3008 2149 3088 possintc

476 3111 716 3166 aequare
742 3094 977 3151 Joannis
1006 3096 1299 3162 virtutem,
1346 3113 1450 3153 nec
1501 3099 1570 3153 ad
1613 3099 1746 3155 illud
1788 3100 2076 3169 pervenire

492 3188 816 3258 fastigium,
849 3188 1078 3243 Christo
1114 3188 1312 3243 cedent
1360 3205 1469 3245 una
1525 3205 1648 3245 cum
1706 3192 1850 3261 ipso,
1902 3193 2077 3263 siqui-

494 3279 618 3334 dem
650 3278 848 3334 beatus
885 3277 979 3335 ille
1012 3278 1260 3350 Baptista
1284 3295 1561 3336 summum
1603 3291 1800 3340 tenens
1850 3283 2075 3339 bonita-

492 3372 567 3425 tis
614 3385 920 3439 cacumen,
985 3372 1220 3443 ejusque
1273 3374 1448 3444 gloria
1498 3376 1633 3431 nulli
1684 3377 1927 3440 cedens,
1963 3394 2074 3433 non

495 3462 727 3517 aliorum
760 3478 894 3517 voce
921 3463 1019 3517 sed
1048 3478 1151 3519 sua
1185 3465 1305 3535 ipse
1331 3465 1684 3522 confessione
1723 3467 1883 3539 longe
1915 3469 2069 3539 101

497 3552 768 3608 minorem
822 3570 883 3610 se
938 3554 1164 3611 Christo
1218 3557 1572 3627 praedicavit,
1614 3558 1836 3626 dicens,
1894 3560 2071 3631 ipsum

493 3659 626 3700 vere
652 3653 909 3701 sanctum
949 3661 1096 3703 esse.
1138 3645 1409 3712 Quoniam
1464 3656 1646 3705 autem
1687 3649 2074 3705 demonstran-

426 3800 429 3803 _
494 3739 624 3794 dum
649 3750 771 3795 erat
808 3737 1219 3796 Emmanuelem
1246 3742 1679 3811 prmstantiorem
1720 3750 1775 3799 et
1804 3743 2067 3814 majorem

494 3843 619 3885 esse
652 3828 854 3901 priscis
880 3829 989 3885 illis
1036 3830 1280 3897 sanctis,
1323 3832 1639 3887 necessario
1668 3831 1865 3889 beatus
1901 3848 2069 3889 evan-

492 3922 685 3995 gelista
717 3921 785 3976 ad
835 3920 1025 3978 Mosen
1074 3925 1310 3994 primum
1350 3938 1633 3979 sacrorum
1673 3925 1975 3979 antistitem
2012 3940 2072 3981 sc

494 4011 742 4078 confert,
764 4010 831 4067 ad
860 4027 1021 4083 quem
1051 4026 1082 4066 a
1124 4010 1236 4067 Deo
1278 4011 1486 4067 dictum
1517 4020 1640 4068 cst:
1672 4032 1688 4063 ε
1725 4012 1854 4068 Seio
1878 4021 1930 4068 te
1959 4030 2070 4084 pra:

492 4108 772 4174 omnibus,
809 4113 863 4162 et
892 4105 1126 4177 gratiam
1158 4105 1419 4161 invenisti
1450 4105 1593 4175 apud
1619 4106 1789 4160 me”.
1826 4124 1843 4155 ι
1881 4104 2071 4160 Notio-

495 4212 606 4252 rcm
647 4210 777 4252 vero
829 4211 943 4268 pra:
992 4195 1210 4252 caeteris
1259 4194 1369 4251 Deo
1422 4194 1598 4251 fuisse
1666 4195 1795 4249 hinc
1850 4211 2070 4266 quoque

494 4290 634 4343 scire
664 4303 962 4359 possumus
1004 4304 1016 4339 :
1062 4306 1081 4338 ι
1144 4287 1202 4342 Si
1242 4286 1410 4342 fuerit
1450 4286 1717 4359 propheta
1766 4301 1831 4342 cx
1873 4287 2066 4351 vobis,

2176 434 2331 488 Μετά
2355 435 2464 506 γὰρ
2486 433 2582 487 τοῦ
2621 430 2783 497 εἶναι,
2810 434 2904 487 καὶ
2939 432 3001 486 τὸ
3025 427 3084 486 εὗ
3131 428 3271 486 εἶναι
3312 430 3539 484 τοιῶσδε
3578 432 3773 502 τυχὸν,

2180 531 2247 599 τῇ
2273 530 2449 582 κτίσει
2475 527 2776 591 θεόσδοτον,
2808 526 2922 597 ἔχει
2954 525 3012 578 δὲ
3037 524 3247 578 οἴκοθεν
3268 522 3442 587 οὐδὲν,
3468 522 3690 578 πλουτεί
3709 523 3765 577 δὲ

2182 618 2353 689 μόνην
2388 618 2486 689 τὴν
2526 616 2620 671 τοῦ
2665 617 2901 680 διδόντος
2931 615 3263 685 φιλοτιμίαν.
3318 613 3660 684 Σημειωτέον
3706 613 3764 666 δὲ

2178 709 2363 775 πάλιν,
2411 711 2495 764 ὅτι
2545 708 2762 781 πλήρη,
2802 708 2948 762 τοῦτ’
2980 708 3147 773 ἐστιν,
3180 710 3238 762 ὲν
3277 709 3412 761 πᾶσι
3448 706 3768 761 παντέλειαν

2175 796 2314 855 εἷναί
2343 818 2479 874 φησι
2499 801 2589 855 τὸν
2612 801 2762 865 Υίὸν,
2787 800 2881 855 καὶ
2902 800 3154 853 τοσοῦτον
3183 799 3473 870 ἀφεστῶτα
3495 800 3603 852 τῶν
3625 799 3769 854 κατά

2177 911 2231 947 τι
2270 893 2402 963 γοῦν
2452 894 2647 948 ἐπιδεᾶ
2685 893 3047 957 καθεστᾶναι,
3083 892 3158 956 ὡς
3192 890 3285 944 καὶ⁸
3331 892 3465 945 πᾶσι
3502 889 3768 947 δύνασθαι

2184 990 2462 1058 χορηγεῖν,
2516 985 2578 1040 τὸ
2630 985 2982 1042 ἐλαττοῦσθαι
3031 984 3486 1065 παραιτούμενον,
3537 984 3770 1054 καὶτῆς

2176 1081 2384 1141 οἰκείας
2422 1079 2694 1151 ὑπεροχῆς
2721 1077 2894 1132 ἀεὶτὸ
2941 1076 3174 1147 μέγεθος
3222 1077 3281 1130 ὲν
3324 1076 3619 1147 ταυτότητι
3650 1076 3770 1130 δια-

2181 1170 2442 1234 σώζοντα.

2252 1263 2362 1315 Kal
2398 1261 2573 1331 χάριν
2605 1261 2739 1315 ἀντὶ
2774 1259 3033 1330 χάριτος
3077 1258 3164 1313 ὅτι
3220 1262 3253 1313 ό
3300 1260 3483 1329 νόμος
3514 1258 3614 1314 διὰ
3636 1264 3769 1316 Μω-

2178 1354 2331 1421 σέως
2351 1354 2553 1423 ἐδόθη,
2596 1355 2635 1422 ἡ
2691 1352 2866 1423 χάρις
2921 1352 3017 1407 καί
3050 1352 3089 1421 ἡ
3136 1350 3387 1421 ἀλήθεια
3420 1351 3520 1407 διὰ
3559 1353 3769 1421 Ἰησοῦ

2179 1444 2437 1514 Χριστοῦ
2474 1445 2735 1515 ἐγένετο.

2249 1536 2652 1610 Λαμπροτέραν
2689 1535 2790 1607 τῆς
2822 1538 2879 1590 ὲν
2913 1536 3119 1592 ἅπασιν
3152 1535 3462 1608 ἀνθρώποις
3509 1537 3765 1603 εὐκλείας

2178 1627 2276 1701 τὴν
2291 1627 2385 1683 τοῦ
2412 1626 2747 1698 Μονογενοῦς
2777 1628 3159 1699 ἀναπεφάνθαι
3184 1627 3339 1693 δόξαν
3367 1627 3557 1694 εἰπὼν,
3588 1630 3682 1684 καὶ
3700 1628 3768 1681 τὸ

2181 1723 2241 1776 ὲν
2287 1721 2538 1793 ἁγιότητι
2597 1720 2828 1793 μέγεθος
2880 1721 3217 1793 ἀσύγκριτον
3263 1721 3412 1793 αὐτῷ
3457 1722 3594 1794 πρὸς
3635 1722 3765 1787 τοὺς

2180 1812 2369 1882 ἁγίους
2398 1812 2694 1884 εἰσφέρων,
2724 1813 2835 1867 ἀπὸ
2857 1814 2967 1873 τῶν
3016 1814 3099 1878 εἰς
3130 1813 3298 1884 ἄκρον
3342 1813 3767 1885 ἀναϐεϐηκότων

2180 1904 2382 1975 ἀρετῆς
2414 1905 2689 1960 ποιεῖσθαι
2721 1905 3014 1968 σπουδάζει
3035 1905 3131 1959 τοῦ
3158 1906 3513 1978 προτεθέντος
3557 1905 3767 1962 σκοποῦ

2179 1996 2280 2065 τὴν
2334 1996 2627 2064 ἀπόδειξιν.
2679 1997 2818 2068 Περι
2859 1998 2957 2067 μὲν
2999 1997 3248 2052 Ἰωάννου
3293 1999 3460 2069 φησὶν
3490 2001 3520 2053 ὁ
3547 1999 3762 2070 Σωτήρ

2188 2108 2205 2140 ι
2230 2087 2421 2158 Ἀμὴν,
2445 2088 2591 2159 ἀμὴν
2617 2088 2760 2157 λέγω
2785 2090 2934 2159 ὑμῖν,
2954 2088 3054 2143 οὐκ
3076 2089 3374 2160 ἐγήγερται
3402 2091 3461 2142 ὲν
3483 2092 3767 2160 γεννητοῖς·

2180 2178 2478 2247 γυναικῶν,
2541 2179 2741 2251 μείζων
2782 2180 3029 2235 Ἰωάννου
3057 2180 3151 2234 τοῦ
3179 2179 3505 2235 Βαπτιστοῦ.
3539 2199 3561 2233 ι
3602 2180 3767 2234 una:

2178 2267 2270 2321 τὸν
2300 2268 2441 2322 οὕτω
2466 2268 2642 2338 μέγαν
2698 2270 2792 2323 καὶ
2826 2268 3188 2341 ἀξιοζήλωτον
3234 2271 3585 2343 παρέστησεν
3637 2272 3764 2344 ἢδη,

2180 2359 2436 2432 καθάπερ
2470 2361 2641 2424 αὑτός
2691 2379 2878 2432 φησιν,
2925 2363 3366 2434 ἁνακεκραγότα,
3406 2364 3502 2416 καὶ
3548 2362 3767 2437 μεγάλη

2179 2451 2404 2520 λέγοντα
2453 2455 2520 2523 τῇ
2545 2455 2730 2521 φωνῇ·
2770 2472 2789 2505 ι
2839 2453 2896 2507 '0
2930 2454 3107 2507 ὀπίσω
3163 2472 3264 2525 μου
3298 2455 3613 2526 ἐρχόμενος,
3662 2454 3765 2527 ἐμ-

2179 2542 2412 2615 προσθέν
2446 2560 2549 2614 μου
2582 2544 2826 2613 γέγονεν,
2848 2544 2931 2597 ὅτι
2954 2528 3179 2616 ’πρῶτός
3219 2563 3325 2616 μου
3356 2542 3445 2617 ἦν,
3486 2564 3505 2598 ι
3553 2546 3766 2600 Ἠττωο

2181 2634 2351 2703 μένης
2374 2633 2431 2686 δὲ
2455 2635 2553 2704 τῆς
2590 2636 2839 2689 Ἰωάννου
2869 2636 3049 2708 δόξης,
3089 2636 3185 2692 καὶ
3213 2638 3655 2709 παραχωροὺσης
3683 2637 3764 2709 τῷ

2178 2724 2494 2791 Μονογενεί,
2539 2724 2657 2790 πῶς
2684 2726 2784 2779 οὐκ
2827 2726 3044 2799 ἀνάγκη
3094 2726 3278 2781 λοιπὸν
3311 2729 3512 2783 ὲννοείν
3553 2729 3764 2800 μηδένα

2178 2815 2288 2868 τῶν
2314 2814 2489 2869 ἄλλων
2530 2816 2699 2885 ἁγίων
2718 2819 2799 2882 είς
2824 2817 2887 2871 τὸ
2922 2819 3035 2874 ι’σον
3061 2819 3429 2891 ἀναφέρεσθαι
3459 2820 3660 2892 μέτρον
3683 2820 3765 2892 τῷ

2179 2904 2387 2976 Σωτῆρι
2419 2906 2659 2977 Χριστῷ,
2685 2908 2827 2963 κατά
2856 2926 2920 2978 γε
2941 2908 3032 2963 τὸν
3061 2910 3160 2981 τῆς
3210 2909 3458 2975 εὐκλείας
3488 2910 3667 2980 λόγον,
3700 2910 3762 2977 ὃς

2179 2998 2236 3049 ὲν
2269 2999 2335 3069 τῇ
2358 2996 2468 3051 τῶν
2491 2998 2667 3070 ἔργων
2695 3000 2981 3074 θεωρεῖται
3021 3000 3403 3074 λαμπρότητι;
3448 3004 3510 3058 υί
3543 3004 3642 3075 μὲν
3666 2999 3761 3060 οὖν

2180 3089 2321 3143 κατὰ
2368 3092 2493 3155 τοὺς
2515 3094 2614 3163 τῆς
2659 3092 2956 3164 ἐπιδημίας
3005 3097 3233 3168 καιροὺς
3278 3096 3559 3167 γεγονότες
3587 3097 3756 3166 ἀγιοι,

2176 3179 2275 3251 τὴν
2315 3180 2559 3236 Ἰωάννου
2592 3182 2937 3237 πλεονεκτεῖν
2973 3186 3075 3239 οὐκ
3119 3185 3334 3258 ἔχοντες
3385 3188 3604 3260 ἀρετὴν,
3637 3189 3760 3244 οὐδὲ

2175 3271 2236 3324 τὸ
2258 3271 2450 3344 ἐκείνῳ
2488 3274 2691 3345 προσὸν
2733 3275 3121 3340 ἀναϐαίνοντες
3163 3278 3383 3351 μέτρον,
3421 3282 3761 3353 παραχωρή-

2177 3380 2330 3418 σουσι
2362 3366 2458 3419 σὺν
2486 3366 2635 3438 αὐτῷ
2661 3368 2723 3422 τὸ
2755 3371 2914 3441 νικᾷν
2942 3369 3019 3440 τῷ
3053 3370 3294 3442 Χριστᾷν
3330 3373 3491 3443 εἰπερ
3521 3373 3662 3444 ἔχων
3697 3374 3761 3428 ὲν

2176 3454 2403 3524 ἀγαθοῖς
2440 3457 2501 3510 τὸ
2539 3459 2909 3531 ἀκρότατονλὸ
2965 3461 3236 3533 μακάριος
3280 3464 3612 3537 Βαπτιστης,
3659 3465 3758 3518 καὶ

2174 3548 2375 3619 τρόπον
2420 3548 2723 3624 ὑπερϐολῆς
2785 3552 3195 3619 καταλελοιπὼς
3244 3556 3457 3619 οὐδένα,
3505 3557 3607 3628 τὴν
3665 3556 3755 3611 ἐπ’

2175 3640 2424 3696 ἐλάττοσι
2452 3641 2631 3713 ψῆφον
2659 3644 2717 3697 οὐ
2742 3644 2832 3699 διὰ
2879 3646 2981 3717 τῆς
3032 3646 3218 3718 ἑτέρου
3243 3649 3513 3718 λαμϐάνει
3543 3649 3755 3720 φωνῆς,

2174 3733 2289 3787 ἀλλ’
2325 3733 2489 3800 αὐτὸς
2519 3736 2712 3790 ἑαυτοῦ
2739 3739 3145 3811 κατεσφράγισε
3182 3740 3244 3794 τὸ
3272 3743 3524 3813 πρᾶγμα,
3554 3742 3754 3812 λέγων,

2172 3823 2247 3888 ὡς
2275 3824 2429 3895 ἅγιος
2461 3826 2695 3897 ἀληθῶς.
2745 3829 2968 3901 Ἐπειδὴ
3019 3830 3192 3885 δὲκαὶ
3242 3832 3351 3885 τῶν
3379 3834 3758 3906 ἀρχαιοτέρων

2172 3916 2345 3986 ἁγίων
2373 3918 2538 3990 ἐχρῆν
2570 3920 2962 3989 ἀναφαίνεσθαι
2995 3922 3281 3995 κρείττονά
3303 3942 3360 3978 τε
3410 3925 3505 3983 καλ⁸
3529 3924 3755 3995 μείζονα

2170 4010 2262 4065 τὸν
2290 4010 2654 4082 Ἐμμανουήλ,
2685 4011 2998 4081 ἀναγκαίως
3023 4014 3054 4067 ὁ
3079 4014 3344 4085 μακάριος
3365 4014 3757 4088 εὐαγγελιστὴς

2171 4102 2264 4155 ἐπὶ
2314 4100 2529 4174 πρῶτον
2562 4101 2781 4174 ἔρχεται
2834 4103 2928 4158 τὸν
2973 4105 3294 4177 ἱεροφάντην
3344 4107 3572 4169 Μωσέα,
3612 4107 3753 4179 πρὸς

2169 4193 2229 4248 ὃν
2257 4192 2445 4266 εἴρητο
2481 4193 2634 4266 παρά
2664 4194 2798 4248 Θεοῦ
2824 4210 2840 4227 ο
2879 4215 2897 4248 ι
2949 4190 3080 4250 Οἶδά
3120 4214 3180 4250 σε
3212 4197 3365 4268 παρά
3400 4200 3630 4262 πάντας,
3660 4203 3755 4254 καὶ

2169 4282 2331 4354 χάριν
2382 4278 2538 4357 εὗρες
2601 4287 2734 4357 παρ’
2784 4286 2930 4356 ἐμοί.
3011 4327 3025 4342 .
3070 4326 3085 4340 .
3150 4306 3169 4341 ι
3227 4288 3556 4357 ἐγινώσκετο
3598 4290 3753 4361 παρά

495 4380 675 4449 inquit
715 4378 1003 4453 Dominus,
1030 4379 1088 4433 in
1117 4378 1332 4434 visione
1362 4379 1412 4435 ei
1441 4394 1730 4450 agnoscar,
1761 4387 1817 4434 et
1846 4379 1899 4432 in
1924 4394 2072 4433 som-

2179 4377 2383 4442 πάντας
2425 4376 2505 4449 τῷ
2538 4377 2679 4449 Θεῷ,
2711 4379 2806 4433 καὶ
2844 4378 2937 4433 διὰ
2966 4378 3353 4434 τούτουρπάλιν
3399 4382 3561 4453 ἡμεῖς
3605 4382 3751 4436 εἰσό-

493 4485 564 4524 ιιο
598 4469 792 4540 loquar
824 4469 896 4525 ei.
918 4468 1039 4524 Non
1067 4470 1148 4525 sic
1172 4486 1367 4525 servus
1404 4485 1556 4525 meus
1586 4469 1837 4541 Moyses;
1871 4474 1926 4525 in
1960 4479 2073 4526 tota

490 4562 655 4617 domo
704 4575 825 4616 mea
857 4560 1034 4616 ﬁdelis
1062 4570 1169 4616 est.
1207 4560 1282 4617 Os
1314 4561 1380 4617 ad
1409 4576 1473 4616 os
1503 4561 1698 4631 loquar
1724 4562 1810 4627 ei,
1850 4562 1904 4615 in
1948 4578 2073 4633 spe-

490 4654 594 4719 cie,
620 4661 675 4708 et
703 4666 811 4706 non
845 4667 943 4723 per
974 4654 1265 4724 aenigmata
1292 4653 1357 4707 “.
1385 4672 1403 4705 ι
1428 4651 1591 4707 Licet
1617 4668 1746 4723 ergo
1782 4662 1934 4709 tanta
1976 4671 2071 4710 su-

490 4736 586 4816 pra
618 4754 844 4800 caeteros
878 4743 1079 4798 veteris
1124 4740 1350 4798 foederis
1396 4750 1621 4796 sanctos
1653 4750 1838 4812 patres
1871 4744 2068 4816 digna-

492 4833 645 4887 tione
687 4829 958 4901 przeditus
988 4830 1061 4887 sit
1090 4829 1307 4902 Moyses
1330 4873 1344 4899 ,
1380 4832 1820 4902 praestantiorem
1867 4835 2069 4890 nihilo-

495 4925 714 4991 minus,
746 4932 801 4979 et
845 4923 1028 4979 modis
1057 4923 1314 4979 omnibus
1352 4924 1643 4980 clariorem
1685 4940 1806 4982 esse
1831 4927 2072 4983 ostendit

493 5017 847 5090 Unigenitum
868 5017 999 5074 :rllt
1018 5026 1278 5088 appareat
1293 5017 1408 5087 ipse
1428 5017 1479 5071 in
1500 5017 1758 5072 omnibus
1771 5018 2066 5087 primatum

487 5122 701 5179 tenens,
726 5131 747 5165 ι
784 5111 948 5169 sicuti
972 5108 1177 5165 Paulus
1205 5110 1398 5166 scribit
1426 5109 1491 5163 “.
1528 5109 1737 5166 Idcirco
1769 5111 1848 5164 ait
1883 5128 1894 5162 :
1936 5130 1953 5163 ι
2000 5111 2066 5166 Ει

485 5207 725 5269 gratiam
757 5218 859 5275 pro
881 5203 1096 5275 gratia:
1126 5200 1254 5271 quia
1291 5201 1379 5257 lex
1410 5216 1507 5273 per
1535 5199 1766 5273 Moysen
1805 5201 1933 5257 data
1956 5210 2065 5268 est,

485 5300 658 5370 gratia
689 5305 744 5355 et
774 5298 982 5354 veritas
1011 5311 1110 5367 per
1155 5293 1344 5350 Jesum
1385 5292 1671 5350 Christum
1726 5293 1868 5348 facta
1902 5304 2006 5350 est.
2040 5313 2060 5371 ρ

489 5392 744 5447 Arbitror
763 5391 909 5446 enim
934 5404 1041 5462 ego
1070 5389 1320 5445 divinum
1352 5389 1744 5458 evangelistam
1776 5388 2061 5443 istiusmo-

492 5480 545 5533 tli
578 5481 843 5554 quiddam
884 5482 1198 5553 signiﬁcare
1226 5481 1384 5537 velle.
1412 5478 1643 5544 Veram,
1683 5479 1894 5549 inquit,
1925 5495 2061 5533 con-

555 5649 654 5711 “l
699 5651 826 5709 Cor.
888 5669 961 5720 tv,
1013 5653 1063 5707 7.

2183 4466 2342 4537 μεθα·
2391 4486 2411 4519 ι
2456 4467 2582 4522 Ἐὰν
2625 4467 2871 4540 γένηται,
2936 4469 3089 4538 φησὶ,
3138 4471 3447 4543 προφήτης
3474 4471 3650 4542 ὑμῶν,
3693 4473 3753 4528 ἐν

2177 4560 2414 4629 ὁράματι
2460 4560 2609 4631 αὑτῷ
2651 4560 3058 4632 γνωσθήσομαι,
3096 4561 3190 4614 καὶ
3242 4562 3301 4615 ὲν
3332 4561 3485 4634 ὕπνῳ
3532 4563 3755 4633 λαλήσω

2177 4651 2346 4722 αὐτῷ.
2389 4652 2502 4722 Οὐχ
2534 4650 2708 4715 οὕτως
2738 4650 2859 4725 [ὡς]
2889 4654 2917 4706 ό
2967 4652 3218 4723 θεράπων
3269 4672 3372 4726 μου
3421 4656 3646 4727 Μωσῆς
3695 4657 3755 4712 ἐν

2175 4741 2279 4812 ὅλῳ
2309 4742 2387 4812 τῷ
2414 4744 2546 4815 οἴκῳ
2578 4760 2680 4814 μου
2709 4745 2901 4810 πιστός
2923 4746 3057 4799 ἐστι’
3088 4747 3263 4818 στόμα
3288 4748 3432 4803 κατὰ
3462 4749 3637 4819 στόμα
3655 4748 3757 4804 λαο

2177 4832 2326 4904 λήσω
2342 4834 2489 4904 αὐτῷ
2505 4835 2562 4887 ὲν
2587 4835 2736 4899 εῖδει,
2764 4837 2941 4892 καὶού
2966 4838 3034 4891 δι’
3061 4840 3416 4910 αἰνιγμάτων.
3435 4859 3454 4892 ι
3496 4841 3758 4911 Ἐχοντος

2175 4923 2353 4978 τοίνυν
2391 4925 2485 4977 καὶ
2516 4923 2611 4978 τοῦ
2638 4927 2914 4996 πανσόφου
2948 4928 3193 4993 Μωσέως
3225 4930 3366 4984 κατά
3398 4930 3507 4984 τῶν
3534 4933 3760 5003 ἀρχαιοο

2174 5013 2345 5086 τέρων
2379 5015 2674 5097 ἁγίωνδτὴν
2702 5016 2845 5070 οὓτω
2880 5018 3120 5088 μεγάλην
3147 5019 3441 5091 ὑπεροχὴν.
3466 5022 3761 5092 κρείττονά.

2173 5125 2232 5161 τε
2275 5108 2368 5163 καὶ
2398 5109 2780 5181 εὐκλεέστερον
2810 5110 2950 5165 κατὰ
2982 5111 3159 5166 πάντα
3187 5111 3387 5183 τρόπον
3408 5114 3758 5171 ἀποδεικνύει

2174 5202 2264 5255 τὸν
2302 5186 2601 5274 Μονογενῆ,
2637 5221 2655 5253 t
2698 5201 2813 5258 Ἵνα
2841 5204 3098 5276 φαίνηται
3137 5206 3194 5258 ἐν
3227 5207 3393 5260 πᾶσιν
3410 5206 3574 5272 αὐτὸς
3601 5225 3759 5281 πρω-

2176 5293 2400 5359 τεύων,»
2434 5296 2509 5360 ὡς
2536 5297 2564 5349 ὁ
2586 5294 2794 5362 nam,
2817 5313 2969 5368 φησν
3006 5298 3101 5352 καὶ
3123 5297 3212 5352 διὰ
3225 5298 3382 5353 τοῦτο
3407 5299 3572 5369 λέγει·
3600 5318 3618 5351 t
3644 5300 3759 5354 Καὶ

2174 5386 2332 5456 χάριν
2371 5388 2490 5441 ἀντὶ
2523 5389 2764 5460 χάριτος,
2795 5390 2877 5445 ὃτι
2907 5391 2936 5443 ὁ
2960 5389 3123 5460 νόμος
3147 5389 3239 5444 διά
3268 5392 3513 5456 Μωσδως
3544 5391 3703 5463 ἐδόθη
3736 5409 3754 5424 ·

2168 5479 2201 5548 ἡ
2229 5479 2387 5550 χάρις
2416 5480 2509 5534 καὶ
2543 5481 2574 5551 ἡ
2602 5480 2827 5552 ἀλήθεια
2861 5481 2948 5536 διὰ
2980 5482 3152 5554 Ἰησοῦ
3183 5482 3422 5554 Χριστοῦ
3453 5484 3690 5553 ἐγένετο.
3730 5502 3754 5539 ι

1170 5656 1210 5686 ⁵⁸
1267 5653 1457 5711 Matth.
1521 5673 1596 5725 χι,
1659 5657 1746 5710 Η.
1824 5657 1866 5688 ⁸³
1914 5655 2074 5711 lixod.

2179 5674 2314 5725 :xtn,
2366 5661 2447 5717 12.
2526 5663 2568 5693 θ’
2598 5660 2756 5715 Num.
2800 5678 2896 5729 xu,
2940 5663 2996 5718 G—
3018 5663 3070 5719 8.
3151 5662 3195 5698 “
3243 5663 3352 5721 Col.
3404 5680 3443 5732 Ι,
3485 5662 3574 5721 18.
