4038 6210
302 292 412 347 I73

1360 286 1434 341 ιιι
1470 285 1755 339 MANNIS
1797 285 2241 347 EVARGELHJM
2276 287 2400 345 LI=B.
2434 290 2481 344 ι.

3472 298 3575 356 174

304 402 479 479 οἶμαι
524 403 632 476 γὰρ
671 400 847 472 ἔγωγε
892 399 1132 455 τοιοῦτόν
1154 419 1204 454 τι
1240 400 1526 473 βούλεσθαι
1560 401 1754 474 δηλοῦν
1797 400 1879 453 τὸν

1993 392 2291 461 fessionem
2345 420 2579 477 magnus
2634 406 2725 462 ille
2769 406 3015 478 Baptista
3050 406 3227 464 edidit
3280 410 3463 482 palam
3518 426 3577 470 et

307 498 579 575 μακάριον
598 494 1017 564 εὐαγγελιστήν·
1060 494 1278 565 Ἀληθῆ,
1300 495 1454 566 φησὶ,
1483 496 1581 566 τὴν
1598 496 1889 566 ὁμολογίαν

301 592 329 643 6
352 589 529 660 μέγας
578 588 874 660 ἐποιήσατε
904 585 1213 653 Βαπτιστὴς
1243 587 1371 657 περὶ
1415 586 1510 640 τοῦ
1551 586 1889 656 Μονογενοῦς

300 681 601 754 διαρρήδην
632 679 1010 750 ἀπαγγέλλων·
1071 700 1090 731 ι
1138 680 1196 732 Ὀ
1217 679 1389 735 ὀπίσω
1425 699 1526 753 μου
1561 681 1885 753 ἐρχόμενος,

301 772 619 845 ἔμπροσθέν
653 790 757 843 μου
782 772 1028 841 γέγονεν,
1052 775 1134 826 ὅτι
1156 773 1370 845 πρῶτός
1401 791 1503 845 μου
1537 770 1624 845 ἦν·
1655 774 1750 828 καὶ
1781 775 1889 845 γὰρ

290 865 364 916 ἐκ
389 863 483 916 τοῦ
507 863 877 935 πληρώματος
906 861 1072 917 αὐτοῦ
1127 865 1287 934 ἡμεῖς
1318 864 1517 927 πάντες
1543 862 1830 933 ἐλάϐομεν.
1865 882 1883 913 ι

292 955 410 1008 Καὶ
430 954 703 1025 νομιζέτω
731 954 920 1025 μηδεὶς
962 956 1212 1010 Ἰωάννου
1239 955 1357 1025 μὲν,
1388 955 1422 1026 ἢ
1452 956 1546 1008 καὶ
1575 953 1683 1008 τῶν
1713 954 1888 1009 ἄλλων

294 1047 497 1115 ἁγίων,
524 1046 575 1099 οἳ
598 1046 739 1100 κατὰ
763 1048 889 1109 τοὺς
905 1048 1004 1116 τῆς
1029 1046 1328 1116 ἐπιδημίας
1348 1047 1606 1115 γεγόνασι
1641 1046 1885 1117 καιροὺς.

298 1139 664 1213 ὑπερανὲχειν
710 1137 803 1192 τὸν
840 1137 1143 1208 Μονογενῖγ
1179 1138 1448 1208 ἡττᾶσθαί
1485 1156 1547 1209 γε
1587 1139 1695 1209 μὴν
1743 1139 1886 1191 κατὰ

294 1235 395 1304 τὴν
419 1232 579 1297 δόξαν
603 1230 712 1283 τῶν
736 1230 1128 1301 ἀρχαιοτέρων,
1165 1230 1323 1302 οἵπερ
1366 1226 1507 1301 ἦσαν
1540 1232 1598 1284 ἐν
1628 1229 1887 1301 ἁγιασμῷ

279 1325 700 1396 ,διαλάμποντες
742 1323 885 1377 κατὰ
918 1324 1044 1387 τοὺς
1074 1324 1281 1379 ἄνωθεν
1312 1324 1411 1394 τῆς
1444 1324 1738 1395 ἐπιδημίας
1759 1324 1883 1395 χρό-

293 1435 422 1481 νους
453 1434 468 1447 ο
499 1416 768 1487 θεωρήσει
804 1415 912 1487 γὰρ
942 1415 1106 1470 αὐτὸν
1143 1416 1277 1470 πολὺ
1305 1416 1367 1470 τὸ
1395 1417 1659 1481 Μωσέως,
1697 1418 1881 1487 φησὶν,

290 1509 661 1571 ἀναϐαίνοντα
687 1509 908 1579 μέτρον,
935 1508 1112 1562 καίτοι
1140 1508 1202 1562 τὸ
1238 1510 1443 1580 μεῖζον,
1474 1509 1551 1573 ὡς
1577 1509 1712 1579 πρὸς
1742 1510 1884 1564 ἐκεί·

294 1619 443 1666 νους,
466 1603 526 1655 ἐν
546 1599 803 1670 ἁγιασμῷ
830 1617 997 1671 κεκτη
1008 1600 1168 1670 μένου
1193 1616 1207 1628 ·
1241 1600 1393 1671 παρὰ
1420 1601 1626 1665 πάντας
1648 1602 1758 1673 γὰρ
1786 1603 1883 1656 αὐ-

285 1694 386 1748 ιτδν
430 1694 734 1763 ἐγνωκέναι
781 1694 969 1762 σαφῶς
1017 1695 1045 1746 6
1099 1693 1394 1764 νομοθέτης
1436 1694 1876 1763 διεδξδαιὼσατο.

293 1784 551 1856 Ἰωάννης
587 1784 687 1854 μὲν
708 1780 803 1839 οῦν
836 1784 895 1850 ἐξ
914 1785 1049 1846 ἰδίας
1075 1784 1336 1856 ἠλέγχετο
1364 1786 1571 1855 φωνῆς,
1600 1786 1672 1850 ὡς
1706 1787 1881 1841 ὀπίσω

293 1876 454 1950 δόξης
486 1877 704 1943 ἐϐάδιζε
728 1878 822 1934 τοῦ
853 1878 1007 1932 Υίοῦ·
1031 1878 1251 1950 ἔρχεται
1269 1879 1326 1933 δὲ
1355 1880 1585 1943 κατόπιν
1617 1881 1714 1951 τῆς
1750 1882 1882 1951 λαμ-

290 1971 573 2041 ᾗρότητος
598 1970 786 2035 αὑτοῦ,
822 1971 916 2024 καὶ
944 1971 1099 2024 οὐδὲν
1119 1970 1255 2034 ὅλως
1288 1971 1373 2023 ἐπ’
1398 1970 1591 2041 ἐκείνῳ
1612 1971 1675 2026 τὸ
1694 1969 1881 2044 ζητού-

292 2079 479 2133 μενον,
514 2062 548 2133 ἢ
572 2062 668 2127 καὶ
692 2062 1069 2134 άποτραχῦνον
1090 2063 1189 2134 τῆς
1228 2062 1490 2134 ἀληθείας
1513 2063 1613 2134 τὴν
1637 2062 1877 2136 εὕρεσιν.

296 2152 468 2207 Πόθεν
493 2149 589 2207 οὖν
616 2154 724 2224 ἄρα
743 2154 839 2207 καὶ
869 2153 1030 2207 αὐτὸν
1074 2153 1378 2226 εὑρήσομεν
1418 2154 1511 2208 τὸν
1556 2156 1880 2227 ἱεροφάντην

293 2245 498 2299 Μωσέα
524 2246 624 2316 τῆς
658 2244 754 2298 τοῦ
799 2244 1034 2318 Χριστοῦ
1073 2244 1232 2316 δόξης
1277 2245 1627 2316 ἡττώμενον;
1662 2243 1881 2312 Ἐξετα-

292 2335 456 2400 ζέτω,
497 2337 684 2408 φησὶν,
712 2339 741 2390 6
776 2335 1081 2407 φιλομαθὴς
1110 2337 1208 2408 τὴν
1234 2336 1483 2400 δοθεῖσαν
1505 2340 1639 2409 ἡμῖν
1666 2338 1754 2394 διὰ
1783 2338 1877 2392 τοῦ

290 2428 550 2498 Σωτῆρος
581 2427 741 2497 χάριν
770 2427 1154 2496 εὐαγγελικὴν,
1184 2427 1305 2481 ἀντὶ
1338 2427 1559 2498 χάριτος
1597 2430 1696 2500 τῆς
1727 2446 1899 2498 vente

289 2519 397 2589 κῆς
420 2518 519 2587 τῆς
548 2517 636 2573 διὰ
654 2518 916 2581 Μωσέως·
943 2518 1065 2571 τότε
1101 2517 1212 2591 γὰρ
1239 2517 1304 2590 δὴ
1352 2518 1620 2591 θεωρήσει
1640 2521 1879 2593 τοσούτῳ

286 2610 581 2682 κρείττονα
628 2610 719 2664 τὸν
759 2610 906 2675 Υίὺν,
940 2610 1162 2682 ὅσῳπερ
1201 2610 1269 2664 ἂν
1313 2610 1558 2680 φαίνοιτο
1599 2612 1699 2680 τῆς
1738 2613 1879 2667 κατά

286 2704 462 2773 νόμον
491 2702 770 2766 πολιτείας
815 2702 884 2756 τὰ
920 2703 1133 2773 ἀμείνω
1161 2703 1494 2775 νομοθετῶν,
1529 2705 1626 2758 καὶ
1656 2705 1878 2761 πάντων

274 2794 429 2864 ,ὁμοῦ
457 2794 566 2847 τῶν
608 2795 695 2850 διὰ
748 2793 993 2859 Μωσέως
1029 2788 1297 2869 εἰσφέρων
1336 2796 1407 2851 τὰ
1444 2796 1706 2866 βελτίονα.
1740 2814 1760 2848 ι
1820 2798 1880 2850 '0

286 2885 396 2954 μὲν
425 2883 537 2953 γὰρ
563 2884 739 2954 νόμος,
766 2885 920 2954 φησὶ,
951 2884 1038 2939 διὰ
1061 2885 1304 2949 Μωσέως
1332 2884 1511 2957 ἐδόθη,
1544 2887 1578 2957 ἡ
1607 2888 1766 2957 χάρις
1786 2886 1879 2939 καὶ

270 2977 324 3045 νὴ
364 2974 593 3046 ἀλήθεια
623 2976 706 3030 διὰ
737 2976 914 3047 Ἰησοῦ
938 2977 1175 3049 Χριστοῦ
1193 2977 1432 3045 ἐγένετο.
1472 2996 1492 3029 ι
1519 2978 1615 3042 Τίς
1646 2974 1739 3033 οὖν
1771 2978 1879 3049 ἄρα

1992 503 2182 566 aperte
2240 497 2548 566 praedicans
2598 496 2667 555 de
2698 498 3029 570 Unigenito:
3068 519 3086 552 ι
3139 501 3244 567 Qui
3298 511 3426 573 post
3485 520 3576 562 me

1991 596 2264 643 venturus
2294 596 2403 653 est,
2428 598 2557 644 ante
2592 604 2680 645 me
2725 589 2907 646 lactus
2953 600 3072 652 est,
3115 594 3245 662 quia
3292 592 3448 663 prior
3487 608 3577 650 me

1991 686 2127 735 erat.
2175 678 2392 745 Etenim
2441 680 2510 736 de
2562 681 2905 752 plenitudine
2953 682 3077 751 ejus
3118 698 3311 739 omnes
3347 684 3575 755 accepi-

1990 786 2132 827 mus.
2168 792 2192 825 ›
2227 771 2339 828 Νεε
2368 781 2525 844 putet
2575 775 2852 844 quispiam
2885 773 3084 831 Joanni
3118 776 3342 845 quidem
3371 784 3426 830 et
3464 790 3574 832 cas

1992 863 2128 919 teris
2182 866 2396 921 sanctis
2447 867 2541 933 qui
2606 877 2855 938 tempore
2908 868 3179 924 adventus
3241 868 3573 924 exstiterunt

1991 953 2345 1027 Unigenitum
2397 960 2689 1023 excellere.
2737 961 2925 1030 gloriae
2964 968 3150 1017 tamen
3183 969 3431 1016 veterum
3472 976 3569 1015 ce-

1989 1048 2139 1113 dere,
2173 1049 2267 1117 qui
2304 1057 2432 1104 ante
2461 1049 2735 1109 adventus
2770 1059 3016 1122 tempora
3053 1052 3354 1107 sanctitate
3388 1050 3569 1122 l'ulgc,

1988 1140 2120 1194 bant
2154 1158 2168 1194 :
2211 1141 2421 1196 videbit
2467 1142 2614 1198 enim
2645 1143 2870 1199 Christo
2901 1145 3059 1213 longe
3089 1142 3411 1199 inferiorem
3441 1157 3569 1199 esse

1987 1230 2207 1303 Moysen
2227 1272 2240 1297 ,
2271 1234 2450 1304 inquit
2474 1275 2491 1300 ,
2528 1236 2656 1291 licet
2686 1251 2878 1292 eorum
2909 1238 3327 1307 comparatione
3354 1238 3566 1292 sancti-

1989 1332 2097 1379 tate
2149 1325 2538 1394 praecelluerit.
2577 1328 2697 1383 Sibi
2750 1330 2896 1393 enim
2950 1344 3062 1398 pra)
3118 1330 3336 1385 caeteris
3368 1338 3561 1390 notum

1984 1430 2108 1471 esse
2143 1417 2263 1486 ipse
2295 1416 2473 1487 legum
2500 1428 2696 1475 auctor
2736 1421 2886 1476 clare
2914 1420 3284 1476 conﬁrmavit.
3319 1419 3564 1489 Joannes

1984 1520 2114 1576 ergo
2146 1521 2250 1561 suo
2282 1506 2407 1576 ipse
2444 1509 2767 1575 testimonio
2794 1508 3095 1581 probavit,
3134 1525 3196 1565 se
3224 1508 3348 1564 Filii
3384 1510 3564 1581 gloria

1985 1596 2146 1667 longe
2173 1598 2450 1654 minorem
2494 1615 2640 1657 esse.
2669 1600 2826 1655 Cedit
2858 1609 3044 1656 autem
3087 1601 3210 1671 ejus
3247 1602 3563 1676 splendori,

1986 1703 2088 1745 nec
2118 1705 2182 1745 ea
2233 1690 2303 1747 do
2348 1706 2408 1746 re
2453 1693 2770 1764 ambigendi
2808 1693 2991 1750 locum
3029 1694 3327 1767 relinquit,
3376 1696 3564 1761 autin

1984 1782 2349 1852 quaestionem
2402 1784 2661 1839 vocandae
2709 1785 2981 1841 veritatis.
3017 1785 3176 1842 Unde
3206 1801 3340 1857 ergo
3381 1785 3563 1861 ipsum

1989 1891 2210 1946 quoque
2250 1891 2537 1935 sacrorum
2564 1879 2869 1933 antistitem
2899 1877 3125 1950 Moysen
3155 1880 3564 1953 comperietmts

1980 1966 2304 2023 inferiorem
2332 1984 2457 2024 esse
2495 1969 2701 2025 Christi
2744 1970 2963 2041 gloria?
2990 1969 3281 2041 Examinat
3300 2010 3317 2036 ,
3344 1973 3561 2043 inquit,

1981 2046 2303 2121 studiosus,
2351 2059 2535 2115 datam
2604 2060 2763 2115 nobis
2807 2076 2906 2133 per
2951 2062 3287 2125 Salvator-em
3331 2062 3557 2132 gratiam

1981 2148 2396 2219 evangelicam,
2429 2165 2664 2221 eamque
2711 2165 2839 2206 cum
2891 2151 3052 2223 legali
3097 2154 3277 2225 gratia
3305 2152 3565 2219 conferas

1982 2255 2104 2310 quae
2133 2256 2234 2311 per
2259 2240 2483 2312 Moysen
2516 2244 2678 2299 nobis
2715 2251 2800 2299 est
2832 2243 3059 2300 tradita.
3081 2244 3239 2302 Tunc
3264 2246 3414 2307 enim
3441 2259 3564 2301 cer-

1988 2340 2039 2387 te
2099 2332 2342 2398 videbit,
2391 2342 2547 2389 tanto
2604 2336 3046 2405 praestantiorem
3121 2351 3248 2394 esse
3317 2336 3560 2406 Filium,

1981 2432 2190 2493 quanto
2262 2425 2422 2495 legali
2500 2425 2797 2496 disciplina
2865 2430 3112 2497 potiores
3194 2428 3565 2498 Mosaicisquo

1981 2517 2273 2589 praeceptis
2309 2517 2568 2577 meliores
2605 2519 2754 2588 leges
2788 2518 2936 2579 ferre
2981 2521 3347 2588 conspicitur.
3403 2520 3562 2601 102

1989 2629 2006 2661 ι
2046 2608 2157 2665 Lex
2189 2610 2336 2665 enim
2360 2650 2376 2675 ,
2411 2609 2626 2680 inquit,
2660 2626 2756 2679 per
2790 2611 3009 2682 Moysen
3040 2611 3171 2671 data
3211 2620 3328 2678 est,
3380 2614 3562 2679 gratia

1980 2709 2036 2756 et
2074 2701 2280 2756 veritas
2320 2716 2418 2770 per
2447 2699 2639 2757 Jesum
2670 2699 2960 2756 Christum
2995 2701 3140 2759 facta
3163 2710 3270 2758 est.
3309 2721 3329 2754 ι
3370 2701 3561 2768 Quan-

1981 2801 2095 2853 tum
2127 2792 2297 2861 igitur
2319 2793 2540 2853 intersit
2576 2792 2721 2847 inter
2751 2793 2927 2862 legem
2948 2833 2965 2857 ,
2998 2798 3053 2847 et
3102 2791 3412 2848 Salvatoris
3433 2808 3563 2863 grae-

1982 2884 2147 2946 tiam.
2192 2884 2466 2955 spectabit
2514 2899 2713 2940 rursus
2744 2883 3001 2953 quisquis
3032 2885 3141 2939 erit
3174 2883 3433 2941 discendi
3462 2901 3560 2950 cu.-

1980 2976 2164 3048 pidus,
2186 2985 2241 3031 et
2258 2976 2523 3031 sudorum
2547 2975 2818 3035 bonorum
2835 2976 3046 3032 socius.
3060 2976 3245 3035 Pauca
3262 2993 3394 3034 vero
3410 2979 3564 3036 diee-

280 3066 392 3121 τοῦ
422 3066 585 3136 νόμον
616 3067 751 3140 πρὸς
772 3067 869 3139 τὴν
888 3067 980 3123 διὰ
1012 3067 1108 3122 τοῦ
1128 3068 1379 3139 Σωτῆρος
1394 3070 1557 3140 χάριν
1576 3071 1609 3139 ή
1622 3069 1876 3142 διαφορὰ,

1986 3084 2108 3126 mus
2128 3084 2160 3124 e
2184 3069 2374 3125 multis
2403 3069 2497 3138 qui
2524 3070 2799 3125 inﬁnitum
2823 3081 2877 3125 et
2904 3070 3128 3141 longum
3154 3086 3220 3126 ea
3250 3072 3321 3127 de
3341 3087 3403 3128 re
3428 3086 3561 3128 con,

282 3157 559 3228 θεωρήσει
587 3158 745 3213 πάλιν
776 3161 805 3213 6
844 3159 1210 3231 φιλοζητητὴς
1241 3160 1336 3212 καὶ
1388 3160 1605 3229 ἑταῖρος
1642 3159 1880 3231 ἱδρώτων

282 3250 531 3319 ἀγαθῶν·
569 3250 724 3318 ὀλίγα
760 3250 818 3311 δὲ
850 3252 1009 3323 ἡμεῖς
1040 3251 1273 3323 ἐροῦμεν
1304 3251 1425 3305 ἀντὶ
1459 3251 1703 3316 πολλῶν,
1730 3252 1875 3322 ἁμή-

286 3343 450 3414 ρυτόν
478 3359 602 3395 τινα
632 3342 728 3395 καὶ
777 3342 984 3413 μακρὸν
1013 3342 1121 3396 τῶν
1150 3343 1243 3395 ἐπὶ
1272 3341 1481 3406 τούτοις
1507 3342 1878 3414 θεωρημάτων

284 3435 379 3496 τὸν
408 3433 646 3504 ἀριθμὸν
690 3432 817 3487 ὅντα
855 3433 1217 3496 πιστεύοντες.
1255 3433 1463 3490 Οὐκοῦν
1500 3452 1518 3484 ι
1573 3435 1630 3486 '0
1671 3433 1770 3505 μὲν
1786 3434 1877 3486 νό-

286 3542 391 3595 μος
424 3525 720 3595 κατέκρινε
754 3523 844 3579 τὸν
873 3525 1079 3595 κόσμον
1104 3524 1441 3597 (συνέκλεισε
1476 3524 1585 3595 γὰρ
1604 3524 1782 3587 ὁΘεὸς
1809 3524 1876 3579 δι’

283 3617 455 3674 αὑτοῦ
475 3619 546 3672 τὰ
580 3618 759 3675 πάντα
791 3618 895 3671 ὑπὸ
922 3619 1219 3691 ἁμαρτίαν,
1256 3639 1276 3672 ι
1303 3618 1379 3681 ὼς
1400 3620 1429 3671 6
1461 3617 1672 3682 Παῦλός
1694 3620 1874 3687 φησι),

283 3712 384 3765 καὶ
408 3710 699 3764 κολάσεσιν
728 3710 874 3781 ἡμᾶς
904 3710 1120 3781 ἐνόχους
1142 3710 1301 3773 ὄντας
1328 3709 1599 3763 ἐδείκνυεν
1618 3726 1630 3738 ·
1663 3709 1876 3763 ἐλευθε-

289 3806 375 3876 ροῖ
403 3803 463 3856 δὲ
520 3802 721 3873 μᾶλλον
748 3802 909 3865 αὐτὸς
939 3804 969 3856 6
1013 3803 1225 3874 Σωτήρ“
1270 3821 1288 3853 ι
1328 3802 1402 3855 Οὐ
1453 3801 1560 3873 γὰρ
1590 3798 1755 3873 ¹ἦλθεν
1788 3802 1875 3854 ἵνα

284 3894 449 3967 κρίνῃ
473 3894 565 3947 τὸν
584 3894 811 3963 κόσμον,
838 3893 951 3948 ἀλλ’
972 3894 1061 3947 ἵνα
1083 3894 1227 3964 σωθῇ
1255 3895 1283 3948 6
1300 3895 1519 3965 κόσμος.
1548 3914 1567 3946 ι
1585 3896 1694 3948 Καὶ
1716 3894 1874 3965 χάριν

288 3986 388 4055 μὲν
421 3984 730 4056 ἀνθρώποις
774 3986 869 4041 καὶ
912 3986 941 4038 6
970 3986 1133 4055 νόμος
1168 3985 1363 4048 ἐδίδου,
1411 3986 1590 4039 καλῶν
1621 3986 1758 4049 ὅλως
1794 3988 1875 4049 είς

286 4077 639 4146 θεογνωσίαν,
679 4077 773 4130 καὶ
810 4076 911 4146 τῆς
936 4074 1045 4131 τῶν
1090 4075 1322 4131 εἰδώλων
1356 4076 1609 4150 λατρείας
1637 4076 1872 4143 ἐξέλκων

283 4172 415 4233 τοὺς
437 4169 908 4240 πεπλανημένους,
932 4171 1024 4223 καὶ
1046 4169 1270 4241 προσέτι
1308 4168 1482 4240 τούτῳ
1514 4170 1607 4223 καὶ
1634 4170 1696 4224 τὸ
1728 4169 1871 4239 φαῦ-

285 4263 377 4315 λον
413 4261 749 4325 ὑποδεικνὺς,
784 4262 879 4315 καὶ
925 4259 1192 4315 διδάσκων
1222 4260 1284 4313 τὸ
1312 4260 1536 4329 ἀγαθὸν,
1588 4263 1637 4313 εί
1674 4262 1765 4314 καὶ
1798 4261 1872 4333 μὴ

284 4354 529 4416 τελείως,
580 4352 717 4406 ἀλλὰ
753 4351 1175 4420 παιδαγωγικῶς
1220 4353 1317 4409 καὶ
1345 4352 1653 4423 χρησίμως.
1694 4352 1759 4405 Ἥ
1784 4352 1872 4406 διὰ

285 4444 378 4499 τοῦ
440 4442 778 4511 Μονογενοῦς
829 4442 1061 4512 ἀλήθεια
1102 4443 1195 4497 καὶ
1221 4443 1401 4517 χάρις,
1445 4443 1545 4496 οὐκ
1574 4443 1632 4497 ἐν
1678 4443 1870 4506 τύποις
1902 4424 1947 4478 D

285 4541 417 4609 ἡμῖν
445 4537 693 4606 εἰσφέρει
724 4534 785 4588 τὸ
817 4533 1041 4602 ἀγαθὸν,
1072 4534 1192 4588 ούδέ
1216 4534 1291 4597 ὡς
1317 4536 1375 4587 ἐν
1405 4536 1585 4598 σκιαῖς
1610 4536 1870 4605 χαράττει

286 4632 353 4684 τὰ
392 4632 766 4699 συμφέροντα·
794 4625 912 4680 ἀλλ’
950 4628 1010 4679 ἐν
1060 4625 1355 4696 λαμπροῖς,
1398 4625 1494 4680 καὶ
1541 4626 1868 4697 καθαρωτά-

286 4738 396 4785 τοις
460 4720 815 4788 διατάγμασι,
881 4718 978 4772 καὶ
1032 4718 1169 4789 πρὸς
1227 4717 1438 4772 τελείαν
1482 4718 1586 4788 τῆς
1633 4718 1870 4786 πίστεως

287 4813 485 4881 γνῶσιν
519 4811 869 4884 χειραγωγεῖο
892 4809 984 4862 καὶ
1009 4810 1038 4861 6
1070 4808 1167 4879 μὲν
1194 4808 1357 4879 νόμος
1380 4809 1599 4882 πνεῦμα
1626 4810 1871 4875 δουλείας

288 4905 457 4958 ἐδίδου
512 4902 650 4974 πρὸς
695 4900 881 4970 φόϐον,
911 4900 974 4953 τὸ
1016 4899 1074 4953 δέ
1122 4897 1338 4977 πνεῦμα
1374 4901 1474 4977 τῆς
1524 4902 1801 4967 υἱοθεσίας
1838 4905 1868 4957 6

291 4995 520 5067 Χριστὸς
541 4995 622 5057 είς
645 4991 979 5064 ἐλευθερίαν.
1011 4991 1071 5044 '0
1090 4990 1254 5061 νόμος
1273 4976 1474 5060 ὁμοίως
1497 4995 1598 5065 τὴν
1618 4996 1680 5048 ἐν
1703 4997 1869 5066 σαρκὶ

290 5100 592 5173 περιτομὴν
634 5098 789 5154 οὐδὲν
828 5094 992 5152 οὖσαν
1042 5095 1313 5168 εἰσφέρει·
1353 5099 1387 5169 ἡ
1438 5100 1706 5173 περιτομὴ
1755 5102 1865 5176 γὰρ

287 5194 438 5247 οὐδέν
466 5196 634 5257 ἐστιν,
667 5191 858 5262 ὥσπερ
896 5186 989 5245 οῦν
1012 5191 1041 5242 6
1066 5186 1279 5252 Παῦλος
1310 5188 1614 5244 ἐπιστέλλει
1644 5194 1804 5247 τισίν⁸
1838 5197 1868 5250 6

289 5287 343 5340 δὲ
371 5287 570 5357 Κύριος
619 5282 780 5356 ἡμῶν
821 5280 1029 5353 Ἰησοῦς
1082 5280 1317 5352 Χριστὸς
1351 5280 1449 5353 τὴν
1498 5282 1556 5336 ἐν
1593 5284 1867 5356 πνεύματι

293 5380 383 5433 καὶ
415 5379 612 5449 καρδίᾳ.
646 5374 950 5448 περιτομὴν
990 5373 1078 5428 διὰ
1110 5372 1344 5436 πίστεως
1388 5373 1655 5443 προξενεῖ.
1693 5376 1751 5430 '0
1788 5378 1873 5431 νό-

300 5501 391 5553 μοις
440 5485 590 5540 ὕδατι
647 5480 900 5553 βαπτίζει
947 5476 1141 5548 γυμνῷ
1171 5476 1298 5539 τοὺς
1347 5480 1811 5551 μεμολυσμένους.
1844 5486 1873 5538 ὁ

302 5576 495 5647 θυτὴρ,
541 5595 559 5627 ι
602 5575 659 5626 ἐν
692 5571 969 5642 [Ινεύματι
1032 5567 1172 5637 ἁγίῳ
1217 5567 1311 5620 καὶ
1349 5568 1502 5639 πυρί.
1541 5588 1561 5622 ι
1617 5570 1675 5626 Ὀ
1713 5573 1875 5642 νόμος

1984 3163 2401 3233 templationum
2424 3177 2719 3219 numerum
2738 3178 2864 3220 esse
2883 3163 3186 3219 credimus.
3212 3164 3383 3236 Igitur
3409 3183 3429 3217 ι
3448 3164 3561 3227 Lex

1980 3256 2203 3326 quidem
2227 3257 2512 3315 damnavit
2539 3255 2809 3316 mundum
2838 3255 3159 3329 (conclusit
3209 3259 3359 3312 enim
3415 3256 3560 3318 Deus

1980 3349 2166 3405 munia
2222 3364 2318 3418 per
2370 3348 2549 3418 ipsam
2600 3346 2710 3403 sub
2738 3354 2994 3418 peccato,
3020 3366 3040 3401 ι
3078 3347 3370 3404 ut-scribit
3413 3346 3560 3401 Pau-

1981 3443 2066 3497 lus
2102 3442 2170 3510 ")
2199 3449 2254 3495 et
2297 3455 2401 3496 nos
2433 3453 2612 3512 paenae
2645 3437 2918 3499 obnoxios
2952 3454 3080 3495 esse
3112 3439 3387 3508 ostendit;
3436 3439 3563 3496 Sal-
3625 3431 3628 3435 ’

1982 3539 2139 3586 vatur
2168 3542 2351 3586 autem
2386 3530 2507 3600 ipse
2538 3544 2638 3585 nos
2689 3529 2874 3599 potius
2920 3530 3118 3585 liberat
3151 3547 3164 3584 :
3201 3548 3220 3582 ι
3258 3528 3377 3585 Νοη
3408 3531 3555 3587 enim

1979 3622 2127 3677 venit
2156 3631 2216 3676 ut
2244 3621 2458 3691 judicet
2503 3619 2810 3687 mundum,
2854 3619 2952 3676 sed
2999 3630 3060 3675 ut
3102 3621 3346 3677 salvetur
3396 3636 3562 3676 mun-

1977 3716 2081 3770 dus
2101 3716 2169 3768 ⁶⁶.
2204 3733 2222 3768 ι
2277 3713 2489 3769 Deinde
2534 3713 2621 3768 lex
2677 3714 2911 3784 gratiam
2966 3726 3188 3783 quoque
3240 3711 3557 3775 hominibus

1978 3808 2179 3872 dabat,
2217 3806 2286 3861 ad
2323 3805 2663 3876 agnitionem
2710 3805 2807 3860 Dei
2852 3804 3044 3872 utique
3074 3805 3198 3858 illos
3228 3817 3466 3868 vocans,
3503 3811 3560 3861 et

1976 3899 2045 3954 ab
2079 3898 2358 3952 idolorum
2391 3896 2545 3951 cultu
2583 3903 2836 3950 errantes
2869 3893 3149 3959 edocens,
3185 3901 3239 3948 et
3264 3892 3398 3964 quid
3432 3909 3559 3965 pra-

1975 4004 2102 4043 vum
2134 3989 2341 4059 quidve
2366 3988 2571 4043 bonum
2600 3994 2751 4041 esset
2779 3986 3045 4050 edocens,
3078 3986 3125 4041 si
3157 3999 3264 4040 non
3291 3986 3554 4055 perfecte,

1977 4093 2033 4138 at
2065 4081 2346 4155 paedagogi
2385 4094 2560 4144 more,
2585 4088 2641 4137 et
2672 4093 2799 4134 cum
2835 4078 3041 4133 fructu.
3104 4078 3321 4133 Veritas
3342 4086 3397 4133 et
3426 4094 3556 4150 gra.

1974 4176 2051 4230 tia
2105 4190 2204 4244 per
2257 4169 2615 4241 Unigenitum
2670 4182 2782 4223 non
2833 4169 2889 4222 in
2946 4168 3089 4240 typis
3126 4169 3331 4224 bonum
3395 4170 3558 4227 nobis

1974 4265 2270 4337 proponit,
2322 4276 2501 4331 neque
2551 4274 2650 4328 per
2695 4258 2946 4313 umbram
2985 4273 3074 4312 res
3113 4257 3366 4313 salubres
3393 4258 3558 4319 nobis

1976 4355 2275 4428 imprimit.
2324 4353 2422 4408 sed
2473 4351 2642 4405 claris
2682 4350 3000 4419 apertisque
3052 4349 3364 4423 praeceptis,
3404 4357 3459 4405 et
3488 4350 3558 4409 ad

1978 4445 2275 4519 perlectam
2309 4440 2433 4502 ﬁdei
2466 4438 2842 4508 cognitionem
2873 4437 3113 4492 deducit.
3144 4438 3253 4493 Lex
3298 4440 3555 4510 spiritum

1978 4535 2263 4594 servitutis
2287 4533 2455 4589 dabat
2478 4530 2543 4584 ad
2569 4529 2942 4589 formidinem.
2963 4531 3223 4587 Christus
3261 4546 3394 4586 vero
3441 4534 3558 4603 spis

1977 4632 2141 4685 ritum
2207 4626 2520 4698 adoptionis
2580 4625 2817 4681 tiliorum
2872 4623 2928 4677 in
2996 4622 3389 4679 libertatem".
3444 4622 3556 4686 Lex

1978 4721 2466 4778 circumcisionem
2544 4718 2733 4773 carnis
2785 4730 2908 4786 quae
2966 4714 3100 4769 nihil
3165 4722 3278 4779 est,
3338 4714 3559 4770 inducit

1977 4814 2366 4887 (circumcisio
2393 4812 2540 4867 enim
2566 4809 2702 4866 nihil
2733 4815 2851 4872 est,
2877 4814 2937 4862 ut
2965 4807 3167 4861 alicubi
3195 4807 3394 4862 scribit
3413 4807 3557 4862 Pau-

1977 4910 2066 4964 lus
2090 4907 2136 4940 ⁸⁵
2154 4908 2195 4977 ),
2223 4905 2489 4961 Dominus
2511 4911 2694 4958 autem
2731 4910 2919 4956 noster
2956 4897 3117 4958 Jesus
3145 4897 3401 4953 Christus
3439 4899 3559 4968 spi-

1976 5002 2120 5057 ritus
2149 5009 2203 5055 et
2230 4998 2417 5053 cordis
2441 4993 2928 5051 circumcisionem
2956 5006 3054 5063 per
3080 4990 3239 5045 tidem
3268 4989 3554 5045 conciliat.

1977 5094 2089 5153 Lex
2130 5106 2272 5161 aqua
2301 5089 2419 5145 sola
2445 5085 2693 5156 baptizat
2721 5084 3043 5156 inquinatos
3073 5096 3088 5136 :
3131 5079 3408 5147 Salvator,
3439 5099 3461 5134 ι
3498 5082 3552 5136 in

1980 5185 2187 5256 Spiritu
2234 5188 2426 5237 sancto
2454 5188 2509 5235 et
2538 5180 2663 5249 igne
2689 5179 2757 5230 θ’.
2789 5197 2808 5229 ι
2847 5175 2957 5229 Lex
2992 5176 3048 5229 in
3076 5173 3357 5243 exemplar
3396 5188 3556 5229 vero-

1978 5290 2101 5333 rum
2154 5270 2568 5326 tabernaculum
2621 5264 2882 5338 proponit
2919 5280 2932 5315 :
2972 5261 3226 5317 Salvator
3266 5262 3321 5316 in
3371 5263 3551 5334 ipsum

1980 5370 2179 5425 calum
2220 5362 2521 5426 transfert,
2571 5368 2626 5416 et
2656 5360 2710 5414 in
2759 5357 2943 5412 verius
2995 5354 3414 5413 tabernaculum
3470 5361 3560 5414 in-.

1978 5456 2252 5522 troducit,
2309 5451 2459 5523 quod
2510 5449 2703 5506 statuit
2762 5447 3057 5516 Dominus,
3115 5458 3229 5502 non
3285 5446 3456 5505 homo
3484 5450 3553 5507 ⁷⁸.

1982 5549 2196 5616 Quibus
2228 5545 2488 5602 omnibus
2514 5541 2816 5615 probandis
2842 5540 3066 5598 diﬂicile
3091 5556 3203 5598 non
3226 5549 3374 5601 esset
3407 5557 3560 5599 com.

364 5689 407 5720 ιι
449 5689 614 5744 Hebr,
668 5705 749 5751 ιι,
803 5688 876 5753 7;
913 5682 1113 5758 Galat._
1141 5696 1224 5750 Ill,
1264 5681 1353 5736 29..
1435 5683 1653 5747 "Joan.
1682 5691 1875 5758 111,17.

1986 5695 2004 5724 ⁷
2047 5690 2204 5746 Rom.
2240 5702 2360 5755 vm,
2395 5688 2578 5744 15-21.
2663 5686 2707 5721 ⁸⁸
2752 5685 2769 5743 1
2804 5686 2929 5743 Cor.
2974 5699 3072 5753 vn,
3123 5684 3210 5740 l9.
3293 5685 3337 5717 "
3373 5683 3558 5752 Matth,

306 5774 373 5833 tu,
418 5761 498 5822 ll,
574 5762 622 5794 ⁷⁸
677 5759 841 5821 Hebr.
888 5772 964 5821 Ix,
995 5756 1051 5824 2,
1084 5754 1136 5807 5.
