4038 6210
496 314 604 370 H5

1566 312 1624 368 S.
1670 309 1947 370 CYlllLLl
1980 312 2448 373 ALEXANDRINI
2483 315 2808 374 ABCIIIEP.

3678 318 3777 374 {76

498 434 686 504 plures
738 429 875 486 alias
909 427 1414 487 demonstrationes
1445 427 1672 494 addere,
1722 430 1818 485 sed
1876 431 2077 489 modus

2198 437 2259 498 εἰς
2285 435 2381 506 τὴν
2407 435 2698 488 ἀντίτυπον
2746 432 2853 486 τῶν
2882 431 3152 502 ἀληθινῶν
3196 431 3441 504 εἰσφέρει
3474 433 3682 506 σκηνήν
3707 450 3721 466 ·
3749 437 3777 488 ὀ

499 522 830 582 servandus.
858 520 996 576 Illud
1035 528 1218 575 tamen
1251 518 1480 574 omnino
1513 520 1936 590 praetermittere
1973 537 2083 578 non

498 630 834 688 possumus,
876 613 1099 667 beatum
1132 609 1365 663 Paulum
1408 611 1602 680 paucis
1641 611 1826 667 verbis
1870 613 2085 669 solvere

500 708 648 761 illam
681 706 746 759 de
779 704 894 773 lege
920 710 971 756 et
1010 699 1322 755 Salvatoris
1344 701 1522 770 gratia
1565 702 1928 772 quaestionem
1953 704 2083 759 dum

499 797 574 850 ait
622 809 685 845 ι(
724 791 858 846 Nam
926 791 973 846 si
1016 790 1415 846 ministratioui
1470 790 1848 848 damnationis
1912 795 2085 866 gloria

499 896 604 951 est,
638 886 812 940 multo
843 885 1016 955 magis
1053 883 1304 941 abundat
1332 884 1707 941 ministerium
1745 886 1979 956 justitize
2022 903 2079 942 in

499 980 770 1050 gloria“.
813 999 830 1032 ι
871 980 1243 1039 Ministcrium
1297 985 1443 1040 enim
1491 986 1868 1042 damnationis
1923 996 2086 1042 vocat

498 1077 835 1140 przeeeptum
884 1071 1187 1129 lllosaieum
1208 1116 1223 1141 ,
1256 1076 1632 1131 ministerium
1667 1093 1801 1134 vero
1829 1079 2082 1149 justitiae,

501 1163 806 1220 Salvatoris
865 1166 1100 1235 gratiam
1155 1169 1440 1233 nominat,
1473 1171 1561 1224 cui
1598 1171 1764 1225 etiam
1801 1170 2087 1226 abundan-

499 1257 635 1310 tiam
673 1257 865 1328 gloriee
905 1259 1104 1314 tribuit
1125 1299 1140 1324 ,
1174 1277 1360 1316 rerum
1392 1269 1647 1317 naturam
1680 1271 1828 1318 recte
1854 1279 2089 1334 perpen-

498 1351 660 1416 dens,
713 1361 775 1407 ut
821 1353 914 1423 qui
966 1354 1040 1408 sit
1099 1354 1316 1410 amatus
1345 1354 1579 1427 Spiritu.
1621 1355 1787 1427 Igitur
1840 1371 1967 1411 cum
2000 1357 2087 1412 lex

498 1444 885 1498 eondemnans
917 1445 1046 1500 data
1076 1461 1172 1515 per
1197 1445 1386 1502 Mosen
1410 1486 1425 1510 ,
1452 1461 1547 1514 per
1569 1444 1926 1518 Unigenitum
1956 1461 2088 1502 vero

501 1533 645 1590 facta
705 1535 861 1605 103
915 1537 986 1590 sit
1030 1536 1210 1607 gratia
1257 1535 1610 1606 justiticans,
1655 1535 1936 1606 quomodo
1976 1550 2088 1590 non

501 1627 783 1696 gloriosus
812 1627 919 1682 erit
951 1628 998 1683 is
1018 1643 1114 1698 per
1142 1643 1305 1698 quem
1329 1628 1576 1699 potiores
1597 1627 1744 1696 leges
1775 1629 1897 1682 latae.
1923 1627 2091 1682 sunt?

503 1717 645 1772 Vere
669 1717 855 1786 itaque
881 1716 1202 1782 Psalmista,
1229 1719 1360 1774 dum
1392 1720 1448 1773 in
1480 1717 1688 1789 Spiritu
1720 1720 1867 1774 canit
1895 1718 2088 1774 Domi-

503 1824 636 1863 num
670 1817 918 1865 nostrum
952 1807 1144 1866 Jesum
1187 1810 1469 1866 Christum
1499 1812 1818 1866 universam
1863 1818 2088 1867 sancto-
2117 1793 2161 1848 Β

505 1915 627 1954 rum
661 1901 1030 1956 clarissimam
1067 1902 1215 1956 illam
1251 1901 1662 1957 multitudinem
1694 1916 1978 1971 superare,
2013 1901 2090 1956 ait

504 1992 593 2047 his
617 1993 837 2048 verbis:
874 1991 1052 2059 «Quis
1086 1992 1142 2047 in
1191 1994 1434 2049 nubibus
1483 1993 1796 2064 aequabitur
1835 1992 2088 2057 Domino.

503 2092 601 2138 aut
644 2083 771 2153 quis
817 2084 1018 2139 similis
1064 2083 1172 2139 erit
1220 2083 1270 2138 ei
1313 2082 1370 2138 in
1427 2083 1556 2139 ﬁliis
1604 2082 1808 2138 Dei"?
1841 2102 1861 2135 ι
1903 2081 2090 2138 Nubes

503 2177 652 2230 enim
695 2175 977 2247 spiritales
999 2215 1014 2241 ,
1038 2175 1144 2229 hoc
1175 2187 1260 2230 est
1290 2175 1468 2230 sancti
1499 2175 1804 2245 prophetat,
1852 2175 2090 2246 palmam

503 2268 731 2324 Christo
779 2266 1018 2330 cedent,
1067 2281 1166 2320 nec
1211 2265 1625 2321 existimabunt
1679 2279 1925 2335 unquam
1985 2264 2092 2320 sibi

506 2362 833 2417 certandum
877 2376 1002 2416 esse
1038 2375 1164 2414 cum
1197 2360 1319 2429 ipso
1345 2359 1411 2414 de
1455 2358 1651 2429 gloria,
1695 2357 1968 2413 secundas
1999 2356 2093 2412 illo

507 2462 748 2521 tenente,
781 2453 873 2524 qui
912 2467 1024 2523 pra:
1052 2452 1270 2506 exeteris
1309 2451 1537 2522 agnitus
1572 2459 1696 2505 erat
1724 2465 1758 2504 a
1787 2448 1922 2515 Deo,
1944 2448 2095 2505 Mose

505 2545 772 2599 nimirum
827 2542 977 2597 :tllii‘
1015 2549 1199 2596 autem
1248 2538 1344 2595 Dei
1391 2541 1487 2611 qui
1543 2539 1812 2596 adventus
1853 2548 2096 2608 tempore

506 2637 815 2701 fulserunt,
862 2649 974 2690 non
1014 2639 1180 2689 erunt
1223 2647 1319 2702 per
1362 2631 1549 2685 omnia
1595 2630 1806 2685 similes
1852 2627 2095 2682 naturali

506 2729 669 2794 Filio,
711 2729 806 2786 sed
843 2727 1218 2784 conditionem
1248 2740 1404 2781 suam
1445 2731 1781 2796 agnoscent,
1809 2737 1934 2777 eum
1967 2738 2098 2778 sano

506 2832 636 2878 etus
667 2819 918 2889 Baptista
957 2817 1118 2886 longe
1154 2830 1214 2870 se
1243 2814 1388 2868 infra
1415 2814 1566 2868 illum
1599 2813 1840 2882 positum
1861 2820 2094 2880 asserat,

2189 526 2380 598 Σωτὴρ
2425 529 2505 590 εἰς
2534 527 2698 582 αὑτὸν
2731 525 2996 596 ἀναφέρει
3033 524 3125 578 τὸν
3154 524 3405 593 οὐρανὸν,
3440 525 3534 578 καὶ
3565 526 3647 589 εἰς
3680 526 3778 596 τὴν

2188 618 2556 690 ἀληθεστέραν
2607 617 2818 686 εἰσάγει
2868 617 3098 687 σκηνὴν,
3147 615 3214 688 ἥν
3257 614 3456 687 ἔπηξεν
3489 619 3517 671 ό
3549 617 3778 688 Κύριος,

2187 711 2289 764 οὐκ
2317 709 2627 780 ἄνθρωπος’
2651 710 2745 763 καὶ
2767 707 3001 779 χαλεπὸν
3034 708 3132 779 μὲν
3159 707 3312 761 οὐδὲν
3341 706 3645 772 ἀποδείξεις
3669 711 3782 772 τοῖς

2187 802 2500 873 εἰρημένοις
2527 802 2885 873 ἐπισωρεύειν
2910 801 3124 873 ἐτέρας,
3156 799 3414 871 τιμητέον
3435 800 3479 852 δ’
3512 795 3606 854 οὖν
3631 800 3786 871 ὅμως

2187 892 2247 944 τὸ
2284 891 2502 964 μέτρον.
2529 891 2677 960 Πλὴν
2707 893 2881 944 ἐκεῖνο
2907 890 3196 963 χρησίμως
3222 907 3282 943 τε
3333 889 3430 943 καὶ
3467 891 3782 959 ἀναγκαίως

2187 979 2442 1052 ἐροῦμεν,
2479 981 2672 1052 ὅτιπερ
2700 980 2728 1031 ὁ
2761 981 3032 1051 μακάριος
3065 977 3276 1043 Παῦλος
3317 981 3373 1033 ἐν
3395 979 3596 1047 ὀλίγοις
3627 978 3783 1033 ἔλυσε

2185 1071 2248 1124 τὸ
2287 1069 2618 1142 ζητούμενον
2667 1070 2796 1141 περί
2828 1088 2886 1124 τε
2941 1069 3038 1122 τοῦ
3078 1069 3244 1140 νόμου
3287 1069 3380 1122 καὶ
3415 1070 3511 1139 τῆς
3542 1068 3637 1121 τοῦ
3668 1072 3784 1123 Σωο

2185 1166 2352 1236 τῆρος
2375 1164 2618 1237 χάριτος,
2644 1163 2834 1216 εἰπών·
2858 1181 2877 1214 ι
2903 1162 2966 1215 Εἰ
2994 1161 3104 1233 γάρ
3126 1163 3191 1232 τῇ
3215 1161 3464 1232 διακονίᾳ
3486 1161 3587 1230 τῆς
3613 1177 3783 1217 κατα-

2188 1257 2422 1328 κρίσεως
2448 1256 2574 1322 δόξα
2597 1298 2612 1323 ,
2643 1255 2832 1326 πολλῷ
2869 1254 3068 1326 μᾶλλον
3109 1253 3425 1324 περισσεύει
3467 1254 3500 1324 ή
3539 1253 3784 1307 διακονία

2187 1354 2287 1420 τῆς
2317 1348 2664 1420 δικαιοσύνης
2692 1347 2840 1419 δόξῃ.
2881 1366 2902 1400 ›
2932 1347 3220 1401 Διακονίαν
3253 1345 3350 1416 μὲν
3381 1345 3492 1416 γάρ
3527 1346 3783 1417 κατακρίυ

2189 1457 2330 1504 σεως
2350 1481 2365 1507 ,
2400 1441 2499 1510 τὴν
2522 1440 2608 1493 διὰ
2635 1439 2878 1502 Μωσέως
2927 1437 3092 1509 φησιν
3141 1436 3359 1508 ἐντολήν
3381 1453 3392 1465 ·
3429 1437 3702 1489 διακονίαν
3725 1437 3782 1489 δὲ

2188 1531 2559 1602 δικαιοσύνης,
2595 1533 2694 1603 τὴν
2723 1529 2877 1602 παρά
2900 1529 2994 1584 τοῦ
3025 1529 3277 1600 Σωτῆρος
3306 1526 3564 1596 ὀνομάζει
3597 1530 3778 1602 χάριν,

2189 1619 2224 1698 ᾖ
2251 1623 2432 1678 καὶτὸ
2461 1623 2622 1678 πλέον
2645 1625 2702 1676 ἐν
2732 1621 2856 1694 δόξῃ
2887 1620 3188 1688 κεκτῆσθαι
3209 1618 3517 1692 χαρίζεται,
3547 1620 3646 1691 τὴν
3675 1619 3781 1673 τῶν

2192 1716 2532 1786 πραγμάτων
2567 1714 2766 1786 ἄριστα
2787 1713 3098 1784 δοκιμάζων
3135 1712 3321 1780 φύσιν,
3366 1710 3443 1773 ὡς
3487 1727 3784 1780 πνευματο-

2191 1807 2377 1878 φόρος.
2420 1806 2629 1861 Οὐκοῦν
2674 1805 2973 1877 ἐπειδήπερ
3010 1806 3038 1858 ὁ
3079 1804 3178 1875 μέν
3221 1803 3568 1873 κατακρίνων
3619 1803 3781 1872 νόμος

2191 1898 2348 1971 ἐδόθη
2380 1898 2469 1952 διὰ
2499 1897 2762 1964 Μωσέως,
2807 1897 2998 1967 γέγονε
3028 1896 3086 1949 δέ
3105 1895 3192 1949 διὰ
3227 1893 3321 1948 τοῦ
3377 1894 3715 1963 Μονογενοῦς
3746 1896 3780 1965 ἡ

2190 1991 2476 2046 δικαιοῦσα
2514 1989 2698 2061 χάρις,
2740 1989 2858 2053 πῶς
2908 1989 3008 2042 ούκ
3036 1989 3095 2041 ἐν
3141 1985 3291 2058 δόξῃ,
3323 1987 3508 2057 φησὶν,
3543 1989 3570 2040 ὁ
3598 1987 3667 2040 δι’
3711 1982 3782 2042 οὗ

2190 2079 2260 2134 τά
2283 2078 2518 2152 κρείττω
2558 2077 3009 2149 νενομοθέτηται;
3051 2076 3362 2148 Ἀληθεύσει
3409 2076 3474 2148 δὴ
3508 2073 3599 2131 οὖν
3631 2076 3726 2129 καὶ
3754 2077 3787 2128 ὁ

2192 2170 2446 2242 Μελῳδὺς
2478 2172 2536 2225 ἐν
2570 2169 2877 2241 Πνεύματι,
2901 2169 2991 2223 τὸν
3023 2169 3228 2240 Κύριον
3256 2168 3410 2240 ήμῶν
3453 2168 3660 2236 Ἰησοῦν
3693 2169 3784 2223 τὸν

2193 2260 2431 2332 Χριστὸν
2454 2259 2636 2331 πάσης
2655 2257 2790 2330 ὁμοῦ
2811 2259 2910 2330 τῆς
2929 2258 3190 2330 λαμπρᾶς
3216 2259 3323 2311 τῶν
3352 2258 3522 2326 ἁγίων
3548 2257 3787 2327 πληθύος

2195 2350 2555 2422 ύαρκείσθαι
2606 2350 2768 2422 βοῶν’
2809 2368 2828 2401 ι
2863 2349 2960 2412 Τίς
3006 2349 3136 2420 γὰρ,
3192 2349 3376 2419 φησιν,
3437 2349 3496 2402 ἐν
3537 2348 3788 2417 νεφέλαις

2151 2453 2155 2456 ’
2199 2444 2525 2516 ἰσωθήσεται
2555 2441 2633 2513 τῷ
2659 2441 2938 2512 Κυρίῳ;ἧ
2966 2440 3046 2503 τίς
3064 2441 3461 2511 ὁμοιωθήσεται
3493 2438 3571 2510 τῷ
3601 2441 3792 2512 Κυρίῳ

2197 2537 2255 2590 ἐν
2293 2536 2432 2600 υἱοῖς
2479 2533 2650 2600 Θεοῦ;
2701 2552 2720 2586 ι
2761 2533 3002 2603 Νεφέλαι
3050 2531 3151 2603 μέν
3178 2531 3287 2604 γὰρ
3321 2533 3376 2585 αἱ
3407 2531 3617 2602 νοηταὶ,
3643 2531 3792 2586 τοῦτ’

2197 2627 2367 2695 ἐστιν,
2402 2628 2453 2680 οἱ
2486 2627 2632 2695 amt
2678 2626 2983 2698 προφῆται,
3022 2625 3487 2696 παραχωρήσουσι
3538 2625 3601 2678 τὸ
3634 2625 3796 2696 νικᾷν

2196 2719 2276 2790 τῷ
2292 2717 2537 2790 Χριστῷο
2568 2717 2928 2789 οἰήσονταιδέ
2945 2717 3056 2769 δεῖν
3077 2715 3329 2787 οὐδαμῶς
3357 2715 3629 2787 ἱσομέτριρ
3651 2715 3794 2786 πρδς

2199 2809 2362 2864 αὐτὸν
2393 2807 2724 2880 ἁμιλλᾶσθαι
2757 2809 2914 2879 τιμῇ,
2951 2805 3050 2877 τὴν
3075 2805 3336 2876 δευτέραν
3381 2803 3796 2876 ἁποφερομένου

508 2913 578 2965 de
602 2916 714 2978 quo
747 2907 822 2960 ait
850 2905 947 2975 qui
980 2904 1152 2960 corda
1205 2904 1358 2957 novit
1390 2919 1406 2958 :
1444 2922 1463 2954 ι
1494 2901 1612 2956 Non
1661 2903 1906 2958 surrexit
1954 2903 2093 2959 inter

2199 2900 2353 2966 τάξιν
2395 2899 2488 2953 τοῦ
2511 2899 2661 2971 παρά
2688 2898 2899 2961 πάντας
2929 2897 3276 2968 ἐγνωσμένου
3301 2897 3450 2968 παρὰ
3465 2896 3622 2962 Θεοῦ,
3645 2895 3796 2950 τοῦτ,

511 3010 674 3058 natos
699 2999 994 3054 mulierum
1047 2995 1226 3066 major
1256 2995 1470 3050 Joanne
1515 2994 1757 3065 Baptista
1779 2995 1844 3050 ⁷⁸.
1873 3014 1892 3048 ι
1918 2993 2093 3050 Verax

2201 2992 2318 3046 ἔστι
2340 2990 2605 3055 Μωσέωςο
2635 2990 2743 3044 uici.
2768 2989 2826 3043 δὲ
2845 2989 2896 3043 οί
2922 3008 3039 3063 χρι.
3121 3028 3136 3044 .
3216 3031 3229 3044 .
3263 2988 3340 3060 (1)
3365 2990 3458 3042 τοῦ
3487 2989 3624 3042 Θεοῦ
3649 2989 3800 3042 κατά

507 3093 783 3164 estigitur
819 3090 1160 3161 evangelista
1195 3088 1395 3143 beatus
1416 3126 1430 3152 ,
1457 3086 1587 3142 dum
1610 3088 1687 3142 ait
1715 3101 1776 3142 se
1813 3097 2093 3156 spectasse

2202 3087 2294 3139 τὸν
2321 3086 2419 3157 τῆς
2437 3083 2733 3155 ἐπιδημίας
2755 3083 2965 3155 καιρὸν,
2991 3084 3091 3137 οὐκ
3131 3083 3564 3154 ἀπαραλλάκτως
3590 3084 3798 3154 ὁμοιω-

515 3211 536 3243 ι
577 3188 825 3244 Gloriam
854 3186 1008 3256 ejus,
1045 3185 1280 3256 gloriam
1315 3182 1594 3255 Unigeniti
1636 3199 1668 3238 a
1707 3184 1900 3248 Patre,
1934 3202 1954 3236 ι
1989 3184 2093 3239 Ιιοο

2203 3178 2463 3248 θήσονται
2488 3176 2566 3248 τῷ
2590 3175 2733 3229 κατὰ
2753 3175 2915 3245 φύσιν
2939 3176 3070 3248 Υἰῷ,
3095 3176 3230 3231 ἀλλὰ
3259 3177 3320 3230 τὸ
3341 3179 3540 3230 οἰκεῖον
3563 3176 3801 3246 ἐπιγνώ-
3829 3219 3832 3221 .

509 3291 630 3347 est,
664 3280 848 3352 qualis
869 3279 1066 3335 deceat
1086 3277 1438 3349 unigenitum
1461 3291 1491 3330 a
1528 3275 1640 3332 Deo
1673 3275 1834 3332 Patre
1865 3273 2092 3340 Filium,

2204 3289 2386 3326 σονται
2431 3271 2650 3340 μέτρον,
2700 3268 2876 3323 ὀπίσω
2929 3270 3169 3341 μάλιστα
3219 3270 3497 3324 τεθεῖσθαι
3543 3270 3800 3340 λέγοντος

413 3414 417 3419 -
509 3388 622 3430 non
667 3380 849 3428 autem
898 3385 996 3427 eos
1031 3369 1128 3442 qui
1163 3369 1234 3425 ad
1277 3369 1400 3440 ejus
1461 3368 1863 3425 fraternitatem
1909 3366 2093 3423 vocati

2203 3363 2391 3417 ἑαυτὸν
2419 3361 2514 3416 τοῦ
2535 3363 2692 3431 ἀγίου
2719 3363 3042 3429 Βαπτιστοῦ,
3072 3364 3201 3436 περὶ
3232 3356 3292 3416 οὗ
3314 3380 3475 3434 φησιν
3511 3368 3539 3416 δ
3565 3363 3802 3435 καρδίας

511 3475 661 3530 sunt,
691 3477 927 3535 quorum
959 3471 1046 3518 est
1074 3461 1502 3532 primogenitus.

2201 3455 2377 3518 εἰδώς·
2403 3475 2422 3506 ι
2451 3456 2566 3509 οὐκ
2589 3457 2886 3528 ἐγήγερται
2915 3457 2973 3510 ἐν
2991 3459 3272 3528 γεννητοῖς
3295 3456 3568 3526 γυναικῶν
3589 3456 3799 3527 μείζων

522 3555 771 3610 Ἰωάννου
821 3551 917 3606 τοῦ
969 3542 1301 3606 Βαπτιστοῦ.
1365 3569 1385 3604 ι
1435 3546 1714 3621 Ἀληθεύει
1776 3548 1842 3619 δὴ
1881 3541 1975 3600 οῦν
2020 3546 2049 3598 ὁ
2104 3545 2378 3617 μακάριος
2408 3543 2822 3614 εὐαγγελιστὴς,
2866 3544 3158 3598 τεθεᾶσθαι
3211 3544 3386 3613 λέγων
3433 3562 3450 3594 ι
3494 3545 3604 3615 Τήν
3634 3545 3801 3611 δόξαν

510 3646 699 3711 αὑτοῦ,
759 3643 917 3709 δόξαν
981 3645 1058 3707 ὼς
1099 3641 1442 3712 Μονογενοῦς
1487 3642 1640 3714 παρά
1687 3641 1923 3711 Πατρὸς,
1985 3658 2006 3692 ι
2070 3637 2202 3692 τοῦτ
2236 3636 2384 3690 ἐστιν
2438 3637 2586 3708 ἥπερ
2637 3636 2703 3690 ἂν
2759 3637 2960 3708 πρέποι
3002 3636 3080 3707 τῷ
3127 3639 3191 3690 ἐκ
3234 3636 3368 3690 Θεοῦ
3420 3637 3633 3706 Πατρδς
3680 3637 3804 3710 Υἱῷ

516 3739 816 3813 μονογενεῖ,
873 3735 971 3789 καὶ
1029 3734 1150 3806 οὐχὶ
1184 3733 1386 3805 μᾶλλον
1445 3736 1559 3798 τοῖς
1587 3734 1665 3798 εἰς
1718 3731 2054 3803 ἀδελφότητα
2089 3728 2451 3803 κεκλημένοις
2481 3725 2669 3795 αὐτοῦ,
2705 3720 2781 3781 ὧν
2811 3728 2928 3780 ἐστι
2963 3727 3304 3797 πρωτότοκος
3323 3771 3338 3786 .

1165 3827 1322 3882 CAP.
1369 3827 1437 3883 X.

516 3924 670 3993 Quod
701 3923 846 3979 solus
883 3921 1169 3977 secundum
1196 3930 1447 3974 naturam
1487 3917 1686 3993 Filius,
1710 3936 1774 3974 ea:
1828 3919 1995 3974 Patre
2025 3921 2094 3974 sit

797 3995 1101 4064 unigent'tus
1122 4033 1136 4057 ,
1165 4001 1220 4044 ul
1241 4007 1306 4046 ex
1339 3994 1476 4060 ipso,
1507 4000 1556 4045 et
1588 3993 1641 4044 in
1674 3992 1806 4060 ipso.

583 4086 641 4154 1,
675 4087 764 4141 18.
813 4084 976 4139 Deum
1009 4099 1160 4138 nemo
1196 4083 1324 4137 vidit
1356 4099 1632 4153 unquam:
1671 4083 1972 4152 unigenitns
2001 4079 2097 4135 Fi-

514 4175 866 4248 liua,.qui.est
893 4177 945 4229 in
969 4175 1088 4228 sinu
1134 4171 1317 4225 Patris
1338 4213 1352 4239 ,
1386 4173 1493 4238 ipse
1523 4171 1814 4223 enarravit.

591 4346 991 4404 Animadverte
1035 4361 1234 4401 rursus
1269 4345 1358 4400 hic
1387 4343 1564 4400 divini
1595 4342 1951 4412 evangelista;
1974 4356 2103 4412 pru-

515 4438 779 4497 dentiam.
809 4436 928 4490 Non
953 4437 1227 4506 ignoravit
1248 4436 1546 4491 nonnullos
1573 4434 1626 4489 in
1647 4449 1711 4500 ea
1731 4450 1852 4505 quae
1874 4431 1942 4487 de
1968 4429 2102 4487 Uni-

514 4533 698 4603 genito
728 4529 878 4584 dicta
911 4537 1062 4594 sunt,
1081 4530 1269 4585 acrius
1299 4529 1693 4598 inquisitores,
1720 4542 1784 4581 ae
1801 4528 2050 4582 dicturos
2082 4541 2095 4576 :

511 4623 845 4684 Asseruisti,
871 4637 904 4676 ο
951 4623 1116 4683 boue,
1170 4627 1452 4689 spectasse
1477 4639 1497 4671 ι
1524 4619 1769 4674 Gloriam
1809 4619 1956 4688 ejus,
1986 4619 2103 4688 glo-

2825 3824 3077 3878 ΚΕΦΑΛ.
3106 3823 3164 3877 I'.

2203 3917 2334 3970 Ὀτι
2354 3913 2713 3990 μόνοςμκατᾲ
2738 3916 2929 3990 φύσιν
2952 3915 3086 3990 rng
3112 3915 3194 3990 tiu
3213 3916 3441 3990 Πιιτρῷς
3456 3918 3500 3990 _d
3528 3920 3799 3990 Μονοτεο

2485 3985 2622 4053 νὴς,
2652 3986 2733 4052 ὡς
2757 3986 2826 4050 ἐξ
2852 3985 3062 4050 αὐτοῦ,
3103 3986 3199 4039 καί
3229 3987 3298 4040 ἐν
3329 3985 3516 4052 αὐτῷ,

2276 4077 2426 4132 Θεὸν
2483 4077 2685 4145 οὐδεὶς
2755 4077 2976 4146 ἑώρακε
3047 4079 3282 4133 πώποτε
3315 4098 3330 4111 ·
3383 4082 3418 4133 o'
3454 4078 3804 4149 μονογενὴς

2211 4169 2347 4236 Υἱὸς
2388 4173 2420 4223 ό
2456 4167 2542 4222 ὢν
2563 4172 2650 4235 εἰς
2691 4169 2799 4222 τὸν
2843 4171 3079 4224 κόλπον
3120 4170 3227 4225 τοῦ
3267 4171 3520 4239 Πατρὸς,
3561 4171 3804 4239 ἐκεῖνος

2206 4259 2571 4330 ἐξηγήσατο.

2278 4351 2389 4406 Θέα
2409 4351 2472 4423 δὴ
2516 4351 2678 4406 πάλιν
2717 4355 2775 4406 ἐν
2803 4352 3014 4416 τούτοις
3049 4353 3142 4407 τοῦ
3198 4355 3646 4427 πνευματοφὸρου
3693 4355 3803 4428 τὴν

2207 4445 2390 4515 νῆψιν.
2454 4445 2567 4498 Ούκ
2596 4445 2865 4516 ἠγνόησεν
2893 4446 2976 4498 ὃτι
3032 4447 3248 4510 πάντως
3295 4447 3480 4518 ἐροῦσι
3509 4465 3675 4513 τινες,
3727 4449 3802 4503 τᾶ

2208 4538 2338 4607 περὶ
2371 4537 2463 4589 τοῦ
2504 4535 2843 4604 Μονογενοῦς
2888 4537 3156 4606 εἰρημένα
3199 4537 3525 4609 πικρότερον
3566 4537 3804 4608 βασανίφ

2207 4629 2410 4692 ζοντες·
2439 4629 2636 4697 Ἔφης,
2653 4622 2699 4681 ὦ
2715 4621 2886 4691 οὗτος,
2905 4627 3192 4682 τεθεᾶσθαι
3210 4647 3225 4660 ο
3261 4651 3278 4680 ι
3291 4631 3401 4701 Τὴν
3417 4629 3573 4696 δόξαν
3599 4631 3801 4701 αὐτοῦ,

511 4716 652 4770 riam
683 4712 842 4782 quasi
881 4709 1161 4780 Unigeniti
1191 4724 1221 4763 a
1265 4709 1459 4764 Patre:
1499 4728 1519 4760 ι
1577 4709 1831 4778 Cumque
1873 4709 2093 4765 deceret

2205 4718 2363 4784 δόξαν
2425 4719 2504 4781 ὡς
2563 4721 2902 4788 Μονογενοῦς
2955 4720 3106 4792 παρὰ
3152 4723 3388 4794 Πατρός
3439 4743 3455 4775 ι
3500 4717 3619 4778 εἶτα
3676 4725 3808 4779 δέον

511 4805 862 4866 subtiliorem
928 4803 1164 4858 istarum
1218 4816 1402 4856 rerum
1453 4801 1613 4856 nobis
1674 4801 2095 4871 explicationem

510 4899 735 4963 atlerre,
767 4904 822 4952 et
851 4895 1098 4950 divinum
1129 4892 1394 4965 quiddam
1438 4903 1607 4964 atque
1632 4893 1865 4948 sublime
1891 4892 2095 4957 dicere,

513 4993 750 5065 gloriam
789 4991 941 5046 illam
975 4988 1370 5045 demonstrasti
1411 5003 1476 5042 ex
1507 5003 1573 5042 eo
1621 4985 1766 5056 quod
1794 4985 1996 5057 Moysis
2043 4993 2098 5038 et

512 5084 742 5140 Joannis
799 5081 1180 5137 excellentiam
1219 5079 1522 5150 superavit,
1568 5080 1723 5149 quasi
1757 5094 1866 5132 non
1913 5086 2097 5146 posset

514 5177 672 5231 aliter
721 5176 841 5245 ejus
890 5173 1061 5244 gloria
1115 5173 1387 5242 spectari,
1438 5188 1564 5227 cum
1596 5174 1794 5227 beatus
1833 5170 2096 5240 propheta

514 5269 686 5341 lsaias
715 5268 865 5323 dicat
897 5288 909 5320 :
943 5287 960 5318 ι
996 5264 1121 5320 Vidi
1154 5264 1448 5320 Dominum
1478 5267 1759 5322 sedentem
1820 5278 1986 5332 super
2009 5279 2100 5317 so-

517 5360 643 5412 lium
667 5360 971 5418 excelsum,
1004 5366 1056 5412 et
1081 5359 1354 5413 elcvatum
1383 5377 1396 5413 :
1424 5368 1473 5411 et
1494 5357 1653 5426 plena
1679 5355 1884 5410 domus
1920 5355 2096 5424 gloria

519 5449 655 5512 ejus.
692 5448 755 5501 Et
787 5451 1059 5519 seraphim
1087 5451 1307 5504 stabant
1335 5452 1387 5502 in
1416 5450 1654 5502 circuitu
1683 5448 1840 5516 ejus:
1865 5462 1957 5501 sex
1995 5447 2095 5499 alae

575 5560 614 5588 ⁷¹
674 5568 716 5617 ll
757 5569 880 5622 Cor.
920 5585 997 5628 ιιι,
1052 5571 1103 5622 9.
1185 5572 1377 5626 “Psal.
1412 5587 1676 5636 Lxxxvm,
1734 5571 1783 5623 7.

2206 4809 2599 4863 ἀπολεπτύνειν
2656 4813 2787 4881 ἡμῖν
2827 4812 2928 4883 τήν
2983 4813 3075 4866 ἐπὶ
3099 4812 3308 4878 τούτοις
3357 4815 3636 4887 ἐξήγησιν,
3700 4817 3808 4870 καὶ

2207 4899 2509 4972 θεοπρεπές
2549 4919 2600 4955 τι
2633 4904 2865 4974 πρᾶγμα
2907 4909 3002 4957 καὶ
3036 4905 3271 4968 ἐξαίσιον
3309 4907 3503 4972 εἰπεῖν,
3540 4907 3649 4960 ἀπὸ
3693 4908 3811 4980 τῆς

2205 4993 2347 5046 κατὰ
2380 4993 2623 5055 Μωσέως
2671 4993 2949 5066 ὑπεροχῆς
2998 4997 3089 5048 καὶ
3130 4996 3236 5049 τῶν
3291 4999 3535 5051 Ἰωάννου
3572 5001 3815 5071 μέτρων

2206 5082 2448 5150 ἐποιήσω
2490 5085 2588 5152 τὴν
2618 5085 2908 5152 ἀπόδειξιν,
2934 5088 3010 5151 ὡς
3050 5090 3148 5142 οὐκ
3176 5090 3292 5143 ἐνὸν
3331 5092 3532 5161 ἑτέρως
3559 5095 3815 5162 ὁρᾶσθαι

2205 5171 2301 5243 τὴν
2340 5172 2495 5240 δόξαν
2517 5176 2702 5240 αὑτοῦ,
2723 5180 2898 5231 καίτοι
2945 5180 3039 5232 τοῦ
3073 5182 3169 5250 μὲν
3211 5184 3482 5253 μακαρίου
3510 5186 3812 5254 προφήτου

2205 5263 2453 5332 λέγοντος
2485 5267 2728 5319 Ἠσαϊουο
2777 5287 2794 5319 ι
2831 5264 2982 5323 Εἶδον
3024 5273 3112 5325 τὸν
3155 5273 3357 5345 Κύριον
3386 5272 3616 5326 Σαϐαὼθ
3655 5278 3816 5332 καθα

2203 5353 2404 5424 ήμενον
2434 5356 2524 5408 ἐπί
2551 5355 2740 5427 θρόνου
2759 5357 2964 5428 ὑψηλοῦ
2987 5363 3080 5414 καὶ
3108 5363 3441 5434 ἐπηρμένου,
3461 5365 3551 5418 καὶ
3577 5363 3814 5440 πλήρης

2203 5442 2404 5511 όοῖκος
2435 5450 2535 5519 τῆς
2581 5449 2738 5520 δόξης
2783 5453 2976 5519 αὐτοῦ,
3021 5457 3114 5507 καὶ
3154 5460 3395 5529 σεραφὶμ
3441 5460 3812 5528 εἱστήκεισαν

1865 5569 1909 5600 ⁷³
1951 5568 2140 5623 Matth.
2194 5586 2270 5635 xl,
2332 5570 2420 5626 ll.

594 5694 666 5762 (1)
701 5698 1025 5768 Colelcrius,
1059 5702 1297 5760 Monum.
1337 5691 1482 5761 Eccl.
1516 5708 1605 5762 Gr.
1641 5707 2009 5778 supplendum
2033 5723 2093 5761 co

2198 5708 2258 5762 :it
2303 5713 2790 5780 χρηματισθέντες,
2837 5715 2977 5785 quod
3017 5724 3071 5769 et
3127 5721 3410 5790 sequentia
3466 5718 3805 5778 ostendunt.

3440 5789 3598 5843 lion.
