4040 6214
287 326 396 382 ΓΠ
1374 329 1443 385 ΙΝ
1477 329 1763 386 ιοΑΝΜε
1780 329 1882 386 EV.

1947 329 2231 390 QGELIUM
2275 333 2404 393 LIB.
2432 332 2469 387 1.
3444 343 3542 399 1ῗῆ

287 442 476 514 κύκλῳ
503 440 692 504 αὐτοῦ,
724 440 786 506 εξ
813 441 1082 513 πτέρυγες
1119 443 1198 516 τῷ
1227 444 1328 508 ἑνὶ,
1379 447 1470 499 καὶ
1503 445 1564 510 ἒξ
1601 447 1868 518 πτέρυγες

1977 450 2093 517 uni,
2119 458 2174 505 et
2198 465 2294 506 sex
2315 451 2418 505 alae
2447 450 2640 505 alteri:
2665 457 2714 504 et
2746 449 2962 506 duabus
3005 450 3226 521 quidem
3276 455 3438 527 164
3459 473 3553 512 ve-

287 534 368 604 τῷ
379 536 479 597 ἑνὶ,
498 536 592 588 καὶ
616 537 735 597 ταῖς
760 535 859 605 μὲν
879 534 1002 588 δυσὶ
1026 535 1434 590 κατεκάλυπτον
1463 539 1523 590 τὸ
1555 539 1862 608 πρόσωπον,

1970 541 2159 595 labant
2193 541 2410 606 faciem,
2436 553 2490 598 et
2516 543 2730 600 duabus
2749 546 3003 602 velabant
3029 548 3214 618 pedes,
3245 559 3299 604 et
3328 551 3545 609 duabus

289 626 384 678 καὶ
422 627 543 688 ταῖς
582 626 700 678 δυσὶ
738 625 1147 678 κατεκάλυπτον
1195 630 1319 691 τοὺς
1366 627 1566 692 πόδας,
1615 628 1706 681 καὶ
1746 632 1868 692 ταῖς

1967 634 2248 688 volabant.
2283 633 2347 686 Et
2381 635 2693 690 clamabant
2716 637 2852 692 alter
2891 639 2957 692 ad
2995 640 3227 694 alterum
3253 681 3267 702 ,
3299 657 3363 696 ac
3393 643 3543 700 dice-

283 715 436 768 δυσὶν
461 716 737 768 ὲπέταντο·
757 715 848 769 καὶ
869 716 1170 786 ὲκέκραγον
1192 716 1379 787 ἕτερος
1399 717 1535 788 πρὸς
1555 717 1645 770 τὸν
1659 718 1744 770 ἓτε
1752 735 1862 787 ρον,

1969 724 2136 779 bant:
2163 724 2426 790 Sanctus,
2447 736 2697 791 sanctus,
2726 739 2958 784 sanctus
2986 730 3250 788 Dominus
3285 735 3539 792 sabaoth.

284 807 379 859 καὶ
434 807 620 873 ἔλεγον
643 824 656 838 ο
691 807 900 875 Ἀγιος,
934 807 1122 874 ἅγιος,
1159 807 1315 875 ἅγιος
1370 806 1576 877 Κύριος
1599 808 1826 862 Σαϐαὼο
1847 849 1862 873 ,

1968 815 2135 868 Plena
2171 824 2254 871 est
2295 818 2475 872 omnis
2517 828 2658 872 terra
2708 820 2879 887 gloria
2913 822 3036 888 ejus
3062 822 3129 873 ⁷⁸.
3172 841 3190 874 ι
3216 821 3362 878 Cmn
3412 826 3541 880 item

285 897 498 968 πλήρης
540 900 690 951 πᾶσα
724 900 756 968 ὴ
803 898 874 967 γῆ
909 898 1009 967 τῆς
1050 897 1209 968 δόξης
1237 896 1424 951 αὐτοῦ.
1464 917 1482 949 ι
1528 897 1781 970 Ἰεζεχιὴλ
1810 900 1865 952 δὲ

1967 905 2219 963 Ezechiel
2271 910 2450 978 palam
2507 910 2766 979 praedicet
2805 927 2865 966 se
2916 919 3196 982 spectasse
3253 915 3540 972 cherubim

283 985 446 1040 πάλιν
497 985 796 1057 διαρρήδην
834 987 964 1056 ἡμῖν
1002 985 1459 1056 ἀνακεκραγότος,
1495 986 1576 1039 ὅτι
1607 988 1700 1039 καὶ
1742 987 1866 1040 θεά-

1969 997 2374 1054 ﬁrmamentum
2411 1003 2593 1055 instar
2632 1003 2878 1072 sapphiri
2927 1004 3541 1077 imminens-capitibus

284 1091 442 1127 σαιτο
476 1075 547 1128 τὰ
593 1075 879 1146 χερουϐὶμ,
913 1075 1196 1146 στερέωμα
1229 1074 1327 1145 μὲν
1371 1075 1445 1139 ὡς
1472 1077 1528 1129 ὲν
1566 1075 1695 1128 εἴδει
1724 1093 1863 1130 σαπ-

1966 1091 2378 1156 suisbabentia,
2405 1094 2458 1148 in
2481 1097 2681 1149 throno
2708 1111 2834 1149 vero
2855 1096 3107 1152 similiter
3134 1097 3419 1153 Dominum
3447 1115 3537 1154 sa-

283 1164 475 1234 φείρου
510 1167 632 1226 ταῖς
672 1163 900 1228 οἰκείαις
933 1164 1311 1236 ἐπηρτημένον
1353 1163 1542 1234 ἔχοντα
1577 1165 1860 1234 κεφαλαῖςο

1965 1179 2147 1239 baoth.
2186 1184 2273 1236 Ait
2289 1185 2434 1240 enim
2473 1185 2558 1240 his
2585 1187 2770 1242 verbis
2797 1203 2809 1237 :
2841 1206 2858 1238 ι
2897 1187 3056 1254 Ecce,
3087 1208 3104 1239 ι
3132 1189 3346 1260 inquit,
3375 1211 3392 1243 ‹
3423 1190 3540 1246 Vox

281 1255 375 1306 ἐπὶ
409 1254 603 1325 θρόνου
631 1255 689 1308 δὲ
720 1253 922 1325 ὁμοίως
945 1254 1037 1308 τὸν
1067 1253 1268 1325 Κύριον
1293 1253 1548 1308 Σαϐαὼθ·
1575 1255 1723 1323 λέγει
1754 1257 1862 1325 γάρ

1964 1270 2103 1325 facta
2131 1280 2214 1328 est
2239 1273 2479 1344 desuper
2505 1274 2852 1330 ﬁrmamento
2873 1277 3017 1346 quod
3037 1287 3157 1332 erat
3187 1253 3353 1348 super
3375 1290 3540 1349 caput

279 1346 368 1399 ἐπ’
400 1346 575 1416 αὐτῆς
603 1345 746 1399 οὕτω
771 1345 872 1416 τῆς
907 1345 1125 1409 λέξεως·
1151 1346 1244 1399 καὶ
1279 1365 1298 1396 ο
1348 1345 1502 1409 Ἰδοὺ,
1524 1346 1679 1416 φησι,
1710 1345 1862 1418 φωνὴ

1964 1377 2158 1417 eorum
2182 1405 2195 1429 ,
2220 1364 2379 1433 quasi
2415 1373 2670 1435 aspectus
2699 1366 2893 1434 lapidis
2923 1369 3167 1438 sapphiri
3188 1407 3202 1430 ,
3235 1345 3539 1425 similitudo

281 1436 426 1508 ὑπὲρ
453 1436 652 1489 ἀνωθεν
667 1436 761 1491 τοῦ
782 1436 1157 1508 στερεώματος
1178 1435 1272 1489 τοῦ
1289 1435 1442 1500 ὄντος
1464 1437 1606 1507 ὑπὲρ
1621 1437 1862 1508 κεφαλῆς

1965 1454 2148 1508 throni
2176 1469 2344 1524 super
2371 1454 2503 1509 illud
2536 1473 2550 1510 :
2585 1463 2638 1509 et
2678 1471 2844 1525 super
2886 1435 3301 1514 similitudinem
3353 1461 3534 1516 throni

278 1527 485 1592 αὐτῶν,
517 1528 592 1590 ὡς
628 1528 817 1599 ὅρασις
849 1527 1000 1581 λίθου
1036 1528 1338 1599 σαπφείρου
1369 1529 1622 1599 ὁμοίωμα
1667 1528 1860 1597 θρόνου

1964 1547 2268 1602 similitudo
2307 1546 2467 1617 quasi
2499 1546 2714 1616 species
2759 1548 3001 1604 hominis
3029 1550 3286 1618 desuper.
3330 1550 3394 1607 Et
3426 1551 3533 1619 vidi

278 1617 369 1671 ἔπ’
424 1617 615 1683 αὐτοῦ,
685 1619 780 1671 καὶ
827 1620 920 1672 ἐπὶ
973 1619 1066 1674 τοῦ
1126 1619 1472 1691 ὁμοιώματος
1519 1620 1614 1672 τοῦ
1669 1618 1860 1691 θρόνου

1964 1641 2120 1709 quasi
2157 1649 2438 1710 aspectum
2468 1641 2661 1694 electri
2699 1655 2726 1692 a
2770 1640 2984 1695 visione
3026 1641 3194 1696 lumbi
3227 1651 3278 1694 et
3331 1657 3533 1710 supra:

277 1711 534 1782 ὁμοίωμα
567 1711 642 1774 ὡς
689 1707 828 1775 εἶδος
861 1712 1148 1782 ἀνθρώπου
1195 1712 1420 1776 ἄνωθεν,
1463 1712 1558 1767 καὶ
1603 1707 1741 1765 εἷδον
1785 1713 1861 1774 ὡς

1963 1739 2017 1784 ct
2056 1747 2086 1784 a
2118 1733 2330 1786 visione
2353 1731 2524 1784 lumbi
2553 1737 2607 1785 et
2641 1746 2816 1800 usque
2846 1731 3104 1786 deorsum
3133 1731 3241 1784 vidi
3267 1732 3534 1787 visionem

278 1777 406 1871 διᾷιν
436 1777 702 1874 ἠλέκτρου
741 1803 849 1856 ἀπὸ
889 1777 1134 1874 ὁράσεως
1166 1803 1366 1872 ὀσφύος
1391 1804 1485 1856 καὶ
1529 1803 1732 1864 ἐπάνω,
1767 1803 1861 1855 καὶ

1966 1777 2017 1784 --
2057 1777 2086 1784 _
2127 1777 2330 1786 um..-
2356 1777 2524 1784 mu---
2557 1777 2606 1785 ν,
2643 1777 2816 1800 κη--
2848 1777 3104 1786 ---.-_...
3145 1777 3241 1784 η-.

1967 1822 2140 1890 ignis,
2193 1830 2247 1876 et
2295 1820 2563 1890 splendor
2608 1820 2728 1890 ejus
2785 1822 2839 1874 in
2895 1821 3150 1876 circuitu.
3185 1820 3342 1875 Velut
3396 1821 3536 1876 visio

280 1895 390 1949 ἀπὸ
425 1895 667 1966 ὁράσεως
714 1893 912 1963 ὀσφύος
966 1895 1059 1948 καὶ
1101 1895 1210 1956 ἕως
1261 1894 1429 1959 κάτω,
1467 1894 1562 1946 καὶ
1611 1889 1750 1946 εἶδον
1780 1894 1860 1958 ὡς

1963 1928 2154 1977 arcus,
2181 1928 2307 1967 cum
2344 1913 2510 1968 fuerit
2543 1913 2594 1966 in
2629 1913 2799 1977 nube,
2841 1915 2896 1967 in
2927 1915 3016 1969 die
3045 1914 3260 1984 pluviae,
3298 1913 3384 1968 hic
3416 1921 3537 1968 erat

280 1989 472 2061 ὅρασιν
501 1987 694 2056 πυρὸς,
726 1986 898 2041 καὶτὸ
923 1985 1126 2054 φέγγος
1157 1983 1322 2038 αὑτοῦ
1353 1985 1535 2054 κύκλῳ
1566 1984 1640 2048 ὡς
1669 1987 1859 2056 ὅρασις

1962 2012 2216 2073 aspectus
2259 2005 2570 2074 splendoris
2601 2019 2699 2074 per
2730 2019 2922 2075 gyrum
2950 2006 3016 2058 ⁷⁸.
3045 1983 3062 2056 δ
3098 2024 3115 2055 ι
3139 2003 3266 2059 llaec
3289 2005 3431 2058 visio
3461 2004 3535 2058 si-

277 2081 460 2147 τόξου,
489 2081 619 2134 ὅταν
720 2081 777 2134 ἐν
794 2081 859 2150 τῇ
892 2078 1094 2148 νεφέλῃ
1129 2081 1184 2130 ὲν
1206 2077 1442 2146 ἡμέραις
1463 2074 1643 2139 ὑετοῦ,
1686 2074 1860 2140 οὕτως

1961 2094 2282 2148 militudinis
2299 2095 2487 2164 gloria
2509 2074 2811 2150 Domini”.
2839 2114 2856 2147 ι
2876 2094 3064 2164 Igitur,
3081 2109 3204 2148 cum
3225 2094 3533 2150 istiusmodi

277 2171 318 2242 ἡ
355 2171 545 2240 ὅρασις
586 2167 680 2221 τοῦ
726 2168 960 2238 φέγγους
1007 2165 1288 2221 κυκλόθεν.
1341 2186 1358 2216 ι
1413 2165 1560 2234 Λῦτη
1603 2168 1636 2234 ἡ
1671 2166 1858 2236 ὅρασις

1960 2186 2208 2254 (ιιιιειιοηι
2263 2186 2426 2241 nobis
2471 2187 2540 2240 ab
2595 2186 2870 2255 imperitis
2903 2187 3086 2239 statim
3147 2185 3419 2255 objectum
3467 2185 3533 2239 iri

275 2260 622 2332 ὸμοιὼματος
649 2259 806 2330 δόξης
843 2256 1294 2329 Κυρίου,ούκοῦν
1324 2257 1624 2327 ἐπειδήπερ
1643 2257 1859 2317 ἐλπίδος

1960 2277 2152 2332 beatus
2200 2277 2539 2348 evangelista
2575 2277 2689 2346 jam
2725 2285 2839 2330 tum
2877 2276 3063 2330 animo
3102 2285 3155 2330 et
3205 2277 3537 2346 cogitatione

276 2350 350 2422 ἦν
375 2353 437 2406 οὗ
470 2352 713 2423 μακρὰν,
751 2351 979 2404 τοιαῦτά
1003 2347 1201 2421 τιναξς]
1229 2350 1363 2421 πρὸς
1401 2350 1551 2420 ἡμᾶς
1572 2350 1719 2419 ἐρεῖν
1750 2347 1859 2400 τῶν

1962 2369 2286 2438 perciperet,
2337 2347 2406 2422 ad
2451 2383 2643 2422 eorum
2674 2375 2906 2422 conatus
2937 2367 3313 2422 retundendos
3347 2382 3535 2437 aggre-

276 2443 690 2515 ἀμαθεστέρων,
730 2443 1042 2510 ἀναγκαίως
1091 2444 1120 2495 6
1167 2441 1436 2512 μακάριος
1471 2440 1860 2510 εὐαγγελιστὴς

1960 2461 2132 2523 ditur,
2172 2460 2404 2513 dicens:
2440 2477 2460 2510 ι
2490 2457 2660 2512 Deum
2699 2471 2861 2510 nemo
2891 2457 3026 2511 vidit
3060 2447 3320 2526 unquam.
3361 2476 3379 2508 ι
3417 2457 3538 2526 Ipse

273 2536 606 2589 ἀνακόπτειν
641 2533 822 2587 αὐτῶν
842 2533 941 2598 τὰς
975 2532 1636 2605 ὲπιχειρήσειςὲπείγεται
1661 2531 1854 2600 λέγων’

1959 2551 2102 2604 enim
2149 2563 2272 2602 cum
2326 2548 2401 2604 sit
2450 2546 2596 2602 Deus
2641 2546 3004 2617 Unigenitus,
3039 2547 3134 2615 qui
3173 2554 3257 2600 est
3308 2549 3362 2600 in
3408 2545 3532 2601 sinu

278 2645 303 2676 ι
347 2626 477 2679 Θεὸν
501 2626 676 2690 οὐδεὶς
707 2623 921 2695 ἑώρακε
956 2622 1200 2677 πώποτε·
1236 2642 1254 2676 ι
1299 2624 1460 2685 αὐτὸς
1484 2623 1591 2694 γάρ
1627 2621 1702 2675 ὣν
1727 2622 1860 2685 Θεὸς

1960 2639 2053 2694 Dei
2084 2655 2148 2694 ac
2181 2639 2388 2706 Patris,
2415 2639 2563 2694 istud
2600 2639 2758 2694 nobis
2801 2637 3078 2692 enarravit
3113 2652 3127 2689 :
3158 2637 3252 2707 qui
3284 2639 3353 2691 ad
3393 2637 3533 2708 Mov-

271 2720 308 2772 6
337 2720 670 2788 Μονογενὴς,
714 2719 772 2771 ὲν
814 2717 1036 2779 κόλποις
1063 2715 1140 2770 ὣν
1184 2715 1279 2769 τοῦ
1314 2714 1449 2768 Θεοῦ
1492 2713 1585 2768 καὶ
1623 2716 1858 2786 Πατρὸς,

1961 2722 2075 2785 sem
2108 2729 2457 2800 apertissime
2479 2727 2658 2782 dixit:
2691 2747 2708 2778 ι
2737 2725 2876 2793 Quia
2910 2741 3070 2782 nemo
3097 2726 3302 2782 videbit
3339 2725 3532 2781 faciem

273 2807 483 2879 ταύτην
514 2807 651 2878 πρὸς
673 2808 821 2879 ἡμᾶς
851 2807 1143 2878 ἐποιήσατο
1178 2804 1278 2874 τὴν
1297 2805 1575 2874 ἐξήγησιν,
1601 2803 1736 2874 πρὸς
1761 2803 1860 2873 μὲν

1960 2823 2112 2892 ejus,
2160 2832 2214 2877 et
2260 2822 2406 2876 vivet
2435 2821 2505 2874 ".
2541 2840 2558 2872 ι
2602 2819 2665 2873 Et
2717 2820 2782 2874 ad
2832 2835 2966 2874 suos
3012 2819 3144 2874 olim
3188 2818 3527 2888 discipulos:

272 2901 373 2955 τὸν
402 2901 720 2971 ἱεροφάντην
744 2899 947 2953 Μωσέα
977 2898 1286 2967 σαφέστατα
1316 2896 1435 2951 λίαν
1459 2895 1648 2963 εἰπών’
1689 2914 1707 2947 ι
1736 2897 1858 2948 Ὅτι

1967 2934 1984 2966 ι
2024 2913 2143 2968 Νοη
2177 2913 2308 2982 quia
2343 2911 2560 2966 Patrem
2619 2911 2748 2965 vidit
2796 2911 3132 2979 quisquam,
3185 2910 3297 2964 nisi
3338 2910 3384 2964 is
3435 2912 3531 2980 qui

268 2989 464 3052 οὐδεὶς
508 2988 691 3058 δψεται
721 2987 782 3040 τὸ
814 2987 1126 3059 πρόσωπον,
1167 2987 1262 3040 καὶ
1293 2985 1536 3058 ζήσεται’
1575 3004 1592 3037 ι
1631 2984 1764 3054 πρὸς
1801 2984 1860 3038 δέ

1959 3013 2044 3059 est
2065 3019 2094 3056 a
2122 3001 2251 3069 Deo,
2283 3001 2373 3056 hic
2403 3001 2854 3055 viditl’atrem".
2889 3018 2907 3050 ι
2953 2998 3067 3053 Soli
3097 3000 3247 3054 enim
3275 2997 3415 3052 Filio
3443 3014 3533 3054 tta-

272 3098 348 3150 γε
366 3081 497 3144 τοὺς
515 3079 742 3142 οἰκείους,
775 3079 917 3132 κατὰ
942 3077 1132 3148 καιρὸν
1162 3075 1430 3146 μαθητάς·
1472 3094 1490 3126 ι
1523 3075 1634 3144 Οὐχ
1665 3076 1746 3128 ὅτι
1767 3073 1859 3126 τὸν

1960 3092 2127 3148 turali
2164 3092 2522 3162 aspectabilis
2555 3098 2640 3146 est
2688 3089 2872 3152 Pater,
2906 3105 2973 3144 eo
3005 3081 3165 3144 modo
3193 3104 3302 3159 quo
3335 3098 3532 3142 natura

273 3171 500 3243 Πατέρα
537 3170 750 3242 ἑώρακέ
775 3187 881 3234 τις,
909 3172 956 3223 εἰ
987 3170 1062 3240 μὴ
1087 3171 1114 3221 6
1135 3167 1209 3222 ὢν
1234 3167 1382 3238 παρὰ
1405 3167 1500 3220 τοῦ
1524 3167 1679 3230 Θεοῦ,
1706 3158 1860 3230 οὗτος

1964 3185 2148 3240 divina
2183 3158 2333 3239 cerni
2386 3191 2595 3252 potest,
2642 3190 2695 3236 et
2719 3181 2853 3234 nulli
2912 3189 3107 3249 praeter
3148 3158 3273 3236 eum
3325 3181 3527 3234 alteri:

276 3264 491 3336 ἑώρακε
521 3265 612 3316 τὸν
637 3264 905 3333 Πατέρα-ι
955 3262 1098 3332 μόνῳ
1131 3261 1239 3331 γὰρ
1275 3259 1389 3330 Υίῷ
1421 3259 1498 3330 τῷ
1520 3258 1663 3312 κατὰ
1697 3259 1858 3328 φύσιν

1961 3293 2071 3332 non
2107 3287 2284 3331 tamen
2329 3283 2617 3344 propterea
2652 3273 2832 3328 sancti
2864 3271 3150 3342 propheta:
3177 3273 3533 3333 mentientur,

274 3356 474 3426 ὁρατὸς
501 3357 529 3407 6
549 3353 762 3424 Πατὴρ,
791 3351 882 3406 καὶ
903 3349 1187 3413 οὖτως,ὡς
1203 3351 1266 3404 ἄν
1287 3367 1372 3412 τις
1396 3349 1610 3402 εὶκάσαι
1634 3348 1860 3417 θεοπρε-

1960 3367 2089 3421 dum
2128 3382 2188 3421 se
2233 3365 2438 3420 vidisse
2483 3365 2723 3418 clamant
2770 3362 3064 3417 Dominum
3125 3362 3379 3419 sabaoth.
3418 3361 3533 3416 Non

275 3446 398 3509 πῶς
427 3445 528 3514 τὴν
556 3443 708 3497 Θείαν
737 3444 868 3516 όρᾷν
905 3459 966 3495 τε
1003 3441 1096 3495 καὶ⁴
1127 3440 1353 3510 ὁρᾶσθαι
1382 3439 1566 3509 φύσιν,
1610 3439 1780 3510 ἑτέρῳ
1801 3439 1858 3492 δὲ

1962 3463 2220 3514 asserunt
2261 3456 2408 3510 enim
2450 3456 2624 3525 ipsam
2655 3470 2715 3510 se
2752 3453 2961 3509 vidisse
3002 3453 3098 3508 Dei
3139 3455 3436 3523 essentiam
3473 3468 3537 3508 ac

272 3538 384 3591 τῶν
418 3538 590 3590 ὄντων
621 3536 812 3589 οὐδενί·
855 3531 1204 3602 διαψεύσεταί
1235 3549 1299 3600 γε
1330 3531 1436 3602 μὴν
1469 3532 1718 3600 οὐδαμῶς
1749 3531 1858 3584 τῶν

1961 3551 2213 3596 naturam
2237 3581 2252 3605 ,
2283 3540 2380 3596 sed
2411 3547 2598 3610 aperte
2631 3539 2682 3592 id
2734 3539 2972 3593 clamant
3008 3555 3023 3591 :
3058 3556 3076 3588 ι
3117 3535 3244 3591 Haec
3275 3546 3356 3592 est
3395 3537 3536 3591 visio

275 3630 451 3700 ἁγίων
506 3628 802 3700 προφητῶν
841 3627 1068 3694 ὁλόγος,
1126 3625 1427 3695 ἑωρακέναι
1476 3625 1720 3693 βοώντων
1768 3624 1858 3677 τὸν

1961 3634 2343 3688 similitudinis
2399 3632 2588 3703 gloriae
2650 3630 2862 3685 Domini
2891 3631 2959 3684 ".
3012 3649 3030 3682 ι
3075 3630 3247 3699 Igitur
3293 3645 3320 3681 a
3371 3629 3535 3682 rebus

271 3722 485 3787 Κύριον
519 3719 770 3773 Σαϐαὼθ·
800 3720 860 3772 οὐ
887 3718 996 3790 γὰρ
1025 3717 1154 3772 αὐτὸ
1194 3715 1308 3769 κατ’
1342 3715 1528 3769 οὐσίαν
1560 3713 1704 3767 τοῦθ’
1723 3715 1859 3784 ὅπερ

1959 3722 2218 3778 humanis
2246 3721 2452 3776 divina:
2481 3720 2670 3791 gloria:
2699 3720 2870 3790 ﬁgura
2899 3720 3138 3774 obscure
3172 3717 3533 3780 formabatur,

272 3815 425 3867 ἐστὶν
459 3814 495 3883 ἡ
539 3811 635 3865 τοῦ
675 3810 809 3864 Θεοῦ
865 3809 1026 3877 φύσις
1079 3805 1368 3860 τεθεᾶσθαι
1414 3803 1856 3876 διισχυρίζονται,

1959 3823 2187 3883 eratque
2227 3821 2487 3882 tanquam
2525 3813 2576 3866 in
2609 3811 2796 3865 tabula
2819 3824 3081 3878 expressa
3111 3807 3357 3861 veritatis
3383 3807 3535 3860 simi-

271 3903 414 3956 ἀλλὰ
452 3903 546 3955 καὶ
577 3901 708 3954 αὐτὸ
726 3899 1018 3971 διαρρήδην
1054 3896 1324 3952 ἀναὸοῶσι
1353 3895 1624 3962 λέγοντες
1661 3915 1679 3946 ‹
1709 3893 1858 3963 Αὖτη

1957 3903 2134 3957 litudo
2173 3903 2331 3970 longe
2381 3901 2523 3952 ultra
2571 3905 2808 3953 mentem
2856 3905 2910 3950 et
2948 3895 3250 3949 orationem
3302 3894 3530 3949 tenden-

271 3996 308 4064 η
329 3995 522 4063 ὅρασις
535 3991 878 4061 ὁμοιώματος
905 3989 1062 4059 δόξης
1087 3989 1168 4040 Κυ
1177 3987 1311 4058 ρίου.
1348 4007 1366 4038 ι
1390 3985 1599 4039 Οὐκοῦν
1628 3985 1736 4038 ἀπὸ
1752 3984 1859 4039 τῶν

1961 3994 2055 4049 tis.
2089 3991 2306 4061 Optime
2339 4003 2473 4058 ergo
2509 3985 2956 4056 sapientissimus
3004 3981 3379 4053 evangelista:
3412 3999 3429 4029 ι
3473 3981 3536 4034 lit

273 4084 400 4138 καθ’
439 4085 588 4153 ἡμᾶς
625 4083 966 4154 πραγμάτων
1017 4079 1431 4151 αἰνιγματωδῶς
1477 4079 1539 4131 τὸ
1580 4079 1680 4148 τῆς
1710 4079 1861 4144 θείας

1961 4083 2229 4148 vidimus,
2281 4081 2575 4149 inquiens,
2629 4075 2860 4147 gloriam
2910 4073 3068 4143 ejus,
3101 4072 3332 4143 gloriam
3377 4073 3535 4138 quasi

269 4178 441 4246 δόξης
470 4177 831 4230 ἁνεπλάττετο
865 4176 1070 4245 σχῆμα,
1099 4173 1195 4226 καὶ
1234 4172 1430 4243 μᾶλλον
1469 4172 1728 4241 ὁμοίωσις
1768 4167 1857 4244 ἦν,

1964 4172 2245 4244 Unigeniti
2270 4185 2299 4223 a
2335 4169 2497 4222 Patre
2525 4169 2594 4232 ⁷³,
2633 4186 2652 4217 ›
2689 4166 2758 4220 ab
2789 4164 2880 4217 illa
2897 4162 3195 4216 eminentia
3229 4175 3337 4230 qua
3375 4158 3537 4214 Citri-

272 4269 352 4332 ὠς
371 4269 430 4320 ὲν
470 4268 651 4321 πίνακι
675 4266 913 4338 φέρουσα
931 4266 1243 4336 θεοπρεπεῖ,
1266 4264 1366 4331 τῆς
1383 4262 1475 4314 ἐπὶ
1489 4261 1698 4325 τούτοις
1731 4263 1862 4334 άλη-

1964 4275 2084 4321 stus
2144 4271 2344 4318 cuncta
2409 4265 2666 4329 superat,
2727 4254 2940 4309 dictum
2998 4267 3160 4308 suum
3221 4249 3535 4305 conﬁrmat.

272 4359 428 4423 θείας
446 4361 525 4421 εἰς
550 4359 647 4428 τὴν
664 4359 804 4429 ὑπὲρ
823 4357 946 4411 νοῦν
971 4358 1065 4410 καὶ
1093 4357 1250 4425 λόγον
1274 4353 1670 4424 ἀναϐαινούσης
1693 4354 1862 4424 ὑπερ-

1968 4352 2435 4422 Qucmadmodum
2480 4353 2625 4403 enim
2658 4352 3086 4401 acreaturarum
3126 4340 3537 4412 pulchritudine

269 4451 428 4524 οχην.
452 4451 684 4519 ’Δριστα
704 4449 770 4520 δὴ
795 4444 886 4503 οὖν
906 4451 933 4502 6
955 4447 1262 4516 σοφώτατος
1283 4445 1691 4515 εὐαγγελιστὴς,
1719 4446 1856 4498 ιΚαὶ

1964 4444 2210 4500 auctoris
2242 4456 2422 4496 rerum
2451 4440 2696 4492 omnium
2715 4437 2888 4488 virtus
2909 4437 3265 4504 proportione
3297 4429 3535 4499 quadam

272 4523 641 4611 ἐθεασάμεθα,
657 4540 852 4609 λέγων,
871 4539 969 4611 τὴν
986 4539 1138 4604 δόξαν
1155 4536 1346 4601 αὑτοῦ,
1358 4535 1515 4600 δόξαν
1528 4535 1602 4597 ὡς
1620 4535 1828 4602 Μονογε
1840 4565 1858 4576 -

1965 4536 2120 4608 105
2170 4532 2461 4588 innotescit
2502 4549 2514 4584 :
2558 4537 2612 4584 et
2651 4535 2915 4583 enarrant
2953 4525 3077 4581 cmli
3129 4523 3338 4592 absque
3391 4537 3527 4576 voce

272 4633 402 4696 νοῦς
425 4633 578 4704 παρὰ
617 4632 844 4702 Πατρός,
871 4651 890 4682 ι
920 4632 1024 4684 ἀπ’)
1040 4633 1136 4701 τῆς
1165 4629 1304 4684 κατὰ
1335 4630 1550 4682 πάντων
1581 4629 1856 4698 ὑπεροχῆς

1960 4631 2056 4686 Dei
2112 4626 2373 4698 gloriam,
2419 4632 2477 4679 et
2524 4636 2663 4692 opus
2715 4639 2733 4671 ι
2764 4633 3029 4673 manuum
3075 4620 3197 4686 ejus
3249 4616 3539 4669 annuntiat

274 4725 518 4795 εἰσφέρει
541 4724 633 4776 τοῦ
661 4724 832 4791 Λόγου
863 4724 958 4794 τὴν
985 4722 1272 4785 ἀπόδειξιν.
1299 4722 1508 4791 Ὀνπερ
1530 4720 1637 4791 γὰρ
1653 4718 1855 4790 τρόπον

1960 4717 2449 4776 Ιίνιηεωοιιιυιη⁷⁹⁶
2477 4734 2490 4769 :
2527 4735 2546 4767 ι
2576 4715 2654 4769 ita
2684 4712 2934 4767 vicissim
2973 4709 3304 4780 Unigenitus
3338 4708 3540 4778 glorio-

273 4817 388 4869 ἀπὸ
399 4816 663 4884 καλλονῆς
674 4814 986 4884 κτισμάτων
1003 4813 1276 4880 ἀναλόγως
1292 4815 1323 4881 ἡ
1344 4810 1436 4864 τοῦ
1456 4812 1671 4865 πάντων
1699 4826 1858 4877 γενε-

1961 4816 2076 4870 sior
2107 4823 2162 4868 et
2192 4809 2465 4865 illustrior
2497 4803 2820 4876 apparebit,
2855 4801 2901 4855 si
2937 4816 3002 4855 ex
3039 4800 3107 4854 iis
3143 4799 3347 4868 quibus
3382 4811 3540 4850 crea-

277 4907 534 4977 σιουργοῦ
555 4907 840 4977 θεωρεῖται
851 4905 1077 4974 δύναμις
1093 4922 1106 4934 ·
1140 4905 1232 4956 καλ⁵
1248 4904 1557 4973 διηγοῦνται
1587 4903 1686 4973 μὲν
1699 4901 1852 4969 ἀφώ-

1963 4919 2138 4960 turam
2167 4908 2428 4973 superat,
2464 4898 2807 4966 intelligatur
2851 4908 2915 4948 ac
2965 4899 3208 4962 putetur,
3255 4895 3316 4942 ut
3368 4902 3537 4956 supra

274 5016 380 5061 νως
395 5000 442 5049 οί
464 4998 683 5066 οὐρανοὶ⁸
709 4997 866 5060 δόξαν
891 4995 1045 5061 Θεοῦ,
1082 4994 1298 5063 ποίησιν
1325 4995 1380 5046 δὲ
1414 5012 1430 5044 ι
1457 4993 1655 5063 χειρῶν
1685 4993 1850 5046 αὑτοῦ

1964 4999 2136 5069 ipsam
2183 4996 2496 5056 exsistens,
2543 4991 2673 5045 licet
2720 4987 3011 5042 oculorum
3053 4983 3224 5036 aciem
3275 4978 3537 5046 eﬂ‘ugiat,

273 5088 594 5156 ἀναγγέλλει
607 5088 668 5141 τὸ
689 5105 778 5140 στε
785 5087 891 5158 ρέω
901 5103 994 5156 μα’
1019 5105 1037 5136 ι
1066 5083 1208 5137 οὓτω
1225 5083 1382 5138 πάλιν
1403 5084 1640 5155 ἀμείνων
1655 5087 1712 5137 ἐν
1728 5085 1852 5156 δόξῃ

1962 5099 2020 5144 ιιι
2056 5088 2218 5142 Deus.
2255 5086 2432 5139 Alium
2469 5096 2572 5151 ego
2603 5081 2682 5134 rei
2723 5078 3019 5148 proposita!
3071 5084 3295 5127 sensum
3342 5076 3396 5121 et
3445 5081 3541 5118 cx-

271 5182 367 5233 καὶ
409 5157 843 5249 λαμπρότεροςὸ
868 5177 1182 5248 Μονογενὴς
1237 5175 1710 5247 ἀναδειχθήσεται,
1754 5177 1854 5245 τὴν

1961 5177 2314 5248 plieationem
2349 5187 2472 5228 esse
2516 5185 2626 5224 non
2669 5169 2932 5222 arbitror.
2974 5157 3395 5218 Observandum
3441 5171 3539 5208 au-

270 5273 376 5342 μὲν
401 5310 417 5335 ,
472 5245 595 5324 δσον
807 5271 886 5332 εἰς
927 5245 1208 5339 ὀφθαλμοῦ
1242 5245 1521 5338 δύναμινς
1551 5267 1855 5338 κατάληψιν

1956 5245 2062 5324 tem
2097 5277 2181 5321 est
2215 5278 2443 5325 rursus,
2475 5259 2865 5328 evangelistam
2917 5255 3004 5308 hic
3051 5250 3248 5304 Filium
3285 5245 3538 5314 unigeni-

265 5336 602 5428 6m36aivwv,
639 5336 716 5424 ὧς
750 5361 900 5425 Θεός’
939 5336 1032 5431 ἀφ’
1065 5336 1139 5416 ὧν
1172 5360 1228 5413 δὲ
1255 5359 1353 5431 τὴν
1379 5336 1552 5413 κτίσιν
1584 5360 1729 5428 νικᾷ,
1750 5336 1857 5412 ’διὰ

1960 5368 2074 5413 ιιιιη
2105 5355 2274 5408 Deum
2303 5349 2579 5421 appellare
2601 5387 2616 5411 ,
2644 5358 2698 5400 et
2725 5347 2779 5399 in
2810 5345 2932 5397 sinu
2966 5341 3145 5395 Patris
3167 5353 3292 5392 esse
3318 5336 3535 5400 dicere,

264 5455 479 5511 τούτων
513 5456 586 5518 ὡς
617 5455 882 5525 ὑπάρχων
926 5454 1066 5522 ὑπὲρ
1110 5452 1301 5522 αὐτὴν,
1333 5449 1621 5520 νοούμενός
1660 5467 1718 5502 τε
1763 5449 1857 5502 καὶ

1959 5457 2019 5503 ut
2073 5460 2266 5502 rursus
2316 5441 2638 5498 ostendatur
2681 5438 2843 5506 longe
2887 5436 3099 5488 alienus
3140 5445 3265 5486 esse
3306 5444 3335 5482 a
3381 5441 3536 5482 erea-

265 5545 650 5617 εοξαζόμενος.
686 5544 903 5615 Ταύτην
939 5544 1037 5616 μὲν
1060 5540 1173 5608 οὖν,
1205 5538 1376 5613 οἶμαι,
1414 5543 1508 5594 καὶ
1534 5541 1631 5612 οὺχ
1664 5541 1857 5612 ἑτέραν

1962 5547 2099 5593 turre
2133 5535 2478 5598 rationibus,
2511 5539 2566 5587 et
2610 5528 2892 5602 propriam
2937 5541 3002 5578 ac
3051 5523 3391 5595 peculiarem
3440 5517 3540 5572 ha-

337 5663 388 5693 "
419 5660 525 5716 lsa.
551 5677 625 5720 vt.
655 5660 676 5712 l
715 5661 769 5713 3.
843 5660 887 5691 ⁷⁸
919 5658 1116 5712 Ezech.
1153 5673 1190 5720 ι,
1226 5647 1414 5712 ‘26—‘28.
1500 5657 1566 5688 ⁷⁵⁸
1599 5657 1796 5714 Ezech.
1837 5656 1932 5723 ",1

2049 5654 2094 5686 ⁷⁸
2133 5650 2298 5706 Exod.
2337 5645 2640 5712 xxxtuﬂtl.
2717 5643 2760 5674 ⁷⁷
2789 5639 2947 5697 Joan.
2979 5655 3054 5706 Vl,
3096 5636 3183 5692 46.
3260 5634 3306 5667 ⁷⁸
3339 5628 3571 5688 Ezech.-

277 5745 333 5794 tt,
377 5733 423 5783 l.
531 5729 576 5761 τ’
621 5729 748 5799 Sap.
785 5745 902 5797 xm,
948 5729 1001 5784 5.
1079 5730 1144 5760 ⁷³⁸
1182 5727 1327 5784 I‘sal.
1361 5743 1515 5792 xvm,
1543 5727 1602 5781 2.
