4040 6214
498 304 602 368 179

1482 307 1540 365 s.
1583 293 1859 365 cYnILLr
1894 307 2361 366 ALEXANDIIINI
2399 309 2718 368 anculsr‘.

3633 322 3659 375 Ι
3666 316 3736 379 80'

495 433 627 489 bere
675 448 741 488 ex
796 431 957 487 Patre
1003 434 1057 487 et
1104 432 1158 485 in
1192 430 1356 486 Patre
1384 413 1786 487 exsistentiam.
1824 432 1879 486 Si
1909 432 2053 487 enim

2171 434 2256 502 τὴν
2289 432 2521 504 θεωρίαν
2564 434 2773 487 ὠδίνειν
2815 433 2908 488 τοῦ
2959 426 3323 506 πρόκειμένου
3367 437 3465 509 τὴν
3507 431 3728 495 ἔννοιαν.

496 541 684 582 revera
716 524 861 581 Deus
886 530 974 579 est
1006 522 1333 593 Unigenitus
1351 560 1367 587 ,
1395 523 1672 593 quomodo
1697 538 1808 578 non
1836 523 2065 578 diversae

495 629 581 673 ost
611 625 819 672 natura
841 617 911 670 ab
940 616 1052 671 illis
1097 616 1189 685 qui
1240 615 1534 685 adoptione
1564 615 1642 670 dii
1675 624 1805 671 sunt
1832 630 1899 670 ac
1932 615 2065 668 lilii?

493 708 833 778 Intelligetur
863 707 1008 761 enim
1040 714 1148 761 n'on
1184 706 1241 760 in
1271 707 1461 762 multis
1491 706 1763 763 fratribus
1795 706 2064 776 Unigeni-

495 811 583 855 ius
607 838 623 862 ,
667 797 761 853 sed
802 798 954 852 solus
990 798 1260 854 exsistere
1297 812 1326 852 a
1361 796 1543 852 Patre.
1576 796 1714 852 Cum
1760 805 1968 864 autem,
2005 806 2064 851 ut

494 874 699 943 Paulus
722 878 883 953 ait",
906 889 1095 945 multis
1117 888 1511 945 exsistentibus
1530 896 1585 943 et
1611 889 1908 944 nominatis
1933 889 2061 954 diis,

495 995 619 1034 cum
660 979 715 1035 in
749 980 921 1045 caelo,
958 986 1074 1035 tum
1109 980 1167 1035 in
1200 986 1347 1036 terra
1368 1020 1383 1046 ,
1419 979 1560 1036 Deus
1593 980 1665 1036 sit
1699 979 2025 1051 Unigenitus
2046 1021 2061 1046 ,

496 1078 647 1125 extra
694 1078 1019 1128 eaterorum
1075 1086 1368 1128 numerum
1415 1071 1629 1127 scilicet
1677 1072 2062 1137 collocabitur,

497 1177 599 1217 nec
631 1162 777 1217 inter
808 1177 903 1219 eos
933 1163 1027 1234 qui
1059 1164 1133 1218 dii
1170 1170 1301 1220 sunt
1331 1178 1430 1233 per
1470 1164 1704 1235 gratiam
1745 1165 2064 1220 numerabi-

496 1258 608 1317 tur,
649 1250 747 1306 sed
785 1252 891 1307 erit
932 1252 1117 1322 potius
1156 1267 1283 1308 cum
1329 1250 1492 1308 Patre
1542 1251 1687 1309 Deus
1736 1269 1921 1310 verus.
1972 1253 2065 1309 Sic

494 1339 641 1394 enim
663 1337 869 1395 Paulus
889 1355 1013 1395 eum
1037 1341 1319 1411 conjungit
1338 1380 1354 1405 ,
1381 1341 1576 1398 dicens
1603 1361 1618 1397 :
1643 1362 1661 1394 ι
1685 1341 1858 1400 Nobis
1879 1353 2062 1400 autem

496 1442 644 1489 unus
677 1428 819 1487 Deus
846 1432 1025 1498 Pater,
1055 1447 1121 1488 ex
1150 1448 1260 1503 quo
1286 1436 1469 1489 omnia
1493 1464 1509 1499 ,
1539 1441 1593 1490 et
1627 1451 1769 1491 unus
1798 1436 2063 1494 Dominus

495 1514 656 1581 Iesus
687 1512 942 1579 Christus
964 1562 979 1588 ,
1028 1538 1123 1593 per
1167 1539 1328 1594 quem
1364 1525 1561 1580 omnia
1590 1526 1658 1581 ⁸⁸.
1686 1545 1705 1579 ι
1729 1526 1866 1582 Cum
1914 1529 2060 1585 enim

490 1616 643 1671 imus
672 1616 746 1670 sit
778 1631 874 1685 per
904 1623 1162 1669 naturam
1200 1615 1345 1672 Deus
1376 1615 1561 1681 Pater,
1599 1633 1707 1673 non
1740 1628 1920 1687 potest
1952 1636 2060 1675 non

495 1714 619 1763 esse
652 1706 928 1771 Verbum,
958 1709 1103 1779 quod
1147 1724 1212 1764 ex
1260 1710 1382 1778 ipso
1421 1718 1476 1763 et
1521 1711 1575 1764 in
1612 1711 1733 1781 ipso
1768 1722 1885 1775 est,
1917 1713 2065 1782 geni-

2182 524 2569 596 Ἐπιτηρητέον
2618 525 2674 578 δὲ
2723 527 2885 580 πάλιν
2904 568 2919 592 ,
2976 528 3058 579 ὅτι
3119 528 3214 581 καὶ
3271 529 3548 601 Μονογενῆ
3605 533 3736 587 Θεὸν

2164 616 2431 670 ἀποκαλεῖ
2469 617 2560 671 τὸν
2590 617 2736 681 Υίὺν,
2781 619 2874 671 καὶ
2921 620 2979 672 ὲν
3010 619 3230 683 κόλποις
3270 616 3410 674 εἷναί
3462 633 3596 693 φησι
3642 627 3736 678 τοῦ

2165 704 2398 775 Πατρὸς,
2445 706 2532 759 ῐνα
2579 708 2834 778 φαίνηται
2875 709 3036 763 πάλιν
3085 709 3187 779 τῆς
3227 710 3366 782 πρὸς
3416 712 3516 783 τὴν
3563 716 3739 768 κτίσιν

2163 790 2431 866 ὁμοφυῒας
2464 795 2849 869 ὲξῳκισμένος,
2894 800 2989 853 καὶ
3021 799 3329 864 ἰδιάζουσαν
3351 799 3491 871 ἔχων
3524 804 3588 856 ὲκ
3630 805 3739 855 Πα-

2161 888 2291 958 τρὸς
2344 890 2439 943 καὶ
2465 888 2522 942 ὲν
2550 889 2725 960 Πατρὶ
2748 888 2845 960 τὴν
2883 884 3137 957 ὓπαρξιν.
3178 891 3243 944 Εἰ
3272 891 3382 963 γὰρ
3412 892 3579 957 ὅντως
3604 893 3740 956 Θεός

2164 981 2279 1033 ἐστι
2307 978 2635 1049 Μονογενὴς,
2658 968 2904 1042 πῶςόὐκ
2931 978 3046 1034 ἔστι
3075 981 3216 1035 κατὰ
3241 982 3403 1052 φύσιν
3431 982 3638 1055 ἕτερος,
3661 983 3736 1048 ὡς

2165 1070 2299 1139 πρὸς
2329 1069 2590 1133 ἐκείνους,
2628 1070 2786 1142 οἷπερ
2817 1070 2925 1123 εἰσὶ
2957 1071 3094 1124 κατὰ
3120 1071 3268 1125 θέσιν
3300 1072 3413 1127 θεοὶ
3470 1074 3567 1128 καὶ
3600 1074 3706 1128 υἱοί
3718 1089 3735 1139 ;

2164 1161 2504 1232 Νοηθήσεται
2528 1160 2637 1231 γὰρ
2660 1162 2759 1215 οὐκ
2779 1162 2836 1215 ἐν
2858 1162 3071 1225 πολλοῖς
3087 1163 3334 1233 ἀδελφοῖς
3354 1165 3384 1218 6
3404 1165 3734 1237 Μονογενὴς,

2164 1250 2279 1304 ἀλλ’
2304 1251 2382 1314 ὡς
2411 1251 2570 1322 μόνος
2603 1250 2680 1304 ὣν
2708 1252 2774 1306 ἐκ
2802 1251 3033 1324 Πατρός.
3077 1253 3294 1322 Ἐπειδὴ
3340 1253 3420 1319 δὲ,
3454 1255 3598 1308 κατὰ
3637 1256 3739 1327 τὴν

2166 1341 2376 1394 Παύλου
2410 1342 2615 1412 φωνὴν,
2640 1341 2849 1395 πολλῶν
2884 1341 3073 1405 όντων,
3104 1343 3138 1410 ἢ
3172 1344 3267 1397 καὶ
3296 1342 3733 1415 ὀνομαζομένων,

2166 1432 2222 1486 ἐν
2245 1450 2303 1485 τε
2336 1433 2550 1505 οὐρανῷ
2595 1435 2688 1488 καὶ
2730 1436 2822 1488 ἐπὶ
2852 1435 2953 1505 τῆς
2980 1436 3104 1505 γῆς,
3140 1436 3249 1489 τῶν
3280 1435 3418 1489 θεῶν
3453 1436 3583 1500 Θεός
3617 1438 3731 1491 ἐστι

2165 1524 2498 1595 Μονογενής,
2523 1523 2627 1590 ἔξω
2646 1525 2884 1594 δηλονότι
2900 1525 3008 1579 τῶν
3028 1526 3201 1579 ἄλλων
3226 1525 3486 1592 κείσεται,
3513 1528 3605 1580 καὶ
3630 1529 3731 1580 οὐκ

2165 1616 2222 1669 έν
2253 1620 2364 1680 τοῖς
2392 1616 2533 1671 κατὰ
2559 1617 2716 1689 χάριν
2746 1616 3025 1684 τετάξεται
3050 1618 3218 1682 θεοῖς,
3253 1617 3404 1671 ἔσται
3442 1618 3500 1672 δὲ
3536 1620 3732 1689 μᾶλλον

2170 1704 2307 1773 μετὰ
2344 1704 2555 1775 Πατρὸς
2598 1705 2881 1775 ἀληθινόςο
2929 1704 3071 1759 οὕτω
3116 1706 3224 1777 γὰρ
3275 1707 3406 1777 ἡμῖν
3449 1708 3479 1759 6
3522 1704 3734 1773 Παῦλος

495 1798 634 1854 toris
676 1799 913 1869 propriis
961 1773 1122 1856 bonis
1162 1773 1554 1871 conspicuum,
1622 1773 1677 1857 et
1720 1773 2062 1860 substantia-

2171 1773 2525 1864 συναρμόττει
2551 1773 2723 1861 λέγων
2747 1808 2761 1823 ·
2798 1809 2818 1845 ι
2853 1792 3015 1863 Ἡμῖν
3039 1792 3095 1847 δι
3124 1773 3204 1857 εἷς
3227 1773 3359 1857 Θεδς
3387 1795 3417 1847 6
3445 1795 3652 1866 Πατὴρ,
3675 1796 3737 1862 ἐξ

456 1886 625 1952 ,Ιίιει-
674 1889 870 1959 ιιιιυιιιί
915 1889 1182 1962 dignitate
1226 1890 1549 1961 praeditum,
1584 1892 1639 1946 in
1689 1907 1758 1949 eo
1803 1895 2062 1949 nimirum

494 1978 645 2048 quod
686 1977 829 2035 Deus
867 1987 953 2034 est
996 1981 1299 2035 secumlum
1330 1990 1608 2038 naturam.
1633 1982 1977 2054 Quapropter
2008 1984 2063 2038 in

496 2069 619 2124 sinu
649 2083 869 2141 quoque
902 2072 1081 2141 ipsum
1121 2074 1201 2127 ait
1242 2088 1368 2128 esse
1416 2073 1633 2140 Patris,
1684 2084 1744 2130 ut
1791 2076 2086 2147 intelligas

496 2170 691 2216 rursus
722 2162 775 2216 id
804 2163 954 2232 quod
991 2163 1046 2217 in
1077 2164 1201 2232 ipso
1234 2171 1290 2218 et
1320 2179 1386 2218 ex
1418 2164 1539 2234 ipso
1568 2175 1691 2231 est,
1729 2166 1888 2236 juxta
1929 2166 2063 2221 illud

495 2247 802 2307 Psalmistae
826 2269 841 2306 :
861 2269 881 2303 ι
906 2251 985 2305 Ex
1015 2260 1171 2308 utero
1186 2260 1312 2306 ante
1329 2251 1641 2309 Luciferum
1666 2257 1828 2326 genui
1853 2264 1904 2309 te
1920 2255 2006 2308 ⁸⁸⁸.
2039 2273 2057 2306 ι

412 2339 419 2345 ’
497 2343 569 2400 Ut
601 2344 749 2400 enim
778 2342 869 2398 hic
895 2361 919 2394 ι
939 2358 1004 2398 ex
1035 2351 1224 2408 utero,
1251 2358 1270 2395 ι
1291 2359 1392 2420 pro
1431 2361 1497 2401 eo
1527 2346 1673 2415 quod
1705 2364 1724 2398 ι
1753 2362 1817 2402 ex
1850 2348 1971 2416 ipso
1995 2387 2008 2411 ,
2039 2362 2058 2399 ι

494 2436 661 2490 etiam
703 2436 923 2505 proprie
954 2436 1143 2519 ponit,
1175 2436 1341 2490 ducta
1376 2451 1574 2493 rursus
1602 2452 1632 2491 a
1667 2438 1826 2493 nobis
1864 2439 2063 2494 simili-

496 2527 687 2582 tudine
713 2527 810 2599 (ex
835 2535 994 2582 utero
1015 2527 1216 2597 quippe
1240 2527 1513 2597 prodeunt
1536 2529 1631 2600 qui
1653 2543 1719 2584 ex
1746 2529 2062 2587 hominibus

495 2618 876 2690 nascuntur),
901 2620 977 2674 ita
1017 2634 1143 2674 cum
1171 2639 1189 2673 ι
1221 2620 1280 2676 in
1326 2623 1448 2678 sinu
1480 2640 1500 2675 ι
1530 2622 1640 2687 ait,
1687 2630 1897 2678 tantum
1950 2639 2062 2678 non

495 2709 809 2781 signiﬁcare
835 2711 953 2765 vult
982 2710 1039 2765 in
1065 2711 1241 2767 Patris
1265 2720 1424 2768 utero
1452 2714 1710 2784 gignente
1732 2713 1955 2784 quidem
1983 2713 2064 2769 Fi-

496 2799 631 2855 lium
660 2812 757 2871 per
785 2802 1199 2871 expressionem
1242 2802 1433 2858 divina
1470 2804 1619 2859 velut
1652 2806 1975 2861 emicatione
2009 2819 2064 2862 et

497 2891 758 2948 ineﬂ’a‘bili
782 2884 1025 2963 quodam
1069 2909 1364 2964 progressu
1396 2895 1463 2950 ad
1493 2897 1773 2967 propriam
1811 2898 2065 2970 hyposta-

497 2987 637 3050 Sim,
683 2985 780 3041 sed
829 2985 1010 3055 ipsum
1058 2999 1255 3041 rursus
1305 2986 1574 3053 habente,
1620 2988 2062 3059 quandoquidem

498 3086 608 3131 non
641 3086 736 3147 per
762 3075 1102 3131 decisionem
1132 3083 1228 3130 aut
1253 3076 1583 3133 divisionem
1624 3078 1862 3145 aliquam
1890 3097 1921 3135 e
1948 3096 2066 3136 cor-

498 3171 628 3235 pore
655 3165 898 3221 divinum
925 3181 953 3219 a
977 3165 1138 3222 Patre
1163 3167 1414 3236 genimen
1443 3168 1669 3238 prodiit.
1719 3168 1870 3226 Unde
1891 3170 2063 3227 Filius

500 3258 701 3313 alicubi
731 3258 809 3312 ait
837 3273 896 3314 se
939 3260 994 3313 in
1037 3258 1200 3315 Patre
1239 3259 1461 3330 quidem
1507 3275 1663 3326 esse,
1713 3260 1808 3317 sed
1861 3262 2065 3318 habere

499 3349 743 3404 Vicissim
774 3348 991 3405 Patrem
1022 3352 1075 3404 in
1103 3351 1285 3421 seipso
1314 3352 1379 3406 “.
1410 3351 1566 3418 Quod
1594 3352 1742 3410 enim
1770 3356 2061 3425 proprium

497 3443 583 3493 est
611 3437 791 3495 Patris
819 3441 1146 3497 substantia
1173 3444 1501 3499 naturaliter
1544 3446 1850 3514 pervadens
1880 3448 1933 3499 in
1972 3445 2064 3500 Fi-

464 3530 631 3613 ‘lium
656 3570 671 3593 ,
703 3532 947 3586 catendit
976 3533 1030 3586 in
1064 3534 1186 3604 ipso
1215 3533 1465 3598 Patrem,
1499 3535 1662 3591 Pater
1687 3545 1869 3591 autem
1901 3538 2064 3591 viris-

500 3625 605 3677 sim
636 3622 803 3677 liabet
832 3622 890 3677 ill
922 3624 1108 3692 seipso
1133 3621 1332 3679 Filium
1364 3626 1523 3696 106
1545 3632 1640 3696 per
1663 3625 1845 3681 omnia
1870 3616 2064 3696 a'equali

498 3712 825 3769 substantiae
854 3712 1139 3769 identitate
1167 3714 1430 3772 radicitus
1464 3716 1692 3770 infixum
1713 3755 1728 3780 ,
1762 3723 1816 3770 et
1844 3732 1909 3772 ex
1943 3717 2065 3786 ipso

498 3805 717 3875 quidem
749 3806 991 3876 genitum
1011 3844 1028 3872 ,
1060 3817 1379 3869 nontamen
1410 3823 1507 3877 per
1537 3807 1867 3863 divisionem
1899 3809 2064 3862 ullam

500 3899 617 3954 sive
651 3898 1079 3967 disiunctionem
1112 3893 1343 3957 localem
1364 3941 1380 3969 ,
1424 3901 1520 3958 sed
1556 3902 1971 3958 incssislentem
2012 3909 2068 3958 et

506 4000 722 4060 semper
751 3991 1176 4047 coexsistentem
1205 4010 1219 4047 :
1253 3992 1329 4045 ita
1381 4007 1517 4048 sane
1566 3994 1739 4064 magis
1790 3993 1878 4063 pie
1922 3993 2069 4047 acci-

501 4081 716 4152 piemus
746 4081 908 4147 illud,
938 4082 992 4137 in
1035 4081 1159 4139 sinu
1203 4080 1384 4136 Patris
1435 4081 1635 4137 Filium
1670 4099 1793 4138 esse
1817 4126 1831 4150 ,
1865 4098 1974 4137 non
2007 4090 2067 4137 ut

501 4172 723 4245 quidam
757 4170 852 4228 Dei
895 4172 1083 4241 hostes
1126 4172 1589 4242 interpretantur,
1636 4187 1871 4242 quorum
1913 4171 2065 4242 justa

501 4266 891 4321 condemnatio
916 4274 1040 4322 est:
1087 4266 1270 4328 omnia
1314 4264 1462 4320 enim
1508 4272 1659 4319 recta
1706 4273 2063 4336 pervertunt,

497 4354 656 4426 juxta
688 4358 966 4427 prophetae
998 4357 1207 4411 dictum
1236 4357 1282 4390 ⁸⁸
1303 4398 1317 4422 ,
1351 4356 1750 4427 simpliciorum
1781 4366 1948 4412 attres
1981 4372 2068 4410 se-

502 4445 800 4509 ducentes,
830 4457 883 4502 et
914 4458 1116 4503 temere
1141 4449 1195 4501 in
1226 4448 1422 4504 fratres
1454 4458 1745 4518 peccantes
1769 4488 1783 4512 ,
1814 4463 1916 4518 pro
1944 4449 2066 4520 qui-
2103 4476 2147 4530 υ

501 4538 607 4591 bus
632 4536 887 4592 Christus
927 4547 1179 4604 mortuus
1221 4546 1330 4593 cst.
1377 4536 1615 4593 Necesse
1654 4539 1798 4592 enim
1824 4549 1910 4593 est
1939 4537 2072 4608 quid

502 4624 585 4679 illi
631 4623 820 4677 dicant
865 4639 928 4678 ac
974 4624 1250 4687 sentiant,
1295 4623 1540 4694 quidque
1581 4624 1781 4679 docere
1827 4624 2073 4678 nitantur

501 4730 796 4788 exponere.
836 4716 972 4770 Cum
1009 4715 1346 4786 evangelista
1390 4715 1445 4768 in
1490 4714 1616 4769 sinu
1661 4713 1757 4768 Dei
1798 4729 1864 4768 ae
1895 4714 2072 4770 Patris

503 4806 703 4865 Filium
732 4824 856 4865 esse
887 4809 1067 4872 dicat,
1093 4822 1330 4877 cumque
1359 4806 1620 4862 Ecclesiae
1651 4805 1745 4860 lilii
1779 4815 1926 4861 recte
1955 4823 2077 4863 sen-

503 4903 675 4966 tiant,
717 4908 772 4956 et
810 4917 878 4956 ex
922 4899 1084 4954 Patre
1128 4908 1294 4970 atque
1340 4898 1394 4952 in
1437 4896 1601 4952 Patre
1653 4896 1862 4952 idcirco
1895 4898 2071 4967 ipsum

502 4994 769 5048 exsistere
792 4988 1145 5051 conﬁrment,
1171 5001 1235 5040 ac
1257 4992 1439 5041 veram
1470 4984 1767 5057 generandi
1802 4987 2072 5041 rationem

503 5081 828 5139 servandam
861 5093 984 5135 esse
1021 5078 1393 5154 contendant,
1420 5079 1476 5132 in
1504 5077 1676 5131 risum
1722 5075 1887 5131 illico
1915 5075 2073 5132 effusi

506 5173 770 5227 vecordes
811 5170 924 5234 illi,
959 5170 1043 5225 his
1074 5184 1175 5225 nos
1208 5168 1476 5238 impetere
1500 5167 1687 5223 verbis
1730 5182 1840 5223 non
1882 5183 2075 5224 veren-

506 5272 619 5317 tur.
660 5261 829 5334 Nugae
866 5269 997 5318 sunt
1042 5269 1238 5317 vestrae
1279 5259 1602 5324 sententiae,
1650 5275 1685 5314 ο
1724 5259 1886 5324 boni,
1919 5259 2076 5313 indo-

505 5358 655 5407 ctum
685 5354 831 5409 enim
857 5361 911 5409 et
942 5353 1217 5408 insulsum
1250 5360 1335 5407 est
1372 5351 1518 5422 quod
1560 5350 1629 5405 de
1667 5348 1779 5405 Deo
1821 5350 2039 5405 sentitis
2060 5391 2074 5415 ,

504 5454 633 5499 cum
676 5461 741 5500 ex
775 5460 840 5499 eo
879 5447 1026 5516 quod
1068 5446 1125 5501 in
1167 5446 1293 5502 sinu
1336 5444 1514 5500 Patris
1558 5442 1731 5499 Filius
1764 5451 1926 5497 natus
1953 5458 2076 5497 esse

509 5534 735 5599 dicitur,
770 5537 949 5605 ipsum
988 5538 1181 5605 utique
1209 5553 1272 5591 ex
1319 5536 1441 5605 ejus
1483 5535 1793 5590 substantia
1839 5535 2074 5590 exivisse

2164 1876 2227 1936 οὗ
2257 1884 2326 1937 τὰ
2354 1884 2551 1948 πάντα,
2580 1886 2674 1937 καὶ
2708 1879 2788 1949 εἷς
2817 1883 3021 1955 Κύριος
3060 1883 3262 1956 Ἰησοῦς
3288 1886 3542 1956 Χριστὸς,
3578 1886 3644 1939 δι’
3671 1880 3739 1940 οὗ

2163 1974 2231 2028 τὰ
2264 1974 2460 2028 πάντα.
2498 1995 2518 2027 ι
2568 1974 2718 2036 Ἐνὸς
2755 1973 2864 2044 γὰρ
2910 1973 3062 2037 ὄντος
3106 1973 3246 2027 κατὰ
3285 1974 3446 2042 φύσιν
3473 1973 3608 2028 Θεοῦ
3638 1975 3738 2029 τοῦ
3821 2038 3845 2058 ί

2166 2064 2395 2135 Πατρός,
2429 2065 2530 2117 οὐκ
2572 2064 2676 2128 ἔξω
2703 2064 2798 2118 τοῦ
2842 2059 2981 2117 εἶναι
3020 2064 3151 2129 Θεὸς
3186 2067 3215 2118 6
3256 2065 3316 2131 ἐξ
3344 2064 3507 2119 αὐτοῦ
3537 2067 3633 2120 καὶ
3677 2068 3739 2120 ἐν

2164 2156 2315 2226 αὐτῷ
2344 2158 2495 2226 μενεῖ
2524 2155 2719 2225 Λόγος,
2752 2158 2818 2227 τῇ
2852 2155 2948 2210 τοῦ
2981 2157 3339 2228 γεννήσαντος
3379 2157 3597 2228 ἰδιότητι
3619 2157 3737 2210 δια-

2166 2251 2391 2317 πρέπων
2413 2287 2429 2311 ,
2483 2249 2577 2301 καὶ
2630 2246 2900 2312 οὐσιωδῶς
2954 2247 3091 2318 πρὸς
3148 2247 3211 2300 τὸ
3266 2246 3382 2300 ἴσον
3433 2247 3743 2302 ἀναϐαίνων

2165 2339 2401 2408 ἀξίωμα,
2435 2339 2576 2391 κατά
2605 2353 2671 2406 γε
2709 2339 2770 2391 τὸ
2812 2333 2950 2391 εἶναι
2979 2338 3121 2391 κατὰ
3158 2337 3318 2406 φύσιν
3347 2339 3499 2403 Θεός.
3530 2339 3631 2394 Διά
3654 2356 3741 2393 τοι

2162 2431 2318 2484 τοῦτο
2336 2432 2432 2485 καὶ
2452 2432 2509 2484 ἐν
2531 2429 2751 2493 κόλποις
2775 2429 2936 2483 αὐτὸν
2963 2425 3103 2483 εἷναί
3127 2448 3259 2501 φησι
3274 2431 3369 2484 τοῦ
3393 2433 3625 2502 Πατρός,
3647 2433 3739 2486 ἵνα

2167 2525 2350 2594 ὲννοῇς
2370 2522 2529 2576 πάλιν
2552 2522 2615 2575 τὸ
2642 2524 2699 2575 ὲν
2725 2521 2874 2591 αὐτῷ
2903 2521 2999 2576 καὶ
3024 2519 3084 2587 ἐξ
3097 2520 3261 2576 αὐτοῦ
3280 2523 3418 2576 κατὰ
3433 2522 3492 2575 τὸ
3508 2524 3566 2575 έν
3581 2522 3735 2576 Ψαλ-

2167 2614 2285 2683 μοῖς
2300 2612 2605 2683 εἰρημένον·
2627 2630 2646 2663 ι
2657 2612 2752 2665 Ἐκ
2767 2612 3000 2682 γαστρὸς
3011 2612 3117 2684 πρὸ
3134 2612 3404 2682 ἑωσφόρου
3417 2611 3739 2681 ἐξεγέννησά

2167 2724 2248 2760 σε.
2274 2724 2293 2757 ›
2315 2706 2527 2777 ’Ὠσπερ
2546 2706 2653 2777 γὰρ
2673 2708 2731 2760 ὲν
2757 2705 2952 2776 τούτῳ,
2969 2705 3028 2759 τὸ
3055 2705 3414 2776 ιὲκγαστρὸς,
3429 2725 3446 2753 ι
3470 2705 3557 2761 διὰ
3575 2705 3657 2770 τὸ,
3680 2704 3741 2770 ἐξ

2164 2795 2346 2863 αὐτοῦ,
2386 2798 2482 2850 καὶ
2520 2796 2758 2869 γνησίως
2785 2796 3015 2866 τίθησιν,
3044 2796 3120 2860 ὡς
3147 2792 3207 2860 ἐξ
3235 2795 3544 2866 ὁμοιότητος
3575 2796 3741 2849 πάλιν

2163 2889 2264 2960 τῆς
2294 2889 2415 2942 καθ’
2444 2889 2590 2959 ήμᾶς
2612 2904 2627 2919 °
2671 2888 2886 2957 πρόεισι
2928 2888 3035 2957 γὰρ
3069 2888 3135 2940 ἐκ
3170 2886 3405 2957 γαστρὸς
3427 2886 3498 2940 τὰ
3544 2886 3601 2953 te
3637 2888 3738 2939 ἀν-

2166 2980 2397 3051 θρώπων
2426 2978 2739 3049 γεννώμενα
2764 2995 2800 3038 ο,
2838 2978 2980 3032 οὕτω
3027 2978 3123 3031 καὶ
3148 2978 3235 3031 ὅτε
3266 2977 3327 3031 τὸ
3379 2997 3398 3029 ι
3420 2979 3478 3031 ὲν
3502 2977 3687 3051 κόλπῳ
3716 2993 3734 3029 ι

2168 3072 2320 3141 φησὶ,
2373 3072 2653 3143 μονονουχὶ
2699 3069 2944 3140 βούλεται
2976 3068 3166 3139 δῆλουν
3204 3070 3262 3121 ἔν
3293 3071 3359 3138 τῇ
3390 3067 3484 3120 τοῦ
3522 3067 3738 3137 Πατρός

2169 3160 2320 3231 νηδύϊ
2371 3158 2614 3231 γεννώσῃ
2680 3160 2776 3231 μὲν
2822 3159 2913 3212 τὸν
2950 3158 3075 3210 Υίὸν
3133 3156 3509 3226 ἑκφαντικῶς,
3552 3156 3628 3219 ὡς
3682 3159 3742 3208 ὲν

2171 3250 2437 3321 ὲκλάμψει
2458 3250 2769 3321 θεοπρεπεῖ,
2791 3248 2886 3302 καλ⁸
2909 3249 3131 3319 ἀρρήτῳ
3151 3247 3259 3301 τινὶ
3279 3247 3489 3318 προόδῳ
3507 3249 3573 3317 τῇ
3602 3246 3711 3317 πρὸ
3722 3265 3744 3307 ;

2175 3344 2309 3397 ἰδίαν
2342 3342 2660 3407 ὑπόστασιν,
2682 3339 2878 3412 ἐχούσῃ
2904 3340 2962 3393 δὲ
2983 3340 3144 3394 πάλιν
3165 3338 3346 3405 αὐτὸν,
3367 3339 3489 3391 ἐπεὶ
3506 3339 3578 3407 μὴ
3600 3339 3739 3390 κατὰ

2172 3434 2475 3506 ἀποκοπὴν,
2496 3436 2616 3506 ἦτοι
2651 3432 2915 3504 μερισμὸν
2934 3432 3025 3485 τὸν
3048 3431 3188 3485 κατὰ
3215 3431 3401 3501 σῶμα,
3427 3430 3488 3484 τὸ
3512 3429 3651 3482 Θεῖον
3672 3431 3740 3482 ἐκ

2173 3528 2382 3597 Πατρὸς
2394 3524 2667 3597 προέκυψε
2683 3525 2927 3594 γέννημα
2947 3538 2961 3553 ·
2991 3524 3085 3577 καὶ
3098 3522 3227 3592 γοῦν
3244 3524 3273 3575 6
3293 3522 3419 3585 Υἱός
3434 3521 3534 3575 πού
3550 3537 3734 3590 φησιν,

2170 3616 2246 3680 ὼς
2266 3617 2352 3686 εἴη
2384 3616 2482 3687 μὲν
2507 3615 2665 3678 αὐτὸς
2686 3617 2743 3667 ὲν
2774 3614 2965 3685 [Ia-cpi,
2993 3612 3105 3683 ἔχοι
3127 3613 3172 3667 δ’
3200 3607 3266 3666 αὖ
3297 3612 3456 3665 πάλιν
3486 3612 3541 3664 έν
3564 3609 3739 3679 ἐαυτῷ

2172 3709 2262 3762 τὸν
2296 3707 2548 3777 Πατέρα·
2599 3706 2660 3759 τὸ
2691 3705 2799 3776 γὰρ
2827 3705 2958 3759 ἴδιον
2985 3704 3120 3758 αὐτὸ
3151 3704 3251 3774 τῆς
3273 3703 3367 3756 τοῦ
3398 3702 3609 3772 Πατρὸς
3644 3701 3739 3754 οὐδ

2175 3796 2293 3858 σίας
2328 3794 2570 3863 φυσικῶς
2599 3793 2784 3864 διῆκον
2819 3795 2898 3856 εἰς
2931 3793 3023 3845 τὸν
3059 3791 3209 3855 Υἰὺν,
3242 3791 3303 3843 ὲν
3333 3789 3481 3859 αὐτῷ
3499 3789 3739 3841 δείκνυσι

2171 3884 2262 3936 τὸν
2313 3882 2532 3952 Πατέρα
2558 3897 2573 3910 ⁸
2625 3879 2738 3950 ἔχει
2781 3879 2824 3932 δ’
2858 3875 2924 3934 αὖ
2970 3880 3133 3934 πάλιν
3174 3881 3205 3933 6
3235 3878 3424 3948 Πατὴρ
3474 3879 3532 3929 ὲν
3560 3873 3738 3945 ὲαυτῷ

2173 3971 2262 4023 τὸν
2300 3970 2425 4022 Υίδν
2453 3968 2857 4039 ἀπαραλλάκτῳ
2886 3967 2989 4037 τῆς
3023 3966 3209 4031 οὐσίας
3248 3964 3532 4034 ταυτότητι
3562 3960 3745 4033 ριζούυ

2176 4074 2335 4128 μενον
2356 4097 2371 4123 ,
2420 4056 2516 4110 καὶ
2559 4055 2907 4123 ἐκπεφυκότα
2941 4054 3039 4124 μὲν
3075 4053 3148 4118 ὡς
3182 4052 3242 4118 ἐξ
3271 4050 3468 4115 αὐτοῦ,
3514 4049 3652 4119 πλὴν
3675 4048 3742 4101 οὐ

2173 4143 2314 4198 κατὰ
2348 4141 2633 4214 μερισμὸν,
2664 4142 2698 4212 ἢ
2730 4141 3008 4194 διάστασιν
3048 4141 3301 4212 τοπικὴν,
3350 4139 3462 4192 ἀλλ’
3502 4137 3741 4206 ἐνυπάρο

2173 4231 2333 4300 χοντά
2373 4247 2433 4284 τε
2479 4230 2571 4284 καὶ
2616 4229 2704 4282 ἀεὶ
2753 4228 3164 4298 συνυπάρχοντα
3187 4242 3202 4260 ο
3247 4226 3391 4279 οὕτω
3439 4225 3504 4297 δὴ
3543 4223 3743 4294 μᾶλλον

2172 4317 2409 4382 εὐσεϐῶς
2446 4317 2507 4370 τὸ
2543 4318 2601 4370 ὲν
2630 4316 2852 4379 κόλποις
2885 4311 3024 4370 εἶναι
3063 4314 3157 4367 τοῦ
3188 4313 3399 4383 Πατρός
3438 4308 3744 4381 παραδεξό-

2178 4406 2314 4476 μεθα
2356 4404 2448 4458 τὸν
2493 4404 2639 4469 Υἰὸν,
2685 4403 2744 4455 οὐ
2793 4401 3042 4469 καθάπερ
3089 4397 3403 4470 ὲξειλήφασί
3449 4415 3592 4460 τινες
3632 4395 3745 4450 τῶν

2177 4494 2461 4564 θεομαχεῖν
2505 4490 2848 4561 εἰθισμένων,
2883 4481 2957 4541 ὧν
3000 4488 3061 4541 τὸ
3109 4489 3284 4558 κρῖμα
3327 4485 3531 4539 ἔνδικόν
3579 4486 3693 4536 ἐστι
3721 4494 3739 4512 ⁸

2177 4581 2355 4634 πάντα
2403 4579 2510 4649 γὰρ
2558 4579 2627 4631 τὰ
2676 4577 2810 4647 ὀρθὰ
2857 4575 3273 4645 διαστρέφουσι,
3324 4573 3464 4627 κατὰ
3503 4573 3602 4639 τὴν
3647 4569 3747 4624 τοῦ

2179 4667 2454 4738 προφήτου
2485 4664 2688 4734 φωνὴν,
2712 4664 2809 4728 τὰς
2837 4663 2943 4716 τῶν
2969 4661 3347 4733 ἁπλουστέρων
3378 4659 3755 4731 παραλύοντες

2179 4754 2367 4817 ἀκοὰς,
2398 4753 2491 4805 καὶ
2517 4753 2917 4822 ἁμαρτάνοντες
2963 4750 3284 4821 ἀφυλάκτως
3324 4750 3401 4813 είς
3440 4749 3565 4811 τοὺς
3596 4747 3757 4800 ἀδελ-

2181 4841 2333 4911 φοὺς,
2364 4840 2501 4909 ὑπὲρ
2526 4832 2600 4891 ὧν
2636 4839 2868 4909 Χριστὸς
2910 4838 3166 4893 ἀπέθανε.
3216 4836 3280 4889 Τί
3311 4838 3420 4908 γὰρ
3448 4835 3512 4905 δή
3544 4832 3754 4896 νοοῦσι,

2182 4930 2275 4982 καὶ
2306 4927 2547 4996 λέγουσι,
2592 4927 2685 4979 καὶ
2716 4925 2989 4980 διδάσκειν
3019 4924 3406 4997 ἐπιχειροῦσιν,
3450 4923 3760 4989 ἀναγκαῖον

2183 5018 2358 5069 εἰπεῖν
2385 5035 2397 5045 ·
2451 5015 2545 5077 Εἰς
2577 5013 2666 5067 τὸν
2692 5013 2889 5067 κόλπον
2923 5012 3016 5067 τοῦ
3058 5012 3192 5066 Θεοῦ
3256 5013 3350 5065 καὶ
3396 5009 3607 5082 Πατρδς
3656 5009 3764 5062 τὸν

2182 5103 2307 5157 Υἰὺν
2342 5098 2480 5155 εἶναι
2531 5099 2624 5154 τοῦ
2677 5100 2831 5169 ἁγίου
2880 5100 3128 5168 λέγοντος
3171 5095 3584 5167 εὐαγγελιστοῦ,
3631 5090 3766 5149 εἶτα

2179 5194 2287 5246 τῶν
2318 5192 2418 5261 τῆς
2453 5189 2777 5260 Ἐκκλησίας
2807 5188 3013 5241 τέκνων
3045 5187 3308 5241 νοούντων
3341 5184 3536 5258 ὀρθῶς,
3567 5185 3663 5237 mi.
3690 5189 3767 5238 tu

2185 5274 2396 5351 Πατρδς
2436 5279 2530 5332 καὶ
2574 5280 2630 5330 ὲν
2688 5278 2862 5347 Πατρὶ
2917 5275 3006 5329 διὰ
3053 5274 3210 5328 τοῦτο
3256 5272 3767 5342 διαϐεϐαιουμένων

2184 5366 2445 5434 ὑπάρχειν
2477 5360 2659 5423 αὐτὸν,
2692 5360 2785 5412 καί
2825 5359 2887 5411 τὸ
2912 5359 2972 5412 έν
3004 5363 3251 5429 γεννήσει
3281 5358 3502 5428 γνήσιον
3537 5353 3752 5408 ἀποσώ-

2182 5452 2369 5516 ζεσθαι
2389 5450 2519 5512 δεῖν,
2543 5447 2639 5501 καὶ
2668 5445 2809 5516 μάλα
2833 5446 3056 5509 εἰκότως
3079 5444 3523 5512 φιλονεικούντων
3547 5442 3761 5505 αὐτῶν,

2180 5538 2499 5607 διαγελῶσιν
2533 5536 2691 5599 εὐθὺς
2716 5537 2766 5587 oi
2804 5536 2951 5605 πάσῃ
2985 5533 3275 5605 μεθύοντες
3307 5532 3541 5604 ἀμαθίᾳ,
3561 5530 3659 5586 καὶ
3687 5530 3764 5603 δὴ

580 5698 629 5741 ’⁵³
672 5711 689 5764 1
720 5709 845 5765 Cor.
880 5724 996 5778 ml,
1026 5710 1075 5764 ὅ.
1138 5699 1356 5768 ἰδίιιίὡ
1381 5712 1431 5766 6.
1510 5714 1551 5745 ⁸⁸
1576 5714 1719 5767 Psal.
1756 5728 1862 5781 Clli,
1888 5713 1939 5768 δι
2018 5713 2063 5744 ⁸⁸

2171 5729 2248 5768 ιιι.
2275 5730 2384 5779 xw,
2432 5714 2515 5768 ll.
2593 5715 2638 5745 "
2670 5713 2830 5767 Mieh.
2858 5728 2939 5778 ιιι,
2980 5712 3013 5766 9
