4040 6214
257 347 357 405 ιει

1312 343 1379 399 IN
1409 342 1696 401 JOANNI’S
1725 343 2173 401 EVAN‘GELIUM
2208 344 2338 401 LIB.
2379 345 2420 401 1.

3422 360 3531 415 182

257 464 358 517 καὶ
399 462 750 533 ἀποτολμῶσι
783 464 998 532 λέγειν·
1050 462 1259 535 Λῆρος,
1303 458 1348 517 ὧ
1396 458 1563 528 οὗτοι,
1614 465 1681 518 τὰ
1714 464 1843 536 παρ’

1971 466 2152 519 mtatis
2174 505 2188 530 ,
2218 476 2273 521 et
2309 465 2566 522 increatae
2599 475 2808 525 natura:
2839 468 3009 526 fetum
3055 489 3177 529 esse
3222 476 3389 532 stulte
3434 494 3529 533 su-

262 555 395 625 ὑμῖν
420 569 435 585 ·
478 554 540 607 ού
579 554 692 624 γὰρ
721 553 1091 619 εύπαιδεύτως
1136 555 1203 609 τά
1255 556 1381 627 περὶ
1403 556 1538 609 Θεοῦ
1571 556 1843 622 δοξάζετε,

259 641 354 697 διὰ
378 640 442 695 τδ
484 643 544 696 tv
583 641 771 714 κόλπῳ
811 643 1062 714 λέγεσθαι
1108 644 1202 698 τοῦ
1237 645 1450 716 Harpe;
1480 646 1572 698 τὸν
1606 645 1731 698 Υἱὸν
1757 645 1849 697 ὲκ·

262 735 587 804 πεφυκέναι,
622 737 842 802 πάντως
871 737 1035 793 αὑτὸν
1060 736 1319 809 οἰόμενοι,
1352 738 1451 809 τῆς
1475 737 1661 801 οὐσίας
1688 735 1849 791 αὐτοῦ

263 827 359 878 καὶ
405 826 510 897 τῆς
556 827 823 899 ἁγενήωυ
879 825 1096 899 φύσεως
1147 822 1287 881 εἶναι
1345 827 1578 899 καρπὸν,
1609 828 1851 898 ἀνοήτως

260 914 764 988 ὑπολαμϐάνοντες.
817 919 888 972 Ἣ
934 919 1041 990 γὰρ
1086 918 1185 971 οὐκ
1229 918 1753 988 ἡκούσατε,’φασὶν,
1794 918 1853 969 tv

264 1009 388 1069 ταῖς
431 1009 820 1079 εὐαγγελικαῖς
851 1010 1211 1081 παρασολαῖς.
1257 1011 1346 1064 ὅτε
1398 1010 1525 1073 τοὺς
1577 1008 1705 1081 περὶ
1759 1007 1852 1062 τοῦ

266 1096 528 1152 πλουσίω
584 1099 681 1153 καὶ
726 1099 821 1153 τοῦ
870 1099 1124 1170 Λαζάρου
1174 1099 1367 1168 λόγους
1416 1098 1578 1162 αὐτὸς
1620 1099 1857 1151 ἐποιεῖτο

267 1184 522 1255 Χριστὸς,
550 1188 634 1243 δτι
675 1188 920 1256 Ἐγένετο
946 1187 1003 1242 δὲ
1027 1186 1325 1243 ἀποθανεῖν
1354 1188 1446 1241 τὸν
1467 1187 1737 1258 Λάζαρον.
1763 1188 1856 1241 καὶ

266 1278 634 1351 ἀπενεχθῆναι
678 1280 784 1335 ύπὺ
816 1279 925 1335 τῶν
974 1280 1223 1349 ἀγγέλων
1268 1282 1351 1345 είς
1399 1280 1492 1333 τὸν
1534 1280 1731 1335 κόλπον
1761 1278 1856 1333 τοῦ

279 1370 576 1442 Ἀϐραάμς
641 1371 851 1427 Δώσετε
905 1372 971 1444 δὴ
1020 1367 1137 1436 οὖν,
1166 1371 1255 1426 διὰ
1310 1371 1370 1426 τὸ
1427 1373 1484 1423 tv
1531 1368 1719 1441 κόλπῳ
1761 1368 1856 1423 τοῦ

280 1459 538 1531 Ἀϐραάμ
590 1462 840 1531 γενέσθαι
886 1464 991 1533 τὸν.
1022 1462 1289 1534 Λάζαρον,
1335 1461 1394 1526 ἐξ
1430 1460 1593 1516 αὐτοῦ
1660 1460 1755 1515 καὶ
1801 1462 1859 1513 tv

264 1552 422 1625 αὐτῷ
471 1555 616 1608 κατὰ
670 1554 832 1624 φύσιν
891 1554 1158 1626 ὑπάρχειν
1228 1553 1425 1620 αύτόν;
1475 1553 1507 1623 ἢ
1554 1551 1713 1607 τοῦτο
1762 1553 1860 1623 μὲν

269 1646 675 1718 παραιτήσεσθε
736 1630 954 1717 λέγειν,
1020 1646 1300 1709 ποιοῦντες
1376 1644 1585 1717 ὀρθῶς,
1645 1644 1737 1699 διὰ
1802 1643 1860 1697 δὲ

267 1737 366 1790 τοῦ
399 1737 602 1791 κόλπου
643 1737 742 1809 τὴν
790 1739 1070 1807 άγάτπισιν
1115 1737 1354 1793 νοεῖσθαι
1403 1737 1499 1792 καὶ
1557 1736 1711 1791 αὐτοὶ
1761 1736 1860 1789 σὺν

270 1832 406 1900 ἡμῖν
454 1830 875 1901 συγχωρήσετες
937 1827 1097 1885 Εἶναι
1147 1827 1433 1901 τοιγαροῦν
1480 1828 1573 1882 τὸν
1625 1827 1752 1882 Υῖδν
1799 1830 1857 1881 tv

273 1923 463 1993 κόλπῳ
507 1922 691 1993 φαμὲν
743 1917 839 1977 τοῦ
883 1922 1021 1976 Θεοῦ
1066 1922 1162 1976 καὶ
1208 1922 1444 1993 Πατρός,
1491 1920 1612 1975 ἀντὶ
1654 1918 1749 1974 τοῦ
1800 1921 1858 1973 tv

273 2013 567 2083 ἀγαπήσει,
617 2011 765 2067 καθά
811 2012 904 2066 καὶ
946 2011 1112 2076 αὐτός
1138 2010 1242 2066 πού
1276 2009 1461 2081 φησιν*
1518 2028 1538 2063 ι
1577 2011 1635 2065 '0
1669 2010 1860 2081 Πατὴρ

271 2105 467 2175 ἀγαπᾷ
489 2104 583 2157 τὸν
616 2103 767 2158 Υῖόν.
796 2121 819 2155 ι
869 2102 1011 2156 Ἀλλ’
1050 2104 1180 2157 ὅταν
1209 2101 1420 2165 τούτοις
1465 2102 1614 2172 ἡμᾶς
1654 2100 1859 2154 παίωσι

268 2199 391 2261 τοῖς
436 2196 615 2264 λόγοις
663 2197 712 2250 οἱ
762 2195 1178 2267 φιλεπιτιμηταὶ
1196 2234 1212 2259 ,
1265 2193 1357 2248 καὶ
1406 2194 1545 2262 πρὸς
1598 2192 1758 2263 μόνον
1801 2192 1862 2247 τὺ

270 2287 720 2358 διιλοιδορεῖσθαι
751 2288 961 2359 γοργοὶ,
1009 2287 1131 2341 τότε
1170 2288 1265 2340 καὶ
1298 2287 1460 2357 ἡμεῖς
1504 2282 1859 2355 ἀντεροῦμεν,

270 2376 368 2430 τὸν
421 2376 582 2448 ὀρθὸν
640 2377 743 2447 τῆς
799 2376 1059 2448 ἀληθείας
1114 2374 1503 2443 άντεξάγοντες
1561 2371 1739 2442 λόγον·
1803 2371 1862 2424 '0

271 2468 473 2531 κόλπος
508 2469 661 2539 ἡμῖν,
700 2461 749 2522 ῶ
791 2468 1077 2538 βέλτιστοι,
1127 2467 1383 2539 σημαίνει
1428 2463 1554 2518 καθ’
1583 2465 1726 2530 ὑμᾶς
1763 2464 1862 2534 τὴν

272 2555 554 2626 ἀγάπησιν
577 2572 593 2587 θ
644 2555 804 2609 τοῦτο
847 2556 957 2626 γὰρ
992 2555 1196 2626 ἀρτίως
1228 2554 1496 2622 λεγόντων
1527 2551 1860 2623 ἠκούσαμεν.

272 2644 402 2719 Ἆρ’
422 2642 536 2709 οῦν,
559 2647 860 2718 ἐπειδήπερ
885 2666 904 2698 ι
928 2646 1243 2716 Ἠγάτπισεν
1260 2646 1290 2699 6
1314 2644 1446 2708 Θεὸς
1472 2643 1563 2699 τὸν
1587 2644 1813 2715 κόσμον,
1837 2662 1857 2695 ι

275 2737 422 2789 κατά
445 2735 545 2809 τὴν
586 2735 684 2789 τοῦ
718 2735 970 2807 Σωτῆρος
1003 2736 1188 2805 φωνήν
1212 2750 1226 2766 ·
1279 2734 1471 2803 ἀγαπᾷ
1506 2732 1566 2786 δὲ
1618 2750 1637 2785 ι
1664 2732 1864 2803 Κύριος

277 2829 381 2883 καὶ
406 2830 504 2893 τὰς
544 2828 720 2891 πύλας
753 2826 914 2889 Σιὼν,
964 2847 981 2880 ι
1034 2826 1178 2881 κατὰ
1208 2825 1301 2880 τὸν
1336 2825 1492 2895 ἅγιον
1534 2825 1860 2897 Ψαλμῳδόν·

273 2923 587 2986 ἀκινδύνως
623 2920 854 2994 ἐροῦμεν
898 2923 956 2976 tv
993 2920 1181 2991 κόλπῳ
1209 2917 1304 2973 τοῦ
1338 2916 1475 2972 Θεοῦ
1517 2920 1613 2972 καὶ
1654 2917 1866 2989 Πατρεὺς

272 3017 376 3072 τόν
402 3032 462 3069 τε
484 3015 683 3086 κόσμον
732 3013 895 3067 αὐτὸν
930 3013 1024 3067 καὶ
1050 3012 1151 3076 τὰς
1182 3012 1277 3083 τῆς
1309 3009 1447 3064 Σιὼν
1476 3005 1616 3064 εἶναι
1650 3009 1864 3074 πύλαςς

1949 556 2267 626 spicamlni.
2301 555 2580 629 Numquid
2640 561 2785 616 enim
2841 563 3077 619 audistis
3100 608 3114 627 ,
3148 565 3441 635 inquiunt,
3476 572 3533 625 in

1949 650 2285 720 evangelicis
2315 651 2594 721 parabolis
2636 652 2717 718 ⁸⁵,
2765 653 2853 708 ubi
2897 655 2965 711 de
3007 654 3177 711 divite
3224 668 3277 712 et
3325 658 3535 716 Lazaro

1949 740 2116 796 verba
2144 740 2403 798 Christus
2436 740 2706 809 faciebat,
2740 744 3008 799 Lazarum
3051 754 3171 815 post
3206 755 3436 804 mortem
3467 751 3536 806 ab

1953 831 2163 902 angelis
2205 833 2258 886 in
2305 834 2488 887 sinum
2535 833 2769 889 Abrahae
2814 835 2991 891 fuisse
3032 838 3352 906 portatum?
3393 837 3543 895 Num

1954 921 2143 992 igitur,
2178 925 2437 993 quoniam
2484 924 2537 978 in
2571 925 2696 980 sinu
2733 926 2964 981 Abrahae
3008 926 3250 985 Lazarus
3291 945 3415 985 esse
3450 931 3536 985 dia-

1955 1010 2122 1075 citur,
2155 1028 2216 1067 ex
2248 1013 2367 1083 ipso
2397 1023 2451 1068 et
2484 1014 2540 1067 in
2587 1013 2708 1085 ipso
2753 1030 2877 1070 eum
2918 1017 3190 1073 exsistere
3236 1020 3534 1075 secundum

1956 1111 2212 1157 naturam
2266 1105 2624 1168 eoneedetis,
2679 1113 2772 1161 aut
2823 1108 2877 1162 id
2935 1117 3085 1163 recte
3138 1109 3538 1181 sapienterque

1953 1194 2264 1263 negabitis,
2307 1193 2405 1249 sed
2460 1210 2559 1265 per
2611 1195 2794 1250 sinum
2850 1212 3092 1253 amorem
3148 1199 3377 1270 intelligi
3431 1201 3535 1270 ipsi

1958 1296 2177 1353 quoque
2210 1286 2496 1341 nobiscum
2527 1284 2840 1341 fatehimini
2867 1287 2891 1340 ?
2916 1288 2979 1342 ιιι
3013 1289 3138 1344 sinu
3176 1306 3307 1361 ergo
3337 1290 3432 1346 Dei
3472 1307 3538 1344 ac

1959 1370 2138 1426 Patris
2170 1370 2366 1425 Filium
2408 1389 2532 1428 esse
2563 1374 2835 1439 dicimus,
2878 1375 2930 1429 id
2973 1384 3094 1440 est,
3141 1378 3194 1431 in
3244 1379 3537 1439 dilectione

1961 1469 2126 1533 atque
2159 1476 2349 1519 amore
2373 1503 2389 1529 ,
2421 1464 2565 1520 sicut
2597 1465 2715 1536 ipse
2742 1481 2963 1537 quoque
3009 1468 3086 1521 ait
3117 1469 3360 1534 alicubi,
3396 1490 3412 1522 ι
3440 1470 3538 1525 Pa-

1962 1562 2047 1609 ter
2072 1555 2253 1625 diligit
2278 1552 2483 1610 Filium
2516 1556 2583 1609 ⁸⁸.
2617 1576 2635 1609 ι
2663 1557 2826 1628 Atqui
2856 1557 2903 1613 si
2930 1573 3032 1613 nos
3058 1557 3327 1626 ejusmodi
3358 1562 3543 1617 v’erhis

1962 1654 2149 1716 petant
2175 1647 2423 1703 homines
2442 1648 2509 1702 ad
2528 1648 3031 1718 reprehendendum
3054 1651 3235 1722 proni,
3256 1661 3311 1707 et
3334 1652 3388 1706 in
3403 1668 3540 1708 cou-

1963 1739 2224 1795 viciando
2252 1739 2523 1795 duntaxat
2555 1742 2790 1799 solertes
2810 1787 2824 1810 ,
2879 1753 3006 1798 tunc
3054 1760 3156 1801 nos
3185 1746 3266 1801 eis
3296 1745 3536 1802 vicissim

1959 1832 2448 1903 respondebimus,
2484 1844 2689 1888 rectum
2721 1835 2975 1915 veritatis
3003 1851 3317 1892 sermonem
3352 1853 3530 1909 oppo-

1960 1932 2168 1976 nentes.
2223 1919 2391 1978 Sinus
2436 1921 2579 1993 apud
2624 1938 2760 1989 vos,
2794 1938 2827 1979 o
2856 1922 3022 1988 boni,
3071 1940 3171 1995 pro
3227 1925 3523 1980 dilectione

1960 2007 2238 2063 sumitur:
2292 2008 2347 2063 id
2395 2012 2541 2064 enim
2584 2011 2747 2067 modo
2795 2026 2824 2066 a
2871 2012 3031 2069 vobis
3074 2013 3409 2068 audivimus.
3456 2014 3535 2068 An

1960 2098 2148 2170 igitur,
2186 2099 2446 2170 quoniam
2475 2118 2493 2152 ι
2515 2100 2659 2159 Deus
2691 2103 2882 2160 dilexit
2924 2104 3187 2159 mundum
3217 2104 3298 2171 ",
3331 2125 3349 2158 ι
3379 2104 3538 2176 juxta

1963 2188 2268 2248 Salvatoris
2290 2206 2479 2248 vocem
2501 2232 2515 2259 ,
2544 2202 2600 2249 et
2626 2193 2804 2266 diligit
2831 2194 3050 2266 quoium
3078 2215 3095 2246 ι
3125 2187 3387 2253 Dominus
3420 2213 3540 2268 por-

1960 2290 2046 2339 tas
2070 2282 2206 2339 Sion
2240 2285 2307 2348 3',
2342 2304 2360 2337 ι
2389 2294 2447 2341 ut
2476 2287 2626 2342 canit
2655 2296 2887 2345 sanctus
2916 2285 3211 2345 Psalmista
3232 2332 3245 2356 ,
3278 2292 3416 2345 citra
3450 2307 3540 2361 pe-

1962 2375 2198 2430 riculum
2226 2376 2509 2443 dicemus,
2549 2380 2603 2432 in
2633 2380 2757 2435 sinu
2803 2378 2896 2435 Dei
2940 2395 3004 2435 ac
3034 2380 3210 2436 Patris
3249 2397 3372 2437 esse
3412 2398 3539 2436 cum

1962 2468 2227 2523 mundum
2270 2470 2484 2539 ipsum,
2543 2480 2656 2524 tum
2704 2478 2895 2541 portas
2937 2470 3116 2524 Sion?
3169 2471 3304 2524 Cum
3358 2481 3537 2525 autem

1962 2560 2113 2615 dicat
2139 2561 2208 2616 ad
2239 2560 2426 2618 Mosen
2454 2578 2739 2618 sacrorum
2776 2562 2939 2633 107
2971 2561 3275 2617 antistitem
3304 2581 3315 2615 :
3350 2582 3365 2610 ι
3399 2560 3542 2615 lnfcr

1964 2670 2182 2708 manum
2224 2663 2371 2709 tuam
2410 2656 2465 2709 in
2499 2656 2681 2711 sinum
2716 2662 2872 2710 tuum
2898 2654 2944 2686 "'
2970 2673 2988 2707 ι
3010 2653 3274 2723 numquid
3298 2696 3311 2719 ,
3343 2652 3541 2706 amabo

1964 2759 2092 2810 ros,
2140 2746 2191 2801 ei
2247 2746 2507 2817 praecepit
2554 2760 2777 2802 manum
2828 2759 2989 2801 suam
3031 2744 3296 2815 diligere,
3336 2759 3400 2797 ac
3433 2759 3542 2797 non

1965 2835 2151 2903 potius
2202 2849 2324 2890 eam
2377 2833 2699 2891 occultare?
2746 2834 2816 2889 At
2859 2833 2955 2904 qui
3003 2848 3111 2887 non
3153 2832 3418 2886 continuo
3456 2832 3545 2885 in-

1967 2932 2183 2996 gentem
2217 2925 2390 2981 risum
2424 2925 2800 2989 movebimus,
2837 2923 2946 2977 imo
2994 2937 3124 2977 vero
3177 2923 3269 2991 qui
3326 2936 3436 2975 non
3488 2920 3543 2974 in

1968 3016 2150 3086 ipsum
2185 3015 2399 3071 Patrem
2437 3015 2590 3082 impii
2633 3014 2876 3077 erimus,
2912 3022 3109 3067 cuncta
3149 3011 3203 3065 in
3252 3010 3373 3080 ejus
3416 3008 3543 3065 sinu

279 3111 458 3165 Ὅταν
496 3109 554 3163 δὲ
600 3108 734 3181 λέγῃ
782 3106 877 3163 καὶ
917 3106 1053 3178 πρὸς
1106 3105 1196 3159 τὸν
1250 3104 1575 3176 ἱεροφάντην
1622 3100 1865 3165 Μωσέα,

1971 3123 2097 3165 esse
2128 3108 2413 3172 dicentes,
2450 3118 2538 3174 et,
2576 3105 2726 3178 quod
2760 3105 2939 3161 solius
2968 3102 3251 3174 Unigeniti
3285 3102 3544 3157 eximium

282 3221 309 3254 ι
350 3201 641 3270 Είσένεγκε
688 3201 786 3272 τὴν
832 3200 990 3272 χεῖρά
1038 3215 1132 3252 σου
1173 3199 1253 3262 εἰς
1301 3195 1392 3250 τὸν
1437 3194 1636 3248 κόλπον
1685 3210 1801 3258 σου,
1845 3211 1865 3245 ι

1971 3214 2039 3252 ac
2073 3198 2408 3269 praecipuum
2438 3204 2524 3251 est
2555 3196 2758 3251 bonum
2785 3208 3078 3251 commune
3112 3192 3375 3246 facientes
3402 3190 3545 3254 aliis,

210 3306 231 3337 =
279 3295 522 3365 ἀγαπᾷν,
561 3294 687 3347 είπὲ
724 3310 834 3363 μοι,
878 3289 1206 3361 προστάττει
1234 3287 1332 3359 τὴν
1372 3288 1531 3358 χεῖρα
1569 3283 1740 3355 αὐτῷ,
1779 3282 1873 3338 καὶ

278 3384 404 3455 οὐχὶ
451 3382 653 3454 μᾶλλον
708 3381 1136 3454 κατακρύψαντα
1170 3376 1384 3450 “ἔχειν;
1451 3373 1586 3431 Εἶτα
1643 3376 1759 3439 πῶς
1809 3375 1872 3429 ού

283 3478 461 3549 μέγαν
483 3477 576 3530 ἐπὶ
603 3476 815 3559 τούτοις
844 3476 1155 3545 ὀφλήσομεν
1176 3474 1424 3542 γέλωτα;
1448 3469 1647 3542 μᾶλλον
1678 3469 1735 3523 δὲ
1756 3467 1875 3533 πῶς

280 3571 367 3633 εις
409 3569 575 3623 αὐτὸν
612 3568 716 3621 οὐκ
758 3568 1101 3639 ἀσεϐήσομεν
1145 3565 1236 3619 τὸν
1297 3563 1515 3633 Πατέρα
1534 3600 1551 3625 ,
1601 3562 1778 3614 πάντα
1818 3562 1875 3613 tv

282 3659 511 3721 κόλποις
544 3655 686 3712 εἶναι
714 3657 962 3727 λέγοντες
991 3656 1179 3722 αὐτοῦ,
1214 3654 1310 3709 καὶ
1337 3654 1400 3707 τὸ
1434 3653 1597 3721 μόνου
1628 3651 1722 3705 τοῦ
1762 3652 1876 3705 Mo-

282 3751 540 3820 νογενοῦς
559 3751 838 3822 ἐξαίρετον
863 3749 1065 3818 ἀγαθον
1088 3745 1519 3809 κοινοποιοῦντες
1540 3747 1650 3809 τοῖς
1676 3743 1874 3807 ἀλλοις,

286 3842 380 3895 ινα
433 3840 599 3894 πλέον
648 3840 763 3911 ἔχοι
822 3838 987 3909 μηδὲν
1040 3836 1192 3908 παρά
1237 3835 1337 3907 τὴν
1391 3834 1567 3887 κτίσιν
1618 3834 1647 3885 6
1703 3832 1875 3897 Υἱός;

283 3928 502 3982 Οὐκοῦν
525 3930 646 3990 ταῖς
678 3926 905 3980 ἐκείνων
930 3924 1207 3986 ἁδουλίαις
1236 3920 1513 3994 ἐρρῶσθαι
1547 3920 1877 3990 φράσαντες,

286 4017 387 4069 ἰπὶ
408 4017 500 4069 τὸν
531 4015 662 4086 εύθῆ
691 4015 792 4084 τῆς
819 4013 1078 4084 ἀληθείας
1111 4009 1401 4082 βαδιοῦμεν
1438 4007 1721 4079 λογισμὸν,
1751 4006 1880 4060 ὅταν

288 4107 351 4158 tv
384 4103 573 4173 κόλπῳ
611 4101 838 4173 λέγηται
870 4100 965 4155 τοῦ
1014 4097 1228 4169 Πατρδς
1257 4099 1287 4151 6
1318 4095 1470 4160 Υἱὸς,
1494 4094 1552 4161 ἐξ
1589 4093 1752 4148 αὑτοῦ
1789 4092 1882 4145 καὶ

290 4192 353 4245 ἰν
381 4188 536 4259 αὐτῷ
564 4190 811 4255 νοοῦντες
848 4189 1009 4243 αὐτόν
1035 4204 1049 4218 ·
1100 4184 1508 4256 ἀναμαξάμενοι
1539 4182 1596 4236 δὲ
1637 4180 1883 4254 ἀκριϐῶς

290 4278 396 4348 τὴν
437 4275 536 4331 τοῦ
579 4279 849 4348 νοήματος
900 4275 1157 4345 δύναμιν,
1214 4270 1388 4334 οὕτως
1444 4269 1598 4338 ἕχον,
1656 4270 1749 4321 καὶ
1785 4267 1884 4337 οὑχ

290 4364 503 4436 ἑτέρως
557 4365 884 4436 εὑρήσομεν.
925 4382 945 4416 ι
998 4362 1055 4417 Ὀ
1085 4359 1398 4433 μονογενὴς,
1460 4357 1615 4426 φησὶ,
1648 4353 1801 4419 Θεὸς,
1855 4355 1884 4407 6

1977 3299 2035 3345 ut
2065 3289 2204 3345 nihil
2236 3289 2359 3360 plus
2386 3287 2530 3344 Filio
2559 3289 2632 3344 sit
2656 3302 2823 3359 quam
2857 3284 3173 3341 creaturae?
3210 3282 3400 3353 Itaque
3431 3281 3547 3335 illo-

1976 3397 2098 3437 rum
2134 3381 2369 3437 stultitia
2401 3380 2608 3450 reiecta
2653 3384 2868 3433 rectum
2902 3375 3153 3431 veritatis
3191 3389 3416 3429 sensum
3461 3372 3548 3425 in-

1977 3473 2271 3537 sistemus,
2299 3480 2351 3527 et
2375 3470 2597 3541 quando
2620 3471 2677 3524 in
2708 3469 2833 3524 sinu
2856 3466 3008 3522 Patri
3040 3465 3217 3521 Filius
3247 3480 3373 3519 csse
3406 3463 3549 3516 dici-

1978 3574 2088 3629 tur,
2120 3564 2255 3619 nihil
2281 3562 2429 3618 aliud
2452 3576 2620 3632 quam
2640 3575 2702 3616 ex
2732 3561 2854 3631 ipso
2878 3567 2937 3615 et
2968 3560 3022 3613 in
3048 3559 3168 3628 ipso
3192 3574 3314 3613 csse
3343 3555 3514 3610 intelli
3534 3584 3549 3597 -

1978 3673 2189 3727 genuts.
2219 3654 2277 3709 Si
2309 3655 2417 3710 vim
2448 3662 2501 3709 et
2529 3653 2803 3709 rationem
2832 3650 2983 3705 illius
3011 3649 3294 3703 sententia:
3323 3645 3550 3701 subacto

1978 3748 2200 3818 ingenio
2253 3754 2691 3816 perscrutemur,
2736 3740 3063 3798 istiusmodi
3099 3754 3223 3792 esse
3258 3734 3555 3803 comperie~

1981 3816 2126 3890 mus.
2157 3852 2175 3885 ι
2202 3832 2560 3904 Unigenitus,
2582 3851 2601 3883 ι
2632 3832 2842 3900 inquit,
2869 3848 2890 3881 ι
2927 3831 3070 3884 Deus
3100 3827 3303 3896 qui'est
3339 3824 3395 3877 in
3425 3822 3553 3878 sinu
3582 3816 3609 3857 ξι

1979 3922 2194 3988 Patris,
2234 3923 2326 3977 ille
2351 3921 2653 3976 enarravit.
2689 3938 2707 3971 ι
2741 3917 3092 3988 Unigenitum
3130 3924 3184 3971 et
3231 3915 3399 3969 Deum
3444 3914 3557 3983 pri-

1983 4032 2071 4072 mo
2102 4014 2244 4070 dixit
2271 4032 2285 4069 :
2316 4011 2517 4069 deinde
2551 4012 2701 4067 illico
2737 4009 2993 4080 subiicit,
3025 4025 3043 4059 ι
3072 4007 3166 4078 qui
3208 4013 3293 4061 est
3330 4005 3385 4059 in
3429 4004 3553 4059 sinu

1980 4106 2193 4173 Patris,
2226 4125 2244 4159 ι
2272 4113 2334 4162 ιιι
2362 4104 2705 4177 intelligatur
2734 4103 2896 4160 etiam
2927 4100 3103 4156 Filius
3130 4109 3197 4154 ex
3231 4100 3354 4168 ipso
3373 4139 3387 4161 ,
3417 4104 3471 4151 et
3500 4097 3554 4150 in

1985 4200 2107 4270 ipso
2138 4199 2486 4263 naturaliter,
2522 4198 2705 4252 sinum
2737 4209 2842 4265 pro
2886 4191 3198 4249 substantia
3250 4190 3480 4250 dicens,
3527 4201 3557 4240 a

1954 4276 1959 4291 ’
1986 4307 2045 4347 re
2073 4306 2344 4362 corporea
2367 4291 2661 4361 desumpta
2689 4285 3070 4345 similitudine.
3096 4284 3233 4356 Typi
3268 4282 3415 4339 enim
3447 4280 3562 4337 fere

1987 4392 2119 4438 sunt
2146 4398 2330 4439 rerum
2357 4380 2786 4452 intelligihilium
2816 4394 2880 4435 ea
2907 4393 3031 4449 qua:
3049 4377 3306 4433 sensibus
3331 4382 3522 4447 patent
3542 4414 3556 4435 .

291 4451 375 4505 ῶν
412 4453 493 4514 εἰς
518 4451 611 4505 τὸν
635 4451 834 4505 κόλπον
861 4448 957 4505 τοῦ
988 4448 1221 4520 Πατρδς,
1259 4446 1465 4508 ὲκεῖνος
1507 4442 1831 4513 ἐξηγήσατο.
1857 4461 1869 4494 l

1987 4484 2045 4531 et
2096 4490 2219 4546 quae
2272 4474 2326 4530 in
2377 4474 2535 4531 nobis
2576 4481 2707 4529 sunt
2764 4473 2832 4528 ad
2871 4469 3418 4541 comprehensionem
3458 4482 3561 4522 nos

304 4539 533 4610 Ἐπειδὴ
558 4538 668 4609 γὰρ
702 4539 809 4610 ἔφη
850 4539 1112 4610 μονογενῆ
1151 4536 1246 4589 καὶ
1271 4533 1427 4599 Θεὸν,
1458 4530 1673 4603 τίθησιν
1698 4528 1880 4595 εὐθὺς,

306 4646 327 4676 ε
345 4629 408 4679 '0
436 4624 512 4680 ὣν
543 4627 603 4679 tv
627 4629 739 4689 τοῖς
761 4626 980 4688 κόλποις
1016 4625 1110 4678 τοῦ
1143 4623 1377 4695 Πατρός,
1412 4640 1432 4673 ο
1461 4619 1548 4672 ἵνα
1572 4618 1760 4687 νοῆται
1785 4618 1877 4672 καὶ

307 4713 432 4775 Υἱὸς
459 4713 523 4778 ἐξ
557 4711 746 4777 αὑτοῦ,
765 4713 859 4767 καὶ
882 4713 940 4765 tv
964 4711 1113 4780 αὐτῷ
1143 4708 1405 4779 φυσικῶς,
1428 4706 1550 4760 ἀντί
1572 4705 1673 4775 τῆς
1696 4705 1882 4768 οὐσίας

306 4799 393 4851 τδν
421 4799 623 4855 κόλπον
651 4801 841 4867 εἰπὼν,
867 4798 943 4862 ὡς
985 4800 1049 4851 ὲκ
1079 4795 1520 4868 παραδείγματος
1548 4792 1880 4864 σωματικοῦ.

310 4887 479 4940 rem
515 4888 623 4959 γάρ
662 4887 766 4941 είσί
816 4903 935 4951 ως
972 4885 1084 4940 τῶν
1124 4883 1329 4955 νοητῶν
1374 4883 1443 4936 τά
1482 4880 1879 4950 ἐμφανέστερα,

312 4974 406 5027 καὶ
441 4977 775 5045 χειραγωγεῖ
809 4978 945 5046 πρὸς
973 4971 1281 5041 κατάληψιν
1314 4968 1425 5022 τῶν
1460 4967 1601 5039 ὑπὲρ
1638 4969 1786 5038 ἡμᾶς
1822 4967 1889 5020 τά

313 5062 373 5113 tv
402 5063 529 5131 ἡμῖν
554 5079 569 5092 ’
602 5062 937 5132 λαμϐάνεται
955 5059 1012 5113 δὲ
1035 5059 1297 5121 πολλάκις
1322 5057 1396 5119 ὡς
1428 5056 1485 5108 tv
1511 5054 1715 5118 εἰκόνος
1738 5054 1891 5121 τάξει

314 5148 387 5200 τά
432 5150 754 5220 σωματικά,
807 5150 904 5203 καὶ
946 5148 1289 5218 λεπτοτέρων
1337 5145 1470 5214 ἡμῖν
1521 5142 1893 5215 θεωρημάτων

318 5236 555 5307 εἰσφέρει
590 5236 690 5308 τὴν
732 5235 1061 5307 κατάληψιν,
1105 5237 1152 5287 εί
1200 5233 1295 5287 καὶ
1325 5230 1469 5284 οὕτω
1514 5232 1712 5283 νοεῖται
1752 5228 1893 5283 κατά

320 5324 504 5392 καιρὸν
544 5326 767 5387 οίκεῖον,
811 5325 888 5388 ὡς
933 5323 999 5377 ἂν
1043 5320 1292 5392 εἰρῆσθαι
1334 5319 1486 5389 δοκῇ,
1529 5319 1710 5371 ὁποῖον
1756 5312 1893 5369 εἷναί

322 5426 458 5482 φημι
481 5412 546 5465 τὸ
571 5414 665 5465 ἐπὶ
688 5411 937 5475 Μωσέως
954 5451 972 5475 ,
1010 5408 1330 5478 «Εὶσένεγκε
1358 5407 1458 5478 τὴν
1484 5406 1641 5477 χεῖρά
1670 5421 1765 5458 σου
1814 5407 1893 5467 εἱς

433 5498 632 5552 κόλπον
667 5515 781 5553 σου.
819 5517 839 5551 ι
885 5470 1159 5568 ⁹Ᾰόικήσει
1190 5470 1250 5549 6t
1281 5470 1534 5557 ὅλως.
1562 5470 1718 5561 λόγον
1744 5490 1864 5545 οὐδὲ

2004 5484 2113 5537 vita
2146 5481 2448 5544 exsolutus,
2486 5479 2540 5532 in
2578 5477 2759 5531 sinum
2779 5472 3009 5531 Abrahae
3026 5470 3243 5525 delatus
3267 5473 3385 5528 est,

327 5584 381 5636 τὸ
413 5586 474 5638 tv
523 5586 709 5657 κόλπῳ
746 5584 1021 5640 τεθεῖσθαι
1063 5582 1159 5639 τοῦ
1215 5580 1468 5651 Ἀϐραὰμ
1511 5578 1604 5633 τὸν
1651 5578 1897 5648 Λάζαρον

1987 4566 2268 4621 deducunt
2296 4578 2487 4619 eorum
2519 4578 2640 4633 quae
2660 4576 2827 4632 supra
2861 4577 2963 4616 nos
2993 4567 3120 4614 sunt
3149 4577 3163 4612 :
3193 4558 3361 4626 ﬁtque
3392 4573 3563 4626 smpe-

1988 4671 2221 4713 numero
2250 4664 2310 4711 ut
2337 4654 2722 4712 similitudinis
2748 4655 2871 4707 loco
2900 4668 2989 4708 res
3023 4663 3304 4721 corporeae
3340 4662 3559 4702 suman-

1989 4730 2101 4813 tur,
2132 4763 2255 4819 quae
2288 4763 2391 4805 nos
2422 4746 2488 4802 ad
2522 4746 2881 4804 subtiliorum
2908 4744 3432 4813 contemplationum
3467 4753 3567 4791 no-

1984 4841 2168 4895 titiam
2208 4841 2444 4896 evehant
2489 4840 2559 4904 ⁸³,
2608 4838 2734 4892 licet
2782 4837 3046 4891 historice
3093 4833 3473 4902 intelligantur
3522 4828 3569 4880 si

1988 4932 2284 5002 capiantur
2338 4947 2404 4988 eo
2453 4930 2616 4986 modo
2663 4944 2775 4999 quo
2828 4929 2977 4983 dicta
3028 4933 3207 4981 sunt:
3258 4915 3568 4991 cujusmodi

1992 5032 2078 5080 est
2108 5024 2242 5080 illud
2276 5022 2344 5079 de
2374 5022 2525 5079 Noae
2556 5042 2568 5078 :
2598 5041 2618 5074 ι
2649 5020 2800 5076 lnl‘er
2829 5034 3050 5074 manum
3084 5025 3233 5071 tuam
3281 5016 3336 5068 in
3383 5011 3570 5067 sinum

1995 5121 2171 5169 tuum.
2205 5134 2224 5166 ι
2251 5113 2410 5178 Quod
2442 5120 2629 5168 autem
2659 5111 2870 5166 dicitur
2904 5110 2957 5162 in
2993 5107 3119 5161 sinu
3155 5102 3392 5157 Abrahae
3421 5098 3575 5169 posi-

1995 5216 2087 5262 tus
2118 5219 2243 5261 esse
2272 5202 2557 5266 Lazarus,
2594 5217 2702 5255 non
2735 5199 2899 5254 modo
2933 5194 3069 5251 nihil
3103 5191 3308 5254 allicit,
3345 5188 3443 5244 sed
3478 5187 3575 5241 do-

1999 5298 2193 5351 ctrinae
2236 5302 2439 5350 nostra:
2485 5291 2839 5361 suﬂragatur.
2897 5287 2952 5342 Id
3006 5284 3153 5340 enim
3202 5287 3410 5336 tantum
3465 5290 3576 5331 non

2004 5391 2289 5460 Scriptura
2342 5386 2509 5441 dicit:
2548 5402 2566 5436 ι
2597 5383 2848 5438 Mortuus
2906 5379 3187 5436 Lazarus,
3239 5378 3293 5428 et
3321 5366 3577 5436 corporis

2004 5484 2111 5513 ..ιιη
2146 5481 2425 5513 (“caluum
2486 5479 2538 5513 in
2578 5477 2759 5513 nimim
2787 5472 3009 5513 Alii-alim
3026 5470 3243 5513 Αρίεὶιιις
3267 5473 3385 5513 est.
3420 5456 3494 5513 ³.)

3475 5476 3557 5514 ιιι

2005 5583 2089 5630 est
2111 5614 2127 5640 ,
2170 5573 2313 5628 inter
2351 5571 2491 5627 lilios
2522 5566 2755 5625 Ahrahm
2786 5565 3093 5620 collocatus
3126 5566 3243 5622 est,
3277 5569 3442 5628 quem
3478 5565 3579 5620 pa-

389 5698 433 5729 "
470 5696 603 5753 Luc.
656 5714 767 5762 am,
798 5699 982 5754 ιιι-ει.
1056 5695 1263 5750 ."Joan.
1308 5709 1401 5757 ιιι,
1443 5692 1531 5748 55.
1595 5692 1639 5723 ³⁸
1676 5690 1807 5745 ibid.
1866 5696 1869 5713 ⁴

2030 5691 2072 5722 ⁸⁷
2111 5688 2255 5745 Psal.
2292 5701 2493 5741 Lxxxvt
2518 5725 2530 5749 ,
2557 5684 2611 5739 Ξ.
2689 5684 2732 5714 ⁸⁸
2773 5678 2949 5736 Exod.
2987 5693 3070 5743 tv.
3128 5675 3180 5729 6.
3258 5674 3302 5705 ‘9
3346 5667 3503 5721 Rom.
3539 5680 3577 5720 ιτ

333 5764 393 5821 20
417 5784 571 5840 seqq.
648 5770 697 5801 "
717 5767 849 5823 Luc.
880 5784 993 5833 xw,
1032 5766 1121 5819 22.
