4040 6214
353 290 462 348 185

1396 299 1463 357 IN
1500 301 1786 362 ιοΑΝΝιε
1811 301 2260 365 EVANGELIUM
2301 307 2429 367 LIB.
2468 311 2508 371 ι.

3395 320 3602 378 .ιϐϐ

345 416 452 506 Ea;
501 410 742 506 Γραφάς.
792 431 819 506 ιΔ
879 413 1316 506 Διερωτήσαντες
1357 418 1466 491 γάρ
1514 421 1607 476 τὸν
1655 423 1922 495 μακάριον

2029 423 2240 484 Joanne
2271 428 2536 500 Baptista,
2567 440 2857 505 postquam
2898 441 3232 505 acceperunt
3278 433 3456 506 ipsum
3491 454 3598 492 non

352 501 689 571 Βαπτιστήν,
735 501 831 554 καὶ
883 501 1146 572 μαθόντες
1193 506 1384 580 ὅτιπερ
1429 509 1592 574 αὐτὸς
1638 513 1738 566 οὐκ
1781 513 1868 584 εῐη
1899 517 1929 567 6

349 593 611 667 Χριστὸς,
641 594 1062 665 ἀποκρίνονται·
1090 596 1156 650 Τί
1182 593 1308 664 οὗν;
1353 600 1539 665 Ἠλίας
1568 595 1652 669 εἷς
1695 605 1806 658 Καὶ
1838 604 1926 656 λέ-

349 700 562 753 γοντος,
591 684 706 738 Οὐκ
738 684 874 754 είμὶ,
925 685 1044 738 δέον
1091 688 1287 750 αὐτοὺς
1326 691 1453 760 περὶ
1483 693 1578 745 τοῦ
1609 694 1927 765 Προδρόμου

347 777 535 831 λοιπὸν
583 775 1050 830 ἀναπυνθάνεσθαι
1084 777 1264 841 (τοῦτο
1309 781 1418 852 γὰρ
1466 782 1546 836 ἐτι
1587 785 1650 838 τὸ
1695 784 1924 857 λοιπόν),

347 867 694 930 ἀπαιδεύτως
729 868 814 920 ἐπ’
844 867 1006 921 αὐτὸν
1035 871 1386 942 ἀνατρέχουσι
1414 874 1507 927 τὸν
1544 876 1798 945 Χριστὸν,
1837 877 1928 931 τὸν

344 958 426 1022 ὥς
467 960 756 1030 προφήτην
783 959 870 1013 διὰ
910 959 1007 1013 τοῦ
1053 962 1217 1032 νόμου
1250 965 1738 1037 καταδηλούμενον.
1786 971 1928 1040 Ὅρα

346 1048 458 1117 γὰρ
484 1048 538 1100 τί
566 1064 732 1117 φασιν
755 1049 856 1102 οὐκ
883 1050 1084 1114 εἰδότες
1106 1053 1175 1106 τὰ
1202 1052 1290 1108 διὰ
1321 1055 1566 1120 Μωσέως
1591 1075 1602 1088 ·
1655 1077 1675 1110 ι
1711 1059 1769 1112 Ὀ
1793 1077 1926 1130 προ-

348 1140 527 1209 φήτης
553 1134 606 1193 εἴ
638 1138 737 1203 σύ;
764 1140 873 1194 Καὶ
903 1142 1196 1215 ἀπεκρίθη·
1223 1145 1321 1201 Οὔ.
1357 1165 1376 1199 ι
1426 1148 1502 1202 Οὐ
1532 1149 1639 1222 γὰρ
1664 1145 1732 1221 ἦν
1764 1151 1927 1215 αὐτὸς

345 1233 378 1286 6
412 1231 669 1302 Χριστὸς,
705 1231 848 1286 καθὰ
877 1235 971 1287 καὶ
1006 1235 1217 1302 φθάσας
1244 1238 1342 1309 ἥδη
1375 1239 1766 1312 διισχυρίσατο.

424 1322 492 1376 Τί
505 1323 586 1377 σὺ
611 1323 808 1392 λέγεις
833 1326 969 1393 περὶ
988 1329 1250 1384 σεαυτοῦ
1270 1331 1442 1400 ’Ἐγὼ
1468 1333 1636 1402 φωνὴ
1653 1334 1926 1402 βοῶντος

345 1413 424 1467 ἐν
443 1413 522 1481 τῇ
545 1413 760 1483 ἐρήμῳ·
1812 1428 1814 1430 ⁷

433 1505 521 1567 Ὠς
547 1504 700 1559 οὐδὲν
735 1505 942 1571 είδότας
971 1508 1184 1580 ἐλέγχει
1210 1512 1457 1583 γοργῶς,
1494 1516 1590 1569 καὶ
1611 1521 1922 1590 προφητικῇ

344 1594 635 1650 πιστοῦται
677 1598 954 1670 μαρτυρίᾳ
1013 1600 1115 1672 τήν
1156 1603 1588 1673 ὲγχειρισθεῖσαν
1643 1607 1921 1672 ὑπόθεσιν,

345 1687 468 1756 ἢτοι
495 1685 773 1742 διακονίαν
799 1689 970 1759 αὐτῷ.
1008 1691 1167 1746 Ἥκω
1190 1695 1320 1762 γὰρ,
1349 1696 1532 1767 φησὶν,
1563 1697 1713 1750 οὐδὲν
1735 1698 1922 1769 ἕτερον

347 1754 511 1848 ipa»,
533 1779 567 1849 ἦ
595 1779 678 1832 ὅτι
701 1780 885 1835 λοιπὸν
916 1754 1008 1835 ἐπὶ
1028 1754 1220 1854 θύραις
1237 1754 1760 1858 δπροσδοιίὼμενος,
1787 1754 1923 1860 pa).—
1954 1754 1998 1810 Β

345 1868 438 1922 λον
463 1869 521 1922 δὲ
560 1871 692 1925 είσω
720 1871 899 1941 θυρῶν
942 1873 972 1926 6
1020 1875 1317 1946 Δεσπότης.
1365 1877 1759 1950 Ἐτοιμάσθητε
1791 1878 1928 1950 πρὸς

342 1959 522 2030 ἥνπερ
560 1956 628 2012 ἃν
673 1960 952 2016 ἐπιτάττει
997 1961 1234 2031 βαδίζειν
1283 1965 1435 2029 ὁδὸν,
1493 1965 1779 2020 ὲϐαδίσατε
1825 1967 1926 2038 τὴν

343 2048 435 2102 διὰ
478 2050 757 2115 Μωσέως,
809 2053 1100 2128 ἀνελάϐετε
1151 2057 1251 2127 τὴν
1281 2056 1369 2110 διὰ
1398 2057 1673 2129 Χριστοῦο
1722 2057 1926 2132 ταύτην

346 2142 480 2212 ἡμῖν
505 2141 536 2194 6
557 2141 667 2196 τῶν
694 2142 867 2212 ἁγίων
902 2146 1197 2216 προφητῶν
1231 2150 1607 2220 προεκήρυττε
1640 2150 1818 2223 χορός.

341 2231 681 2302 Παράθεσις
712 2234 916 2303 ῥητῶν
959 2237 1096 2304 περὶ
1138 2237 1281 2292 ὁδοῦ
1321 2238 1432 2306 τῆς
1466 2239 1617 2293 κατὰ
1645 2241 1923 2308 Χριστόν.

425 2324 688 2391 Ἡσαΐας.
729 2343 748 2377 ι
791 2326 956 2381 Δεῦτε
991 2329 1085 2382 καὶ
1114 2330 1406 2402 ἀναδῶμεν
1449 2333 1530 2395 είς
1569 2333 1630 2384 τὸ
1660 2333 1784 2403 ὅρος
1827 2332 1924 2386 τοῦ

341 2416 581 2486 Κυρίου,
609 2418 704 2470 καὶ
735 2419 815 2482 εἰς
841 2418 932 2472 τὸν
961 2413 1109 2474 οἷκον
1143 2421 1237 2474 τοῦ
1267 2420 1402 2475 Θεοῦ
1441 2421 1666 2487 Ἰακὼϐ,
1703 2423 1800 2476 καὶ
1833 2424 1925 2477 ἀν-

345 2507 566 2575 αγγελεί
604 2509 740 2579 ήμῖν
781 2509 882 2581 τὴν
912 2509 1030 2563 ὁδὸν
1075 2512 1270 2574 αὑτοῦ,
1321 2513 1414 2566 καὶ⁹
1460 2513 1840 2586 πορευσόμεθα
1868 2516 1926 2568 ἐν

341 2597 506 2668 αὐτῇ.
538 2617 558 2650 ›

427 2687 481 2740 '0
507 2689 711 2755 αὑτός.
757 2707 778 2740 r
826 2691 1020 2744 Ἔσται
1060 2692 1178 2746 ἐκεῖ
1207 2691 1324 2758 ὁδὸς
1353 2691 1604 2764 καθαρὰ,
1658 2693 1754 2746 καὶ
1808 2692 1924 2757 ὁδὸς

343 2779 478 2848 ἁγία
499 2779 860 2853 κληθήσεται,
907 2785 1001 2837 καὶ
1022 2785 1122 2838 οὐκ
1151 2783 1301 2838 ἔσται
1332 2786 1446 2838 ἐκεῖ
1473 2785 1640 2850 λέων,
1667 2785 1788 2838 οὐδὲ
1815 2785 1924 2838 τῶν

344 2871 554 2940 θηρίων
580 2873 682 2926 τῶν
716 2875 968 2946 πονηρῶν
997 2875 1146 2929 οὐδὲν
1175 2877 1236 2929 οὐ
1285 2876 1359 2946 μὴ
1387 2875 1562 2948 ἀναϐῇ
1589 2878 1706 2930 ἐκεῖ
1727 2913 1742 2940 ,
1789 2875 1839 2929 οί
1868 2876 1924 2929 δὲ

343 2962 731 3036 διεσπαρμένοι
755 2965 1112 3038 πορεύσονται
1145 2967 1204 3020 ἐν
1235 2968 1394 3038 αὐτῇ.
1428 2986 1448 3020 ο

2029 533 2150 576 esse
2185 520 2486 587 Christum,
2515 525 2817 594 subjiciunt
2841 541 2854 578 :
2877 526 3017 592 Quid
3040 527 3207 597 ergo?
3243 525 3389 582 lilias
3421 542 3479 582 es
3504 530 3601 582 tu!

2028 605 2126 662 lllo
2153 616 2405 678 negante,
2443 626 2567 665 cum
2615 620 2760 668 esset
2787 622 3212 669 consentaneum
3251 617 3597 685 percunctari

2028 698 2096 753 de
2134 714 2511 770 praecursore,
2551 705 2710 774 109
2743 705 2832 772 (id
2867 709 3012 762 enim
3051 708 3315 775 restabat)
3350 708 3600 777 imperite

2028 789 2096 844 ad
2144 790 2320 861 ipsum
2353 793 2634 850 Christum
2670 797 2854 851 statim
2906 811 2966 851 se
3019 795 3333 858 conterunt,
3386 797 3479 865 qui
3541 805 3598 849 ut

2027 883 2290 950 propheta
2333 899 2429 953 per
2463 885 2634 956 legem
2680 887 3043 956 signiﬁcatur.
3093 885 3230 942 Vide
3273 888 3416 941 enim
3465 887 3597 957 quid

2027 973 2213 1028 dicant
2241 977 2569 1046 scriptorum
2613 976 2978 1032 Mosaicorum
3017 978 3235 1048 ignari:
3271 997 3289 1030 ι
3325 977 3596 1048 Propheta

2025 1080 2087 1120 es
2115 1067 2214 1120 tu?
2255 1067 2316 1121 Et
2356 1069 2658 1138 respondit,
2700 1067 2841 1124 Non.
2885 1089 2904 1123 ι
2948 1068 3069 1124 Νοη
3112 1077 3230 1126 erat
3274 1070 3421 1125 enim
3481 1070 3600 1141 ipse

2025 1156 2300 1222 Christus,
2336 1159 2531 1230 utjam
2567 1170 2694 1216 ante
2719 1160 3087 1215 confirmavit.

2093 1334 2133 1400 Ι,
2151 1333 2244 1397 ‘22,
2267 1335 2356 1390 25.
2393 1333 2534 1399 Quid
2552 1333 2686 1388 dicis
2716 1333 2780 1389 de
2808 1336 2973 1405 teipso
2993 1338 3018 1392 7
3040 1334 3151 1407 Ego
3182 1345 3281 1391 oua:
3313 1337 3596 1390 clamantis

2025 1426 2078 1480 in
2101 1425 2325 1482 deserto.
2667 1437 2678 1446 ‘

2095 1515 2374 1587 Tanquam
2404 1516 2621 1587 ignaros
2642 1516 3048 1587 Scripturarum
3073 1517 3279 1572 acriter
3300 1533 3395 1574 eos
3418 1518 3596 1589 arguit

2023 1615 2077 1662 et
2104 1606 2422 1678 prophetico
2449 1606 2761 1662 testimonio
2794 1605 2954 1660 ﬁdem
3006 1605 3140 1660 facit
3187 1607 3481 1662 ministerii
3531 1619 3596 1662 ac

2025 1697 2163 1753 vicis
2199 1698 2304 1754 sibi
2351 1697 2712 1753 demandatae.
2754 1691 2939 1752 Venio
2989 1697 3158 1763 enim,
3217 1697 3415 1767 inquit,
3461 1698 3595 1752 nihil

2026 1789 2275 1847 dicturus
2309 1790 2454 1844 aliud
2501 1790 2606 1844 nisi
2656 1804 2754 1860 pro
2785 1787 2998 1844 foribus
3032 1789 3253 1844 demum
3294 1803 3420 1843 esse
3469 1803 3594 1842 eum

2024 1882 2116 1953 qui
2139 1889 2513 1953 exspectatur,
2537 1881 2649 1936 imo
2679 1881 2862 1952 potius
2888 1880 3175 1934 Dominum
3206 1879 3347 1932 intra
3384 1887 3592 1948 portas.

2025 1973 2206 2028 Parati
2241 1974 2362 2030 sitis
2390 1973 2959 2045 quamcunquejuhet
2983 1971 3128 2026 viam
3154 1970 3442 2025 insistere:
3481 1983 3596 2022 am-

2025 2065 2260 2122 bulastis
2293 2066 2348 2120 in
2378 2066 2465 2120 via
2495 2064 2919 2128 Mosis,Christi
2945 2063 3088 2117 viam
3124 2061 3425 2132 suscipite:
3451 2058 3596 2112 hanc

2026 2155 2186 2212 nobis
2219 2163 2537 2212 sanctorum
2567 2157 2956 2228 pmphetarum
2991 2151 3241 2222 praedixit
3272 2150 3499 2206 chorus.

2202 2249 2529 2304 Testimonia
2561 2246 2936 2314 prophetarum
2974 2241 3038 2295 de
3073 2241 3160 2293 nia
3192 2239 3415 2294 Christi.

2097 2341 2296 2397 Isaias.
2337 2359 2356 2392 ι
2389 2337 2583 2394 Venite
2599 2335 2963 2392 ascendamns
2992 2331 3048 2385 in
3072 2337 3310 2384 montem
3346 2327 3586 2391 Domini,

2024 2445 2079 2492 et
2107 2434 2177 2491 ad
2199 2435 2419 2489 domum
2445 2429 2537 2485 Dei
2560 2428 2750 2494 Iacob,
2787 2438 2841 2482 et
2875 2422 3224 2479 annuntiahit
3258 2421 3416 2476 nobis
3443 2420 3586 2473 viam

2025 2542 2204 2594 suam,
2230 2531 2284 2581 et
2313 2521 2717 2578 ambulabimus
2752 2520 2806 2571 in
2829 2532 2893 2573 ea
2919 2517 2989 2569 ’⁷.
3022 2535 3041 2568 ι

2095 2702 2266 2757 Idem.
2305 2717 2324 2751 ι
2363 2696 2482 2752 Erit
2512 2696 2584 2751 ibi
2610 2694 2698 2748 via
2728 2691 2959 2754 munda,
2991 2696 3046 2744 et
3079 2687 3166 2741 via
3207 2693 3396 2741 sancta
3431 2697 3596 2738 voca-

2025 2795 2215 2850 bitur:
2253 2807 2362 2847 non
2396 2789 2502 2846 erit
2531 2788 2602 2842 ibi
2639 2787 2747 2847 leo,
2783 2791 2840 2839 et
2873 2782 3014 2837 mala
3055 2780 3224 2835 bestia
3264 2794 3370 2832 non
3402 2767 3597 2831 ascen-

2024 2888 2116 2944 det
2137 2887 2191 2941 in
2222 2899 2363 2947 eam,
2402 2880 2497 2937 sed
2522 2875 2882 2933 ambulabunt
2909 2874 2963 2928 in
2989 2888 3051 2928 ea
3083 2868 3337 2940 dissipati
3361 2869 3429 2921 ’⁸.
3466 2885 3485 2917 ι

432 3059 485 3113 ⁸0
506 3061 707 3127 αὐτός.
757 3079 778 3112 ι
821 3060 1018 3133 Ἀρχὴν
1049 3060 1188 3116 Σιὼν
1210 3060 1400 3128 δώσω,
1441 3061 1536 3117 καὶ
1572 3059 1923 3134 Ἰερουσαλὴμ

2097 3061 2268 3118 Idem.
2310 3079 2328 3112 ι
2385 3055 2723 3126 Principium
2779 3051 2924 3107 dabo
2976 3048 3128 3113 Sion,
3191 3057 3244 3102 et
3291 3043 3595 3102 Ierusalem

343 3151 719 3222 παρακαλὲσω
750 3152 830 3216 εἰς
861 3152 1002 3207 ὁδόν.
1039 3170 1057 3203 ι

426 3243 488 3298 '0
528 3245 732 3309 αὑτός.
789 3261 810 3294 ι
862 3244 974 3297 Καὶ
1018 3243 1133 3308 ἄξω
1175 3245 1411 3314 τυφλοὺς
1453 3261 1511 3298 εν
1552 3245 1684 3316 ὁδῷ,
1823 3245 1926 3298 οὐκ

343 3335 608 3404 ἔγνωσαψ
630 3336 725 3389 καὶ
742 3336 985 3408 τρίϐους,
1008 3335 1075 3400 ἃς
1095 3330 1196 3391 οὐᾶ
1210 3337 1432 3408 ⁴ᾔδεσαν,
1452 3340 1694 3409 πατῆσαι
1714 3337 1926 3409 ποιήσω

341 3438 564 3485 αυτους.
603 3439 623 3472 ι

426 3512 729 3582 Ἱερεμίας.
770 3532 790 3564 ι
823 3513 992 3585 Στῆτε
1031 3514 1126 3568 ἐπὶ
1146 3517 1266 3581 ταῖς
1294 3517 1455 3583 ὁδοῖς,
1486 3517 1579 3570 καὶ
1613 3517 1924 3588 ἐρωτήσατε

340 3605 565 3677 τρίϐους
589 3604 793 3676 Κυρίου
821 3607 1089 3672 αἰωνίους,
1121 3609 1214 3662 καὶ
1243 3609 1380 3662 ἴδετε
1410 3610 1538 3664 ποία
1575 3609 1722 3662 ἐστὶν
1753 3611 1786 3680 ἡ
1811 3609 1926 3674 ὁδὸς

341 3698 376 3766 ἡ
403 3697 609 3768 ἀγαθὴ.
643 3698 738 3750 καὶ
765 3697 1007 3767 βαδίζετε
1034 3700 1093 3752 ὲν
1121 3700 1260 3771 αὐτῇ
1283 3739 1299 3764 ,
1353 3701 1448 3755 καὶ
1472 3701 1732 3773 εὑρήσετε
1765 3702 1927 3771 ἁγια-

343 3787 485 3858 σμὺν
514 3790 637 3852 ταῖς
662 3789 858 3858 ψυχαῖς
887 3789 1059 3859 ὑμῶν.
1101 3808 1119 3841 ι
1553 3855 1560 3862 .

414 3879 512 3942 Τίς
535 3876 629 3935 οὖν
661 3883 694 3952 ἡ
721 3881 840 3945 ὁδὸς
874 3883 906 3952 ἡ
933 3882 1111 3954 ἀγαθὴ
1151 3883 1245 3935 καὶ
1274 3883 1569 3952 ἀγνίζουσα
1621 3887 1748 3952 τοὺς
1779 3887 1925 3958 βαδί·

342 3973 540 4036 ξοντας
569 3974 627 4026 ἐν
652 3974 815 4046 αὐτῇ,
846 3975 1006 4038 αὐτὸς
1034 3975 1238 4044 λεγέτω
1271 3977 1504 4047 Χριστός
1530 3995 1544 4010 ο
1581 3998 1599 4030 ι
1642 3979 1783 4050 Ἐγώ
1809 3983 1924 4053 εἰμι

344 4061 605 4132 sua.»

414 4154 523 4206 Καὶ
557 4156 609 4208 οἱ
635 4154 1077 4224 ἀπεσταλμένοι
1101 4152 1265 4226 ἦσαν
1301 4157 1370 4211 ἐκ
1413 4158 1532 4212 τῶν
1555 4162 1922 4230 Φαρισαίων,

345 4243 452 4298 καί
493 4245 814 4314 ἠρώτησαν
855 4247 1072 4311 αὑτὸν,
1117 4247 1216 4301 καί
1260 4245 1434 4302 εἷπον
1471 4251 1660 4315 αὐτῷ·
1715 4254 1776 4307 Τί
1813 4250 1928 4309 οὖν

342 4336 684 4403 βαπτίζεις,
714 4340 766 4391 εί
805 4337 885 4391 σὺ
909 4340 1020 4392 οὐκ
1051 4333 1110 4393 εἷ
1145 4341 1179 4393 ό
1207 4340 1459 4407 Χριστὸς
1478 4379 1494 4405 ,
1533 4342 1670 4396 οὔτε
1703 4344 1924 4412 Ἠλίας,

344 4431 489 4484 οὔτε
511 4433 544 4484 ό
571 4429 883 4499 προφήτης
905 4446 924 4492 ;

419 4521 484 4572 0i
525 4520 673 4591 παρά
699 4521 810 4573 τῶν
846 4519 1114 4573 Ἰουδαίων
1147 4518 1544 4591 ἀπεσταλμένοι
1584 4520 1830 4591 (Λευῖται
1866 4524 1924 4577 δὲ

345 4607 508 4682 ἦσαν,
541 4611 634 4665 καὶ
670 4611 778 4664 τῶν
807 4613 864 4664 ὲν
895 4610 1160 4682 ἱερωσύνῃ
1190 4613 1378 4683 τινὲς),
1412 4613 1755 4675 ἀπαιδεύτως
1783 4615 1923 4685 ἐρω-

345 4703 551 4766 τῶντες
590 4702 903 4773 ἠλέγχοντο.
953 4703 1180 4774 Ἕτερον
1219 4704 1328 4775 γὰρ
1371 4700 1510 4758 εἶναι
1536 4704 1627 4759 τὸν
1663 4705 1923 4777 Χριστόν,

345 4795 534 4865 ἱτερον
580 4793 638 4847 δὲ
670 4794 760 4848 τὸν
782 4794 869 4846 διὰ
891 4792 986 4846 τοῦ
1017 4794 1183 4864 νόμου
1224 4796 1506 4867 προφήτην
1549 4797 1927 4852 ὑποτοπάσαν-

345 4885 724 4953 τε;,.ξφασκον,
741 4884 878 4954 μετὰ
889 4884 946 4938 τὸ
972 4886 1141 4956 φῆσαι
1159 4885 1249 4938 τὸν
1265 4885 1417 4955 ἆγιον
1443 4887 1926 4960 Βαπτιστὴν,Ἐγὼ

345 4975 448 5029 οὐκ
481 4976 600 5044 εἰμὶ
632 4977 661 5029 6
693 4976 928 5045 Χριστός
954 4989 968 5002 ⁸
1013 4993 1032 5026 ι
1072 4975 1128 5028 '0
1155 4978 1438 5047 προφήτης
1478 4973 1526 5030 εί
1572 4979 1676 5046 σὺ;
1713 4999 1732 5032 ι
1785 4981 1925 5034 Ἀλλ’

349 5068 460 5120 ίδοὺ
506 5067 602 5122 καὶ
647 5069 682 5138 ή
729 5067 838 5120 τῶν
878 5065 1186 5137 Φαρισαίων
1237 5067 1448 5137 πληθὺς
1492 5069 1926 5140 δοκησισοιροῦσα

349 5159 554 5229 μᾶλλον
599 5159 743 5231 ἤπερ
780 5159 948 5223 ὅντως
989 5158 1194 5230 ἀκριϐῆ
1237 5157 1345 5211 τῶν
1392 5158 1551 5214 θείων
1592 5161 1785 5229 λογίων
1826 5163 1924 5235 τὴν

345 5251 548 5319 γνῶσιν
571 5251 775 5322 ἔχουσα
811 5252 1095 5320 φωρᾶταιο
1144 5269 1162 5300 ι
1204 5249 1269 5301 Τί
1309 5248 1415 5319 γὰρ
1450 5250 1583 5312 ὅλως
1623 5251 1922 5321 βαπτίζεις,

346 5342 548 5414 φησιν,
579 5345 628 5395 εἰ
664 5342 730 5394 σὺ
760 5341 859 5394 οὐκ
887 5335 939 5394 εἷ
965 5342 994 5393 ὁ
1025 5339 1293 5412 Χριστὸς,
1331 5338 1454 5390 οὐδὲ
1503 5339 1689 5405 Ἠλίας
1710 5380 1724 5404 ,
1760 5343 1877 5396 οὐδὲ
1899 5345 1927 5397 ὁ

347 5437 635 5506 προφήτης
659 5452 674 5499 ;
702 5453 723 5485 ι
772 5433 1050 5487 Φαίνονται
1079 5433 1135 5485 δὲ
1165 5431 1324 5484 πάλιν
1345 5469 1360 5494 ,
1394 5429 1452 5482 οὐ
1491 5431 1690 5500 μικρὰν
1715 5434 1928 5487 ὠδίνονο

345 5543 439 5590 τες
468 5528 606 5580 κατά
627 5525 723 5579 τοῦ
751 5523 1051 5579 Βαπτιστοῦ
1074 5524 1170 5594 τὴν
1192 5523 1551 5578 ἀπόνοιαν.οὐ
1572 5525 1678 5596 γὰρ
1697 5524 1926 5591 ἀξιοῦσι,

417 5643 468 5671 ’⁷
499 5642 605 5698 lsa.
637 5659 696 5703 ll,
722 5643 774 5698 3.
851 5644 897 5676 ’⁸
919 5645 1026 5698 lsa.
1054 5657 1213 5706 xxxv,
1246 5638 1297 5704 8,
1337 5643 1386 5696 9.

352 5713 552 5770 ‘Joan.
597 5730 635 5777 ι,
668 5713 755 5769 23.

1466 5646 1508 5674 9"
1554 5644 1655 5701 lsa.
1693 5663 1801 5714 xu,
1849 5647 1937 5705 27.

2026 3155 2286 3211 hortabor
2309 3151 2375 3206 ad
2401 3149 2545 3204 viam
2566 3147 2635 3202 θ’.
2673 3165 2691 3197 ι

2097 3245 2267 3302 Idem.
2298 3263 2316 3296 ι
2356 3241 2424 3297 Et
2465 3241 2664 3296 ducam
2715 3253 2891 3292 caecos
2926 3236 2982 3290 in
3017 3233 3104 3287 via
3142 3247 3306 3302 quam
3343 3245 3452 3284 non
3499 3241 3599 3282 no—

2022 3347 2239 3404 verunt,
2266 3347 2318 3392 et
2347 3349 2447 3406 per
2477 3332 2704 3389 semitas
2732 3345 2872 3402 quas
2931 3343 3042 3382 non
3090 3330 3296 3380 norunt
3343 3319 3599 3376 incedere

2023 3432 2173 3502 ipsos
2208 3427 2404 3481 iaciam
2429 3426 2469 3479 ¹.
2519 3443 2538 3477 ι

2092 3520 2374 3575 Jeremias.
2413 3535 2432 3567 ι
2474 3514 2626 3570 State
2654 3527 2820 3583 super
2850 3511 2986 3575 vias,
3037 3515 3094 3562 et
3125 3507 3461 3572 interrogate
3506 3515 3598 3557 sc-

2023 3616 2189 3670 mitas
2225 3610 2436 3665 Domini
2471 3623 2590 3678 qua:
2620 3622 2650 3660 a
2684 3605 2925 3659 sreculo:
2977 3609 3032 3658 ct
3069 3600 3248 3654 videte
3271 3595 3476 3666 .qualis
3516 3601 3600 3648 est

2022 3705 2110 3758 via
2133 3703 2299 3764 bona,
2334 3707 2389 3756 et
2427 3697 2700 3752 ambulate
2751 3695 2806 3748 in
2855 3707 2942 3757 ea,
2973 3701 3026 3745 et
3066 3687 3362 3745 invenietis
3411 3681 3601 3752 puriﬁ-

2024 3795 2294 3852 cationem
2329 3789 2619 3844 animabus
2650 3785 2916 3841 vestris‘.
2959 3801 2977 3834 ι

2095 3887 2353 3951 Quaenam
2380 3895 2511 3950 ergo
2540 3879 2612 3934 sit
2653 3877 2744 3930 illa
2778 3876 2863 3928 via
2899 3876 3065 3939 bona,
3097 3886 3328 3940 quaeque
3358 3867 3603 3924 sanctiﬁ-

2025 3985 2114 4034 cat
2144 3973 2460 4030 iucedentes
2499 3971 2555 4026 in
2586 3983 2671 4034 ea,
2720 3967 2834 4035 ipse
2885 3965 3031 4019 dicat
3088 3962 3383 4017 Christus:
3425 3979 3445 4011 ι
3487 3960 3601 4028 Ego

2026 4085 2147 4127 sum
2174 4068 2261 4120 via
2285 4066 2326 4118 ⁸.
2371 4084 2390 4116 ι

2095 4161 2136 4228 1,
2167 4157 2361 4214 25-25.
2399 4154 2466 4209 Et
2511 4154 2601 4226 qui
2639 4151 2789 4206 missi
2823 4150 3060 4218 fuerant,
3115 4153 3362 4199 erantex
3410 4137 3603 4193 Phari-

2027 4253 2148 4309 swis
2174 4267 2192 4306 :
2223 4261 2270 4305 et
2301 4251 2758 4316 interrogaverunt
2791 4257 2930 4304 cum,
2963 4249 3013 4291 et
3050 4237 3301 4289 dixerunt
3330 4235 3378 4287 ei
3409 4247 3427 4284 :
3459 4228 3600 4294 Quid

2027 4358 2148 4412 ergo
2199 4341 2461 4408 baptizas,
2503 4339 2551 4390 si
2585 4343 2641 4387 tu
2669 4348 2773 4385 non
2807 4346 2861 4383 es
2893 4327 3163 4388 Christus,
3215 4339 3377 4390 neque
3424 4318 3600 4382 Elius,

1958 4423 2002 4478 Ι)
2031 4449 2193 4503 neque
2219 4429 2477 4499 propheta
2505 4429 2530 4482 Ξ)

2095 4523 2252 4590 Quia
2287 4520 2491 4575 Judaeis
2549 4515 2704 4571 missi
2739 4520 2922 4573 erant,
2968 4510 3170 4566 Levita:
3221 4507 3502 4571 nimirum,
3551 4513 3605 4561 et

2022 4616 2247 4688 quidam
2273 4629 2340 4669 ex
2381 4608 2737 4668 sacerdotum
2779 4605 2996 4669 ordine,
3026 4600 3187 4671 110
3211 4599 3432 4654 stultam
3457 4613 3606 4668 quae.

2023 4709 2260 4765 stionem
2321 4703 2520 4760 fecisse
2584 4699 2979 4771 arguebantur.
3039 4695 3218 4748 Alium
3277 4694 3422 4747 enim
3482 4705 3607 4744 esse

2024 4801 2327 4861 Christum,
2357 4797 2522 4850 alium
2547 4787 3073 4864 prophetam‘illum,
3109 4785 3269 4854 cujus
3312 4786 3368 4839 in
3396 4785 3511 4851 lege
3547 4781 3603 4834 tit

2030 4891 2236 4948 mentio
2263 4888 2546 4958 suspicati,
2585 4900 2710 4940 cum
2743 4891 2973 4938 sanctus
3002 4878 3247 4947 Baptista
3287 4873 3603 4943 respondiso

2032 4991 2114 5040 set
2142 4997 2202 5038 se
2230 4995 2340 5036 non
2367 4994 2490 5035 esse
2513 4977 2823 5036 Christum,
2857 4971 3110 5026 dicebant
3135 4985 3152 5022 τ
3193 4985 3210 5017 ι
3241 4964 3514 5033 PrOpheta
3542 4976 3603 5016 es

2029 5075 2128 5129 tu?
2168 5093 2186 5126 ι
2237 5071 2340 5126 Sed
2389 5084 2520 5124 ecce
2572 5067 2734 5122 turba
2769 5067 2886 5134 ipsa
2936 5074 3155 5130 quoque
3200 5055 3600 5108 Pharismornm

2028 5180 2169 5220 vana
2219 5161 2576 5232 persuasione
2637 5155 2923 5226 sapientia:
2975 5150 3156 5205 inﬂata
3199 5145 3386 5216 potius
3438 5157 3601 5212 quam

2030 5270 2156 5309 vera
2209 5252 2525 5308 divinorum
2590 5246 2944 5300 oraculorum
3009 5237 3321 5308 cognitione
3378 5233 3603 5304 praedita

2031 5360 2156 5403 esse
2177 5339 2627 5413 deprehenditur.
2667 5354 2687 5388 ι
2725 5332 2866 5398 Quid
2891 5331 3059 5392 enim,
3108 5347 3128 5380 ι
3166 5327 3417 5391 obsecro,
3454 5343 3474 5377 ι
3508 5325 3608 5380 ba-

2035 5437 2232 5508 ptizas,
2272 5453 2290 5485 ι
2331 5432 2610 5501 inquiunt,
2651 5447 2669 5479 ι
2709 5427 2838 5482 situ
2871 5439 2977 5489 non
3021 5437 3080 5477 es
3101 5419 3389 5482 Christus,
3429 5432 3608 5488 neque

2040 5507 2209 5589 filias,
2269 5540 2445 5596 neque
2500 5516 2853 5593 propheta‘?
2893 5534 2912 5568 ι
2974 5511 3075 5568 llic
3106 5525 3301 5567 rursus
3354 5507 3607 5564 videntur

2019 5649 2032 5679 ¹
2081 5648 2186 5702 lsa.
2228 5663 2358 5711 xui,
2405 5644 2487 5698 16.
2567 5639 2818 5698 ’Jcrcm.
2857 5650 2934 5704 vi,
2978 5631 3062 5690 l6.
3152 5629 3174 5661 ³
3203 5627 3356 5685 Joan.
3399 5644 3508 5694 xxv,
3549 5625 3603 5680 6.
