4040 6214
457 336 548 402 ιςῖ
1447 331 1505 403 5,
1545 322 1820 404 CYBILLI
1859 304 2337 383 ALEXANDMNI’
2362 311 2677 374 ARClllEP.

3606 256 3704 356 isi

449 454 714 512 Joannem
747 452 1044 526 Baptistam
1076 466 1185 507 non
1232 464 1424 521 parum
1477 447 1681 504 habere
1710 441 2015 516 despectui.

2123 436 2262 490 κατά
2290 434 2350 487 τὺ
2381 431 2554 494 εἰκὸς,
2582 432 2641 483 ὲν
2670 426 2747 497 τῷ
2779 422 3066 492 καταλόγῳ
3095 416 3204 473 τῶν
3244 416 3715 490 προσδοκωμένων

452 547 657 602 Nolunt
678 546 848 611 enim,
877 553 936 601 ut
965 552 1215 616 apparet,
1261 543 1440 612 ipsum
1472 542 1526 597 in
1565 554 1756 596 eorum
1802 553 2031 595 numero

452 640 547 709 qui
604 637 1074 708 exspectabantur
1106 636 1405 700 collocare,
1464 632 1562 689 sed
1629 629 1887 686 familiari
1926 628 2028 685 sibi

456 731 600 786 fastu
634 730 793 784 nihili
828 728 1061 793 faciunt,
1109 727 1365 797 quamvis
1416 725 1699 795 prophetae
1731 737 1865 777 voce
1901 733 2032 792 prae-

455 821 744 876 nuntiatus
773 820 868 876 sit.
902 820 1038 875 Cum
1066 819 1213 875 enim
1241 818 1547 872 audierint:
1577 833 1597 869 ι
1634 815 1748 886 Ego
1775 828 1895 868 sum
1925 826 2031 866 vox

455 915 745 969 clamantis
770 913 826 968 in
860 914 1079 968 deserto
1113 930 1126 967 :
1154 910 1348 966 Parate
1376 911 1521 965 viam
1551 908 1765 963 Domini
1787 906 1832 974 ⁸,
1857 925 1877 959 ι
1906 920 2032 961 ora-

453 1006 581 1060 culo
619 1005 847 1073 rejecto,
887 1003 1241 1073 impudenter
1270 1002 1454 1072 ipsum
1509 1000 1597 1054 his
1629 996 2026 1068 propemodum

451 1098 639 1154 verbis
674 1098 1104 1169 aggrediuntur:
1150 1095 1331 1157 Nulla,
1362 1111 1396 1149 ο
1449 1092 1704 1163 quisquis
1746 1105 1828 1153 es,
1870 1090 1925 1143 in
1977 1096 2031 1144 te

449 1199 537 1248 est
566 1192 895 1252 auctoritas;
926 1190 1061 1243 nihil
1098 1188 1277 1258 magni
1313 1195 1406 1242 aut
1456 1184 1841 1239 admirabilis:
1874 1181 2028 1252 quid,

453 1298 578 1337 cum
608 1284 745 1337 nihil
786 1284 905 1353 ipse
927 1283 1026 1345 sis,
1060 1289 1272 1334 tantam
1293 1294 1408 1335 rem
1446 1276 1663 1332 moliris
1684 1275 1710 1329 ἲ
1732 1275 2029 1346 impiorum

450 1370 857 1430 Pharisaeorum
893 1375 997 1429 iste
1041 1388 1159 1427 mos
1201 1379 1341 1436 erat,
1370 1376 1733 1446 .prassentem
1790 1367 2027 1432 elevare,

447 1484 573 1522 eum
609 1475 791 1523 autem
828 1467 924 1536 qui
957 1474 1223 1520 venturus
1248 1470 1366 1519 erat
1394 1461 1522 1516 ﬁcto
1549 1462 1759 1514 honore
1789 1457 2023 1513 allicere.

453 1556 540 1613 Ut.
559 1558 705 1612 enim
734 1556 876 1627 apud
905 1552 1124 1610 Iudaeos
1148 1554 1202 1608 in
1232 1554 1441 1607 honore
1467 1564 1682 1622 semper
1721 1556 1928 1612 essent,
1975 1554 2031 1603 et

448 1650 673 1705 divitias
701 1649 951 1719 ingentes
970 1647 1072 1703 sibi
1094 1652 1502 1718 compararent,
1527 1642 1803 1698 neminem
1828 1651 2029 1711 praeter

450 1756 513 1795 se
543 1740 803 1795 honorari
838 1740 1208 1811 patiebantur.
1243 1736 1545 1809 Propterea
1579 1737 1759 1808 ipsum
1806 1750 2026 1807 quoque

449 1830 843 1887 interfecerunt
892 1831 1182 1895 haeredem,
1238 1830 1520 1887 dicentes:
1567 1847 1586 1881 ι
1632 1827 1847 1895 Venite,
1878 1828 2027 1883 occi-

448 1924 647 1980 damus
677 1939 823 1988 einn,
851 1933 905 1980 et
959 1924 1288 1980 habebimus
1349 1922 1726 1977 haereditatem
1774 1922 1897 1993 ejus
1915 1920 1958 1975 ⁸.
2003 1937 2022 1973 ι

520 2185 565 2251 Ι,
590 2184 779 2240 26-27.
816 2178 1106 2254 Respondit
1143 2185 1218 2239 eis
1245 2181 1506 2251 Joannes,
1541 2182 1760 2238 dicens:
1795 2180 1903 2254 Ego
1935 2183 2029 2237 ba-

445 2280 593 2345 p‘tizo
621 2278 679 2333 in
735 2294 915 2349 aqua:
954 2277 1157 2331 medius
1194 2286 1369 2330 autem
1410 2286 1637 2330 vestrum
1664 2277 1834 2339 stetit,
1875 2292 2027 2346 quem

448 2380 538 2426 nos
570 2371 802 2425 nescitis.
834 2369 952 2438 Ipse
975 2379 1075 2432 est,
1106 2370 1198 2441 qui
1237 2379 1352 2439 post
1390 2384 1487 2442 mc‘
1515 2380 1760 2422 venturus
1791 2377 1891 2429 est,
1939 2370 2030 2436 qui

448 2471 573 2516 ante
605 2478 685 2514 me
706 2459 883 2529 factus
913 2469 1029 2519 est;
1056 2459 1208 2527 cujus
1232 2474 1335 2511 non
1358 2474 1475 2513 sum
1502 2457 1716 2528 dignus,
1748 2467 1806 2511 ut
1825 2459 2027 2514 solvam

444 2555 561 2626 ejus
591 2555 881 2624 corrigiam
921 2550 1288 2606 calceamenti.

517 2735 718 2791 Beatus
757 2730 1002 2804 Baptista
1048 2747 1205 2803 aequo
1255 2732 1440 2787 animo
1489 2729 1595 2787 fert
1649 2732 2023 2803 increpantes,

442 2837 500 2886 et
529 2828 685 2883 valde
700 2827 950 2898 apposite
978 2825 1241 2881 salutaris
1267 2825 1529 2896 praeconii
1553 2824 1900 2880 occasionem
1935 2840 2028 2880 su-

442 2921 547 2975 mit
571 2936 637 2976 e:
663 2920 731 2974 iis
760 2933 881 2989 quae
912 2916 978 2973 de
1008 2933 1069 2974 se
1116 2924 1338 2972 narrat:
1380 2917 1650 2988 docetque
1679 2917 1899 2973 demum
1937 2918 2024 2973 vel

443 3010 651 3067 invitos
683 3010 777 3080 qui
809 3009 878 3064 ad
911 3024 971 3064 se
999 3008 1153 3063 missi
1182 3016 1339 3062 erant
1371 3004 1704 3069 Pharisaeos,
1736 3007 2021 3064 Christum

2132 522 2541 596 κάτ[ατ]ἀττειν
2585 517 2770 582 αὐτὸν,
2800 514 2900 586 τὴν
2939 512 2998 565 δὲ
3044 511 3257 572 ἑαυτοῖς
3294 506 3709 578 συντεθραμμέ-
3776 519 3787 523 ν

2130 634 2229 689 νην
2256 613 2536 675 νοσοῦντες
2557 605 2948 679 ἀλαζον[ε]ίαν,
2966 602 3118 656 οὐδὲν
3136 599 3274 654 εἶναι
3289 600 3590 670 νομίζουσι,
3604 598 3709 653 κᾶν

2129 688 2220 762 διὰ
2248 706 2347 777 τῆς
2374 703 2468 758 τοῦ
2503 701 2784 773 προφήτου
2818 693 3261 768 προαγγέλληται
3289 690 3497 761 φωνῆς.
3515 688 3710 743 Ἀκού-

2133 808 2325 861 σαντες
2354 794 2499 865 γὰρ,
2544 794 2626 847 δτι
2656 808 2685 842 r
2718 786 2861 857 Ἐγώ
2885 787 3004 856 είμι
3044 782 3199 854 φωνὴ
3250 780 3485 852 βοῶντος
3529 781 3591 832 ὲν
3637 781 3708 849 τῇ

2131 890 2342 961 ἐρήμῳ·
2367 884 2725 956 Ἑτοιμάσατε
2753 880 2852 952 τὴν
2876 878 2995 933 ὁδὸν
3026 874 3254 946 Κυρίου,
3291 892 3310 924 ι
3345 871 3437 925 τὸν
3463 868 3710 961 λόγονού

2130 960 2601 1050 παραδεξάμενοι,
2659 968 2937 1043 μονονουχὶ
2953 998 2981 1033 ,ι
3025 965 3121 1019 καὶ
3170 962 3367 1033 ἀνέδην
3413 960 3711 1030 ἐπιτιμῶσι

2129 1070 2404 1141 λέγοντεςθ
2426 1067 2622 1133 Οὐδὲν,
2652 1058 2697 1119 ὦ
2725 1058 2991 1128 οὗτος,-ὲν
3021 1059 3103 1113 σοὶ
3127 1057 3188 1111 τὸ
3217 1055 3558 1121 ἀξιόπιστον,
3595 1053 3708 1107 ἀλλ’

2129 1160 2251 1218 οὐδὲ
2282 1161 2345 1215 τὸ
2376 1158 2710 1231 θαυμαστὸν,
2740 1153 2775 1229 ἦ
2809 1154 2982 1226 μέγαν
3014 1151 3069 1205 τί
3098 1146 3197 1204 καῖ
3220 1148 3361 1211 ὅλως
3388 1143 3671 1218 βαπτίζεις
3690 1163 3713 1211 ;,

2128 1255 2183 1309 τί
2204 1254 2260 1308 δὲ
2282 1253 2567 1324 πράγματι
2594 1247 2930 1320 τηλικούτῳ,
2958 1244 3018 1299 τὸ
3047 1242 3223 1314 μηδὲν
3249 1239 3348 1303 ὢν,
3373 1240 3705 1310 ὲπιχειρεῖςς

2129 1346 2288 1409 Ἐθος
2321 1344 2380 1399 δὲ
2415 1344 2575 1397 τοῦτο
2604 1344 2778 1396 ποιεῖν
2814 1341 2927 1402 τοῖς
2955 1335 3191 1397 ἀνοσίοις
3229 1331 3577 1402 Φαρισαίοις,
3614 1330 3713 1383 τὸν

2133 1438 2230 1510 μὲν
2262 1437 2365 1509 ήδη
2394 1436 2636 1507 παρόντα
2663 1428 3126 1501 κατασμικρύνειν
3144 1465 3160 1489 ,
3211 1420 3626 1495 προσποιεῖσθαι
3648 1421 3707 1475 δὲ

2133 1528 2334 1601 μᾶλλον
2360 1528 2527 1598 τιμᾷν
2553 1524 2647 1580 τὸν
2681 1523 3006 1595 ἀφιξόμενον
3031 1537 3046 1552 ι
3076 1519 3167 1573 ἵνα
3184 1517 3295 1588 γὰρ
3326 1516 3412 1570 ἀεὶ
3431 1514 3530 1578 τὰς
3558 1512 3713 1583 παρά
3829 1545 3854 1566 κ

2127 1621 2237 1675 τῶν
2266 1619 2535 1674 Ἰουδαίων
2554 1613 3051 1689 πραγματεύωνται
3073 1610 3260 1682 τιμὰς,
3284 1607 3377 1663 καὶ
3409 1605 3719 1678 χρημάτων

2130 1712 2344 1775 ἑαυτοῖς
2397 1710 2698 1782 πῳξενῶσι
2750 1706 3053 1779 πορισμοὺς
3076 1743 3091 1768 ,
3145 1702 3336 1756 ούδένα
3378 1699 3491 1753 τῶν
3528 1698 3707 1754 ἄλλων

2059 1777 2101 1838 Β
2127 1803 2359 1875 ὁρᾶσθαι
2409 1777 2687 1874 βούλονται
2719 1777 3020 1869 διαπρεπῆ.
3076 1793 3234 1849 Οῦτω
3265 1794 3375 1864 γ’ἀρ
3418 1791 3514 1845 καὶ
3542 1789 3707 1844 αὑτὸν

2130 1894 2456 1950 ἀπέκτειναν
2477 1895 2568 1948 τὸν
2598 1890 2959 1964 κληρονόμον,
2988 1886 3269 1957 λέγοντες⁹
3310 1903 3330 1936 ι
3358 1880 3551 1946 Δεῦτε,
3569 1882 3707 1936 ἀπο-

2131 1988 2432 2059 κτείνωμεν
2486 1984 2680 2050 αύτδν,
2736 1983 2831 2038 καὶ
2903 1979 3122 2053 σχῶμεν
3179 1978 3278 2050 τὴν
3343 1974 3715 2048 κληρονομίαν

2129 2079 2314 2135 αὑτοῦ.
2353 2098 2373 2133 ι

2213 2171 2517 2239 Ἀπεκρίθη
2545 2166 2750 2234 αὐτοῖς
2774 2168 2809 2222 ό
2849 2164 3141 2232 Ἰωάννης,
3171 2161 3387 2232 λέγων·
3431 2158 3575 2229 Ἐγὼ
3593 2159 3708 2223 ,βαι

2130 2262 2305 2325 πτίζω
2325 2264 2395 2317 ἐν
2413 2263 2584 2317 ὕδατι
2607 2279 2621 2293 ο
2653 2259 2845 2331 μέσος
2867 2258 2935 2312 δὲ
2956 2255 3120 2327 ὑμῶν
3138 2255 3417 2322 ἔστηκεν,
3444 2252 3517 2306 ὃν
3539 2249 3712 2319 ὑμεῖς

2129 2357 2239 2410 οὐκ
2262 2354 2480 2409 οἴδατε.
2503 2353 2695 2417 Αὐτός
2712 2351 2902 2413 ἐστιν,
2928 2351 2962 2403 ό
2996 2348 3189 2402 ὀπίσω
3217 2362 3334 2416 μου
3365 2345 3705 2414 ἐρχόμενος,

2130 2446 2200 2514 ὃς
2246 2446 2588 2517 ἔμπροσθέν
2643 2461 2764 2515 μου
2814 2442 3095 2513 γέγονεν,
3142 2434 3216 2494 οὗ
3258 2437 3373 2508 ἐγὼ
3429 2439 3542 2491 οὐκ
3591 2430 3711 2503 ειμι

2129 2539 2328 2607 ἄξιος,
2378 2536 2481 2595 ἵνα
2510 2538 2682 2593 λύσω
2726 2534 2916 2590 αὑτοῦ
2954 2534 3062 2587 τὸν
3093 2530 3307 2603 ἱμάντα
3346 2528 3455 2583 τοῦ
3481 2525 3712 2594 {medria-

2123 2649 2335 2701 ματος.

2212 2721 2572 2794 Ἀνεξικάκως
2615 2722 2643 2775 ὁ
2678 2719 2946 2791 μακάριος
2969 2712 3284 2785 Βαπτιστὴς
3327 2706 3710 2779 ἐπιτιμώντων

2130 2814 2383 2885 ἀνέχεται
2402 2829 2417 2845 ⁸
2450 2811 2781 2884 εύαφόρμως
2831 2808 2889 2862 δὲ
2914 2808 3034 2861 λίαν
3070 2804 3169 2877 τὴν
3194 2805 3251 2856 ὲν
3281 2804 3394 2865 τοῖς
3424 2798 3546 2854 καθ’
3577 2798 3708 2851 tau-

2127 2904 2218 2960 τὸν
2265 2906 2524 2977 ἐξήγησιν
2565 2901 2823 2957 ὑπόθεσιν
2866 2900 3103 2954 ἐποιεῖτο
3147 2894 3242 2949 τοῦ
3295 2891 3563 2962 σωτηρίου
3605 2904 3708 2958 κη-

2133 2995 2407 3068 ρύγματος
2432 3009 2447 3025 ⁸
2499 2991 2740 3047 διδάσκει
2791 2990 2848 3043 δὲ
2896 2989 2998 3060 ἤδη
3052 2986 3146 3040 καὶ
3179 2985 3282 3053 οὐχ
3323 2981 3549 3043 ἑκόντας
3581 2980 3706 3041 τοὺς

442 3103 588 3156 intra
615 3069 803 3172 portas
838 3114 980 3156 esse.
1036 3097 1150 3169 Ego
1208 3098 1376 3163 enim,
1430 3097 1629 3171 inquit,
1692 3098 2022 3169 baptismum

2129 3086 2279 3159 παρὰ
2306 3084 2416 3138 τῶν
2452 3083 2765 3155 Φαρισαίων
2810 3078 3293 3149 ἀπεσταλμένους,
3335 3075 3525 3142 ὅτιπερ
3575 3069 3709 3123 εἴσω

442 3196 614 3253 οπετο
643 3194 1038 3256 institutivum,
1072 3193 1308 3248 abluens
1343 3207 1484 3263 aqua
1515 3200 1745 3262 peccato
1774 3193 2026 3264 inquina-

442 3297 532 3345 tos
560 3288 629 3344 ad
655 3287 868 3343 initium
901 3286 1260 3357 poenitentiae,
1300 3294 1356 3340 et
1384 3284 1636 3339 homines
1677 3300 1707 3337 a
1739 3285 1924 3356 parvis
1956 3283 2025 3338 ad

442 3379 774 3452 perfectiora
839 3379 1043 3433 docens
1085 3375 1266 3432 evehi.
1333 3373 1450 3430 Hoc
1502 3374 1653 3430 enim
1707 3382 1793 3431 est
1831 3390 2027 3447 reapse

442 3472 712 3544 implere,
768 3469 837 3525 ad
900 3469 1049 3539 quod
1111 3467 1522 3539 praedicandum
1593 3483 1716 3525 sum
1776 3469 2022 3532 missus,

449 3585 469 3618 ι
496 3564 714 3626 Parate,
741 3581 759 3614 ι
788 3561 1214 3633 ιιιεοὶιίοθι,ι
1238 3561 1378 3617 viam
1398 3560 1636 3616 Domini.
1660 3580 1681 3613 ι
1703 3559 1807 3629 Qui
1841 3570 2022 3618 autem

444 3656 715 3726 majorum
762 3648 824 3711 et
873 3654 1186 3724 digniorum
1236 3652 1400 3708 dator
1456 3661 1561 3718 est,
1625 3668 1692 3708 ac
1757 3653 2026 3710 universae

443 3749 712 3804 bonorum
746 3745 1102 3819 perfectionis
1128 3745 1377 3817 largitor,
1404 3745 1458 3800 in
1486 3745 1671 3801 medio
1693 3751 1803 3800 stat
1831 3747 2022 3810 vestri,

445 3840 666 3910 ignotus
696 3837 899 3901 adhuc,
933 3836 1064 3906 quia
1102 3851 1274 3891 carne
1308 3834 1535 3891 indutus
1568 3843 1695 3891 est:
1735 3835 1829 3906 qui
1872 3841 2025 3889 tanto

444 3945 536 3989 me
565 3930 853 3986 intervallo
882 3936 1129 4000 superat,
1160 3936 1220 3983 ut
1254 3944 1324 3984 ne
1354 3927 1500 3985 servi
1527 3929 1651 3982 loco
1680 3926 1905 3998 dignum
1936 3943 2026 3983 me

440 4024 586 4094 apud
618 4023 800 4094 ipsum
846 4031 1118 4094 reputem,
1181 4024 1283 4077 hoc
1334 4024 1506 4088 enim,
1553 4038 1673 4077 mea
1730 4021 2021 4088 sententia,

441 4114 718 4187 signiﬁcat
750 4115 909 4182 illud,
945 4134 965 4166 ι
1006 4112 1126 4169 Non
1161 4128 1283 4169 sum
1308 4111 1509 4184 dignus
1552 4120 1614 4166 ut
1662 4112 1868 4167 solvam
1903 4111 2023 4180 ejus

435 4201 738 4273 corrigiam
772 4202 1157 4258 calceamenti.
1200 4221 1219 4255 ι
1255 4202 1313 4255 In
1347 4216 1457 4272 quo
1487 4216 1614 4256 cum
1646 4216 1832 4256 verum
1864 4200 2019 4266 dicit,

436 4301 558 4346 tum
614 4294 764 4348 aliud
800 4293 931 4348 facit
964 4296 1352 4353 observatione
1394 4295 1644 4368 dignum.
1707 4293 2020 4352 Pharisaeos

434 4385 592 4440 enim
648 4383 715 4436 ad
762 4384 1087 4440 modeStiam
1146 4396 1398 4456 revocat,
1457 4389 1754 4462 semetipso
1813 4387 1882 4443 ad
1939 4388 2020 4445 rei

435 4473 751 4543 exemplum
778 4475 1084 4544 preposito.

507 4730 547 4796 ἰ,
571 4731 662 4787 28.
701 4730 828 4785 [hac
853 4731 905 4785 in
929 4730 1189 4787 Bethania
1207 4732 1355 4803 facta
1382 4744 1505 4788 sunt
1531 4741 1679 4789 trans
1701 4734 2016 4801 Iordanem,

434 4820 530 4876 ubi
555 4831 671 4875 erat
699 4819 936 4875 Joannes
972 4821 1274 4890 baptizans.

507 4911 716 4969 Locum
751 4920 926 4978 notat,
982 4925 1042 4969 ut
1090 4922 1352 4970 accurate
1385 4913 1781 4985 diligenterque
1817 4913 2013 4971 factam

433 5019 563 5061 csse
608 5004 984 5059 narrationem
1020 5004 1318 5075 signiﬁcet.
1356 5003 1610 5061 Solemus
1667 5005 1835 5070 enim,
1889 5021 2014 5061 cum

431 5098 507 5151 de
535 5096 701 5152 rebus
726 5097 946 5180 magnis
979 5095 1229 5152 iacienda
1259 5096 1423 5153 nobis
1443 5105 1527 5154 est
1554 5100 1822 5166 narratio,
1849 5100 2014 5155 etiam

433 5189 755 5247 meminisse
784 5190 1050 5257 locorum,
1078 5191 1135 5247 in
1166 5191 1368 5264 quibus
1397 5206 1492 5248 eas
1524 5190 1640 5248 ﬁeri
1680 5192 1930 5265 contigit.

494 5444 521 5477 '
560 5451 647 5510 isa
696 5473 789 5522 se,
828 5456 893 5522 '5;
920 5457 1074 5513 Juan.
1114 5474 1152 5526 l,
1198 5460 1288 5514 23.
1365 5460 1385 5490 ⁸
1412 5458 1603 5513 Matth.
1639 5474 1753 5524 χχι,
1785 5457 1873 5513 58.

2127 3178 2307 3251 θυρῶν
2340 3178 2369 3230 ὁ
2396 3175 2649 3248 Χριστός.
2702 3172 2844 3241 Ἐγὼ
2889 3171 2988 3244 μὲν
3018 3168 3147 3241 γὰρ,
3185 3168 3339 3238 φησὶ,
3373 3164 3709 3231 παιδαγωγι-

2126 3273 2222 3327 κδν
2243 3269 2484 3342 εἰσφέρω
2511 3267 2572 3322 τδ
2603 3268 2918 3354 βάπτισμα,
2966 3263 3095 3326 τοὺς
3127 3260 3186 3328 ἐξ
3222 3257 3499 3330 ἁμαρτίας
3534 3270 3707 3325 μεμο-

2124 3364 2428 3436 λυσμένους
2465 3359 2746 3416 ἀπολούων
2789 3347 2945 3413 ὕδατι
2992 3353 3130 3427 πρὸς
3174 3350 3463 3423 μετανοίας
3509 3347 3709 3418 ἀρχὴνι

2125 3459 2220 3512 καὶ
2256 3457 2321 3511 ἐκ
2364 3454 2475 3509 τῶν
2520 3450 2941 3522 ὑποϐεϐηκότων
2984 3441 3413 3515 ἀνακομίζεσθαι
3442 3439 3709 3494 διδάσκων

2124 3547 2217 3602 ἐπὶ
2248 3549 2319 3602 τὰ
2365 3543 2678 3616 τελειότερα
2702 3558 2717 3573 ·
2768 3540 2926 3595 τοῦτο
2952 3538 3061 3610 γὰρ
3097 3533 3164 3609 ἦν
3207 3535 3354 3606 ἔργῳ
3384 3529 3646 3603 πληροῦν,
3674 3529 3711 3584 δη

2125 3638 2414 3710 κηρύττειν
2458 3632 2803 3703 ἀπεστάληνο
2866 3646 2886 3683 t
2936 3629 3327 3698 Ἑτοιμάσατε,
3376 3644 3395 3678 ι
3428 3623 3703 3695 δηλονότι,

2132 3749 2151 3784 ι
2181 3730 2277 3803 τὴν
2307 3730 2423 3784 ὁδὸν
2454 3727 2682 3799 Κυρίου.
2714 3745 2732 3777 ι
2778 3724 2836 3778 '0
2863 3723 2920 3777 δὶ
2942 3721 3051 3775 τῶν
3076 3718 3341 3792 μειζόνων
3368 3734 3426 3771 τε
3448 3716 3541 3770 καὶ
3560 3715 3709 3782 ἀξιο-

2124 3821 2448 3891 λογωτάτων
2475 3818 2673 3890 δοτὴρ,
2732 3818 2829 3871 καὶ
2860 3814 3080 3885 ἀπάσης
3113 3810 3449 3880 τελειότητος
3494 3809 3593 3878 τῆς
3620 3807 3707 3859 ἐπ’
3774 3843 3793 3859 .

2125 3914 2349 3983 ἀγαθοῖς
2383 3910 2619 3984 χορηγὸς
2639 3949 2654 3973 ,
2685 3908 2849 3980 μέσος
2884 3906 3039 3978 ὑμῶν
3072 3905 3260 3976 στήκει
3281 3944 3294 3967 ,
3347 3899 3708 3970 ἀγνοούμενος

2123 4007 2205 4060 ἔτι
2232 4007 2321 4060 διὰ
2362 4006 2461 4075 τὴν
2489 4005 2555 4057 ὲκ
2590 4000 2693 4073 τῆς
2723 3999 2923 4071 σαρκὸς
2953 3996 3267 4069 περιϐολὴν,
3314 3994 3568 4047 τοσοῦτον
3605 3989 3707 4062 ἐμὲ

2122 4098 2215 4151 τὸν
2244 4093 2557 4163 Βαπτιστὴν
2587 4090 2963 4163 ύπερτρέχων,
2991 4088 3068 4153 ὡς
3098 4088 3305 4141 οἴεσθαι
3335 4086 3446 4139 δεῖν
3473 4083 3707 4155 ἐμαυτὸν

2122 4192 2241 4247 οὐδὲ
2271 4193 2328 4245 ὲν
2351 4188 2563 4243 οίκέτου
2590 4186 2744 4252 τάξει
2773 4186 3087 4258 μετρεῖσθαι
3120 4184 3247 4253 παρ’
3278 4180 3471 4249 ἐκείνῳ
3496 4196 3511 4209 ·
3550 4178 3708 4232 τοῦτο

2122 4285 2231 4353 γὰρ
2299 4276 2452 4352 οἴμαι
2486 4277 2679 4351 διλοῢν
2709 4277 2799 4342 τὸ,
2835 4294 2853 4328 ‹
2892 4275 3006 4329 Ούκ
3054 4274 3169 4343 είμὶ
3206 4271 3419 4334 ἱκανὸς,
3446 4269 3532 4322 ἵνα
3560 4266 3711 4320 λύσω

2123 4372 2288 4428 αὐτοῦ
2304 4370 2445 4445 [τὸν]
2475 4372 2675 4443 ἱμάντα
2688 4368 2783 4423 τοῦ
2804 4367 2973 4438 ύποδή
2983 4381 3169 4437 ματος,
3184 4364 3255 4416 ιι]
3263 4363 3451 4434 ρᾶγμα
3462 4360 3516 4413 δὲ
3531 4359 3709 4428 λέγων

2051 4472 2098 4530 υ
2124 4461 2341 4530 ἀληθὲς,
2381 4460 2567 4530 ἕτερον
2598 4458 2868 4529 ἐπίσημον
2898 4454 3187 4527 ἐργάζεται
3214 4468 3229 4483 ·
3266 4449 3709 4520 ταπεινοφρονεῖν

2126 4554 2235 4627 γὰρ
2260 4552 2541 4606 ἀναπείθει
2574 4551 2663 4604 τὸν
2692 4549 2927 4614 ἀλαζόνα
2950 4548 3261 4618 Φαρισαῖον,
3307 4543 3499 4598 ἑαυτὸν
3521 4541 3578 4593 δὲ
3610 4540 3706 4594 τύ-

2126 4661 2226 4698 πον
2254 4643 2497 4715 εἰσφέρει
2525 4641 2620 4695 τοῦ
2650 4643 2996 4713 πράγματος.

2202 4733 2392 4787 Ταῦτα
2411 4733 2481 4785 ἐν
2495 4731 2763 4799 Βηθανίᾳ
2781 4729 3017 4800 ἐγένετο
3035 4728 3225 4798 πέραν
3243 4726 3350 4781 τοῦ
3374 4721 3705 4794 Ἰορδάνου,

2124 4820 2277 4877 ὅπου
2317 4819 2397 4893 ἦν
2433 4821 2713 4891 Ἰωάννης·
2741 4821 3063 4888 βαπτίζων.
3420 4823 3425 4831 ’

2196 4913 2426 4984 Σημεῖον
2444 4911 2640 4985 ὥσπερ
2664 4916 2758 4966 καὶ
2795 4915 2951 4967 τοῦτο
2977 4912 3145 4976 τιθεὶς
3178 4912 3400 4983 μνήμης
3441 4907 3708 4980 ἀκριϐοῦς

2123 5006 2219 5058 καὶ
2242 5004 2466 5076 λεπτῆς.
2493 5005 2823 5077 Πεφύκαμεν
2850 5005 2959 5076 γάρ
2982 5020 3100 5069 πως
3121 5005 3216 5058 καὶ
3244 5001 3530 5073 εἰθίσμεθα
3563 5000 3707 5052 πάνε-

2122 5112 2246 5163 τες,
2304 5096 2378 5161 ὡς
2411 5096 2540 5160 ἔπος
2584 5098 2757 5152 εἰπεῖν
2780 5139 2795 5165 ,
2835 5098 2892 5151 ὲν
2917 5100 3029 5160 τοῖς
3075 5095 3205 5167 περὶ
3245 5093 3355 5147 τῶν
3391 5088 3706 5160 ἀναγκαίων

2122 5185 2420 5257 διηγήμασι
2446 5187 2759 5258 μεμνῆσθαι
2797 5187 2889 5241 καὶ
2915 5188 3117 5254 τόπων,
3168 5188 3226 5240 ὲν
3264 5179 3347 5249 οἷς
3379 5180 3518 5237 αύτά
3550 5177 3704 5251 γενέ-

2121 5276 2244 5330 σθαι
2278 5277 2643 5349 συμϐέϐηκεν.

3568 5454 3597 5469 ς
