4040 6214
471 281 565 340 19!
1467 285 1529 344 S.
1571 284 1852 344 CYRILLI
1887 285 2362 344 ALEXANDBINI
2403 287 2729 344 ARCHIEP.

3627 286 3730 346 1M

454 419 589 463 tam.
614 409 910 491 Propterea
944 408 1226 481 propheta:
1247 424 1470 482 quoque
1500 425 1823 467 mensuram
1844 425 2038 467 exces-

2144 411 2240 465 Διά
2290 411 2467 478 τοῦτο,
2499 411 2593 465 καὶ
2621 411 2682 464 τὸ
2723 407 3021 480 προφητῶν
3063 407 3371 491 ἀνεπήδησε
3403 405 3636 479 μέτρον,
3655 407 3732 474 ὡς

455 499 551 561 sit,
585 490 646 553 ti't
682 500 802 571 ipse
855 501 1060 555 alicubi
1116 499 1374 556 Salvator
1433 501 1512 555 ait
1554 515 1681 556 cum
1731 499 1938 558 Iudaeis
1971 501 2040 558 de

455 603 524 642 eo
549 589 831 646 disserens
875 610 889 646 :
931 609 949 643 ι
993 591 1134 656 Quid
1165 592 1357 648 existis
1401 592 1458 647 in
1505 593 1784 648 desertum
1818 592 2043 649 videre?

462 683 828 752 Pmphetam?
857 683 1034 737 Etiam
1065 683 1193 739 dico
1232 685 1407 749 vobis,
1442 693 1496 740 et
1529 685 1654 755 plus
1700 701 1865 755 quam
1913 701 2043 756 pro-

461 775 676 841 phetam
707 776 746 826 ν.
795 795 815 828 ι
857 775 938 830 llli
975 776 1122 831 enim
1173 777 1456 831 Christum
1494 775 1789 846 aliquando
1841 784 2038 832 ventu-

460 883 581 920 rum
614 867 1021 937 prophetabant
1053 887 1065 922 :
1097 869 1188 924 hic
1220 878 1402 923 autem
1435 885 1562 923 cum
1593 877 1890 924 venturum
1923 871 2039 925 cla-

461 966 657 1020 maret,
688 959 857 1013 etiam
917 959 1116 1016 adesse
1171 961 1523 1015 monstravit.
1561 979 1579 1012 ι
1627 960 1815 1014 Altera
1893 961 2040 1015 enim

460 1051 573 1114 die,
611 1051 814 1122 inquit,
850 1053 990 1107 vidit
1022 1050 1212 1108 Jesum
1253 1054 1566 1108 venientem
1598 1052 1664 1106 ad
1689 1067 1770 1107 se.
1801 1071 1820 1105 ι

531 1155 574 1220 1,
597 1154 689 1211 29.
723 1155 794 1209 Et
824 1157 902 1210 ait
933 1173 952 1211 :
985 1155 1120 1212 Ecce
1150 1156 1331 1229 Agnus
1367 1156 1485 1224 Dei,
1523 1157 1614 1225 qui
1665 1155 1806 1210 tollit
1851 1173 2034 1227 pecca-

460 1255 572 1301 tum
603 1249 808 1302 mundi.

529 1337 648 1393 Non
694 1338 808 1409 jam
859 1339 1060 1410 inquit,
1098 1357 1118 1391 ι
1165 1338 1358 1395 Parate
1392 1357 1448 1395 »ε
1492 1339 1892 1397 convenienter
1923 1354 2042 1395 am-

460 1427 606 1498 plius
664 1429 773 1484 dici
831 1437 1033 1499 potest,
1085 1444 1211 1484 cum
1266 1437 1529 1485 cernatur
1582 1431 1808 1485 demum
1866 1439 1924 1486 et
1983 1430 2040 1487 in

459 1522 638 1578 oculis
672 1523 745 1577 sit
790 1522 883 1576 ille
917 1529 1143 1593 propter
1172 1537 1334 1591 quem
1386 1523 1443 1578 lit
1487 1523 1840 1594 praeparatio.
1879 1522 2039 1578 Aliud

459 1613 718 1684 loquendi
753 1629 929 1685 genus
957 1629 1141 1669 rerum
1198 1622 1396 1669 natura
1435 1615 1703 1685 postulat.
1744 1615 2040 1686 Exponen-

458 1706 698 1761 dum‘est
731 1705 892 1779 114
921 1707 1045 1778 quis
1077 1707 1150 1762 sit
1179 1707 1271 1762 ille
1312 1708 1405 1778 qui
1447 1707 1562 1777 jam
1605 1709 1785 1772 adest,
1815 1715 1868 1764 et
1896 1723 2039 1779 quas

457 1795 530 1850 ob
591 1811 680 1851 res
718 1795 784 1850 ad
845 1812 945 1852 nos
979 1796 1350 1862 descenderit,
1397 1797 1492 1866 qui
1531 1797 1600 1853 de
1652 1798 1811 1855 caelis
1865 1799 2037 1855 venit.

462 1905 486 1939 ι
533 1887 674 1942 Ecce
711 1907 729 1940 ι
767 1886 956 1958 igitur,
987 1888 1188 1959 inquit,
1226 1907 1245 1940 ι
1287 1889 1474 1959 Agnus
1498 1887 1620 1952 Dei,
1655 1909 1674 1942 ι
1709 1905 1874 1960 quem
1909 1907 2042 1961 pro-

459 1980 625 2051 pheta
661 1979 802 2035 Isaia
835 1981 998 2036 nobis
1031 1980 1503 2051 przesignitlcavit,
1547 1980 1744 2038 dicens
1779 2000 1796 2038 :
1829 2001 1848 2035 ι
1883 1981 2041 2039 Sicut

457 2073 581 2128 ovis
597 2071 664 2126 ad
685 2073 1021 2129 occisionem
1052 2073 1259 2130 ductus
1276 2082 1383 2138 est,
1405 2081 1461 2129 et
1483 2073 1631 2131 sicut
1651 2089 1829 2145 agnus
1851 2090 2038 2131 coram

459 2164 724 2220 tondente
786 2180 846 2221 se
907 2166 1186 2221 obmutuit
1229 2166 1271 2222 ⁸.
1318 2185 1337 2217 1
1378 2165 1556 2233 Quem
1617 2166 1775 2232 olim,
1837 2167 2038 2239 inquit,

457 2254 631 2311 Mosis
675 2255 758 2312 lex
798 2256 1194 2327 praeﬁguravit.
1254 2255 1364 2312 Sed
1410 2272 1476 2312 eo
1515 2257 1741 2327 quidem
1793 2265 2042 2329 tempore

455 2346 716 2403 servabat
747 2363 813 2402 ex
870 2354 1044 2418 parte,
1083 2362 1193 2402 non
1253 2348 1311 2404 in
1367 2363 1563 2404 omnes
1604 2349 2041 2406 misericordiam

457 2453 613 2494 suam
671 2439 990 2496 dilfundens
1040 2457 1055 2493 :
1107 2448 1270 2512 typus
1320 2441 1465 2496 enim
1523 2449 1643 2498 erat
1698 2450 1757 2497 et
1806 2443 2039 2511 umbra;

457 2545 608 2587 nunc
637 2539 823 2587 autem
867 2531 961 2587 ille
988 2531 1201 2602 Agnus,
1226 2534 1318 2603 qui
1351 2533 1482 2588 olim
1512 2534 1862 2603 :enigmatice
1899 2550 2042 2606 prae-

457 2621 822 2693 ﬂgurahalur,
870 2622 1230 2680 immaculata
1284 2625 1378 2679 illa
1415 2625 1597 2681 hostia
1641 2641 1740 2697 pro
1780 2627 2041 2683 omnibus

455 2713 526 2768 ad
559 2715 897 2772 occisionem
934 2716 1178 2784 ducitur,
1211 2725 1272 2773 ut
1325 2717 1515 2773 mundi
1551 2727 1841 2789 peccatum
1886 2733 2040 2777 amo-

456 2813 602 2874 veat,
636 2814 696 2862 ut
727 2807 880 2864 orbis
908 2808 1400 2864 exterminatorem
1437 2815 1673 2875 evertat,
1705 2817 1769 2864 ut
1806 2818 2040 2866 mortem

456 2913 560 2970 pro
603 2898 862 2954 omnibus
908 2897 1168 2955 obeundo
1204 2907 1439 2956 mortem
1493 2900 1737 2965 aholeat,
1769 2908 1830 2955 ut
1863 2903 2042 2957 solvat

458 2991 740 3046 hominum
772 2990 1216 3048 maledictionem
1239 2993 1284 3060 ’,
1311 3000 1374 3047 ut
1404 3001 1582 3049 cesset
1615 2994 1834 3049 tandem
1870 2994 2037 3050 illud:

2143 501 2306 564 αὐτός
2357 500 2460 554 πού
2490 517 2655 572 φησιν
2703 501 2731 554 6
2761 498 2974 569 Σωτὴρ,
3008 497 3145 569 πρὸς
3172 495 3460 561 Ἰουδαίους
3490 498 3732 569 διαλεγόο

2146 609 2309 663 μενος
2355 592 2483 663 περὶ
2536 591 2734 646 αὐτοῦ’
2772 610 2790 644 ι
2833 590 2898 644 Τί
2935 588 3188 660 ἐξήλθετε
3237 589 3314 652 εἰς
3369 588 3469 659 τήν
3527 589 3732 661 ἔρημον

2145 682 2274 736 ίδείν
2300 699 2314 750 ;
2339 683 2634 753 Προφήτην
2661 701 2675 750 ;
2707 683 2818 736 Ναὶ
2843 680 2986 750 λέγω
3015 680 3166 751 ὑμῖν,
3203 680 3298 733 καὶ
3344 682 3733 753 περισσότερον

2143 775 2477 844 προφήτου.»
2509 774 2574 827 Oi
2600 773 2700 845 μὲν
2731 771 2840 844 γὰρ
2875 772 2955 826 ὅτι
2990 771 3130 825 κατὰ
3157 772 3385 843 καιροὺς
3417 773 3737 851 ἀναδειχθήο

2144 880 2292 917 σεται
2324 864 2559 935 Χριστὸς
2599 863 2994 936 προεφήτευον,
3038 865 3066 916 6
3089 863 3146 917 δέ
3175 863 3250 926 ὡς
3287 863 3406 935 ἣξει
3441 865 3600 934 βοῶν,
3638 868 3735 920 καὶ⁵

2143 954 2387 1026 παρόντα
2399 955 2622 1024 δέδειχε.
2646 973 2665 1007 ι
2694 956 2774 1026 Τῇ
2812 954 2919 1026 γάρ
2949 954 3233 1022 ἐπαύριον,
3258 956 3412 1026 φησὶ,
3433 957 3618 1028 βλέπει
3641 959 3744 1012 τὸν.

2155 1046 2363 1118 Ἰησοῦν
2388 1047 2684 1118 ἐρχόμενον
2713 1048 2850 1118 πρὸς
2880 1047 3069 1104 αὐτόν.
3103 1067 3122 1101 1

2215 1158 2328 1212 Καὶ
2354 1159 2549 1228 λέγει·
2578 1160 2701 1216 Ἴδε
2721 1163 2754 1215 ὀ
2794 1161 3012 1232 Ἀμνὸς
3043 1147 3151 1216 τοῦ
3185 1161 3334 1217 Θεοῦ
3359 1165 3393 1217 ὁ
3413 1163 3597 1232 αἴρων
3617 1163 3736 1234 τὴν

2139 1250 2438 1319 ἁμαρτίαν
2461 1251 2569 1305 τοῦ
2597 1252 2852 1321 κόσμου.

2213 1340 2409 1395 Οὐκέτι
2424 1341 2534 1407 τὸ,ι
2555 1342 2935 1414 Ἑτοιμάσατε,
2950 1341 3168 1414 »καιρὸν
3191 1342 3302 1414 ἔχει
3322 1344 3413 1398 τὸν
3428 1344 3730 1416 πρέποντα*

2142 1431 2326 1485 λοιπὸν
2367 1434 2650 1504 ὁρωμένου
2696 1434 2790 1488 καὶ
2837 1433 2990 1498 ὄντος
3033 1436 3092 1488 ἐν
3123 1434 3423 1506 ὀφθαλμοῖς
3453 1436 3544 1490 τοῦ
3577 1437 3645 1491 δι’
3672 1437 3734 1490 6v

2143 1524 2178 1594 ή
2229 1524 2517 1595 ἐτοιμασία
2573 1525 2784 1593 γίνεται
2807 1543 2821 1556 ·
2863 1525 3068 1597 ἐτέρων
3111 1525 3290 1580 ἐδεῖτο
3336 1526 3512 1596 λόγων
3565 1530 3598 1598 ή
3635 1527 3731 1581 τοῦ

2143 1613 2467 1685 πράγματος
2501 1613 2683 1683 φύσις.
2733 1615 2931 1686 Ἐχρῆν
2977 1614 3293 1686 ἐξηγεῖσθαι
3333 1617 3418 1680 τίς
3448 1619 3476 1671 6
3504 1616 3727 1688 παρὼν,

2143 1706 2236 1759 καὶ
2265 1706 2358 1760 ἐπὶ
2384 1706 2525 1760 τίσιν
2551 1704 2664 1776 ἔχει
2689 1705 2786 1777 τὴν
2815 1705 3042 1760 κάθοδον
3064 1708 3093 1760 6
3127 1705 3266 1776 πρὸς
3297 1709 3446 1778 ἡμᾶς
3478 1707 3539 1772 ἐξ
3567 1709 3731 1779 οὐρα-

2145 1797 2252 1853 νῶν
2302 1797 2624 1868 ἀφιγμένος.
2660 1816 2679 1848 ι
2712 1796 2818 1850 Ἴδε
2849 1796 3047 1865 τοίνυν,
3087 1799 3275 1868 φησὶν,
3315 1798 3344 1850 6
3382 1798 3578 1868 Ἀμνὸς
3634 1796 3729 1850 τσῦ

2141 1889 2301 1954 Θεοῦ,
2335 1909 2357 1942 ι
2401 1889 2462 1943 6v
2499 1890 2528 1942 6
2559 1889 2851 1959 προφήτης
2899 1889 3035 1960 ήμῖν
3089 1889 3318 1952 Ἠσαίας
3361 1890 3730 1960 κατεσήμαινε

2140 1980 2317 2051 λέγων
2340 1997 2354 2012 ⁸
2392 1999 2411 2033 ι
2453 1981 2542 2044 Ὠς
2586 1979 2858 2052 πρόϐατον
2893 1981 2990 2034 ἐπὶ
3045 1980 3256 2052 σφαγὴν
3303 1981 3444 2052 ἤχθη
3469 2019 3485 2046 ,
3531 1981 3627 2035 καὶ
3655 1981 3732 2044 ὡς

2140 2071 2312 2143 ἀμνὸς
2341 2072 2583 2127 ἐναντίον
2613 2071 2708 2126 τοῦ
2745 2072 3022 2144 κείροντος
3040 2073 3203 2127 αὐτὸν
3225 2074 3493 2143 ἄφωνος.»
3518 2075 3614 2127 Ὃν
3641 2071 3734 2127 καὶ

2143 2165 2332 2229 πάλαι,
2367 2164 2533 2235 φησὶν
2553 2204 2568 2228 ,
2603 2165 2632 2218 6
2663 2164 2752 2218 διὰ
2783 2164 3027 2229 Μωσέως
3056 2165 3328 2219 ἀνετύπου
3363 2165 3565 2236 νόμος⁹
3595 2165 3732 2219 ἀλλά

2140 2256 2261 2309 τότε
2299 2255 2396 2326 μὲν
2445 2254 2615 2320 ἔσωζε
2650 2254 2911 2327 μερικῶς,
2945 2255 3047 2309 οὐκ
3079 2256 3160 2318 είς
3199 2256 3445 2319 ἅπαντας
3479 2255 3735 2327 ἐκτείνων

2141 2345 2232 2400 τὸν
2253 2344 2399 2398 ἔλεον
2417 2362 2431 2376 ·
2457 2344 2628 2408 τύπος
2645 2326 2754 2417 γὰρ
2768 2341 2858 2417 ἦν,
2881 2344 2975 2398 καὶ
3008 2344 3138 2398 σκιά
3154 2362 3168 2376 ·
3189 2347 3309 2399 vuv‘t
3329 2345 3387 2399 δέ
3416 2345 3445 2398 6
3479 2344 3647 2400 πάλαι
3664 2326 3730 2399 δι’

2141 2435 2480 2506 αἰνιγμάτων
2495 2434 2784 2506 ζωγραφού
2793 2452 2953 2506 μενος
2967 2438 2997 2490 6
3008 2435 3261 2505 ἀληθινὸς
3290 2437 3349 2490 Ἀ
3356 2435 3572 2507 μνὸς,τὸ
3585 2436 3734 2506 ἄμω-

2145 2545 2245 2599 μον
2279 2529 2473 2600 ίερείον
2499 2527 2642 2600 ὑπὲρ
2687 2528 2906 2582 πάντων
2945 2526 3137 2596 ἄγεται
3187 2529 3325 2599 πρὸς
3361 2529 3609 2600 σφαγὴν,
3647 2529 3735 2582 ἵνα

2141 2618 2236 2673 τοῦ
2269 2617 2477 2690 κόσμου
2503 2618 2602 2690 τὴν
2647 2618 2927 2690 ἁμαρτίαν
2955 2619 3145 2692 ἐλάσῃ,
3183 2619 3272 2673 ἴνα
3297 2621 3386 2674 τὸν
3417 2623 3517 2691 τῆς
3549 2622 3732 2674 οἰκου-

2145 2710 2314 2780 μένης
2343 2707 2670 2782 όλοθρευτὴν
2698 2708 2997 2781 ἀνατρέψῃ,
3029 2710 3115 2762 ἵνα
3145 2711 3472 2782 καταργήσῃ
3512 2711 3605 2764 τὸν
3635 2710 3732 2764 θά-

2140 2818 2300 2855 νατον
2321 2801 2464 2873 ὑπὲρ
2498 2801 2716 2856 πάντων
2745 2800 3057 2868 ἀποθανὼν,
3087 2803 3175 2856 ἵνα
3199 2802 3336 2874 λύσῃ
3364 2802 3463 2874 τὴν
3492 2804 3577 2872 ἐφ’
3602 2805 3734 2876 ἡμῖν

2141 2893 2407 2964 κατάραν,
2450 2892 2538 2946 ἵνα
2586 2892 2862 2963 παύσηται
2901 2893 3086 2946 λοιπὸν
3110 2894 3196 2960 τὸ,
3234 2912 3251 2945 ι
3300 2895 3377 2964 Γῆ
3417 2890 3487 2959 εἳ,
3531 2896 3625 2949 καὶ
3653 2896 3734 2959 είς

2141 2985 2246 3055 γῆν
2278 2983 2579 3056 ἀπελεύσῃ.
2631 3003 2650 3036 ι
2701 2984 2791 3038 ἵνα
2832 2985 3059 3055 γένηται
3109 2985 3362 3057 δεύτερος
3401 2987 3595 3056 Ἀδὰμ,
3633 2986 3734 3039 οὐκ

463 3101 483 3136 ι
521 3081 693 3139 Terra
729 3099 810 3148 es,
845 3091 899 3139 et
943 3083 997 3139 in
1032 3091 1238 3140 terram
1270 3085 1568 3142 reverteris
1591 3087 1656 3150 ὀ,
1696 3105 1714 3139 ι
1751 3093 1811 3141 ιιι
1851 3087 1925 3142 sit
1951 3088 2038 3145 ille

2144 3082 2252 3136 ἀπὸ
2277 3083 2403 3154 γῆς,
2441 3082 2556 3137 ἀλλ’
2582 3081 2642 3148 ἐξ
2686 3081 2941 3152 οὐρανοῦ,
2973 3083 3068 3136 καὶ
3099 3081 3242 3154 ἀρχὴ
3292 3082 3518 3154 γένηται
3543 3085 3609 3152 τῇ
3635 3082 3734 3136 ἀν-

456 3174 736 3231 secnndus
763 3175 958 3244 Adam,
989 3193 1098 3233 non
1125 3194 1156 3232 e
1184 3185 1356 3244 terra,
1387 3177 1485 3233 sed
1509 3193 1539 3234 e
1563 3179 1725 3243 coelo,
1749 3180 2042 3252 omnisque

437 3265 586 3321 boni
618 3267 956 3336 principium
1001 3275 1217 3324 natura:
1261 3268 1518 3325 humanae
1556 3272 1810 3338 exsistat,
1839 3271 2042 3327 solutio

455 3357 657 3414 invecti
703 3360 984 3427 interitus,
1033 3373 1255 3417 aeternae
1297 3360 1427 3417 vitre
1472 3362 1824 3430 conciliator,
1873 3378 2042 3420 causa

455 3451 872 3510 reformationis
908 3453 975 3508 ad
1029 3451 1225 3518 Deum,
1260 3455 1486 3525 pietatis
1521 3463 1576 3510 et
1615 3455 1845 3526 iustitiae
1887 3457 2042 3527 prin-

455 3542 687 3612 cipium,
727 3542 816 3596 via
868 3541 1110 3614 denique
1157 3543 1226 3598 ad
1281 3559 1509 3615 regnum
1546 3547 1833 3601 ccelorum.
1885 3545 2042 3604 Unus

455 3633 604 3688 cnim
644 3642 903 3691 mortuus
937 3643 1022 3691 est
1053 3649 1230 3706 agnus
1253 3651 1355 3706 pro
1385 3637 1667 3698 omnibus,
1689 3651 1908 3692 omnem
1941 3639 2041 3694 ho-

454 3723 668 3780 minum
714 3740 936 3797 gregem
988 3740 1219 3781 servans
1254 3725 1368 3781 Deo
1416 3741 1480 3781 ac
1505 3724 1654 3781 Patri
1707 3745 1721 3781 :
1765 3744 1910 3782 unus
1942 3745 2042 3799 pro

454 3817 736 3882 Omnibus,
773 3824 833 3872 ut
865 3833 1060 3874 omnes
1093 3817 1204 3874 Deo
1244 3817 1513 3888 subjiciat
1552 3836 1566 3873 :
1606 3835 1750 3876 unus
1788 3835 1888 3890 pro
1925 3835 2042 3875 om-

454 3906 641 3974 nibus,
697 3916 756 3962 ut
800 3924 993 3965 omnes
1042 3907 1486 3964 lucrifaciatzut
1538 3925 1733 3967 omnes
1799 3911 2041 3983 denique

452 4012 566 4052 non
591 3998 703 4068 jam
735 3998 841 4054 sibi
879 3999 1086 4065 vivant,
1117 3999 1212 4055 sed
1244 4000 1294 4056 ei
1331 3997 1426 4070 qui
1471 4015 1574 4070 pro
1609 4001 1744 4071 ipsis
1785 4012 2039 4057 mortuus

450 4099 537 4146 est
571 4099 626 4146 et
661 4093 974 4148 resurrexit
1007 4094 1070 4147 “.
1102 4091 1238 4147 Nam
1281 4108 1406 4148 cum
1458 4093 1512 4148 in
1557 4094 1752 4148 multis
1797 4096 2039 4164 peccatis

449 4199 725 4247 essemus,
758 4193 925 4255 atque
971 4183 1182 4239 idcirco
1235 4183 1400 4240 morti
1443 4191 1500 4239 et
1555 4185 1906 4256 corruptioni
1938 4186 2040 4242 ob-

452 4269 626 4334 noxii,
657 4269 806 4324 dedit
843 4270 1040 4326 Filium
1068 4287 1232 4330 suum
1266 4271 1430 4328 Pater
1465 4273 1904 4344 redemptionem
1937 4289 2038 4345 pro

451 4360 635 4424 nobis,
676 4360 846 4416 unum
898 4379 999 4433 pro
1039 4366 1318 4432 omnibus,
1355 4368 1618 4437 quoniam
1664 4367 1856 4423 omnia
1906 4373 2036 4423 sunt

2143 3175 2362 3249 θρώπου
2428 3175 2589 3246 φύσει
2647 3175 2846 3240 παντὸς
2895 3175 3146 3244 ἀγαθοῦ,
3199 3175 3352 3239 λύσις
3406 3174 3733 3228 ἐπεισάκτου

2142 3267 2369 3338 φθορᾶς,
2405 3266 2664 3338 πρόξενος
2693 3265 2918 3320 αἰωνίου
2952 3264 3098 3334 ζωῆς
3121 3305 3136 3329 ,
3161 3264 3610 3335 ἀναμορφώσεως
3636 3263 3736 3334 τῆς

2141 3361 2221 3423 εξς
2248 3358 2380 3412 Θεὸν
2411 3357 2670 3422 ὑπόθεσις
2692 3398 2708 3424 ,
2739 3356 3025 3420 εὐσεϐείας
3065 3356 3161 3409 καὶ
3197 3354 3544 3422 δικαιοσύνης
3567 3353 3730 3426 ἀρχὴ,

2139 3451 2258 3515 ὁδὸς
2288 3452 2367 3513 είς
2414 3447 2690 3520 βασιλείαν
2743 3447 2989 3520 οὐρανῶν
3014 3463 3028 3476 ·
3065 3441 3146 3510 εἷς
3188 3447 3296 3518 γὰρ
3349 3446 3489 3516 ὑπὲρ
3515 3446 3734 3500 πάντων

2139 3543 2412 3597 ἀπέθανεν
2442 3541 2633 3613 ἀμνὸς,
2657 3541 2784 3611 ὃλην
2819 3537 3114 3604 ἀνασώζων
3144 3539 3242 3609 τὴν
3265 3539 3360 3592 ἐπὶ
3396 3539 3499 3607 γῆς
3528 3536 3734 3610 ἀγέλην

2141 3636 2218 3706 τῷ
2243 3634 2362 3705 Θεῷ
2413 3634 2507 3688 καὶ
2543 3633 2720 3705 Πατρί
2743 3647 2758 3662 ’
2795 3627 2875 3696 εἷς
2926 3631 3068 3703 ὑπὲρ
3105 3632 3324 3684 πάντων
3347 3671 3360 3695 ,
3395 3630 3483 3684 ἴνα
3523 3631 3734 3693 πάντας

2143 3725 2387 3798 ὑποτάξῃ
2407 3723 2543 3794 Θεῷ·
2571 3720 2654 3788 εἷς
2679 3724 2818 3796 ὑπὲρ
2848 3723 3086 3787 πάντων,
3120 3724 3206 3776 ἵνα
3239 3722 3446 3785 πάντας
3474 3721 3728 3793 κερδὰνῃ·

2143 3817 2230 3871 ἵνα
2252 3817 2440 3872 λοιπὸν
2469 3819 2530 3878 οἱ,
2547 3817 2750 3881 πάντες
2787 3816 2986 3888 μηκέτι
3018 3818 3231 3880 ἑαυτοῖς
3266 3814 3456 3880 ζῶσιν.
3490 3815 3626 3870 ἀλλά
3653 3814 3734 3885 τῷ

2141 3907 2283 3979 ὑπὲρ
2309 3905 2490 3961 αὐτῶν
2524 3907 2876 3972 ἀποθανόντι,
2907 3906 3000 3960 καί⁵
3043 3906 3344 3977 ἐγερθέντι.
3383 3903 3600 3975 Ἐπειδὴ
3623 3903 3732 3975 γὰρ

2137 3994 2280 4071 ἦμεν
2336 4000 2394 4053 ἐν
2447 3999 2669 4064 πολλαῖς
2720 4000 3050 4072 ἁμαρτίαις,
3093 3998 3183 4052 διά
3231 4016 3290 4052 τε
3342 3998 3501 4050 τοῦτο
3557 4015 3731 4069 χρεω-

2143 4090 2428 4164 στούμενοι
2471 4092 2689 4164 θανάτῳ
2742 4093 2838 4146 καὶ
2886 4093 3099 4164 φθορᾷ,
3131 4092 3362 4144 δέδωκεν
3414 4089 3734 4159 ἀντίλυτρον

2141 4181 2282 4254 ὑπὲρ
2333 4181 2521 4253 ήμῶν,
2566 4182 2655 4235 τὸν
2699 4183 2824 4237 Υἱὸν
2857 4184 2886 4236 6
2932 4183 3122 4253 Πατὴρ
3147 4181 3245 4236 ἕνα
3293 4181 3435 4252 ὑπὲρ
3489 4180 3728 4244 πάντων,

2139 4275 2263 4327 ἐπεὶ
2314 4275 2411 4328 καὶ
2477 4275 2656 4330 πάντα
2708 4276 2766 4328 ἐν
2820 4274 2970 4345 αὐτῷ
2994 4315 3008 4340 ,
3044 4274 3139 4327 καὶ
3195 4273 3414 4327 πάντων
3469 4270 3731 4342 κρείττων

2141 4365 2288 4419 ἐστίν
2312 4384 2326 4398 ο
2377 4360 2459 4430 εἷς
2500 4365 2773 4421 ἀπέθανεν
2815 4367 2956 4437 ὑπὲρ
3015 4365 3271 4430 πάντων,
3298 4365 3386 4418 ἵνα
3425 4364 3477 4417 οἱ
3529 4363 3731 4426 πάντες

452 4451 508 4505 in
553 4450 693 4522 ipso,
739 4460 795 4507 et
839 4456 1098 4512 omnibus
1145 4457 1341 4513 melior
1403 4467 1509 4513 est.
1548 4459 1703 4515 Unus
1760 4475 1863 4529 pro
1918 4475 2036 4514 om-

2144 4455 2396 4527 ζήσωμεν
2437 4457 2495 4511 ἐν
2525 4456 2702 4528 αὐτῷ·
2723 4456 3009 4512 καταπιὼν
3033 4457 3142 4529 γὰρ
3169 4459 3198 4510 6
3219 4455 3447 4518 θάνατος
3479 4455 3570 4507 τὸν
3591 4454 3730 4524 ὑπὲρ

451 4542 616 4598 nibus
652 4552 902 4601 mortuus
955 4557 1061 4614 est,
1110 4557 1171 4603 ut
1227 4563 1422 4605 omnes
1473 4551 1725 4606 vivamus
1783 4553 1838 4606 in
1893 4553 2034 4621 ipso.

455 4633 595 4687 Cum
655 4635 803 4688 enim
854 4637 1101 4692 occisum
1160 4653 1264 4708 pro
1318 4639 1576 4695 omnibus
1622 4641 1838 4711 Agnum
1886 4657 2038 4697 mors

449 4725 829 4795 absorpserit,
891 4728 1056 4782 simul
1119 4730 1284 4783 etiam
1336 4729 1392 4784 in
1449 4731 1569 4801 ipso
1623 4739 1696 4787 et-
1731 4747 1857 4786 cum
1916 4733 2037 4804 ipso

447 4824 682 4871 cunctos
727 4819 994 4873 evomuit.
1031 4818 1233 4876 Omnes
1263 4820 1409 4875 enim
1454 4836 1675 4878 eramus
1725 4823 1779 4877 in
1814 4822 2038 4881 Christo

447 4909 543 4979 qui
579 4917 804 4979 propter
845 4926 946 4966 nos
995 4920 1049 4968 et
1083 4927 1183 4984 pro
1222 4911 1385 4968 nobis
1424 4922 1677 4971 mortuus
1712 4923 1818 4980 est,
1870 4924 2038 4988 atque

449 5003 757 5057 resurrexit
803 5021 816 5058 :
866 5003 1071 5060 abolito
1118 5020 1248 5061 vero
1308 5005 1560 5077 peccato,
1618 5009 1717 5078 qui
1763 5009 1880 5066 ﬁeri
1936 5026 2038 5080 po-

448 5101 593 5152 terat
647 5104 709 5152 ut
760 5113 911 5156 mors
979 5102 1188 5166 etiam,
1249 5117 1372 5172 quae
1423 5118 1490 5158 ex
1550 5104 1672 5175 ipso
1723 5113 1843 5170 est,
1898 5121 2032 5176 pro.

451 5196 570 5257 pter
618 5188 796 5259 ipsum
828 5206 937 5245 non
976 5192 1180 5248 abolita
1235 5192 1348 5249 sit?
1395 5191 1612 5248 Mortua
1651 5193 1836 5250 radice
1891 5209 2032 5265 quo-

451 5278 616 5333 modo
655 5295 878 5350 germen
935 5283 1289 5339 servabitur?
1340 5292 1560 5340 mortuo
1609 5293 1859 5356 peccato,
1913 5300 2036 5355 quae

449 5368 724 5424 moriendi
778 5371 940 5428 nobis
983 5387 1155 5429 causa
1207 5373 1347 5429 erit?
1393 5373 1576 5440 Quare
1633 5374 1702 5429 de
1755 5373 2034 5430 occisione

451 5458 592 5529 Λειιί
618 5459 714 5516 Dei
747 5463 980 5519 solemni
1007 5465 1381 5522 exsultatione
1409 5465 1662 5521 dicamus
1685 5483 1700 5521 :
1720 5483 1740 5516 ‹
1784 5465 1891 5521 Ubi
1920 5471 2032 5529 est,

451 5565 624 5618 mors,
675 5553 908 5611 victoria
960 5557 1095 5628 tua?
1141 5557 1235 5612 ubi
1259 5558 1519 5615 stimulus
1539 5567 1690 5624 tuus,
1729 5556 1983 5614 inferne?
2012 5575 2030 5609 ι

523 5703 542 5731 "
575 5701 761 5761 Matth.
805 5715 879 5774 xi,
910 5707 964 5762 9.
1042 5708 1061 5737 α
1091 5707 1199 5764 lsa.
1237 5725 1354 5776 LIII,
1389 5711 1439 5762 7.

1526 5711 1543 5739 ’
1578 5709 1740 5768 lCor.
1778 5725 1869 5778 κν,
1903 5710 1935 5766 5
1970 5725 2122 5782 seqq.

2144 4547 2364 4602 πάντων
2404 4547 2620 4619 Ἀμνὸν,
2657 4548 2862 4612 πάντας
2917 4547 3185 4619 ἐξήμεσεν
3227 4549 3284 4600 ἐν
3333 4546 3482 4617 αὐτῷ
3529 4562 3589 4598 τε
3636 4545 3732 4598 καί

2147 4641 2243 4694 σὺν
2269 4639 2438 4711 αὐτῷ.
2478 4642 2541 4693 Ol
2591 4640 2700 4711 γὰρ
2733 4641 2935 4704 πάντες
2967 4635 3111 4711 ἦμεν
3141 4642 3199 4693 ἐν
3242 4639 3320 4710 τῷ
3361 4639 3428 4692 δι’
3456 4639 3604 4708 ἡμᾶς
3638 4637 3734 4691 καὶ

2143 4729 2287 4800 ὑπὲρ
2309 4731 2342 4799 ή
2353 4728 2469 4799 μῶν
2495 4729 2851 4795 ἀποθανόντι,
2885 4731 2980 4782 καὶ
3005 4729 3284 4800 ἐγερθέντι
3311 4728 3534 4800 Χριστῷ
3555 4745 3568 4759 ·
3597 4745 3731 4781 κατ-

2141 4819 2488 4891 αργουμένης
2533 4819 2591 4871 δὲ
2641 4819 2740 4890 τῆς
2789 4820 3062 4892 ἁμαρτίας
3089 4863 3104 4886 ,
3158 4820 3276 4884 πῶς
3327 4821 3602 4890 ἐνεδέχετο
3656 4819 3732 4890 μὴ

2142 4912 2264 4983 οὐχὶ
2288 4911 2508 4974 πάντως
2523 4910 2618 4964 καὶ
2637 4915 2730 4965 τὸν
2745 4912 2805 4977 ἐξ
2825 4913 2996 4983 αὐτῆς
3016 4913 3084 4965 δι’
3105 4912 3276 4981 αὐτὴν
3313 4911 3734 4984 καταργηθῆναι

2143 5005 2406 5069 θάνατον;
2456 5002 2860 5077 Ἀποθανούσης
2887 5005 2987 5075 τῆς
3018 5004 3196 5077 ῥίζης,
3230 5003 3350 5068 πῶς
3379 5004 3444 5058 ἂν
3495 5003 3577 5057 ἐτι
3616 5003 3735 5057 λοι-

2141 5095 2298 5150 πὸνὸ
2349 5093 2411 5160 ἐξ
2440 5093 2612 5165 αὐτῆς
2661 5095 2841 5167 ἐσώθη
2895 5093 3296 5166 βλαστός;Διά
3343 5094 3502 5147 ποίαν
3549 5094 3736 5147 αἰτίαν

2141 5183 2441 5254 ἐμέλλομεν
2457 5183 2824 5255 ἀποθνήσκειν
2852 5183 3066 5255 Enni};
3092 5183 3369 5255 ἁμαρτίας
3401 5182 3736 5253 ἀναιρουμέ-

2141 5292 2277 5346 νης;
2324 5274 2532 5329 Οὐκοῦν
2583 5273 2935 5346 ἑορτάζοντες
2991 5275 3242 5346 λέγωμεν
3280 5275 3373 5328 ἐπὶ
3420 5275 3487 5343 τῇ
3544 5275 3733 5344 σφαγῇ

2138 5367 2234 5422 τοῦ
2271 5368 2470 5441 ’Δμνοῦ
2489 5367 2584 5424 τοῦ
2613 5368 2750 5424 Θεοῦ
2776 5385 2790 5400 ·
2820 5368 2962 5423 «Ποῦ
2996 5371 3029 5438 ή
3053 5369 3179 5440 νίκη
3223 5385 3342 5432 σου,
3372 5367 3599 5434 θάνατε;
3625 5366 3735 5420 ποῦ

2142 5463 2205 5518 τὸ
2241 5463 2465 5535 κέντρον
2494 5481 2611 5528 σου,
2665 5463 2805 5535 ᾇδη;
2841 5494 2914 5504 -
2956 5463 3115 5518 Πᾶσα
3153 5461 3264 5534 γὰρ
3291 5461 3512 5532 ἀνομία,
3537 5477 3556 5510 ι
3597 5459 3736 5513 καθ-

2146 5556 2290 5625 άπερ
2347 5555 2455 5627 ἔφη
2501 5573 2606 5610 που
2663 5554 2883 5625 ψάλλων
2911 5557 2940 5608 6
2980 5555 3256 5627 Μελῳδὸς,
3292 5571 3312 5607 ι
3348 5550 3622 5625 ἐμφράξαι
3669 5547 3735 5602 τὸ

2204 5709 2245 5741 ’⁸⁸
2282 5708 2416 5766 Gen.
2456 5724 2540 5778 ιιι,
2587 5709 2673 5764 l9.
2754 5708 2794 5740 “
2829 5707 2869 5762 ll
2900 5709 3025 5765 Cor.
3059 5725 3112 5776 v,
3168 5709 3251 5775 Η,
3287 5709 3374 5764 id.
