4040 6214
299 293 405 352 193

1346 292 1412 348 IN
1453 291 1742 350 JOANNIS
1784 294 2236 355 EVANGELIUM
2278 295 2405 352 LIB.
2439 296 2504 352 ll.

3448 298 3554 360 I96

297 407 476 478 στόμα
500 408 693 477 αὐτῆς,
732 424 751 458 ι
795 406 980 488 οὐκέτι
1013 411 1336 478 κατηγορεῖν
1361 408 1468 462 τῶν
1504 410 1562 477 ἐξ
1589 410 1874 476 ἀσθενείας

1983 432 2002 465 ‹
2046 415 2240 470 Omnis
2287 413 2436 470 enim
2493 411 2878 483 iniquitas“,i
2919 419 2979 466 ut
3019 411 3227 468 alicubi
3265 411 3562 471 Psalmista

292 499 702 569 ἡμαρτηκότων
745 488 1023 569 ἰσχύουσα.
1060 519 1078 552 ι
1118 501 1248 563 Θεὸς
1275 501 1384 572 γὰρ
1412 503 1440 554 ό
1474 500 1718 556 δικαιῶνο
1755 503 1883 573 Χρι-

295 587 418 648 στὸς
437 589 592 657 ἡμᾶς
619 587 957 658 ἐξηγόρασεν
983 590 1047 642 ὲκ
1073 590 1173 661 τῆς
1193 590 1436 661 κατάρας
1456 589 1549 643 τοῦ
1573 591 1760 662 νόμου,
1785 609 1880 660 γε·

292 679 519 747 νόμενος
561 680 702 749 ὑπὲρ
747 679 903 750 ἡμῶν
931 682 1177 752 κατάρα,
1206 682 1294 737 ἵνα
1325 683 1486 752 ἡμεῖς
1517 681 1616 754 τὴν
1659 683 1719 748 ἐξ
1753 685 1881 737 ἀνο-

295 770 425 840 μίας
457 771 597 840 ἀρὰν
627 770 997 840 διαφύγωμεν.
1037 791 1054 824 t

371 942 565 1012 οὗτός
597 946 731 1000 ἐστι
765 948 896 1016 περί
926 944 997 1004 οὗ
1021 945 1196 1004 εἶπον
1219 967 1232 984 ο
1252 953 1478 1006 Ὀπίσω
1495 971 1615 1021 μου
1644 955 1879 1023 ἔρχεται

297 1035 541 1104 ἀνὴρ,δς
557 1037 896 1106 ἔμπροσθέν
903 1057 1022 1108 μου
1041 1040 1398 1112 γέγονεν,ὅτι
1410 1046 1636 1113 πρῶτός
1646 1065 1768 1114 μου
1777 1043 1875 1116 ἦν.

367 1128 462 1191 Ei;
500 1129 807 1200 ὑπόμνησιν
855 1130 978 1200 ἄγει
1029 1133 1139 1186 τῶν
1195 1135 1254 1199 ἐξ
1301 1137 1466 1190 αὐτοῦ
1522 1137 1694 1206 λόγων
1753 1139 1879 1203 τοὺς

295 1221 705 1293 ἀκροωμένους,
736 1223 832 1275 καὶ
879 1224 941 1276 τὸ
987 1226 1173 1294 μεῖζον
1204 1229 1260 1280 ὲν
1287 1227 1416 1299 δόξῃ
1449 1233 1767 1300 παραχωρεί
1802 1231 1878 1300 τῷ

296 1311 542 1383 Χριστῷ,
563 1312 662 1365 ούκ
689 1314 932 1385 ἀγάπης,
953 1315 1211 1387 ἀληθείας
1232 1317 1288 1370 δὲ
1313 1318 1514 1388 μᾶλλον
1547 1319 1580 1390 ἢ
1607 1321 1700 1372 καὶ
1724 1321 1884 1389 ἀνάγ-

295 1421 404 1473 κης
453 1403 610 1474 ἔργον
663 1405 997 1476 ἀποπληρῶν
1029 1423 1042 1435 ·
1076 1407 1424 1462 ὑποκείσεται
1468 1411 1615 1481 γὰρ,
1646 1409 1748 1464 κᾶν
1804 1411 1880 1482 μὴ

297 1495 579 1564 βούληται,
603 1495 678 1566 τῷ
709 1499 903 1567 ποιητῇ
933 1498 993 1550 τὸ
1019 1497 1248 1569 ποίημα,
1275 1499 1354 1570 τῷ
1391 1499 1623 1573 δεσπότῃ
1654 1502 1716 1554 τὸ
1756 1501 1879 1555 δοῦ-

296 1584 409 1646 λον,
459 1586 535 1655 τῷ
587 1588 807 1659 χορηγῷ
866 1590 927 1642 τὸ
973 1594 1397 1662 χορηγούμενον.
1454 1594 1610 1647 Κατὰ
1654 1595 1775 1648 τίνα
1818 1595 1875 1648 δὲ

1987 503 2212 570 cecinit,
2252 520 2272 555 ι
2316 502 2584 574 oppilabit
2616 517 2679 558 os
2705 517 2869 556 suum
2899 501 2962 568 ³³,
2994 520 3012 553 ι
3046 516 3150 558 nec
3198 503 3400 574 poterit
3443 519 3562 558 am-

1988 595 2135 663 plius
2173 609 2443 649 accusare
2477 607 2588 663 pra:
2627 593 2966 648 intirmitate-
2990 603 3311 664 peccantes.
3357 613 3376 647 ι
3417 594 3562 652 Deus

1985 683 2131 737 enim
2172 692 2257 738 est
2283 683 2378 751 qui
2423 681 2698 751 jiistilicat
2731 682 2776 714 “
2811 700 2824 736 :
2864 701 2973 732 i—
2995 701 3013 735 ι
3047 683 3301 740 Christus
3333 700 3436 740 nos
3473 701 3564 740 re-

1980 773 2148 829 demit
2169 774 2238 830 de
2261 773 2556 830 maledicto
2587 774 2743 845 legis,
2759 773 2942 830 factus
2965 790 3062 845 pro
3085 774 3242 844 115
3268 777 3424 830 nobis
3445 791 3565 831 ma-

1979 865 2242 920 ledictum
2280 873 2337 920 ut
2365 865 2805 920 tnalcdictionem
2829 866 3036 934 peccati
3061 880 3158 920 nos
3180 865 3556 935 fugiamus'b

2055 955 2097 1020 l,
2141 957 2229 1010 50.
2276 956 2378 1010 llic
2422 967 2501 1010 est
2533 956 2597 1010 de
2644 972 2746 1026 quo
2787 956 2902 1009 dixi
2930 971 2948 1008 :
2979 955 3109 1009 Post
3161 971 3242 1009 me
3286 958 3561 1025 venit‘vir,

1986 1048 2073 1117 qui
2104 1056 2224 1102 ante
2255 1064 2336 1102 me
2364 1047 2538 1117 factus
2565 1059 2642 1102 est
2671 1062 2689 1100 :
2717 1048 2842 1116 quia
2877 1047 3024 1116 prior
3049 1063 3129 1100 me
3167 1055 3301 1100 erat.

2061 1139 2356 1196 Auditores
2373 1139 2440 1193 ad
2460 1138 2786 1194 memoriam
2806 1145 3026 1193 revocat
3053 1154 3243 1193 eorum
3266 1155 3387 1209 quae
3407 1140 3563 1210 prius

1986 1228 2132 1284 dicta
2174 1237 2326 1294 sunt,
2370 1237 2425 1284 et
2464 1230 2704 1300 palmam
2747 1230 2934 1297 gloria:
2970 1230 3196 1284 Christo
3243 1231 3412 1295 cedit,
3449 1245 3560 1287 non

1985 1320 2168 1374 studio
2196 1329 2290 1374 aut
2339 1320 2540 1375 aliectu
2595 1321 2731 1384 ullo,
2758 1322 2852 1375 sed
2899 1322 3128 1375 veritate
3158 1321 3342 1388 potius
3374 1331 3429 1377 et
3460 1338 3562 1378 ne-

1983 1412 2249 1466 cessitate
2277 1411 2329 1464 id
2359 1410 2596 1467 faciens.
2631 1411 2939 1480 Subjicitur
2967 1413 3137 1477 enim,
3166 1413 3254 1467 vel
3297 1415 3421 1484 ipso
3458 1427 3562 1470 no-

1983 1500 2149 1565 lente,
2183 1517 2324 1572 opus
2363 1501 2582 1567 factori,
2623 1502 2848 1556 domino
2879 1518 3097 1567 servus,
3143 1504 3393 1575 largitori
3437 1523 3552 1562 mu-

1982 1609 2108 1648 nus.
2153 1592 2406 1659 Quonam
2440 1609 2569 1648 vero
2623 1594 2788 1649 modo
2842 1597 3112 1664 posterior
3154 1605 3304 1652 esset
3350 1596 3561 1654 Joanne

299 1679 498 1748 τρόπον
536 1680 712 1732 ὀπίσω
752 1680 850 1750 μὲν
880 1676 948 1751 ἦν
986 1683 1232 1736 Ἰωάννου
1270 1684 1536 1754 Χριστὸς,
1569 1685 1874 1756 ἔμπροσθεν

1978 1683 2260 1750 Christus,
2299 1693 2354 1739 et
2389 1695 2517 1740 ante
2572 1685 2752 1741 factus
2806 1687 2880 1742 sit
2925 1688 3189 1756 quoniam
3225 1689 3380 1758 prior
3417 1699 3559 1755 erat,

298 1769 354 1822 δὲ
378 1769 621 1836 γέγονεν,
645 1772 730 1824 ἔτι
747 1771 958 1842 πρῶτος
977 1768 1064 1843 ἦν,
1089 1773 1162 1836 ὼς
1185 1775 1345 1838 αὐτὸς
1373 1775 1643 1846 ὁμολογεῖ,
1660 1777 1750 1830 διὰ
1768 1775 1876 1828 τῶν

301 1860 683 1931 προλαϐόντων
721 1861 1032 1931 ἀρκούντως
1053 1864 1380 1935 εἰρήκαμεν.

371 1951 542 2020 Κάγὼ
575 1955 687 2007 οὐκ
719 1953 888 2022 ᾔδειν
915 1953 1120 2020 αὑτὸν,
1153 1955 1292 2010 ἀλλ’
1316 1957 1415 2010 ἵνα
1457 1957 1770 2027 φανερωθῇ
1797 1957 1878 2023 τῷ

309 2042 580 2110 Ἰσραὴλ,
606 2043 702 2096 διὰ
719 2044 894 2099 τοῦτο
921 2041 1112 2114 ἦλθον
1136 2046 1254 2116 ἐγὼ
1267 2047 1572 2111 βαπτίζων
1589 2050 1658 2103 ἐν
1682 2049 1873 2106 ὕδατι.

378 2134 437 2186 ’0
466 2135 526 2186 ὲν
568 2137 634 2204 τῇ
670 2134 852 2207 κοιλίᾳ
881 2135 980 2206 τῆς
1025 2135 1162 2198 ἰδίας
1205 2137 1613 2210 ἁνασκιρτήσας
1646 2139 1874 2211 μητρὸς,

298 2223 374 2278 ἔτι
401 2227 500 2296 τῆς
532 2226 696 2293 ἁγίας
731 2226 1009 2297 Παρθένου
1055 2231 1428 2299 κυοφορούσης
1455 2229 1545 2283 τὸν
1589 2229 1812 2301 Κύριον,
1847 2232 1876 2283 6

296 2318 400 2388 πρὸ
441 2319 540 2387 τῆς
591 2318 775 2382 ὠδῖνος
819 2320 1134 2392 προφήτης,
1165 2322 1193 2373 6
1225 2321 1282 2372 ὲν
1322 2320 1550 2392 ἐμϐρύῳ
1604 2321 1872 2393 μαθητὴς,

302 2408 442 2462 «οὐκ
476 2408 627 2480 ᾔδειν
656 2408 870 2472 autat,»
894 2411 1132 2480 περὶτοῦ
1155 2410 1405 2480 Σωτῆρός
1423 2427 1606 2482 φησιν·
1623 2411 1876 2482 ἀληθέυει

296 2499 351 2552 δὲ
372 2499 568 2568 λέγων·
607 2500 669 2552 ού
703 2500 810 2571 γὰρ
855 2501 1103 2568 ψεύδεται
1139 2519 1154 2532 θ
1180 2503 1357 2556 πάντα
1389 2504 1484 2574 μὲν
1507 2502 1614 2573 γὰρ
1638 2497 1777 2555 οἶδεν
1815 2503 1874 2570 ἐξ

297 2589 460 2644 αὑτοῦ
516 2591 610 2643 καὶ
659 2590 958 2654 ἀδιδάκτως
1004 2592 1172 2655 Θεὸς,
1209 2593 1474 2657 διδακτῶς
1506 2593 1562 2646 δὲ
1594 2595 1626 2665 ἡ
1660 2594 1835 2657 κτίσις
1855 2609 1871 2625 ⁶

296 2680 538 2733 ἐνοικοῦν
565 2681 623 2734 δὲ
648 2684 760 2745 τοῖς
791 2683 966 2751 ἁγίοις
987 2683 1049 2736 τὸ
1075 2683 1316 2754 Πνεῦμα,
1341 2685 1401 2736 τὸ
1425 2685 1601 2738 ἐνδέον
1634 2685 1874 2757 ἀναπλη-

294 2775 398 2842 ροῖ,
429 2773 528 2825 καὶ
563 2773 624 2826 τὺ
646 2773 774 2826 ἴδιον
819 2775 1019 2843 ἀγαθὸν
1045 2778 1112 2846 τῇ
1143 2775 1432 2848 ἀνθρώπου
1459 2777 1618 2844 φύσει
1656 2775 1874 2849 χαρίζε-

290 2880 403 2927 ⁴κιαι,
423 2863 487 2916 τὸ
506 2863 722 2930 εἰδέναι,
749 2866 912 2936 φημὶ,
935 2866 1003 2920 τὰ
1031 2866 1282 2937 ἐσόμενα,
1311 2867 1404 2921 καὶ
1427 2867 1535 2921 τῶν
1557 2869 1876 2939 κεκρυμμέ-

1980 1784 2038 1829 ut
2066 1775 2184 1845 ipse
2214 1776 2523 1845 proﬁtetur,
2553 1776 2772 1831 abunde
2796 1791 2960 1846 supra
2989 1778 3252 1835 diximus.

2051 1954 2092 2019 l,
2121 1954 2212 2010 3L
2253 1952 2324 2008 Et
2347 1970 2441 2025 ego
2471 1953 2765 2009 nesciebam
2791 1972 2929 2021 eum,
2963 1957 3055 2011 sed
3096 1965 3154 2010 ut
3188 1958 3561 2028 manifestatur

1976 2044 2032 2099 in
2061 2042 2258 2109 Israel,
2290 2055 2566 2112 propterea
2599 2045 2717 2100 veni
2734 2062 2828 2115 ego
2848 2047 2902 2100 in
2929 2063 3069 2116 aqua
3098 2047 3400 2114 baptizans.

2049 2133 2154 2200 Qui
2209 2142 2401 2189 sancta
2446 2131 2675 2204 Virgine
2725 2133 3016 2190 Dominum
3063 2136 3248 2192 adhuc
3302 2139 3359 2191 in
3399 2144 3560 2193 utero

1979 2233 2237 2296 gestante
2283 2225 2512 2281 exsiluit
2563 2225 2619 2280 in
2678 2235 2838 2281 utero
2893 2241 3010 2282 suae
3050 2228 3268 2292 matris,
3306 2229 3398 2283 ille
3430 2237 3560 2285 ante

1979 2325 2194 2386 partum
2240 2317 2528 2386 propheta,
2563 2316 2658 2372 ille
2689 2316 2742 2371 in
2780 2325 2941 2373 utero
2982 2319 3178 2374 matris
3227 2319 3558 2390 discipulus,

1975 2407 2304 2464 Nesciebam
2339 2409 2544 2478 ipsum,
2579 2408 2765 2478 inquit
2799 2409 2868 2464 de
2909 2407 3218 2466 Salvatore.
3241 2411 3392 2478 Quod
3429 2426 3558 2469 cum

1977 2499 2052 2554 ait
2096 2514 2224 2554 vera
2254 2499 2523 2569 loquitur.
2564 2498 2711 2555 Deus
2751 2501 2957 2570 quippe
2989 2517 3134 2557 unus
3172 2504 3360 2556 omnia
3393 2519 3458 2558 ex
3494 2519 3556 2560 se

1976 2591 2153 2655 novit,
2186 2605 2216 2645 a
2256 2591 2411 2645 nullo
2431 2590 2685 2655 edoctus,
2740 2601 2998 2644 creatura
3025 2605 3158 2644 vero
3186 2591 3254 2644 ab
3289 2592 3398 2646 alio
3421 2607 3558 2647 eruo

1975 2683 2116 2738 dita.
2149 2682 2208 2736 In
2253 2682 2467 2737 sanctis
2501 2682 2648 2736 enim
2685 2681 3006 2736 inhabitans
3031 2680 3270 2751 Spiritus
3307 2682 3454 2753 quod
3499 2684 3558 2741 in

1977 2775 2070 2829 illa
2089 2774 2245 2830 deest
2261 2771 2545 2842 adimplet.
2559 2780 2614 2828 et
2633 2773 2778 2842 quod
2797 2787 2958 2827 suum
2979 2781 3064 2828 est
3079 2781 3290 2828 natura:
3305 2774 3559 2831 humana:

1977 2867 2236 2938 largitur,
2270 2879 2458 2921 rerum
2500 2879 2698 2935 nempe
2734 2863 3052 2920 futurarum
3101 2875 3158 2920 et
3211 2867 3557 2928 occultorum

294 2969 404 3004 νων
431 2953 740 3026 μυστηρίων
765 2956 865 3025 τὴν
886 2956 1105 3024 γνῶσιν.
1132 2957 1338 3011 Οὐκοῦν
1367 2957 1444 3028 μὴ
1475 2957 1674 3010 εἰδέναι
1700 2957 1874 3027 λέγων

1978 2957 2374 3029 mysteriorum
2409 2955 2690 3011 notitiam.
2734 2954 2872 3010 Cum
2907 2969 3041 3026 ergo
3089 2970 3151 3012 se
3204 2955 3422 3011 nescire
3451 2955 3560 3011 Do-

290 3043 388 3097 τὸν
442 3043 647 3115 Κύριον
677 3045 705 3098 6
733 3047 1002 3118 μακάριος
1039 3026 1743 3119 Βαπτιστὴς,διαψεύσεται
1777 3049 1874 3120 μὲν

1979 3026 2190 3103 minum
2219 3047 2297 3101 ait
2335 3046 2535 3102 beatus
2573 3045 2846 3116 Baptista,
2876 3060 2985 3100 non
3035 3047 3324 3110 mentitur,
3355 3047 3402 3101 si
3453 3045 3560 3101 hu-

291 3137 566 3208 οὐδαμῶς,
591 3139 735 3192 κατά
752 3155 816 3207 γε
848 3139 908 3192 τὸ
933 3138 1034 3209 τῆς
1062 3138 1474 3210 ἁνθρωπότητος
1513 3139 1662 3204 ἰδιον,
1696 3141 1790 3194 καὶ
1817 3140 1878 3194 τὸ

295 3231 507 3302 πρέπον
537 3233 604 3300 τῇ
628 3229 802 3283 κτίσει
821 3235 1018 3301 μέτρον
1041 3247 1054 3260 ·
1090 3229 1349 3301 ἀναθήσει
1373 3230 1430 3284 δὲ
1445 3231 1590 3302 μόνῳ
1610 3231 1670 3285 τὸ
1700 3233 1879 3287 πάντα

294 3323 489 3376 εἰδέναι
513 3323 592 3392 τῷ
637 3321 775 3392 Θεῷ,
797 3322 874 3393 τῷ
899 3323 990 3376 διὰ
1029 3325 1343 3393 Πνεύματος
1393 3323 1548 3392 ἁγίου
1599 3325 1736 3395 πρὸς
1776 3324 1876 3396 τὴν

291 3414 398 3468 τῶν
442 3414 846 3486 κεκρυμμένων
877 3413 1177 3485 κατάληψιν
1213 3415 1636 3483 φωταγωγοῦντι
1659 3415 1751 3469 τὸν
1780 3418 1876 3470 ἆν-

293 3506 535 3578 θρωπον·
565 3507 849 3578 χρησίμως
875 3508 932 3561 δὲ
977 3507 1118 3570 λίαν,
1144 3508 1244 3560 οὐκ
1265 3507 1462 3560 εἰδέναι
1495 3509 1594 3578 μέν
1618 3526 1782 3580 φησιν
1809 3509 1870 3574 ἐξ

291 3598 484 3652 ἑαυτοῦ
513 3598 605 3652 τὸν
633 3598 889 3668 Χριστὸν,
911 3598 1224 3669 ἐληλυθέναι
1253 3615 1316 3666 γε
1335 3597 1442 3670 μὴν
1473 3599 1562 3654 διὰ
1593 3598 1751 3654 τοῦτο
1775 3618 1876 3655 κυ-

293 3691 444 3760 ρίως,
468 3691 558 3743 ἵνα
598 3690 833 3761 φανερὸν
861 3691 1023 3744 αὐτὸν
1062 3693 1377 3763 καταστήσῃ
1405 3692 1484 3764 τῷ
1525 3692 1764 3765 Ἰσραὴλ,
1789 3694 1877 3747 ἵνα

293 3783 367 3853 μὴ
402 3781 707 3852 αὐτόμολος
734 3784 828 3836 ἐπὶ
872 3782 971 3853 τὴν
1001 3785 1311 3856 μαρτυρίαν
1334 3785 1590 3856 φαίνηται
1627 3785 1873 3858 δραμὼν,

294 3873 428 3943 μηδὲ
457 3873 610 3926 ἰδίων
640 3873 962 3945 θελημάτων
1008 3875 1286 3948 ὑπηρέτης
1318 3877 1506 3947 νοῆται
1529 3877 1683 3950 παρά
1709 3895 1873 3944 τισιν,

289 3963 426 4016 ἀλλὰ
479 3963 634 4026 Θείας
673 3963 774 4032 μὲν
816 3965 1126 4036 οἰκονομίας
1173 3967 1431 4038 ἐργάτης,
1469 3968 1662 4040 βουλῆς
1687 3968 1745 4023 δὲ
1777 3970 1878 4042 τῆς

290 4056 498 4109 ἄνωθεν
538 4055 830 4126 ὑπουργὸς,
861 4057 1350 4129 ἀποκαλυπτούσης
1379 4059 1529 4130 αύτῷ
1557 4060 1648 4113 τὸν
1679 4060 1876 4132 Ἀμνδν

291 4145 389 4197 τὸν
449 4145 674 4216 αἴροντα
727 4147 825 4216 τὴν
872 4148 1147 4218 ἁμαρτίαν
1189 4147 1284 4201 τοῦ
1313 4149 1541 4220 κόσμου.
1598 4150 1716 4204 Ἵνα
1765 4150 1876 4204 τοί·

293 4252 390 4288 νυν
413 4235 805 4307 εὐπετέστερον
833 4236 927 4289 ἐπὶ
965 4237 1027 4290 τὸ
1078 4238 1358 4292 πιστεύειν
1384 4237 1464 4309 τῷ
1497 4239 1706 4310 Σωτῆρι
1739 4241 1876 4312 Χρι-

1977 3137 2266 3192 manitatis
2293 3143 2349 3191 et
2392 3143 2664 3192 creatura:
2696 3136 2946 3192 conditio
2975 3145 3256 3207 spectetur
3285 3155 3298 3191 :
3329 3137 3427 3194 sed
3461 3138 3557 3193 uni

1976 3227 2090 3282 Deo
2119 3234 2322 3282 cuncta
2351 3241 2515 3283 nosse
2537 3227 2755 3291 tribuit,
2776 3227 2866 3298 qui
2885 3241 2984 3297 per
3002 3233 3254 3281 sanctum
3290 3228 3556 3298 Spiritum

1977 3319 2046 3374 ad
2079 3319 2626 3390 comprehensionem
2661 3335 2857 3375 rerum.
2880 3317 3226 3374 occultarum
3274 3319 3555 3375 hominem

1974 3413 2268 3478 illuminat,
2283 3419 2338 3466 et
2360 3412 2573 3468 utiliter
2609 3411 2766 3466 valde
2785 3409 3071 3481 proﬁtetur
3095 3427 3162 3466 ex
3181 3411 3366 3482 seipso
3390 3411 3556 3468 Chri-

1976 3511 2124 3558 stum
2167 3503 2406 3570 nescire,
2447 3518 2567 3558 eam
2599 3503 2672 3558 ob
2701 3517 2816 3558 rem
2848 3509 3031 3557 tamen
3061 3503 3280 3572 proprie
3309 3504 3552 3570 venisse,

1975 3605 2037 3652 ut
2079 3595 2270 3652 lsraeli
2316 3604 2506 3651 notum
2561 3595 2742 3666 ipsum
2782 3595 2949 3651 faciat
2985 3613 3000 3651 :
3034 3611 3104 3650 ne
3144 3597 3212 3652 ad
3260 3597 3557 3666 perhiben-

1975 3689 2108 3744 dum
2143 3688 2282 3744 illud
2336 3689 2712 3746 testimonium
2763 3703 2864 3744 sua
2895 3699 3094 3760 sponte
3141 3688 3444 3744 incurrisse
3473 3690 3556 3744 vi-

1975 3779 2194 3846 deatur,
2231 3796 2412 3850 neque
2447 3779 2772 3850 cupiditatis
2807 3797 2921 3837 sua
2951 3795 3150 3836 servus
3179 3787 3426 3849 putetur,
3453 3778 3552 3834 sed

1976 3872 2149 3927 divini
2208 3871 2429 3927 consilii
2509 3871 2696 3940 potius
2759 3878 3072 3931 exsecutor.
3133 3869 3555 3940 voluntatisque

1975 3978 2234 4033 supernae
2281 3963 2540 4017 minister
2576 3981 2594 4014 ι
2626 3963 2839 4032 Agnum
2891 3979 2909 4011 ι
2961 3960 3013 4014 ei
3047 3959 3361 4028 revelantis,
3397 3979 3416 4014 ι
3455 3961 3551 4032 qui

1973 4055 2129 4110 tollit
2154 4061 2440 4126 peccatum
2474 4051 2663 4108 mundi
2692 4053 2756 4104 ιο.
2797 4070 2816 4104 ι
2851 4049 2920 4106 Ut
2941 4065 3073 4120 ergo
3104 4047 3280 4107 Judai
3305 4051 3553 4108 alacrius

1974 4145 2200 4202 Christo
2236 4141 2510 4200 Salvatori
2547 4143 2858 4205 crederent,
2885 4151 2938 4196 et
2969 4141 3451 4210 praeclarissimam
3482 4142 3554 4198 de

1976 4254 2044 4294 eo
2086 4239 2557 4294 existimationem
2600 4235 2885 4298 haberent,
2945 4233 3022 4286 ait
3054 4233 3234 4301 ipsum
3281 4248 3340 4289 se
3379 4249 3554 4303 agno.

295 4325 406 4396 στῷ
455 4326 721 4397 βαδίζοιεν
775 4328 1058 4396 Ἰουδαῖοι,
1086 4332 1180 4384 καὶ
1227 4329 1658 4400 ἀξιολογωτάτην
1704 4331 1871 4402 ἔχωσι

1978 4346 2130 4387 scere
2168 4345 2333 4400 quem
2366 4344 2477 4384 non
2512 4336 2762 4388 noverat,
2793 4334 2854 4381 ut
2898 4326 3211 4395 intelligant
3255 4325 3480 4380 demum
3519 4341 3553 4382 a

293 4421 420 4488 περὶ
445 4421 610 4474 αὑτοῦ
644 4421 743 4493 τὴν
771 4423 1041 4494 διάληψιν,
1077 4426 1373 4493 ἐγνωκέναι
1401 4425 1565 4494 φησιν
1587 4424 1874 4490 αὑτὸν,ούκ

290 4511 466 4576 εἰδῶς’
494 4514 583 4567 ἴνα
630 4515 815 4569 λοιπὸν
863 4516 1085 4570 έννοῶσι
1133 4517 1224 4571 τὸν
1262 4517 1689 4586 ἀποκαλύψαντα
1719 4517 1869 4580 Θεὸν,

289 4604 390 4656 καὶ
409 4604 470 4656 τὸ
490 4604 696 4658 ἄνωθεν
725 4607 1204 4679 ἀποναρκήσαντες
1238 4611 1433 4678 κρῖμα,
1465 4605 1871 4678 παραδέξωνται

288 4696 470 4748 τοίνυν
494 4696 587 4748 τὸν
619 4694 774 4765 λόγον
802 4699 987 4762 αὑτοῦ,
1011 4701 1106 4754 καὶ
1129 4699 1219 4752 τὸν
1243 4699 1457 4768 οἰκέτην
1487 4697 1716 4768 δρῶντες
1741 4697 1869 4751 ὅντα

286 4785 566 4850 τοσοῦτον,
600 4788 878 4858 ἀναλόγως
909 4791 967 4844 τὸ
995 4791 1086 4844 τοῦ
1137 4789 1461 4861 κρατοῦντος
1487 4789 1867 4861 ἁναμετρῶσιν

283 4878 523 4947 ἀξίωμα.
562 4877 637 4932 Τὸ
673 4881 784 4952 γὰρ
814 4882 1130 4952 ἐληλυθέναι
1161 4881 1360 4950 λέγειν,
1391 4883 1478 4936 ἵνα
1517 4881 1745 4954 φανερὸν
1768 4883 1866 4935 αύ-

1983 4422 2094 4477 Deo
2121 4420 2450 4485 revelatum,
2487 4427 2543 4472 et
2575 4415 2814 4488 pristino
2847 4415 3015 4470 animi
3043 4424 3270 4487 stupore
3290 4431 3549 4482 excusso,

1978 4512 2100 4581 ejus
2136 4509 2298 4579 116
2330 4522 2642 4563 sermonem
2685 4505 2998 4568 admittant,
3029 4513 3084 4560 et
3115 4514 3325 4560 tantum
3366 4505 3550 4562 famu-

1977 4603 2091 4656 lum
2119 4607 2431 4662 cernentes,
2460 4597 2816 4669 proportione
2854 4596 3093 4666 quadam
3124 4595 3341 4652 Domini
3367 4597 3553 4668 digni-

1977 4702 2144 4749 tatem
2184 4694 2482 4749 mstiiiient.
2519 4689 2679 4758 Quod
2715 4690 2862 4745 enim
2906 4688 2985 4743 ait
3013 4689 3236 4745 venisse
3279 4697 3337 4742 ut
3369 4689 3550 4745 mani-

1977 4787 2179 4841 festum
2207 4800 2334 4840 cum
2374 4784 2539 4839 faciat
2585 4781 2795 4848 lsracli,
2831 4781 3100 4853 numquid
3128 4780 3365 4837 cilicium
3403 4781 3548 4837 servi

1975 4879 2234 4934 denotat?

283 4972 372 5024 τὸν
395 4971 475 5040 τῷ
512 4972 730 5043 Ἰσραὴλ
753 4975 1088 5043 καταστήσῃ,
1114 4973 1230 5037 πῶς
1257 4974 1316 5026 ού
1343 4975 1557 5037 πάντως
1584 4976 1684 5046 τὴν
1701 4974 1886 5046 οἰκέτῃ
1926 4971 2240 5042 πρέπουσαν
2260 4971 2558 5042 θεραπείαν
2593 4969 2842 5042 σημαίνει
2864 4987 2878 5035 ;

891 5064 1136 5119 ΚΕΦΔΛ.
1168 5066 1244 5116 Δ’.

282 5151 412 5202 Ὀτι
438 5154 510 5205 οὐ
537 5154 688 5207 κατὰ
707 5152 1147 5221 parans-mede
1171 5154 1250 5219 ὡς
1269 5154 1532 5208 ἐπακτόν
1555 5155 1622 5207 ἐν
1642 5154 1720 5220 τῷ
1757 5156 1864 5221 Υἱῷ

353 5221 422 5272 τὸ
467 5222 641 5291 ᾄγιον
693 5221 935 5290 Πνεῦμά
961 5290 964 5291 ν
991 5224 1185 5284 ἐστιν,
1228 5223 1366 5278 ἀλλ’
1393 5223 1691 5289 οῠσιωδῶς
1720 5267 1734 5291 ,
1767 5232 1864 5280 καὶ

351 5289 521 5342 κατὰ
559 5292 750 5358 φύσιν
779 5289 1099 5358 ἐνυπάρχει
1149 5292 1328 5357 αὐτῷ.

351 5381 464 5434 Kal
521 5383 934 5450 ἐμαρτύρησεν
974 5381 1257 5452 Ἰωάννης
1291 5383 1500 5453 λέγων·
1526 5385 1652 5439 Ὀτι
1677 5385 1870 5440 τεθέα·

2641 5060 2788 5114 CAP.
2835 5058 2876 5114 1.

1974 5152 2123 5218 Quod
2153 5168 2254 5203 non
2285 5168 2374 5213 per
2390 5151 2869 5218 participationem,
2905 5166 3064 5215 neque
3089 5160 3145 5200 ut
3175 5149 3434 5204 aseititius
3466 5160 3542 5204 est

2043 5224 2095 5273 in
2135 5219 2278 5272 Filio
2306 5220 2801 5288 sanctusﬁpiritus,
2839 5220 2929 5273 sed
2976 5221 3023 5270 ei
3055 5219 3476 5276 substantialiter
3494 5231 3544 5274 et

2042 5291 2326 5343 secundum
2358 5299 2604 5340 naturam
2638 5289 2792 5340 inest.

2047 5379 2090 5441 l,
2130 5377 2324 5433 32-55.
2366 5376 2434 5430 Et
2472 5377 2831 5431 testimonium
2879 5377 3140 5445 perhibuit
3179 5376 3430 5443 Joannes,
3460 5383 3540 5434 di-

270 5491 376 5543 ιωι
433 5473 498 5524 τὸ
547 5473 784 5542 Πνεῦμα
813 5473 1191 5537 καταϐαῖνον,
1219 5474 1361 5527 ὡσεὶ
1392 5477 1763 5543 περιστερὰν,
1800 5476 1869 5540 ἐξ

1978 5471 2299 5536 τειιεεριιὶα
2345 5470 2455 5525 vidi
2503 5467 2756 5537 Spiritum
2789 5469 3217 5535 descendentem,
3267 5474 3419 5541 quasi
3462 5493 3545 5528 eo-

272 5565 568 5632 of-pm'cfv,
598 5566 691 5618 καί
743 5565 977 5632 ἔμεινεν
1005 5566 1095 5619 ἐπ’
1125 5567 1332 5621 αὐτόν’
1371 5565 1532 5638 κάγὼ
1557 5569 1665 5622 οὐκ
1701 5567 1870 5638 ᾔδειν

1978 5561 2226 5627 lumbam,
2259 5562 2322 5616 de
2375 5562 2538 5629 caelo,
2584 5571 2633 5616 et
2696 5563 2889 5615 mansit
2950 5577 3104 5629 super
3137 5580 3251 5616 eum
3293 5579 3311 5616 :
3353 5573 3400 5618 et
3453 5581 3546 5635 ego

352 5734 392 5763 η
445 5731 462 5783 l
517 5732 646 5787 (lor.
701 5751 789 5801 xv,
840 5734 927 5790 53.
1011 5736 1053 5768 ⁸³
1083 5736 1357 5807 Psal.cvl,
1390 5739 1477 5795 42.
1556 5741 1598 5775 ⁸⁸
1654 5739 1814 5798 lion).
1848 5758 1874 5797 ν

1999 5744 2089 5801 5⁵5.
2172 5746 2216 5780 ⁸³
2250 5745 2424 5802 Galat.
2477 5763 2558 5812 tit.
2606 5746 2692 5802 l5.
2771 5744 2994 5803 “Joan.
3046 5762 3084 5813 ι,
3135 5747 3224 5804 ‘29.
