4040 6214
475 274 578 332 195

1464 280 1534 334 -S.
1576 277 1852 334 CYRILLI
1906 270 2378 331 ALEXANDBINI
2417 275 2744 332 ARCIIIEP.

3629 275 3729 332 i903

469 393 770 446 nesciebam
800 409 955 451 eum:
979 396 1070 450 sed
1099 397 1188 466 qui
1209 396 1353 450 misit
1385 414 1466 452 me
1495 397 1766 466 baptizare
1801 401 1856 454 in
1884 413 2036 468 aquai

2153 395 2359 460 αὐτὸν,
2395 398 2534 452 ἀλλ’
2583 400 2617 450 ό
2648 395 2889 464 πέμψας
2943 411 3016 464 με
3059 391 3368 458 βαπτίζειν
3413 393 3484 448 ἐν
3528 392 3698 447 ὕδατι

475 482 564 536 ille
593 485 723 538 mihi
751 484 889 539 dixit
911 500 928 539 :
948 485 1117 556 Super
1140 502 1290 556 quem
1317 487 1508 543 videris
1536 489 1798 556 Spiritum
1837 493 2052 546 descen-

466 573 701 643 dentem,
729 588 777 632 et
809 590 1102 633 manentem
1127 596 1282 649 super
1306 598 1446 649 eum,
1472 584 1556 638 hic
1588 594 1667 638 est
1693 586 1784 655 qui
1812 585 2048 652 baptizat

469 665 528 718 in
555 664 760 734 Spiritu
783 679 988 722 sancto.

538 763 810 829 Quoniam
843 769 1101 838 superius
1140 771 1378 841 dixerat,
1410 789 1479 830 se
1529 791 1654 831 eum
1700 793 1810 833 non
1861 793 2047 842 nosse,

475 873 623 910 nunc
656 857 709 910 id
741 861 991 917 exactius
1038 866 1287 933 exponit,
1322 869 1755 939 mysteriumque
1798 870 2046 926 divinum

467 949 674 1016 aperit,
697 953 1000 1009 ostendens
1038 970 1164 1010 cum
1199 957 1304 1012 sibi
1336 973 1366 1011 a
1396 958 1557 1014 Patre
1587 959 1698 1016 Deo
1724 963 2044 1025 revelatum,

475 1049 588 1093 tum
631 1043 755 1110 quis
803 1047 1159 1102 revelationis
1207 1051 1402 1107 modus
1438 1051 1602 1107 fuerit
1645 1064 1833 1124 aperte
1868 1057 2047 1124 expli-

463 1145 609 1186 cans
657 1151 671 1187 :
715 1132 962 1204 adeoque
1014 1138 1331 1193 auditorum
1382 1142 1584 1198 animis
1633 1145 1782 1198 omni
1835 1147 2049 1200 ratione

469 1223 739 1291 prodest:
769 1234 825 1280 et
875 1242 974 1296 per
1012 1245 1136 1298 qua:
1183 1231 1390 1288 Christi
1441 1236 1764 1305 mysterium
1805 1251 1866 1292 se
1905 1237 2050 1290 didi-

474 1317 618 1372 cisse
651 1320 748 1382 ait,
787 1334 886 1388 per
910 1334 974 1374 ea
1005 1320 1206 1378 divina:
1243 1327 1533 1381 sententiae
1570 1328 1814 1382 ostendit
1844 1328 2046 1383 adver-

470 1406 656 1462 sarios
691 1407 982 1477 refragari,
1006 1420 1060 1464 et
1097 1427 1308 1482 magna:
1338 1413 1523 1468 Patris
1569 1416 1828 1471 resistere
1854 1417 2048 1472 volun-

470 1497 601 1552 .tati.
627 1497 782 1563 Quod
820 1515 942 1553 cum
976 1499 1126 1564 facit,
1162 1503 1300 1556 scite
1329 1518 1424 1558 eos
1461 1503 1676 1559 inducit
1702 1514 1759 1559 ut
1807 1509 2049 1564 vanitate

468 1588 675 1656 rejecta
714 1605 839 1644 eum
873 1591 1206 1660 suscipiant,
1251 1595 1343 1662 qui
1374 1594 1556 1650 Patris
1599 1596 1947 1667 bene‘placito
1990 1600 2046 1654 in

474 1681 620 1734 hunc
649 1683 909 1739 mundum
938 1685 1162 1740 advenit
1192 1685 1263 1742 ad
1297 1687 1542 1741 omnium
1568 1690 1825 1744 salutem.
1852 1689 2046 1746 Testa-

466 1779 564 1824 tur
619 1775 803 1841 itaque
852 1789 919 1829 se
968 1773 1234 1844 Spiritum
1289 1787 1570 1846 spectasse
1620 1778 2042 1836 descendentem

469 1879 639 1934 super
665 1881 789 1919 eum
824 1866 890 1920 de
935 1869 1100 1934 crelo,
1131 1869 1193 1928 in
1233 1871 1496 1924 columbae
1546 1872 1750 1941 specie,
1793 1880 1847 1927 et
1877 1889 2045 1944 super

463 1973 595 2011 eum
629 1958 917 2015 mansisse.
952 1961 1033 2016 Ad
1080 1963 1214 2026 haec,
1241 1963 1320 2016 ait
1364 1977 1424 2019 se
1453 1965 1685 2019 auribus
1723 1965 1844 2021 suis
1883 1981 2044 2022 acce-

469 2049 619 2116 pisse
666 2049 734 2102 ab
767 2063 836 2105 eo
876 2067 907 2104 a
941 2067 1052 2120 quo
1098 2052 1304 2107 missus
1330 2060 1416 2108 est
1442 2054 1509 2108 ad
1557 2053 1944 2124 baptizandum
1988 2057 2042 2112 in

471 2153 633 2209 aqua,
668 2141 824 2194 illum
885 2143 1295 2212 baptizaturum
1356 2145 1411 2198 in
1469 2153 1662 2198 sancto
1716 2144 1949 2215 Spiritu,
1986 2147 2042 2201 in

470 2247 629 2300 quem
665 2233 1062 2298 descendisset,
1104 2244 1158 2290 et
1221 2236 1275 2290 in
1327 2249 1439 2305 quo
1492 2248 1740 2292 maneret
1776 2237 2040 2308 Spiritus.

473 2319 963 2390 Loeupletissimus
989 2340 1121 2395 ergo
1142 2326 1322 2386 testis,
1350 2327 1770 2394 supernaturalc
1797 2327 2041 2398 signum,

472 2413 620 2468 illius
652 2425 844 2470 auctor
876 2432 940 2470 ac
1004 2417 1417 2472 demonstrator
1465 2418 1650 2484 Pater,
1672 2421 1915 2474 omnium
1951 2437 2045 2476 su-

471 2519 710 2573 premus.
753 2497 929 2576 Atque
971 2507 1086 2562 hac
1151 2509 1370 2578 quidem
1434 2510 1506 2562 ita
1548 2525 1607 2573 se
1663 2510 1884 2566 habent.
1935 2513 2041 2570 Sed

469 2593 758 2648 iusultabit
809 2595 997 2650 forsan
1040 2597 1238 2651 iterum
1268 2585 1616 2668 vi'tilitigator
1643 2598 1954 2666 haereticus,
1987 2612 2042 2658 et

467 2685 523 2738 in
576 2686 911 2742 cachinnum
969 2687 1180 2743 effusus
1220 2687 1369 2743 dicet
1417 2704 1430 2740 :
1483 2689 1623 2756 Quid
1669 2707 1835 2761 porro
1883 2695 2040 2750 nobis

467 2779 788 2846 responsuri
823 2781 982 2843 estis,
1020 2795 1052 2832 ο
1087 2779 1238 2842 boni,
1267 2788 1364 2833 aut
1393 2781 1597 2850 quibus
1629 2785 1863 2852 argutiis
1891 2785 2040 2854 quod

467 2868 733 2937 scriptum
761 2877 846 2924 est
875 2869 1252 2940 redarguetis?
1279 2869 1420 2926 Ecce
1450 2870 1718 2941 Spiritum
1754 2875 1831 2928 ait
1857 2877 1911 2930 in
1950 2877 2040 2930 Fi-

467 2958 600 3012 lium
637 2959 968 3015 descendere
1009 2979 1022 3015 :
1059 2976 1190 3016 ecce
1234 2962 1462 3032 ungitur
1521 2975 1552 3013 a
1607 2961 1720 3018 Deo
1764 2980 1829 3021 ac
1883 2967 2040 3024 Patre

2149 486 2379 552 ἐκεῖνός
2391 505 2494 556 μοι
2507 483 2694 542 εἶπεν
2728 487 2850 555 Ἐφ’
2875 484 2946 541 ὃν
2961 484 3037 538 ἂν
3053 484 3186 554 16m-
3205 485 3271 538 τὸ
3289 484 3531 554 Πνεῦμα
3550 500 3727 538 κατα,

2150 577 2362 633 ϐαῖνον
2385 617 2400 642 ,
2437 578 2535 633 καὶ
2569 577 2762 646 μένον
2789 576 2882 630 ἐπ’
2910 575 3116 640 αὺτὸν,
3147 571 3326 642 οὗτός
3354 578 3526 630 ἐστιν
3560 579 3592 630 ό
3615 577 3728 642 ,βα-

2148 667 2365 730 πτίζων
2400 670 2470 723 ἐν
2496 671 2791 740 Πνεύματι
2819 671 2984 740 ἁγίῳ.

2219 759 2334 812 Οὐκ
2369 760 2568 812 εἰδέναι
2618 761 2798 830 φήσας
2837 760 2998 814 αὐτὸν
3031 761 3088 812 ὲν
3116 762 3228 823 τοῖς
3273 759 3530 831 ἀνωτέρω
3553 797 3568 822 ,
3591 777 3730 834 χρη-

2151 849 2324 918 σίμως
2369 850 2794 921 ὲπεξεργάζεται
2819 894 2832 916 ,
2861 853 2955 906 καὶ
3001 854 3062 905 τὸ
3101 852 3245 906 θεῖον
3287 854 3593 922 ἀπογυμνοῖ
3630 871 3728 922 μυ-

2150 942 2371 1011 στήριον
2398 982 2412 1003 ,
2455 943 2548 995 καὶ
2599 943 2691 996 τὸν
2741 945 2890 1014 αὐτῷ
2936 944 3248 1014 μηνύσαντα
3311 944 3566 997 δεικνύων
3617 944 3728 1001 Πα-

2149 1030 2282 1101 τέρα
2339 1032 2506 1100 Θεὸν,
2543 1035 2635 1088 καὶ
2681 1035 2765 1098 τίς
2812 1037 2840 1087 ὁ
2892 1037 2988 1105 τῆς
3020 1035 3236 1100 δείξεως
3283 1036 3473 1105 γέγονε
3504 1039 3724 1107 τρόπος.

2147 1122 2448 1190 ἀναφανδὸν
2499 1124 2882 1196 ἐξηγούμενος.
2938 1128 3152 1196 Ὠφελεῖ
3175 1128 3233 1181 δὲ
3257 1128 3346 1180 διά
3372 1128 3589 1181 πάντων
3617 1129 3725 1186 τῶν

2147 1215 2514 1285 ἀκροωμένων
2564 1218 2653 1276 τὸν
2688 1218 2831 1278 νοῦν,
2859 1219 2955 1273 καὶ
2980 1220 3046 1272 δι’
3065 1213 3139 1272 ὧν
3168 1223 3232 1274 ὲκ
3263 1220 3398 1274 Θεοῦ
3435 1220 3726 1274 πεπαιδεῦ-

2150 1306 2273 1358 σθαί
2304 1324 2434 1378 φησι
2464 1309 2524 1361 τὸ
2553 1311 2680 1380 περὶ
2727 1311 2963 1383 Χριστοῦ
3007 1313 3324 1383 μυστήριον,
3357 1316 3477 1376 ταῖς
3521 1313 3724 1372 ἀνωθεν

2146 1399 2348 1468 ψήφοις
2403 1401 2771 1472 πολεμοῦντας
2829 1404 3115 1478 ἀποφαίνει
3159 1406 3286 1468 τοὺς
3328 1404 3725 1476 ἀνθεστηκότας

2147 1491 2316 1562 αύτῷ,
2339 1494 2433 1546 καὶ
2468 1495 2853 1565 ῥιψοκινδύνως
2889 1499 2954 1567 τῇ
2981 1497 3190 1568 μεγάλῃ
3211 1497 3306 1550 τοῦ
3331 1496 3541 1567 Πατρός
3571 1497 3724 1556 ἀντι-

2147 1582 2579 1651 προστάττοντας
2608 1584 2821 1660 γνώμῃ.
2853 1585 3023 1638 Τοῦτο
3049 1586 3106 1639 δὲ
3143 1583 3210 1658 ἦν
3237 1587 3619 1650 ἀναπείθοντος
3641 1589 3728 1639 εύ-

2148 1672 2296 1741 φυῶς
2341 1675 2439 1742 τῆς
2471 1675 2572 1743 μὲν
2618 1677 2830 1742 εἰκαίας
2885 1678 3062 1731 αὐτῶν
3116 1679 3449 1749 ἀποσχέσθαι
3499 1678 3722 1748 βουλῆς,

2149 1765 2552 1835 παραδέξασθαι
2576 1767 2631 1821 δὲ
2651 1768 2742 1821 τὸν
2773 1769 2989 1839 εὐδοκία
3009 1770 3224 1842 ⁴Πατρδς
3249 1771 3341 1824 ὲπὶ
3358 1771 3598 1840 σωτηρίᾳ
3619 1769 3726 1829 τῶν

2146 1857 2361 1911 πάντων
2393 1858 2825 1930 ἐπιδημήσαντα.
2857 1862 3142 1932 Μαρτυρεί
3184 1861 3488 1933 τοιγαροῦν,
3521 1862 3604 1914 ὅτι
3631 1861 3725 1920 καὶ

2145 1947 2207 2007 τὸ
2223 1949 2444 2020 Πνεῦμα
2469 1950 2720 2009 θεάσαιτο
2747 1951 3071 2011 καταϐαῖνον
3097 1953 3356 2008 ὲπάύτὸν
3386 1953 3447 2017 ἐξ
3470 1953 3718 2022 ούρανοῦ,

2146 2045 2473 2114 περιστερᾶς
2499 2045 2557 2097 ὲν
2587 2044 2848 2113 σχήματι,
2879 2045 2974 2099 καὶ
2990 2046 3071 2098 ὃτι
3103 2046 3411 2116 μεμένηκεν
3440 2046 3716 2099 ὲπ“αύτόν.

2143 2133 2279 2193 Εἶτα
2326 2136 2462 2208 πρὸς
2490 2135 2664 2208 τούτῳ
2687 2177 2702 2201 ,
2736 2139 2829 2192 καὶ
2869 2141 3146 2208 αὐτήκοος
3176 2138 3426 2207 γενέσθαι
3467 2138 3602 2208 φησὶ
3624 2136 3717 2196 τοῦ

2147 2227 2495 2296 πεπομφότος
2518 2226 2688 2282 ,αὐτὸν
2738 2228 2830 2282 ὲπὶ
2876 2229 2936 2281 τὸ
2985 2229 3268 2299 βαπτίζειν
3301 2231 3359 2282 ὲν
3411 2227 3588 2293 ὕδατι,
3644 2229 3720 2291 ὡς

2143 2317 2350 2380 ἐκεῖνός
2377 2318 2523 2371 ἐστιν
2549 2319 2605 2371 ὲν
2645 2317 2781 2389 ἁγίῳ
2811 2318 3087 2389 βαπτίζων
3132 2320 3432 2389 Πνεύματι,
3459 2314 3611 2390 ᾧπερ
3653 2319 3720 2381 ἂν

2145 2407 2502 2478 ὲπιφοιτῆσαν
2533 2410 2859 2480 ὲναπομείνῃ
2889 2409 2950 2462 τό
2982 2409 3226 2480 Πνεῦμα.
3253 2409 3718 2483 Ἀξιοπιστότατος

2142 2498 2321 2552 τοίνυν
2359 2500 2387 2551 ὁ
2425 2498 2653 2568 μάρτυς,
2700 2499 2977 2568 ὑπερφυὲς
3003 2499 3064 2552 τὸ
3107 2501 3352 2569 σημεῖον,
3378 2499 3565 2552 ἐπάνω
3592 2500 3721 2554 πάνυ·

2143 2605 2250 2641 των
2277 2589 2306 2640 ό
2337 2587 2513 2651 δείξας
2552 2590 2759 2659 Πατήρ.
2790 2591 2899 2642 Καὶ
2927 2589 3098 2644 ταῦτα
3133 2591 3228 2660 μὲν
3250 2591 3394 2662 τῇδε.
3438 2592 3720 2664 ’Δνασκιρ-

2142 2679 2296 2748 τήσει
2335 2677 2394 2731 δὲ
2441 2678 2570 2741 ἴσως
2597 2680 2626 2730 ὁ
2657 2679 3045 2750 φιλεγκλήμων
3093 2681 3385 2751 αίρετικὺς,
3423 2683 3521 2737 καὶ
3541 2681 3717 2742 πλατὺ

2142 2772 2376 2841 γελάσας
2402 2773 2544 2842 ἐρεῖ’
2571 2772 2635 2826 Τί
2661 2774 2821 2826 πάλιν
2842 2775 2997 2843 ἡμῖν,
3023 2767 3067 2826 ὦ
3097 2767 3260 2836 οὗτοι,
3280 2773 3373 2825 καὶ
3395 2774 3530 2844 πρὸς
3561 2772 3719 2834 τοῦτό

2143 2882 2278 2934 φατε
2305 2881 2320 2930 ;
2352 2865 2387 2936 ἢ
2419 2867 2568 2918 ποῖον
2597 2865 2909 2934 ὲξυφανείτε
2939 2865 3094 2933 λόγον
3133 2866 3622 2936 κατασοφιζόμενοι
3657 2866 3718 2922 τὸ

2141 2959 2526 3031 γεγραμμένον
2561 2975 2575 3024 ;
2621 2959 2752 3012 Ἰδοὺ
2786 2958 2847 3011 τὸ
2895 2959 3117 3029 Πνεῦμα
3163 2959 3512 3012 καταϐαίνειν
3553 2959 3718 3031 φησὶν

464 3047 660 3116 Filius,
693 3059 748 3106 et
778 3051 922 3121 quod
968 3067 1074 3106 non
1111 3054 1273 3112 habet
1320 3054 1845 3128 nimirum‘accipit,
1878 3057 2036 3114 Psal—

2144 3055 2236 3107 ἐπὶ
2267 3053 2358 3107 τὸν
2412 3051 2573 3105 Υἱόνο
2620 3051 2728 3106 ἰδοὺ
2772 3053 3125 3122 καταχρίεται
3155 3050 3306 3123 παρά
3340 3051 3436 3104 τοῦ
3463 3051 3598 3105 Θεοῦ
3624 3053 3717 3115 κα),

467 3140 627 3194 mista
657 3141 820 3197 nobis
847 3141 1202 3212 suffragante,
1231 3153 1286 3200 et
1317 3147 1402 3204 his
1441 3151 1620 3219 ipsum
1659 3153 1844 3207 verbis
1882 3168 2031 3207 como

464 3234 703 3303 pellante
737 3252 749 3287 :
787 3251 806 3284 ι
849 3233 1142 3304 Propterea
1189 3239 1347 3311 117
1391 3243 1548 3296 unxit
1593 3251 1646 3298 te
1693 3243 1860 3309 Deus,
1899 3243 2040 3300 Deus

464 3332 617 3387 tuus,
643 3325 767 3378 oleo
801 3327 1191 3383 exsultationis
1220 3344 1334 3398 prae
1365 3333 1731 3405 participibus
1763 3337 1874 3390 tuis
1910 3336 1973 3391 ".
2013 3355 2032 3385 ι

465 3413 754 3478 Quomodo
817 3416 985 3486 igitur
1051 3422 1547 3481 consubstantialis
1618 3428 1724 3481 erit
1794 3428 2038 3496 perfecto

463 3505 613 3559 Patri
643 3505 842 3572 Filius,
879 3511 971 3578 qui
1003 3512 1150 3579 quod
1189 3512 1475 3581 perfectus
1507 3532 1616 3570 non
1655 3518 1748 3581 sit,
1780 3519 1901 3574 ideo
1931 3536 2036 3576 un-

462 3598 648 3666 gitur?
675 3598 990 3655 Istiusmodi
1022 3604 1332 3662 hominibus
1366 3609 1463 3678 qui
1501 3610 1812 3666 veneranda
1847 3609 2036 3666 Eccle-

464 3687 560 3742 siae
605 3688 858 3758 dogmata
899 3693 1235 3756 convellunt,
1276 3705 1330 3750 et
1377 3696 1786 3767 Scripturarum
1824 3711 2032 3755 rectum

471 3794 696 3834 sensum
749 3793 1088 3851 pervertunt,
1116 3786 1412 3849 dicendum
1457 3804 1582 3844 reor
1623 3809 1635 3845 :
1680 3810 1702 3849 ι
1748 3791 2032 3862 Evigilate,

461 3873 556 3941 qui
587 3874 724 3928 ebrii
757 3876 891 3931 estis
923 3894 989 3931 ex
1026 3881 1151 3934 vino
1181 3889 1368 3935 vestro
1398 3881 1460 3946 “,
1492 3901 1510 3933 ι
1550 3893 1631 3945 ut,
1652 3884 1850 3938 illustri
1884 3888 2030 3940 veri-

459 3965 591 4019 tatis
627 3967 1036 4034 pulchritudine
1069 3982 1374 4041 perspecta,
1409 3974 1702 4030 nobiscum
1738 3978 2034 4033 inclamare

460 4055 605 4110 Filio
660 4060 886 4128 possitis
937 4081 950 4117 :
989 4081 1006 4114 ι
1051 4062 1189 4118 Vere
1227 4063 1398 4119 Filius
1443 4065 1534 4120 Dei
1586 4084 1645 4123 es
1697 4077 1753 4122 ttt
1797 4071 1861 4124 ι’.
1902 4090 1920 4123 ι
1975 4071 2030 4126 Si

459 4151 604 4202 enim
633 4151 814 4206 credis
837 4154 1014 4223 ipsum
1057 4152 1228 4207 Deum
1259 4155 1561 4210 secundum
1599 4167 1852 4212 naturam
1887 4175 2030 4229 esse,

458 4242 754 4310 quomodo,
796 4260 1006 4312 (tuisse,
1051 4245 1390 4316 perfectione
1455 4250 1706 4305 carebit?
1769 4250 2033 4322 Sequitur

457 4336 604 4387 enim
639 4335 879 4404 idipsum
925 4338 1089 4392 etiam
1121 4355 1219 4395 vos
1260 4341 1425 4410 impie
1463 4342 1531 4398 de
1556 4343 1718 4401 Patre
1755 4359 2022 4402 asserere.

2144 3145 2372 3216 Πατρδς,
2405 3148 2540 3218 ὅπερ
2565 3145 2622 3198 δὲ
2664 3145 2764 3198 οὐκ
2793 3143 2933 3214 ἔχει,
2965 3143 3230 3214 λαμϐάνει
3254 3143 3474 3216 δηλαδὴ,
3507 3161 3716 3202 συνεπι-

2145 3238 2545 3309 μαρτυροῦντος
2573 3236 2667 3290 τοῦ
2710 3235 2987 3307 Μελῳδοῦ,
3026 3236 3118 3289 καὶ
3155 3235 3426 3304 λέγοντος,
3475 3234 3551 3298 ὼς
3581 3236 3718 3307 πρὸς

2140 3329 2299 3381 αὐτόν
2315 3345 2328 3358 ·
2362 3347 2380 3380 ι
2412 3327 2510 3381 Διά
2531 3326 2688 3380 τοῦτο
2707 3326 2890 3397 ἔχρισε
2918 3343 2976 3378 σε
3001 3328 3028 3379 ό
3053 3324 3247 3391 Θεὸς,ὁ
3270 3325 3402 3388 Θεός
3432 3343 3546 3390 σου,
3569 3326 3717 3382 ἔλεον

2139 3419 2509 3488 ἀγαλλιάσεως
2542 3419 2692 3490 παρά
2724 3420 2850 3481 τοὺς
2882 3418 3144 3488 μετόχους
3172 3433 3286 3469 σου.
3327 3435 3345 3468 ι
3389 3416 3514 3479 Πῶς
3535 3417 3600 3470 ἂν
3629 3418 3714 3488 εἴη

2138 3512 2321 3566 λοιπὸν
2374 3512 2432 3563 ὲν
2465 3511 2841 3580 όμοουσιότητι
2886 3509 2980 3562 τοῦ
3031 3507 3236 3561 τελείου
3287 3507 3520 3578 Πατρδςι
3561 3508 3590 3560 ὁ
3639 3498 3714 3577 μὴ

2136 3604 2376 3666 τοιοῦτος
2397 3604 2545 3668 Υἱὸς,
2563 3603 2658 3657 καὶ
2679 3602 2765 3655 διὰ
2789 3601 2947 3656 τοῦτο
2962 3601 3248 3672 χριόμενος
3273 3618 3287 3668 ;
3314 3600 3454 3673 Πρὸς
3473 3600 3536 3668 δὴ
3557 3598 3715 3659 τοῦτο

2138 3695 2446 3764 φάναιιδεῖν
2487 3693 2856 3764 ὑπολαμϐάνω
2885 3695 2998 3756 τοῖς
3036 3692 3106 3746 τά
3139 3693 3312 3763 σεμνά
3347 3692 3446 3764 τῆς
3488 3689 3714 3759 Ἐκκληε-

2138 3788 2261 3850 σίας
2303 3786 2674 3857 ἀνατρέπουσι
2704 3787 2972 3856 δόγματα,
3006 3787 3099 3840 κα)⁸
3127 3785 3224 3858 τὴν
3258 3786 3364 3839 τῶν
3401 3783 3716 3855 γεγραμμέ-

2136 3899 2242 3934 νων
2263 3879 2536 3950 όρθότητα
2563 3879 2976 3947 διαστρέφουσιν
3000 3897 3012 3908 ·
3039 3899 3057 3930 ι
3081 3878 3459 3957 Ἐκνήψατερὶ
3489 3876 3714 3946 μεθύονφ

2136 3988 2246 4033 τες,
2275 3969 2332 4034 ἐξ
2359 3971 2498 4023 οἴνου
2529 3968 2726 4034 αὐτῶν,
2761 3987 2778 4020 ι
2817 3969 2902 4023 ἵνα
2936 3968 3183 4040 δύνησθε,
3217 3969 3278 4022 τὺ
3320 3969 3571 4040 λαμπρὸν
3619 3968 3715 4041 τῆς

2137 4062 2392 4131 ἀληθείας
2419 4059 2888 4132 περιαθρήσαντες
2921 4061 3135 4124 κάλλος,
3179 4061 3275 4114 σὺν
3309 4062 3440 4131 ἡμῖν
3477 4059 3712 4129 ἀναϐοῐτρ

2138 4172 2226 4207 σαι
2257 4153 2391 4226 πρὸς
2421 4154 2510 4206 τὸν
2530 4152 2688 4207 Υίόν”
2712 4173 2730 4203 ‹
2780 4153 3018 4223 ’Δληθῶς
3047 4153 3180 4206 Θεοῦ
3213 4153 3336 4216 Υἱὸς
3363 4148 3432 4205 εἶ.
3463 4171 3479 4203 ι
3511 4153 3571 4205 Εἰ
3605 4151 3714 4222 γὰρ

2136 4246 2272 4308 ὅλως
2325 4243 2600 4308 πιστεύεις
2642 4244 2774 4297 Θεὸν
2825 4239 2964 4297 εἶναι
3001 4246 3142 4296 κατά
3175 4243 3334 4313 φύσιν
3376 4244 3558 4305 αὑτὸν,
3596 4242 3712 4305 πῶς

2135 4339 2236 4390 οὐκ
2267 4337 2332 4390 ἂν
2375 4336 2489 4407 ἔχοι
2514 4337 2576 4390 τὸ
2618 4336 2851 4403 τέλειονς
2893 4337 3032 4407 Ὥρα
3076 4336 3183 4406 γὰρ
3213 4337 3357 4405 ὑμᾶς
3388 4335 3481 4388 καὶ
3511 4336 3588 4396 είς
3616 4335 3712 4386 αὑ-

462 4426 618 4486 Umle
639 4429 785 4482 enim
809 4428 943 4497 ipse,
959 4446 1168 4498 quaeso,
1187 4433 1578 4501 perfectionem
1616 4439 1950 4504 necessario,
1967 4450 2026 4494 ut

2141 4431 2227 4483 τὸν
2273 4429 2372 4500 ἥδη
2423 4428 2700 4483 δυσσεϐεἷν
2751 4429 2841 4481 τὸν
2875 4428 3092 4498 Πατέρα
3119 4445 3131 4456 ·
3166 4427 3328 4480 πόθεν
3376 4428 3483 4497 γὰρ
3529 4427 3708 4488 αὐτὸς,

455 4518 663 4579 dicitis,
697 4518 986 4574 habiturus
1023 4523 1146 4576 est?
1180 4531 1275 4575 aut
1307 4527 1585 4591 quomodo
1632 4543 1742 4581 non
1780 4529 1846 4582 ad
1880 4530 2026 4585 illam

459 4610 879 4663 diminutionem
926 4609 1072 4674 Filii.
1106 4615 1381 4668 sententia
1417 4625 1596 4669 vestra
1649 4619 2023 4686 imperfectam

457 4703 787 4770 delapsnrus
816 4710 921 4765 est,
954 4705 999 4756 si
1045 4703 1227 4757 divina
1269 4707 1510 4760 essentia
1558 4709 2024 4777 imperfectionem

458 4794 513 4848 in
553 4791 692 4845 Filio
739 4795 908 4846 semel
962 4796 1288 4865 susceperit,
1331 4803 1390 4848 ut
1447 4797 1613 4854 stulte
1667 4807 1720 4853 et
1779 4800 2027 4869 imperite

455 4882 968 4938 eoutenditis?Non
1004 4888 1148 4937 enim
1190 4895 1336 4941 certe
1378 4901 1628 4955 magnam
1668 4888 1813 4942 illam
1848 4898 1901 4945 et
1935 4891 2030 4944 im-

457 4974 741 5028 mortalem
769 4982 1018 5028 naturam
1051 4975 1107 5028 in
1139 4974 1385 5030 diversas
1418 4977 1658 5032 rationes
1690 4981 2024 5048 secabimus,

455 5075 517 5120 ut
546 5067 599 5118 in
637 5065 761 5126 hoc,
795 5065 946 5119 verbi
978 5068 1177 5135 gratia,
1205 5065 1278 5121 sit
1312 5067 1656 5137 imperfecta,
1683 5071 1734 5123 in
1767 5072 1858 5124 illo
1905 5089 2027 5142 per-

455 5156 596 5211 fecta
637 5174 650 5211 :
685 5172 811 5213 cum
863 5158 1222 5213 humanitatis
1254 5157 1501 5214 detinitio
1546 5177 1654 5214 una
1692 5165 1765 5217 sit
1810 5164 1878 5219 de
1907 5181 2027 5220 om.

453 5251 636 5311 nibus.
667 5257 722 5305 et
753 5251 938 5305 eadem
977 5251 1034 5308 in
1067 5251 1323 5306 omnibus
1358 5253 1543 5326 nobis,
1587 5271 1686 5309 nec
1723 5256 1886 5310 homo
1927 5258 2026 5311 ali-

449 5340 585 5410 quid
638 5341 825 5396 minus
881 5352 975 5396 aut
1035 5342 1214 5412 majus
1264 5344 1335 5397 sit
1388 5345 1562 5399 altero
1626 5347 1874 5414 homine,
1914 5364 2024 5413 qua

450 5433 615 5488 homo
655 5442 737 5486 est
774 5456 784 5487 ;
820 5449 920 5488 nec
972 5435 1218 5505 angelus,
1259 5436 1476 5504 opinor,
1517 5435 1586 5489 ab
1615 5437 1786 5489 altero
1829 5439 2022 5506 angelo

445 5521 687 5587 dilferat,
719 5527 934 5578 ratione
975 5527 1238 5594 angelicae
1268 5526 1611 5592 substantia,
1645 5527 1921 5589 omnibus.
1954 5544 2020 5582 et

525 5679 564 5711 ⁸⁷
610 5677 752 5734 Psal.
802 5695 944 5742 μιν,
998 5681 1050 5732 8.
1131 5679 1298 5735 “‘Jocl
1330 5697 1365 5747 I,
1412 5682 1462 5735 ὅ.

1547 5683 1588 5713 ¹⁹
1626 5681 1815 5739 Matth.
1854 5698 1964 5749 xw,
1998 5683 2088 5745 53.

2136 4521 2210 4586 ὡς
2239 4521 2364 4592 φὴς,
2384 4521 2441 4587 ἐξ
2462 4521 2708 4592 ἀνάγκης
2737 4521 2848 4587 ἕξει
2873 4521 2973 4590 τὴν
2998 4519 3310 4589 τελειότητα
3334 4537 3346 4584 ;
3372 4519 3487 4581 πῶς
3512 4517 3569 4570 δὲ
3591 4517 3711 4586 οὐχὶ

2136 4614 2271 4684 πρὸς
2293 4613 2390 4684 τὴν
2424 4612 2517 4665 τοῦ
2544 4614 2881 4682 γεννήματος
2919 4612 3111 4680 ὕφεσιν
3129 4651 3142 4675 ,
3181 4613 3283 4682 τὴν
3307 4611 3384 4674 ὡς
3412 4610 3532 4664 καθ’
3567 4611 3712 4678 ὑμᾶς

2133 4703 2298 4772 ἀτελῆ
2331 4702 2768 4772 κατοισθήσεται,
2805 4701 3258 4774 παραδεξαμένης
3312 4701 3458 4766 anas
3505 4701 3564 4752 ὲν
3597 4699 3713 4769 Υίῷ

2135 4795 2235 4863 τῆς
2279 4794 2428 4857 θείας
2459 4793 2646 4856 οὐσίας
2690 4794 2752 4846 τὸ
2789 4794 3049 4848 δύνασθαι
3085 4794 3158 4865 μὴ
3198 4793 3340 4864 ἔχειν
3375 4792 3436 4844 τὸ
3469 4790 3671 4844 τέλειον
3694 4829 3712 4853 ,

2135 4887 2278 4939 κατά
2305 4902 2369 4953 γε
2393 4886 2482 4938 τὸν
2512 4889 2641 4955 παρ’
2670 4886 2798 4956 ὑμῖν
2837 4886 3024 4957 ἀμαθῆ
3051 4887 3144 4938 καὶ
3169 4882 3708 4950 ἀπαίδευτονλόγονς

2135 4981 2209 5033 (δύ
2238 4978 2347 5049 γὰρ
2397 4977 2567 5048 δήπου
2614 4978 2710 5048 τὴν
2745 4978 2988 5050 μεγάλην
3027 4979 3242 5049 ἐκείνην
3263 5017 3277 5039 ,
3304 4977 3399 5031 καὶ
3433 4976 3710 5045 ἀκήρατον

2134 5072 2296 5140 φύσιν
2328 5073 2407 5134 εἰς
2434 5070 2724 5141 διαφόρους
2754 5069 3196 5140 καταμεριοῦμεν
3225 5069 3437 5136 λόγους,
3466 5065 3540 5127 ὡς
3567 5059 3709 5116 εἶναι

2136 5166 2233 5235 μὲν
2269 5165 2326 5217 ὲν
2377 5162 2511 5233 τῷδε
2557 5163 2718 5234 τυχὸν
2759 5163 2960 5233 ἀτελῆ,
3013 5161 3226 5216 τελείαν
3257 5161 3312 5214 δὲ
3354 5155 3422 5213 αὖ
3452 5156 3613 5210 πάλιν
3648 5158 3708 5208 ὲν

2131 5254 2320 5322 ἐκείνῳ
2340 5269 2353 5284 ο
2388 5252 2508 5305 ἐπεὶ
2543 5253 2636 5306 καὶ
2665 5254 2693 5305 ό
2723 5252 2819 5323 τῆς
2861 5252 3279 5323 ἀνθρωπότητος
3305 5251 3429 5316 ὄρος
3457 5243 3534 5310 εἷς
3564 5245 3707 5300 κατὰ

2132 5345 2346 5397 πάντων
2385 5345 2501 5397 ἐστὶ
2527 5344 2621 5398 καὶ
2657 5345 2768 5406 (eo;
2796 5345 2855 5396 ὲν
2887 5346 3050 5396 πᾶσιν
3077 5343 3205 5413 ἡμῖν
3228 5359 3240 5371 ·
3277 5340 3495 5394 ἔλαττον
3530 5339 3586 5392 δέ
3619 5357 3706 5402 τις

2129 5437 2432 5508 ἄνθρωπος,
2460 5436 2595 5490 καθὸ
2638 5437 2883 5506 πέφυκεν
2920 5433 3224 5505 ἄνθρωπος,
3261 5431 3377 5485 ἀλλ’
3401 5429 3520 5484 οὐδὲ
3542 5429 3705 5482 πλέον

2130 5528 2315 5598 ἑτέρου
2363 5528 2839 5600 καταληφθήσεται
2867 5569 2880 5593 ,
2931 5526 3164 5595 ἀγγέλου
3205 5524 3285 5588 δὲ,
3312 5519 3488 5595 οἶμαι,
3517 5520 3705 5579 διοίσει
