4040 6214
301 260 403 318 107

1343 257 1412 315 IN
1449 257 1738 316 JOANNIS
1774 254 2223 317 EVA‘NGEUUM
2246 256 2490 317 «LiBuﬂ.
2560 292 2563 297 ι

296 375 422 429 κατ’
454 372 609 427 οὐδὲν
646 370 835 443 ἕτερος
886 369 1135 440 ἄγγελος,
1166 369 1305 427 κατά
1340 388 1403 442 γε
1455 373 1518 427 τὸ
1564 369 1704 429 εἶναι
1737 373 1872 427 τοῦθ

1986 387 2052 427 eo
2108 373 2256 444 quod
2308 373 2558 443 ejusdem
2593 382 2722 431 sunt
2755 376 2983 449 speciei,
3019 378 3076 436 in
3101 395 3267 438 uuam
3300 395 3563 446 naturam

295 464 453 536 ὅπερ⁹
490 464 628 518 είσὶν
665 461 906 531 ἄγγελοι,
951 461 1152 533 δηλαδὴ
1192 462 1279 516 διὰ
1310 463 1408 532 τῆς
1454 463 1590 534 πρὸς
1616 463 1882 535 ἀλλήλους

294 557 593 629 ὁμοειδίας,
634 557 717 617 είς
746 554 875 624 μίαν
901 554 1140 618 ἅπαντες
1188 555 1653 628 ἀναδεσμοιξμενοι
1692 557 1878 627 φύσιν.

295 650 421 711 Πῶς
449 646 514 700 ἂν
541 642 634 699 οὖν
654 648 688 717 ἡ
713 645 833 699 θεία
852 646 944 699 καὶ
966 645 1219 699 ἁπάντων
1240 639 1680 718 ὖπερανίσχουσα
1694 648 1878 717 φύσις,

293 741 354 794 ὲν
385 738 634 791 ἐλάττοσι
678 736 787 790 τῶν
820 736 1062 805 γενητῶν
1108 739 1167 790 ὲν
1208 740 1320 800 τοῖς
1360 738 1482 791 καθ’
1510 738 1708 810 ἑαυτὴν
1739 741 1879 808 ἀγα-

293 832 408 893 θοῖς
450 830 793 900 ὀφθήσεται,
822 828 1085 897 ὑπομενεί
1124 827 1181 881 δὲ
1230 828 1434 895 πάθος,
1480 828 1508 883 ὃ
1543 829 1735 891 παθεῖν
1780 831 1881 885 οὐκ

291 922 495 994 οἷδενη
540 922 747 987 κτίσις;
778 919 904 984 Πῶς
951 919 1007 977 δὲ
1048 919 1185 984 ὅλως
1243 919 1397 972 ἔσται
1453 922 1548 975 καὶ
1586 921 1733 992 ἁπλῆ
1784 922 1879 978 καὶ

293 1013 610 1076 ἀτύνθετος,
645 1010 804 1081 εἴπερ
835 1011 894 1063 ὃν
928 1013 985 1064 ὲν
1010 1010 1148 1081 αὐτῇ
1175 1013 1424 1079 φανεῖται
1457 1010 1518 1063 τὸ
1548 1010 1752 1065 τέλειον
1785 1013 1878 1065 καὶ

289 1103 354 1158 τὸ
406 1103 596 1166 ἀτελές
624 1120 640 1169 ;
668 1100 1022 1170 Συγκείσεται
1069 1102 1178 1172 γὰρ
1210 1101 1278 1157 δι’
1320 1100 1546 1170 ἀμφοῖν,
1572 1102 1730 1173 εἷπερ
1778 1103 1877 1173 οὐχ

291 1197 482 1266 ὅμοιον
527 1193 605 1264 τῷ
657 1193 847 1264 τελείῳ
900 1193 961 1246 τὸ
1007 1191 1220 1255 ἀτελές.
1266 1191 1329 1244 Εἰ
1381 1192 1479 1261 μὲν
1532 1192 1639 1262 γὰρ
1691 1193 1875 1262 ὅμοιόν

292 1288 432 1349 ἐστι,
467 1288 560 1339 καὶ
603 1284 666 1337 τὸ
708 1282 1023 1338 διαλλάττον
1066 1280 1220 1336 οὐδὲν
1247 1284 1304 1337 ἐν
1339 1283 1544 1347 αὐτοῖς,
1578 1283 1708 1348 πᾶν,
1739 1283 1875 1352 ὅπερ

289 1378 358 1431 ἂν
411 1379 498 1449 εἴη
541 1376 768 1441 τέλειον,
798 1375 1106 1449 ἀδιαφόρως
1137 1374 1290 1428 ἔσται
1321 1375 1413 1428 καὶ
1444 1375 1662 1438 (itali-5;“
1687 1374 1782 1430 καὶ
1825 1375 1880 1431 εἴ

1987 465 2284 536 colligatis.
2316 466 2604 533 Quomodo
2650 482 2781 538 ergo
2829 469 3019 527 divina
3072 480 3129 528 et
3170 477 3415 533 omnium
3460 496 3559 538 su-

1985 571 2172 625 prema
2237 556 2329 611 illa
2389 568 2611 624 natura,
2657 561 2839 617 minor
2889 563 2945 617 in
3009 580 3069 621 se
3120 582 3244 624 esse
3282 570 3558 629 videbitur

1984 660 2146 715 quam
2190 657 2467 716 creatura,
2498 652 2659 721 eique
2689 654 2972 725 continget
2999 658 3146 726 quod
3194 675 3265 715 ne
3293 660 3348 725 in
3382 662 3559 732 ipsam

1982 739 2206 810 quidem
2252 750 2564 797 creaturam
2610 745 2821 802 cadere
2862 750 3070 819 possit?
3112 751 3221 807 Aut
3256 757 3557 821 quomodo,

1988 846 2200 901 quaeso,
2223 833 2329 887 erit
2358 834 2587 904 simplex
2622 846 2677 891 et
2697 836 3092 909 incomposita,
3113 841 3161 896 si
3202 842 3258 898 in
3285 859 3348 898 ea
3376 845 3561 900 videa-

1981 939 2105 980 mus
2157 939 2281 980 esse
2326 926 2725 997 perfectionem
2784 942 2837 985 et
2905 932 3414 1002 imperfectiouem?
3478 935 3559 993 Ex

1969 1023 2213 1086 utroque
2246 1017 2393 1073 enim
2446 1028 2829 1089 componetur,
2862 1023 3137 1092 siquidem
3174 1026 3418 1096 perfecto
3455 1028 3560 1084 im-

1979 1107 2285 1176 perfectum
2346 1108 2532 1166 simile
2579 1127 2687 1166 non
2746 1123 2849 1170 est.
2902 1114 2957 1168 Si
3020 1117 3166 1173 enim
3222 1120 3407 1176 simile
3459 1121 3556 1187 sit,

1972 1199 2229 1271 nihilque
2254 1201 2332 1257 sit
2362 1203 2504 1257 inter
2527 1219 2589 1258 ea
2617 1204 2978 1273 discriminis,
3011 1210 3384 1281 quodcunque
3433 1230 3557 1283 per-

1979 1287 2183 1344 fectum
2216 1301 2329 1354 est,
2364 1294 2571 1362 passim
2627 1311 2847 1365 quoque
2898 1298 3004 1352 erit
3047 1300 3461 1370 imperfectum;
3502 1314 3559 1360 et

1974 1374 2161 1450 siquid
2198 1382 2442 1439 vicissim
2499 1384 2918 1454 imperfectum,
2952 1390 3085 1444 illud
3122 1408 3341 1462 quoque
3380 1396 3559 1465 perfe-

288 1487 344 1523 τι
375 1470 541 1523 πάλιν
564 1468 772 1533 ἀτελὲς,
804 1467 963 1521 τοῦτο
1004 1469 1097 1522 καὶ
1120 1467 1344 1533 τέλειον,
1372 1468 1467 1521 καὶ
1498 1468 1650 1523 οὐδὲν
1675 1469 1732 1524 ὲν
1760 1468 1872 1539 Υίῷ

1973 1479 2125 1522 ctum
2177 1471 2304 1535 erit,
2352 1487 2455 1526 nec
2505 1471 2645 1528 Filio
2672 1476 2971 1546 quidquam
3025 1478 3401 1548 detrahemus,
3428 1484 3558 1538 licet

286 1557 351 1611 τὸ
383 1557 768 1630 κατηγόρημα,
782 1554 883 1612 κᾶν
900 1559 1017 1620 ταῖς
1042 1558 1340 1629 ἡμετέραις
1367 1559 1631 1623 διανοίαις
1644 1558 1707 1612 τὸ
1722 1559 1875 1623 τέλος

289 1651 432 1721 ἔχων
468 1649 530 1703 οὐ
574 1649 832 1720 φαίνηται
866 1666 881 1681 ·
913 1649 1028 1703 ἀλλ’
1064 1650 1186 1706 οὐδὲ
1230 1652 1440 1715 αὑτὸςό
1470 1651 1657 1724 Πατὴρ
1703 1653 1873 1725 ὑπερ-

290 1741 501 1795 αλεῖται
528 1741 622 1794 τὸν
662 1740 788 1795 Υἱὸν
822 1742 916 1794 ἐπὶ
944 1741 1239 1813 τελειότητι
1279 1743 1744 1815 μαρτυρούμενος,
1783 1744 1877 1801 καὶ

288 1834 509 1887 λέλυται
537 1833 700 1887 πάλιν
724 1834 856 1904 ἡμῖν
889 1833 949 1885 τὸ
984 1832 1315 1906 ζητούμενον
1336 1851 1348 1863 ·
1381 1835 1432 1887 εἰ
1456 1835 1514 1892 δὲ
1544 1835 1710 1899 πολὺς
1738 1837 1877 1890 ἁπο-

288 1924 519 1997 τειχίζει
556 1925 716 1989 λόγος
748 1924 842 1977 τοῦ
876 1924 1083 1977 τελείου
1116 1924 1178 1978 τὸ
1222 1925 1428 1990 ἀτελὲς,
1460 1926 1673 1997 δέχεται
1697 1926 1751 1980 δὲ
1783 1926 1877 1980 καὶ

288 2018 322 2088 ἡ
349 2016 471 2071 θεία
518 2014 679 2085 φύσις
729 2015 870 2073 κατὰ
909 2016 1105 2071 ταυτὸν
1134 2016 1438 2087 ἀμφότερα,
1465 2016 1714 2081 σύνθετος
1744 2019 1873 2090 ἄρα,

288 2109 384 2165 καὶ
428 2109 532 2181 οὐχ
565 2108 734 2181 ἁπλῆ.
774 2107 915 2164 Ἀλλ’
937 2111 1055 2180 ἐρεῖ
1099 2125 1183 2171 τις
1208 2107 1391 2179 τυχὸν,
1421 2107 1496 2172 ὡς
1523 2109 1787 2181 ἀσυμφυῆ
1816 2108 1875 2162 τέ

288 2203 405 2255 ἐστι
450 2201 547 2254 καὶ
586 2200 979 2274 ἀσυνύπαρκτα
1024 2200 1165 2254 κατά
1199 2199 1394 2253 ταυτὸν
1426 2194 1487 2252 ἐν
1519 2200 1598 2253 ἐνὶ
1632 2198 1709 2271 τῷ
1744 2201 1877 2254 ὐπο-

288 2295 527 2368 κειμένῳ
544 2295 614 2349 τὰ
634 2296 874 2359 ἐναντία,
905 2295 981 2358 ὡς
1009 2297 1066 2348 ὲν
1090 2292 1302 2362 σώματι
1324 2293 1482 2365 τυχὸν
1518 2293 1654 2365 ὁμοῦ
1678 2293 1874 2365 χρῶμα

286 2393 477 2447 λευκὸν
505 2394 602 2446 καὶ
632 2390 817 2461 μὲλαν.
864 2387 1060 2454 Καλῶς
1083 2406 1170 2458 γε,
1191 2381 1236 2443 ὦ
1261 2387 1431 2459 φίλος,
1458 2389 1550 2443 καὶ
1579 2385 1724 2458 μάλα
1746 2404 1877 2458 γορ·

288 2484 397 2553 γῶς
416 2485 532 2547 τοῖς
580 2482 870 2553 ἡμετέροις
917 2481 1248 2551 ἀπηγωνίσω
1277 2480 1474 2549 λόγοις.
1517 2479 1581 2532 Εἰ
1626 2479 1734 2549 γὰρ
1776 2479 1875 2549 μία

290 2572 368 2637 τίς
390 2574 541 2626 ἐστιν
558 2574 592 2642 ἡ
610 2569 726 2625 θεία
754 2570 935 2639 φύσις,
966 2570 1060 2625 καὶ
1086 2570 1216 2639 παρ’
1234 2570 1401 2641 αὐτὴν
1428 2570 1526 2640 οὐχ
1547 2569 1729 2640 ἑτέρα,
1758 2567 1876 2632 πῶς

285 2663 509 2731 ἇν,εξπέ
543 2681 656 2735 μοι,
685 2662 793 2718 τῶν
837 2662 1094 2717 ἐναντίων
1134 2663 1348 2730 γένοιτο
1383 2661 1638 2731 δεκτικής
1666 2659 1782 2722 πῶς
1818 2657 1875 2713 δὲ

287 2758 408 2814 καθ’
444 2758 505 2811 ἒν
532 2775 587 2810 τι
608 2754 673 2810 τὸ
700 2753 1056 2825 ὑποκείμενον
1083 2755 1153 2809 τὰ
1193 2753 1444 2825 ἀλλήλοις
1476 2752 1704 2823 ἀνόμοια
1732 2769 1874 2821 συμ-

287 2851 552 2923 6ήσεται;
581 2847 716 2902 Θεοῦ
741 2847 797 2900 δὲ
817 2847 968 2910 ὄντος
1000 2847 1143 2900 κατὰ
1172 2844 1334 2916 φύσιν
1364 2843 1456 2899 τοῦ
1486 2843 1720 2915 Πατρδς,
1741 2843 1875 2906 Θεός

283 2945 407 2997 ἐστι
436 2941 581 2996 κατὰ
607 2940 881 3008 φύσινκαὶ
916 2942 944 2994 ὁ
966 2939 1094 3003 Υἱός
1113 2957 1127 2971 ·
1167 2939 1318 2992 οὐδὲν
1352 2938 1462 3010 ἄρα
1492 2936 1699 2998 διοίσει,
1734 2934 1875 2989 κατά

1975 1574 2100 1613 cum
2133 1560 2475 1630 perfectione
2502 1578 2696 1621 carere
2728 1576 2988 1636 putemus
3017 1584 3030 1621 :
3063 1570 3157 1624 sed
3191 1588 3370 1640 neque
3393 1572 3556 1633 Pater

1976 1649 2174 1705 Filium
2206 1656 2527 1723 superabit:
2560 1658 2815 1727 quamvis
2844 1659 2891 1713 ei
2926 1661 3192 1730 perfectio
3221 1665 3554 1729 ascribatur,

1908 1727 1950 1782 Β
1979 1747 2033 1794 et
2061 1741 2240 1796 soluta
2275 1759 2472 1800 rursus
2496 1747 2661 1803 nobis
2690 1756 2776 1803 est
2811 1752 3043 1819 quaestio
3074 1770 3085 1805 :
3120 1753 3206 1809 sin
3236 1763 3419 1813 autem
3454 1756 3560 1810 im-

1979 1835 2283 1903 perfectum
2333 1853 2363 1892 a
2403 1838 2652 1910 perfecto
2681 1842 2872 1898 multis
2919 1844 3230 1900 rationibus
3262 1845 3561 1919 distingui-

1980 1935 2089 1991 tur,
2134 1936 2425 1998 utrumque
2465 1945 2591 1986 vero
2638 1931 2824 1989 divina
2864 1949 3086 2005 quoque
3131 1945 3332 1991 natura
3365 1940 3557 1994 eodem

1978 2017 2142 2092 moin
2169 2020 2424 2090 suscipit,
2457 2023 2761 2093 composita
2797 2024 2965 2095 igitur
3011 2027 3137 2093 erit,
3164 2036 3219 2084 et
3267 2044 3379 2083 nou
3421 2029 3556 2085 sim-

1979 2111 2122 2176 plex.
2153 2108 2257 2164 Sed
2298 2111 2482 2167 forsan
2517 2113 2662 2168 dicet
2698 2116 2997 2186 quispiam,
3040 2120 3322 2174 contraria
3359 2121 3414 2174 in
3444 2135 3555 2175 uno

1977 2202 2227 2275 subjecto
2276 2203 2440 2257 simul
2500 2220 2609 2260 non
2642 2222 2807 2277 posse
2857 2209 3143 2277 exsistere,
3179 2220 3238 2268 ut
3283 2211 3339 2272 in
3393 2214 3561 2285 118

1976 2307 2231 2362 corpore,
2265 2294 2497 2365 exempli
2532 2310 2724 2362 causa,
2752 2298 2910 2353 albus
2932 2301 3088 2355 color
3115 2316 3181 2356 ae
3212 2303 3367 2373 niger
3388 2304 3555 2358 simul

1976 2399 2099 2438 esse
2147 2391 2447 2451 nequeunt.
2476 2384 2622 2440 Bene
2663 2385 2848 2454 habet,
2892 2389 3104 2458 amice;
3138 2393 3350 2447 nostris
3384 2393 3556 2449 dictis

1975 2473 2197 2544 egregie
2238 2483 2293 2528 tu
2326 2489 2547 2544 quoque
2577 2475 2921 2547 sulTragaris.
2947 2477 3085 2533 Nam
3117 2481 3165 2537 si
3202 2497 3309 2538 una
3343 2490 3429 2538 est
3458 2498 3557 2537 na-

1977 2571 2099 2619 tura
2159 2564 2376 2629 divina,
2424 2580 2525 2620 nec
2569 2574 2765 2634 prmter
2808 2583 2927 2622 eam
2983 2570 3154 2624 altera
3184 2611 3199 2637 ,
3255 2574 3556 2642 quomodo.

1977 2672 2185 2727 quaeso,
2208 2654 2460 2711 admittet
2490 2658 2805 2712 contraria?
2826 2661 3105 2730 quomodo
3140 2663 3195 2717 in
3224 2679 3392 2717 unum
3421 2666 3567 2727 sul»,

1971 2751 2178 2820 jectum
2208 2763 2331 2819 qua:
2357 2749 2500 2803 inter
2531 2763 2591 2804 se
2616 2748 2908 2805 dissimilia
2946 2761 3075 2809 sunt
3105 2755 3467 2810 convenient?
3487 2757 3557 2813 At

1975 2855 2099 2895 cum
2136 2838 2298 2894 Pater
2326 2838 2474 2895 Deus
2506 2841 2578 2895 sit
2611 2840 2914 2896 secundum
2951 2853 3228 2913 naturam,
3248 2843 3390 2901 Deus
3414 2862 3556 2917 quo-

1974 2947 2084 3003 que
2125 2931 2430 2987 secundum
2460 2941 2717 2999 naturam
2766 2942 2848 2989 est
2870 2931 3042 2989 Filius
3069 2954 3082 2990 :
3111 2937 3244 2991 nihil
3289 2953 3420 3008 ergo
3450 2937 3565 2993 difv-

282 3051 352 3103 γε
392 3031 456 3086 τὸ
506 3028 645 3084 εἶναι
676 3028 898 3094 τέλειος,
927 3027 1003 3093 ὡς
1032 3029 1168 3104 πρὸς
1203 3029 1293 3082 τὸν
1323 3027 1562 3099 Πατέρα,
1595 3024 1692 3096 τῆς
1721 3022 1872 3120 θείας

1976 3024 2116 3080 feret
2148 3024 2238 3081 ille
2267 3041 2297 3079 a
2324 3023 2507 3088 Patre,
2534 3028 2748 3081 ratione
2777 3025 3163 3097 perfectionis,
3199 3030 3293 3100 qui
3333 3047 3398 3087 ex
3434 3032 3557 3103 ejus

281 3125 451 3181 αὑτοῦ
484 3125 582 3178 καὶ
613 3122 957 3192 τελειοτάτης
977 3120 1165 3184 οὐσίας
1195 3117 1520 3188 ἐπιπεφυκὼς
1538 3133 1551 3147 ⁸
1578 3116 1612 3190 ἢ
1639 3116 1748 3187 γὰρ
1772 3113 1872 3171 οὐκ

1973 3116 2159 3173 divina
2189 3125 2244 3174 et
2288 3117 2694 3189 perfectissima
2725 3118 3035 3173 substantia
3069 3124 3358 3190 processit.
3385 3121 3557 3181 Num-

282 3219 499 3288 ἀνάγκη
526 3214 731 3271 τέλειον
776 3210 916 3269 εἶναι
948 3213 1164 3277 πάντως
1214 3212 1303 3269 τὸν
1333 3212 1396 3262 ὲκ
1446 3207 1647 3261 τελείου
1677 3207 1871 3277 γεννή-

283 3327 460 3383 τορος,
499 3309 659 3381 εἴπερ
709 3306 854 3360 ἐστὶν
883 3304 1049 3369 αὑτοῦ
1100 3303 1194 3356 καὶ
1244 3299 1659 3371 ἀπαράλλακτος
1686 3296 1869 3361 εἰκὼν,

282 3404 378 3458 καὶ
417 3400 712 3473 χαρακτὴρ
758 3399 857 3469 τῆς
905 3395 1258 3459 ὑποστάσεως
1282 3436 1295 3457 ,
1328 3392 1471 3450 καθὰ
1508 3393 1817 3463 γέγραπται
1852 3408 1868 3458 ;

297 3487 457 3558 Ἀλλ’,
487 3486 667 3561 οἶμαι,
699 3490 807 3553 πᾶς
826 3506 909 3551 τις
934 3488 1064 3559 ἡμῖν
1093 3486 1307 3556 συνερεί
1346 3483 1439 3538 καὶ
1469 3482 1810 3554 συνθήσεται*
1835 3481 1869 3553 ἢ

278 3582 490 3652 λεγέτω
519 3581 683 3653 πάλιν
711 3581 790 3645 είς
817 3578 983 3650 μέσον
1019 3573 1207 3641 ἐλθὼν,
1234 3573 1378 3629 κατὰ
1408 3578 1529 3627 τίνα
1553 3573 1753 3646 τρόπον
1776 3572 1869 3626 τοῦ

280 3676 487 3731 τελείου
514 3672 728 3745 [ἰατρὸς
754 3669 1168 3742 ἀπαράλλακτος
1196 3666 1350 3722 ἔσται
1383 3665 1666 3737 χαρακτὴρ
1689 3665 1717 3717 ό
1743 3663 1873 3727 Υίὸς

279 3767 381 3822 οὒκ
427 3765 571 3837 ἔχων
615 3766 673 3820 ὲν
717 3763 823 3834 ἰδίᾳ
856 3760 1014 3831 φύσει
1061 3761 1123 3813 τδ
1151 3756 1292 3813 εἶναι
1330 3759 1553 3825 τέλειος,
1587 3756 1729 3811 κατὰ
1771 3758 1870 3827 τήν

277 3876 443 3913 τινων
485 3854 832 3910 δυσϐουλίαν.
898 3850 1114 3923 Ἐπειδὴ
1165 3850 1222 3905 δέ
1269 3851 1385 3903 ἐστι
1437 3847 1725 3921 χαρακτὴρ
1774 3850 1871 3904 καὶ

280 3948 468 4014 εἰκὼν,
493 3947 700 4011 τέλειος
727 3947 836 4018 ἄρα
854 3943 948 3999 καὶ
973 3943 1135 4007 αὐτὸς
1172 3941 1247 4007 ὡς
1271 3942 1495 4005 ἐκεῖνος,
1523 3934 1584 3991 οὗ
1607 3940 1701 3995 καὶ
1725 3939 1870 3994 ἔστιν

278 4039 467 4095 εἰκών.
524 4037 664 4093 Ἀλλ’
703 4033 831 4104 εἶδε,
883 4035 1070 4107 φησὶν,
1122 4033 1375 4103 Ἰωάννης
1433 4031 1493 4097 ἐξ
1529 4029 1761 4103 οὐρανοῦ
1811 4028 1872 4085 τὸ

278 4130 513 4200 Πνεῦμα
540 4130 867 4186 καταϐαῖνον
899 4127 993 4181 ἐπὶ
1034 4125 1127 4179 τὸν
1169 4123 1318 4188 Υἱδν,
1355 4123 1449 4177 καὶ
1486 4123 1722 4177 ἐπακτὸν
1757 4121 1870 4192 ἔχει

277 4221 373 4276 τὸν
389 4221 678 4293 άγιασμδν·
700 4220 915 4290 δέχεται
926 4215 1033 4290 γὰρ
1054 4216 1129 4281 ὡς
1151 4216 1251 4270 οὐκ
1266 4206 1407 4286 ¹ἔχων
1420 4213 1789 4285 δηλαδή.”Ωρα
1804 4211 1871 4283 δὴ

278 4309 375 4368 οὖν
406 4311 712 4385 ἀναφανδὸν
746 4308 960 4383 ποίημα
991 4307 1089 4380 μὲν
1117 4306 1297 4376 λέγειν
1329 4305 1512 4372 αὐτὸν,
1540 4303 1694 4377 ὀλίγῃ
1719 4302 1871 4375 μόλις

1973 3208 2105 3279 quid
2134 3208 2305 3276 enim,
2339 3223 2553 3280 quaeso,
2577 3222 2806 3264 necesse
2830 3223 2937 3265 non
2972 3219 3058 3265 est
3082 3226 3204 3266 eum
3229 3228 3351 3269 esse
3374 3214 3556 3284 perie-

1972 3311 2145 3364 ctum,
2162 3301 2254 3371 qui
2273 3316 2336 3356 ex
2353 3300 2598 3372 perfecto
2613 3309 2696 3357 est
2713 3299 2894 3368 Patre,
2910 3302 3177 3372 siquidem
3190 3304 3313 3374 ejus
3329 3316 3411 3361 est
3430 3323 3553 3363 cum

1973 3409 2069 3464 per
2092 3395 2276 3447 omnia
2304 3394 2501 3449 similis
2526 3389 2728 3464 imago,
2749 3401 2863 3449 tum
2895 3396 3223 3452 substantia:
3247 3397 3561 3465 character,

1973 3491 2034 3539 ut
2091 3487 2358 3556 scriptum
2410 3493 2496 3541 est
2528 3485 2624 3539 ‘°?
2678 3485 2782 3540 Sed
2834 3502 2998 3541 nemo
3051 3502 3160 3543 non
3218 3491 3557 3545 assentietur

1973 3576 2154 3643 nobis,
2188 3580 2408 3649 opinor,
2461 3588 2516 3633 et
2565 3576 2958 3649 sulTragabitur
3009 3598 3023 3635 :
3069 3581 3274 3651 alioqui
3326 3585 3557 3653 prodeat

1972 3662 2171 3724 rursus
2207 3669 2261 3724 in
2297 3670 2559 3734 medium,
2588 3677 2644 3725 ct
2678 3670 2830 3725 dicat
2861 3671 3141 3742 quomodo
3180 3674 3405 3742 perfecti
3449 3674 3553 3731 Pu—

1973 3759 2076 3815 tris
2132 3757 2355 3816 futurus
2420 3761 2491 3816 sit
2550 3762 2780 3831 aequalis
2841 3762 2896 3817 in
2956 3764 3218 3819 omnibus
3267 3764 3556 3820 character

1971 3847 2170 3915 Filius,
2217 3850 2265 3903 si
2313 3859 2511 3904 natura
2566 3866 2665 3905 sua
2715 3851 3004 3922 perfectus
3057 3868 3180 3907 esse
3225 3854 3446 3922 nequit,
3495 3863 3555 3907 ut

1972 3941 2140 3997 stulte
2182 3940 2407 4010 quidam
2451 3941 2719 3995 sentiunt.
2758 3939 2897 3995 Cum
2938 3950 3121 3998 autem
3163 3942 3232 3998 sit
3267 3944 3555 3999 character

1971 4039 2028 4086 et
2064 4029 2266 4101 imago,
2303 4028 2584 4102 perfectus
2621 4031 2792 4102 igitur
2833 4046 3053 4103 qunque
3095 4033 3200 4087 erit
3247 4048 3357 4088 non
3390 4051 3554 4091 secus

1973 4136 2037 4177 ac
2061 4120 2153 4177 ille
2180 4122 2343 4192 cujus
2368 4128 2454 4177 est
2487 4122 2692 4192 imago.
2725 4120 2833 4177 Sed
2879 4120 3123 4179 Joannes
3145 4118 3316 4188 'vidit,
3349 4124 3552 4196 inquit,

1976 4211 2246 4282 Spiritum
2276 4210 2706 4268 descendentem
2748 4210 2817 4268 de
2857 4214 2999 4268 caelo
3040 4229 3209 4284 super
3236 4213 3433 4269 Filium
3484 4216 3579 4283 ³⁸η

1972 4310 2028 4358 et
2081 4302 2153 4357 ab
2205 4302 2317 4356 alio
2368 4301 2863 4357 sanctiﬁcationem
2922 4303 3086 4358 habet
3134 4321 3147 4358 :
3195 4320 3315 4360 eam
3355 4309 3556 4378 quippe

278 4406 526 4477 ὕπεροχῇ
581 4401 913 4474 τιμώμενον,
963 4399 1022 4453 ὲν
1065 4399 1156 4471 ῐσῃ
1215 4398 1274 4453 δὲ
1325 4396 1479 4464 τάξει
1530 4397 1641 4460 τοῖς
1692 4394 1872 4458 ἄλλοις

1976 4397 2235 4468 suscipit,
2266 4405 2324 4452 ut
2358 4397 2451 4468 qui
2486 4412 2595 4450 non
2626 4397 2848 4461 habeat.
2872 4399 3108 4455 scilicet.
3142 4397 3404 4471 Sequitur
3424 4414 3555 4473 ergo

275 4494 657 4565 τελειούμενόν
719 4510 780 4546 τε
837 4493 934 4547 καὶ
983 4490 1376 4563 ἁγιαζόμενον,
1424 4488 1520 4543 καὶ
1571 4486 1865 4559 ἐπίκτητον

278 4587 473 4659 ἔχοντα
497 4584 596 4658 τὴν
635 4584 745 4639 τῶν
777 4582 998 4655 ἀγαθῶν
1024 4581 1288 4656 χορηγίαν
1322 4597 1338 4614 ο
1363 4576 1483 4634 εἶτα
1514 4577 1631 4643 πῶς
1662 4578 1724 4632 οὐ
1751 4576 1866 4631 δια-

275 4678 537 4749 ψεύσεται
568 4675 741 4745 λέγων
767 4676 795 4729 ό
826 4674 1236 4745 εὐαγγελιστὴς,
1272 4693 1290 4724 ι
1333 4672 1457 4726 Ὅτι
1507 4671 1573 4725 ἐκ
1604 4668 1699 4725 τοῦ
1731 4669 1867 4739 πλη-

280 4770 530 4842 ρώματος
576 4768 742 4824 αὐτοῦ
776 4770 938 4841 ἡμεῖς
980 4767 1182 4830 πάντες
1208 4764 1503 4836 ὲλάϐομενς
1534 4784 1553 4817 ι
1588 4762 1716 4827 Πῶς
1753 4761 1865 4832 γὰρ

276 4863 430 4914 ἔσται
466 4860 681 4932 πλήρης
726 4861 785 4914 ὲν
837 4859 948 4931 ἰδία
998 4857 1156 4928 φύσει
1207 4854 1501 4927 λαμϐάνων
1527 4847 1862 4925 αὐτδς’παρ’

278 4951 500 5022 ὲτέρου;
539 4951 584 5021 ἥ⁴
604 4948 723 5014 πῶς
766 4948 831 5004 ἃν
852 4949 990 5013 ὅλως
1043 4948 1215 5002 νοοῖτο
1244 4947 1432 5018 Πατὴρ
1463 4947 1492 4999 ὁ
1517 4944 1669 5013 Θεὸς,
1709 4945 1866 5015 εἰπερ

276 5042 395 5094 ἐστὶ
439 5040 652 5111 ποίημα
698 5040 792 5094 καὶ
840 5040 962 5112 οὐχὶ
1009 5040 1209 5112 μᾶλλον
1258 5037 1387 5101 Υἱὸς
1433 5026 1463 5089 δ
1502 5035 1811 5107 Μονογενής
1847 5052 1863 5103 ;

275 5133 644 5204 τευδώνυμος
667 5133 799 5205 γὰρ,
831 5132 897 5187 ἂν
924 5131 1097 5197 οὕτως
1119 5131 1240 5203 ἔχη,
1270 5130 1364 5183 καὶ
1391 5129 1553 5191 αὐτὸς
1583 5127 1737 5182 ἔσται
1759 5128 1867 5182 [Ια-

270 5224 399 5296 τὴρ,
444 5224 677 5295 ἀλήθεια
730 5225 788 5280 δὲ
838 5224 1089 5296 οὗδαμῶς
1139 5225 1168 5276 ὁ
1223 5220 1389 5287 Υίδς,
1416 5220 1568 5276 νόθον
1611 5220 1748 5292 ἔχων
1781 5218 1868 5291 ἐφ’

269 5317 455 5388 ἑαυτῷ
491 5318 551 5371 τὸ
588 5317 805 5391 ἀξίωμα
825 5359 839 5385 ,
870 5318 967 5372 καλ⁸
1016 5316 1178 5389 μέχρι
1207 5313 1429 5387 γυμνῶν
1479 5312 1737 5384 ῥημάτων
1770 5311 1870 5384 τὴν

271 5408 674 5480 προσηγορίαν.
727 5410 1021 5481 Οίχήσεται
1059 5408 1123 5478 δὴ
1165 5402 1258 5461 οὖν
1310 5407 1393 5470 είς
1439 5404 1589 5459 οὐδὲν
1622 5402 1684 5456 τὸ
1733 5401 1870 5476 σύμο

272 5516 385 5555 παν
412 5503 569 5572 ἡμῖν,
595 5501 721 5556 οὔτε
772 5501 869 5556 τοῦ
901 5501 1117 5574 Πατρδς
1145 5501 1265 5555 κατ’
1289 5497 1547 5571 ἀλήθειαν
1570 5495 1721 5561 ὄντος
1745 5497 1863 5553 Πα-

1973 4491 2152 4560 ipsum
2187 4498 2376 4559 aperte
2406 4488 2703 4545 dicendum
2737 4505 2860 4545 esse
2886 4500 3224 4560 creaturam,
3251 4496 3343 4564 qui
3384 4510 3551 4565 parra

1972 4580 2305 4638 excellentia
2336 4581 2429 4636 vix
2481 4579 2555 4636 sit
2598 4589 2852 4646 ornatus,
2883 4591 2937 4637 et
2981 4583 3209 4653 perinde
3254 4592 3419 4656 atque
3463 4603 3552 4644 res

1973 4680 2189 4728 caetera:
2243 4672 2569 4744 perﬁciatur
2619 4682 2675 4729 et
2707 4673 3110 4742 sanctilicetur,
3145 4686 3201 4731 ct
3247 4693 3349 4733 sua
3407 4678 3553 4736 bona

1973 4763 2198 4819 aliunde
2248 4763 2540 4837 suscipiat.
2577 4760 2649 4819 At
2697 4764 2790 4845 qui
2841 4781 2951 4821 non
2999 4768 3292 4822 mentietur
3318 4783 3553 4840 evange-

1972 4856 2101 4913 lista
2150 4857 2344 4914 dicens
2402 4877 2415 4912 :
2484 4875 2502 4908 ι
2553 4856 2694 4925 Quia
2751 4858 2820 4914 de
2876 4859 3218 4930 plenitudine
3278 4861 3399 4932 ejus
3448 4879 3550 4918 nos

1972 4965 2170 5006 omnes
2221 4950 2537 5022 accepimus
2560 4952 2641 5007 ἠ
2674 4969 2693 5004 ι
2727 4950 3014 5017 Quomodo
3055 4953 3201 5007 enim
3238 4952 3326 5006 ille
3354 4953 3548 5022 plenus

1973 5042 2079 5099 erit
2112 5042 2167 5097 in
2208 5058 2309 5100 sua
2336 5053 2554 5111 natura,
2581 5044 2677 5115 qui
2719 5044 2790 5098 ab
2833 5044 2947 5098 alio
2975 5044 3222 5114 accepit?
3254 5043 3364 5099 Aut
3412 5060 3551 5115 quo-

1972 5134 2160 5204 modo,
2192 5152 2403 5207 quaeso,
2433 5134 2599 5190 Pater
2620 5135 2939 5190 censebitur
2976 5150 3100 5190 esse
3146 5133 3310 5201 Deus,
3334 5134 3381 5188 si
3414 5133 3549 5190 Uni-

1971 5229 2195 5300 genitus
2233 5234 2488 5282 creatura
2518 5233 2627 5291 est,
2656 5240 2765 5280 non
2794 5233 2976 5280 autem
3003 5223 3213 5282 Filius?
3238 5222 3360 5295 Ipse
3399 5225 3548 5285 cnim

1972 5321 2136 5378 Pater
2159 5314 2303 5375 falso
2333 5335 2555 5390 quoque
2592 5318 3028 5388 nuncupabitur,
3052 5326 3105 5371 et
3133 5319 3338 5374 veritas
3369 5319 3551 5375 neuti.

1976 5426 2139 5483 quam
2165 5410 2274 5465 erit
2307 5406 2501 5475 Filius,
2542 5407 2789 5479 spuriam
2822 5406 3035 5463 habens
3064 5407 3119 5462 in
3152 5408 3339 5479 seipso
3364 5407 3550 5478 digni.

1971 5511 2163 5569 tatem,
2187 5509 2240 5558 et
2269 5500 2538 5558 vocabulo
2568 5508 2732 5557 tenus
2762 5498 3205 5571 appellationem.
3234 5498 3293 5555 lu
3319 5500 3550 5558 nihilum

360 5661 406 5691 ²’
438 5684 563 5739 Col.
616 5701 656 5754 ι,
696 5686 796 5755 lii;
829 5683 993 5743 licbr.
1030 5702 1068 5753 ι,
1107 5687 1160 5742 3.
1235 5689 1277 5719 ¹¹
1310 5684 1470 5741 Joan.
1509 5700 1559 5754 ι,
1588 5683 1677 5739 3‘2.
1753 5684 1796 5716 ²²
1826 5681 1964 5739 ibid.
2002 5681 2088 5737 16.
