4040 6214
477 264 580 325 1‘99

1477 261 1534 318 S.
1575 257 1852 317 CYRILLI
1893 258 2362 317 ALEXANDRINI
2401 261 2724 319 ARCHIEP.

3641 274 3746 334 200

473 398 607 454 ergo
632 381 791 453 plane
818 388 1062 446 corruet,
1091 393 1220 436 cum
1246 392 1430 448 neque
1450 377 1614 434 Pater
1635 395 1762 434 vere
1782 378 1855 434 sit
1873 377 2052 440 Pater,

2161 376 2310 446 τρὸς,
2325 375 2448 430 οὔτε
2477 377 2582 448 μὴν
2606 377 2701 431 τοῦ
2723 377 2852 431 Υἱοῦ
2877 376 3191 434 τοῦτο’κατά
3210 379 3370 450 φύσιν
3387 381 3745 454 ὑπάρχοντος.

474 491 656 546 neque
691 474 864 529 Filius
897 471 1204 528 secundum
1243 478 1496 524 naturam
1545 471 1619 526 sit
1665 471 1721 525 id
1753 472 1899 542 quod
1935 485 2061 526 esse

474 569 696 623 dicitur.
747 565 846 619 Sin
907 572 1089 618 autem
1143 561 1307 615 Pater
1343 575 1471 616 vere
1519 571 1605 617 cst
1647 562 1820 632 ﬁcus,
1870 563 2061 633 utique

474 661 642 714 habet
690 659 741 712 id
789 657 950 723 cujus
994 663 1079 710 est
1111 653 1294 720 Pater,
1325 652 1526 707 Filium
1561 651 1835 718 videlicet,
1863 655 1955 725 qui
1991 669 2060 710 ex

476 753 596 822 ipso
637 750 933 820 processit.
991 748 1061 802 At
1095 745 1373 819 quomodo
1429 763 1524 819 per
1577 759 1829 802 naturam
1867 754 2059 803 sancta

479 843 664 896 Deitas
695 839 894 894 Filium
920 841 1236 895 sanctitatis
1273 847 1552 911 expertem
1605 839 1809 910 gignet,
1843 846 1897 893 et
1939 837 2060 893 fru-

473 940 621 986 ctum
649 931 772 985 edet
819 931 936 985 suis
969 931 1398 1001 proprietatibus
1441 934 1804 988 destitutum?
1825 931 1959 986 Nam
2009 932 2056 988 si

473 1018 697 1074 aliunde
742 1019 1240 1075 sanctificationem
1284 1021 1488 1086 habet,
1525 1030 1585 1076 ut
1633 1022 1712 1076 illi
1757 1031 2054 1093 negantur,

473 1127 699 1167 necesse
743 1120 828 1167 est
871 1112 958 1166 vel
1007 1113 1210 1167 invitos
1264 1113 1418 1183 ipsos
1468 1112 1649 1178 fateri,
1678 1129 1788 1168 non
1841 1129 2058 1184 semper

473 1202 646 1257 fuisse
682 1211 964 1265 sanctum,
1016 1203 1112 1257 sed
1155 1212 1271 1257 tum
1327 1203 1549 1258 demum
1601 1204 1898 1268 exstitisse,
1930 1219 2054 1258 cum

473 1293 744 1363 Spiritus,
767 1301 825 1347 ut
850 1293 1048 1350 scribit
1081 1291 1347 1359 Joannes,
1375 1293 1660 1350 descendit
1691 1310 1859 1365 super
1903 1311 2053 1350 eum.

471 1389 759 1455 Quomodo
798 1389 967 1460 igitur
997 1401 1225 1446 sanctus
1261 1397 1384 1444 erat
1427 1391 1594 1445 etiam
1631 1398 1760 1445 ante
1800 1389 2057 1444 incarna-

474 1483 679 1538 tionem
727 1482 889 1552 119
925 1481 1133 1537 Filius?
1154 1479 1247 1535 Sic
1282 1480 1428 1535 enim
1457 1481 1636 1550 ipsum
1662 1481 1944 1536 celebrant
1970 1495 2057 1536 se-

471 1575 684 1644 raphim
705 1574 906 1643 hymno
933 1573 1025 1626 illo
1050 1572 1277 1643 trisagio
1304 1587 1417 1642 quo
1445 1587 1548 1627 vox
1574 1573 1688 1638 illa,
1723 1571 2013 1636 «Sanctus,
2031 1591 2048 1624 ι

470 1673 556 1720 ter
585 1680 614 1718 a
643 1665 820 1734 primo
841 1664 907 1718 ad
935 1663 1155 1718 tertium
1184 1663 1478 1719 ordinatim
1510 1665 1799 1735 repetitur.
1829 1662 1888 1720 Si
1923 1680 2052 1735 ergo

2167 465 2304 537 ὅπερ
2333 461 2471 521 εἶναι
2502 468 2740 537 λέγεται.
2772 470 2833 524 Εἰ
2851 470 2908 523 δὲ
2931 471 3146 541 ἀληθῶς
3173 472 3366 544 Πατήρ
3386 476 3535 528 ἑπιν
3555 473 3748 539 ὁΘεδς,

2167 556 2280 628 ἔχει
2310 557 2374 629 δὴ
2404 559 2642 625 πάντως,
2665 552 2726 612 οὗ
2749 561 2842 613 καὶ¹
2865 559 2981 614 ἐστι
3001 562 3214 634 Πατὴρ,
3247 562 3374 618 Υἱὸν
3398 564 3643 635 δηλονότι
3660 565 3750 619 τὸν

2167 648 2228 713 ἐξ
2257 649 2443 703 αὑτοῦ.
2459 645 2593 703 Εἶτα
2618 649 2735 714 πῶς
2755 650 2944 721 ὴζκατά
2968 651 3129 720 φύσιν
3153 652 3284 722 ἁγία
3297 653 3754 725 Θεότης,ἁγιότη-

2165 755 2258 802 τος
2298 738 2506 811 ἔρημον
2531 740 2593 794 τὸ
2613 741 2674 806 ἐξ
2697 741 2868 812 αὐτῆς
2891 742 3236 810 άποτέξεται,
3251 744 3347 797 καὶ
3374 746 3604 816 γυμνὸν·
3621 748 3755 818 ἡμῖν

2165 829 2275 885 τῶν
2293 830 2432 901 αὐτῇ
2455 831 2769 902 προσόντων
2799 832 3106 902 ἰδιωμάτων
3135 835 3228 888 τὸν
3252 837 3451 891 οἰκεῖον
3481 837 3754 892 ἀποδώσει

2166 919 2379 992 καρπόν
2399 937 2413 987 ;
2437 921 2499 973 El
2516 921 2622 991 γὰρ
2643 920 2756 992 ἔχει
2779 922 2871 976 τὸν
2888 923 3158 994 ἀγιασμδν
3182 926 3439 994 ἐπακτὸν,
3462 927 3538 991 ὡς
3554 930 3752 982 ὲκείνοι

2165 1009 2457 1082 ληροῦντές
2491 1029 2653 1081 φασι’
2679 1014 2891 1086 ἀνάγκη
2943 1013 3008 1087 δὴ
3040 1017 3191 1071 πᾶσα
3249 1018 3630 1089 συνομολογεῖν
3657 1021 3755 1075 καὶ

2164 1108 2262 1178 οὑχ
2283 1108 2509 1173 ἑκόντας
2532 1108 2752 1173 αὐτοὺς,
2771 1110 2846 1173 ὡς
2874 1105 2942 1181 ἦν
2974 1112 3073 1182 μὲν
3107 1112 3260 1182 άγιος
3288 1115 3388 1168 οὐκ
3415 1116 3504 1169 ἀεί
3529 1134 3541 1146 ·
3561 1115 3749 1185 γέγονε

2163 1199 2221 1253 δὲ
2255 1199 2505 1272 ὕστερον,
2546 1199 2644 1254 ὅτέ
2657 1204 2754 1257 καὶ
2781 1203 2841 1256 τὸ
2868 1203 3094 1275 Πνεῦμα
3124 1206 3501 1278 καταϐέϐηκεν
3540 1211 3628 1262 ἐπ’
3655 1211 3756 1262 αὐ-

2163 1291 2276 1359 τὸν,
2305 1291 2382 1357 ὡς
2408 1293 2437 1345 ό
2474 1294 2726 1366 Ἰωάννης
2749 1295 2882 1366 φησι
2901 1313 2914 1328 ·
2957 1297 3074 1361 πῶς
3111 1294 3204 1352 οὖν
3233 1299 3387 1368 ἅγιος
3414 1295 3482 1372 ἦν
3511 1302 3604 1354 καὶ
3643 1301 3752 1372 πρὸ

2162 1381 2263 1453 τῆς
2314 1383 2644 1455 σαρκώσεως
2680 1389 2709 1440 6
2738 1386 2900 1456 Υἱός;
2940 1388 3126 1454 Οὕτως
3169 1391 3281 1462 γὰρ
3313 1391 3475 1446 αὑτὸν
3511 1393 3748 1458 ὲδοξολό-

2163 1490 2252 1541 γει
2282 1475 2350 1530 τὰ
2399 1478 2645 1550 σεραφὶμ
2685 1479 2777 1533 ἐπὶ
2799 1479 2895 1534 τὸν
2925 1482 3110 1554 τρίτον
3141 1483 3340 1552 ἐφεξῆς
3385 1483 3615 1556 ἀριθμὸν
3644 1485 3750 1538 ἀπὸ

2161 1567 2257 1620 τοῦ
2282 1566 2524 1639 πρώτου,
2554 1569 2616 1624 τὸ
2646 1571 2815 1642 ἅγιος
2839 1573 3118 1645 στοιχηδὸν
3151 1573 3511 1646 ἀναφέροντα.
3541 1574 3749 1630 Οὐκοῦν

2163 1655 2323 1729 εἴπερ
2347 1657 2500 1724 ἆγιος
2524 1654 2614 1729 ἦν,
2635 1662 2730 1714 καὶ
2754 1661 2861 1733 πρὸ
2887 1661 2990 1732 τῆς
3031 1664 3353 1736 ὲνανθρωπή
3363 1683 3520 1730 σεως,
3549 1665 3748 1736 μᾶλλον

472 1762 696 1811 sanctus
721 1761 862 1821 erat,
899 1754 1067 1809 etiam
1099 1765 1225 1810 ante
1262 1755 1725 1818 incarnationem,
1774 1756 1884 1811 imo
1925 1771 2052 1811 vero

2159 1749 2216 1803 δὲ
2250 1751 2512 1822 ὑπάρχων
2563 1753 2650 1806 ἀεὶ
2697 1754 2837 1825 μετά
2872 1756 2968 1810 τοῦ
3013 1735 3249 1827 Πατρὸς,
3299 1735 3416 1822 πῶς
3457 1735 3626 1810 έδεῒτο
3654 1757 3749 1811 τοῦ

471 1859 596 1901 cum
624 1842 789 1899 Patre
845 1859 1061 1916 semper
1092 1846 1415 1912 exsistebat,
1474 1847 1757 1917 quomodo
1813 1847 2056 1902 sanctifi-

469 1945 633 1993 cante
697 1937 1008 2008 indigebat,
1073 1938 1238 2009 idque
1299 1939 1619 1996 novissimis
1691 1941 2050 2011 temporibus,

469 2029 694 2099 quando
743 2029 1004 2084 nimirum
1049 2028 1228 2086 factus
1279 2038 1364 2088 est
1412 2031 1626 2087 homo?
1674 2031 1841 2088 Miror
1872 2040 2052 2088 autem

469 2135 580 2190 quo
611 2130 770 2191 pacto
804 2121 938 2177 illud
971 2137 1070 2178 eos
1112 2123 1286 2193 fugiat
1320 2138 1447 2179 cum
1484 2124 1690 2195 alioqui
1739 2125 2051 2182 sciscitato-

469 2227 560 2268 res
592 2213 704 2269 sint
754 2222 920 2284 atque
949 2215 1198 2270 curiosi:
1247 2216 1568 2272 necessario
1615 2217 1879 2272 nimirum
1941 2225 2056 2274 sta-

469 2306 736 2361 tuendum
764 2322 889 2362 esse
919 2308 1120 2363 Filium
1151 2308 1454 2380 aliquando
1479 2324 1642 2380 posse
1669 2325 1890 2380 quoque
1923 2325 2053 2366 san-

467 2399 712 2454 ctitatem
747 2397 1008 2468 abiicere,
1040 2400 1087 2456 si
1148 2415 1260 2455 non
1307 2411 1392 2457 est
1425 2401 1475 2455 ei
1508 2401 1914 2466 substantialis,
1955 2401 2050 2458 sed

471 2491 696 2564 perinde
717 2506 781 2546 ac
805 2493 964 2548 nobis
985 2502 1080 2546 aut
1105 2493 1269 2548 alicui
1303 2495 1459 2549 alteri
1490 2502 1764 2551 creatura:
1794 2496 2051 2552 rationali

467 2583 686 2640 accidit.
719 2584 877 2651 Quod
913 2595 1095 2644 autem
1128 2586 1573 2644 sanctificatione
1594 2589 1825 2656 excidit,
1868 2605 2052 2646 nonne

467 2675 631 2730 etiam
668 2677 877 2747 peccati
913 2677 1151 2734 vinculis
1191 2688 1278 2735 est
1309 2679 1634 2748 obnoxium,
1681 2689 1737 2738 et
1771 2681 1827 2736 in
1857 2683 2050 2738 vitium

467 2767 694 2830 labitur,
734 2785 842 2823 non
868 2769 980 2839 jam
1013 2771 1257 2826 retinens
1288 2770 1342 2826 in
1375 2772 1559 2843 seipso
1617 2772 1669 2828 id
1709 2789 1822 2844 quo
1855 2774 2048 2830 vitium

467 2859 808 2930 superabat?
843 2860 1012 2931 Igitur
1043 2877 1112 2918 ne
1159 2863 1558 2932 immutabilem
1587 2866 1808 2936 quidem
1848 2866 2047 2922 Filium

467 2955 887 3022 comperiemus,
926 2961 980 3009 et
1009 2952 1302 3012 Psalmista
1331 2972 1554 3028 quoque
1595 2958 1896 3014 mentietur
1920 2974 2047 3015 cum

467 3041 522 3095 in
569 3040 777 3113 Spiritu
832 3045 899 3098 ad
939 3045 1120 3115 ipsum
1167 3047 1410 3103 clamat:
1475 3069 1493 3102 ι
1547 3050 1629 3106 Tu
1668 3059 1853 3112 autem
1905 3053 2048 3107 idem

466 3133 586 3203 ipse
610 3149 671 3191 es
694 3135 765 3190 ".
806 3155 824 3188 ι
876 3134 1175 3203 Praeterea,
1220 3138 1352 3195 illud
1385 3157 1607 3213 quoque
1643 3129 2049 3199 obserVandum

464 3237 566 3290 est,
602 3229 748 3299 quod
779 3229 972 3285 eodem
1008 3232 1289 3302 pertinet:
1333 3233 1618 3299 nimirum,
1651 3233 1706 3288 id
1733 3233 1881 3305 quod
1927 3250 2052 3304 par-

469 3319 658 3390 ticipat
693 3322 838 3376 aliud
872 3323 1062 3393 procul
1097 3322 1265 3380 dubio
1296 3326 1556 3396 quiddam
1583 3343 1706 3384 esse
1734 3335 1932 3382 natura
1981 3329 2051 3384 ab

465 3425 533 3465 eo
559 3411 703 3482 quod
735 3413 1117 3484 participatur.
1149 3414 1284 3470 Nam
1320 3418 1368 3472 si
1395 3433 1587 3473 verum
1620 3419 1768 3474 istud
1800 3435 1909 3473 non
1942 3427 2049 3482 est,

468 3516 571 3556 nec
607 3503 839 3558 alterum
869 3506 939 3561 ab
969 3507 1143 3562 altero
1169 3509 1282 3564 ullo
1313 3509 1478 3565 modo
1515 3511 1720 3580 din‘ert,
1779 3515 2050 3584 suiipsius

469 3590 745 3659 particeps
780 3593 886 3647 erit
917 3596 1292 3668 quodcunque
1328 3609 1415 3655 est
1469 3601 1709 3671 alicujus
1752 3605 2048 3674 particeps,

465 3682 614 3750 quod
672 3685 756 3738 vel
809 3688 1052 3756 cOgitare
1110 3698 1197 3745 est
1234 3690 1724 3748 absurdissimum.
1763 3686 2081 3761 Quomodo.

463 3775 607 3829 enim
635 3775 836 3847 aliquis
865 3779 950 3834 sui
981 3782 1254 3853 particeps
1284 3798 1408 3839 esse
1431 3786 1750 3841 censebitur
1769 3787 1793 3840 ?
1812 3787 1966 3855 Quod
2000 3789 2046 3844 si

467 3866 703 3920 naturali
731 3867 1056 3926 diversitate
1097 3871 1334 3927 invicem
1371 3873 1462 3928 illa
1495 3877 1811 3934 necessario
1840 3879 2050 3936 discre-

465 3966 616 4026 pant,
649 3958 872 4015 videant
893 3963 984 4031 qui
1018 3961 1318 4034 Unigenito
1364 3963 1634 4036 Spiritum
1668 3984 1792 4025 esse
1819 3979 2050 4026 conten-

463 4048 601 4104 dunt
625 4065 722 4122 per
759 4053 1261 4123 participationem,
1313 4068 1578 4127 quantam
1610 4059 1666 4113 in
1705 4061 2046 4132 impietatem

463 4143 635 4197 nescii
685 4143 1045 4215 praecipitent.
1078 4143 1216 4199 Nam
1258 4145 1304 4200 si
1361 4147 1644 4219 particeps
1689 4149 1930 4219 Spiritus
1963 4163 2050 4208 est

462 4233 656 4301 Filius,
691 4246 917 4293 sanctus
951 4247 1132 4294 autem
1166 4247 1364 4295 natura
1393 4247 1478 4296 est
1505 4239 1769 4312 Spiritus,
1805 4259 1912 4299 non
1942 4239 2049 4299 e'rit

461 4334 688 4381 sanctus
722 4327 837 4396 ipse
865 4343 963 4399 per
989 4336 1266 4393 naturam,
1306 4331 1402 4388 sed
1434 4332 1661 4390 alterius
1697 4335 2048 4405 conjunctio-

2077 3093 2124 3156 C

2163 1843 2499 1912 ἀγιάζοντος,
2529 1846 2625 1900 καὶ
2648 1846 2806 1900 τοῦτο
2831 1848 2889 1901 ὲν
2932 1849 3178 1921 ὑστέροις
3209 1852 3436 1922 καιροῖς,
3480 1852 3567 1906 ὅτε
3593 1851 3752 1920 γέγο-

2161 1954 2249 1991 νεν
2301 1936 2588 2010 ἄνθρωπος
2621 1955 2636 2006 ;
2670 1940 2949 2010 Θαυμάζω
2978 1941 3035 1994 δὲ
3079 1942 3229 2005 ὅπως
3281 1942 3480 2008 αὐτοὺς
3531 1943 3750 1998 κάκεῖνο

2160 2029 2433 2096 λανθάνει,
2469 2031 2644 2085 καίτοι
2681 2031 2802 2086 λίαν
2831 2033 2989 2097 ὄντας
3031 2033 3425 2106 φιλοζητητάς’
3458 2034 3492 2106 ἢ
3519 2033 3627 2105 γὰρ
3649 2035 3750 2089 οὑκ

2159 2123 2376 2196 ἀνάγκη
2407 2127 2570 2191 νοεῖν,
2593 2125 2851 2180 δύνασθαί
2881 2143 3010 2180 ποτε
3044 2126 3135 2180 τὸν
3159 2127 3287 2182 Υἰδν
3317 2123 3413 2181 καὶ
3440 2126 3750 2181 ἀποπτύσαι

2158 2216 2250 2269 τὸν
2279 2216 2569 2287 ἁγιασμόν,
2597 2217 2753 2289 εἴπερ
2770 2217 2870 2270 οὑκ
2888 2216 3034 2270 ἐστιν
3066 2216 3328 2288 οὒσιὼδης
3353 2219 3412 2270 ὲν
3440 2216 3606 2288 αὑτῷ,
3632 2233 3753 2270 συν-

2159 2307 2257 2378 ἐϐη
2280 2309 2337 2362 δὲ
2366 2307 2556 2379 ὥσπερ
2585 2309 2736 2379 ἡμῖν,
2769 2310 2864 2363 xa't
2886 2309 3058 2381 ἑτέρῳ
3093 2309 3192 2362 τινί
3220 2309 3328 2362 τῶν
3365 2308 3600 2378 λογικῶν
3629 2325 3748 2363 κτι-

2161 2401 2423 2472 σμάτων;
2447 2401 2520 2454 Τὸ
2546 2395 2603 2455 δὲ
2635 2402 2922 2472 ἁγιότητος
2955 2402 3210 2467 ἐκπεσὸν,
3263 2401 3383 2472 οὐχὶ
3427 2401 3492 2472 δὴ
3533 2401 3748 2465 πάντως

2158 2490 2312 2545 ἔσται
2343 2492 2439 2546 καὶ
2491 2493 2596 2546 ὑπδ
2624 2495 2692 2547 τὰ
2714 2494 2814 2564 τῆς
2858 2494 3136 2566 ἁμαρτιας
3161 2493 3357 2565 δεσμὰ,
3391 2493 3486 2546 καὶ
3528 2491 3749 2548 όκλάσει

2158 2583 2296 2653 πρὸς
2326 2583 2386 2637 τὸ
2423 2586 2622 2655 χεῖρον,
2655 2585 2841 2639 οὐκέτι
2859 2585 3124 2650 διασῶζον
3157 2584 3293 2656 πρὸς
3317 2584 3378 2638 τὸ
3413 2583 3749 2654 φαυλότητος

2157 2675 2263 2744 ἔξω
2281 2675 2534 2745 γενέσθαι
2563 2676 2790 2743 ποιοῦν;
2819 2675 3028 2731 Οὐκοῦν
3076 2677 3195 2730 οὑδὲ
3228 2676 3586 2739 ἀναλλοίωτος
3615 2675 3745 2744 ἡμῖν

2155 2770 2186 2822 ό
2228 2767 2360 2833 Υἱὸς
2404 2767 2792 2841 εὑρεθήσεται,
2823 2768 3170 2839 διαψεὺσεται
3206 2767 3263 2822 δὲ
3289 2767 3381 2822 καὶ
3428 2769 3457 2821 6
3492 2764 3746 2838 Μελῳδδς

2157 2863 2216 2916 ὲν
2242 2859 2544 2930 Πνεύματι,
2578 2878 2596 2912 ι
2651 2861 2723 2914 Σὺ
2755 2860 2810 2914 δὲ
2848 2861 2878 2914 ὁ
2921 2859 3084 2924 αὑτὸς
3113 2855 3182 2927 εἴ,
3233 2879 3252 2911 ι
3290 2859 3447 2929 βοῶν,
3489 2858 3566 2922 ὡς
3607 2857 3748 2929 πρὸς

2157 2955 2340 3009 αὐτόν.
2377 2952 2523 3025 Πρὸς
2551 2951 2607 3006 δέ
2639 2969 2702 3021 γε
2733 2956 2848 3017 τοῖς
2882 2952 3195 3024 εἰρημένοις
3227 2950 3629 3024 περιαθρείσθω
3649 2949 3744 3003 καὶ

2156 3043 2604 3114 τοῦτο,’συγγενῆ
2631 3043 2734 3113 τὴν
2752 3041 2985 3114 Θεωρίαν
3017 3035 3291 3113 εἰσφέρον,
3333 3040 3427 3094 τοῦ
3459 3039 3746 3111 μετίσχον-

2152 3153 2244 3200 τος
2276 3136 2338 3189 τὸ
2379 3134 2744 3206 μετεχόμενον
2773 3133 2958 3204 ἕτερόν
2984 3151 3035 3187 τι
3071 3133 3218 3188 κατά
3252 3134 3350 3205 τὴν
3378 3131 3538 3201 φύσιν
3569 3131 3746 3202 ὑπάρ-

2152 3245 2287 3299 χειν,
2317 3226 2653 3284 ἀπαστισοῦν
2687 3226 2986 3295 ἀναγκάσει
3019 3224 3194 3294 λόγος.
3238 3225 3302 3279 Εἰ
3329 3223 3436 3296 γὰρ
3471 3225 3546 3297 μὴ
3587 3222 3746 3279 τοῦτό

2152 3323 2301 3374 ἐστιν
2338 3319 2536 3391 ἀληθὲς
2562 3360 2576 3382 ,
2605 3318 2797 3372 διοίσει
2831 3318 2888 3371 δὲ
2933 3319 3052 3372 κατ’
3087 3317 3281 3371 οὐδένα
3332 3316 3534 3390 τρόπον
3566 3317 3746 3370 ἐκεῖνο

2153 3413 2292 3484 πρὸς
2331 3411 2490 3466 τοῦτο
2511 3450 2528 3475 ,
2561 3412 2656 3466 καὶ
2705 3410 2822 3465 ἔστι
2850 3410 3069 3476 ταυτὸν,
3100 3409 3294 3464 ἑαυτοῦ
3329 3410 3558 3480 μέτοχον
3586 3407 3744 3462 ἔσται

2151 3505 2218 3570 τό,
2249 3521 2393 3567 τινος
2439 3502 2684 3574 μετέχον,
2719 3502 2856 3573 ὅπερ
2889 3501 3006 3554 ἐστὶ
3038 3502 3132 3555 καὶ
3165 3502 3326 3572 μόνον
3373 3503 3573 3556 ἐννοεῖν
3614 3499 3746 3553 ἀπί-

2153 3595 2331 3648 θανον.
2381 3593 2506 3658 Πῶς
2532 3593 2642 3664 γὰρ
2666 3593 2732 3648 άν
2763 3610 2846 3657 τις
2891 3592 3087 3646 ἑαυτοῦ
3125 3596 3297 3646 νοοῖτο
3329 3591 3681 3664 μετεσχηκώς
3719 3608 3739 3658 ;

2151 3685 2216 3738 Ei
2243 3685 2300 3738 δὲ
2345 3687 2522 3738 κεῖται
2557 3685 2774 3747 πάντως
2821 3685 2880 3737 ὲν
2928 3685 3209 3756 ἑτερότητι
3255 3687 3457 3755 φυσικῇ
3489 3686 3554 3756 τῇ
3604 3683 3743 3754 πρὸς

2151 3777 2356 3848 ἄλληλα
2384 3777 2452 3831 τὰ
2489 3777 2777 3849 εἰρημένα,
2820 3776 2915 3832 καὶ
2942 3776 3218 3847 διατέμνει
3259 3777 3418 3846 λόγος
3445 3777 3742 3845 ἀναγκαῖος

2151 3871 2312 3934 αὐτὰ,
2343 3870 2628 3942 ὁράτωσαν
2649 3872 2697 3924 οἱ
2720 3871 2784 3923 ὲκ
2807 3871 3040 3941 μετοχῆς
3065 3871 3125 3923 τὸ
3156 3869 3380 3941 Πνεῦμα
3399 3869 3632 3932 διδόντες
3661 3866 3742 3940 τῷ

2151 3962 2448 4030 Μονογενεῖ
2475 4000 2490 4026 ,
2531 3959 2669 4031 πρὸς
2732 3960 2864 4031 ὅσην
2927 3960 3428 4024 κατολισθαίνοντες
3485 3958 3743 4013 ἀσέϐειαν

2149 4054 2250 4107 οὐκ
2277 4053 2640 4108 αἰσθάνονται.
2669 4052 2732 4105 Εἰ
2755 4053 2864 4124 γάρ
2887 4055 3113 4124 μέτοχός
3156 4054 3273 4106 ἐστι
3299 4052 3393 4106 τοῦ
3420 4053 3742 4124 Πνεύματος

2149 4147 2178 4199 ὁ
2205 4145 2352 4210 Υἱὸς,
2379 4145 2533 4214 ἆγιον
2553 4144 2612 4198 δὲ
2644 4147 2709 4216 τῇ
2741 4144 2901 4215 φύσει
2927 4146 2990 4199 τὸ
3018 4145 3244 4216 Πνεῦμά
3267 4147 3436 4210 ἐστιν,
3457 4145 3556 4198 οὑκ
3586 4145 3737 4198 ἔσται

2150 4237 2290 4291 κατά
2322 4235 2483 4305 φύσιν
2515 4235 2669 4304 ἆγιος
2705 4235 2887 4299 αὑτός·
2925 4234 3139 4307 ἐδείχθη
3185 4235 3242 4289 δὲ
3287 4235 3444 4289 τοῦτο
3480 4235 3633 4306 μόλις
3667 4237 3735 4306 τῇ

2151 4329 2286 4398 πρὸς
2311 4327 2497 4400 ἕτερον
2531 4327 2840 4399 συμπλοκῇ,
2871 4327 3008 4398 πρὸς
3046 4326 3107 4381 τὸ
3130 4327 3428 4401 ἀμεινον,ῆ
3457 4329 3516 4380 ὲν
3540 4321 3736 4398 οἷσπερ

463 4433 531 4473 ne
557 4418 648 4472 vix
683 4419 900 4473 tandem
932 4420 1068 4476 illud
1109 4431 1445 4480 consecutus
1497 4436 1604 4491 est,
1635 4427 1701 4482 ad
1762 4430 2040 4485 meliorem

2158 4418 2216 4494 ἦν
2282 4423 2464 4493 ἀρχῇ,
2513 4420 2656 4474 κατά
2726 4421 2886 4492 χάριν
2951 4421 3527 4491 μεταστοιχειοὺμενος
3558 4436 3571 4450 °
3619 4420 3736 4474 ἀλλ’

462 4514 669 4560 statum
698 4521 860 4576 quam
897 4507 1058 4563 initio
1089 4525 1188 4579 per
1231 4512 1466 4582 gratiam
1521 4515 1880 4574 reformatus.
1934 4517 2040 4573 Sed

2158 4513 2331 4584 ὁράτω
2354 4511 2516 4566 πάλιν
2547 4513 2574 4566 6
2608 4511 2894 4582 θεομάχος,
2927 4513 3008 4576 εἰς
3055 4513 3187 4585 ὅσην
3241 4515 3390 4586 αὑτῷ
3420 4511 3737 4567 δυσσέϐειαν

461 4598 643 4651 videat
674 4612 869 4653 rursus
902 4597 997 4653 Dei
1030 4599 1206 4656 hostis
1242 4611 1508 4671 quantam
1544 4606 1599 4658 in
1636 4606 2040 4665 absurditatem

2158 4606 2518 4680 καταστρέφει
2549 4604 2618 4658 τά
2666 4604 3048 4677 προϐλήματα.
3099 4605 3325 4675 Πρῶτον
3374 4607 3470 4678 μὲν
3501 4605 3611 4678 γὰρ
3641 4605 3740 4661 ἀλ-

462 4690 555 4744 illa
578 4688 854 4745 desinant.
880 4690 1124 4746 Primum
1147 4693 1292 4746 enim
1330 4695 1722 4754 alterationem
1739 4702 2040 4772 quamdam

2158 4697 2364 4760 λοίωσις
2393 4715 2477 4761 τις
2531 4697 2624 4750 καὶ
2649 4696 2845 4768 τροπὴ,
2881 4696 3134 4770 καθάπερ
3155 4698 3257 4770 ἤδη
3291 4701 3574 4772 προεῖπον,
3607 4699 3742 4772 περὶ

459 4785 515 4834 et
548 4781 929 4847 mutationem,
969 4781 1134 4840 sicuti
1163 4783 1277 4854 jam
1314 4793 1478 4842 antea
1539 4787 1678 4856 dixi,
1738 4793 2042 4862 comperie-

2158 4793 2238 4846 τὸν
2268 4791 2396 4845 Υἱδν
2440 4790 2795 4862 εὑρεθήσεται
2826 4808 2840 4822 ο
2869 4791 3180 4856 ἀλλοιωθεὶς
3203 4792 3262 4846 δὲ
3289 4792 3412 4846 καθ’
3443 4794 3607 4865 ὑμᾶς,
3640 4793 3741 4847 καὶ

460 4888 583 4929 mus
641 4874 846 4929 essein
878 4873 1061 4931 Filio:
1101 4877 1149 4932 si
1203 4884 1450 4935 mutatus
1481 4889 1665 4936 autem
1699 4882 1792 4948 sit,
1849 4891 1910 4938 ut
1945 4899 2041 4940 vos

2158 4883 2429 4957 προκόψας
2461 4883 2553 4935 ἐπὶ
2577 4882 2638 4935 τὸ
2658 4881 2900 4953 ἄμεινον,
2931 4883 3030 4953 οὑχ
3059 4884 3209 4946 ὅπως
3239 4882 3479 4936 ἐλάττων
3504 4883 3622 4937 ἐστὶ
3640 4881 3740 4936 τοῦ

458 4967 648 5030 vultis,
677 4974 732 5021 et
760 4967 1056 5036 profecerit
1095 4969 1151 5024 in
1209 4969 1428 5035 melius,
1461 4971 1625 5028 l’atre
1679 4975 1869 5031 nescio
1896 4993 2038 5048 quo-

2158 4975 2376 5049 Ἰατρὸς,
2410 4973 2526 5029 ἀλλ’
2557 4974 2660 5045 ἤδη
2706 4991 2824 5036 πως
2867 4974 2961 5026 καὶ
2996 4976 3054 5026 ὲν
3107 4974 3321 5044 μείζοσι
3355 4972 3596 5042 γεγονὼς
3622 4973 3738 5026 δει-

458 5058 620 5113 modo
655 5059 834 5113 minor
867 5068 972 5122 est,
1039 5060 1134 5116 sed
1165 5071 1220 5116 et
1266 5062 1445 5133 major
1504 5063 1724 5120 demum
1761 5065 1872 5136 ﬁet,
1929 5085 2040 5141 quo

2158 5070 2419 5142 εθήσεται·
2453 5068 2545 5122 καὶ
2560 5068 2729 5134 ὅπως,
2757 5065 3012 5138 ἐροῦμεν,
3037 5065 3147 5120 ἀπὸ
3169 5065 3270 5136 τῆς
3296 5065 3445 5130 θείας
3479 5064 3740 5130 λαϐόντες

458 5159 617 5218 pacto
648 5164 800 5216 vero,
833 5150 1103 5219 dicemus,
1135 5168 1201 5208 ex
1241 5151 1544 5226 Scriptura:
1573 5157 1774 5216 divinae
1802 5164 2040 5217 auctori-

2161 5162 2381 5234 ’ραφῆςο
2424 5159 2481 5225 Ὀ
2515 5158 2801 5222 θεσπέσιος
2831 5156 3044 5222 Παῦλος
3076 5158 3204 5227 περὶ
3224 5154 3394 5211 αὑτοῦ
3431 5157 3534 5211 πού
3573 5173 3733 5227 φησιο

457 5247 586 5294 tate.
644 5239 810 5296 Divus
865 5240 1070 5322 Paulus
1107 5245 1174 5300 de
1227 5245 1349 5317 ipso
1385 5249 1592 5304 alicubi
1644 5251 1806 5308 infit:
1859 5273 1878 5306 ‹
1919 5252 2034 5310 Hoc

2158 5277 2166 5308 ι
2195 5255 2367 5310 Τοῦτο
2398 5253 2662 5326 φρονείτω
2697 5253 2927 5316 ἕκαστος
2965 5253 3025 5304 ἐν
3055 5251 3205 5321 ὑμῖν,
3235 5250 3264 5303 ὃ
3297 5252 3390 5304 καὶ
3433 5251 3491 5303 ὲν
3511 5249 3739 5322 Χριστῷ

457 5331 660 5388 sentite
698 5333 752 5387 in
789 5325 1144 5409 vobis,iquod
1178 5347 1232 5393 et
1262 5339 1317 5393 in
1340 5339 1562 5397 Christo
1585 5341 1746 5399 Iesu:
1779 5344 1874 5415 qui
1906 5359 2035 5399 cum

2158 5346 2352 5419 Ἰησοῦ,
2379 5325 2448 5410 ὃς
2474 5348 2531 5398 ὲν
2575 5345 2753 5415 μορφῇ
2800 5341 2938 5399 Θεοῦ
2979 5342 3276 5413 ὑπάρχων,
3307 5342 3404 5412 οὑχ
3439 5340 3737 5412 ἁρπαγμὸν

454 5421 508 5475 in
546 5421 720 5477 forma
754 5424 850 5480 Dei
878 5438 1045 5492 esset,
1083 5444 1190 5485 non
1214 5432 1462 5501 rapinam
1487 5434 1788 5492 arbitratus
1805 5444 1888 5492 est
1912 5451 2036 5493 esse

2158 5440 2390 5512 ἡγήσατο
2419 5437 2479 5491 τὸ
2513 5431 2650 5491 εἶναι
2685 5435 2776 5490 ἴσα
2803 5433 2945 5506 Θεῷ,
2977 5434 3093 5488 ἀλλ’
3123 5434 3314 5488 ἑαυτὸν
3343 5434 3577 5488 ὲκένωσε
3601 5449 3738 5503 μορ-ν

453 5529 511 5565 se
541 5510 806 5582 aequalem
843 5518 974 5584 Deo,
1008 5521 1104 5574 sed
1150 5526 1505 5595 semetipsum
1539 5527 1862 5595 exinanivit,
1916 5527 2035 5585 for-

2158 5510 2250 5603 ρην
2284 5530 2469 5586 δούλου
2502 5527 2702 5594 λαϐὼν,
2733 5529 2794 5582 ὲν
2827 5525 3134 5598 ὁμοιώματι
3164 5525 3466 5598 ἀνθρώπων
3499 5523 3735 5598 γενόμ..

519 5688 722 5747 ³³Ρδίὶ1.
747 5706 820 5758 Ct,
855 5692 935 5748 l5.
