4040 6214
310 269 409 323 ΞἨ

1370 267 1440 320 IN
1478 263 1763 322 JOANNIS
1799 262 2248 323 EVANGELIUM
2286 267 2415 329 LlB.
2449 266 2513 326 ll.

3457 269 3567 334 20%

309 397 422 445 νος.
447 379 540 433 καὶ
572 379 811 450 σχήματι
836 378 1079 451 εὑρεθεὶς
1105 380 1181 443 ὡς
1202 378 1504 452 ἄνθρωπος,
1534 381 1894 434 ἐταπείνωσεν

2003 394 2141 435 mam
2173 386 2318 439 servi
2369 385 2668 455 accipiens,
2732 385 2787 442 in
2829 385 3241 447 similitudinem
3280 389 3564 453 hominum

310 472 504 529 ἔαυτόν
527 489 542 504 ο
578 489 601 523 ι
646 472 736 525 ὅτε
778 471 959 525 τοίνυν
999 471 1107 542 πρὸ
1149 472 1248 542 μὲν
1291 475 1389 543 τῆς
1435 471 1895 543 ὲνανθρωπήσεως

309 561 383 638 ἦν
417 564 476 618 ὲν
508 565 692 634 μορφῇ
727 563 821 615 καὶ
869 561 1079 634 ἰσότητι
1125 563 1219 616 τοῦ
1269 562 1483 634 Πατρδς
1505 601 1519 626 ,
1549 560 1691 616 κατὰ
1717 561 1773 613 δὲ
1803 560 1895 614 τὸν

311 656 415 727 τῆς
445 654 913 725 ὲνανθρωπήσεως
943 654 1136 725 χρόνον
1161 655 1223 723 τὸ
1253 652 1478 724 Πνεῦμα
1508 651 1688 706 λαϐὼν
1710 649 1770 715 ἐξ
1808 650 1898 703 οὺ-

314 748 480 820 ρανοῦ
508 746 750 818 ἡγιάσθη
794 746 915 800 κατ’
960 746 1223 809 ἐκείνους,
1262 746 1525 817 κρείττων
1575 761 1632 798 τε
1663 744 1779 813 ἅμα
1804 742 1897 795 καὶ

316 840 518 910 μείζων
552 836 749 892 ἑαυτοῦ
792 837 881 892 διὰ
920 838 1124 909 ταύτην
1152 837 1524 908 ἀναπέφανται
1566 835 1665 907 τὴν
1697 834 1896 897 αἰτίαν,

313 932 603 1004 ὑπεραίρει
654 931 896 1002 δηλονότι
952 931 1139 986 λοιπὸν
1184 930 1371 985 καὶτὸ
1416 929 1511 984 τοῦ
1545 930 1899 1001 γεννήσαντος

315 1024 537 1096 μέτρον.
568 1024 680 1081 Καὶ
705 1025 757 1077 εἰ
776 1023 837 1076 τὸ
859 1023 1083 1094 Πνεῦμα
1111 1022 1291 1077 λαϐὼν
1310 1024 1391 1086 εἰς
1416 1021 1476 1076 τὸ
1501 1020 1900 1093 ὑπερεπέκεινα

313 1116 411 1170 τοῦ
460 1114 678 1186 Πατρὸς
721 1114 1063 1183 ἀναϐέϐηκεν
1105 1114 1343 1184 ἀξίωμα,
1373 1115 1618 1185 κρεῖττον
1647 1113 1756 1182 ἄρα
1784 1112 1900 1165 ἐστὶ

313 1208 376 1260 τὸ
412 1205 641 1277 Πνεῦμα
686 1207 779 1260 καὶ
834 1207 999 1260 αὐτοῦ
1048 1206 1297 1279 Πατρδς,
1339 1205 1438 1277 τὴν
1477 1210 1594 1260 κατ’
1620 1206 1782 1260 αὐτοῦ
1823 1205 1900 1277 τῷ

316 1299 435 1369 Υἰῷ
484 1295 842 1370 χαριζόμενον
879 1298 1172 1367 ὑπεροχήν.
1214 1297 1310 1360 Τίς
1359 1292 1451 1350 οῦν
1491 1296 1600 1367 ἄρα
1644 1295 1739 1351 καὶ
1765 1295 1902 1367 πρὸς

319 1392 494 1462 μόνην
520 1392 620 1445 οὐκ
663 1388 955 1461 ἁποφρίξει
998 1389 1097 1461 τὴν
1140 1384 1309 1461 ἀκοήν
1335 1406 1349 1455 ;
1380 1389 1627 1443 Χαλεπὸν
1658 1390 1755 1460 μὲν
1789 1389 1902 1460 γὰρ

315 1483 492 1546 ὅντως
519 1483 609 1536 καὶ
634 1481 695 1535 τὸ
732 1480 820 1536 διὰ
851 1480 960 1535 τῶν
988 1480 1242 1535 τοιούτων
1281 1481 1415 1534 ἰέναι
1444 1480 1617 1549 λόγων
1642 1498 1654 1510 ·
1690 1480 1806 1534 ἔστι
1838 1493 1902 1548 γε

319 1574 432 1647 μὴν
458 1576 556 1646 οὐχ
582 1573 787 1645 ἑτέρως
819 1572 891 1627 τὰ
917 1573 982 1626 ὲκ
1010 1572 1111 1643 τῆς
1147 1572 1370 1627 ἐκείνων
1398 1571 1725 1643 δυστροπίας
1766 1574 1905 1626 ἁπο-

316 1664 657 1738 κρούσασθαι
707 1664 900 1737 βλάϐη.
943 1664 1036 1718 Διὸ
1065 1664 1130 1736 δὴ
1182 1664 1345 1718 πάλιν
1387 1662 1623 1735 ἐροῦμεν
1675 1664 1858 1726 αὐτοῖς
1884 1680 1898 1694 ·

316 1759 371 1811 εί
389 1758 478 1811 ὅτε
504 1756 730 1826 γέγονεν
762 1755 1047 1830 ἄνθρωπος
1079 1758 1108 1810 ό
1131 1754 1224 1809 τοῦ
1253 1754 1388 1808 Θεοῦ
1419 1756 1591 1824 Λόγος
1616 1755 1902 1825 ἁγιάζεται

317 1850 385 1903 τὸ
414 1849 640 1919 Πνεῦμα
668 1846 868 1902 ιλαϐὡν
889 1865 904 1880 ο
945 1847 1052 1919 πρὸ
1103 1846 1160 1900 δὲ
1193 1847 1294 1917 τῆς
1344 1845 1807 1919 ὲνανθρωπήσεως
1833 1841 1900 1916 ἦν

320 1938 380 1990 ὲν
408 1940 585 2008 μορφῇ
615 1937 710 1990 καὶ
741 1937 945 2008 ἰσότητι
973 1934 1066 1989 τοῦ
1094 1934 1327 2007 Πατρός,
1352 1933 1503 1991 οῦπω
1524 1934 1643 1989 κατ’
1660 1936 1902 2000 ἐκείνους

319 2030 675 2100 ἡγιασμένος,
710 2027 829 2099 ὥρα
852 2029 1032 2097 λέγειν
1066 2028 1572 2099 ἁποτολμήσαντας,
1607 2026 1761 2096 ἅγιον
1799 2027 1901 2081 οὐκ

322 2118 460 2176 εἶναι
483 2121 576 2175 τὸν
608 2121 742 2175 Θεὸν
772 2121 863 2175 καὶ
894 2120 1132 2193 Πατέρα,
1173 2120 1331 2191 εἴπερ
1359 2120 1496 2183 ὅλως
1524 2121 1554 2172 ὁ
1580 2118 1903 2191 σύμμορφός

322 2231 381 2267 τε
438 2213 534 2267 καὶ
585 2214 702 2277 [σος
739 2213 889 2284 αὐτῷ
919 2212 1061 2267 κατὰ
1088 2213 1264 2266 πάντα
1291 2212 1486 2281 Λόγος,
1521 2210 1676 2279 ἆγιος
1714 2210 1814 2264 οὐκ
1835 2206 1903 2282 ἦν

321 2307 382 2359 ἐν
417 2305 581 2377 ἀρχῇ,
613 2307 672 2359 ὲν
698 2306 947 2375 ὑστέροις
979 2305 1037 2359 δὲ
1076 2303 1229 2375 μόλις
1260 2302 1421 2357 τοῦτο
1448 2303 1640 2373 γέγονε
1670 2305 1900 2374 καιροῖς.

320 2395 436 2449 Καὶ
472 2396 663 2449 πάλιν·
698 2398 747 2449 εί
785 2396 948 2460 αὑτός
973 2398 1091 2450 ἐστι
1134 2396 1337 2469 κυρίως
1366 2397 1396 2449 ὀ
1438 2394 1531 2450 τοῦ
1570 2394 1703 2449 Θεοῦ
1732 2394 1906 2464 Λόγος

323 2487 386 2539 τὸ
433 2486 665 2558 Πνεῦμα
694 2487 1025 2559 λαμϐάνων,
1055 2489 1151 2544 καὶ
1184 2487 1542 2559 ἁγιαζόμενος
1574 2488 1632 2545 ὲν
1666 2486 1773 2557 ἰδία
1802 2484 1905 2555 φύ-

325 2594 429 2643 σει,
464 2577 775 2647 λεγέτωσαν
829 2581 961 2651 ἡμῖν
1000 2582 1049 2634 οί
1099 2580 1165 2634 δι’
1203 2580 1469 2646 ἐναντίας,
1502 2579 1730 2651 πότερόν
1772 2597 1905 2635 ποτε

328 2665 532 2735 μείζων
561 2668 757 2722 ἑαυτοῦ
792 2668 1071 2740 γέγονενῆ
1104 2669 1419 2741 ὲλάττων,ἢ
1463 2670 1558 2723 καὶ
1598 2669 1810 2741 ἔμεινεν
1848 2673 1906 2724 ὲν

324 2760 615 2831 ταυτότητι
648 2759 808 2814 τοῦτο
856 2760 1064 2816 παθών.
1095 2760 1160 2816 El
1215 2762 1314 2833 μὲν
1358 2762 1469 2834 γὰρ
1507 2762 1658 2816 οὐδὲν
1706 2762 1772 2817 ἐκ
1810 2761 1904 2815 τοῦ

326 2850 647 2922 Πνεῦματος
674 2851 788 2923 ἔχει
817 2852 876 2905 τὺ
900 2852 1082 2919 πλέον,
1116 2852 1269 2923 μένει
1301 2852 1359 2907 δὲ
1393 2853 1534 2907 οὕτω
1558 2853 1812 2924 καθάπερ
1838 2849 1906 2925 ἦν

323 2942 356 2995 ὁ
381 2942 566 3008 αὐτὸς,
608 2942 681 3014 μὴ
716 2941 1067 3007 σκανδαλίζου
1102 2941 1417 3015 μανθάνων,
1466 2943 1549 2997 ὅτι
1597 2942 1907 3014 καταϐέϐη-

327 3050 429 3087 κεν
462 3035 549 3088 ἐπ’
578 3035 757 3090 αὐτόν.
792 3036 855 3090 El
882 3034 939 3088 δὲ
980 3034 1209 3106 ἠδικήθη
1256 3034 1455 3100 λαϐὼν,
1481 3036 1575 3091 καὶ
1600 3036 1823 3106 γέγονεν
1849 3037 1906 3089 ὲν

325 3123 609 3191 ἐλάττοσι,
641 3123 884 3194 παθητὸν
929 3125 1059 3195 ἡμῖν
1102 3124 1357 3187 εἰσοίσεις
1408 3123 1501 3178 τὸν
1558 3124 1732 3194 Λόγον
1760 3164 1775 3191 ,
1809 3124 1906 3177 καὶ

327 3218 734 3289 κατηγορήσεις
767 3216 870 3286 τῆς
932 3216 1123 3280 οὐσίας
1172 3214 1266 3270 τοῦ
1306 3216 1520 3288 Πατρός
1543 3256 1558 3283 ,
1594 3216 1906 3280 ἀδικοῦντος

330 3308 568 3380 μᾶλλον,
612 3308 647 3379 ἦ
700 3307 1037 3377 ἀγιάζοντος.
1081 3309 1146 3363 El
1192 3308 1249 3362 δὲ
1296 3307 1536 3379 ἀμείνων
1587 3307 1798 3379 ἐδείχθη
1843 3307 1906 3360 τὸ

329 3399 560 3470 Πνεῦμα
574 3399 776 3465 λαϐὼν,
804 3396 874 3472 ἦν
905 3400 963 3487 δξ
986 3401 1081 3455 καὶ
1113 3402 1172 3454 ὲν
1217 3403 1397 3472 μορφῇ
1433 3400 1526 3454 καὶ
1569 3400 1774 3471 ἰσότητι
1812 3400 1904 3454 τοῦ

328 3492 566 3563 Πατρὸς,
600 3492 695 3546 καὶ
745 3492 876 3564 πρὶν
908 3493 1069 3547 αὐτὸν
1096 3492 1450 3564 βελτιωθῆναι
1479 3492 1602 3547 καθ’
1627 3493 1790 3564 ὑμᾶς,
1806 3492 1907 3545 οὐκ

325 3586 405 3649 εἰς
461 3586 744 3656 ἀκρότητα
790 3582 947 3655 δόξης
997 3584 1337 3655 ἁνιϐἐϐηκεν
1368 3588 1398 3639 ὁ
1434 3584 1652 3656 Πατὴρ,
1694 3583 1809 3637 ἀλλ’
1849 3583 1906 3636 ὲν

324 3676 560 3740 ἐκείνοις
599 3676 752 3730 ἐσται
798 3680 913 3740 τοῖς
947 3677 1183 3749 μέτροις,
1213 3678 1271 3731 ἐν
1300 3671 1495 3748 οἷσπερ
1534 3672 1602 3747 ἦν
1631 3677 1727 3730 σὺν
1758 3673 1907 3746 αὐτῷ

327 3765 659 3836 σύμμορφός
705 3783 766 3819 τε
800 3767 898 3821 καὶ
956 3765 1071 3830 ἴσος
1113 3766 1377 3838 ὑπάρχων
1413 3768 1442 3820 ὁ
1469 3765 1606 3837 πρὸς
1636 3765 1698 3819 τὸ
1723 3765 1907 3838 μεῖζον

324 3853 685 3925 ἀναπηδήσας
720 3853 870 3919 Υἱός.

396 4034 675 4106 Εὖκαιρον
723 4029 818 4088 οῦν
860 4029 1015 4104 οἶμαι
1070 4032 1249 4102 λέγειν
1283 4032 1375 4085 ἐπὶ
1411 4033 1524 4095 τοῖς
1563 4030 1908 4093 ἀπαιδεύτοις

329 4129 630 4198 αἱρετικοῖς
671 4144 685 4158 ο
767 4147 785 4179 ι
826 4127 958 4181 Ἰδοὺ
1016 4126 1143 4190 λαὸς
1201 4126 1425 4197 μωρὸς,
1478 4124 1574 4179 καὶ
1628 4124 1903 4195 ἁκάρδιοςο

327 4218 601 4289 ὀφθαλμοὶ
634 4218 851 4282 αὐτοῖς,
890 4217 986 4270 καὶ
1017 4217 1079 4270 οὐ
1114 4215 1421 4288 βλέπουσιν.
1451 4234 1471 4266 ι
1528 4214 1906 4285 ’Δπετύφλωσε

326 4311 437 4382 γὰρ
470 4310 640 4374 ὅντως
668 4311 697 4363 ό
727 4309 860 4372 θεὸς
889 4308 984 4362 τοῦ
1014 4308 1208 4373 αἰῶνος
1234 4306 1425 4362 τούτου
1445 4305 1515 4360 τὰ
1531 4306 1777 4376 νοήματα
1796 4306 1907 4360 τῶν

1996 471 2198 537 factus,
2244 484 2299 530 et
2352 477 2514 547 120
2571 477 2761 533 habitu
2833 479 3093 537 inventus
3124 490 3185 538 ut
3233 482 3418 549 homo,
3458 483 3568 541 hu-

1997 566 2231 622 miliavit
2261 572 2617 641 semetipsum
2643 572 2709 627 “.
2749 591 2769 624 ι
2833 573 2971 628 Cum
3001 589 3133 644 ergo
3162 583 3290 632 ante
3311 577 3568 633 incarna-s

1998 657 2202 712 tionem
2250 669 2400 716 esset
2456 662 2721 718 informa
2753 671 2807 718 et
2859 666 3172 735 aequalitate
3210 665 3412 734 Patris,
3470 669 3567 725 sed

1997 749 2399 806 incarnationis
2473 759 2721 822 tempore
2785 754 3009 811 ccelitus
3062 765 3288 826 accepto
3356 756 3566 829 Spiritu

1997 840 2378 897 sanctiﬁcalus
2408 843 2504 905 sit,
2539 850 2599 897 ut
2627 844 2702 898 illi
2732 844 2944 909 volunt,
2983 846 3284 917 meliorque
3315 857 3367 903 et
3392 850 3568 921 major
3610 920 3613 923 ν

1999 931 2181 1001 seipse
2239 933 2380 993 hanc
2430 936 2500 990 ob
2558 951 2783 991 causam
2847 938 3120 1004 redditus,
3183 938 3363 1009 major
3398 942 3566 997 etiam

1996 1020 2160 1077 Patre
2186 1022 2366 1079 factus
2397 1032 2481 1080 est
2513 1025 2789 1083 videlicet.
2821 1024 2849 1081 J
2859 1042 2968 1094 am,
2996 1030 3042 1082 si
3074 1038 3308 1098 accepto
3353 1028 3567 1100 Spiritu

1999 1113 2141 1175 ultra
2173 1114 2496 1186 dignitatem
2520 1115 2700 1174 Patris
2728 1125 2813 1173 est
2843 1128 3090 1184 evectus,
3118 1120 3375 1190 superior
3403 1122 3573 1191 igitur

1998 1207 2228 1277 estipso
2269 1224 2490 1278 quoque
2544 1207 2705 1266 Patre
2755 1208 3025 1280 Spiritus,
3080 1212 3174 1282 qui
3215 1212 3569 1269 eminentiam

2000 1296 2167 1354 Patro
2197 1301 2460 1369 majorem
2486 1299 2627 1355 Filio
2658 1302 2908 1371 largitur.
2934 1302 3073 1369 Quis
3104 1319 3235 1375 ergo
3265 1304 3351 1359 vel
3381 1305 3570 1359 auditu

2000 1388 2118 1444 solo
2150 1405 2257 1444 non
2294 1378 2700 1446 exhorrescat?
2730 1391 3018 1447 Enimvero
3066 1408 3234 1463 grave
3268 1401 3356 1449 est
3392 1392 3575 1465 profe-

2002 1489 2093 1536 cto
2125 1481 2465 1550 ejuscemodi
2497 1483 2667 1538 verba
2702 1482 2915 1538 facere:
2960 1483 3058 1539 sed
3104 1485 3266 1539 aliter
3304 1500 3413 1542 non
3440 1501 3573 1557 pos-

2003 1588 2193 1629 sumus
2216 1588 2405 1629 eorum
2433 1574 2832 1645 malignitatem
2867 1576 3186 1632 retundere.
3212 1576 3394 1643 Quare
3424 1580 3575 1650 ipsos

2006 1665 2203 1721 iterum
2233 1666 2622 1737 aggrediemur
2650 1666 2738 1723 his
2781 1668 3007 1723 verbis:
3043 1668 3264 1734 Si,eum
3304 1670 3468 1727 homo
3495 1670 3577 1727 fas

1999 1762 2149 1809 ctum
2185 1763 2267 1811 est
2300 1754 2393 1811 Dei
2425 1754 2687 1822 Verbum,
2712 1765 2844 1813 tunc
2865 1766 3089 1828 accepto
3116 1759 3327 1828 Spiritu
3360 1761 3576 1819 sancti-

2002 1843 2220 1909 ficatur,
2262 1854 2390 1901 ante
2420 1846 2856 1902 incarnationem
2895 1862 3028 1904 vero
3060 1850 3116 1904 in
3157 1849 3331 1907 forma
3366 1859 3488 1908 erat
3520 1859 3578 1908 et

2000 1933 2310 2002 aequalitate
2352 1932 2556 2001 Patris,
2610 1936 2877 2004 nondum,
2920 1952 2987 1992 ex
3043 1952 3235 1997 mrum
3272 1942 3575 2009 sententia,

2003 2023 2460 2082 sanctificatum:
2531 2028 2783 2099 sequitur
2857 2030 3181 2089 necessario
3253 2031 3573 2099 dicendum,

2002 2116 2173 2172 Deum
2204 2131 2269 2173 ac
2306 2116 2523 2175 Patrem
2555 2134 2666 2175 non
2721 2135 2845 2177 esse
2904 2129 3158 2178 sanctum
3213 2122 3289 2189 si,
3351 2139 3476 2181 cum
3522 2126 3573 2179 ei

2004 2208 2286 2265 conforme
2313 2218 2367 2265 et
2394 2213 2605 2280 aequale
2632 2209 2880 2269 Verbum
2924 2213 3001 2268 sit
3035 2213 3091 2268 in
3124 2214 3403 2281 omnibus,
3450 2230 3579 2273 san-

2003 2309 2151 2355 ctum
2188 2310 2371 2358 tamen
2418 2318 2528 2359 non
2575 2311 2695 2360 erat
2746 2305 3041 2375 principio,
3104 2306 3203 2362 sed
3255 2308 3576 2365 novissimis

2003 2393 2348 2462 temporibus
2378 2395 2468 2449 vix
2519 2397 2741 2451 tandem
2778 2406 3031 2453 sanetum
3080 2396 3200 2453 fuit.
3249 2397 3522 2455 Praeterea
3557 2412 3573 2453 :

2005 2483 2054 2540 si
2092 2483 2265 2554 ipsum
2292 2493 2378 2542 est
2404 2487 2626 2557 proprie
2669 2487 2764 2544 Dei
2804 2486 3071 2553 Verbum,
3102 2489 3255 2559 quod
3299 2490 3569 2561 Spiritum

2005 2576 2205 2647 accipit
2229 2584 2285 2633 et
2322 2578 2379 2633 in
2411 2585 2613 2633 natura
2649 2593 2747 2635 sua
2772 2579 3175 2645 sanctificatur,
3198 2580 3384 2639 dicant
3412 2581 3577 2637 nobis

2004 2666 2323 2734 adversarii,
2352 2674 2536 2723 utrum
2570 2668 2787 2723 tandem
2818 2670 3001 2739 seipse
3041 2668 3219 2739 majus
3262 2667 3468 2725 factum
3500 2670 3576 2731 sit

2006 2761 2102 2810 aut
2120 2756 2322 2822 minus,
2357 2766 2452 2812 aut
2475 2772 2541 2813 eo
2571 2767 2799 2829 acceth
2830 2759 2887 2813 in
2920 2759 3114 2816 eodem
3149 2769 3292 2819 statu
3329 2776 3579 2831 perman.

2005 2848 2161 2903 serit.
2181 2845 2317 2902 Nam
2348 2847 2397 2903 si
2434 2849 2670 2918 amplius
2702 2848 2841 2905 nihil
2877 2850 3049 2907 habet
3083 2861 3309 2921 accepto
3340 2851 3575 2924 Spiritu,

2005 2940 2101 2995 sed
2135 2940 2380 3011 idipsum
2413 2950 2598 2998 manet
2636 2941 2789 3013 quod
2827 2951 2971 3010 erat,
3007 2942 3125 2999 noli
3178 2945 3393 3001 turbari
3449 2959 3577 3001 cum

2007 3030 2253 3090 audieris
2287 3031 2552 3103 Spiritum
2577 3034 2634 3089 in
2666 3050 2793 3090 eum
2824 3033 3209 3092 descendisse.
3249 3036 3406 3103 Quod
3433 3038 3483 3093 si
3512 3052 3579 3093 eo

2007 3133 2263 3194 suscepto
2314 3124 2705 3181 detrimentum
2761 3126 2987 3198 aliquod
3038 3136 3093 3185 et
3136 3128 3580 3187 imminutionem

2007 3215 2291 3280 sustinuit,
2325 3216 2550 3286 patibile
2581 3215 2740 3273 nobis
2780 3216 3022 3274 Verbum
3050 3226 3282 3287 statues,
3318 3228 3375 3277 et
3399 3219 3581 3278 Patris

2006 3307 2367 3365 substantiam
2394 3308 2702 3377 incusabis,
2738 3308 2833 3379 qui
2888 3309 3149 3365 damnum
3203 3311 3373 3368 infert
3398 3313 3581 3383 potius

2006 3414 2168 3469 quam
2202 3398 2531 3457 sanctificat.
2560 3399 2657 3456 Sin
2688 3407 2873 3456 autem
2897 3409 3123 3472 accepto
3151 3400 3358 3474 Spiritu
3390 3405 3583 3460 melior

2006 3487 2237 3544 effectus
2289 3498 2413 3545 est:
2453 3497 2572 3544 erat
2605 3496 2785 3547 autem
2844 3489 2899 3544 in
2959 3489 3137 3546 forma
3162 3499 3218 3547 et
3271 3493 3585 3562 aequalitate

2007 3577 2208 3645 Patris,
2241 3579 2405 3634 etiam
2438 3587 2731 3650 antequam
2763 3581 2960 3637 melior
2986 3582 3327 3652 redderetur,
3369 3592 3429 3638 ut
3461 3600 3587 3640 sene

2008 3671 2166 3740 titis;
2199 3670 2363 3727 Pater
2383 3670 2664 3744 fastigium
2690 3672 2881 3744 gloria:
2914 3688 3023 3730 non
3053 3675 3255 3746 attigit,
3289 3675 3384 3731 sed
3410 3676 3461 3730 in
3494 3692 3587 3732 eos

2008 3764 2131 3820 dem
2161 3763 2269 3818 erit
2304 3770 2452 3819 statu
2483 3764 2538 3819 in
2565 3777 2677 3835 quo
2716 3772 2838 3819 erat
2864 3778 2989 3819 cum
3028 3765 3150 3834 ipso
3199 3766 3504 3849 conformis
3531 3779 3587 3824 et

1929 3864 1938 3871 ‘
2006 3853 2238 3923 aequalis
2260 3853 2349 3909 ille
2371 3851 2566 3919 Filius.
2594 3854 2687 3923 qui
2721 3853 2792 3908 ad
2819 3853 3238 3911 eminentiorem
3270 3863 3473 3913 statum
3500 3867 3587 3916 est

2008 3953 2251 4001 evectus.

2078 4033 2399 4107 Opportune
2449 4035 2637 4107 itaque
2692 4035 2763 4091 de
2816 4036 3092 4106 imperitis
3144 4037 3419 4098 haereticis
3473 4040 3585 4097 diei

2008 4136 2223 4201 potest:
2265 4148 2284 4181 ‹
2319 4128 2461 4186 Ecce
2482 4128 2719 4201 populus
2742 4129 2945 4186 stultus
2972 4138 3028 4186 et
3048 4131 3169 4187 sine
3194 4132 3362 4189 corde
3390 4151 3405 4188 :
3438 4135 3585 4189 oculi

2008 4222 2112 4288 eis,
2146 4228 2205 4278 et.
2257 4236 2369 4276 non
2429 4221 2710 4277 vident".
2753 4239 2774 4274 ι
2838 4219 3152 4276 Exeaeeavit
3184 4222 3330 4278 enim
3390 4239 3582 4281 revera

2009 4312 2155 4369 Deus
2186 4311 2373 4368 saeculi
2407 4311 2577 4382 hujus
2602 4311 2771 4367 corda
2797 4312 3123 4380 infidelium,
3157 4328 3226 4368 ne
3250 4314 3585 4371 illuminatio

328 4402 613 4465 ἀπίστων,
662 4403 743 4463 εἰς
789 4399 853 4455 τὸ
912 4400 988 4471 μὴ
1054 4401 1290 4469 αὐγάσαι
1336 4398 1428 4452 τὸν
1476 4398 1752 4468 φωτισμὸν
1807 4397 1900 4451 τοῦ

2007 4402 2283 4473 Evangelii
2309 4403 2497 4473 gloria:
2529 4401 2737 4459 Christi
2765 4402 2848 4458 eis
2875 4402 3181 4459 illuceat’“.
3209 4403 3421 4469 Quibus
3438 4415 3587 4461 certe

327 4490 667 4561 Εὑαγγελίου
699 4494 800 4562 τῆς
827 4490 985 4561 δόξης
1015 4490 1107 4544 τοῦ
1133 4488 1369 4562 Χριστοῦ
1392 4504 1406 4519 ⁸
1442 4485 1524 4551 οἷς
1555 4487 1618 4559 δὴ
1645 4489 1738 4542 καὶ
1770 4488 1905 4558 μᾶλ-

324 4584 418 4637 λον
448 4581 850 4652 ὲπαλγῦνεσθαι
871 4583 1005 4645 δεῖν,
1036 4582 1097 4635 οὐ
1122 4580 1468 4651 χαλεπαίνειν
1495 4578 1664 4644 ἄξιον.
1697 4580 1772 4633 Οὐ
1794 4580 1904 4651 γὰρ

327 4678 529 4739 ἴσασιν,
564 4676 603 4731 ἃ
639 4676 1106 4746 ἀναγινώσκουσιν
1128 4693 1143 4708 ·
1203 4679 1284 4731 ὅτι
1321 4676 1378 4730 δὲ
1421 4675 1629 4747 ἀληθὴς
1665 4678 1692 4728 ό
1723 4676 1901 4745 λόγος,

325 4770 585 4825 ἐντεῦθεν
616 4773 752 4841 ἡμῖν
786 4771 939 4825 ἔσται
968 4770 1291 4839 καταφανὲς,
1328 4771 1377 4822 εἰ
1420 4771 1514 4823 καὶ
1553 4770 1634 4824 ὅτι
1668 4769 1904 4839 μάλιστα

324 4864 416 4916 διὰ
474 4862 588 4915 τῶν
652 4863 754 4932 ἤδη
818 4861 1385 4933 προγεγυμνασμὲνων
1410 4902 1424 4926 ,
1497 4862 1609 4914 οὐκ
1657 4859 1902 4930 ἄκομψον

326 4950 710 5020 ἐποιησάμεθα
737 4949 834 5020 τὴν
872 4951 1144 5016 ἀπόδειξιν
1169 4967 1183 4978 ·
1240 4951 1371 5004 αὐτὸ
1402 4950 1458 5004 δὲ
1484 4950 1647 5003 πάλιν
1677 4951 1807 5020 ἡμῖν
1843 4949 1905 5002 τὸ

324 5042 412 5095 διὰ
440 5042 545 5112 τῆς
572 5040 669 5095 τοῦ
713 5041 926 5094 Παύλου
954 5040 1274 5111 λελεγμένον
1308 5040 1489 5109 φωνῆς
1518 5041 1900 5111 προστήσεται.

332 5151 354 5183 ι
380 5133 556 5186 Τοῦτο
601 5131 887 5202 φρονείτω,
924 5131 1108 5201 φησὶν,
1138 5130 1367 5192 ἕκαστος
1392 5132 1446 5182 ὲν
1467 5130 1593 5198 ὑμῖν
1631 5129 1832 5191 αὐτοῖς,
1876 5127 1904 5180 ὃ

325 5225 420 5277 καὶ
464 5225 525 5276 ὲν
552 5220 774 5292 Χριστῷ
807 5221 1007 5291 Ἰησοῦ,
1039 5219 1098 5281 ὃς
1138 5220 1194 5271 ὲν
1229 5221 1408 5289 μορφῇ
1442 5218 1577 5271 Θεοῦ
1617 5218 1899 5290 ὑπάρχων,

322 5320 423 5390 οὐχ
446 5317 748 5389 ἁρπαγμὸν
777 5317 1022 5386 ἡγήσατο
1048 5315 1109 5367 τὸ
1134 5309 1271 5367 εἶναι
1302 5312 1392 5365 ἴσα
1418 5311 1557 5381 Θεῷ,
1579 5312 1692 5366 ἀλλ’
1714 5313 1903 5367 ἑαυτὸν

321 5412 567 5466 ἐκένωσε
597 5409 807 5481 μορφὴν
834 5407 1021 5461 δούλου
1047 5405 1247 5471 λαϐὼν,
1279 5407 1336 5459 ὲν
1362 5404 1666 5477 ὁμοιώματι
1696 5405 1905 5479 ἀνθρώ-

318 5519 449 5557 mw
474 5500 789 5572 γενόμενος,
823 5501 917 5555 καί
947 5500 1184 5571 σχήματι
1215 5497 1460 5569 εὑρεθεὶς
1493 5498 1569 5561 ὡς
1597 5497 1901 5569 ἄνθρωπος,

2012 4494 2363 4550 indolendum
2392 4494 2577 4565 potius
2594 4508 2755 4565 quam
2790 4494 3141 4551 irascendum
3176 4496 3442 4563 arbitror;
3473 4510 3584 4551 non

2010 4585 2155 4641 enim
2196 4584 2510 4655 intelligunt
2557 4600 2678 4656 qua
2724 4585 2936 4654 legunt.
2988 4583 3192 4641 Verum
3231 4593 3417 4644 autem
3464 4601 3588 4643 esse

2010 4677 2156 4748 quod
2200 4677 2345 4744 dico,
2384 4677 2527 4733 hinc.
2561 4676 2918 4734 manifestum
2956 4677 3127 4744 nobis
3159 4679 3289 4743 erit,
3339 4678 3470 4734 licet
3516 4693 3586 4735 ex

2014 4770 2166 4840 121
2198 4769 2266 4824 iis
2291 4783 2412 4840 quae
2442 4769 2706 4825 hactenus
2732 4768 3030 4838 disceptata
3064 4777 3212 4836 sunt,
3245 4784 3353 4825 non
3379 4769 3588 4825 insulse

2007 4863 2062 4918 id
2113 4862 2693 4917 demonstrarerimus.
2764 4858 2869 4916 Sed
2929 4859 3084 4915 Pauli
3133 4860 3339 4915 dictum
3395 4874 3588 4916 rursus

2009 4959 2363 5025 proponetur.
2418 4968 2438 5003 ‹
2476 4950 2591 5005 lloc
2638 4950 2861 5016 sentite,
2898 4950 3095 5020 inquit,
3139 4950 3196 5006 in
3228 4948 3405 5012 vobis,
3437 4946 3591 5018 quod

2007 5052 2064 5101 et
2099 5046 2154 5099 in
2200 5043 2419 5099 Christo
2461 5040 2619 5106 Iesu.
2661 5042 2913 5113 quicum
2958 5042 3013 5097 in
3059 5040 3234 5097 forma
3267 5040 3363 5095 Dei
3405 5047 3586 5105 esset,

2006 5150 2117 5189 non
2156 5134 2404 5203 rapinam
2445 5132 2744 5188 arbitratus
2772 5140 2858 5188 est
2893 5146 3013 5187 esse
3054 5146 3113 5186 se
3140 5130 3401 5196 aequalem
3434 5126 3545 5183 Deo
3568 5166 3586 5193 ,

2007 5222 2101 5278 sed
2137 5220 2488 5289 semetipsum
2516 5218 2823 5274 exinanivit
2859 5217 3089 5271 formam
3131 5215 3275 5273 servi
3313 5214 3588 5282 accipiens

2009 5315 2065 5367 in
2087 5310 2494 5368 similitudinem
2517 5308 2796 5364 hominum
2818 5307 3011 5371 factus,
3038 5315 3091 5362 et
3119 5305 3306 5360 habitu
3336 5305 3591 5360 inventus

2010 5412 2075 5462 ut
2122 5403 2319 5471 homo,
2354 5401 2665 5457 humiliavit
2706 5401 3085 5469 semetipsum.
3152 5417 3172 5451 ι
3220 5397 3363 5455 Ecce
3400 5398 3593 5469 utique
3628 5384 3640 5413 ’

2014 5496 2210 5552 Filium
2241 5507 2589 5564 summopere
2614 5491 2866 5560 miratur,
2908 5497 3096 5563 utpote
3131 5490 3229 5562 qui
3262 5489 3337 5548 sit
3361 5487 3596 5560 aqualis

398 5681 453 5714 ⁸⁸
479 5680 723 5753 Philipp.
750 5695 813 5742 tl,
841 5680 957 5736 5-8.
1034 5680 1079 5711 ⁸³
1109 5678 1307 5757 Jercm.
1344 5697 1395 5744 γ,
1431 5679 1521 5734 2i.
1598 5679 1641 5709 "
1676 5678 1714 5733 ll
1749 5677 1873 5734 Cor.
1911 5692 1986 5742 Iv,
2012 5676 2064 5732 ιι.

625 5773 889 5837 Panos.
934 5772 1048 5832 Gn.
1090 5772 1349 5832 LXXIII.

3163 5756 3197 5824 7
