4038 6210
492 249 603 304 ἳυῖ
1468 243 1525 296 S.
1568 238 1842 295 CYRILLI
1873 237 2339 295 ALEXANDRINI
2369 237 2686 294 AltClilEP.
3645 238 3743 290 20i

493 372 546 418 et
577 355 877 417 conformis
907 357 1016 413 Deo
1053 371 1121 411 ac
1163 355 1333 421 Patri,
1376 371 1552 426 neque
1579 364 1760 412 tamen
1805 355 1941 411 illud
1986 370 2074 408 ra-

2176 354 2538 408 ὲταπείνωσεν
2562 353 2776 409 ἑαυτόν.
2812 371 2830 405 ι
2867 352 2993 407 Ἰδοὺ
3020 353 3086 423 δὴ
3114 350 3234 405 λίαν
3256 349 3638 421 ἀποθαυμάζει
3663 351 3748 403 τὸν

492 453 668 524 puerit
693 457 914 521 propter
940 448 1261 505 cbaritatem
1300 447 1448 501 illam
1488 448 1545 503 in
1584 463 1706 515 nos,
1752 441 1848 503 sed
1875 445 1945 501 ad
1971 430 2075 501 hu-

2181 444 2329 510 Υίὸν,
2361 444 2438 508 ὡς
2472 444 2585 499 ίσον
2621 445 2718 516 μὲν
2742 445 2871 498 ὄντα
2908 444 3003 497 καὶ
3036 460 3358 514 σύμμορφον
3378 456 3385 463 ‘
3405 440 3484 512 τῷ
3507 440 3627 510 Θεῷ
3661 441 3747 494 καὶ

494 544 780 599 militatem
807 538 1171 603 descenderit,
1192 548 1417 609 accepta
1447 541 1589 595 servi
1617 538 1814 604 forma,
1834 538 2077 593 exinani-

2178 535 2374 606 Πατρὶ,
2415 535 2490 606 μὴ
2527 536 2634 607 μὴν
2660 536 2985 607 ἁρπάσαντα
3019 534 3180 587 τοῦτο
3227 534 3316 587 διὰ
3342 533 3440 605 τὴν
3475 533 3750 602 ἀγάπησιν

491 643 581 691 tus
627 640 850 704 propter
892 630 1311 684 humanitatem.
1357 629 1427 683 At
1473 629 1542 693 si,
1577 638 1804 699 accepto
1828 627 2070 699 Spiritu,

2176 626 2275 697 τὴν
2314 630 2392 690 είς
2429 630 2596 697 ἡμᾶς,
2630 627 3045 698 καταϐεϐηκότα
3081 625 3138 680 δὲ
3171 627 3251 689 είς
3284 625 3636 691 ταπείνωσιν,
3665 625 3753 683 διὰ

489 725 663 796 magis
708 721 1081 778 sanctiﬁcatus
1124 729 1230 787 est,
1281 736 1406 777 cum
1458 721 1623 777 homo
1680 721 1859 777 factus
1893 730 1996 787 εει,
2021 731 2076 777 ει

2175 718 2271 787 τῆς
2306 716 2399 770 τοῦ
2422 716 2610 770 δούλου
2640 718 2874 789 μορφῆς,
2905 715 3278 786 κεκενωμένον
3301 714 3390 769 διὰ
3415 713 3513 786 τὴν
3540 715 3750 785 ἀνθρω-

488 819 673 888 scipso
714 815 907 872 melior
953 814 1132 871 factus
1177 824 1263 872 est
1303 822 1528 886 propter
1560 813 2070 878 sanctiﬁcatioriem,

2177 809 2386 880 πότητα
2419 826 2433 840 ·
2488 810 2604 864 ἀλλ’
2650 810 2844 881 εἰπερ,
2893 803 2939 862 ὦ
2981 802 3154 872 οὗτοι,
3193 808 3254 861 τὸ
3298 805 3528 880 Πνεῦμα
3571 806 3752 862 λαϐὼν

490 899 543 967 in
589 926 752 981 quam
788 910 1149 966 humilitatem
1178 925 1302 966 eum
1342 908 1694 965 descendisse
1721 907 2070 965 videbimus?

2175 901 2413 972 ἡγιάσθη
2448 902 2645 972 μᾶλλον
2664 941 2680 965 ,
2733 902 2822 954 ὅτε
2854 901 3077 970 γέγονεν
3106 901 3410 972 ἄνθρωπος,
3463 901 3660 955 ἑαυτοῦ
3691 918 3751 955 τε

484 999 773 1068 Quomodo
814 1000 1135 1069 depressum
1184 1006 1269 1054 est
1302 997 1358 1052 id
1416 995 1563 1067 quod
1610 1003 1696 1051 est
1736 996 2068 1060 exaltatum,

2174 990 2437 1062 κρείττων
2471 990 2683 1061 ἐδείχθη
2724 991 2813 1046 διὰ
2845 991 2936 1045 τὸν
2956 991 3254 1062 ἀγιασμδν,
3291 992 3371 1054 είς
3400 992 3560 1046 ποίαν
3591 992 3751 1046 αὐτὸν

487 1092 760 1164 quomodo
805 1090 1091 1146 descendit
1139 1088 1286 1160 quod
1339 1087 1745 1144 sanctiﬁcatum
1806 1094 1911 1152 est,
1975 1094 2071 1143 aut

2172 1081 2413 1151 ὀψόμεθα
2434 1081 2847 1155 καταϐεϐηκότα
2867 1085 3228 1149 ταπείνωσιν;
3258 1083 3385 1148 Πῶς
3406 1084 3747 1157 ἐταπεινώθη

483 1184 762 1256 quomodo
805 1199 918 1239 non
960 1181 1212 1238 ascendit
1245 1181 1430 1253 potius
1474 1188 1532 1236 et
1580 1181 1635 1234 in
1685 1178 1881 1236 melius
1946 1194 2071 1237 eve-

2170 1172 2231 1227 τδ
2254 1172 2487 1243 causa;
2511 1174 2613 1228 ποῦ
2636 1175 2842 1246 κατέϐη
2864 1176 2924 1230 τὸ
2945 1176 3228 1246 άγιασθέν;
3257 1177 3291 1248 ἢ
3321 1177 3437 1241 πῶς
3457 1176 3555 1231 οὐκ
3579 1178 3749 1248 ἀνέϐη

484 1287 633 1333 ctum
671 1276 793 1332 est?
816 1286 1045 1345 ecquam
1083 1273 1248 1330 habet
1271 1273 1625 1328 inanitionem
1651 1272 1744 1327 illa
1767 1287 1854 1343 pet
1897 1272 2072 1342 Spiri—

2174 1265 2390 1337 μᾶλλον,
2416 1266 2511 1319 καὶ
2538 1268 2630 1322 ἐπὶ
2662 1269 2724 1321 τὸ
2756 1271 3005 1340 κρεῖττον
3037 1269 3263 1341 ὐψώθης
3307 1270 3476 1326 Ποίαν
3506 1271 3623 1343 ἔχει
3647 1268 3746 1342 τὴν

484 1378 598 1424 tum
638 1367 915 1437 impletio?
942 1364 1218 1437 quomodo
1243 1365 1482 1436 denique
1517 1370 1743 1435 propter
1777 1380 1882 1420 nos
1903 1364 2070 1419 homo

2169 1354 2455 1427 κένωσινή
2497 1356 2587 1410 διὰ
2612 1357 2707 1412 τοῦ
2744 1358 3063 1430 Πνεύματος
3099 1359 3419 1431 πλήρωσις;
3454 1362 3582 1432 Πῶς
3604 1362 3651 1415 δ’
3678 1364 3745 1418 ἂν

482 1459 665 1515 factus
710 1457 1046 1522 censebitur,
1095 1462 1301 1510 tantam
1356 1455 1411 1509 in
1442 1455 1562 1511 suis
1603 1454 1771 1511 rebus
1807 1462 2068 1525 expertus

2166 1444 2303 1508 ὅλως
2327 1446 2395 1498 δι’
2417 1449 2568 1519 ἡμᾶς
2594 1449 3022 1520 ὲνανθρωπήσας
3043 1453 3231 1517 νοοῖτο,
3258 1453 3525 1524 τοσαύτην
3551 1454 3609 1508 ὲν
3631 1455 3745 1517 τοῖς

480 1550 812 1607 utilitatem?
841 1548 1128 1615 Quomodo
1174 1555 1399 1618 propter
1449 1561 1552 1601 nos
1591 1545 1772 1601 factus
1811 1552 1896 1601 est
1941 1560 2068 1616 pau-

2213 1535 2287 1588 20’
2322 1537 2513 1590 ἑαυτὸν
2560 1538 2859 1608 ὑπομείνας
2893 1538 2991 1611 τὴν
3023 1540 3241 1612 ὅνησινς
3280 1541 3405 1606 Πῶς
3431 1541 3745 1614 ἐπτώχευσε
3803 1552 3808 1559 ’

480 1658 579 1714 per
606 1640 688 1707 ’⁸,
728 1641 821 1709 qui
859 1645 1079 1710 propter
1110 1653 1209 1694 nos
1245 1637 1608 1707 locupletatus
1638 1637 1759 1693 est?
1790 1635 2064 1707 quomodo

2164 1624 2233 1679 δι’
2265 1627 2434 1702 ἡμᾶς,
2459 1630 2488 1682 ό
2517 1628 2825 1701 πλουτήσας
2854 1630 3130 1701 δι’ήμᾶῃ
3166 1631 3291 1696 Πῶς
3314 1632 3371 1686 δὲ
3397 1628 3465 1704 ῆν
3491 1633 3745 1698 πλούσιος

478 1747 611 1788 vero
640 1732 797 1788 dives
818 1738 935 1787 erat
962 1730 1127 1786 etiam
1140 1737 1269 1785 ante
1297 1728 1617 1794 adventum,
1649 1729 1746 1800 qui
1775 1728 1830 1783 in
1859 1742 1926 1783 eo
1964 1727 2057 1783 ad-

2165 1718 2262 1772 καὶ
2301 1719 2407 1789 πρὸ
2434 1720 2532 1791 τῆς
2558 1721 2870 1792 ἐπιδημίας,
2913 1724 2943 1776 ό
2980 1722 3158 1776 λαϐὼν
3185 1726 3244 1778 ὲν
3272 1724 3408 1797 αὐτῇ
3437 1725 3559 1779 κατ’
3595 1725 3743 1779 ὲκεί-

479 1829 668 1886 ventu,
702 1830 763 1877 ut
797 1821 880 1876 illi
914 1820 1180 1886 sentiunt,
1215 1819 1427 1891 accepit
1474 1818 1620 1891 quod
1658 1835 1770 1876 non
1801 1819 2055 1888 habebat,

2163 1824 2288 1883 νους
2319 1810 2458 1881 ὅπερ
2486 1811 2587 1866 οὐκ
2612 1807 2749 1883 εἶχε,
2782 1813 2844 1866 τὸ
2872 1813 3095 1884 Πνεῦμα
3121 1814 3351 1887 δηλαδή;
3391 1816 3460 1868 Ἦ
3483 1814 3601 1880 πῶς
3621 1816 3743 1887 οὐχὶ

481 1912 740 1968 nimirum
792 1908 1090 1982 Spiritum?
1139 1917 1234 1965 aut
1279 1911 1558 1981 quomodo
1606 1925 1720 1968 non
1761 1911 1946 1982 potius
1993 1926 2058 1967 ea

2164 1902 2365 1973 μᾶλλον
2395 1903 2557 1968 αὐτὸς
2604 1905 2862 1976 ἀναθήσοι
2890 1904 3114 1971 δικαίως
3153 1908 3305 1978 ἡμῖν,
3337 1907 3403 1961 τά
3441 1909 3526 1977 ἐφ’
3555 1902 3638 1973 οἷς
3675 1910 3741 1963 δι’

476 2006 602 2075 jure
630 2002 793 2058 nobis
836 2002 955 2073 ipse
996 2001 1141 2057 dona
1184 2000 1411 2069 referat,
1448 2002 1648 2074 quibus
1697 2011 1920 2073 propter
1956 2018 2058 2059 nos

2157 1994 2309 2064 ἡμᾶς
2335 1994 2611 2065 ὠφέληται
2629 1996 2994 2067 χαριστήρια;
3036 2013 3056 2047 ι
3080 1996 3323 2067 Ἐξέστη,
3352 2015 3373 2049 ι
3406 1998 3547 2052 κατὰ
3566 1998 3628 2052 τὸ
3648 2014 3744 2066 γε-

478 2094 788 2151 cumulatus
820 2091 942 2149 est?
998 2109 1017 2142 ι
1055 2088 1369 2162 Obstupuit,
1405 2101 1461 2146 ut
1506 2091 1776 2162 scriptum
1808 2100 1915 2160 est,
1943 2106 2059 2148 ca:-

2158 2086 2528 2157 γραμμένον,ι
2559 2089 2588 2141 ὁ
2610 2087 2839 2160 οὐρανὸς
2863 2090 2956 2143 ἐπὶ
2974 2089 3168 2161 τούτῳ,
3188 2091 3380 2163 ἐξέστη
3403 2091 3498 2146 καὶ
3522 2091 3739 2163 ἔφριξεν

478 2185 592 2241 lum
618 2199 785 2255 super
818 2184 921 2239 hoc
955 2202 968 2237 :
1000 2182 1305 2252 obstupuit,
1346 2188 1403 2238 et
1428 2181 1705 2239 inhorruit
1729 2196 1898 2253 supra
1935 2197 2057 2238 mo-

2158 2178 2252 2232 έπὶ
2280 2179 2462 2235 πλεῖον
2496 2179 2734 2252 σφόδρα,
2787 2179 2935 2250 λέγει
2984 2181 3209 2253 Κύριος.
3266 2183 3371 2236 Δύο
3417 2183 3528 2257 γὰρ
3573 2183 3741 2248 ὅντως

472 2273 632 2340 dum,
676 2272 811 2327 dicit
865 2270 1150 2326 Dominus.
1201 2268 1320 2326 Duo
1367 2270 1517 2326 enim
1566 2285 1756 2327 revera
1813 2278 1868 2326 et
1914 2271 2058 2326 mala

2157 2270 2254 2325 καὶ
2284 2268 2501 2341 πονηρά
2531 2270 2830 2342 πεποίηκεν
2871 2272 2900 2324 ό
2948 2270 3057 2324 τῶν
3101 2271 3548 2343 ἐτεροδοξούντων
3588 2274 3736 2339 λαὸς,

478 2364 609 2421 fecit
645 2382 665 2417 ι
699 2362 1084 2418 haereticorum
1124 2379 1144 2413 ι
1175 2361 1410 2432 populus
1437 2363 1483 2395 ²⁹
1508 2401 1524 2426 ,
1558 2379 1578 2414 ι
1616 2361 2056 2432 noninteliigens

2162 2367 2238 2439 μὴ
2268 2366 2487 2438 νοήσας,
2525 2367 2662 2437 μήτε
2707 2364 2744 2421 ἃ
2786 2365 2954 2436 λέγει,
3009 2367 3146 2437 μήτε
3180 2367 3308 2438 περὶ
3354 2366 3516 2422 τίνων
3561 2368 3746 2422 διαϐε-

470 2456 611 2529 quid
649 2456 820 2521 dicat,
851 2468 1032 2525 neque
1056 2454 1124 2511 de
1171 2453 1374 2524 quibus
1418 2453 1669 2517 allirmet,
1714 2460 1770 2509 et
1798 2453 1857 2508 in
1889 2454 2055 2509 rebus

2159 2458 2763 2524 ϐαιοῦται,κινδυνεύειν
2779 2458 2835 2512 δὲ
2860 2457 3033 2521 οὕτως
3053 2461 3111 2512 ὲν
3135 2462 3247 2523 τοῖς
3270 2460 3742 2529 ἀναγκαιοτάτοις,

470 2552 616 2609 tanti
689 2549 955 2607 momenti
1012 2548 1319 2621 periculum
1375 2547 1535 2604 adire
1595 2562 1705 2603 non
1769 2555 2050 2619 gravatur.

2154 2550 2309 2604 οὐδὲν
2343 2548 2605 2621 ἡγοῦνται
2646 2547 2820 2620 βαρύ·
2869 2548 2903 2620 ἦ
2950 2548 3059 2620 γὰρ
3099 2548 3186 2617 ἂν,
3223 2551 3316 2605 καὶ
3360 2550 3516 2607 αὐτοὶ
3533 2553 3743 2624 ’πικρὸν

471 2642 694 2715 Alioqui
723 2641 871 2698 enim
896 2655 1018 2696 eum
1042 2654 1239 2711 magna
1262 2640 1316 2694 vi
1343 2640 1734 2711 lacrymarum,
1766 2647 1821 2694 et
1845 2638 2053 2710 ingenti

2155 2642 2221 2696 ὲκ
2248 2640 2530 2712 βλεφάρων
2564 2641 2920 2712 καταχέοντες
2955 2642 3207 2714 δάκρυον,
3251 2643 3344 2697 καὶ
3376 2643 3623 2716 μεγάλην
3656 2645 3742 2709 είς

470 2735 712 2792 clamore
769 2733 874 2803 ipsi
927 2744 1150 2801 quoque
1194 2730 1473 2787 dixerint:
1520 2747 1539 2780 ι
1568 2728 1744 2796 Pone,
1786 2728 2049 2795 Domine,

2156 2731 2288 2803 ὕψος
2318 2732 2688 2796 ἀνατείνοντες
2721 2732 2819 2804 τὴν
2853 2732 3054 2804 φωνην,
3081 2733 3393 2806 προσῄεσαν
3437 2735 3690 2805 λέγοντες
3720 2754 3736 2768 ’

466 2824 780 2882 custodiam
810 2822 896 2876 ori
930 2834 1074 2883 meo,
1109 2826 1165 2874 et
1193 2820 1394 2875 ostium
1436 2818 1863 2875 circumstantiae
1892 2820 2051 2877 labiis

2159 2820 2329 2887 «Θοῦ,
2355 2821 2545 2894 Κύριε,
2571 2821 2816 2894 φυλακὴν
2861 2823 2940 2895 τῷ
2982 2824 3209 2896 στόματί
3256 2842 3380 2897 μου,
3426 2827 3520 2881 καὶ
3566 2826 3741 2900 θύραν

474 2913 629 2967 meis.
669 2909 750 2965 Ne
785 2907 1032 2963 declines
1064 2921 1160 2961 cor
1180 2921 1367 2962 meum
1397 2906 1454 2961 in
1484 2907 1650 2962 verba
1678 2909 1902 2965 malitiae
1929 2909 1998 2964 ”.
2023 2930 2043 2963 ι

2154 2915 2417 2986 περιοχῆς
2446 2915 2575 2986 περὶ
2606 2916 2674 2970 τὰ
2706 2914 2857 2988 χείλη
2895 2933 3015 2987 μου.
3061 2918 3152 2990 Μὴ
3186 2918 3444 2993 ἐκκλίνῃς
3471 2921 3570 2993 τὴν
3598 2938 3739 2993 καρ-

472 3003 649 3060 Verba
676 3001 824 3058 enim
848 2998 1096 3070 profecto
1135 3006 1265 3055 sunt
1289 2998 1530 3066 malitiae,
1560 3014 1681 3070 quae
1708 3000 2047 3082 auditoribus

2152 3005 2271 3059 δίαν
2304 3022 2406 3075 μου
2444 3007 2523 3070 είς
2568 3006 2759 3074 λόγους
2800 3007 3084 3080 πονηρίας.
3128 3027 3148 3061 ι
3203 3009 3366 3079 Λόγοι
3409 3011 3518 3082 γὰρ
3566 3011 3741 3076 ὅντως

463 3105 781 3155 extremum
808 3092 1069 3148 damnum
1099 3089 1351 3147 ail'erunt.
1395 3090 1503 3147 Sed
1534 3106 1635 3148 nos
1661 3076 1853 3149 eorum
1890 3095 2049 3165 nugis

2156 3061 2419 3166 Μνηρίας
2451 3061 2520 3148 οἱ.
2542 3061 2673 3165 παῤ,
2703 3061 3615 3169 έᾶυτῶν”τὴκῖέπι

471 3190 539 3245 de
560 3186 729 3244 corde
757 3191 949 3242 nostro
970 3182 1237 3254 expulsis,
1265 3182 1335 3239 ad
1360 3191 1565 3240 rectam
1592 3185 1718 3240 ﬁdei
1741 3185 2047 3240 doctrinam

2158 3186 2287 3259 μίαν
2307 3189 2419 3251 τοῖς
2438 3188 2809 3259 ἀκροωμένοις
2838 3187 3136 3253 ὠδίνοντες.
3179 3190 3369 3261 Ἡμεῖς
3392 3190 3449 3245 δὲ
3477 3190 3576 3260 τῆς
3601 3192 3738 3244 ἑαυ-

467 3290 878 3345 convertemur,
909 3278 1060 3334 illius
1092 3278 1225 3334 dicti
1255 3292 1565 3336 memores:
1609 3297 1630 3331 ι
1671 3278 1916 3334 Consilia
1948 3278 2046 3335 de-

2150 3277 2260 3333 τῶν
2295 3278 2520 3350 καρδίας
2549 3277 2640 3333 τδν
2664 3278 2885 3334 ἐκείνων
2914 3279 3275 3346 ἐξοικίσαντες
3303 3281 3491 3355 λῆρον,
3520 3283 3612 3336 ἐπὶ
3641 3283 3740 3338 τὸν

469 3379 771 3437 struentes,
821 3379 877 3426 et
925 3382 1143 3424 omnem
1196 3366 1540 3423 altitudinem
1582 3366 1940 3424 extollentem
1987 3385 2048 3427 se

2149 3367 2308 3441 ὀρθὸν
2351 3370 2449 3441 τῆς
2498 3369 2735 3434 πίστεως
2786 3370 3116 3441 βαδιούμεθα
3155 3371 3334 3441 λόγον,
3387 3373 3449 3426 τὸ
3481 3390 3738 3446 γεγραμ-

470 3462 737 3519 adversus
789 3461 1076 3517 scientiam
1123 3459 1242 3523 Dei,
1290 3467 1347 3516 et
1379 3460 1437 3516 in
1470 3459 1841 3530 captivitatem
1896 3460 2046 3518 redi-

2154 3462 2312 3535 μένον
2344 3462 2558 3534 ἔχοντες
2600 3465 2679 3527 είς
2714 3463 2838 3517 νοῦν
2862 3479 2877 3495 ’
2937 3482 2957 3517 t
2979 3464 3288 3534 Λογισμοῦς
3323 3463 3735 3536 καθαιροῦντες,

438 3566 663 3629 gentes
718 3571 938 3612 onmem
995 3555 1333 3612 intellectum
1404 3555 1465 3611 in
1515 3555 1673 3624 122
1719 3555 2033 3627 obsequium

2150 3553 2245 3609 καὶ
2271 3556 2379 3609 πᾶν
2414 3552 2616 3626 ὕψωμα
2653 3554 3015 3626 ὲπαιρόμειυν
3047 3552 3191 3611 κατὰ
3218 3556 3316 3627 τῆς
3343 3555 3592 3625 γνώσεως
3635 3557 3736 3609 τοῦ

466 3652 677 3709 Christi
705 3651 772 3707 ".
806 3669 825 3704 ι
861 3651 976 3722 Age
1003 3664 1158 3721 ergo,
1192 3655 1431 3705 mentem
1471 3663 1691 3719 quoque
1714 3657 1962 3707 nostram
1990 3652 2045 3707 in

2147 3643 2305 3709 Θεοῦ,
2336 3643 2430 3699 καὶ
2461 3645 2950 3715 αἰχμαλωτίζοντες
2995 3647 3106 3700 πᾶν
3137 3646 3317 3718 νόημα
3359 3650 3437 3711 είς
3466 3647 3564 3719 τὴν
3627 3649 3737 3703 ύπ-

466 3742 809 3815 explicandis
863 3741 1030 3798 rebus
1078 3740 1379 3814 propositis
1411 3740 1683 3810 captivam
1738 3740 2044 3811 ducentes,

2150 3734 2319 3806 ακοὴν
2347 3733 2443 3789 τοῦ
2488 3734 2748 3806 Χριστοῦ.
2778 3754 2798 3788 ι
2846 3734 2983 3808 Φέρε
3026 3736 3091 3807 δὴ
3139 3732 3234 3792 οὖν
3252 3778 3266 3804 ,
3288 3737 3382 3791 καὶ⁵
3408 3737 3500 3792 τὸν
3531 3739 3590 3793 ὲν
3617 3741 3734 3805 τοῖς

466 3850 587 3891 eam
610 3834 969 3904 subjiciamus
999 3832 1188 3905 gloriae
1217 3829 1519 3901 Unigeniti,
1543 3832 1727 3887 omnia
1750 3834 2048 3903 prudenter

2146 3824 2531 3895 προκειμένοις
2552 3825 2682 3896 ἡμῖν
2702 3825 3051 3897 θεωρήμασιν
3075 3827 3564 3897 αἰχμαλωτίζοντες
3583 3827 3732 3894 νοῦν,

467 3924 765 3984 referentes
793 3924 862 3978 ad
896 3923 1017 3993 ejus
1057 3919 1404 3992 obsequium,
1454 3919 1558 3975 hoc
1586 3928 1671 3976 est
1701 3921 1767 3976 ad
1797 3922 2047 3977 incarna-

2147 3913 2503 3987 ύποτάξωμεν
2535 3919 2601 3989 τῇ
2632 3916 2756 3989 δόξῃ
2795 3916 2888 3970 τοῦ
2918 3918 3273 3986 Μονογενοῦς,
3324 3919 3505 3973 πάντα
3534 3920 3733 3990 φέρον-τ

464 4014 636 4071 tionis
666 4015 957 4069 rationem.
1006 4031 1026 4065 ι
1077 4011 1215 4068 Cum
1244 4011 1391 4066 enim
1430 4019 1580 4067 esset
1614 4012 1788 4080 dives,
1821 4023 2045 4083 propter

2145 4020 2236 4067 τες
2261 4003 2494 4068 συνετῶς
2524 4007 2604 4069 είς
2638 4004 2736 4076 τὴν
2770 4004 3016 4076 ὑπακοὴν
3042 4006 3228 4073 αὐτοῦ,
3259 4006 3409 4060 τοῦτ’
3446 4007 3614 4072 ἔστιν,
3645 4008 3734 4071 είς

468 4123 569 4164 nos
594 4121 803 4178 pauper
827 4104 1011 4161 factus
1040 4111 1146 4169 est,
1184 4112 1243 4158 ttt
1269 4118 1371 4158 nos
1405 4102 1527 4173 ejus
1562 4113 1880 4173 paupertate
1904 4105 2044 4159 dita-

2144 4091 2236 4145 τὸν
2265 4091 2395 4162 περὶ
2418 4094 2517 4163 τῆς
2542 4093 3006 4165 ἐνανθρωπήσεως
3025 4094 3245 4164 τρόπον.
3288 4113 3308 4146 t
3330 4093 3591 4159 Πλούσιος
3618 4095 3732 4168 γὰρ

463 4177 653 4253 remur
677 4177 746 4250 δέ.
782 4215 801 4249 ι
834 4196 1038 4266 Accipe
1064 4211 1214 4260 vero,
1243 4195 1294 4250 si
1314 4194 1493 4264 juvat,
1520 4193 1685 4248 etiam
1720 4209 1788 4249 ex
1823 4196 1893 4252 iis
1923 4211 2044 4266 quae

2143 4177 2220 4232 ῶν
2239 4218 2256 4243 ,
2308 4177 2618 4251 έπτώχευσε
2666 4180 2734 4235 δι’
2766 4182 2933 4253 ἡμᾶς,
2981 4181 3067 4235 ἵνα
3096 4182 3257 4252 ἡμεῖς
3285 4186 3351 4255 τῇ
3386 4183 3550 4237 αὑτοῦ
3579 4201 3731 4237 πτω-

467 4286 667 4340 dicturi
696 4300 887 4340 sumus
911 4287 1075 4339 aliam
1105 4285 1343 4354 hujusce
1366 4284 1448 4340 rei
1487 4284 2037 4354 demonstrationem,

2143 4272 2269 4343 χείᾳ
2296 4271 2715 4347 πλουτήσωμεν.
2747 4292 2768 4326 ι
2822 4273 2988 4344 Δέχου
3018 4273 3096 4339 δὲ,
3130 4274 3183 4328 εί
3211 4291 3294 4328 σοι
3319 4275 3486 4340 δοκεῖ,
3519 4274 3613 4328 καὶ
3637 4273 3731 4328 διΞι

459 4384 515 4430 ει
536 4374 841 4445 patientem
883 4374 1043 4430 nobis
1077 4390 1261 4430 aurem
1296 4376 1666 4431 accommoda.

2144 4361 2253 4418 τῶν
2294 4364 2675 4435 προκειμένων
2723 4366 2854 4436 ἡμῖν
2898 4365 2999 4436 τὴν
3041 4364 3314 4431 ἀπόδειξιν
3338 4408 3355 4433 ,
3408 4364 3730 4433 ἀνεξίκακον

2142 4456 2254 4508 τοῖς
2279 4454 2457 4508 λόγοις
2486 4454 2743 4508 ἀπλώσας
2763 4457 2862 4508 τὴν
2893 4456 3083 4508 ἀκοήν.

2142 4456 2254 4518 τοῖς
2279 4454 2457 4525 λόγοις
2486 4454 2743 4519 ἀπλώσας
2763 4457 2862 4525 τὴν
2893 4456 3083 4525 ἀκοήν.

2072 4456 2123 4483 υ

535 4549 616 4602 Ad
650 4548 962 4619 imaginem,
990 4560 1046 4606 et
1079 4549 1495 4607 similitudinem
1525 4552 1768 4621 supremi
1793 4552 2038 4607 omnium

2142 4456 2254 4518 τοῖς
2279 4456 2457 4525 λόγοις
2486 4456 2743 4519 ἀπλώσας
2763 4457 2862 4528 τὴν
2893 4456 3083 4528 ἀκοήν.

2215 4551 2347 4603 Κατ’
2393 4549 2576 4603 εἰκόνα
2622 4550 2716 4603 καὶ
2769 4549 2890 4603 καθ’
2934 4550 3199 4621 ὁμοίωσιν
3235 4550 3331 4605 τοῦ
3378 4552 3473 4606 ἐπὶ
3512 4556 3728 4617 πάντας

462 4640 559 4694 Dei
584 4637 790 4692 factum
821 4653 946 4696 esse
968 4640 1244 4696 hominem
1265 4640 1450 4696 divina
1476 4641 1759 4713 Scriptura
1785 4654 2037 4703 testatur.

2140 4639 2296 4702 ὄντος
2327 4640 2460 4693 Θεοῦ
2488 4640 2818 4711 πεποιῆσθαι
2848 4640 2942 4696 τὸν
2969 4640 3253 4713 ἄνθρωπον
3283 4643 3317 4713 ἡ
3346 4641 3467 4697 θεία
3510 4643 3694 4713 μαρτύ
3717 4675 3728 4684 ~

463 4730 645 4785 Moses
675 4730 898 4800 quippe,
937 4730 1029 4786 ille
1069 4729 1181 4786 Deo
1207 4738 1376 4787 notus
1414 4747 1528 4802 prae
1560 4735 1798 4799 cunctis,
1832 4737 1885 4790 in
1926 4739 2041 4807 pri-

2148 4746 2300 4799 ρεται
2332 4731 2545 4801 Γραφή.
2583 4733 2693 4786 Καὶ
2728 4731 2860 4802 γοῦν
2886 4733 2914 4787 ὁ
2944 4730 3004 4785 τὸ
3043 4730 3260 4804 πρῶτον
3290 4734 3423 4805 ἡμῖν
3457 4731 3732 4801 συντάξας

463 4837 554 4878 me
578 4822 721 4877 libro
748 4820 1063 4879 Geneseos:
1108 4841 1127 4875 t
1163 4821 1229 4877 Et
1264 4821 1419 4888 fecit,
1453 4823 1655 4894 inquit,
1696 4825 1838 4882 Deus
1865 4827 2042 4883 humi-

2146 4821 2349 4892 βιϐλίον
2393 4824 2617 4895 (Μωσῆς
2641 4823 2698 4876 δὲ
2728 4818 2884 4890 οὗτος
2911 4826 2939 4878 ὁ
2963 4824 3309 4897 ἐγνωσμένος
3332 4824 3489 4901 παεᾶ
3518 4825 3734 4899 ’πάντας

462 4928 609 4979 nem,
643 4913 713 4969 ad
743 4911 1035 4984 imaginem
1068 4910 1167 4969 Dei
1194 4910 1323 4970 fecit
1351 4927 1479 4968 eum
1514 4913 1578 4969 ³³.
1614 4933 1635 4967 ι
1671 4913 1827 4981 Quod
1856 4927 2036 4973 autem

2143 4913 2217 4986 τῷ
2241 4914 2407 4986 Θεῷ),
2438 4933 2457 4967 ι
2479 4916 2591 4969 Καὶ
2614 4917 2857 4990 εποίησε,
2887 4935 2905 4973 ι
2936 4926 3123 4992 φησιν,
3155 4939 3173 4972 t
3196 4923 3225 4974 ὁ
3246 4922 3374 4987 Θεὸς
3398 4924 3490 4977 τὸν
3515 4923 3738 4994 ἄνθρω-

463 5020 560 5075 per
587 5004 855 5076 Spiritum
883 5003 952 5059 ad
995 5002 1287 5077 imaginem
1329 5003 1423 5060 Dei
1471 5003 1636 5061 fuerit
1676 5007 2037 5079 obsignatus,

2141 5022 2262 5069 πον,
2293 5006 2414 5059 κατ’
2441 5006 2624 5062 εἰκόνα
2653 5008 2787 5063 Θεοῦ
2822 5010 3081 5083 ἐποίησεν
3106 5012 3289 5067 αὐτόν.
3322 5032 3341 5065 ι
3397 5014 3520 5067 Ὀτι
3553 5015 3610 5068 δὲ
3638 5015 3735 5071 διὰ

462 5098 579 5165 ipse
608 5112 708 5152 nos
735 5111 930 5152 rursus
956 5095 1165 5162 docuit,
1205 5096 1292 5154 his
1322 5097 1507 5153 verbis
1548 5116 1561 5153 :
1600 5118 1619 5151 ι
1654 5097 1719 5152 Ει
1750 5099 2041 5171 inspiravit

2138 5096 2234 5152 τοῦ
2263 5099 2577 5171 Πνεύματος
2605 5104 2683 5166 είς
2712 5103 2894 5157 είκόνα
2922 5101 3019 5174 τὴν
3049 5102 3202 5158 θείαν
3232 5106 3732 5177 κατεσφραγίζετο,

461 5188 517 5241 in
549 5187 744 5244 faciem
779 5188 900 5260 ejus
934 5190 1273 5259 spiraculum
1296 5190 1419 5246 vitae
1441 5190 1508 5247 “.
1550 5211 1569 5244 ι
1610 5189 1784 5248 Simul
1814 5194 1960 5250 enim
1985 5202 2040 5250 et

2141 5190 2302 5245 πάλιν
2334 5190 2498 5256 αὐτὸς
2532 5194 2678 5264 ἡμᾶς
2703 5193 2940 5260 ἐδίδαξεν
2982 5194 3186 5250 είπών*
3227 5197 3367 5250 (Καὶ
3393 5196 3733 5268 ἐνεφύσησεν

458 5277 629 5334 vitam
650 5288 916 5337 creaturae
938 5278 1179 5352 Spiritus
1196 5281 1414 5346 indidit,
1448 5289 1504 5338 et
1531 5297 1661 5340 suos
1683 5285 2036 5343 characteres

2142 5284 2222 5346 είς
2253 5283 2311 5335 τὸ
2338 5283 2625 5353 πρόσωπον
2654 5282 2819 5338 αὐτοῦ
2849 5285 3018 5356 πνοὴν
3045 5284 3211 5357 ζωῆς.
3247 5304 3266 5338 ι
3313 5287 3480 5357 Ὀμοῦ
3503 5285 3608 5359 γὰρ
3629 5290 3733 5342 καὶ

459 5365 726 5426 divinitus
767 5372 1066 5442 impressit.
1103 5371 1180 5427 ita
1219 5372 1466 5442 perfecto
1516 5376 1742 5431 animali
1801 5379 2037 5436 rationis

2143 5373 2288 5444 ζωὴν
2338 5374 2567 5429 ἐνετίθει
2616 5375 2677 5429 τὸ
2729 5375 2954 5447 Πνεῦμα
3000 5375 3079 5448 τῷ
3128 5377 3430 5448 πλάσματι,
3475 5377 3730 5443 καὶτοὺς

460 5457 747 5527 participe,
773 5461 1014 5529 optimus
1049 5461 1140 5517 ille
1188 5460 1389 5518 artifex
1425 5461 1568 5519 Deus
1604 5464 1847 5520 salutare
1882 5480 2037 5519 man-

2145 5464 2341 5520 ἑαυτοῦ
2381 5466 2737 5537 χαρακτῆρας
2776 5467 3097 5540 θεοπρεπῶς
3133 5469 3489 5540 ὲνεσήμαινεν
3517 5485 3531 5501 ο
3579 5468 3730 5523 οὕτω

464 5628 509 5661 sa
531 5567 647 5661 2.1.!
676 5570 1191 5661 Ορτιὶ-Ῡιηζρέηξη..
1214 5574 1413 5661 εῘθΓ-ςῐη.
1449 5591 1513 5644 ll,
1553 5579 1636 5646 12,
1672 5581 1758 5634 15,
1868 5581 1914 5614 so
1943 5580 2059 5638 [vsa]

2122 5597 2246 5651 CXL,
2280 5585 2334 5650 5,
2367 5586 2421 5639 4.
2527 5583 2569 5616 ³¹
2594 5582 2639 5640 ll
2668 5583 2798 5642 Cor.
2840 5602 2895 5656 ι,
2928 5587 2983 5655 4,
3015 5586 3069 5641 5.
3183 5585 3228 5619 ”
3261 5585 3306 5643 ll
3344 5585 3471 5643 Cor.
3506 5600 3630 5654 νιιι,
3663 5584 3698 5642 9

535 5636 669 5692 Gen.
716 5655 753 5705 I,
784 5640 876 5695 27.
952 5642 997 5675 ³⁸
1023 5643 1161 5699 Gen.
1209 5659 1267 5708 tt,
1304 5647 1354 5699 7.
1497 5636 1510 5644 ⁷
1623 5636 1634 5646 ’
1999 5636 2006 5638 ⁷
2042 5636 2045 5637 ν
2080 5636 2117 5671 γ’
