  <div class='ocr_page' id='page_1' title='image "/cluster/home/n/w/nwhite01/storage/ocr_20150623/73/hvd.32044073502023/108.png"; bbox 0 0 4040 6214; ppageno 0'>
   <div class='ocr_carea' id='block_1_1' title="bbox 279 253 396 307">
    <p class='ocr_par' dir='ltr' id='par_1_1' title="bbox 279 253 396 307">
     <span class='ocr_line' id='line_1_1' title="bbox 279 253 396 307; baseline -0.009 0"><span class='ocrx_word' id='word_1_1' title='bbox 279 253 396 307; x_wconf 74' lang='grc' dir='ltr'><strong>9.θῦ</strong></span> 
     </span>
    </p>
   </div>
   <div class='ocr_carea' id='block_1_2' title="bbox 1350 207 2504 310">
    <p class='ocr_par' dir='ltr' id='par_1_2' title="bbox 1350 207 2504 310">
     <span class='ocr_line' id='line_1_2' title="bbox 1350 207 2504 310; baseline 0 -5"><span class='ocrx_word' id='word_1_2' title='bbox 1350 250 1415 305; x_wconf 83' lang='lat' dir='ltr'><strong>lN</strong></span> <span class='ocrx_word' id='word_1_3' title='bbox 1458 248 1744 308; x_wconf 75' lang='lat' dir='ltr'><strong>JOAN‘NIS</strong></span> <span class='ocrx_word' id='word_1_4' title='bbox 1777 236 2228 308; x_wconf 75' lang='lat' dir='ltr'><strong>EVANGELIUM</strong></span> <span class='ocrx_word' id='word_1_5' title='bbox 2266 238 2397 310; x_wconf 77' lang='lat' dir='ltr'><strong>Lm.</strong></span> <span class='ocrx_word' id='word_1_6' title='bbox 2439 207 2504 306; x_wconf 80' lang='lat' dir='ltr'><strong>il.</strong></span> 
     </span>
    </p>
   </div>
   <div class='ocr_carea' id='block_1_3' title="bbox 3432 244 3539 306">
    <p class='ocr_par' dir='ltr' id='par_1_3' title="bbox 3432 244 3539 306">
     <span class='ocr_line' id='line_1_3' title="bbox 3432 244 3539 306; baseline 0.028 -4"><span class='ocrx_word' id='word_1_7' title='bbox 3432 244 3539 306; x_wconf 72' lang='lat'><strong>206</strong></span> 
     </span>
    </p>
   </div>
   <div class='ocr_carea' id='block_1_4' title="bbox 279 347 1866 439">
    <p class='ocr_par' dir='ltr' id='par_1_4' title="bbox 279 363 1863 439">
     <span class='ocr_line' id='line_1_4' title="bbox 279 363 1863 439; baseline 0.001 -18"><span class='ocrx_word' id='word_1_8' title='bbox 279 367 345 421; x_wconf 74' lang='grc' dir='ltr'><strong>τδ</strong></span> <span class='ocrx_word' id='word_1_9' title='bbox 388 366 481 420; x_wconf 76' lang='grc' dir='ltr'>ἐπὶ</span> <span class='ocrx_word' id='word_1_10' title='bbox 507 366 611 436; x_wconf 78' lang='grc' dir='ltr'>γῆς</span> <span class='ocrx_word' id='word_1_11' title='bbox 644 363 860 434; x_wconf 81' lang='grc' dir='ltr'>λογικὸν</span> <span class='ocrx_word' id='word_1_12' title='bbox 893 363 1182 436; x_wconf 75' lang='grc' dir='ltr'>ἐξαρτίσας</span> <span class='ocrx_word' id='word_1_13' title='bbox 1220 365 1358 430; x_wconf 75' lang='grc' dir='ltr'>ζῶον</span> <span class='ocrx_word' id='word_1_14' title='bbox 1405 369 1434 420; x_wconf 98' lang='lat'><strong>6</strong></span> <span class='ocrx_word' id='word_1_15' title='bbox 1478 369 1863 439; x_wconf 76' lang='grc' dir='ltr'>ἀριστοτέχνης</span> 
     </span>
    </p>
   </div>
   <div class='ocr_carea' id='block_1_5' title="bbox 1968 347 3539 439">
    <p class='ocr_par' dir='ltr' id='par_1_5' title="bbox 1968 347 3539 435">
     <span class='ocr_line' id='line_1_5' title="bbox 1968 347 3539 435; baseline 0 -16"><span class='ocrx_word' id='word_1_16' title='bbox 1968 367 2153 420; x_wconf 84' lang='lat' dir='ltr'><strong>datum</strong></span> <span class='ocrx_word' id='word_1_17' title='bbox 2180 367 2234 420; x_wconf 84' lang='lat' dir='ltr'><strong>ei</strong></span> <span class='ocrx_word' id='word_1_18' title='bbox 2266 366 2437 422; x_wconf 87' lang='lat' dir='ltr'><strong>dedit.</strong></span> <span class='ocrx_word' id='word_1_19' title='bbox 2466 347 2532 419; x_wconf 79' lang='lat' dir='ltr'><strong>Et</strong></span> <span class='ocrx_word' id='word_1_20' title='bbox 2568 365 2763 420; x_wconf 91' lang='lat' dir='ltr'><strong>eratin</strong></span> <span class='ocrx_word' id='word_1_21' title='bbox 2791 356 3070 435; x_wconf 75' lang='lat' dir='ltr'><strong>paradiso,</strong></span> <span class='ocrx_word' id='word_1_22' title='bbox 3109 361 3249 419; x_wconf 87' lang='lat' dir='ltr'><strong>sicut</strong></span> <span class='ocrx_word' id='word_1_23' title='bbox 3275 363 3539 435; x_wconf 80' lang='lat' dir='ltr'><strong>scriptum</strong></span> 
     </span>
    </p>
   </div>
   <div class='ocr_carea' id='block_1_6' title="bbox 273 443 1867 531">
    <p class='ocr_par' dir='ltr' id='par_1_6' title="bbox 273 443 1867 531">
     <span class='ocr_line' id='line_1_6' title="bbox 273 443 1867 531; baseline 0.001 -19"><span class='ocrx_word' id='word_1_24' title='bbox 273 454 661 527; x_wconf 72' lang='grc' dir='ltr'>Θεὸς,ὲντολὴν</span> <span class='ocrx_word' id='word_1_25' title='bbox 678 443 849 510; x_wconf 74' lang='grc' dir='ltr'>ἐδίδου</span> <span class='ocrx_word' id='word_1_26' title='bbox 865 457 965 530; x_wconf 78' lang='grc' dir='ltr'><strong>τὴν</strong></span> <span class='ocrx_word' id='word_1_27' title='bbox 983 455 1278 522; x_wconf 68' lang='grc' dir='ltr'>σώζουσαν·</span> <span class='ocrx_word' id='word_1_28' title='bbox 1305 448 1397 513; x_wconf 66' lang='grc' dir='ltr'><strong>καὶ</strong></span> <span class='ocrx_word' id='word_1_29' title='bbox 1423 455 1490 531; x_wconf 74' lang='grc' dir='ltr'>ἦν</span> <span class='ocrx_word' id='word_1_30' title='bbox 1508 463 1566 513; x_wconf 79' lang='grc' dir='ltr'><strong>ἐν</strong></span> <span class='ocrx_word' id='word_1_31' title='bbox 1587 459 1662 531; x_wconf 82' lang='grc' dir='ltr'>τῷ</span> <span class='ocrx_word' id='word_1_32' title='bbox 1692 476 1867 530; x_wconf 83' lang='grc' dir='ltr'>παρα-</span> 
     </span>
    </p>
   </div>
   <div class='ocr_carea' id='block_1_7' title="bbox 281 546 1863 623">
    <p class='ocr_par' dir='ltr' id='par_1_7' title="bbox 281 546 1863 623">
     <span class='ocr_line' id='line_1_7' title="bbox 281 546 1863 623; baseline 0 -21"><span class='ocrx_word' id='word_1_33' title='bbox 281 550 468 619; x_wconf 80' lang='grc' dir='ltr'>δείσῳ,</span> <span class='ocrx_word' id='word_1_34' title='bbox 501 546 1003 623; x_wconf 40' lang='grc' dir='ltr'>καθάθγὲγραπται,</span> <span class='ocrx_word' id='word_1_35' title='bbox 1048 548 1422 619; x_wconf 75' lang='grc' dir='ltr'><strong>διαφυλάττων</strong></span> <span class='ocrx_word' id='word_1_36' title='bbox 1469 550 1549 604; x_wconf 77' lang='grc' dir='ltr'>ἔτι</span> <span class='ocrx_word' id='word_1_37' title='bbox 1585 553 1646 605; x_wconf 86' lang='grc' dir='ltr'><strong>τὸ</strong></span> <span class='ocrx_word' id='word_1_38' title='bbox 1690 551 1863 615; x_wconf 79' lang='grc' dir='ltr'>δοθὲν,</span> 
     </span>
    </p>
   </div>
   <div class='ocr_carea' id='block_1_8' title="bbox 283 638 1867 714">
    <p class='ocr_par' dir='ltr' id='par_1_8' title="bbox 283 638 1867 714">
     <span class='ocr_line' id='line_1_8' title="bbox 283 638 1867 714; baseline 0.003 -21"><span class='ocrx_word' id='word_1_39' title='bbox 283 641 384 693; x_wconf 70' lang='grc' dir='ltr'>καὶ</span> <span class='ocrx_word' id='word_1_40' title='bbox 426 642 493 711; x_wconf 76' lang='grc' dir='ltr'>τῇ</span> <span class='ocrx_word' id='word_1_41' title='bbox 539 638 659 710; x_wconf 74' lang='grc' dir='ltr'>θείᾳ</span> <span class='ocrx_word' id='word_1_42' title='bbox 690 638 787 692; x_wconf 82' lang='grc' dir='ltr'><strong>τοῦ</strong></span> <span class='ocrx_word' id='word_1_43' title='bbox 820 640 1183 713; x_wconf 77' lang='grc' dir='ltr'><strong>πεποιηκότος</strong></span> <span class='ocrx_word' id='word_1_44' title='bbox 1225 641 1530 714; x_wconf 78' lang='grc' dir='ltr'>διαπρεπὴς</span> <span class='ocrx_word' id='word_1_45' title='bbox 1577 642 1747 697; x_wconf 81' lang='grc' dir='ltr'>εἰκόνι</span> <span class='ocrx_word' id='word_1_46' title='bbox 1778 643 1867 697; x_wconf 72' lang='grc' dir='ltr'>διὰ</span> 
     </span>
    </p>
   </div>
   <div class='ocr_carea' id='block_1_9' title="bbox 282 731 1865 809">
    <p class='ocr_par' dir='ltr' id='par_1_9' title="bbox 282 731 1865 809">
     <span class='ocr_line' id='line_1_9' title="bbox 282 731 1865 809; baseline 0.004 -24"><span class='ocrx_word' id='word_1_47' title='bbox 282 731 381 786; x_wconf 87' lang='grc' dir='ltr'><strong>τοῦ</strong></span> <span class='ocrx_word' id='word_1_48' title='bbox 410 731 806 795; x_wconf 77' lang='grc' dir='ltr'>ὲνοικισθέντος</span> <span class='ocrx_word' id='word_1_49' title='bbox 842 733 998 801; x_wconf 84' lang='grc' dir='ltr'>ἁγίου</span> <span class='ocrx_word' id='word_1_50' title='bbox 1038 733 1356 805; x_wconf 84' lang='grc' dir='ltr'>Πνεύματος</span> <span class='ocrx_word' id='word_1_51' title='bbox 1382 752 1397 767; x_wconf 77' lang='grc' dir='ltr'><strong>ο</strong></span> <span class='ocrx_word' id='word_1_52' title='bbox 1437 737 1634 809; x_wconf 75' lang='grc' dir='ltr'>’ἐπειδὴ</span> <span class='ocrx_word' id='word_1_53' title='bbox 1659 738 1716 792; x_wconf 87' lang='grc' dir='ltr'><strong>δὲ</strong></span> <span class='ocrx_word' id='word_1_54' title='bbox 1745 740 1865 803; x_wconf 86' lang='grc' dir='ltr'>ταῖς</span> 
     </span>
    </p>
   </div>
   <div class='ocr_carea' id='block_1_10' title="bbox 281 820 1866 900">
    <p class='ocr_par' dir='ltr' id='par_1_10' title="bbox 281 820 1866 900">
     <span class='ocr_line' id='line_1_10' title="bbox 281 820 1866 900; baseline 0.003 -23"><span class='ocrx_word' id='word_1_55' title='bbox 281 823 382 877; x_wconf 81' lang='grc' dir='ltr'><strong>τοῦ</strong></span> <span class='ocrx_word' id='word_1_56' title='bbox 409 820 1217 896; x_wconf 80' lang='grc' dir='ltr'>διαϐόλου’παρατετραμμένος</span> <span class='ocrx_word' id='word_1_57' title='bbox 1265 827 1500 891; x_wconf 77' lang='grc' dir='ltr'><strong>ἀπάταις</strong></span> <span class='ocrx_word' id='word_1_58' title='bbox 1543 828 1866 900; x_wconf 78' lang='grc' dir='ltr'><strong>κατεφρόνει</strong></span> 
     </span>
    </p>
   </div>
   <div class='ocr_carea' id='block_1_11' title="bbox 281 908 1865 991">
    <p class='ocr_par' dir='ltr' id='par_1_11' title="bbox 281 908 1865 991">
     <span class='ocr_line' id='line_1_11' title="bbox 281 908 1865 991; baseline 0.003 -22"><span class='ocrx_word' id='word_1_59' title='bbox 281 914 381 969; x_wconf 69' lang='grc' dir='ltr'><strong>τοῦ</strong></span> <span class='ocrx_word' id='word_1_60' title='bbox 420 917 792 988; x_wconf 83' lang='grc' dir='ltr'>Δημιουργοῦ,</span> <span class='ocrx_word' id='word_1_61' title='bbox 834 915 930 970; x_wconf 72' lang='grc' dir='ltr'><strong>καὶ</strong></span> <span class='ocrx_word' id='word_1_62' title='bbox 964 917 1128 988; x_wconf 86' lang='grc' dir='ltr'>νόμον</span> <span class='ocrx_word' id='word_1_63' title='bbox 1160 908 1256 973; x_wconf 47' lang='grc' dir='ltr'>’τὸν</span> <span class='ocrx_word' id='word_1_64' title='bbox 1295 918 1577 984; x_wconf 75' lang='grc' dir='ltr'>ὁρισθέντα</span> <span class='ocrx_word' id='word_1_65' title='bbox 1616 923 1865 991; x_wconf 78' lang='grc' dir='ltr'>πατήσας</span> 
     </span>
    </p>
   </div>
   <div class='ocr_carea' id='block_1_12' title="bbox 286 1007 1867 1082">
    <p class='ocr_par' dir='ltr' id='par_1_12' title="bbox 286 1007 1867 1082">
     <span class='ocr_line' id='line_1_12' title="bbox 286 1007 1867 1082; baseline 0.003 -23"><span class='ocrx_word' id='word_1_66' title='bbox 286 1007 479 1061; x_wconf 74' lang='grc' dir='ltr'>ἐλύπει</span> <span class='ocrx_word' id='word_1_67' title='bbox 500 1009 594 1062; x_wconf 82' lang='grc' dir='ltr'><strong>τὸν</strong></span> <span class='ocrx_word' id='word_1_68' title='bbox 612 1008 927 1078; x_wconf 79' lang='grc' dir='ltr'><strong>εὐεργέτην,</strong></span> <span class='ocrx_word' id='word_1_69' title='bbox 944 1007 1043 1079; x_wconf 79' lang='grc' dir='ltr'>τὴν</span> <span class='ocrx_word' id='word_1_70' title='bbox 1064 1008 1213 1079; x_wconf 78' lang='grc' dir='ltr'>αὐτῷ</span> <span class='ocrx_word' id='word_1_71' title='bbox 1234 1008 1478 1063; x_wconf 86' lang='grc' dir='ltr'>δοθεῖσαν</span> <span class='ocrx_word' id='word_1_72' title='bbox 1500 1010 1867 1082; x_wconf 77' lang='grc' dir='ltr'>ἀνεπράττετο</span> 
     </span>
    </p>
   </div>
   <div class='ocr_carea' id='block_1_13' title="bbox 288 1095 1865 1172">
    <p class='ocr_par' dir='ltr' id='par_1_13' title="bbox 288 1095 1865 1172">
     <span class='ocr_line' id='line_1_13' title="bbox 288 1095 1865 1172; baseline 0.002 -21"><span class='ocrx_word' id='word_1_73' title='bbox 288 1097 483 1169; x_wconf 78' lang='grc' dir='ltr'>χάρινο</span> <span class='ocrx_word' id='word_1_74' title='bbox 529 1117 549 1149; x_wconf 79' lang='grc' dir='ltr'><strong>ι</strong></span> <span class='ocrx_word' id='word_1_75' title='bbox 573 1097 650 1168; x_wconf 76' lang='grc' dir='ltr'><strong>Γῆ</strong></span> <span class='ocrx_word' id='word_1_76' title='bbox 672 1095 745 1161; x_wconf 80' lang='grc' dir='ltr'><strong>εί,</strong></span> <span class='ocrx_word' id='word_1_77' title='bbox 773 1099 866 1153; x_wconf 78' lang='grc' dir='ltr'><strong>καὶ</strong></span> <span class='ocrx_word' id='word_1_78' title='bbox 889 1100 970 1162; x_wconf 88' lang='grc' dir='ltr'>εἰς</span> <span class='ocrx_word' id='word_1_79' title='bbox 996 1099 1098 1169; x_wconf 84' lang='grc' dir='ltr'>γῆν</span> <span class='ocrx_word' id='word_1_80' title='bbox 1124 1097 1419 1171; x_wconf 80' lang='grc' dir='ltr'>ἀπελεύσῃ,</span> <span class='ocrx_word' id='word_1_81' title='bbox 1450 1118 1468 1151; x_wconf 81' lang='grc' dir='ltr'><strong>ι</strong></span> <span class='ocrx_word' id='word_1_82' title='bbox 1503 1099 1624 1153; x_wconf 81' lang='grc' dir='ltr'>τότε</span> <span class='ocrx_word' id='word_1_83' title='bbox 1650 1102 1865 1172; x_wconf 82' lang='grc' dir='ltr'>πρῶτον</span> 
     </span>
    </p>
   </div>
   <div class='ocr_carea' id='block_1_14' title="bbox 286 1186 1867 1263">
    <p class='ocr_par' dir='ltr' id='par_1_14' title="bbox 286 1186 1867 1263">
     <span class='ocr_line' id='line_1_14' title="bbox 286 1186 1867 1263; baseline 0.003 -21"><span class='ocrx_word' id='word_1_84' title='bbox 286 1188 528 1253; x_wconf 79' lang='grc' dir='ltr'>ἀκούσας</span> <span class='ocrx_word' id='word_1_85' title='bbox 552 1191 581 1243; x_wconf 90' lang='lat'><strong>6</strong></span> <span class='ocrx_word' id='word_1_86' title='bbox 606 1189 844 1258; x_wconf 79' lang='grc' dir='ltr'>γεγονὼς</span> <span class='ocrx_word' id='word_1_87' title='bbox 873 1191 952 1255; x_wconf 87' lang='grc' dir='ltr'><strong>είς</strong></span> <span class='ocrx_word' id='word_1_88' title='bbox 980 1190 1145 1262; x_wconf 78' lang='grc' dir='ltr'>ζωὴν,</span> <span class='ocrx_word' id='word_1_89' title='bbox 1171 1192 1613 1262; x_wconf 86' lang='grc' dir='ltr'>παρεχαράττετο</span> <span class='ocrx_word' id='word_1_90' title='bbox 1641 1186 1743 1263; x_wconf 73' lang='grc' dir='ltr'><strong>ἤδη</strong></span> <span class='ocrx_word' id='word_1_91' title='bbox 1774 1196 1867 1248; x_wconf 72' lang='grc' dir='ltr'><strong>καὶ</strong></span> 
     </span>
    </p>
   </div>
   <div class='ocr_carea' id='block_1_15' title="bbox 286 1277 1867 1357">
    <p class='ocr_par' dir='ltr' id='par_1_15' title="bbox 286 1277 1867 1357">
     <span class='ocr_line' id='line_1_15' title="bbox 286 1277 1867 1357; baseline 0.003 -28"><span class='ocrx_word' id='word_1_92' title='bbox 286 1278 321 1347; x_wconf 74' lang='grc' dir='ltr'><strong>ἡ</strong></span> <span class='ocrx_word' id='word_1_93' title='bbox 356 1277 496 1349; x_wconf 80' lang='grc' dir='ltr'>πρὸς</span> <span class='ocrx_word' id='word_1_94' title='bbox 526 1277 658 1331; x_wconf 78' lang='grc' dir='ltr'>Θεὸν</span> <span class='ocrx_word' id='word_1_95' title='bbox 699 1279 955 1348; x_wconf 79' lang='grc' dir='ltr'><strong>ὁμοίωσις</strong></span> <span class='ocrx_word' id='word_1_96' title='bbox 987 1278 1074 1333; x_wconf 85' lang='grc' dir='ltr'><strong>διά</strong></span> <span class='ocrx_word' id='word_1_97' title='bbox 1115 1281 1213 1351; x_wconf 80' lang='grc' dir='ltr'>τῆς</span> <span class='ocrx_word' id='word_1_98' title='bbox 1248 1280 1656 1352; x_wconf 81' lang='grc' dir='ltr'>ἐπιδραμούσης</span> <span class='ocrx_word' id='word_1_99' title='bbox 1690 1282 1867 1357; x_wconf 86' lang='grc' dir='ltr'>ἀμαρ-</span> 
     </span>
    </p>
   </div>
   <div class='ocr_carea' id='block_1_16' title="bbox 284 1363 1868 1444">
    <p class='ocr_par' dir='ltr' id='par_1_16' title="bbox 284 1363 1868 1444">
     <span class='ocr_line' id='line_1_16' title="bbox 284 1363 1868 1444; baseline 0.004 -24"><span class='ocrx_word' id='word_1_100' title='bbox 284 1367 432 1431; x_wconf 86' lang='grc' dir='ltr'>τίας,</span> <span class='ocrx_word' id='word_1_101' title='bbox 487 1368 584 1421; x_wconf 70' lang='grc' dir='ltr'>καὶ</span> <span class='ocrx_word' id='word_1_102' title='bbox 624 1363 766 1439; x_wconf 79' lang='grc' dir='ltr'>ἦσαν</span> <span class='ocrx_word' id='word_1_103' title='bbox 817 1370 914 1439; x_wconf 82' lang='grc' dir='ltr'><strong>μὲν</strong></span> <span class='ocrx_word' id='word_1_104' title='bbox 963 1369 1146 1423; x_wconf 75' lang='grc' dir='ltr'>οὐκέτι</span> <span class='ocrx_word' id='word_1_105' title='bbox 1194 1371 1379 1425; x_wconf 66' lang='grc' dir='ltr'>λοιπον</span> <span class='ocrx_word' id='word_1_106' title='bbox 1423 1373 1473 1426; x_wconf 79' lang='lat' dir='ltr'><strong>oi</strong></span> <span class='ocrx_word' id='word_1_107' title='bbox 1521 1373 1868 1444; x_wconf 74' lang='grc' dir='ltr'>χαρακτῆρες</span> 
     </span>
    </p>
   </div>
   <div class='ocr_carea' id='block_1_17' title="bbox 285 1459 1867 1535">
    <p class='ocr_par' dir='ltr' id='par_1_17' title="bbox 285 1459 1867 1535">
     <span class='ocr_line' id='line_1_17' title="bbox 285 1459 1867 1535; baseline 0.003 -21"><span class='ocrx_word' id='word_1_108' title='bbox 285 1459 555 1531; x_wconf 64' lang='grc' dir='ltr'>λαμπροὶ,</span> <span class='ocrx_word' id='word_1_109' title='bbox 605 1460 961 1532; x_wconf 77' lang='grc' dir='ltr'>ἀμυδρότεροι</span> <span class='ocrx_word' id='word_1_110' title='bbox 1004 1460 1062 1514; x_wconf 79' lang='grc' dir='ltr'><strong>δέ</strong></span> <span class='ocrx_word' id='word_1_111' title='bbox 1111 1479 1224 1526; x_wconf 80' lang='grc' dir='ltr'><strong>πως</strong></span> <span class='ocrx_word' id='word_1_112' title='bbox 1263 1464 1321 1515; x_wconf 84' lang='grc' dir='ltr'>ὲν</span> <span class='ocrx_word' id='word_1_113' title='bbox 1371 1462 1522 1535; x_wconf 73' lang='grc' dir='ltr'>αὐτῷ</span> <span class='ocrx_word' id='word_1_114' title='bbox 1570 1464 1666 1517; x_wconf 78' lang='grc' dir='ltr'><strong>καὶ</strong></span> <span class='ocrx_word' id='word_1_115' title='bbox 1710 1466 1867 1519; x_wconf 75' lang='grc' dir='ltr'>ἐσκο-</span> 
     </span>
    </p>
   </div>
   <div class='ocr_carea' id='block_1_18' title="bbox 286 1540 1866 1626">
    <p class='ocr_par' dir='ltr' id='par_1_18' title="bbox 286 1540 1866 1626">
     <span class='ocr_line' id='line_1_18' title="bbox 286 1540 1866 1626; baseline 0.003 -22"><span class='ocrx_word' id='word_1_116' title='bbox 286 1551 538 1621; x_wconf 80' lang='grc' dir='ltr'>τισμένοι</span> <span class='ocrx_word' id='word_1_117' title='bbox 577 1550 664 1605; x_wconf 82' lang='grc' dir='ltr'>διὰ</span> <span class='ocrx_word' id='word_1_118' title='bbox 704 1551 802 1623; x_wconf 78' lang='grc' dir='ltr'>τὴν</span> <span class='ocrx_word' id='word_1_119' title='bbox 834 1552 1164 1622; x_wconf 82' lang='grc' dir='ltr'>παράϐασιν.</span> <span class='ocrx_word' id='word_1_120' title='bbox 1206 1540 1422 1625; x_wconf 79' lang='grc' dir='ltr'>Ἐπειδὴ</span> <span class='ocrx_word' id='word_1_121' title='bbox 1456 1546 1513 1607; x_wconf 74' lang='grc' dir='ltr'>δὲ</span> <span class='ocrx_word' id='word_1_122' title='bbox 1551 1557 1631 1619; x_wconf 84' lang='grc' dir='ltr'><strong>εἰς</strong></span> <span class='ocrx_word' id='word_1_123' title='bbox 1658 1555 1866 1626; x_wconf 76' lang='grc' dir='ltr'>πληθὺν</span> 
     </span>
    </p>
   </div>
   <div class='ocr_carea' id='block_1_19' title="bbox 288 1640 1863 1715">
    <p class='ocr_par' dir='ltr' id='par_1_19' title="bbox 288 1640 1863 1715">
     <span class='ocr_line' id='line_1_19' title="bbox 288 1640 1863 1715; baseline 0.003 -21"><span class='ocrx_word' id='word_1_124' title='bbox 288 1641 527 1712; x_wconf 80' lang='grc' dir='ltr'>ἀριθμοῦ</span> <span class='ocrx_word' id='word_1_125' title='bbox 572 1641 854 1712; x_wconf 75' lang='grc' dir='ltr'>κρείττονα</span> <span class='ocrx_word' id='word_1_126' title='bbox 890 1641 951 1694; x_wconf 84' lang='grc' dir='ltr'>τὺ</span> <span class='ocrx_word' id='word_1_127' title='bbox 988 1640 1326 1713; x_wconf 84' lang='grc' dir='ltr'>ἀνθρώπινον</span> <span class='ocrx_word' id='word_1_128' title='bbox 1355 1642 1651 1709; x_wconf 78' lang='grc' dir='ltr'>ὲξετείνετο</span> <span class='ocrx_word' id='word_1_129' title='bbox 1689 1645 1863 1715; x_wconf 84' lang='grc' dir='ltr'>γένος,</span> 
     </span>
    </p>
   </div>
   <div class='ocr_carea' id='block_1_20' title="bbox 290 1732 1867 1809">
    <p class='ocr_par' dir='ltr' id='par_1_20' title="bbox 290 1732 1867 1809">
     <span class='ocr_line' id='line_1_20' title="bbox 290 1732 1867 1809; baseline 0.005 -24"><span class='ocrx_word' id='word_1_130' title='bbox 290 1733 617 1804; x_wconf 74' lang='grc' dir='ltr'>κατεκράτει</span> <span class='ocrx_word' id='word_1_131' title='bbox 660 1732 719 1786; x_wconf 81' lang='grc' dir='ltr'><strong>δὲ</strong></span> <span class='ocrx_word' id='word_1_132' title='bbox 748 1733 962 1787; x_wconf 79' lang='grc' dir='ltr'>πάντων</span> <span class='ocrx_word' id='word_1_133' title='bbox 991 1734 1039 1804; x_wconf 71' lang='grc' dir='ltr'><strong>ἡ</strong></span> <span class='ocrx_word' id='word_1_134' title='bbox 1073 1734 1338 1806; x_wconf 85' lang='grc' dir='ltr'>ἁμαρτία,</span> <span class='ocrx_word' id='word_1_135' title='bbox 1373 1735 1728 1808; x_wconf 81' lang='grc' dir='ltr'><strong>πολυτρόπως</strong></span> <span class='ocrx_word' id='word_1_136' title='bbox 1767 1737 1867 1809; x_wconf 78' lang='grc' dir='ltr'>τὴν</span> 
     </span>
    </p>
   </div>
   <div class='ocr_carea' id='block_1_21' title="bbox 290 1822 1867 1902">
    <p class='ocr_par' dir='ltr' id='par_1_21' title="bbox 290 1822 1867 1902">
     <span class='ocr_line' id='line_1_21' title="bbox 290 1822 1867 1902; baseline 0.005 -25"><span class='ocrx_word' id='word_1_137' title='bbox 290 1825 521 1882; x_wconf 75' lang='grc' dir='ltr'><strong>ἑκάστου</strong></span> <span class='ocrx_word' id='word_1_138' title='bbox 550 1824 843 1896; x_wconf 78' lang='grc' dir='ltr'>ληϊζομένη</span> <span class='ocrx_word' id='word_1_139' title='bbox 868 1822 1068 1897; x_wconf 69' lang='grc' dir='ltr'>ψυχὴν,</span> <span class='ocrx_word' id='word_1_140' title='bbox 1099 1826 1478 1898; x_wconf 82' lang='grc' dir='ltr'>ἀπεγυμνοῦτο</span> <span class='ocrx_word' id='word_1_141' title='bbox 1518 1830 1618 1900; x_wconf 80' lang='grc' dir='ltr'><strong>μὲν</strong></span> <span class='ocrx_word' id='word_1_142' title='bbox 1645 1830 1867 1902; x_wconf 82' lang='grc' dir='ltr'>χάριτος</span> 
     </span>
    </p>
   </div>
   <div class='ocr_carea' id='block_1_22' title="bbox 288 1912 1867 1993">
    <p class='ocr_par' dir='ltr' id='par_1_22' title="bbox 288 1912 1867 1993">
     <span class='ocr_line' id='line_1_22' title="bbox 288 1912 1867 1993; baseline 0.005 -25"><span class='ocrx_word' id='word_1_143' title='bbox 288 1919 391 1988; x_wconf 72' lang='grc' dir='ltr'>τῆς</span> <span class='ocrx_word' id='word_1_144' title='bbox 436 1917 665 1988; x_wconf 79' lang='grc' dir='ltr'>ἀρχαίας</span> <span class='ocrx_word' id='word_1_145' title='bbox 712 1916 747 1986; x_wconf 80' lang='grc' dir='ltr'>ἡ</span> <span class='ocrx_word' id='word_1_146' title='bbox 792 1912 951 1986; x_wconf 78' lang='grc' dir='ltr'>φύσις</span> <span class='ocrx_word' id='word_1_147' title='bbox 976 1933 991 1948; x_wconf 86' lang='grc'><strong>·</strong></span> <span class='ocrx_word' id='word_1_148' title='bbox 1048 1918 1413 1993; x_wconf 69' lang='grc' dir='ltr'>ἀπανίσταται</span> <span class='ocrx_word' id='word_1_149' title='bbox 1451 1918 1510 1973; x_wconf 85' lang='grc' dir='ltr'><strong>δὲ</strong></span> <span class='ocrx_word' id='word_1_150' title='bbox 1549 1921 1610 1975; x_wconf 82' lang='grc' dir='ltr'><strong>τὸ</strong></span> <span class='ocrx_word' id='word_1_151' title='bbox 1642 1921 1867 1993; x_wconf 78' lang='grc' dir='ltr'>Πνεῦμα</span> 
     </span>
    </p>
   </div>
   <div class='ocr_carea' id='block_1_23' title="bbox 291 1992 1868 2083">
    <p class='ocr_par' dir='ltr' id='par_1_23' title="bbox 291 1992 1868 2083">
     <span class='ocr_line' id='line_1_23' title="bbox 291 1992 1868 2083; baseline 0.004 -23"><span class='ocrx_word' id='word_1_152' title='bbox 291 2007 609 2073; x_wconf 72' lang='grc' dir='ltr'>παντελῶς,</span> <span class='ocrx_word' id='word_1_153' title='bbox 658 2008 754 2061; x_wconf 74' lang='grc' dir='ltr'>καὶ</span> <span class='ocrx_word' id='word_1_154' title='bbox 787 2008 976 2062; x_wconf 87' lang='grc' dir='ltr'>πίπτει</span> <span class='ocrx_word' id='word_1_155' title='bbox 1006 2010 1142 2082; x_wconf 80' lang='grc' dir='ltr'>πρὸς</span> <span class='ocrx_word' id='word_1_156' title='bbox 1170 1992 1269 2081; x_wconf 80' lang='grc' dir='ltr'>τὴν</span> <span class='ocrx_word' id='word_1_157' title='bbox 1300 2010 1538 2083; x_wconf 78' lang='grc' dir='ltr'>ἐσχάτην</span> <span class='ocrx_word' id='word_1_158' title='bbox 1577 1992 1802 2082; x_wconf 78' lang='grc' dir='ltr'>ἀλογίαν</span> <span class='ocrx_word' id='word_1_159' title='bbox 1838 2016 1868 2069; x_wconf 92' lang='lat'><strong>6</strong></span> 
     </span>
    </p>
   </div>
   <div class='ocr_carea' id='block_1_24' title="bbox 288 2098 1868 2173">
    <p class='ocr_par' dir='ltr' id='par_1_24' title="bbox 288 2098 1868 2173">
     <span class='ocr_line' id='line_1_24' title="bbox 288 2098 1868 2173; baseline 0.006 -22"><span class='ocrx_word' id='word_1_160' title='bbox 288 2098 525 2167; x_wconf 77' lang='grc' dir='ltr'>λογικὸς,</span> <span class='ocrx_word' id='word_1_161' title='bbox 576 2099 670 2152; x_wconf 82' lang='grc' dir='ltr'>καὶ</span> <span class='ocrx_word' id='word_1_162' title='bbox 700 2099 865 2154; x_wconf 79' lang='grc' dir='ltr'>αὐτὸν</span> <span class='ocrx_word' id='word_1_163' title='bbox 909 2101 1184 2173; x_wconf 80' lang='grc' dir='ltr'>ἀγνοήσας</span> <span class='ocrx_word' id='word_1_164' title='bbox 1220 2100 1312 2155; x_wconf 80' lang='grc' dir='ltr'><strong>τὸν</strong></span> <span class='ocrx_word' id='word_1_165' title='bbox 1345 2100 1623 2159; x_wconf 78' lang='grc' dir='ltr'>κτίσαντα.</span> <span class='ocrx_word' id='word_1_166' title='bbox 1671 2103 1812 2157; x_wconf 81' lang='grc' dir='ltr'>Ἀλλ’</span> <span class='ocrx_word' id='word_1_167' title='bbox 1839 2107 1868 2160; x_wconf 93' lang='lat'><strong>6</strong></span> 
     </span>
    </p>
   </div>
   <div class='ocr_carea' id='block_1_25' title="bbox 290 2190 1864 2266">
    <p class='ocr_par' dir='ltr' id='par_1_25' title="bbox 290 2190 1864 2266">
     <span class='ocr_line' id='line_1_25' title="bbox 290 2190 1864 2266; baseline 0.004 -23"><span class='ocrx_word' id='word_1_168' title='bbox 290 2190 509 2244; x_wconf 75' lang='grc' dir='ltr'>πάντων</span> <span class='ocrx_word' id='word_1_169' title='bbox 532 2190 876 2264; x_wconf 75' lang='grc' dir='ltr'>Δημιουργδς</span> <span class='ocrx_word' id='word_1_170' title='bbox 905 2193 1150 2264; x_wconf 80' lang='grc' dir='ltr'>μακροὺς</span> <span class='ocrx_word' id='word_1_171' title='bbox 1192 2192 1590 2265; x_wconf 82' lang='grc' dir='ltr'>ἀνεξικακήσας</span> <span class='ocrx_word' id='word_1_172' title='bbox 1616 2193 1864 2266; x_wconf 82' lang='grc' dir='ltr'>χρόνους,</span> 
     </span>
    </p>
   </div>
   <div class='ocr_carea' id='block_1_26' title="bbox 290 2281 1867 2358">
    <p class='ocr_par' dir='ltr' id='par_1_26' title="bbox 290 2281 1867 2358">
     <span class='ocr_line' id='line_1_26' title="bbox 290 2281 1867 2358; baseline 0.004 -25"><span class='ocrx_word' id='word_1_173' title='bbox 290 2281 431 2336; x_wconf 79' lang='grc' dir='ltr'>ἐλεεῖ</span> <span class='ocrx_word' id='word_1_174' title='bbox 455 2281 642 2335; x_wconf 77' lang='grc' dir='ltr'>λοιπὸν</span> <span class='ocrx_word' id='word_1_175' title='bbox 675 2282 1132 2355; x_wconf 78' lang='grc' dir='ltr'>κατεφθαρμένην</span> <span class='ocrx_word' id='word_1_176' title='bbox 1161 2283 1258 2355; x_wconf 77' lang='grc' dir='ltr'><strong>τὴν</strong></span> <span class='ocrx_word' id='word_1_177' title='bbox 1287 2284 1630 2357; x_wconf 77' lang='grc' dir='ltr'>οἰκουμένην,</span> <span class='ocrx_word' id='word_1_178' title='bbox 1655 2288 1749 2340; x_wconf 73' lang='grc' dir='ltr'><strong>καὶ</strong></span> <span class='ocrx_word' id='word_1_179' title='bbox 1766 2287 1867 2358; x_wconf 76' lang='grc' dir='ltr'>τὴν</span> 
     </span>
    </p>
   </div>
   <div class='ocr_carea' id='block_1_27' title="bbox 291 2373 1868 2447">
    <p class='ocr_par' dir='ltr' id='par_1_27' title="bbox 291 2373 1868 2447">
     <span class='ocr_line' id='line_1_27' title="bbox 291 2373 1868 2447; baseline 0.003 -21"><span class='ocrx_word' id='word_1_180' title='bbox 291 2373 390 2443; x_wconf 76' lang='grc' dir='ltr'>μὶν</span> <span class='ocrx_word' id='word_1_181' title='bbox 419 2373 866 2445; x_wconf 79' lang='grc' dir='ltr'>δραπετεύσασαν</span> <span class='ocrx_word' id='word_1_182' title='bbox 915 2374 1010 2429; x_wconf 70' lang='grc' dir='ltr'><strong>ἐπὶ</strong></span> <span class='ocrx_word' id='word_1_183' title='bbox 1044 2374 1143 2446; x_wconf 83' lang='grc' dir='ltr'><strong>τῆς</strong></span> <span class='ocrx_word' id='word_1_184' title='bbox 1188 2375 1292 2447; x_wconf 84' lang='grc' dir='ltr'>γῆς</span> <span class='ocrx_word' id='word_1_185' title='bbox 1333 2375 1537 2447; x_wconf 77' lang='grc' dir='ltr'>ἀγέλην</span> <span class='ocrx_word' id='word_1_186' title='bbox 1584 2378 1707 2440; x_wconf 86' lang='grc' dir='ltr'>ταῖς</span> <span class='ocrx_word' id='word_1_187' title='bbox 1755 2378 1868 2433; x_wconf 83' lang='grc' dir='ltr'>ἄνω</span> 
     </span>
    </p>
   </div>
   <div class='ocr_carea' id='block_1_28' title="bbox 289 2464 1869 2539">
    <p class='ocr_par' dir='ltr' id='par_1_28' title="bbox 289 2464 1869 2539">
     <span class='ocr_line' id='line_1_28' title="bbox 289 2464 1869 2539; baseline 0.003 -21"><span class='ocrx_word' id='word_1_188' title='bbox 289 2464 582 2521; x_wconf 80' lang='grc' dir='ltr'>συνάπτειν</span> <span class='ocrx_word' id='word_1_189' title='bbox 614 2465 820 2536; x_wconf 73' lang='grc' dir='ltr'>ἀγαθὸς</span> <span class='ocrx_word' id='word_1_190' title='bbox 850 2464 927 2520; x_wconf 80' lang='grc' dir='ltr'>ὣν</span> <span class='ocrx_word' id='word_1_191' title='bbox 964 2467 1229 2537; x_wconf 71' lang='grc' dir='ltr'>ἠπείγετο</span> <span class='ocrx_word' id='word_1_192' title='bbox 1252 2484 1267 2498; x_wconf 68' lang='grc' dir='ltr'>θ</span> <span class='ocrx_word' id='word_1_193' title='bbox 1323 2467 1762 2539; x_wconf 85' lang='grc' dir='ltr'>μεταστοιχειοῦν</span> <span class='ocrx_word' id='word_1_194' title='bbox 1810 2468 1869 2523; x_wconf 80' lang='grc' dir='ltr'>δὲ</span> 
     </span>
    </p>
   </div>
   <div class='ocr_carea' id='block_1_29' title="bbox 287 2557 1868 2632">
    <p class='ocr_par' dir='ltr' id='par_1_29' title="bbox 287 2557 1868 2632">
     <span class='ocr_line' id='line_1_29' title="bbox 287 2557 1868 2632; baseline 0.004 -23"><span class='ocrx_word' id='word_1_195' title='bbox 287 2557 449 2614; x_wconf 76' lang='grc' dir='ltr'>πάλιν</span> <span class='ocrx_word' id='word_1_196' title='bbox 475 2559 558 2622; x_wconf 88' lang='grc' dir='ltr'><strong>είς</strong></span> <span class='ocrx_word' id='word_1_197' title='bbox 588 2558 690 2630; x_wconf 76' lang='grc' dir='ltr'><strong>τὴν</strong></span> <span class='ocrx_word' id='word_1_198' title='bbox 727 2558 961 2630; x_wconf 77' lang='grc' dir='ltr'>ἀρχαίαν</span> <span class='ocrx_word' id='word_1_199' title='bbox 1000 2560 1186 2614; x_wconf 73' lang='grc' dir='ltr'>εἰκόνα</span> <span class='ocrx_word' id='word_1_200' title='bbox 1216 2558 1313 2632; x_wconf 81' lang='grc' dir='ltr'><strong>τὴν</strong></span> <span class='ocrx_word' id='word_1_201' title='bbox 1343 2560 1739 2632; x_wconf 84' lang='grc' dir='ltr'>ἀνθρωπὸτητα</span> <span class='ocrx_word' id='word_1_202' title='bbox 1779 2559 1868 2616; x_wconf 81' lang='grc' dir='ltr'><strong>διά</strong></span> 
     </span>
    </p>
   </div>
   <div class='ocr_carea' id='block_1_30' title="bbox 287 2644 1868 2724">
    <p class='ocr_par' dir='ltr' id='par_1_30' title="bbox 287 2644 1868 2724">
     <span class='ocr_line' id='line_1_30' title="bbox 287 2644 1868 2724; baseline 0.003 -22"><span class='ocrx_word' id='word_1_203' title='bbox 287 2648 380 2702; x_wconf 83' lang='grc' dir='ltr'><strong>τοῦ</strong></span> <span class='ocrx_word' id='word_1_204' title='bbox 408 2648 728 2720; x_wconf 72' lang='grc' dir='ltr'>Πνεῦματος</span> <span class='ocrx_word' id='word_1_205' title='bbox 754 2644 1094 2722; x_wconf 73' lang='grc' dir='ltr'>ἐδοκίμαζεν.</span> <span class='ocrx_word' id='word_1_206' title='bbox 1121 2645 1232 2704; x_wconf 86' lang='grc' dir='ltr'>Ἦν</span> <span class='ocrx_word' id='word_1_207' title='bbox 1257 2650 1366 2722; x_wconf 83' lang='grc' dir='ltr'>γὰρ</span> <span class='ocrx_word' id='word_1_208' title='bbox 1395 2653 1494 2722; x_wconf 82' lang='grc' dir='ltr'>οὐχ</span> <span class='ocrx_word' id='word_1_209' title='bbox 1517 2652 1721 2724; x_wconf 76' lang='grc' dir='ltr'>ἑτέρως</span> <span class='ocrx_word' id='word_1_210' title='bbox 1740 2651 1868 2715; x_wconf 79' lang='grc' dir='ltr'>τοὺς</span> 
     </span>
    </p>
   </div>
   <div class='ocr_carea' id='block_1_31' title="bbox 288 2736 1867 2813">
    <p class='ocr_par' dir='ltr' id='par_1_31' title="bbox 288 2736 1867 2813">
     <span class='ocr_line' id='line_1_31' title="bbox 288 2736 1867 2813; baseline 0.004 -22"><span class='ocrx_word' id='word_1_211' title='bbox 288 2736 470 2803; x_wconf 78' lang='grc' dir='ltr'>θείους</span> <span class='ocrx_word' id='word_1_212' title='bbox 495 2738 813 2810; x_wconf 72' lang='grc' dir='ltr'>ἀναλάμψαι</span> <span class='ocrx_word' id='word_1_213' title='bbox 845 2738 1200 2812; x_wconf 81' lang='grc' dir='ltr'>χαρακτῆρας</span> <span class='ocrx_word' id='word_1_214' title='bbox 1227 2742 1285 2797; x_wconf 80' lang='grc' dir='ltr'>ὲν</span> <span class='ocrx_word' id='word_1_215' title='bbox 1318 2742 1479 2813; x_wconf 77' lang='grc' dir='ltr'>αὐτῇ,</span> <span class='ocrx_word' id='word_1_216' title='bbox 1503 2741 1756 2813; x_wconf 83' lang='grc' dir='ltr'>καθάπερ</span> <span class='ocrx_word' id='word_1_217' title='bbox 1773 2736 1867 2797; x_wconf 85' lang='grc' dir='ltr'><strong>οῦν</strong></span> 
     </span>
    </p>
   </div>
   <div class='ocr_carea' id='block_1_32' title="bbox 284 2825 1867 2906">
    <p class='ocr_par' dir='ltr' id='par_1_32' title="bbox 284 2825 1867 2906">
     <span class='ocr_line' id='line_1_32' title="bbox 284 2825 1867 2906; baseline 0.003 -22"><span class='ocrx_word' id='word_1_218' title='bbox 284 2825 429 2901; x_wconf 73' lang='grc' dir='ltr'>ἦσαν</span> <span class='ocrx_word' id='word_1_219' title='bbox 457 2831 556 2885; x_wconf 73' lang='grc' dir='ltr'>καὶ</span> <span class='ocrx_word' id='word_1_220' title='bbox 584 2831 872 2902; x_wconf 84' lang='grc' dir='ltr'>πρότερον.</span> <span class='ocrx_word' id='word_1_221' title='bbox 909 2830 975 2885; x_wconf 89' lang='grc' dir='ltr'>Τί</span> <span class='ocrx_word' id='word_1_222' title='bbox 1005 2825 1098 2886; x_wconf 84' lang='grc' dir='ltr'><strong>οῦν</strong></span> <span class='ocrx_word' id='word_1_223' title='bbox 1126 2832 1234 2904; x_wconf 80' lang='grc' dir='ltr'>ἄρα</span> <span class='ocrx_word' id='word_1_224' title='bbox 1263 2832 1401 2906; x_wconf 78' lang='grc' dir='ltr'>πρὸς</span> <span class='ocrx_word' id='word_1_225' title='bbox 1429 2836 1589 2887; x_wconf 78' lang='grc' dir='ltr'>τοῦτο</span> <span class='ocrx_word' id='word_1_226' title='bbox 1618 2833 1867 2905; x_wconf 82' lang='grc' dir='ltr'>μηχανᾶ-</span> 
     </span>
    </p>
   </div>
   <div class='ocr_carea' id='block_1_33' title="bbox 283 2920 1866 2999">
    <p class='ocr_par' dir='ltr' id='par_1_33' title="bbox 283 2920 1866 2999">
     <span class='ocr_line' id='line_1_33' title="bbox 283 2920 1866 2999; baseline 0.003 -24"><span class='ocrx_word' id='word_1_227' title='bbox 283 2938 402 2987; x_wconf 85' lang='grc' dir='ltr'>ται,</span> <span class='ocrx_word' id='word_1_228' title='bbox 450 2922 571 2986; x_wconf 82' lang='grc' dir='ltr'>πῶς</span> <span class='ocrx_word' id='word_1_229' title='bbox 600 2922 657 2976; x_wconf 81' lang='grc' dir='ltr'>δὲ</span> <span class='ocrx_word' id='word_1_230' title='bbox 684 2923 884 2979; x_wconf 77' lang='grc' dir='ltr'>ἄσυλον</span> <span class='ocrx_word' id='word_1_231' title='bbox 931 2924 990 2977; x_wconf 73' lang='grc' dir='ltr'>ὲν</span> <span class='ocrx_word' id='word_1_232' title='bbox 1026 2924 1158 2996; x_wconf 75' lang='grc' dir='ltr'>ἡμῖν</span> <span class='ocrx_word' id='word_1_233' title='bbox 1186 2920 1451 2995; x_wconf 75' lang='grc' dir='ltr'>ἐφύτευσε</span> <span class='ocrx_word' id='word_1_234' title='bbox 1485 2924 1584 2996; x_wconf 78' lang='grc' dir='ltr'>τὴν</span> <span class='ocrx_word' id='word_1_235' title='bbox 1615 2925 1795 2998; x_wconf 84' lang='grc' dir='ltr'>χάριν,</span> <span class='ocrx_word' id='word_1_236' title='bbox 1829 2925 1866 2999; x_wconf 71' lang='grc' dir='ltr'>ἢ</span> 
     </span>
    </p>
   </div>
   <div class='ocr_carea' id='block_1_34' title="bbox 282 3013 1868 3093">
    <p class='ocr_par' dir='ltr' id='par_1_34' title="bbox 282 3013 1868 3093">
     <span class='ocr_line' id='line_1_34' title="bbox 282 3013 1868 3093; baseline 0.006 -27"><span class='ocrx_word' id='word_1_237' title='bbox 282 3014 415 3079; x_wconf 77' lang='grc' dir='ltr'>πῶς</span> <span class='ocrx_word' id='word_1_238' title='bbox 442 3013 709 3087; x_wconf 58' lang='lat' dir='ltr'><strong>spei;qu</strong></span> <span class='ocrx_word' id='word_1_239' title='bbox 739 3016 902 3072; x_wconf 84' lang='grc' dir='ltr'>πάλιν</span> <span class='ocrx_word' id='word_1_240' title='bbox 939 3018 1007 3093; x_wconf 23' lang='grc' dir='ltr'>γὲν</span> <span class='ocrx_word' id='word_1_241' title='bbox 1039 3014 1351 3089; x_wconf 85' lang='grc' dir='ltr'>ἀνθρώποις</span> <span class='ocrx_word' id='word_1_242' title='bbox 1374 3018 1436 3073; x_wconf 83' lang='grc' dir='ltr'>τὸ</span> <span class='ocrx_word' id='word_1_243' title='bbox 1467 3018 1718 3090; x_wconf 82' lang='grc' dir='ltr'>Πνεῦμα,</span> <span class='ocrx_word' id='word_1_244' title='bbox 1746 3019 1868 3075; x_wconf 87' lang='grc' dir='ltr'>τίνα</span> 
     </span>
    </p>
   </div>
   <div class='ocr_carea' id='block_1_35' title="bbox 280 3104 1865 3183">
    <p class='ocr_par' dir='ltr' id='par_1_35' title="bbox 280 3104 1865 3183">
     <span class='ocr_line' id='line_1_35' title="bbox 280 3104 1865 3183; baseline 0.004 -24"><span class='ocrx_word' id='word_1_245' title='bbox 280 3104 346 3159; x_wconf 70' lang='grc' dir='ltr'>δὲ</span> <span class='ocrx_word' id='word_1_246' title='bbox 379 3105 585 3176; x_wconf 79' lang='grc' dir='ltr'>τρόπον</span> <span class='ocrx_word' id='word_1_247' title='bbox 628 3108 661 3179; x_wconf 75' lang='grc' dir='ltr'><strong>ἡ</strong></span> <span class='ocrx_word' id='word_1_248' title='bbox 709 3108 872 3177; x_wconf 77' lang='grc' dir='ltr'>φύσις</span> <span class='ocrx_word' id='word_1_249' title='bbox 921 3108 1286 3183; x_wconf 85' lang='grc' dir='ltr'>ἀνεμορφώθη</span> <span class='ocrx_word' id='word_1_250' title='bbox 1333 3110 1469 3181; x_wconf 84' lang='grc' dir='ltr'>πρὸς</span> <span class='ocrx_word' id='word_1_251' title='bbox 1517 3109 1580 3164; x_wconf 79' lang='grc' dir='ltr'>τὸ</span> <span class='ocrx_word' id='word_1_252' title='bbox 1618 3111 1865 3183; x_wconf 83' lang='grc' dir='ltr'>ἀρχαῖον,</span> 
     </span>
    </p>
   </div>
   <div class='ocr_carea' id='block_1_36' title="bbox 284 3197 1868 3272">
    <p class='ocr_par' dir='ltr' id='par_1_36' title="bbox 284 3197 1868 3272">
     <span class='ocr_line' id='line_1_36' title="bbox 284 3197 1868 3272; baseline 0.002 -21"><span class='ocrx_word' id='word_1_253' title='bbox 284 3197 583 3253; x_wconf 81' lang='grc' dir='ltr'>ἀκόλουθον</span> <span class='ocrx_word' id='word_1_254' title='bbox 628 3200 823 3254; x_wconf 86' lang='grc' dir='ltr'>είπεῖν.</span> <span class='ocrx_word' id='word_1_255' title='bbox 871 3198 933 3255; x_wconf 90' lang='lat'><strong>&#39;0</strong></span> <span class='ocrx_word' id='word_1_256' title='bbox 985 3199 1203 3271; x_wconf 85' lang='grc' dir='ltr'>πρῶτος</span> <span class='ocrx_word' id='word_1_257' title='bbox 1245 3200 1550 3272; x_wconf 75' lang='grc' dir='ltr'>ἄνθρωπος,</span> <span class='ocrx_word' id='word_1_258' title='bbox 1596 3200 1780 3272; x_wconf 79' lang='grc' dir='ltr'>χοϊκός</span> <span class='ocrx_word' id='word_1_259' title='bbox 1807 3218 1868 3255; x_wconf 88' lang='grc' dir='ltr'><strong>τε</strong></span> 
     </span>
    </p>
   </div>
   <div class='ocr_carea' id='block_1_37' title="bbox 285 3285 1869 3362">
    <p class='ocr_par' dir='ltr' id='par_1_37' title="bbox 285 3285 1869 3362">
     <span class='ocr_line' id='line_1_37' title="bbox 285 3285 1869 3362; baseline 0.003 -24"><span class='ocrx_word' id='word_1_260' title='bbox 285 3285 549 3357; x_wconf 80' lang='grc' dir='ltr'>ὑπάρχων</span> <span class='ocrx_word' id='word_1_261' title='bbox 576 3287 672 3341; x_wconf 74' lang='grc' dir='ltr'>καὶ</span> <span class='ocrx_word' id='word_1_262' title='bbox 695 3287 805 3341; x_wconf 79' lang='grc' dir='ltr'><strong>ἀπὸ</strong></span> <span class='ocrx_word' id='word_1_263' title='bbox 827 3286 926 3359; x_wconf 83' lang='grc' dir='ltr'>τῆς</span> <span class='ocrx_word' id='word_1_264' title='bbox 951 3286 1076 3358; x_wconf 80' lang='grc' dir='ltr'>γῆς,</span> <span class='ocrx_word' id='word_1_265' title='bbox 1107 3288 1201 3342; x_wconf 72' lang='grc' dir='ltr'><strong>καὶ</strong></span> <span class='ocrx_word' id='word_1_266' title='bbox 1228 3288 1285 3342; x_wconf 80' lang='grc' dir='ltr'>ἐν</span> <span class='ocrx_word' id='word_1_267' title='bbox 1314 3288 1419 3360; x_wconf 84' lang='grc' dir='ltr'>ίδίᾳ</span> <span class='ocrx_word' id='word_1_268' title='bbox 1450 3289 1710 3362; x_wconf 77' lang='grc' dir='ltr'>κειμένην</span> <span class='ocrx_word' id='word_1_269' title='bbox 1729 3289 1869 3361; x_wconf 75' lang='grc' dir='ltr'>ἔχων</span> 
     </span>
    </p>
   </div>
   <div class='ocr_carea' id='block_1_38' title="bbox 282 3374 1865 3455">
    <p class='ocr_par' dir='ltr' id='par_1_38' title="bbox 282 3374 1865 3455">
     <span class='ocr_line' id='line_1_38' title="bbox 282 3374 1865 3455; baseline 0.004 -29"><span class='ocrx_word' id='word_1_270' title='bbox 282 3374 664 3455; x_wconf 39' lang='grc' dir='ltr'>ἐξουσίᾳητοῦ</span> <span class='ocrx_word' id='word_1_271' title='bbox 700 3393 761 3430; x_wconf 90' lang='grc' dir='ltr'><strong>τε</strong></span> <span class='ocrx_word' id='word_1_272' title='bbox 795 3376 1000 3445; x_wconf 77' lang='grc' dir='ltr'>ἀγαθοῦ</span> <span class='ocrx_word' id='word_1_273' title='bbox 1032 3376 1244 3432; x_wconf 77' lang='grc' dir='ltr'>καὶτοῦ</span> <span class='ocrx_word' id='word_1_274' title='bbox 1272 3377 1477 3449; x_wconf 78' lang='grc' dir='ltr'>φαύλου</span> <span class='ocrx_word' id='word_1_275' title='bbox 1509 3378 1609 3452; x_wconf 82' lang='grc' dir='ltr'>τὴν</span> <span class='ocrx_word' id='word_1_276' title='bbox 1636 3379 1865 3452; x_wconf 77' lang='grc' dir='ltr'>αἵρεσιν,</span> 
     </span>
    </p>
   </div>
   <div class='ocr_carea' id='block_1_39' title="bbox 287 3468 1870 3546">
    <p class='ocr_par' dir='ltr' id='par_1_39' title="bbox 287 3468 1870 3546">
     <span class='ocr_line' id='line_1_39' title="bbox 287 3468 1870 3546; baseline -0.011 -8"><span class='ocrx_word' id='word_1_277' title='bbox 287 3468 466 3537; x_wconf 63' lang='grc' dir='ltr'><strong>ῥοπῆς</strong></span> <span class='ocrx_word' id='word_1_278' title='bbox 507 3484 576 3536; x_wconf 86' lang='grc' dir='ltr'><strong>γε</strong></span> <span class='ocrx_word' id='word_1_279' title='bbox 614 3468 716 3541; x_wconf 85' lang='grc' dir='ltr'><strong>τῆς</strong></span> <span class='ocrx_word' id='word_1_280' title='bbox 757 3470 844 3523; x_wconf 68' lang='grc' dir='ltr'><strong>ἐπ’</strong></span> <span class='ocrx_word' id='word_1_281' title='bbox 872 3470 1039 3541; x_wconf 83' lang='grc' dir='ltr'>ἄμφω</span> <span class='ocrx_word' id='word_1_282' title='bbox 1077 3470 1267 3543; x_wconf 77' lang='grc' dir='ltr'>κύριος</span> <span class='ocrx_word' id='word_1_283' title='bbox 1314 3471 1412 3538; x_wconf 87' lang='grc' dir='ltr'>ὣν,</span> <span class='ocrx_word' id='word_1_284' title='bbox 1457 3472 1643 3545; x_wconf 86' lang='grc' dir='ltr'>πικρῷ</span> <span class='ocrx_word' id='word_1_285' title='bbox 1672 3475 1870 3546; x_wconf 72' lang='grc' dir='ltr'>συνηρ-</span> 
     </span>
    </p>
   </div>
   <div class='ocr_carea' id='block_1_40' title="bbox 281 3557 1867 3635">
    <p class='ocr_par' dir='ltr' id='par_1_40' title="bbox 281 3557 1867 3635">
     <span class='ocr_line' id='line_1_40' title="bbox 281 3557 1867 3635; baseline 0.004 -24"><span class='ocrx_word' id='word_1_286' title='bbox 281 3558 474 3628; x_wconf 80' lang='grc' dir='ltr'>πάσθη</span> <span class='ocrx_word' id='word_1_287' title='bbox 503 3557 664 3629; x_wconf 79' lang='grc' dir='ltr'>δόλῳ,</span> <span class='ocrx_word' id='word_1_288' title='bbox 700 3559 796 3612; x_wconf 80' lang='grc' dir='ltr'>καὶ</span> <span class='ocrx_word' id='word_1_289' title='bbox 826 3559 1128 3624; x_wconf 83' lang='grc' dir='ltr'>ἀποκλίνας</span> <span class='ocrx_word' id='word_1_290' title='bbox 1173 3562 1255 3626; x_wconf 85' lang='grc' dir='ltr'><strong>είς</strong></span> <span class='ocrx_word' id='word_1_291' title='bbox 1303 3563 1623 3635; x_wconf 69' lang='grc' dir='ltr'>παρακοὴ-θ,</span> <span class='ocrx_word' id='word_1_292' title='bbox 1679 3562 1867 3617; x_wconf 84' lang='grc' dir='ltr'>πίπτει</span> 
     </span>
    </p>
   </div>
   <div class='ocr_carea' id='block_1_41' title="bbox 284 3649 1867 3727">
    <p class='ocr_par' dir='ltr' id='par_1_41' title="bbox 284 3649 1867 3727">
     <span class='ocr_line' id='line_1_41' title="bbox 284 3649 1867 3727; baseline 0.003 -23"><span class='ocrx_word' id='word_1_293' title='bbox 284 3650 389 3720; x_wconf 76' lang='grc' dir='ltr'><strong>μὲν</strong></span> <span class='ocrx_word' id='word_1_294' title='bbox 415 3650 499 3713; x_wconf 74' lang='grc' dir='ltr'><strong>είς</strong></span> <span class='ocrx_word' id='word_1_295' title='bbox 528 3650 633 3720; x_wconf 76' lang='grc' dir='ltr'><strong>τὴν</strong></span> <span class='ocrx_word' id='word_1_296' title='bbox 660 3649 782 3704; x_wconf 83' lang='grc' dir='ltr'>ὅθεν</span> <span class='ocrx_word' id='word_1_297' title='bbox 831 3651 994 3721; x_wconf 74' lang='grc' dir='ltr'>ἐξέφυ</span> <span class='ocrx_word' id='word_1_298' title='bbox 1028 3652 1241 3724; x_wconf 81' lang='grc' dir='ltr'>μητέρα</span> <span class='ocrx_word' id='word_1_299' title='bbox 1288 3654 1387 3725; x_wconf 81' lang='grc' dir='ltr'><strong>τὴν</strong></span> <span class='ocrx_word' id='word_1_300' title='bbox 1432 3654 1557 3726; x_wconf 86' lang='grc' dir='ltr'>γῆν,</span> <span class='ocrx_word' id='word_1_301' title='bbox 1608 3653 1784 3727; x_wconf 85' lang='grc' dir='ltr'>φθορᾷ</span> <span class='ocrx_word' id='word_1_302' title='bbox 1810 3650 1867 3709; x_wconf 83' lang='grc' dir='ltr'>δὲ</span> 
     </span>
    </p>
   </div>
   <div class='ocr_carea' id='block_1_42' title="bbox 280 3740 1868 3819">
    <p class='ocr_par' dir='ltr' id='par_1_42' title="bbox 280 3740 1868 3819">
     <span class='ocr_line' id='line_1_42' title="bbox 280 3740 1868 3819; baseline 0.002 -24"><span class='ocrx_word' id='word_1_303' title='bbox 280 3741 413 3811; x_wconf 68' lang='grc' dir='ltr'>ἤδη,</span> <span class='ocrx_word' id='word_1_304' title='bbox 440 3741 539 3795; x_wconf 74' lang='grc' dir='ltr'>καὶ</span> <span class='ocrx_word' id='word_1_305' title='bbox 577 3740 796 3813; x_wconf 86' lang='grc' dir='ltr'>θανάτῳ</span> <span class='ocrx_word' id='word_1_306' title='bbox 824 3743 1212 3815; x_wconf 79' lang='grc' dir='ltr'>κρατούμενος,</span> <span class='ocrx_word' id='word_1_307' title='bbox 1254 3743 1362 3815; x_wconf 82' lang='grc' dir='ltr'>ὅλῳ</span> <span class='ocrx_word' id='word_1_308' title='bbox 1400 3745 1763 3819; x_wconf 84' lang='grc' dir='ltr'>παραπέμπει</span> <span class='ocrx_word' id='word_1_309' title='bbox 1788 3746 1868 3817; x_wconf 84' lang='grc' dir='ltr'>τῷ</span> 
     </span>
    </p>
   </div>
   <div class='ocr_carea' id='block_1_43' title="bbox 282 3833 1867 3907">
    <p class='ocr_par' dir='ltr' id='par_1_43' title="bbox 282 3833 1867 3907">
     <span class='ocr_line' id='line_1_43' title="bbox 282 3833 1867 3907; baseline 0 -19"><span class='ocrx_word' id='word_1_310' title='bbox 282 3835 437 3903; x_wconf 84' lang='grc' dir='ltr'>γένει</span> <span class='ocrx_word' id='word_1_311' title='bbox 467 3834 567 3907; x_wconf 80' lang='grc' dir='ltr'>τὴν</span> <span class='ocrx_word' id='word_1_312' title='bbox 601 3835 825 3907; x_wconf 79' lang='grc' dir='ltr'>ζημίαν.</span> <span class='ocrx_word' id='word_1_313' title='bbox 856 3833 1153 3907; x_wconf 81' lang='grc' dir='ltr'>αὐξομένου</span> <span class='ocrx_word' id='word_1_314' title='bbox 1177 3834 1233 3888; x_wconf 84' lang='grc' dir='ltr'>δὲ</span> <span class='ocrx_word' id='word_1_315' title='bbox 1257 3836 1318 3889; x_wconf 83' lang='grc' dir='ltr'>ὲν</span> <span class='ocrx_word' id='word_1_316' title='bbox 1353 3836 1504 3907; x_wconf 80' lang='grc' dir='ltr'>ἡμῖν,</span> <span class='ocrx_word' id='word_1_317' title='bbox 1539 3837 1635 3890; x_wconf 70' lang='grc' dir='ltr'><strong>καὶ</strong></span> <span class='ocrx_word' id='word_1_318' title='bbox 1659 3833 1867 3907; x_wconf 83' lang='grc' dir='ltr'>πληθύ-</span> 
     </span>
    </p>
   </div>
   <div class='ocr_carea' id='block_1_44' title="bbox 282 3925 1865 3998">
    <p class='ocr_par' dir='ltr' id='par_1_44' title="bbox 282 3925 1865 3998">
     <span class='ocr_line' id='line_1_44' title="bbox 282 3925 1865 3998; baseline 0 -19"><span class='ocrx_word' id='word_1_319' title='bbox 282 3944 472 3990; x_wconf 88' lang='grc' dir='ltr'>νοντος</span> <span class='ocrx_word' id='word_1_320' title='bbox 516 3925 613 3982; x_wconf 87' lang='grc' dir='ltr'><strong>τοῦ</strong></span> <span class='ocrx_word' id='word_1_321' title='bbox 648 3927 842 3993; x_wconf 86' lang='grc' dir='ltr'>κακοῦ,</span> <span class='ocrx_word' id='word_1_322' title='bbox 876 3926 972 3980; x_wconf 78' lang='grc' dir='ltr'><strong>καὶ</strong></span> <span class='ocrx_word' id='word_1_323' title='bbox 1012 3925 1150 3997; x_wconf 80' lang='grc' dir='ltr'>πρὸς</span> <span class='ocrx_word' id='word_1_324' title='bbox 1179 3926 1244 3979; x_wconf 81' lang='grc' dir='ltr'><strong>τὸ</strong></span> <span class='ocrx_word' id='word_1_325' title='bbox 1279 3928 1460 3998; x_wconf 85' lang='grc' dir='ltr'>χεῖρον</span> <span class='ocrx_word' id='word_1_326' title='bbox 1486 3927 1572 3981; x_wconf 75' lang='grc' dir='ltr'><strong>ἀεὶ</strong></span> <span class='ocrx_word' id='word_1_327' title='bbox 1600 3926 1865 3982; x_wconf 83' lang='grc' dir='ltr'>καταδαί-</span> 
     </span>
    </p>
   </div>
   <div class='ocr_carea' id='block_1_45' title="bbox 282 4015 1864 4088">
    <p class='ocr_par' dir='ltr' id='par_1_45' title="bbox 282 4015 1864 4088">
     <span class='ocr_line' id='line_1_45' title="bbox 282 4015 1864 4088; baseline 0.001 -19"><span class='ocrx_word' id='word_1_328' title='bbox 282 4016 486 4086; x_wconf 73' lang='grc' dir='ltr'>νούσης</span> <span class='ocrx_word' id='word_1_329' title='bbox 506 4016 610 4086; x_wconf 81' lang='grc' dir='ltr'>τῆς</span> <span class='ocrx_word' id='word_1_330' title='bbox 627 4018 686 4070; x_wconf 82' lang='grc' dir='ltr'>ὲν</span> <span class='ocrx_word' id='word_1_331' title='bbox 706 4018 839 4088; x_wconf 74' lang='grc' dir='ltr'>ἡμῖν</span> <span class='ocrx_word' id='word_1_332' title='bbox 855 4015 1112 4083; x_wconf 83' lang='grc' dir='ltr'>διανοίας,</span> <span class='ocrx_word' id='word_1_333' title='bbox 1137 4015 1520 4087; x_wconf 78' lang='grc' dir='ltr'>βεδασίλευκεν</span> <span class='ocrx_word' id='word_1_334' title='bbox 1537 4018 1571 4088; x_wconf 79' lang='grc' dir='ltr'>ἡ</span> <span class='ocrx_word' id='word_1_335' title='bbox 1601 4015 1864 4088; x_wconf 83' lang='grc' dir='ltr'>ἁμαρτία,</span> 
     </span>
    </p>
   </div>
   <div class='ocr_carea' id='block_1_46' title="bbox 282 4104 1866 4176">
    <p class='ocr_par' dir='ltr' id='par_1_46' title="bbox 282 4104 1866 4176">
     <span class='ocr_line' id='line_1_46' title="bbox 282 4104 1866 4176; baseline 0.001 -17"><span class='ocrx_word' id='word_1_336' title='bbox 282 4106 475 4176; x_wconf 79' lang='grc' dir='ltr'>γυμνή</span> <span class='ocrx_word' id='word_1_337' title='bbox 498 4122 562 4158; x_wconf 79' lang='grc' dir='ltr'><strong>τε</strong></span> <span class='ocrx_word' id='word_1_338' title='bbox 599 4105 744 4160; x_wconf 68' lang='grc' dir='ltr'>οὕτω</span> <span class='ocrx_word' id='word_1_339' title='bbox 767 4104 953 4159; x_wconf 77' lang='grc' dir='ltr'>λοιπὸν</span> <span class='ocrx_word' id='word_1_340' title='bbox 972 4104 1070 4158; x_wconf 86' lang='grc' dir='ltr'><strong>τοῦ</strong></span> <span class='ocrx_word' id='word_1_341' title='bbox 1095 4105 1485 4170; x_wconf 79' lang='grc' dir='ltr'>ὲνοικισθέντος</span> <span class='ocrx_word' id='word_1_342' title='bbox 1509 4105 1666 4174; x_wconf 86' lang='grc' dir='ltr'>ἀγίου</span> <span class='ocrx_word' id='word_1_343' title='bbox 1693 4104 1866 4160; x_wconf 77' lang='grc' dir='ltr'>Πνεῦ-</span> 
     </span>
    </p>
   </div>
   <div class='ocr_carea' id='block_1_47' title="bbox 288 4195 1868 4269">
    <p class='ocr_par' dir='ltr' id='par_1_47' title="bbox 288 4195 1868 4269">
     <span class='ocr_line' id='line_1_47' title="bbox 288 4195 1868 4269; baseline 0 -19"><span class='ocrx_word' id='word_1_344' title='bbox 288 4213 469 4263; x_wconf 79' lang='grc' dir='ltr'>ματος</span> <span class='ocrx_word' id='word_1_345' title='bbox 494 4199 528 4267; x_wconf 83' lang='grc' dir='ltr'><strong>ή</strong></span> <span class='ocrx_word' id='word_1_346' title='bbox 560 4196 851 4267; x_wconf 80' lang='grc' dir='ltr'>ἀνθρώπου</span> <span class='ocrx_word' id='word_1_347' title='bbox 894 4195 1056 4266; x_wconf 85' lang='grc' dir='ltr'>φύσις</span> <span class='ocrx_word' id='word_1_348' title='bbox 1083 4195 1443 4250; x_wconf 83' lang='grc' dir='ltr'>ἀνεδείκνυτο.</span> <span class='ocrx_word' id='word_1_349' title='bbox 1491 4215 1509 4249; x_wconf 80' lang='grc' dir='ltr'><strong>ι</strong></span> <span class='ocrx_word' id='word_1_350' title='bbox 1534 4197 1725 4267; x_wconf 77' lang='grc' dir='ltr'>Ἀγιον</span> <span class='ocrx_word' id='word_1_351' title='bbox 1757 4198 1868 4269; x_wconf 81' lang='grc' dir='ltr'>γὰρ</span> 
     </span>
    </p>
   </div>
   <div class='ocr_carea' id='block_1_48' title="bbox 285 4285 1863 4359">
    <p class='ocr_par' dir='ltr' id='par_1_48' title="bbox 285 4285 1863 4359">
     <span class='ocr_line' id='line_1_48' title="bbox 285 4285 1863 4359; baseline 0.003 -19"><span class='ocrx_word' id='word_1_352' title='bbox 285 4287 517 4357; x_wconf 82' lang='grc' dir='ltr'>Πνεῦμα</span> <span class='ocrx_word' id='word_1_353' title='bbox 546 4287 760 4357; x_wconf 75' lang='grc' dir='ltr'>σοφίας,</span> <span class='ocrx_word' id='word_1_354' title='bbox 798 4285 1056 4358; x_wconf 78' lang='grc' dir='ltr'>φεύξεται</span> <span class='ocrx_word' id='word_1_355' title='bbox 1083 4285 1254 4356; x_wconf 81' lang='grc' dir='ltr'>δόλον,</span> <span class='ocrx_word' id='word_1_356' title='bbox 1284 4306 1304 4339; x_wconf 78' lang='grc' dir='ltr'><strong>ι</strong></span> <span class='ocrx_word' id='word_1_357' title='bbox 1349 4287 1492 4341; x_wconf 87' lang='grc' dir='ltr'><strong>καθά</strong></span> <span class='ocrx_word' id='word_1_358' title='bbox 1535 4287 1863 4359; x_wconf 83' lang='grc' dir='ltr'>γέγραπται’</span> 
     </span>
    </p>
   </div>
   <div class='ocr_carea' id='block_1_49' title="bbox 1966 444 3542 521">
    <p class='ocr_par' dir='ltr' id='par_1_49' title="bbox 1966 444 3542 521">
     <span class='ocr_line' id='line_1_49' title="bbox 1966 444 3542 521; baseline 0 -10"><span class='ocrx_word' id='word_1_359' title='bbox 1966 467 2049 512; x_wconf 88' lang='lat' dir='ltr'><strong>cst</strong></span> <span class='ocrx_word' id='word_1_360' title='bbox 2084 458 2158 521; x_wconf 79' lang='grc'><strong>³⁵,</strong></span> <span class='ocrx_word' id='word_1_361' title='bbox 2208 473 2434 513; x_wconf 85' lang='lat' dir='ltr'><strong>servans</strong></span> <span class='ocrx_word' id='word_1_362' title='bbox 2470 444 2651 511; x_wconf 88' lang='lat' dir='ltr'><strong>adhuc</strong></span> <span class='ocrx_word' id='word_1_363' title='bbox 2688 456 3033 521; x_wconf 87' lang='lat' dir='ltr'><strong>mandatum,</strong></span> <span class='ocrx_word' id='word_1_364' title='bbox 3069 458 3122 511; x_wconf 85' lang='lat' dir='ltr'><strong>et</strong></span> <span class='ocrx_word' id='word_1_365' title='bbox 3153 450 3336 510; x_wconf 85' lang='lat' dir='ltr'><strong>divina</strong></span> <span class='ocrx_word' id='word_1_366' title='bbox 3375 453 3542 511; x_wconf 76' lang='lat' dir='ltr'><strong>Crea-</strong></span> 
     </span>
    </p>
   </div>
   <div class='ocr_carea' id='block_1_50' title="bbox 1968 548 3544 620">
    <p class='ocr_par' dir='ltr' id='par_1_50' title="bbox 1968 548 3544 620">
     <span class='ocr_line' id='line_1_50' title="bbox 1968 548 3544 620; baseline 0.001 -17"><span class='ocrx_word' id='word_1_367' title='bbox 1968 550 2104 605; x_wconf 83' lang='lat' dir='ltr'><strong>toris</strong></span> <span class='ocrx_word' id='word_1_368' title='bbox 2152 551 2487 620; x_wconf 85' lang='lat' dir='ltr'><strong>conspicuus</strong></span> <span class='ocrx_word' id='word_1_369' title='bbox 2521 550 2756 620; x_wconf 80' lang='lat' dir='ltr'><strong>imagine</strong></span> <span class='ocrx_word' id='word_1_370' title='bbox 2804 565 2900 620; x_wconf 90' lang='lat' dir='ltr'><strong>per</strong></span> <span class='ocrx_word' id='word_1_371' title='bbox 2935 548 3334 605; x_wconf 89' lang='lat' dir='ltr'><strong>inhabitantem</strong></span> <span class='ocrx_word' id='word_1_372' title='bbox 3368 548 3544 620; x_wconf 82' lang='lat' dir='ltr'><strong>Spiri-</strong></span> 
     </span>
    </p>
   </div>
   <div class='ocr_carea' id='block_1_51' title="bbox 1967 630 3539 697">
    <p class='ocr_par' dir='ltr' id='par_1_51' title="bbox 1967 630 3539 697">
     <span class='ocr_line' id='line_1_51' title="bbox 1967 630 3539 697; baseline 0 -3"><span class='ocrx_word' id='word_1_373' title='bbox 1967 647 2125 695; x_wconf 91' lang='lat' dir='ltr'><strong>tum:</strong></span> <span class='ocrx_word' id='word_1_374' title='bbox 2173 640 2269 697; x_wconf 89' lang='lat' dir='ltr'><strong>sed</strong></span> <span class='ocrx_word' id='word_1_375' title='bbox 2296 655 2421 695; x_wconf 79' lang='grc' dir='ltr'>ιἰιιιι</span> <span class='ocrx_word' id='word_1_376' title='bbox 2467 640 2668 696; x_wconf 91' lang='lat' dir='ltr'><strong>diaboli</strong></span> <span class='ocrx_word' id='word_1_377' title='bbox 2700 640 2893 696; x_wconf 84' lang='lat' dir='ltr'><strong>fraude</strong></span> <span class='ocrx_word' id='word_1_378' title='bbox 2937 641 3199 697; x_wconf 85' lang='lat' dir='ltr'><strong>seductus</strong></span> <span class='ocrx_word' id='word_1_379' title='bbox 3221 630 3539 696; x_wconf 83' lang='lat' dir='ltr'><strong>Creatorem</strong></span> 
     </span>
    </p>
   </div>
   <div class='ocr_carea' id='block_1_52' title="bbox 1966 731 3543 802">
    <p class='ocr_par' dir='ltr' id='par_1_52' title="bbox 1966 731 3543 802">
     <span class='ocr_line' id='line_1_52' title="bbox 1966 731 3543 802; baseline 0.001 -16"><span class='ocrx_word' id='word_1_380' title='bbox 1966 731 2405 802; x_wconf 87' lang='lat' dir='ltr'><strong>contempsisset,</strong></span> <span class='ocrx_word' id='word_1_381' title='bbox 2439 739 2494 786; x_wconf 92' lang='lat' dir='ltr'><strong>et</strong></span> <span class='ocrx_word' id='word_1_382' title='bbox 2521 731 2775 802; x_wconf 91' lang='lat' dir='ltr'><strong>imposita</strong></span> <span class='ocrx_word' id='word_1_383' title='bbox 2807 732 2913 788; x_wconf 88' lang='lat' dir='ltr'><strong>sibi</strong></span> <span class='ocrx_word' id='word_1_384' title='bbox 2945 731 3066 802; x_wconf 83' lang='lat' dir='ltr'><strong>lege</strong></span> <span class='ocrx_word' id='word_1_385' title='bbox 3097 731 3419 796; x_wconf 77' lang='lat' dir='ltr'><strong>conculcata</strong></span> <span class='ocrx_word' id='word_1_386' title='bbox 3448 731 3543 788; x_wconf 86' lang='lat' dir='ltr'><strong>be-</strong></span> 
     </span>
    </p>
   </div>
   <div class='ocr_carea' id='block_1_53' title="bbox 1967 821 3540 893">
    <p class='ocr_par' dir='ltr' id='par_1_53' title="bbox 1967 821 3540 893">
     <span class='ocr_line' id='line_1_53' title="bbox 1967 821 3540 893; baseline 0.001 -17"><span class='ocrx_word' id='word_1_387' title='bbox 1967 822 2147 891; x_wconf 77' lang='lat' dir='ltr'><strong>nelicji</strong></span> <span class='ocrx_word' id='word_1_388' title='bbox 2180 831 2462 878; x_wconf 86' lang='lat' dir='ltr'><strong>auctorem</strong></span> <span class='ocrx_word' id='word_1_389' title='bbox 2497 822 2836 886; x_wconf 82' lang='lat' dir='ltr'><strong>offendisset,</strong></span> <span class='ocrx_word' id='word_1_390' title='bbox 2883 822 3059 893; x_wconf 90' lang='lat' dir='ltr'><strong>gratia</strong></span> <span class='ocrx_word' id='word_1_391' title='bbox 3101 821 3205 877; x_wconf 88' lang='lat' dir='ltr'><strong>sibi</strong></span> <span class='ocrx_word' id='word_1_392' title='bbox 3251 821 3380 876; x_wconf 91' lang='lat' dir='ltr'><strong>data</strong></span> <span class='ocrx_word' id='word_1_393' title='bbox 3411 834 3540 892; x_wconf 87' lang='lat' dir='ltr'><strong>spo-</strong></span> 
     </span>
    </p>
   </div>
   <div class='ocr_carea' id='block_1_54' title="bbox 1967 911 3540 985">
    <p class='ocr_par' dir='ltr' id='par_1_54' title="bbox 1967 911 3540 985">
     <span class='ocr_line' id='line_1_54' title="bbox 1967 911 3540 985; baseline 0.001 -18"><span class='ocrx_word' id='word_1_394' title='bbox 1967 914 2131 968; x_wconf 86' lang='lat' dir='ltr'><strong>liatus</strong></span> <span class='ocrx_word' id='word_1_395' title='bbox 2159 922 2266 981; x_wconf 88' lang='lat' dir='ltr'><strong>est,</strong></span> <span class='ocrx_word' id='word_1_396' title='bbox 2306 918 2469 985; x_wconf 83' lang='lat' dir='ltr'><strong>atque</strong></span> <span class='ocrx_word' id='word_1_397' title='bbox 2503 921 2633 968; x_wconf 91' lang='lat' dir='ltr'><strong>tunc</strong></span> <span class='ocrx_word' id='word_1_398' title='bbox 2666 912 2902 984; x_wconf 78' lang='lat' dir='ltr'><strong>primum</strong></span> <span class='ocrx_word' id='word_1_399' title='bbox 2933 914 3148 968; x_wconf 80' lang='lat' dir='ltr'><strong>audiit:</strong></span> <span class='ocrx_word' id='word_1_400' title='bbox 3183 930 3203 964; x_wconf 74' lang='grc' dir='ltr'><strong>ι</strong></span> <span class='ocrx_word' id='word_1_401' title='bbox 3237 911 3409 969; x_wconf 81' lang='lat' dir='ltr'><strong>Terra</strong></span> <span class='ocrx_word' id='word_1_402' title='bbox 3443 925 3540 977; x_wconf 85' lang='lat' dir='ltr'><strong>es,</strong></span> 
     </span>
    </p>
   </div>
   <div class='ocr_carea' id='block_1_55' title="bbox 1967 1000 3542 1075">
    <p class='ocr_par' dir='ltr' id='par_1_55' title="bbox 1967 1000 3542 1075">
     <span class='ocr_line' id='line_1_55' title="bbox 1967 1000 3542 1075; baseline -0.003 -14"><span class='ocrx_word' id='word_1_403' title='bbox 1967 1006 2098 1061; x_wconf 89' lang='lat' dir='ltr'><strong>etin</strong></span> <span class='ocrx_word' id='word_1_404' title='bbox 2131 1007 2336 1061; x_wconf 85' lang='lat' dir='ltr'><strong>terram</strong></span> <span class='ocrx_word' id='word_1_405' title='bbox 2375 1005 2666 1062; x_wconf 82' lang='lat' dir='ltr'><strong>reverteris</strong></span> <span class='ocrx_word' id='word_1_406' title='bbox 2694 1000 2771 1069; x_wconf 78' lang='grc'><strong>³⁸,</strong></span> <span class='ocrx_word' id='word_1_407' title='bbox 2814 1022 2835 1058; x_wconf 73' lang='grc' dir='ltr'><strong>ι</strong></span> <span class='ocrx_word' id='word_1_408' title='bbox 2870 1004 2961 1075; x_wconf 83' lang='lat' dir='ltr'><strong>qui</strong></span> <span class='ocrx_word' id='word_1_409' title='bbox 3004 1004 3184 1059; x_wconf 84' lang='lat' dir='ltr'><strong>factus</strong></span> <span class='ocrx_word' id='word_1_410' title='bbox 3214 1013 3332 1059; x_wconf 86' lang='lat' dir='ltr'><strong>erat</strong></span> <span class='ocrx_word' id='word_1_411' title='bbox 3360 1002 3427 1057; x_wconf 87' lang='lat' dir='ltr'><strong>ad</strong></span> <span class='ocrx_word' id='word_1_412' title='bbox 3456 1003 3542 1057; x_wconf 87' lang='lat' dir='ltr'><strong>vi-</strong></span> 
     </span>
    </p>
   </div>
   <div class='ocr_carea' id='block_1_56' title="bbox 1969 1094 3540 1153">
    <p class='ocr_par' dir='ltr' id='par_1_56' title="bbox 1969 1094 3540 1153">
     <span class='ocr_line' id='line_1_56' title="bbox 1969 1094 3540 1153; baseline -0.001 -3"><span class='ocrx_word' id='word_1_413' title='bbox 1969 1105 2128 1151; x_wconf 85' lang='lat' dir='ltr'><strong>tam:</strong></span> <span class='ocrx_word' id='word_1_414' title='bbox 2181 1097 2488 1153; x_wconf 85' lang='lat' dir='ltr'><strong>adulterata</strong></span> <span class='ocrx_word' id='word_1_415' title='bbox 2536 1104 2623 1153; x_wconf 87' lang='lat' dir='ltr'><strong>est</strong></span> <span class='ocrx_word' id='word_1_416' title='bbox 2672 1097 2764 1152; x_wconf 91' lang='lat' dir='ltr'><strong>illa</strong></span> <span class='ocrx_word' id='word_1_417' title='bbox 2802 1096 3104 1153; x_wconf 87' lang='lat' dir='ltr'><strong>similitudo</strong></span> <span class='ocrx_word' id='word_1_418' title='bbox 3156 1094 3252 1151; x_wconf 87' lang='lat' dir='ltr'><strong>Dei</strong></span> <span class='ocrx_word' id='word_1_419' title='bbox 3309 1095 3540 1150; x_wconf 83' lang='lat' dir='ltr'><strong>incursu</strong></span> 
     </span>
    </p>
   </div>
   <div class='ocr_carea' id='block_1_57' title="bbox 1966 1186 3542 1260">
    <p class='ocr_par' dir='ltr' id='par_1_57' title="bbox 1966 1186 3542 1260">
     <span class='ocr_line' id='line_1_57' title="bbox 1966 1186 3542 1260; baseline -0.001 -17"><span class='ocrx_word' id='word_1_420' title='bbox 1966 1189 2197 1260; x_wconf 73' lang='lat' dir='ltr'><strong>peccati,</strong></span> <span class='ocrx_word' id='word_1_421' title='bbox 2225 1205 2326 1245; x_wconf 85' lang='lat' dir='ltr'><strong>nec</strong></span> <span class='ocrx_word' id='word_1_422' title='bbox 2355 1190 2468 1260; x_wconf 88' lang='lat' dir='ltr'><strong>jam</strong></span> <span class='ocrx_word' id='word_1_423' title='bbox 2497 1189 2845 1246; x_wconf 85' lang='lat' dir='ltr'><strong>characteres</strong></span> <span class='ocrx_word' id='word_1_424' title='bbox 2873 1190 3107 1260; x_wconf 82' lang='lat' dir='ltr'><strong>amplius</strong></span> <span class='ocrx_word' id='word_1_425' title='bbox 3140 1195 3299 1244; x_wconf 91' lang='lat' dir='ltr'><strong>crant</strong></span> <span class='ocrx_word' id='word_1_426' title='bbox 3326 1186 3382 1242; x_wconf 90' lang='lat' dir='ltr'><strong>in</strong></span> <span class='ocrx_word' id='word_1_427' title='bbox 3421 1187 3542 1258; x_wconf 87' lang='lat' dir='ltr'><strong>ipso</strong></span> 
     </span>
    </p>
   </div>
   <div class='ocr_carea' id='block_1_58' title="bbox 1968 1276 3640 1351">
    <p class='ocr_par' dir='ltr' id='par_1_58' title="bbox 1968 1276 3640 1351">
     <span class='ocr_line' id='line_1_58' title="bbox 1968 1276 3640 1351; baseline 0.002 -17"><span class='ocrx_word' id='word_1_428' title='bbox 1968 1280 2103 1334; x_wconf 88' lang='lat' dir='ltr'><strong>clari</strong></span> <span class='ocrx_word' id='word_1_429' title='bbox 2135 1287 2189 1336; x_wconf 90' lang='lat' dir='ltr'><strong>et</strong></span> <span class='ocrx_word' id='word_1_430' title='bbox 2230 1280 2525 1351; x_wconf 86' lang='lat' dir='ltr'><strong>splendidi,</strong></span> <span class='ocrx_word' id='word_1_431' title='bbox 2567 1281 2662 1337; x_wconf 90' lang='lat' dir='ltr'><strong>sed</strong></span> <span class='ocrx_word' id='word_1_432' title='bbox 2698 1281 3049 1345; x_wconf 82' lang='lat' dir='ltr'><strong>subobscuri,</strong></span> <span class='ocrx_word' id='word_1_433' title='bbox 3095 1292 3158 1336; x_wconf 91' lang='lat' dir='ltr'><strong>ac</strong></span> <span class='ocrx_word' id='word_1_434' title='bbox 3193 1278 3438 1335; x_wconf 82' lang='lat' dir='ltr'><strong>tenebris</strong></span> <span class='ocrx_word' id='word_1_435' title='bbox 3464 1276 3544 1332; x_wconf 88' lang='lat' dir='ltr'><strong>in-</strong></span> <span class='ocrx_word' id='word_1_436' title='bbox 3629 1330 3640 1338; x_wconf 90' lang='lat'><strong>.</strong></span> 
     </span>
    </p>
   </div>
   <div class='ocr_carea' id='block_1_59' title="bbox 1967 1370 3540 1444">
    <p class='ocr_par' dir='ltr' id='par_1_59' title="bbox 1967 1370 3540 1444">
     <span class='ocr_line' id='line_1_59' title="bbox 1967 1370 3540 1444; baseline -0.001 -18"><span class='ocrx_word' id='word_1_437' title='bbox 1967 1372 2135 1427; x_wconf 82' lang='lat' dir='ltr'><strong>voluti</strong></span> <span class='ocrx_word' id='word_1_438' title='bbox 2169 1373 2242 1428; x_wconf 91' lang='lat' dir='ltr'><strong>ob</strong></span> <span class='ocrx_word' id='word_1_439' title='bbox 2272 1372 2791 1444; x_wconf 78' lang='lat' dir='ltr'><strong>transgressionem.</strong></span> <span class='ocrx_word' id='word_1_440' title='bbox 2824 1374 2930 1429; x_wconf 86' lang='lat' dir='ltr'><strong>Sed</strong></span> <span class='ocrx_word' id='word_1_441' title='bbox 2976 1374 3217 1428; x_wconf 74' lang='lat' dir='ltr'><strong>humano</strong></span> <span class='ocrx_word' id='word_1_442' title='bbox 3249 1378 3448 1444; x_wconf 79' lang='lat' dir='ltr'><strong>genere</strong></span> <span class='ocrx_word' id='word_1_443' title='bbox 3485 1370 3540 1425; x_wconf 90' lang='lat' dir='ltr'><strong>in</strong></span> 
     </span>
    </p>
   </div>
   <div class='ocr_carea' id='block_1_60' title="bbox 1968 1462 3541 1535">
    <p class='ocr_par' dir='ltr' id='par_1_60' title="bbox 1968 1462 3541 1535">
     <span class='ocr_line' id='line_1_60' title="bbox 1968 1462 3541 1535; baseline 0.001 -19"><span class='ocrx_word' id='word_1_444' title='bbox 1968 1462 2293 1520; x_wconf 89' lang='lat' dir='ltr'><strong>immensum</strong></span> <span class='ocrx_word' id='word_1_445' title='bbox 2336 1472 2653 1535; x_wconf 80' lang='lat' dir='ltr'><strong>propagato,</strong></span> <span class='ocrx_word' id='word_1_446' title='bbox 2696 1468 2821 1520; x_wconf 81' lang='lat' dir='ltr'><strong>etim</strong></span> <span class='ocrx_word' id='word_1_447' title='bbox 2872 1466 3157 1535; x_wconf 82' lang='lat' dir='ltr'><strong>peccatum</strong></span> <span class='ocrx_word' id='word_1_448' title='bbox 3201 1470 3456 1535; x_wconf 83' lang='lat' dir='ltr'><strong>regnaret</strong></span> <span class='ocrx_word' id='word_1_449' title='bbox 3482 1462 3541 1517; x_wconf 90' lang='lat' dir='ltr'><strong>in</strong></span> 
     </span>
    </p>
   </div>
   <div class='ocr_carea' id='block_1_61' title="bbox 1967 1554 3539 1625">
    <p class='ocr_par' dir='ltr' id='par_1_61' title="bbox 1967 1554 3539 1625">
     <span class='ocr_line' id='line_1_61' title="bbox 1967 1554 3539 1625; baseline -0.002 -17"><span class='ocrx_word' id='word_1_450' title='bbox 1967 1567 2179 1619; x_wconf 88' lang='lat' dir='ltr'><strong>omnes,</strong></span> <span class='ocrx_word' id='word_1_451' title='bbox 2233 1563 2287 1610; x_wconf 91' lang='lat' dir='ltr'><strong>et</strong></span> <span class='ocrx_word' id='word_1_452' title='bbox 2332 1555 2770 1625; x_wconf 76' lang='lat' dir='ltr'><strong>uniuscbjusque</strong></span> <span class='ocrx_word' id='word_1_453' title='bbox 2826 1556 3063 1610; x_wconf 89' lang='lat' dir='ltr'><strong>animam</strong></span> <span class='ocrx_word' id='word_1_454' title='bbox 3113 1554 3539 1624; x_wconf 73' lang='lat' dir='ltr'><strong>depraedaretur,</strong></span> 
     </span>
    </p>
   </div>
   <div class='ocr_carea' id='block_1_62' title="bbox 1968 1645 3544 1717">
    <p class='ocr_par' dir='ltr' id='par_1_62' title="bbox 1968 1645 3544 1717">
     <span class='ocr_line' id='line_1_62' title="bbox 1968 1645 3544 1717; baseline -0.002 -18"><span class='ocrx_word' id='word_1_455' title='bbox 1968 1646 2136 1700; x_wconf 86' lang='lat' dir='ltr'><strong>veteri</strong></span> <span class='ocrx_word' id='word_1_456' title='bbox 2176 1646 2395 1716; x_wconf 84' lang='lat' dir='ltr'><strong>quidem</strong></span> <span class='ocrx_word' id='word_1_457' title='bbox 2429 1647 2604 1717; x_wconf 87' lang='lat' dir='ltr'><strong>gratia</strong></span> <span class='ocrx_word' id='word_1_458' title='bbox 2638 1653 2835 1702; x_wconf 88' lang='lat' dir='ltr'><strong>natura</strong></span> <span class='ocrx_word' id='word_1_459' title='bbox 2873 1646 3134 1707; x_wconf 82' lang='lat' dir='ltr'><strong>destituta</strong></span> <span class='ocrx_word' id='word_1_460' title='bbox 3163 1652 3249 1702; x_wconf 88' lang='lat' dir='ltr'><strong>est</strong></span> <span class='ocrx_word' id='word_1_461' title='bbox 3278 1660 3294 1700; x_wconf 90' lang='lat'><strong>:</strong></span> <span class='ocrx_word' id='word_1_462' title='bbox 3333 1645 3544 1701; x_wconf 84' lang='lat' dir='ltr'><strong>recedit</strong></span> 
     </span>
    </p>
   </div>
   <div class='ocr_carea' id='block_1_63' title="bbox 1967 1736 3543 1807">
    <p class='ocr_par' dir='ltr' id='par_1_63' title="bbox 1967 1736 3543 1807">
     <span class='ocr_line' id='line_1_63' title="bbox 1967 1736 3543 1807; baseline 0.001 -17"><span class='ocrx_word' id='word_1_463' title='bbox 1967 1736 2187 1806; x_wconf 91' lang='lat' dir='ltr'><strong>penitus</strong></span> <span class='ocrx_word' id='word_1_464' title='bbox 2226 1737 2294 1793; x_wconf 87' lang='lat' dir='ltr'><strong>ab</strong></span> <span class='ocrx_word' id='word_1_465' title='bbox 2323 1737 2403 1793; x_wconf 90' lang='lat' dir='ltr'><strong>eis</strong></span> <span class='ocrx_word' id='word_1_466' title='bbox 2432 1738 2693 1807; x_wconf 79' lang='lat' dir='ltr'><strong>Spiritus,</strong></span> <span class='ocrx_word' id='word_1_467' title='bbox 2748 1746 2799 1794; x_wconf 84' lang='lat' dir='ltr'><strong>et</strong></span> <span class='ocrx_word' id='word_1_468' title='bbox 2857 1740 2913 1794; x_wconf 93' lang='lat' dir='ltr'><strong>in</strong></span> <span class='ocrx_word' id='word_1_469' title='bbox 2964 1749 3264 1794; x_wconf 78' lang='lat' dir='ltr'><strong>extremam</strong></span> <span class='ocrx_word' id='word_1_470' title='bbox 3308 1737 3543 1793; x_wconf 84' lang='lat' dir='ltr'><strong>rationis</strong></span> 
     </span>
    </p>
   </div>
   <div class='ocr_carea' id='block_1_64' title="bbox 1967 1826 3544 1900">
    <p class='ocr_par' dir='ltr' id='par_1_64' title="bbox 1967 1826 3544 1900">
     <span class='ocr_line' id='line_1_64' title="bbox 1967 1826 3544 1900; baseline 0.003 -20"><span class='ocrx_word' id='word_1_471' title='bbox 1967 1826 2252 1897; x_wconf 84' lang='lat' dir='ltr'><strong>penuriam</strong></span> <span class='ocrx_word' id='word_1_472' title='bbox 2294 1827 2497 1881; x_wconf 90' lang='lat' dir='ltr'><strong>labitur</strong></span> <span class='ocrx_word' id='word_1_473' title='bbox 2530 1827 2693 1883; x_wconf 89' lang='lat' dir='ltr'><strong>homo</strong></span> <span class='ocrx_word' id='word_1_474' title='bbox 2733 1829 2967 1886; x_wconf 87' lang='lat' dir='ltr'><strong>rationis</strong></span> <span class='ocrx_word' id='word_1_475' title='bbox 2995 1829 3087 1885; x_wconf 91' lang='lat' dir='ltr'><strong>ille</strong></span> <span class='ocrx_word' id='word_1_476' title='bbox 3131 1830 3428 1900; x_wconf 83' lang='lat' dir='ltr'><strong>particeps,</strong></span> <span class='ocrx_word' id='word_1_477' title='bbox 3456 1828 3544 1899; x_wconf 76' lang='lat' dir='ltr'><strong>ip-</strong></span> 
     </span>
    </p>
   </div>
   <div class='ocr_carea' id='block_1_65' title="bbox 1968 1917 3542 1987">
    <p class='ocr_par' dir='ltr' id='par_1_65' title="bbox 1968 1917 3542 1987">
     <span class='ocr_line' id='line_1_65' title="bbox 1968 1917 3542 1987; baseline 0.002 -16"><span class='ocrx_word' id='word_1_478' title='bbox 1968 1931 2088 1972; x_wconf 90' lang='lat' dir='ltr'><strong>sum</strong></span> <span class='ocrx_word' id='word_1_479' title='bbox 2133 1917 2295 1973; x_wconf 88' lang='lat' dir='ltr'><strong>etiam</strong></span> <span class='ocrx_word' id='word_1_480' title='bbox 2341 1919 2599 1987; x_wconf 85' lang='lat' dir='ltr'><strong>ignorans</strong></span> <span class='ocrx_word' id='word_1_481' title='bbox 2633 1917 2969 1976; x_wconf 78' lang='lat' dir='ltr'><strong>Creatorem.</strong></span> <span class='ocrx_word' id='word_1_482' title='bbox 3005 1920 3113 1977; x_wconf 85' lang='lat' dir='ltr'><strong>Sed</strong></span> <span class='ocrx_word' id='word_1_483' title='bbox 3160 1921 3542 1977; x_wconf 74' lang='lat' dir='ltr'><strong>Universorum</strong></span> 
     </span>
    </p>
   </div>
   <div class='ocr_carea' id='block_1_66' title="bbox 1967 2004 3543 2079">
    <p class='ocr_par' dir='ltr' id='par_1_66' title="bbox 1967 2004 3543 2079">
     <span class='ocr_line' id='line_1_66' title="bbox 1967 2004 3543 2079; baseline 0.004 -19"><span class='ocrx_word' id='word_1_484' title='bbox 1967 2004 2159 2076; x_wconf 83' lang='lat' dir='ltr'><strong>Opifex</strong></span> <span class='ocrx_word' id='word_1_485' title='bbox 2205 2004 2466 2063; x_wconf 87' lang='lat' dir='ltr'><strong>diuturna</strong></span> <span class='ocrx_word' id='word_1_486' title='bbox 2510 2022 2645 2066; x_wconf 90' lang='lat' dir='ltr'><strong>usus</strong></span> <span class='ocrx_word' id='word_1_487' title='bbox 2684 2011 2972 2079; x_wconf 78' lang='lat' dir='ltr'><strong>patientia,</strong></span> <span class='ocrx_word' id='word_1_488' title='bbox 3005 2010 3414 2067; x_wconf 83' lang='lat' dir='ltr'><strong>miserationem</strong></span> <span class='ocrx_word' id='word_1_489' title='bbox 3442 2009 3543 2066; x_wconf 79' lang='lat' dir='ltr'><strong>de-</strong></span> 
     </span>
    </p>
   </div>
   <div class='ocr_carea' id='block_1_67' title="bbox 1966 2097 3546 2172">
    <p class='ocr_par' dir='ltr' id='par_1_67' title="bbox 1966 2097 3546 2172">
     <span class='ocr_line' id='line_1_67' title="bbox 1966 2097 3546 2172; baseline 0.001 -21"><span class='ocrx_word' id='word_1_490' title='bbox 1966 2103 2116 2151; x_wconf 81' lang='lat' dir='ltr'><strong>mhm</strong></span> <span class='ocrx_word' id='word_1_491' title='bbox 2162 2097 2309 2167; x_wconf 87' lang='lat' dir='ltr'><strong>cepit</strong></span> <span class='ocrx_word' id='word_1_492' title='bbox 2352 2101 2597 2170; x_wconf 90' lang='lat' dir='ltr'><strong>corrupti</strong></span> <span class='ocrx_word' id='word_1_493' title='bbox 2639 2100 2790 2156; x_wconf 84' lang='lat' dir='ltr'><strong>orbis</strong></span> <span class='ocrx_word' id='word_1_494' title='bbox 2835 2110 2890 2157; x_wconf 91' lang='lat' dir='ltr'><strong>et</strong></span> <span class='ocrx_word' id='word_1_495' title='bbox 2936 2099 3223 2172; x_wconf 88' lang='lat' dir='ltr'><strong>fugitivum</strong></span> <span class='ocrx_word' id='word_1_496' title='bbox 3275 2100 3334 2157; x_wconf 87' lang='lat' dir='ltr'><strong>iu</strong></span> <span class='ocrx_word' id='word_1_497' title='bbox 3377 2098 3546 2155; x_wconf 89' lang='lat' dir='ltr'><strong>terris</strong></span> 
     </span>
    </p>
   </div>
   <div class='ocr_carea' id='block_1_68' title="bbox 1965 2186 3545 2260">
    <p class='ocr_par' dir='ltr' id='par_1_68' title="bbox 1965 2186 3545 2260">
     <span class='ocr_line' id='line_1_68' title="bbox 1965 2186 3545 2260; baseline 0.004 -23"><span class='ocrx_word' id='word_1_498' title='bbox 1965 2189 2183 2255; x_wconf 80' lang='lat' dir='ltr'><strong>gregem</strong></span> <span class='ocrx_word' id='word_1_499' title='bbox 2216 2186 2433 2255; x_wconf 87' lang='lat' dir='ltr'><strong>superis</strong></span> <span class='ocrx_word' id='word_1_500' title='bbox 2460 2202 2776 2258; x_wconf 81' lang='lat' dir='ltr'><strong>aggregare,</strong></span> <span class='ocrx_word' id='word_1_501' title='bbox 2819 2189 2997 2246; x_wconf 89' lang='lat' dir='ltr'><strong>bonus</strong></span> <span class='ocrx_word' id='word_1_502' title='bbox 3020 2191 3136 2260; x_wconf 90' lang='lat' dir='ltr'><strong>ipse</strong></span> <span class='ocrx_word' id='word_1_503' title='bbox 3161 2203 3288 2245; x_wconf 90' lang='lat' dir='ltr'><strong>cum</strong></span> <span class='ocrx_word' id='word_1_504' title='bbox 3328 2189 3424 2257; x_wconf 70' lang='lat' dir='ltr'><strong>sit,</strong></span> <span class='ocrx_word' id='word_1_505' title='bbox 3465 2187 3545 2244; x_wconf 83' lang='lat' dir='ltr'><strong>fe-</strong></span> 
     </span>
    </p>
   </div>
   <div class='ocr_carea' id='block_1_69' title="bbox 1968 2272 3543 2348">
    <p class='ocr_par' dir='ltr' id='par_1_69' title="bbox 1968 2272 3543 2348">
     <span class='ocr_line' id='line_1_69' title="bbox 1968 2272 3543 2348; baseline 0.003 -22"><span class='ocrx_word' id='word_1_506' title='bbox 1968 2272 2237 2340; x_wconf 70' lang='lat' dir='ltr'><strong>stinavit,</strong></span> <span class='ocrx_word' id='word_1_507' title='bbox 2298 2279 2354 2329; x_wconf 85' lang='lat' dir='ltr'><strong>et</strong></span> <span class='ocrx_word' id='word_1_508' title='bbox 2398 2273 2466 2328; x_wconf 86' lang='lat' dir='ltr'><strong>ad</strong></span> <span class='ocrx_word' id='word_1_509' title='bbox 2513 2274 2802 2348; x_wconf 78' lang='lat' dir='ltr'><strong>imaginem</strong></span> <span class='ocrx_word' id='word_1_510' title='bbox 2834 2275 3118 2347; x_wconf 84' lang='lat' dir='ltr'><strong>pristinam</strong></span> <span class='ocrx_word' id='word_1_511' title='bbox 3148 2278 3543 2333; x_wconf 87' lang='lat' dir='ltr'><strong>humanitatem</strong></span> 
     </span>
    </p>
   </div>
   <div class='ocr_carea' id='block_1_70' title="bbox 1966 2361 3546 2435">
    <p class='ocr_par' dir='ltr' id='par_1_70' title="bbox 1966 2361 3546 2435">
     <span class='ocr_line' id='line_1_70' title="bbox 1966 2361 3546 2435; baseline 0.004 -18"><span class='ocrx_word' id='word_1_512' title='bbox 1966 2361 2271 2419; x_wconf 82' lang='lat' dir='ltr'><strong>reformare</strong></span> <span class='ocrx_word' id='word_1_513' title='bbox 2300 2379 2397 2435; x_wconf 89' lang='lat' dir='ltr'><strong>per</strong></span> <span class='ocrx_word' id='word_1_514' title='bbox 2430 2364 2695 2434; x_wconf 90' lang='lat' dir='ltr'><strong>Spiritum</strong></span> <span class='ocrx_word' id='word_1_515' title='bbox 2751 2368 2965 2424; x_wconf 87' lang='lat' dir='ltr'><strong>statuit.</strong></span> <span class='ocrx_word' id='word_1_516' title='bbox 3017 2366 3138 2425; x_wconf 84' lang='lat' dir='ltr'><strong>Non</strong></span> <span class='ocrx_word' id='word_1_517' title='bbox 3188 2372 3336 2425; x_wconf 88' lang='lat' dir='ltr'><strong>enim</strong></span> <span class='ocrx_word' id='word_1_518' title='bbox 3385 2370 3546 2425; x_wconf 84' lang='lat' dir='ltr'><strong>aliter</strong></span> 
     </span>
    </p>
   </div>
   <div class='ocr_carea' id='block_1_71' title="bbox 1968 2457 3544 2534">
    <p class='ocr_par' dir='ltr' id='par_1_71' title="bbox 1968 2457 3544 2534">
     <span class='ocr_line' id='line_1_71' title="bbox 1968 2457 3544 2534; baseline 0.005 -24"><span class='ocrx_word' id='word_1_519' title='bbox 1968 2465 2222 2525; x_wconf 84' lang='lat' dir='ltr'><strong>poterant</strong></span> <span class='ocrx_word' id='word_1_520' title='bbox 2254 2457 2312 2511; x_wconf 93' lang='lat' dir='ltr'><strong>in</strong></span> <span class='ocrx_word' id='word_1_521' title='bbox 2346 2463 2410 2513; x_wconf 81' lang='lat' dir='ltr'><strong>ea</strong></span> <span class='ocrx_word' id='word_1_522' title='bbox 2460 2457 2630 2513; x_wconf 82' lang='lat' dir='ltr'><strong>divini</strong></span> <span class='ocrx_word' id='word_1_523' title='bbox 2673 2458 3021 2517; x_wconf 80' lang='lat' dir='ltr'><strong>characteres</strong></span> <span class='ocrx_word' id='word_1_524' title='bbox 3065 2476 3132 2517; x_wconf 83' lang='lat' dir='ltr'><strong>eo</strong></span> <span class='ocrx_word' id='word_1_525' title='bbox 3176 2462 3341 2517; x_wconf 87' lang='lat' dir='ltr'><strong>modo</strong></span> <span class='ocrx_word' id='word_1_526' title='bbox 3387 2462 3544 2534; x_wconf 69' lang='lat'><strong>123</strong></span> 
     </span>
    </p>
   </div>
   <div class='ocr_carea' id='block_1_72' title="bbox 1968 2547 3545 2621">
    <p class='ocr_par' dir='ltr' id='par_1_72' title="bbox 1968 2547 3545 2621">
     <span class='ocr_line' id='line_1_72' title="bbox 1968 2547 3545 2621; baseline 0.005 -21"><span class='ocrx_word' id='word_1_527' title='bbox 1968 2560 2077 2615; x_wconf 89' lang='lat' dir='ltr'><strong>quo</strong></span> <span class='ocrx_word' id='word_1_528' title='bbox 2131 2547 2288 2617; x_wconf 91' lang='lat' dir='ltr'><strong>prius</strong></span> <span class='ocrx_word' id='word_1_529' title='bbox 2345 2548 2614 2606; x_wconf 84' lang='lat' dir='ltr'><strong>reidcere.</strong></span> <span class='ocrx_word' id='word_1_530' title='bbox 2654 2548 2799 2614; x_wconf 84' lang='lat' dir='ltr'><strong>Quid</strong></span> <span class='ocrx_word' id='word_1_531' title='bbox 2852 2560 2984 2621; x_wconf 84' lang='lat' dir='ltr'><strong>ergo</strong></span> <span class='ocrx_word' id='word_1_532' title='bbox 3059 2553 3116 2605; x_wconf 89' lang='lat' dir='ltr'><strong>in</strong></span> <span class='ocrx_word' id='word_1_533' title='bbox 3164 2552 3269 2608; x_wconf 89' lang='lat' dir='ltr'><strong>hoc</strong></span> <span class='ocrx_word' id='word_1_534' title='bbox 3316 2554 3545 2608; x_wconf 83' lang='lat' dir='ltr'><strong>molitus</strong></span> 
     </span>
    </p>
   </div>
   <div class='ocr_carea' id='block_1_73' title="bbox 1967 2637 3542 2713">
    <p class='ocr_par' dir='ltr' id='par_1_73' title="bbox 1967 2637 3542 2713">
     <span class='ocr_line' id='line_1_73' title="bbox 1967 2637 3542 2713; baseline 0.002 -19"><span class='ocrx_word' id='word_1_535' title='bbox 1967 2640 2041 2695; x_wconf 87' lang='lat' dir='ltr'><strong>sit</strong></span> <span class='ocrx_word' id='word_1_536' title='bbox 2087 2637 2272 2705; x_wconf 88' lang='lat' dir='ltr'><strong>Deus,</strong></span> <span class='ocrx_word' id='word_1_537' title='bbox 2323 2640 2598 2710; x_wconf 88' lang='lat' dir='ltr'><strong>quomodo</strong></span> <span class='ocrx_word' id='word_1_538' title='bbox 2638 2639 2873 2713; x_wconf 81' lang='lat' dir='ltr'><strong>gratiam</strong></span> <span class='ocrx_word' id='word_1_539' title='bbox 2912 2641 2970 2696; x_wconf 90' lang='lat' dir='ltr'><strong>in</strong></span> <span class='ocrx_word' id='word_1_540' title='bbox 3018 2642 3179 2699; x_wconf 81' lang='lat' dir='ltr'><strong>nobis</strong></span> <span class='ocrx_word' id='word_1_541' title='bbox 3228 2643 3542 2698; x_wconf 80' lang='lat' dir='ltr'><strong>inviolatam</strong></span> 
     </span>
    </p>
   </div>
   <div class='ocr_carea' id='block_1_74' title="bbox 1967 2731 3545 2804">
    <p class='ocr_par' dir='ltr' id='par_1_74' title="bbox 1967 2731 3545 2804">
     <span class='ocr_line' id='line_1_74' title="bbox 1967 2731 3545 2804; baseline 0.003 -17"><span class='ocrx_word' id='word_1_542' title='bbox 1967 2731 2304 2794; x_wconf 87' lang='lat' dir='ltr'><strong>inseruerit,</strong></span> <span class='ocrx_word' id='word_1_543' title='bbox 2362 2739 2458 2786; x_wconf 89' lang='lat' dir='ltr'><strong>aut</strong></span> <span class='ocrx_word' id='word_1_544' title='bbox 2508 2732 2788 2804; x_wconf 87' lang='lat' dir='ltr'><strong>quomodo</strong></span> <span class='ocrx_word' id='word_1_545' title='bbox 2857 2748 3052 2791; x_wconf 86' lang='lat' dir='ltr'><strong>rursus</strong></span> <span class='ocrx_word' id='word_1_546' title='bbox 3111 2734 3168 2789; x_wconf 93' lang='lat' dir='ltr'><strong>in</strong></span> <span class='ocrx_word' id='word_1_547' title='bbox 3226 2734 3545 2791; x_wconf 86' lang='lat' dir='ltr'><strong>hominibus</strong></span> 
     </span>
    </p>
   </div>
   <div class='ocr_carea' id='block_1_75' title="bbox 1967 2818 3543 2895">
    <p class='ocr_par' dir='ltr' id='par_1_75' title="bbox 1967 2818 3543 2895">
     <span class='ocr_line' id='line_1_75' title="bbox 1967 2818 3543 2895; baseline 0.004 -21"><span class='ocrx_word' id='word_1_548' title='bbox 1967 2819 2210 2876; x_wconf 89' lang='lat' dir='ltr'><strong>radicem</strong></span> <span class='ocrx_word' id='word_1_549' title='bbox 2286 2818 2525 2890; x_wconf 85' lang='lat' dir='ltr'><strong>Spiritus</strong></span> <span class='ocrx_word' id='word_1_550' title='bbox 2607 2822 2814 2893; x_wconf 87' lang='lat' dir='ltr'><strong>egerit,</strong></span> <span class='ocrx_word' id='word_1_551' title='bbox 2868 2838 3046 2894; x_wconf 90' lang='lat' dir='ltr'><strong>quove</strong></span> <span class='ocrx_word' id='word_1_552' title='bbox 3111 2831 3276 2895; x_wconf 85' lang='lat' dir='ltr'><strong>pacto</strong></span> <span class='ocrx_word' id='word_1_553' title='bbox 3342 2830 3543 2880; x_wconf 84' lang='lat' dir='ltr'><strong>natura</strong></span> 
     </span>
    </p>
   </div>
   <div class='ocr_carea' id='block_1_76' title="bbox 1967 2909 3541 2985">
    <p class='ocr_par' dir='ltr' id='par_1_76' title="bbox 1967 2909 3541 2985">
     <span class='ocr_line' id='line_1_76' title="bbox 1967 2909 3541 2985; baseline 0.004 -21"><span class='ocrx_word' id='word_1_554' title='bbox 1967 2909 2024 2965; x_wconf 87' lang='lat' dir='ltr'><strong>in</strong></span> <span class='ocrx_word' id='word_1_555' title='bbox 2061 2910 2357 2982; x_wconf 79' lang='lat' dir='ltr'><strong>pristinum</strong></span> <span class='ocrx_word' id='word_1_556' title='bbox 2412 2919 2613 2967; x_wconf 90' lang='lat' dir='ltr'><strong>statum</strong></span> <span class='ocrx_word' id='word_1_557' title='bbox 2659 2911 2959 2968; x_wconf 88' lang='lat' dir='ltr'><strong>reformata</strong></span> <span class='ocrx_word' id='word_1_558' title='bbox 3004 2915 3108 2981; x_wconf 90' lang='lat' dir='ltr'><strong>sit,</strong></span> <span class='ocrx_word' id='word_1_559' title='bbox 3151 2914 3541 2985; x_wconf 74' lang='lat' dir='ltr'><strong>exponendum</strong></span> 
     </span>
    </p>
   </div>
   <div class='ocr_carea' id='block_1_77' title="bbox 1970 3001 3546 3073">
    <p class='ocr_par' dir='ltr' id='par_1_77' title="bbox 1970 3001 3546 3073">
     <span class='ocr_line' id='line_1_77' title="bbox 1970 3001 3546 3073; baseline 0.004 -15"><span class='ocrx_word' id='word_1_560' title='bbox 1970 3008 2057 3059; x_wconf 89' lang='lat' dir='ltr'><strong>est</strong></span> <span class='ocrx_word' id='word_1_561' title='bbox 2088 3002 2370 3073; x_wconf 85' lang='lat' dir='ltr'><strong>deinceps.</strong></span> <span class='ocrx_word' id='word_1_562' title='bbox 2389 3001 2611 3059; x_wconf 89' lang='lat' dir='ltr'><strong>Primus</strong></span> <span class='ocrx_word' id='word_1_563' title='bbox 2643 3003 2738 3060; x_wconf 89' lang='lat' dir='ltr'><strong>ille</strong></span> <span class='ocrx_word' id='word_1_564' title='bbox 2765 3004 2929 3061; x_wconf 89' lang='lat' dir='ltr'><strong>homo</strong></span> <span class='ocrx_word' id='word_1_565' title='bbox 2957 3013 3215 3063; x_wconf 88' lang='lat' dir='ltr'><strong>terrenus</strong></span> <span class='ocrx_word' id='word_1_566' title='bbox 3243 3020 3369 3061; x_wconf 88' lang='lat' dir='ltr'><strong>cum</strong></span> <span class='ocrx_word' id='word_1_567' title='bbox 3395 3015 3546 3064; x_wconf 80' lang='lat' dir='ltr'><strong>esset</strong></span> 
     </span>
    </p>
   </div>
   <div class='ocr_carea' id='block_1_78' title="bbox 1970 3093 3544 3169">
    <p class='ocr_par' dir='ltr' id='par_1_78' title="bbox 1970 3093 3544 3169">
     <span class='ocr_line' id='line_1_78' title="bbox 1970 3093 3544 3169; baseline 0.004 -19"><span class='ocrx_word' id='word_1_568' title='bbox 1970 3109 2037 3151; x_wconf 89' lang='lat' dir='ltr'><strong>ac</strong></span> <span class='ocrx_word' id='word_1_569' title='bbox 2075 3095 2144 3150; x_wconf 92' lang='lat' dir='ltr'><strong>de</strong></span> <span class='ocrx_word' id='word_1_570' title='bbox 2174 3103 2344 3160; x_wconf 86' lang='lat' dir='ltr'><strong>terra,</strong></span> <span class='ocrx_word' id='word_1_571' title='bbox 2380 3104 2434 3151; x_wconf 91' lang='lat' dir='ltr'><strong>et</strong></span> <span class='ocrx_word' id='word_1_572' title='bbox 2467 3093 2523 3150; x_wconf 83' lang='lat' dir='ltr'><strong>in</strong></span> <span class='ocrx_word' id='word_1_573' title='bbox 2552 3110 2652 3153; x_wconf 89' lang='lat' dir='ltr'><strong>sua</strong></span> <span class='ocrx_word' id='word_1_574' title='bbox 2689 3103 2965 3169; x_wconf 85' lang='lat' dir='ltr'><strong>potestate</strong></span> <span class='ocrx_word' id='word_1_575' title='bbox 2998 3098 3163 3154; x_wconf 88' lang='lat' dir='ltr'><strong>sitam</strong></span> <span class='ocrx_word' id='word_1_576' title='bbox 3191 3098 3419 3156; x_wconf 84' lang='lat' dir='ltr'><strong>haberet</strong></span> <span class='ocrx_word' id='word_1_577' title='bbox 3443 3099 3544 3156; x_wconf 85' lang='lat' dir='ltr'><strong>bo-</strong></span> 
     </span>
    </p>
   </div>
   <div class='ocr_carea' id='block_1_79' title="bbox 1970 3186 3543 3261">
    <p class='ocr_par' dir='ltr' id='par_1_79' title="bbox 1970 3186 3543 3261">
     <span class='ocr_line' id='line_1_79' title="bbox 1970 3186 3543 3261; baseline 0.003 -19"><span class='ocrx_word' id='word_1_578' title='bbox 1970 3186 2030 3242; x_wconf 89' lang='lat' dir='ltr'><strong>ni</strong></span> <span class='ocrx_word' id='word_1_579' title='bbox 2063 3187 2263 3243; x_wconf 86' lang='lat' dir='ltr'><strong>malive</strong></span> <span class='ocrx_word' id='word_1_580' title='bbox 2283 3187 2585 3258; x_wconf 77' lang='lat' dir='ltr'><strong>optionem,</strong></span> <span class='ocrx_word' id='word_1_581' title='bbox 2614 3194 2780 3259; x_wconf 79' lang='lat' dir='ltr'><strong>atque</strong></span> <span class='ocrx_word' id='word_1_582' title='bbox 2805 3192 3206 3261; x_wconf 84' lang='lat' dir='ltr'><strong>propensionls</strong></span> <span class='ocrx_word' id='word_1_583' title='bbox 3243 3190 3301 3245; x_wconf 87' lang='lat' dir='ltr'><strong>in</strong></span> <span class='ocrx_word' id='word_1_584' title='bbox 3333 3190 3543 3248; x_wconf 51' lang='lat' dir='ltr'><strong>alterna</strong></span> 
     </span>
    </p>
   </div>
   <div class='ocr_carea' id='block_1_80' title="bbox 1972 3278 3546 3353">
    <p class='ocr_par' dir='ltr' id='par_1_80' title="bbox 1972 3278 3546 3353">
     <span class='ocr_line' id='line_1_80' title="bbox 1972 3278 3546 3353; baseline 0.003 -19"><span class='ocrx_word' id='word_1_585' title='bbox 1972 3286 2117 3334; x_wconf 89' lang='lat' dir='ltr'><strong>trum</strong></span> <span class='ocrx_word' id='word_1_586' title='bbox 2160 3278 2419 3335; x_wconf 88' lang='lat' dir='ltr'><strong>dominus</strong></span> <span class='ocrx_word' id='word_1_587' title='bbox 2459 3288 2625 3345; x_wconf 87' lang='lat' dir='ltr'><strong>esset,</strong></span> <span class='ocrx_word' id='word_1_588' title='bbox 2662 3282 2816 3351; x_wconf 82' lang='lat' dir='ltr'><strong>gravi</strong></span> <span class='ocrx_word' id='word_1_589' title='bbox 2863 3282 2991 3337; x_wconf 89' lang='lat' dir='ltr'><strong>dolo</strong></span> <span class='ocrx_word' id='word_1_590' title='bbox 3036 3290 3327 3353; x_wconf 87' lang='lat' dir='ltr'><strong>correptus</strong></span> <span class='ocrx_word' id='word_1_591' title='bbox 3355 3291 3462 3350; x_wconf 86' lang='lat' dir='ltr'><strong>est,</strong></span> <span class='ocrx_word' id='word_1_592' title='bbox 3488 3287 3546 3340; x_wconf 83' lang='lat' dir='ltr'><strong>et</strong></span> 
     </span>
    </p>
   </div>
   <div class='ocr_carea' id='block_1_81' title="bbox 1967 3370 3546 3442">
    <p class='ocr_par' dir='ltr' id='par_1_81' title="bbox 1967 3370 3546 3442">
     <span class='ocr_line' id='line_1_81' title="bbox 1967 3370 3546 3442; baseline 0.001 -16"><span class='ocrx_word' id='word_1_593' title='bbox 1967 3371 2026 3426; x_wconf 84' lang='lat' dir='ltr'><strong>in</strong></span> <span class='ocrx_word' id='word_1_594' title='bbox 2067 3370 2500 3427; x_wconf 78' lang='lat' dir='ltr'><strong>inobedientiam</strong></span> <span class='ocrx_word' id='word_1_595' title='bbox 2542 3371 2756 3442; x_wconf 88' lang='lat' dir='ltr'><strong>lapsus,</strong></span> <span class='ocrx_word' id='word_1_596' title='bbox 2790 3373 2848 3427; x_wconf 93' lang='lat' dir='ltr'><strong>in</strong></span> <span class='ocrx_word' id='word_1_597' title='bbox 2892 3380 3095 3428; x_wconf 85' lang='lat' dir='ltr'><strong>terram</strong></span> <span class='ocrx_word' id='word_1_598' title='bbox 3129 3379 3363 3428; x_wconf 87' lang='lat' dir='ltr'><strong>matrem</strong></span> <span class='ocrx_word' id='word_1_599' title='bbox 3398 3372 3546 3428; x_wconf 86' lang='lat' dir='ltr'><strong>unde</strong></span> 
     </span>
    </p>
   </div>
   <div class='ocr_carea' id='block_1_82' title="bbox 1968 3459 3547 3537">
    <p class='ocr_par' dir='ltr' id='par_1_82' title="bbox 1968 3459 3547 3537">
     <span class='ocr_line' id='line_1_82' title="bbox 1968 3459 3547 3537; baseline 0.003 -21"><span class='ocrx_word' id='word_1_600' title='bbox 1968 3459 2274 3532; x_wconf 81' lang='lat' dir='ltr'><strong>prodierat,</strong></span> <span class='ocrx_word' id='word_1_601' title='bbox 2301 3461 2522 3529; x_wconf 86' lang='lat' dir='ltr'><strong>decidit,</strong></span> <span class='ocrx_word' id='word_1_602' title='bbox 2557 3470 2612 3517; x_wconf 85' lang='lat' dir='ltr'><strong>et</strong></span> <span class='ocrx_word' id='word_1_603' title='bbox 2633 3463 2979 3533; x_wconf 87' lang='lat' dir='ltr'><strong>corruptioni</strong></span> <span class='ocrx_word' id='word_1_604' title='bbox 3016 3464 3236 3520; x_wconf 86' lang='lat' dir='ltr'><strong>demum</strong></span> <span class='ocrx_word' id='word_1_605' title='bbox 3271 3465 3547 3537; x_wconf 86' lang='lat' dir='ltr'><strong>mortique</strong></span> 
     </span>
    </p>
   </div>
   <div class='ocr_carea' id='block_1_83' title="bbox 1967 3553 3541 3626">
    <p class='ocr_par' dir='ltr' id='par_1_83' title="bbox 1967 3553 3541 3626">
     <span class='ocr_line' id='line_1_83' title="bbox 1967 3553 3541 3626; baseline 0.003 -18"><span class='ocrx_word' id='word_1_606' title='bbox 1967 3553 2270 3615; x_wconf 78' lang='lat' dir='ltr'><strong>obnoxius.</strong></span> <span class='ocrx_word' id='word_1_607' title='bbox 2304 3553 2362 3608; x_wconf 89' lang='lat' dir='ltr'><strong>in</strong></span> <span class='ocrx_word' id='word_1_608' title='bbox 2396 3554 2720 3611; x_wconf 87' lang='lat' dir='ltr'><strong>universum</strong></span> <span class='ocrx_word' id='word_1_609' title='bbox 2751 3565 2925 3626; x_wconf 84' lang='lat' dir='ltr'><strong>genus</strong></span> <span class='ocrx_word' id='word_1_610' title='bbox 2955 3555 3220 3612; x_wconf 85' lang='lat' dir='ltr'><strong>damnum</strong></span> <span class='ocrx_word' id='word_1_611' title='bbox 3249 3558 3541 3616; x_wconf 81' lang='lat' dir='ltr'><strong>transmit-</strong></span> 
     </span>
    </p>
   </div>
   <div class='ocr_carea' id='block_1_84' title="bbox 1968 3643 3544 3719">
    <p class='ocr_par' dir='ltr' id='par_1_84' title="bbox 1968 3643 3544 3719">
     <span class='ocr_line' id='line_1_84' title="bbox 1968 3643 3544 3719; baseline 0.004 -22"><span class='ocrx_word' id='word_1_612' title='bbox 1968 3643 2070 3710; x_wconf 88' lang='lat' dir='ltr'><strong>tit;</strong></span> <span class='ocrx_word' id='word_1_613' title='bbox 2104 3651 2394 3701; x_wconf 87' lang='lat' dir='ltr'><strong>crescente</strong></span> <span class='ocrx_word' id='word_1_614' title='bbox 2423 3660 2555 3701; x_wconf 90' lang='lat' dir='ltr'><strong>vero</strong></span> <span class='ocrx_word' id='word_1_615' title='bbox 2589 3646 2648 3701; x_wconf 85' lang='lat' dir='ltr'><strong>in</strong></span> <span class='ocrx_word' id='word_1_616' title='bbox 2680 3646 2845 3703; x_wconf 89' lang='lat' dir='ltr'><strong>nobis</strong></span> <span class='ocrx_word' id='word_1_617' title='bbox 2877 3651 2934 3702; x_wconf 88' lang='lat' dir='ltr'><strong>et</strong></span> <span class='ocrx_word' id='word_1_618' title='bbox 2970 3647 3341 3719; x_wconf 87' lang='lat' dir='ltr'><strong>multiplicato</strong></span> <span class='ocrx_word' id='word_1_619' title='bbox 3372 3647 3544 3713; x_wconf 85' lang='lat' dir='ltr'><strong>malo,</strong></span> 
     </span>
    </p>
   </div>
   <div class='ocr_carea' id='block_1_85' title="bbox 1967 3732 3548 3811">
    <p class='ocr_par' dir='ltr' id='par_1_85' title="bbox 1967 3732 3548 3811">
     <span class='ocr_line' id='line_1_85' title="bbox 1967 3732 3548 3811; baseline -0.001 -17"><span class='ocrx_word' id='word_1_620' title='bbox 1967 3742 2023 3794; x_wconf 89' lang='lat' dir='ltr'><strong>et</strong></span> <span class='ocrx_word' id='word_1_621' title='bbox 2051 3737 2239 3791; x_wconf 86' lang='lat' dir='ltr'><strong>animo</strong></span> <span class='ocrx_word' id='word_1_622' title='bbox 2275 3744 2473 3793; x_wconf 83' lang='lat' dir='ltr'><strong>nostro</strong></span> <span class='ocrx_word' id='word_1_623' title='bbox 2508 3732 2816 3810; x_wconf 60' lang='lat' dir='ltr'><strong>semper‘in</strong></span> <span class='ocrx_word' id='word_1_624' title='bbox 2848 3739 3008 3811; x_wconf 86' lang='lat' dir='ltr'><strong>pejus</strong></span> <span class='ocrx_word' id='word_1_625' title='bbox 3038 3748 3257 3805; x_wconf 87' lang='lat' dir='ltr'><strong>ruente,</strong></span> <span class='ocrx_word' id='word_1_626' title='bbox 3290 3740 3548 3811; x_wconf 75' lang='lat' dir='ltr'><strong>regnavit</strong></span> 
     </span>
    </p>
   </div>
   <div class='ocr_carea' id='block_1_86' title="bbox 1968 3828 3547 3900">
    <p class='ocr_par' dir='ltr' id='par_1_86' title="bbox 1968 3828 3547 3900">
     <span class='ocr_line' id='line_1_86' title="bbox 1968 3828 3547 3900; baseline 0.002 -17"><span class='ocrx_word' id='word_1_627' title='bbox 1968 3834 2282 3899; x_wconf 86' lang='lat' dir='ltr'><strong>peccatum,</strong></span> <span class='ocrx_word' id='word_1_628' title='bbox 2316 3836 2484 3899; x_wconf 86' lang='lat' dir='ltr'><strong>atque</strong></span> <span class='ocrx_word' id='word_1_629' title='bbox 2531 3830 2609 3885; x_wconf 87' lang='lat' dir='ltr'><strong>ita</strong></span> <span class='ocrx_word' id='word_1_630' title='bbox 2640 3830 2862 3886; x_wconf 89' lang='lat' dir='ltr'><strong>demum</strong></span> <span class='ocrx_word' id='word_1_631' title='bbox 2896 3838 3098 3885; x_wconf 82' lang='lat' dir='ltr'><strong>natura</strong></span> <span class='ocrx_word' id='word_1_632' title='bbox 3128 3828 3374 3885; x_wconf 86' lang='lat' dir='ltr'><strong>hominis</strong></span> <span class='ocrx_word' id='word_1_633' title='bbox 3417 3842 3547 3900; x_wconf 87' lang='lat' dir='ltr'><strong>spo-</strong></span> 
     </span>
    </p>
   </div>
   <div class='ocr_carea' id='block_1_87' title="bbox 1968 3918 3546 3990">
    <p class='ocr_par' dir='ltr' id='par_1_87' title="bbox 1968 3918 3546 3990">
     <span class='ocr_line' id='line_1_87' title="bbox 1968 3918 3546 3990; baseline 0.003 -17"><span class='ocrx_word' id='word_1_634' title='bbox 1968 3919 2102 3973; x_wconf 85' lang='lat' dir='ltr'><strong>Iiata</strong></span> <span class='ocrx_word' id='word_1_635' title='bbox 2122 3925 2209 3974; x_wconf 90' lang='lat' dir='ltr'><strong>est</strong></span> <span class='ocrx_word' id='word_1_636' title='bbox 2225 3918 2572 3975; x_wconf 87' lang='lat' dir='ltr'><strong>inhabitante</strong></span> <span class='ocrx_word' id='word_1_637' title='bbox 2583 3919 2812 3990; x_wconf 87' lang='lat' dir='ltr'><strong>Spiritu.</strong></span> <span class='ocrx_word' id='word_1_638' title='bbox 2840 3938 2860 3971; x_wconf 80' lang='grc' dir='ltr'><strong>ι</strong></span> <span class='ocrx_word' id='word_1_639' title='bbox 2894 3918 3297 3990; x_wconf 87' lang='lat' dir='ltr'><strong>Spiritusenim</strong></span> <span class='ocrx_word' id='word_1_640' title='bbox 3314 3928 3546 3978; x_wconf 89' lang='lat' dir='ltr'><strong>sanctus</strong></span> 
     </span>
    </p>
   </div>
   <div class='ocr_carea' id='block_1_88' title="bbox 1969 4008 3547 4082">
    <p class='ocr_par' dir='ltr' id='par_1_88' title="bbox 1969 4008 3547 4082">
     <span class='ocr_line' id='line_1_88' title="bbox 1969 4008 3547 4082; baseline 0.002 -17"><span class='ocrx_word' id='word_1_641' title='bbox 1969 4008 2256 4079; x_wconf 61' lang='lat' dir='ltr'><strong>sapientia</strong></span> <span class='ocrx_word' id='word_1_642' title='bbox 2294 4008 2483 4065; x_wconf 91' lang='lat' dir='ltr'><strong>dolum</strong></span> <span class='ocrx_word' id='word_1_643' title='bbox 2517 4010 2713 4082; x_wconf 81' lang='lat' dir='ltr'><strong>fugiet,</strong></span> <span class='ocrx_word' id='word_1_644' title='bbox 2746 4028 2766 4062; x_wconf 78' lang='grc' dir='ltr'><strong>ι</strong></span> <span class='ocrx_word' id='word_1_645' title='bbox 2814 4017 2875 4064; x_wconf 89' lang='grc' dir='ltr'><strong>ιιι</strong></span> <span class='ocrx_word' id='word_1_646' title='bbox 2922 4008 3193 4080; x_wconf 87' lang='lat' dir='ltr'><strong>scriptum</strong></span> <span class='ocrx_word' id='word_1_647' title='bbox 3230 4017 3337 4077; x_wconf 90' lang='lat' dir='ltr'><strong>est,</strong></span> <span class='ocrx_word' id='word_1_648' title='bbox 3376 4029 3397 4064; x_wconf 78' lang='grc' dir='ltr'><strong>ι</strong></span> <span class='ocrx_word' id='word_1_649' title='bbox 3443 4025 3547 4068; x_wconf 90' lang='lat' dir='ltr'><strong>nec</strong></span> 
     </span>
    </p>
   </div>
   <div class='ocr_carea' id='block_1_89' title="bbox 1968 4096 3548 4169">
    <p class='ocr_par' dir='ltr' id='par_1_89' title="bbox 1968 4096 3548 4169">
     <span class='ocr_line' id='line_1_89' title="bbox 1968 4096 3548 4169; baseline 0.001 -16"><span class='ocrx_word' id='word_1_650' title='bbox 1968 4097 2243 4153; x_wconf 87' lang='lat' dir='ltr'><strong>habitabit</strong></span> <span class='ocrx_word' id='word_1_651' title='bbox 2294 4098 2351 4153; x_wconf 92' lang='lat' dir='ltr'><strong>in</strong></span> <span class='ocrx_word' id='word_1_652' title='bbox 2405 4112 2637 4169; x_wconf 89' lang='lat' dir='ltr'><strong>corpore</strong></span> <span class='ocrx_word' id='word_1_653' title='bbox 2680 4097 2907 4155; x_wconf 80' lang='lat' dir='ltr'><strong>subdito</strong></span> <span class='ocrx_word' id='word_1_654' title='bbox 2939 4096 3269 4169; x_wconf 80' lang='lat' dir='ltr'><strong>peccatis&quot;.</strong></span> <span class='ocrx_word' id='word_1_655' title='bbox 3322 4116 3343 4151; x_wconf 81' lang='grc' dir='ltr'><strong>ι</strong></span> <span class='ocrx_word' id='word_1_656' title='bbox 3394 4098 3548 4165; x_wconf 83' lang='lat' dir='ltr'><strong>Quo-</strong></span> 
     </span>
    </p>
   </div>
   <div class='ocr_carea' id='block_1_90' title="bbox 1969 4190 3544 4264">
    <p class='ocr_par' dir='ltr' id='par_1_90' title="bbox 1969 4190 3544 4264">
     <span class='ocr_line' id='line_1_90' title="bbox 1969 4190 3544 4264; baseline 0.001 -19"><span class='ocrx_word' id='word_1_657' title='bbox 1969 4190 2118 4245; x_wconf 89' lang='lat' dir='ltr'><strong>niam</strong></span> <span class='ocrx_word' id='word_1_658' title='bbox 2140 4205 2273 4263; x_wconf 89' lang='lat' dir='ltr'><strong>ergo</strong></span> <span class='ocrx_word' id='word_1_659' title='bbox 2304 4191 2520 4264; x_wconf 85' lang='lat' dir='ltr'><strong>primus</strong></span> <span class='ocrx_word' id='word_1_660' title='bbox 2548 4191 2724 4247; x_wconf 71' lang='lat' dir='ltr'><strong>Adam</strong></span> <span class='ocrx_word' id='word_1_661' title='bbox 2755 4190 2994 4262; x_wconf 77' lang='lat' dir='ltr'><strong>gratiam</strong></span> <span class='ocrx_word' id='word_1_662' title='bbox 3023 4190 3133 4246; x_wconf 75' lang='lat' dir='ltr'><strong>sibi</strong></span> <span class='ocrx_word' id='word_1_663' title='bbox 3164 4206 3195 4245; x_wconf 88' lang='lat' dir='ltr'><strong>a</strong></span> <span class='ocrx_word' id='word_1_664' title='bbox 3218 4190 3330 4247; x_wconf 85' lang='lat' dir='ltr'><strong>Deo</strong></span> <span class='ocrx_word' id='word_1_665' title='bbox 3358 4191 3544 4248; x_wconf 82' lang='lat' dir='ltr'><strong>datam</strong></span> 
     </span>
    </p>
   </div>
   <div class='ocr_carea' id='block_1_91' title="bbox 1970 4282 3545 4351">
    <p class='ocr_par' dir='ltr' id='par_1_91' title="bbox 1970 4282 3545 4351">
     <span class='ocr_line' id='line_1_91' title="bbox 1970 4282 3545 4351; baseline 0.002 -15"><span class='ocrx_word' id='word_1_666' title='bbox 1970 4290 2445 4351; x_wconf 87' lang='lat' dir='ltr'><strong>non.servaverat,</strong></span> <span class='ocrx_word' id='word_1_667' title='bbox 2478 4283 2781 4341; x_wconf 85' lang='lat' dir='ltr'><strong>destinavit</strong></span> <span class='ocrx_word' id='word_1_668' title='bbox 2811 4282 2974 4340; x_wconf 88' lang='lat' dir='ltr'><strong>nobis</strong></span> <span class='ocrx_word' id='word_1_669' title='bbox 2994 4282 3216 4339; x_wconf 65' lang='lat' dir='ltr'><strong>caelitus</strong></span> <span class='ocrx_word' id='word_1_670' title='bbox 3241 4283 3545 4340; x_wconf 88' lang='lat' dir='ltr'><strong>secundum</strong></span> 
     </span>
    </p>
   </div>
   <div class='ocr_carea' id='block_1_92' title="bbox 283 4372 1866 4449">
    <p class='ocr_par' dir='ltr' id='par_1_92' title="bbox 283 4377 1862 4449">
     <span class='ocr_line' id='line_1_92' title="bbox 283 4377 1862 4449; baseline 0.002 -19"><span class='ocrx_word' id='word_1_671' title='bbox 283 4380 405 4442; x_wconf 75' lang='grc' dir='ltr'>καὶ,</span> <span class='ocrx_word' id='word_1_672' title='bbox 429 4377 535 4432; x_wconf 74' lang='grc' dir='ltr'><strong>«οὒ</strong></span> <span class='ocrx_word' id='word_1_673' title='bbox 560 4378 876 4449; x_wconf 84' lang='grc' dir='ltr'>κατοικήσει</span> <span class='ocrx_word' id='word_1_674' title='bbox 897 4378 956 4432; x_wconf 82' lang='grc' dir='ltr'>ὲν</span> <span class='ocrx_word' id='word_1_675' title='bbox 980 4378 1192 4448; x_wconf 77' lang='grc' dir='ltr'>σώματι</span> <span class='ocrx_word' id='word_1_676' title='bbox 1216 4378 1504 4448; x_wconf 83' lang='grc' dir='ltr'>κατάχρεῳ</span> <span class='ocrx_word' id='word_1_677' title='bbox 1524 4378 1815 4449; x_wconf 83' lang='grc' dir='ltr'>ἁμαρτίας.</span> <span class='ocrx_word' id='word_1_678' title='bbox 1843 4398 1862 4433; x_wconf 74' lang='grc' dir='ltr'><strong>ι</strong></span> 
     </span>
    </p>
   </div>
   <div class='ocr_carea' id='block_1_93' title="bbox 1968 4372 3551 4449">
    <p class='ocr_par' dir='ltr' id='par_1_93' title="bbox 1970 4372 3551 4431">
     <span class='ocr_line' id='line_1_93' title="bbox 1970 4372 3551 4431; baseline 0.001 -3"><span class='ocrx_word' id='word_1_679' title='bbox 1970 4373 2144 4428; x_wconf 83' lang='lat' dir='ltr'><strong>Adam</strong></span> <span class='ocrx_word' id='word_1_680' title='bbox 2195 4372 2341 4431; x_wconf 91' lang='lat' dir='ltr'><strong>Deus</strong></span> <span class='ocrx_word' id='word_1_681' title='bbox 2392 4388 2458 4429; x_wconf 83' lang='lat' dir='ltr'><strong>ac</strong></span> <span class='ocrx_word' id='word_1_682' title='bbox 2503 4373 2690 4430; x_wconf 85' lang='lat' dir='ltr'><strong>Pater.</strong></span> <span class='ocrx_word' id='word_1_683' title='bbox 2733 4373 2905 4429; x_wconf 70' lang='lat' dir='ltr'><strong>Mittit</strong></span> <span class='ocrx_word' id='word_1_684' title='bbox 2951 4374 3098 4430; x_wconf 87' lang='lat' dir='ltr'><strong>enim</strong></span> <span class='ocrx_word' id='word_1_685' title='bbox 3134 4373 3192 4429; x_wconf 92' lang='lat' dir='ltr'><strong>in</strong></span> <span class='ocrx_word' id='word_1_686' title='bbox 3231 4374 3551 4431; x_wconf 73' lang='lat' dir='ltr'><strong>similitudi~</strong></span> 
     </span>
    </p>
   </div>
   <div class='ocr_carea' id='block_1_94' title="bbox 296 4467 1859 4540">
    <p class='ocr_par' dir='ltr' id='par_1_94' title="bbox 296 4467 1859 4540">
     <span class='ocr_line' id='line_1_94' title="bbox 296 4467 1859 4540; baseline 0 -19"><span class='ocrx_word' id='word_1_687' title='bbox 296 4469 456 4521; x_wconf 80' lang='grc' dir='ltr'>Ἐπεὶ</span> <span class='ocrx_word' id='word_1_688' title='bbox 481 4467 726 4523; x_wconf 64' lang='grc' dir='ltr'>τοίνυνιό</span> <span class='ocrx_word' id='word_1_689' title='bbox 752 4468 967 4540; x_wconf 79' lang='grc' dir='ltr'>πρῶτος</span> <span class='ocrx_word' id='word_1_690' title='bbox 1004 4469 1175 4539; x_wconf 75' lang='grc' dir='ltr'>Ἀδὰμ</span> <span class='ocrx_word' id='word_1_691' title='bbox 1211 4467 1310 4539; x_wconf 78' lang='grc' dir='ltr'><strong>τὴν</strong></span> <span class='ocrx_word' id='word_1_692' title='bbox 1348 4467 1498 4539; x_wconf 87' lang='grc' dir='ltr'><strong>παρά</strong></span> <span class='ocrx_word' id='word_1_693' title='bbox 1531 4468 1664 4521; x_wconf 82' lang='grc' dir='ltr'>Θεοῦ</span> <span class='ocrx_word' id='word_1_694' title='bbox 1694 4467 1859 4522; x_wconf 79' lang='grc' dir='ltr'>δοθεῖ·</span> 
     </span>
    </p>
   </div>
   <div class='ocr_carea' id='block_1_95' title="bbox 281 4556 1864 4630">
    <p class='ocr_par' dir='ltr' id='par_1_95' title="bbox 281 4556 1864 4630">
     <span class='ocr_line' id='line_1_95' title="bbox 281 4556 1864 4630; baseline 0.003 -20"><span class='ocrx_word' id='word_1_695' title='bbox 281 4574 388 4610; x_wconf 82' lang='grc' dir='ltr'><strong>σαν</strong></span> <span class='ocrx_word' id='word_1_696' title='bbox 438 4558 501 4610; x_wconf 76' lang='grc' dir='ltr'>οὐ</span> <span class='ocrx_word' id='word_1_697' title='bbox 550 4556 774 4611; x_wconf 81' lang='grc' dir='ltr'>διέσωσε</span> <span class='ocrx_word' id='word_1_698' title='bbox 805 4559 985 4629; x_wconf 86' lang='grc' dir='ltr'>χάριν,</span> <span class='ocrx_word' id='word_1_699' title='bbox 1030 4558 1320 4630; x_wconf 77' lang='grc' dir='ltr'>ἐπενόησεν</span> <span class='ocrx_word' id='word_1_700' title='bbox 1349 4561 1482 4630; x_wconf 79' lang='grc' dir='ltr'>ἡμῖν</span> <span class='ocrx_word' id='word_1_701' title='bbox 1528 4557 1588 4623; x_wconf 75' lang='grc' dir='ltr'>ἐξ</span> <span class='ocrx_word' id='word_1_702' title='bbox 1636 4559 1864 4630; x_wconf 82' lang='grc' dir='ltr'>οὐρανοῦ</span> 
     </span>
    </p>
   </div>
   <div class='ocr_carea' id='block_1_96' title="bbox 278 4646 1868 4719">
    <p class='ocr_par' dir='ltr' id='par_1_96' title="bbox 278 4646 1868 4719">
     <span class='ocr_line' id='line_1_96' title="bbox 278 4646 1868 4719; baseline 0.001 -20"><span class='ocrx_word' id='word_1_703' title='bbox 278 4646 377 4700; x_wconf 76' lang='grc' dir='ltr'><strong>τὸν</strong></span> <span class='ocrx_word' id='word_1_704' title='bbox 406 4646 663 4716; x_wconf 81' lang='grc' dir='ltr'>δεύτερον</span> <span class='ocrx_word' id='word_1_705' title='bbox 705 4647 880 4718; x_wconf 77' lang='grc' dir='ltr'>’Δδὰμ</span> <span class='ocrx_word' id='word_1_706' title='bbox 908 4647 938 4698; x_wconf 91' lang='lat'><strong>6</strong></span> <span class='ocrx_word' id='word_1_707' title='bbox 974 4646 1107 4709; x_wconf 77' lang='grc' dir='ltr'>Θεὸς</span> <span class='ocrx_word' id='word_1_708' title='bbox 1133 4648 1227 4701; x_wconf 78' lang='grc' dir='ltr'><strong>καὶ</strong></span> <span class='ocrx_word' id='word_1_709' title='bbox 1255 4647 1463 4719; x_wconf 83' lang='grc' dir='ltr'>Πατήρ.</span> <span class='ocrx_word' id='word_1_710' title='bbox 1500 4646 1713 4718; x_wconf 83' lang='grc' dir='ltr'>Πέμπει</span> <span class='ocrx_word' id='word_1_711' title='bbox 1757 4646 1868 4718; x_wconf 77' lang='grc' dir='ltr'>γὰρ</span> 
     </span>
    </p>
   </div>
   <div class='ocr_carea' id='block_1_97' title="bbox 281 4737 1870 4811">
    <p class='ocr_par' dir='ltr' id='par_1_97' title="bbox 281 4737 1870 4811">
     <span class='ocr_line' id='line_1_97' title="bbox 281 4737 1870 4811; baseline 0.003 -23"><span class='ocrx_word' id='word_1_712' title='bbox 281 4738 365 4800; x_wconf 77' lang='grc' dir='ltr'><strong>εἰς</strong></span> <span class='ocrx_word' id='word_1_713' title='bbox 407 4737 672 4807; x_wconf 80' lang='grc' dir='ltr'>ὁμοίωσιν</span> <span class='ocrx_word' id='word_1_714' title='bbox 713 4737 814 4811; x_wconf 80' lang='grc' dir='ltr'><strong>τὴν</strong></span> <span class='ocrx_word' id='word_1_715' title='bbox 847 4738 984 4811; x_wconf 79' lang='grc' dir='ltr'>πρὸς</span> <span class='ocrx_word' id='word_1_716' title='bbox 1012 4740 1160 4810; x_wconf 80' lang='grc' dir='ltr'>ἡμᾶς</span> <span class='ocrx_word' id='word_1_717' title='bbox 1193 4739 1458 4809; x_wconf 76' lang='grc' dir='ltr'>ἀτρεπτόν</span> <span class='ocrx_word' id='word_1_718' title='bbox 1489 4755 1549 4792; x_wconf 88' lang='grc' dir='ltr'><strong>τε</strong></span> <span class='ocrx_word' id='word_1_719' title='bbox 1580 4739 1674 4793; x_wconf 79' lang='grc' dir='ltr'><strong>καὶ</strong></span> <span class='ocrx_word' id='word_1_720' title='bbox 1710 4737 1870 4793; x_wconf 84' lang='grc' dir='ltr'>ἀναλ-</span> 
     </span>
    </p>
   </div>
   <div class='ocr_carea' id='block_1_98' title="bbox 283 4827 1870 4901">
    <p class='ocr_par' dir='ltr' id='par_1_98' title="bbox 283 4827 1870 4901">
     <span class='ocr_line' id='line_1_98' title="bbox 283 4827 1870 4901; baseline 0.001 -19"><span class='ocrx_word' id='word_1_721' title='bbox 283 4828 508 4884; x_wconf 84' lang='grc' dir='ltr'>λοίωτον</span> <span class='ocrx_word' id='word_1_722' title='bbox 528 4828 663 4883; x_wconf 72' lang='grc' dir='ltr'>ὄντα</span> <span class='ocrx_word' id='word_1_723' title='bbox 684 4832 753 4901; x_wconf 76' lang='grc' dir='ltr'>τῇ</span> <span class='ocrx_word' id='word_1_724' title='bbox 772 4829 931 4899; x_wconf 80' lang='grc' dir='ltr'>φύσει</span> <span class='ocrx_word' id='word_1_725' title='bbox 946 4830 1040 4883; x_wconf 80' lang='grc' dir='ltr'>τὸν</span> <span class='ocrx_word' id='word_1_726' title='bbox 1067 4829 1197 4883; x_wconf 84' lang='grc' dir='ltr'>ίδιον</span> <span class='ocrx_word' id='word_1_727' title='bbox 1222 4829 1372 4894; x_wconf 75' lang='grc' dir='ltr'>Υίδν,</span> <span class='ocrx_word' id='word_1_728' title='bbox 1398 4829 1494 4883; x_wconf 76' lang='grc' dir='ltr'>καὶ</span> <span class='ocrx_word' id='word_1_729' title='bbox 1516 4828 1577 4884; x_wconf 85' lang='grc' dir='ltr'>τὺ</span> <span class='ocrx_word' id='word_1_730' title='bbox 1605 4827 1870 4899; x_wconf 76' lang='grc' dir='ltr'>ἁμαρτεῖν</span> 
     </span>
    </p>
   </div>
   <div class='ocr_carea' id='block_1_99' title="bbox 281 4918 1868 4994">
    <p class='ocr_par' dir='ltr' id='par_1_99' title="bbox 281 4918 1868 4994">
     <span class='ocr_line' id='line_1_99' title="bbox 281 4918 1868 4994; baseline 0 -21"><span class='ocrx_word' id='word_1_731' title='bbox 281 4921 386 4974; x_wconf 69' lang='grc' dir='ltr'>οὐκ</span> <span class='ocrx_word' id='word_1_732' title='bbox 415 4919 598 4975; x_wconf 75' lang='grc' dir='ltr'>είδάτα</span> <span class='ocrx_word' id='word_1_733' title='bbox 623 4921 918 4988; x_wconf 66' lang='grc' dir='ltr'>παντελῶς,</span> <span class='ocrx_word' id='word_1_734' title='bbox 957 4922 1045 4975; x_wconf 81' lang='grc' dir='ltr'><strong>ῐνα</strong></span> <span class='ocrx_word' id='word_1_735' title='bbox 1074 4921 1323 4994; x_wconf 85' lang='grc' dir='ltr'>καθάπερ</span> <span class='ocrx_word' id='word_1_736' title='bbox 1348 4922 1437 4976; x_wconf 76' lang='grc' dir='ltr'><strong>διὰ</strong></span> <span class='ocrx_word' id='word_1_737' title='bbox 1462 4921 1560 4992; x_wconf 84' lang='grc' dir='ltr'>τῆς</span> <span class='ocrx_word' id='word_1_738' title='bbox 1589 4919 1684 4974; x_wconf 84' lang='grc' dir='ltr'><strong>τοῦ</strong></span> <span class='ocrx_word' id='word_1_739' title='bbox 1716 4918 1868 4989; x_wconf 82' lang='grc' dir='ltr'>πρώ-</span> 
     </span>
    </p>
   </div>
   <div class='ocr_carea' id='block_1_100' title="bbox 290 5009 1872 5084">
    <p class='ocr_par' dir='ltr' id='par_1_100' title="bbox 290 5009 1872 5084">
     <span class='ocr_line' id='line_1_100' title="bbox 290 5009 1872 5084; baseline 0.001 -21"><span class='ocrx_word' id='word_1_740' title='bbox 290 5026 379 5063; x_wconf 78' lang='grc' dir='ltr'><strong>του</strong></span> <span class='ocrx_word' id='word_1_741' title='bbox 414 5010 706 5082; x_wconf 81' lang='grc' dir='ltr'>παρακοῆς</span> <span class='ocrx_word' id='word_1_742' title='bbox 736 5010 841 5065; x_wconf 82' lang='grc' dir='ltr'><strong>ὑπὸ</strong></span> <span class='ocrx_word' id='word_1_743' title='bbox 867 5011 1017 5068; x_wconf 87' lang='grc' dir='ltr'>θείαν</span> <span class='ocrx_word' id='word_1_744' title='bbox 1042 5012 1345 5083; x_wconf 87' lang='grc' dir='ltr'>γεγόναμεν</span> <span class='ocrx_word' id='word_1_745' title='bbox 1379 5012 1569 5084; x_wconf 83' lang='grc' dir='ltr'>ὀργὴν,</span> <span class='ocrx_word' id='word_1_746' title='bbox 1611 5011 1753 5065; x_wconf 78' lang='grc' dir='ltr'>οὕτω</span> <span class='ocrx_word' id='word_1_747' title='bbox 1781 5009 1872 5065; x_wconf 83' lang='grc' dir='ltr'>διὰ</span> 
     </span>
    </p>
   </div>
   <div class='ocr_carea' id='block_1_101' title="bbox 292 5101 1866 5177">
    <p class='ocr_par' dir='ltr' id='par_1_101' title="bbox 292 5101 1866 5177">
     <span class='ocr_line' id='line_1_101' title="bbox 292 5101 1866 5177; baseline 0 -21"><span class='ocrx_word' id='word_1_748' title='bbox 292 5104 383 5174; x_wconf 80' lang='grc' dir='ltr'>ιῆς</span> <span class='ocrx_word' id='word_1_749' title='bbox 408 5104 666 5176; x_wconf 80' lang='grc' dir='ltr'>ὑπακοῆς</span> <span class='ocrx_word' id='word_1_750' title='bbox 687 5102 783 5159; x_wconf 85' lang='grc' dir='ltr'><strong>τοῦ</strong></span> <span class='ocrx_word' id='word_1_751' title='bbox 804 5104 1080 5177; x_wconf 83' lang='grc' dir='ltr'>δευτέρου,</span> <span class='ocrx_word' id='word_1_752' title='bbox 1105 5105 1202 5158; x_wconf 73' lang='grc' dir='ltr'>καὶ</span> <span class='ocrx_word' id='word_1_753' title='bbox 1220 5104 1319 5173; x_wconf 85' lang='grc' dir='ltr'>τὴν</span> <span class='ocrx_word' id='word_1_754' title='bbox 1338 5104 1477 5174; x_wconf 81' lang='grc' dir='ltr'>ἀρὰν</span> <span class='ocrx_word' id='word_1_755' title='bbox 1495 5101 1866 5173; x_wconf 83' lang='grc' dir='ltr'>διαφύγωμεν,</span> 
     </span>
    </p>
   </div>
   <div class='ocr_carea' id='block_1_102' title="bbox 286 5193 1870 5267">
    <p class='ocr_par' dir='ltr' id='par_1_102' title="bbox 286 5193 1870 5267">
     <span class='ocr_line' id='line_1_102' title="bbox 286 5193 1870 5267; baseline 0.002 -21"><span class='ocrx_word' id='word_1_756' title='bbox 286 5194 379 5246; x_wconf 76' lang='grc' dir='ltr'>καὶ</span> <span class='ocrx_word' id='word_1_757' title='bbox 404 5195 480 5247; x_wconf 81' lang='grc' dir='ltr'>τὰ</span> <span class='ocrx_word' id='word_1_758' title='bbox 515 5194 578 5259; x_wconf 71' lang='grc' dir='ltr'><strong>ἐξ</strong></span> <span class='ocrx_word' id='word_1_759' title='bbox 615 5194 788 5262; x_wconf 81' lang='grc' dir='ltr'>αὐτῆς</span> <span class='ocrx_word' id='word_1_760' title='bbox 810 5196 1027 5267; x_wconf 78' lang='grc' dir='ltr'>ἀργήσῃ</span> <span class='ocrx_word' id='word_1_761' title='bbox 1050 5194 1218 5251; x_wconf 81' lang='grc' dir='ltr'>κακά.</span> <span class='ocrx_word' id='word_1_762' title='bbox 1261 5193 1477 5266; x_wconf 83' lang='grc' dir='ltr'>Ἐπειδὴ</span> <span class='ocrx_word' id='word_1_763' title='bbox 1502 5193 1560 5248; x_wconf 77' lang='grc' dir='ltr'>δὲ</span> <span class='ocrx_word' id='word_1_764' title='bbox 1584 5193 1870 5265; x_wconf 79' lang='grc' dir='ltr'>ἄνθρωπος</span> 
     </span>
    </p>
   </div>
   <div class='ocr_carea' id='block_1_103' title="bbox 280 5284 1870 5359">
    <p class='ocr_par' dir='ltr' id='par_1_103' title="bbox 280 5284 1870 5359">
     <span class='ocr_line' id='line_1_103' title="bbox 280 5284 1870 5359; baseline 0.001 -20"><span class='ocrx_word' id='word_1_765' title='bbox 280 5288 511 5355; x_wconf 77' lang='grc' dir='ltr'>γέγονεν</span> <span class='ocrx_word' id='word_1_766' title='bbox 543 5288 576 5340; x_wconf 90' lang='lat'><strong>6</strong></span> <span class='ocrx_word' id='word_1_767' title='bbox 612 5286 706 5340; x_wconf 87' lang='grc' dir='ltr'><strong>τοῦ</strong></span> <span class='ocrx_word' id='word_1_768' title='bbox 729 5287 866 5340; x_wconf 74' lang='grc' dir='ltr'>Θεοῦ</span> <span class='ocrx_word' id='word_1_769' title='bbox 892 5287 1083 5357; x_wconf 85' lang='grc' dir='ltr'>Λόγος,</span> <span class='ocrx_word' id='word_1_770' title='bbox 1130 5286 1344 5358; x_wconf 84' lang='grc' dir='ltr'>δέχεται</span> <span class='ocrx_word' id='word_1_771' title='bbox 1372 5285 1434 5339; x_wconf 83' lang='grc' dir='ltr'><strong>τὸ</strong></span> <span class='ocrx_word' id='word_1_772' title='bbox 1462 5284 1686 5357; x_wconf 86' lang='grc' dir='ltr'>Πνεῦμα</span> <span class='ocrx_word' id='word_1_773' title='bbox 1717 5286 1870 5359; x_wconf 83' lang='grc' dir='ltr'><strong>παρά</strong></span> 
     </span>
    </p>
   </div>
   <div class='ocr_carea' id='block_1_104' title="bbox 281 5365 1867 5451">
    <p class='ocr_par' dir='ltr' id='par_1_104' title="bbox 281 5365 1867 5451">
     <span class='ocr_line' id='line_1_104' title="bbox 281 5365 1867 5451; baseline 0.001 -21"><span class='ocrx_word' id='word_1_774' title='bbox 281 5377 375 5430; x_wconf 78' lang='grc' dir='ltr'><strong>τοῦ</strong></span> <span class='ocrx_word' id='word_1_775' title='bbox 412 5365 653 5449; x_wconf 54' lang='grc' dir='ltr'>Πατρδς,</span> <span class='ocrx_word' id='word_1_776' title='bbox 674 5378 751 5441; x_wconf 85' lang='grc' dir='ltr'>ὡς</span> <span class='ocrx_word' id='word_1_777' title='bbox 779 5372 860 5442; x_wconf 77' lang='grc' dir='ltr'>εἷς</span> <span class='ocrx_word' id='word_1_778' title='bbox 884 5378 945 5444; x_wconf 70' lang='grc' dir='ltr'>ἐξ</span> <span class='ocrx_word' id='word_1_779' title='bbox 967 5382 1001 5450; x_wconf 80' lang='grc' dir='ltr'>ἡ</span> <span class='ocrx_word' id='word_1_780' title='bbox 1011 5378 1145 5451; x_wconf 85' lang='grc' dir='ltr'>μῶν,</span> <span class='ocrx_word' id='word_1_781' title='bbox 1180 5379 1279 5451; x_wconf 86' lang='grc' dir='ltr'>οὐχ</span> <span class='ocrx_word' id='word_1_782' title='bbox 1308 5376 1484 5448; x_wconf 79' lang='grc' dir='ltr'>ἑαυτῷ</span> <span class='ocrx_word' id='word_1_783' title='bbox 1509 5394 1560 5431; x_wconf 93' lang='grc' dir='ltr'><strong>τι</strong></span> <span class='ocrx_word' id='word_1_784' title='bbox 1578 5377 1867 5448; x_wconf 80' lang='grc' dir='ltr'>λαμσάνων</span> 
     </span>
    </p>
   </div>
   <div class='ocr_carea' id='block_1_105' title="bbox 284 5465 1865 5542">
    <p class='ocr_par' dir='ltr' id='par_1_105' title="bbox 284 5465 1865 5542">
     <span class='ocr_line' id='line_1_105' title="bbox 284 5465 1865 5542; baseline 0.002 -23"><span class='ocrx_word' id='word_1_785' title='bbox 284 5465 519 5529; x_wconf 74' lang='grc' dir='ltr'>ἰδικῶς·</span> <span class='ocrx_word' id='word_1_786' title='bbox 557 5468 722 5532; x_wconf 74' lang='grc' dir='ltr'>αὐτὸς</span> <span class='ocrx_word' id='word_1_787' title='bbox 765 5470 873 5541; x_wconf 83' lang='grc' dir='ltr'>γὰρ</span> <span class='ocrx_word' id='word_1_788' title='bbox 914 5465 983 5542; x_wconf 80' lang='grc' dir='ltr'>ἦν</span> <span class='ocrx_word' id='word_1_789' title='bbox 1018 5470 1048 5522; x_wconf 90' lang='lat'><strong>6</strong></span> <span class='ocrx_word' id='word_1_790' title='bbox 1092 5469 1186 5523; x_wconf 85' lang='grc' dir='ltr'><strong>τοῦ</strong></span> <span class='ocrx_word' id='word_1_791' title='bbox 1234 5469 1550 5541; x_wconf 84' lang='grc' dir='ltr'>Πνεύματος</span> <span class='ocrx_word' id='word_1_792' title='bbox 1596 5468 1865 5537; x_wconf 83' lang='grc' dir='ltr'>χορηγός’</span> 
     </span>
    </p>
   </div>
   <div class='ocr_carea' id='block_1_106' title="bbox 1969 4465 3549 4524">
    <p class='ocr_par' dir='ltr' id='par_1_106' title="bbox 1969 4465 3549 4524">
     <span class='ocr_line' id='line_1_106' title="bbox 1969 4465 3549 4524; baseline 0.001 -4"><span class='ocrx_word' id='word_1_793' title='bbox 1969 4480 2095 4520; x_wconf 90' lang='lat' dir='ltr'><strong>nem</strong></span> <span class='ocrx_word' id='word_1_794' title='bbox 2139 4466 2318 4521; x_wconf 87' lang='lat' dir='ltr'><strong>nostri</strong></span> <span class='ocrx_word' id='word_1_795' title='bbox 2356 4480 2518 4522; x_wconf 88' lang='lat' dir='ltr'><strong>suum</strong></span> <span class='ocrx_word' id='word_1_796' title='bbox 2543 4465 2747 4521; x_wconf 82' lang='lat' dir='ltr'><strong>Filium</strong></span> <span class='ocrx_word' id='word_1_797' title='bbox 2779 4474 2977 4521; x_wconf 84' lang='lat' dir='ltr'><strong>natura</strong></span> <span class='ocrx_word' id='word_1_798' title='bbox 3010 4481 3112 4522; x_wconf 90' lang='lat' dir='ltr'><strong>sua</strong></span> <span class='ocrx_word' id='word_1_799' title='bbox 3137 4466 3468 4524; x_wconf 86' lang='lat' dir='ltr'><strong>mutationis</strong></span> <span class='ocrx_word' id='word_1_800' title='bbox 3493 4476 3549 4524; x_wconf 91' lang='lat' dir='ltr'><strong>et</strong></span> 
     </span>
    </p>
   </div>
   <div class='ocr_carea' id='block_1_107' title="bbox 1973 4556 3545 4628">
    <p class='ocr_par' dir='ltr' id='par_1_107' title="bbox 1973 4556 3545 4628">
     <span class='ocr_line' id='line_1_107' title="bbox 1973 4556 3545 4628; baseline 0.001 -17"><span class='ocrx_word' id='word_1_801' title='bbox 1973 4556 2319 4614; x_wconf 87' lang='lat' dir='ltr'><strong>alterationis</strong></span> <span class='ocrx_word' id='word_1_802' title='bbox 2348 4558 2621 4624; x_wconf 88' lang='lat' dir='ltr'><strong>nescium,</strong></span> <span class='ocrx_word' id='word_1_803' title='bbox 2647 4564 2704 4612; x_wconf 88' lang='lat' dir='ltr'><strong>et</strong></span> <span class='ocrx_word' id='word_1_804' title='bbox 2732 4556 2942 4626; x_wconf 90' lang='lat' dir='ltr'><strong>peccati</strong></span> <span class='ocrx_word' id='word_1_805' title='bbox 2974 4571 3206 4628; x_wconf 88' lang='lat' dir='ltr'><strong>prorsus</strong></span> <span class='ocrx_word' id='word_1_806' title='bbox 3236 4567 3545 4628; x_wconf 79' lang='lat' dir='ltr'><strong>expertem,</strong></span> 
     </span>
    </p>
   </div>
   <div class='ocr_carea' id='block_1_108' title="bbox 1974 4649 3550 4721">
    <p class='ocr_par' dir='ltr' id='par_1_108' title="bbox 1974 4649 3550 4721">
     <span class='ocr_line' id='line_1_108' title="bbox 1974 4649 3550 4721; baseline 0.002 -18"><span class='ocrx_word' id='word_1_807' title='bbox 1974 4659 2035 4704; x_wconf 89' lang='lat' dir='ltr'><strong>ut</strong></span> <span class='ocrx_word' id='word_1_808' title='bbox 2068 4649 2533 4718; x_wconf 88' lang='lat' dir='ltr'><strong>quemadmodum</strong></span> <span class='ocrx_word' id='word_1_809' title='bbox 2564 4664 2661 4721; x_wconf 90' lang='lat' dir='ltr'><strong>per</strong></span> <span class='ocrx_word' id='word_1_810' title='bbox 2691 4650 3119 4707; x_wconf 87' lang='lat' dir='ltr'><strong>inobedicntiam</strong></span> <span class='ocrx_word' id='word_1_811' title='bbox 3149 4650 3316 4720; x_wconf 84' lang='lat' dir='ltr'><strong>primi</strong></span> <span class='ocrx_word' id='word_1_812' title='bbox 3348 4651 3550 4707; x_wconf 59' lang='lat' dir='ltr'><strong>divina</strong></span> 
     </span>
    </p>
   </div>
   <div class='ocr_carea' id='block_1_109' title="bbox 1973 4736 3550 4810">
    <p class='ocr_par' dir='ltr' id='par_1_109' title="bbox 1973 4736 3550 4810">
     <span class='ocr_line' id='line_1_109' title="bbox 1973 4736 3550 4810; baseline 0.004 -21"><span class='ocrx_word' id='word_1_813' title='bbox 1973 4736 2071 4792; x_wconf 69' lang='lat' dir='ltr'><strong>iraa</strong></span> <span class='ocrx_word' id='word_1_814' title='bbox 2104 4736 2345 4808; x_wconf 82' lang='lat' dir='ltr'><strong>subjecti</strong></span> <span class='ocrx_word' id='word_1_815' title='bbox 2385 4737 2615 4807; x_wconf 80' lang='lat' dir='ltr'><strong>fuimus,</strong></span> <span class='ocrx_word' id='word_1_816' title='bbox 2652 4738 2727 4794; x_wconf 91' lang='lat' dir='ltr'><strong>ita</strong></span> <span class='ocrx_word' id='word_1_817' title='bbox 2769 4755 2869 4810; x_wconf 91' lang='lat' dir='ltr'><strong>per</strong></span> <span class='ocrx_word' id='word_1_818' title='bbox 2903 4738 3271 4796; x_wconf 88' lang='lat' dir='ltr'><strong>obedientiam</strong></span> <span class='ocrx_word' id='word_1_819' title='bbox 3322 4739 3550 4796; x_wconf 86' lang='lat' dir='ltr'><strong>secundi</strong></span> 
     </span>
    </p>
   </div>
   <div class='ocr_carea' id='block_1_110' title="bbox 1971 4829 3549 4904">
    <p class='ocr_par' dir='ltr' id='par_1_110' title="bbox 1971 4829 3549 4904">
     <span class='ocr_line' id='line_1_110' title="bbox 1971 4829 3549 4904; baseline 0.001 -21"><span class='ocrx_word' id='word_1_820' title='bbox 1971 4829 2423 4887; x_wconf 88' lang='lat' dir='ltr'><strong>maledictionem</strong></span> <span class='ocrx_word' id='word_1_821' title='bbox 2476 4847 2698 4904; x_wconf 91' lang='lat' dir='ltr'><strong>quoque</strong></span> <span class='ocrx_word' id='word_1_822' title='bbox 2747 4830 3061 4904; x_wconf 85' lang='lat' dir='ltr'><strong>fugiamus,</strong></span> <span class='ocrx_word' id='word_1_823' title='bbox 3121 4837 3178 4886; x_wconf 90' lang='lat' dir='ltr'><strong>et</strong></span> <span class='ocrx_word' id='word_1_824' title='bbox 3219 4830 3341 4901; x_wconf 83' lang='lat' dir='ltr'><strong>ejus</strong></span> <span class='ocrx_word' id='word_1_825' title='bbox 3403 4832 3549 4885; x_wconf 83' lang='lat' dir='ltr'><strong>mala</strong></span> 
     </span>
    </p>
   </div>
   <div class='ocr_carea' id='block_1_111' title="bbox 1970 4920 3548 4980">
    <p class='ocr_par' dir='ltr' id='par_1_111' title="bbox 1970 4920 3548 4980">
     <span class='ocr_line' id='line_1_111' title="bbox 1970 4920 3548 4980; baseline 0.002 -5"><span class='ocrx_word' id='word_1_826' title='bbox 1970 4930 2194 4978; x_wconf 86' lang='lat' dir='ltr'><strong>cessent</strong></span> <span class='ocrx_word' id='word_1_827' title='bbox 2224 4921 2290 4977; x_wconf 81' lang='grc'><strong>³⁸.</strong></span> <span class='ocrx_word' id='word_1_828' title='bbox 2312 4923 2451 4979; x_wconf 88' lang='lat' dir='ltr'><strong>Cum</strong></span> <span class='ocrx_word' id='word_1_829' title='bbox 2484 4932 2667 4980; x_wconf 89' lang='lat' dir='ltr'><strong>autem</strong></span> <span class='ocrx_word' id='word_1_830' title='bbox 2710 4921 2880 4979; x_wconf 87' lang='lat' dir='ltr'><strong>homo</strong></span> <span class='ocrx_word' id='word_1_831' title='bbox 2915 4923 3124 4979; x_wconf 83' lang='lat' dir='ltr'><strong>factum</strong></span> <span class='ocrx_word' id='word_1_832' title='bbox 3157 4922 3232 4978; x_wconf 86' lang='lat' dir='ltr'><strong>sit</strong></span> <span class='ocrx_word' id='word_1_833' title='bbox 3277 4921 3373 4977; x_wconf 88' lang='lat' dir='ltr'><strong>Dei</strong></span> <span class='ocrx_word' id='word_1_834' title='bbox 3408 4920 3548 4978; x_wconf 73' lang='lat' dir='ltr'><strong>Ver—</strong></span> 
     </span>
    </p>
   </div>
   <div class='ocr_carea' id='block_1_112' title="bbox 1969 5010 3543 5085">
    <p class='ocr_par' dir='ltr' id='par_1_112' title="bbox 1969 5010 3543 5085">
     <span class='ocr_line' id='line_1_112' title="bbox 1969 5010 3543 5085; baseline 0.002 -19"><span class='ocrx_word' id='word_1_835' title='bbox 1969 5011 2135 5077; x_wconf 91' lang='lat' dir='ltr'><strong>bum,</strong></span> <span class='ocrx_word' id='word_1_836' title='bbox 2169 5010 2438 5084; x_wconf 81' lang='lat' dir='ltr'><strong>Spiritum</strong></span> <span class='ocrx_word' id='word_1_837' title='bbox 2474 5023 2506 5070; x_wconf 88' lang='lat' dir='ltr'><strong>a</strong></span> <span class='ocrx_word' id='word_1_838' title='bbox 2533 5013 2695 5070; x_wconf 86' lang='lat' dir='ltr'><strong>Patre</strong></span> <span class='ocrx_word' id='word_1_839' title='bbox 2730 5015 2956 5085; x_wconf 83' lang='lat' dir='ltr'><strong>accipit,</strong></span> <span class='ocrx_word' id='word_1_840' title='bbox 2992 5021 3053 5068; x_wconf 91' lang='lat' dir='ltr'><strong>ut</strong></span> <span class='ocrx_word' id='word_1_841' title='bbox 3096 5028 3240 5069; x_wconf 88' lang='lat' dir='ltr'><strong>unus</strong></span> <span class='ocrx_word' id='word_1_842' title='bbox 3278 5028 3310 5068; x_wconf 91' lang='lat' dir='ltr'><strong>e</strong></span> <span class='ocrx_word' id='word_1_843' title='bbox 3355 5013 3543 5078; x_wconf 88' lang='lat' dir='ltr'><strong>nobis,</strong></span> 
     </span>
    </p>
   </div>
   <div class='ocr_carea' id='block_1_113' title="bbox 1970 5102 3544 5175">
    <p class='ocr_par' dir='ltr' id='par_1_113' title="bbox 1970 5102 3544 5175">
     <span class='ocr_line' id='line_1_113' title="bbox 1970 5102 3544 5175; baseline 0.002 -20"><span class='ocrx_word' id='word_1_844' title='bbox 1970 5115 2080 5156; x_wconf 86' lang='lat' dir='ltr'><strong>non</strong></span> <span class='ocrx_word' id='word_1_845' title='bbox 2122 5102 2228 5159; x_wconf 88' lang='lat' dir='ltr'><strong>sibi</strong></span> <span class='ocrx_word' id='word_1_846' title='bbox 2271 5104 2480 5175; x_wconf 80' lang='lat' dir='ltr'><strong>aliquid</strong></span> <span class='ocrx_word' id='word_1_847' title='bbox 2516 5104 2833 5175; x_wconf 88' lang='lat' dir='ltr'><strong>specialiter</strong></span> <span class='ocrx_word' id='word_1_848' title='bbox 2877 5104 3155 5174; x_wconf 86' lang='lat' dir='ltr'><strong>accipiens</strong></span> <span class='ocrx_word' id='word_1_849' title='bbox 3202 5102 3353 5172; x_wconf 87' lang='lat' dir='ltr'><strong>(erat</strong></span> <span class='ocrx_word' id='word_1_850' title='bbox 3394 5103 3544 5158; x_wconf 89' lang='lat' dir='ltr'><strong>enim</strong></span> 
     </span>
    </p>
   </div>
   <div class='ocr_carea' id='block_1_114' title="bbox 1970 5191 3545 5268">
    <p class='ocr_par' dir='ltr' id='par_1_114' title="bbox 1970 5191 3545 5268">
     <span class='ocr_line' id='line_1_114' title="bbox 1970 5191 3545 5268; baseline 0.004 -23"><span class='ocrx_word' id='word_1_851' title='bbox 1970 5191 2088 5262; x_wconf 90' lang='lat' dir='ltr'><strong>ipse</strong></span> <span class='ocrx_word' id='word_1_852' title='bbox 2121 5194 2357 5263; x_wconf 84' lang='lat' dir='ltr'><strong>largitor</strong></span> <span class='ocrx_word' id='word_1_853' title='bbox 2409 5194 2695 5268; x_wconf 86' lang='lat' dir='ltr'><strong>Spiritus),</strong></span> <span class='ocrx_word' id='word_1_854' title='bbox 2726 5198 2823 5253; x_wconf 85' lang='lat' dir='ltr'><strong>sed</strong></span> <span class='ocrx_word' id='word_1_855' title='bbox 2871 5205 2934 5252; x_wconf 91' lang='lat' dir='ltr'><strong>ut</strong></span> <span class='ocrx_word' id='word_1_856' title='bbox 2990 5204 3280 5268; x_wconf 85' lang='lat' dir='ltr'><strong>acceptum</strong></span> <span class='ocrx_word' id='word_1_857' title='bbox 3333 5205 3545 5252; x_wconf 77' lang='lat' dir='ltr'><strong>naturae</strong></span> 
     </span>
    </p>
   </div>
   <div class='ocr_carea' id='block_1_115' title="bbox 1976 5285 3547 5353">
    <p class='ocr_par' dir='ltr' id='par_1_115' title="bbox 1976 5285 3547 5353">
     <span class='ocr_line' id='line_1_115' title="bbox 1976 5285 3547 5353; baseline 0.003 -18"><span class='ocrx_word' id='word_1_858' title='bbox 1976 5290 2180 5337; x_wconf 78' lang='lat' dir='ltr'><strong>nostrae</strong></span> <span class='ocrx_word' id='word_1_859' title='bbox 2204 5292 2587 5351; x_wconf 84' lang='lat' dir='ltr'><strong>conservaret,</strong></span> <span class='ocrx_word' id='word_1_860' title='bbox 2616 5293 2675 5340; x_wconf 86' lang='lat' dir='ltr'><strong>ut</strong></span> <span class='ocrx_word' id='word_1_861' title='bbox 2723 5285 2910 5353; x_wconf 83' lang='lat' dir='ltr'><strong>homo,</strong></span> <span class='ocrx_word' id='word_1_862' title='bbox 2942 5296 2999 5341; x_wconf 91' lang='lat' dir='ltr'><strong>et</strong></span> <span class='ocrx_word' id='word_1_863' title='bbox 3027 5300 3224 5342; x_wconf 88' lang='lat' dir='ltr'><strong>rursus</strong></span> <span class='ocrx_word' id='word_1_864' title='bbox 3273 5285 3547 5341; x_wconf 84' lang='lat' dir='ltr'><strong>radicaret</strong></span> 
     </span>
    </p>
   </div>
   <div class='ocr_carea' id='block_1_116' title="bbox 1973 5372 3545 5449">
    <p class='ocr_par' dir='ltr' id='par_1_116' title="bbox 1973 5372 3545 5449">
     <span class='ocr_line' id='line_1_116' title="bbox 1973 5372 3545 5449; baseline 0.003 -21"><span class='ocrx_word' id='word_1_865' title='bbox 1973 5373 2031 5428; x_wconf 90' lang='lat' dir='ltr'><strong>in</strong></span> <span class='ocrx_word' id='word_1_866' title='bbox 2066 5372 2227 5428; x_wconf 88' lang='lat' dir='ltr'><strong>nobis</strong></span> <span class='ocrx_word' id='word_1_867' title='bbox 2258 5374 2494 5444; x_wconf 81' lang='lat' dir='ltr'><strong>gratiam</strong></span> <span class='ocrx_word' id='word_1_868' title='bbox 2525 5388 2651 5447; x_wconf 68' lang='lat' dir='ltr'><strong>quas“</strong></span> <span class='ocrx_word' id='word_1_869' title='bbox 2674 5386 3007 5446; x_wconf 89' lang='lat' dir='ltr'><strong>recesserat,</strong></span> <span class='ocrx_word' id='word_1_870' title='bbox 3033 5379 3101 5443; x_wconf 91' lang='lat' dir='ltr'><strong>is,</strong></span> <span class='ocrx_word' id='word_1_871' title='bbox 3127 5377 3224 5449; x_wconf 83' lang='lat' dir='ltr'><strong>qui</strong></span> <span class='ocrx_word' id='word_1_872' title='bbox 3255 5382 3545 5448; x_wconf 83' lang='lat' dir='ltr'><strong>peccatum</strong></span> 
     </span>
    </p>
   </div>
   <div class='ocr_carea' id='block_1_117' title="bbox 1972 5464 3543 5528">
    <p class='ocr_par' dir='ltr' id='par_1_117' title="bbox 1972 5464 3543 5528">
     <span class='ocr_line' id='line_1_117' title="bbox 1972 5464 3543 5528; baseline 0.005 -9"><span class='ocrx_word' id='word_1_873' title='bbox 1972 5480 2084 5519; x_wconf 89' lang='lat' dir='ltr'><strong>non</strong></span> <span class='ocrx_word' id='word_1_874' title='bbox 2116 5464 2289 5521; x_wconf 86' lang='lat' dir='ltr'><strong>novit.</strong></span> <span class='ocrx_word' id='word_1_875' title='bbox 2335 5464 2492 5524; x_wconf 71' lang='lat' dir='ltr'><strong>lianc</strong></span> <span class='ocrx_word' id='word_1_876' title='bbox 2539 5468 2688 5526; x_wconf 85' lang='lat' dir='ltr'><strong>enim</strong></span> <span class='ocrx_word' id='word_1_877' title='bbox 2722 5470 2795 5528; x_wconf 91' lang='lat' dir='ltr'><strong>ob</strong></span> <span class='ocrx_word' id='word_1_878' title='bbox 2838 5484 3065 5527; x_wconf 87' lang='lat' dir='ltr'><strong>causam</strong></span> <span class='ocrx_word' id='word_1_879' title='bbox 3115 5471 3374 5528; x_wconf 75' lang='lat' dir='ltr'><strong>existimo</strong></span> <span class='ocrx_word' id='word_1_880' title='bbox 3416 5481 3543 5527; x_wconf 57' lang='lat' dir='ltr'><strong>san»</strong></span> 
     </span>
    </p>
   </div>
   <div class='ocr_carea' id='block_1_118' title="bbox 352 5602 1866 5718">
    <p class='ocr_par' dir='ltr' id='par_1_118' title="bbox 352 5602 1808 5718">
     <span class='ocr_line' id='line_1_118' title="bbox 352 5602 1808 5718; baseline -0.001 -18"><span class='ocrx_word' id='word_1_881' title='bbox 352 5638 397 5667; x_wconf 69' lang='lat'>“</span> <span class='ocrx_word' id='word_1_882' title='bbox 438 5644 583 5700; x_wconf 85' lang='lat' dir='ltr'><strong>Cen.</strong></span> <span class='ocrx_word' id='word_1_883' title='bbox 623 5647 795 5715; x_wconf 69' lang='lat'><strong>&quot;.25.</strong></span> <span class='ocrx_word' id='word_1_884' title='bbox 880 5602 935 5679; x_wconf 30' lang='grc' dir='ltr'>θ’</span> <span class='ocrx_word' id='word_1_885' title='bbox 967 5648 1104 5716; x_wconf 74' lang='lat' dir='ltr'><strong>Gen.</strong></span> <span class='ocrx_word' id='word_1_886' title='bbox 1138 5663 1223 5716; x_wconf 89' lang='grc' dir='ltr'>ιιι,</span> <span class='ocrx_word' id='word_1_887' title='bbox 1271 5648 1350 5705; x_wconf 90' lang='lat' dir='ltr'><strong>l9.</strong></span> <span class='ocrx_word' id='word_1_888' title='bbox 1430 5647 1472 5680; x_wconf 83' lang='lat'><strong>&quot;</strong></span> <span class='ocrx_word' id='word_1_889' title='bbox 1504 5647 1634 5718; x_wconf 89' lang='lat' dir='ltr'><strong>Sap.</strong></span> <span class='ocrx_word' id='word_1_890' title='bbox 1681 5663 1718 5712; x_wconf 88' lang='grc' dir='ltr'><strong>ι,</strong></span> <span class='ocrx_word' id='word_1_891' title='bbox 1756 5646 1808 5699; x_wconf 82' lang='lat'><strong>5.</strong></span> 
     </span>
    </p>
   </div>
   <div class='ocr_carea' id='block_1_119' title="bbox 1968 5602 2353 5718">
    <p class='ocr_par' dir='ltr' id='par_1_119' title="bbox 1976 5645 2353 5715">
     <span class='ocr_line' id='line_1_119' title="bbox 1976 5645 2353 5715; baseline 0.019 -17"><span class='ocrx_word' id='word_1_892' title='bbox 1976 5645 2135 5705; x_wconf 76' lang='lat' dir='ltr'><strong>Rern.</strong></span> <span class='ocrx_word' id='word_1_893' title='bbox 2163 5665 2215 5715; x_wconf 79' lang='grc' dir='ltr'><strong>ν,</strong></span> <span class='ocrx_word' id='word_1_894' title='bbox 2264 5649 2353 5705; x_wconf 69' lang='grc' dir='ltr'><strong>18α</strong></span> 
     </span>
    </p>
   </div>
  </div>
