4040 6214
498 280 600 339 ειη

1458 260 1512 314 S.
1552 251 1830 312 CYRILIJ
1878 210 2347 305 ALEXANDRINI
2374 246 2691 303 ARCHIEP.

3654 249 3759 305 208

502 409 653 455 ctum
725 390 1021 464 Baptistam
1094 384 1303 441 utiliter
1352 381 1660 444 addidisse,
1707 396 1725 427 ι
1761 376 1902 442 Quia
1958 372 2069 427 vidi

2197 373 2260 427 να
2309 373 2374 442 τῇ
2425 371 2583 441 φύσει
2629 371 2868 443 διασώσῃ
2912 370 3126 436 λαϐὼν,
3171 369 3246 434 ῶς
3294 370 3614 445 ἄνθρωπος,
3668 378 3759 428 καὶ

506 489 772 563 Spiritum
794 480 1234 541 descendentem
1262 475 1328 530 de
1359 474 1524 536 coelo,
1546 479 1598 526 et
1630 477 1949 525 manentem
1983 483 2077 524 su-

503 597 604 654 per
633 593 757 635 eum
781 576 847 631 ’9.
875 594 895 627 ι
924 570 1178 628 Avolavit
1212 567 1359 623 enim
1393 582 1463 621 ex
1492 564 1653 619 nobis
1689 568 1915 633 propter
1952 575 2080 631 pec—

504 650 710 733 catum,
744 666 925 720 factus
976 671 1160 725 autem
1207 665 1293 715 est
1320 656 1469 712 velut
1519 670 1664 709 unus
1691 669 1756 709 ex
1790 650 1954 707 nobis
1984 650 2080 719 qui

506 767 792 833 peccatum
826 770 938 811 non
968 753 1146 819 novit,
1180 758 1235 805 ιιι
1265 747 1593 804 assuetieret
1630 758 1796 815 porro
1838 741 2080 813 Spiritus

507 832 729 911 manere
762 852 819 905 in
851 847 1034 913 nobis,
1066 860 1193 901 cum
1233 839 1552 899 discedendi
1585 844 1681 893 aut
1729 832 2080 893 subducendi

506 964 566 1003 se
590 958 814 1002 causam
850 942 907 997 in
952 940 1070 1010 ipso
1112 952 1224 991 non
1263 934 1512 989 haberet.
1564 930 1739 1001 Igitur
1783 927 1947 982 nobis
1984 938 2081 996 per

508 1039 749 1109 seipsum
781 1033 1047 1104 Spiritum
1081 1026 1305 1098 accipit,
1340 1033 1395 1080 et
1422 1031 1634 1077 natura:
1665 1028 1824 1075 vetus
1872 1018 2078 1073 bonum

511 1104 756 1186 renovat.
808 1125 900 1179 Sic
942 1122 1108 1178 etiam
1143 1132 1350 1190 pauper
1394 1114 1577 1170 lactus
1603 1111 1808 1168 dicitur
1852 1117 2082 1181 propter
2116 1104 2122 1123 '

509 1236 634 1276 nos.
669 1218 832 1273 Dives
880 1214 1030 1270 enim
1077 1225 1202 1267 cum
1262 1209 1355 1270 sit,
1406 1221 1514 1277 qua
1561 1203 1730 1267 Deus,
1768 1210 1823 1257 et
1875 1200 2082 1255 nullius

514 1311 646 1369 boni
696 1307 941 1380 indigus.
992 1304 1158 1359 homo
1208 1299 1386 1354 factus
1427 1302 1511 1351 est
1554 1294 1802 1349 omnium
1840 1306 2081 1363 egenus;

510 1404 576 1458 ad
609 1416 775 1473 quem
807 1393 1013 1452 alicubi
1033 1393 1242 1448 dictum
1264 1384 1350 1446 est
1382 1386 1644 1460 prreclare
1674 1401 1687 1437 :
1712 1402 1730 1434 ι
1769 1383 1910 1449 Quid
1936 1381 2083 1437 enim

515 1494 675 1572 124
707 1493 878 1548 habes
912 1487 1059 1559 quod
1098 1499 1209 1539 non
1267 1478 1530 1550 accepisti
1554 1477 1638 1530 ‘°?
1664 1496 1682 1528 ι
1719 1473 2085 1572 Quemadmo-

511 1566 640 1643 dum
673 1598 806 1654 ergo
835 1581 946 1635 vita
979 1575 1284 1633 secundum
1317 1578 1569 1626 naturam
1618 1566 1893 1623 exsistens
1934 1578 2085 1617 mor-

516 1692 641 1735 tuus
666 1684 750 1732 est
772 1669 1075 1730 secundum
1109 1678 1332 1722 carnem
1363 1669 1587 1734 propter
1608 1673 1729 1723 nos,
1762 1666 1823 1712 Ui.
1851 1660 2083 1710 mortem

513 1771 758 1827 vinceret
792 1779 892 1835 pro
929 1759 1112 1825 nobis,
1146 1764 1200 1813 et
1245 1756 1565 1810 universam
1601 1764 1790 1806 secum
1827 1754 2082 1803 naturam

516 1858 985 1920 conresuscitaret
1013 1854 1229 1924 (omnes
1261 1848 1408 1904 enim
1443 1858 1666 1902 eramus
1696 1842 1753 1896 in
1782 1842 1923 1912 ipso,
1948 1850 2088 1909 qua-

506 1968 678 2013 tenus
706 1952 873 2008 homo
906 1948 1088 2001 factus
1108 1945 1235 2014 est),
1257 1941 1337 1997 sic
1372 1938 1537 1995 etiam
1562 1934 1828 2007 Spiritum
1862 1937 2088 2003 propter

515 2064 619 2105 nos
652 2043 875 2114 accipit,
916 2048 977 2095 ut
1013 2051 1231 2093 omnem
1288 2030 1599 2091 sanetilicet
1645 2035 1925 2083 naturam.
1967 2021 2089 2114 Non

516 2139 663 2194 «nim
716 2109 792 2203 in.~
820 2144 981 2189 suum
1034 2123 1384 2182 commodum
1432 2118 1616 2185 venit,
1671 2114 1769 2172 sed
1826 2121 1885 2168 ut
1930 2109 2091 2166 nobis

517 2226 774 2283 munibus
804 2217 1161 2292 principium,
1194 2220 1251 2269 et
1272 2210 1383 2278 via,
1421 2216 1478 2266 et
1504 2207 1674 2279 janua
1714 2204 1787 2260 sit
1817 2203 2090 2258 bonorum

514 2291 847 2377 «.mlestium.
883 2308 1001 2366 Nisi
1051 2305 1200 2362 enim
1256 2302 1529 2371 accipere,
1566 2304 1625 2352 ut
1668 2296 1859 2361 homo,
1906 2291 2089 2348 visum

516 2416 686 2473 rsset,
732 2402 1025 2461 autetiam
1071 2396 1209 2468 pati,
1245 2403 1308 2449 ut
1347 2406 1493 2448 unus
1525 2404 1555 2446 e
1584 2388 1767 2452 nobis,
1812 2382 2090 2457 quomodo

516 2508 695 2575 ipsum
725 2514 784 2554 se
814 2493 1140 2552 bumiliasse
1170 2486 1387 2543 ostendi
1425 2481 1648 2555 posset?
1687 2486 1782 2535 aut
1810 2475 2090 2575 quomodo

516 2567 660 2651 servi
684 2590 869 2645 forma.
892 2591 1040 2642 recte
1068 2582 1121 2638 ei
1146 2579 1504 2643 tribueretur,
1542 2574 1655 2630 nisi
1676 2573 1745 2629 de
1771 2574 1896 2643 ipso
1927 2567 2091 2642 quid-

512 2685 640 2740 dam
670 2681 839 2738 etiam
869 2689 1032 2733 servo
1060 2669 1397 2729 conveniens
1438 2666 1707 2737 scriptum
1736 2663 1917 2721 esset?
1962 2660 2091 2723 Noli

516 2789 648 2848 ergo
676 2767 1145 2842 sapientissimum
1190 2759 1593 2818 incarnationis
1625 2757 1898 2812 rationem
1928 2753 2090 2817 velli-

517 2846 667 2932 care,
697 2876 861 2933 quam
889 2859 1113 2915 divinus
1151 2856 1243 2911 ille
1272 2853 1484 2908 Paulus
1524 2850 1651 2921 jure
1681 2848 1936 2913 miratur,
1979 2846 2092 2900 cla-

517 2970 679 3014 mans
709 2974 724 3010 :
756 2972 776 3005 ι
807 2951 881 3008 Ut
917 2951 1231 3006 innotescat
1272 2958 1424 3001 nunc
1462 2940 1869 3014 principatibus
1903 2946 1958 2994 et
1990 2951 2093 3009 po-

2183 462 2391 536 ῥιζώσῃ
2426 464 2586 517 πάλιν
2632 463 2690 515 ἐν
2723 465 2852 534 ἡμῖν
2896 462 2995 533 τὴν
3022 454 3468 534 ἀποφοιτήσασάν
3519 465 3699 536 χάριν,
3732 470 3760 521 ό

2185 556 2259 628 μὴ
2285 556 2440 620 εἰδὼς
2472 556 2766 629 ἁμαρτίαν.
2797 556 2895 610 Διὰ
2919 556 3122 627 ταύτην
3148 557 3257 628 γὰρ
3282 556 3434 629 οἶμαι
3456 559 3554 631 τὴν
3582 562 3758 615 αἰτίαν

2182 648 2626 721 προστεθεικέναι
2685 648 2971 720 χρησίμως
3030 648 3123 701 τὸν
3189 649 3345 717 ἆγιον
3410 649 3761 723 Βαπτιστήν*

2188 737 2342 790 «Ὅτι
2388 736 2653 807 τεθέαμαι
2692 736 2753 789 τὸ
2796 737 3020 808 Πνεῦμα
3049 738 3375 793 καταϐαῖνον
3406 738 3466 804 ἐξ
3507 740 3760 811 οὐρανοῦ,

2182 827 2277 880 καὶ
2309 825 2523 897 ἔμεινεν
2549 826 2635 879 ἐπ’
2672 827 2902 880 αὑτὸνβι
2959 826 3202 898 Ἀπέπτη
3241 828 3338 898 μὲν
3377 828 3487 901 γὰρ
3522 831 3582 897 ἐξ
3606 833 3761 902 ἡμῶν

2182 918 2271 972 διὰ
2298 918 2396 990 τὴν
2425 919 2717 990 ἁμαρτίαν,
2752 918 2943 987 γέγονε
2974 918 3029 971 δὲ
3068 918 3144 984 ὡς
3187 914 3267 983 εἷς
3300 919 3362 985 ἐξ
3398 921 3575 992 ἡμῶν,
3610 924 3639 975 ὁ
3687 924 3762 994 μὴ

2183 1010 2340 1075 εἰδὼς
2366 1011 2661 1083 ἁμαρτίαν,
2702 1011 2789 1064 ἵνα
2820 1010 3115 1083 προσεθίσῃ
3145 1012 3206 1064 τὸ
3236 1013 3462 1084 Πνεῦμα
3494 1014 3675 1087 μένειν
3706 1018 3763 1071 ἐν

2183 1100 2335 1172 ἡμῖν,
2368 1102 2620 1174 ἀφορμὴν
2650 1103 2751 1156 οὑκ
2783 1101 2903 1174 ἕχον
2947 1102 3366 1174 ἀναχωρήσεως,
3399 1105 3431 1176 ἥ
3464 1106 3764 1178 ὑποστολῆς

2184 1193 2243 1246 ἐν
2267 1194 2437 1265 αὐτῷ.
2468 1193 2673 1247 Οὐκοῦν
2696 1196 2827 1265 ἡμῖν
2850 1196 2914 1248 δι’
2943 1194 3133 1248 ἐαυτοῦ
3156 1195 3419 1266 λαμϐάνει
3438 1198 3498 1250 τὸ
3520 1199 3762 1269 Πνεῦμα,

2185 1288 2280 1340 καὶ
2308 1287 2523 1341 ἀνανεοῖ
2551 1290 2615 1358 τῇ
2651 1287 2810 1357 φύσει
2839 1287 2902 1340 τὸ
2939 1288 3160 1359 ἀρχαῖον
3192 1288 3397 1356 ἀγαθόν
3420 1305 3434 1317 ’
3483 1289 3625 1343 οὕτω
3670 1293 3763 1345 καὶ

2186 1380 2499 1448 πτωχεῦσαι
2534 1377 2749 1445 λέγεται
2796 1377 2861 1429 δι’
2910 1378 3070 1447 ἡμᾶς.
3110 1377 3369 1441 Πλούσιος
3394 1378 3502 1451 γάρ
3548 1380 3643 1445 ὢν,
3687 1382 3760 1445 ὡς

2187 1466 2339 1534 Θεὸς,
2386 1467 2479 1520 καὶ
2525 1467 2735 1530 οὐδενὸς
2778 1467 2885 1519 τῶν
2932 1465 3150 1534 ἀγαθῶν
3196 1468 3433 1540 ἐπιδεὴς,
3483 1470 3763 1543 ἄνθρωπος

2189 1559 2379 1629 γέγονε
2410 1560 2627 1614 πάντων
2660 1559 2897 1630 ἐπιδεὴς,
2950 1557 3086 1626 πρὸς
3128 1560 3188 1613 ὃν
3234 1560 3446 1633 εἴρηταί
3495 1580 3619 1626 που,
3669 1567 3765 1621 καὶ

2195 1651 2399 1722 σφόδρα
2422 1650 2622 1713 καλῶς·
2654 1650 2747 1704 ιΤί
2769 1652 2876 1723 γάρ
2899 1652 3064 1724 ἔχεις,
3091 1653 3119 1706 ὃ
3140 1654 3239 1707 οὑκ
3260 1653 3474 1721 ἔλαϐες
3506 1674 3524 1706 ι
3557 1655 3765 1728 ’Ὠσπερ
3796 1672 3803 1677 ‘

2193 1738 2286 1795 οὖν
2329 1735 2442 1815 ζωὴ
2483 1742 2624 1796 κατὰ
2657 1743 2817 1813 φύσιν
2866 1745 3123 1816 ὑπάρχων
3151 1745 3391 1800 ἀπέθανε
3424 1748 3565 1802 κατὰ
3591 1749 3766 1820 σάρκα

2190 1833 2260 1886 δι’
2289 1834 2454 1905 ἡμᾶς,
2503 1835 2589 1888 ἴνα
2634 1835 2831 1906 νικήσῃ
2878 1834 2970 1890 τὸν
3016 1834 3245 1891 θάνατον
3286 1837 3425 1909 ὑπὲρ
3466 1837 3643 1908 ήμῶν,
3672 1840 3767 1893 καὶ

2191 1923 2319 1996 ὃλην
2377 1923 2552 1995 ἐαυτῷ
2600 1927 2978 1999 συναναστήσῃ
3018 1927 3116 1997 τὴν
3158 1924 3318 1997 φύσιν
3356 1942 3371 1959 ο
3423 1927 3621 1991 πάντες
3658 1928 3767 2001 γάρ

2190 2010 2331 2088 ἦμεν
2363 2018 2421 2071 ἐν
2457 2017 2638 2091 αὐτῷ,
2664 2017 2799 2071 καθὸ
2825 2017 3049 2087 γέγονεν
3080 2018 3363 2088 ἄνθρωπος
3388 2034 3402 2048 ·
3427 2018 3566 2072 οὕτω
3593 2021 3769 2074 καὶτὸ

2192 2108 2419 2180 Πνεῦμα
2459 2109 2672 2180 δέχεται
2722 2109 2789 2165 δι’
2829 2112 3011 2179 ἡμᾶς,
3062 2111 3148 2165 ἴνα
3196 2113 3377 2165 πᾶσαν
3427 2113 3626 2185 ἁγιάσῃ
3669 2113 3769 2184 τὴν

2194 2199 2374 2270 φύσιν.
2417 2201 2492 2254 Οὑ
2525 2202 2631 2274 γάρ
2662 2203 2857 2257 ἑαυτὸν
2893 2203 3190 2275 ὠφελήσων
3220 2204 3494 2275 ἐλήλυθεν,
3536 2206 3651 2259 ἀλλ’
3684 2206 3771 2260 ἵνα

2194 2295 2359 2346 πᾶσιν
2406 2294 2538 2365 ἡμῖν
2582 2293 2747 2365 ἀρχὴ,
2784 2293 2879 2348 καὶ
2924 2293 3063 2358 ὁδὸς,
3098 2295 3193 2349 καὶ
3235 2294 3373 2367 θύρα
3407 2295 3629 2367 γένηται
3661 2297 3771 2350 τῶν

2193 2383 2461 2455 οὐρανίων
2505 2384 2745 2453 ἀγαθῶν.
2797 2383 2862 2439 Ei
2906 2384 3016 2456 γὰρ
3049 2386 3124 2457 μὴ
3170 2385 3314 2450 ἔδοξε
3345 2386 3663 2457 λαμϐάνειν,
3694 2387 3774 2451 ὡς

2195 2474 2500 2546 ἄνθρωπος,
2534 2474 2567 2545 ἢ
2608 2474 2704 2528 καὶ
2747 2474 3000 2546 πάσχειν,
3031 2475 3107 2540 ὡς
3136 2469 3215 2539 εἷς
3248 2474 3308 2540 ἐξ
3332 2476 3509 2547 ἡμῶν,
3547 2476 3664 2540 πῶς
3705 2477 3775 2531 ἂν

2194 2566 2362 2633 ἔδειξὲ
2410 2585 2514 2633 τις,
2567 2567 2649 2620 ὅτι
2691 2567 3091 2622 τεταπείνωκεν
3140 2568 3376 2632 ἐαυτόν;
3422 2570 3492 2621 Ἦ
3540 2569 3657 2633 πῶς
3705 2569 3775 2622 ἂν

2196 2656 2373 2729 ἐσώθη
2408 2658 2589 2721 καλῶς
2618 2658 2650 2729 ἡ
2678 2657 2772 2711 τοῦ
2810 2657 2997 2712 δούλου
3026 2658 3229 2731 μορφὴ,
3261 2661 3308 2712 εί
3341 2661 3417 2731 μή
3452 2677 3505 2713 τι
3533 2662 3628 2715 καὶ
3651 2661 3775 2715 δου-

2195 2750 2466 2822 λοπρεπὲς
2492 2750 2709 2821 ἐγράφη
2730 2751 2859 2823 περὶ
2886 2751 3085 2817 αὑτοῦ;
3118 2751 3211 2824 Μὴ
3236 2751 3574 2821 διασυρέσθω
3596 2753 3777 2807 τοίνυν

2196 2844 2224 2896 ὁ
2276 2843 2551 2913 πάνσοφος
2597 2845 2697 2915 τῆς
2742 2844 3052 2916 οἰκονομίας
3095 2843 3274 2913 λόγος,
3316 2843 3374 2897 ὃν
3418 2845 3510 2898 καὶ
3554 2845 3716 2910 αὑτὸς
3744 2846 3778 2899 ό

2199 2935 2479 3000 θεσπέσιος
2513 2936 2720 3000 Παῦλος
2742 2937 2966 3000 εἰκότως
2989 2935 3367 3007 ἀποθαυμάζει
3390 2935 3530 3006 βοῶν
3556 2952 3572 2969 ⁸
3619 2938 3777 2991 (Ἵνα

521 3047 813 3107 testatibus
835 3044 895 3099 in
916 3039 1240 3099 caelestibus
1263 3052 1361 3108 per
1390 3033 1702 3095 Ecclesiam
1738 3027 2093 3086 multiformis

2199 3029 2473 3101 γνωρισθῇ
2510 3028 2604 3084 νῦν
2636 3029 2754 3092 ταῖς
2784 3029 2999 3099 ἀρχαῖς,
3028 3029 3121 3081 κα).
3143 3031 3263 3105 ταῖς
3287 3027 3555 3097 ἐξουσίαις
3576 3030 3631 3082 ἐν
3662 3030 3777 3091 τοῖς

518 3139 793 3213 sapientia
813 3136 932 3202 Dei,
957 3132 1261 3215 secundum
1290 3127 1711 3200 pracﬁnitionem
1738 3123 2093 3189 saeculorum,

518 3212 685 3305 quam
713 3230 843 3286 fecit
873 3228 930 3287 in
958 3225 1183 3291 Christo
1208 3212 1341 3279 Iesu
1373 3220 1611 3275 Domino
1640 3228 1831 3274 nostro
1853 3215 1920 3268 ιι.
1948 3234 1967 3268 ι
1996 3212 2098 3269 Sa-

516 3323 729 3396 pientia
778 3320 925 3377 enim
976 3329 1192 3381 revera,
1234 3327 1416 3383 eaque
1444 3309 1559 3365 Deo
1592 3307 1952 3370 conveniens,
1987 3318 2098 3359 ma-

519 3394 688 3485 gnum
720 3410 856 3471 illud
902 3405 1303 3463 incarnationis
1344 3401 1564 3457 videtur
1592 3413 1716 3459 esse
1749 3394 2103 3467 mysterium.

520 3483 599 3561 ita
632 3504 702 3561 de
731 3502 1028 3558 Servatore
1073 3503 1268 3554 nostro
1317 3492 1664 3551 sentiendum
1695 3502 1821 3545 esse
1866 3501 2017 3552 reor,
2049 3483 2099 3539 si

523 3598 601 3671 pii
639 3611 763 3653 esse
804 3593 1078 3661 voluntas,
1109 3600 1165 3647 et
1195 3590 1514 3659 dogmatum
1556 3582 1945 3655 rectitudinem
1979 3594 2100 3637 am-

524 3689 835 3761 plectimur.
884 3686 1074 3756 Neque
1109 3682 1257 3739 enim
1294 3681 1366 3735 ‘in
1417 3686 1627 3734 tantam
1659 3676 1893 3733 rationis
1922 3690 2098 3744 penu-

524 3785 666 3839 riam
712 3780 1089 3842 devolvemue,
1118 3782 1179 3830 ut
1224 3772 1282 3829 in
1313 3771 1457 3826 Filio
1505 3768 1810 3826 secundum
1842 3773 2097 3822 naturam

527 3874 794 3946 Spiritum
846 3885 944 3941 per
988 3864 1477 3938 participationem
1520 3875 1644 3918 esse
1686 3867 1983 3931 putemus,
2035 3873 2101 3914 ac

526 3982 636 4024 non
660 3959 1107 4023 substantialiter
1157 3957 1344 4028 potius
1380 3954 1608 4011 insitum
1639 3950 2101 4023 quemadmodum

510 4057 791 4125 nimirum
808 4052 951 4111 etin
979 4051 1103 4121 ipso
1127 4047 1313 4103 Patre.
1347 4045 1420 4101 Ut
1449 4045 1599 4102 enim
1632 4043 1837 4108 Patris,
1872 4043 1948 4098 ita
1974 4040 2100 4101 Filii

523 4164 746 4222 quoque
774 4155 860 4205 est
896 4151 1125 4202 sanctus
1160 4140 1421 4210 Spiritus.
1465 4137 1557 4192 Sic
1602 4135 1746 4206 apud
1774 4134 2102 4205 .Scripturas

526 4242 745 4298 divinas
766 4239 1001 4310 legimus
1021 4255 1035 4293 :
1057 4254 1079 4289 ι
1102 4233 1239 4290 Cum
1260 4230 1406 4289 enim
1438 4229 1723 4286 venissent
1755 4226 1809 4280 in
1848 4225 2100 4297 Mysiam,

2201 3120 2581 3193 ἐπουρανίοις,
2642 3120 2732 3174 διὰ
2780 3121 2880 3192 τῆς
2925 3119 3280 3190 Ἐκκλησίας,
3326 3123 3358 3191 ἡ
3397 3119 3778 3184 πολυποίκιλος

2202 3213 2363 3283 σοφία
2416 3212 2510 3266 τοῦ
2557 3211 2726 3277 Θεοῦ,
2773 3212 2915 3266 κατὰ
2962 3211 3219 3284 πρόθεσιν
3264 3212 3373 3265 τῶν
3416 3212 3661 3277 αἰώνων,
3706 3210 3781 3282 ἣν

2199 3304 2455 3375 ἐποίησεν
2489 3305 2547 3358 ἐν
2569 3303 2793 3376 Χριστῷ
2824 3304 3000 3375 Ἰησοῦ
3028 3303 3105 3376 τῷ
3132 3304 3325 3376 Κυρίῳ
3349 3304 3524 3375 ἡμῶν.
3556 3322 3575 3356 ι
3608 3303 3782 3372 Σοφία

2199 3396 2307 3468 γὰρ
2341 3396 2508 3461 ὅντως
2548 3396 2643 3450 καὶ
2682 3395 3028 3468 θεοπρεπὴς,
3074 3395 3137 3450 τὸ
3184 3395 3326 3466 μέγα
3367 3390 3779 3466 τῆςἚνανθρω-

2200 3489 2419 3558 πήσεως
2445 3486 2639 3556 ὁρᾶται
2678 3488 2995 3559 μυστήριον.
3030 3485 3298 3558 Τοιαύτην
3338 3486 3481 3556 ἔχειν
3509 3489 3650 3557 ἡμᾶς
3676 3489 3781 3555 τὴν

2200 3578 2331 3651 περὶ
2361 3580 2454 3631 τοῦ
2485 3578 2735 3649 Σωτῆρος
2765 3577 3016 3649 διάληψιν
3042 3579 3239 3649 χρῆναι
3268 3579 3378 3632 δεῖν
3412 3578 3782 3647 ὑπολαμϐάνω

2200 3670 2328 3734 τοὺς
2368 3669 2610 3723 εὐσεϐεῖν
2650 3669 2969 3742 ἑλομένους,
3004 3672 3097 3724 καὶ
3128 3671 3223 3725 ἐπὶ
3250 3673 3317 3743 τῇ
3348 3670 3456 3724 τῶν
3494 3670 3784 3740 δογμάτων

2201 3759 2452 3833 ὀρθότητι
2494 3761 2821 3833 χαίροντας·
2865 3763 2927 3816 οὑ
2957 3760 3065 3833 γὰρ
3096 3761 3160 3832 δή
3200 3779 3302 3815 που
3340 3761 3475 3833 πρὸς
3515 3761 3782 3833 τοσαύτην

2202 3850 2425 3921 ἀλογίαν
2469 3850 2889 3924 καταϐησόμεθα
2922 3851 3015 3904 καὶ
3054 3852 3237 3923 ἡμεῖς,
3276 3851 3352 3915 ὡς
3403 3849 3608 3904 οἴεσθαι
3646 3850 3784 3921 μεθ-

2203 3943 2358 3998 εκτὸν
2384 3945 2441 3999 ἐν
2460 3943 2538 4015 τῷ
2562 3943 2706 3998 κατὰ
2730 3944 2892 4013 φύσιν
2912 3942 3029 4015 Υίῷ
3045 3943 3107 3997 τὸ
3132 3942 3357 4014 Πνεῦμα
3377 3942 3661 4014 ὑπάρχειν,
3686 3943 3785 3995 καὶ

2202 4037 2322 4108 οὑχὶ
2353 4037 2553 4107 μᾶλλον
2587 4035 2860 4101 οὑσιωδῶς
2884 4035 3213 4105 ἐκπεφυκὸς.
3248 4036 3438 4107 ὥσπερ
3464 4032 3556 4090 οὖν
3588 4034 3785 4105 ἀμέλει

2205 4130 2299 4183 καὶ
2325 4127 2473 4199 αὑτῷ
2503 4127 2582 4198 τῷ
2631 4127 2826 4198 Πατρί.
2862 4129 3073 4198 ’Ὠσπερ
3101 4126 3210 4198 γὰρ
3237 4127 3331 4181 τοῦ
3372 4126 3607 4196 Πατρδς,
3639 4126 3784 4179 οῦτω

2205 4221 2302 4275 καὶ
2345 4220 2439 4275 τοῦ
2473 4220 2603 4274 Υἱοῦ
2633 4221 2747 4274 ἐστι
2784 4219 2846 4272 τὸ
2892 4218 3118 4289 Πνεῦμα
3155 4218 3218 4272 τὸ
3272 4217 3425 4287 διγιον
3452 4235 3467 4250 ’
3509 4218 3651 4272 οὕτω
3684 4218 3786 4271 καὶ

528 4330 734 4400 inquit,
774 4308 1060 4385 tentabant
1108 4327 1190 4382 ire
1244 4326 1299 4380 in
1345 4320 1678 4394 Bithyniam,
1721 4326 1777 4376 et
1811 4332 1923 4374 non
1970 4331 2093 4388 per-

2206 4311 2521 4381 ὰνέγνωμεν
2562 4310 2713 4382 παρὰ
2755 4314 2874 4375 ταῖς
2909 4310 3082 4373 θείαις
3109 4309 3352 4382 Γραφαῖς
3378 4324 3391 4338 ·
3448 4329 3468 4362 ε
3509 4308 3784 4372 Ἐλθόντες

532 4392 686 4479 misit
722 4392 824 4476 eos
856 4416 1098 4489 Spiritus
1126 4416 1289 4473 Jesus
1309 4416 1377 4470 δ’.
1403 4433 1422 4467 ι
1450 4392 1607 4481 Quod
1642 4413 1689 4469 si
1714 4411 1840 4483 quis
1873 4416 2093 4466 conten-

2208 4403 2315 4473 γὰρ
2347 4401 2485 4457 κατὰ
2516 4400 2613 4473 τὴν
2653 4401 2891 4465 Μυσίαν,
2945 4401 3128 4470 φησὶν,
3199 4401 3491 4472 ἐπείραζον
3545 4402 3625 4464 είς
3678 4400 3784 4470 τὴν

532 4512 732 4569 tiosius
755 4516 966 4580 urgeat,
984 4515 1041 4564 et
1064 4522 1288 4563 rursum
1319 4514 1534 4561 asserat
1562 4503 1827 4575 Spiritum
1858 4517 1953 4573 per
1974 4515 2103 4572 par-

533 4601 911 4671 ticipationem
961 4612 1088 4653 esse
1136 4596 1194 4651 in
1245 4594 1417 4660 Filio,
1459 4602 1554 4647 aut
1602 4608 1729 4648 cum
1774 4591 1930 4662 prius
1992 4605 2103 4645 non

510 4694 762 4758 inesset,
790 4688 1031 4758 coepisse
1077 4694 1195 4741 tum
1237 4686 1293 4739 in
1340 4699 1406 4739 eo
1436 4698 1582 4747 esse,
1629 4697 1755 4737 eum
1790 4683 2103 4751 baptizatus

531 4789 639 4849 est,
656 4776 1060 4835 incarnationis
1086 4775 1347 4829 nimirum
1374 4781 1644 4841 tempore,
1666 4771 1853 4827 videat
1882 4785 2101 4826 rursum

532 4876 591 4930 in
621 4879 757 4944 quot
794 4879 848 4926 et
878 4876 1118 4939 quantas
1152 4863 1523 4921 absurditates
1573 4877 1635 4917 se
1670 4861 1954 4932 conjiciat.
1981 4860 2102 4916 Pri"

532 4978 682 5021 mum
729 4961 899 5027 enini,
942 4960 1085 5017 inter
1123 4971 1220 5012 eos
1251 4956 1343 5027 qui
1382 4955 1685 5025 gignuntur
1713 4968 1745 5008 e
1777 4952 2102 5009 mulieribus

476 5052 479 5055 ’
531 5072 643 5114 non
688 5049 1215 5121 surrexissemajor
1260 5048 1464 5104 dicitur
1491 5044 1706 5101 Joanne
1756 5045 2000 5116 Baptista
2033 5046 2100 5099 ⁸³.

529 5148 675 5207 Vere
703 5147 961 5219 quidem:
992 5143 1091 5203 sed
1127 5142 1377 5199 videmus
1407 5154 1532 5195 eum
1557 5139 1653 5209 qui
1685 5153 1958 5195 summum
1984 5139 2100 5210 glo-

531 5240 630 5295 rite
652 5238 908 5295 humanm
937 5241 1085 5291 tenet
1125 5233 1435 5305 fastigium,
1468 5230 1889 5302 incomparabili
1926 5230 2103 5286 excel-

529 5326 699 5383 lentia
727 5326 1012 5383 Christum
1047 5325 1326 5380 honorare
1351 5342 1366 5380 :
1397 5342 1417 5376 ι
1453 5322 1572 5381 Non
1604 5337 1727 5379 sum
1754 5342 1773 5374 ι
1799 5323 1946 5377 enim
1971 5340 1990 5373 ι
2018 5320 2103 5375 di—

533 5432 712 5486 gnus,
761 5415 970 5486 inquit,
1012 5422 1072 5469 ut
1112 5414 1320 5471 solvam
1361 5413 1481 5484 ejus
1531 5412 1827 5484 corrigiam
1896 5411 2105 5466 calcea-

536 5506 790 5560 menti“.
819 5526 837 5559 ι
876 5508 945 5559 At
973 5506 1069 5576 qui
1103 5521 1212 5561 non
1256 5504 1557 5561 absurdum
1604 5513 1658 5558 et
1711 5503 1940 5573 impium
1998 5514 2103 5565 εει,

2208 4496 2458 4551 Βιθυνίαν
2492 4494 2783 4561 ἀπελθεῖν,
2837 4494 2927 4547 καὶ
2962 4495 3061 4548 οὑκ
3102 4495 3282 4548 εἴασεν
3323 4494 3521 4557 αὐτοὺς
3556 4492 3787 4563 Πνεῦμα

2220 4588 2415 4659 Ἰησοῦ.
2432 4608 2449 4639 ι
2483 4588 2545 4640 Ei
2563 4586 2619 4639 δέ
2640 4603 2719 4656 τῳ
2744 4586 2889 4640 δοκεῖ
2913 4585 3342 4656 φιλονεικότερον
3370 4587 3482 4649 τοῖς
3508 4585 3636 4655 περὶ
3656 4584 3787 4638 τού-

2206 4695 2315 4733 των
2345 4677 2657 4731 ἐνίστασθαι
2685 4679 2882 4746 λόγοις,
2914 4677 3005 4731 καὶ
3031 4675 3455 4748 διισχυρίζεσθαι
3490 4676 3669 4737 πάλιν.
3697 4676 3791 4729 ὅτι

2209 4767 2352 4822 κατὰ
2406 4766 2623 4838 μέθεξιν
2665 4770 2723 4822 ἐν
2754 4768 2830 4840 τῷ
2877 4768 2993 4839 Υἱῷ
3040 4769 3103 4825 τὸ
3145 4768 3372 4840 Πνεῦμά
3406 4770 3578 4829 ἐστιν,
3610 4767 3646 4838 ἢ
3687 4768 3792 4822 καὶ

2207 4860 2327 4914 τότε
2361 4860 2584 4928 γέγονεν
2610 4861 2667 4913 ἐν
2695 4860 2865 4931 αὑτῷ,
2901 4860 3167 4933 πρότερον
3195 4861 3294 4914 οὐκ
3328 4859 3655 4928 ἐνυπάρχον,
3690 4858 3791 4911 ὅτε

2209 4953 2303 5006 καὶ
2337 4951 2661 5022 ἐϐαπτίσθη,
2684 4952 2824 5007 κατὰ
2840 4951 2932 5006 τὸν
2960 4953 3060 5022 τῆς
3087 4950 3548 5021 ἐνανθρωπὴσεως
3570 4946 3793 5019 χρόνον,

2208 5046 2387 5117 ὁράτω
2416 5045 2579 5099 πάλιν
2607 5046 2813 5116 ἡλίκοις
2844 5061 2903 5097 τε
2945 5043 3041 5096 καὶ
3071 5042 3214 5104 ὅσοις
3254 5043 3629 5110 περιπεσεῖται
3672 5041 3795 5104 τοῖς

2210 5138 2543 5208 ἀτοπήμασι.
2583 5137 2806 5207 Πρῶτον
2834 5136 2931 5206 μὲν
2962 5133 3090 5206 γὰρ,
3116 5133 3218 5186 οὑκ
3242 5131 3538 5202 ἐγηγέρθαι
3568 5131 3736 5202 φησὶν
3762 5134 3794 5185 ὁ

2209 5231 2398 5302 Σωτὴρ
2422 5232 2479 5284 ἐν
2499 5232 2772 5301 γεννητοῖς
2790 5227 3062 5298 γυναικῶν
3093 5227 3338 5281 Ἰωάννου
3363 5222 3457 5277 τοῦ
3480 5222 3792 5277 Βαπτιστοῦ

2209 5324 2301 5377 τὸν
2336 5324 2558 5394 μείζονα
2581 5335 2597 5351 '
2646 5323 2742 5376 καὶ⁸
2771 5320 2975 5390 ἀληθὴς
3005 5322 3034 5373 ὁ
3058 5319 3216 5387 λόγος
3240 5334 3253 5348 ·
3302 5316 3419 5371 ἀλλ’
3447 5315 3668 5387 ὁρῶμεν
3696 5315 3795 5368 τὸν

2211 5417 2293 5479 εἰς
2329 5415 2606 5487 ἀκρότητα
2638 5414 2795 5483 δόξης
2832 5428 2891 5464 τε
2920 5412 3018 5465 καὶ
3043 5410 3242 5481 ἀρετῆς
3273 5407 3651 5477 ἀναϐεϐηκότα
3690 5406 3794 5477 τῆς

2211 5508 2270 5561 ἐν
2297 5509 2448 5577 ἡμῖν,
2493 5505 2844 5575 άσυγκρίτοις
2882 5502 3179 5575 ὑπεροχαῖς
3219 5500 3465 5570 τιμῶντα
3506 5496 3746 5569 Χριστόν
3771 5512 3790 5529 ⁹

611 5686 826 5757 "Joan.
865 5704 903 5754 ι,
935 5689 1024 5742 '52.
1101 5688 1182 5742 “’1
1215 5690 1344 5744 Cor.
1381 5706 1452 5756 Iv,
1484 5689 1534 5745 7.
1610 5691 1651 5722 “
1677 5688 1979 5759 Ephes.m,
2011 5691 2098 5757 10,
2135 5691 2223 5750 li.
2299 5688 2486 5743 “Act.
2522 5701 2633 5752 xw,
2662 5685 2711 5739 7.
2788 5681 3039 5738 "Matth.
3069 5696 3145 5748 xl,
3183 5680 3269 5734 ll.
3340 5678 3385 5710 “
3421 5676 3579 5733 Joan.
3622 5691 3663 5743 ι,
3691 5674 3789 5730 ‘37.
