4040 6214
240 370 339 425 209

1247 371 1311 426 ΙΝ
1352 371 1637 430 JOANNIS
1674 370 2121 428 EVANGELIUM
2162 371 2288 425 LIB.
2331 371 2394 427 ll.

3379 377 3485 435 210

247 484 409 538 «Οὐκ
464 482 584 554 sip).
632 482 760 555 γὰρ,
814 485 997 555 φησὶν,
1056 485 1257 554 ίκανὺς,
1303 487 1389 540 ἵνα
1429 487 1608 557 κύψας
1669 486 1846 542 λύσωλ

1955 483 2143 541 rodere
2163 484 2431 540 Joannem
2463 484 2531 539 ab
2557 491 2714 540 utero
2742 484 2937 541 matris
2961 500 3074 541 suae
3104 486 3310 556 Spiritu
3332 489 3489 559 125

243 578 332 629 τὸν
362 576 557 645 ἱμάντα
590 574 699 629 τῶν
728 576 1091 646 ὑποδημάτων
1122 575 1303 633 αὐτοῦ.
1344 597 1362 631 ι
1411 576 1541 633 Εἶτα
1572 579 1690 644 πῶς
1719 580 1819 634 οὐκ

248 668 462 731 ἄτοπον,
495 666 697 737 μᾶλλον
738 666 795 720 δὲ
821 666 921 738 ἤδη
950 668 1044 720 καὶ
1080 667 1299 734 ἀσεϐὲς,
1339 670 1592 743 Ἰωάννην
1623 671 1720 741 μὲν
1756 672 1823 724 ἐκ

248 759 452 820 κοιλίας
479 756 561 811 ἔτι
589 757 795 830 μητρὸς
831 757 1015 824 αὐτοῦ,
1051 757 1367 831 Πνεύματος
1405 761 1821 832 ἀναπεπλῆσθαι

248 851 341 904 τοῦ
383 851 545 918 ἀγίου
597 849 894 914 πιστεύειν,
942 850 1033 904 διὰ
1080 852 1141 906 τὸ
1179 850 1320 906 οὕτω
1346 853 1652 925 γεγράφθαι
1697 856 1825 927 περὶ

251 939 415 993 αὑτοῦ
439 956 452 968 ⁸
500 938 593 992 τὸν
622 938 679 991 δὲ
706 939 920 1003 τούτου,
957 940 1157 1010 μᾶλλον
1186 941 1242 995 δὲ
1271 942 1527 996 ἁπάντων
1548 944 1826 1015 Δεσπότην

252 1031 346 1085 καὶ
376 1030 585 1102 Κύριον
612 1031 734 1084 τότε
764 1029 981 1102 πρῶτον
1011 1032 1218 1086 οἴεσθαι
1251 1033 1312 1086 τδ
1360 1034 1584 1105 Πνεῦμα
1617 1035 1823 1101 λαϐεῖν,

251 1121 339 1176 ὅτε
379 1121 475 1175 καὶ
523 1119 865 1188 ὲϐαπτίζετο,
913 1121 1085 1176 καίτοι
1127 1122 1222 1178 τοῦ
1255 1124 1411 1193 ἁγίου
1445 1126 1693 1194 λέγοντος
1708 1117 1828 1181 Τα-

250 1212 412 1282 ϐριὴλ
456 1212 592 1284 πρὸς
639 1213 737 1283 τὴν
781 1212 940 1283 ἁγίαν
983 1215 1258 1285 Παρθένον
1285 1233 1297 1246 ·
1359 1236 1375 1268 ι
1402 1217 1625 1289 Πνεῦμα
1675 1221 1828 1287 ἅγιον

253 1304 605 1358 ἐπελεύσεται
632 1305 724 1357 ἐπὶ
756 1306 834 1370 σὲ,
863 1306 956 1359 καὶ
975 1307 1201 1379 δύναμις
1240 1303 1491 1378 ⁶ἴίζκίστου
1518 1312 1827 1366 ἐπισκιάσει

255 1412 338 1448 σοι
359 1412 377 1427 ο
423 1394 503 1448 διὸ
534 1395 628 1448 καὶ
650 1394 710 1450 τὸ
734 1395 1070 1466 γεννώμενον
1097 1398 1161 1450 ὲκ
1191 1397 1284 1451 σοῦ
1306 1397 1479 1467 ἅγιον,
1499 1398 1828 1472 κληθήσεται

254 1487 388 1548 Υίὸς
415 1483 571 1538 Θεοῦ.
600 1503 618 1535 ι
656 1486 765 1538 Καὶ
790 1485 970 1556 δράτω
994 1502 1084 1555 μοι
1117 1486 1276 1540 πάλιν
1299 1488 1327 1539 6
1355 1486 1676 1559 φιλομαθὴς,
1698 1489 1830 1559 ὅσην

250 1578 281 1629 6
306 1576 470 1642 λόγος
501 1575 678 1627 ώδίνει
711 1577 811 1646 τὴν
844 1575 1072 1631 ἔννοιαν.
1102 1578 1240 1649 Περὶ
1276 1577 1374 1649 μὲν
1413 1579 1523 1651 γὰρ
1582 1580 1829 1635 Ἰωάννου

257 1666 444 1737 φησὶν,
477 1666 558 1717 ὅτι
588 1665 902 1736 Πνεύματος
922 1666 1080 1735 ἁγίου
1107 1668 1477 1739 πλησθήσεται
1505 1685 1517 1698 '
1553 1669 1702 1724 δοτὸν
1723 1670 1830 1742 γάρ

254 1755 323 1829 ἦν
344 1759 402 1811 ὲν
432 1756 600 1827 αὐτῷ,
632 1758 728 1812 καὶ¹
751 1757 850 1811 οὐκ
879 1758 1134 1823 οὐσιῶδες
1160 1761 1219 1814 τὸ
1244 1760 1398 1829 ἅγιον
1424 1762 1666 1834 Πνεῦμα.
1695 1764 1833 1835 Περὶ
1863 1768 1877 1835 _‘

258 1825 317 1903 δὲ
336 1848 431 1902 τοῦ
458 1825 727 1920 Σωτῆρος,
746 1848 930 1902 οὐκέτι
955 1850 1035 1915 τὸ,
1059 1825 1445 1923 πλησθήσεται,
1464 1825 1630 1922 λέγει·
1654 1825 1833 1923 καλῶς
1863 1825 1905 1881 Β

261 1958 325 2010 γε
359 1941 564 2013 σφόδρα
588 1940 745 2008 νοῶν,
774 1940 888 1994 ἀλλ’
915 1942 994 1994 ὅτι
1036 1942 1097 1995 τὸ
1128 1942 1466 2013 γεννώμενον
1499 1944 1675 2013 ἀγιον,
1715 1946 1833 2000 οὐδὲ

257 2032 320 2086 τό
340 2031 494 2085 ἔσται
522 2031 940 2103 προστεθεικώς·
975 2029 1043 2105 ἦν
1076 2033 1183 2105 γάρ
1213 2035 1299 2088 ἀεὶ
1323 2035 1480 2089 τοῦτο
1507 2037 1646 2092 κατὰ
1673 2039 1834 2107 φύσιν

258 2122 333 2186 ὡς
365 2122 519 2186 Θεός.
576 2122 796 2193 Ἐπειδὴ
842 2122 900 2177 δὲ
945 2120 1099 2195 οἶμαι
1154 2127 1450 2198 προσήκειν
1501 2128 1835 2198 πανταχόθεν

258 2213 408 2281 ἡμᾶς
428 2211 699 2282 θηρᾶσθαι
727 2213 789 2267 τὸ
821 2211 1083 2282 ὠφελοῦν,
1115 2216 1544 2287 παρενεχθείσης
1571 2217 1716 2282 ἅπαξ
1739 2218 1836 2290 τῆς

257 2304 352 2357 τοῦ
388 2305 731 2375 ἀρχαγγέλου
784 2308 987 2377 φωνῆς,
1033 2305 1169 2379 φέρε
1213 2306 1307 2361 καὶ
1355 2308 1436 2371 είς
1481 2308 1643 2362 αὑτὸν
1683 2308 1837 2378 ὀλίγα

259 2396 652 2467 γυμνάσωμεν.
704 2415 723 2449 t
756 2396 999 2468 Πνεῦμα,
1050 2399 1234 2469 φησὶν,
1291 2398 1446 2467 ἀγιον
1486 2399 1838 2454 ἐπελεύσεται

258 2489 352 2540 ἐπὶ
384 2488 465 2551 σὲ,
498 2487 596 2541 καὶ
623 2482 852 2559 δύναμις
884 2487 1138 2558 Ὑψίστου
1173 2490 1480 2545 ἐπισκιάσει
1514 2508 1617 2544 σοι·
1643 2491 1723 2544 διὸ
1746 2493 1839 2546 καὶ

258 2580 322 2633 τὸ
342 2578 685 2650 γεννώμενον
715 2581 778 2633 ὲκ
810 2580 904 2633 σοῦ
935 2580 1110 2649 ἀγιον,
1139 2581 1466 2654 κληθήσεται
1489 2582 1615 2646 Υἱὸς
1643 2582 1833 2639 Θεοῦ.»

257 2670 484 2738 Λεγέτω
507 2669 690 2723 τοίνυν
710 2670 841 2740 ἡμῖν
867 2671 895 2723 6
927 2670 991 2724 ἐκ
1020 2670 1222 2741 πολλῆς
1254 2671 1496 2742 ἀμαθίας
1519 2675 1631 2737 τοῖς
1662 2673 1841 2746 ὀρθοῖς

259 2762 358 2832 τῆς
408 2760 736 2832 Ἑκκλησίας
767 2762 1076 2817 ἀντιτείνων
1112 2763 1382 2834 δόγμασι,
1439 2762 1666 2837 πότερόν
1712 2784 1842 2820 ποτε

259 2853 358 2906 καὶ
403 2853 514 2922 πρὸ
544 2855 644 2922 τῆς
686 2854 1150 2926 ὲνανθρωπήσεως
1182 2855 1313 2919 Υἱὸς
1343 2851 1410 2927 ἧν
1454 2859 1482 2910 6
1530 2858 1701 2926 Λόγος
1749 2859 1842 2913 τοῦ

258 2943 404 2998 Θεοῦ
430 2944 529 2998 καὶ
558 2945 788 3015 Πατρδς,
816 2945 851 3016 ἢ
882 2947 939 2999 ὲν
971 2946 1150 3018 μόνοις
1175 2950 1287 3009 τοῖς
1315 2947 1572 3017 ὀνόμασιν
1605 2947 1715 3019 εἶχε
1747 2948 1846 3020 τὴν

257 3034 452 3101 δόξαν,
483 3033 636 3098 νόθος
654 3035 709 3090 δὲ
732 3032 821 3107 ἦν,
845 3039 938 3091 καὶ
968 3036 1336 3109 ψευδώνυμος.
1364 3040 1425 3092 El
1456 3039 1552 3110 μὲν
1581 3038 1689 3112 γάρ
1712 3040 1848 3106 ὅλως

1921 581 2116 629 sancto
2150 575 2442 644 repletum,
2477 584 2767 644 propterea
2795 572 2943 642 quod
2991 574 3067 628 ita
3101 577 3369 646 scripturn
3405 586 3491 633 est

1920 666 1987 723 de
2016 667 2175 736 ipso;
2217 666 2384 734 hujus
2420 680 2571 731 vero,
2609 666 2719 721 imo
2760 665 3144 721 universorum
3187 668 3369 738 potius
3393 669 3493 723 Do-

1922 757 2156 822 minum,
2190 757 2509 813 existimare
2543 763 2674 812 tunc
2704 757 2941 827 primum
2980 760 3262 828 accepisse
3314 757 3491 829 Spiri-

1924 857 2061 916 tum,
2095 864 2218 903 cum
2252 849 2566 919 baptizatus
2604 857 2717 914 est,
2753 849 2881 904 licet.
2910 859 3135 904 sanctus
3176 847 3395 905 Gabriel
3424 852 3494 905 ad

1924 950 2179 997 sanctam
2210 941 2489 1013 Virginem
2523 942 2668 997 dicat
2696 960 2709 997 :
2733 959 2751 993 ι
2783 941 3024 1011 Spiritus
3059 947 3290 998 sanctus
3310 956 3496 1012 super-

1925 1035 2109 1091 veniet
2150 1036 2207 1090 in
2238 1044 2311 1101 te,
2341 1044 2396 1091 et
2426 1035 2607 1091 virtus
2655 1034 2926 1090 Altissimi
2969 1034 3323 1090 obumbrabtt
3359 1034 3493 1091 tibi:

1924 1126 2160 1198 ideoque
2197 1135 2252 1182 ct
2283 1127 2431 1197 quod
2484 1133 2744 1181 nascetur
2770 1141 2837 1180 ex
2880 1133 2934 1180 te
2963 1132 3239 1189 sanctum,
3273 1124 3496 1180 vocabi-

1928 1227 2019 1274 tur
2041 1218 2213 1274 Filius
2246 1218 2339 1273 Dei
2366 1218 2433 1272 ⁸³.
2470 1238 2487 1269 ι
2514 1215 2759 1284 Quorum
2781 1216 3072 1272 verborum
3110 1231 3334 1272 sensum
3354 1217 3499 1286 quis-

1928 1310 2055 1381 quis
2088 1319 2178 1366 cst
2225 1309 2476 1365 discendi
2525 1309 2763 1379 cupidus
2817 1309 3139 1378 perpendat.
3182 1308 3260 1362 De
3291 1307 3500 1362 Joanne

1929 1403 2077 1456 enim
2109 1401 2320 1470 Spiritu
2350 1406 2544 1456 sancto
2562 1399 2827 1469 repletum
2856 1400 2924 1454 iri
2950 1400 3056 1454 ait:
3082 1400 3136 1454 in
3155 1401 3275 1471 ipso
3298 1400 3501 1470 quippe

1930 1500 2048 1550 erat
2090 1508 2157 1549 ex
2203 1507 2453 1559 munere,
2492 1507 2603 1546 non
2633 1491 3077 1548 substantiaiiter
3118 1499 3347 1548 sanctus
3390 1491 3504 1561 Spi-

1932 1586 2097 1641 ritus.
2145 1583 2222 1641 Dc
2271 1584 2560 1643 Salvatore
2598 1596 2751 1646 vero,
2792 1597 2906 1637 non
2949 1581 3061 1651 jam
3115 1582 3383 1651 repletum
3436 1580 3503 1634 iri

1933 1678 2067 1734 dicit
2101 1692 2115 1728 :
2146 1676 2409 1747 praeclare
2429 1689 2604 1741 sane;
2642 1674 2735 1730 sed
2763 1673 2911 1745 quod
2944 1681 3224 1735 nascetur,
3254 1679 3504 1726 sanetum

1934 1783 2092 1835 esse;
2149 1783 2329 1839 neque
2381 1767 2500 1822 fore
2543 1765 2756 1822 addidit
2792 1782 2807 1821 :
2841 1770 3070 1821 sanctus
3115 1763 3261 1819 enim
3309 1769 3508 1818 natura

1934 1875 2153 1930 semper
2182 1858 2309 1924 fuit,
2346 1873 2455 1929 qua
2483 1857 2651 1914 Deus.
2693 1856 2891 1912 Verum
2931 1854 3193 1926 quoniam
3220 1854 3376 1909 decet
3406 1868 3507 1908 nos

1934 1953 2178 2023 undique
2214 1952 2400 2009 venari
2433 1952 2581 2023 quod
2626 1951 2682 2006 in
2711 1965 2825 2005 rem
2876 1949 2967 2016 sit,
3006 1947 3307 2019 propositis
3339 1946 3505 2000 semet

1935 2043 2112 2116 angeli
2137 2043 2339 2111 verbis,
2359 2043 2591 2115 agedum
2617 2057 2678 2098 ea
2702 2041 2893 2113 paucis
2919 2038 3313 2110 expendamus.
3339 2055 3358 2088 ι
3381 2034 3508 2108 Spi-

1936 2134 2103 2199 ritus,
2157 2132 2371 2202 inquit,
2420 2129 3049 2203 sauctus‘superveniet
3082 2129 3138 2184 in
3182 2135 3255 2194 te,
3288 2136 3345 2183 et
3394 2127 3510 2182 vir-

1938 2232 2027 2279 tus
2073 2223 2350 2279 Altissimi
2374 2222 2721 2280 obumbrabit
2762 2221 2879 2278 tibi.
2910 2219 3150 2291 Ideoque
3184 2218 3327 2290 quod
3360 2232 3426 2273 ex
3458 2226 3513 2274 te

1938 2317 2198 2368 nascetur
2248 2319 2526 2376 sanctum,
2581 2310 2870 2366 vocabitur
2925 2306 3255 2365 FiliusDei.
3299 2326 3323 2360 ι
3356 2305 3513 2361 Dicat

1939 2419 2073 2475 ergo
2113 2404 2293 2468 nobis,
2326 2403 2423 2473 qui
2453 2417 2566 2472 pra:
2586 2402 2761 2457 multa
2793 2400 3015 2457 inscitia
3051 2400 3219 2455 rectis
3253 2396 3517 2455 Ecclesia;

1940 2493 2216 2564 dogmatis
2255 2492 2604 2557 adversatur,
2648 2499 2834 2546 utrum
2872 2490 3043 2546 etiam
3086 2496 3214 2544 ante
3253 2489 3515 2543 incarna-

1943 2563 2148 2641 tionem
2181 2580 2361 2639 Filius
2392 2573 2542 2640 esset
2561 2581 2810 2638 Verbum
2837 2563 2935 2637 Dei
2958 2594 3027 2636 ac
3050 2579 3250 2647 Patris,
3281 2585 3375 2634 aut
3394 2577 3514 2634 solo

1943 2676 2164 2732 nomine
2211 2682 2372 2731 tenus
2412 2673 2646 2746 gloriam
2692 2672 2845 2728 illam
2894 2671 3143 2738 haberet,
3175 2685 3241 2725 ac
3291 2670 3515 2740 spurius

1944 2774 2113 2830 esset,
2154 2764 2409 2837 falsoque
2457 2763 2636 2818 Filius
2667 2771 3048 2833 nuncupatus.
3088 2762 3147 2817 Si
3174 2760 3321 2816 enim
3349 2760 3517 2830 plane

1944 2857 2144 2914 Filium
2187 2873 2313 2916 esse
2360 2865 2545 2928 negat,
2581 2855 2800 2911 Patrem
2824 2854 3052 2925 negabit
3084 2871 3100 2909 :
3134 2852 3322 2924 (cujus
3370 2850 3519 2906 enim

1947 2950 2107 3009 Pater
2139 2951 2266 3016 erit,
2295 2949 2479 3005 sinon
2509 2948 2583 3005 sit
2610 2945 2849 3017 Filius?)
2881 2953 2939 3002 et
2969 2944 3295 3003 sententiam
3331 2940 3520 2998 ederet

1949 3041 2165 3098 cunctis
2198 3039 2403 3096 divinis
2441 3037 2748 3109 Scripturis
2789 3037 3149 3093 contrariam.
3177 3032 3290 3101 ,δίη
3337 3041 3521 3088 autem

259 3126 365 3179 οὐκ
398 3121 545 3179 εἶναί
569 3144 735 3197 φησιν
765 3128 914 3192 Υίὸν,
960 3130 1253 3200 ἀρνήσεται
1276 3129 1369 3183 τὸν
1398 3131 1621 3203 Πατέρα
1645 3147 1658 3161 ·
1702 3130 1846 3196 τίνος

1953 3134 2154 3191 Filium
2206 3133 2373 3190 etiam
2411 3140 2540 3211 ante
2589 3130 3024 3186 incarnationem
3070 3130 3274 3185 fatetur
3314 3125 3523 3181 Filium

262 3218 372 3290 γὰρ
406 3219 560 3273 ἔσται
606 3218 820 3292 Πατὴρ,
872 3222 972 3275 οὐκ
1025 3222 1176 3287 δντος
1222 3221 1400 3288 Υἰοῦ;
1465 3223 1729 3295 Φρονήσει
1783 3223 1840 3277 δὲ

262 3310 512 3375 ἀπάσαις
541 3311 611 3365 τὰ
637 3313 853 3366 ἐναντία
886 3315 1003 3375 ταῖς
1030 3313 1200 3378 θείαις
1234 3315 1500 3387 Γραφαῖς.
1551 3317 1614 3370 Εἰ
1641 3316 1697 3370 δὲ
1719 3314 1849 3371 Υίὸν

260 3402 525 3473 ὁμολογεῖ
552 3404 650 3471 καὶ
675 3404 789 3474 πρὸ
815 3404 913 3475 τῆς
948 3395 1411 3477 ὲνανθρωιτήσεως
1439 3406 1531 3461 τὸν
1554 3406 1684 3461 rica
1712 3403 1850 3463 εἷναί

258 3511 328 3548 τε
361 3496 459 3549 καὶ
496 3494 776 3564 λέγεσθαι,
818 3496 937 3560 πῶς
974 3499 1105 3568 ἡμῖν
1142 3497 1170 3549 6
1204 3498 1541 3568 ἀρχάγγελος
1567 3498 1625 3552 τὸ
1658 3498 1851 3570 τεχθή-

262 3586 460 3640 σεσθαι
504 3585 700 3654 μέλλον
726 3586 815 3640 διὰ
842 3586 944 3657 τῆς
972 3586 1131 3656 ἁγίας
1163 3587 1463 3660 Παρθένου,
1484 3587 1852 3661 κληθήσεσθαί

260 3695 434 3749 φησιν
464 3679 597 3733 Υίδν
624 3678 785 3744 Θεοῦ,
817 3678 994 3733 καίτοι
1025 3678 1180 3733 τοῦτο
1208 3681 1301 3734 καὶ
1328 3679 1493 3734 πάλαι
1525 3678 1665 3734 κατά
1691 3679 1853 3751 φύσιν

259 3770 634 3841 ὑπάρχοντας
673 3770 884 3841 Ὠσπερ
913 3765 1008 3824 οὖν
1052 3769 1237 3834 ἁϊδίως
1269 3769 1528 3841 ὑπάρχων
1561 3769 1702 3841 μετά
1739 3771 1853 3825 Πα-

255 3863 396 3934 :gb;
418 3863 629 3931 61%;,
659 3864 735 3927 ώς
765 3863 939 3937 ἀρχὴν
964 3862 1099 3935 ἔχων
1123 3862 1219 3917 τοῦ
1254 3858 1414 3928 εἶναι,
1449 3865 1591 3921 κατὰ
1631 3864 1722 3918 τδν
1755 3864 1853 3936 τῆς

260 3954 610 4025 σαρκώσεως
656 3954 846 4027 χρόνον
892 3956 1025 4019 Υίὸς
1054 3955 1295 4029 ὁρίζεται
1326 3955 1496 4022 Θεοῦ,
1546 3955 1633 4011 διὰ
1665 3955 1725 4010 τὸ
1758 3973 1854 4009 πε-

256 4048 502 4117 φηνέναι
534 4046 673 4118 μετά
708 4045 961 4117 σώματος
989 4050 1070 4111 είς
1101 4048 1193 4102 τὸν
1222 4047 1426 4119 κόσμον
1451 4065 1465 4077 '
1513 4046 1686 4111 οὕτως
1715 4046 1855 4118 ἔχων

255 4134 548 4199 οὐσιωδῶς
592 4137 650 4189 ἐν
693 4135 868 4205 ἐαυτῷ
895 4134 959 4188 τὸ
989 4134 1117 4189 ῐδιον
1150 4134 1409 4207 Πνεῦμα,
1443 4135 1741 4207 λαμϐάνειν
1781 4135 1855 4199 ὡς

254 4226 567 4297 ἄνθρωπος
607 4226 849 4294 λέγεται,
893 4225 1172 4292 διασώζων
1216 4230 1283 4299 τῇ
1330 4228 1709 4299 ἀνθρωπότητι
1759 4226 1858 4299 τὴν

254 4320 416 4390 αὐτῇ
444 4320 762 4389 πρέπουσαν
802 4318 976 4384 τάξιν,
1019 4318 1114 4373 καὶ
1154 4319 1252 4373 σὺν
1288 4319 1425 4391 αὐτῇ
1453 4319 1521 4373 τά
1549 4321 1685 4392 αὐτῇ
1718 4321 1858 4392 πρέ-

254 4429 453 4466 ποντα
490 4412 558 4464 δι’
593 4412 741 4482 ἡμᾶς
785 4410 1154 4482 οἰκειούμενος
1176 4426 1191 4442 ·
1238 4410 1358 4475 πῶς
1384 4411 1429 4464 δ’
1469 4410 1535 4466 ἂν
1580 4412 1671 4465 καὶ
1701 4411 1856 4477 ὅλως,

1951 3238 2074 3280 esse
2113 3237 2178 3279 ac
2206 3221 2341 3288 dici.
2382 3220 2664 3293 quomodo
2701 3219 2860 3277 nobis
2889 3218 3260 3289 archangelus
3291 3215 3347 3271 id
3375 3213 3524 3285 quod

1949 3330 2046 3385 pcr
2080 3312 2363 3387 Virginem
2418 3311 2569 3367 nasci
2613 3309 2847 3368 debebat
2885 3307 3086 3363 Filium
3131 3306 3226 3363 Dei
3271 3313 3523 3361 vocatum

1952 3407 2016 3462 iri
2048 3406 2146 3473 ait,
2179 3404 2437 3476 quamvis
2468 3402 2523 3458 id
2557 3403 2723 3461 etiam
2763 3401 2896 3456 olim
2922 3398 3229 3457 secundum
3265 3404 3523 3454 naturam

1951 3497 2282 3555 exsisteret?
2311 3493 2786 3565 Quemadmodum
2819 3492 2988 3564 igitur
3027 3491 3098 3558 ab
3126 3498 3340 3547 mterno
3372 3492 3523 3546 exsi-

1953 3600 2107 3647 stens
2149 3604 2275 3646 cum
2316 3588 2484 3644 Patre
2514 3586 2710 3654 Filius,
2740 3592 2801 3639 ut
2844 3572 3151 3639 exsistendi
3190 3581 3523 3652 principium

1954 3666 2165 3740 habens
2195 3680 2598 3737 incarnationis
2631 3688 2875 3750 tempore
2898 3675 3073 3732 Filius
3108 3674 3202 3730 Dei
3237 3672 3522 3732 statuitur,

1954 3784 2244 3846 propterea
2287 3772 2437 3843 quod
2459 3786 2588 3826 cum
2619 3783 2853 3838 corpore
2876 3768 2932 3822 in
2968 3767 3074 3823 hoc
3111 3762 3320 3837 mundo
3351 3776 3524 3832 appa-
3622 3793 3628 3799 ι

1954 3869 2105 3924 ruit:
2139 3865 2215 3919 ita
2267 3863 2397 3918 licet
2447 3860 2714 3931 Spiritum
2759 3871 2922 3912 suum
2968 3853 3168 3909 habeat
3213 3853 3272 3907 in
3318 3852 3523 3921 seipso.

1954 3973 2081 4016 eum
2110 3964 2294 4010 tamen
2339 3952 2591 4022 accipere
2614 3948 2840 4012 dicitur,
2868 3953 2928 4001 ut
2968 3945 3154 4009 homo,
3187 3942 3525 3999 convenien-

1956 4061 2067 4107 tem
2102 4047 2333 4121 gradum
2362 4056 2591 4100 servans
2632 4037 2985 4104 humanitati,
3011 4043 3067 4091 et
3096 4048 3205 4090 una
3231 4048 3356 4089 cum
3406 4033 3525 4102 ipsa

1956 4155 2080 4212 quae
2102 4139 2151 4194 ei
2176 4135 2514 4193 conveniunt
2540 4138 2767 4204 pr0pter
2796 4144 2900 4186 nos
2923 4127 3031 4184 sibi
3051 4126 3355 4183 asciscens.
3378 4124 3530 4212 Quo-

1959 4209 2126 4287 modo
2158 4243 2311 4294 vero,
2349 4238 2539 4297 qumso
2575 4229 2651 4287 te,
2685 4219 2892 4289 absque
2909 4214 3131 4288 proprio
3156 4212 3367 4284 Spiritu
3396 4209 3532 4267 Ver-

1960 4323 2091 4379 bum
2130 4316 2507 4391 intelligetur?
2530 4308 2794 4383 Nunquid
2830 4308 2976 4365 enim
3038 4305 3340 4362 absurdum
3382 4312 3529 4361 esset

1960 4414 2148 4475 dicere
2173 4408 2414 4466 hominis
2438 4405 2694 4477 spiritum
2720 4403 2790 4456 ab
2815 4400 3039 4455 homine
3065 4403 3381 4467 separatum
3408 4409 3533 4450 esse

259 4504 407 4575 δίχα
450 4503 583 4555 ποτὲ
620 4502 714 4556 τοῦ
747 4502 877 4556 ίδίου
911 4501 1223 4573 Πνεύματος
1266 4506 1295 4557 ό
1324 4505 1495 4573 Λόγος
1532 4503 1734 4571 νοοίτο;
1786 4505 1846 4557 Ἢ

1962 4503 2178 4559 ratione
2228 4509 2463 4565 naturae,
2500 4505 2556 4553 et
2602 4496 2817 4563 integra
2881 4489 3221 4563 perfectione
3274 4486 3533 4541 animalis

260 4596 393 4666 γὰρ
436 4595 539 4647 οὐκ
595 4594 795 4648 ἄτοπον
850 4592 1138 4664 ἀνθρώπου
1192 4595 1523 4666 κεχωρίσθαι
1574 4593 1751 4663 λέγειν
1797 4594 1858 4648 τὸ

261 4686 505 4757 πνεῦμα
530 4685 592 4737 τὺ
622 4685 680 4738 ὲν
712 4684 883 4754 αὐτῷ,
931 4684 1073 4738 κατά
1110 4701 1172 4737 τε
1215 4685 1306 4738 τὸν
1335 4685 1433 4756 τῆς
1465 4685 1679 4753 φύσεως
1710 4685 1856 4756 ὅρον,

256 4779 383 4833 καὶ
408 4778 487 4840 εἰς
514 4774 807 4847 ὁλόκληρον
830 4774 927 4828 τοῦ
965 4773 1106 4838 ζώου
1149 4775 1241 4829 τὸν
1285 4768 1663 4848 ἀπαρτισμόν;
1718 4777 1859 4830 Ἀλλ’

245 4866 439 4941 οἶμαι
464 4870 635 4921 πᾶσιν
678 4866 945 4939 ὑπάρχειν
992 4868 1152 4922 τοῦτο
1184 4868 1676 4937 καταφανέστατον.
1725 4869 1861 4923 Τίνα

232 4961 335 5031 δὴ
364 4954 462 5013 οὖν
486 4961 691 5029 τρόπον
724 4959 1135 5031 ἀπομεριοῦμεν
1162 4960 1223 5014 τὸ
1248 4960 1470 5031 Πνεῦμα
1496 4960 1591 5014 τοῦ
1626 4960 1777 5027 Υίοῦ,
1802 4962 1862 5017 τὸ

228 5052 459 5115 οὕτως
478 5050 820 5121 ἒμπεφυκδς,
847 5051 942 5105 καὶ
972 5051 1244 5115 ούσιωδῶς
1270 5052 1567 5123 ἡνωμένον,
1599 5051 1668 5106 δι’
1698 5053 1862 5107 αὐτοῦ

221 5160 325 5205 τε
388 5141 728 5212 προκῦπτον,
771 5142 868 5195 καὶ
918 5142 1163 5214 ὑπάρχον
1216 5142 1274 5194 ὲν
1306 5141 1453 5212 αύτῷ
1495 5144 1756 5211 φυσικῶς,
1791 5145 1866 5209 ῶς

230 5235 457 5310 μηδὲν
472 5235 670 5305 1ἕτερον
701 5231 843 5289 εἷναι
873 5234 1186 5304 νομίζεσθαι
1212 5235 1342 5304 παρ’
1376 5234 1555 5301 αὑτὸν,
1579 5235 1667 5290 διά
1691 5255 1749 5291 τε
1769 5238 1868 5310 τὴν

226 5331 379 5399 τῆς
429 5327 709 5396 ἐνεργείας
758 5326 1084 5396 ταυτότητά,
1134 5329 1229 5381 καὶ
1274 5324 1404 5380 αὐτὸ
1430 5326 1491 5380 τὸ
1528 5327 1627 5399 τῆς
1655 5328 1868 5398 φύσεως

228 5417 733 5487 ἀωράλλακτον;
776 5418 978 5472 Ἄκουε
1026 5417 1090 5488 δὴ
1131 5418 1185 5472 τί
1236 5435 1399 5489 φησιν
1439 5421 1467 5472 ό
1501 5419 1687 5492 Σωτὴρ
1736 5421 1868 5491 πρὸς

232 5510 418 5571 τοὺς
448 5506 644 5561 ἑαυτοῦ
678 5507 928 5580 μαθητάς
953 5523 968 5540 ·
1010 5526 1030 5561 t
1050 5509 1174 5563 Ἐὰν
1200 5509 1450 5577 ἀγαπᾶτέ
1480 5525 1567 5580 με,
1595 5509 1693 5573 τὰς
1725 5512 1871 5564 ἐντο-

240 5604 363 5664 si;
438 5615 538 5668 μου
579 5601 893 5672 τηρήσητε,
919 5599 1076 5670 κάγὼ
1113 5600 1374 5673 ἐρωτήσω
1413 5601 1503 5656 τὸν
1522 5603 1759 5676 Πατέρα,
1782 5605 1872 5659 καὶ

328 5778 405 5807 ’⁵⁵
449 5773 583 5835 Luc.
620 5795 658 5846 I,
688 5780 782 5836 35.
857 5780 903 5812 “
931 5777 1091 5836 Joau.
1132 5795 1242 5846 xiv,
1280 5778 1370 5845 15,
1411 5780 1500 5837 16.

1962 4597 2215 4656 servata?
2245 4594 2404 4651 Patet
2432 4592 2509 4657 id,
2540 4590 2757 4661 opinor,
2779 4586 2981 4643 cuivis.
3011 4585 3130 4651 Quo
3165 4588 3328 4652 pacto
3368 4579 3538 4651 igitur

1969 4688 2357 4761 separabimus
2407 4683 2674 4755 Spiritum
2720 4696 2751 4734 a
2805 4677 2966 4743 Filio,
3004 4676 3086 4732 sic
3120 4674 3368 4761 innatum
3404 4670 3454 4725 ei
3482 4681 3538 4724 et

1968 4759 2410 4836 substantialitcr
2464 4772 2714 4836 unitum,
2764 4767 2926 4838 126
2961 4765 3165 4836 quique
3216 4775 3315 4831 per
3357 4759 3535 4827 ipsum

1966 4869 2170 4943 prodit,
2206 4876 2261 4924 et
2295 4867 2350 4922 iu
2398 4866 2518 4935 ipso
2558 4860 2887 4919 naturaliter
2921 4854 3160 4916 exsistit,
3192 4853 3264 4906 ita
3303 4859 3367 4904 ut
3396 4847 3539 4943 nihil

1970 4936 2116 5017 aliud
2163 4977 2287 5018 esse
2334 4967 2560 5031 putetur
2611 4956 2678 5010 ab
2729 4954 2871 5023 ipso,
2930 4957 3151 5018 propter
3200 4936 3538 5031 operationis

1970 5028 2425 5115 identitatent,—ct
2465 5049 2640 5119 ipsam
2674 5040 3050 5105 ornuimodam
3089 5042 3298 5089 uatum
3340 5028 3539 5119 simili-

1971 5143 2242 5198 tudinem.
2296 5139 2437 5194 Audi
2484 5151 2618 5207 ergo
2676 5132 2940 5202 quidnam
2992 5126 3245 5182 Salvator
3280 5118 3354 5174 ad
3406 5131 3539 5171 suos

1972 5233 2275 5304 discipulos
2309 5229 2456 5285 dicat
2489 5245 2540 5280 ει
2575 5226 2633 5280 Si
2668 5220 2896 5292 diligitis
2946 5233 3057 5281 me,
3114 5212 3372 5304 mandata
3420 5223 3543 5304 utea

1977 5295 2192 5381 servate
2225 5341 2238 5376 :
2271 5327 2324 5376 et
2353 5332 2453 5388 ego
2481 5314 2686 5386 rogabo
2726 5310 2971 5369 Patrem,
3004 5311 3058 5359 et
3086 5302 3256 5356 alium
3288 5295 3543 5350 Paracie-

1979 5429 2092 5475 tum
2123 5414 2276 5472 dabit
2299 5411 2476 5474 vobis,
2509 5405 2773 5478 Spiritum
2800 5398 3071 5463 veritatis,
3108 5408 3269 5465 quem
3305 5389 3543 5446 mundus

1978 5526 2087 5567 non
2113 5513 2292 5580 potest
2330 5518 2530 5575 capere
2549 5500 2648 5555 ⁸⁵.)
2685 5497 2826 5552 Ecce
2868 5498 3055 5564 aperte
3101 5485 3368 5581 Spiritum
3403 5480 3545 5581 veri-

1979 5578 2298 5661 tatisvvocat
2328 5605 2578 5656 sanctum
2606 5591 2895 5665 Spiritum.
2930 5583 3085 5653 Quod
3122 5587 3303 5637 autem
3335 5578 3452 5652 ipse
3476 5578 3544 5628 ac
