4038 6210
484 418 589 483 οξι

1477 409 1534 464 S.
1575 404 1851 464 CYRILLI
1877 397 2346 458 ALEXANDRINI
2378 395 2700 453 ARCIIIEP.

3628 385 3737 443 9.ἲέ

491 553 601 601 non
625 536 768 591 alius
791 534 859 589 ab
887 533 1010 602 ipso
1036 529 1348 595 sitveritas,
1369 525 1497 581 audi
1522 537 1718 580 rursus
1746 521 2056 578 dicentem:
2089 567 2100 594 Α

2201 506 2329 570 λλον
2349 514 2704 585 Παράκλητον
2729 511 2888 566 δώσει
2925 509 3073 580 ὑμῖν,
3103 506 3165 573 τὸ
3201 503 3431 576 Πνεῦμα
3465 503 3565 571 τῆς
3607 503 3744 574 ἀλη-

495 650 513 683 ε
554 629 667 701 Ego
694 641 815 684 sum
849 624 1054 680 veritas
1076 622 1144 675 ⁸⁷.
1171 640 1190 674 ι
1222 621 1361 676 Cum
1397 632 1528 689 ergo
1557 616 1761 672 veritas
1780 613 1853 670 sit
1881 619 1936 667 et
1964 624 2059 666 vo-

490 730 648 776 cetur
696 726 892 772 natura
938 712 1111 769 Filius
1144 728 1160 766 :
1193 710 1321 767 vide
1368 715 1632 780 quantam
1691 705 1893 760 habeat
1934 713 2061 756 cum

495 815 614 883 ipso
646 809 886 881 Spiritus
913 806 1208 861 unitatem.
1247 803 1338 858 Ait
1372 801 1521 857 enim
1548 796 1750 854 alicubi
1781 794 1848 851 de
1878 792 2064 848 Salva-

494 913 614 959 tore
649 909 845 956 nostro
875 897 1119 953 Joannes
1150 894 1458 965 discipulus
1491 908 1506 945 :
1541 909 1560 943 ι
1592 889 1695 944 llic
1725 894 1815 943 est
1844 884 1939 957 qui
1973 897 2067 937 ve-

496 996 578 1050 nit
601 1008 707 1065 per
755 1005 975 1064 aquam,
1002 994 1057 1044 et
1094 987 1451 1057 sanguinem,
1482 989 1539 1041 et
1568 979 1862 1052 Spiritum,
1902 973 2067 1029 .lesus

494 1086 790 1146 tlhristus:
819 1097 929 1137 non
960 1082 1013 1135 in
1055 1092 1199 1149 aqua
1226 1077 1435 1139 solum,
1472 1073 1569 1130 sed
1593 1073 1649 1127 in
1681 1084 1824 1140 aqua
1851 1074 1906 1123 et
1936 1079 2068 1120 san-

499 1174 697 1245 guine;
734 1180 789 1227 et
828 1171 1071 1241 Spiritus
1103 1166 1307 1239 estqui
1349 1170 1610 1229 testatur,
1650 1160 1782 1230 quia
1811 1156 2070 1212 Christus

501 1243 704 1320 veritas
733 1271 819 1318 est
846 1261 911 1315 ⁸⁸.
946 1281 965 1314 ι
994 1259 1257 1323 Proinde,
1293 1263 1351 1313 et
1400 1252 1745 1309 inhabitante
1776 1248 1851 1301 -in
1909 1243 2071 1301 nobis

498 1360 691 1407 sancto
732 1349 965 1421 Spiritu,
1001 1350 1055 1404 in
1088 1345 1343 1404 interiori
1395 1343 1639 1407 homine,
1671 1337 1923 1393 habitare
1952 1335 2075 1406 ipse

499 1445 708 1500 dicitur
752 1444 1033 1507 Christus,
1058 1451 1223 1511 atque
1254 1438 1328 1493 ita
1351 1452 1413 1492 se
1441 1450 1531 1492 res
1556 1433 1721 1489 habet
1750 1436 1973 1485 natura.
2007 1425 2077 1480 Et

503 1545 656 1593 certe
703 1538 896 1599 beatus
936 1534 1140 1589 Paulus
1191 1531 1247 1585 id
1302 1527 1617 1584 clarissime
1673 1524 1886 1580 docens
1942 1519 2019 1572 ait
2060 1534 2075 1572 :

510 1646 528 1681 ι
558 1625 672 1682 Vos
716 1635 897 1679 autem
935 1638 1045 1677 non
1097 1619 1235 1677 estis
1273 1617 1328 1672 in
1381 1631 1566 1682 carne,
1609 1613 1705 1670 sed
1737 1613 1794 1667 in
1833 1609 2076 1681 Spiritu;

506 1715 784 1787 siquidem
815 1713 1056 1785 Spiritus
1082 1710 1176 1765 Dei
1211 1707 1427 1762 habitat
1454 1707 1508 1760 in
1534 1703 1712 1760 vobis.
1746 1701 1801 1756 Si
1834 1699 1959 1770 quis
1982 1713 2081 1752 au-

508 1822 614 1863 tem
646 1806 921 1878 Spiritum
954 1802 1161 1859 Christi
1194 1817 1304 1857 non
1333 1799 1519 1864 habet,
1561 1797 1650 1851 hic
1680 1809 1790 1850 non
1821 1800 1905 1848 est
1933 1790 2076 1858 ejus.

509 1900 566 1955 Si
595 1914 727 1956 vero
754 1899 1006 1955 Christus
1028 1896 1082 1952 in
1111 1895 1290 1959 vobis,
1316 1906 1520 1962 corpus
1551 1887 1771 1960 quidem
1799 1891 2078 1939 mortuum

511 1997 735 2059 propter
783 1995 1098 2060 peccatum,
1153 1983 1397 2053 Spiritus
1453 1988 1635 2035 autem
1688 1977 1799 2031 vita
1857 1981 2083 2045 prepler

506 2079 778 2149 justitiam
807 2079 875 2133 δ’.
901 2098 921 2132 ι
958 2077 1058 2132 Hic
1098 2081 1405 2146 promptam
1435 2085 1647 2134 aurem,
1679 2080 1890 2139 quasso,
1919 2064 2084 2119 dictis

511 2170 892 2228 accommoda.
910 2169 1047 2226 Cum
1074 2168 1345 2238 Spiritum
1370 2163 1579 2220 Christi
1606 2160 2002 2215 inhabitantem
2031 2154 2086 2208 in

512 2262 676 2319 nobis
695 2261 1058 2326 nominasset,
1100 2260 1287 2316 statim
1321 2254 1645 2329 subiunxit:
1672 2251 1733 2307 Si
1763 2264 1900 2306 vero
1929 2246 2089 2304 Chris

514 2367 637 2414 stus
684 2357 739 2411 in
769 2356 947 2421 vobis,
994 2355 1267 2427 aequalem
1305 2367 1403 2425 per
1437 2350 1624 2407 omnia
1663 2343 2087 2404 similitudinem

515 2457 765 2505 statuens
784 2445 908 2501 Filii
944 2461 1071 2501 cum
1106 2444 1317 2516 Spiritu
1351 2444 1446 2516 qui
1487 2443 1748 2514 proprius
1778 2435 1901 2506 ejus
1929 2441 2090 2489 estet

516 2539 585 2594 ab
613 2538 736 2610 ipso
768 2538 1070 2594 secundum
1110 2542 1368 2613 naturam
1402 2531 1678 2606 procedit.
1701 2528 1941 2598 Ideoque
1970 2523 2094 2594 Spi-

518 2631 661 2688 ritus
698 2629 1012 2703 adoptionis
1044 2643 1265 2702 quoque
1298 2626 1530 2690 dicitur,
1562 2631 1617 2680 et
1646 2622 1702 2677 in
1739 2621 1860 2692 ipso
1890 2618 2094 2672 clama-

518 2737 683 2779 mus:
711 2720 864 2777 Abba
900 2720 1060 2777 Pater
1086 2721 1156 2773 ια.
1175 2719 1243 2774 Et
1274 2725 1335 2773 ut
1363 2718 1557 2773 beatus
1607 2711 1809 2767 alicubi
1849 2707 2094 2763 Joannes

520 2815 643 2868 ait:
677 2830 697 2867 ι
729 2812 811 2869 Ex
858 2813 965 2866 hoc
1011 2809 1434 2880 cognoscimus,
1485 2805 1615 2876 quia
1665 2802 1724 2857 in
1777 2798 1939 2855 nobis
1986 2805 2092 2864 est,

519 2902 651 2972 quia
672 2900 741 2956 de
770 2899 982 2971 Spiritu
1006 2913 1109 2955 suo
1134 2897 1280 2954 dedit
1303 2895 1468 2951 nobis
1490 2896 1558 2949 ⁸³.
1591 2912 1611 2946 ι
1629 2890 1768 2946 ~Haec
1798 2886 2096 2945 suffectura

522 2990 745 3062 quidem
778 2990 1046 3055 arbitror,
1076 2997 1136 3044 ut
1165 2986 1431 3044 Ecclesia:
1470 2984 1567 3041 lilii
1617 2981 1834 3054 possint
1874 2976 2097 3034 lucreti-

523 3098 716 3140 norum
760 3082 963 3138 damna
993 3080 1264 3153 repellere
1296 3098 1311 3134 :
1350 3078 1396 3133 si
1430 3076 1556 3148 quis
1597 3081 1780 3130 autem
1829 3085 1982 3129 mera
2009 3069 2098 3123 in-

525 3175 689 3231 scitia
723 3174 914 3231 ebrius
939 3187 1005 3229 ac
1037 3171 1396 3237 temulentus,
1425 3167 1625 3223 Filium
1652 3165 1935 3222 existimat
1983 3170 2098 3216 tum

2164 609 2334 674 θείας,
2381 608 2410 660 6
2455 609 2483 660 6
2517 606 2722 677 κόσμος
2757 603 2819 658 οὐ
2848 602 3069 657 δύναται
3090 599 3315 677 χωρεῖν.
3345 614 3364 649 ι
3420 595 3552 649 Ἰδοὺ
3590 594 3743 666 διαρ-

2169 702 2336 774 ρήδην
2363 697 2592 769 Πνεῦμα
2622 699 2720 768 τῆς
2753 693 3010 764 ἀληθείας
3041 690 3101 745 τδ
3130 689 3284 758 ἆγιον
3309 685 3537 756 Πνεῦμᾶ.
3559 702 3742 755 φησιν.

2170 794 2289 847 Ὅτι
2332 791 2388 844 δὲ
2429 791 2609 856 αὐτὸς,
2663 788 2759 842 καὶ
2805 786 2904 857 οὐχ
2944 782 3130 855 ἕτερός
3180 782 3296 833 ἔστι
3340 779 3473 848 παρ’
3515 774 3675 830 αὐτὸν
3711 776 3746 845 ή

2169 884 2414 957 ἀλήθεια,
2448 882 2611 936 πάλιν
2640 881 2803 935 ἄκουε
2831 877 3081 945 λέγοντος
3104 890 3119 906 ·
3169 891 3189 925 ι
3225 869 3365 940 Ἑγὼ
3396 871 3512 940 εἰμι
3541 868 3576 937 ἡ
3619 865 3752 937 ἀλή-

2169 955 2306 1030 θεια.
2345 993 2364 1026 ι
2419 971 2702 1042 Ἀληθείας
2745 964 2837 1025 οὖν
2872 968 3023 1031 ὄντος
3069 982 3127 1018 τε
3160 963 3255 1025 καὶ
3288 957 3627 1029 κεκλημένου
3653 955 3750 1009 τοῦ

2170 1065 2311 1121 κατὰ
2337 1063 2498 1133 φύσιν
2538 1061 2694 1128 Υἱοῦ,
2730 1059 2895 1132 βλέπε
2925 1056 3096 1127 πόσην
3128 1054 3243 1124 ἔχει
3270 1052 3330 1105 τὸ
3360 1048 3584 1118 Πνεῦμα
3612 1045 3751 1116 πρὸς

2172 1159 2334 1214 αὑτὸν
2363 1157 2461 1230 τὴν
2484 1153 2729 1226 ἑνότητα.
2764 1151 2926 1220 Λέγει
2953 1148 3061 1220 γάρ
3084 1163 3185 1199 που
3221 1144 3350 1215 περὶ
3378 1140 3473 1195 τοῦ
3499 1137 3752 1208 Σωτῆρος

2173 1249 2330 1322 ἡμῶν
2363 1226 2615 1318 ὶωάννης
2638 1248 2666 1299 ὁ
2701 1242 2978 1316 μαθητής⁸
3018 1234 3217 1301 «Ουτός
3247 1238 3396 1289 ἐστιν
3428 1235 3457 1286 6
3489 1228 3660 1284 ἐλθὼν
3685 1226 3750 1280 δι’

2174 1319 2385 1406 fidem,
2411 1341 2505 1392 καὶ
2523 1338 2772 1412 αἵματος,
2800 1332 2895 1386 καὶ
2915 1330 3231 1400 Ῑῐνεύματος
3264 1323 3472 1396 Ἰησοῦς
3492 1319 3746 1403 Χριστός

2172 1433 2275 1486 οὗιι
2303 1422 2361 1485 ἐν
2387 1428 2463 1501 τῷ
2492 1408 2642 1481 ὕδατι
2674 1426 2853 1496 μόνον,
2893 1422 3008 1476 ἀλλ’
3043 1422 3100 1474 ὲν
3127 1418 3205 1489 τῷ
3234 1415 3407 1480 ῦδατι,
3438 1414 3532 1468 καὶ
3561 1412 3637 1482 τῷ
3667 1408 3753 1465 al-

2181 1539 2350 1593 ματι,
2395 1519 2490 1574 καὶ
2533 1518 2594 1571 τὸ
2643 1513 2871 1586 Πνεῦμὰ
2912 1515 3031 1566 ἐστι
3077 1510 3136 1564 τὸ
3184 1505 3526 1581 μαρτυροῦν,
3578 1504 3660 1557 ὅτι
3694 1501 3757 1555 τὺ

2178 1611 2399 1683 πνεῦμά
2441 1613 2589 1666 ἐστιν
2617 1611 2651 1688 ἡ
2680 1607 2929 1681 ἀλήθεια.
2969 1623 2987 1658 υ
3036 1602 3219 1661 Διάτοι
3261 1597 3443 1661 τοῦτο,
3484 1594 3581 1654 καὶ
3618 1596 3757 1647 ἐνοι-

2178 1703 2401 1768 κοῦντος
2429 1704 2561 1775 ἡμῖν
2586 1685 2680 1767 τοῦ
2713 1699 2868 1769 ἁγίου
2895 1696 3231 1766 Πνεύματος,
3267 1692 3347 1754 εἰς
3381 1689 3473 1743 τὸν
3519 1687 3628 1740 ἔσω
3667 1685 3759 1746 ἄν·

2181 1798 2399 1870 θρωπον
2447 1778 2722 1852 κατοικεῖν
2752 1790 2915 1855 αὐτὸς
2940 1788 3162 1857 λέγεται
3190 1781 3445 1855 Χριστὸς,
3466 1780 3566 1851 ξαὶ
3587 1776 3760 1838 οὕτως

2114 1918 2156 1976 Β
2183 1866 2296 1959 Eiet
2318 1887 2379 1940 1:6
2403 1887 2635 1958 πρᾶγμα
2659 1888 2727 1955 τῇ
2750 1882 2931 1953 φύσει.
2964 1879 3076 1935 Καὶ
3101 1877 3234 1947 γοῦν
3261 1875 3289 1927 6
3323 1871 3588 1946 μακάριος
3614 1866 3762 1922 Παῦ-

2185 1980 2277 2044 λος
2318 1977 2631 2047 σαφέστατα
2674 1954 2833 2029 τοῦτο
2860 1971 3125 2026 διδάσκων
3171 1964 3371 2037 φησιν’
3427 1961 3658 2031 «Ὑμεῖς
3705 1954 3769 2011 δὲ

2186 2073 2285 2126 οὐκ
2314 2069 2436 2124 ἐστὲ
2463 2069 2522 2122 ὲν
2556 2067 2740 2140 σαρκὶ,
2779 2056 2893 2120 ἁλλ’
2929 2066 2986 2117 ὲν
3012 2059 3311 2130 Πνεῦματι,
3346 2052 3505 2138 εἴπερ
3540 2050 3765 2121 Πνεῦμα

2188 2163 2324 2219 Θεοῦ
2353 2163 2493 2217 οἰκεῖ
2529 2161 2588 2216 ὲν
2621 2160 2771 2231 ὑμῖν.
2818 2156 2883 2210 El
2931 2154 2988 2211 δέ
3018 2169 3105 2215 τις
3148 2146 3373 2219 Πνεῦμα
3404 2142 3643 2218 Χριστοῦ
3667 2142 3766 2196 οὐκ

2190 2254 2324 2326 ἔχει,
2360 2242 2515 2315 οὗτος
2541 2249 2641 2303 οὐκ
2668 2248 2814 2301 ἔστιν
2843 2242 3031 2300 αὐτοῦ.
3084 2243 3146 2296 Εἰ
3174 2241 3231 2295 δὲ
3256 2237 3493 2310 Χριστὸς
3521 2237 3580 2288 ὲν
3614 2234 3765 2305 ὑμῖν,

2190 2323 2250 2401 τῦ
2281 2344 2379 2416 μὲν
2410 2343 2570 2414 σῶμα
2598 2338 2789 2409 νεκρὸν
2815 2338 2879 2391 δι’
2910 2334 3205 2407 ἁμαρτίαν,
3233 2331 3295 2385 τὸ
3321 2330 3377 2383 δὲ
3405 2327 3630 2397 Πνεῦμα
3657 2323 3770 2391 ζωὴ

2190 2437 2278 2491 διὰ
2316 2422 2682 2503 δικαιοσύνην.
2716 2449 2734 2483 ι
2776 2428 3006 2496 Ὀξείαν,
3038 2420 3084 2480 ὧ
3105 2419 3279 2489 οὗτος,
3311 2423 3423 2484 τοῖς
3454 2417 3772 2490 εἰρημένοις

2194 2529 2427 2599 ὑπόσχες
2450 2525 2549 2596 τὴν
2578 2524 2765 2594 ἀκοήν.
2794 2519 3019 2590 Πνεῦμα
3045 2509 3284 2587 Χριστοῦ
3307 2513 3368 2567 τὸ
3399 2506 3687 2567 κατοικοῦν
3714 2508 3772 2561 ὲν

2195 2623 2325 2693 ἡμῖν
2357 2615 2650 2689 ὀνομάσας,
2685 2615 2966 2685 ἐπήγαγεν
3000 2610 3161 2672 εὐθύς
3183 2625 3198 2639 ⁸
3247 2608 3311 2661 Εἰ
3351 2606 3408 2659 δὲ
3452 2602 3686 2674 Χριστὸς
3715 2600 3774 2652 ἐν

2196 2687 2353 2784 ῦμῖν,
2401 2687 2821 2781 ἀπαράλλακτον
2869 2702 3141 2774 εἰσφέρων
3187 2700 3285 2771 τὴν
3341 2695 3637 2781 ὁμοιότητα
3677 2687 3775 2743 τοῦ

2196 2805 2350 2870 Υἱοῦ,
2380 2802 2513 2876 πρὸς
2536 2800 2595 2871 τό
2617 2800 2744 2853 ἴδιον
2772 2796 2958 2861 αὐτοῦ,
2980 2794 3075 2849 καὶ
3105 2792 3234 2864 παρ’
3262 2780 3426 2843 αὑτοῦ
3452 2783 3592 2840 κατὰ
3613 2783 3776 2852 φύσιν

2197 2873 2563 2967 προχεόμενον
2609 2889 2851 2960 Πνεῦμα.
2923 2886 3104 2940 Διάτοι
3147 2880 3305 2937 τοῦτο
3328 2919 3344 2945 ,
3398 2877 3495 2931 καὶ
3553 2873 3778 2943 Πνεῦμα

2198 2963 2472 3048 υἱοθεσίας
2499 2983 2739 3052 λέγεται,
2784 2979 2880 3033 καὶ
2923 2979 2983 3031 ὲν
3016 2973 3166 3046 αὐτῷ
3209 2971 3505 3044 κράζομεν·
3551 2964 3721 3019 ’Δεὸᾶ
3746 2963 3780 3017 ὁ

2201 3079 2411 3150 Πατήρ.
2458 3074 2572 3130 Καὶ
2614 3073 2689 3137 ὡς
2720 3073 2749 3125 6
2784 3069 3052 3143 μακάριός
3107 3063 3210 3119 πού
3261 3076 3425 3133 φησιν
3483 3056 3775 3126 Ἰωάννης⁶

2207 3189 2225 3222 ι
2247 3169 2345 3223 Ἐκ
2385 3166 2576 3221 τούτου
2620 3164 2988 3234 γινώσκομεν,
3022 3158 3106 3211 ὅτι
3150 3155 3209 3208 ἐν
3239 3153 3371 3224 ἡμῖν
3398 3151 3568 3212 ἐστιν,
3606 3146 3690 3200 ὅτι
3716 3144 3783 3213 ἐκ

526 3266 766 3339 prlmum
801 3266 1067 3337 Spiritum
1101 3265 1404 3336 accepisse,
1426 3278 1552 3321 cum
1581 3261 1763 3317 factus
1792 3267 1878 3315 est
1897 3256 2096 3312 homo:

2201 3262 2295 3317 τοῦ
2328 3258 2644 3331 Πνεῦμα-σος
2673 3252 2839 3311 αὐτοῦ
2874 3252 3073 3305 ἔδωκεν
3100 3250 3253 3319 ἡμῖν.
3288 3263 3305 3297 ι
3353 3237 3525 3314 Οἶμαι
3563 3228 3663 3310 μὲν
3689 3232 3783 3290 οῦν

528 3358 785 3415 ostendat
809 3357 906 3415 Dei
934 3356 1177 3415 Verbum
1211 3365 1339 3414 ante
1373 3354 1814 3412 incarnationem
1846 3355 2099 3407 sanetum

528 3466 641 3507 non
672 3466 815 3517 esse,
846 3457 901 3506 et
935 3464 1039 3507 nos
1066 3449 1394 3506 taeebimus.
1426 3446 1560 3503 Jure
1593 3455 1781 3501 autem
1812 3440 2104 3498 mirandus

530 3548 618 3598 est
642 3548 873 3598 sanctus
899 3541 1238 3613 evangelista
1268 3540 1361 3612 qui
1384 3539 1589 3609 ubique
1616 3536 1790 3592 multa
1823 3548 1947 3591 cum
1973 3546 2105 3588 cau-

533 3638 683 3689 tione
725 3640 1023 3690 conservat
1052 3647 1114 3688 ea
1130 3647 1254 3702 quae
1276 3640 1493 3686 natura:
1524 3629 1727 3685 divinae
1749 3623 2104 3683 conveniunt.

533 3724 671 3779 Cum
700 3724 846 3779 enim
869 3732 1030 3780 antea
1049 3723 1307 3789 dixisset,
1327 3722 1605 3777 neminem
1633 3730 1876 3788 unquam
1903 3713 2110 3768 vidisse

538 3817 706 3872 Deum
723 3816 795 3881 ⁸²,
816 3822 873 3872 et
899 3815 1053 3886 127
1081 3830 1228 3870 nunc
1246 3828 1276 3867 a
1307 3814 1470 3869 beato
1500 3810 1744 3881 Baptista
1773 3806 1957 3863 visum
1985 3803 2111 3875 Spi-

537 3916 705 3978 ritum
739 3916 974 3972 asserat,
1001 3906 1423 3962 descendentem
1450 3918 1614 3974 super
1644 3901 1842 3956 Filium
1868 3898 2110 3963 ccelitus,

539 4000 692 4056 addit
723 4000 1061 4066 necessario,
1094 4008 1375 4069 spectasse
1405 3996 1647 4067 quidem,
1677 3994 1771 4050 sed
1804 3990 1988 4063 specie
2016 4003 2113 4044 co-

540 4091 763 4157 lumbae,
798 4105 910 4146 non
940 4090 1271 4160 simpliciter
1296 4086 1479 4157 qualis
1507 4094 1704 4139 natura
1735 4096 1834 4139 sua
1873 4078 2112 4145 exsistit,

540 4185 634 4242 sed
670 4182 948 4241 mitissimi
977 4181 1234 4238 animalis
1262 4180 1446 4251 specie
1474 4177 1882 4242 adumbratum,
1910 4180 1972 4228 ut
2011 4172 2117 4226 hoc

543 4283 703 4346 pacto
729 4291 952 4332 rursum
983 4275 1264 4329 videretur
1293 4269 1741 4342 coniunctionem
1777 4273 1831 4323 et
1855 4264 2114 4326 similitu-

543 4368 727 4420 dinem
756 4366 1063 4420 naturalem
1108 4380 1331 4422 servare
1360 4378 1487 4421 cum
1519 4361 1659 4417 Filio
1688 4360 1937 4416 dicente:
1970 4375 1989 4409 ι
2023 4355 2119 4411 Di-

545 4457 683 4511 scite
718 4469 747 4510 a
779 4471 889 4519 me,
915 4455 1045 4527 quia
1095 4457 1245 4512 mitis
1287 4470 1407 4511 sum
1453 4461 1508 4510 et
1554 4451 1779 4507 humilis
1803 4449 1970 4506 corde
1991 4436 2060 4503 ".
2093 4466 2112 4500 ι

545 4548 717 4617 igitur
745 4562 858 4602 non
907 4544 1125 4601 desinet
1163 4561 1290 4601 esse
1330 4544 1475 4600 Deus
1515 4545 1815 4599 secundum
1861 4547 2116 4596 naturam

549 4635 788 4706 Spiritus
829 4652 844 4691 ι
875 4636 946 4691 de
986 4651 1096 4705 quo
1148 4634 1589 4707 nempe‘dicitur
1626 4647 1911 4703 nunquam
1940 4631 2118 4685 visum

546 4743 691 4792 esse,
737 4726 843 4782 nisi
899 4725 1169 4780 duntaxat
1225 4710 1294 4779 in.
1337 4724 1603 4781 columbae
1659 4723 1843 4792 specie
1893 4731 2122 4793 propter

547 4819 815 4877 discentis
834 4818 1148 4873 utilitatem.
1185 4815 1333 4873 Loco
1363 4815 1508 4872 enim
1542 4815 1682 4885 signi
1713 4823 1768 4873 et
1802 4800 1991 4871 indicii
2026 4815 2124 4872 da-

548 4925 658 4970 tam
690 4912 795 4970 sibi
842 4912 1013 4967 fuisse
1045 4910 1462 4966 descensionem
1502 4901 1762 4980 Spiritus,
1789 4908 1984 4965 beatus
2012 4907 2121 4963 Ba-

550 5008 718 5078 ptista
751 5003 1062 5076 proﬁtetur,
1092 5001 1398 5057 Salvatoris
1421 5001 1598 5058 nostri
1629 5001 1963 5058 testimoniis
1989 5002 2125 5057 illud

552 5097 806 5152 addens:
839 5113 859 5147 ι
901 5092 1005 5161 Qui
1051 5093 1201 5148 misit
1254 5107 1342 5147 me
1384 5091 1667 5162 baptizare
1712 5092 1767 5163 in
1814 5106 1976 5163 aqua,
2034 5092 2126 5148 ille

553 5190 688 5245 mihi
740 5187 921 5245 dixit:
956 5186 1135 5258 Super
1165 5200 1326 5259 quem
1359 5184 1565 5242 videris
1595 5184 1861 5257 Spiritum
1897 5184 2128 5241 (lescen-

556 5283 795 5349 dentem,
834 5287 890 5337 et
932 5286 1248 5336 manentem
1276 5294 1444 5350 super
1474 5293 1623 5343 eum,
1654 5278 1746 5333 hic
1773 5285 1858 5334 est
1892 5277 1987 5348 qui
2032 5276 2129 5331 ha-

557 5376 725 5449 ptizat
753 5374 827 5429 in'
852 5371 1060 5444 Spiritu
1098 5369 1377 5429 sancto".
1411 5390 1430 5423 ι
1452 5368 1627 5435 Quam
1656 5370 1728 5424 ob
1760 5385 1874 5425 rem
1905 5371 2133 5424 insanos

559 5464 849 5520 haereticos
908 5465 1262 5520 vehementer
1328 5460 1644 5532 irridendos
1713 5461 1974 5523 arbitror,
2039 5458 2133 5528 qui

562 5552 711 5621 quod
745 5552 888 5621 signi
921 5550 1042 5606 loco
1086 5552 1329 5622 positum
1361 5558 1469 5616 est,
1501 5565 1602 5622 pro
1637 5551 1865 5605 veritate
1896 5549 2010 5618 ipsa
2054 5550 2135 5604 rei

560 5642 805 5712 capiunt,
839 5643 1091 5711 quamvis
1135 5640 1406 5713 singulari
1438 5626 1645 5696 factum
1675 5640 1726 5695 id
1763 5640 1837 5696 sit
1882 5640 2133 5706 consilio,

633 5751 858 5826 ‘I‘Joan.
892 5753 1091 5826 xtv,_6.
1167 5755 1214 5826 ξ’
1243 5753 1452 5826 l_Joan.
1491 5772 1544 5816 v,
1573 5755 1629 5810 6.
1705 5754 1749 5788 δ’
1802 5753 1961 5810 Rom-
2006 5770 2123 5826 νιιιρ
2148 5756 2203 5826 9,

564 5826 613 5878 9'
656 5823 849 5891 Matth.
900 5840 976 5891 xl,
1005 5824 1099 5882 29.
1165 5824 1212 5858 “
1250 5822 1410 5893 ἔοικα.
1450 5840 1490 5893 ι,
1531 5826 1585 5893 3.

2208 3328 2523 3425 ἐξαρκέσειν
2580 3350 2676 3406 καὶ
2722 3347 2924 3413 ταῦτα,
2980 3342 3117 3414 πρὸς
3166 3338 3227 3392 τὸ
3271 3333 3530 3390 δύνασθαι
3572 3328 3644 3384 τὰ
3681 3328 3785 3399 τῆς

2219 3447 2542 3518 Ἐκκλησίας
2570 3443 2735 3498 τέκνα
2763 3440 2832 3493 τὰ
2876 3437 2986 3491 τῶν
3032 3419 3787 3506 ἑτεροδοξούντωνὰποκρού-

2210 3512 2416 3604 σασθαι-
2438 3536 2610 3610 βλάϐη
2635 3552 2649 3567 ·
2689 3537 2738 3589 εἰ
2769 3532 2828 3587 δέ
2853 3549 2939 3596 τις
2968 3528 3193 3600 ἀκράτῳ
3218 3525 3320 3595 τῆς
3349 3518 3588 3592 ἀμαθίας
3603 3512 3785 3610 -βεξὰ-

2210 3605 2451 3689 πτισται⁷
2478 3605 2639 3702 μέθη,
2684 3626 2807 3680 τότε
2853 3622 2912 3677 δὲ
2960 3620 3180 3692 πρῶτον
3220 3615 3282 3670 τδ
3326 3611 3556 3682 Πνεῦμα
3602 3605 3789 3661 λαϐεῖν

2211 3727 2383 3779 οἴεται
2410 3722 2498 3775 τὸν
2521 3719 2671 3781 Υἱὺν,
2698 3719 2787 3771 ὅτε
2810 3714 3035 3784 γέγονεν
3060 3708 3344 3780 ἅνθρωπος
3369 3696 3790 3757 ἰἀποδεικνύτω

2213 3815 2320 3888 πρὸ
2350 3814 2451 3883 τῆς
2473 3810 2629 3866 ὲνανθ
2639 3808 2935 3882 ρωπήσεως
2964 3804 3034 3874 ἇγ
3044 3819 3120 3856 ιον
3148 3800 3248 3862 οὐκ
3265 3798 3397 3853 ὄντα
3414 3796 3506 3849 τὸν
3533 3791 3628 3847 τοῦ
3652 3788 3789 3844 Θεοῦ

2213 3882 2417 3977 Λόγον,
2458 3903 2553 3959 καὶ
2597 3902 2757 3973 ἡμεῖς
2793 3897 3164 3969 σιωπήσομεν.
3204 3887 3617 3958 ’Δποθαυμάσαι
3654 3883 3698 3936 δ’
3727 3882 3792 3936 ἂν

2215 4017 2298 4065 τις
2326 3997 2423 4053 καὶ
2460 3995 2578 4049 λίαν
2606 3993 2831 4055 εἰκότως
2866 3990 2967 4043 τὸν
2994 3987 3148 4057 ἆγιον
3189 3979 3580 4054 εὐαγγελιστὴν
3621 3975 3694 4039 τὰ
3723 3977 3792 4046 τῇ

2218 4090 2340 4162 θείᾳ
2368 4088 2645 4160 πρέποντα
2666 4078 2988 4155 φύσειμετὰ
3015 4078 3219 4148 πολλῆς
3238 4091 3383 4138 τινος
3410 4073 3509 4143 τῆς
3532 4065 3796 4139 ἐπιτηρή-

2221 4158 2359 4248 σεως
2410 4158 2662 4259 πανταχῆ
2715 4174 3067 4259 διασώζοντα.
3125 4168 3342 4240 Ἐπειδὴ
3384 4165 3494 4237 γὰρ
3535 4163 3639 4234 ἔφη
3687 4158 3796 4232 πρὸ

2217 4274 2444 4339 τούτων,
2476 4271 2558 4325 ὅτι
2587 4250 2721 4323 Θεὸν
2752 4254 2927 4330 οὐδεὶς
2973 4262 3185 4336 ἑώρακε
3230 4259 3472 4319 πώποτε,
3509 4250 3797 4313 τεθεᾶσθαι,

2220 4366 2284 4421 δὲ
2327 4363 2424 4419 νῦν
2468 4364 2531 4427 τὸ
2576 4359 2803 4432 Πνεῦμα
2844 4373 2979 4427 φησι
3020 4353 3113 4409 τὸν
3145 4351 3415 4425 μακάριον
3462 4343 3794 4415 Βαπτιστὴν,

2224 4456 2544 4515 καταϐαῖνον
2589 4451 2684 4506 ἐπὶ
2727 4451 2818 4505 τὸν
2871 4447 3001 4503 Υἱδν
3047 4445 3108 4512 ἐξ
3142 4442 3392 4516 ορρανοῦ,
3443 4435 3800 4511 προστίθησιν

2223 4546 2557 4617 ἀναγκαίως,
2592 4545 2676 4598 ὅτι
2721 4542 2965 4596 θεάσοιτο
2997 4540 3116 4611 μὲν,
3165 4538 3307 4607 πλὴν
3359 4534 3417 4586 ἐν
3465 4530 3596 4584 εἴδει
3640 4543 3804 4597 περι-

2230 4641 2446 4713 στερᾶς,
2472 4639 2572 4692 οὐκ
2600 4635 2731 4689 αὐτὸ
2760 4633 2905 4705 κατὰ
2937 4632 3119 4703 φύσιν,
3146 4630 3282 4699 ὅπερ
3311 4626 3546 4701 ὑπάρχει
3575 4618 3806 4690 γυμνὸν,

2230 4711 2345 4787 ἀλλλ
2392 4734 2452 4786 ἐν
2508 4728 2587 4800 τῷ
2630 4728 2925 4799 πραοτάτῳ
2974 4720 3446 4795 σχηματιζόμενον
3493 4714 3618 4785 ζώῳ
3643 4728 3657 4746 ο
3715 4711 3811 4765 ἶνα
3860 4719 3879 4733 ’

2230 4823 2488 4895 φαίνηται
2561 4817 2722 4872 πάλιν
2779 4818 2872 4872 καὶ
2934 4815 3022 4869 διὰ
3072 4812 3261 4869 τούτου
3314 4806 3656 4876 οἰκειότητα,
3711 4802 3814 4856 καὶ

2230 4890 2488 4987 ὁμοίωσιν
2518 4909 2785 4975 διασῶζον
2829 4907 3087 4978 φυσικὴν,
3127 4903 3265 4974 πρὸς
3309 4900 3402 4955 τὸν
3444 4896 3573 4952 Υἱδν
3601 4892 3692 4948 τὸν
3718 4890 3815 4945 λέ-

2230 4982 2397 5077 γοντα
2424 5021 2439 5036 ο
2506 5024 2525 5058 ι
2552 5001 2767 5058 Μάθετε
2828 5001 2924 5055 ἀπ’
2965 4995 3135 5069 ἐμοῦ,
3186 4995 3269 5055 ὅτι
3311 4989 3487 5063 πρᾶός
3535 4988 3668 5057 εἰμι,
3714 4982 3814 5039 καὶ

2229 5095 2485 5159 ταπεινὸς
2510 5096 2584 5166 τῇ
2627 5092 2841 5165 καρδίᾳ.
2877 5108 2896 5143 ι
2951 5085 3159 5143 Οὐκοῦν
3188 5086 3287 5139 οὐκ
3323 5082 3681 5137 ἁποπεσεῖται
3713 5076 3812 5132 τοῦ

2233 5184 2373 5241 εἶναι
2419 5186 2550 5250 Θεὸς
2583 5183 2917 5251 κατὰφύσιν
2958 5180 3020 5233 τὸ
3052 5176 3312 5249 Πνεῦμαο
3366 5173 3662 5245 τετήρηται
3701 5168 3817 5240 γὰρ

2233 5276 2381 5347 αὐτῷ
2408 5275 2470 5329 τὸ
2499 5275 2574 5346 μὴ
2602 5271 2893 5328 τεθεᾶσθαι
2925 5254 3167 5334 πώποτε,
3196 5267 3337 5336 πλὴν
3362 5266 3488 5319 ὅσον
3519 5265 3577 5316 ὲν
3604 5260 3684 5332 τῷ
3714 5260 3820 5329 τῆς

2233 5367 2563 5439 περιστερᾶς
2599 5361 2986 5436 σχηματισμῷ.
3035 5360 3123 5415 διὰ
3166 5358 3268 5430 τὴν
3308 5355 3402 5411 τοῦ
3456 5352 3821 5428 μανθάνοντος

2236 5459 2444 5531 χρείαν.
2486 5459 2577 5523 Ὠς
2609 5458 2718 5529 γὰρ
2762 5459 2819 5511 ὲν
2851 5454 3077 5528 σημείου
3109 5453 3206 5516 καὶ
3236 5448 3616 5521 γνωρισμᾳτος
3664 5440 3825 5506 τάξει

2236 5551 2479 5606 δεδόσθαι
2522 5552 2684 5622 φησιν
2718 5544 2894 5619 ἑαυτῷ
2927 5548 3024 5619 τὴν
3062 5544 3156 5600 τοῦ
3187 5541 3501 5611 Πνεῦματος
3531 5534 3757 5593 κάθοδον
3795 5532 3832 5583 ὁ

2245 5643 2512 5715 μακάριος
2558 5639 2888 5711 Βαπτιστὴς,
2922 5639 3042 5701 ταῖς
3084 5637 3211 5706 περὶ
3252 5632 3347 5688 τοῦ
3378 5630 3631 5701 Σωτῆρος
3662 5625 3830 5695 ἡμῶν

2238 5758 2322 5814 10.
2401 5759 2448 5791 ⁸⁰
2500 5756 2638 5813 Ibid.
2691 5753 2783 5820 15.
2857 5749 3144 5810 ⁸¹11ωιι.
3169 5762 3244 5819 tv,
3275 5747 3366 5808 13.
3462 5746 3509 5795 ’ἓ
3558 5735 3844 5813 lbidJZ.
