4038 6210
331 341 441 402 213

1319 355 1388 412 ΙΝ
1417 357 1704 417 JOANNIS
1738 361 2191 428 EVANGELIUM
2225 372 2354 428 LIB.
2379 374 2443 431 11.

3496 388 3607 447 2M

333 461 664 533 μαρτυρίαις
710 464 1044 535 ἰπενεγκὼν,
1072 468 1154 525 ὅτι
1194 489 1213 522 ι
1235 470 1295 526 '0
1326 476 1549 546 πέμψας
1605 496 1691 559 με,
1718 481 1899 551 βαπτί-

2019 492 2487 559 quemadmodum
2517 495 2632 567 jam
2656 497 2862 555 dictum
2893 507 2998 568 est,
3029 502 3094 559 ad
3130 506 3356 560 humani
3380 512 3601 576 generis

331 551 443 616 ζειν
474 554 533 608 ἑν
554 553 741 625 ὕδατι,
785 560 991 626 ἐκεῖνός
1026 580 1117 633 μοι
1169 559 1342 630 εἶπεν,
1390 569 1504 638 Ἐφ’
1537 570 1596 624 6v
1625 554 1692 627 ἂν
1722 574 1836 647 ἴδῃς
1859 577 1921 630 τὸ

2028 582 2343 640 utilitatem.

329 648 554 765 Πῖεῦμα
576 652 926 765 καταϐαῖνονζ
954 659 1049 711 καὶ
1080 659 1240 729 μένον
1268 661 1356 714 ἐπ’
1376 664 1559 730 αὐτὸν,
1589 659 1744 732 οὗτός
1763 671 1911 725 ἐστιν
1944 673 1974 726 6
2002 672 2281 744 βαπτίζων
2322 682 2380 733 ἐν
2413 682 2693 755 Πνεῦματι
2733 686 2839 756 υτῷ
2869 687 3029 758 ἁγίῳ.
3063 707 3082 740 ι
3152 691 3268 760 Ἐφ’
3292 684 3337 761 ᾧ
3404 693 3468 765 δὴ
3511 695 3603 749 καὶ

329 739 564 849 μάλιστα
591 743 846 855 διαγελᾷν
861 744 1027 855 ρίμαι
1062 750 1296 855 πρέπειν
1324 756 1484 855 ,τοῦς
1552 754 1816 855 ἀνοητους
1874 739 2205 855 αἱρετικούςν,
2256 771 2318 824 τὸ
2372 774 2431 827 ἐν
2483 739 2633 841 τάέει
2682 739 3116 850 σημείοῦ’τεθὲν
3148 739 3602 855 ,ᾐείςῗάληυθειαν

328 833 655 945 πράγματος
677 837 1142 945 ἐκλαμϐάνοντας,
1174 843 1224 895 εί
1253 843 1348 897 καὶ
1382 844 1607 914 γέγονεν
1634 833 2025 922 οίκονομικῶς,
2074 858 2328 932 καθάπερ
2358 862 2461 935 ἤδη
2533 833 2880 937 προείρηται,
2925 867 3014 922 διὰ
3078 833 3178 940 τὴν
3214 833 3313 942 τὲίς

329 924 563 995 πότητος
594 928 806 997 χρείαν.

399 1013 509 1067 Καὶ
540 1014 793 1083 ἑώρακα,
824 1017 923 1072 καί
937 1023 1381 1093 μεμαρτύρηκα,
1414 1026 1504 1081 ὅτι
1533 1023 1709 1096 οὗτός
1737 1029 1912 1088 ἐστιν

325 1105 362 1159 ὁ
386 1103 520 1171 Υἱὸς
551 1106 660 1161 τοῦ
692 1108 861 1163 Θεοῦ.

410 1195 684 1269 ’Δσφαλὴς
711 1201 740 1252 6
773 1199 1006 1272 μάρτυς,
1051 1202 1189 1277 ὅπερ
1230 1204 1399 1271 ὅντως
1439 1209 1713 1278 τεθέαται,
1750 1214 1911 1269 τοῦτο

325 1287 422 1341 καὶ
451 1288 649 1377 λαλῶν.
703 1292 816 1346 Οὐκ
862 1294 1050 1363 ἀγνοεῖ
1074 1297 1183 1369 γὰρ
1231 1297 1363 1364 ἴσως
1394 1301 1452 1355 τὸ
1482 1306 1867 1377 γεγραμμένον
1892 1322 1906 1338 °

329 1395 349 1427 ι
377 1378 449 1430 Ἀ
477 1375 617 1436 εἶδον
643 1382 692 1434 oi
720 1382 988 1455 ὀφθαλμοί
1016 1403 1131 1452 σου,
1162 1388 1309 1458 λέγε.
1343 1409 1362 1444 ι
1418 1388 1570 1448 Εἶδον
1591 1375 1719 1463 οὖν,
1755 1398 1910 1468 φησὶ,

322 1468 386 1520 τὸ
414 1472 661 1540 σημεῖον,
702 1474 796 1526 καὶ
824 1476 1030 1546 συνῆκα
1058 1478 1150 1532 τὸν
1191 1479 1257 1534 δι’
1286 1480 1453 1535 αὐτοῦ
1489 1487 1911 1556 σημαινόμενον.

323 1560 606 1633 Μαρτυρῶ
643 1563 700 1617 δὲ
743 1565 823 1618 ὅτι
853 1559 1008 1631 οὗτός
1049 1569 1198 1623 ἐστιν
1225 1573 1253 1625 6
1286 1571 1414 1637 Υίὸς
1455 1575 1553 1629 τοῦ
1578 1577 1735 1643 Θεοῦ,
1769 1583 1798 1633 6
1823 1582 1912 1637 διὰ

322 1652 493 1724 νόμου
528 1653 627 1722 μὲν
652 1655 746 1709 τοῦ
786 1656 874 1711 διά
898 1658 1144 1724 Μωσέως
1175 1662 1577 1736 ἀναϐοὼμενος,
1608 1668 1696 1722 διὰ
1725 1673 1912 1743 φωνῆς

2091 1037 2135 1102 1,
2166 1036 2256 1095 54.
2289 1036 2359 1095 Et
2390 1055 2482 1112 ego
2512 1039 2637 1108 uidi,
2668 1050 2719 1097 et
2759 1045 3118 1100 testimonium
3160 1048 3423 1120 perhibui,
3468 1051 3597 1123 quia

2021 1128 2107 1181 hic
2129 1137 2209 1183 est
2241 1128 2422 1186 Filius
2461 1131 2577 1186 Dei.

2086 1219 2460 1279 Gravissimus
2497 1225 2675 1290 testis,
2709 1228 2807 1298 qui
2862 1229 3006 1300 quod
3062 1246 3253 1287 revera
3301 1236 3590 1305 spectavit,

2021 1306 2158 1363 illud
2202 1310 2369 1366 etiam
2414 1313 2679 1383 loquitur.
2710 1315 2831 1371 Non
2871 1319 3018 1373 enim
3066 1306 3492 1394 lorsanignorat
3541 1326 3595 1381 id

2014 1398 2160 1466 quod
2195 1401 2461 1470 scriptum
2513 1409 2640 1458 est:
2669 1422 2687 1455 ι
2728 1405 2861 1470 Quae
2884 1409 3029 1463 oculi
3071 1410 3148 1465 tui
3194 1411 3471 1483 viderunt,
3502 1416 3594 1471 illa

2011 1487 2181 1545 dicito
2213 1490 2282 1545 ⁸⁸.
2329 1510 2349 1542 ι
2381 1490 2503 1547 Vidi
2563 1507 2714 1563 ergo,
2763 1495 2964 1565 inquit,
3013 1498 3253 1569 signum,
3298 1513 3354 1558 et
3400 1507 3594 1576 agnovi

2011 1593 2138 1665 eum
2186 1580 2281 1650 qui
2318 1597 2416 1652 per
2465 1584 2646 1654 ipsum
2698 1585 3136 1655 signiﬁcabatur.
3171 1591 3369 1649 Testor
3407 1605 3592 1651 autem

2011 1670 2159 1727 hunc
2184 1688 2308 1729 esse
2333 1673 2429 1731 Dei
2456 1674 2678 1743 Filium,
2710 1680 2865 1749 quia
2898 1680 3047 1738 Mose
3070 1698 3165 1754 per
3192 1685 3365 1754 legem
3399 1687 3589 1756 pra-di-

322 1744 432 1797 τῶν
475 1745 648 1814 ἁγίων
692 1748 989 1820 προφητῶν
1034 1754 1440 1825 κηρυττόμενος
1467 1772 1482 1787 '
1534 1757 1681 1813 δοκεῖ
1713 1756 1778 1816 ’δέ
1815 1780 1899 1833 μοι

2011 1769 2167 1819 catus
2200 1773 2305 1829 est,
2337 1773 2393 1821 et
2446 1776 2772 1824 sanctorum
2822 1773 3213 1843 prophetarum
3244 1791 3400 1831 voce.
3452 1777 3597 1833 Rur-

324 1832 487 1888 πάλιν
530 1836 561 1889 6
612 1835 882 1907 μακάριος
935 1840 1325 1914 εὐαγγελιστὴς
1356 1845 1496 1915 μετά
1530 1847 1733 1920 πολλῆς
1765 1832 1910 1918 τινος
1951 1893 1954 1896 .

320 1925 421 1994 τῆς
440 1926 735 1994 ἀσφαλείας
756 1930 950 1985 είπεῖν’
989 1950 1008 1983 ι
1023 1927 1192 1998 Οὗτός
1224 1935 1371 1990 ἐστιν
1399 1939 1427 1991 6
1447 1938 1573 2004 Υἱὸς
1597 1941 1691 1994 τοῦ
1710 1942 1869 2011 Θεοῦ,
1885 1965 1903 1999 ι

320 2015 470 2068 τοῦτ’
499 2014 669 2084 ἐστιν,
718 2020 748 2072 6
792 2015 874 2084 εἷς
907 2022 1002 2076 καὶ
1032 2024 1193 2094 μόνος
1236 2026 1378 2081 κατά
1410 2029 1595 2098 φύσιν,
1628 2034 1657 2086 6
1684 2032 1784 2104 τῆς
1809 2035 1905 2089 τοῦ

321 2108 682 2179 γεννήσαντος
711 2111 970 2183 ἰδιότητος
1000 2113 1357 2188 κληρονόμος,
1385 2120 1522 2190 πρὸς
1545 2121 1603 2175 6v
1631 2123 1726 2177 καὶ
1746 2125 1907 2195 ἡμεῖς

320 2202 370 2254 οἱ
413 2201 556 2255 κατά
606 2202 754 2257 θέσιν
790 2206 1164 2279 μορφούμεθα,
1211 2210 1305 2264 καὶ
1331 2211 1399 2265 δι’
1430 2207 1493 2268 οὐ
1526 2214 1662 2286 πρὸς
1701 2217 1761 2271 τὸ
1804 2218 1905 2290 τῆς

318 2293 593 2359 υἱοθεσίας
623 2296 841 2369 ἀξίωμα
864 2299 1005 2353 κατὰ
1032 2300 1192 2373 χάριν
1218 2304 1554 2376 κεκλήμεθα.
1594 2308 1682 2371 Ὠς
1711 2308 1819 2381 γὰρ
1838 2310 1904 2365 ἐκ

316 2384 453 2439 Θεοῦ
484 2387 579 2440 καὶ
621 2383 858 2462 Πατρὶς,
886 2409 905 2442 ι
928 2391 1085 2447 Πᾶσα
1128 2396 1335 2467 πατριά
1371 2396 1429 2450 ἐν
1477 2415 1534 2453 τε
1563 2400 1776 2472 οὐρανῷ
1810 2402 1906 2456 καὶ

317 2477 413 2530 ἐπὶ
444 2476 548 2547 γῆς
576 2478 924 2550 ὀνομάζεται,
954 2501 974 2535 ι
1010 2483 1099 2539 διὰ
1122 2485 1184 2539 τὸ
1212 2487 1374 2542 αὐτὸν
1402 2483 1544 2545 εἶναι
1572 2493 1778 2563 κυρίως
1808 2494 1909 2550 καὶ⁵

318 2569 535 2641 πρῶτον
569 2570 667 2643 [αι.
715 2572 970 2648 πρώτως]
998 2577 1094 2631 καὶ
1122 2578 1340 2650 άληθῶς
1371 2584 1615 2657 Πατέρα,
1642 2585 1786 2641 οὕτω
1809 2588 1907 2641 καὶ

318 2662 471 2715 πᾶσα
506 2663 690 2733 υίότης
717 2667 784 2719 ὲκ
808 2665 902 2720 τοῦ
932 2667 1082 2736 Υἱοῦ,
1128 2670 1216 2725 διὰ
1243 2664 1304 2726 τὸ
1335 2675 1497 2729 αὐτὸν
1527 2672 1666 2732 εἶναι
1696 2679 1906 2751 κυρίως

317 2751 413 2805 καὶ
453 2754 614 2822 μόνον
644 2754 861 2826 ἀληθῶς
905 2757 1051 2826 Υίὸν,
1095 2762 1159 2814 οὐ
1190 2761 1345 2817 νόθον
1379 2766 1501 2820 οὐδὲ
1523 2766 1899 2840 ψευδώνυμον,

314 2842 434 2898 ἀλλ’
479 2846 546 2900 ὲκ
594 2847 693 2917 τῆς
725 2848 915 2914 οὐσίας
946 2848 1041 2904 τοῦ
1079 2852 1215 2906 Θεοῦ
1262 2855 1358 2909 καὶ
1400 2857 1614 2930 Πατρὸς
1656 2860 1718 2913 οὐ
1762 2861 1904 2915 κατά

312 2935 625 3005 ἀποκοπὴν,
654 2937 687 3008 ἢ
720 2938 925 3009 ρεῦσιν,
957 2940 988 3012 ἢ
1020 2943 1306 3015 μερισμὸν,
1344 2946 1376 3017 ἢ
1418 2949 1594 3021 τομήν
1617 2966 1632 2981 ⁸
1683 2952 1902 3024 ἀπαθὴς

312 3026 430 3099 γὰρ
463 3028 497 3100 ἠ
540 3029 656 3084 θεία
701 3031 864 3101 φύσις
906 3035 1184 3100 παντελῶς
1206 3052 1222 3067 θ
1275 3038 1391 3094 ἀλλ’
1431 3040 1507 3107 ὡς
1539 3042 1636 3097 ἕνα
1666 3043 1728 3110 ἐξ
1755 3045 1894 3112 ἐνὸς,

310 3120 403 3175 ἀεὶ
438 3123 869 3195 συνυπάρχοντα,
896 3126 991 3180 καὶ
1021 3128 1291 3184 συναϊδιον
1315 3132 1408 3186 καὶ
1432 3134 1788 3205 ὲμπεφυκότα
1818 3136 1898 3211 τῷ

311 3212 661 3285 γεννήσαντι,
702 3217 762 3270 ὲν
798 3218 946 3291 αὐτῷ
976 3238 1036 3275 τε
1077 3221 1228 3285 ὄντα,
1270 3224 1364 3277 καὶ
1407 3223 1468 3290 ἐξ
1505 3226 1670 3281 αὐτοῦ
1699 3230 1895 3302 προελ-

310 3300 477 3357 θόντα
512 3303 826 3376 ἀμερίστως
862 3310 958 3364 καὶ
1003 3310 1363 3380 ἀδιαστάτως,
1412 3316 1537 3370 ἐπεὶ
1586 3319 1724 3391 μηδὲ
1747 3300 1898 3377 κατά

312 3390 475 3463 σῶμα
502 3394 564 3448 τὸ
591 3395 768 3463 Θεῖον,
805 3400 943 3471 μήτε
967 3401 1119 3473 τόπῳ
1148 3404 1500 3477 περιληπτὸν,
1536 3408 1569 3479 ἢ
1591 3390 1899 3484 διαστημα-

307 3484 470 3550 τικάς
504 3487 605 3552 τάς
656 3491 982 3559 μεταϐάσεις
1017 3496 1291 3550 ποιεῖσθαι
1338 3499 1606 3570 πεφυκὸς,
1658 3503 1774 3558 ἀλλ’
1816 3505 1896 3570 ὡς

305 3578 562 3648 πρόεισιν
587 3581 652 3634 ὲκ
683 3580 853 3653 πυρὸς
882 3585 915 3653 ἡ
951 3582 1147 3639 ἐνοῦσα
1175 3587 1446 3659 θερμότης
1471 3589 1639 3661 αὐτῷ,
1662 3592 1896 3648 δοκοῦσα

308 3664 414 3737 μὲν
442 3683 565 3732 πως
588 3668 754 3723 αὐτοῦ
779 3673 894 3735 ταῖς
919 3673 1185 3738 ἐπινοίαις
1215 3677 1558 3747 μερίζεσθαι,
1593 3682 1688 3735 καὶ
1707 3682 1895 3755 ἔτερόν

303 3774 358 3810 τι
382 3756 518 3829 παρ’
545 3760 680 3814 αὐτὸ
703 3761 985 3834 ὑπάρχειν,
1013 3765 1073 3833 ἐξ
1098 3766 1263 3821 αὐτοῦ
1296 3768 1353 3822 δὲ
1377 3764 1511 3837 οὐσα
1539 3772 1634 3826 καὶ
1658 3775 1718 3828 ὲν
1744 3775 1895 3848 αὐτῷ

305 3847 453 3903 κατὰ
493 3850 678 3919 φύσιν,
720 3854 815 3908 καὶ
841 3854 902 3920 ἐξ
933 3856 1099 3910 αὐτοῦ
1131 3858 1399 3929 προϊοῦσα
1430 3862 1570 3932 μετά
1596 3864 1689 3919 τοῦ
1725 3847 1894 3937 μηδὲν

303 3939 518 3995 ἀδικεῖν
563 3942 707 3997 κατά
733 3961 798 4013 γε
837 3945 929 4000 τὸν
970 3947 1278 4020 ἀποκοπῆς,
1322 3951 1439 4022 ἦτοι
1480 3956 1753 4027 μερισμοῦ
1799 3958 1893 4012 καὶ

302 4030 554 4100 ῥεύσεως
587 4033 743 4104 λόγον
770 4052 783 4065 ο
830 4038 923 4109 ὅλη
968 4038 1079 4110 γὰρ
1106 4042 1164 4095 ὲν
1191 4040 1297 4112 ὅλῳ
1333 4041 1413 4114 τῷ
1444 4045 1579 4115 πυρὶ
1616 4046 1890 4113 σώζεται·

298 4123 455 4178 οὕτω
494 4126 763 4199 νοήσομεν
807 4130 901 4183 καὶ
935 4120 1030 4183 ’ἐπὶ
1068 4131 1163 4185 τοῦ
1211 4132 1356 4187 θείου
1397 4138 1735 4209 γεννήματος
1767 4140 1889 4195 θεο-

301 4218 694 4291 πρεπεττάτην
733 4221 820 4273 ἐπ’
863 4221 1011 4293 αὐτῷ
1047 4222 1146 4295 τὴν
1197 4223 1430 4296 θεωρίαν
1478 4228 1846 4299 λαμϐάνοντες
1872 4250 1888 4263 ο

299 4307 406 4359 καὶ
448 4308 577 4362 Υίὸν
618 4310 718 4379 μὲν
753 4311 899 4376 ἰδίως
933 4313 1229 4382 ὐφεστᾶναι
1270 4316 1636 4384 πιστεύοντες,
1679 4320 1740 4374 οὐ
1783 4322 1888 4394 μὴν

299 4398 415 4465 ἔξω
437 4399 679 4465 τιθέντες
712 4403 873 4457 αὐτὸν
900 4404 1001 4474 τῆς
1025 4407 1153 4475 μιᾶς
1176 4407 1269 4514 καὶ
1300 4410 1580 4480 ἀφράστου
1607 4411 1888 4485 θεότητος,
1919 4459 1964 4514 D

296 4492 428 4546 οὐδὲ
460 4493 561 4546 τοῦ
597 4495 810 4566 Ιῐατρὸς
843 4497 1179 4567 ἑτεροούσιον
1214 4494 1352 4555 εἶναι
1380 4501 1629 4570 λέγοντες
1652 4521 1663 4535 ο
1706 4505 1739 4576 ἢ
1775 4507 1884 4579 γὰρ

296 4583 368 4637 ἂν
389 4583 521 4648 re;
544 4586 721 4668 οὐκέτ’
744 4586 811 4641 ἂν
840 4590 1010 4643 νοοῖτο
1034 4589 1278 4657 δικαίως,
1307 4592 1421 4646 ἀλλ’
1451 4593 1637 4665 ἔτερόν
1657 4613 1710 4648 τι
1731 4597 1885 4668 παρά

293 4674 481 4739 τοῦτο,
527 4676 622 4728 καὶ
663 4655 976 4747 πρόσφατος
1021 4679 1149 4751 ἡμῖν
1197 4655 1448 4736 ἀνατελεί
1481 4655 1646 4751 Θεὸς,
1695 4655 1883 4760 ἔτερος

293 4766 569 4838 ὑπάρχων
612 4769 765 4839 παρά
797 4769 888 4823 τὸν
932 4770 1059 4823 ὄντα
1104 4773 1198 4826 καὶ
1233 4772 1412 4843 μόνον.
1448 4773 1522 4828 Τὸ
1558 4775 1668 4847 γὰρ
1697 4776 1797 4831 οὐκ
1823 4777 1883 4832 δν

292 4856 591 4925 ὁμοούσιον
628 4858 706 4928 τῷ
733 4859 874 4913 κατά
902 4859 1063 4930 φύσιν
1085 4860 1223 4932 Θεῷ,
1257 4865 1374 4927 sub;
1406 4865 1467 4919 οὐ
1496 4866 1715 4932 πάντως
1744 4868 1887 4923 ἀπο-

296 4950 555 5001 πεσεῖται
587 4947 683 5003 τοῦ
745 4943 883 5003 εἶναι
912 4950 1047 5015 Θεὸς
1085 4952 1363 5024 ἀληθινός;
1406 4956 1624 5029 Ἐπειδὴ
1659 4959 1716 5013 δὲ
1740 4960 1888 5027 ἀξιό-

296 5039 481 5110 χρεώς
513 5058 576 5094 τε
608 5041 706 5095 καὶ
742 5041 1167 5112 ἀξιολογῴτατος
1192 5045 1222 5098 6
1252 5046 1520 5117 μακάριος
1556 5047 1890 5123 Βαπτιστὴς,

301 5133 582 5204 μαρτυρεί
605 5132 663 5186 δὲ
689 5133 770 5187 ὅτι
806 5127 961 5199 οὗτός
996 5137 1145 5193 ἐστιν
1174 5137 1203 5190 6
1233 5136 1362 5200 Υἱὸς
1397 5138 1491 5193 τοῦ
1533 5140 1667 5195 Θεοῦ
1691 5159 1705 5173 ⁸
1752 5142 1886 5197 Θεὸν

297 5220 443 5277 εἶναι
488 5224 707 5289 πάντως
737 5225 988 5296 ἀληθινὸν
1034 5228 1439 5301 ὁμολογήσομεν
1480 5230 1570 5286 τὸν
1609 5230 1755 5298 Υίὸν,
1788 5236 1884 5291 καὶ

297 5318 365 5368 ἐκ
388 5316 487 5386 τῆς
512 5315 702 5381 οὐσίας
727 5316 821 5371 τοῦ
851 5318 1064 5390 Πατρός
1087 5337 1102 5350 ο
1134 5319 1293 5374 τοῦτο
1322 5321 1432 5393 γὰρ
1462 5321 1596 5393 ἡμῖν
1628 5326 1882 5397 σημαίνει

293 5409 360 5461 τὸ
384 5409 487 5478 τῆς
520 5410 764 5481 υίότητος
791 5410 984 5482 ρνομα,
1014 5413 1110 5467 καὶ
1137 5412 1324 5482 ἕτερον
1353 5413 1526 5471 οὐδέν.

379 5498 462 5570 τῇ
510 5501 801 5570 ἐπαύριον
832 5505 1020 5559 πάλιν
1055 5504 1317 5570 εἱστήκει
1361 5509 1395 5561 ό
1433 5505 1735 5575 Ἰωάννης,
1781 5509 1882 5564 καί

291 5591 366 5647 ἐκ
398 5590 521 5647 τῶν
556 5594 840 5664 μαθητῶν
891 5597 1078 5653 αὐτοῦ
1128 5596 1273 5664 δύο,
1305 5596 1407 5659 καί
1440 5596 1750 5673 ἐμϐλέψας
1806 5600 1886 5669 τῷ

369 5767 423 5802 ⁸⁸
469 5767 635 5825 Prov.
672 5787 798 5839 xxv,
836 5773 889 5829 8.
967 5773 1013 5806 ⁸⁶
1042 5773 1243 5845 Ephes.
1279 5789 1364 5846 ιιι,
1398 5774 1487 5833 l5.

2013 1866 2110 1908 sus
2137 1860 2344 1921 autem,
2383 1854 2579 1915 beatus
2612 1860 2951 1930 evangelista
2997 1862 3130 1918 mihi
3164 1864 3383 1920 videtur
3410 1865 3593 1920 consi-

2008 1940 2201 2001 derate
2252 1943 2549 2000 admodum
2594 1946 2818 2004 dicere:
2853 1967 2872 2001 ι
2911 1948 3012 2005 llic
3049 1959 3134 2007 est
3188 1951 3360 2009 Filius
3416 1953 3541 2017 Dei,
3567 1975 3586 2008 ι

2007 2032 2113 2089 hoc
2137 2044 2240 2102 est,
2273 2051 2423 2092 unus
2454 2052 2519 2093 ac
2556 2038 2710 2095 solus
2739 2040 3039 2097 secundum
3070 2050 3344 2112 naturam,
3368 2044 3458 2100 ille
3489 2061 3588 2115 pa-

2006 2132 2181 2182 ternm
2213 2129 2570 2198 preprietatis
2610 2130 2829 2211 Ιιιιιιίιε,λ
2844 2132 2912 2187 ad
2952 2148 3116 2203 quem
3150 2134 3316 2190 etiam
3352 2150 3451 2192 nos
3493 2136 3588 2189 ad.

2008 2215 2181 2286 eptivi
2233 2214 2680 2285 conformamur,
2729 2230 2785 2275 et
2817 2236 2914 2291 per
2950 2236 3113 2291 quem
3161 2221 3227 2275 ad
3263 2221 3585 2292 dignitatem

1999 2306 2332 2377 adoptionis
2353 2323 2452 2379 per
2486 2310 2721 2380 gratiam
2754 2312 2932 2366 vocati
2976 2325 3191 2369 sumus.
3247 2310 3317 2367 Ut
3343 2312 3488 2368 enim
3518 2327 3587 2368 ex

2008 2394 2118 2452 Deo
2149 2402 2204 2452 et
2218 2395 2384 2452 Patre
2412 2413 2433 2448 ι
2470 2397 2661 2453 Omnis
2686 2399 2989 2468 paternitas
3018 2402 3073 2453 in
3104 2398 3249 2455 cmlo
3276 2405 3331 2455 et
3352 2398 3407 2453 in
3438 2407 3583 2454 terra

2004 2486 2327 2543 nominatur
2351 2488 2422 2553 ⁸⁸,
2455 2506 2476 2540 ι
2510 2496 2803 2559 propterea
2832 2489 2980 2559 quod
3029 2490 3147 2560 ipse
3200 2496 3286 2546 est
3336 2490 3579 2561 proprie,

2004 2594 2104 2652 per
2131 2594 2211 2647 se,
2242 2585 2299 2634 et
2328 2593 2457 2635 vere
2488 2576 2654 2635 Pater
2692 2589 2799 2647 est,
2848 2580 2930 2635 sic
2972 2580 3134 2636 etiam
3165 2582 3347 2637 omnis
3391 2580 3585 2635 liliatio

2004 2687 2073 2728 ex
2100 2669 2264 2735 Filio,
2294 2680 2584 2742 propterea
2613 2672 2758 2743 quod
2789 2671 2909 2742 ipse
2944 2671 3166 2743 proprie
3195 2672 3465 2727 duntaxat
3495 2678 3584 2727 est

2004 2761 2201 2827 Filius,
2230 2770 2346 2817 nan
2389 2762 2636 2832 spurius,
2670 2777 2850 2832 neque
2896 2761 3037 2819 falso
3068 2770 3445 2833 nuncupatus,
3469 2760 3579 2816 sed

2002 2870 2073 2912 ex
2115 2854 2431 2912 substantia
2463 2853 2561 2910 Dei
2605 2868 2672 2910 ae
2700 2853 2905 2921 Patris,
2934 2868 3043 2909 non
3085 2868 3185 2923 per
3222 2852 3578 2917 decisionem,

2004 2951 2101 3000 aut
2138 2943 2366 3010 (luxum,
2410 2958 2510 3000 seu
2544 2943 2874 3000 divisionem
2901 2943 3111 3014 (divina
3141 2942 3345 3013 quippe
3379 2950 3579 2996 natura

2006 3035 2284 3106 passionis
2304 3034 2487 3090 omnis
2516 3043 2603 3091 est
2630 3032 2853 3106 expers)
2878 3032 2972 3090 sed
3000 3046 3145 3088 unus
3164 3048 3234 3088 ex
3264 3046 3396 3098 uno,
3420 3030 3585 3103 128

2003 3142 2223 3199 semper
2243 3125 2612 3192 coexsistens,
2642 3133 2700 3183 et
2720 3132 3054 3192 coaeternus,
3081 3133 3133 3181 et
3171 3122 3321 3177 Patri
3351 3123 3576 3186 insitus,

2002 3228 2060 3276 et
2089 3218 2149 3274 in
2179 3218 2301 3289 ipso
2334 3217 2636 3283 exsistens,
2668 3223 2835 3288 atque
2862 3232 2931 3271 ex
2960 3216 3080 3286 ipso
3126 3212 3456 3286 procedens,
3498 3211 3579 3266 ci-

1999 3318 2085 3366 tra
2113 3309 2450 3367 divisionem
2491 3315 2549 3366 et
2589 3307 2886 3373 indivulse,
2922 3307 3370 3378 quandoquidem
3396 3318 3579 3374 neque

1999 3414 2301 3471 corporeus
2348 3405 2435 3456 est
2462 3398 2627 3463 Deus,
2658 3413 2766 3455 nec
2803 3398 2926 3455 loco
2951 3397 3454 3461 circumscribitur,
3482 3401 3579 3449 aut

2000 3493 2237 3548 transitu
2255 3493 2510 3548 locorum
2527 3490 2947 3562 spatiorumque
2970 3495 3243 3557 movetur,
3266 3489 3365 3545 sed
3390 3504 3580 3560 quem-

1998 3584 2294 3641 admodum
2322 3599 2392 3640 ει
2429 3585 2557 3654 igne
2605 3583 2791 3654 prodit
2840 3583 3092 3641 insitaei
3126 3582 3405 3648 caliditas,
3453 3598 3577 3654 quae

1997 3676 2213 3732 videtur
2265 3674 2336 3731 ab
2373 3689 2442 3731 eo
2468 3673 2876 3745 quodammodo
2924 3673 3260 3745 cogitatione
3301 3672 3572 3744 separari,

1995 3776 2052 3823 et
2091 3767 2243 3823 aliud
2293 3766 2363 3822 ab
2397 3766 2520 3837 ipso
2569 3765 2833 3838 quiddam
2880 3766 3181 3829 exsistere,
3220 3778 3346 3818 cum
3398 3763 3471 3818 sit
3503 3778 3573 3821 ex

1995 3858 2119 3929 ipso
2145 3865 2200 3912 et
2237 3858 2293 3911 in
2324 3856 2447 3928 ipso
2487 3855 2797 3934 secundum
2837 3864 3113 3918 naturam,
3139 3862 3196 3909 et
3224 3868 3288 3909 ex
3329 3867 3397 3908 eo
3433 3852 3573 3909 citra

1995 3948 2257 4003 damnum
2303 3948 2476 4002 ullum
2509 3947 2792 4019 procedat,
2830 3946 3091 4007 nimirum
3143 3945 3284 4000 citra
3329 3943 3572 4000 decisio-

1994 4055 2117 4096 nem
2158 4054 2255 4096 seu
2282 4038 2617 4094 divisionem
2656 4052 2721 4092 ac
2766 4036 2977 4091 ﬂuxum
3010 4035 3147 4107 (tota
3176 4035 3326 4090 enim
3371 4035 3427 4089 in
3455 4040 3572 4090 toto

1994 4140 2253 4188 servatur
2290 4128 2440 4202 igne)
2480 4129 2565 4185 sic
2593 4128 2764 4184 etiam
2797 4125 3151 4182 statuendum
3198 4125 3362 4181 nobis
3386 4134 3469 4181 est
3502 4125 3575 4181 de

1993 4221 2186 4277 divino
2227 4221 2527 4292 genimine,
2556 4233 2660 4290 pro
2693 4232 2760 4274 eo
2788 4232 2853 4272 ac
2880 4216 2949 4272 de
2993 4215 3106 4272 Deo
3130 4215 3289 4271 decet
3320 4216 3572 4286 cogitan-

1995 4312 2144 4368 tibus
2180 4328 2193 4362 :
2235 4320 2291 4367 et
2332 4309 2507 4367 Filius
2545 4309 2768 4380 proprie
2812 4307 3038 4379 quidem
3088 4307 3395 4364 subsistere
3449 4323 3572 4364 cre-
3636 4340 3639 4349 ι

1993 4402 2232 4465 dendus,
2287 4417 2398 4457 non
2439 4405 2622 4456 tamen
2671 4399 2740 4455 ab
2786 4414 2897 4454 una
2947 4407 3000 4456 et
3048 4398 3315 4455 ineliabili
3366 4398 3573 4456 deitate

1991 4493 2397 4567 excludendus,
2426 4507 2608 4563 neque
2636 4492 2867 4548 alterius
2899 4506 3025 4549 esse
3059 4507 3091 4546 a
3117 4490 3276 4545 Patre
3311 4490 3574 4546 substan-

1991 4585 2080 4641 tiae
2127 4582 2415 4641 dicendus.
2454 4583 2679 4655 Alioqui
2731 4582 2880 4639 enim
2941 4597 3051 4638 non
3103 4582 3341 4653 amplius
3397 4580 3571 4636 Filius

1990 4693 2116 4735 esse
2148 4677 2276 4749 jure
2304 4678 2616 4749 putabitur,
2664 4676 2760 4732 sed
2812 4675 3021 4746 aliquid
3061 4672 3210 4730 aliud
3239 4674 3308 4729 ab
3346 4674 3488 4744 ipso,
3518 4681 3573 4728 et

1990 4786 2187 4828 recens
2217 4771 2382 4828 nobis
2416 4771 2562 4827 Deus
2588 4770 2842 4837 exsistet,
2867 4768 3009 4826 alius
3053 4767 3123 4823 ab
3150 4781 3217 4821 eo
3252 4766 3348 4835 qui
3393 4773 3478 4822 est
3506 4780 3572 4820 ac

1992 4863 2148 4919 solus
2170 4869 2285 4919 est.
2317 4861 2475 4928 Quod
2514 4861 2660 4918 enim
2715 4865 2938 4930 nonest
2965 4855 3439 4913 consubstantiale
3469 4870 3569 4909 na-

1993 4957 2159 5012 turali
2188 4955 2324 5025 Deo,
2356 4954 2643 5027 quomodo.
2677 4952 2793 5008 ﬁeri
2842 4950 3049 5022 poterit
3081 4959 3143 5003 ut
3180 4948 3255 5003 sit
3288 4946 3438 5004 Deus
3476 4959 3570 5006 ve-

1991 5048 2121 5104 rus?
2150 5046 2259 5103 Sed
2291 5062 2416 5102 cum
2461 5043 2831 5117 gravissimus
2865 5056 2930 5096 ac
2972 5037 3444 5110 locupletissimus
3496 5035 3569 5090 sit

1989 5141 2185 5196 beatus
2216 5140 2490 5210 Baptista,
2529 5144 2587 5193 et
2610 5137 2760 5191 hunc
2798 5150 2922 5192 esse
2949 5132 3153 5193 Filium
3184 5130 3281 5187 Dei
3310 5135 3575 5195 testetur,

1989 5231 2189 5289 Filium
2230 5229 2402 5285 Deum
2429 5244 2553 5286 esse
2588 5242 2780 5284 verum
2818 5227 3013 5297 utique
3061 5223 3377 5289 fatebimur,
3406 5228 3462 5277 et
3498 5221 3565 5277 de

1993 5323 2307 5380 substantia
2334 5320 2536 5376 Patris.
2570 5318 2687 5375 Hoc
2718 5317 2889 5382 enim,
2915 5323 2971 5373 et
2996 5314 3133 5370 nibil
3163 5312 3314 5369 aliud
3350 5311 3564 5385 signiti-

1993 5422 2084 5471 cat
2113 5426 2313 5468 nomen
2356 5410 2660 5466 liliationis.

2059 5505 2106 5568 l,
2138 5504 2320 5560 55-56.
2345 5503 2532 5559 Altera
2571 5502 2659 5557 die
2690 5502 2881 5556 iterum
2912 5497 3091 5555 stabat
3118 5495 3380 5561 Joannes,
3412 5505 3462 5553 et
3500 5511 3570 5552 es

1993 5595 2275 5668 discipulis
2308 5597 2424 5669 ejus
2473 5595 2579 5654 duo
2609 5611 2627 5650 :
2661 5602 2715 5650 et
2753 5592 3034 5664 respiciens
3074 5590 3258 5648 Iesum
3288 5588 3597 5687 ambula":~
