4040 6214
454 340 561 401 215

1454 348 1511 403 S.
1553 342 1829 403 CYBlLLI
1867 347 2342 403 ALEXANDRINI
2374 346 2693 404 ARCillEP.

3591 348 3698 408 916

453 473 557 517 rem
602 461 732 515 dicit
771 477 791 516 :
831 461 961 519 Ecce
1012 466 1191 533 Agnus
1240 463 1372 533 Dei,
1410 466 1499 535 qui
1553 466 1693 521 tollit
1751 476 2023 536 peccatum

2149 462 2353 535 Ἰησοῦ
2405 462 2847 534 περιπατοῦντι,
2891 462 3051 532 λέγει
3081 480 3095 494 ⁸
3159 462 3282 517 Ἴδε
3317 466 3351 518 ό
3382 462 3574 532 ἀμνὸς
3597 465 3704 520 τοῦ

452 553 657 608 mundi.

522 644 706 716 ipsum
730 644 845 715 jam
875 645 1267 715 antea‘beatus
1296 647 1544 717 Baptista
1578 649 2015 706 demonstravit:

452 734 550 792 sed
572 749 701 791 ecce
730 750 926 791 rursus
953 735 1146 792 eadem
1175 739 1425 796 oratione
1451 742 1684 811 repetita
1712 742 1830 797 suis
1853 742 2022 798 disci-

454 826 601 895 pulis
639 826 885 882 ostendit
919 826 1108 883 Jesum
1146 836 1200 885 et
1248 845 1448 901 agnum
1502 831 1602 887 Dei
1648 832 1920 899 nominat,
1968 840 2024 889 et

455 914 649 971 tollere
686 915 876 970 mundi
919 924 1205 985 peccatum
1254 918 1353 985 ait,
1384 919 1781 989 propemodum
1832 920 1914 975 eis
1965 919 2024 973 in

450 1006 776 1065 memoriam
810 1006 993 1077 ipsum
1023 1020 1288 1066 revocans
1334 1010 1480 1080 apud
1506 1011 1806 1082 prophetas
1836 1011 2023 1067 dicen-

453 1105 561 1150 tem
597 1110 611 1147 :
642 1113 660 1145 ι
693 1094 808 1165 Ego
847 1111 994 1160 sum,
1041 1111 1142 1167 ego
1171 1111 1316 1160 sum,
1347 1099 1445 1167 qui
1491 1096 1648 1153 deleo
1702 1096 2025 1166 iniquitates

454 1194 600 1250 tuas,
633 1194 687 1240 et
711 1201 822 1241 non
844 1186 1179 1241 recordabor
1199 1187 1265 1240 ⁸⁷.
1290 1205 1309 1238 ι
1332 1186 1452 1243 Νοη
1489 1185 1701 1244 frustra
1736 1202 1865 1243 vero
1894 1187 2024 1241 bea-

451 1282 544 1330 tus
574 1274 825 1345 Baptista
847 1275 1040 1332 eadem
1069 1275 1138 1331 de
1160 1275 1448 1333 Salvatore
1476 1276 1775 1333 identidem
1804 1278 2020 1346 repetit.

450 1365 699 1423 Oﬁicium
733 1368 937 1438 quippe
972 1382 1038 1423 ac
1077 1368 1256 1422 virtus
1290 1368 1537 1424 doctoris
1583 1379 1688 1433 est,
1741 1383 1831 1423 res
1879 1382 2023 1421 non-

450 1457 583 1512 dum
621 1465 912 1527 perceptas
949 1456 1351 1527 discipulorum
1397 1457 1676 1512 mentibus
1717 1456 2020 1519 inculcare,

451 1564 555 1604 nec
577 1550 768 1604 eadem
799 1550 1002 1619 smpius
1025 1549 1320 1619 repetendo
1355 1549 1595 1619 gravari,
1619 1549 1713 1603 sed
1740 1546 1811 1601 ad
1848 1546 2019 1602 disci-

451 1641 710 1710 pulcrum
761 1641 1053 1696 utiiitatem
1106 1640 1376 1710 patienter
1423 1641 1475 1695 id
1526 1655 1708 1712 agere.
1757 1639 1915 1706 Quod
1966 1638 2025 1693 ﬁt

453 1741 515 1787 ut
557 1733 751 1788 beatus
799 1748 1022 1803 quoque
1067 1732 1274 1789 Paulus
1315 1733 1466 1787 dicat
1510 1750 1575 1787 τι
1615 1732 1816 1789 Eadem
1862 1731 2023 1787 vobis

2125 558 2275 615 Θεοῦ
2307 561 2340 613 d
2370 558 2554 627 αἴρων
2586 555 2700 624 τὴν
2723 555 3014 625 ἁμαρτίαν
3036 553 3142 608 τοῦ
3168 554 3420 624 κόσμου.

2191 648 2405 712 Φθάσας
2436 648 2536 718 ήδη
2579 645 2888 717 προέδειξεν
2919 642 3083 699 αὐτὸν
3126 645 3155 698 ὁ
3192 643 3460 715 μακάριος
3505 644 3705 698 Βαπτι-

2125 740 2257 811 στής
2281 755 2295 769 °
2344 738 2460 793 ἀλλ’
2511 738 2620 791 ἰδοὺ
2667 737 2762 790 καὶ
2804 730 2959 799 αὖθις
2992 734 3083 789 τὸν
3114 736 3276 789 αὑτὸν
3318 735 3706 807 ἀνακυκλήσας

2121 831 2300 901 λόγον,
2331 828 2657 883 ἐπιδεικνύει
2687 829 2799 891 τοῖς
2828 816 3023 881 ἑαυτοῦ
3052 827 3322 898 μαθηταῖς
3350 826 3441 880 τὸν
3478 826 3703 897 Ἰησοῦν,

2123 924 2219 978 καὶ
2248 922 2420 994 ἀμνὸν
2451 919 2708 991 ὀνομάζει
2737 917 2894 983 Θεοῦ,
2926 919 3018 973 καὶ
3049 919 3148 986 τὴν
3172 916 3267 971 τοῦ
3308 919 3517 988 κόσμου
3541 918 3705 988 φησὶν

2123 1013 2299 1085 αἴρειν
2354 1008 2623 1086 ἁμαρτίαν
2646 1054 2658 1075 ,
2712 1008 2993 1080 μονονουχὶ
3044 1009 3180 1080 πρὸς
3214 1009 3521 1080 ὑπόμνησιν
3557 1010 3705 1077 ἄγων

2122 1105 2246 1166 τοὺς
2305 1102 2688 1172 ἀκροωμένους
2746 1099 2841 1153 τοῦ
2904 1101 2963 1153 ὲν
3040 1101 3347 1172 προφήταις
3401 1099 3653 1169 λέγοντος
3688 1114 3702 1126 ·

2131 1213 2146 1247 ι
2171 1193 2313 1263 Ἐγώ
2343 1195 2481 1263 εἰμι,
2522 1191 2633 1258 ἐγώ
2666 1192 2780 1261 ειμι
2816 1191 2845 1244 ό
2876 1190 3174 1259 ὲξαλείφων
3202 1191 3301 1254 τὰς
3330 1190 3559 1261 ἀνομίας
3589 1207 3703 1253 σου,

2125 1286 2218 1339 καὶ
2236 1285 2297 1338 οὐ
2330 1285 2406 1355 μὴ
2440 1281 2844 1354 μνησθήσομαι.
2878 1299 2898 1333 ι
2942 1280 3331 1335 Ἐπαναλαδὼν
3361 1281 3417 1333 δὲ
3439 1281 3502 1333 ού
3528 1281 3703 1351 μάτην

2123 1379 2152 1431 ὁ
2193 1376 2503 1446 Βαπτιστὴς
2542 1374 2641 1445 τὴν
2687 1373 2857 1444 αὐτὴν
2888 1374 3120 1427 ποιεῖται
3163 1371 3292 1442 περὶ
3324 1369 3439 1424 τοῦ’
3457 1370 3705 1441 Σωτῆρος

2125 1468 2403 1540 ἐξήγησιν.
2468 1463 2696 1536 Ἀρετῆς
2747 1462 2858 1533 γάρ
2916 1463 3064 1515 ἐστιν
3115 1459 3275 1532 ἔργον
3321 1459 3705 1528 διδαπαλικῆς

2124 1559 2214 1612 τὸν
2238 1556 2401 1630 ,οὔπω
2434 1551 2842 1627 παραδεχθὼτα
2870 1551 3047 1621 λόγον,
3092 1554 3212 1615 ταῖς
3253 1549 3364 1604 τῶν
3401 1548 3704 1620 μαθητευο-

2129 1650 2306 1721 μένων
2346 1643 2806 1716 ἐγκαθειργνύναι
2853 1643 3072 1714 ψυχαῖς,
3121 1643 3222 1697 ούκ
3264 1640 3527 1711 ὀκνούσης
3572 1637 3707 1709 πρὸς

2127 1737 2483 1809 ἐπανάληψιν,
2517 1733 2946 1805 ἀνεξικακούσης
2994 1732 3051 1786 δὲ
3091 1732 3291 1804 μᾶλλον
3339 1731 3428 1784 ἐπ’
3472 1727 3708 1799 ὠφελείᾳ

454 1823 720 1890 scribere,
757 1839 844 1879 me
883 1824 1105 1894 quidem
1163 1839 1269 1880 non
1313 1825 1481 1896 piget,
1512 1824 1669 1881 vobis
1709 1831 1890 1880 autem
1925 1839 2026 1879 ne-

2132 1832 2236 1884 τῶν
2269 1827 2696 1900 παιδευομένων.
2748 1825 2847 1881 Διά
2877 1825 2986 1898 γάρ
3019 1840 3103 1878 τοι
3130 1824 3287 1878 τοῦτο
3318 1823 3413 1877 καὶ
3458 1823 3486 1875 ό
3525 1820 3706 1893 μακά-

453 1915 761 1970 cessarium
791 1924 878 1971 est
896 1916 963 1967 ⁸⁸.
990 1934 1010 1967 ι

531 2089 754 2161 1291,
774 2088 863 2146 37.
885 2090 953 2145 Et
976 2093 1256 2147 audierunt
1278 2109 1400 2148 eum
1424 2092 1793 2162 duodiscipuli
1810 2092 2027 2162 loquen—

456 2189 581 2245 tem,
610 2189 660 2234 et
683 2182 852 2235 seculi
875 2193 997 2237 sunt
1018 2181 1227 2240 Iesum.

527 2268 694 2327 Vides
739 2286 901 2340 quam
933 2272 1046 2327 cito
1094 2288 1256 2329 suum
1311 2273 1549 2329 fructum
1596 2273 1853 2331 doctrina
1900 2287 2033 2343 pro-

454 2358 620 2413 tulit?
643 2356 811 2415 Viles
839 2369 1105 2431 quantum
1142 2360 1488 2432 repetitionis
1511 2363 1725 2416 lucrum
1749 2363 2031 2417 inventum

455 2449 567 2504 sit?
594 2449 785 2506 Discat
824 2466 955 2521 ergo
994 2466 1062 2506 ex
1100 2451 1211 2517 his,
1246 2451 1501 2521 quisquis
1545 2452 1637 2506 ille
1666 2459 1755 2507 est
1802 2452 1893 2509 cui
1934 2451 2033 2507 do-

454 2538 613 2593 cendi
660 2539 931 2594 creditum
970 2554 1172 2595 munus
1218 2549 1324 2607 est,
1367 2539 1642 2611 pigritiam
1673 2555 1890 2595 omnem
1939 2555 2034 2596 su-

384 2632 399 2643 ’
454 2642 689 2699 peram,
737 2629 955 2700 sibique
1002 2629 1200 2701 majori
1252 2644 1412 2685 noxae
1468 2645 1636 2701 quam
1686 2630 2034 2687 auditoribus

456 2728 650 2791 putare
678 2721 985 2787 silentium,
1032 2736 1137 2777 nec
1170 2722 1437 2778 talentum
1477 2721 1693 2778 Domini
1738 2721 1796 2776 in
1836 2723 2032 2792 ignava

453 2816 677 2882 inertia,
707 2815 858 2872 velut
882 2815 1039 2871 humi
1069 2816 1354 2881 defodere,
1391 2815 1489 2872 sed
1519 2821 1808 2886 argentum
1848 2815 2033 2885 potius

453 2906 849 2963 nutnmuiariis
872 2906 1109 2962 tradere.
1148 2905 1396 2976 Recipiet
1428 2906 1572 2962 enim
1607 2904 1858 2961 Salvator
1881 2903 2033 2975 quod

455 3008 616 3054 suum
666 3004 752 3054 est
794 3012 915 3054 cum
953 2996 1159 3063 fenore,
1212 3014 1275 3052 ac
1311 2997 1475 3053 veluti
1514 3012 1701 3053 semen
1751 2995 2032 3067 quoddam

454 3088 723 3159 injectum
756 3100 1067 3145 sermonem
1101 3089 1421 3144 viviﬁcabit.
1476 3087 1658 3143 Habes
1701 3087 1791 3143 hic
1839 3087 2033 3143 admo-

457 3187 587 3240 dum
622 3180 916 3253 genuinam
964 3181 1126 3236 istius
1177 3182 1259 3238 rci
1308 3180 1857 3237 detnonstrationem.
1911 3163 2103 3236 Nona

457 3281 719 3340 gravatus
745 3274 888 3327 enim
943 3270 1192 3342 Baptista
1239 3273 1359 3329 suis
1398 3272 1692 3344 discipulis
1738 3271 2032 3328 Dominum

458 3363 781 3427 ostendere,
815 3362 1126 3432 iterumque
1154 3373 1433 3432 repetere:
1474 3382 1493 3415 ι
1539 3362 1682 3421 Ecce
1708 3377 1886 3433 agnus
1914 3361 2032 3427 Dei,

459 3453 554 3523 qui
608 3451 750 3506 tollit
775 3458 1062 3521 peccatum
1089 3453 1281 3507 mundi
1312 3453 1381 3519 η,
1429 3472 1449 3505 ι
1490 3461 1703 3508 tantum
1743 3452 2035 3522 discipulis
2066 3466 2071 3473 '

460 3543 581 3598 suis
613 3542 876 3609 contulit,
910 3549 971 3597 ut
996 3556 1095 3599 eos
1134 3543 1291 3614 sequi
1319 3544 1546 3600 demum
1587 3544 1947 3614 persuaserit,
1981 3549 2036 3599 et

415 3633 584 3706 ~,ejus
610 3634 918 3705 disciplina:
940 3646 1066 3691 sese
1089 3633 1346 3707 jam'tum
1374 3634 1692 3706 adjungere.

530 3830 573 3897 l,
604 3831 694 3889 58.
728 3830 1020 3886 Conversus
1066 3838 1243 3885 autem
1284 3826 1462 3893 Iesus,
1512 3836 1562 3882 et
1614 3826 1792 3881 videns
1835 3842 1921 3881 eos
1960 3841 2040 3881 se.-

460 3932 674 3996 quentes
710 3940 786 3989 se,
816 3920 944 3977 dicit
970 3922 1083 3976 eis:
1119 3919 1259 3986 Quid
1289 3919 1573 3991 quwritis?

533 4012 855 4086 Opportune
895 4028 1199 4069 conversus
1229 4020 1315 4067 est
1349 4010 1614 4067 Dominus
1642 4009 1710 4065 ad
1749 4015 2041 4080 sequentes

465 4126 547 4177 se,
568 4118 628 4165 ut
657 4110 843 4181 reipsa
872 4110 1057 4165 discas
1083 4105 1231 4178 quod
1264 4105 1319 4160 in
1342 4104 1579 4160 Psalmis
1608 4104 1864 4158 canitur:
1897 4118 1916 4154 ι
1938 4099 2043 4153 Ex-

2135 1938 2249 1993 ριος
2277 1919 2490 1984 Παῦλός
2515 1936 2648 1990 φησι
2670 1935 2685 1949 ·
2741 1936 2761 1969 ι
2783 1917 2866 1970 Τὰ
2892 1915 3030 1969 αὐτά
3064 1915 3243 1984 λέγειν
3275 1915 3422 1986 ύμῖν,
3461 1912 3583 1983 ἐμοὶ
3610 1910 3708 1980 μὲν

2132 2012 2233 2066 οὐκ
2262 2010 2517 2081 ὀκνηρὸν,
2551 2009 2682 2080 ὑμῖν
2710 2006 2768 2063 δὲ
2794 2005 3057 2075 ἀσφαλές.
3090 2024 3108 2056 ι

2201 2102 2310 2157 Καὶ
2342 2101 2619 2170 ἤκουσαν
2645 2099 2831 2155 αὐτοῦ
2861 2100 2916 2154 οἱ
2938 2095 3047 2153 δύο
3069 2094 3327 2168 μαθηταὶ
3350 2093 3706 2159 λαλοῦντος,

2132 2196 2228 2250 καὶ
2268 2194 2696 2263 ἠκολούθησαν
2730 2188 2810 2256 τῷ
2851 2188 3068 2259 Ἰησοῦ.

2214 2287 2377 2358 Ὁρᾷς
2402 2288 2470 2357 τῇ
2514 2282 2833 2354 διδασκαλίᾳ
2863 2282 3081 2350 γείτονα
3124 2280 3215 2333 τὸν
3253 2277 3315 2344 ἐξ
3359 2274 3528 2348 αὐτῆς
3574 2277 3707 2331 ἀνα-

2131 2378 2350 2433 δοθέντα
2400 2378 2646 2450 καρπόνς
2691 2376 2853 2448 Ὁρᾷς
2884 2374 3020 2428 ὅσον
3064 2372 3166 2444 τῆς
3206 2369 3597 2442 ἐπαναλήψεως
3622 2369 3712 2422 εὖ·

2136 2468 2265 2540 ρέθη
2290 2469 2353 2522 τὸ
2389 2469 2613 2539 κέρδος;
2655 2464 2989 2521 Μανθανέτω
3016 2461 3305 2534 τοιγαροῦν
3331 2461 3419 2516 διὰ
3455 2459 3661 2514 τούτων
3683 2462 3712 2512 ὁ

2131 2561 2400 2616 διδάσκειν
2424 2558 2872 2630 πεπιστευμένος,
2896 2557 3055 2611 ὄκνου
3085 2555 3182 2627 μὲν
3213 2552 3452 2624 ἀμείνων
3480 2548 3713 2622 δρᾶσθαι

2099 2689 2105 2693 -
2132 2652 2352 2717 παντὸς,
2384 2649 2562 2722 ἑαυτῷ
2588 2650 2646 2704 δὲ
2672 2650 2855 2718 πλέον,
2886 2649 2919 2721 ἢ
2959 2652 3073 2714 τοῖς
3111 2646 3483 2720 ἀκροωμένοις
3516 2643 3713 2714 ἐπιζή-

2136 2759 2255 2813 μιον
2284 2740 2533 2812 ἡγεῖσθαι
2584 2738 2681 2812 τὴν
2736 2739 2967 2812 σιωπὴν,
3015 2739 3110 2793 καὶ
3146 2736 3221 2810 μὴ
3263 2738 3343 2801 εἰς
3384 2735 3580 2806 ἀργίαν
3610 2731 3715 2804 μὲν

2133 2831 2358 2903 ἀδρανῆ,
2381 2828 2635 2899 καθάπερ
2664 2828 2743 2894 εἰς
2777 2830 2900 2899 γῆν,
2933 2828 2995 2882 τὸ
3034 2825 3349 2881 δεσποτικὸν
3368 2822 3716 2894 ἀντορύττειν

2133 2923 2411 2989 τάλαντον,
2452 2919 2727 2990 διανέμειν
2767 2920 2825 2974 δὲ
2876 2918 3078 2990 μᾶλλον
3112 2920 3225 2982 τοῖς
3264 2913 3615 2989 τραπεζίταις
3651 2911 3716 2965 τὸ

2134 3013 2424 3086 ἀργύριον·
2468 3013 2740 3082 κομιεῖται
2784 3009 2893 3079 γὰρ
2947 3010 2976 3062 ό
3030 3005 3220 3079 Σωτὴρ
3267 3006 3329 3060 τὸ
3380 3002 3574 3059 ἑαυτοῦ
3618 3002 3717 3055 σὺν

2133 3103 2296 3175 τόκῳ,
2334 3104 2428 3158 καὶ
2460 3101 2711 3173 καθάπερ
2744 3098 2865 3155 τινὰ
2910 3099 3111 3175 σπόρον
3136 3096 3463 3168 ζωογονήσει
3499 3095 3592 3148 τὸν
3620 3096 3715 3161 ὲγ-

2134 3188 2543 3266 καταδληθὲντα
2585 3191 2764 3260 λόγον.
2799 3192 2983 3263 Ἔχεις
3016 3191 3076 3243 ὲν
3105 3188 3316 3252 τούτοις
3347 3184 3720 3257 εὐφυεστάτην

2133 3288 2241 3343 τῶν
2268 3287 2576 3360 εἰρημένων
2609 3283 2902 3348 ἀπόδειξιν.
2938 3282 3013 3336 Οὐ
3042 3280 3150 3352 γὰρ
3183 3279 3417 3351 ὀκνήσας
3451 3278 3480 3330 δ
3514 3275 3721 3329 Βαπτι·

2136 3378 2265 3449 στὴς
2293 3380 2404 3441 τοῖς
2441 3364 2636 3430 ἑαυτοῦ
2661 3373 2929 3447 μαθηταῖς
2956 3371 3218 3437 ἐπιδεῖξαι
3253 3370 3346 3424 τὸν
3370 3366 3594 3438 Κύριον.
3622 3363 3720 3419 καὶ

2136 3470 2217 3533 είς
2243 3468 2493 3539 δεύτερον
2522 3469 2692 3522 εἰπεῖν
2716 3483 2730 3499 ’
2766 3485 2788 3519 ι
2833 3458 2940 3519 Ἴδε
2967 3467 2997 3520 ό
3025 3464 3196 3536 ἀμνὸς
3222 3462 3314 3517 τοῦ
3336 3460 3474 3516 Θεοῦ
3496 3460 3526 3512 ὁ
3548 3457 3721 3529 αἴρων

2135 3561 2234 3633 τὴν
2282 3560 2557 3631 ἁμαρτίαν
2599 3557 2695 3613 τοῦ
2740 3557 2965 3627 κόσμου,
3009 3574 3029 3608 ι
3062 3554 3314 3610 τοσοῦτον
3343 3551 3539 3613 αὐτοὺς
3576 3549 3720 3616 ὠφε-

2136 3654 2308 3725 λήσας
2332 3653 2546 3724 ὁρᾶται,
2576 3651 2651 3715 ὼς
2694 3649 2791 3704 καὶ
2835 3650 3128 3702 ύποπεῖσαι
3169 3644 3355 3699 λοιπὸν
3387 3637 3719 3704 ἀκολουθεῖν,

2138 3747 2234 3800 καὶ
2265 3745 2367 3816 ήδη
2407 3745 2507 3815 τῆς
2539 3743 2631 3797 ὑπ’
2668 3742 2817 3814 αὐτῷ
2852 3740 3152 3814 μαθητείας
3177 3740 3324 3811 ἑρᾷν.

2211 3836 2501 3905 Στραςρεὶς
2527 3834 2596 3888 δὲ
2620 3837 2654 3888 ὀ
2690 3833 2941 3902 Ἰησοῦς.
2965 3830 3065 3886 καὶ
3102 3828 3474 3898 θεασάμενος
3499 3822 3721 3891 αὐτοὺς

2139 3925 2648 3991 ἀκολουθοῦντας,
2682 3924 2845 3995 λέγει
2875 3922 3102 3989 αὐτοῖς.
3126 3921 3186 3975 Τί
3218 3918 3474 3989 (mefre;

2224 4014 2569 4086 Ἐπεστράφη
2609 4012 2897 4085 χρησίμως
2953 4011 3090 4083 πρὸς
3127 4010 3254 4073 τοὺς
3298 4003 3721 4067 ἀκολουθοῦντας

2141 4110 2171 4161 ὁ
2199 4103 2423 4176 Κύριος,
2453 4104 2541 4159 ἵνα
2583 4103 2730 4175 ἔργῳ
2772 4103 2948 4174 μάθῃς
2987 4103 3046 4155 τὸ
3094 4100 3517 4172 μελῳδούμενον·
3552 4116 3572 4149 ι
3600 4095 3717 4161 Ἐξ-

464 4202 667 4274 quisivi
716 4201 1006 4257 Dominum
1057 4209 1112 4256 et
1157 4197 1393 4254 intendit
1439 4196 1572 4251 mihi
1602 4194 1694 4248 η’.
1736 4212 1755 4245 ι
1784 4191 2033 4260 Quandiu

2144 4197 2383 4267 εζήτησα
2410 4196 2501 4250 τὸν
2540 4195 2777 4266 Κύριον,
2827 4194 2923 4248 καὶ
2953 4194 3223 4265 προσέσχε
3272 4209 3396 4262 μοι·
3438 4211 3457 4243 ι
3489 4190 3595 4253 ἓως
3625 4187 3720 4258 μὲν

465 4295 613 4351 enim
646 4295 808 4350 bonis
838 4296 1086 4350 moribus
1119 4303 1173 4349 et
1204 4301 1356 4349 recta
1398 4290 1503 4348 ﬁde
1543 4289 1714 4344 Deum
1746 4303 1859 4344 non
1888 4301 2033 4357 quae-

2144 4290 2251 4359 γάρ
2288 4282 2441 4342 οὔπω
2489 4287 2576 4341 διὰ
2606 4287 2825 4359 τρόπων
2855 4285 3098 4357 ἀγαθῶν,
3143 4285 3237 4339 καὶ
3275 4286 3374 4355 τῆς
3411 4284 3468 4337 ὲν
3511 4281 3587 4352 τῷ
3634 4298 3720 4333 πι-

464 4388 661 4451 rimus,
683 4393 810 4455 post
839 4384 1016 4455 ipsum
1043 4400 1236 4441 averso
1258 4385 1412 4441 vultu
1434 4382 1841 4455 quodammodo
1867 4380 2033 4436 collo-

2147 4378 2354 4434 στεύειν
2432 4379 2720 4451 ὀρθότητος
2798 4377 3161 4448 ἐπιζητοῦμεν
3249 4376 3340 4429 τὸν
3421 4373 3588 4436 Θεὸν,
3655 4371 3728 4424 ἐκ

466 4475 577 4531 cati
610 4489 838 4531 sumus:
880 4474 975 4528 sed
1005 4487 1131 4528 cum
1164 4473 1362 4529 divinae
1401 4472 1541 4541 legis
1574 4470 1666 4526 siti
1701 4479 1954 4527 sanctum
1987 4477 2033 4525 el

2148 4470 2439 4543 προσώπου
2482 4471 2682 4543 τρόπον
2727 4470 2852 4524 τινὰ
2910 4469 3138 4524 κατόπιν
3188 4466 3449 4539 κείμεθα’
3484 4463 3619 4518 ἐπάν
3666 4463 3728 4516 δὲ

465 4566 730 4621 eximium
768 4563 995 4633 iustitia:
1044 4563 1149 4617 iter
1196 4563 1529 4627 insistimus,
1571 4569 1703 4614 tunc
1731 4569 1884 4616 certe
1934 4575 2033 4617 nos

2142 4560 2234 4614 τὸν
2276 4561 2419 4615 θεῖον
2462 4561 2627 4615 αὐτοῦ
2665 4560 2991 4632 διψήσαντες
3038 4559 3199 4629 νόμον
3223 4597 3239 4621 ,
3281 4556 3378 4627 τὴν
3424 4554 3587 4624 ἀγίαν
3630 4555 3729 4607 καὶ

465 4655 712 4726 respicit,
740 4655 872 4708 illud
909 4653 1070 4708 nobis
1098 4652 1437 4706 inclamans:
1483 4669 1499 4702 ι
1537 4649 1937 4705 Convertimini
1970 4651 2039 4705 ad

466 4762 572 4811 me,
610 4752 666 4801 et
712 4751 1003 4800 convertar
1047 4741 1117 4796 ad
1163 4756 1281 4805 vos,
1313 4739 1450 4795 dicit
1482 4740 1748 4795 Dominus
1784 4742 2040 4811 einnipo-

467 4846 587 4891 tens
606 4836 706 4891 ⁸⁸.»
733 4832 817 4889 Ad
844 4848 940 4889 eos
972 4840 1153 4888 autem
1186 4830 1470 4898 Christus,
1503 4848 1522 4881 ι
1552 4828 1694 4897 Quid
1715 4830 2032 4901 quaeritis?»

465 4928 668 4998 inquit,
701 4940 813 4982 non
845 4925 991 4996 quod
1015 4926 1292 4995 ignoraret
1329 4922 1547 4993 (cuncta
1578 4921 1726 4978 enim
1773 4923 1946 4989 novit,
1981 4935 2041 4981 ut

466 5016 658 5090 Deus),
691 5016 784 5072 sed
821 5017 969 5087 quod
998 5014 1482 5085 interrogationem
1513 5014 1657 5068 hanc
1686 5015 2037 5087 colloquendi

466 5108 827 5184 primordium
860 5121 926 5166 ac
957 5107 1125 5164 veluti
1158 5105 1404 5162 radicem
1431 5112 1716 5161 statueret.

536 5287 585 5352 l,
615 5287 705 5344 38.
744 5286 853 5355 Qui
880 5287 1132 5342 dixeram
1158 5286 1240 5341 ei:
1273 5284 1440 5340 Rabbi
1467 5284 1626 5358 (quod
1648 5284 1846 5340 dicitur
1877 5290 2040 5342 inter-

465 5388 730 5449 pretatum
759 5380 1052 5450 magister),
1083 5378 1171 5433 ubi
1196 5379 1446 5436 habitas?

540 5468 710 5524 Docte
755 5472 806 5523 el
858 5477 1159 5525 occurrunt
1191 5470 1540 5540 interrogati.
1590 5469 1835 5526 Primum
1888 5471 2034 5527 enin:

472 5559 799 5629 magistrum
849 5561 1027 5629 ipsum
1075 5570 1296 5628 vocant,
1348 5561 1498 5616 clare
1545 5561 1923 5633 signiﬁcantes
1982 5578 2042 5619 se

564 5726 605 5763 ’⁷
636 5737 736 5791 lsa.
783 5752 933 5803 XLIII,
968 5739 1060 5794 25.
1148 5741 1193 5772 "
1222 5740 1457 5809 Philipp.
1497 5755 1578 5805 ιιι,
1616 5741 1664 5794 l.
1738 5741 1786 5815 ξ’
1813 5740 1968 5799 toan.
2005 5761 2033 5800 ι.

2132 5751 2164 5801 l.
2204 5747 2271 5778 “‘
2309 5746 2449 5801 Psal.
2486 5760 2677 5815 χχχιιι,

2144 4652 2418 4724 ἐξαίρετον
2445 4653 2543 4721 τῆς
2566 4652 2907 4733 δικαιοσύνης
2945 4650 3313 4723 ίχνηλατῶμεν
3340 4648 3477 4712 ὁδὸν,
3515 4646 3635 4700 τότε
3654 4645 3734 4719 ,δὴ

2146 4745 2361 4807 πάντως
2406 4745 2554 4813 ἡμᾶς
2605 4743 2962 4814 ἐπισκέψεται
3002 4743 3065 4797 τὸ
3123 4739 3506 4813 γεγραμμένον
3549 4738 3733 4791 ἐκεῖνο

2148 4835 2316 4907 βοῶν’
2353 4854 2373 4887 ι
2412 4835 2800 4907 Ἐπιστρέψατε
2835 4836 2973 4907 πρός
3007 4851 3095 4906 με,
3128 4835 3222 4889 καὶ
3248 4831 3731 4903 ὲπιστραφήσομα.

2147 4924 2279 4996 πρὸς
2306 4925 2470 4995 ὑμᾶς,
2503 4924 2649 4992 λέγει
2681 4923 2881 4996 Κύριος
2921 4924 3334 4995 παντοκράτωρ.
3372 4941 3391 4974 ι
3419 4953 3490 4963 -
3523 4939 3542 4973 ι
3580 4919 3647 4973 Τί
3677 4922 3731 4974 δε

2148 5015 2393 5086 ζητεῖτε;
2430 5036 2448 5068 ι
2481 5018 2614 5087 φησι
2639 5018 2773 5088 πρὸς
2805 5017 2998 5081 αὐτούς
3020 5036 3032 5050 ·
3066 5018 3168 5071 οὐκ
3194 5016 3484 5088 ἀγνοήσας,
3527 5012 3694 5066 πόθεν
3717 5033 3734 5046 ο

2148 5106 2325 5160 πάντα
2353 5108 2460 5180 γὰρ
2492 5106 2629 5162 οἶδεν
2659 5108 2735 5172 ὡς
2775 5108 2909 5172 Θεός
2927 5123 2941 5140 ·
2984 5107 3155 5180 ἀρχὴν
3200 5107 3257 5161 δὲ
3302 5108 3394 5162 καὶ
3421 5104 3578 5175 ρἕαν
3606 5106 3734 5166 ταῖς

2146 5196 2411 5261 διαλέξεσι
2440 5199 2603 5264 τιθεὶς
2630 5200 2733 5271 τὴν
2765 5199 3055 5271 ἐρώτησιν.

2229 5294 2295 5345 Οἱ
2312 5291 2381 5345 δὲ
2402 5288 2576 5347 εἶπον
2607 5291 2786 5358 αὐτῷ·
2830 5291 3049 5354 Ῥαόΰὶ,
3078 5290 3112 5344 ὃ
3144 5282 3380 5359 λέγεται
3404 5285 3725 5360 ἑρμηνευά-

2142 5401 2352 5455 μειόν,
2383 5381 2739 5448 Διδάσκαλε,
2772 5383 2888 5438 ποῦ
2923 5382 3160 5453 gerere;

2216 5473 2594 5538 Εύπαιδεύτως
2635 5473 2945 5527 ὑπαντῶσιν
3000 5474 3049 5525 οἱ
3103 5471 3536 5544 διερωτώμενοι·
3579 5466 3721 5524 διδά-

2151 5564 2345 5621 σκαλον
2392 5565 2499 5635 γὰρ
2544 5564 2644 5636 ήδη
2694 5563 2936 5629 καλοῦσι,
2979 5554 3040 5618 τὸ
3091 5563 3376 5635 βούλεσθαί
3415 5579 3468 5621 τι
3512 5558 3701 5633 μαθεῖν

2846 5744 2891 5777 ⁸⁸
2918 5743 3154 5798 Zachar.
3190 5759 3227 5809 ι,
3265 5743 3318 5803 3,
