4040 6214
273 340 379 397 ΞΠ

1329 334 1394 388 ΙΝ
1431 331 1716 389 JOANNIS
1749 330 2192 389 EVANGELIUM
2240 331 2370 387 LIB.
2413 331 2478 385 ll.

3428 319 3536 378 218

278 451 367 507 οιά
421 450 608 506 τούτου
657 445 845 518 σαφῶς
905 445 1325 519 ἑρμηνεύοντες·
1371 440 1488 500 εἶτα
1537 444 1634 515 τὴν
1681 444 1862 498 ὲστΐαν

1989 442 2102 498 'elle
2129 442 2334 513 aliquid
2364 441 2599 496 discere.
2624 438 2761 492 Tum
2793 442 2988 507 rogant
3010 434 3088 489 uti
3121 432 3347 488 domum
3378 443 3537 485 suam

277 543 519 609 ἀξιοῦσιν
552 543 748 604 εἰπεῖν,
778 540 851 603 ὡς
881 540 940 593 ὲν
973 538 1110 610 αὐτῇ
1141 538 1240 608 τὴν
1275 539 1462 609 χρείαν
1488 536 1735 607 ἐροῦντες
1772 537 1861 588 εύ-

279 634 512 707 καίρως·
556 634 617 686 ού
640 632 750 705 γὰρ
776 633 971 703 δήπου,
998 628 1141 685 κατὰ
1184 630 1244 683 τὸ
1291 629 1456 694 εἰκὸς,
1501 629 1593 682 τὸν
1633 629 1723 681 ἐπὶ
1750 629 1861 691 τοῖς

280 723 597 794 ἀναγκαίοις
628 724 806 793 λόγον,
841 722 960 777 ὁδοῦ
994 722 1269 792 πάρεργον
1301 720 1570 774 ποιεῖσθαι
1612 719 1723 773 δεῖν
1753 718 1864 771 ἐδο-

281 816 517 890 κίμαζεν
556 816 658 890 [αι.
703 814 1076 888 ἐδοκίμαζον]·
1113 814 1265 868 ἔσται
1308 812 1364 867 δὲ
1407 811 1568 868 πάλιν
1609 812 1743 883 ἡμῖν
1786 810 1865 873 εἰς

281 911 453 963 τύπον
481 908 742 977 ἐπωῳελῆ
772 908 832 961 τὸ
852 907 1164 978 λεγόμενον.

351 1001 524 1070 Λέγει
563 998 770 1065 αὐτοῖς
789 1015 803 1029 ·
828 1000 1115 1067 Ἔρχεσθε
1147 996 1244 1051 καὶ
1269 995 1443 1050 ἴδετε.

355 1096 432 1150 Οὔ
462 1094 723 1166 σημαίνει
749 1091 846 1175 τὴν
874 1091 1072 1157 οἰκίαν,
1109 1091 1284 1145 καίτοι
1336 1089 1493 1143 τοῦτο
1531 1088 1702 1141 ποιεῖν
1730 1084 1870 1149 ἐξαι-

280 1186 588 1257 τούμενος,
642 1186 779 1238 ίέναι
826 1183 884 1237 δὲ
938 1183 1136 1254 μᾶλλον
1185 1182 1265 1245 είς
1321 1180 1490 1251 αὐτὴν
1530 1177 1869 1248 παραχρῆμα

283 1277 531 1331 κελεύει·
569 1276 787 1347 πρῶτον
827 1274 926 1345 μὲν
976 1276 1150 1327 έκεῖνο
1182 1272 1468 1335 διδάσκων,
1504 1268 1579 1333 ὡς
1631 1271 1690 1322 ὲν
1735 1268 1871 1321 ὑπο-

282 1366 536 1438 γραμμῷ
561 1366 637 1436 τῷ
670 1365 983 1436 πράγματι,
1011 1365 1093 1418 ὅτι
1114 1363 1222 1417 τῶν
1250 1363 1472 1431 ἀγαθῶν
1500 1362 1599 1431 τὴν
1645 1360 1872 1431 ζήτησιν

283 1461 390 1512 ούκ
417 1459 499 1521 είς
523 1456 840 1527 ὑπερθέσεις
863 1452 1313 1528 ἀναῤῥιπτεῖσθαι
1338 1453 1520 1507 καλόν·
1539 1452 1599 1505 τὸ
1622 1451 1731 1524 γὰρ
1755 1451 1876 1522 μέλ-

284 1550 403 1602 λειν
431 1548 571 1611 ὅλως
590 1550 646 1601 ἐν
666 1550 779 1610 τοῖς
805 1546 1032 1617 ὠφελεῖν
1059 1544 1355 1615 πεφυκόσιν
1393 1542 1683 1614 ἐπιζήμιον
1702 1561 1716 1576 ·
1754 1536 1876 1598 εἶτα

288 1639 430 1710 πρὸς
478 1638 675 1709 τούτῳ,
722 1639 814 1691 καὶ
851 1637 992 1700 τόδε,
1045 1637 1128 1689 ὅτι
1167 1638 1279 1698 τοῖς
1331 1632 1614 1702 ἀγνοοῦσιν
1658 1632 1737 1686 ἔτι
1784 1632 1875 1686 τὸν

289 1732 448 1800 ἅγιον
495 1725 644 1785 οἶκον
676 1729 772 1784 τοῦ
817 1731 1067 1801 Σωτῆρος
1096 1727 1252 1801 ἡμῶν
1273 1726 1530 1796 Χριστοῦ,
1570 1726 1711 1780 τοῦτ’
1738 1725 1872 1791 ἔστι,

292 1821 395 1892 τὴν
431 1818 779 1889 Ἐκκλησίαν,
809 1818 869 1872 ού
898 1818 960 1871 τὸ
988 1819 1111 1871 ὅποι
1161 1816 1293 1870 ποτὲ
1335 1820 1509 1871 κεῖται
1549 1815 1739 1886 μαθεῖν
1780 1815 1877 1886 ἀρ-

294 1911 446 1964 κέσει
478 1910 614 1981 πρὸς
644 1909 939 1980 σωτηρίαν,
980 1906 1119 1962 ἀλλὰ
1172 1907 1236 1961 τὸ
1281 1907 1453 1962 ἐλθεῖν
1497 1909 1578 1970 είς
1612 1906 1772 1961 αύτὺν
1793 1906 1881 1960 διὰ

293 2002 398 2072 τῆς
427 2004 684 2068 πίστεως,
717 2002 844 2056 ἰδεῖν
889 2017 948 2054 τε
987 1998 1059 2055 τὰ
1106 2000 1165 2053 ὲν
1194 1999 1342 2070 αύτῷ
1380 1998 1658 2071 μυστικῶς
1692 1998 1881 2069 δηλον-

295 2096 379 2149 ότι
408 2094 730 2166 τελούμενα.

368 2181 595 2241 Ἦλθον
614 2182 730 2241 οὖν
765 2184 863 2240 καὶ
887 2180 1053 2239 εἶδον
1077 2183 1195 2239 ποῦ
1211 2182 1401 2254 μένει,
1429 2183 1525 2237 καὶ
1564 2182 1698 2251 παρ’
1723 2178 1884 2247 αὐτῷ

296 2277 546 2346 ἔμειναν
574 2274 690 2345 τὴν
715 2275 946 2346 ἡμέραν
969 2275 1212 2344 ἐκείνην
1231 2290 1244 2306 ·
1289 2272 1411 2342 ὥρα
1429 2269 1517 2344 ἦν
1542 2274 1622 2340 ὡς
1644 2273 1882 2342 δεκάτη.

370 2455 739 2527 Εύπαρέδρως
765 2454 814 2508 oi
849 2452 1089 2525 μαθηταὶ
1115 2453 1215 2525 τὴν
1242 2450 1350 2507 τῶν
1382 2452 1540 2506 θείων
1571 2451 1886 2522 μυστηρίων

300 2548 649 2603 ἐπαιδεύοπο
675 2546 873 2614 γνῶσιν
895 2562 910 2575 ·
938 2546 999 2598 ού
1030 2544 1138 2616 γὰρ
1165 2539 1320 2614 οἶμαι
1353 2544 1584 2616 πρέπειν
1627 2543 1887 2614 ἁψίκορον

218 2674 221 2675 ν
299 2641 415 2702 τοῖς
450 2636 807 2708 φιλομαθέσιν
843 2635 1108 2705 ὑπάρχειν
1153 2633 1412 2696 διάνοιαν,
1446 2630 1889 2702 φιλοπονωτάτην

300 2731 359 2784 δὲ
394 2729 614 2801 μᾶλλον,
647 2728 739 2782 καὶ
770 2727 867 2797 τῆς
896 2727 957 2780 ὲν
995 2725 1215 2798 ἱδρῶσιν
1257 2724 1479 2793 ἀγαθοῖς
1528 2722 1890 2795 μικροψυχίας

306 2823 619 2893 κρείττονα,
646 2820 724 2883 ὡς
771 2820 848 2882 είς
897 2817 1114 2876 ἅπαντα
1154 2815 1254 2886 τῆς
1296 2815 1439 2886 ζωῆς
1474 2813 1566 2867 τὸν
1612 2812 1800 2882 καιρὸν
1835 2815 1892 2865 ὲν

302 2913 593 2983 ὁλοκλήρῳ
646 2914 711 2980 τῇ
765 2907 1048 2979 προθυμίᾳ
1111 2904 1399 2977 φαίνεσθαι
1459 2902 1889 2974 διαπρέποντας·

301 3000 471 3054 τοῦτο
503 2999 607 3071 γὰρ
632 2998 707 3062 ὡς
742 2997 808 3051 δι’
836 2996 1160 3066 αἰνίγματος
1189 2991 1341 3064 οἶμαι
1376 2991 1567 3063 δηλοῦν
1600 2992 1683 3057 τὸ,
1716 3010 1733 3040 ι
1757 2991 1893 3063 Παρ’

303 3092 459 3164 αύτῷ
486 3091 703 3162 ἔμειναν
749 3089 848 3160 τὴν
874 3089 1089 3160 ἡμέραν
1123 3087 1338 3158 ἐκείνην
1359 3103 1371 3117 ·
1410 3105 1428 3138 ι
1465 3083 1650 3154 ἐπειδὴ
1691 3084 1748 3137 δέ
1790 3099 1896 3153 φη·
1922 3110 1968 3173 c

306 3204 414 3253 σιν,
451 3203 470 3237 ι
510 3182 652 3257 ’Ὦρα
688 3179 755 3255 ἦν
787 3183 862 3246 ὡς
903 3182 1126 3252 δεκάτη,
1163 3199 1180 3230 ι
1217 3180 1311 3233 καὶ
1360 3176 1496 3249 πρός
1547 3175 1677 3231 αὐτὸ
1732 3174 1891 3228 τοῦτο

306 3278 541 3348 λέγομεν
569 3274 662 3329 τὸν
700 3275 914 3344 ἑκάστῳ
960 3270 1230 3343 χρήσιμόν
1267 3286 1327 3322 τε
1375 3268 1468 3321 καὶ
1500 3268 1697 3320 οίκεῖον
1728 3267 1892 3337 ἐφαρ-

308 3370 575 3441 μόζοντες
596 3366 773 3436 λόγον,
799 3364 880 3418 ὅτι
903 3364 1062 3418 πάλιν
1091 3363 1235 3433 ἡμᾶς
1264 3360 1352 3414 διὰ
1386 3358 1489 3429 τῆς
1521 3357 1664 3413 οὕτω
1687 3357 1892 3428 λεπτῆς

308 3460 710 3531 ἐπιχειρήσεως
754 3454 1057 3509 ἐκδιδάσκει
1104 3452 1204 3522 τῆς
1246 3449 1522 3518 θεολογίας
1572 3448 1601 3502 ό
1653 3462 1891 3518 συγγρα·

310 3552 468 3622 φεὺς,
509 3551 587 3614 ὡς
617 3549 715 3603 ούκ
741 3551 800 3601 ὲν
826 3546 968 3618 ἀρχῇ
1002 3542 1094 3598 τοῦ
1137 3542 1401 3614 παρόντος
1431 3538 1622 3603 αἰῶνος
1651 3539 1712 3592 τὸ
1749 3537 1891 3609 μέγα

309 3643 409 3698 τοῦ
437 3643 693 3712 Σωτῆρος
717 3640 871 3710 ἡμῶν
897 3634 1143 3708 ἐγνώσθη
1173 3635 1488 3706 μυστήριον,
1512 3632 1624 3686 ἀλλ’
1645 3631 1724 3693 εἰς
1744 3630 1896 3694 τέλος

309 3728 416 3808 ἤδη
446 3733 809 3794 καταλύοντος
852 3728 945 3783 τοῦ
991 3726 1185 3831 καιεοῦ
1210 3744 1224 3759 ·
1259 3745 1278 3778 ι
1324 3722 1443 3779 Ἐπ’
1475 3723 1717 3794 ἐσχάτων
1762 3720 1893 3792 γὰρ,

310 3828 392 3893 ὡς
424 3827 759 3897 γέγραπται,
802 3820 911 3875 τῶν
956 3814 1177 3890 ἡμερῶν
1223 3815 1460 3870 διδακτοὶ
1508 3815 1707 3877 πάντες
1764 3814 1897 3866 ἁνα-

308 3916 637 3989 δεδείγμεθα
667 3911 824 3968 Θεοῦ.
860 3932 879 3965 ι
914 3912 1080 3981 Δέχου
1110 3909 1166 3962 δέ
1200 3925 1288 3979 μοι
1321 3905 1481 3961 πάλιν
1527 3904 1634 3960 τῶν
1676 3903 1899 3974 είρημέ-

313 4029 425 4066 νων
452 4010 639 4064 εἰκόνα
664 4005 793 4077 περὶ
828 4004 927 4075 τὴν
966 4002 1196 4071 δεκάτην
1237 3999 1405 4071 ὥραν,
1436 3996 1898 4070 προσεδρεύοντας

316 4103 401 4172 τῷ
442 4102 657 4170 Σωτῆρι
707 4097 834 4159 τοὺς
885 4092 1153 4165 μαθητὰς,
1204 4089 1298 4155 οὓς
1348 4092 1441 4144 καὶ
1488 4088 1902 4152 καταλύσαντας

317 4192 468 4257 ἅπαξ
500 4185 1017 4262 προσμεμενηκέναι
1047 4184 1210 4255 φησὶν
1237 4184 1265 4236 6
1294 4182 1447 4250 ἆγιος
1477 4180 1868 4253 εὐαγγελισαιτής
1886 4200 1900 4214 .

320 4292 412 4343 ἵνα
442 4287 605 4342 πάλιν
659 4283 1002 4356 μανθάνωσιν
1035 4282 1084 4334 οἱ
1154 4278 1244 4334 διὰ
1308 4279 1543 4341 πίστεως
1581 4279 1663 4342 είς
1715 4279 1805 4332 τὸν
1855 4279 1997 4334 θεῖον
2031 4278 2429 4338 εἰσελαύνοντες
2472 4266 2654 4333 οἷκον,
2698 4264 2793 4319 καὶ
2830 4264 2989 4330 αὐτῷ

1963 533 2196 598 indit-et,
2253 542 2511 600 tanquam
2561 529 2635 584 ibi
2669 537 2975 598 Opportune
3021 522 3222 579 dicturi
3273 520 3420 591 quod
3467 520 3539 574 sil.

1964 639 2146 697 Operae
2181 628 2438 693 pretium.
2477 618 2748 675 Nolebant
2802 617 2972 679 enim,
3022 622 3083 668 ut
3137 611 3397 668 credibile
3434 616 3539 669 est,

1964 718 2033 772 de
2073 717 2242 771 rebus
2264 711 2611 785 gravissimis
2640 710 2820 766 obiter
2850 715 3064 760 tantum
3088 702 3370 781 .colloqui.
3423 700 3543 766 Quo

1965 824 2030 864 ex
2068 808 2219 864 dicto
2264 804 2573 876 exemplum
2605 801 2771 857 nobis
2804 813 2997 855 rursus
3045 796 3179 852 utile
3212 792 3541 865 capiendum

1965 907 2069 957 est.

2044 990 2204 1061 130
2230 984 2274 1056 l,
2301 985 2388 1044 59.
2422 982 2565 1040 Dicit
2595 984 2704 1038 eis:
2729 981 2911 1037 Venite
2942 987 2991 1034 et
3016 976 3203 1032 videte.

2042 1084 2275 1138 Domum
2306 1095 2477 1136 suam
2527 1093 2641 1134 non
2684 1075 2914 1138 indicat,
2953 1070 3209 1143 quamvis
3238 1068 3344 1122 hoc
3384 1077 3545 1134 roga-

1970 1186 2144 1242 retur,
2177 1174 2273 1231 sed
2316 1172 2499 1244 potius
2548 1177 2607 1224 ut
2649 1168 2718 1223 ad
2764 1181 2885 1222 eam
2924 1162 3114 1219 statim
3167 1174 3226 1215 se
3260 1156 3549 1212 conferant

1968 1269 2142 1340 jubet.
2196 1265 2435 1321 Primum
2488 1260 2733 1333 quidem,
2767 1264 2827 1312 ut
2877 1270 2942 1311 ea
2997 1268 3059 1308 re
3114 1250 3185 1306 ad
3236 1246 3547 1316 exemplum

1972 1361 2259 1435 proposita
2289 1358 2512 1414 doceret
2555 1354 2611 1409 in
2645 1349 2959 1423 quaerendis
2987 1344 3150 1401 bonis
3196 1341 3398 1396 malam
3427 1350 3553 1392 esse

1974 1458 2333 1514 dilationem:
2374 1453 2430 1505 in
2470 1449 2637 1505 rebus
2692 1445 2839 1502 enim
2886 1440 3120 1497 utilibus
3150 1436 3418 1490 damnosa
3466 1435 3552 1485 est

1975 1549 2159 1605 omnis
2187 1542 2487 1602 cunctatio.
2528 1536 2753 1599 Deinde,
2782 1528 3172 1605 ignorantibus
3197 1524 3377 1580 adhuc
3426 1535 3576 1576 senm

1976 1651 2122 1699 ctam
2160 1636 2459 1694 Salvatoris
2490 1631 2667 1690 nostri
2699 1625 2906 1693 Christi
2947 1624 3196 1683 domum,
3237 1615 3293 1671 id
3331 1623 3417 1669 est
3448 1611 3554 1666 Ec-

1978 1731 2227 1796 clesiam,
2273 1729 2344 1784 ad
2397 1728 2631 1783 salutem
2677 1735 2790 1776 non
2837 1711 3106 1777 suilicere,
3161 1709 3209 1766 si
3262 1703 3556 1762 didicerint

1979 1794 2217 1881 ubinam?
2243 1821 2334 1875 illa
2365 1819 2461 1883 sit,
2494 1814 2602 1870 nisi
2638 1812 2707 1868 ad
2733 1811 2913 1882 ipsum
2954 1819 3052 1876 per
3083 1801 3246 1857 (idem
3279 1794 3555 1858 venerint,

1979 1923 2033 1972 et
2064 1928 2186 1986 quae
2211 1910 2443 1983 mystice
2470 1907 2527 1962 in
2557 1919 2623 1962 eo
2651 1905 2991 1974 peraguntur
3016 1888 3416 1966 perspexerint.

2052 2178 2098 2247 Ι,
2128 2175 2220 2233 39.
2259 2172 2520 2228 Venerunt
2558 2166 2720 2236 igitur
2743 2170 2795 2217 et
2842 2157 3080 2214 viderunt
3101 2152 3194 2208 ubi
3221 2153 3474 2209 maneret,
3506 2150 3558 2198 et

1985 2235 2125 2342 apud
2160 2284 2281 2325 eum
2327 2235 2634 2319 manserunt
2673 2258 2760 2312 die
2806 2253 2934 2309 illo:
2964 2249 3096 2304 hora
3130 2252 3245 2300 erat
3281 2239 3436 2313 quasi
3464 2235 3559 2290 de-

1986 2367 2146 2421 cinia.

2058 2450 2281 2510 Assidui
2310 2453 2470 2505 erant
2490 2440 2747 2511 discipuli
2774 2440 2832 2493 in
2864 2429 3218 2506 percipienda
3246 2424 3558 2481 divinorum

1989 2542 2377 2618 mysteriorum
2404 2506 2745 2605 cognitione.
2765 2525 3063 2582 Levitatem
3093 2518 3296 2589 quippe
3313 2506 3563 2568 discendi

1989 2636 2205 2708 cupidis
2246 2604 2551 2689 convenire
2587 2638 2701 2679 non
2739 2616 3019 2680 existimo,
3071 2606 3168 2667 sed
3218 2604 3558 2662 laboriosum

1992 2729 2236 2785 animum
2272 2739 2337 2778 ac
2382 2728 2753 2791 generosum,
2807 2709 2945 2764 adeo
3002 2712 3060 2759 ut
3111 2699 3262 2756 omni
3319 2704 3566 2761 tempore

1994 2821 2123 2875 vita:
2160 2811 2436 2872 constanti
2462 2806 2649 2863 studio
2690 2802 2958 2858 clareant.
3002 2794 3055 2848 Id
3088 2791 3233 2847 enim
3264 2778 3565 2856 signiﬁcari

1996 2911 2242 2967 arbitror
2273 2906 2361 2960 bis
2386 2900 2569 2958 verbis
2593 2917 2607 2952 :
2642 2915 2660 2948 ι
2700 2892 2767 2947 Ει
2795 2889 2939 2960 apud
2966 2901 3090 2942 eum
3125 2883 3448 2938 manserunt
3477 2871 3567 2927 dic

1998 3002 2116 3057 illo.
2148 3017 2166 3050 ι
2199 2996 2335 3053 Cum
2366 3000 2550 3048 autem
2579 2986 2690 3041 ait:
2720 3000 2739 3033 ι
2771 2980 2915 3035 liora
2944 2984 3062 3032 erat
3086 2970 3244 3043 quasi
3271 2965 3505 3027 decima,
3543 2979 3566 3016 ι

2000 3091 2311 3159 theologum
2363 3083 2602 3139 dicimus
2649 3069 3062 3132 accommodata.
3115 3064 3316 3133 cuique
3360 3056 3570 3112 ratione

1996 3193 2218 3239 rursum
2269 3191 2374 3231 nos
2427 3168 2706 3229 subtiliter
2742 3163 2994 3222 edocere,
3043 3169 3152 3210 non
3184 3152 3242 3206 in
3270 3147 3437 3217 hujus
3480 3157 3573 3198 sac-

1995 3274 2107 3330 culi
2163 3265 2464 3342 primordio
2525 3270 2783 3328 magnum
2837 3248 2977 3306 illud
3036 3240 3340 3301 Salvatoris
3395 3232 3569 3290 nostri

1997 3328 2322 3438 mysterium
2349 3352 2676 3416 innotuisse,
2692 3358 2879 3402 verum
2913 3352 3156 3410 tempore
3176 3335 3289 3406 jam
3316 3330 3383 3384 ad
3410 3328 3571 3382 tinem

1997 3456 2276 3513 tendente.
2314 3469 2333 3503 ι
2375 3447 2436 3502 In
2479 3439 2799 3500 novissimis
2825 3455 2843 3489 ι
2882 3435 3134 3497 enim,ut
3168 3424 3432 3494 scriptum
3468 3424 3571 3481 est,

2002 3568 2023 3603 ι
2063 3547 2281 3608 diebus,
2304 3539 2452 3597 docti
2481 3553 2512 3592 a
2540 3536 2650 3592 Deo
2675 3548 2870 3590 omnes
2898 3540 3093 3585 sumus
3126 3521 3190 3574 ⁸⁸.
3226 3536 3245 3570 ι
3278 3515 3572 3608 Praeterea,

1997 3656 2124 3698 cum
2179 3632 2437 3705 discipuli
2484 3627 2707 3684 circiter
2742 3626 2936 3679 horam
2979 3614 3254 3671 decimam
3300 3595 3575 3659 Salvatori
3665 3665 3669 3668 ν

1998 3728 2305 3792 assideant,
2330 3735 2384 3779 et
2410 3737 2441 3776 a
2483 3724 2676 3775 sancto
2701 3708 3038 3780 evangelista
3075 3699 3214 3771 apud
3257 3709 3381 3751 eum
3410 3702 3578 3761 porro

2000 3818 2273 3877 mansisse
2320 3814 2607 3869 dicantur:
2637 3806 2850 3862 discant
2886 3809 3081 3854 rursus
3110 3788 3238 3846 inde
3262 3783 3355 3856 qui
3392 3796 3486 3852 per
3514 3778 3577 3832 ti-

2002 3913 2126 3968 dem
2151 3911 2208 3964 in
2246 3905 2491 3961 divinam
2528 3901 2752 3955 domum
2788 3888 3199 3962 ingrediuntur,
3234 3884 3289 3934 et
3333 3874 3399 3930 ad
3427 3870 3580 3928 Chri-

2003 4011 2149 4061 stum
2186 4001 2511 4057 accurrunt,
2542 3987 2689 4060 apud
2712 3986 2890 4056 ipsum
2916 3975 3252 4035 manendum
3298 3981 3444 4028 esse,
3481 3977 3581 4017 nec

2006 4096 2077 4152 ab
2100 4110 2165 4151 eo
2191 4085 2558 4150 secedendum
2584 4081 2652 4137 ad
2683 4083 2972 4151 peccatum
3007 4061 3367 4129 transeundo,
3401 4067 3495 4114 aut
3524 4056 3580 4109 in

2008 4182 2452 4243 incredulitatem
2481 4188 2677 4232 rursus
2708 4164 3019 4240 migrando.

3041 4232 3467 4326 προστρέχοντες
3510 4235 3590 4308 τῷ

318 4380 562 4456 Χριστῷ,
594 4382 680 4435 ὅτι
724 4379 829 4451 χρὴ
878 4375 1203 4450 προσμένειν
1253 4373 1422 4443 αύτῷ,
1473 4339 1566 4426 καὶ
1622 4339 1697 4443 μὴ
1741 4373 1901 4428 πάλιν
1939 4371 2349 4448 ἁλλοτριοῦσθαι
2374 4367 2568 4439 φιλεῖν,
2627 4362 2663 4432 ἢ
2706 4357 2843 4431 πρὸς
2877 4349 3153 4426 ἁμαρτίαν
3216 4339 3586 4398 ἐκϐαίνοντας,

316 4479 353 4547 ἦ
393 4471 892 4545 παλινδρομοῦντας
918 4471 998 4532 είς
1023 4467 1300 4523 ἀπιστίαν.

386 4554 507 4626 Ἠν
545 4524 819 4636 ίνόρέας
861 4568 893 4620 ό
925 4562 1187 4633 ἀδελφὸς
1226 4563 1490 4632 Σίμωνος
1532 4560 1783 4630 Πέτρου,
1820 4557 1889 4628 εἷς

2084 4558 2129 4623 1,
2154 4553 2340 4620 40,Η.
2362 4548 2495 4603 Erat
2518 4544 2761 4599 Andreas
2785 4539 2977 4610 frater,
3001 4529 3235 4590 Simonis
3254 4524 3426 4589 Petri,
3454 4537 3590 4575 unus

412 4615 488 4626 -ν
551 4615 617 4623 ··’
643 4615 811 4636 *αντ-’τ
864 4615 884 4620 ν
929 4615 1098 4633 """a
1128 4615 1179 4629 τι
1228 4615 1259 4616 έν
1292 4615 1312 4632 σ
1467 4615 1483 4628 ι
1644 4615 1663 4630 σ
1769 4615 1782 4628 1
1887 4615 1889 4628 ;

314 4666 392 4718 ἐκ
430 4661 550 4716 τῶν
571 4659 682 4714 δύο
714 4658 835 4711 τῶν
861 4654 1253 4712 ἀκουσάντων
1303 4654 1460 4721 παρὰ
1493 4651 1782 4717 Ἰωάννου,
1815 4670 1889 4707 κα

2014 4664 2082 4720 ex
2105 4645 2331 4707 duobus,
2354 4641 2444 4713 qui
2473 4636 2753 4692 audierant
2798 4648 2831 4684 α
2861 4627 3091 4690 Joanne,
3113 4632 3165 4677 et
3193 4616 3358 4675 secuti
3382 4615 3589 4685 fuerant

321 4748 875 4817 ἀκολουθησάντων
917 4744 1078 4811 αὐτῷ
1101 4762 1115 4777 ·
1147 4709 1410 4817 εὑρίσκει
1455 4740 1633 4811 οὗτος
1682 4709 1889 4814 πρωτοε

2017 4757 2156 4798 eum.
2187 4733 2393 4792 Invenit
2417 4730 2500 4785 hic
2527 4728 2757 4799 primum
2784 4723 3008 4793 fratrem
3039 4729 3195 4781 suum
3231 4709 3522 4769 Simonem,
3544 4711 3592 4755 et

322 4849 435 4902 τὸν
459 4844 730 4912 ἀδελφὸν
755 4841 863 4896 τὸν
897 4839 1050 4894 ἴδιον
1086 4838 1340 4907 Σίμωνα,
1373 4837 1471 4890 καί
1519 4838 1681 4907 λέγει
1708 4836 1875 4902 αὐτῷ
1895 4851 1909 4866 ·

328 4937 688 5007 Εὑρήκαμεν
721 4932 828 4987 τὸν
855 4932 1156 4997 Μεσσίαν,
1184 4929 1217 4983 ὅ
1251 4930 1382 4983 ἐστι
1410 4930 1912 5000 μεθερμηνευόμε»

320 5047 443 5084 νον
486 5032 521 5085 ό
560 5024 840 5097 Χριστὸς,
884 5024 984 5080 καὶ
1021 5022 1246 5094 ἤγαγεν
1270 5020 1456 5075 αὐτὸν
1491 5022 1642 5091 πρὸς
1664 5022 1773 5077 τὸν
1808 5022 1912 5089 Ἰη.

322 5121 507 5178 σοῧν.

398 5215 468 5267 Οἱ
494 5212 756 5275 λαϐόντες
783 5210 906 5283 ἄρτι
933 5209 996 5264 τὸ
1035 5206 1318 5269 τάλαντον,
1343 5203 1507 5268 εὐθὺς
1534 5203 1627 5259 τοῦ
1654 5204 1913 5259 ταλάντου

323 5308 432 5381 τὴν
449 5306 717 5379 ἐργασίαν
737 5304 1051 5373 ἐπάγονται,
1077 5302 1173 5357 καὶ
1191 5299 1269 5372 τῷ
1293 5298 1538 5371 Δεσπότῃ
1561 5299 1914 5370 προσάγουσι.

2009 4834 2144 4890 dicit
2164 4831 2250 4886 ei:
2277 4797 2579 4883 Invenimns
2609 4819 2763 4889 131
2802 4811 3055 4868 Messian:
3097 4800 3259 4890 (quod
3298 4807 3383 4853 est
3432 4797 3592 4848 inter-

2015 4888 2283 4996 pretatum
2312 4888 2696 4982 ωτι-ἰδίω).ίῇ
2720 4900 2945 4959 adduxit
2978 4912 3095 4952 eum
3116 4892 3189 4949 ad
3219 4888 3424 4949 Iesum.

2085 5203 2192 5271 Qui
2246 5198 2513 5255 talentum
2576 5200 2753 5258 nuper
2808 5180 3163 5249 acceperant,
3223 5171 3345 5237 ejus
3406 5165 3595 5222 statim

2019 5255 2291 5366 quaestum
2326 5283 2641 5342 uberiorem
2661 5255 2924 5330 'Domino
2949 5266 3206 5324 offerunt.
3254 5258 3417 5315 Tales
3448 5255 3594 5312 enim

326 5353 597 5455 Τόιαύται
644 5397 758 5468 γὰρ
805 5353 972 5459 ὅντως
1011 5353 1375 5464 αι’-ιριληοκοοί-
1406 5407 1467 5444 τε
1662 5353 1889 5460 εὐμαθεί

2022 5353 2269 5458 proiecto
2316 5382 2448 5435 sunt
2496 5372 2604 5427 illm
2632 5366 2893 5425 studiosce
2935 5359 3155 5423 animm,
3195 5353 3398 5428 quibus
3456 5363 3599 5419 opus

2441 5466 2447 5468 Α
2614 5461 2664 5468 --
2946 5454 2978 5468 ..
3062 5457 3150 5468 .,__
3216 5461 3387 5468 μω,
3436 5444 3597 5468 ,Νη

326 5490 570 5563 ὁρῶνται
593 5444 789 5560 tinxerit,
832 5488 893 5540 ού
1195 5444 1445 5557 δεόμεναι
1482 5483 1618 5554 πρὸς
1657 5444 1888 5552 ὠιρέλεια

2022 5444 2143 5535 non
2184 5481 2271 5530 est
2296 5466 2486 5525 multis
2517 5461 2701 5520 verbis
2735 5469 2798 5514 ut
2823 5454 3174 5515 erudiantur,
3214 5461 3391 5519 neque
3435 5444 3600 5514 longo

2617 5552 2628 5563 ‘
2812 5544 3032 5563 γηγεμμι-
3095 5550 3151 5563 --ι
3195 5537 3458 5563 J--...:.....
3486 5531 3600 5563 {ML

329 5583 626 5659 ῥημάτων,
650 5579 773 5634 οὐδὲ
802 5580 859 5632 ὲν
888 5578 1106 5643 κύκλοις
1131 5577 1285 5643 ὲτῶν,
1312 5577 1345 5648 ἢ
1376 5575 1561 5648 μηνῶν
1601 5574 1691 5629 τὸν
1735 5577 1799 5628 ἐκ
1822 5572 1921 5643 τῆς

413 5766 459 5798 ⁶¹
487 5763 693 5820 Jcrem.
736 5777 884 5829 ιιιιιι,
919 5761 985 5816 34
1004 5800 1017 5815 .

2030 5577 2302 5624 annorum
2337 5566 2432 5615 aut
2455 5552 2729 5612 mensium
2755 5544 3059 5610 curriculo,
3095 5550 3157 5597 ut
3191 5537 3460 5598 doctrinae
3485 5531 3605 5590 (ru-
