4040 6214
418 226 526 285 ΞΗ)

1425 223 1483 281 S.
1525 223 1806 281 CYRILLI
1842 222 2308 282 MEXANDRINI
2349 223 2673 282 ARCHIEP.

3562 224 3668 303 2:0

420 359 569 397 neum
622 340 888 396 all‘erant:
932 341 1027 396 sed
1088 341 1140 394 in
1182 340 1321 411 ipsis
1367 341 1621 397 discendi
1667 343 1990 414 primordiis

2124 341 2427 406 παιδεύσεως
2459 340 2840 395 ἁνατίκτουσαι
2876 339 3105 412 καρπὸν,
3133 339 3249 395 ἀλλ’
3285 339 3423 413 ὁμοῦ
3447 340 3543 411 τῆς
3565 341 3670 398 τῶν

422 434 671 490 scientiae
712 433 1130 503 perfectionem.
1168 431 1641 502 complectuntur.
1693 455 1712 487 ‹
1746 434 1994 507 Sapienti

422 526 566 582 enim
591 525 657 580 da
680 524 1057 590 occasionem,
1076 534 1131 579 et
1157 525 1460 594 sapientior
1480 526 1606 589 erit,
1626 527 1807 603 inquit
1836 527 1997 582 Scri-

425 623 608 685 ptura:
642 613 863 670 notiﬁca
889 614 1066 684 justo,
1103 622 1158 670 et
1193 615 1355 669 addet
1380 615 1449 669 ad
1484 616 1864 687 recipiendum
1892 619 1990 672 ⁸³.»

426 702 672 758 Fratrem
709 703 907 773 itaque
935 719 1095 761 suum
1124 704 1375 762 Andreas
1407 714 1614 771 servat,
1647 709 1868 764 Petrum
1916 710 2000 764 vi-

426 793 646 859 delicet,
682 800 854 848 totum
888 795 1023 849 illud
1056 811 1313 867 magnum
1349 798 1499 854 brevi
1531 801 1858 870 compendio
1900 800 1998 857 de-

428 882 647 938 clarans
665 884 1009 954 mysterium.
1035 886 1353 942 Invenimus
1382 888 1764 959 enim,inquit,
1787 888 1997 957 Iesum,

427 985 526 1025 ceu
573 989 593 1023 ε
634 970 979 1029 Thesaurum
1029 976 1085 1030 in
1134 991 1269 1048 agro
1311 978 1722 1041 absconditum.
1758 990 1851 1036 ant
1878 997 2003 1052 pre-

429 1060 627 1115 tiosam
657 1064 1014 1134 margaritam
1048 1066 1093 1098 ⁸³
1130 1083 1177 1131 ι,
1209 1066 1365 1136 juxta
1402 1069 1811 1141 evangeliorum
1842 1086 2002 1143 para-

430 1151 607 1208 boias.

503 1237 546 1305 I,
584 1239 675 1295 42.
720 1239 959 1298 Intuilus
1004 1255 1177 1299 autem
1222 1262 1339 1301 eum
1371 1245 1551 1315 Iesus,
1581 1250 1719 1305 dixit
1759 1268 1779 1307 :
1824 1253 1902 1307 Tu
1949 1272 2003 1309 es

432 1330 623 1385 Simon
655 1331 802 1400 ﬁlius
838 1332 982 1388 Iona
1022 1350 1041 1389 :
1071 1345 1127 1389 tu
1178 1338 1444 1394 vocaberis
1483 1332 1883 1416 Cephas,‘quod
1916 1346 2003 1400 iit-

433 1429 758 1487 terpretatur
784 1417 979 1482 Petra.

505 1508 789 1567 Divinitus
826 1514 1093 1579 intuetur,
1128 1517 1223 1587 qni
1254 1520 1421 1574 corda
1455 1529 1509 1576 et
1540 1537 1702 1580 renes
1732 1526 1909 1591 novit,
1954 1535 2008 1584 et

2104 434 2360 506 μαθητῶν
2382 435 2738 507 ἀρχαιότητος
2763 436 3031 498 συνέσεως
3059 434 3473 489 κατακλείουσαι
3499 434 3667 499 τέλος.

2104 546 2121 578 ι
2163 526 2314 580 Δίδου
2344 528 2453 599 γὰρ
2489 527 2638 599 σοφῷ
2676 527 2950 598 ἀφορμὴν,
2990 525 3083 579 καὶ
3110 525 3415 597 σοφώτερος
3441 525 3614 589 ἔσται,
3647 543 3668 577 ι

2100 620 2263 687 φησὶν
2292 619 2325 689 ή
2356 618 2473 672 θεία
2502 619 2712 689 Γραφή·
2739 637 2758 670 ‹
2786 616 3016 689 γνὼριζε
3037 615 3247 687 δικαίῳ,
3266 617 3361 670 καὶ
3379 615 3676 686 προσθήσει

2097 707 2192 761 τοῦ
2217 707 2480 778 δέχεσθαι.
2517 727 2536 761 ι
2556 707 2846 773 Ἀνασώζει
2871 706 2935 779 δή
2959 701 3051 760 οῦν
3083 705 3173 759 τὸν
3193 706 3390 759 οἰκεῖον
3427 704 3678 780 Ἀνδρέας

2099 791 2358 868 ἀδελφόν·
2398 798 2604 869 Πέτρος
2648 796 2707 850 δὲ
2752 789 2908 860 οὗτος
2938 791 3036 866 ἦν’
3069 794 3188 848 ὅλον
3220 796 3278 847 ὲν
3308 793 3474 864 ὀλίγῳ
3506 810 3671 863 κεφα-

2099 887 2237 960 λαίῳ
2266 888 2328 942 τὸ
2363 886 2509 958 μέγα·
2546 885 2793 959 δηλώσας
2826 884 3141 956 μυστήριον.
3189 883 3520 955 Εὑρήκαμεν
3549 881 3677 953 γὰρ.

2102 979 2287 1049 φησὶν,
2320 978 2394 1043 ὼς
2434 995 2453 1029 ι
2489 976 2772 1049 Θησαυρὸν
2817 973 3200 1046 κεκρυμμένον
3240 974 3298 1026 έν
3341 971 3517 1044 ἀγρῷ,
3540 972 3575 1042 ἢ
3606 971 3682 1035 ὡς

2103 1071 2200 1124 ἕνα
2240 1068 2536 1140 πολύτιμον
2587 1066 2929 1138 μαργαρίτην
2964 1083 2983 1117 ι
3011 1064 3103 1117 τὸν
3147 1061 3374 1135 Ἰησοῦν,
3413 1061 3553 1116 κατὰ
3584 1060 3684 1126 τὰς

2106 1162 2162 1214 ὲν
2190 1161 2302 1221 τοῖς
2334 1156 2688 1226 Εὐαγγελίοις
2724 1152 3056 1224 παραϐολάς.

2190 1249 2529 1319 Ἑμϐλέψας
2558 1246 2626 1301 δὲ
2668 1245 2828 1312 αὐτῷ
2855 1248 2889 1301 d
2930 1245 3178 1312 Ἰησοῦς,
3207 1240 3338 1299 εἷπε
3355 1260 3369 1275 ⁸
3402 1242 3486 1296 Σὺ
3510 1237 3570 1296 ετ
3587 1241 3685 1296 Σί-

2102 1357 2234 1411 μων
2265 1342 2296 1391 d
2323 1338 2453 1403 Υἱὸς
2488 1335 2668 1401 Ἰωνᾶ,
2710 1335 2793 1390 σὺ
2843 1333 3124 1403 κληθήσῃ
3173 1330 3408 1402 Κηφᾶς,
3441 1332 3472 1386 ὃ
3506 1332 3683 1402 ἐρμη-

2106 1431 2338 1485 γεύεται
2371 1427 2581 1496 Πέτρα.
2678 1474 2683 1477 .
3504 1480 3507 1481 ν

2192 1520 2451 1585 Ἀτενίζει
2502 1517 2818 1590 θεοπρεπῶς
2873 1518 2903 1571 ό
2958 1516 3188 1588 καρδίας
3250 1515 3392 1588 ὁρῶν
3444 1514 3537 1570 καὶ
3602 1531 3687 1569 νι-

435 1603 612 1657 cernit
640 1615 899 1675 quantam
925 1608 992 1661 ad
1022 1609 1277 1677 pietatem
1307 1613 1615 1685 discipulus
1645 1623 2008 1688 perventurus

2124 1612 2310 1685 φρούς.
2340 1612 2442 1683 ὁρᾷ
2470 1611 2527 1664 δὲ
2557 1610 2694 1682 πρὸς
2729 1610 2861 1679 ὅσην
2889 1608 3174 1662 εὐλάϐειαν
3212 1610 3240 1661 ὁ
3282 1607 3528 1679 μαθητὴς
3560 1608 3682 1661 άναε

437 1694 532 1757 sit,
582 1702 636 1749 et
685 1705 948 1766 quantam
997 1701 1063 1755 ad
1098 1702 1322 1759 virtutis
1357 1704 1749 1774 perfectionem
1780 1711 2012 1765 evehen-

2124 1702 2359 1778 ϐήσεται,
2407 1701 2500 1753 καὶ
2550 1701 2708 1763 ποίας
2744 1696 2895 1751 ἔσται
2944 1698 3175 1769 κάτοχος
3221 1696 3443 1768 ἀρετῆς,
3486 1695 3581 1748 καὶ
3611 1697 3688 1758 είς

437 1786 563 1842 dus.
617 1785 767 1842 Nihil
801 1790 948 1845 enim
1000 1792 1219 1861 ignorat
1261 1797 1355 1864 qui
1407 1808 1607 1852 cuneta
1649 1801 1800 1855 novit
1837 1801 2014 1870 prius-

438 1894 603 1947 quam
641 1879 788 1943 liant,
819 1896 930 1952 quo
960 1899 1092 1939 sane
1124 1886 1471 1955 potissimum
1501 1889 1661 1946 docet
1693 1893 2013 1961 praedictum

439 1969 800 2039 discipulum,
831 1988 892 2028 se
937 1974 1076 2029 citra
1117 1976 1445 2047 cujusquam
1486 1980 1734 2038 doctoris
1765 1998 2010 2054 operam,

440 2057 588 2114 Deus
625 2075 748 2114 cum
791 2061 886 2126 sit,
932 2072 1129 2117 cuncta
1161 2080 1346 2121 nosse.
1380 2066 1539 2123 Nulla
1583 2071 1855 2140 siquidem
1884 2087 2014 2127 ora-

440 2147 593 2204 tione
651 2152 957 2219 praemissa‘,
1014 2154 1275 2224 nullaque
1331 2155 1475 2212 facta
1524 2159 1906 2231 inquisitione,
1953 2168 2016 2216 ut

441 2239 679 2295 disceret
707 2242 835 2312 quis
860 2251 955 2297 aut
975 2246 1121 2301 unde
1150 2246 1198 2303 is
1226 2247 1292 2301 ad
1322 2264 1380 2304 se
1406 2251 1638 2317 veniret,
1668 2260 1778 2306 tam
1806 2261 2013 2323 patrem

441 2329 562 2398 ejus
597 2345 760 2401 quam
798 2332 976 2403 ipsum
1027 2334 1254 2392 nomine
1306 2340 1583 2408 appellat,
1629 2350 1683 2396 et
1734 2341 2014 2399 Simonem

442 2432 569 2473 etim
600 2436 708 2475 non
740 2421 851 2491 jam
890 2424 1075 2478 vocari
1111 2427 1337 2495 patitur,
1370 2443 1495 2483 eum
1521 2430 1624 2487 sibi
1657 2448 1757 2502 pro
1792 2449 1890 2488 sua
1918 2448 2018 2504 po-

442 2515 641 2565 testate
676 2511 783 2568 iam
824 2520 938 2567 tum
985 2522 1046 2568 ut
1080 2530 1242 2571 suum
1289 2518 1602 2590 vindicans,
1641 2524 1735 2579 sed
1771 2540 2017 2596 congrua

443 2598 807 2658 similitudine
856 2602 1074 2659 Petrum
1111 2622 1140 2660 a
1172 2616 1331 2678 petra
1361 2613 1546 2666 vocari
1587 2614 1835 2683 placuit,
1885 2625 2017 2687 puto

444 2705 610 2762 super
636 2708 798 2763 quem
834 2695 1169 2763 fundaturus
1195 2708 1312 2754 erat
1344 2717 1499 2756 suam
1534 2702 1858 2759 Ecelesiam.

517 2783 557 2846 Ι.
591 2784 681 2850 45,
716 2787 808 2842 44.
851 2786 920 2842 In
966 2792 1259 2844 crastinum
1285 2792 1449 2847 voluit
1481 2791 1638 2849 Iesus
1661 2796 1806 2850 exire
1830 2797 1883 2851 in
1907 2796 2017 2852 Ga-

448 2873 668 2941 lilaeam,
692 2886 743 2931 et
786 2879 977 2934 invenit
1009 2879 1337 2950 Philippum,
1361 2894 1410 2938 et
1440 2884 1573 2939 dicit
1606 2886 1656 2940 ei
1692 2886 1851 2943 Iesus
1876 2905 1895 2945 :
1922 2888 2020 2944 Se-

2113 1795 2264 1847 ποῖον
2293 1790 2582 1863 καταλήξει
2611 1790 2782 1854 τέλος.
2820 1789 3027 1857 Ἀγνοεῖ
3055 1788 3164 1860 γὰρ
3195 1787 3347 1841 οὐδὲν
3376 1788 3404 1840 ὁ
3447 1785 3601 1850 εἰδὼς
3623 1786 3691 1841 τὰ

2115 1885 2292 1939 πάντα
2322 1884 2452 1956 πρὶν
2477 1882 2741 1951 γενέσεως
2773 1879 2976 1943 αὐτῶν,
3006 1872 3050 1948 ᾧ
3086 1879 3151 1951 δὴ
3179 1880 3273 1934 καὶ
3301 1879 3535 1951 μάλιστα
3569 1896 3692 1933 παι-

2112 1976 2257 2030 δεύει
2291 1975 2380 2029 τὸν
2424 1974 2778 2044 κεκλημένον,
2825 1971 2907 2025 ὅτι
2954 1969 3087 2034 Θεὸς
3140 1970 3400 2041 ὑπάρχων
3444 1968 3695 2040 ἀληθινὸς

2114 2058 2534 2137 ἁδίδακτονέχει
2567 2066 2665 2137 τὴν
2695 2063 2917 2133 γνῶσιν.
2947 2061 3119 2132 Λόγου
3169 2061 3280 2133 γὰρ
3304 2061 3442 2124 ὅλως
3484 2059 3695 2130 δεηῢεὶς

2115 2155 2344 2220 οὑδενὺς,
2374 2154 2486 2208 ἀλλ’
2534 2153 2655 2207 οὐδὲ
2703 2150 3039 2222 ἐπιζητήσας
3076 2147 3268 2221 μαθεῖν
3313 2148 3417 2213 τίς,
3455 2148 3488 2220 ἢ
3532 2147 3696 2201 πόθεν

2115 2251 2240 2321 ἥκοι
2287 2247 2424 2320 πρὸς
2461 2246 2622 2299 αὑτὸν
2667 2245 2697 2298 ὁ
2728 2243 2888 2314 ἀνὴρ,
2928 2242 3081 2294 ποίου
3124 2239 3222 2311 μὲν
3264 2239 3429 2308 ἐξέφυ
3469 2238 3694 2312 πατρὸς,

2115 2343 2199 2406 τίς
2223 2341 2277 2394 δὲ
2310 2340 2405 2394 καὶ
2433 2338 2594 2401 αὑτὸς
2621 2336 2938 2407 ὀνομάζοιτο
2985 2334 3165 2404 λέγει,
3206 2334 3301 2388 καὶ
3347 2332 3565 2404 Σίμωνα
3599 2332 3698 2403 μὲν

2115 2434 2299 2487 οὑκέτι
2336 2431 2618 2485 καλεῖσθαι
2657 2428 2948 2499 συγχωρεῖ,
2994 2425 3427 2491 κατεξουσιάζων
3451 2423 3554 2496 ήδη
3601 2424 3701 2478 καὶ

2116 2525 2499 2597 κατακρατῶν,
2546 2522 2622 2587 ὡς
2652 2520 2935 2591 γεγονότος
2984 2520 3221 2573 οἰκείου·
3271 2516 3609 2587 φερωνύμως
3640 2515 3699 2568 δὲ

2118 2618 2227 2673 ἀπὸ
2251 2620 2350 2688 τῆς
2381 2616 2582 2688 πέτρας
2622 2612 2983 2684 νμετωνόμαζε
3024 2612 3262 2683 Πέτρον
3299 2612 3387 2663 ἐπ’
3414 2608 3562 2679 αὑτῷ
3591 2611 3700 2679 γὰρ

2119 2710 2306 2786 ἔμελλε
2337 2709 2434 2781 τὴν
2464 2706 2628 2762 αὑτοῦ
2655 2704 2939 2778 θεμελιοῦν
2979 2703 3325 2775 Ἐκκλησίαν.

2195 2802 2275 2874 Τῇ
2302 2802 2589 2871 ἐπαύριον
2628 2798 2933 2869 ἠθέλησεν
2962 2796 3230 2863 ἐξεπθεῖν
3263 2799 3349 2862 εἰς
3376 2794 3493 2864 τὴν
3530 2795 3703 2848 Γαλι-

2119 2895 2322 2959 λαίαν,
2359 2893 2458 2948 καὶ
2486 2891 2750 2960 εὑρίσκει
2788 2890 3108 2950 Φίλιππον.
3141 2887 3239 2942 καὶ
3287 2886 3448 2956 λέγει
3477 2882 3635 2949 αὐτῷ
3666 2883 3703 2937 ὁ

445 2983 602 3036 quere
629 2985 727 3023 me.
764 2968 897 3024 Erat
927 2981 1102 3026 autem
1153 2972 1433 3044 Philippus
1464 2992 1497 3028 α
1532 2975 1841 3045 Bethsaida,
1887 2980 2019 3034 civi-

2135 2985 2390 3055 Ἰησοῦς,
2436 2984 2777 3039 Ἀκολούθει
2800 2999 2924 3052 μοι.
2957 2975 3067 3038 Ἦν
3100 2979 3167 3033 δὲ
3193 2983 3225 3036 ὀ
3260 2980 3553 3080 (Militare?
3581 2976 3704 3031 ἀπὸ

449 3069 558 3115 tale
586 3061 813 3117 Andreae
833 3072 883 3117 et
909 3062 1078 3122 Petri.

521 3152 649 3207 Erat
681 3155 930 3225 ejusdem
962 3158 1132 3213 animi
1158 3170 1280 3215 cum
1317 3160 1598 3231 prioribus
1631 3162 1943 3237 Philippus,
1969 3174 2024 3223 et

450 3243 516 3298 ad
558 3240 1215 3304 sectandum'Christum
1268 3258 1537 3321 perquam
1570 3253 1824 3311 idoneus.
1867 3255 2025 3312 llunc

450 3336 682 3402 probum
714 3336 834 3392 fore
871 3337 1130 3395 Christus
1157 3351 1407 3407 noverat,
1437 3344 1690 3416 ideoque,
1720 3366 1740 3399 ι
1782 3348 2027 3419 Sequere

452 3443 545 3482 me
578 3446 624 3493 ι,
661 3428 863 3499 inquit,
898 3431 1001 3485 hoc
1020 3432 1189 3487 verbo
1220 3434 1453 3504 gratiam
1490 3452 1598 3506 qua
1634 3436 1876 3494 donatus
1910 3448 2028 3495 erat

454 3521 865 3589 demonstrans,
900 3536 955 3578 et
983 3540 1106 3580 cum
1139 3528 1294 3598 sequi
1325 3528 1505 3599 jubet,
1533 3530 1808 3588 hominem
1843 3535 2029 3604 probae

454 3612 579 3667 vitae
607 3629 732 3669 esse
767 3615 1102 3686 testiﬁcans;
1132 3634 1310 3689 neque
1350 3620 1507 3695 132
1556 3624 1702 3677 enim
1746 3638 1870 3679 eum
1920 3625 2026 3682 nisi

457 3702 687 3774 probum
719 3706 786 3760 ad
822 3706 874 3761 id
901 3708 1150 3764 muneris
1176 3709 1457 3780 elegisset.

527 3793 568 3860 Ι,
604 3795 693 3850 45.
735 3795 937 3851 Invenit
982 3797 1259 3868 Philippus
1292 3797 1620 3866 Nathanael,
1660 3812 1710 3857 et
1759 3804 1889 3858 dicit
1940 3807 2028 3859 ei:

461 3885 627 3951 Quem
665 3890 878 3958 scripsit
926 3888 1137 3959 Moyses
1189 3892 1240 3943 in
1276 3890 1405 3961 lege,
1430 3900 1478 3944 et
1510 3892 1798 3961 prophetae,
1829 3894 2032 3949 iuveni-

461 3996 576 4035 mus
607 3979 792 4035 Iesum
826 3982 998 4052 ﬁlium
1025 3981 1221 4053 Ioseph
1250 4000 1283 4037 a
1313 3982 1609 4039 Nazareth.

529 4161 650 4216 Cito
680 4161 971 4218 admodum
1015 4161 1108 4218 ille
1134 4161 1444 4233 discipulus
1489 4162 1731 4247 fructum
1758 4164 1936 4232 aﬂert,
1972 4178 2034 4225 ut

457 4256 544 4310 vel
583 4247 733 4308 hine
760 4254 1007 4322 ejusdem
1042 4255 1210 4309 animi
1264 4268 1328 4310 ac
1363 4255 1533 4312 studii
1583 4272 1707 4312 cum
1750 4258 2033 4328 prioribus

2122 3074 2432 3144 Βηθσαῖδᾱ.
2474 3075 2543 3128 ἐκ
2593 3073 2705 3142 τῆς
2748 3073 2978 3138 πόλεως
3017 3068 3287 3138 Ἀνδρέου
3326 3068 3425 3123 καὶ
3453 3065 3703 3135 Πέτρου.

2198 3163 2535 3236 Ἰσογνωμῶν
2565 3166 2677 3228 τοῖς
2702 3161 3062 3234 προλαϐοῦσιν
3089 3163 3116 3214 ὁ
3150 3159 3436 3223 Φίλιππος,
3469 3158 3559 3212 καὶ
3586 3156 3708 3211 λίαν

2127 3258 2264 3332 ἔχων
2294 3256 2612 3328 ἐπιτηδείως
2639 3257 2718 3319 είς
2750 3253 3104 3324 ἀκολούθησιν
3131 3251 3225 3306 τοῦ
3255 3249 3514 3324 Χριστοῦ.
3550 3250 3708 3322 ’ῌδει

2127 3351 2235 3423 γὰρ
2264 3350 2359 3405 καὶ
2404 3348 2566 3403 αὑτὸν
2618 3348 2872 3417 ἐσόμενον
2916 3344 3149 3413 ἁγαθόνξ
3189 3344 3361 3399 διάτοι
3411 3341 3565 3396 τοῦτο
3611 3341 3711 3394 καί

2129 3459 2313 3516 φησιν’
2347 3462 2367 3496 ι
2416 3439 2720 3495 ’Δκολοὺοει
2753 3457 2864 3510 μοι,
2900 3456 2918 3491 ι
2950 3435 3237 3508 γνώρισμα
3281 3436 3379 3507 τῆς
3429 3433 3515 3488 ἐπ’
3560 3432 3710 3503 αὐτῷ

2128 3533 2350 3604 χάριτος
2389 3529 2450 3583 τὸ
2491 3529 2642 3600 ῥῆμα
2681 3527 2870 3591 τιθεὶς,
2910 3526 3005 3580 καὶ
3047 3525 3114 3579 δι’
3149 3518 3224 3579 ὧν
3262 3523 3488 3578 ἔπεσθαι
3540 3539 3709 3595 προσ-

2128 3627 2310 3681 τάττει
2344 3622 2618 3678 πολιτείαν
2645 3619 2791 3692 αὐτῷ
2816 3621 2915 3690 τὴν
2938 3618 3166 3690 ἀρίστην
3197 3616 3583 3690 ἐπιμαρτυρῶν
3601 3634 3616 3647 ’
3644 3615 3710 3669 οὑ

2130 3717 2239 3789 γὰρ
2270 3714 2335 3769 ἂν
2360 3712 2671 3778 ἐπελέξατο,
2703 3710 2777 3782 μὴ
2807 3710 2924 3780 οὐχὶ
2951 3708 3166 3771 πάντως
3192 3706 3320 3761 ὅντα
3350 3707 3600 3778 χρηστόν.

2197 3804 2477 3875 Εὐρίσκει
2514 3802 2811 3865 Φίλιππος
2852 3799 2956 3851 τὸν
3003 3795 3350 3864 Ναθαναὴλ,
3397 3794 3495 3848 καὶ
3549 3793 3735 3864 λέγει·

2131 3895 2311 3963 αὑτῷο
2352 3898 2463 3950 Ὃν
2488 3895 2713 3964 ἔγραψε
2740 3888 3001 3958 Μωυσῆς
3031 3889 3102 3943 ἐν
3142 3887 3224 3954 τῷ
3267 3879 3448 3956 νόμῳ,
3503 3882 3600 3937 καὶ
3655 3883 3715 3936 οι

2132 3988 2451 4059 προφῆται,
2503 3976 2842 4054 εὑρήκαμεν
2883 3981 3117 4051 Ἰησοῦν
3159 3980 3294 4034 υἱὸν
3343 3974 3556 4045 Ἰωσὴφ
3606 3972 3717 4028 τὸν

2132 4077 2252 4136 ἀπὸ
2290 4074 2571 4145 Ναζαρέτ.

2214 4163 2388 4236 Ὀξὺς
2418 4167 2482 4239 δὴ
2527 4166 2648 4220 λίαν
2684 4165 2714 4218 ό
2768 4162 3014 4234 μαθητὴς
3064 4164 3143 4225 εἰς
3188 4157 3584 4232 καρποφορίαν,
3627 4155 3716 4207 ἵνα

2137 4263 2393 4333 φαίνηται
2418 4259 2509 4315 διὰ
2534 4258 2723 4313 τούτου
2766 4259 2880 4319 τοῖς
2926 4252 3257 4326 προλαϐοῦσι
3294 4251 3435 4305 κατὰ
3465 4248 3563 4318 τὴν
3587 4244 3717 4310 egw

460 4357 583 4398 esse
623 4341 923 4398 videretur.
954 4341 1164 4398 invenit
1207 4345 1356 4402 enim
1383 4344 1713 4411 Nathanael,
1745 4363 1852 4404 non
1886 4359 2020 4407 certt

2141 4352 2409 4423 συγγενής
2430 4368 2444 4382 ο
2477 4350 2718 4423 εὑρίσκει
2742 4347 2851 4420 γὰρ
2887 4347 2981 4418 τὸν
3029 4340 3343 4413 Ναθαναὴλ,
3386 4340 3485 4409 οὑχ
3528 4334 3717 4398 ἁπλῶς

460 4450 596 4490 casu
629 4433 897 4499 oblatum,
931 4434 1027 4489 sed
1069 4436 1246 4491 multo
1285 4435 1469 4492 studio
1513 4439 1825 4507 quasitum.
1860 4438 2034 4497 Norat

463 4526 665 4596 quippe
716 4525 1185 4582 studiosissimum
1235 4526 1387 4583 illum
1436 4541 1560 4583 esse
1601 4542 1666 4582 ac
1697 4530 1857 4585 valde
1899 4548 2032 4587 eru-

463 4617 640 4671 ditum
669 4634 682 4670 :
715 4614 913 4670 deinde
943 4625 1133 4670 narrat
1168 4630 1228 4671 se
1253 4615 1534 4670 Christum
1569 4618 1847 4675 invenisse
1879 4622 2034 4678 illum

455 4723 563 4781 per
608 4722 802 4763 omnes
837 4700 1162 4777 Scripturas
1191 4705 1458 4762 divinitus
1495 4707 1899 4776 praedicatum:
1946 4728 2038 4768 ne-

464 4816 575 4871 que
599 4799 879 4857 hominem
910 4798 1168 4856 convenit
1200 4812 1394 4854 earum
1441 4798 1710 4866 nescium,
1741 4800 1836 4856 sed
1881 4800 2037 4873 signa

465 4908 590 4965 qua:
626 4900 740 4948 tam
790 4892 930 4964 apud
992 4890 1230 4963 Moysem
1275 4906 1442 4962 quam
1491 4892 1789 4964 prophetas
1839 4893 2039 4951 litteris

466 4985 728 5041 mandata
782 4994 917 5041 sunt
967 4998 1093 5040 cum
1144 4983 1338 5054 primis
1395 4983 1677 5040 edoctum.
1729 4983 2042 5044 lnvalnerat

466 5087 650 5134 autem
688 5077 835 5147 apud
879 5074 1099 5132 Iudaeos
1158 5074 1298 5132 falsa
1357 5073 1428 5132 de
1480 5074 1707 5131 Christo
1753 5073 2040 5133 Salvatore

468 5180 661 5227 nostro
700 5171 906 5240 opinio,
936 5184 1002 5224 ex
1029 5166 1228 5238 oppido
1256 5166 1517 5223 nimirum
1553 5175 1650 5222 aut
1694 5183 1833 5239 pago
1866 5167 2047 5223 Naza—‘

466 5262 590 5318 reth
627 5261 809 5332 ipsum
846 5260 985 5327 fore,
1020 5258 1277 5329 quamvis
1319 5254 1607 5328 Scriptura
1655 5257 1842 5314 divina
1876 5257 2041 5315 Beth»

468 5352 784 5409 lehemitam
814 5352 994 5423 ipsum
1030 5357 1343 5420 nuncupet:
1375 5367 1394 5403 ι
1434 5349 1501 5405 Et
1545 5357 1602 5405 tu
1635 5349 1805 5416 enim,
1840 5351 2039 5422 inquit,

471 5452 618 5501 terra
649 5444 991 5511 Bethlehem,
1032 5444 1232 5501 domus
1257 5443 1514 5515 Ephrata,
1546 5457 1892 5514 nequaquam
1938 5446 2042 5499 mi-

545 5619 590 5651 "
620 5617 779 5674 Prov.
811 5635 887 5685 Ix,
918 5621 970 5675 9.
1065 5619 1111 5652 “
1146 5618 1338 5673 Matth.
1372 5632 1494 5683 xm,
1526 5617 1615 5685 Η,
1641 5618 1711 5673 45
1739 5632 1897 5695 seqq;

2141 4442 2419 4515 ἐρχομένῳ
2470 4437 2774 4512 περιτυχὼν
2796 4480 2812 4506 ,
2866 4435 3002 4491 ἀλλὰ
3053 4432 3251 4505 πολλὴν
3301 4432 3389 4485 ἐπ’
3427 4425 3718 4515 αὐτῷτὴν

2142 4514 2368 4603 ζήτησιν
2401 4530 2783 4602 ποιησάμενος.
2821 4527 2978 4598 "me:
3023 4526 3132 4597 γὰρ
3185 4524 3316 4576 ὄντα
3352 4514 3722 4591 φιλοπονώτα-

2140 4626 2232 4679 τόν
2263 4642 2325 4678 τε
2352 4626 2446 4678 καὶ
2473 4621 2928 4691 φιλολογώτατονο
2961 4613 3081 4672 εἶτα
3111 4614 3257 4684 λέγει
3302 4614 3395 4667 τὸν
3419 4610 3506 4665 διὰ
3536 4608 3721 4679 πάσης

2142 4714 2539 4785 κηρυττόμενον
2586 4712 2686 4781 τῆς
2733 4709 2884 4773 θείας
2926 4706 3144 4778 Γραφῆς
3187 4700 3722 4777 ἀνηυρηκέναιΧρι-

2140 4806 2285 4867 στὸν,
2321 4804 2418 4874 οὑχ
2466 4802 2542 4866 ὡς
2584 4800 2863 4870 ἀγνοοῦντι
2911 4794 3278 4870 προσομιλῶν,
3308 4794 3424 4848 ἀλλ’
3477 4791 3553 4855 ὡς
3595 4790 3724 4843 λίαν

2138 4893 2638 4965 ὲκπεπαιδευμένῳ,
2669 4892 2737 4946 τά
2774 4908 2836 4945 τε
2876 4889 2971 4944 τοῦ
3015 4887 3289 4957 πανσόφου
3332 4883 3595 4946 Μωσέως,
3622 4879 3727 4933 καὶ

2138 4986 2247 5042 τῶν
2291 4984 2584 5058 προφητῶν
2640 4982 2963 5054 μηνύματα·
2999 4977 3224 5032 ὑπόνοια
3267 4975 3326 5028 δὲ
3369 4973 3470 5026 οὑκ
3511 4968 3725 5039 ἀληθὴς

2140 5075 2270 5151 περὶ
2320 5076 2416 5130 τοῦ
2466 5076 2719 5146 Σωτῆρος
2748 5071 2907 5145 ήμῶν
2947 5066 3183 5136 Χριστοῦ
3236 5064 3389 5163 παρὰ
3433 5063 3550 5163 τοῖς
3587 5060 3728 5163 '10:)-

2142 5170 2313 5233 δαίοις
2338 5169 2579 5240 ἐκράτει,
2613 5167 2689 5230 ὡς
2717 5167 2780 5219 ὲκ
2811 5163 3040 5226 πόλεως,
3061 5160 3183 5253 ἢτοι
3225 5157 3419 5253 κῶμης
3447 5154 3730 5253 ierat-vi};

2145 5261 2418 5332 Ναζαρὲτ,
2455 5258 2629 5313 καίτοι
2655 5254 3023 5329 Βηθλεεμίτην
3053 5250 3234 5315 αὑτὸν,
3263 5249 3389 5302 ὅσον
3417 5247 3496 5310 είς
3531 5247 3730 5332 τοῦτον

2145 5354 2266 5426 ἣκει
2294 5328 2386 5406 τὸν
2432 5351 2607 5418 λόγον,
2630 5328 2733 5418 τῆς
2778 5348 2930 5410 θείας
2970 5341 3232 5412 λεγούσης
3610 5328 3728 5431 Κασὶ

2144 5424 2209 5498 σὺ
2236 5444 2364 5517 γὰρ,
2401 5443 2584 5515 φησὶν,
2618 5441 2691 5511 γῆ
2735 5437 3002 5511 Βηθλεὲμ,
3040 5430 3188 5498 οἶκος
3220 5428 3317 5486 τοῦ
3348 5424 3610 5499 Ἐφραθᾶ,
3643 5424 3727 5495 μὴ
