4038 6210
373 319 505 374 εει

1463 321 1531 376 lN
1568 322 1855 379 JllANNIS
1892 320 2346 379 EVANGELIUM
2385 320 2517 377 LIB.
2559 320 2623 376 ll.

3535 318 3648 373 292

372 437 658 510 ὀλιγοστὸς
683 431 847 493 εῖτςοῦ
876 434 1016 492 εἶναι
1051 440 1108 492 ἓν
1135 440 1368 511 χιλιάσιν
1402 441 1589 509 Ἰούδα,
1631 446 1694 498 ἐκ
1736 443 1829 497 σοῦ
1873 461 1950 515 μσς

2066 442 2219 497 nima
2250 458 2311 501 es
2352 450 2413 497 ut
2441 443 2521 498 sis
2560 443 2616 495 in
2646 440 2891 496 millibus
2916 437 3060 496 Juda
3088 455 3101 493 :
3138 453 3205 494 ex
3234 446 3289 494 te
3321 438 3466 493 enim
3499 454 3647 510 egre-

375 528 725 595 ὲξελεύσεται
755 527 850 581 τοῦ
882 526 1021 582 εἶναι
1045 531 1124 594 είς
1153 530 1383 602 ἄρχοντα
1418 536 1476 586 ἐν
1499 535 1576 605 τῷ
1608 535 1842 606 Ἰσραὴλ,
1862 538 1963 590 καὶ

377 619 555 688 ἔξοδοι
583 620 773 685 αὐτοῦ,
802 621 899 679 ἀπ’
944 620 1119 694 ἀρχῆς
1167 622 1226 687 ἐξ
1274 624 1496 696 ἡμερῶν
1537 625 1751 691 αἰῶνος.
1788 646 1808 679 ι
1846 628 1965 682 Ἀν-

374 714 592 785 ετράφη
639 713 737 783 μὲν
779 712 890 783 γὰρ
934 714 1011 776 εἰς
1055 713 1328 785 Ναζαρὲτ,
1370 715 1446 779 ὥς
1475 733 1575 769 που
1615 719 1706 770 καὶ
1740 710 1899 783 αὗτὸς
1935 721 1964 774 6

374 803 776 874 εὐαγγελιστὴς
807 803 1209 876 διεμαρτύρατο
1245 804 1419 875 λέγων
1440 823 1453 836 °
1490 826 1509 858 ι
1542 809 1652 861 Καὶ
1680 805 1842 880 ἦλθον
1883 813 1963 874 είς

374 896 654 967 Ναζαρὲτ,
685 915 707 949 ι
736 888 797 949 οὗ
826 892 895 967 ἦν
922 897 1431 969 ἀνατεθραμμένοςο
1462 894 1530 970 ἦν
1572 900 1628 953 δὲ
1679 903 1778 956 οὐκ
1818 904 1957 957 ἐκεῖσ

371 985 491 1050 θεν,
515 985 633 1039 ἀλλ’
664 986 785 1039 ὅθεν
819 986 920 1057 ἤδη
949 988 1302 1060 προείπομεν,
1328 990 1525 1060 μᾶλλον
1565 991 1622 1045 δὲ
1668 992 1744 1056 ὡς
1794 996 1827 1063 ἡ
1865 992 1961 1046 τοῦ

372 1078 660 1149 προφήτου
711 1077 1080 1148 διισχυρισατο
1134 1081 1304 1151 φωνή.
1343 1080 1734 1152 Ἀκολουθήσας
1781 1082 1960 1140 τοίνυν

370 1171 402 1220 6
432 1169 700 1231 Φίλιππος
731 1172 798 1240 τῇ
832 1169 942 1223 τῶν
976 1168 1243 1225 Ἰουδαίων
1269 1170 1492 1244 ὑπονοίᾳ
1524 1174 1708 1243 φησίν·

446 1258 553 1315 Ἐκ
582 1257 845 1326 Ναζῖιρὲτ
872 1259 1123 1316 δύναταί
1161 1279 1214 1315 τι
1243 1263 1469 1332 ἀγαθὸν
1496 1260 1646 1318 εἶναι
1668 1282 1690 1332 ;

449 1348 808 1418 Συνομολογεῖ
844 1353 1147 1423 προχείρως
1175 1353 1203 1405 6
1236 1353 1545 1427 Ναθαναὴλ,
1572 1355 1654 1409 δτι
1704 1356 1849 1427 μέγα
1892 1357 1956 1429 δη

366 1455 428 1492 τι
465 1439 563 1493 καὶ
593 1438 874 1494 κάλλιστον
909 1444 992 1513 εἴη
1026 1442 1086 1496 τὸ
1117 1445 1181 1497 ἐκ
1219 1445 1315 1515 τῆς
1359 1446 1611 1518 Ναζαρὲτ
1642 1447 1958 1520 ἀναδειχθήο

373 1529 568 1584 σεσθαι
590 1531 1052 1602 προσδοκώμενον.
1075 1535 1243 1604 Δῆλον
1269 1536 1327 1588 δὲ
1351 1536 1522 1607 δήπου
1549 1537 1763 1602 πάντως
1788 1540 1955 1603 ἐστὶν,

368 1618 451 1682 ὡς
475 1620 537 1672 οὐ
566 1620 726 1690 μόνον
752 1620 962 1691 ἐδέχετο
990 1620 1125 1691 πρὸς
1158 1624 1337 1677 πίστιν
1362 1623 1457 1677 τοῦ
1502 1623 1831 1697 ζητουμένου
1857 1625 1957 1697 τὴν

368 1710 650 1781 Ναζαρὲτ,
682 1711 796 1764 ἀλλ’
836 1713 901 1766 ὲκ
943 1712 1132 1783 νόμου,
1164 1713 1258 1768 καὶ
1292 1716 1583 1788 προφητῶν
1621 1716 1719 1789 τὴν
1751 1718 1953 1787 γνῶσιν

2066 533 2248 588 dietur
2304 532 2414 587 dux
2463 532 2557 603 qui
2611 538 2764 601 regat
2805 529 3072 602 pOpulum
3124 544 3307 584 meum
3348 527 3538 594 Israel,
3588 535 3645 584 et

2064 637 2327 693 egressus
2352 622 2479 692 ejus
2512 636 2576 677 ex
2606 620 2800 676 diebus
2826 620 3015 675 saeculi
3040 618 3107 673 “.
3133 637 3151 672 ι
3187 619 3466 676 Educatus
3495 619 3641 673 enim

2063 723 2150 772 est
2178 715 2235 770 in
2265 714 2563 779 Nazareth,
2589 720 2648 767 ut
2675 711 2880 768 alicubi
2912 717 3150 768 testatus
3176 717 3259 765 est
3282 708 3639 779 evangelista,

2064 808 2164 884 his.
2186 808 2369 863 verbis
2399 825 2412 861 :
2447 825 2466 860 ι
2504 804 2572 860 Ει
2625 811 2898 860 venerunt
2949 803 3007 858 in
3056 800 3327 856 Nazareth
3362 800 3407 832 ⁸⁸
3445 818 3491 864 ι,
3546 798 3638 854 ubi

2062 907 2183 957 erat
2215 898 2480 964 nutritus;
2527 895 2624 953 sed
2662 895 2791 950 inde
2819 892 3089 949 oriundus
3127 906 3237 947 non
3267 900 3406 958 erat,
3448 905 3637 945 verum

2061 1006 2127 1046 ex
2163 1003 2231 1045 eo
2266 989 2391 1044 loco
2417 1005 2579 1057 quem
2628 987 2741 1056 jam
2778 984 3043 1051 diximus,
3079 983 3187 1038 imo
3227 982 3322 1053 qui
3359 996 3494 1037 voce
3523 994 3644 1050 pro-

2061 1082 2241 1153 phetae
2283 1081 2644 1145 conﬁrmatus
2676 1085 2783 1133 est.
2831 1075 3118 1145 Philippus
3154 1088 3286 1144 ergo
3322 1069 3637 1127 Judzeorum

2060 1173 2378 1243 Opinionem
2408 1177 2635 1226 secutus
2663 1169 2739 1223 ait
2772 1186 2786 1222 :

2202 1261 2244 1327 Ι,
2270 1258 2359 1315 46.
2394 1259 2436 1313 Α
2466 1258 2739 1313 Nazareth
2765 1266 2936 1326 potest
2962 1255 3166 1327 aliquid
3194 1254 3318 1309 boni
3343 1238 3506 1308 esse?

2129 1349 2434 1407 Confestim
2475 1349 2776 1404 assentitur
2810 1345 3113 1400 Natltanael
3171 1357 3429 1414 magnum
3470 1340 3632 1410 quid-

2060 1442 2206 1514 piam
2233 1451 2287 1496 et
2322 1439 2588 1495 eximium
2623 1454 2748 1497 esse
2779 1436 2835 1492 id
2876 1434 3020 1506 quod
3056 1450 3121 1491 ex
3145 1431 3413 1487 Nazareth
3455 1430 3633 1500 prodi-

2061 1543 2245 1589 turum
2282 1530 2729 1602 exspectabatur.
2769 1527 2992 1582 Certum
3030 1534 3116 1581 est
3145 1532 3327 1579 autem
3377 1521 3525 1593 quod
3565 1520 3634 1575 ad

2060 1623 2405 1696 probandum
2446 1621 2499 1677 id
2528 1619 2676 1693 quod
2710 1618 3068 1690 quaerebatur
3102 1630 3211 1670 non
3239 1613 3509 1670 Nazareth
3544 1626 3634 1669 so-

2061 1715 2174 1768 lum
2216 1711 2422 1777 attulit,
2449 1726 2637 1767 verum
2684 1709 2848 1764 etiam
2888 1723 2953 1763 ex
2984 1707 3100 1778 lege
3149 1712 3203 1760 et
3235 1704 3539 1775 prophetis,
3574 1709 3635 1756 ut

368 1772 776 1873 ἐρανιξόμενος,
814 1772 1033 1875 ταχεῖαν
1075 1772 1152 1873 ὡς
1196 1772 1513 1878 πολυμαθῇ
1571 1772 1805 1862 ἑποίεϊτο
1850 1805 1950 1879 τὴν

2063 1807 2155 1879 qui
2207 1804 2391 1860 multa
2438 1802 2697 1859 lectionis
2745 1808 2886 1865 erat,
2912 1799 3281 1870 cognitionem
3330 1796 3632 1858 hauriens,

369 1889 611 1956 σύνεσιν,

442 1982 616 2053 Λέγει
638 1984 798 2051 αὐτῷ
830 1986 1127 2051 Φίλιππος
1146 2003 1160 2017 ο
1192 1989 1409 2058 Ἔρχου
1434 1989 1532 2044 καὶ
1566 1990 1677 2045 ἴδε.

454 2074 704 2145 Ἀρκέσει
738 2074 875 2144 πρὸς
903 2075 1082 2128 πίστιν
1111 2077 1144 2148 ἠ
1190 2077 1307 2143 θέα,
1340 2081 1526 2150 φησὶν,
1555 2081 1649 2134 καὶ
1684 2080 1844 2152 μόνον
1874 2086 1953 2148 είς

366 2164 563 2235 λόγους
588 2164 757 2219 ἐλθὼν
784 2164 1235 2238 συνομολογήσεις
1262 2170 1607 2240 γοργότερον,
1652 2173 1747 2225 καὶ
1798 2174 1953 2235 ἀνεν-

363 2257 634 2320 δοιάστως
661 2258 804 2327 ἐρεῖς
835 2260 997 2314 αὑτὸν
1030 2260 1197 2325 ὅντως
1226 2261 1489 2333 ὑπάρχειν
1526 2263 1618 2316 τὸν
1645 2266 1952 2335 προσδοκώ-

368 2364 555 2417 μενον.
601 2347 728 2418 Χρὴ
768 2347 824 2401 δὲ
872 2349 1147 2404 πιστεύειν
1174 2352 1341 2426 ᾐμᾶς,
1367 2353 1450 2406 ὅτι
1490 2370 1593 2425 περ
1625 2349 1694 2425 ἦν
1722 2354 1841 2417 θεία
1867 2372 1953 2420 τις

365 2437 466 2492 καὶ
515 2439 755 2510 ἄῤῥητος
798 2441 979 2512 χάρις,
1031 2445 1145 2506 τοῖς
1185 2442 1278 2497 τοῦ
1314 2443 1563 2515 Σωτῆρος
1604 2446 1782 2516 λόγοις
1828 2465 1952 2503 συν-

364 2527 725 2599 εκτρέχουσα,
758 2530 854 2587 καὶ
894 2530 993 2594 τὰς
1021 2530 1129 2593 τῶν
1168 2532 1533 2603 ἀκροωμένων
1570 2533 1746 2606 ψυχὰς
1782 2553 1951 2591 κατα-

367 2619 658 2688 θέλγουσα.
695 2620 852 2677 οὕτω
890 2622 999 2691 γὰρ
1027 2623 1354 2695 γέγραπται,
1383 2625 1463 2678 ὅτι
1501 2643 1519 2677 ι
1556 2628 1761 2691 Πάντες
1789 2629 1951 2682 ἐθαύ-

368 2712 667 2781 μαζονὲπὶ
700 2716 811 2787 τοῖς
843 2714 1020 2783 λόγοις
1046 2718 1145 2787 τῆς
1168 2715 1388 2786 χάριτος
1436 2720 1549 2782 τοῖς
1590 2721 1952 2792 ἐκπορευομέ-

364 2821 482 2868 νοις
527 2804 636 2858 ἀπὸ
668 2805 762 2859 τοῦ
803 2807 1070 2877 στόματος
1109 2806 1308 2861 αὐτοῦ’
1356 2826 1375 2859 ι
1410 2808 1485 2872 ὼς
1518 2810 1625 2881 γὰρ
1672 2810 1898 2882 ἐνεργὴς
1921 2811 1950 2862 6

364 2895 531 2966 λόγος
560 2898 639 2961 είς
664 2896 914 2968 δύναμιν,
956 2897 1097 2953 οὕτω
1131 2898 1223 2952 καὶ
1270 2900 1353 2963 είς
1391 2898 1453 2953 τὸ
1488 2899 1695 2958 πείθειν
1732 2896 1799 2974 ἦν
1833 2903 1951 2957 ἱκα-

367 3005 482 3053 νος.
774 3007 787 3021 υ

2054 1902 2164 1957 cito
2191 1900 2316 1970 ejus
2352 1895 2774 1967 intelligentiam
2814 1894 3105 1948 assecutus
3138 1897 3245 1949 est.

2264 1991 2305 2056 Ι,
2326 1989 2418 2045 46.
2457 1988 2599 2043 Dicit
2630 1989 2678 2042 ei
2703 1985 3019 2054 Philippus:
3043 1980 3172 2037 Veni
3204 1988 3254 2035 et
3282 1978 3417 2034 vide.

2126 2077 2370 2135 Sulliciet
2397 2076 2468 2131 ad
2499 2074 2859 2141 credendum,
2886 2072 3087 2144 inquit,
3105 2070 3193 2127 vel
3223 2077 3527 2141 spectasse,
3550 2074 3629 2132 et,

2053 2171 2099 2229 si
2135 2186 2259 2226 cum
2305 2184 2372 2225 eo
2419 2182 2732 2225 sermonem
2773 2166 3044 2221 duntaxat
3076 2159 3405 2223 contuleris,
3454 2157 3631 2228 magis

2052 2260 2393 2335 consenties,
2434 2275 2499 2316 ac
2549 2273 2765 2315 mecum
2812 2256 3122 2312 indubitate
3158 2250 3422 2308 fateberis
3448 2249 3627 2321 ipsum

2050 2368 2177 2411 esse
2206 2366 2396 2409 revera
2434 2352 2923 2423 quiqexspectatur.
2946 2346 3122 2402 Porro
3154 2343 3492 2401 credendum
3521 2346 3627 2402 est,

2051 2445 2295 2507 divinam
2319 2441 2615 2515 quamdam
2634 2448 2686 2496 et
2705 2439 3035 2495 inelTabilem
3059 2435 3365 2509 gratiamin
3385 2432 3632 2486 Salvato-

2050 2539 2131 2594 ris
2160 2549 2415 2592 sermone
2438 2548 2501 2590 ac
2528 2531 2715 2588 verbis
2743 2529 2917 2585 fuisse
2941 2542 3050 2599 qua
3068 2526 3431 2582 deliuirenlur
3469 2518 3627 2589 133

2050 2627 2216 2683 etiam
2270 2624 2581 2680 auditorum
2610 2621 2801 2677 animi.
2853 2619 2947 2675 Sic
2989 2618 3133 2673 enim
3188 2614 3460 2685 scriptum
3518 2618 3625 2675 est,

2050 2717 2223 2789 quia:
2271 2734 2290 2767 ι
2327 2714 2531 2771 Omnes
2571 2713 2921 2767 mirabantur
2949 2709 3007 2764 in
3035 2707 3221 2763 verbis
3261 2703 3470 2776 gratiae,
3506 2715 3631 2772 qua

2050 2809 2426 2884 procedebant
2452 2809 2522 2867 de
2550 2816 2646 2865 Ore
2675 2807 2852 2878 ipsius
2869 2806 2936 2863 “.
2976 2823 2995 2857 ι
3029 2803 3097 2860 Ut
3123 2802 3270 2857 enim
3301 2799 3422 2869 eius
3447 2798 3631 2853 oratio

2049 2905 2238 2960 eliicax
2279 2910 2399 2960 erat
2439 2901 2509 2955 ad
2538 2900 2833 2973 agendum,
2865 2898 2949 2954 sic
2981 2894 3150 2953 etiam
3182 2891 3248 2947 ad
3285 2888 3629 2961 persuaden-

2051 2996 2180 3051 dum
2212 3002 2333 3050 erat
2362 2993 2580 3047 idonea.

437 3072 618 3131 εἶδεν
640 3080 675 3132 ό
705 3078 940 3147 Ἰησοῦς
963 3076 1071 3132 τὸν
1096 3077 1421 3144 Ναθαναὴλ
1451 3077 1777 3147 ἐρχόμενον
1800 3079 1948 3147 πρὸς

2123 3084 2165 3147 l,
2199 3084 2289 3139 Π.
2337 3082 2478 3138 Vidit
2513 3081 2671 3137 Iesus
2705 3078 3014 3135 Nathanael
3050 3076 3336 3139 uenientem
3367 3071 3436 3127 ad
3473 3086 3549 3137 se,
3577 3081 3626 3123 et

358 3166 571 3235 αὐτὸν,
599 3166 698 3221 καὶ
721 3167 882 3237 λέγει
908 3168 1041 3236 περὶ
1074 3166 1262 3222 αὑτοῦ
1286 3183 1300 3198 ο
1331 3167 1444 3223 Ἴδε
1458 3166 1690 3238 ἀληθὴς
1724 3170 1944 3239 ἰο-ρίτη-

356 3257 566 3324 λίτης,
607 3260 679 3313 ἐν
714 3252 764 3325 ᾧ
799 3259 982 3325 δόλος
1020 3259 1131 3313 οὐκ
1163 3260 1352 3314 ἐστιν.

432 3349 604 3404 Οὔπω
649 3351 750 3422 τὴν
792 3351 884 3405 διὰ
945 3350 1185 3421 σημείων
1239 3349 1594 3419 ἐπιτηδεύσας
1649 3351 1945 3420 ἐπίδειξιν,

353 3441 537 3513 ἑτέρῳ
563 3440 753 3512 τρόπῳ
793 3442 1027 3512 Χριστὸς
1074 3439 1197 3505 τούς
1243 3457 1301 3492 τε
1352 3441 1587 3505 οἰκείους
1636 3442 1947 3496 ἀναπείθειν

352 3533 624 3603 ἐπειρᾶτο
658 3531 924 3603 μαθητὰς,
950 3532 1043 3586 mi.
1070 3534 1194 3594 τοὺς
1223 3532 1336 3584 ὅσοι
1370 3549 1475 3603 περ
1495 3528 1634 3604 ἦσαν
1663 3532 1771 3586 τῶν
1798 3533 1947 3605 αὐτῷ

353 3624 703 3693 προσιόντων
730 3625 1149 3695 νουνεχέστεροι,
1185 3625 1259 3690 ὡς
1290 3625 1374 3695 εἴη
1412 3624 1511 3699 μὲν
1540 3625 1703 3689 αὐτὸς
1747 3628 1776 3680 6
1807 3627 1948 3680 κατὰ

354 3715 526 3784 φύσιν
576 3717 706 3780 Tib;
736 3717 830 3771 καὶ
867 3716 1026 3781 Θεὸς,
1075 3717 1198 3787 ἥκοι
1243 3715 1299 3769 δὲ
1341 3716 1441 3787 τῆς
1488 3717 1742 3771 ἁπάντων
1786 3716 1948 3770 ἕνεκα

354 3807 643 3879 σωτηρίας
691 3810 749 3860 ἐν
790 3807 1104 3879 ἀνθρωπεία
1155 3811 1377 3879 μορφῇ..
1414 3808 1509 3872 Τίς
1549 3803 1642 3862 οὖν
1680 3811 1708 3863 6
1749 3811 1948 3881 τρόπος

352 3901 387 3953 6
430 3899 574 3971 πρὸς
623 3900 806 3952 πίστιν
858 3899 1185 3968 ὲπαγωγόςς
1232 3901 1295 3952 Ἦ
1348 3900 1656 3972 θεοπρεπὴς
1707 3901 1947 3972 δηλονότι

354 3989 583 4054 γνῶσις.
610 3989 684 4042 Τὸ
711 3990 818 4059 γὰρ
838 3990 1032 4043 εἰδέναι
1063 3990 1132 4044 τὰ
1161 3989 1356 4056 πάντα,
1392 3991 1536 4062 μόνῳ
1564 3992 1759 4064 πρέπει
1793 3992 1910 4064 Θεῷ
1930 4009 1944 4022 ·

360 4081 689 4152 ἀποδέχεται
732 4082 1017 4153 τοιγαροῦν
1050 4083 1141 4136 τὸν
1182 4082 1491 4155 Ναθαναὴλ,
1538 4084 1599 4137 οὗ
1640 4085 1948 4151 κολακείαις

359 4172 637 4241 ἁρπάζων
675 4175 756 4237 εἰς
788 4172 1045 4240 διάθεσιν,
1074 4174 1187 4228 ἀλλ’
1233 4174 1294 4241 ἐξ
1328 4170 1403 4230 ὧν
1441 4176 1588 4247 αὑτῷ
1622 4176 1833 4248 συνῄδει
1859 4197 1946 4231 πι-

361 4262 684 4334 στούμενος,
710 4264 793 4317 ὅτι
830 4263 1087 4333 γινώσκει
1110 4266 1354 4339 καρδίας,
1382 4267 1457 4330 ὡς
1482 4267 1636 4331 Θεός.

433 4354 606 4424 Λέγει
636 4355 799 4420 αὐτῷ
826 4356 1179 4423 Ναθαναήλ·
1213 4359 1405 4413 Πόθεν
1430 4376 1507 4427 με
1537 4358 1889 4429 γινώσκειςὶ

2046 3177 2177 3233 dicit
2205 3176 2270 3231 de
2301 3190 2361 3232 eo
2396 3190 2415 3229 .'
2449 3173 2583 3230 Ecce
2623 3190 2738 3229 vere
2772 3171 3061 3239 Israelita,
3097 3170 3153 3224 in
3184 3183 3286 3240 quo
3325 3163 3479 3220 dolus
3522 3178 3625 3218 non

2046 3279 2171 3326 εει..

2118 3366 2253 3421 Cum
2304 3364 2550 3421 nondum
2604 3359 2778 3431 signis
2824 3366 2879 3414 et
2926 3352 3213 3411 miraculis
3266 3365 3325 3406 se
3370 3347 3627 3405 Christus

2050 3455 2481 3519 manifestasset,
2504 3452 2614 3508 alio
2638 3448 2803 3506 modo
2827 3445 3161 3518 persuadere
3189 3441 3470 3498 nitebatur
3496 3451 3625 3494 suos

2048 3548 2375 3618 discipulos,
2398 3557 2454 3602 et
2493 3547 2765 3615 quotquot
2798 3554 2865 3595 ex
2916 3538 3003 3594 eis
3035 3543 3197 3591 erant
3237 3532 3536 3593 acutiores,
3567 3542 3627 3582 sc

2048 3642 2305 3696 nimirum
2327 3654 2451 3696 esse
2473 3635 2674 3692 Filium
2706 3631 3021 3690 secundum
3037 3634 3316 3689 naturam,
3343 3638 3409 3676 ac
3432 3620 3624 3682 Deum,

2046 4004 2159 4060 Deo
2181 4002 2458 4058 convenit.
2484 3998 2703 4068 Excipit
2723 4008 2854 4065 ergo
2874 3986 3291 4051 Natbanaelem,
3313 3998 3422 4039 non
3443 3995 3627 4036 assen-

2050 4096 2371 4152 tatiunculis
2417 4107 2543 4150 eum
2599 4090 2705 4146 sibi
2756 4085 3088 4149 concilians,
3122 4081 3220 4139 sed
3249 4074 3522 4149 expositis
3553 4071 3625 4128 iis

2047 4203 2281 4260 quorum
2333 4184 2593 4241 conscius
2633 4189 2773 4245 erat,
2811 4178 3094 4235 hominum
3129 4172 3299 4230 corda
3338 4184 3447 4241 qua
3480 4166 3625 4221 Deus

2048 4288 2132 4337 est
2163 4296 2223 4336 se
2250 4293 2415 4334 nosse
2442 4275 2796 4333 confirmans.

2117 4371 2162 4434 Ι,
2198 4371 2287 4425 48.
2334 4368 2474 4422 Dicit
2507 4368 2555 4421 ei
2587 4360 2900 4419 Numanae!
2931 4376 2948 4415 :
2984 4357 3131 4413 Unde
3165 4362 3249 4410 me
3273 4353 3456 4408 nosti?

438 4448 699 4518 Ἀρχεται
746 4447 1047 4518 θαυμάζειν
1106 4450 1135 4502 6
1180 4449 1505 4523 Ναθαναὴλ,
1557 4451 1651 4503 καὶ
1704 4452 1945 4509 καλεῖται

2117 4460 2421 4515 Natlianael
2458 4458 2646 4512 mirari
2676 4454 2887 4525 incipit,
2936 4460 2991 4507 et.
3041 4449 3110 4505 ad
3152 4448 3466 4502 firmitatem
3500 4440 3623 4496 lidri

356 4539 503 4610 πρὸς
548 4538 731 4592 πίστιν
780 4539 879 4610 ἤδη
929 4540 1188 4610 βεϐαίαν·
1220 4542 1300 4594 ἔτι
1336 4542 1393 4594 δὲ
1444 4541 1733 4621 μανθάνειν
1784 4542 1943 4609 ἀξιοῖ,

359 4631 529 4685 πόθεν
558 4631 626 4685 ἂν
660 4631 773 4703 ἔχοι
805 4632 913 4687 τῶν
962 4632 1080 4686 κατ’
1117 4633 1279 4688 αὑτὸν
1308 4633 1406 4705 τὴν
1446 4634 1665 4701 γνῶσιν·
1698 4638 1946 4707 ἀκριϐεῖς

359 4723 473 4795 γὰρ
527 4723 649 4777 λίαν
701 4725 758 4778 αἱ
793 4722 1111 4795 φιλομαθεῖς
1146 4724 1240 4779 καὶ
1284 4723 1519 4792 φιλόθεοι
1562 4725 1750 4798 ψυχαί.
1790 4728 1947 4781 Ὑπο-

359 4817 475 4869 νοεί
518 4814 577 4867 δὲ
621 4814 750 4878 ἴσως
794 4814 898 4868 ὑπὸ
930 4813 1197 4869 Φιλίππου
1238 4816 1305 4870 τὰ
1339 4818 1456 4871 κατ’
1482 4817 1643 4872 αὐτὸν
1678 4817 1943 4888 δεδεῖχθαι

358 4906 440 4977 τῷ
470 4904 681 4977 κυρίῳ.

446 4997 762 5066 Ἀπεκρίθη
795 4998 1046 5067 Ἰησοῦς,
1063 4998 1163 5053 καὶ
1192 4995 1362 5081 εἶπεν
1378 5002 1568 5068 αὐτῷ’
1599 5003 1717 5072 Πρὸ
1735 5004 1840 5058 τοῦ
1870 5019 1944 5058 σε

358 5088 668 5143 ttulitsz
685 5089 982 5159 φωνῆσαι,
1012 5089 1158 5146 ὄντα
1179 5092 1294 5146 ὑπὸ
1316 5093 1431 5161 τὴν
1448 5093 1651 5164 συκῆν
1664 5092 1827 5152 εἶδόν
1847 5112 1943 5152 σε.

440 5178 672 5232 Ἔλυσεν
706 5178 854 5250 αὑτῷ
875 5180 974 5251 τὴν
1005 5180 1261 5236 ὑπόνοιαν
1297 5184 1326 5236 6
1360 5183 1568 5254 Σωτὴρ,
1596 5185 1690 5241 καὶ
1716 5187 1822 5259 πρὸ
1844 5187 1944 5260 τῆς

360 5266 457 5325 τοῦ
484 5266 751 5329 Φιλίππου
785 5270 1117 5338 συντεύξεώς
1155 5288 1214 5325 τε
1254 5272 1347 5325 καὶ
1390 5273 1605 5342 ὁμιλίας
1642 5277 1944 5348 ἑωρακέναι

358 5360 539 5430 λέγων
570 5361 733 5416 αὐτὸν
764 5361 868 5415 ὑπὸ
898 5363 1088 5435 συκῆν,
1134 5363 1311 5417 καίτοι
1358 5362 1432 5434 μὴ
1480 5362 1670 5435 παρὼν
1720 5366 1797 5437 τῷ
1841 5366 1946 5421 σώ-

360 5467 522 5521 ματι.
557 5452 857 5525 Χρησίμως
887 5471 949 5507 τε
986 5454 1187 5525 σφόδρα
1216 5454 1311 5507 καὶ
1339 5454 1373 5524 ἡ
1401 5456 1559 5526 συκῆ,
1596 5456 1690 5511 καὶ¹
1720 5457 1749 5511 6
1780 5458 1941 5524 τόπος

356 5541 711 5614 ὀνομάζεται,
736 5543 835 5618 τὴν
872 5544 965 5599 τοῦ
1011 5544 1380 5618 τεθεωρῆσθαι
1426 5547 1608 5601 πίστιν
1650 5547 1811 5603 αὑτὸν
1847 5550 1942 5620 ἐγ-

438 5724 485 5758 ⁸⁸
514 5725 677 5785 Μίςιι.
707 5745 760 5796 v,
793 5731 846 5784 2.

942 5730 987 5763 ⁸³
1019 5729 1150 5786 Luc.
1188 5747 1249 5799 tt,
1279 5734 1367 5789 δι.
1480 5734 1524 5768 ⁸⁸
1560 5732 1694 5789 Luc.
1730 5747 1806 5797 Iv,
1842 5728 1938 5788 22.

2043 4554 2154 4625 jam
2182 4561 2434 4621 vocatur,
2466 4550 2564 4606 sed
2594 4550 2898 4604 etiamnum
2924 4548 3318 4615 percunctatur
3351 4536 3622 4592 undenam

2044 4645 2225 4714 ipsum
2272 4642 2529 4698 Christus
2562 4648 2770 4696 nosset.
2814 4639 3101 4693 Accurata:
3130 4626 3287 4688 enim’
3335 4628 3448 4683 fere
3496 4635 3626 4681 sunt

2045 4736 2305 4792 studiosa:
2365 4748 2429 4789 ac
2477 4732 2575 4788 Dei
2627 4740 2879 4786 amantes
2906 4728 3123 4783 animae.
3177 4723 3390 4779 Forsan
3441 4723 3624 4772 autem

2042 4827 2358 4898 suspicatur
2393 4840 2453 4881 se
2479 4822 2713 4894 Philippi
2747 4836 2913 4893 Opera
2950 4817 3183 4873 Domino
3222 4809 3553 4867 innotuisse.

2117 5002 2160 5068 Ι,
2192 5001 2284 5058 48.
2329 5000 2609 5072 Respondit
2635 4998 2813 5063 Iesus,
2848 5007 2898 5054 ct
2941 4996 3076 5050 di'a'tt
3105 4994 3195 5048 ei:
3222 4990 3541 5056 Priusquam
3569 4992 3622 5039 te

2047 5091 2331 5161 Philippus
2366 5102 2595 5156 vacaret,
2618 5107 2737 5145 cum
2763 5105 2899 5144 esses
2932 5086 3027 5141 sub
3058 5086 3184 5154 ﬁcu,
3212 5079 3316 5135 vidi
3339 5090 3410 5133 te.

2122 5183 2301 5237 Solvit
2337 5184 2460 5252 ejus
2512 5182 2882 5251 suspicionem
2933 5176 3213 5238 Servator,
3249 5171 3391 5224 dum
3436 5166 3512 5219 ait
3561 5178 3621 5221 se

2048 5287 2171 5329 eum
2204 5274 2311 5329 sub
2341 5274 2443 5329 licu
2465 5274 2669 5328 vidisse
2691 5269 2906 5327 tametsi
2939 5280 3168 5338 corpore
3201 5264 3410 5325 aberat,
3438 5257 3619 5328 prius-

2049 5381 2212 5437 quam
2266 5366 2331 5422 ad
2364 5380 2423 5421 se
2452 5366 2694 5421 venisset
2727 5371 2825 5419 aut
2878 5364 3100 5417 locutus
3129 5366 3278 5415 esset
3303 5352 3617 5421 Philippus.

2048 5455 2113 5512 Et
2141 5456 2295 5512 valde
2340 5456 2551 5511 utiliter
2593 5469 2717 5510 cum
2767 5453 2923 5521 ﬁcus,
2956 5460 3073 5508 tum
3116 5450 3272 5505 locus
3315 5446 3433 5518 ipse
3469 5442 3622 5498 desi-

2047 5553 2303 5621 gnantur,
2360 5546 2561 5619 quibus
2616 5547 2908 5604 certiorem
2970 5541 3126 5601 ﬁdem
3185 5537 3319 5595 facit
3375 5548 3437 5592 se
3492 5547 3623 5589 eum
