4040 6214
388 254 500 314 225

388 462 554 519 etiam
587 460 993 517 consectarium
1026 457 1185 513 facile
1223 459 1463 515 admisit.

460 552 501 615 Ι,
533 552 626 608 49.
662 552 950 619 Respondit
974 552 1027 605 ei
1058 548 1400 619 Nathanael,
1434 558 1484 607 et
1517 551 1593 605 ait
1624 567 1642 605 :
1670 548 1870 616 Rabbi,
1906 556 1965 604 tu

389 660 445 699 es
475 641 653 697 Filius
679 641 797 708 Dei,
833 651 886 695 tu
911 658 965 696 es
990 640 1099 695 Rea:
1122 639 1318 697 Israel.

456 820 693 876 Noverat
727 818 901 889 probe
930 817 1103 872 Deum
1144 823 1508 872 scrutatorem
1534 829 1657 870 esse
1686 814 1960 881 cordium,

390 927 491 967 nec
523 912 618 965 ulli
654 909 811 964 alteri
839 918 1079 965 mentem
1118 908 1360 963 hominis
1400 912 1618 975 patere,
1655 906 1815 969 illud.
1845 907 1964 976 opi-

388 1016 514 1066 nor,
547 999 855 1054 Psalmistae
882 999 1066 1053 animo
1099 999 1421 1053 revolvens:
1454 1015 1471 1048 ι
1504 994 1772 1051 Serulans
1798 995 1964 1050 corda

389 1104 442 1149 et
473 1108 634 1148 renes
667 1090 809 1146 Deus
848 1091 914 1145 ".
956 1110 975 1142 ι
1013 1089 1169 1155 Quod
1204 1089 1350 1144 enim
1385 1089 1476 1142 alii
1510 1088 1643 1142 nulli
1678 1102 1839 1158 quam
1862 1102 1963 1142 na-

391 1191 527 1237 tura:
546 1182 750 1237 divina:
773 1181 923 1236 istud
952 1181 1103 1245 insit,
1133 1178 1291 1251 134
1321 1190 1578 1249 tanquam
1604 1179 1649 1234 ei
1681 1177 1963 1248 proprium

390 1289 454 1329 ac
474 1274 756 1344 peculiare
787 1273 1001 1330 Psaltes
1037 1274 1311 1328 attribuit.
1341 1272 1477 1326 Cum
1510 1273 1694 1342 itaque
1718 1272 1965 1327 animad-

388 1367 643 1422 vertisset
688 1382 753 1422 ea
808 1366 1042 1421 Domino
1083 1374 1277 1437 patere
1320 1381 1441 1435 quae
1477 1367 1678 1419 tacitus
1726 1364 1867 1434 apud
1905 1378 1965 1419 se

310 1464 313 1467 '
388 1455 666 1518 versabat,
703 1454 1028 1523 magistrum
1081 1468 1206 1509 eum
1244 1453 1391 1508 illico
1437 1454 1703 1520 nominat,
1736 1453 1963 1523 ejusque

389 1546 695 1616 disciplina:
742 1546 910 1600 alacri
952 1554 1134 1601 mente
1184 1560 1244 1600 se
1296 1545 1486 1611 tradit,
1525 1543 1833 1615 Filiumque
1872 1544 1963 1600 Dei

389 1645 444 1691 et
469 1635 671 1707 Regem
697 1634 864 1691 lsrael
885 1652 1008 1692 esse
1039 1636 1263 1701 fatetur,
1287 1652 1412 1692 eum
1444 1636 1633 1707 utique
1657 1636 1960 1693 secundum

1397 252 1455 306 S.
1496 249 1769 305 CYl‘tlLLl
1803 246 2274 303 ALEXANDRINI
2316 245 2631 301 AliClllliI‘.

278 381 293 393 '
388 365 765 440 conspicatum
810 384 955 425 esse.
1013 368 1148 423 Cum
1206 366 1350 421 enim
1410 366 1463 422 id
1530 368 1689 437 plane
1749 373 1957 433 nosset,

2070 362 2349 434 γνώμεναι
2398 363 2426 414 6
2467 362 2575 433 γὰρ
2607 361 2847 429 ἀκριϐῶς
2889 362 2989 434 ἤδη
3046 361 3253 432 μαθὼν,
3300 364 3396 418 καὶ
3438 364 3501 419 τὺ
3552 362 3655 421 σὺν

3541 250 3657 306 2‘35

2065 455 2212 526 αὑτῷ
2240 454 2473 525 ἑτοίμως
2503 456 2570 509 ἂν
2598 453 2959 526 παρεδέξατο.

2147 548 2451 615 Ἀπεκρίθη
2486 545 2833 614 Ναθαναὴλ,
2864 544 2963 599 καί
3001 543 3163 615 λέγει
3194 544 3356 611 αὐτῷ
3377 562 3391 577 ⁸
3434 546 3666 614 ῬαιῗοἺ.Δ

2066 637 2146 692 σὺ
2196 633 2256 691 εἷ
2303 639 2336 691 ὁ
2390 636 2519 703 Υίὸς
2556 636 2663 691 τοῦ
2700 635 2866 700 Θεοῦ,
2893 634 2975 689 σὺ
3012 635 3069 690 ετ
3119 638 3153 690 ό
3204 635 3507 704 Βασιλεὺς
3543 639 3646 693 τοῦ

2092 728 2335 797 Ῐσραήλ.

2135 817 2257 874 Οἵδε
2307 820 2465 890 μόνον
2519 820 2650 875 ὅντα
2690 817 2929 890 καρδιῶν
2983 818 3281 890 ἑρευνητὴν
3330 819 3423 873 τὸν
3480 818 3642 884 Θεὸν,

2065 911 2242 965 οὐδενὶ
2289 911 2348 964 δὲ
2397 910 2569 982 ἑτέρῳ
2624 911 2715 963 τὸν
2765 908 3049 981 ἀνθρώπου
3098 909 3312 964 δίδωσιν
3359 909 3643 975 ἐξεπίστα-

2066 1000 2188 1054 σθαι
2237 999 2382 1068 νοῦν,
2441 1000 2502 1054 τὸ
2560 1001 2617 1076 ἐν
2670 998 2921 1070 Ψαλμοῖς
2957 1000 3153 1065 ἐκεῖνο,
3216 998 3358 1052 κατά
3389 998 3449 1052 τὸ
3477 999 3641 1063 εἰκὸς,

2064 1090 2482 1161 ἐνθυμούμενος·
2541 1108 2561 1141 ι
2600 1088 2835 1153 Ἐτάζων
2902 1089 3127 1159 καρδίας
3188 1089 3281 1143 καὶ
3339 1089 3570 1159 νεφροὺς
3617 1090 3645 1141 6

2064 1182 2213 1245 Θεός.
2247 1201 2265 1234 ι
2308 1182 2394 1246 Ὠς
2422 1181 2531 1251 γὰρ
2563 1180 2733 1234 οὐδενὶ
2769 1180 2879 1234 τῶν
2917 1180 3091 1234 ἄλλων
3138 1180 3360 1251 προσὸν,
3402 1181 3539 1253 μόνῃ
3573 1185 3638 1253 τῇ

2066 1271 2188 1345 θείᾳ
2219 1271 2395 1341 φύσει,
2443 1274 2539 1326 καὶ
2586 1270 2745 1326 τοῦτο
2790 1271 3065 1342 ἐξαίρετον
3096 1273 3123 1324 ὁ
3163 1271 3417 1342 Μελῳδὸς
3455 1273 3641 1326 ἁνατέ·

2067 1362 2265 1417 θεικεν.
2319 1361 2526 1416 Οὐκοῦν
2572 1363 2630 1415 ὲν
2683 1360 2978 1431 ἀφθόγγοις
3022 1361 3100 1414 ἔτι
3130 1360 3499 1434 ,ψιθυρισμοῖς
3546 1364 3641 1434 τὴν

2066 1452 2316 1507 ὑπόνοιαν
2342 1451 2490 1522 αὑτῷ
2530 1451 2902 1523 στρεφομένην
2933 1451 3071 1504 κατὰ
3125 1450 3214 1503 τὸν
3260 1449 3384 1505 νοῦν
3416 1451 3642 1523 ἐπείπερ

2066 1542 2207 1612 ἔγνω
2238 1541 2546 1614 θεωροῦντα
2593 1541 2685 1595 τὸν
2731 1540 2956 1614 Κύριον,
2995 1539 3313 1594 διδάσκαλον
3351 1540 3448 1610 μὲν
3482 1540 3644 1605 εὐθὺς

2066 1634 2347 1698 ἀποκαλεῖ,
2384 1632 2678 1705 προθύμως
2715 1632 2815 1703 ἤδη
2862 1631 2960 1703 τὴν
3012 1632 3103 1684 ὑπ’
3148 1629 3296 1701 αὑτῷ
3347 1631 3645 1702 μαθητείαν

390 1736 644 1782 naturam
679 1743 803 1784 esse
850 1744 1070 1800 quoque
1120 1728 1287 1783 Deum
1338 1728 1708 1796 conﬁrmans,
1750 1730 1804 1785 in
1854 1745 1964 1801 quo

2070 1725 2370 1792 εἰσϐαίνων,
2402 1723 2538 1778 Θεοῦ
2576 1722 2637 1776 δὲ
2667 1723 2795 1776 Υίὸν
2840 1723 3095 1794 ὁμολογεῖ
3137 1724 3231 1775 καὶ
3279 1721 3502 1792 βασιλέα
3547 1722 3643 1777 τοῦ

391 1819 622 1876 Deitatis
652 1820 1016 1890 proprietates
1043 1820 1399 1877 inexsistunt.

464 2085 504 2152 ι,
546 2062 636 2140 30.
677 2084 963 2153 Respondit
983 2084 1238 2153 tam,“
1265 2087 1401 2141 dixit
1425 2087 1474 2142 ei
1501 2104 1518 2141 .-
1544 2087 1683 2153 Quia
1704 2088 1819 2142 dixi
1847 2089 1964 2157 tibi,

404 2177 523 2234 Vidi
564 2188 612 2232 te
635 2177 882 2262 sub‘ﬁcu,
920 2178 1130 2231 credis:
1156 2180 1364 2247 majora
1394 2177 1473 2253 his
1505 2177 1719 2234 ridebis.
1824 2192 1827 2195 λ

458 2354 700 2411 Firmior
734 2355 845 2410 eris
876 2355 942 2408 ad
979 2355 1138 2410 [idem
1159 2396 1174 2421 ,
1206 2355 1417 2425 inquit,
1468 2368 1591 2410 cum
1622 2356 1709 2411 his
1754 2357 1965 2426 majora

388 2447 612 2507 videris.
643 2447 745 2512 Qui
770 2447 913 2501 enim
946 2447 1037 2501 uni
1071 2447 1226 2517 signo
1263 2447 1519 2512 credidit,
1550 2447 1826 2517 quomodo
1854 2462 1983 2530 non.

388 2538 491 2594 erit
542 2538 704 2609 longe
757 2538 989 2605 ﬁrmior,
1049 2554 1175 2593 cum
1209 2539 1427 2609 potiora
1473 2540 1739 2594 miracula
1791 2554 1965 2612 appa-

388 2630 604 2686 ruerint
631 2631 654 2684 ?

454 2803 500 2871 l,
540 2803 630 2859 5|.
670 2805 855 2870 Amen,
908 2822 1058 2860 amen
1104 2807 1223 2862 dico
1273 2807 1446 2874 vobis,
1494 2807 1735 2862 videbitis
1779 2807 1963 2862 calum

389 2908 647 2966 apertum,
680 2906 728 2951 et
758 2898 970 2966 angelos
999 2898 1097 2953 Dei
1125 2899 1463 2954 ascendentes
1501 2909 1551 2955 et
1595 2898 1961 2955 descendentes

388 3005 549 3059 supra
573 2986 624 3042 F
626 2990 775 3044 ilium
796 2991 1045 3045 hominis.

456 3162 577 3218 Jam
628 3164 694 3219 ad
722 3179 915 3221 omnes
961 3163 1271 3220 orationem
1305 3163 1580 3219 convertit
1615 3179 1722 3232 qua
1753 3162 1964 3218 Natlra-

388 3256 563 3311 naelis
593 3256 751 3311 [idem
782 3258 1094 3311 conﬁrmat.
1126 3257 1263 3311 Cum
1299 3265 1478 3311 autem
1525 3256 1745 3326 angelos
1787 3257 1961 3311 visum

389 3349 460 3403 iri
487 3351 583 3413 ait,
624 3350 984 3405 ascendentes
1032 3363 1096 3403 ac
1129 3349 1528 3404 descendentes
1556 3362 1722 3418 super
1763 3346 1961 3402 Filium

389 3440 665 3504 hominis,
700 3440 802 3494 hoc
840 3448 926 3495 est
959 3440 1364 3505 ministrantes,
1395 3446 1450 3495 et
1508 3439 1781 3494 mandatis
1810 3439 1961 3508 ejus,

390 3530 461 3585 ad
491 3529 724 3585 salutem
756 3544 946 3585 eorum
969 3532 1064 3600 qui
1095 3531 1358 3585 credituri
1395 3538 1546 3596 sunt,
1573 3529 1960 3598 obsequentes,

390 3633 524 3677 tunc
556 3623 791 3678 tnaxime
816 3637 875 3678 se
902 3631 1109 3677 natura
1126 3622 1223 3678 Dei
1257 3623 1455 3677 Filium
1474 3636 1598 3676 esse
1621 3623 1966 3675 detnonstra-

390 3723 506 3769 tum
550 3714 615 3768 iri
652 3714 944 3786 signiﬁcat.
980 3714 1101 3769 Non
1138 3715 1283 3770 enim
1326 3715 1431 3770 sibi
1468 3722 1658 3768 mutuo
1685 3714 1965 3782 spiritales

388 3806 496 3860 illae
530 3807 779 3869 virtutes,
816 3806 913 3862 sed
960 3806 1070 3861 Deo
1101 3815 1253 3862 certe
1307 3805 1576 3861 serviunt.
1628 3804 1786 3870 Quod
1835 3819 1963 3860 cum

388 3889 630 3953 dicimus
663 3913 852 3952 earum
910 3898 1311 3968 subiectionem
1369 3912 1479 3953 non
1526 3898 1771 3954 tollimus
1809 3917 1824 3953 :
1864 3914 1965 3955 nec

387 3991 537 4045 enim
578 3990 897 4046 servitutem
935 3992 1228 4061 quisquam
1264 3997 1418 4046 recte
1450 4003 1583 4045 sane
1608 3990 1809 4046 dixerit
1846 4010 1859 4046 :
1895 3992 1965 4047 de

388 4081 611 4137 Christo
639 4097 770 4138 vero
804 4082 980 4138 sancti
1022 4082 1371 4153 evangelista:
1420 4083 1697 4147 scribunt,
1743 4084 1964 4153 angelos

391 4174 457 4230 ad
502 4173 851 4231 Servatorem
894 4176 1180 4231 Christum
1223 4174 1547 4242 accessisse,
1600 4182 1655 4231 et
1702 4176 1753 4231 ei
1804 4177 1966 4231 mini-

392 4277 602 4322 strasse
634 4268 701 4320 θ’.

2079 1817 2314 1888 Ἰσραὴλ,
2340 1809 2493 1887 ᾧπερ
2523 1816 2587 1869 ἂν
2621 1814 2915 1885 ἐνυπάρχοι
2966 1813 3036 1867 τὰ
3079 1815 3179 1884 τῆς
3226 1813 3485 1884 Θεότητος
3513 1814 3643 1880 ῐδια,

2064 1909 2251 1963 τοῦτον
2278 1905 2416 1962 εἶναι
2454 1907 2668 1970 πάντως
2699 1907 2793 1962 καὶ
2821 1906 2961 1961 κατά
2993 1905 3152 1976 φύσιν
3184 1905 3317 1961 Θεὸν
3356 1906 3644 1961 εὐπαιδεύ-

2065 2017 2174 2064 τως
2200 1998 2507 2053 διαὸεὸαιού
2517 2015 2693 2068 μενος.

2137 2090 2444 2159 Ἀπεκρίθη
2476 2088 2729 2158 Ἰησοῦς,
2761 2087 2859 2143 καί
2899 2084 3069 2143 εἶπεν
3093 2084 3286 2153 αὐτῷ*
3324 2086 3445 2142 Ὅτι
3473 2083 3646 2142 εἶπόν

2067 2198 2186 2248 σοι,
2211 2181 2298 2236 ὅτι
2324 2177 2489 2235 εἶδόν
2513 2197 2585 2234 σε
2609 2179 2887 2234 ὑποκάτω
2920 2176 3030 2247 τῆς
3062 2175 3278 2245 συκῆς,
3312 2177 3642 2244 πιστεύεις·

2062 2270 2234 2342 μείζω
2260 2271 2489 2335 τούτων
2517 2270 2671 2339 ὄψει.

2147 2362 2575 2434 ’Λσφαλέστερος
2606 2359 2705 2432 ἔσῃ
2732 2360 2869 2431 πρὸς
2916 2358 3116 2425 πίστιν,
3151 2358 3332 2430 φησὶν,
3366 2360 3493 2413 ὅταν
3532 2359 3649 2434 ἴδῃς

2064 2454 2133 2508 τὰ
2159 2454 2361 2508 τούτων
2394 2452 2645 2522 μείζονα·
2680 2455 2707 2506 6
2739 2451 2846 2523 γὰρ
2881 2450 2962 2507 ἑνὶ
2997 2450 3207 2521 σημείῳ
3238 2447 3646 2515 πεπιστευκὼς,

2068 2546 2184 2609 πῶς
2223 2546 2323 2598 οὐκ
2378 2544 2529 2597 ἔσται
2572 2544 2791 2606 πάντως
2845 2542 2931 2595 διὰ
2980 2540 3190 2594 πολλῶν
3242 2543 3298 2593 ὲν
3350 2540 3647 2612 ἀμείνοσιν,

2066 2639 2190 2692 ὅταν
2219 2635 2282 2708 δὴ
2324 2635 2557 2708 μάλιστα
2594 2635 2869 2705 φαίνοιντο
2899 2631 3008 2685 τῶν
3045 2632 3148 2703 ἤδη
3183 2628 3650 2700 τεθαυμασμένων

2066 2727 2460 2797 ἁξιολογὼτερα

2148 2816 2345 2886 Ἀμὴν,
2385 2815 2548 2885 ἀμὴν
2579 2814 2735 2885 λέγω
2787 2812 2952 2883 ὑμῖν,
2980 2812 3208 2881 ὄψεσθε
3247 2811 3355 2864 τὸν
3388 2808 3650 2879 οὐρανὸν

2065 2909 2382 2977 ἀνεῳγότα,
2423 2906 2521 2961 καὶ
2563 2906 2705 2972 τοὺς
2746 2903 3042 2975 ἀγγέλους
3072 2901 3178 2956 τοῦ
3221 2900 3370 2956 Θεοῦ
3405 2900 3649 2957 ἀναϐαί-

2065 3016 2283 3065 νοντας
2307 2999 2406 3054 καὶ
2436 2998 2905 3063 καταϐαίνοντας
2936 2995 3034 3050 ἐπὶ
3072 2994 3178 3048 τὸν
3219 2993 3356 3048 Υίόν
3396 2993 3503 3048 τοῦ
3539 2993 3649 3049 dr-

2066 3089 2320 3160 θρώπου.

2135 3181 2327 3245 Κοινὸς
2364 3180 2467 3251 ἤδη
2516 3177 2652 3250 πρὸς
2702 3179 2907 3242 πάντας
2953 3179 2982 3231 6
3032 3176 3188 3242 λόγος
3230 3174 3651 3247 ὲπισιρραγίζωί

2063 3272 2156 3327 τοῦ
2191 3271 2480 3343 Ναθαναὴλ
2517 3271 2614 3342 τὴν
2655 3271 2856 3325 πίστιν.
2907 3267 3195 3337 Ἀγγέλους
3230 3267 3287 3321 δὲ
3320 3265 3649 3336 ὀφθήσεσθαι

2063 3364 2236 3434 λέγων
2263 3364 2374 3418 ἄνω
2404 3380 2462 3416 τε
2509 3363 2605 3417 καὶ
2642 3360 2792 3415 κάτω
2824 3360 3116 3432 τρέχοντας
3146 3359 3238 3412 ἐπὶ
3273 3357 3365 3412 τὸν
3397 3356 3525 3410 Υίδν
3552 3355 3647 3409 τοῦ

2064 3455 2371 3527 ἀνθρώπου,
2395 3453 2540 3509 τοῦτ’
2579 3455 2747 3516 ἔστιν,
2798 3450 3202 3523 ὑπηρετοῦντας
3234 3450 3332 3503 καὶ
3369 3449 3647 3504 διακονου-

2068 3548 2261 3620 μένους
2288 3551 2402 3612 τοῖς
2436 3547 2602 3602 αὑτοῦ
2629 3546 3017 3615 διατάγμασιν,
3049 3545 3127 3607 εἰς
3160 3543 3257 3614 τὴν
3290 3540 3401 3597 τῶν
3428 3539 3649 3612 μελλόν-

2064 3659 2172 3697 των
2202 3640 2474 3695 πιστεύειν
2507 3639 2807 3711 σωτηρίαν,
2841 3637 2961 3689 τότε
2984 3635 3050 3707 δὴ
3076 3634 3311 3706 μάλιστα
3341 3633 3474 3687 Θεοῦ
3507 3631 3651 3686 κατὰ

2066 3730 2226 3800 φύσιν
2256 3731 2515 3803 ὑπάρχων
2547 3730 2677 3793 Υἱὸς
2706 3725 3191 3798 ἀναδειχθήσεσθαί
3226 3743 3409 3797 φησιν.
3439 3724 3514 3778 Ui)
3541 3722 3651 3795 γὰρ

2064 3824 2322 3894 ἀλλήλαις
2357 3823 2414 3876 αἱ
2457 3822 2674 3891 λογικαὶ
2720 3820 2999 3891 δυνάμεις,
3030 3818 3147 3889 Θεῷ
3187 3818 3243 3871 δὲ
3281 3817 3498 3879 πάντως
3526 3815 3651 3870 δου-

2064 3911 2331 3966 λεύουσιν.
2375 3912 2489 3965 Οὑκ
2531 3911 2743 3981 ἀναιρεῖ
2785 3909 2839 3963 δὲ
2883 3911 2911 3963 6
2959 3908 3113 3977 λόγος
3159 3907 3256 3977 τὴν
3298 3907 3357 3959 ὲν
3400 3903 3652 3975 ἀγγέλοις

2066 4003 2348 4073 ὑποταγὴν
2367 4017 2383 4033 ο
2413 4001 2535 4055 οὑδὲ
2574 3999 2684 4071 γὰρ
2713 3999 2779 4054 ἀν
2820 4001 3056 4070 εὐλόγως
3094 3997 3251 4052 τοῦτο
3280 3996 3494 4051 καλοῖτο
3524 3997 3651 4051 δου-

2065 4094 2216 4148 λείαο
2264 4093 2578 4165 ἀκηκόαμεν
2628 4091 2685 4144 δὲ
2733 4089 2821 4145 διὰ
2856 4090 2966 4146 τῶν
3012 4090 3181 4158 ἁγίων
3220 4086 3649 4156 εὑαγγελιστῶν,

2065 4186 2257 4255 ὅτιπερ
2285 4182 2504 4252 ἄγγελοι
2546 4179 2850 4252 προσῆλθον
2887 4179 2966 4250 τῷ
3008 4178 3220 4250 Σωτῆρι
3268 4175 3508 4249 Χριστῷ,
3556 4177 3653 4230 καὶ

2068 4277 2347 4347 διηκόνουν
2376 4274 2543 4345 αὐτῷ.

436 4357 529 4422 ~ll,
572 4357 692 4410 1-4.
738 4355 807 4409 Et
841 4357 925 4411 die
957 4359 1111 4412 tertia
1150 4361 1350 4428 nuptiis
1388 4361 1545 4429 facta:
1578 4370 1698 4414 sunt
1728 4361 1780 4414 iu
1813 4358 1964 4413 Cana

2141 4368 2251 4422 Kal
2284 4366 2360 4436 τῇ
2385 4367 2570 4437 ἡμέρᾳ
2594 4366 2666 4435 τῇ
2694 4365 2859 4434 τρίτῃ
2908 4362 3094 4434 γάμος
3132 4360 3368 4429 ἐγένετο

394 4449 634 4506 ϐαίίίιείε
663 4465 681 4503 :
710 4459 759 4504 et
789 4460 902 4504 erat
933 4460 1101 4504 mater
1125 4450 1256 4505 Iesu
1288 4454 1380 4505 ibi.
1413 4452 1646 4507 Vocatus
1677 4465 1753 4507 est
1788 4463 1963 4506 autent

2070 4459 2180 4527 τῆς
2208 4458 2556 4522 Γαλιλαίας,
2588 4457 2687 4512 καὶ
2708 4453 2788 4526 ἦν
2815 4457 2853 4524 ἠ
2879 4454 3078 4525 μήτηρ
3120 4452 3223 4507 τοῦ
3271 4450 3474 4519 Ἰησοῦ
3505 4448 3650 4505 ἐκεῖ.

392 4550 441 4596 et
471 4540 628 4595 .lesus
669 4551 719 4594 et
760 4541 1005 4609 discipuli
1040 4542 1156 4611 ejus
1190 4543 1260 4595 ad
1293 4544 1503 4611 nuptias
1533 4583 1545 4596 .
1592 4551 1643 4597 et
1691 4544 1967 4611 deﬁciente

393 4633 534 4692 vino,
565 4632 693 4684 dicit
724 4640 893 4685 mater
921 4631 1052 4687 Jestt
1089 4635 1157 4685 ad
1181 4648 1295 4686 eum
1322 4649 1342 4686 :
1379 4631 1570 4687 Vinum
1613 4650 1714 4688 non
1754 4636 1962 4690 habent.

395 4724 463 4778 Et
494 4725 625 4778 dicit
655 4725 702 4779 ei
736 4722 915 4780 Iesus.

462 4898 782 4973 Opportune
813 4902 880 4957 ad
913 4902 1176 4981 patranda
1200 4902 1464 4960 miracula
1493 4903 1748 4962 Christus
1773 4922 1965 4978 aggre-

393 4993 559 5062 ditur,
590 4994 717 5051 licet
747 4992 976 5050 fortuito
1015 4993 1084 5049 ad
1129 5010 1192 5052 ea
1235 5004 1462 5055 vocatus
1515 4997 1782 5055 videatur.
1828 4998 1965 5057 Nam

392 5100 517 5141 cum
570 5086 776 5156 nuptias
815 5086 1252 5152 celebrarentur,
1303 5097 1453 5146 caste
1489 5090 1750 5146 nimirum
1781 5099 1829 5148 et
1863 5092 1964 5148 ho-

393 5189 566 5244 neste,
596 5172 750 5236 adest
787 5180 1007 5251 quidem
1039 5190 1215 5237 mater
1256 5181 1588 5251 Servatoris,
1627 5184 1720 5240 sed
1756 5192 1811 5240 et
1847 5200 1965 5256 Ipse

396 5268 552 5344 135
580 5286 688 5325 una
720 5286 844 5326 cum
875 5272 1163 5344 discipulis
1196 5275 1313 5328 suis
1347 5274 1610 5332 invitatus
1638 5276 1818 5343 venit,
1852 5290 1963 5333 non

394 5367 504 5412 tam
555 5361 879 5431 epulaturus
922 5379 1085 5434 quam
1145 5372 1208 5418 ut
1260 5365 1586 5422 miraculum
1634 5366 1857 5432 faceret,
1899 5383 1965 5423 ac

397 5456 657 5515 prieterea
687 5455 1057 5522 generationis
1088 5455 1341 5511 humanae
1376 5458 1706 5529 principium
1752 5459 1961 5514 sancti-

396 5538 605 5604 ﬁearet,
644 5543 787 5611 quod
817 5543 885 5597 ad
922 5559 1142 5600 carnem
1196 5548 1454 5602 nimirum
1488 5550 1702 5605 attinet.
1761 5549 1968 5607 Conve-

468 5701 510 5735 ⁶⁷
542 5699 692 5763 Psal.
734 5716 826 5769 νη,
863 5701 949 5756 10.
1027 5703 1071 5736 ⁸³
1099 5704 1289 5759 Matth.
1324 5723 1395 5771 Iv,
1432 5708 1520 5765 Η.

2082 4549 2344 4617 Ἐκλήθη
2387 4548 2455 4601 δὲ
2501 4547 2599 4601 καὶ
2629 4550 2663 4602 ὁ
2701 4544 2942 4615 Ἰησοῦς
2967 4543 3064 4597 καὶ
3097 4546 3156 4596 οι
3181 4541 3435 4613 μαθηταὶ
3461 4540 3653 4593 αὑτοῦ

2064 4642 2154 4705 είς
2185 4638 2292 4693 τὸν
2318 4640 2528 4709 γάμον,
2561 4639 2659 4691 καὶ
2702 4636 3157 4705 ὑστερήσαντος
3191 4633 3381 4698 οἴνου,
3415 4631 3575 4702 λέγει
3611 4630 3652 4700 ἡ

1984 4726 1988 4731 ’
2064 4728 2259 4799 μήτηρ
2288 4728 2393 4783 τοῦ
2430 4728 2623 4797 Ἰησοῦ
2649 4728 2800 4796 πρὸς
2826 4727 3034 4791 αὐτὸν,
3072 4722 3252 4780 Οἷνον
3279 4725 3389 4778 οὐκ
3414 4722 3650 4793 ἔγουσι.

2068 4820 2178 4876 Καὶ
2204 4819 2366 4889 λέγει
2396 4819 2549 4888 αὐτῇ
2579 4822 2612 4873 ό
2653 4818 2900 4887 Ἰησοῦς.

2138 4910 2477 4981 Εὑαςρόρμως
2522 4910 2740 4981 ἔρχεται
2778 4908 2963 4962 λοιπὸν
3001 4906 3093 4961 ἐπὶ
3133 4897 3238 4976 ’τὴν
3272 4901 3379 4957 τῶν
3410 4900 3653 4973 σημείων

2067 5002 2260 5075 ἀρχὴν,
2289 5003 2337 5054 εί
2370 5003 2464 5055 καὶ
2491 4998 2804 5072 ἀϐουλήτως
2840 4999 3012 5053 ἐδόκει
3055 4994 3338 5052 καλεῖσθαι
3385 4991 3522 5065 πρὸς
3554 4990 3654 5047 αὑ-

2069 5095 2199 5165 τήνο
2249 5092 2607 5164 πανηγύρεως
2650 5093 2760 5165 γὰρ
2803 5090 2904 5161 τῆς
2955 5089 3047 5143 ἐπὶ
3088 5088 3253 5158 γάμῳ
3302 5083 3651 5156 τελουμένης,

2068 5182 2227 5255 δῆλον
2273 5183 2329 5237 δὲ
2359 5183 2529 5255 δήπου
2587 5183 2802 5247 πάντως
2843 5182 2925 5236 ὅτι
2986 5178 3219 5250 σεμνῶς,
3273 5176 3505 5248 πάρεστι
3552 5175 3651 5246 μὲν

2069 5274 2161 5329 τοῦ
2191 5274 2498 5346 Σωτῆρος-1]
2538 5276 2742 5347 μήτηρ,
2771 5270 3108 5343 κεκλημένος
3130 5268 3190 5323 δὲ
3212 5268 3307 5322 καὶ
3340 5267 3502 5330 αὐτὸς
3538 5267 3655 5329 τοῖς

2069 5366 2289 5430 οἰκείοις
2343 5368 2747 5436 συναφικνεῖται
2814 5363 3085 5435 μαθηταῖς
3150 5357 3653 5430 θαυματουργήσων

2073 5456 2291 5533 μᾶλλον,
2332 5457 2476 5529 ἥπερ
2512 5456 2910 5527 ἑστιασόμενος,
2946 5452 3026 5506 ἔτι
3076 5468 3136 5505 τε
3179 5450 3316 5523 πρὸς
3342 5464 3519 5519 τούτῳ
3557 5445 3652 5498 καὶ

2074 5551 2245 5624 αὐτὴν
2275 5551 2517 5621 ἀγιάσων
2552 5549 2648 5621 τῆς
2686 5546 2973 5620 ἀνθρώπου
3005 5543 3273 5616 γενέσεως
3301 5542 3399 5614 τὴν
3437 5538 3649 5613 ἀρχήν*
