4040 6214
342 284 453 342 225

1375 277 1440 331 ΙΝ
1468 277 1748 335 JUANNIS
1783 277 2230 337 EVANGELIUM
2265 280 2391 336 LIB.
2434 281 2496 335 ll.

3488 292 3595 350 226

343 395 469 448 ὅσον
490 393 547 450 δὲ
573 386 707 463 ἧκεν
734 392 814 455 εἰς
847 390 947 462 τὴν
979 391 1174 460 σάρκα,
1222 392 1581 462 φαμέν.Ἔδει
1617 392 1725 465 γὰρ
1757 394 1923 466 αὐτὴν

2030 392 2212 448 niebat
2244 393 2389 447 enim
2424 403 2484 450 ut
2513 395 2608 466 qui
2639 404 2892 452 naturam
2940 399 3113 470 ipsam
3145 399 3385 461 hominis
3427 420 3592 463 reno-

338 485 441 557 τὴν
487 483 778 556 ἀνθρώπου
825 480 988 552 φύσιν
1037 482 1621 555 ἀνακεφαλαιούμενον,
1672 485 1766 538 καὶ
1796 485 1924 556 ὅλην

342 571 787 638 ἁνασκευάζοντα
827 572 964 643 πρὸς
994 571 1053 625 τὸ
1098 573 1340 643 ἄμεινον,
1372 572 1446 645 μὴ
1487 576 1647 644 μόνον
1677 578 1789 639 τοῖς
1822 577 1921 647 ἤδη

343 665 481 737 πρὸς
508 665 569 717 τὸ
593 664 833 734 ὑπάρξαι
856 663 1213 735 κεκλημένοις
1239 665 1513 737 διανέμειν
1534 667 1633 737 τὴν
1654 666 1921 735 εὐλογίαν,

342 756 480 809 ἀλλὰ
504 755 597 809 καὶ
627 757 740 818 τοῖς
772 755 897 808 ὅσον
933 756 1144 808 οὐδέπω
1179 755 1594 827 τεχθησομένοις
1628 773 1923 828 προευτρε-

343 847 523 912 πίζειν
553 847 653 917 τὴν
678 847 861 919 χάριν,
910 847 1006 900 καὶ
1055 846 1215 914 ἁγίαν
1245 846 1422 900 αὐτῶν
1451 848 1792 918 καταστῆσαι
1830 848 1925 919 τὴν

342 939 425 1002 εἰς
451 938 514 991 τὸ
546 933 686 992 εἶναι
719 939 972 1011 πάροδον.
1022 937 1131 991 Καὶ
1181 936 1372 1008 τρίτην
1421 938 1514 991 ἐπὶ
1553 938 1728 1009 τούτῳ
1770 939 1925 1009 δέχου

342 1029 443 1099 τὴν
475 1028 790 1097 ἀπολογίαν.
825 1028 1025 1100 Εἶρητό
1057 1046 1159 1081 που
1192 1030 1323 1100 πρὸς
1372 1028 1470 1099 τὴν
1498 1031 1732 1097 γυναῖκα
1776 1030 1926 1101 παρὰ

342 1119 481 1173 Θεοῦ
500 1136 514 1150 ο
556 1138 578 1171 ι
624 1120 712 1172 Ἐν
740 1119 939 1184 λύπαις
969 1119 1095 1190 τέξῃ
1126 1121 1319 1175 τέκνα’
1359 1141 1378 1173 ι
1409 1119 1528 1184 πῶς
1561 1116 1653 1174 οὖν
1696 1121 1802 1173 ἔδει
1833 1121 1928 1174 καὶ

342 1208 548 1279 ταύτην
577 1208 723 1278 ἡμᾶς
756 1206 1199 1279 ἀποκρούσασθαι
1250 1208 1348 1280 τὴν
1395 1209 1536 1279 ἀρὰν
1561 1248 1576 1272 ,
1615 1208 1647 1278 ἦ
1697 1206 1815 1270 πῶς
1861 1207 1927 1261 ἂν

344 1298 549 1369 ἑτέρως
613 1297 898 1366 διαφυγεῖν
970 1299 1492 1369 καταδεδικασμένον
1554 1300 1647 1352 τὸν
1712 1300 1925 1369 γάμον;

348 1390 548 1442 Ἕλυσε
593 1389 686 1442 καὶ
733 1389 889 1442 τοῦτο
937 1389 1315 1462 φιλάνθρωπος
1345 1389 1420 1444 ὢν
1453 1393 1479 1444 ό
1514 1392 1726 1462 Σωτήρ.
1769 1391 1923 1444 Teri-

349 1498 495 1550 μηκε
529 1483 596 1552 τῇ
624 1483 895 1553 παρουσίᾳ.
919 1483 1010 1535 τὸν
1034 1481 1237 1552 γάμον,
1264 1484 1297 1552 ἡ
1328 1482 1543 1535 πάντων
1573 1482 1807 1553 εὐθυμία
1833 1483 1928 1536 καὶ⁴

343 1574 513 1644 χαρὰ,
571 1574 658 1627 ἵνα
716 1574 817 1641 τῆς
862 1573 1209 1642 τεκνογονίας
1263 1573 1363 1643 τὴν
1414 1573 1645 1642 ἀρχαίαν
1701 1572 1926 1643 ἐξελάσῃ

345 1665 684 1734 κατήφειαν·
715 1683 734 1714 ι
765 1663 833 1716 El’
860 1680 944 1727 τις
974 1664 1083 1733 γὰρ
1115 1664 1171 1716 ὲν
1206 1661 1445 1734 Χριστῷ,
1476 1663 1634 1732 καινὴ
1667 1663 1860 1725 κτίσις.
1902 1679 1921 1712 ι

2028 493 2257 538 vaturus
2293 498 2356 537 ac
2386 492 2554 539 totam
2592 487 2647 540 in
2680 487 2959 543 meliorem
2995 496 3201 545 statum
3234 501 3595 553 revocaturus

2026 581 2165 638 erat,
2199 589 2307 629 non
2331 576 2508 630 solum
2556 577 2622 634 iis
2649 579 2742 648 qui
2789 580 2903 649 jam
2931 580 2987 635 in
3015 589 3199 637 ortum
3236 585 3413 640 vocati
3440 594 3598 641 erant

2025 663 2463 721 benedictionem
2498 668 2890 738 impertiretur,
2926 672 3020 727 sed
3055 684 3111 728 et
3146 673 3215 730 iis
3254 691 3469 746 quoque
3502 682 3596 748 qui

2028 765 2215 826 postea
2256 759 2523 815 nascituri
2579 772 2763 815 essent
2819 763 3052 833 gratiam
3116 775 3501 835 prazstrueret,
3542 776 3599 824 et

2026 860 2218 901 eorum
2252 852 2435 902 ortum
2471 857 2723 903 sanctum
2755 851 3012 907 eﬂiceret.
3045 852 3215 909 Porro
3250 858 3465 912 tertiam
3499 860 3598 915 tibi

2029 937 2171 992 hanc
2215 939 2413 993 habeto
2454 941 2749 996 rationem.
2789 941 3001 998 Dictum
3038 953 3122 1000 est
3144 946 3343 1003 alicubi
3380 950 3444 1004 ad
3477 967 3599 1007 mu-

2027 1026 2214 1082 lierem
2250 1042 2279 1080 a
2318 1027 2469 1082 Deo:
2506 1027 2571 1081 In
2612 1030 2793 1084 dolore
2834 1033 3010 1100 paries
3047 1035 3188 1102 filios
3212 1037 3274 1090 ".
3313 1037 3597 1103 Quomodo

2026 1114 2194 1188 igitur
2213 1117 2355 1171 hanc
2377 1132 2407 1172 a
2430 1118 2590 1173 nobis
2606 1120 3041 1176 exsecrationem
3066 1122 3266 1191 depelli
3288 1128 3596 1194 oportebat,

2026 1216 2124 1264 aut
2180 1225 2417 1281 quanam
2483 1210 2589 1265 alia
2656 1212 2870 1266 ratione
2927 1212 3321 1270 condemnatas
3380 1219 3601 1287 nuptias

2031 1301 2199 1377 Vitare
2229 1303 2461 1356 licebat?
2492 1301 2640 1357 Istud
2686 1303 2849 1358 etiam
2886 1305 3053 1359 solvit
3089 1306 3374 1373 Servator,
3420 1308 3601 1364 homi-

2029 1407 2158 1446 num
2193 1392 2624 1448 amantissimus.
2685 1392 2981 1448 Praesentia
3031 1410 3128 1450 sua
3168 1398 3389 1468 nuptias
3434 1400 3603 1455 coho-

2027 1482 2406 1552 nestavit,ipse
2437 1483 2695 1553 gaudium
2730 1489 2783 1536 et
2823 1483 3012 1538 laetitia
3046 1500 3170 1539 cum
3204 1489 3275 1542 sit
3309 1489 3599 1544 universo-

2027 1585 2172 1634 rum,
2201 1578 2258 1623 ut
2295 1580 2532 1625 veterem
2555 1578 2751 1639 partus
2786 1571 3067 1626 tristitiam
3101 1572 3399 1644 depelleret
3433 1596 3446 1632 :
3482 1596 3501 1629 ι
3541 1576 3601 1632 Si

2028 1661 2143 1729 quis
2171 1660 2307 1714 enim
2334 1662 2386 1714 in
2415 1658 2645 1725 Christo,
2679 1677 2811 1715 nova
2836 1673 3083 1717 creatura
3130 1675 3228 1720 est.
3272 1685 3291 1719 ι
3329 1665 3420 1733 Et,
3445 1686 3464 1720 t
3501 1667 3603 1724 Ve-

346 1757 480 1819 Καὶ,
512 1775 533 1808 ι
573 1755 656 1809 Τὰ
702 1757 905 1828 ἀρχαῖα
955 1754 1250 1826 παρῆλθεν,
1285 1773 1303 1805 ι
1337 1753 1412 1817 ὡς
1454 1756 1482 1807 ὁ
1513 1752 1725 1815 Παῦλός
1773 1770 1925 1824 φησι,

2035 1757 2149 1805 tera
2172 1752 2533 1814 transierunt,
2569 1771 2588 1804 ι
2625 1762 2683 1806 ιιι
2709 1751 2915 1808 Paulus
2944 1753 3145 1825 inquit,
3178 1773 3197 1807 ι
3228 1765 3281 1810 et
3309 1756 3451 1813 facta
3472 1768 3602 1815 Sunt

351 1867 372 1898 ι
406 1848 597 1917 γέγονε
651 1847 708 1900 δὲ
752 1847 933 1902 καινά.
980 1866 999 1898 ι
1042 1848 1299 1918 Ἔρχεται
1327 1846 1613 1917 τοιγαροῦν
1644 1847 1778 1917 ὁμοῦ
1820 1849 1932 1910 τοῖς

344 1938 567 2002 οἰκείοις
598 1938 867 2010 μαθηταῖς
918 1939 998 2003 είς
1043 1938 1133 1991 τὸν
1162 1938 1370 2008 γάμον*
1405 1937 1511 1990 ἔδει
1549 1938 1657 2009 γὰρ
1681 1938 1931 2009 παρεῖναι

343 2026 426 2096 τῷ
450 2025 852 2096 θαυματουργῷ
879 2028 1002 2090 τοὺς
1030 2025 1138 2078 τῶν
1177 2025 1489 2097 παραδόξων
1518 2025 1928 2095 φιλοθεάμονας,

344 2117 554 2187 τροφήν
587 2133 711 2170 τινα
741 2115 929 2186 ὥσπερ
966 2119 1032 2188 τῇ
1067 2118 1123 2169 ὲν
1155 2118 1338 2179 αὐτοῖς
1379 2116 1556 2169 πίστει
1586 2115 1933 2181 συλλέξοντας

345 2202 408 2254 τδ
462 2202 810 2273 τελούμενον.
860 2203 1082 2273 Ἐπειδὴ
1138 2203 1194 2256 δὲ
1252 2198 1394 2267 οἶνος
1447 2204 1752 2258 ἐπιλέλοιπε
1807 2208 1933 2270 τοὺς

347 2296 735 2367 ἑστιωμένους,
764 2297 856 2348 ἐπὶ
900 2296 999 2367 τὴν
1032 2297 1235 2369 συνήθη
1291 2297 1698 2368 φιλανθρωπίαν
1730 2301 1932 2369 ἀγαθὸν

345 2389 475 2441 ὄντα
516 2389 610 2441 τὸν
652 2389 857 2459 Κύριον
883 2392 915 2460 ἡ
945 2390 1127 2460 μήτηρ
1176 2390 1400 2444 ἐκάλεσε
1439 2391 1688 2460 λέγουσα·
1728 2411 1746 2444 t
1780 2390 1933 2448 Οἶνον

344 2476 447 2527 οὐκ
480 2475 729 2545 ἔχουσιν
776 2495 793 2528 ι
822 2476 896 2541 ὡς
935 2478 1044 2548 γὰρ
1071 2478 1188 2531 ὲνδν
1227 2479 1312 2531 ἐπ’
1335 2479 1602 2544 ἐξουσίαις
1637 2482 1784 2553 αὐτῷ
1825 2485 1932 2537 πᾶν

344 2566 485 2635 ὅπερ
514 2564 581 2619 ἂν
612 2565 852 2635 βούλοιτο
880 2568 1080 2631 ποιεῖν,
1116 2568 1197 2630 είς
1229 2566 1288 2620 τὸ
1327 2567 1510 2638 θαῦμα
1542 2570 1858 2641 προτρέπει.

424 2658 487 2711 Τί
508 2657 639 2727 ἐμοὶ
682 2658 781 2711 καὶ
819 2658 940 2722 σοί,
960 2659 1177 2728 γύναι;
1204 2659 1367 2712 οὔπω
1408 2658 1539 2729 ἣκει
1578 2661 1617 2729 ἡ
1653 2660 1772 2729 ὥρα
1795 2679 1930 2732 μου.

422 2830 489 2885 Ἀ
501 2849 656 2903 ριστα
683 2831 779 2885 καὶ
799 2831 988 2886 τοῦτον
1028 2834 1162 2903 ἡμῖν
1188 2832 1280 2885 τὸν
1308 2832 1464 2901 λόγον
1492 2833 1522 2884 ὁ
1551 2834 1740 2905 Σωτὴρ
1769 2836 1932 2904 έσΧτΓ

350 2908 630 2992 petiisse.
678 2923 753 2977 Οὐ
801 2924 909 2994 γὰρ
946 2923 1052 2982 ἔδει
1108 2924 1366 2996 δρομαῖον
1417 2924 1511 2978 ἐπὶ
1551 2925 1611 2977 τὸ
1652 2927 1929 2996 πράττειν,

348 3014 550 3081 ἐλθεῖν,
580 3014 696 3068 οὐδὲ
717 3015 1012 3085 αὐτόμολον
1035 3015 1223 3087 ὥσπερ
1245 3016 1473 3088 ὁρᾶσθαι
1497 3016 1928 3088 θαυματουργδν,

346 3105 681 3177 κεκλημένον
708 3105 765 3159 δὲ
793 3105 946 3177 μόλις
976 3106 1069 3159 ἐπὶ
1104 3106 1262 3160 τοῦτο
1289 3106 1544 3177 βαδίζειν,
1576 3108 1668 3161 καὶ¹
1691 3110 1756 3178 τῇ
1774 3108 1933 3179 χρείᾳ

346 3195 574 3265 μᾶλλον,
592 3196 737 3266 ἥπερ
766 3197 879 3260 τοῖς
906 3195 1106 3266 ὁρῶσιν
1139 3196 1414 3250 ἐπιδοῦναι
1447 3196 1544 3267 τὴν
1574 3198 1751 3269 χάριν.
1777 3198 1935 3252 Δοκεῖ

340 3289 404 3342 δέ
431 3307 550 3353 πως
587 3285 728 3343 εἶναι
758 3292 852 3344 καὶ
900 3291 1231 3362 χαριεστέρα
1260 3290 1368 3344 τῶν
1402 3289 1751 3360 ποθουμένων
1787 3293 1821 3362 ή
1843 3291 1933 3346 ἔκ-

342 3378 528 3443 ϐασις,
561 3379 662 3432 οὐκ
698 3379 761 3432 ἐκ
797 3378 893 3433 τοῦ
939 3381 1228 3451 προχείρου
1279 3383 1392 3444 τοῖς
1420 3380 1629 3433 αἰτοῦσι
1667 3397 1932 3453 χορηγου-

343 3469 509 3540 μένη,
538 3469 627 3523 διὰ
655 3469 712 3522 δὲ
759 3472 961 3542 μικρᾶς
997 3470 1342 3541 ὑπερθέσεως
1381 3473 1460 3535 είς
1515 3471 1705 3526 ἐλπίδα
1748 3473 1929 3527 καλλεσ

343 3576 480 3628 aequ
504 3559 878 3633 ἀνωθουμένηο
919 3560 1095 3623 ἄλλως
1129 3562 1313 3619 τεκαὶ
1351 3561 1438 3615 διὰ
1474 3562 1663 3616 τούτου
1691 3564 1790 3636 τὴν
1818 3568 1930 3630 τοῖς

337 3648 565 3702 τεκοῦσι
611 3650 1063 3721 χρεωστουμένην
1100 3650 1268 3721 τιμὴν
1296 3650 1730 3723 ἀξιολογωτάτην
1755 3655 1930 3725 ὐπόίρ⁴

338 3754 547 3808 χουσαν
576 3738 904 3793 ἐπιδεικνύει
936 3741 981 3792 Χ
989 3739 1191 3807 ριστὸς,
1213 3741 1350 3810 ὅπερ
1372 3740 1433 3793 οὐ
1459 3740 1719 3811 πράττειν
1739 3743 1929 3814 ἤθελεν

338 3830 485 3882 αἰδοῖ
512 3832 578 3901 τῇ
616 3830 750 3902 περὶ
792 3831 1006 3903 μητέρα
1035 3831 1483 3901 καταδεχόμενος.

415 3922 587 3991 Λέγει
615 3923 654 3991 ἠ
682 3921 881 3991 μήτηρ
918 3923 1104 3977 αὐτοῦ
1131 3922 1255 3988 τοῖς
1284 3923 1582 3989 διακόνοις
1604 3940 1618 3956 ·
1647 3925 1776 3979 Ὅτι
1823 3926 1933 3981 ἐὰν

336 4009 492 4079 ,πέτῃ
531 4011 695 4081 ὑμῖν,
720 4012 1032 4081 ποιήσατε.
1053 4007 1258 4067 Ἦσαν
1277 4012 1348 4066 δὲ
1392 4011 1523 4066 ἐκεῖ
1557 4014 1752 4083 ὑδρίαι
1781 4016 1931 4071 λίθι-

337 4116 445 4153 ναι
487 4099 558 4165 ἐξ
601 4100 868 4170 κείμεναι
919 4103 1070 4156 κατὰ
1102 4101 1210 4156 τὸν
1238 4105 1610 4174 καθαρισμὸν
1629 4104 1749 4159 τῶν
1783 4106 1930 4161 Ἰου-

340 4190 531 4244 δαίων
557 4182 860 4261 χωροῦσαι
895 4192 1012 4247 ἀνὰ
1048 4194 1343 4265 μετρητὰς
1380 4195 1489 4251 δύο
1533 4197 1570 4264 ἦ
1614 4196 1790 4264 τρεῖς.

417 4283 625 4355 Πολλὴν
646 4284 845 4355 ἔχουσα
873 4284 971 4355 τὴν
997 4285 1168 4356 ῥοπὴν
1194 4288 1274 4349 εἰς
1297 4287 1357 4340 τὸ
1378 4287 1627 4356 γενέσθαι
1657 4288 1718 4343 τὸ
1745 4286 1928 4360 θαῦμα

2033 1854 2174 1895 nova
2195 1842 2261 1894 ⁷ο.
2301 1860 2321 1893 ι
2361 1841 2517 1897 Venit
2552 1844 2736 1914 itaque
2769 1860 2878 1900 una
2904 1852 3027 1900 cum
3069 1847 3185 1903 suis
3212 1848 3497 1920 discipulis
3530 1851 3597 1906 ad

2035 1933 2277 2003 nuptias.
2344 1932 2580 1988 Docebat
2639 1937 2873 2005 quippe,
2926 1946 2985 1991 ut
3042 1940 3306 1993 miracula
3359 1942 3601 2010 patranti

2034 2024 2291 2079 adessent
2328 2025 2421 2095 qui
2445 2041 2626 2080 rerum
2661 2028 2993 2083 mirabilium
3032 2031 3217 2086 studio
3244 2033 3599 2097 tenebantur,

2034 2115 2085 2169 id
2138 2116 2282 2185 quod
2329 2120 2657 2185 patrandum
2707 2126 2832 2174 erat
2880 2121 3037 2189 quasi
3090 2122 3378 2192 quemdam
3417 2124 3602 2179 cibum

2035 2206 2156 2261 ﬁdei
2191 2222 2304 2261 sua:
2335 2208 2640 2263 collecturi.
2674 2209 2945 2264 Caeterum
2995 2212 3123 2266 vino
3170 2213 3431 2270 convivas
3465 2215 3601 2270 deti-

2034 2294 2232 2357 eiente,
2271 2306 2444 2350 mater
2477 2311 2600 2351 eum
2648 2306 2806 2369 rogat
2849 2310 2909 2354 ut
2948 2302 3109 2356 solita
3142 2318 3242 2358 sua
3275 2303 3519 2359 bonitate
3548 2312 3604 2359 et

2032 2384 2371 2455 benignitate
2393 2389 2471 2440 uti
2492 2389 2642 2452 velit,
2668 2388 2860 2446 dicens
2888 2407 2900 2442 :
2929 2409 2947 2441 ‹
2973 2391 3171 2446 Vinum
3195 2374 3305 2449 non
3326 2394 3545 2450 habent.
3577 2415 3597 2448 ι

2030 2472 2169 2527 Nam
2202 2475 2361 2543 quasi
2392 2476 2445 2529 in
2481 2476 2601 2545 ejus
2636 2487 2905 2548 potestate
2936 2480 3007 2534 sit
3040 2488 3239 2535 cuncta
3271 2481 3450 2536 facere
3480 2497 3604 2553 quae

2031 2564 2182 2629 velit,
2214 2563 2281 2618 ad
2309 2566 2635 2620 miraculum
2662 2583 2786 2621 eum
2819 2568 3102 2623 hortatur:

2104 2653 2146 2707 ll
2167 2696 2179 2719 ,
2208 2657 2261 2710 4.
2303 2656 2445 2723 Quid
2480 2657 2608 2711 milii
2628 2666 2677 2711 et
2709 2657 2804 2711 tibi
2825 2667 2926 2724 est,
2952 2658 3139 2712 mulier
3158 2661 3184 2714 Ρ
3213 2658 3441 2713 nondum
3467 2660 3607 2714 venit

2033 2747 2163 2801 hora
2197 2764 2330 2803 mea.

2104 2839 2257 2894 Hune
2297 2854 2605 2897 sermonem
2628 2840 2887 2910 praeclare
2910 2855 3127 2911 quoque
3164 2840 3428 2897 Servator
3457 2841 3605 2897 euin-

2033 2931 2132 2984 xit.
2172 2927 2283 2983 Nec
2327 2931 2472 2983 enim
2517 2927 2585 2981 ad
2622 2929 2886 2998 patranda
2934 2928 3199 2983 miracula
3247 2944 3470 2985 currere
3507 2938 3605 2985 aut

2033 3020 2180 3075 ultro
2207 3019 2410 3075 inferre
2443 3034 2503 3075 se
2535 3035 2644 3075 non
2673 3021 2952 3089 oportuit,
2984 3020 3078 3075 sed
3116 3030 3366 3089 rogatum
3402 3035 3467 3075 eo
3507 3036 3604 3077 ve-

2033 3115 2192 3179 nire,
2236 3120 2289 3167 et
2334 3111 2558 3166 utilitati
2602 3112 2774 3183 magis
2823 3126 2985 3181 quam
3023 3119 3388 3182 spectatorum
3428 3111 3605 3168 oculis

2032 3204 2176 3257 hanc
2228 3202 2495 3273 impertiri
2541 3202 2794 3272 gratiam.
2833 3202 3087 3257 Gratiora
3127 3215 3259 3257 vero
3303 3208 3433 3258 sunt
3481 3217 3605 3272 quze

2032 3298 2311 3362 aptantur,
2345 3293 2391 3349 si
2428 3307 2536 3347 non
2573 3293 2683 3347 cito
2715 3294 3025 3364 petentibus
3053 3307 3117 3347 ea
3150 3292 3471 3357 tradantur,
3506 3291 3603 3347 sed

2032 3383 2370 3453 aliquantula
2393 3398 2543 3439 mora
2569 3384 2622 3437 in
2648 3384 3076 3453 pulcherrimam
3103 3399 3253 3454 spem
3278 3384 3603 3440 oﬂ‘erantur.

2031 3473 2322 3539 Praeterea,
2353 3476 2647 3529 maximum
2672 3490 2791 3530 esse
2821 3475 2971 3529 illum
2998 3474 3261 3532 honorem
3287 3476 3380 3546 qui
3407 3489 3605 3546 paren-

2032 3569 2179 3625 tibus
2221 3570 2470 3637 debetur,
2507 3569 2764 3626 Christus
2812 3570 3094 3636 ostendit,
3138 3571 3263 3625 dum
3296 3568 3606 3624 reverentia

2030 3670 2227 3718 matris
2281 3662 2334 3716 id
2385 3660 2693 3716 faciendum
2756 3661 3030 3741 suscipit,
3081 3661 3228 3731 quod
3276 3659 3458 3715 facere
3502 3672 3605 3714 no-

2032 3750 2196 3809 lebat.

2100 3925 2143 3981 li
2165 3970 2179 3992 ,
2220 3927 2336 3982 5-6.
2370 3927 2511 3982 Dicit
2550 3937 2719 3981 mater
2752 3927 2866 3995 ejus
2906 3924 3166 3979 ministris
3194 3941 3212 3978 .'
3248 3924 3611 3999 Quodcunque

2029 4019 2222 4074 dixerit
2252 4019 2413 4083 vobis,
2438 4020 2618 4090 facite.
2649 4017 2822 4071 Erant
2845 4024 3019 4071 autem
3050 4016 3122 4070 ibi
3153 4016 3375 4085 lapideis
3400 4018 3607 4087 hydria!

2030 4126 2122 4166 sea:
2137 4111 2325 4180 posita:
2351 4110 2634 4165 secundum
2655 4109 3078 4179 puriﬁcationem
3101 4107 3611 4182 Judworum,136

2031 4204 2293 4271 capientes
2327 4202 2548 4272 singqu
2574 4210 2822 4254 metretas
2859 4200 3009 4253 binas
3041 4200 3121 4255 vel
3148 4208 3349 4254 ternas.

2100 4292 2351 4363 Magnam
2381 4291 2589 4345 habens
2619 4291 3004 4346 auctoritatem
3040 4289 3107 4344 ad
3136 4288 3460 4344 miraculum
3502 4289 3607 4344 eli-

340 4374 630 4445 νενίκηκεν
664 4376 698 4446 ἡ
747 4376 885 4447 γυνὴ
918 4375 1178 4431 πείθουσα
1208 4377 1299 4431 διὰ
1340 4379 1402 4431 τὸ
1446 4380 1652 4450 πρέπον
1693 4380 1769 4444 ὡς
1815 4382 1927 4437 υἱὸν

2032 4383 2283 4439 ciendum
2311 4383 2506 4438 mulier
2529 4381 2814 4437 Dominum
2841 4380 3008 4435 ﬁlium
3034 4398 3223 4444 suum,
3249 4388 3309 4436 ut
3339 4395 3437 4451 par
3464 4391 3602 4443 erat,

338 4464 436 4517 τὸν
465 4465 690 4535 Κύριον.
734 4468 995 4538 ’Δρχεται
1035 4467 1091 4521 δὲ
1136 4468 1231 4522 τοῦ
1263 4469 1586 4541 πράγματος
1623 4472 1758 4543 αὐτη
1794 4474 1929 4544 πρὸς

342 4555 650 4626 ὑπουργίαν
693 4557 793 4628 ἤδη
843 4557 954 4611 τῶν
981 4558 1235 4627 γενέσθαι
1278 4561 1758 4634 προσταττομένων
1804 4565 1931 4628 τοὺς

341 4647 446 4714 τῆς
476 4646 839 4717 πανηγύρεως
879 4648 1160 4719 ὑπηρέτας
1197 4651 1609 4723 εὐτρεπίζουσα.

418 4735 591 4804 Λέγει
626 4736 833 4803 αὐτοῖς
858 4741 892 4791 ὀ
935 4737 1173 4806 Ἰησοῦς
1198 4754 1210 4767 ’
1241 4741 1541 4810 Γεμίσατε
1578 4742 1683 4809 τὰς
1724 4743 1932 4812 ὑδρίας

340 4827 588 4893 ὕδατος.
619 4828 727 4883 Καὶ
760 4830 1048 4899 ἐγέμισαν
1079 4829 1187 4896 ἕως
1215 4831 1355 4887 ἅνω.
1375 4833 1484 4887 Kal
1502 4833 1676 4903 ,λέγει
1705 4834 1928 4901 αὐτοῖς·

355 4919 732 4985 Ἀντλήσατε
757 4920 892 4986 νῦν,
915 4922 1013 4975 καὶ
1037 4920 1245 4990 φέρετε
1264 4921 1344 4987 τῷ
1364 4924 1800 4993 ἀρχιτρικλίνῳ
1830 4927 1928 4980 καὶ

342 5010 634 5080 ἤνεγκαν.
682 5012 778 5079 Ὠς
834 5013 903 5066 δὲ
958 5013 1248 5081 ἐγεύσατο
1281 5018 1315 5068 ό
1363 5016 1802 5086 ἀρχιτρίκλινος
1862 5020 1929 5074 τὸ

342 5101 506 5169 ὕδωρ
561 5098 733 5156 οἶνον
788 5104 1204 5174 γεγενημένον,
1245 5106 1343 5159 καὶ
1400 5109 1510 5160 οὐκ
1565 5109 1694 5179 ᾔδει
1745 5113 1929 5166 πόθεν

340 5192 525 5245 ἐστίν
545 5208 560 5224 ·
586 5196 643 5248 οἱ
672 5193 740 5247 δὲ
781 5194 1047 5250 διάκονοι
1088 5195 1345 5265 ᾔδεισαν
1372 5198 1427 5251 οι
1461 5197 1826 5268 ἠντληκότες
1859 5201 1928 5256 τὸ

343 5283 509 5351 ὕδωρ
528 5302 543 5317 ·
584 5285 772 5353 φωνεῖ
801 5287 909 5339 τὸν
950 5289 1216 5356 νυμφίον
1263 5290 1296 5342 ό
1326 5288 1762 5357 ἀρχιτρίκλινος
1785 5330 1800 5355 ,
1828 5292 1927 5345 καὶ

343 5374 516 5444 λέγει
543 5375 702 5441 αὐτῷ
732 5393 747 5407 ·
796 5377 921 5443 Πᾶς
961 5378 1268 5447 ἅνθρωπος
1315 5379 1552 5447 πρῶτον
1591 5380 1697 5434 τὸν
1739 5382 1937 5438 καλὸν

342 5461 525 5519 οἶνον
554 5467 770 5534 τίθησι,
790 5467 889 5522 καὶ
917 5468 1063 5522 ὅταν
1085 5468 1445 5538 μεθυσθῶσι,
1472 5470 1605 5524 τότε
1633 5470 1739 5525 τὸν
1752 5473 1935 5528 ἐλάσ-

344 5569 445 5610 σω
504 5555 589 5609 Σὺ
623 5557 954 5627 τετήρηκας
987 5558 1094 5613 τὸν
1121 5558 1312 5613 καλὸν
1343 5555 1512 5613 οἶνον
1534 5561 1644 5628 ἕως
1671 5561 1821 5631 ἄρτι.

432 5671 478 5701 ‘°
513 5671 657 5729 Gen.
690 5687 771 5741 ut,
803 5674 891 5728 tti.
977 5671 1025 5705 τ’
1056 5670 1103 5725 ιι
1136 5673 1267 5728 Cor.
1304 5689 1357 5736 ν,
1389 5670 1475 5723 17.

2031 4475 2325 4545 persuasit.
2364 4473 2495 4528 Haec
2524 4481 2706 4528 autem
2735 4488 2847 4528 rem
2872 4473 3206 4544 aggreditur,
3239 4473 3367 4525 dum
3399 4473 3609 4541 nuptia-

2030 4581 2152 4620 rum
2186 4566 2470 4620 ministros
2500 4574 2696 4636 praesto
2734 4579 2854 4620 esse
2880 4564 3055 4633 jubet,
3087 4578 3262 4633 eaque
3294 4563 3614 4618 ministrare

2032 4671 2154 4726 qua:
2187 4654 2452 4710 Dominus
2491 4671 2612 4710 mox
2649 4655 3017 4721 imperaturus
3051 4660 3217 4708 esset.

2111 4744 2187 4811 ll,
2238 4745 2392 4799 7-10.
2438 4744 2578 4798 Dicit
2613 4745 2687 4798 eis
2719 4741 2917 4797 Iesus:
2960 4741 3177 4810 Implete
3204 4740 3422 4812 Iiydrias
3445 4755 3609 4810 aqua.

2037 4836 2106 4891 Et
2138 4837 2480 4905 impleverunt
2515 4852 2606 4889 eas
2635 4851 2799 4904 usque
2831 4834 2899 4887 ad
2928 4850 3211 4887 summum.
3254 4831 3323 4884 Et
3360 4831 3491 4885 dicit
3519 4831 3604 4885 ἐἰσ

2032 4928 2188 4985 Iesus
2212 4946 2230 4983 :
2266 4929 2494 4983 Ilaurile
2520 4945 2686 4993 nunc,
2718 4935 2765 4981 et
2789 4926 2918 4995 ferte
2946 4922 3306 4977 architriclino
3330 4937 3356 4973 τ
3385 4929 3435 4974 et
3468 4920 3603 4974 tute-

2031 5030 2175 5077 runt.
2214 5021 2281 5076 Ut
2311 5031 2484 5076 autem
2515 5021 2744 5092 gustarit
2775 5017 3165 5071 architriclinus
3196 5027 3388 5080 aquam
3428 5011 3603 5066 uinum

2031 5116 2230 5185 factum
2255 5154 2269 5179 ,
2306 5122 2356 5167 et
2394 5130 2497 5167 non
2535 5112 2730 5166 sciebat
2775 5109 2911 5162 unde
2946 5114 3119 5168 esset;
3158 5103 3389 5156 ministri
3429 5110 3605 5155 autem

2028 5203 2261 5258 sciebant
2291 5204 2380 5273 qui
2404 5204 2686 5256 hauserant
2713 5213 2903 5267 aquam
2928 5210 2950 5248 :
2978 5200 3126 5248 vocat
3155 5206 3399 5259 sponsum
3430 5190 3607 5243 archi-

2032 5294 2277 5348 triclinns
2299 5332 2313 5355 ,
2358 5301 2406 5347 et
2442 5291 2572 5344 dicit
2611 5290 2660 5343 ei
2692 5304 2710 5341 :
2759 5285 2944 5342 Omnis
2976 5283 3130 5337 homo
3155 5285 3386 5351 primum
3414 5280 3605 5334 bonum

2037 5387 2214 5442 vinum
2241 5386 2428 5455 ponit:
2462 5391 2512 5438 et
2545 5398 2662 5436 cum
2698 5376 2945 5432 inebriati
2967 5373 3190 5445 fuerint,
3228 5383 3352 5425 tunc
3383 5370 3438 5425 id
3466 5369 3605 5441 quod

2039 5475 2268 5530 deterius
2297 5482 2414 5530 est:
2459 5483 2514 5528 tu
2557 5479 2732 5528 autem
2762 5468 2984 5524 seruasti
3021 5466 3211 5521 bonum
3239 5463 3417 5519 vinum
3446 5475 3615 5536 usque

2040 5566 2227 5624 adhuc.
