4040 6214
461 229 568 289 227

1445 233 1505 288 S.
1543 229 1821 287 CYRILLI
1863 218 2334 281 ALEXANDRINI
2372 216 2692 276 ARCHiEP.

3588 204 3694 261 9.28

528 346 690 405 Jussa
721 345 942 417 quidem
976 345 1213 402 ministri
1257 343 1470 400 faciunt
1506 362 1521 398 :
1575 341 1834 399 ineﬂ'abili
1890 353 2024 395 vero

2197 332 2472 403 Πληροῠσι
2532 330 2631 402 μὲν
2683 329 2732 383 οί
2788 323 3156 405 διακονοῦντες
3213 320 3275 375 τὸ
3326 318 3694 392 προσταχθὲν.

457 442 660 496 virtute
708 454 849 511 aqua
893 439 948 492 in
995 439 1180 492 vinum
1225 444 1649 493 trausmutatur.
1695 434 1837 501 Quid
1879 432 2025 487 enim

458 530 833 600 Omnipotenti
860 529 1117 583 dillicile?
1145 527 1249 593 Qui
1280 543 1367 582 res
1405 543 1436 581 e
1468 526 1643 580 nihilo
1678 525 1744 579 ad
1772 538 1896 580 esse
1931 537 2026 576 vo-

459 624 576 678 cat,
612 615 887 685 quomodo
918 615 1029 682 jam
1082 613 1257 669 factas
1301 616 1357 668 in
1389 615 1756 684 quodcunque
1795 609 2027 668 voluerit

460 702 682 759 difﬁcile
723 704 827 757 erit
868 704 916 756 ei
953 702 1389 758 translermare?
1435 704 1571 758 Item
1599 719 1725 758 vero
1758 705 2029 757 mirantur

461 804 522 849 ut
543 795 798 850 eximiam
824 813 837 859 ;
890 809 999 848 non
1026 795 1170 848 enim
1201 797 1304 872 alia
1342 811 1466 872 esse
1483 792 1746 869 poterant
1776 813 1901 867 quae
1934 811 2031 866 per

460 876 736 940 CbristUn’.
768 884 1087 951 agebantur.
1119 871 1299 940 Porro
1325 886 1734 943 architriclinus
1765 901 2026 956 sponsum

463 976 728 1043 increpat,
757 991 861 1028 non
890 974 1129 1043 illepide,
1157 983 1214 1027 ut
1242 976 1500 1037 arbitror,
1527 977 1573 1031 si
1603 977 1680 1030 rei
1700 984 1866 1046 gestae
1890 977 2029 1030 ratio

462 1074 774 1135 spectetur,
822 1065 970 1135 quod
1014 1066 1122 1133 sub
1168 1066 1327 1121 linem
1384 1081 1558 1122 orente
1608 1068 1803 1123 melius
1845 1067 2031 1122 vinum

461 1156 837 1227 profunderet.
1528 1218 1537 1227 κ

534 1246 612 1313 ll,
656 1247 857 1301 11-15.
905 1245 1020 1300 Hoc
1067 1246 1188 1316 fecit
1231 1247 1443 1302 initium
1481 1249 1750 1319 signorum
1779 1248 1935 1303 Iesus
1979 1249 2033 1300 in

464 1338 614 1394 Cana
662 1339 940 1394 Galilww:
1001 1349 1051 1393 et
1102 1341 1458 1409 manifestat-it
1496 1341 1722 1409 gloriam
1756 1357 1942 1404 suam,
1985 1351 2034 1394 et

463 1429 799 1484 crediderunt
830 1433 882 1483 in
913 1446 1030 1485 eum
1059 1431 1308 1499 discipuli
1343 1430 1476 1499 ejus.
1512 1429 1642 1484 Post
1674 1431 1786 1484 lure
1822 1428 2037 1484 descen-

463 1517 542 1570 dit
571 1519 625 1571 in
647 1516 1021 1587 Cap/laruaut):
1046 1519 1152 1586 ipse
1172 1528 1220 1572 et
1246 1527 1414 1572 mater
1433 1519 1570 1587 ejus,
1604 1526 1653 1571 et
1683 1519 1878 1587 fratres
1898 1519 2031 1589 ejus,

465 1618 516 1663 et
553 1609 801 1677 discipuli
828 1610 941 1678 ejus
974 1625 992 1662 :
1029 1620 1079 1663 et
1122 1611 1196 1665 ibi
1230 1622 1537 1665 manserunt
1567 1628 1669 1665 non
1706 1612 1887 1665 multis
1925 1612 2037 1665 die-

2125 427 2319 496 ἀφάτῳ
2351 425 2408 479 δὲ
2435 424 2660 494 δυνάμει
2691 421 2750 474 τὸ
2780 419 2924 491 ὕδωρ
2940 420 3017 482 είς
3039 412 3180 470 οἶνον
3209 412 3695 486 μετασκευάζεται.

2125 518 2190 570 Τί
2220 518 2327 588 γὰρ
2362 517 2427 571 ἂν
2456 516 2664 585 γένοιτο
2694 502 2925 583 χαλεπὸν
2952 508 3029 580 τῷ
3063 508 3239 562 πάντα
3271 505 3508 576 ἰσχύοντι
3539 520 3553 567 ;
3589 503 3617 555 6
3644 502 3700 557 et

2124 606 2192 658 τὰ
2219 605 2319 657 οὐκ
2351 603 2478 657 ὄντα
2506 601 2685 656 καλῶν
2713 603 2793 664 είς
2826 598 3057 669 γένεσιν,
3087 597 3203 660 πῶς
3221 596 3286 650 ἂν
3315 597 3483 665 κάμοι
3505 593 3575 648 τὰ
3601 593 3699 666 ἤδη

2128 692 2475 763 πεποιημένα
2527 689 2982 762 μεταρῤυθμίζων
3032 687 3116 756 ἐφ’
3141 687 3277 758 ὅπερ
3318 683 3384 738 ἂν
3427 683 3700 755 βούλοιτο;

2139 781 2613 854 Ἀποθαυμάζουσι
2646 782 2703 835 δὲ
2734 781 2831 853 τὴν
2858 781 3049 851 χρῆσιν
3072 781 3146 842 ὡς
3168 778 3444 849 ἐξαίρετον
3469 795 3481 808 ·
3505 777 3566 830 οὐ
3596 775 3705 846 γᾶρ

2126 871 2193 946 ἦν
2230 864 2681 946 ἑτέρως’ὀρᾶσθαι
2718 874 2785 926 τὰ
2825 872 2914 926 διὰ
2941 864 3199 943 Χριστοῦζ
3240 870 3495 922 Αίτιᾶται
3536 866 3591 919 δὲ
3613 864 3704 918 τὸν

2127 965 2359 1035 νυμφίον
2397 966 2425 1017 6
2461 962 2879 1035 ἀρχιτρίκλινος,
2913 961 2988 1024 ὡς
3024 962 3081 1015 ἐν
3121 959 3331 1028 ὑστέρῳ
3361 957 3453 1009 τοῦ
3489 954 3702 1008 δείπνου

2130 1055 2308 1126 καιρῷ
2355 1055 2675 1110 δαπανῶντα
2709 1053 2769 1107 τὸ
2810 1051 3028 1123 ἄμεινον
3050 1093 3063 1117 ,
3090 1051 3189 1103 οὐκ
3222 1048 3482 1119 ἀκόμψως
3501 1090 3515 1115 ,
3538 1046 3612 1110 ὥς
3642 1045 3705 1114 γέ

2133 1163 2222 1217 μοι
2251 1148 2517 1215 φαίνεται,
2539 1146 2678 1199 κατά
2706 1162 2767 1214 γε
2793 1145 2881 1197 τὸν
2901 1144 2997 1214 τῆς
3030 1142 3270 1212 ἱστορίας
3293 1140 3474 1208 λόγον,

2206 1238 2439 1305 Ταύτην
2480 1224 2730 1302 ἐποιηοίε
2777 1233 2890 1300 τὴν
2940 1231 3138 1301 ἀρχὴν
3184 1230 3305 1315 ’τῶν
3360 1229 3624 1298 σημείων
3673 1229 3707 1280 ό

2143 1328 2382 1397 Ἰησοῦς
2413 1329 2482 1381 ἐν
2509 1326 2673 1392 Κανᾷ
2702 1326 2811 1395 τῆς
2840 1324 3170 1388 Γαλιλαίας
3190 1363 3206 1390 ,
3246 1321 3343 1375 καὶ
3368 1320 3707 1389 ἐφανέρωσε

2132 1420 2247 1488 τὴν
2290 1419 2478 1483 δόξαν
2506 1418 2693 1472 αὑτοῦ
2722 1436 2736 1449 -
2785 1419 2884 1470 καὶ
2933 1417 3305 1469 ἐπίστευσαν
3331 1415 3417 1476 είς
3441 1410 3626 1465 αὐτὸν
3652 1413 3704 1463 oi

2127 1511 2389 1582 μαθηταί
2430 1510 2637 1565 αὐτοῦ.
2687 1507 2845 1564 Μετὰ
2887 1506 3060 1561 τοῦτο
3102 1503 3317 1571 κατέϐη
3352 1506 3439 1570 εὶς
3476 1506 3705 1569 Καπερ-

2135 1603 2329 1671 ναοὺμ
2367 1602 2547 1668 αὐτὸς
2588 1602 2683 1654 καὶ
2719 1603 2757 1670 ὴ
2795 1599 2993 1669 μήτηρ
3025 1597 3233 1659 αὑτοῦ,
3255 1596 3349 1650 καὶ
3381 1599 3436 1649 οἱ
3460 1594 3705 1662 ἀδελφοὶ

468 1698 583 1753 bus.
630 1699 696 1752 Et
729 1715 885 1769 prope
921 1714 1037 1754 erat
1081 1700 1291 1756 Pascha
1331 1701 1675 1770 Judworum,
1720 1716 1768 1759 et
1803 1704 2035 1759 ascendit

2139 1693 2345 1759 αὑτοῦ,
2382 1692 2479 1746 καί
2531 1695 2583 1745 οἱ
2625 1690 2880 1760 μαθηταὶ
2917 1688 3122 1742 αὐτοῦ.
3157 1685 3267 1741 Καὶ
3309 1684 3439 1738 ἐκεῖ
3466 1684 3708 1753 ἔμειναν

464 1787 501 1843 J
504 1806 621 1844 esus
652 1783 1097 1861 Hierosolymam.

539 1965 725 2031 Multa,
761 1982 933 2037 eaque
957 1970 1240 2037 prmclara,
1272 1984 1382 2023 uno
1403 1978 1455 2024 et
1476 1970 1655 2040 primo
1682 1970 1837 2040 signo
1875 1970 2039 2027 simul

468 2056 792 2126 agebantur.
822 2057 1033 2128 Nuptiae
1063 2061 1261 2130 quippe
1288 2061 1644 2116 honorabiles
1682 2062 2039 2118 sanctiﬁcata

356 2144 359 2145 ⁷
468 2154 633 2213 sunt},
669 2156 723 2202 et
756 2150 1060 2205 exsecratio
1096 2151 1152 2205 in
1186 2150 1444 2208 mulieres
1478 2153 1717 2222 repulsa.
1744 2152 1861 2207 Non
1894 2154 2036 2207 enim

465 2235 525 2290 in
559 2234 844 2293 doloribus
872 2239 1013 2293 ultra
1045 2242 1255 2309 parient
1280 2241 1504 2305 liberos,
1535 2256 1660 2296 cum
1695 2242 1871 2312 ipsum
1901 2257 2040 2313 quo-

466 2343 573 2397 que
596 2337 797 2384 nostrae
821 2331 1193 2397 generationis
1216 2330 1435 2385 initium
1467 2333 1721 2388 Christus
1749 2333 2042 2388 benedixc—

468 2416 560 2472 rit.
620 2415 803 2471 Gloria
864 2433 995 2473 vero
1045 2417 1587 2491 Salvatorisnostri
1646 2422 1787 2476 radii
1839 2423 2038 2478 solaris

466 2506 645 2559 instar
666 2506 924 2574 emicuit,
957 2516 1011 2561 et
1051 2507 1242 2562 harum
1273 2524 1452 2563 rerum
1485 2509 1847 2566 admiratione
1875 2512 2039 2568 disci-

466 2596 719 2666 pulorum
765 2596 898 2653 ﬁdes
946 2599 1120 2668 magis
1171 2599 1549 2654 conﬁrmatur.
1610 2600 1717 2658 Sed
1760 2603 2040 2658 historica

464 2688 688 2758 quidem
720 2688 1084 2759 expositionis
1127 2690 1265 2744 satis
1316 2690 1389 2744 sit
1430 2690 1734 2757 hactenus,
1792 2694 1900 2747 alia
1936 2708 2038 2749 no-

465 2779 553 2834 bis
590 2788 676 2835 est
707 2779 947 2835 ineunda
976 2780 1384 2848 contemplandi
1420 2781 1592 2845 ratio,
1631 2782 1787 2852 137
1821 2791 1876 2838 (ι
1909 2783 2039 2853 quid

465 2870 551 2925 his
583 2869 982 2933 subinnuatur,
1028 2868 1404 2924 indicandum.
1447 2871 1737 2927 Descendit
1771 2873 1939 2943 igitur
1972 2876 2039 2929 de

467 2960 622 3016 cmlls
640 2958 735 3013 Dei
751 2958 1012 3023 Verbum,
1027 2960 1195 3016 sicuti
1203 2976 1298 3029 pse
1316 2960 1391 3013 ait
1408 2961 1607 3016 alicubi
1621 2962 1685 3027 ⁷³,
1710 2972 1767 3016 ιιι
1786 2971 2035 3017 naturam
2067 3000 2111 3060 Ο

466 3050 705 3105 hominis
731 3050 839 3106 sibi
857 3052 1118 3105 sociatam
1140 3051 1481 3121 spiritalibus
1504 3052 1785 3122 sapientia:
1811 3053 2040 3109 semiui-

467 3142 572 3197 bus
610 3141 765 3211 quasi
807 3157 1046 3211 sponsus
1085 3152 1454 3212 praegnantem
1492 3142 1607 3198 fieri
1658 3144 2035 3213 persuaderet.

469 3231 537 3285 Et
566 3244 768 3301 sponsa
799 3231 1018 3301 quidem
1041 3271 1057 3298 ,
1094 3237 1153 3284 ut
1187 3245 1288 3300 pur
1315 3239 1420 3295 est,
1450 3230 1659 3286 idcirco
1683 3241 1911 3289 vocatur
1937 3232 2040 3286 hu-

469 3327 738 3391 manitas,
772 3337 1009 3393 sponsus
1039 3336 1172 3379 vero
1204 3322 1481 3387 Salvator,
1512 3321 1699 3377 divina
1749 3322 2040 3394 Scriptura

466 3429 535 3470 ex
584 3429 765 3470 rerum
806 3423 1121 3471 nostrarum
1160 3414 1550 3481 similitudine,
1596 3415 1665 3471 ad
1727 3416 2039 3487 intelligen-

468 3506 601 3559 tiam
632 3506 795 3560 nobis
827 3506 1079 3560 altiorem
1111 3507 1316 3562 dictum
1347 3506 1482 3562 illud
1505 3507 1788 3564 evehente.
1824 3507 2042 3580 Nuptia:

469 3597 628 3650 tertia
659 3596 748 3651 die
778 3596 1161 3661 celebrantur,
1194 3597 1298 3652 hoc
1324 3604 1409 3653 est
1443 3598 1706 3654 extremis
1744 3599 1908 3669 hujus
1937 3615 2041 3655 su:-

466 3687 576 3745 Culi
607 3689 964 3758 temporibus.
993 3687 1293 3745 Ternarius
1319 3691 1464 3745 enim
1491 3706 1749 3747 numerus
1771 3734 1786 3758 ,
1822 3694 2038 3748 initium

465 3780 655 3845 nobis,
689 3779 927 3836 medium
969 3788 1024 3836 et
1073 3782 1233 3835 liiiem
1282 3779 1511 3836 inducit.
1541 3779 1632 3837 Sic
1658 3784 1802 3837 enim
1829 3783 2043 3853 quodli-

466 3868 560 3923 bet
583 3877 799 3939 tempus
820 3870 1156 3926 dimetimur.
1180 3867 1321 3925 Huic
1341 3871 1721 3942 propheticum
1745 3874 1879 3928 illud
1910 3890 2041 3945 qua-

465 3958 627 4014 drare
673 3960 949 4015 videbitur
976 3980 989 4015 :
1052 3979 1071 4013 ι
1104 3959 1412 4027 Percutiet,
1444 3970 1500 4017 et
1529 3964 1747 4019 curabit
1780 3980 1882 4021 nos
1916 3977 2039 4035 post

466 4048 607 4105 duos
638 4049 755 4106 dies
781 4051 836 4105 in
867 4053 1027 4106 tertia
1056 4050 1145 4106 die
1175 4069 1187 4105 :
1221 4062 1277 4106 et
1306 4067 1683 4124 resurgemus,
1711 4065 1765 4109 et
1793 4056 2038 4112 vivemus

467 4139 524 4194 in
554 4151 854 4213 conspectu
876 4143 1018 4213 ejus,
1047 4151 1101 4199 et
1132 4144 1391 4200 sciemus.
1421 4144 1824 4217 Persequcmnr
1860 4154 1918 4200 ut
1944 4138 2039 4201 co-

466 4244 795 4299 gnoscamus
820 4230 1314 4298 Dominum.Quasi
1344 4247 1503 4288 mane
1526 4244 1774 4303 paratum
1793 4235 2038 4289 invenie-

2139 1786 2210 1839 οὐ
2239 1785 2476 1850 πολλὰς
2514 1782 2755 1851 ἡμέρας.
2776 1780 2882 1834 Καὶ
2914 1778 3093 1850 ἐγγὺς
3118 1773 3197 1847 ἦν
3229 1775 3296 1829 τὸ
3342 1773 3556 1843 Πάσχα
3588 1770 3709 1827 τῶν

2152 1878 2473 1942 Ἰουδαίων,
2505 1875 2600 1930 καὶ
2620 1874 2802 1941 ἀνέϐη
2833 1874 2919 1936 είς
2968 1870 3353 1938 Ἰεροσόλυμα
3375 1870 3407 1919 ό
3448 1863 3705 1932 Ἰησοῦς.

2208 1968 2382 2023 Πολλὰ
2417 1967 2560 2021 κατά
2601 1964 2795 2018 ταυτὸν
2837 1962 3070 2015 ἐτελεῖτο
3113 1959 3181 2012 τὰ
3208 1957 3468 2014 κάλλιστα
3498 1955 3564 2008 δι’
3589 1951 3710 2017 ἑνὸς

2138 2063 2233 2116 καὶ
2263 2059 2479 2132 πρώτου
2508 2057 2755 2127 σημείου.
2789 2054 2969 2125 Γάμος
2994 2052 3090 2123 μὲν
3119 2049 3227 2121 γὰρ
3248 2051 3276 2103 6
3297 2048 3476 2118 τίμιος
3495 2044 3711 2116 ἡγιάςε-

2137 2170 2218 2216 το,
2255 2152 2363 2222 ἀρὰ
2395 2150 2450 2203 δὲ
2476 2152 2509 2218 ἠ
2544 2147 2685 2201 κατὰ
2722 2144 2995 2215 γυναικῶν
3020 2140 3282 2197 ἐκποδών.
3308 2140 3383 2192 Ού
3405 2138 3512 2209 γὰρ
3538 2138 3594 2189 ὲν
3618 2135 3713 2188 λύ-

2139 2261 2268 2306 παις
2293 2242 2371 2295 ἕτι
2405 2239 2649 2304 τέξονται
2677 2237 2861 2300 τέκνα,
2893 2235 2988 2289 καὶ
3012 2233 3183 2304 αὐτὴν
3213 2231 3370 2301 ἡμῶν
3398 2229 3493 2299 τῆς
3521 2227 3712 2296 γεννή-

2141 2353 2274 2398 σεως
2306 2332 2404 2404 τὴν
2436 2330 2607 2400 ἀρχὴν
2634 2329 3022 2398 εύλογὴσαντος
3042 2325 3134 2377 τοῦ
3165 2319 3421 2394 Χριστοῦ.
3455 2317 3712 2385 Ἠλιακῆς

2138 2426 2194 2478 δὲ
2222 2424 2374 2494 δίκην
2397 2423 2612 2483 ἀκτῖνος
2634 2420 2668 2490 ἠ
2691 2419 2782 2472 τοῦ
2806 2417 3051 2487 Σωτῆρος
3077 2414 3233 2485 ἡμῶν
3255 2409 3531 2480 ἀνέλαμψε
3560 2408 3708 2473 δόξα,

2141 2517 2235 2571 καὶ
2275 2515 2337 2568 τὸ
2389 2512 2570 2585 μεῖζον
2612 2510 2706 2564 ἐπὶ
2734 2508 2942 2573 τούτοις
2970 2504 3309 2577 βεϐαιοῦνται
3356 2501 3490 2573 πρὸς
3530 2499 3715 2553 πίστιν

2141 2608 2249 2663 ἀπὸ
2273 2606 2364 2660 τοῦ
2396 2604 2694 2675 θαυμάζειν
2723 2604 2772 2656 οἱ
2818 2599 3076 2672 μαθηταί.
3115 2599 3173 2651 '0
3197 2598 3295 2668 μὲν
3317 2593 3409 2650 οὖν
3439 2594 3539 2663 τῆς
3573 2594 3717 2644 ἱστο-

2142 2700 2266 2773 ρίας
2306 2696 2462 2765 λόγος
2499 2699 2556 2748 ὲν
2592 2695 2801 2755 τούτοις
2836 2693 3092 2762 στήσεται
3129 2704 3141 2718 ·
3176 2684 3329 2759 οἶμαι
3367 2686 3424 2739 δὲ
3450 2686 3581 2749 δεῖν,
3620 2684 3716 2736 καὶ

2140 2790 2333 2860 ἑτέραν
2364 2790 2477 2851 τοῖς
2519 2786 2835 2858 εἰρημένοις
2882 2780 3212 2836 ἐπινοεῖσθαι
3242 2778 3473 2850 θεωρίαν
3496 2816 3511 2840 ,
3539 2775 3630 2830 καὶ
3658 2774 3714 2826 τί

2139 2880 2199 2934 τὸ
2225 2878 2467 2933 ἐντεῦθεν
2490 2875 2921 2945 ὑποδηλούμενον
2944 2874 3134 2926 εἰπεῖν.
3153 2868 3514 2936 Καταὸἐὸηκε
3536 2868 3713 2918 τοίνυν

2142 2970 2201 3035 ἐξ
2227 2969 2465 3040 οὐρανῶν
2487 2971 2518 3022 ὁ
2544 2966 2638 3021 τοῦ
2679 2963 2814 3020 Θεοῦ
2844 2963 3044 3032 Λόγος,
3078 2965 3152 3025 ὡς
3184 2960 3346 3022 αὐτός
3392 2957 3495 3011 πού
3529 2971 3714 3024 φησιν,

2141 3063 2229 3116 ῖνα
2258 3062 2356 3133 τὴν
2397 3060 2685 3131 ἀνθρώπου
2711 3056 2875 3128 φύσιν
2901 3054 3138 3126 νυμφίου
3164 3054 3319 3127 δίκην
3362 3048 3717 3117 οίκειωσάμε-
3746 3042 3759 3061 “

2140 3171 2230 3218 νος
2279 3154 2565 3224 κυοφορεῖν
2616 3150 2882 3220 ἀναπείσῃ
2928 3147 2996 3201 τὰ
3024 3142 3371 3214 πνευματικά
3394 3141 3495 3211 τῆς
3526 3139 3719 3208 σοφίας

2143 3244 2452 3316 σπέρματα.
2486 3242 2597 3297 Καὶ
2651 3241 2836 3313 νύμφη
2882 3240 2981 3312 μὲν
3035 3236 3325 3318 είκότωςυή
3366 3231 3721 3303 ἀνθρωπότης

2138 3337 2229 3391 διὰ
2268 3335 2460 3389 τούτου
2513 3334 2801 3396 καλεῖται,
2831 3330 3063 3401 νυμφίος
3087 3316 3460 3409 δὲ’ὁΠΣωτὴρ,
3500 3326 3564 3376 ὲκ
3604 3322 3720 3375 τῶν

2142 3428 2266 3484 καθ’
2294 3428 2444 3499 ἡμᾶς
2487 3427 2568 3489 εἰς
2600 3425 2785 3495 νόησιν
2830 3423 2929 3495 τὴν
2974 3421 3114 3493 ὑπὲρ
3145 3420 3291 3490 ἡμᾶς
3334 3414 3719 3482 ἀνατεινούσης

2140 3520 2232 3574 τὸν
2279 3519 2436 3587 λόγον
2467 3517 2568 3588 τῆς
2599 3516 2749 3578 θείας
2780 3515 3003 3585 Γραφῆς
3029 3529 3044 3545 ο
3077 3511 3453 3581 συγκροτεῖται
3480 3507 3538 3560 δὲ
3565 3508 3593 3559 ὀ
3616 3506 3722 3573 γά-

2144 3625 2243 3681 μος
2296 3609 2354 3661 ἐν
2400 3606 2583 3678 ἡμέρᾳ
2614 3606 2797 3677 τρίτῃ,
2835 3603 2978 3657 τοῦτ’
3013 3602 3181 3665 ἐστιν,
3229 3602 3286 3653 ὲν
3318 3599 3567 3669 ἐσχάτοις
3620 3594 3718 3646 τοῦ

2114 3686 2407 3771 παρόντος
2464 3696 2662 3758 αἰῶνος
2717 3697 2930 3764 καιροῖς
2956 3709 2969 3722 '
2999 3695 3028 3746 6
3071 3694 3178 3762 γὰρ
3213 3688 3397 3761 τρίτος
3426 3689 3557 3757 ἡμῖν
3596 3685 3722 3754 ἀρι-

2142 3788 2474 3862 θμδςάρχὴν
2501 3787 2764 3856 εἰσφέρει,
2801 3784 2894 3838 καὶ
2921 3784 3212 3855 μεσότητα,
3237 3780 3334 3833 καὶ
3357 3778 3510 3840 τέλος
3529 3792 3545 3807 ⁸
3575 3774 3722 3828 οὕτω

2139 3880 2248 3950 γὰρ
2277 3879 2305 3930 6
2338 3877 2558 3947 σύμπας
2597 3876 2943 3946 ὲκμετρείται
2991 3874 3200 3944 χρόνος.
3245 3869 3433 3939 Τούτῳ
3466 3866 3719 3935 φανεῖται

2141 3967 2481 4041 προσεοικὸς,
2523 3966 2583 4019 τὸ
2634 3966 2700 4019 δι’
2750 3966 2867 4030 ἑνός
2900 3983 3003 4019 που
3047 3964 3156 4018 τῶν
3211 3962 3381 4030 ἁγίων
3425 3958 3722 4032 προφητῶν

2139 4058 2425 4131 εἰρημένον
2447 4072 2459 4085 ·
2499 4075 2520 4108 ι
2570 4055 2827 4122 Πατάξει,
2865 4056 2958 4111 καὶ
3011 4054 3245 4125 μοτὼσει
3279 4053 3429 4123 ἡμᾶς
3462 4048 3600 4122 μετὰ
3625 4047 3723 4102 δύο

2137 4150 2354 4222 ἡμέρας
2385 4151 2442 4202 ὲν
2470 4150 2537 4219 τῇ
2588 4147 2772 4219 ἡμέρᾳ
2800 4149 2865 4217 τῇ
2898 4145 3056 4218 τρίτῃ
3091 4162 3105 4176 ⁸
3134 4144 3231 4198 καὶ
3280 4138 3719 4213 ἀναστησόμεθα,

2140 4242 2235 4294 καὶ
2266 4238 2542 4312 ζησόμεθα
2571 4239 2800 4291 ἐνώπιον
2836 4235 3032 4298 αὑτοῦ,
3065 4235 3161 4288 καί⁵
3198 4231 3537 4303 γνωσόμεθα.
3578 4228 3718 4281 Διώ-

468 4333 591 4373 mus
615 4321 819 4374 eum".
846 4338 866 4374 ι
887 4320 1165 4378 Percussit
1181 4325 1325 4378 enim
1351 4338 1455 4380 nos
1472 4336 1692 4395 propter
1710 4326 2035 4395 pravarica-

2140 4334 2302 4405 ξομεν
2329 4333 2422 4387 τοῦ
2457 4332 2660 4402 γνῶναι
2687 4332 2778 4385 τὸν
2805 4330 3007 4402 Κύριον
3024 4346 3037 4361 ·
3072 4328 3145 4391 ὡς
3167 4327 3360 4398 ὄρθρον
3386 4325 3599 4395 ἕτοιμον
3626 4322 3717 4375 εὑ-

466 4408 667 4463 tionem
703 4410 848 4463 illam
879 4410 935 4465 in
970 4412 1165 4479 Adam,
1198 4416 1386 4471 dicens
1417 4434 1430 4471 :
1473 4434 1492 4468 ι
1524 4415 1690 4472 Terra
1732 4433 1830 4482 es,
1876 4427 1932 4471 et
1981 4418 2035 4472 in

467 4507 670 4553 terram
713 4502 1005 4557 reverteris
1043 4504 1110 4557 ⁷⁸.
1149 4523 1167 4556 ι
1215 4506 1321 4561 Sed
1364 4508 1715 4576 corruptione
1755 4515 1810 4562 et
1860 4516 2037 4563 morte

469 4604 762 4659 percussos
797 4606 989 4649 rursus
1013 4597 1230 4650 curavit
1262 4598 1378 4666 ipse
1405 4598 1561 4651 tertia
1588 4598 1696 4663 die,
1731 4599 1785 4652 id
1812 4607 1898 4653 est
1928 4614 2035 4653 non

471 4677 684 4746 primis,
723 4693 900 4748 neque
927 4683 1122 4737 mediis
1147 4723 1162 4749 ,
1206 4684 1303 4738 sed
1338 4686 1392 4738 in
1425 4685 1634 4740 ultimis
1664 4688 2034 4756 temporibus,

454 4770 692 4840 ,quando
743 4770 904 4827 homo
958 4772 1181 4841 factus,
1215 4784 1468 4828 naturam
1513 4790 1704 4830 sanam
1756 4777 2033 4844 reddidit,

469 4876 589 4918 eam
627 4870 796 4918 totam
840 4865 1089 4921 excitans
1126 4881 1157 4921 e
1198 4867 1435 4922 mortuis
1474 4866 1527 4920 in
1566 4868 1769 4936 seipse.
1800 4866 2036 4937 ideoque

468 4962 699 5008 vocatur
747 4956 1000 5025 primitite
1042 4972 1261 5027 quoque
1307 4957 1696 5014 dormientium
1746 4958 1811 5013 ⁷⁵.
1868 4958 2036 5030 igitur

468 5059 595 5099 cum
636 5047 849 5101 tertiam
879 5046 1023 5102 diem
1052 5048 1208 5113 dicit,
1236 5063 1343 5119 qua
1371 5049 1774 5120 peragebantur
1807 5052 2030 5121 nuptiae,

470 5138 718 5191 ultimum
751 5145 968 5210 tempus
993 5140 1285 5210 signiﬁcat.
1336 5139 1608 5196 Praeterea
1640 5141 1821 5197 locum
1882 5143 2033 5199 desi-

470 5240 617 5298 gnat.
653 5230 715 5285 In
764 5231 911 5287 Caua
959 5234 1104 5287 enim
1153 5231 1389 5288 Galilaese
1430 5232 1666 5304 oppido,
1699 5234 1898 5306 inquit.
1933 5235 2033 5290 llic

468 5333 665 5374 rursus
698 5321 1094 5379 animadvertat
1128 5324 1410 5379 studiosus
1439 5363 1454 5388 ,
1490 5309 1599 5379 non
1637 5323 2032 5399 Hierosolymis
2062 5364 2073 5365 κ

468 5418 784 5477 nuptiarum
807 5413 1210 5484 celebritatem,
1257 5415 1350 5472 sed
1376 5423 1529 5471 extra
1555 5413 1801 5472 Judteam
1878 5428 1938 5473 ut
1973 5421 2028 5474 in

550 5582 593 5615 "
619 5582 777 5639 Joau.
815 5603 888 5654 γι,
919 5589 988 5645 38
1024 5599 1077 5645 et
1112 5591 1258 5646 alibi.
1371 5595 1418 5626 "
1446 5592 1604 5662 Osee,
1640 5563 1717 5663 vi,
1751 5597 1815 5652 '5.

1916 5600 1961 5630 ⁷³
1988 5599 2121 5656 Gen.
2163 5617 2244 5663 ιιι.
2284 5603 2363 5656 l9.

2140 4431 2378 4498 ρήσομεν
2407 4424 2590 4479 αὐτόν.
2615 4444 2633 4476 ι
2663 4421 2902 4492 Ἐπληξε
2936 4421 3034 4492 μὲν
3073 4420 3183 4491 γὰρ
3216 4417 3302 4472 διὰ
3338 4416 3436 4488 τὴν
3457 4417 3515 4469 ὲν
3553 4413 3723 4480 Ἀῖάμ

2139 4516 2470 4587 παράϐασιν,
2506 4514 2695 4569 εἰπών·
2732 4534 2751 4568 ι
2785 4515 2862 4583 Γῆ
2892 4508 2975 4577 εἴ,
3009 4512 3106 4566 καὶ
3131 4514 3212 4574 είς
3248 4513 3351 4580 γῆν
3386 4503 3715 4575 dwelt-26013.9

2137 4607 2210 4659 Τὸ
2257 4607 2311 4660 δὲ
2345 4606 2520 4678 φθορᾷ
2552 4606 2645 4660 καὶ
2685 4605 2898 4674 Θανάτῳ
2931 4602 3210 4673 πεπληγὺς
3253 4601 3416 4655 πάλιν
3445 4599 3720 4670 ὲμότωσεγ

2137 4698 2298 4761 αὐτὸς
2328 4697 2472 4751 κατὰ
2507 4697 2607 4767 τὴν
2655 4697 2844 4766 τρίτην
2879 4695 3111 4767 ἡμέραν,
3145 4693 3289 4746 τοῦτ’
3322 4692 3466 4745 ἐστιν
3487 4730 3501 4753 ,
3534 4690 3634 4743 οὐκ
3663 4689 3724 4741 ὲν

2144 4786 2412 4858 πρώτοις,
2440 4786 2561 4839 οὐδὲ
2601 4788 2665 4838 ἐκ
2696 4786 2910 4856 μέσοις,
2954 4787 3066 4839 ἀλλ’
3097 4787 3155 4838 ὲν
3198 4784 3444 4854 ἐσχάτοις
3486 4782 3723 4850 καιροῖς,

2140 4880 2230 4933 ὅτε
2289 4877 2354 4930 δι’
2395 4878 2544 4949 ἡμᾶς
2593 4877 2883 4947 γενόμενος
2926 4876 3211 4948 ἄνθρωπος
3254 4875 3384 4940 ὑγιᾶ
3426 4872 3525 4942 τὴν
3558 4871 3725 4940 φύσιν

2143 4967 2443 5033 ἀπέδειξεν,
2464 4967 2593 5037 ὅλην
2620 4970 2691 5024 ἐκ
2709 4967 2916 5039 νεκρῶν
2953 4968 3261 5036 ἀναστήσας
3287 4967 3346 5017 ὲν
3367 4961 3565 5034 ἑαυτῷ.
3596 4962 3730 5015 Διά-

2140 5077 2223 5113 τοι
2260 5058 2419 5113 τοῦτο
2453 5058 2697 5112 καλεῖται
2746 5060 2840 5111 καὶ
2864 5057 3088 5128 ἀπαρχὴ
3124 5056 3232 5110 τῶν
3265 5052 3683 5124 κεκοιμημένων
3708 5070 3723 5083 ·

2142 5148 2338 5203 οὐκοῦν
2384 5149 2475 5203 διὰ
2506 5148 2601 5202 τοῦ
2639 5150 2738 5220 τὴν
2785 5149 2975 5221 τρίτην
3024 5148 3237 5219 ἡμέραν
3281 5148 3474 5211 εἰπεῖν,
3510 5143 3629 5198 καθ’
3652 5143 3725 5211 ἦν

2139 5241 2169 5294 ό
2197 5239 2376 5310 γάμος
2420 5240 2653 5293 ἐτελεῖτο
2673 5281 2689 5307 ,
2715 5240 2807 5293 τὸν
2835 5240 3143 5299 τελευταῖον
3182 5237 3436 5307 σημαίνει
3473 5233 3665 5304 καιρόν
3700 5249 3720 5265 ·

2142 5330 2476 5402 καταμηνύει
2512 5331 2568 5385 δὲ
2600 5333 2697 5386 καὶ
2724 5331 2815 5386 τὸν
2841 5330 3007 5384 τόπον
3026 5347 3040 5360 ο
3073 5332 3129 5382 ὲν
3156 5329 3312 5401 Κανᾷ
3339 5327 3448 5397 γὰρ
3476 5324 3577 5395 τῆς
3611 5324 3725 5379 Γα-⁵

2141 5406 2582 5493 λιλαίας,’φησίν.
2619 5421 2977 5490 Ἐπιτηρείτω
3013 5422 3069 5476 δὲ
3121 5421 3279 5476 πάλιν
3307 5422 3335 5474 6
3377 5415 3721 5489 φιλομαθήςο

2442 5605 2482 5635 ⁷⁵
2519 5601 2538 5656 Ι
2569 5603 2695 5660 Cur.
2732 5620 2819 5671 XV,
2857 5603 2945 5659 20.
