4040 6214
305 293 419 351 εει)

1356 292 1420 348 ΙΝ
1453 292 1737 351 JOANNIS
1774 292 2224 351 EVANGELIUM
2250 292 2377 350 LIB.
2418 294 2480 351 ll.

3454 304 3562 359 230

302 407 370 460 οὐ
396 402 503 475 γὰρ
534 404 591 455 ἐν
642 403 754 465 τοῖς
796 398 1188 473 Ἰεροσολύμοις
1228 404 1263 474 ἡ
1292 392 1632 476 πανήγυρις,
1662 403 1767 469 ἔξω
1794 397 1881 475 τῆς

1997 403 2223 474 regione
2271 407 2514 475 gentium
2561 404 2880 461 convivium
2930 407 3135 479 peragi.
3167 408 3390 467 Galilwa
3420 418 3562 472 enim

318 495 577 558 Ἰουδαίας
600 494 660 547 τὸ
686 494 922 559 δεῖπνον,
946 495 1021 559 ὡς
1049 496 1106 547 ἐν
1133 498 1203 567 τῇ
1228 495 1337 550 τῶν
1363 495 1531 551 ἐθνῶν
1561 496 1887 551 ἐπιτελεῖται

304 588 483 662 χώρᾳ.
512 588 813 642 Γαλιλαία
858 586 967 657 γὰρ
1019 585 1139 640 τῶν
1175 587 1399 650 ἐθνῶν,
1429 588 1505 652 ὠς
1535 591 1564 642 6
1606 589 1890 660 προφήτης

304 678 491 747 φησίν.
530 676 699 748 Δῆλον
731 677 788 729 δὲ
815 676 985 749 δήπου
1019 676 1236 740 πάντως
1280 677 1447 742 ἐστὶν,
1483 678 1558 742 ὡς
1587 681 1621 749 ἡ
1656 677 1755 749 μὲν
1779 678 1889 732 τῶν

314 767 585 821 Ἰουδαίων
623 768 926 837 Συναγωγή
970 768 1065 821 τδν
1096 766 1156 833 ἐξ
1187 769 1432 839 οὐρανῶν
1472 768 1728 825 ἀπώσατο
1757 788 1891 842 νυμ-

300 857 445 925 φίον,
476 857 838 925 προσεδέξατο
881 857 956 924 δὲ,
988 859 1084 912 καὶ
1116 858 1236 913 λίαν
1277 860 1549 932 ἀσμένως,
1581 860 1695 931 ήὲξ
1720 862 1889 916 ἐθνῶν

312 946 631 1019 Ἐκκλησία.
672 949 929 1018 Ἔρχεται
981 949 1038 1002 δὲ
1084 950 1164 1014 είς
1194 950 1321 1015 τοὺς
1353 953 1562 1023 γάμους
1589 953 1690 1007 οὐκ
1731 954 1888 1007 αὑτό·

301 1037 467 1106 μολος
488 1041 516 1091 6
543 1039 735 1109 Σωτήρ
761 1056 774 1069 ·
799 1038 1022 1103 πολλαῖς
1050 1040 1160 1112 γὰρ
1189 1041 1360 1110 ἁγίων
1385 1042 1629 1096 ἐκαλεῖτο
1662 1046 1884 1113 φωναῖς.

309 1127 454 1181 Ἀλλ’
480 1124 622 1192 οἶνος
654 1129 983 1184 ἐπιλελοίπει
1015 1132 1140 1195 τοὺς
1175 1132 1569 1201 ἑστιωμένουςο
1604 1134 1754 1186 οὐδὲν
1779 1133 1888 1205 γὰρ

297 1219 619 1274 ἐτελείωσεν
663 1223 692 1274 6
736 1220 897 1292 νόμος
919 1265 934 1288 ,
965 1223 1065 1275 οὐκ
1095 1221 1318 1293 ἐξήρκει
1352 1223 1488 1293 πρὸς
1532 1223 1593 1277 τὸ
1619 1224 1887 1297 εὐφρᾶναι

295 1310 523 1374 τελείως
552 1311 614 1364 τὸ
639 1312 874 1383 γράμμα
902 1312 962 1366 τὸ
1000 1313 1483 1368 Μωσαῖκόν-.ἀλλ⁹
1517 1315 1639 1368 οὐδέ
1668 1314 1800 1368 αὐτὸ
1826 1315 1887 1369 τὸ

295 1402 402 1470 τῆς
432 1401 674 1472 ἐμφύτου
699 1403 916 1474 νήψεως
943 1403 1141 1475 μέτρον
1159 1446 1173 1468 ,
1201 1406 1281 1467 εἰς
1305 1405 1366 1458 τὸ
1396 1404 1653 1459 δύνασθαι
1685 1405 1886 1460 διασώ-

300 1493 418 1555 ζειν
443 1495 591 1565 ἡμᾶς
632 1492 945 1558 ἐξετείνετο.
976 1494 1187 1548 Οὐκοῦν
1217 1495 1416 1567 ἀληθὲς
1443 1496 1509 1550 ἀν
1552 1497 1634 1568 εἴη
1663 1498 1757 1551 καὶ
1780 1498 1885 1568 ’ἐφ’

298 1582 483 1654 ἡμῶν,
519 1583 581 1636 τὸ
600 1625 614 1651 ,
642 1580 781 1637 οἶνον
814 1584 915 1638 οὐκ
957 1584 1170 1656 ἔχουσιν
1193 1628 1208 1651 ,
1234 1588 1406 1640 εἰπεῖν
1430 1602 1442 1615 ·
1473 1589 1501 1640 6
1538 1587 1594 1640 δὲ
1632 1588 1881 1642 ἰτλουειίό⁴

300 1674 476 1745 δωρος
505 1675 665 1745 ἡμῶν
690 1676 842 1741 Θεὸς,
871 1677 932 1729 οὐ
962 1663 1195 1749 περιορᾷ
1229 1678 1295 1749 τῇ
1330 1677 1437 1730 τῶν
1465 1677 1683 1747 ἀγαθῶν
1708 1680 1883 1749 ἐνδείᾳ

1992 495 2224 565 gentium
2255 505 2361 563 est,
2393 504 2453 550 ut
2487 495 2564 550 ait
2590 496 2859 566 propheta
2888 497 2957 552 ⁷⁸.
2991 496 3130 553 Illud
3160 514 3294 556 sane
3346 507 3562 575 perSpi-

1993 599 2155 640 cuum
2205 593 2322 651 est,
2372 584 2685 642 Judmorum
2723 585 3068 659 Synagogam
3108 605 3371 660 sponsum
3408 594 3561 649 illum

1993 677 2268 732 cuzlestem
2291 677 2582 747 repulisse,
2605 677 2703 734 sed
2728 678 2797 734 ab
2819 679 3058 734 Ecclesia
3082 682 3327 750 gentium
3353 682 3561 739 lubenti

1992 767 2174 822 animo
2219 776 2554 838 susceptum.
2613 767 2733 824 Non
2777 770 2927 825 venit
2962 776 3145 826 autem
3199 769 3452 829 Salvator
3495 776 3564 830 ad

1991 860 2235 929 nuptias,
2276 876 2383 914 non
2421 861 2748 930 concupitus
2779 875 2794 914 :
2842 861 3030 918 multis
3065 863 3211 917 enim
3247 872 3563 921 sanctorum
3635 876 3643 881 ‘

1990 933 2218 1029 vocibus
2264 956 2350 1006 est
2398 952 2710 1007 invocatus.
2752 950 3026 1009 Caeterum
3066 953 3254 1009 vinum
3281 994 3296 1023 ,
3343 956 3560 1027 inquit,

1990 1038 2189 1095 defecit
2221 1040 2503 1097 convivas.
2543 1039 2696 1095 Nihil
2735 1041 2879 1098 enim
2928 1043 3013 1097 lex
3062 1043 3296 1113 perfecit
3325 1045 3412 1098 ":
3452 1063 3563 1104 non

1990 1130 2293 1188 sulliciebat
2340 1131 2408 1187 ad
2453 1131 2756 1203 perfectam
2797 1131 3041 1186 laetitiam
3071 1134 3338 1203 scriptum
3364 1134 3565 1193 Mosai-
3658 1184 3663 1189 .

1988 1239 2115 1279 cum
2145 1241 2160 1290 ;
2211 1223 2308 1279 sed
2354 1238 2534 1294 neque
2565 1223 2686 1293 ipsa
2720 1223 2902 1279 insitae
2935 1211 3318 1294 naturalisque
3350 1228 3562 1283 sobrie-

1990 1314 2119 1370 tatis
2154 1316 2290 1368 ratio
2329 1315 2493 1370 saluti
2522 1313 2815 1369 afferenda:
2848 1329 2950 1385 par
2977 1322 3115 1370 erat.
3146 1315 3331 1383 Quare
3360 1316 3432 1374 de
3463 1336 3561 1376 no-

1987 1403 2073 1459 bis
2100 1418 2228 1459 vere
2256 1418 2477 1474 quoque
2534 1403 2642 1459 dici
2679 1412 2900 1474 potest,
2947 1405 3135 1460 vinum
3169 1421 3281 1462 non
3310 1410 3513 1465 habent
3542 1427 3557 1467 :

1987 1494 2086 1550 sed
2136 1493 2693 1550 tnunilicentissimus
2747 1492 2894 1548 Deus
2943 1502 3133 1549 noster
3171 1510 3280 1551 non
3326 1496 3561 1568 despicit

1985 1584 2257 1640 bonorum
2293 1584 2522 1654 penuria
2548 1584 2886 1640 laborantem
2914 1592 3187 1639 naturam.
3216 1584 3417 1642 Vinum
3456 1603 3561 1643 no-

1985 1673 2074 1730 bis
2109 1673 2278 1745 priori
2312 1673 2487 1728 multo
2518 1674 2865 1743 praistantius
2891 1674 3109 1729 obtulit.
3141 1692 3160 1725 ι
3190 1673 3398 1731 Littera
3415 1677 3558 1732 enim

300 1735 634 1834 eplﬁo'pé'vrw
664 1761 767 1836 τὴν
796 1735 979 1834 φύσιν.
1003 1735 1318 1837 (livore;in
1342 1735 1591 1830 ἀπεδείξε
1618 1767 1710 1822 τοῦ
1734 1735 1881 1840 πρῶἰ

1989 1735 2211 1831 occidit,
2237 1764 2463 1836 spiritus
2487 1735 2665 1821 autem
2684 1764 2928 1821 viviﬁcat
2955 1765 3022 1820 ⁷⁷.
3055 1785 3074 1818 ι
3111 1765 3272 1838 138
3296 1766 3560 1824 Praeterea

300 1872 395 1909 του
451 1855 694 1925 βελτίονα
717 1873 729 1886 ·
768 1876 787 1910 ι
825 1857 898 1910 T6
934 1858 1041 1929 γάρ
1077 1858 1308 1930 γράμμα
1345 1860 1686 1928 ἀποκτείνει,
1720 1863 1780 1916 τὸ
1825 1862 1883 1916 δὲ

300 1946 523 2016 πνεῦμα
571 1946 886 2011 ζωοποιεῖί
915 1948 1007 2002 καὶ
1044 1949 1073 2001 6
1113 1949 1213 2020 μὲν
1247 1951 1409 2021 νόμος
1435 1952 1536 2006 οὐκ
1571 1952 1683 2024 ἔχει
1708 1953 1767 2008 τὸ
1793 1953 1883 2007 τέ-

300 2038 441 2092 λειον
472 2040 528 2095 ἐν
561 2038 817 2108 ἀγαθοῖς·
858 2039 924 2093 τὰ
953 2040 1011 2093 δὲ
1040 2039 1159 2099 θεῖα
1185 2041 1288 2110 τῆς
1327 2043 1687 2115 εύαγγελικῆς
1733 2044 1884 2099 διδα-

302 2128 534 2192 σκαλίας
563 2129 930 2201 παιδεύματα,
970 2132 1353 2204 πληρεστάτην
1381 2133 1621 2203 εἰσφέρει
1652 2134 1751 2206 τὴν
1796 2134 1884 2188 εὑ·

298 2221 508 2291 λογίαν.
554 2222 838 2294 Θαυμάξει
866 2223 921 2277 δὲ
946 2224 1038 2280 τὸν
1079 2222 1222 2280 οἶνον
1246 2228 1274 2280 6
1295 2228 1693 2300 ἀρχιτρίκλινος
1713 2244 1728 2261 ·
1753 2228 1881 2282 ἐκα-

298 2331 427 2378 στος
456 2314 565 2385 γὰρ
585 2356 598 2378 ,
629 2310 784 2385 οἶμαι
810 2358 826 2383 ,
853 2315 961 2370 τῶν
1005 2318 1085 2381 είς
1123 2318 1222 2389 τὴν
1278 2318 1434 2397 θείαν.
1473 2319 1880 2391 ἀρχιερωσύνην

295 2408 821 2477 κατατεταγμὲνων,
857 2409 952 2464 καὶ
993 2411 1443 2481 πεπιστευμένων
1486 2411 1577 2464 τὸν
1606 2407 1752 2465 οἷκον
1785 2409 1878 2465 τοῦ

294 2497 551 2568 Σωτῆρος
583 2500 739 2570 ἡμῶν
763 2499 1024 2572 Χριστοῦ,
1047 2502 1139 2555 τὸν
1164 2503 1303 2575 ὑπὲρ
1334 2503 1499 2573 νόμου
1525 2502 1688 2558 αὐτοῦ
1712 2521 1880 2558 κατα-

295 2586 597 2665 πλήττεται
644 2590 823 2661 λόγον.
873 2592 1084 2665 Πρώτῳ
1133 2593 1189 2647 δὲ
1232 2592 1382 2665 αὐτῷ
1412 2593 1622 2648 κελεύει
1661 2594 1878 2665 δοθῆναι

240 2698 249 2706 ~
293 2661 552 2750 Χριστὸς,
578 2681 663 2735 ὅτι
691 2682 831 2735 κατά
988 2661 1082 2736 τού
1115 2683 1331 2737 Παύλου
1353 2661 1560 2754 φωνὴν,
1595 2702 1614 2735 ι
1652 2685 1755 2737 Τὸν
1776 2661 1881 2737 ’κο-

1985 1857 2072 1912 lex
2099 1859 2365 1912 honorum
2398 1853 2793 1924 perfectionem
2825 1870 2937 1911 non
2972 1856 3163 1923 habet,
3199 1857 3297 1912 sed
3326 1872 3561 1928 evange-

1985 1949 2092 2003 lica
2125 1947 2380 2003 doctrina
2423 1940 2801 2017 plenissimam
2844 1946 3287 2002 benedictionem
3326 1947 3557 2005 invehit.

1986 2038 2411 2094 Architriclinus
2437 2038 2621 2092 vinum
2650 2036 2783 2092 illud
2814 2036 3048 2091 miratur
3078 2056 3091 2093 :
3124 2036 3353 2108 quilibet
3381 2038 3551 2102 enim,

1986 2133 2186 2204 opinor
2209 2174 2225 2198 ,
2263 2145 2454 2188 eorum
2481 2132 2576 2202 qui
2610 2131 2669 2185 in
2699 2129 2987 2200 pontifices
3022 2129 3260 2185 ordinati
3291 2138 3453 2198 sunt,
3504 2137 3562 2187 et
3654 2116 3665 2125 ’

1982 2225 2186 2296 quibus
2217 2224 2427 2279 credita
2453 2232 2536 2279 est
2557 2223 2755 2278 domus
2786 2218 2994 2278 Christi
3028 2221 3203 2277 nostri
3229 2219 3559 2286 Salvatoris,

1982 2317 2105 2390 ejus
2128 2317 2438 2372 doctrinam
2471 2331 2582 2387 prae
2616 2315 2733 2386 lege
2768 2314 3113 2370 vehementer
3142 2312 3433 2370 mirantur.
3476 2313 3560 2367 llli

1983 2418 2164 2464 autem
2197 2406 2450 2462 Christus
2475 2406 2711 2476 primum
2738 2403 3018 2473 propitiari
3045 2404 3222 2487 jubet,
3250 2406 3378 2474 quia
3401 2403 3561 2475 juxta

1982 2496 2136 2552 Pauli
2166 2493 2496 2553 sententiam
2530 2532 2546 2559 ,
2582 2511 2601 2544 ι
2634 2491 2996 2548 Laborantem
3023 2492 3315 2562 agricolam
3342 2503 3562 2563 oportet

1983 2589 2221 2661 primum
2255 2586 2323 2642 de
2353 2584 2625 2640 fructibus
2649 2586 2933 2654 percipere
2956 2582 3024 2636 ⁷⁸.
3065 2599 3086 2638 ι
3126 2579 3343 2639 Rursus
3376 2590 3560 2638 autem

1987 2682 2169 2752 capiat
2200 2678 2418 2735 auditor
2446 2691 2570 2747 quae
2601 2676 2745 2730 dico.
2786 2693 2808 2728 ι

218 2819 235 2830 ,
294 2767 511 2823 πιῶντα
539 2774 806 2843 γεωργεῖν
837 2770 1000 2843 [vulg.
1028 2770 1296 2843 γεωργὸν]
1323 2772 1435 2839 δεῖ,
1470 2772 1686 2840 πρῶτον
1724 2772 1834 2827 τῶν
1872 2771 2101 2844 καρπῶν
2134 2766 2594 2840 μεταλαμϐάνειν.
2629 2784 2650 2817 ι
2679 2765 2790 2818 Καὶ
2816 2762 3005 2819 νοείτω
3034 2763 3198 2820 πάλιν
3221 2767 3251 2819 6
3286 2764 3562 2839 ἀκροατὴς

291 2873 322 2927 δ
352 2861 522 2930 λέγω.

370 2956 489 3006 Καὶ
529 2948 700 3026 εὗρεν
737 2954 808 3010 ἐν
841 2953 923 3021 τῷ
961 2952 1095 3023 ἱερῷ
1129 2955 1272 3021 τοὺς
1316 2955 1669 3022 πωλοῦντας
1701 2957 1877 3022 βόας,

290 3044 401 3098 καί
433 3045 712 3113 πρόὸατα,
743 3045 843 3100 καί
888 3045 1264 3115 περιστερὰς,
1288 3047 1389 3101 καί
1437 3046 1579 3114 τοὺς
1612 3065 1881 3118 κερματιο

290 3131 451 3197 στὰς
484 3132 856 3202 καθημένους

381 3221 786 3292 Ἑξελέγχονται
837 3222 1002 3277 πάλιν
1026 3264 1042 3291 ,
1077 3224 1172 3277 καὶ
1223 3221 1311 3277 διὰ
1374 3240 1577 3278 τουτων
1638 3225 1878 3280 Ἰουδαῖοι

290 3313 403 3369 τῶν
459 3312 725 3368 δοθέντων
781 3314 964 3379 αὐτοῖς
1011 3317 1476 3388 ὑπερφρονοῦντες
1521 3317 1734 3389 νόμων,
1787 3321 1883 3376 καὶ

292 3405 643 3478 γραμμάτων
673 3406 771 3476 μὲν
794 3407 1105 3463 Μωσαῖκῶν
1133 3408 1325 3462 ούδένα
1361 3409 1670 3480 ποιούμενοι
1702 3411 1878 3481 λόγον,

292 3502 373 3564 είς
404 3501 577 3570 μόνην
620 3502 677 3561 δὲ
707 3500 996 3571 βλέποντες
1032 3503 1132 3574 τὴν
1174 3502 1540 3576 φιλοκερδίαν.
1576 3506 1882 3577 Προκαθαί-

296 3591 492 3663 ρεσθαι
541 3592 652 3663 γὰρ
709 3591 851 3645 κατά
888 3592 1169 3657 ποικίλους
1199 3595 1434 3666 τρόπους
1457 3594 1551 3649 τοῦ
1579 3597 1742 3667 νόμου
1784 3615 1879 3652 κε-

288 3679 547 3746 λεύοντος
573 3684 703 3747 τοὺς
740 3683 899 3754 οἵπερ
930 3683 1154 3753 ἔμελλον
1184 3685 1266 3748 είς
1303 3684 1397 3738 τὸν
1436 3685 1577 3740 θεῖον
1606 3688 1879 3760 ἀναϐήσε-

290 3772 488 3826 σεσθαι
517 3773 648 3826 ναὸν
668 3813 683 3839 ,
715 3774 1180 3845 ἀργυραμοιδοὺς,
1211 3776 1332 3846 ἦτοι
1368 3778 1763 3847 κερματιστὰς,
1786 3780 1880 3833 καὶ

292 3864 516 3937 ἐτέρους
560 3866 656 3919 ἐπὶ
701 3865 946 3931 τούτοις,
979 3864 1063 3931 οἷς
1094 3867 1380 3935 πλεονεξία
1416 3869 1476 3922 τὸ
1517 3869 1876 3941 ἐπιτήδευμα,

291 3959 389 4011 καί⁵
413 3957 595 4021 τόκος,
617 3959 714 4011 καὶ
758 3958 1117 4029 πλεονασμὸς,
1144 3960 1202 4012 ἐν
1234 3959 1551 4030 ἐπιθυμίαις
1588 3977 1602 3991 ·
1623 3961 1744 4025 ὅλος
1771 3961 1879 4032 γὰρ

293 4048 354 4102 ἐν
383 4047 599 4112 τούτοις
627 4052 655 4103 6
683 4049 794 4103 τῶν
841 4049 1099 4123 ἐμπόρων
1135 4052 1334 4116 σκοπὸς
1380 4052 1711 4106 συντείνεται
1734 4070 1748 4083 ·
1780 4051 1879 4124 τὴν

293 4139 458 4209 ἁγίαν
496 4141 977 4212 καταμολύναντας
1008 4144 1108 4197 οὐκ
1132 4144 1392 4215 ἀπεῖργον
1415 4143 1604 4214 αὐλὴν,
1635 4144 1881 4207 ἀνίπτοις

290 4233 350 4285 δὲ
381 4232 570 4304 ὥσπερ
599 4236 682 4297 είς
711 4234 883 4302 αὐτὴν
909 4235 1138 4291 εἰσιέναι
1166 4236 1315 4300 ποσὶ,
1334 4235 1430 4288 καὶ
1462 4235 1620 4289 αὐτοὶ
1654 4235 1719 4305 δὴ
1743 4235 1879 4289 πάν-

292 4341 403 4387 τως
433 4326 744 4390 ἑπέταττον,
774 4330 823 4381 οἱ
852 4327 1171 4381 διακωλύειν
1199 4325 1472 4397 ἰσχύοντες
1490 4342 1505 4356 ·
1546 4326 1632 4379 ἵνα
1659 4325 1724 4396 δὴ
1756 4325 1881 4395 φαί-

2059 2954 2099 3007 ll
2127 2992 2142 3017 ,
2190 2953 2279 3007 il.
2329 2949 2401 3005 Et
2441 2950 2631 3005 invenit
2662 2950 2717 3003 in
2745 2949 2938 3017 templo
2977 2948 3251 3004 uendentes
3295 2947 3481 3016 boves,
3509 2958 3564 3005 et

1987 3063 2103 3101 oves
2124 3086 2140 3113 ,
2179 3053 2227 3099 et
2260 3041 2531 3098 columbas
2550 3078 2566 3107 ,
2595 3048 2645 3095 et
2672 3039 3059 3095 nummulario:
3086 3038 3345 3094 sedentes.

2051 3245 2270 3302 Rursus
2315 3249 2625 3314 arguuntur
2673 3240 2840 3296 etiam
2886 3239 3019 3295 hinc
3063 3238 3238 3298 Judaei
3267 3241 3415 3314 leges
3446 3243 3556 3300 sibi
3624 3286 3631 3292 .

1981 3338 2141 3395 datas
2169 3342 2543 3399 contemnere,
2576 3340 2631 3388 et
2656 3332 2866 3402 scripta
2898 3330 3137 3389 Moesica
3164 3333 3323 3388 nihili
3354 3334 3553 3400 facere,

1982 3430 2075 3486 sed
2100 3427 2335 3499 quaestui
2371 3424 2753 3480 tantummodo
2790 3423 3032 3480 studere.
3083 3425 3219 3480 Cum
3260 3428 3407 3482 enim
3463 3428 3555 3484 lex

1980 3519 2301 3590 praeciperet
2332 3518 2685 3589 ingrcssuros
2728 3514 2824 3571 Dei
2882 3516 3146 3586 templum
3192 3518 3358 3588 prius
3385 3518 3564 3574 variis

1983 3614 2158 3667 modls
2200 3609 2462 3675 lustrari,
2494 3608 2838 3676 argentarios
2879 3606 2999 3663 sive
3051 3609 3453 3664 nummularioe
3497 3616 3555 3663 et

1981 3699 2035 3754 id
2061 3715 2235 3770 genus
2267 3698 2406 3754 alios
2435 3697 2687 3754 homines
2707 3736 2723 3762 ,
2749 3697 2845 3767 qui
2878 3696 3032 3751 lucro
3051 3737 3067 3760 ,
3103 3695 3277 3753 fcnori
3298 3735 3313 3761 ,
3344 3705 3399 3752 et
3424 3711 3554 3753 coa-

1980 3791 2266 3845 cervandte
2298 3789 2543 3858 pecunias
2576 3788 2676 3849 toti
2704 3786 2933 3842 student
2990 3785 3073 3855 (is
3103 3786 3250 3841 enim
3285 3793 3554 3842 mercato-

1980 3879 2134 3936 ribus
2163 3892 2366 3949 scapus
2392 3893 2537 3934 unus
2563 3885 2646 3933 est
2673 3874 3030 3946 propositus),
3064 3875 3551 3946 sanctumfatrium

1982 3967 2336 4038 inquinantes
2363 3981 2474 4020 non
2500 3965 2782 4031 arcebant,
2818 3963 2915 4019 sed
2950 3963 3121 4018 illotis
3145 3964 3553 4034 quodammodo

1980 4051 2211 4123 pedibus
2240 4051 2469 4107 introire
2499 4051 2607 4123 ipsi
2636 4052 2828 4122 utique
2860 4049 3125 4120 jubebant
3148 4091 3165 4116 ,
3199 4053 3415 4131 quibus.
3434 4065 3554 4110 erat

1980 4142 2199 4199 vetandi
2241 4150 2487 4212 potestas
2510 4181 2526 4209 ,
2566 4152 2625 4197 ut
2671 4142 2739 4198 de
2761 4134 2839 4196 iis
2868 4155 2995 4196 vere
3026 4139 3232 4195 dictum
3264 4156 3295 4195 a
3327 4142 3440 4198 Deo
3471 4145 3553 4199 vi-

1981 4233 2203 4290 deatur:
2234 4251 2252 4287 ι
2273 4234 2535 4291 Pastores
2562 4232 2719 4287 multi
2734 4233 3090 4302 disruperunt
3114 4231 3329 4288 vineam
3354 4248 3550 4299 meam,
3582 4301 3584 4305 ν
3654 4228 3662 4236 ’

1982 4327 2294 4397 polluerunt
2315 4331 2522 4396 partem
2540 4337 2739 4387 meam,
2755 4323 3026 4379 dederunt
3046 4322 3351 4393 portionem
3376 4340 3550 4381 meam

290 4433 456 4487 νηται
477 4415 653 4485 λέγων
673 4417 850 4489 ἀληθῆ
876 4436 942 4472 πε
952 4418 1204 4490 ρὶαύτῶν
1224 4420 1253 4472 6
1279 4415 1430 4480 Θεὸς,
1451 4417 1533 4470 ὃτι
1561 4435 1579 4468 ι
1616 4415 1879 4487 Ποιμένες

1986 4415 2402 4473 desiderabilem
2440 4415 2496 4469 in
2538 4413 2815 4469 desertum
2868 4415 3107 4479 invium,
3156 4416 3331 4485 posita
3374 4422 3459 4472 est
3496 4415 3551 4469 in

290 4505 484 4559 πολλοὶ
517 4506 827 4591 διέφθειραν
858 4508 948 4561 τὸν
992 4507 1293 4578 ἀμπελῶνά
1324 4523 1447 4577 μου,
1482 4507 1748 4576 ἐμόλυναν
1778 4508 1878 4577 τὴν

1986 4508 2397 4578 dissipationem
2428 4503 2757 4576 perditionis
2780 4505 2869 4559 "?
2906 4524 2925 4556 ι
2973 4505 3240 4575 Corrupta
3270 4507 3418 4560 enim
3467 4513 3553 4560 est

286 4597 663 4669 κληρονομίαν
695 4616 818 4669 μου,
850 4599 1055 4653 ἔδωκαν
1079 4599 1271 4670 μερίδα
1300 4598 1639 4670 ἐπιθυμητήν
1676 4614 1778 4669 μου
1799 4599 1878 4663 είς

286 4688 500 4759 ἔρημον
533 4689 759 4755 ἄϐατον,
802 4691 1035 4763 ἐγενήθη
1066 4693 1146 4755 είς
1185 4690 1490 4760 ἀφανισμὸν
1528 4691 1823 4755 ἀπωλείας.
1852 4710 1871 4743 ι

283 4779 570 4850 Διεφθάρη
612 4780 724 4852 γὰρ
766 4780 935 4846 ὅντως
969 4783 997 4834 6
1036 4781 1357 4845 δεσποτικὸς
1395 4781 1679 4851 ἁμπελὼν,
1712 4781 1874 4846 σέὀας

1983 4609 2133 4656 certe
2160 4602 2319 4655 vinea
2354 4597 2568 4653 Domini
2594 4635 2609 4660 ,
2652 4611 2773 4666 quae
2802 4595 3044 4652 divinum
3074 4596 3281 4651 cultum
3319 4596 3550 4650 concul-

1982 4707 2110 4748 care
2161 4689 2398 4754 didicit,
2456 4703 2521 4744 ac
2568 4687 2717 4759 turpi
2773 4694 2987 4759 quaestu
3037 4687 3455 4757 praepositorum
3495 4685 3552 4744 in

1981 4780 2232 4854 quamvis
2262 4779 2591 4853 ignorantiae
2618 4778 2933 4836 vastitatem
2962 4779 3217 4834 incurrit.

285 4874 393 4943 μὲν
419 4874 556 4926 αὐτὸ
584 4874 644 4927 τὸ
676 4876 804 4947 περὶ
835 4875 895 4929 τὸ
924 4877 1065 4931 θεῖον
1098 4879 1288 4930 πατεῖν
1318 4875 1722 4947 διδασκόμενος,
1752 4878 1872 4940 ταῖς
1908 4876 1965 4929 δὲ
1988 4875 2098 4931 τῶν
2122 4874 2537 4948 προεστηκότων
2565 4873 3000 4947 αἱσχροκερδίαις
3053 4873 3135 4936 είς
3185 4873 3367 4927 πᾶσαν
3387 4872 3553 4925 ἀπαι-

282 4967 511 5022 δευσίαν
539 4970 709 5041 ἀποχε
717 4970 843 5041 ρσοτό
852 4990 1030 5043 μενος.

356 5059 471 5122 Καὶ
495 5062 756 5131 ποιήσας
795 5064 875 5125 ὡς·
906 5064 1274 5132 φραγέλλιον
1310 5064 1377 5119 ἐκ
1410 5065 1697 5134 σχοινίων
1722 5063 1871 5118 πάν-

281 5165 399 5214 τας
426 5149 718 5213 ἐξέϐαλεν
753 5152 821 5206 ἐκ
864 5153 970 5207 τοῦ
1004 5153 1165 5221 ἱεροῦ
1185 5192 1199 5216 ,
1227 5152 1301 5207 τά
1340 5170 1405 5208 τε
1447 5156 1732 5221 πρόϐατα,
1776 5152 1875 5208 καὶ

280 5239 433 5305 τοὺς
458 5240 616 5306 ﬁdat;
639 5283 655 5307 ,
681 5243 780 5299 καί
817 5243 936 5295 τῶν
973 5244 1389 5298 κολλυϐιστῶν
1414 5244 1617 5314 ἐξέχεε
1644 5247 1712 5301 τὸ
1742 5248 1875 5317 κέρ-

274 5346 366 5401 μα
385 5372 404 5397 ,
433 5333 532 5386 καί
572 5333 681 5400 τὰς
724 5334 1012 5403 τραπέζας
1044 5333 1396 5404 ἀνέστρεψε.
1452 5337 1558 5391 Kal
1600 5337 1724 5405 τοῖς
1765 5340 1873 5406 τὰς

276 5423 645 5493 περιστερὰς
673 5425 988 5481 πωλοῦσιν
1012 5422 1200 5479 εἶπεν.

368 5509 698 5577 Ἀγανακτεί
742 5513 840 5583 μὲν
862 5520 865 5525 ’
890 5513 1114 5578 εἰκότως
1159 5514 1251 5567 ἐπὶ
1300 5516 1422 5579 ταῖς
1451 5516 1561 5570 τῶν
1605 5517 1869 5573 Ἰουδαίων

281 5622 560 5756 ω’τῃερ.
594 5642 672 5693 ιι,
710 5627 771 5695 l;
814 5627 1006 5685 Matth.
1049 5645 1122 5696 tv,
1168 5630 1255 5685 l5.
1379 5631 1428 5662 ⁷⁸
1459 5628 1623 5688 llebr.
1669 5648 1766 5698 vn,
1802 5632 1884 5687 19.

2055 5062 2119 5131 ιι,
2162 5062 2249 5128 15,
2275 5059 2365 5116 16.
2395 5058 2467 5114 Et
2499 5074 2616 5114 cum
2643 5058 2850 5126 fecisset
2880 5056 3034 5126 quasi
3065 5052 3335 5124 ﬂagellum
3368 5051 3431 5104 de
3462 5051 3549 5119 fu-

1981 5154 2196 5216 niculis,
2227 5167 2403 5205 omnes
2435 5151 2584 5220 ejecit
2613 5149 2676 5202 de
2707 5147 2920 5215 templo,
2945 5161 3059 5201 oves
3082 5157 3279 5214 quoque
3299 5151 3348 5197 et
3374 5141 3546 5205 boves,

1980 5255 2029 5301 et
2060 5242 2541 5300 nummulariorum
2565 5237 2753 5307 effudit
2782 5254 2886 5302 ws,
2945 5246 2996 5291 et
3033 5251 3240 5289 mensae
3271 5232 3545 5299 subuertit,

1982 5335 2050 5390 Et
2080 5335 2164 5389 his
2194 5333 2284 5404 qui
2316 5317 2587 5388 columbas
2616 5328 2902 5384 vendebant
2925 5364 2941 5392 ,
2975 5324 3113 5377 dixit
3139 5338 3157 5378 :

2050 5514 2245 5570 Merito
2272 5510 2491 5583 quidem
2532 5475 2784 5565 Salvator
2830 5507 2901 5562 ob
2927 5505 3236 5563 Iudaeorum
3269 5503 3552 5561 vesaniam

1995 5631 2038 5663 ⁷⁷
2066 5628 2109 5682 ll
2139 5626 2266 5683 Cor.
2300 5641 2383 5693 ιιι,
2409 5622 2463 5679 6.
2574 5623 2620 5656 ’⁸
2644 5620 2689 5675 ll
2712 5620 2852 5678 Tim.
2887 5636 2948 5687 ιι,
2981 5619 3033 5675 6.
3136 5619 3182 5651 ’θ
3208 5617 3408 5674 Jcrem.
3447 5630 3542 5675 xu.
