  <div class='ocr_page' id='page_1' title='image "/cluster/home/n/w/nwhite01/storage/ocr_20150623/73/hvd.32044073502023/121.png"; bbox 0 0 4040 6214; ppageno 0'>
   <div class='ocr_carea' id='block_1_1' title="bbox 497 220 595 278">
    <p class='ocr_par' dir='ltr' id='par_1_1' title="bbox 497 220 595 278">
     <span class='ocr_line' id='line_1_1' title="bbox 497 220 595 278; baseline -0.01 -1"><span class='ocrx_word' id='word_1_1' title='bbox 497 220 595 278; x_wconf 69' lang='grc' dir='ltr'><strong>εει</strong></span> 
     </span>
    </p>
   </div>
   <div class='ocr_carea' id='block_1_2' title="bbox 1508 218 2751 297">
    <p class='ocr_par' dir='ltr' id='par_1_2' title="bbox 1508 218 2751 297">
     <span class='ocr_line' id='line_1_2' title="bbox 1508 218 2751 297; baseline 0.002 -22"><span class='ocrx_word' id='word_1_2' title='bbox 1508 219 1571 275; x_wconf 80' lang='grc'>8.</span> <span class='ocrx_word' id='word_1_3' title='bbox 1606 219 1885 276; x_wconf 79' lang='lat' dir='ltr'><strong>CYRiLLI</strong></span> <span class='ocrx_word' id='word_1_4' title='bbox 1924 218 2393 297; x_wconf 69' lang='lat' dir='ltr'><strong>ALEXANDRINI</strong></span> <span class='ocrx_word' id='word_1_5' title='bbox 2431 220 2751 278; x_wconf 75' lang='lat' dir='ltr'><strong>ABClllEP.</strong></span> 
     </span>
    </p>
   </div>
   <div class='ocr_carea' id='block_1_3' title="bbox 3650 231 3758 288">
    <p class='ocr_par' dir='ltr' id='par_1_3' title="bbox 3650 231 3758 288">
     <span class='ocr_line' id='line_1_3' title="bbox 3650 231 3758 288; baseline 0.019 -2"><span class='ocrx_word' id='word_1_6' title='bbox 3650 231 3758 288; x_wconf 72' lang='grc'><strong>232</strong></span> 
     </span>
    </p>
   </div>
   <div class='ocr_carea' id='block_1_4' title="bbox 490 314 2065 415">
    <p class='ocr_par' dir='ltr' id='par_1_4' title="bbox 490 314 2065 402">
     <span class='ocr_line' id='line_1_4' title="bbox 490 314 2065 402; baseline 0.002 -17"><span class='ocrx_word' id='word_1_7' title='bbox 490 330 830 400; x_wconf 70' lang='lat' dir='ltr'><strong>indignatur.</strong></span> <span class='ocrx_word' id='word_1_8' title='bbox 867 328 985 386; x_wconf 85' lang='lat' dir='ltr'><strong>Non</strong></span> <span class='ocrx_word' id='word_1_9' title='bbox 1008 314 1156 386; x_wconf 78' lang='lat' dir='ltr'><strong>enim</strong></span> <span class='ocrx_word' id='word_1_10' title='bbox 1186 330 1471 400; x_wconf 74' lang='lat' dir='ltr'><strong>oportebat</strong></span> <span class='ocrx_word' id='word_1_11' title='bbox 1518 330 1614 387; x_wconf 91' lang='lat' dir='ltr'><strong>Dei</strong></span> <span class='ocrx_word' id='word_1_12' title='bbox 1663 332 1925 402; x_wconf 82' lang='lat' dir='ltr'><strong>templum</strong></span> <span class='ocrx_word' id='word_1_13' title='bbox 1976 335 2065 389; x_wconf 84' lang='lat' dir='ltr'><strong>do-</strong></span> 
     </span>
    </p>
   </div>
   <div class='ocr_carea' id='block_1_5' title="bbox 2166 314 3757 415">
    <p class='ocr_par' dir='ltr' id='par_1_5' title="bbox 2178 333 3757 415">
     <span class='ocr_line' id='line_1_5' title="bbox 2178 333 3757 415; baseline 0.009 -28"><span class='ocrx_word' id='word_1_14' title='bbox 2178 333 2458 399; x_wconf 82' lang='grc' dir='ltr'>ἀπονοίαις</span> <span class='ocrx_word' id='word_1_15' title='bbox 2506 335 2535 386; x_wconf 93' lang='lat'><strong>6</strong></span> <span class='ocrx_word' id='word_1_16' title='bbox 2578 336 2789 408; x_wconf 81' lang='grc' dir='ltr'>Σωτήρ.</span> <span class='ocrx_word' id='word_1_17' title='bbox 2839 337 2913 390; x_wconf 85' lang='grc' dir='ltr'><strong>Οὐ</strong></span> <span class='ocrx_word' id='word_1_18' title='bbox 2965 337 3077 409; x_wconf 76' lang='grc' dir='ltr'><strong>γὰρ</strong></span> <span class='ocrx_word' id='word_1_19' title='bbox 3123 333 3270 395; x_wconf 77' lang='grc' dir='ltr'>οἷκον</span> <span class='ocrx_word' id='word_1_20' title='bbox 3325 340 3593 415; x_wconf 70' lang='grc' dir='ltr'>ἐμπορίου</span> <span class='ocrx_word' id='word_1_21' title='bbox 3664 348 3757 401; x_wconf 64' lang='grc' dir='ltr'><strong>τὸν</strong></span> 
     </span>
    </p>
   </div>
   <div class='ocr_carea' id='block_1_6' title="bbox 494 415 2071 493">
    <p class='ocr_par' dir='ltr' id='par_1_6' title="bbox 494 415 2071 493">
     <span class='ocr_line' id='line_1_6' title="bbox 494 415 2071 493; baseline 0.003 -17"><span class='ocrx_word' id='word_1_22' title='bbox 494 437 643 476; x_wconf 91' lang='lat' dir='ltr'><strong>mum</strong></span> <span class='ocrx_word' id='word_1_23' title='bbox 693 422 1088 493; x_wconf 82' lang='lat' dir='ltr'><strong>negotiationis</strong></span> <span class='ocrx_word' id='word_1_24' title='bbox 1130 420 1286 486; x_wconf 81' lang='lat' dir='ltr'><strong>ﬁeri,</strong></span> <span class='ocrx_word' id='word_1_25' title='bbox 1331 422 1427 477; x_wconf 80' lang='lat' dir='ltr'><strong>sed</strong></span> <span class='ocrx_word' id='word_1_26' title='bbox 1475 425 1765 481; x_wconf 88' lang='lat' dir='ltr'><strong>orationis.</strong></span> <span class='ocrx_word' id='word_1_27' title='bbox 1803 415 1901 480; x_wconf 81' lang='lat' dir='ltr'><strong>Sic</strong></span> <span class='ocrx_word' id='word_1_28' title='bbox 1928 427 2071 481; x_wconf 90' lang='lat' dir='ltr'><strong>cnim</strong></span> 
     </span>
    </p>
   </div>
   <div class='ocr_carea' id='block_1_7' title="bbox 491 509 2075 583">
    <p class='ocr_par' dir='ltr' id='par_1_7' title="bbox 491 509 2075 583">
     <span class='ocr_line' id='line_1_7' title="bbox 491 509 2075 583; baseline 0.002 -16"><span class='ocrx_word' id='word_1_29' title='bbox 491 514 760 583; x_wconf 87' lang='lat' dir='ltr'><strong>scriptum</strong></span> <span class='ocrx_word' id='word_1_30' title='bbox 807 521 891 568; x_wconf 86' lang='lat' dir='ltr'><strong>est</strong></span> <span class='ocrx_word' id='word_1_31' title='bbox 910 512 981 568; x_wconf 78' lang='lat'><strong>&#39;°.</strong></span> <span class='ocrx_word' id='word_1_32' title='bbox 1030 509 1152 565; x_wconf 84' lang='lat' dir='ltr'><strong>Non</strong></span> <span class='ocrx_word' id='word_1_33' title='bbox 1189 511 1356 566; x_wconf 89' lang='lat' dir='ltr'><strong>nudis</strong></span> <span class='ocrx_word' id='word_1_34' title='bbox 1384 521 1563 567; x_wconf 87' lang='lat' dir='ltr'><strong>autem</strong></span> <span class='ocrx_word' id='word_1_35' title='bbox 1598 514 1779 570; x_wconf 87' lang='lat' dir='ltr'><strong>verbis</strong></span> <span class='ocrx_word' id='word_1_36' title='bbox 1810 514 2075 570; x_wconf 84' lang='lat' dir='ltr'><strong>duntaxat</strong></span> 
     </span>
    </p>
   </div>
   <div class='ocr_carea' id='block_1_8' title="bbox 492 601 2076 671">
    <p class='ocr_par' dir='ltr' id='par_1_8' title="bbox 492 601 2076 671">
     <span class='ocr_line' id='line_1_8' title="bbox 492 601 2076 671; baseline 0.003 -15"><span class='ocrx_word' id='word_1_37' title='bbox 492 604 661 658; x_wconf 87' lang='lat' dir='ltr'><strong>animi</strong></span> <span class='ocrx_word' id='word_1_38' title='bbox 696 601 780 659; x_wconf 89' lang='lat' dir='ltr'><strong>sui</strong></span> <span class='ocrx_word' id='word_1_39' title='bbox 809 603 1236 659; x_wconf 80' lang='lat' dir='ltr'><strong>commotionem</strong></span> <span class='ocrx_word' id='word_1_40' title='bbox 1266 602 1450 671; x_wconf 85' lang='lat' dir='ltr'><strong>prodit</strong></span> <span class='ocrx_word' id='word_1_41' title='bbox 1475 644 1490 671; x_wconf 92' lang='lat'><strong>,</strong></span> <span class='ocrx_word' id='word_1_42' title='bbox 1541 604 1638 660; x_wconf 87' lang='lat' dir='ltr'><strong>sed</strong></span> <span class='ocrx_word' id='word_1_43' title='bbox 1670 606 1992 661; x_wconf 71' lang='lat' dir='ltr'><strong>verberibus</strong></span> <span class='ocrx_word' id='word_1_44' title='bbox 2022 613 2076 661; x_wconf 91' lang='lat' dir='ltr'><strong>et</strong></span> 
     </span>
    </p>
   </div>
   <div class='ocr_carea' id='block_1_9' title="bbox 495 695 2072 765">
    <p class='ocr_par' dir='ltr' id='par_1_9' title="bbox 495 695 2072 765">
     <span class='ocr_line' id='line_1_9' title="bbox 495 695 2072 765; baseline 0.003 -18"><span class='ocrx_word' id='word_1_45' title='bbox 495 695 668 764; x_wconf 76' lang='lat' dir='ltr'><strong>ﬂagro</strong></span> <span class='ocrx_word' id='word_1_46' title='bbox 721 696 897 750; x_wconf 88' lang='lat' dir='ltr'><strong>sacris</strong></span> <span class='ocrx_word' id='word_1_47' title='bbox 938 695 1097 765; x_wconf 79' lang='lat'><strong>139</strong></span> <span class='ocrx_word' id='word_1_48' title='bbox 1126 695 1365 750; x_wconf 81' lang='lat' dir='ltr'><strong>aditibus</strong></span> <span class='ocrx_word' id='word_1_49' title='bbox 1417 696 1707 761; x_wconf 81' lang='lat' dir='ltr'><strong>exturbat,</strong></span> <span class='ocrx_word' id='word_1_50' title='bbox 1751 698 2072 752; x_wconf 80' lang='lat' dir='ltr'><strong>servitutem</strong></span> 
     </span>
    </p>
   </div>
   <div class='ocr_carea' id='block_1_10' title="bbox 492 784 2077 858">
    <p class='ocr_par' dir='ltr' id='par_1_10' title="bbox 492 784 2077 858">
     <span class='ocr_line' id='line_1_10' title="bbox 492 784 2077 858; baseline 0.003 -21"><span class='ocrx_word' id='word_1_51' title='bbox 492 786 547 838; x_wconf 89' lang='lat' dir='ltr'><strong>in</strong></span> <span class='ocrx_word' id='word_1_52' title='bbox 579 799 674 839; x_wconf 90' lang='lat' dir='ltr'><strong>eos</strong></span> <span class='ocrx_word' id='word_1_53' title='bbox 705 784 833 853; x_wconf 90' lang='lat' dir='ltr'><strong>jure</strong></span> <span class='ocrx_word' id='word_1_54' title='bbox 863 800 961 855; x_wconf 91' lang='lat' dir='ltr'><strong>pro</strong></span> <span class='ocrx_word' id='word_1_55' title='bbox 998 800 1156 855; x_wconf 87' lang='lat' dir='ltr'><strong>poena</strong></span> <span class='ocrx_word' id='word_1_56' title='bbox 1189 793 1441 842; x_wconf 87' lang='lat' dir='ltr'><strong>statuens</strong></span> <span class='ocrx_word' id='word_1_57' title='bbox 1463 827 1477 851; x_wconf 92' lang='lat'><strong>,</strong></span> <span class='ocrx_word' id='word_1_58' title='bbox 1511 794 1701 856; x_wconf 88' lang='lat' dir='ltr'><strong>utpote</strong></span> <span class='ocrx_word' id='word_1_59' title='bbox 1730 787 1823 858; x_wconf 87' lang='lat' dir='ltr'><strong>qui</strong></span> <span class='ocrx_word' id='word_1_60' title='bbox 1857 789 2077 843; x_wconf 86' lang='lat' dir='ltr'><strong>liberta-</strong></span> 
     </span>
    </p>
   </div>
   <div class='ocr_carea' id='block_1_11' title="bbox 494 875 2073 948">
    <p class='ocr_par' dir='ltr' id='par_1_11' title="bbox 494 875 2073 948">
     <span class='ocr_line' id='line_1_11' title="bbox 494 875 2073 948; baseline 0.002 -18"><span class='ocrx_word' id='word_1_61' title='bbox 494 877 564 931; x_wconf 88' lang='lat' dir='ltr'><strong>tis</strong></span> <span class='ocrx_word' id='word_1_62' title='bbox 592 885 920 931; x_wconf 86' lang='lat' dir='ltr'><strong>assertorem</strong></span> <span class='ocrx_word' id='word_1_63' title='bbox 951 875 1150 931; x_wconf 84' lang='lat' dir='ltr'><strong>Filium</strong></span> <span class='ocrx_word' id='word_1_64' title='bbox 1192 892 1290 947; x_wconf 89' lang='lat' dir='ltr'><strong>per</strong></span> <span class='ocrx_word' id='word_1_65' title='bbox 1334 879 1493 933; x_wconf 83' lang='lat' dir='ltr'><strong>ﬁdem</strong></span> <span class='ocrx_word' id='word_1_66' title='bbox 1527 879 1810 948; x_wconf 85' lang='lat' dir='ltr'><strong>suscipere</strong></span> <span class='ocrx_word' id='word_1_67' title='bbox 1848 895 2073 935; x_wconf 84' lang='lat' dir='ltr'><strong>recusa-</strong></span> 
     </span>
    </p>
   </div>
   <div class='ocr_carea' id='block_1_12' title="bbox 495 968 2076 1041">
    <p class='ocr_par' dir='ltr' id='par_1_12' title="bbox 495 968 2076 1041">
     <span class='ocr_line' id='line_1_12' title="bbox 495 968 2076 1041; baseline 0.004 -23"><span class='ocrx_word' id='word_1_68' title='bbox 495 968 603 1021; x_wconf 88' lang='lat' dir='ltr'><strong>turi</strong></span> <span class='ocrx_word' id='word_1_69' title='bbox 633 976 840 1023; x_wconf 87' lang='lat' dir='ltr'><strong>essent.</strong></span> <span class='ocrx_word' id='word_1_70' title='bbox 866 968 1001 1024; x_wconf 93' lang='lat' dir='ltr'><strong>Vide</strong></span> <span class='ocrx_word' id='word_1_71' title='bbox 1026 983 1190 1039; x_wconf 88' lang='lat' dir='ltr'><strong>porro</strong></span> <span class='ocrx_word' id='word_1_72' title='bbox 1218 978 1479 1041; x_wconf 84' lang='lat' dir='ltr'><strong>tanquam</strong></span> <span class='ocrx_word' id='word_1_73' title='bbox 1509 971 1565 1024; x_wconf 90' lang='lat' dir='ltr'><strong>in</strong></span> <span class='ocrx_word' id='word_1_74' title='bbox 1598 971 1838 1041; x_wconf 76' lang='lat' dir='ltr'><strong>imagine</strong></span> <span class='ocrx_word' id='word_1_75' title='bbox 1867 971 2076 1026; x_wconf 75' lang='lat' dir='ltr'><strong>descri-</strong></span> 
     </span>
    </p>
   </div>
   <div class='ocr_carea' id='block_1_13' title="bbox 495 1056 2071 1135">
    <p class='ocr_par' dir='ltr' id='par_1_13' title="bbox 495 1056 2071 1135">
     <span class='ocr_line' id='line_1_13' title="bbox 495 1056 2071 1135; baseline 0.005 -27"><span class='ocrx_word' id='word_1_76' title='bbox 495 1062 644 1126; x_wconf 90' lang='lat' dir='ltr'><strong>ptum</strong></span> <span class='ocrx_word' id='word_1_77' title='bbox 687 1056 821 1111; x_wconf 88' lang='lat' dir='ltr'><strong>illud</strong></span> <span class='ocrx_word' id='word_1_78' title='bbox 867 1056 1025 1112; x_wconf 81' lang='lat' dir='ltr'><strong>Pauli</strong></span> <span class='ocrx_word' id='word_1_79' title='bbox 1062 1059 1308 1114; x_wconf 90' lang='lat' dir='ltr'><strong>dictum:</strong></span> <span class='ocrx_word' id='word_1_80' title='bbox 1357 1079 1375 1112; x_wconf 77' lang='grc' dir='ltr'><strong>ι</strong></span> <span class='ocrx_word' id='word_1_81' title='bbox 1426 1058 1482 1114; x_wconf 89' lang='lat' dir='ltr'><strong>Si</strong></span> <span class='ocrx_word' id='word_1_82' title='bbox 1513 1062 1638 1131; x_wconf 90' lang='lat' dir='ltr'><strong>quis</strong></span> <span class='ocrx_word' id='word_1_83' title='bbox 1682 1063 1943 1135; x_wconf 76' lang='lat' dir='ltr'><strong>templum</strong></span> <span class='ocrx_word' id='word_1_84' title='bbox 1977 1063 2071 1117; x_wconf 82' lang='lat' dir='ltr'><strong>Dei</strong></span> 
     </span>
    </p>
   </div>
   <div class='ocr_carea' id='block_1_14' title="bbox 493 1147 1611 1218">
    <p class='ocr_par' dir='ltr' id='par_1_14' title="bbox 493 1147 1611 1218">
     <span class='ocr_line' id='line_1_14' title="bbox 493 1147 1611 1218; baseline 0.002 -17"><span class='ocrx_word' id='word_1_85' title='bbox 493 1148 813 1212; x_wconf 88' lang='lat' dir='ltr'><strong>violaverit,</strong></span> <span class='ocrx_word' id='word_1_86' title='bbox 850 1147 1130 1218; x_wconf 87' lang='lat' dir='ltr'><strong>disperdet</strong></span> <span class='ocrx_word' id='word_1_87' title='bbox 1157 1165 1282 1204; x_wconf 92' lang='lat' dir='ltr'><strong>eum</strong></span> <span class='ocrx_word' id='word_1_88' title='bbox 1322 1151 1466 1207; x_wconf 90' lang='lat' dir='ltr'><strong>Deus</strong></span> <span class='ocrx_word' id='word_1_89' title='bbox 1494 1153 1560 1205; x_wconf 82' lang='grc'><strong>⁸¹.</strong></span> <span class='ocrx_word' id='word_1_90' title='bbox 1592 1170 1611 1203; x_wconf 84' lang='grc'><strong>›</strong></span> 
     </span>
    </p>
   </div>
   <div class='ocr_carea' id='block_1_15' title="bbox 563 1237 2075 1314">
    <p class='ocr_par' dir='ltr' id='par_1_15' title="bbox 563 1237 2075 1314">
     <span class='ocr_line' id='line_1_15' title="bbox 563 1237 2075 1314; baseline 0.007 -23"><span class='ocrx_word' id='word_1_91' title='bbox 563 1237 607 1291; x_wconf 92' lang='lat' dir='ltr'><strong>ll</strong></span> <span class='ocrx_word' id='word_1_92' title='bbox 636 1280 651 1303; x_wconf 89' lang='lat'><strong>,</strong></span> <span class='ocrx_word' id='word_1_93' title='bbox 692 1237 778 1292; x_wconf 80' lang='grc'><strong>16.</strong></span> <span class='ocrx_word' id='word_1_94' title='bbox 836 1238 1057 1308; x_wconf 78' lang='lat' dir='ltr'><strong>Auferte</strong></span> <span class='ocrx_word' id='word_1_95' title='bbox 1082 1242 1188 1295; x_wconf 82' lang='lat' dir='ltr'><strong>ista</strong></span> <span class='ocrx_word' id='word_1_96' title='bbox 1216 1241 1356 1307; x_wconf 83' lang='lat' dir='ltr'><strong>hinc,</strong></span> <span class='ocrx_word' id='word_1_97' title='bbox 1388 1251 1435 1297; x_wconf 83' lang='lat' dir='ltr'><strong>et</strong></span> <span class='ocrx_word' id='word_1_98' title='bbox 1468 1244 1628 1298; x_wconf 83' lang='lat' dir='ltr'><strong>nolite</strong></span> <span class='ocrx_word' id='word_1_99' title='bbox 1656 1243 1829 1314; x_wconf 81' lang='lat' dir='ltr'><strong>facere</strong></span> <span class='ocrx_word' id='word_1_100' title='bbox 1862 1245 2075 1301; x_wconf 86' lang='lat' dir='ltr'><strong>domum</strong></span> 
     </span>
    </p>
   </div>
   <div class='ocr_carea' id='block_1_16' title="bbox 493 1328 1517 1404">
    <p class='ocr_par' dir='ltr' id='par_1_16' title="bbox 493 1328 1517 1404">
     <span class='ocr_line' id='line_1_16' title="bbox 493 1328 1517 1404; baseline 0.005 -21"><span class='ocrx_word' id='word_1_101' title='bbox 493 1328 678 1383; x_wconf 79' lang='lat' dir='ltr'><strong>Patris</strong></span> <span class='ocrx_word' id='word_1_102' title='bbox 707 1331 808 1383; x_wconf 82' lang='lat' dir='ltr'><strong>mei</strong></span> <span class='ocrx_word' id='word_1_103' title='bbox 833 1370 846 1395; x_wconf 93' lang='lat'><strong>,</strong></span> <span class='ocrx_word' id='word_1_104' title='bbox 881 1331 1095 1385; x_wconf 88' lang='lat' dir='ltr'><strong>domum</strong></span> <span class='ocrx_word' id='word_1_105' title='bbox 1124 1335 1517 1404; x_wconf 72' lang='lat' dir='ltr'><strong>negotiationis.</strong></span> 
     </span>
    </p>
   </div>
   <div class='ocr_carea' id='block_1_17' title="bbox 573 1420 2073 1491">
    <p class='ocr_par' dir='ltr' id='par_1_17' title="bbox 573 1420 2073 1491">
     <span class='ocr_line' id='line_1_17' title="bbox 573 1420 2073 1491; baseline 0.007 -18"><span class='ocrx_word' id='word_1_106' title='bbox 573 1420 796 1476; x_wconf 83' lang='lat' dir='ltr'><strong>Mandat</strong></span> <span class='ocrx_word' id='word_1_107' title='bbox 829 1421 1049 1491; x_wconf 89' lang='lat' dir='ltr'><strong>quidem</strong></span> <span class='ocrx_word' id='word_1_108' title='bbox 1082 1430 1147 1481; x_wconf 76' lang='lat' dir='ltr'><strong>ut,</strong></span> <span class='ocrx_word' id='word_1_109' title='bbox 1171 1424 1440 1481; x_wconf 90' lang='lat' dir='ltr'><strong>Dominus</strong></span> <span class='ocrx_word' id='word_1_110' title='bbox 1464 1464 1481 1490; x_wconf 85' lang='lat'><strong>,</strong></span> <span class='ocrx_word' id='word_1_111' title='bbox 1521 1427 1588 1481; x_wconf 89' lang='lat' dir='ltr'><strong>ad</strong></span> <span class='ocrx_word' id='word_1_112' title='bbox 1622 1427 1855 1483; x_wconf 82' lang='lat' dir='ltr'><strong>oliicium</strong></span> <span class='ocrx_word' id='word_1_113' title='bbox 1893 1434 2073 1484; x_wconf 88' lang='lat' dir='ltr'><strong>autem</strong></span> 
     </span>
    </p>
   </div>
   <div class='ocr_carea' id='block_1_18' title="bbox 493 1511 2072 1593">
    <p class='ocr_par' dir='ltr' id='par_1_18' title="bbox 493 1511 2072 1593">
     <span class='ocr_line' id='line_1_18' title="bbox 493 1511 2072 1593; baseline 0.006 -28"><span class='ocrx_word' id='word_1_114' title='bbox 493 1511 846 1575; x_wconf 83' lang='lat' dir='ltr'><strong>niauuducit,</strong></span> <span class='ocrx_word' id='word_1_115' title='bbox 904 1520 965 1567; x_wconf 87' lang='lat' dir='ltr'><strong>ut</strong></span> <span class='ocrx_word' id='word_1_116' title='bbox 1015 1516 1317 1585; x_wconf 84' lang='lat' dir='ltr'><strong>magister,</strong></span> <span class='ocrx_word' id='word_1_117' title='bbox 1367 1525 1423 1572; x_wconf 90' lang='lat' dir='ltr'><strong>et</strong></span> <span class='ocrx_word' id='word_1_118' title='bbox 1494 1528 1856 1593; x_wconf 83' lang='lat' dir='ltr'><strong>praeterquam</strong></span> <span class='ocrx_word' id='word_1_119' title='bbox 1929 1519 2072 1590; x_wconf 89' lang='lat' dir='ltr'><strong>quod</strong></span> 
     </span>
    </p>
   </div>
   <div class='ocr_carea' id='block_1_19' title="bbox 491 1604 2073 1680">
    <p class='ocr_par' dir='ltr' id='par_1_19' title="bbox 491 1604 2073 1680">
     <span class='ocr_line' id='line_1_19' title="bbox 491 1604 2073 1680; baseline 0.005 -23"><span class='ocrx_word' id='word_1_120' title='bbox 491 1606 764 1678; x_wconf 77' lang='lat' dir='ltr'><strong>castigat,</strong></span> <span class='ocrx_word' id='word_1_121' title='bbox 793 1604 991 1660; x_wconf 90' lang='lat' dir='ltr'><strong>delicta</strong></span> <span class='ocrx_word' id='word_1_122' title='bbox 1021 1606 1197 1676; x_wconf 86' lang='lat' dir='ltr'><strong>aperit</strong></span> <span class='ocrx_word' id='word_1_123' title='bbox 1222 1646 1238 1671; x_wconf 91' lang='lat'><strong>,</strong></span> <span class='ocrx_word' id='word_1_124' title='bbox 1281 1615 1336 1661; x_wconf 91' lang='lat' dir='ltr'><strong>et</strong></span> <span class='ocrx_word' id='word_1_125' title='bbox 1368 1623 1556 1662; x_wconf 90' lang='lat' dir='ltr'><strong>eorum</strong></span> <span class='ocrx_word' id='word_1_126' title='bbox 1583 1609 1790 1679; x_wconf 87' lang='lat' dir='ltr'><strong>pudore</strong></span> <span class='ocrx_word' id='word_1_127' title='bbox 1820 1626 1944 1665; x_wconf 91' lang='lat' dir='ltr'><strong>eum</strong></span> <span class='ocrx_word' id='word_1_128' title='bbox 1981 1611 2073 1680; x_wconf 90' lang='lat' dir='ltr'><strong>qui</strong></span> 
     </span>
    </p>
   </div>
   <div class='ocr_carea' id='block_1_20' title="bbox 495 1670 2147 1768">
    <p class='ocr_par' dir='ltr' id='par_1_20' title="bbox 495 1670 2147 1768">
     <span class='ocr_line' id='line_1_20' title="bbox 495 1670 2147 1768; baseline 0.004 -19"><span class='ocrx_word' id='word_1_129' title='bbox 495 1698 742 1767; x_wconf 85' lang='lat' dir='ltr'><strong>punitur,</strong></span> <span class='ocrx_word' id='word_1_130' title='bbox 779 1697 902 1768; x_wconf 74' lang='lat' dir='ltr'><strong>angi</strong></span> <span class='ocrx_word' id='word_1_131' title='bbox 935 1712 1045 1753; x_wconf 90' lang='lat' dir='ltr'><strong>non</strong></span> <span class='ocrx_word' id='word_1_132' title='bbox 1079 1697 1234 1752; x_wconf 87' lang='lat' dir='ltr'><strong>sinit.</strong></span> <span class='ocrx_word' id='word_1_133' title='bbox 1270 1697 1686 1756; x_wconf 81' lang='lat' dir='ltr'><strong>Observandum</strong></span> <span class='ocrx_word' id='word_1_134' title='bbox 1717 1709 1923 1768; x_wconf 89' lang='lat' dir='ltr'><strong>autem,</strong></span> <span class='ocrx_word' id='word_1_135' title='bbox 1951 1718 2074 1758; x_wconf 87' lang='lat' dir='ltr'><strong>rur-</strong></span> <span class='ocrx_word' id='word_1_136' title='bbox 2107 1670 2147 1732; x_wconf 71' lang='grc' dir='ltr'><strong><em>Β</em></strong></span> 
     </span>
    </p>
   </div>
   <div class='ocr_carea' id='block_1_21' title="bbox 494 1786 2076 1861">
    <p class='ocr_par' dir='ltr' id='par_1_21' title="bbox 494 1786 2076 1861">
     <span class='ocr_line' id='line_1_21' title="bbox 494 1786 2076 1861; baseline 0.003 -18"><span class='ocrx_word' id='word_1_137' title='bbox 494 1804 590 1843; x_wconf 90' lang='lat' dir='ltr'><strong>sus</strong></span> <span class='ocrx_word' id='word_1_138' title='bbox 637 1786 852 1843; x_wconf 85' lang='lat' dir='ltr'><strong>Patrem</strong></span> <span class='ocrx_word' id='word_1_139' title='bbox 915 1803 1075 1843; x_wconf 93' lang='lat' dir='ltr'><strong>suum</strong></span> <span class='ocrx_word' id='word_1_140' title='bbox 1131 1803 1331 1843; x_wconf 88' lang='lat' dir='ltr'><strong>vocare</strong></span> <span class='ocrx_word' id='word_1_141' title='bbox 1381 1790 1544 1845; x_wconf 86' lang='lat' dir='ltr'><strong>unice</strong></span> <span class='ocrx_word' id='word_1_142' title='bbox 1601 1804 1670 1844; x_wconf 90' lang='lat' dir='ltr'><strong>ac</strong></span> <span class='ocrx_word' id='word_1_143' title='bbox 1724 1791 2076 1861; x_wconf 85' lang='lat' dir='ltr'><strong>peculiariter</strong></span> 
     </span>
    </p>
   </div>
   <div class='ocr_carea' id='block_1_22' title="bbox 498 1877 2075 1949">
    <p class='ocr_par' dir='ltr' id='par_1_22' title="bbox 498 1877 2075 1949">
     <span class='ocr_line' id='line_1_22' title="bbox 498 1877 2075 1949; baseline 0.008 -20"><span class='ocrx_word' id='word_1_144' title='bbox 498 1877 687 1943; x_wconf 90' lang='lat' dir='ltr'><strong>Deum,</strong></span> <span class='ocrx_word' id='word_1_145' title='bbox 720 1886 851 1948; x_wconf 88' lang='lat' dir='ltr'><strong>puta</strong></span> <span class='ocrx_word' id='word_1_146' title='bbox 881 1878 1029 1947; x_wconf 87' lang='lat' dir='ltr'><strong>quod</strong></span> <span class='ocrx_word' id='word_1_147' title='bbox 1064 1878 1182 1949; x_wconf 89' lang='lat' dir='ltr'><strong>ipse</strong></span> <span class='ocrx_word' id='word_1_148' title='bbox 1214 1879 1376 1935; x_wconf 80' lang='lat' dir='ltr'><strong>etiam</strong></span> <span class='ocrx_word' id='word_1_149' title='bbox 1413 1880 1563 1935; x_wconf 90' lang='lat' dir='ltr'><strong>solus</strong></span> <span class='ocrx_word' id='word_1_150' title='bbox 1588 1883 1889 1937; x_wconf 89' lang='lat' dir='ltr'><strong>secundum</strong></span> <span class='ocrx_word' id='word_1_151' title='bbox 1926 1894 2075 1941; x_wconf 87' lang='lat' dir='ltr'><strong>natu-</strong></span> 
     </span>
    </p>
   </div>
   <div class='ocr_carea' id='block_1_23' title="bbox 496 1971 2070 2043">
    <p class='ocr_par' dir='ltr' id='par_1_23' title="bbox 496 1971 2070 2043">
     <span class='ocr_line' id='line_1_23' title="bbox 496 1971 2070 2043; baseline 0.002 -18"><span class='ocrx_word' id='word_1_152' title='bbox 496 1987 614 2025; x_wconf 85' lang='lat' dir='ltr'><strong>ram</strong></span> <span class='ocrx_word' id='word_1_153' title='bbox 648 1972 717 2027; x_wconf 91' lang='lat' dir='ltr'><strong>sit</strong></span> <span class='ocrx_word' id='word_1_154' title='bbox 755 1986 822 2027; x_wconf 80' lang='lat' dir='ltr'><strong>ex</strong></span> <span class='ocrx_word' id='word_1_155' title='bbox 849 1976 989 2041; x_wconf 91' lang='lat' dir='ltr'><strong>ipso,</strong></span> <span class='ocrx_word' id='word_1_156' title='bbox 1024 1986 1088 2024; x_wconf 90' lang='lat' dir='ltr'><strong>ac</strong></span> <span class='ocrx_word' id='word_1_157' title='bbox 1119 1987 1247 2027; x_wconf 88' lang='lat' dir='ltr'><strong>vere</strong></span> <span class='ocrx_word' id='word_1_158' title='bbox 1277 1973 1515 2043; x_wconf 78' lang='lat' dir='ltr'><strong>genitus.</strong></span> <span class='ocrx_word' id='word_1_159' title='bbox 1545 1971 1680 2027; x_wconf 87' lang='lat' dir='ltr'><strong>Nam</strong></span> <span class='ocrx_word' id='word_1_160' title='bbox 1722 1973 1767 2027; x_wconf 89' lang='lat' dir='ltr'><strong>si</strong></span> <span class='ocrx_word' id='word_1_161' title='bbox 1803 1973 2070 2029; x_wconf 86' lang='lat' dir='ltr'><strong>rationem</strong></span> 
     </span>
    </p>
   </div>
   <div class='ocr_carea' id='block_1_24' title="bbox 495 2061 2073 2126">
    <p class='ocr_par' dir='ltr' id='par_1_24' title="bbox 495 2061 2073 2126">
     <span class='ocr_line' id='line_1_24' title="bbox 495 2061 2073 2126; baseline 0.004 -13"><span class='ocrx_word' id='word_1_162' title='bbox 495 2062 656 2115; x_wconf 89' lang='lat' dir='ltr'><strong>istam</strong></span> <span class='ocrx_word' id='word_1_163' title='bbox 702 2076 811 2116; x_wconf 87' lang='lat' dir='ltr'><strong>non</strong></span> <span class='ocrx_word' id='word_1_164' title='bbox 869 2062 1072 2126; x_wconf 89' lang='lat' dir='ltr'><strong>habet,</strong></span> <span class='ocrx_word' id='word_1_165' title='bbox 1118 2063 1211 2119; x_wconf 88' lang='lat' dir='ltr'><strong>sed</strong></span> <span class='ocrx_word' id='word_1_166' title='bbox 1246 2061 1483 2121; x_wconf 78' lang='lat' dir='ltr'><strong>Verbum</strong></span> <span class='ocrx_word' id='word_1_167' title='bbox 1530 2064 1605 2118; x_wconf 88' lang='lat' dir='ltr'><strong>ita</strong></span> <span class='ocrx_word' id='word_1_168' title='bbox 1656 2066 1943 2122; x_wconf 88' lang='lat' dir='ltr'><strong>nobiscum</strong></span> <span class='ocrx_word' id='word_1_169' title='bbox 1991 2074 2073 2123; x_wconf 87' lang='lat' dir='ltr'><strong>est</strong></span> 
     </span>
    </p>
   </div>
   <div class='ocr_carea' id='block_1_25' title="bbox 497 2153 2074 2227">
    <p class='ocr_par' dir='ltr' id='par_1_25' title="bbox 497 2153 2074 2227">
     <span class='ocr_line' id='line_1_25' title="bbox 497 2153 2074 2227; baseline 0.006 -23"><span class='ocrx_word' id='word_1_170' title='bbox 497 2153 639 2208; x_wconf 78' lang='lat' dir='ltr'><strong>[ilius</strong></span> <span class='ocrx_word' id='word_1_171' title='bbox 663 2193 678 2219; x_wconf 95' lang='lat'><strong>,</strong></span> <span class='ocrx_word' id='word_1_172' title='bbox 737 2158 795 2207; x_wconf 87' lang='lat' dir='ltr'><strong>ut</strong></span> <span class='ocrx_word' id='word_1_173' title='bbox 842 2169 987 2209; x_wconf 90' lang='lat' dir='ltr'><strong>unus</strong></span> <span class='ocrx_word' id='word_1_174' title='bbox 1022 2168 1088 2207; x_wconf 81' lang='lat' dir='ltr'><strong>ex</strong></span> <span class='ocrx_word' id='word_1_175' title='bbox 1123 2154 1320 2219; x_wconf 88' lang='lat' dir='ltr'><strong>nobis,</strong></span> <span class='ocrx_word' id='word_1_176' title='bbox 1354 2155 1647 2227; x_wconf 86' lang='lat' dir='ltr'><strong>adoptione</strong></span> <span class='ocrx_word' id='word_1_177' title='bbox 1685 2155 1944 2212; x_wconf 88' lang='lat' dir='ltr'><strong>nimirum</strong></span> <span class='ocrx_word' id='word_1_178' title='bbox 1971 2197 1986 2224; x_wconf 93' lang='lat'><strong>,</strong></span> <span class='ocrx_word' id='word_1_179' title='bbox 2019 2168 2074 2214; x_wconf 88' lang='lat' dir='ltr'><strong>et</strong></span> 
     </span>
    </p>
   </div>
   <div class='ocr_carea' id='block_1_26' title="bbox 494 2240 2071 2318">
    <p class='ocr_par' dir='ltr' id='par_1_26' title="bbox 494 2240 2071 2318">
     <span class='ocr_line' id='line_1_26' title="bbox 494 2240 2071 2318; baseline 0.003 -20"><span class='ocrx_word' id='word_1_180' title='bbox 494 2241 613 2298; x_wconf 86' lang='lat' dir='ltr'><strong>sola</strong></span> <span class='ocrx_word' id='word_1_181' title='bbox 642 2240 821 2297; x_wconf 81' lang='lat' dir='ltr'><strong>Patris</strong></span> <span class='ocrx_word' id='word_1_182' title='bbox 853 2243 1155 2309; x_wconf 78' lang='lat' dir='ltr'><strong>voluntate,</strong></span> <span class='ocrx_word' id='word_1_183' title='bbox 1188 2258 1350 2314; x_wconf 89' lang='lat' dir='ltr'><strong>quam</strong></span> <span class='ocrx_word' id='word_1_184' title='bbox 1397 2246 1468 2300; x_wconf 94' lang='lat' dir='ltr'><strong>ob</strong></span> <span class='ocrx_word' id='word_1_185' title='bbox 1506 2261 1645 2309; x_wconf 89' lang='lat' dir='ltr'><strong>rem,</strong></span> <span class='ocrx_word' id='word_1_186' title='bbox 1681 2262 1888 2318; x_wconf 78' lang='lat' dir='ltr'><strong>quaeso,</strong></span> <span class='ocrx_word' id='word_1_187' title='bbox 1921 2264 2071 2302; x_wconf 91' lang='lat' dir='ltr'><strong>com-</strong></span> 
     </span>
    </p>
   </div>
   <div class='ocr_carea' id='block_1_27' title="bbox 496 2332 2070 2407">
    <p class='ocr_par' dir='ltr' id='par_1_27' title="bbox 496 2332 2070 2407">
     <span class='ocr_line' id='line_1_27' title="bbox 496 2332 2070 2407; baseline 0.008 -24"><span class='ocrx_word' id='word_1_188' title='bbox 496 2346 714 2389; x_wconf 89' lang='lat' dir='ltr'><strong>munem</strong></span> <span class='ocrx_word' id='word_1_189' title='bbox 746 2332 893 2386; x_wconf 80' lang='lat' dir='ltr'><strong>illam</strong></span> <span class='ocrx_word' id='word_1_190' title='bbox 931 2339 985 2387; x_wconf 88' lang='lat' dir='ltr'><strong>ct</strong></span> <span class='ocrx_word' id='word_1_191' title='bbox 1011 2333 1270 2389; x_wconf 88' lang='lat' dir='ltr'><strong>omnibus</strong></span> <span class='ocrx_word' id='word_1_192' title='bbox 1304 2336 1639 2404; x_wconf 87' lang='lat' dir='ltr'><strong>propositam</strong></span> <span class='ocrx_word' id='word_1_193' title='bbox 1671 2338 1894 2407; x_wconf 80' lang='lat' dir='ltr'><strong>gloriam</strong></span> <span class='ocrx_word' id='word_1_194' title='bbox 1919 2339 2070 2395; x_wconf 86' lang='lat' dir='ltr'><strong>solus</strong></span> 
     </span>
    </p>
   </div>
   <div class='ocr_carea' id='block_1_28' title="bbox 493 2422 2070 2494">
    <p class='ocr_par' dir='ltr' id='par_1_28' title="bbox 493 2422 2070 2494">
     <span class='ocr_line' id='line_1_28' title="bbox 493 2422 2070 2494; baseline 0.006 -17"><span class='ocrx_word' id='word_1_195' title='bbox 493 2422 598 2477; x_wconf 88' lang='lat' dir='ltr'><strong>sibi</strong></span> <span class='ocrx_word' id='word_1_196' title='bbox 625 2431 845 2494; x_wconf 82' lang='lat' dir='ltr'><strong>arrogat</strong></span> <span class='ocrx_word' id='word_1_197' title='bbox 872 2439 996 2479; x_wconf 91' lang='lat' dir='ltr'><strong>cum</strong></span> <span class='ocrx_word' id='word_1_198' title='bbox 1032 2424 1108 2478; x_wconf 90' lang='lat' dir='ltr'><strong>ait</strong></span> <span class='ocrx_word' id='word_1_199' title='bbox 1149 2444 1161 2480; x_wconf 93' lang='lat'>:</span> <span class='ocrx_word' id='word_1_200' title='bbox 1206 2424 1386 2481; x_wconf 85' lang='lat' dir='ltr'><strong>Nolite</strong></span> <span class='ocrx_word' id='word_1_201' title='bbox 1428 2428 1608 2483; x_wconf 79' lang='lat' dir='ltr'><strong>facere</strong></span> <span class='ocrx_word' id='word_1_202' title='bbox 1637 2428 1857 2485; x_wconf 90' lang='lat' dir='ltr'><strong>domum</strong></span> <span class='ocrx_word' id='word_1_203' title='bbox 1885 2429 2070 2487; x_wconf 88' lang='lat' dir='ltr'><strong>Patris</strong></span> 
     </span>
    </p>
   </div>
   <div class='ocr_carea' id='block_1_29' title="bbox 493 2511 2072 2583">
    <p class='ocr_par' dir='ltr' id='par_1_29' title="bbox 493 2511 2072 2583">
     <span class='ocr_line' id='line_1_29' title="bbox 493 2511 2072 2583; baseline 0.008 -20"><span class='ocrx_word' id='word_1_204' title='bbox 493 2511 629 2575; x_wconf 86' lang='lat' dir='ltr'><strong>mei,</strong></span> <span class='ocrx_word' id='word_1_205' title='bbox 664 2527 772 2567; x_wconf 88' lang='lat' dir='ltr'><strong>non</strong></span> <span class='ocrx_word' id='word_1_206' title='bbox 807 2523 990 2568; x_wconf 87' lang='lat' dir='ltr'><strong>autem</strong></span> <span class='ocrx_word' id='word_1_207' title='bbox 1020 2513 1202 2583; x_wconf 86' lang='lat' dir='ltr'><strong>potius</strong></span> <span class='ocrx_word' id='word_1_208' title='bbox 1228 2515 1450 2569; x_wconf 83' lang='lat' dir='ltr'><strong>domum</strong></span> <span class='ocrx_word' id='word_1_209' title='bbox 1484 2514 1665 2571; x_wconf 87' lang='lat' dir='ltr'><strong>Patris</strong></span> <span class='ocrx_word' id='word_1_210' title='bbox 1703 2518 1927 2572; x_wconf 82' lang='lat' dir='ltr'><strong>nostri?</strong></span> <span class='ocrx_word' id='word_1_211' title='bbox 1968 2517 2072 2576; x_wconf 90' lang='lat' dir='ltr'><strong>hoc</strong></span> 
     </span>
    </p>
   </div>
   <div class='ocr_carea' id='block_1_30' title="bbox 491 2601 2070 2676">
    <p class='ocr_par' dir='ltr' id='par_1_30' title="bbox 491 2601 2070 2676">
     <span class='ocr_line' id='line_1_30' title="bbox 491 2601 2070 2676; baseline 0.007 -20"><span class='ocrx_word' id='word_1_212' title='bbox 491 2601 639 2657; x_wconf 82' lang='lat' dir='ltr'><strong>enim</strong></span> <span class='ocrx_word' id='word_1_213' title='bbox 667 2603 853 2660; x_wconf 88' lang='lat' dir='ltr'><strong>dicere</strong></span> <span class='ocrx_word' id='word_1_214' title='bbox 879 2605 1053 2676; x_wconf 77' lang='lat' dir='ltr'><strong>magis</strong></span> <span class='ocrx_word' id='word_1_215' title='bbox 1081 2604 1271 2661; x_wconf 82' lang='lat' dir='ltr'><strong>forsan</strong></span> <span class='ocrx_word' id='word_1_216' title='bbox 1298 2615 1728 2663; x_wconf 87' lang='lat' dir='ltr'><strong>consentaneum</strong></span> <span class='ocrx_word' id='word_1_217' title='bbox 1754 2620 1905 2674; x_wconf 91' lang='lat' dir='ltr'><strong>erat,</strong></span> <span class='ocrx_word' id='word_1_218' title='bbox 1936 2612 1981 2666; x_wconf 89' lang='lat' dir='ltr'><strong>si</strong></span> <span class='ocrx_word' id='word_1_219' title='bbox 2012 2627 2070 2668; x_wconf 84' lang='lat' dir='ltr'><strong>se</strong></span> 
     </span>
    </p>
   </div>
   <div class='ocr_carea' id='block_1_31' title="bbox 492 2695 2066 2770">
    <p class='ocr_par' dir='ltr' id='par_1_31' title="bbox 492 2695 2066 2770">
     <span class='ocr_line' id='line_1_31' title="bbox 492 2695 2066 2770; baseline 0.004 -23"><span class='ocrx_word' id='word_1_220' title='bbox 492 2709 662 2748; x_wconf 86' lang='lat' dir='ltr'><strong>unum</strong></span> <span class='ocrx_word' id='word_1_221' title='bbox 694 2711 757 2749; x_wconf 82' lang='lat' dir='ltr'><strong>ex</strong></span> <span class='ocrx_word' id='word_1_222' title='bbox 790 2695 861 2751; x_wconf 91' lang='lat' dir='ltr'><strong>iis</strong></span> <span class='ocrx_word' id='word_1_223' title='bbox 893 2696 988 2766; x_wconf 87' lang='lat' dir='ltr'><strong>qui</strong></span> <span class='ocrx_word' id='word_1_224' title='bbox 1025 2703 1219 2751; x_wconf 88' lang='lat' dir='ltr'><strong>natura</strong></span> <span class='ocrx_word' id='word_1_225' title='bbox 1254 2712 1360 2751; x_wconf 93' lang='lat' dir='ltr'><strong>non</strong></span> <span class='ocrx_word' id='word_1_226' title='bbox 1399 2705 1528 2752; x_wconf 92' lang='lat' dir='ltr'><strong>sunt</strong></span> <span class='ocrx_word' id='word_1_227' title='bbox 1560 2698 1655 2752; x_wconf 84' lang='lat' dir='ltr'><strong>lilii</strong></span> <span class='ocrx_word' id='word_1_228' title='bbox 1697 2697 1790 2754; x_wconf 90' lang='lat' dir='ltr'><strong>Dei</strong></span> <span class='ocrx_word' id='word_1_229' title='bbox 1827 2701 2066 2770; x_wconf 79' lang='lat' dir='ltr'><strong>scipsum</strong></span> 
     </span>
    </p>
   </div>
   <div class='ocr_carea' id='block_1_32' title="bbox 490 2786 2066 2859">
    <p class='ocr_par' dir='ltr' id='par_1_32' title="bbox 490 2786 2066 2859">
     <span class='ocr_line' id='line_1_32' title="bbox 490 2786 2066 2859; baseline 0.004 -19"><span class='ocrx_word' id='word_1_230' title='bbox 490 2798 615 2841; x_wconf 88' lang='lat' dir='ltr'><strong>esse</strong></span> <span class='ocrx_word' id='word_1_231' title='bbox 659 2786 887 2840; x_wconf 86' lang='lat' dir='ltr'><strong>sciebat.</strong></span> <span class='ocrx_word' id='word_1_232' title='bbox 936 2786 1071 2841; x_wconf 90' lang='lat' dir='ltr'><strong>Cum</strong></span> <span class='ocrx_word' id='word_1_233' title='bbox 1123 2788 1335 2842; x_wconf 78' lang='lat' dir='ltr'><strong>autcm’</strong></span> <span class='ocrx_word' id='word_1_234' title='bbox 1370 2787 1606 2843; x_wconf 89' lang='lat' dir='ltr'><strong>Verbum</strong></span> <span class='ocrx_word' id='word_1_235' title='bbox 1663 2791 1907 2859; x_wconf 86' lang='lat' dir='ltr'><strong>seipsum</strong></span> <span class='ocrx_word' id='word_1_236' title='bbox 1958 2807 2066 2847; x_wconf 93' lang='lat' dir='ltr'><strong>non</strong></span> 
     </span>
    </p>
   </div>
   <div class='ocr_carea' id='block_1_33' title="bbox 491 2872 2066 2947">
    <p class='ocr_par' dir='ltr' id='par_1_33' title="bbox 491 2872 2066 2947">
     <span class='ocr_line' id='line_1_33' title="bbox 491 2872 2066 2947; baseline 0.006 -20"><span class='ocrx_word' id='word_1_237' title='bbox 491 2873 636 2927; x_wconf 83' lang='lat' dir='ltr'><strong>inter</strong></span> <span class='ocrx_word' id='word_1_238' title='bbox 664 2872 804 2928; x_wconf 81' lang='lat' dir='ltr'><strong>lilios</strong></span> <span class='ocrx_word' id='word_1_239' title='bbox 834 2888 930 2943; x_wconf 89' lang='lat' dir='ltr'><strong>per</strong></span> <span class='ocrx_word' id='word_1_240' title='bbox 962 2874 1195 2945; x_wconf 81' lang='lat' dir='ltr'><strong>gratiam</strong></span> <span class='ocrx_word' id='word_1_241' title='bbox 1225 2877 1548 2947; x_wconf 81' lang='lat' dir='ltr'><strong>ascriptum,</strong></span> <span class='ocrx_word' id='word_1_242' title='bbox 1581 2876 1676 2933; x_wconf 87' lang='lat' dir='ltr'><strong>sed</strong></span> <span class='ocrx_word' id='word_1_243' title='bbox 1707 2894 1773 2933; x_wconf 83' lang='lat' dir='ltr'><strong>ex</strong></span> <span class='ocrx_word' id='word_1_244' title='bbox 1806 2881 2066 2936; x_wconf 87' lang='lat' dir='ltr'><strong>substan-</strong></span> 
     </span>
    </p>
   </div>
   <div class='ocr_carea' id='block_1_34' title="bbox 2177 424 3751 509">
    <p class='ocr_par' dir='ltr' id='par_1_34' title="bbox 2177 424 3751 509">
     <span class='ocr_line' id='line_1_34' title="bbox 2177 424 3751 509; baseline 0.011 -33"><span class='ocrx_word' id='word_1_245' title='bbox 2177 424 2319 477; x_wconf 84' lang='grc' dir='ltr'>θεῖον</span> <span class='ocrx_word' id='word_1_246' title='bbox 2383 426 2548 496; x_wconf 79' lang='grc' dir='ltr'>ὲχρῆν</span> <span class='ocrx_word' id='word_1_247' title='bbox 2598 427 2977 482; x_wconf 77' lang='grc' dir='ltr'><strong>ἀποτελεῖσθαι</strong></span> <span class='ocrx_word' id='word_1_248' title='bbox 3011 430 3139 483; x_wconf 81' lang='grc' dir='ltr'>ναὸν</span> <span class='ocrx_word' id='word_1_249' title='bbox 3166 471 3180 496; x_wconf 93' lang='grc'><strong>,</strong></span> <span class='ocrx_word' id='word_1_250' title='bbox 3221 432 3337 487; x_wconf 84' lang='grc' dir='ltr'>ἀλλ’</span> <span class='ocrx_word' id='word_1_251' title='bbox 3367 429 3517 490; x_wconf 73' lang='grc' dir='ltr'>οἷκον</span> <span class='ocrx_word' id='word_1_252' title='bbox 3566 436 3751 509; x_wconf 73' lang='grc' dir='ltr'>εὐχῆς.</span> 
     </span>
    </p>
   </div>
   <div class='ocr_carea' id='block_1_35' title="bbox 2177 513 3757 598">
    <p class='ocr_par' dir='ltr' id='par_1_35' title="bbox 2177 513 3757 598">
     <span class='ocr_line' id='line_1_35' title="bbox 2177 513 3757 598; baseline 0.013 -31"><span class='ocrx_word' id='word_1_253' title='bbox 2177 513 2332 568; x_wconf 72' lang='grc' dir='ltr'>Οὕτω</span> <span class='ocrx_word' id='word_1_254' title='bbox 2364 515 2471 584; x_wconf 87' lang='grc' dir='ltr'><strong>γὰρ</strong></span> <span class='ocrx_word' id='word_1_255' title='bbox 2508 515 2857 587; x_wconf 85' lang='grc' dir='ltr'>γέγραπται·</span> <span class='ocrx_word' id='word_1_256' title='bbox 2890 519 3128 575; x_wconf 88' lang='grc' dir='ltr'>δείκνυσι</span> <span class='ocrx_word' id='word_1_257' title='bbox 3176 522 3231 576; x_wconf 81' lang='grc' dir='ltr'>δὲ</span> <span class='ocrx_word' id='word_1_258' title='bbox 3269 526 3371 580; x_wconf 75' lang='grc' dir='ltr'><strong>οῦκ</strong></span> <span class='ocrx_word' id='word_1_259' title='bbox 3402 529 3460 582; x_wconf 81' lang='grc' dir='ltr'>ὲν</span> <span class='ocrx_word' id='word_1_260' title='bbox 3497 529 3673 598; x_wconf 69' lang='grc' dir='ltr'>ψιλοῖς</span> <span class='ocrx_word' id='word_1_261' title='bbox 3698 533 3757 589; x_wconf 78' lang='grc' dir='ltr'>τὸ</span> 
     </span>
    </p>
   </div>
   <div class='ocr_carea' id='block_1_36' title="bbox 2177 603 3753 694">
    <p class='ocr_par' dir='ltr' id='par_1_36' title="bbox 2177 603 3753 694">
     <span class='ocr_line' id='line_1_36' title="bbox 2177 603 3753 694; baseline 0.013 -37"><span class='ocrx_word' id='word_1_262' title='bbox 2177 603 2381 674; x_wconf 81' lang='grc' dir='ltr'>κίνημα</span> <span class='ocrx_word' id='word_1_263' title='bbox 2412 605 2610 674; x_wconf 83' lang='grc' dir='ltr'><strong>λόγοις,</strong></span> <span class='ocrx_word' id='word_1_264' title='bbox 2636 607 2770 662; x_wconf 76' lang='grc' dir='ltr'>ἀλλὰ</span> <span class='ocrx_word' id='word_1_265' title='bbox 2794 608 3049 680; x_wconf 84' lang='grc' dir='ltr'><strong>πληγαῖς,</strong></span> <span class='ocrx_word' id='word_1_266' title='bbox 3088 613 3179 667; x_wconf 76' lang='grc' dir='ltr'><strong>καὶ</strong></span> <span class='ocrx_word' id='word_1_267' title='bbox 3213 616 3435 686; x_wconf 75' lang='grc' dir='ltr'><strong>μάστιγι</strong></span> <span class='ocrx_word' id='word_1_268' title='bbox 3464 620 3571 675; x_wconf 81' lang='grc' dir='ltr'>τῶν</span> <span class='ocrx_word' id='word_1_269' title='bbox 3594 624 3753 694; x_wconf 80' lang='grc' dir='ltr'>ἱερῶν</span> 
     </span>
    </p>
   </div>
   <div class='ocr_carea' id='block_1_37' title="bbox 2176 693 3759 777">
    <p class='ocr_par' dir='ltr' id='par_1_37' title="bbox 2176 693 3759 777">
     <span class='ocr_line' id='line_1_37' title="bbox 2176 693 3759 777; baseline 0.011 -30"><span class='ocrx_word' id='word_1_270' title='bbox 2176 693 2367 759; x_wconf 76' lang='grc' dir='ltr'>ἐξωθεῖ</span> <span class='ocrx_word' id='word_1_271' title='bbox 2406 697 2728 767; x_wconf 80' lang='grc' dir='ltr'>περιϐόλων,</span> <span class='ocrx_word' id='word_1_272' title='bbox 2757 700 3096 773; x_wconf 79' lang='grc' dir='ltr'>δουλοπρεπῆ</span> <span class='ocrx_word' id='word_1_273' title='bbox 3144 704 3366 771; x_wconf 83' lang='grc' dir='ltr'><strong>δικαίως</strong></span> <span class='ocrx_word' id='word_1_274' title='bbox 3409 710 3592 777; x_wconf 74' lang='grc' dir='ltr'>αδτοῖς</span> <span class='ocrx_word' id='word_1_275' title='bbox 3642 693 3759 768; x_wconf 64' lang='grc' dir='ltr'>ἔπιε</span> 
     </span>
    </p>
   </div>
   <div class='ocr_carea' id='block_1_38' title="bbox 2175 787 3758 868">
    <p class='ocr_par' dir='ltr' id='par_1_38' title="bbox 2175 787 3758 868">
     <span class='ocr_line' id='line_1_38' title="bbox 2175 787 3758 868; baseline 0.014 -29"><span class='ocrx_word' id='word_1_276' title='bbox 2175 787 2375 856; x_wconf 83' lang='grc' dir='ltr'>νοήσας</span> <span class='ocrx_word' id='word_1_277' title='bbox 2404 787 2502 859; x_wconf 85' lang='grc' dir='ltr'>τὴν</span> <span class='ocrx_word' id='word_1_278' title='bbox 2532 791 2801 862; x_wconf 84' lang='grc' dir='ltr'><strong>τιμωρίαν</strong></span> <span class='ocrx_word' id='word_1_279' title='bbox 2838 806 2851 817; x_wconf 91' lang='grc'><strong>·</strong></span> <span class='ocrx_word' id='word_1_280' title='bbox 2893 794 2954 845; x_wconf 85' lang='grc' dir='ltr'>οὐ</span> <span class='ocrx_word' id='word_1_281' title='bbox 2999 795 3107 865; x_wconf 73' lang='grc' dir='ltr'><strong>γάρ</strong></span> <span class='ocrx_word' id='word_1_282' title='bbox 3140 795 3361 866; x_wconf 77' lang='grc' dir='ltr'>ἔμελλον</span> <span class='ocrx_word' id='word_1_283' title='bbox 3395 801 3758 868; x_wconf 82' lang='grc' dir='ltr'>ὑποδέξασθαι</span> 
     </span>
    </p>
   </div>
   <div class='ocr_carea' id='block_1_39' title="bbox 2174 879 3754 966">
    <p class='ocr_par' dir='ltr' id='par_1_39' title="bbox 2174 879 3754 966">
     <span class='ocr_line' id='line_1_39' title="bbox 2174 879 3754 966; baseline 0.014 -35"><span class='ocrx_word' id='word_1_284' title='bbox 2174 879 2266 932; x_wconf 80' lang='grc' dir='ltr'>τὸν</span> <span class='ocrx_word' id='word_1_285' title='bbox 2304 880 2691 953; x_wconf 79' lang='grc' dir='ltr'><strong>ἐλευθεροῦντα</strong></span> <span class='ocrx_word' id='word_1_286' title='bbox 2722 885 2809 939; x_wconf 74' lang='grc' dir='ltr'><strong>διὰ</strong></span> <span class='ocrx_word' id='word_1_287' title='bbox 2841 884 3073 951; x_wconf 81' lang='grc' dir='ltr'>πίστεως</span> <span class='ocrx_word' id='word_1_288' title='bbox 3101 888 3247 943; x_wconf 88' lang='grc' dir='ltr'>Υἱόν.</span> <span class='ocrx_word' id='word_1_289' title='bbox 3274 893 3416 964; x_wconf 87' lang='grc' dir='ltr'><strong>Ὅρα</strong></span> <span class='ocrx_word' id='word_1_290' title='bbox 3435 895 3490 947; x_wconf 84' lang='grc' dir='ltr'><strong>δέ</strong></span> <span class='ocrx_word' id='word_1_291' title='bbox 3527 914 3618 966; x_wconf 86' lang='grc' dir='ltr'><strong>μοι</strong></span> <span class='ocrx_word' id='word_1_292' title='bbox 3650 916 3754 953; x_wconf 83' lang='grc' dir='ltr'>κα-</span> 
     </span>
    </p>
   </div>
   <div class='ocr_carea' id='block_1_40' title="bbox 2174 970 3756 1058">
    <p class='ocr_par' dir='ltr' id='par_1_40' title="bbox 2174 970 3756 1058">
     <span class='ocr_line' id='line_1_40' title="bbox 2174 970 3756 1058; baseline 0.015 -36"><span class='ocrx_word' id='word_1_293' title='bbox 2174 970 2281 1034; x_wconf 81' lang='grc' dir='ltr'>λῶς</span> <span class='ocrx_word' id='word_1_294' title='bbox 2333 971 2410 1036; x_wconf 86' lang='grc' dir='ltr'>ὡς</span> <span class='ocrx_word' id='word_1_295' title='bbox 2462 974 2521 1027; x_wconf 81' lang='grc' dir='ltr'>ὲν</span> <span class='ocrx_word' id='word_1_296' title='bbox 2558 974 2728 1028; x_wconf 89' lang='grc' dir='ltr'>εἰκόνι</span> <span class='ocrx_word' id='word_1_297' title='bbox 2775 979 3114 1049; x_wconf 83' lang='grc' dir='ltr'><strong>πραγμάτων</strong></span> <span class='ocrx_word' id='word_1_298' title='bbox 3155 987 3644 1058; x_wconf 81' lang='grc' dir='ltr'>καταγραφόμενον</span> <span class='ocrx_word' id='word_1_299' title='bbox 3691 991 3756 1046; x_wconf 83' lang='grc' dir='ltr'><strong>τδ</strong></span> 
     </span>
    </p>
   </div>
   <div class='ocr_carea' id='block_1_41' title="bbox 2176 1063 3755 1141">
    <p class='ocr_par' dir='ltr' id='par_1_41' title="bbox 2176 1063 3755 1141">
     <span class='ocr_line' id='line_1_41' title="bbox 2176 1063 3755 1141; baseline 0.015 -26"><span class='ocrx_word' id='word_1_300' title='bbox 2176 1063 2263 1117; x_wconf 79' lang='grc' dir='ltr'><strong>διὰ</strong></span> <span class='ocrx_word' id='word_1_301' title='bbox 2313 1064 2406 1117; x_wconf 87' lang='grc' dir='ltr'><strong>τοῦ</strong></span> <span class='ocrx_word' id='word_1_302' title='bbox 2469 1065 2680 1119; x_wconf 80' lang='grc' dir='ltr'>Παύλου</span> <span class='ocrx_word' id='word_1_303' title='bbox 2702 1067 3040 1140; x_wconf 76' lang='grc' dir='ltr'>λελεγμένον</span> <span class='ocrx_word' id='word_1_304' title='bbox 3069 1089 3083 1103; x_wconf 75' lang='grc' dir='ltr'><strong>ο</strong></span> <span class='ocrx_word' id='word_1_305' title='bbox 3122 1091 3140 1124; x_wconf 76' lang='grc' dir='ltr'><strong>ι</strong></span> <span class='ocrx_word' id='word_1_306' title='bbox 3167 1074 3235 1126; x_wconf 75' lang='lat' dir='ltr'><strong>Ei</strong></span> <span class='ocrx_word' id='word_1_307' title='bbox 3261 1093 3344 1140; x_wconf 88' lang='grc' dir='ltr'><strong>τις</strong></span> <span class='ocrx_word' id='word_1_308' title='bbox 3381 1074 3474 1131; x_wconf 71' lang='grc' dir='ltr'><strong>οὖν</strong></span> <span class='ocrx_word' id='word_1_309' title='bbox 3506 1081 3599 1134; x_wconf 83' lang='grc' dir='ltr'>τὸν</span> <span class='ocrx_word' id='word_1_310' title='bbox 3626 1087 3755 1141; x_wconf 79' lang='grc' dir='ltr'>ναὸν</span> 
     </span>
    </p>
   </div>
   <div class='ocr_carea' id='block_1_42' title="bbox 2174 1154 3393 1232">
    <p class='ocr_par' dir='ltr' id='par_1_42' title="bbox 2174 1154 3393 1232">
     <span class='ocr_line' id='line_1_42' title="bbox 2174 1154 3393 1232; baseline 0.01 -24"><span class='ocrx_word' id='word_1_311' title='bbox 2174 1154 2271 1209; x_wconf 89' lang='grc' dir='ltr'><strong>τοῦ</strong></span> <span class='ocrx_word' id='word_1_312' title='bbox 2304 1156 2438 1210; x_wconf 83' lang='grc' dir='ltr'>Θεοῦ</span> <span class='ocrx_word' id='word_1_313' title='bbox 2462 1159 2678 1231; x_wconf 79' lang='grc' dir='ltr'>φθείρῃ,</span> <span class='ocrx_word' id='word_1_314' title='bbox 2709 1160 2899 1232; x_wconf 74' lang='grc' dir='ltr'>φθερεῖ</span> <span class='ocrx_word' id='word_1_315' title='bbox 2924 1160 3109 1217; x_wconf 88' lang='grc' dir='ltr'>τοῦτον</span> <span class='ocrx_word' id='word_1_316' title='bbox 3142 1164 3170 1217; x_wconf 98' lang='lat'><strong>6</strong></span> <span class='ocrx_word' id='word_1_317' title='bbox 3192 1166 3341 1231; x_wconf 85' lang='grc' dir='ltr'>Θεός.</span> <span class='ocrx_word' id='word_1_318' title='bbox 3375 1187 3393 1219; x_wconf 72' lang='grc' dir='ltr'><strong>ι</strong></span> 
     </span>
    </p>
   </div>
   <div class='ocr_carea' id='block_1_43' title="bbox 2250 1249 3754 1325">
    <p class='ocr_par' dir='ltr' id='par_1_43' title="bbox 2250 1249 3754 1325">
     <span class='ocr_line' id='line_1_43' title="bbox 2250 1249 3754 1325; baseline 0.013 -24"><span class='ocrx_word' id='word_1_319' title='bbox 2250 1249 2462 1316; x_wconf 82' lang='grc' dir='ltr'>Ἀρατε</span> <span class='ocrx_word' id='word_1_320' title='bbox 2496 1251 2682 1305; x_wconf 83' lang='grc' dir='ltr'>ταῦτα</span> <span class='ocrx_word' id='word_1_321' title='bbox 2720 1250 3019 1317; x_wconf 71' lang='grc' dir='ltr'>ἐντεῦθεν,</span> <span class='ocrx_word' id='word_1_322' title='bbox 3056 1256 3141 1325; x_wconf 77' lang='grc' dir='ltr'>μὴ</span> <span class='ocrx_word' id='word_1_323' title='bbox 3183 1258 3402 1313; x_wconf 80' lang='grc' dir='ltr'>ποιεῖτε</span> <span class='ocrx_word' id='word_1_324' title='bbox 3444 1261 3553 1316; x_wconf 79' lang='grc' dir='ltr'><strong>τὸν</strong></span> <span class='ocrx_word' id='word_1_325' title='bbox 3583 1259 3754 1321; x_wconf 75' lang='grc' dir='ltr'>οἷκον</span> 
     </span>
    </p>
   </div>
   <div class='ocr_carea' id='block_1_44' title="bbox 2174 1339 3230 1415">
    <p class='ocr_par' dir='ltr' id='par_1_44' title="bbox 2174 1339 3230 1415">
     <span class='ocr_line' id='line_1_44' title="bbox 2174 1339 3230 1415; baseline 0.011 -23"><span class='ocrx_word' id='word_1_326' title='bbox 2174 1339 2280 1393; x_wconf 78' lang='grc' dir='ltr'><strong>τοῦ</strong></span> <span class='ocrx_word' id='word_1_327' title='bbox 2311 1341 2539 1408; x_wconf 83' lang='grc' dir='ltr'><strong>Πατρός</strong></span> <span class='ocrx_word' id='word_1_328' title='bbox 2559 1361 2701 1411; x_wconf 79' lang='grc' dir='ltr'>μου,</span> <span class='ocrx_word' id='word_1_329' title='bbox 2729 1341 2897 1399; x_wconf 79' lang='grc' dir='ltr'>οἷκον</span> <span class='ocrx_word' id='word_1_330' title='bbox 2923 1346 3230 1415; x_wconf 81' lang='grc' dir='ltr'>ἐμπορίου.</span> 
     </span>
    </p>
   </div>
   <div class='ocr_carea' id='block_1_45' title="bbox 2246 1431 3749 1519">
    <p class='ocr_par' dir='ltr' id='par_1_45' title="bbox 2246 1431 3749 1519">
     <span class='ocr_line' id='line_1_45' title="bbox 2246 1431 3749 1519; baseline 0.015 -37"><span class='ocrx_word' id='word_1_331' title='bbox 2246 1431 2562 1509; x_wconf 39' lang='grc' dir='ltr'>,Ἐπιτάττει</span> <span class='ocrx_word' id='word_1_332' title='bbox 2595 1435 2692 1504; x_wconf 82' lang='grc' dir='ltr'>μὲν</span> <span class='ocrx_word' id='word_1_333' title='bbox 2724 1435 2798 1501; x_wconf 83' lang='grc' dir='ltr'>ὡς</span> <span class='ocrx_word' id='word_1_334' title='bbox 2832 1438 3137 1509; x_wconf 83' lang='grc' dir='ltr'>Δεσπότης,</span> <span class='ocrx_word' id='word_1_335' title='bbox 3174 1448 3505 1514; x_wconf 89' lang='grc' dir='ltr'>χειραγωγεῖ</span> <span class='ocrx_word' id='word_1_336' title='bbox 3532 1446 3586 1501; x_wconf 82' lang='grc' dir='ltr'>δὲ</span> <span class='ocrx_word' id='word_1_337' title='bbox 3614 1448 3749 1519; x_wconf 78' lang='grc' dir='ltr'>πρὸς</span> 
     </span>
    </p>
   </div>
   <div class='ocr_carea' id='block_1_46' title="bbox 2175 1520 3749 1608">
    <p class='ocr_par' dir='ltr' id='par_1_46' title="bbox 2175 1520 3749 1608">
     <span class='ocr_line' id='line_1_46' title="bbox 2175 1520 3749 1608; baseline 0.014 -36"><span class='ocrx_word' id='word_1_338' title='bbox 2175 1520 2236 1574; x_wconf 75' lang='grc' dir='ltr'><strong>τὸ</strong></span> <span class='ocrx_word' id='word_1_339' title='bbox 2268 1522 2500 1594; x_wconf 81' lang='grc' dir='ltr'>πρέπον,</span> <span class='ocrx_word' id='word_1_340' title='bbox 2527 1524 2602 1588; x_wconf 80' lang='grc' dir='ltr'>ὡς</span> <span class='ocrx_word' id='word_1_341' title='bbox 2625 1526 2965 1595; x_wconf 84' lang='grc' dir='ltr'>διδάσκαλος,</span> <span class='ocrx_word' id='word_1_342' title='bbox 2993 1533 3327 1605; x_wconf 85' lang='grc' dir='ltr'>παρατίθησί</span> <span class='ocrx_word' id='word_1_343' title='bbox 3354 1553 3414 1588; x_wconf 88' lang='grc' dir='ltr'><strong>τε</strong></span> <span class='ocrx_word' id='word_1_344' title='bbox 3437 1540 3502 1608; x_wconf 77' lang='grc' dir='ltr'><strong>τῇ</strong></span> <span class='ocrx_word' id='word_1_345' title='bbox 3532 1539 3749 1594; x_wconf 79' lang='grc' dir='ltr'>κολάσει</span> 
     </span>
    </p>
   </div>
   <div class='ocr_carea' id='block_1_47' title="bbox 2175 1611 3751 1701">
    <p class='ocr_par' dir='ltr' id='par_1_47' title="bbox 2175 1611 3751 1701">
     <span class='ocr_line' id='line_1_47' title="bbox 2175 1611 3751 1701; baseline 0.014 -37"><span class='ocrx_word' id='word_1_346' title='bbox 2175 1611 2273 1683; x_wconf 80' lang='grc' dir='ltr'>τὴν</span> <span class='ocrx_word' id='word_1_347' title='bbox 2304 1613 2412 1669; x_wconf 85' lang='grc' dir='ltr'><strong>τῶν</strong></span> <span class='ocrx_word' id='word_1_348' title='bbox 2454 1619 2805 1688; x_wconf 82' lang='grc' dir='ltr'>πταισμάτων</span> <span class='ocrx_word' id='word_1_349' title='bbox 2852 1622 3140 1693; x_wconf 77' lang='grc' dir='ltr'>ἐξήγησιν,</span> <span class='ocrx_word' id='word_1_350' title='bbox 3190 1626 3330 1680; x_wconf 88' lang='grc' dir='ltr'>αἰδοῖ</span> <span class='ocrx_word' id='word_1_351' title='bbox 3357 1631 3423 1699; x_wconf 83' lang='grc' dir='ltr'><strong>τῇ</strong></span> <span class='ocrx_word' id='word_1_352' title='bbox 3452 1631 3579 1701; x_wconf 75' lang='grc' dir='ltr'>περὶ</span> <span class='ocrx_word' id='word_1_353' title='bbox 3611 1632 3751 1686; x_wconf 81' lang='grc' dir='ltr'>αὐτὰ</span> 
     </span>
    </p>
   </div>
   <div class='ocr_carea' id='block_1_48' title="bbox 2175 1703 3749 1793">
    <p class='ocr_par' dir='ltr' id='par_1_48' title="bbox 2175 1703 3749 1793">
     <span class='ocr_line' id='line_1_48' title="bbox 2175 1703 3749 1793; baseline 0.013 -38"><span class='ocrx_word' id='word_1_354' title='bbox 2175 1703 2520 1772; x_wconf 83' lang='grc' dir='ltr'>χαλεπαίνειν</span> <span class='ocrx_word' id='word_1_355' title='bbox 2548 1709 2647 1785; x_wconf 69' lang='grc' dir='ltr'>οὐκ</span> <span class='ocrx_word' id='word_1_356' title='bbox 2685 1711 2790 1765; x_wconf 80' lang='grc' dir='ltr'><strong>ἑῶν</strong></span> <span class='ocrx_word' id='word_1_357' title='bbox 2818 1712 2911 1767; x_wconf 80' lang='grc' dir='ltr'>τὸν</span> <span class='ocrx_word' id='word_1_358' title='bbox 2952 1718 3372 1788; x_wconf 76' lang='grc' dir='ltr'>ἐπιτιμώμενον.</span> <span class='ocrx_word' id='word_1_359' title='bbox 3409 1722 3749 1793; x_wconf 81' lang='grc' dir='ltr'>Σημειωτέον</span> 
     </span>
    </p>
   </div>
   <div class='ocr_carea' id='block_1_49' title="bbox 2175 1791 3749 1880">
    <p class='ocr_par' dir='ltr' id='par_1_49' title="bbox 2175 1791 3749 1880">
     <span class='ocr_line' id='line_1_49' title="bbox 2175 1791 3749 1880; baseline 0.014 -35"><span class='ocrx_word' id='word_1_360' title='bbox 2175 1791 2232 1845; x_wconf 83' lang='grc' dir='ltr'>δὲ</span> <span class='ocrx_word' id='word_1_361' title='bbox 2283 1792 2365 1846; x_wconf 83' lang='grc' dir='ltr'>ὅτι</span> <span class='ocrx_word' id='word_1_362' title='bbox 2424 1794 2582 1851; x_wconf 86' lang='grc' dir='ltr'>πάλιν</span> <span class='ocrx_word' id='word_1_363' title='bbox 2629 1799 2825 1853; x_wconf 75' lang='grc' dir='ltr'>οἰκεῖον</span> <span class='ocrx_word' id='word_1_364' title='bbox 2872 1802 3088 1874; x_wconf 86' lang='grc' dir='ltr'>Πατέρα</span> <span class='ocrx_word' id='word_1_365' title='bbox 3134 1806 3401 1861; x_wconf 82' lang='grc' dir='ltr'>ἀποκαλεῖ</span> <span class='ocrx_word' id='word_1_366' title='bbox 3446 1791 3749 1880; x_wconf 80' lang='grc' dir='ltr'>μοναδικῶς</span> 
     </span>
    </p>
   </div>
   <div class='ocr_carea' id='block_1_50' title="bbox 2174 1881 3747 1968">
    <p class='ocr_par' dir='ltr' id='par_1_50' title="bbox 2174 1881 3747 1968">
     <span class='ocr_line' id='line_1_50' title="bbox 2174 1881 3747 1968; baseline 0.014 -35"><span class='ocrx_word' id='word_1_367' title='bbox 2174 1881 2264 1968; x_wconf 71' lang='grc' dir='ltr'><strong>τὸν</strong></span> <span class='ocrx_word' id='word_1_368' title='bbox 2295 1882 2457 1950; x_wconf 83' lang='grc' dir='ltr'>Θεὸν,</span> <span class='ocrx_word' id='word_1_369' title='bbox 2497 1885 2571 1949; x_wconf 85' lang='grc' dir='ltr'>ὡς</span> <span class='ocrx_word' id='word_1_370' title='bbox 2622 1888 2787 1952; x_wconf 83' lang='grc' dir='ltr'>αὐτὸς</span> <span class='ocrx_word' id='word_1_371' title='bbox 2811 1889 2872 1961; x_wconf 84' lang='grc' dir='ltr'>δὴ</span> <span class='ocrx_word' id='word_1_372' title='bbox 2896 1892 2992 1944; x_wconf 78' lang='grc' dir='ltr'><strong>καὶ</strong></span> <span class='ocrx_word' id='word_1_373' title='bbox 3029 1892 3191 1963; x_wconf 82' lang='grc' dir='ltr'>μόνος</span> <span class='ocrx_word' id='word_1_374' title='bbox 3221 1897 3249 1949; x_wconf 88' lang='lat'><strong>6</strong></span> <span class='ocrx_word' id='word_1_375' title='bbox 3278 1897 3416 1951; x_wconf 83' lang='grc' dir='ltr'>κατὰ</span> <span class='ocrx_word' id='word_1_376' title='bbox 3450 1899 3612 1968; x_wconf 81' lang='grc' dir='ltr'>φύσιν</span> <span class='ocrx_word' id='word_1_377' title='bbox 3644 1902 3747 1955; x_wconf 81' lang='grc' dir='ltr'><strong>ὑπ·</strong></span> 
     </span>
    </p>
   </div>
   <div class='ocr_carea' id='block_1_51' title="bbox 2175 1965 3747 2059">
    <p class='ocr_par' dir='ltr' id='par_1_51' title="bbox 2175 1965 3747 2059">
     <span class='ocr_line' id='line_1_51' title="bbox 2175 1965 3747 2059; baseline 0.014 -40"><span class='ocrx_word' id='word_1_378' title='bbox 2175 1965 2356 2038; x_wconf 83' lang='grc' dir='ltr'>άρχων</span> <span class='ocrx_word' id='word_1_379' title='bbox 2382 1968 2441 2034; x_wconf 80' lang='grc' dir='ltr'>ἐξ</span> <span class='ocrx_word' id='word_1_380' title='bbox 2471 1970 2666 2036; x_wconf 82' lang='grc' dir='ltr'>αὑτοῦ,</span> <span class='ocrx_word' id='word_1_381' title='bbox 2706 1974 2800 2028; x_wconf 70' lang='grc' dir='ltr'>καὶ</span> <span class='ocrx_word' id='word_1_382' title='bbox 2830 1980 3224 2049; x_wconf 84' lang='grc' dir='ltr'>γεγεννημένος</span> <span class='ocrx_word' id='word_1_383' title='bbox 3254 1965 3486 2052; x_wconf 33' lang='grc' dir='ltr'>άληθῶς..</span> <span class='ocrx_word' id='word_1_384' title='bbox 3543 1986 3605 2039; x_wconf 82' lang='grc' dir='ltr'><strong>Εἰ</strong></span> <span class='ocrx_word' id='word_1_385' title='bbox 3638 1986 3747 2059; x_wconf 76' lang='grc' dir='ltr'><strong>γὰρ</strong></span> 
     </span>
    </p>
   </div>
   <div class='ocr_carea' id='block_1_52' title="bbox 2177 2058 3748 2147">
    <p class='ocr_par' dir='ltr' id='par_1_52' title="bbox 2177 2058 3748 2147">
     <span class='ocr_line' id='line_1_52' title="bbox 2177 2058 3748 2147; baseline 0.014 -38"><span class='ocrx_word' id='word_1_386' title='bbox 2177 2058 2250 2129; x_wconf 85' lang='grc' dir='ltr'>μὴ</span> <span class='ocrx_word' id='word_1_387' title='bbox 2276 2059 2463 2113; x_wconf 76' lang='grc' dir='ltr'>τοῦτον</span> <span class='ocrx_word' id='word_1_388' title='bbox 2490 2061 2601 2132; x_wconf 79' lang='grc' dir='ltr'>ἔχει</span> <span class='ocrx_word' id='word_1_389' title='bbox 2626 2063 2717 2118; x_wconf 75' lang='grc' dir='ltr'>τὸν</span> <span class='ocrx_word' id='word_1_390' title='bbox 2746 2065 2978 2137; x_wconf 78' lang='grc' dir='ltr'>τρόπον,</span> <span class='ocrx_word' id='word_1_391' title='bbox 3012 2068 3127 2124; x_wconf 81' lang='grc' dir='ltr'>ἔστι</span> <span class='ocrx_word' id='word_1_392' title='bbox 3157 2071 3212 2125; x_wconf 83' lang='grc' dir='ltr'>δὲ</span> <span class='ocrx_word' id='word_1_393' title='bbox 3244 2071 3415 2138; x_wconf 78' lang='grc' dir='ltr'>οὕτως</span> <span class='ocrx_word' id='word_1_394' title='bbox 3443 2075 3558 2147; x_wconf 84' lang='grc' dir='ltr'>μεθ’</span> <span class='ocrx_word' id='word_1_395' title='bbox 3592 2058 3748 2147; x_wconf 78' lang='grc' dir='ltr'>ἡμῶν</span> 
     </span>
    </p>
   </div>
   <div class='ocr_carea' id='block_1_53' title="bbox 2171 2151 3746 2239">
    <p class='ocr_par' dir='ltr' id='par_1_53' title="bbox 2171 2151 3746 2239">
     <span class='ocr_line' id='line_1_53' title="bbox 2171 2151 3746 2239; baseline 0.013 -37"><span class='ocrx_word' id='word_1_396' title='bbox 2171 2151 2199 2202; x_wconf 90' lang='grc' dir='ltr'><strong>ό</strong></span> <span class='ocrx_word' id='word_1_397' title='bbox 2228 2151 2398 2220; x_wconf 86' lang='grc' dir='ltr'>Λόγος</span> <span class='ocrx_word' id='word_1_398' title='bbox 2416 2153 2528 2218; x_wconf 62' lang='lat' dir='ltr'><strong>uie;</strong></span> <span class='ocrx_word' id='word_1_399' title='bbox 2548 2194 2562 2218; x_wconf 92' lang='lat'><strong>,</strong></span> <span class='ocrx_word' id='word_1_400' title='bbox 2608 2155 2682 2219; x_wconf 86' lang='grc' dir='ltr'>ὡς</span> <span class='ocrx_word' id='word_1_401' title='bbox 2710 2152 2791 2222; x_wconf 74' lang='grc' dir='ltr'><strong>εἷς</strong></span> <span class='ocrx_word' id='word_1_402' title='bbox 2815 2159 2875 2224; x_wconf 78' lang='grc' dir='ltr'>ἐξ</span> <span class='ocrx_word' id='word_1_403' title='bbox 2898 2161 3081 2232; x_wconf 81' lang='grc' dir='ltr'>ἡμῶν,</span> <span class='ocrx_word' id='word_1_404' title='bbox 3134 2163 3273 2218; x_wconf 73' lang='grc' dir='ltr'>κατὰ</span> <span class='ocrx_word' id='word_1_405' title='bbox 3304 2165 3454 2221; x_wconf 82' lang='grc' dir='ltr'>θέσιν</span> <span class='ocrx_word' id='word_1_406' title='bbox 3482 2156 3746 2239; x_wconf 80' lang='grc' dir='ltr'>δηλονότι,</span> 
     </span>
    </p>
   </div>
   <div class='ocr_carea' id='block_1_54' title="bbox 2172 2244 3747 2334">
    <p class='ocr_par' dir='ltr' id='par_1_54' title="bbox 2172 2244 3747 2334">
     <span class='ocr_line' id='line_1_54' title="bbox 2172 2244 3747 2334; baseline 0.013 -39"><span class='ocrx_word' id='word_1_407' title='bbox 2172 2244 2266 2296; x_wconf 83' lang='grc' dir='ltr'>καὶ</span> <span class='ocrx_word' id='word_1_408' title='bbox 2307 2244 2448 2298; x_wconf 78' lang='grc' dir='ltr'>κατὰ</span> <span class='ocrx_word' id='word_1_409' title='bbox 2481 2247 2641 2315; x_wconf 71' lang='grc' dir='ltr'>μόνον</span> <span class='ocrx_word' id='word_1_410' title='bbox 2665 2249 2726 2302; x_wconf 81' lang='grc' dir='ltr'>τὸ</span> <span class='ocrx_word' id='word_1_411' title='bbox 2773 2251 2831 2303; x_wconf 83' lang='grc' dir='ltr'>ὲν</span> <span class='ocrx_word' id='word_1_412' title='bbox 2868 2250 3082 2325; x_wconf 74' lang='grc' dir='ltr'>θελήσει</span> <span class='ocrx_word' id='word_1_413' title='bbox 3120 2256 3210 2309; x_wconf 87' lang='grc' dir='ltr'><strong>τοῦ</strong></span> <span class='ocrx_word' id='word_1_414' title='bbox 3241 2258 3480 2330; x_wconf 60' lang='grc' dir='ltr'>Πατρὶς,</span> <span class='ocrx_word' id='word_1_415' title='bbox 3528 2262 3650 2315; x_wconf 83' lang='grc' dir='ltr'>ὅτου</span> <span class='ocrx_word' id='word_1_416' title='bbox 3681 2262 3747 2334; x_wconf 76' lang='grc' dir='ltr'>δὴ</span> 
     </span>
    </p>
   </div>
   <div class='ocr_carea' id='block_1_55' title="bbox 2171 2333 3749 2418">
    <p class='ocr_par' dir='ltr' id='par_1_55' title="bbox 2171 2333 3749 2418">
     <span class='ocr_line' id='line_1_55' title="bbox 2171 2333 3749 2418; baseline 0.012 -32"><span class='ocrx_word' id='word_1_417' title='bbox 2171 2333 2330 2403; x_wconf 84' lang='grc' dir='ltr'>χάριν</span> <span class='ocrx_word' id='word_1_418' title='bbox 2360 2335 2421 2387; x_wconf 87' lang='grc' dir='ltr'>τὸ</span> <span class='ocrx_word' id='word_1_419' title='bbox 2466 2337 2641 2390; x_wconf 75' lang='grc' dir='ltr'>κοινὸν</span> <span class='ocrx_word' id='word_1_420' title='bbox 2669 2338 2838 2410; x_wconf 79' lang='grc' dir='ltr'>δήπου</span> <span class='ocrx_word' id='word_1_421' title='bbox 2858 2382 2871 2404; x_wconf 91' lang='grc'><strong>,</strong></span> <span class='ocrx_word' id='word_1_422' title='bbox 2918 2342 3011 2395; x_wconf 73' lang='grc' dir='ltr'>καὶ</span> <span class='ocrx_word' id='word_1_423' title='bbox 3045 2346 3179 2399; x_wconf 74' lang='grc' dir='ltr'>πᾶσι</span> <span class='ocrx_word' id='word_1_424' title='bbox 3211 2349 3571 2418; x_wconf 83' lang='grc' dir='ltr'>προκείμενον</span> <span class='ocrx_word' id='word_1_425' title='bbox 3612 2350 3749 2405; x_wconf 77' lang='grc' dir='ltr'>καύ-</span> 
     </span>
    </p>
   </div>
   <div class='ocr_carea' id='block_1_56' title="bbox 2171 2426 3748 2510">
    <p class='ocr_par' dir='ltr' id='par_1_56' title="bbox 2171 2426 3748 2510">
     <span class='ocr_line' id='line_1_56' title="bbox 2171 2426 3748 2510; baseline 0.015 -36"><span class='ocrx_word' id='word_1_426' title='bbox 2171 2441 2238 2494; x_wconf 85' lang='grc' dir='ltr'><strong>χη</strong></span> <span class='ocrx_word' id='word_1_427' title='bbox 2250 2441 2352 2495; x_wconf 89' lang='grc' dir='ltr'><strong>μα,</strong></span> <span class='ocrx_word' id='word_1_428' title='bbox 2402 2426 2560 2497; x_wconf 86' lang='grc' dir='ltr'>μόνος</span> <span class='ocrx_word' id='word_1_429' title='bbox 2590 2430 2670 2493; x_wconf 81' lang='grc' dir='ltr'><strong>είς</strong></span> <span class='ocrx_word' id='word_1_430' title='bbox 2701 2432 2890 2486; x_wconf 75' lang='grc' dir='ltr'>ἑαυτὸν</span> <span class='ocrx_word' id='word_1_431' title='bbox 2916 2434 3150 2504; x_wconf 77' lang='grc' dir='ltr'>ἁρπάζει</span> <span class='ocrx_word' id='word_1_432' title='bbox 3175 2437 3348 2505; x_wconf 81' lang='grc' dir='ltr'>λέγων</span> <span class='ocrx_word' id='word_1_433' title='bbox 3369 2456 3382 2469; x_wconf 71' lang='grc'><strong><em>⁸</em></strong></span> <span class='ocrx_word' id='word_1_434' title='bbox 3423 2440 3515 2510; x_wconf 79' lang='grc' dir='ltr'><strong>Μὴ</strong></span> <span class='ocrx_word' id='word_1_435' title='bbox 3540 2445 3748 2497; x_wconf 73' lang='grc' dir='ltr'>ποιεῖτε</span> 
     </span>
    </p>
   </div>
   <div class='ocr_carea' id='block_1_57' title="bbox 2168 2514 3747 2600">
    <p class='ocr_par' dir='ltr' id='par_1_57' title="bbox 2168 2514 3747 2600">
     <span class='ocr_line' id='line_1_57' title="bbox 2168 2514 3747 2600; baseline 0.014 -33"><span class='ocrx_word' id='word_1_436' title='bbox 2168 2514 2260 2569; x_wconf 85' lang='grc' dir='ltr'>τὸν</span> <span class='ocrx_word' id='word_1_437' title='bbox 2287 2514 2433 2569; x_wconf 76' lang='grc' dir='ltr'>οἷκον</span> <span class='ocrx_word' id='word_1_438' title='bbox 2458 2518 2549 2571; x_wconf 85' lang='grc' dir='ltr'><strong>τοῦ</strong></span> <span class='ocrx_word' id='word_1_439' title='bbox 2574 2521 2783 2593; x_wconf 83' lang='grc' dir='ltr'>Πατρός</span> <span class='ocrx_word' id='word_1_440' title='bbox 2810 2541 2912 2590; x_wconf 85' lang='grc' dir='ltr'><strong>μου</strong></span> <span class='ocrx_word' id='word_1_441' title='bbox 2928 2565 2943 2591; x_wconf 91' lang='grc'><strong>,</strong></span> <span class='ocrx_word' id='word_1_442' title='bbox 2977 2526 3072 2578; x_wconf 72' lang='grc' dir='ltr'><strong>καὶ</strong></span> <span class='ocrx_word' id='word_1_443' title='bbox 3112 2528 3229 2599; x_wconf 70' lang='grc' dir='ltr'>οὐχὶ</span> <span class='ocrx_word' id='word_1_444' title='bbox 3264 2530 3463 2600; x_wconf 78' lang='grc' dir='ltr'>μᾶλλον</span> <span class='ocrx_word' id='word_1_445' title='bbox 3486 2530 3576 2585; x_wconf 83' lang='grc' dir='ltr'>τὸν</span> <span class='ocrx_word' id='word_1_446' title='bbox 3598 2529 3747 2589; x_wconf 75' lang='grc' dir='ltr'>οἷκον</span> 
     </span>
    </p>
   </div>
   <div class='ocr_carea' id='block_1_58' title="bbox 2168 2604 3746 2694">
    <p class='ocr_par' dir='ltr' id='par_1_58' title="bbox 2168 2604 3746 2694">
     <span class='ocr_line' id='line_1_58' title="bbox 2168 2604 3746 2694; baseline 0.015 -40"><span class='ocrx_word' id='word_1_447' title='bbox 2168 2604 2261 2656; x_wconf 86' lang='grc' dir='ltr'><strong>τοῦ</strong></span> <span class='ocrx_word' id='word_1_448' title='bbox 2301 2605 2513 2676; x_wconf 75' lang='grc' dir='ltr'>Πατρδς</span> <span class='ocrx_word' id='word_1_449' title='bbox 2540 2609 2729 2678; x_wconf 78' lang='grc' dir='ltr'>ἡμῶν;</span> <span class='ocrx_word' id='word_1_450' title='bbox 2756 2611 2923 2666; x_wconf 88' lang='grc' dir='ltr'>Τοῦτο</span> <span class='ocrx_word' id='word_1_451' title='bbox 2949 2614 3057 2686; x_wconf 85' lang='grc' dir='ltr'><strong>γὰρ</strong></span> <span class='ocrx_word' id='word_1_452' title='bbox 3082 2611 3148 2686; x_wconf 75' lang='grc' dir='ltr'><strong>ἧν</strong></span> <span class='ocrx_word' id='word_1_453' title='bbox 3181 2616 3309 2683; x_wconf 67' lang='grc' dir='ltr'>ἴσως</span> <span class='ocrx_word' id='word_1_454' title='bbox 3330 2620 3746 2694; x_wconf 86' lang='grc' dir='ltr'>ἀκολουθότερον</span> 
     </span>
    </p>
   </div>
   <div class='ocr_carea' id='block_1_59' title="bbox 2169 2694 3747 2783">
    <p class='ocr_par' dir='ltr' id='par_1_59' title="bbox 2169 2694 3747 2783">
     <span class='ocr_line' id='line_1_59' title="bbox 2169 2694 3747 2783; baseline 0.015 -40"><span class='ocrx_word' id='word_1_455' title='bbox 2169 2694 2377 2763; x_wconf 80' lang='grc' dir='ltr'>εἰπεῖν,</span> <span class='ocrx_word' id='word_1_456' title='bbox 2435 2697 2591 2769; x_wconf 73' lang='grc' dir='ltr'>εἴπερ</span> <span class='ocrx_word' id='word_1_457' title='bbox 2619 2698 2712 2752; x_wconf 77' lang='grc' dir='ltr'>ἕνα</span> <span class='ocrx_word' id='word_1_458' title='bbox 2754 2701 2860 2754; x_wconf 86' lang='grc' dir='ltr'>τῶν</span> <span class='ocrx_word' id='word_1_459' title='bbox 2884 2704 2992 2758; x_wconf 74' lang='grc' dir='ltr'>οὐκ</span> <span class='ocrx_word' id='word_1_460' title='bbox 3036 2706 3203 2762; x_wconf 75' lang='grc' dir='ltr'>ὄντων</span> <span class='ocrx_word' id='word_1_461' title='bbox 3252 2711 3392 2764; x_wconf 81' lang='grc' dir='ltr'>κατὰ</span> <span class='ocrx_word' id='word_1_462' title='bbox 3420 2711 3578 2783; x_wconf 77' lang='grc' dir='ltr'>φύσιν</span> <span class='ocrx_word' id='word_1_463' title='bbox 3611 2714 3747 2768; x_wconf 79' lang='grc' dir='ltr'>υἱῶν</span> 
     </span>
    </p>
   </div>
   <div class='ocr_carea' id='block_1_60' title="bbox 2168 2785 3748 2869">
    <p class='ocr_par' dir='ltr' id='par_1_60' title="bbox 2168 2785 3748 2869">
     <span class='ocr_line' id='line_1_60' title="bbox 2168 2785 3748 2869; baseline 0.016 -33"><span class='ocrx_word' id='word_1_464' title='bbox 2168 2785 2262 2837; x_wconf 76' lang='grc' dir='ltr'>καὶ</span> <span class='ocrx_word' id='word_1_465' title='bbox 2296 2787 2486 2841; x_wconf 77' lang='grc' dir='ltr'>ἑαυτὸν</span> <span class='ocrx_word' id='word_1_466' title='bbox 2519 2787 2865 2860; x_wconf 78' lang='grc' dir='ltr'>ἐξηπίστατο.</span> <span class='ocrx_word' id='word_1_467' title='bbox 2914 2795 3132 2868; x_wconf 77' lang='grc' dir='ltr'>Ἐπειδὴ</span> <span class='ocrx_word' id='word_1_468' title='bbox 3166 2799 3222 2852; x_wconf 81' lang='grc' dir='ltr'>δὲ</span> <span class='ocrx_word' id='word_1_469' title='bbox 3249 2801 3349 2855; x_wconf 82' lang='grc' dir='ltr'>οὐκ</span> <span class='ocrx_word' id='word_1_470' title='bbox 3380 2804 3438 2856; x_wconf 85' lang='grc' dir='ltr'>ἐν</span> <span class='ocrx_word' id='word_1_471' title='bbox 3466 2806 3578 2869; x_wconf 89' lang='grc' dir='ltr'>τοῖς</span> <span class='ocrx_word' id='word_1_472' title='bbox 3602 2808 3748 2861; x_wconf 80' lang='grc' dir='ltr'>κατά</span> 
     </span>
    </p>
   </div>
   <div class='ocr_carea' id='block_1_61' title="bbox 2169 2877 3745 2957">
    <p class='ocr_par' dir='ltr' id='par_1_61' title="bbox 2169 2877 3745 2957">
     <span class='ocr_line' id='line_1_61' title="bbox 2169 2877 3745 2957; baseline 0.015 -28"><span class='ocrx_word' id='word_1_473' title='bbox 2169 2877 2328 2948; x_wconf 83' lang='grc' dir='ltr'>χάριν</span> <span class='ocrx_word' id='word_1_474' title='bbox 2364 2881 2527 2947; x_wconf 86' lang='grc' dir='ltr'>υἱοῖς,</span> <span class='ocrx_word' id='word_1_475' title='bbox 2574 2882 2690 2936; x_wconf 85' lang='grc' dir='ltr'>ἀλλ’</span> <span class='ocrx_word' id='word_1_476' title='bbox 2725 2885 2788 2937; x_wconf 82' lang='grc' dir='ltr'>ἐκ</span> <span class='ocrx_word' id='word_1_477' title='bbox 2832 2890 2931 2957; x_wconf 85' lang='grc' dir='ltr'>τῆς</span> <span class='ocrx_word' id='word_1_478' title='bbox 2958 2888 3140 2954; x_wconf 82' lang='grc' dir='ltr'>οὐσίας</span> <span class='ocrx_word' id='word_1_479' title='bbox 3189 2892 3315 2947; x_wconf 78' lang='grc' dir='ltr'>ὄντα</span> <span class='ocrx_word' id='word_1_480' title='bbox 3347 2894 3440 2948; x_wconf 87' lang='grc' dir='ltr'><strong>τοῦ</strong></span> <span class='ocrx_word' id='word_1_481' title='bbox 3487 2896 3619 2951; x_wconf 86' lang='grc' dir='ltr'>Θεοῦ</span> <span class='ocrx_word' id='word_1_482' title='bbox 3648 2901 3745 2953; x_wconf 77' lang='grc' dir='ltr'>καὶ</span> 
     </span>
    </p>
   </div>
   <div class='ocr_carea' id='block_1_62' title="bbox 490 2962 2065 3063">
    <p class='ocr_par' dir='ltr' id='par_1_62' title="bbox 490 2962 2063 3037">
     <span class='ocr_line' id='line_1_62' title="bbox 490 2962 2063 3037; baseline 0.006 -20"><span class='ocrx_word' id='word_1_483' title='bbox 490 2963 565 3017; x_wconf 87' lang='lat' dir='ltr'><strong>tia</strong></span> <span class='ocrx_word' id='word_1_484' title='bbox 598 2962 783 3022; x_wconf 79' lang='lat' dir='ltr'><strong>DeLac</strong></span> <span class='ocrx_word' id='word_1_485' title='bbox 811 2962 992 3019; x_wconf 88' lang='lat' dir='ltr'><strong>Patris</strong></span> <span class='ocrx_word' id='word_1_486' title='bbox 1037 2980 1160 3021; x_wconf 90' lang='lat' dir='ltr'><strong>esse</strong></span> <span class='ocrx_word' id='word_1_487' title='bbox 1199 2975 1535 3037; x_wconf 81' lang='lat' dir='ltr'><strong>cognoscat,</strong></span> <span class='ocrx_word' id='word_1_488' title='bbox 1575 2977 1731 3023; x_wconf 81' lang='lat' dir='ltr'><strong>extra</strong></span> <span class='ocrx_word' id='word_1_489' title='bbox 1773 2987 2063 3027; x_wconf 78' lang='lat' dir='ltr'><strong>numerum</strong></span> 
     </span>
    </p>
   </div>
   <div class='ocr_carea' id='block_1_63' title="bbox 2166 2962 3745 3063">
    <p class='ocr_par' dir='ltr' id='par_1_63' title="bbox 2172 2967 3745 3049">
     <span class='ocr_line' id='line_1_63' title="bbox 2172 2967 3745 3049; baseline 0.015 -31"><span class='ocrx_word' id='word_1_490' title='bbox 2172 2967 2384 3039; x_wconf 81' lang='grc' dir='ltr'>Πατρὸς</span> <span class='ocrx_word' id='word_1_491' title='bbox 2416 2970 2604 3024; x_wconf 78' lang='grc' dir='ltr'>ἑαυτὸν</span> <span class='ocrx_word' id='word_1_492' title='bbox 2629 2973 2837 3041; x_wconf 82' lang='grc' dir='ltr'>όΛόγος</span> <span class='ocrx_word' id='word_1_493' title='bbox 2860 2975 2989 3030; x_wconf 72' lang='grc' dir='ltr'>ὄντα</span> <span class='ocrx_word' id='word_1_494' title='bbox 3015 2978 3294 3049; x_wconf 83' lang='grc' dir='ltr'><strong>γινώσκει⁹</strong></span> <span class='ocrx_word' id='word_1_495' title='bbox 3320 2982 3423 3047; x_wconf 79' lang='grc' dir='ltr'><strong>ἔξω</strong></span> <span class='ocrx_word' id='word_1_496' title='bbox 3444 2984 3550 3039; x_wconf 83' lang='grc' dir='ltr'><strong>τῶν</strong></span> <span class='ocrx_word' id='word_1_497' title='bbox 3570 2988 3745 3042; x_wconf 79' lang='grc' dir='ltr'>ἄλλων</span> 
     </span>
    </p>
   </div>
   <div class='ocr_carea' id='block_1_64' title="bbox 490 3046 2070 3123">
    <p class='ocr_par' dir='ltr' id='par_1_64' title="bbox 490 3046 2070 3123">
     <span class='ocr_line' id='line_1_64' title="bbox 490 3046 2070 3123; baseline 0.006 -14"><span class='ocrx_word' id='word_1_498' title='bbox 490 3054 723 3109; x_wconf 86' lang='lat' dir='ltr'><strong>aliorum</strong></span> <span class='ocrx_word' id='word_1_499' title='bbox 756 3046 815 3110; x_wconf 82' lang='lat' dir='ltr'><strong>Se</strong></span> <span class='ocrx_word' id='word_1_500' title='bbox 855 3055 1121 3123; x_wconf 88' lang='lat' dir='ltr'><strong>collocat,</strong></span> <span class='ocrx_word' id='word_1_501' title='bbox 1170 3056 1343 3113; x_wconf 88' lang='lat' dir='ltr'><strong>Deum</strong></span> <span class='ocrx_word' id='word_1_502' title='bbox 1385 3074 1546 3113; x_wconf 93' lang='lat' dir='ltr'><strong>suum</strong></span> <span class='ocrx_word' id='word_1_503' title='bbox 1592 3058 1811 3116; x_wconf 83' lang='lat' dir='ltr'><strong>Patrem</strong></span> <span class='ocrx_word' id='word_1_504' title='bbox 1854 3080 2070 3118; x_wconf 82' lang='lat' dir='ltr'><strong>nuncu-</strong></span> 
     </span>
    </p>
   </div>
   <div class='ocr_carea' id='block_1_65' title="bbox 488 3142 2065 3217">
    <p class='ocr_par' dir='ltr' id='par_1_65' title="bbox 488 3142 2065 3217">
     <span class='ocr_line' id='line_1_65' title="bbox 488 3142 2065 3217; baseline 0.007 -21"><span class='ocrx_word' id='word_1_505' title='bbox 488 3157 646 3212; x_wconf 88' lang='lat' dir='ltr'><strong>pans.</strong></span> <span class='ocrx_word' id='word_1_506' title='bbox 683 3142 846 3199; x_wconf 86' lang='lat' dir='ltr'><strong>Decet</strong></span> <span class='ocrx_word' id='word_1_507' title='bbox 895 3145 1039 3199; x_wconf 87' lang='lat' dir='ltr'><strong>enim</strong></span> <span class='ocrx_word' id='word_1_508' title='bbox 1092 3161 1186 3201; x_wconf 89' lang='lat' dir='ltr'><strong>cos</strong></span> <span class='ocrx_word' id='word_1_509' title='bbox 1237 3148 1331 3217; x_wconf 92' lang='lat' dir='ltr'><strong>qui</strong></span> <span class='ocrx_word' id='word_1_510' title='bbox 1387 3148 1442 3202; x_wconf 91' lang='lat' dir='ltr'><strong>in</strong></span> <span class='ocrx_word' id='word_1_511' title='bbox 1490 3148 1724 3204; x_wconf 81' lang='lat' dir='ltr'><strong>ﬁliorum</strong></span> <span class='ocrx_word' id='word_1_512' title='bbox 1779 3168 2065 3207; x_wconf 87' lang='lat' dir='ltr'><strong>numerum</strong></span> 
     </span>
    </p>
   </div>
   <div class='ocr_carea' id='block_1_66' title="bbox 491 3226 2065 3307">
    <p class='ocr_par' dir='ltr' id='par_1_66' title="bbox 491 3226 2065 3307">
     <span class='ocr_line' id='line_1_66' title="bbox 491 3226 2065 3307; baseline 0.008 -22"><span class='ocrx_word' id='word_1_513' title='bbox 491 3231 673 3285; x_wconf 88' lang='lat' dir='ltr'><strong>vocati</strong></span> <span class='ocrx_word' id='word_1_514' title='bbox 702 3226 856 3298; x_wconf 80' lang='lat' dir='ltr'><strong>sunt,</strong></span> <span class='ocrx_word' id='word_1_515' title='bbox 885 3239 940 3287; x_wconf 88' lang='lat' dir='ltr'><strong>et</strong></span> <span class='ocrx_word' id='word_1_516' title='bbox 969 3234 1208 3288; x_wconf 90' lang='lat' dir='ltr'><strong>ascititia</strong></span> <span class='ocrx_word' id='word_1_517' title='bbox 1231 3235 1497 3305; x_wconf 78' lang='lat' dir='ltr'><strong>dignitate</strong></span> <span class='ocrx_word' id='word_1_518' title='bbox 1521 3239 1760 3307; x_wconf 61' lang='lat' dir='ltr'><strong>praediti,</strong></span> <span class='ocrx_word' id='word_1_519' title='bbox 1795 3242 1869 3295; x_wconf 90' lang='lat' dir='ltr'><strong>ita</strong></span> <span class='ocrx_word' id='word_1_520' title='bbox 1898 3241 2065 3297; x_wconf 87' lang='lat' dir='ltr'><strong>Deum</strong></span> 
     </span>
    </p>
   </div>
   <div class='ocr_carea' id='block_1_67' title="bbox 489 3323 2065 3401">
    <p class='ocr_par' dir='ltr' id='par_1_67' title="bbox 489 3323 2065 3401">
     <span class='ocr_line' id='line_1_67' title="bbox 489 3323 2065 3401; baseline 0.008 -24"><span class='ocrx_word' id='word_1_521' title='bbox 489 3323 817 3392; x_wconf 79' lang='lat' dir='ltr'><strong>compellare</strong></span> <span class='ocrx_word' id='word_1_522' title='bbox 863 3325 1182 3394; x_wconf 83' lang='lat' dir='ltr'><strong>precando:</strong></span> <span class='ocrx_word' id='word_1_523' title='bbox 1246 3344 1267 3378; x_wconf 77' lang='grc' dir='ltr'><strong>ι</strong></span> <span class='ocrx_word' id='word_1_524' title='bbox 1308 3326 1467 3383; x_wconf 88' lang='lat' dir='ltr'><strong>Pater</strong></span> <span class='ocrx_word' id='word_1_525' title='bbox 1493 3337 1713 3395; x_wconf 84' lang='lat' dir='ltr'><strong>noster,</strong></span> <span class='ocrx_word' id='word_1_526' title='bbox 1762 3333 1855 3401; x_wconf 90' lang='lat' dir='ltr'><strong>qui</strong></span> <span class='ocrx_word' id='word_1_527' title='bbox 1905 3349 1966 3388; x_wconf 92' lang='lat' dir='ltr'><strong>es</strong></span> <span class='ocrx_word' id='word_1_528' title='bbox 2011 3334 2065 3388; x_wconf 91' lang='lat' dir='ltr'><strong>in</strong></span> 
     </span>
    </p>
   </div>
   <div class='ocr_carea' id='block_1_68' title="bbox 489 3413 2066 3481">
    <p class='ocr_par' dir='ltr' id='par_1_68' title="bbox 489 3413 2066 3481">
     <span class='ocr_line' id='line_1_68' title="bbox 489 3413 2066 3481; baseline 0.009 -14"><span class='ocrx_word' id='word_1_529' title='bbox 489 3414 647 3468; x_wconf 65' lang='lat' dir='ltr'><strong>catis</strong></span> <span class='ocrx_word' id='word_1_530' title='bbox 675 3415 740 3466; x_wconf 75' lang='grc' dir='ltr'>δ’.</span> <span class='ocrx_word' id='word_1_531' title='bbox 773 3432 796 3467; x_wconf 74' lang='grc' dir='ltr'><strong>ιι</strong></span> <span class='ocrx_word' id='word_1_532' title='bbox 836 3413 989 3470; x_wconf 80' lang='lat' dir='ltr'><strong>Unus</strong></span> <span class='ocrx_word' id='word_1_533' title='bbox 1035 3424 1215 3471; x_wconf 87' lang='lat' dir='ltr'><strong>autem</strong></span> <span class='ocrx_word' id='word_1_534' title='bbox 1253 3432 1317 3473; x_wconf 90' lang='lat' dir='ltr'><strong>ac</strong></span> <span class='ocrx_word' id='word_1_535' title='bbox 1356 3420 1510 3475; x_wconf 88' lang='lat' dir='ltr'><strong>solus</strong></span> <span class='ocrx_word' id='word_1_536' title='bbox 1547 3437 1613 3475; x_wconf 80' lang='lat' dir='ltr'><strong>ex</strong></span> <span class='ocrx_word' id='word_1_537' title='bbox 1650 3437 1758 3478; x_wconf 87' lang='lat' dir='ltr'><strong>uno</strong></span> <span class='ocrx_word' id='word_1_538' title='bbox 1790 3425 2066 3481; x_wconf 80' lang='lat' dir='ltr'><strong>cxsistens</strong></span> 
     </span>
    </p>
   </div>
   <div class='ocr_carea' id='block_1_69' title="bbox 492 3498 2066 3585">
    <p class='ocr_par' dir='ltr' id='par_1_69' title="bbox 492 3498 2066 3585">
     <span class='ocr_line' id='line_1_69' title="bbox 492 3498 2066 3585; baseline 0.01 -31"><span class='ocrx_word' id='word_1_539' title='bbox 492 3498 824 3570; x_wconf 70' lang='lat' dir='ltr'><strong>Unigeaitus</strong></span> <span class='ocrx_word' id='word_1_540' title='bbox 844 3542 859 3568; x_wconf 92' lang='lat'><strong>,</strong></span> <span class='ocrx_word' id='word_1_541' title='bbox 905 3518 1064 3561; x_wconf 83' lang='lat' dir='ltr'><strong>suum</strong></span> <span class='ocrx_word' id='word_1_542' title='bbox 1105 3503 1320 3562; x_wconf 86' lang='lat' dir='ltr'><strong>Patrem</strong></span> <span class='ocrx_word' id='word_1_543' title='bbox 1350 3508 1522 3565; x_wconf 84' lang='lat' dir='ltr'><strong>Deum</strong></span> <span class='ocrx_word' id='word_1_544' title='bbox 1554 3513 1749 3567; x_wconf 79' lang='lat' dir='ltr'><strong>merito</strong></span> <span class='ocrx_word' id='word_1_545' title='bbox 1776 3529 2066 3585; x_wconf 85' lang='lat' dir='ltr'><strong>nuncupa-</strong></span> 
     </span>
    </p>
   </div>
   <div class='ocr_carea' id='block_1_70' title="bbox 489 3591 2066 3671">
    <p class='ocr_par' dir='ltr' id='par_1_70' title="bbox 489 3591 2066 3671">
     <span class='ocr_line' id='line_1_70' title="bbox 489 3591 2066 3671; baseline 0.015 -31"><span class='ocrx_word' id='word_1_546' title='bbox 489 3591 646 3647; x_wconf 74' lang='lat' dir='ltr'><strong>verit.</strong></span> <span class='ocrx_word' id='word_1_547' title='bbox 691 3591 846 3658; x_wconf 77' lang='lat' dir='ltr'><strong>Quod</strong></span> <span class='ocrx_word' id='word_1_548' title='bbox 884 3595 932 3649; x_wconf 84' lang='lat' dir='ltr'><strong>si</strong></span> <span class='ocrx_word' id='word_1_549' title='bbox 969 3610 1056 3651; x_wconf 90' lang='lat' dir='ltr'><strong>res</strong></span> <span class='ocrx_word' id='word_1_550' title='bbox 1099 3600 1409 3668; x_wconf 79' lang='lat' dir='ltr'><strong>propositas</strong></span> <span class='ocrx_word' id='word_1_551' title='bbox 1449 3604 1668 3659; x_wconf 85' lang='lat' dir='ltr'><strong>acutius</strong></span> <span class='ocrx_word' id='word_1_552' title='bbox 1697 3596 1972 3671; x_wconf 83' lang='lat' dir='ltr'><strong>scrutari,</strong></span> <span class='ocrx_word' id='word_1_553' title='bbox 2011 3614 2066 3664; x_wconf 77' lang='lat' dir='ltr'><strong>et</strong></span> 
     </span>
    </p>
   </div>
   <div class='ocr_carea' id='block_1_71' title="bbox 486 3685 2065 3764">
    <p class='ocr_par' dir='ltr' id='par_1_71' title="bbox 486 3685 2065 3764">
     <span class='ocr_line' id='line_1_71' title="bbox 486 3685 2065 3764; baseline 0.012 -29"><span class='ocrx_word' id='word_1_554' title='bbox 486 3685 861 3751; x_wconf 62' lang='lat' dir='ltr'><strong>superioribus</strong></span> <span class='ocrx_word' id='word_1_555' title='bbox 887 3686 1000 3743; x_wconf 69' lang='lat' dir='ltr'><strong>haec</strong></span> <span class='ocrx_word' id='word_1_556' title='bbox 1022 3690 1185 3743; x_wconf 88' lang='lat' dir='ltr'><strong>etiam</strong></span> <span class='ocrx_word' id='word_1_557' title='bbox 1213 3694 1634 3750; x_wconf 84' lang='lat' dir='ltr'><strong>accommodare</strong></span> <span class='ocrx_word' id='word_1_558' title='bbox 1665 3696 1921 3764; x_wconf 83' lang='lat' dir='ltr'><strong>velimus,</strong></span> <span class='ocrx_word' id='word_1_559' title='bbox 1953 3698 2065 3754; x_wconf 87' lang='lat' dir='ltr'><strong>alio</strong></span> 
     </span>
    </p>
   </div>
   <div class='ocr_carea' id='block_1_72' title="bbox 504 3775 1548 3845">
    <p class='ocr_par' dir='ltr' id='par_1_72' title="bbox 504 3775 1548 3845">
     <span class='ocr_line' id='line_1_72' title="bbox 504 3775 1548 3845; baseline 0.011 -18"><span class='ocrx_word' id='word_1_560' title='bbox 504 3775 670 3830; x_wconf 69' lang='lat' dir='ltr'><strong>nitido</strong></span> <span class='ocrx_word' id='word_1_561' title='bbox 706 3779 1102 3834; x_wconf 76' lang='lat' dir='ltr'><strong>consideranda</strong></span> <span class='ocrx_word' id='word_1_562' title='bbox 1130 3789 1214 3836; x_wconf 84' lang='lat' dir='ltr'><strong>est</strong></span> <span class='ocrx_word' id='word_1_563' title='bbox 1244 3782 1333 3836; x_wconf 82' lang='lat' dir='ltr'><strong>illa</strong></span> <span class='ocrx_word' id='word_1_564' title='bbox 1362 3784 1548 3845; x_wconf 85' lang='lat' dir='ltr'><strong>lectio.</strong></span> 
     </span>
    </p>
   </div>
   <div class='ocr_carea' id='block_1_73' title="bbox 557 3863 2061 3949">
    <p class='ocr_par' dir='ltr' id='par_1_73' title="bbox 557 3863 2061 3949">
     <span class='ocr_line' id='line_1_73' title="bbox 557 3863 2061 3949; baseline 0.011 -30"><span class='ocrx_word' id='word_1_565' title='bbox 557 3863 628 3921; x_wconf 80' lang='lat' dir='ltr'><strong>Et</strong></span> <span class='ocrx_word' id='word_1_566' title='bbox 658 3867 861 3922; x_wconf 74' lang='lat' dir='ltr'><strong>invenit</strong></span> <span class='ocrx_word' id='word_1_567' title='bbox 889 3870 944 3923; x_wconf 83' lang='lat' dir='ltr'><strong>in</strong></span> <span class='ocrx_word' id='word_1_568' title='bbox 969 3871 1157 3940; x_wconf 74' lang='lat' dir='ltr'><strong>templo</strong></span> <span class='ocrx_word' id='word_1_569' title='bbox 1189 3872 1462 3928; x_wconf 63' lang='lat' dir='ltr'><strong>euidentes</strong></span> <span class='ocrx_word' id='word_1_570' title='bbox 1492 3874 1670 3945; x_wconf 73' lang='lat' dir='ltr'><strong>boves,</strong></span> <span class='ocrx_word' id='word_1_571' title='bbox 1701 3886 1752 3933; x_wconf 82' lang='lat' dir='ltr'><strong>et</strong></span> <span class='ocrx_word' id='word_1_572' title='bbox 1780 3894 1896 3934; x_wconf 82' lang='lat' dir='ltr'><strong>oves</strong></span> <span class='ocrx_word' id='word_1_573' title='bbox 1915 3920 1932 3949; x_wconf 91' lang='lat'><strong>,</strong></span> <span class='ocrx_word' id='word_1_574' title='bbox 1954 3888 2061 3937; x_wconf 87' lang='lat' dir='ltr'><strong>etc.</strong></span> 
     </span>
    </p>
   </div>
   <div class='ocr_carea' id='block_1_74' title="bbox 553 4059 2058 4140">
    <p class='ocr_par' dir='ltr' id='par_1_74' title="bbox 553 4059 2058 4140">
     <span class='ocr_line' id='line_1_74' title="bbox 553 4059 2058 4140; baseline 0.01 -26"><span class='ocrx_word' id='word_1_575' title='bbox 553 4059 692 4117; x_wconf 91' lang='lat' dir='ltr'><strong>Vide</strong></span> <span class='ocrx_word' id='word_1_576' title='bbox 737 4078 867 4134; x_wconf 78' lang='lat' dir='ltr'><strong>ergo</strong></span> <span class='ocrx_word' id='word_1_577' title='bbox 906 4078 1104 4122; x_wconf 88' lang='lat' dir='ltr'><strong>rursus</strong></span> <span class='ocrx_word' id='word_1_578' title='bbox 1152 4072 1320 4121; x_wconf 88' lang='lat' dir='ltr'><strong>totam</strong></span> <span class='ocrx_word' id='word_1_579' title='bbox 1368 4068 1801 4140; x_wconf 87' lang='lat' dir='ltr'><strong>dispensationis</strong></span> <span class='ocrx_word' id='word_1_580' title='bbox 1852 4079 2058 4131; x_wconf 74' lang='lat' dir='ltr'><strong>nostra:</strong></span> 
     </span>
    </p>
   </div>
   <div class='ocr_carea' id='block_1_75' title="bbox 487 4148 2061 4218">
    <p class='ocr_par' dir='ltr' id='par_1_75' title="bbox 487 4148 2061 4218">
     <span class='ocr_line' id='line_1_75' title="bbox 487 4148 2061 4218; baseline 0.008 -14"><span class='ocrx_word' id='word_1_581' title='bbox 487 4148 715 4206; x_wconf 72' lang='lat' dir='ltr'><strong>formam</strong></span> <span class='ocrx_word' id='word_1_582' title='bbox 765 4154 980 4211; x_wconf 88' lang='lat' dir='ltr'><strong>duabus</strong></span> <span class='ocrx_word' id='word_1_583' title='bbox 1027 4156 1194 4212; x_wconf 91' lang='lat' dir='ltr'><strong>rebus</strong></span> <span class='ocrx_word' id='word_1_584' title='bbox 1239 4159 1478 4212; x_wconf 80' lang='lat' dir='ltr'><strong>contexi.</strong></span> <span class='ocrx_word' id='word_1_585' title='bbox 1525 4157 1658 4213; x_wconf 83' lang='lat' dir='ltr'><strong>Nam</strong></span> <span class='ocrx_word' id='word_1_586' title='bbox 1704 4175 1832 4215; x_wconf 89' lang='lat' dir='ltr'><strong>cum</strong></span> <span class='ocrx_word' id='word_1_587' title='bbox 1880 4160 2061 4218; x_wconf 81' lang='lat' dir='ltr'><strong>Cana-</strong></span> 
     </span>
    </p>
   </div>
   <div class='ocr_carea' id='block_1_76' title="bbox 485 4241 2058 4322">
    <p class='ocr_par' dir='ltr' id='par_1_76' title="bbox 485 4241 2058 4322">
     <span class='ocr_line' id='line_1_76' title="bbox 485 4241 2058 4322; baseline 0.011 -29"><span class='ocrx_word' id='word_1_588' title='bbox 485 4242 617 4296; x_wconf 75' lang='lat' dir='ltr'><strong>nauis</strong></span> <span class='ocrx_word' id='word_1_589' title='bbox 636 4241 873 4299; x_wconf 79' lang='lat' dir='ltr'><strong>Galilaeae</strong></span> <span class='ocrx_word' id='word_1_590' title='bbox 904 4246 1102 4302; x_wconf 90' lang='lat' dir='ltr'><strong>incolis</strong></span> <span class='ocrx_word' id='word_1_591' title='bbox 1125 4248 1645 4318; x_wconf 87' lang='lat' dir='ltr'><strong>cpulatuerristus</strong></span> <span class='ocrx_word' id='word_1_592' title='bbox 1682 4259 1847 4322; x_wconf 90' lang='lat' dir='ltr'><strong>atque</strong></span> <span class='ocrx_word' id='word_1_593' title='bbox 1879 4254 2058 4310; x_wconf 86' lang='lat' dir='ltr'><strong>diver-</strong></span> 
     </span>
    </p>
   </div>
   <div class='ocr_carea' id='block_1_77' title="bbox 2171 3056 3745 3147">
    <p class='ocr_par' dir='ltr' id='par_1_77' title="bbox 2171 3056 3745 3147">
     <span class='ocr_line' id='line_1_77' title="bbox 2171 3056 3745 3147; baseline 0.014 -38"><span class='ocrx_word' id='word_1_594' title='bbox 2171 3056 2404 3128; x_wconf 85' lang='grc' dir='ltr'>τίθησιν,</span> <span class='ocrx_word' id='word_1_595' title='bbox 2441 3060 2569 3114; x_wconf 85' lang='grc' dir='ltr'>ίδιον</span> <span class='ocrx_word' id='word_1_596' title='bbox 2599 3063 2816 3133; x_wconf 79' lang='grc' dir='ltr'>Πατέρα</span> <span class='ocrx_word' id='word_1_597' title='bbox 2841 3065 3022 3120; x_wconf 80' lang='grc' dir='ltr'>καλῶν</span> <span class='ocrx_word' id='word_1_598' title='bbox 3047 3068 3138 3122; x_wconf 78' lang='grc' dir='ltr'><strong>τδν</strong></span> <span class='ocrx_word' id='word_1_599' title='bbox 3168 3071 3319 3125; x_wconf 85' lang='grc' dir='ltr'>Θεόν.</span> <span class='ocrx_word' id='word_1_600' title='bbox 3355 3073 3610 3145; x_wconf 73' lang='grc' dir='ltr'>’Λρμόσει</span> <span class='ocrx_word' id='word_1_601' title='bbox 3642 3076 3745 3147; x_wconf 77' lang='grc' dir='ltr'>μὲν</span> 
     </span>
    </p>
   </div>
   <div class='ocr_carea' id='block_1_78' title="bbox 2170 3146 3745 3237">
    <p class='ocr_par' dir='ltr' id='par_1_78' title="bbox 2170 3146 3745 3237">
     <span class='ocr_line' id='line_1_78' title="bbox 2170 3146 3745 3237; baseline 0.013 -38"><span class='ocrx_word' id='word_1_602' title='bbox 2170 3146 2279 3217; x_wconf 82' lang='grc' dir='ltr'>γὰρ</span> <span class='ocrx_word' id='word_1_603' title='bbox 2296 3151 2408 3211; x_wconf 87' lang='grc' dir='ltr'>τοῖς</span> <span class='ocrx_word' id='word_1_604' title='bbox 2433 3152 2512 3213; x_wconf 92' lang='grc' dir='ltr'><strong>εἰς</strong></span> <span class='ocrx_word' id='word_1_605' title='bbox 2540 3151 2760 3224; x_wconf 85' lang='grc' dir='ltr'>υἰότητα</span> <span class='ocrx_word' id='word_1_606' title='bbox 2787 3156 3163 3227; x_wconf 78' lang='grc' dir='ltr'>κεκλημένοις,</span> <span class='ocrx_word' id='word_1_607' title='bbox 3181 3162 3275 3213; x_wconf 76' lang='grc' dir='ltr'>καὶ</span> <span class='ocrx_word' id='word_1_608' title='bbox 3299 3162 3533 3217; x_wconf 68' lang='grc' dir='ltr'>ἐπακτὸν</span> <span class='ocrx_word' id='word_1_609' title='bbox 3560 3146 3745 3237; x_wconf 76' lang='grc' dir='ltr'>έχουσι</span> 
     </span>
    </p>
   </div>
   <div class='ocr_carea' id='block_1_79' title="bbox 2169 3238 3746 3325">
    <p class='ocr_par' dir='ltr' id='par_1_79' title="bbox 2169 3238 3746 3325">
     <span class='ocr_line' id='line_1_79' title="bbox 2169 3238 3746 3325; baseline 0.012 -33"><span class='ocrx_word' id='word_1_610' title='bbox 2169 3239 2229 3292; x_wconf 83' lang='grc' dir='ltr'>τὸ</span> <span class='ocrx_word' id='word_1_611' title='bbox 2253 3238 2474 3310; x_wconf 82' lang='grc' dir='ltr'>ἀξίωμα</span> <span class='ocrx_word' id='word_1_612' title='bbox 2497 3246 2951 3315; x_wconf 84' lang='grc' dir='ltr'>προσευχομένοις</span> <span class='ocrx_word' id='word_1_613' title='bbox 2979 3248 3238 3320; x_wconf 74' lang='grc' dir='ltr'>ἀναϐοᾷν⁸</span> <span class='ocrx_word' id='word_1_614' title='bbox 3274 3270 3293 3302; x_wconf 77' lang='grc' dir='ltr'><strong>ι</strong></span> <span class='ocrx_word' id='word_1_615' title='bbox 3320 3252 3501 3325; x_wconf 86' lang='grc' dir='ltr'>Πάτερ</span> <span class='ocrx_word' id='word_1_616' title='bbox 3531 3255 3685 3325; x_wconf 79' lang='grc' dir='ltr'>ἡμῶν</span> <span class='ocrx_word' id='word_1_617' title='bbox 3714 3259 3746 3311; x_wconf 87' lang='grc' dir='ltr'>ὁ</span> 
     </span>
    </p>
   </div>
   <div class='ocr_carea' id='block_1_80' title="bbox 2170 3331 3746 3418">
    <p class='ocr_par' dir='ltr' id='par_1_80' title="bbox 2170 3331 3746 3418">
     <span class='ocr_line' id='line_1_80' title="bbox 2170 3331 3746 3418; baseline 0.012 -35"><span class='ocrx_word' id='word_1_618' title='bbox 2170 3331 2227 3384; x_wconf 85' lang='grc' dir='ltr'>ἐν</span> <span class='ocrx_word' id='word_1_619' title='bbox 2259 3333 2371 3395; x_wconf 86' lang='grc' dir='ltr'>τοῖς</span> <span class='ocrx_word' id='word_1_620' title='bbox 2399 3332 2677 3404; x_wconf 55' lang='grc' dir='ltr'>οὐρανοῖς</span> <span class='ocrx_word' id='word_1_621' title='bbox 2710 3354 2728 3387; x_wconf 73' lang='grc' dir='ltr'><strong>ι</strong></span> <span class='ocrx_word' id='word_1_622' title='bbox 2761 3331 2841 3403; x_wconf 78' lang='grc' dir='ltr'>εἷς</span> <span class='ocrx_word' id='word_1_623' title='bbox 2863 3337 2919 3390; x_wconf 84' lang='grc' dir='ltr'>δὲ</span> <span class='ocrx_word' id='word_1_624' title='bbox 2950 3339 3045 3392; x_wconf 75' lang='grc' dir='ltr'><strong>καὶ</strong></span> <span class='ocrx_word' id='word_1_625' title='bbox 3069 3342 3227 3409; x_wconf 86' lang='grc' dir='ltr'>μόνον</span> <span class='ocrx_word' id='word_1_626' title='bbox 3250 3343 3311 3408; x_wconf 79' lang='grc' dir='ltr'>ἐξ</span> <span class='ocrx_word' id='word_1_627' title='bbox 3342 3344 3458 3408; x_wconf 78' lang='grc' dir='ltr'>ἐνὸς</span> <span class='ocrx_word' id='word_1_628' title='bbox 3482 3347 3746 3418; x_wconf 82' lang='grc' dir='ltr'>ὑπάρχων</span> 
     </span>
    </p>
   </div>
   <div class='ocr_carea' id='block_1_81' title="bbox 2168 3423 3744 3507">
    <p class='ocr_par' dir='ltr' id='par_1_81' title="bbox 2168 3423 3744 3507">
     <span class='ocr_line' id='line_1_81' title="bbox 2168 3423 3744 3507; baseline 0.011 -32"><span class='ocrx_word' id='word_1_629' title='bbox 2168 3423 2197 3476; x_wconf 87' lang='lat'><strong>6</strong></span> <span class='ocrx_word' id='word_1_630' title='bbox 2216 3423 2533 3496; x_wconf 78' lang='grc' dir='ltr'>-Μονογενὴς</span> <span class='ocrx_word' id='word_1_631' title='bbox 2553 3466 2568 3489; x_wconf 92' lang='grc'><strong>,</strong></span> <span class='ocrx_word' id='word_1_632' title='bbox 2614 3425 2743 3481; x_wconf 87' lang='grc' dir='ltr'>ίδιον</span> <span class='ocrx_word' id='word_1_633' title='bbox 2782 3428 3004 3494; x_wconf 88' lang='grc' dir='ltr'>εἰκότως</span> <span class='ocrx_word' id='word_1_634' title='bbox 3049 3432 3378 3489; x_wconf 87' lang='grc' dir='ltr'>ἀποκαλέσει</span> <span class='ocrx_word' id='word_1_635' title='bbox 3406 3437 3618 3507; x_wconf 83' lang='grc' dir='ltr'>Πατέρα</span> <span class='ocrx_word' id='word_1_636' title='bbox 3646 3439 3744 3493; x_wconf 73' lang='grc' dir='ltr'><strong>τὸν</strong></span> 
     </span>
    </p>
   </div>
   <div class='ocr_carea' id='block_1_82' title="bbox 2167 3512 3737 3598">
    <p class='ocr_par' dir='ltr' id='par_1_82' title="bbox 2167 3512 3737 3598">
     <span class='ocr_line' id='line_1_82' title="bbox 2167 3512 3737 3598; baseline 0.011 -32"><span class='ocrx_word' id='word_1_637' title='bbox 2167 3512 2318 3569; x_wconf 83' lang='grc' dir='ltr'>Θεόν.</span> <span class='ocrx_word' id='word_1_638' title='bbox 2373 3515 2437 3569; x_wconf 79' lang='lat' dir='ltr'><strong>Ei</strong></span> <span class='ocrx_word' id='word_1_639' title='bbox 2477 3517 2534 3571; x_wconf 81' lang='grc' dir='ltr'>δὲ</span> <span class='ocrx_word' id='word_1_640' title='bbox 2578 3519 2656 3571; x_wconf 84' lang='grc' dir='ltr'><strong>δεῖ</strong></span> <span class='ocrx_word' id='word_1_641' title='bbox 2701 3522 2815 3583; x_wconf 85' lang='grc' dir='ltr'>τοῖς</span> <span class='ocrx_word' id='word_1_642' title='bbox 2864 3524 3241 3595; x_wconf 80' lang='grc' dir='ltr'>προκειμένοις</span> <span class='ocrx_word' id='word_1_643' title='bbox 3288 3528 3737 3598; x_wconf 73' lang='grc' dir='ltr'>προσϐάλλοντας,</span> 
     </span>
    </p>
   </div>
   <div class='ocr_carea' id='block_1_83' title="bbox 2167 3605 3739 3689">
    <p class='ocr_par' dir='ltr' id='par_1_83' title="bbox 2167 3605 3739 3689">
     <span class='ocr_line' id='line_1_83' title="bbox 2167 3605 3739 3689; baseline 0.012 -32"><span class='ocrx_word' id='word_1_644' title='bbox 2167 3605 2527 3678; x_wconf 82' lang='grc' dir='ltr'>λογικώτερον</span> <span class='ocrx_word' id='word_1_645' title='bbox 2576 3611 2881 3683; x_wconf 70' lang='grc' dir='ltr'>ἐφαρμόσαι</span> <span class='ocrx_word' id='word_1_646' title='bbox 2926 3616 3038 3677; x_wconf 87' lang='grc' dir='ltr'>τοῖς</span> <span class='ocrx_word' id='word_1_647' title='bbox 3093 3615 3350 3689; x_wconf 81' lang='grc' dir='ltr'>ἀνωτέρω</span> <span class='ocrx_word' id='word_1_648' title='bbox 3401 3632 3495 3673; x_wconf 78' lang='grc' dir='ltr'><strong>και</strong></span> <span class='ocrx_word' id='word_1_649' title='bbox 3542 3620 3739 3689; x_wconf 76' lang='grc' dir='ltr'>ταῦτα,</span> 
     </span>
    </p>
   </div>
   <div class='ocr_carea' id='block_1_84' title="bbox 2169 3697 3168 3779">
    <p class='ocr_par' dir='ltr' id='par_1_84' title="bbox 2169 3697 3168 3779">
     <span class='ocr_line' id='line_1_84' title="bbox 2169 3697 3168 3779; baseline 0.011 -29"><span class='ocrx_word' id='word_1_650' title='bbox 2169 3697 2468 3771; x_wconf 83' lang='grc' dir='ltr'>θεωρητέον</span> <span class='ocrx_word' id='word_1_651' title='bbox 2497 3702 2699 3774; x_wconf 81' lang='grc' dir='ltr'>ἑτέρως</span> <span class='ocrx_word' id='word_1_652' title='bbox 2726 3704 2786 3757; x_wconf 86' lang='grc' dir='ltr'>τὸ</span> <span class='ocrx_word' id='word_1_653' title='bbox 2815 3706 3168 3779; x_wconf 77' lang='grc' dir='ltr'>ἀνάγνωσμα,</span> 
     </span>
    </p>
   </div>
   <div class='ocr_carea' id='block_1_85' title="bbox 2235 3873 3739 3956">
    <p class='ocr_par' dir='ltr' id='par_1_85' title="bbox 2235 3873 3739 3956">
     <span class='ocr_line' id='line_1_85' title="bbox 2235 3873 3739 3956; baseline 0.009 -26"><span class='ocrx_word' id='word_1_654' title='bbox 2235 3876 2342 3930; x_wconf 78' lang='lat' dir='ltr'><strong>Kal</strong></span> <span class='ocrx_word' id='word_1_655' title='bbox 2370 3873 2546 3945; x_wconf 73' lang='grc' dir='ltr'>εὗρεν</span> <span class='ocrx_word' id='word_1_656' title='bbox 2581 3877 2652 3932; x_wconf 84' lang='grc' dir='ltr'><strong>ἐν</strong></span> <span class='ocrx_word' id='word_1_657' title='bbox 2679 3877 2760 3945; x_wconf 80' lang='grc' dir='ltr'>τῷ</span> <span class='ocrx_word' id='word_1_658' title='bbox 2782 3879 2914 3948; x_wconf 68' lang='grc' dir='ltr'>ἱερῷ</span> <span class='ocrx_word' id='word_1_659' title='bbox 2938 3882 3077 3948; x_wconf 86' lang='grc' dir='ltr'>τοὺς</span> <span class='ocrx_word' id='word_1_660' title='bbox 3107 3884 3461 3952; x_wconf 67' lang='grc' dir='ltr'>πωλοῦντας</span> <span class='ocrx_word' id='word_1_661' title='bbox 3491 3886 3562 3942; x_wconf 85' lang='grc' dir='ltr'>τὰ</span> <span class='ocrx_word' id='word_1_662' title='bbox 3591 3890 3739 3956; x_wconf 77' lang='grc' dir='ltr'>πρό-</span> 
     </span>
    </p>
   </div>
   <div class='ocr_carea' id='block_1_86' title="bbox 2165 3966 3225 4042">
    <p class='ocr_par' dir='ltr' id='par_1_86' title="bbox 2165 3966 3225 4042">
     <span class='ocr_line' id='line_1_86' title="bbox 2165 3966 3225 4042; baseline 0.005 -21"><span class='ocrx_word' id='word_1_663' title='bbox 2165 3966 2312 4021; x_wconf 73' lang='grc' dir='ltr'>ϐατα</span> <span class='ocrx_word' id='word_1_664' title='bbox 2336 3966 2435 4020; x_wconf 77' lang='grc' dir='ltr'>καὶ</span> <span class='ocrx_word' id='word_1_665' title='bbox 2468 3966 2609 4033; x_wconf 87' lang='grc' dir='ltr'>τοὺς</span> <span class='ocrx_word' id='word_1_666' title='bbox 2636 3969 2813 4034; x_wconf 78' lang='grc' dir='ltr'>βόας,</span> <span class='ocrx_word' id='word_1_667' title='bbox 2846 3970 2941 4023; x_wconf 72' lang='grc' dir='ltr'>καὶ</span> <span class='ocrx_word' id='word_1_668' title='bbox 2976 3969 3045 4024; x_wconf 82' lang='grc' dir='ltr'><strong>τά</strong></span> <span class='ocrx_word' id='word_1_669' title='bbox 3079 3971 3225 4042; x_wconf 77' lang='grc' dir='ltr'>ἑξῆς.</span> 
     </span>
    </p>
   </div>
   <div class='ocr_carea' id='block_1_87' title="bbox 2231 4056 3741 4138">
    <p class='ocr_par' dir='ltr' id='par_1_87' title="bbox 2231 4056 3741 4138">
     <span class='ocr_line' id='line_1_87' title="bbox 2231 4056 3741 4138; baseline 0.009 -28"><span class='ocrx_word' id='word_1_670' title='bbox 2231 4056 2341 4110; x_wconf 82' lang='grc' dir='ltr'><strong>Θέα</strong></span> <span class='ocrx_word' id='word_1_671' title='bbox 2380 4058 2447 4127; x_wconf 80' lang='grc' dir='ltr'>δὴ</span> <span class='ocrx_word' id='word_1_672' title='bbox 2498 4058 2658 4112; x_wconf 89' lang='grc' dir='ltr'>πάλιν</span> <span class='ocrx_word' id='word_1_673' title='bbox 2687 4059 2807 4114; x_wconf 83' lang='grc' dir='ltr'>ὅλον</span> <span class='ocrx_word' id='word_1_674' title='bbox 2847 4060 2950 4130; x_wconf 79' lang='grc' dir='ltr'>τῆς</span> <span class='ocrx_word' id='word_1_675' title='bbox 2982 4061 3104 4117; x_wconf 88' lang='grc' dir='ltr'>καθ’</span> <span class='ocrx_word' id='word_1_676' title='bbox 3153 4064 3301 4135; x_wconf 77' lang='grc' dir='ltr'>ἡμᾶς</span> <span class='ocrx_word' id='word_1_677' title='bbox 3337 4065 3644 4138; x_wconf 80' lang='grc' dir='ltr'>οἰκονομίας</span> <span class='ocrx_word' id='word_1_678' title='bbox 3675 4073 3741 4123; x_wconf 76' lang='grc' dir='ltr'><strong>ἰδ</strong></span> 
     </span>
    </p>
   </div>
   <div class='ocr_carea' id='block_1_88' title="bbox 2164 4148 3738 4226">
    <p class='ocr_par' dir='ltr' id='par_1_88' title="bbox 2164 4148 3738 4226">
     <span class='ocr_line' id='line_1_88' title="bbox 2164 4148 3738 4226; baseline 0.006 -23"><span class='ocrx_word' id='word_1_679' title='bbox 2164 4148 2349 4220; x_wconf 83' lang='grc' dir='ltr'>σχῆμα</span> <span class='ocrx_word' id='word_1_680' title='bbox 2367 4150 2456 4204; x_wconf 83' lang='grc' dir='ltr'><strong>διὰ</strong></span> <span class='ocrx_word' id='word_1_681' title='bbox 2475 4151 2568 4205; x_wconf 83' lang='grc' dir='ltr'>δύο</span> <span class='ocrx_word' id='word_1_682' title='bbox 2591 4154 2931 4226; x_wconf 85' lang='grc' dir='ltr'>πραγμάτων</span> <span class='ocrx_word' id='word_1_683' title='bbox 2955 4155 3389 4226; x_wconf 79' lang='grc' dir='ltr'>ἐξυφαινόμενον.</span> <span class='ocrx_word' id='word_1_684' title='bbox 3410 4157 3738 4214; x_wconf 80' lang='grc' dir='ltr'>Καναναίων</span> 
     </span>
    </p>
   </div>
   <div class='ocr_carea' id='block_1_89' title="bbox 2164 4239 3735 4314">
    <p class='ocr_par' dir='ltr' id='par_1_89' title="bbox 2164 4239 3735 4314">
     <span class='ocr_line' id='line_1_89' title="bbox 2164 4239 3735 4314; baseline 0.003 -21"><span class='ocrx_word' id='word_1_685' title='bbox 2164 4239 2263 4309; x_wconf 76' lang='grc' dir='ltr'>μὲν</span> <span class='ocrx_word' id='word_1_686' title='bbox 2278 4240 2385 4312; x_wconf 79' lang='grc' dir='ltr'><strong>γὰρ</strong></span> <span class='ocrx_word' id='word_1_687' title='bbox 2399 4243 2507 4305; x_wconf 81' lang='grc' dir='ltr'>τοῖς</span> <span class='ocrx_word' id='word_1_688' title='bbox 2522 4244 2661 4297; x_wconf 81' lang='grc' dir='ltr'>κατὰ</span> <span class='ocrx_word' id='word_1_689' title='bbox 2676 4243 2771 4314; x_wconf 80' lang='grc' dir='ltr'>τὴν</span> <span class='ocrx_word' id='word_1_690' title='bbox 2780 4242 3084 4310; x_wconf 84' lang='grc' dir='ltr'>Γαλιλαίαν,</span> <span class='ocrx_word' id='word_1_691' title='bbox 3103 4261 3175 4314; x_wconf 80' lang='grc' dir='ltr'>φη</span> <span class='ocrx_word' id='word_1_692' title='bbox 3184 4242 3264 4313; x_wconf 71' lang='grc' dir='ltr'>μὶ,</span> <span class='ocrx_word' id='word_1_693' title='bbox 3284 4243 3378 4296; x_wconf 71' lang='grc' dir='ltr'><strong>καὶ</strong></span> <span class='ocrx_word' id='word_1_694' title='bbox 3392 4246 3735 4298; x_wconf 75' lang='grc' dir='ltr'>συνεστιᾶται</span> 
     </span>
    </p>
   </div>
   <div class='ocr_carea' id='block_1_90' title="bbox 484 4330 2065 4420">
    <p class='ocr_par' dir='ltr' id='par_1_90' title="bbox 484 4341 2056 4416">
     <span class='ocr_line' id='line_1_90' title="bbox 484 4341 2056 4416; baseline 0.01 -28"><span class='ocrx_word' id='word_1_695' title='bbox 484 4342 668 4397; x_wconf 87' lang='lat' dir='ltr'><strong>satur,</strong></span> <span class='ocrx_word' id='word_1_696' title='bbox 700 4342 753 4388; x_wconf 91' lang='lat' dir='ltr'><strong>et</strong></span> <span class='ocrx_word' id='word_1_697' title='bbox 782 4351 983 4393; x_wconf 63' lang='lat' dir='ltr'><strong>mensae</strong></span> <span class='ocrx_word' id='word_1_698' title='bbox 1005 4348 1293 4397; x_wconf 90' lang='lat' dir='ltr'><strong>consortes</strong></span> <span class='ocrx_word' id='word_1_699' title='bbox 1328 4341 1459 4397; x_wconf 80' lang='lat' dir='ltr'><strong>facit</strong></span> <span class='ocrx_word' id='word_1_700' title='bbox 1488 4358 1585 4400; x_wconf 92' lang='lat' dir='ltr'><strong>eos</strong></span> <span class='ocrx_word' id='word_1_701' title='bbox 1620 4360 1651 4400; x_wconf 90' lang='lat' dir='ltr'><strong>a</strong></span> <span class='ocrx_word' id='word_1_702' title='bbox 1683 4346 1886 4416; x_wconf 91' lang='lat' dir='ltr'><strong>quibus</strong></span> <span class='ocrx_word' id='word_1_703' title='bbox 1912 4349 2056 4405; x_wconf 86' lang='lat' dir='ltr'><strong>invi-</strong></span> 
     </span>
    </p>
   </div>
   <div class='ocr_carea' id='block_1_91' title="bbox 2166 4330 3736 4420">
    <p class='ocr_par' dir='ltr' id='par_1_91' title="bbox 2166 4330 3736 4406">
     <span class='ocr_line' id='line_1_91' title="bbox 2166 4330 3736 4406; baseline 0.004 -24"><span class='ocrx_word' id='word_1_704' title='bbox 2166 4330 2255 4383; x_wconf 67' lang='grc' dir='ltr'><strong>καί¹</strong></span> <span class='ocrx_word' id='word_1_705' title='bbox 2281 4330 2929 4404; x_wconf 75' lang='grc' dir='ltr'>συναυλίζεταιΧρισ-τδς,</span> <span class='ocrx_word' id='word_1_706' title='bbox 2955 4335 3050 4387; x_wconf 70' lang='grc' dir='ltr'>καὶ</span> <span class='ocrx_word' id='word_1_707' title='bbox 3069 4335 3475 4406; x_wconf 77' lang='grc' dir='ltr'>ὁμοτραπέζους</span> <span class='ocrx_word' id='word_1_708' title='bbox 3497 4336 3736 4388; x_wconf 77' lang='grc' dir='ltr'>ἐποιεῖτο</span> 
     </span>
    </p>
   </div>
   <div class='ocr_carea' id='block_1_92' title="bbox 483 4427 2057 4506">
    <p class='ocr_par' dir='ltr' id='par_1_92' title="bbox 483 4427 2057 4506">
     <span class='ocr_line' id='line_1_92' title="bbox 483 4427 2057 4506; baseline 0.013 -32"><span class='ocrx_word' id='word_1_709' title='bbox 483 4429 631 4476; x_wconf 84' lang='lat' dir='ltr'><strong>tatus</strong></span> <span class='ocrx_word' id='word_1_710' title='bbox 662 4432 781 4478; x_wconf 88' lang='lat' dir='ltr'><strong>erat</strong></span> <span class='ocrx_word' id='word_1_711' title='bbox 806 4433 862 4479; x_wconf 87' lang='lat' dir='ltr'><strong>et</strong></span> <span class='ocrx_word' id='word_1_712' title='bbox 886 4427 1279 4486; x_wconf 88' lang='lat' dir='ltr'><strong>cohonestatus</strong></span> <span class='ocrx_word' id='word_1_713' title='bbox 1307 4473 1322 4499; x_wconf 91' lang='lat'><strong>,</strong></span> <span class='ocrx_word' id='word_1_714' title='bbox 1366 4434 1654 4492; x_wconf 88' lang='lat' dir='ltr'><strong>miraculis</strong></span> <span class='ocrx_word' id='word_1_715' title='bbox 1683 4438 1909 4506; x_wconf 86' lang='lat' dir='ltr'><strong>prodest</strong></span> <span class='ocrx_word' id='word_1_716' title='bbox 1938 4479 1952 4503; x_wconf 95' lang='lat'><strong>,</strong></span> <span class='ocrx_word' id='word_1_717' title='bbox 2004 4450 2057 4495; x_wconf 91' lang='lat' dir='ltr'><strong>ct</strong></span> 
     </span>
    </p>
   </div>
   <div class='ocr_carea' id='block_1_93' title="bbox 482 4513 2054 4600">
    <p class='ocr_par' dir='ltr' id='par_1_93' title="bbox 482 4513 2054 4600">
     <span class='ocr_line' id='line_1_93' title="bbox 482 4513 2054 4600; baseline 0.011 -34"><span class='ocrx_word' id='word_1_718' title='bbox 482 4513 629 4583; x_wconf 88' lang='lat' dir='ltr'><strong>quod</strong></span> <span class='ocrx_word' id='word_1_719' title='bbox 662 4514 727 4569; x_wconf 88' lang='lat' dir='ltr'><strong>ad</strong></span> <span class='ocrx_word' id='word_1_720' title='bbox 758 4515 1048 4572; x_wconf 90' lang='lat' dir='ltr'><strong>honestum</strong></span> <span class='ocrx_word' id='word_1_721' title='bbox 1084 4521 1344 4590; x_wconf 78' lang='lat' dir='ltr'><strong>gaudium</strong></span> <span class='ocrx_word' id='word_1_722' title='bbox 1392 4524 1528 4593; x_wconf 86' lang='lat' dir='ltr'><strong>ipsis</strong></span> <span class='ocrx_word' id='word_1_723' title='bbox 1568 4525 1796 4595; x_wconf 90' lang='lat' dir='ltr'><strong>deerat,</strong></span> <span class='ocrx_word' id='word_1_724' title='bbox 1834 4533 2016 4600; x_wconf 83' lang='lat' dir='ltr'><strong>explet</strong></span> <span class='ocrx_word' id='word_1_725' title='bbox 2039 4573 2054 4600; x_wconf 90' lang='lat'><strong>,</strong></span> 
     </span>
    </p>
   </div>
   <div class='ocr_carea' id='block_1_94' title="bbox 482 4606 2057 4685">
    <p class='ocr_par' dir='ltr' id='par_1_94' title="bbox 482 4606 2057 4685">
     <span class='ocr_line' id='line_1_94' title="bbox 482 4606 2057 4685; baseline 0.011 -26"><span class='ocrx_word' id='word_1_726' title='bbox 482 4613 537 4659; x_wconf 88' lang='lat' dir='ltr'><strong>et</strong></span> <span class='ocrx_word' id='word_1_727' title='bbox 567 4619 728 4660; x_wconf 90' lang='lat' dir='ltr'><strong>omne</strong></span> <span class='ocrx_word' id='word_1_728' title='bbox 765 4606 1035 4662; x_wconf 89' lang='lat' dir='ltr'><strong>bonorum</strong></span> <span class='ocrx_word' id='word_1_729' title='bbox 1074 4626 1247 4681; x_wconf 80' lang='lat' dir='ltr'><strong>genus</strong></span> <span class='ocrx_word' id='word_1_730' title='bbox 1280 4610 1484 4667; x_wconf 76' lang='lat' dir='ltr'><strong>affatim</strong></span> <span class='ocrx_word' id='word_1_731' title='bbox 1518 4616 1771 4685; x_wconf 74' lang='lat' dir='ltr'><strong>largitur,</strong></span> <span class='ocrx_word' id='word_1_732' title='bbox 1803 4621 1909 4674; x_wconf 86' lang='lat' dir='ltr'><strong>hoc</strong></span> <span class='ocrx_word' id='word_1_733' title='bbox 1943 4623 2057 4677; x_wconf 81' lang='lat' dir='ltr'><strong>vel-</strong></span> 
     </span>
    </p>
   </div>
   <div class='ocr_carea' id='block_1_95' title="bbox 484 4695 2051 4778">
    <p class='ocr_par' dir='ltr' id='par_1_95' title="bbox 484 4695 2051 4778">
     <span class='ocr_line' id='line_1_95' title="bbox 484 4695 2051 4778; baseline 0.011 -30"><span class='ocrx_word' id='word_1_734' title='bbox 484 4695 560 4748; x_wconf 91' lang='lat' dir='ltr'><strong>uti</strong></span> <span class='ocrx_word' id='word_1_735' title='bbox 593 4701 719 4764; x_wconf 83' lang='lat' dir='ltr'><strong>typo</strong></span> <span class='ocrx_word' id='word_1_736' title='bbox 750 4695 1022 4763; x_wconf 82' lang='lat' dir='ltr'><strong>edocens,</strong></span> <span class='ocrx_word' id='word_1_737' title='bbox 1076 4715 1136 4754; x_wconf 90' lang='lat' dir='ltr'><strong>se</strong></span> <span class='ocrx_word' id='word_1_738' title='bbox 1163 4700 1398 4756; x_wconf 70' lang='lat' dir='ltr'><strong>Galilacae</strong></span> <span class='ocrx_word' id='word_1_739' title='bbox 1430 4702 1640 4759; x_wconf 89' lang='lat' dir='ltr'><strong>incolas</strong></span> <span class='ocrx_word' id='word_1_740' title='bbox 1681 4707 1838 4778; x_wconf 61' lang='lat'><strong>140</strong></span> <span class='ocrx_word' id='word_1_741' title='bbox 1887 4711 2051 4765; x_wconf 88' lang='lat' dir='ltr'><strong>etiam</strong></span> 
     </span>
    </p>
   </div>
   <div class='ocr_carea' id='block_1_96' title="bbox 481 4788 2050 4862">
    <p class='ocr_par' dir='ltr' id='par_1_96' title="bbox 481 4788 2050 4862">
     <span class='ocr_line' id='line_1_96' title="bbox 481 4788 2050 4862; baseline 0.01 -24"><span class='ocrx_word' id='word_1_742' title='bbox 481 4796 865 4856; x_wconf 88' lang='lat' dir='ltr'><strong>suscepturum</strong></span> <span class='ocrx_word' id='word_1_743' title='bbox 885 4829 901 4854; x_wconf 93' lang='lat'><strong>,</strong></span> <span class='ocrx_word' id='word_1_744' title='bbox 935 4788 1039 4843; x_wconf 86' lang='lat' dir='ltr'><strong>hoc</strong></span> <span class='ocrx_word' id='word_1_745' title='bbox 1069 4796 1154 4845; x_wconf 90' lang='lat' dir='ltr'><strong>est</strong></span> <span class='ocrx_word' id='word_1_746' title='bbox 1186 4800 1408 4860; x_wconf 81' lang='lat' dir='ltr'><strong>gentes,</strong></span> <span class='ocrx_word' id='word_1_747' title='bbox 1440 4808 1540 4862; x_wconf 88' lang='lat' dir='ltr'><strong>per</strong></span> <span class='ocrx_word' id='word_1_748' title='bbox 1567 4808 1754 4850; x_wconf 87' lang='lat' dir='ltr'><strong>earum</strong></span> <span class='ocrx_word' id='word_1_749' title='bbox 1793 4798 1949 4851; x_wconf 80' lang='lat' dir='ltr'><strong>[idem</strong></span> <span class='ocrx_word' id='word_1_750' title='bbox 1982 4801 2050 4855; x_wconf 88' lang='lat' dir='ltr'><strong>ad</strong></span> 
     </span>
    </p>
   </div>
   <div class='ocr_carea' id='block_1_97' title="bbox 483 4874 2047 4944">
    <p class='ocr_par' dir='ltr' id='par_1_97' title="bbox 483 4874 2047 4944">
     <span class='ocr_line' id='line_1_97' title="bbox 483 4874 2047 4944; baseline 0.011 -17"><span class='ocrx_word' id='word_1_751' title='bbox 483 4874 628 4944; x_wconf 86' lang='lat' dir='ltr'><strong>ipsas</strong></span> <span class='ocrx_word' id='word_1_752' title='bbox 677 4876 842 4930; x_wconf 87' lang='lat' dir='ltr'><strong>veluti</strong></span> <span class='ocrx_word' id='word_1_753' title='bbox 878 4888 1128 4933; x_wconf 89' lang='lat' dir='ltr'><strong>vocatum</strong></span> <span class='ocrx_word' id='word_1_754' title='bbox 1156 4918 1171 4944; x_wconf 92' lang='lat'><strong>,</strong></span> <span class='ocrx_word' id='word_1_755' title='bbox 1222 4887 1278 4936; x_wconf 89' lang='lat' dir='ltr'><strong>et</strong></span> <span class='ocrx_word' id='word_1_756' title='bbox 1323 4881 1381 4935; x_wconf 86' lang='lat' dir='ltr'><strong>in</strong></span> <span class='ocrx_word' id='word_1_757' title='bbox 1430 4884 1713 4939; x_wconf 81' lang='lat' dir='ltr'><strong>etelcstcm</strong></span> <span class='ocrx_word' id='word_1_758' title='bbox 1748 4886 2047 4944; x_wconf 85' lang='lat' dir='ltr'><strong>thalamum</strong></span> 
     </span>
    </p>
   </div>
   <div class='ocr_carea' id='block_1_98' title="bbox 481 4965 2048 5040">
    <p class='ocr_par' dir='ltr' id='par_1_98' title="bbox 481 4965 2048 5040">
     <span class='ocr_line' id='line_1_98' title="bbox 481 4965 2048 5040; baseline 0.009 -22"><span class='ocrx_word' id='word_1_759' title='bbox 481 4965 921 5021; x_wconf 87' lang='lat' dir='ltr'><strong>introducturum</strong></span> <span class='ocrx_word' id='word_1_760' title='bbox 947 5010 962 5035; x_wconf 93' lang='lat'><strong>,</strong></span> <span class='ocrx_word' id='word_1_761' title='bbox 1003 4970 1057 5023; x_wconf 90' lang='lat' dir='ltr'><strong>in</strong></span> <span class='ocrx_word' id='word_1_762' title='bbox 1088 4970 1580 5040; x_wconf 80' lang='lat' dir='ltr'><strong>primogenitorum</strong></span> <span class='ocrx_word' id='word_1_763' title='bbox 1623 4971 1928 5031; x_wconf 86' lang='lat' dir='ltr'><strong>Ecclesiam</strong></span> <span class='ocrx_word' id='word_1_764' title='bbox 1962 4977 2048 5031; x_wconf 86' lang='lat' dir='ltr'><strong>ni-</strong></span> 
     </span>
    </p>
   </div>
   <div class='ocr_carea' id='block_1_99' title="bbox 480 5057 2043 5140">
    <p class='ocr_par' dir='ltr' id='par_1_99' title="bbox 480 5057 2043 5140">
     <span class='ocr_line' id='line_1_99' title="bbox 480 5057 2043 5140; baseline 0.008 -28"><span class='ocrx_word' id='word_1_765' title='bbox 480 5057 719 5123; x_wconf 90' lang='lat' dir='ltr'><strong>mirum,</strong></span> <span class='ocrx_word' id='word_1_766' title='bbox 763 5074 968 5130; x_wconf 86' lang='lat' dir='ltr'><strong>easque</strong></span> <span class='ocrx_word' id='word_1_767' title='bbox 1014 5075 1142 5117; x_wconf 87' lang='lat' dir='ltr'><strong>cum</strong></span> <span class='ocrx_word' id='word_1_768' title='bbox 1193 5063 1402 5118; x_wconf 79' lang='lat' dir='ltr'><strong>sanctis</strong></span> <span class='ocrx_word' id='word_1_769' title='bbox 1436 5063 1834 5120; x_wconf 86' lang='lat' dir='ltr'><strong>collocaturum</strong></span> <span class='ocrx_word' id='word_1_770' title='bbox 1877 5066 2043 5140; x_wconf 86' lang='lat' dir='ltr'><strong>(cum</strong></span> 
     </span>
    </p>
   </div>
   <div class='ocr_carea' id='block_1_100' title="bbox 477 5148 2045 5226">
    <p class='ocr_par' dir='ltr' id='par_1_100' title="bbox 477 5148 2045 5226">
     <span class='ocr_line' id='line_1_100' title="bbox 477 5148 2045 5226; baseline 0.008 -24"><span class='ocrx_word' id='word_1_771' title='bbox 477 5148 723 5204; x_wconf 82' lang='lat' dir='ltr'><strong>convivis</strong></span> <span class='ocrx_word' id='word_1_772' title='bbox 769 5151 913 5205; x_wconf 89' lang='lat' dir='ltr'><strong>enim</strong></span> <span class='ocrx_word' id='word_1_773' title='bbox 950 5154 1326 5208; x_wconf 89' lang='lat' dir='ltr'><strong>accubuerunt</strong></span> <span class='ocrx_word' id='word_1_774' title='bbox 1364 5153 1701 5226; x_wconf 88' lang='lat' dir='ltr'><strong>discipuli),</strong></span> <span class='ocrx_word' id='word_1_775' title='bbox 1739 5165 1793 5212; x_wconf 90' lang='lat' dir='ltr'><strong>et</strong></span> <span class='ocrx_word' id='word_1_776' title='bbox 1846 5157 2045 5215; x_wconf 64' lang='lat' dir='ltr'><strong>divina:</strong></span> 
     </span>
    </p>
   </div>
   <div class='ocr_carea' id='block_1_101' title="bbox 476 5239 2044 5316">
    <p class='ocr_par' dir='ltr' id='par_1_101' title="bbox 476 5239 2044 5316">
     <span class='ocr_line' id='line_1_101' title="bbox 476 5239 2044 5316; baseline 0.007 -28"><span class='ocrx_word' id='word_1_777' title='bbox 476 5246 542 5293; x_wconf 89' lang='lat' dir='ltr'><strong>ac</strong></span> <span class='ocrx_word' id='word_1_778' title='bbox 587 5239 852 5307; x_wconf 75' lang='lat' dir='ltr'><strong>spiritalis</strong></span> <span class='ocrx_word' id='word_1_779' title='bbox 891 5241 1231 5297; x_wconf 88' lang='lat' dir='ltr'><strong>celebritatis</strong></span> <span class='ocrx_word' id='word_1_780' title='bbox 1255 5242 1468 5300; x_wconf 82' lang='lat' dir='ltr'><strong>futuras</strong></span> <span class='ocrx_word' id='word_1_781' title='bbox 1495 5244 1821 5314; x_wconf 85' lang='lat' dir='ltr'><strong>participes,</strong></span> <span class='ocrx_word' id='word_1_782' title='bbox 1852 5261 2044 5316; x_wconf 88' lang='lat' dir='ltr'><strong>quem-</strong></span> 
     </span>
    </p>
   </div>
   <div class='ocr_carea' id='block_1_102' title="bbox 476 5323 2041 5403">
    <p class='ocr_par' dir='ltr' id='par_1_102' title="bbox 476 5323 2041 5403">
     <span class='ocr_line' id='line_1_102' title="bbox 476 5323 2041 5403; baseline 0.009 -27"><span class='ocrx_word' id='word_1_783' title='bbox 476 5323 768 5381; x_wconf 88' lang='lat' dir='ltr'><strong>admodum</strong></span> <span class='ocrx_word' id='word_1_784' title='bbox 814 5328 976 5385; x_wconf 88' lang='lat' dir='ltr'><strong>etiam</strong></span> <span class='ocrx_word' id='word_1_785' title='bbox 1025 5330 1143 5403; x_wconf 90' lang='lat' dir='ltr'><strong>ipse</strong></span> <span class='ocrx_word' id='word_1_786' title='bbox 1191 5330 1269 5385; x_wconf 86' lang='lat' dir='ltr'><strong>ait</strong></span> <span class='ocrx_word' id='word_1_787' title='bbox 1308 5333 1513 5388; x_wconf 87' lang='lat' dir='ltr'><strong>alicubi</strong></span> <span class='ocrx_word' id='word_1_788' title='bbox 1561 5352 1578 5389; x_wconf 89' lang='lat'><strong>:</strong></span> <span class='ocrx_word' id='word_1_789' title='bbox 1645 5353 1666 5388; x_wconf 79' lang='grc' dir='ltr'><strong>ι</strong></span> <span class='ocrx_word' id='word_1_790' title='bbox 1708 5333 1849 5403; x_wconf 81' lang='lat' dir='ltr'><strong>Quia</strong></span> <span class='ocrx_word' id='word_1_791' title='bbox 1886 5336 2041 5391; x_wconf 89' lang='lat' dir='ltr'><strong>multi</strong></span> 
     </span>
    </p>
   </div>
   <div class='ocr_carea' id='block_1_103' title="bbox 473 5412 2038 5491">
    <p class='ocr_par' dir='ltr' id='par_1_103' title="bbox 473 5412 2038 5491">
     <span class='ocr_line' id='line_1_103' title="bbox 473 5412 2038 5491; baseline 0.008 -24"><span class='ocrx_word' id='word_1_792' title='bbox 473 5412 781 5486; x_wconf 79' lang='lat' dir='ltr'><strong>ab_oriente</strong></span> <span class='ocrx_word' id='word_1_793' title='bbox 805 5426 859 5473; x_wconf 90' lang='lat' dir='ltr'><strong>et</strong></span> <span class='ocrx_word' id='word_1_794' title='bbox 887 5420 1166 5480; x_wconf 89' lang='lat' dir='ltr'><strong>occidente</strong></span> <span class='ocrx_word' id='word_1_795' title='bbox 1199 5424 1440 5491; x_wconf 88' lang='lat' dir='ltr'><strong>venient,</strong></span> <span class='ocrx_word' id='word_1_796' title='bbox 1471 5432 1525 5480; x_wconf 90' lang='lat' dir='ltr'><strong>et</strong></span> <span class='ocrx_word' id='word_1_797' title='bbox 1554 5428 1872 5482; x_wconf 89' lang='lat' dir='ltr'><strong>recumbent</strong></span> <span class='ocrx_word' id='word_1_798' title='bbox 1912 5441 2038 5482; x_wconf 92' lang='lat' dir='ltr'><strong>cum</strong></span> 
     </span>
    </p>
   </div>
   <div class='ocr_carea' id='block_1_104' title="bbox 569 5591 1120 5663">
    <p class='ocr_par' dir='ltr' id='par_1_104' title="bbox 569 5591 1120 5663">
     <span class='ocr_line' id='line_1_104' title="bbox 569 5591 1120 5663; baseline 0.015 -18"><span class='ocrx_word' id='word_1_799' title='bbox 569 5591 615 5623; x_wconf 81' lang='lat'><strong>&#39;°</strong></span> <span class='ocrx_word' id='word_1_800' title='bbox 651 5592 843 5649; x_wconf 75' lang='lat' dir='ltr'><strong>Matth.</strong></span> <span class='ocrx_word' id='word_1_801' title='bbox 878 5612 992 5663; x_wconf 75' lang='lat' dir='ltr'><strong>XXI,</strong></span> <span class='ocrx_word' id='word_1_802' title='bbox 1034 5600 1120 5653; x_wconf 74' lang='lat' dir='ltr'><strong>l3.</strong></span> 
     </span>
    </p>
   </div>
   <div class='ocr_carea' id='block_1_105' title="bbox 2159 4421 3735 4498">
    <p class='ocr_par' dir='ltr' id='par_1_105' title="bbox 2159 4421 3735 4498">
     <span class='ocr_line' id='line_1_105' title="bbox 2159 4421 3735 4498; baseline 0.005 -25"><span class='ocrx_word' id='word_1_803' title='bbox 2159 4421 2288 4486; x_wconf 77' lang='grc' dir='ltr'>τοὺς</span> <span class='ocrx_word' id='word_1_804' title='bbox 2304 4424 2637 4495; x_wconf 83' lang='grc' dir='ltr'>κεκληκότας</span> <span class='ocrx_word' id='word_1_805' title='bbox 2652 4425 2834 4490; x_wconf 74' lang='grc' dir='ltr'>αὑτὸν,</span> <span class='ocrx_word' id='word_1_806' title='bbox 2858 4426 2952 4479; x_wconf 75' lang='grc' dir='ltr'>καὶ</span> <span class='ocrx_word' id='word_1_807' title='bbox 2971 4426 3057 4480; x_wconf 80' lang='grc' dir='ltr'><strong>διὰ</strong></span> <span class='ocrx_word' id='word_1_808' title='bbox 3070 4426 3226 4481; x_wconf 89' lang='grc' dir='ltr'>τοῦτο</span> <span class='ocrx_word' id='word_1_809' title='bbox 3240 4428 3578 4498; x_wconf 84' lang='grc' dir='ltr'>τιμήσαντας</span> <span class='ocrx_word' id='word_1_810' title='bbox 3594 4444 3608 4457; x_wconf 89' lang='grc'><strong>·</strong></span> <span class='ocrx_word' id='word_1_811' title='bbox 3637 4427 3735 4481; x_wconf 75' lang='grc' dir='ltr'><strong>καὶ</strong></span> 
     </span>
    </p>
   </div>
   <div class='ocr_carea' id='block_1_106' title="bbox 2157 4513 3735 4588">
    <p class='ocr_par' dir='ltr' id='par_1_106' title="bbox 2157 4513 3735 4588">
     <span class='ocr_line' id='line_1_106' title="bbox 2157 4513 3735 4588; baseline 0.003 -22"><span class='ocrx_word' id='word_1_812' title='bbox 2157 4513 2245 4566; x_wconf 81' lang='grc' dir='ltr'><strong>διὰ</strong></span> <span class='ocrx_word' id='word_1_813' title='bbox 2275 4515 2515 4585; x_wconf 83' lang='grc' dir='ltr'>σημείων</span> <span class='ocrx_word' id='word_1_814' title='bbox 2540 4516 2760 4585; x_wconf 74' lang='grc' dir='ltr'>ὠφελεῖ,</span> <span class='ocrx_word' id='word_1_815' title='bbox 2782 4516 2875 4570; x_wconf 73' lang='grc' dir='ltr'>καὶ</span> <span class='ocrx_word' id='word_1_816' title='bbox 2901 4516 2961 4569; x_wconf 79' lang='grc' dir='ltr'>τὸ</span> <span class='ocrx_word' id='word_1_817' title='bbox 2998 4518 3182 4570; x_wconf 88' lang='grc' dir='ltr'>λεῖπον</span> <span class='ocrx_word' id='word_1_818' title='bbox 3213 4519 3397 4581; x_wconf 79' lang='grc' dir='ltr'>αὐτοῖς</span> <span class='ocrx_word' id='word_1_819' title='bbox 3422 4521 3501 4580; x_wconf 88' lang='grc' dir='ltr'><strong>εἰς</strong></span> <span class='ocrx_word' id='word_1_820' title='bbox 3528 4519 3735 4588; x_wconf 76' lang='grc' dir='ltr'>εὐφρα-</span> 
     </span>
    </p>
   </div>
   <div class='ocr_carea' id='block_1_107' title="bbox 2159 4605 3734 4679">
    <p class='ocr_par' dir='ltr' id='par_1_107' title="bbox 2159 4605 3734 4679">
     <span class='ocr_line' id='line_1_107' title="bbox 2159 4605 3734 4679; baseline 0.003 -21"><span class='ocrx_word' id='word_1_821' title='bbox 2159 4605 2279 4658; x_wconf 85' lang='grc' dir='ltr'>σίαν</span> <span class='ocrx_word' id='word_1_822' title='bbox 2302 4607 2605 4677; x_wconf 79' lang='grc' dir='ltr'>ἀναπληροῖ</span> <span class='ocrx_word' id='word_1_823' title='bbox 2626 4624 2638 4640; x_wconf 75' lang='grc' dir='ltr'><strong>ν</strong></span> <span class='ocrx_word' id='word_1_824' title='bbox 2666 4608 2758 4661; x_wconf 74' lang='grc' dir='ltr'>καὶ</span> <span class='ocrx_word' id='word_1_825' title='bbox 2786 4608 2839 4661; x_wconf 83' lang='grc' dir='ltr'><strong>τί</strong></span> <span class='ocrx_word' id='word_1_826' title='bbox 2869 4608 2978 4679; x_wconf 74' lang='grc' dir='ltr'><strong>γὰρ</strong></span> <span class='ocrx_word' id='word_1_827' title='bbox 3010 4608 3129 4677; x_wconf 68' lang='grc' dir='ltr'>οὐχὶ</span> <span class='ocrx_word' id='word_1_828' title='bbox 3163 4610 3271 4663; x_wconf 59' lang='grc' dir='ltr'><strong>θεῶν</strong></span> <span class='ocrx_word' id='word_1_829' title='bbox 3298 4608 3517 4677; x_wconf 79' lang='grc' dir='ltr'>ἀγαθῶν</span> <span class='ocrx_word' id='word_1_830' title='bbox 3542 4610 3734 4662; x_wconf 81' lang='grc' dir='ltr'>ἐπιδα-</span> 
     </span>
    </p>
   </div>
   <div class='ocr_carea' id='block_1_108' title="bbox 2155 4695 3732 4772">
    <p class='ocr_par' dir='ltr' id='par_1_108' title="bbox 2155 4695 3732 4772">
     <span class='ocr_line' id='line_1_108' title="bbox 2155 4695 3732 4772; baseline 0.004 -26"><span class='ocrx_word' id='word_1_831' title='bbox 2155 4695 2433 4763; x_wconf 76' lang='grc' dir='ltr'>ψιλεύεται</span> <span class='ocrx_word' id='word_1_832' title='bbox 2461 4736 2477 4759; x_wconf 93' lang='grc'><strong>,</strong></span> <span class='ocrx_word' id='word_1_833' title='bbox 2528 4697 2603 4760; x_wconf 82' lang='grc' dir='ltr'>ὠς</span> <span class='ocrx_word' id='word_1_834' title='bbox 2639 4698 2726 4752; x_wconf 80' lang='grc' dir='ltr'>διὰ</span> <span class='ocrx_word' id='word_1_835' title='bbox 2757 4699 2930 4752; x_wconf 81' lang='grc' dir='ltr'>τύπου</span> <span class='ocrx_word' id='word_1_836' title='bbox 2977 4699 3273 4765; x_wconf 82' lang='grc' dir='ltr'>διδάσκων,</span> <span class='ocrx_word' id='word_1_837' title='bbox 3310 4701 3391 4754; x_wconf 84' lang='grc' dir='ltr'>ὃτι</span> <span class='ocrx_word' id='word_1_838' title='bbox 3439 4701 3533 4753; x_wconf 73' lang='grc' dir='ltr'>καὶ</span> <span class='ocrx_word' id='word_1_839' title='bbox 3562 4717 3732 4772; x_wconf 82' lang='grc' dir='ltr'>προσ-</span> 
     </span>
    </p>
   </div>
   <div class='ocr_carea' id='block_1_109' title="bbox 2153 4783 3732 4861">
    <p class='ocr_par' dir='ltr' id='par_1_109' title="bbox 2153 4783 3732 4861">
     <span class='ocr_line' id='line_1_109' title="bbox 2153 4783 3732 4861; baseline 0.006 -26"><span class='ocrx_word' id='word_1_840' title='bbox 2153 4783 2360 4847; x_wconf 78' lang='grc' dir='ltr'>δέξεται</span> <span class='ocrx_word' id='word_1_841' title='bbox 2391 4786 2518 4846; x_wconf 78' lang='grc' dir='ltr'>τοὺς</span> <span class='ocrx_word' id='word_1_842' title='bbox 2547 4786 2646 4856; x_wconf 82' lang='grc' dir='ltr'>τῆς</span> <span class='ocrx_word' id='word_1_843' title='bbox 2675 4788 2963 4852; x_wconf 82' lang='grc' dir='ltr'>Γαλιλαίας</span> <span class='ocrx_word' id='word_1_844' title='bbox 2988 4791 3292 4861; x_wconf 71' lang='grc' dir='ltr'>οἰκήτορας,</span> <span class='ocrx_word' id='word_1_845' title='bbox 3325 4788 3469 4843; x_wconf 86' lang='grc' dir='ltr'>τοῦτ’</span> <span class='ocrx_word' id='word_1_846' title='bbox 3498 4789 3634 4851; x_wconf 76' lang='grc' dir='ltr'>ἔστι.</span> <span class='ocrx_word' id='word_1_847' title='bbox 3659 4790 3732 4844; x_wconf 75' lang='grc' dir='ltr'>τὰ</span> 
     </span>
    </p>
   </div>
   <div class='ocr_carea' id='block_1_110' title="bbox 2153 4872 3735 4952">
    <p class='ocr_par' dir='ltr' id='par_1_110' title="bbox 2153 4872 3735 4952">
     <span class='ocr_line' id='line_1_110' title="bbox 2153 4872 3735 4952; baseline 0.007 -28"><span class='ocrx_word' id='word_1_848' title='bbox 2153 4872 2310 4942; x_wconf 78' lang='grc' dir='ltr'>ἔθνη,</span> <span class='ocrx_word' id='word_1_849' title='bbox 2338 4873 2670 4945; x_wconf 81' lang='grc' dir='ltr'>κεκλημένος</span> <span class='ocrx_word' id='word_1_850' title='bbox 2691 4917 2705 4941; x_wconf 91' lang='grc'><strong>,</strong></span> <span class='ocrx_word' id='word_1_851' title='bbox 2754 4879 2831 4942; x_wconf 85' lang='grc' dir='ltr'>ὡς</span> <span class='ocrx_word' id='word_1_852' title='bbox 2859 4880 2995 4951; x_wconf 79' lang='grc' dir='ltr'>πρὸς</span> <span class='ocrx_word' id='word_1_853' title='bbox 3027 4882 3166 4935; x_wconf 80' lang='grc' dir='ltr'>αὐτὰ</span> <span class='ocrx_word' id='word_1_854' title='bbox 3197 4881 3285 4935; x_wconf 73' lang='grc' dir='ltr'><strong>διὰ</strong></span> <span class='ocrx_word' id='word_1_855' title='bbox 3329 4883 3429 4952; x_wconf 81' lang='grc' dir='ltr'>τῆς</span> <span class='ocrx_word' id='word_1_856' title='bbox 3459 4884 3517 4934; x_wconf 82' lang='grc' dir='ltr'>ἐν</span> <span class='ocrx_word' id='word_1_857' title='bbox 3544 4883 3735 4946; x_wconf 78' lang='grc' dir='ltr'>αὐτοῖς</span> 
     </span>
    </p>
   </div>
   <div class='ocr_carea' id='block_1_111' title="bbox 2152 4961 3733 5045">
    <p class='ocr_par' dir='ltr' id='par_1_111' title="bbox 2152 4961 3733 5045">
     <span class='ocr_line' id='line_1_111' title="bbox 2152 4961 3733 5045; baseline 0.008 -32"><span class='ocrx_word' id='word_1_858' title='bbox 2152 4961 2406 5028; x_wconf 88' lang='grc' dir='ltr'>πίστεως,</span> <span class='ocrx_word' id='word_1_859' title='bbox 2435 4965 2526 5017; x_wconf 78' lang='grc' dir='ltr'>καὶ</span> <span class='ocrx_word' id='word_1_860' title='bbox 2545 4968 2625 5030; x_wconf 86' lang='grc' dir='ltr'><strong>είς</strong></span> <span class='ocrx_word' id='word_1_861' title='bbox 2652 4968 2741 5021; x_wconf 85' lang='grc' dir='ltr'>τὸν</span> <span class='ocrx_word' id='word_1_862' title='bbox 2764 4970 3010 5039; x_wconf 81' lang='grc' dir='ltr'>οὐράνιον</span> <span class='ocrx_word' id='word_1_863' title='bbox 3035 4970 3238 5036; x_wconf 77' lang='grc' dir='ltr'>εἰσάξει</span> <span class='ocrx_word' id='word_1_864' title='bbox 3266 4972 3490 5036; x_wconf 81' lang='grc' dir='ltr'>παστὸν,</span> <span class='ocrx_word' id='word_1_865' title='bbox 3524 4973 3602 5035; x_wconf 88' lang='grc' dir='ltr'><strong>εἰς</strong></span> <span class='ocrx_word' id='word_1_866' title='bbox 3626 4972 3733 5045; x_wconf 80' lang='grc' dir='ltr'>τὴν</span> 
     </span>
    </p>
   </div>
   <div class='ocr_carea' id='block_1_112' title="bbox 2150 5048 3734 5135">
    <p class='ocr_par' dir='ltr' id='par_1_112' title="bbox 2150 5048 3734 5135">
     <span class='ocr_line' id='line_1_112' title="bbox 2150 5048 3734 5135; baseline 0.008 -30"><span class='ocrx_word' id='word_1_867' title='bbox 2150 5053 2257 5106; x_wconf 83' lang='grc' dir='ltr'>τῶν</span> <span class='ocrx_word' id='word_1_868' title='bbox 2306 5057 2662 5126; x_wconf 84' lang='grc' dir='ltr'>πρωτοτόκων</span> <span class='ocrx_word' id='word_1_869' title='bbox 2711 5060 3036 5131; x_wconf 83' lang='grc' dir='ltr'>Ἐκκλησίαν</span> <span class='ocrx_word' id='word_1_870' title='bbox 3079 5062 3315 5135; x_wconf 82' lang='grc' dir='ltr'>δηλαδὴ,</span> <span class='ocrx_word' id='word_1_871' title='bbox 3371 5065 3464 5116; x_wconf 70' lang='grc' dir='ltr'><strong>καὶ</strong></span> <span class='ocrx_word' id='word_1_872' title='bbox 3497 5048 3734 5117; x_wconf 54' lang='grc' dir='ltr'>συναναί</span> 
     </span>
    </p>
   </div>
   <div class='ocr_carea' id='block_1_113' title="bbox 2150 5144 3731 5227">
    <p class='ocr_par' dir='ltr' id='par_1_113' title="bbox 2150 5144 3731 5227">
     <span class='ocr_line' id='line_1_113' title="bbox 2150 5144 3731 5227; baseline 0.006 -29"><span class='ocrx_word' id='word_1_873' title='bbox 2150 5144 2320 5199; x_wconf 87' lang='grc' dir='ltr'>κλινεῖ</span> <span class='ocrx_word' id='word_1_874' title='bbox 2346 5151 2457 5211; x_wconf 85' lang='grc' dir='ltr'>τοῖς</span> <span class='ocrx_word' id='word_1_875' title='bbox 2481 5148 2651 5216; x_wconf 83' lang='grc' dir='ltr'>ἁγίοις</span> <span class='ocrx_word' id='word_1_876' title='bbox 2675 5151 2814 5206; x_wconf 80' lang='grc' dir='ltr'>αὐτὰ</span> <span class='ocrx_word' id='word_1_877' title='bbox 2854 5152 3250 5223; x_wconf 81' lang='grc' dir='ltr'>(συνανέκειντο</span> <span class='ocrx_word' id='word_1_878' title='bbox 3269 5155 3377 5227; x_wconf 78' lang='grc' dir='ltr'>γὰρ</span> <span class='ocrx_word' id='word_1_879' title='bbox 3399 5157 3510 5218; x_wconf 86' lang='grc' dir='ltr'>τοῖς</span> <span class='ocrx_word' id='word_1_880' title='bbox 3529 5157 3731 5207; x_wconf 75' lang='grc' dir='ltr'>ἑστιω-</span> 
     </span>
    </p>
   </div>
   <div class='ocr_carea' id='block_1_114' title="bbox 2153 5236 3729 5315">
    <p class='ocr_par' dir='ltr' id='par_1_114' title="bbox 2153 5236 3729 5315">
     <span class='ocr_line' id='line_1_114' title="bbox 2153 5236 3729 5315; baseline 0.006 -25"><span class='ocrx_word' id='word_1_881' title='bbox 2153 5236 2330 5308; x_wconf 82' lang='grc' dir='ltr'>μένοις</span> <span class='ocrx_word' id='word_1_882' title='bbox 2368 5241 2417 5292; x_wconf 86' lang='grc' dir='ltr'><strong>οί</strong></span> <span class='ocrx_word' id='word_1_883' title='bbox 2462 5241 2604 5309; x_wconf 78' lang='grc' dir='ltr'>ἅγιοι</span> <span class='ocrx_word' id='word_1_884' title='bbox 2641 5244 2920 5314; x_wconf 70' lang='grc' dir='ltr'>μαθηταὶ),</span> <span class='ocrx_word' id='word_1_885' title='bbox 2969 5246 3063 5299; x_wconf 76' lang='grc' dir='ltr'>καὶ</span> <span class='ocrx_word' id='word_1_886' title='bbox 3096 5247 3193 5315; x_wconf 87' lang='grc' dir='ltr'>τῆς</span> <span class='ocrx_word' id='word_1_887' title='bbox 3236 5246 3388 5310; x_wconf 81' lang='grc' dir='ltr'>θείας</span> <span class='ocrx_word' id='word_1_888' title='bbox 3428 5248 3519 5300; x_wconf 74' lang='grc' dir='ltr'><strong>καὶ</strong></span> <span class='ocrx_word' id='word_1_889' title='bbox 3558 5262 3729 5301; x_wconf 69' lang='grc' dir='ltr'>πνευο</span> 
     </span>
    </p>
   </div>
   <div class='ocr_carea' id='block_1_115' title="bbox 2151 5333 3726 5408">
    <p class='ocr_par' dir='ltr' id='par_1_115' title="bbox 2151 5333 3726 5408">
     <span class='ocr_line' id='line_1_115' title="bbox 2151 5333 3726 5408; baseline 0.005 -26"><span class='ocrx_word' id='word_1_890' title='bbox 2151 5333 2383 5402; x_wconf 82' lang='grc' dir='ltr'>ματικῆς</span> <span class='ocrx_word' id='word_1_891' title='bbox 2409 5333 2835 5403; x_wconf 82' lang='grc' dir='ltr'>συμμεθέξουσιν</span> <span class='ocrx_word' id='word_1_892' title='bbox 2868 5337 3061 5408; x_wconf 79' lang='grc' dir='ltr'>ἑορτῆς</span> <span class='ocrx_word' id='word_1_893' title='bbox 3084 5376 3100 5401; x_wconf 93' lang='grc'><strong>,</strong></span> <span class='ocrx_word' id='word_1_894' title='bbox 3135 5336 3278 5390; x_wconf 79' lang='grc' dir='ltr'>καθὰ</span> <span class='ocrx_word' id='word_1_895' title='bbox 3306 5336 3398 5391; x_wconf 78' lang='grc' dir='ltr'>καὶ</span> <span class='ocrx_word' id='word_1_896' title='bbox 3426 5337 3587 5401; x_wconf 81' lang='grc' dir='ltr'>αὐτός</span> <span class='ocrx_word' id='word_1_897' title='bbox 3617 5338 3726 5392; x_wconf 71' lang='grc' dir='ltr'><strong>πού</strong></span> 
     </span>
    </p>
   </div>
   <div class='ocr_carea' id='block_1_116' title="bbox 2148 5427 3729 5510">
    <p class='ocr_par' dir='ltr' id='par_1_116' title="bbox 2148 5427 3729 5510">
     <span class='ocr_line' id='line_1_116' title="bbox 2148 5427 3729 5510; baseline 0.005 -34"><span class='ocrx_word' id='word_1_898' title='bbox 2148 5440 2344 5494; x_wconf 84' lang='grc' dir='ltr'>φησιν·</span> <span class='ocrx_word' id='word_1_899' title='bbox 2407 5444 2429 5479; x_wconf 73' lang='grc' dir='ltr'><strong>ι</strong></span> <span class='ocrx_word' id='word_1_900' title='bbox 2467 5427 2589 5482; x_wconf 84' lang='grc' dir='ltr'>Ὅτι</span> <span class='ocrx_word' id='word_1_901' title='bbox 2639 5428 2820 5482; x_wconf 85' lang='grc' dir='ltr'>πολλοί</span> <span class='ocrx_word' id='word_1_902' title='bbox 2851 5428 2959 5483; x_wconf 85' lang='grc' dir='ltr'><strong>ἀπὸ</strong></span> <span class='ocrx_word' id='word_1_903' title='bbox 2993 5429 3301 5510; x_wconf 81' lang='grc' dir='ltr'>ἀνατολῶν,</span> <span class='ocrx_word' id='word_1_904' title='bbox 3353 5430 3449 5484; x_wconf 71' lang='grc' dir='ltr'>καὶ</span> <span class='ocrx_word' id='word_1_905' title='bbox 3498 5429 3729 5504; x_wconf 77' lang='grc' dir='ltr'>δυσμῶν</span> 
     </span>
    </p>
   </div>
   <div class='ocr_carea' id='block_1_117' title="bbox 1215 5599 2251 5670">
    <p class='ocr_par' dir='ltr' id='par_1_117' title="bbox 1215 5599 2251 5670">
     <span class='ocr_line' id='line_1_117' title="bbox 1215 5599 2251 5670; baseline 0.002 -15"><span class='ocrx_word' id='word_1_906' title='bbox 1215 5600 1257 5632; x_wconf 86' lang='grc'><strong>⁸¹</strong></span> <span class='ocrx_word' id='word_1_907' title='bbox 1289 5601 1305 5655; x_wconf 86' lang='grc'><strong>1</strong></span> <span class='ocrx_word' id='word_1_908' title='bbox 1334 5599 1463 5656; x_wconf 88' lang='lat' dir='ltr'><strong>Cor.</strong></span> <span class='ocrx_word' id='word_1_909' title='bbox 1495 5616 1576 5670; x_wconf 82' lang='lat' dir='ltr'><strong>tu,</strong></span> <span class='ocrx_word' id='word_1_910' title='bbox 1610 5601 1696 5655; x_wconf 81' lang='lat' dir='ltr'><strong>l7.</strong></span> <span class='ocrx_word' id='word_1_911' title='bbox 1777 5603 1821 5635; x_wconf 75' lang='grc'><strong>⁸³</strong></span> <span class='ocrx_word' id='word_1_912' title='bbox 1866 5599 2058 5655; x_wconf 72' lang='lat' dir='ltr'><strong>Matth.</strong></span> <span class='ocrx_word' id='word_1_913' title='bbox 2095 5616 2169 5664; x_wconf 76' lang='lat' dir='ltr'><strong>vt,</strong></span> <span class='ocrx_word' id='word_1_914' title='bbox 2198 5601 2251 5657; x_wconf 90' lang='lat'><strong>9.</strong></span> 
     </span>
    </p>
   </div>
  </div>
