4040 6214
256 281 364 337 253

1318 276 1382 334 IN
1423 273 1704 334 JOANNIS
1743 270 2189 330 EVANGELIUM
2227 271 2354 327 LIB.
2401 273 2460 330 II.

3390 283 3495 338 254

257 395 479 466 ἥξουσι,
533 396 628 450 καὶ
678 394 1128 466 ἀνακλιθήσονται
1186 396 1324 466 μετά
1391 395 1677 466 Ἀϐραὰμ,
1734 390 1825 444 καὶ

1934 387 2220 452 Abraham,
2259 395 2313 440 et
2341 389 2492 442 Isaac
2513 428 2526 452 ,
2562 395 2614 442 et
2645 386 2813 442 Iacob
2834 389 2878 420 “
2898 430 2912 454 ,
2951 407 2972 443 ο
3015 390 3221 446 nullius
3246 403 3498 463 expertes

271 487 490 550 Ἰσαὰκ,
538 487 635 540 καὶ
673 486 868 542 Ἰακὼϐ
888 527 902 550 ,
939 505 959 540 ι
993 487 1204 556 οὐδενὸς
1232 488 1416 549 αὐτοῖς
1467 487 1546 548 είς
1572 483 1834 555 θυμηδίαν

261 577 614 640 ἐλλείποντος.
669 595 688 628 ι
711 575 1029 649 Εὐφροσύνη
1057 577 1165 648 γὰρ
1187 577 1400 639 αἰώνιος
1433 576 1570 646 ὑπὲρ
1595 573 1835 642 κεφαλῆς

263 665 462 720 αὐτῶν.
505 683 527 717 ι
578 666 718 730 Τοὺς
766 665 825 718 δὲ
866 665 1271 737 ἀπειθήσαντας
1328 664 1613 727 Ἰουδαίους
1654 663 1835 715 τόπων

265 759 362 829 μὲν
396 758 507 812 τῶν
543 757 720 826 ἁγίων·
739 758 987 826 ἐκϐαλεῖ,
1023 757 1127 823 ἔξω
1150 758 1208 811 δὲ
1231 757 1384 828 θήσει
1412 756 1512 826 τῆς
1549 757 1697 828 ἱερᾶς
1725 755 1836 808 τῶν

264 849 434 915 ἀγίων
472 847 767 918 περιϐολῆς
789 865 803 879 ·
849 849 986 902 ἀλλά
1024 850 1118 902 καὶ
1148 848 1518 920 προσάγοντας
1548 846 1615 900 τὰ
1642 849 1720 910 εἰς
1744 845 1838 899 θυ-

263 939 383 991 σίαν
415 939 479 991 ού
505 939 888 1010 προσδέξεται·
915 941 1134 994 κολάσει
1161 939 1218 992 δὲ
1249 939 1468 1010 μᾶλλον,
1497 937 1590 992 καὶ
1615 938 1836 1010 μάστιγι

263 1024 543 1101 ὑποθήσει,
575 1035 784 1102 σειραῖς
811 1031 919 1084 τῶν
945 1033 1159 1084 οἰκείων
1195 1030 1682 1101 πλημμελημάτων
1707 1047 1838 1083 κατ-

260 1122 971 1194 εσφιγμένους.Ἀκουεγὰρ
984 1123 1228 1191 λέγοντος
1247 1136 1260 1150 ⁸
1289 1123 1522 1193 ι”Αρατε
1551 1121 1725 1176 ταῦτα
1752 1124 1839 1174 ἑνο

259 1213 472 1279 τεῦθεν,
504 1233 524 1265 ι
562 1216 650 1268 ἵνα
680 1214 838 1268 πάλιν
863 1217 1046 1269 ἐκεῖνα
1074 1217 1199 1285 νοῇς
1218 1256 1232 1280 ,
1259 1215 1294 1268 ἃ
1331 1215 1396 1284 δὴ
1430 1213 1524 1267 καὶ
1552 1213 1717 1267 πάλαι
1751 1210 1838 1265 διὰ

261 1301 444 1370 ᾳωνῆς
469 1301 564 1354 τοῦ
590 1303 865 1372 προφήτου
901 1303 1062 1372 φησὶν
1095 1303 1316 1356 Ἡσαΐου
1341 1319 1356 1334 ο
1393 1320 1412 1353 ι
1450 1300 1837 1370 Ὀλοκαύτωμα

257 1391 369 1444 τῶν
397 1393 594 1462 κριῶν,
621 1394 713 1446 καὶ
744 1394 910 1464 στέαρ
939 1393 1147 1464 ἀρνῶν,
1178 1395 1270 1446 καὶ
1311 1387 1451 1462 αἷμα
1487 1391 1699 1464 ταύρων
1741 1392 1836 1444 καὶ

256 1484 484 1552 τράγων
511 1484 572 1536 ού
616 1483 910 1555 βούλομαι,
951 1485 1060 1538 οὐδ’
1088 1485 1154 1538 ἂν
1187 1484 1418 1556 ἔρχησθε
1457 1481 1688 1553 ὀφθῆναί
1723 1498 1832 1551 μοι.

257 1568 357 1631 Τίς
385 1573 496 1641 γάρ
521 1570 813 1641 ἐξεζήτησε
833 1573 1003 1626 ταῦτα
1025 1573 1088 1625 ὲκ
1116 1573 1224 1625 τῶν
1251 1572 1446 1644 χειρῶν
1475 1571 1664 1642 ύμῶν;
1722 1573 1836 1624 Πα-

255 1665 370 1714 τεῖν
401 1663 501 1736 τὴν
529 1663 694 1734 αὐλήν
731 1682 832 1734 μου
890 1667 950 1718 οὐ
1009 1665 1400 1736 προσθήσεσθε.
1467 1663 1591 1717 Ἐὰν
1635 1663 1836 1734 φέρητε

1936 477 2141 547 gaudii.
2199 495 2218 528 ι
2266 475 2477 530 Laetitia
2526 476 2671 531 enim
2724 479 3055 549 sempiterna
3114 495 3281 550 super
3337 494 3503 551 caput

1933 582 2124 622 eorum
2147 567 2215 620 ⁸⁸.
2238 587 2257 620 ι
2283 567 2595 625 lncredulos
2620 578 2800 625 autem
2817 568 3034 627 Iudaeos
3048 571 3116 628 de
3133 573 3342 629 sanctis
3362 575 3498 630 locis

1934 660 2248 714 exturbabit
2269 700 2284 726 ,
2313 668 2368 716 et
2404 671 2559 715 extra
2601 677 2755 718 sacra
2786 670 3105 718 sanctorum
3135 665 3340 720 muenia
3389 677 3500 721 sta-

1935 757 2095 804 tuet:
2142 751 2276 822 quin
2315 760 2370 808 et
2403 753 2676 808 sacriﬁcia
2705 753 2997 810 offerentes
3043 771 3151 810 non
3193 758 3499 828 suscipiet,

1935 841 2031 896 sed
2060 857 2157 898 eos
2193 843 2377 913 potius
2406 846 2616 914 puniet,
2649 844 2945 916 ﬂagrisque
2974 846 3249 917 subjiciet,
3285 850 3501 905 catenis

1935 950 2162 990 suorum
2203 937 2496 990 criminum
2547 939 2904 994 constrictos.
2948 939 3090 994 Audi
3129 940 3274 995 enim
3316 940 3504 996 dicen-

1936 1032 2044 1080 tem
2079 1044 2092 1079 :
2121 1044 2140 1077 ι
2163 1027 2388 1081 Auferte
2424 1026 2524 1080 ista
2547 1026 2695 1092 hinc,
2722 1045 2740 1078 ι
2771 1035 2829 1081 ιιι
2869 1027 2963 1081 illa
2995 1043 3191 1084 rursus
3225 1028 3504 1097 intelligas

1937 1132 2058 1187 qua:
2073 1132 2170 1187 per
2194 1117 2345 1172 Isaia:
2361 1133 2548 1174 vocem
2579 1117 2709 1174 olim
2731 1119 2948 1175 locutus
2972 1128 3087 1176 est:
3125 1137 3145 1171 ι
3166 1118 3502 1174 Holocausta

1935 1209 2190 1273 arietum,
2223 1218 2277 1264 et
2305 1208 2518 1279 adipem
2553 1224 2840 1280 agnorum,
2868 1217 2922 1265 et
2956 1211 3280 1281 sanguinem
3317 1218 3504 1264 tauro-

1935 1314 2058 1352 rum
2093 1310 2147 1354 et
2170 1299 2449 1354 hircorum
2483 1301 2631 1362 nolo,
2655 1316 2828 1371 neque
2845 1302 3077 1357 veniatis
3110 1309 3170 1355 ut
3196 1301 3504 1371 appareatis

1937 1389 2093 1444 mihi.
2123 1389 2260 1456 Quis
2289 1391 2434 1446 enim
2464 1392 2715 1460 quaesivit
2742 1392 2856 1446 haec
2884 1392 2952 1448 de
2981 1393 3235 1447 manibus
3267 1392 3506 1446 vestris?

1936 1478 2160 1533 Calcare
2197 1479 2395 1533 atrium
2433 1494 2612 1534 meum
2656 1493 2764 1533 non
2807 1482 3110 1550 apponetis.
3164 1478 3220 1534 Si
3263 1479 3504 1536 alTeratis

1936 1567 2167 1624 similam
2195 1607 2210 1632 ,
2256 1583 2456 1622 vanum
2487 1569 2772 1624 incensum
2798 1609 2814 1630 .
2859 1569 3195 1624 abominatio
3228 1572 3362 1625 mihi
3395 1579 3502 1626 est.

1936 1661 2259 1717 Neomenias
2293 1671 2536 1727 vestras,
2577 1672 2631 1718 et
2666 1661 2900 1717 Sabbata
2926 1705 2941 1729 ,
2985 1673 3041 1718 et
3071 1663 3212 1718 diem
3248 1679 3504 1735 magnum

259 1752 572 1822 σεμίδαλιν,
627 1756 853 1823 μάταιον
891 1754 1172 1826 θυμίαμα,
1236 1754 1512 1826 βδέλυγμά
1556 1753 1646 1824 μοί
1683 1756 1830 1806 ἐστι’

1942 1764 2050 1804 non
2085 1748 2233 1815 fero;
2277 1749 2542 1820 jejunium
2563 1788 2580 1815 ,
2610 1760 2663 1804 et
2692 1751 2859 1805 otium
2883 1791 2898 1818 ,
2921 1758 2976 1806 et
3006 1750 3382 1806 solemnitates
3411 1766 3507 1806 ve-

257 1837 360 1900 τΞις
388 1837 682 1907 νουμηνίας
710 1839 863 1909 ὑμῶν
912 1841 1006 1893 καὶ
1029 1842 1098 1894 τὰ
1139 1839 1388 1894 Σάϐϐατα
1412 1877 1428 1903 ,
1479 1840 1573 1892 καλ⁸
1619 1839 1833 1909 ἡμέραν

261 1931 506 2000 μεγάλην
539 1931 639 1984 οὐκ
671 1931 950 2001 ἀνέχομαι.
1002 1932 1310 2002 Νηστείαν,
1354 1932 1447 1984 καὶ
1486 1929 1713 2001 ἀργίαν,
1741 1928 1832 1982 καὶ

255 2021 357 2084 τὰς
385 2021 579 2091 ἑορτὰς
615 2023 768 2092 ὑμῶν
815 2025 964 2092 μισεῖ
986 2024 1019 2092 ἡ
1047 2022 1192 2093 ψυχή
1232 2015 1354 2092 μου.
1396 2020 1718 2091 Ἐγενήθητέ
1743 2037 1832 2090 μοι

257 2115 340 2176 τίς
379 2114 727 2186 πλησμονὴν,
755 2115 936 2170 οὐκέτι
961 2117 1146 2187 ἀνήσω
1166 2116 1265 2180 τάς
1297 2114 1572 2187 ἁμαρτίας
1604 2114 1775 2184 ὑμῶν.
1806 2133 1824 2166 ι

1939 1848 2083 1896 stras
2123 1841 2242 1896 odit
2285 1846 2465 1897 anima
2503 1857 2644 1897 mea.
2678 1840 2830 1898 Facti
2867 1843 3002 1898 mihi
3030 1843 3164 1899 estis
3193 1844 3250 1898 in
3279 1843 3507 1900 satieta-
3558 1863 3572 1874 -

1937 1939 2044 1986 tem
2069 1950 2080 1986 :
2113 1949 2459 2004 nequaquam
2483 1935 2623 1988 ultra
2653 1934 2921 1990 dimittam
2948 1944 3169 2005 peccata
3189 1948 3368 1991 vestra
3384 1937 3448 1990 ⁸⁸.
3482 1956 3500 1987 ι

1937 2022 2095 2088 Quod
2140 2023 2355 2094 ﬂagello
2403 2041 2434 2080 e
2471 2024 2696 2081 funibus
2736 2025 2881 2082 facto
2915 2028 3179 2097 praeclare
3206 2028 3501 2101 signiﬁcat.

1940 2111 2135 2185 Flagra
2166 2115 2312 2170 extim
2346 2118 2503 2188 signa
2532 2125 2662 2174 sunt
2687 2119 3011 2190 punitionis.

257 2206 438 2278 Ὅπερ
478 2209 678 2278 ἄριστα
713 2207 801 2261 διά
845 2207 1014 2262 τύπου
1060 2209 1313 2280 σημαίνει
1354 2207 1414 2262 τὸ
1461 2209 1525 2260 ἐκ
1551 2205 1797 2276 σχοινίων
1834 2205 2015 2270 αὐτοῖς
2041 2208 2332 2279 ἐπινοήσας
2383 2209 2724 2279 φραγέλλιον.
2760 2210 3046 2275 Κολάσεως
3106 2213 3214 2284 γὰρ
3281 2217 3505 2286 σημεῖον

256 2305 314 2355 αι
346 2304 632 2374 μάστιγες.
1370 2367 1378 2372 .

265 2463 278 2469 _
341 2394 765 2463 Ἐμνήσθησαν
783 2396 853 2450 δὲ
879 2400 933 2451 οί
955 2398 1213 2467 μαθηταὶ
1237 2397 1443 2465 αὑτοῦ,
1466 2397 1556 2452 ὅτι
1589 2412 1836 2467 γεγραμ-

250 2487 440 2554 μένον
464 2487 640 2540 ἐστίν
673 2504 688 2518 ο
724 2487 788 2542 '0
814 2488 994 2558 ζῆλος
1019 2489 1126 2544 τοῦ
1148 2492 1320 2545 οικου
1350 2505 1468 2544 σου
1508 2487 1834 2559 καταφάγε-

255 2577 355 2630 ταί
374 2594 470 2648 με.
515 2580 957 2648 Ἀπεκρίθησαν
982 2576 1096 2637 οὖν
1123 2584 1179 2636 οί
1208 2581 1482 2637 Ἰουδαῖοι
1499 2622 1513 2646 ,
1541 2581 1638 2636 καί
1663 2577 1835 2635 εἷπον

256 2667 437 2733 αὐτῷ.

339 2761 708 2830 Ἐρανίζονται
741 2761 882 2816 κατὰ
916 2761 1090 2834 βραχὺ
1129 2763 1190 2816 τὸ
1225 2764 1284 2817 ὲν
1319 2763 1518 2832 γνώσει
1552 2763 1756 2816 τέλειον
1781 2763 1832 2816 οί

257 2850 502 2922 μαθηταὶ⁵
521 2893 536 2918 ,
586 2853 678 2904 καὶ
718 2855 835 2916 ταῖς
871 2854 980 2906 τῶν
1009 2853 1345 2925 πραγμάτων
1370 2854 1627 2907 ὲκϐάσεσι
1647 2854 1716 2908 τά
1738 2869 1834 2921 γε-

256 2944 564 3015 γραμμένα
602 2947 1001 3016 συμϐάλλοντες
1031 2947 1232 3016 πολλὴν
1272 2946 1370 3017 ήδη
1397 2946 1700 3001 δεικνύουσι
1733 2946 1831 3016 τὴν

254 3035 352 3087 ἐπὶ
383 3034 448 3086 τὸ
476 3035 654 3104 μεῖζον
675 3037 936 3091 ἐπίδοσιν.
1264 3095 1267 3097 _

330 3126 398 3180 Τί
421 3127 675 3195 σημεῖον
719 3127 1016 3192 δεικνύεις
1039 3128 1210 3198 ἡμῖν,
1255 3128 1346 3181 ὅτι
1385 3127 1569 3182 ταῦτα
1603 3127 1828 3193 ποιεῖς

267 3215 582 3284 Ἀπεκρίθη
617 3217 846 3284 Ἰησοῦς
877 3217 973 3271 καὶ
1005 3215 1174 3272 εἶπεν
1191 3217 1410 3284 αὐτοῖς.

2016 2389 2060 2446 ll
2085 2432 2101 2461 ,
2140 2393 2344 2459 17,18.
2394 2394 2677 2450 Recordati
2731 2408 2852 2452 sunt
2903 2416 3019 2454 t'ero
3059 2399 3306 2471 discipuli
3347 2404 3499 2473 ejus,

1938 2483 2066 2552 quia
2115 2484 2371 2552 scriptum
2410 2495 2487 2538 est
2513 2502 2531 2539 :
2560 2485 2718 2542 Zelus
2763 2487 2949 2542 domus
2997 2499 3100 2544 tute
3139 2493 3360 2546 comedit
3397 2511 3499 2548 me.

1938 2574 2333 2648 Responderunt
2355 2592 2477 2647 ergo
2497 2575 2698 2642 Ιαιίπιί,
2738 2588 2786 2632 et
2811 2579 3058 2634 dixerunt
3082 2581 3150 2634 ei.

2008 2754 2315 2810 Perfectam
2373 2753 2740 2824 cognitionem
2793 2754 3058 2824 paulatim
3113 2755 3498 2826 adipiscuntur

1935 2844 2225 2916 discipuli,
2273 2857 2330 2901 et
2371 2861 2496 2901 cum
2543 2861 2726 2902 rerum
2774 2847 2923 2902 exitu
2960 2845 3279 2917 Scripturas
3317 2849 3502 2906 confeo

1935 2946 2141 3003 rentes,
2181 2953 2436 3010 magnum
2464 2938 2575 3010 jam
2609 2939 2664 2993 in
2715 2939 2907 2995 melius
2938 2939 3244 3010 profectum
3288 2957 3399 3012 prae
3439 2958 3502 3000 se

1933 3028 2136 3084 ferunt.

2002 3121 2047 3176 II
2067 3161 2082 3186 ,
2125 3121 2212 3176 18.
2245 3121 2398 3188 Quod
2433 3125 2635 3192 signum
2678 3123 2909 3180 ostendis
2936 3126 3086 3182 nobis
3122 3128 3247 3198 quia
3273 3126 3385 3184 hinc
3404 3128 3498 3199 fa-

1931 3211 2046 3267 cis?
2072 3209 2359 3280 Respondit
2395 3211 2554 3266 Iesus
2575 3252 2590 3276 ,
2625 3223 2672 3268 et
2705 3213 2842 3269 dixit
2874 3217 2972 3271 eis.

325 3305 782 3375 Καταπλήττεται
806 3308 904 3376 τῆς
927 3307 1174 3372 ἐξουσίας
1213 3307 1274 3360 τὸ
1320 3307 1470 3374 ξένον
1497 3310 1530 3379 ή
1558 3307 1668 3362 τῶν
1702 3308 1828 3362 Ἰουο

2006 3303 2235 3358 Miratur
2285 3304 2588 3360 inauditam
2644 3307 2793 3360 illam
2844 3316 3167 3378 potestatem
3206 3310 3501 3370 multitudo

249 3393 418 3448 δαίων
446 3394 657 3464 πληθὺς
677 3436 694 3460 ,
738 3396 1060 3467 δυσφοροῦσι
1085 3397 1141 3450 δὲ
1178 3397 1297 3452 λίαν
1325 3400 1373 3453 οἱ
1416 3397 1494 3468 τῷ
1521 3397 1634 3468 ναῷ
1665 3414 1833 3469 προσ-

250 3485 590 3556 εδρεύοντες,
612 3485 817 3555 κερδῶν
838 3486 936 3538 ούκ
951 3485 1333 3558 εύαριθμήτων
1349 3488 1828 3558 ἀποστερούμενοι.

251 3574 370 3627 Καὶ
389 3573 687 3642 διελέγχειν
720 3574 816 3644 μὲν
836 3574 934 3627 οὐκ
955 3574 1188 3645 ἔχουσιν,
1225 3576 1300 3640 ὡς
1322 3577 1421 3629 οὐκ
1443 3576 1641 3648 ἄριστα
1661 3577 1828 3646 λέγει,

255 3667 332 3738 μή
355 3668 469 3720 δεῖν
496 3668 769 3738 ἐμπορίας
797 3665 942 3721 οἷκον
972 3668 1064 3721 τὸν
1095 3668 1233 3721 θεῖον
1259 3668 1672 3723 ἀναδείκνυσθαι
1705 3670 1830 3723 ναὸν

250 3757 560 3812 ἐπιτάττων
587 3774 601 3786 ο
653 3758 972 3829 ὑπερθέσεις
1003 3759 1058 3812 δὲ
1097 3760 1258 3813 πάλιν
1303 3762 1368 3830 τῇ
1415 3761 1523 3813 τῶν
1574 3763 1831 3832 ἐμπόρων

249 3851 400 3920 φυγῇ
433 3849 943 3918 πραγματεύονται,
981 3851 1041 3902 τὸ
1071 3851 1145 3921 μὴ
1178 3850 1374 3921 χρῆναι
1403 3852 1705 3923 προχείρως
1731 3854 1832 3906 ύπ-

251 3941 425 3994 είκειν
453 3941 604 4012 αὐτῷ
625 3941 1100 4013 προφασιζόμενοι,
1134 3943 1270 4012 μήτε
1298 3942 1402 4013 μὴν
1413 3943 1829 4014 ἀπερισκέπτως

249 4032 332 4094 είς
357 4032 473 4085 υἱὸν
508 4033 910 4104 παραδέξασθαι
949 4031 1041 4086 τοῦ
1075 4030 1207 4084 Θεοῦ
1240 4033 1328 4086 τὸν
1369 4035 1462 4088 ὑπ’
1493 4035 1704 4100 οὐδενὸς
1733 4053 1830 4106 ση-

251 4122 414 4191 μείου
440 4123 907 4193 μαρτυρούμενον.

335 4215 694 4283 Ἀπεκρίθηό
730 4217 986 4285 Ἰησοῦς,
1021 4215 1306 4274 καὶεῖπεν
1321 4218 1558 4285 αὐτοῖς’
1594 4221 1830 4274 Λύσατε

247 4305 363 4358 τὸν
400 4307 553 4360 ναὸν
597 4309 849 4374 τοῦτον,
903 4309 1000 4363 καὶ
1035 4311 1105 4363 ἐν
1145 4311 1342 4378 τρισίν
1365 4310 1615 4380 ἡμέραις
1647 4311 1830 4382 ἐγερῶ

245 4396 462 4451 αὐτόν.
499 4393 690 4451 Εἶπον
714 4394 827 4454 οὖν
862 4389 917 4452 oi
950 4399 1240 4456 Ἰουδαῖοι.

327 4487 454 4551 Τοῖς
483 4487 546 4552 ἐξ
571 4489 783 4560 ἀγαθῆς
817 4493 1185 4563 προαιρέσεως
1209 4492 1502 4548 αίτοῦσιτά
1522 4493 1702 4563 ἀγαθά
1735 4497 1828 4548 καὶ

252 4579 376 4632 λίαν
405 4581 640 4652 ἑτοίμως
661 4582 842 4652 ὀρέγει
877 4582 1007 4645 Θεός
1028 4602 1042 4615 ι
1097 4586 1209 4648 τοῖς
1243 4584 1299 4639 δὲ
1327 4584 1611 4656 προσιοῦσι
1638 4603 1827 4658 πειρα-

253 4672 460 4737 αικῶς
479 4713 493 4736 ,
525 4674 624 4741 οὐχ
657 4673 803 4736 ὅπως
825 4675 1064 4747 ἀρνεῖται
1091 4675 1251 4745 μόνον
1280 4676 1379 4747 τὴν
1408 4677 1494 4744 ἐφ’
1518 4671 1600 4739 οἷς
1645 4676 1711 4730 ἂν
1739 4678 1793 4730 αί
1811 4704 1825 4717 ο

248 4764 389 4816 τῶσι
417 4765 750 4836 φιλοτιμίαν,
779 4765 914 4819 ἀλλά
938 4767 1032 4818 καὶ
1061 4767 1122 4819 τὸ
1153 4767 1252 4836 τῆς
1284 4769 1549 4840 πονηρίας
1573 4769 1827 4840 ἔγκλημα

243 4852 624 4920 περιτίθησιν
677 4853 860 4917 Οὕτως
900 4853 1187 4919 αἰτοῦντας
1234 4860 1457 4927 σημεῖον
1499 4858 1626 4920 τοὺς
1663 4859 1830 4929 Φαρι-

236 4943 443 5005 σαίους
471 4944 529 4995 ὲν
548 4943 754 5012 ἑτέροις
779 4944 886 4996 τῶν
915 4945 1262 5012 Εύαγγελίων
1283 4947 1463 5009 τόποις
1494 4947 1719 5018 ἤλεγξεν
1745 4951 1825 5002 εἰ·

1934 3393 2267 3459 .Iudaeorum,
2295 3405 2349 3451 et
2380 3411 2523 3467 aegre
2550 3397 2844 3452 admodum
2881 3399 3064 3454 ferunt
3089 3402 3182 3472 qui
3210 3403 3266 3458 in
3295 3406 3502 3476 templo

1934 3487 2217 3552 sedebant,
2249 3502 2358 3542 non
2394 3502 2570 3557 pauco
2603 3504 2662 3544 se
2692 3498 2906 3560 quaestu
2934 3492 3176 3549 orbatos.
3205 3493 3391 3566 Neque
3414 3513 3500 3553 τε·
3563 3481 3566 3490 ’

1933 3591 1996 3632 ro
2028 3591 2258 3647 arguere
2287 3587 2664 3648 possunt'eum
2700 3589 2962 3652 tanquam
2992 3599 3100 3638 non
3132 3593 3280 3642 recte
3312 3587 3500 3657 loqua-

1933 3679 2060 3737 tur,
2089 3686 2213 3724 cum
2253 3672 2518 3742 templum
2560 3671 2654 3727 Dei
2698 3674 3086 3745 negotiationis
3120 3675 3342 3731 domum
3387 3692 3496 3730 non

1933 3775 2057 3814 esse
2079 3759 2387 3815 faciendum
2412 3764 2631 3829 statuit;
2661 3763 2757 3818 sed
2787 3773 3153 3819 mercatorum
3183 3764 3336 3836 14],
3361 3767 3498 3834 fuga

1933 3867 2139 3906 moram
2165 3859 2409 3916 struunt,
2433 3863 2811 3923 praetexentes,
2838 3868 2946 3907 non
2973 3870 3096 3910 esse
3126 3855 3277 3910 illico
3306 3872 3500 3926 paren-

1937 3942 2060 3997 dum
2087 3943 2172 4004 ci,
2209 3957 2387 4011 neque
2410 3951 2615 3998 temere
2661 3957 2758 4013 pro
2796 3943 2906 3998 ﬁlio
2946 3945 3041 4000 Dei
3082 3946 3494 4018 recipiendum,

1935 4034 2024 4102 qui
2053 4032 2204 4086 nullo
2236 4031 2414 4086 adhuc
2449 4032 2606 4103 signo
2636 4033 2708 4088 sit
2743 4034 3026 4102 probatus.

2001 4209 2067 4277 II,
2104 4211 2191 4267 i9.
2219 4210 2498 4280 Respondit
2527 4210 2706 4278 Iesus,
2737 4223 2785 4266 et
2817 4213 2955 4267 dixit
2989 4215 3065 4269 eis
3095 4229 3114 4270 :
3146 4215 3343 4272 Solvite
3365 4227 3498 4272 tem-

1927 4304 2074 4372 plum
2097 4305 2213 4368 hoc,
2233 4314 2282 4358 et
2307 4306 2360 4357 in
2379 4303 2547 4357 tribus
2563 4305 2742 4358 diebus
2759 4306 3024 4360 suscitabo
3053 4308 3209 4363 illud.
3239 4308 3496 4364 Dixerunt

1929 4410 2048 4466 ergo
2075 4391 2274 4448 Judwi.

2001 4488 2152 4544 Bono
2183 4487 2418 4544 consilio
2458 4487 2603 4542 bona
2642 4489 2953 4558 petentibus
2985 4500 3232 4562 prompte
3263 4492 3496 4564 largitur

1935 4584 2078 4640 Deus
2124 4601 2137 4636 :
2183 4582 2282 4651 qui
2326 4595 2456 4636 vero
2500 4581 2742 4635 tentandi
2781 4583 2953 4651 gratia
2999 4583 3238 4648 adeunt,
3278 4586 3348 4642 iis
3388 4603 3496 4642 non

1935 4677 2110 4730 solum
2140 4691 2264 4745 quae
2289 4684 2480 4745 petunt
2507 4674 2691 4745 largiri
2722 4675 2934 4740 abnuit,
2961 4690 3148 4732 verum
3174 4677 3338 4733 etiam
3373 4681 3498 4735 illos

1933 4767 2287 4838 malignitatis
2317 4767 2515 4836 arguit.
2548 4765 2641 4821 Sic
2669 4765 2970 4824 Pharisaeos
3003 4770 3216 4840 signum
3251 4778 3500 4840 petentes

1932 4858 2056 4914 aliis
2087 4860 2141 4912 in
2181 4856 2596 4927 Evangeliorum
2636 4856 2773 4912 locis
2807 4859 2990 4912 acrius
3013 4861 3381 4927 reprehendit,
3412 4860 3499 4916 di-

1933 4963 2095 5003 cens:
2120 4965 2139 4998 ι
2159 4945 2450 5002 Generatio
2474 4946 2612 4999 iuala
2631 4953 2685 5000 et
2704 4945 2946 5002 adultera
2966 4947 3180 5017 signum
3204 4950 3499 5018 quaerit,‘et

224 5035 378 5089 ταὼν
398 5037 428 5087 ὁ
459 5037 613 5107 Σωτή
625 5053 674 5104 ρ’
708 5055 725 5085 ι
758 5035 925 5089 Γενεά
960 5038 1169 5108 πονηρὰ
1197 5040 1291 5091 καὶ
1323 5038 1568 5109 μοιχαλὶς
1599 5043 1825 5110 σημεῖον

221 5126 542 5194 ἐπιζητεῖ,
594 5127 689 5179 καὶ
719 5129 940 5197 σημεῖον
964 5127 1026 5180 οὺ
1058 5127 1337 5198 δοθήσεται
1371 5131 1506 5200 αὐτῇ
1529 5172 1542 5193 ,
1581 5132 1626 5184 εί
1663 5132 1737 5203 μὴ
1768 5132 1830 5185 τὸ

216 5222 485 5289 σημεῖον
501 5221 656 5273 Ἰωνᾶ
672 5209 770 5272 τοῦ
803 5221 1100 5290 προφήτου.
1125 5221 1329 5293 Ὠσπερ
1351 5221 1460 5293 γὰρ
1487 5216 1556 5293 ἦν
1570 5223 1751 5287 Ἰωνᾶς
1769 5225 1826 5276 ὲν

211 5315 310 5383 τῇ
355 5310 528 5382 κοιλίᾳ
547 5311 642 5363 τοῦ
662 5314 858 5381 κήτους
887 5315 1032 5382 τρεῖς
1065 5312 1275 5382 ἡμέρας
1305 5313 1398 5366 καὶ
1429 5315 1576 5383 τρεῖς
1603 5315 1823 5379 νύκτας,

1934 5325 2096 5371 terrae
2131 5313 2310 5368 tribus
2342 5312 2537 5366 diebus
2579 5322 2632 5366 et
2673 5312 2852 5366 tribus
2889 5312 3146 5367 noctibus
3175 5314 3241 5369 ⁸⁸.
3281 5335 3300 5367 ι
3341 5312 3499 5382 Quod

209 5408 434 5466 οὕτως
464 5405 614 5457 ἔσται
646 5404 742 5458 καὶ
775 5405 804 5456 ὁ
831 5405 961 5466 Υἱὸς
989 5405 1086 5458 τοῦ
1125 5403 1411 5474 ἀνθρώπου
1443 5406 1499 5458 ἐν
1530 5406 1595 5474 τῇ
1628 5406 1824 5478 καρδίᾳ

1934 5423 2061 5478 ergo
2095 5406 2204 5460 illis
2236 5402 2475 5467 dicebat,
2508 5403 2652 5456 istud
2687 5403 2851 5458 etiam
2883 5403 2990 5468 his,
3014 5405 3210 5474 paucis
3237 5407 3498 5462 immuta-

207 5500 352 5568 τῆς
384 5495 488 5574 τῆς
512 5497 661 5568 τρεῖς
694 5495 908 5566 ἡμέρας
936 5495 1030 5548 καὶ
1060 5497 1206 5565 τρεῖς
1231 5495 1448 5558 νύκτας.
1482 5515 1498 5547 ι
1536 5496 1712 5568 Ὅπερ
1731 5495 1824 5552 οὖν

1936 5498 2029 5559 tis,
2059 5497 2172 5558 ait;
2217 5491 2476 5547 tentando
2531 5491 2678 5546 enim
2729 5501 2958 5564 petunt,
3009 5502 3070 5548 ut
3124 5493 3222 5550 illi.
3270 5495 3500 5568 Signum

1933 5040 2148 5109 signum
2169 5054 2276 5093 non
2298 5038 2518 5093 dabitur
2536 5040 2607 5101 ei,
2635 5037 2740 5092 nisi
2770 5037 2989 5108 signum
3017 5037 3170 5094 Iona:
3197 5041 3496 5110 prophetae.

1935 5130 2090 5187 Sicut
2121 5132 2267 5185 enim
2305 5131 2406 5186 fuit
2437 5130 2605 5186 Jonas
2643 5131 2697 5185 in
2727 5140 2914 5188 ventre
2958 5133 3065 5187 ceti
3096 5132 3279 5188 tribus
3307 5132 3500 5188 diebus

1934 5232 1992 5278 et
2019 5222 2198 5277 tribus
2241 5221 2516 5283 noctibus,
2542 5221 2622 5276 sic
2643 5221 2747 5275 crit
2767 5218 2936 5277 Filius
2974 5222 3212 5279 hominis
3252 5225 3306 5278 in
3334 5225 3500 5278 corde

301 5670 378 5704 ⁸³
401 5670 586 5724 Matth.
613 5687 731 5732 vm,
761 5670 849 5724 Η.
929 5670 972 5701 ⁸³
997 5669 1102 5723 Isa.
1129 5686 1201 5734 LI,
1232 5671 1312 5725 ll.
1386 5671 1428 5702 ⁸³
1459 5670 1562 5726 Isa.
1594 5687 1630 5736 I,
1671 5673 1750 5739 ll,
1785 5675 1832 5727 li

1943 5676 1986 5706 “°
2017 5673 2204 5728 Μιῑιὶι.
2233 5687 2342 5735 XVI,
2372 5670 2422 5734 4,
2452 5671 2504 5725 Si.

503 5767 770 5825 ΡΑτιιοι..
806 5766 921 5825 (iu.
957 5763 1236 5824 LXXIII.
1285 5809 1291 5815 ι

2695 5846 2728 5857 ,τ
