4040 6214
500 263 608 318 255

1477 257 1537 311 S.
1577 255 1855 311 CYRlLLl
1890 254 2355 312 ALEXAND-illm
2417 255 2734 312 ARClllEP.

3630 257 3740 322 9.56

501 383 678 428 autem
709 370 888 425 datum
921 368 1104 438 utique
1150 381 1260 421 non
1297 367 1490 422 fuisset
1535 382 1602 422 eo
1635 368 1799 422 modo
1830 366 2044 424 allectis

2177 370 2400 434 ἐκείνοις
2422 371 2548 442 ἔφη.
2598 371 2753 425 τοῦτο
2779 369 2874 425 καὶ
2911 372 3119 437 τούτοις
3147 375 3270 444 per"
3288 375 3474 447 ὀλίγης
3514 379 3736 446 ἔξαλλα-

502 465 606 520 nisi
641 463 714 518 ita
746 460 858 516 ﬁeri
898 461 1060 532 plane
1090 460 1428 530 oportuisset
1451 469 1672 529 propter
1705 471 1948 514 nostram
1983 475 2070 516 sa-

501 559 692 612 lutem.
727 552 1018 609 Sciendum
1076 564 1208 607 vero
1242 551 1372 605 hinc
1416 550 1543 607 illos
1605 551 1728 622 ejus
1766 552 2066 607 accusandi

499 663 721 703 causam
755 647 1017 714 arripere,
1051 659 1177 698 cum
1206 643 1312 701 sub
1335 642 1532 699 Pontio
1559 643 1736 700 Pilato
1776 645 1913 701 falso
1942 661 2067 715 pro-

501 740 685 795 ferunt
714 734 860 805 quod
894 749 1003 788 non
1035 733 1365 789 audierunt:
1398 735 1549 804 rlpse
1569 734 1714 789 enim
1746 735 1905 799 dixit,
1934 752 1952 786 ι
1982 735 2068 788 in-

508 831 724 899 quiunt,
755 819 774 878 ε
802 825 1031 882 Possum
1063 825 1347 881 destruere
1380 826 1638 894 templum
1672 824 1766 880 Dei
1787 826 1885 878 ³⁷.»
1918 826 2068 892 Quo-

496 923 645 977 circa
675 919 741 974 de
773 919 840 973 iis
879 917 1099 973 dicebat
1125 916 1382 973 Christus
1419 918 1476 972 in
1509 917 1793 987 prophetis
1822 937 1835 973 :
1871 937 1890 970 ι
1930 918 2068 972 Sur-

497 1020 688 1081 gentes
721 1016 888 1064 testes
912 1007 1123 1077 iniqui,
1151 1023 1273 1078 qua:
1301 1008 1625 1079 ignorabant
1651 1009 2069 1078 interrogabant

497 1118 585 1160 rue
609 1102 676 1155 ⁸⁸.
711 1120 730 1153 ι
763 1099 936 1154 Item:
976 1118 994 1150 ι
1024 1099 1448 1153 lnsurrexerunt
1477 1097 1533 1152 in
1559 1113 1643 1152 me
1671 1106 1842 1154 testes
1866 1097 2064 1167 iniqui,

494 1204 550 1250 et
607 1193 832 1249 mentita
880 1197 966 1246 est
1016 1190 1282 1260 iniquitas
1332 1191 1438 1247 sibi
1467 1190 1535 1245 ”.
1568 1209 1587 1242 ι
1639 1189 1758 1244 Non
1813 1190 2067 1244 hortatur

501 1297 682 1342 autem
716 1285 840 1340 illos
861 1283 938 1338 iad
968 1283 1292 1352 patrandam
1323 1281 1520 1337 caedem
1541 1321 1556 1345 ,
1585 1296 1708 1336 cum
1744 1283 1854 1345 ait,
1893 1300 1911 1333 ι
1949 1279 2073 1335 Sol-

493 1381 605 1433 vite
659 1377 922 1445 templum
977 1377 1119 1439 hoc,
1159 1394 1180 1427 ι
1238 1374 1334 1428 sed
1375 1373 1635 1443 quoniam
1680 1372 1732 1427 id
1778 1387 1874 1427 eos
1919 1380 2070 1428 certo

495 1472 740 1523 facturos
770 1466 1014 1532 sciebat,
1051 1479 1168 1520 rem
1210 1462 1451 1517 futuram
1485 1462 1715 1532 ﬁgurate
1742 1461 1972 1516 indicat.

2177 463 2307 532 γῆς’
2339 465 2543 518 αἰτοῦσι
2577 465 2712 535 γὰρ,
2742 465 2817 528 ὡς
2849 467 3077 529 ἐκεῖνοι,
3127 467 3497 538 πειράζοντες.
3531 472 3643 527 Οὐκ
3672 476 3738 530 ἂν

2172 554 2231 607 δὲ
2257 555 2391 618 ὅλως
2421 558 2531 619 τοῖς
2562 557 2732 620 οὕτως
2775 557 2956 628 ἔχουσι
2987 558 3207 628 γνώμης
3231 560 3351 614 οὐδὲ
3378 562 3536 616 τοῦτο
3563 565 3740 621 δέδοτο

2172 647 2232 700 τὸ
2260 649 2503 717 σημεῖον,
2533 649 2581 700 εί
2607 648 2681 718 μὴ
2706 648 2921 711 πάντως
2939 649 3042 702 ἔδει
3062 651 3313 716 γενέσθαι
3337 652 3426 707 διὰ
3450 655 3548 725 τὴν
3569 658 3738 713 ἀπάν-

2173 755 2280 792 των
2303 738 2459 808 ἡμῶν
2486 740 2777 809 σωτηρίαν.
2821 740 3016 792 ἰστέον
3043 739 3101 793 δὲ
3131 742 3211 794 ὃτι
3242 742 3444 812 ταύτην
3469 746 3617 816 αὐτῷ
3637 749 3738 818 τῆς

2175 830 2506 900 κατηγορίας
2535 831 2634 901 τὴν
2666 831 2934 902 πρόφασιν
2965 833 3287 904 ἐποιήσαντο
3308 876 3322 900 ,
3372 835 3618 904 λέγοντες
3647 841 3738 892 ἐπὶ

2178 920 2403 974 Ποντίου
2435 923 2665 977 Πιλάτου
2693 923 3092 994 διεψευσμένως
3111 966 3125 990 ,
3178 925 3314 996 ὅπερ
3341 927 3441 981 οὐκ
3468 930 3736 998 ἤκουσαν·

2189 1013 2386 1078 (Αὐτὸς
2406 1014 2516 1086 γὰρ
2535 1015 2661 1086 ἔφη,
2686 1016 2868 1087 simul,
2893 1015 3166 1087 «Δύναμαι
3184 1019 3487 1072 καταλῦσαι
3503 1021 3591 1073 τὸν
3612 1023 3740 1076 ναὸν

2171 1104 2267 1158 τοῦ
2297 1106 2452 1161 Θεοῦ.
2481 1126 2500 1159 ι
2534 1109 2624 1161 Διὸ
2651 1109 2714 1178 δὴ
2748 1110 2841 1162 καὶ
2862 1108 2947 1161 ἐπ’
2985 1110 3166 1174 αὐτοῖς
3188 1111 3245 1163 ἐν
3275 1113 3577 1182 προφήταις
3608 1114 3739 1183 ἔφα-

2172 1213 2299 1250 σκεν
2321 1199 2350 1250 ὁ
2367 1199 2598 1271 Χριστός
2616 1218 2630 1231 ο
2658 1220 2676 1252 ι
2699 1201 3051 1264 Ἀναστάντες
3076 1203 3346 1273 μάρτυρες
3364 1204 3556 1270 ἄδικοι,
3584 1206 3618 1259 ἂ
3637 1209 3737 1260 οὐκ

2172 1287 2464 1352 ἐγίνωσκον
2496 1289 2794 1360 ἐπηρώτων
2826 1308 2911 1362 με.
2940 1307 2958 1343 ι
3015 1293 3126 1346 Καὶ
3155 1293 3335 1357 πάλιν,
3366 1295 3446 1347 ὅτι
3479 1314 3496 1346 ι
3538 1296 3735 1352 Ἐπαν-

2171 1377 2402 1448 ἐστησάν
2436 1399 2525 1451 μοι
2554 1383 2825 1453 μάρτυρες
2850 1383 3045 1446 ἄδικοι,
3072 1385 3165 1437 καὶ
3187 1384 3448 1453 ἐψεύσατο
3555 1387 3732 1442 ἀδικία

2172 1469 2360 1540 ἑαυτῇ.
2394 1490 2413 1523 ›
2469 1474 2544 1526 Οὐ
2605 1473 2903 1545 προτρέπει
2953 1474 3009 1527 δὲ
3041 1475 3235 1538 αὐτοὺς
3277 1476 3355 1538 είς
3404 1476 3732 1546 μιαιφονίας,

499 1579 519 1610 ι
544 1557 754 1611 Λύσατε
784 1555 875 1608 τὸν
900 1554 1026 1607 ναὸν
1058 1552 1266 1620 τοῦτον,
1295 1571 1313 1606 ι
1342 1551 1511 1606 εἰπών
1533 1563 1550 1585 δ
1579 1551 1693 1606 ἀλλ’
1719 1550 1947 1622 ἐπείπερ
1963 1551 2079 1624 ᾔδει
2115 1554 2412 1629 δράσοντας
2446 1565 2842 1636 άνυπερθέτως,
2874 1565 3006 1619 αὑτό
3040 1565 3100 1619 τὸ
3129 1566 3503 1638 συμϐήσεσθαι
3543 1569 3734 1638 μέλλον

491 1652 698 1723 ἠθικῶς
727 1647 1119 1704 ὑπαινίττεται..

560 1746 637 1814 ll,
677 1746 768 1800 20.
811 1745 1186 1816 Quadraginta
1223 1754 1274 1798 et
1305 1759 1396 1798 sea:
1427 1743 1580 1797 annis
1624 1742 1946 1812 aediﬁcatum
1988 1760 2053 1800 es.

2246 1749 2700 1816 Τεσσαρὰκοντα
2721 1750 2818 1803 καὶ
2845 1751 2914 1815 ἐξ
2938 1751 3140 1805 ἔτεσιν
3156 1753 3500 1824 ᾠκοδομήθη
3529 1761 3563 1812 ό
3588 1760 3742 1826 ναὸς

461 1839 744 1909 'lemplum
801 1839 944 1903 hoc,
996 1849 1053 1892 et
1116 1847 1172 1890 tu
1233 1837 1289 1888 in
1351 1834 1518 1889 tribus
1575 1833 1756 1889 diebus
1807 1836 2062 1890 excitabit

490 1931 628 1987 illud
656 1935 681 1988 ?

563 2025 807 2096 Mysterii
853 2022 1198 2079 altitudinem
1243 2037 1355 2076 non
1405 2023 1798 2092 intelligentcs,
1840 2021 2062 2093 signum

490 2116 756 2179 irrident,
793 2121 846 2169 et
881 2113 1108 2167 inscitia:
1134 2127 1248 2166 suae
1276 2112 1525 2165 morbum
1561 2121 1824 2180 tanquam
1854 2112 2060 2181 justam

487 2207 536 2260 ei
587 2221 692 2260 non
739 2203 964 2274 parendi
997 2217 1217 2258 causam
1263 2202 1570 2270 arripiunt,
1607 2201 1800 2271 rei-que
1831 2202 2063 2256 diliicul-

489 2308 652 2352 tatem
685 2296 827 2366 apud
867 2313 923 2352 se
961 2294 1379 2366 perpendentes,
1422 2294 1674 2349 frivolam
1709 2296 1869 2349 istam
1905 2295 2062 2364 polli-

487 2390 805 2444 citationem
835 2389 1196 2450 existimant,
1245 2394 1297 2439 et
1343 2401 1465 2455 quae
1497 2386 1748 2455 praestari
1782 2393 2055 2455 nequeat:

487 2481 719 2548 ideoque
770 2494 896 2533 vere
934 2479 1001 2532 de
1034 2477 1104 2531 iis
1144 2477 1256 2531 dici
1304 2490 1465 2546 posse
1493 2475 1706 2531 videtur
1737 2477 1885 2546 quod
1918 2493 2060 2532 sert-

485 2579 637 2639 ptum
667 2577 748 2622 est
781 2588 793 2621 :
840 2586 858 2618 ι
887 2567 1266 2653 Obscureptur
1302 2568 1447 2622 oculi
1472 2581 1667 2622 eorum
1694 2584 1764 2623 ne
1783 2567 2010 2623 videant
2041 2587 2056 2623 :

484 2668 538 2715 et
575 2660 801 2714 dorsum
852 2658 1006 2729 142
1057 2674 1247 2714 eorum
1290 2674 1506 2729 semper
1545 2660 1776 2714 incurva
1807 2660 1877 2727 ⁹⁰;
1922 2680 1940 2712 ›
2001 2670 2059 2716 ιιι

485 2751 742 2805 deorsum
777 2748 1179 2819 quodammodo
1207 2749 1457 2814 curvati,
1496 2750 1625 2803 etin
1662 2751 1808 2805 solas
1833 2765 1921 2805 res
1952 2760 2058 2805 ter-

484 2856 648 2896 renas
675 2841 835 2910 proni
861 2879 876 2903 ,
919 2839 1173 2895 sublimia
1195 2839 1529 2896 Christianae
1557 2843 1775 2911 pietatis
1805 2843 2056 2914 dogmata

484 2934 684 2988 intueri
718 2934 1035 2987 nullatenus
1068 2933 1282 3002 possint
1327 2951 1338 2986 :
1374 2947 1484 2987 non
1513 2933 1793 2989 invidente
1818 2933 1927 2990 Deo
1956 2935 2057 2990 ho-

487 3027 695 3080 minum
728 3031 966 3082 amante.
1001 3024 1094 3077 sed
1126 3023 1274 3092 justo
1294 3023 1565 3092 supplicio
1595 3024 1932 3079 intoleranda
1965 3040 2056 3080 eo-

2164 1834 2364 1906 οὗτος,
2388 1839 2485 1893 καὶ
2512 1839 2593 1894 σὺ
2611 1841 2682 1893 ἐν
2706 1841 2899 1910 τρισίν
2924 1844 3168 1913 ἡμέραις
3197 1846 3420 1916 ἐγερεῖς
3439 1851 3661 1915 αὐτόν-ξ

2232 2016 2529 2086 Διαγελῶσι
2573 2017 2632 2071 τὸ
2663 2021 2914 2090 σημεῖον,
2939 2021 2999 2074 οὐ
3027 2022 3277 2088 συνέντες
3309 2025 3402 2079 τοῦ
3434 2029 3730 2100 μυστηρίου

2161 2108 2221 2161 τὸ
2263 2108 2456 2178 βάθος,
2505 2108 2810 2178 ἁρπάζουσι
2859 2109 2914 2162 δὲ
2957 2111 3055 2181 τῆς
3099 2114 3306 2167 ἑαυτῶν
3349 2117 3588 2186 ἀμαθίας
3631 2119 3734 2192 τὴν

2161 2203 2314 2253 νόσον
2357 2200 2435 2262 είς
2473 2197 2692 2266 εΰλογον
2736 2200 2988 2271 ἀφορμὴν
3010 2201 3104 2254 τοῦ
3139 2204 3211 2274 μὴ
3241 2205 3535 2259 ὑπακούειν
3561 2209 3730 2279 αὐτῷ,

2161 2291 2254 2342 καὶ
2288 2289 2385 2361 τὴν
2415 2289 2522 2342 άπὸ
2565 2289 2658 2342 τοῦ
2695 2291 3016 2360 πράγματος
3051 2295 3356 2357 ἐννοοῦντες
3392 2297 3728 2370 δυσχέρειαν,

2161 2381 2236 2444 ὡς
2289 2381 2476 2450 εἰκαίῳ
2524 2381 2698 2452 λόγῳ,
2753 2383 2952 2452 μᾶλλον
2989 2383 3022 2453 ἢ
3064 2387 3194 2455 περὶ
3228 2385 3338 2439 τῶν
3365 2389 3599 2458 ἐφικτῶν
3630 2391 3732 2445 ὑπ-

2163 2473 2495 2543 ισχνουμένῳ
2520 2474 2957 2544 προσεσχήκασιν
2979 2514 2992 2536 ,
3023 2477 3109 2528 ἴνα
3131 2477 3382 2548 φαίνηται
3409 2481 3468 2533 τὸ
3488 2497 3734 2554 γεγραμ-

2163 2565 2321 2636 μένον
2335 2567 2420 2618 ἐπ’
2436 2566 2619 2628 αὐτοῖς
2633 2565 2833 2637 ἀληθές
2855 2582 2867 2596 ·
2888 2585 2906 2618 ι
2933 2567 3380 2639 Σκοτισθήτωσαν
3398 2572 3447 2625 oi
3463 2573 3732 2644 ὀφθαλμοὶ

2159 2653 2338 2708 αὐτῶν
2362 2654 2453 2706 τοῦ
2487 2655 2558 2723 μὴ
2586 2653 2821 2723 βλέπειν,
2851 2656 2945 2708 καὶ
2975 2655 3065 2708 τὸν
3089 2657 3255 2710 νῶτον
3276 2657 3454 2712 αὐτῶν
3480 2658 3728 2730 σύγκαμ-

2156 2748 2256 2817 ψον
2284 2747 2370 2800 διὰ
2400 2747 2616 2812 παντὸς,
2654 2748 2740 2800 ἵνα
2761 2747 2963 2819 τρόπον
2984 2748 3108 2802 τινὰ
3133 2749 3282 2802 κάτω
3304 2750 3602 2818 κεκυφότες
3616 2752 3732 2816 ἀεὶ,

2158 2840 2251 2891 καὶ
2272 2841 2349 2901 είς
2381 2837 2518 2909 μόνα
2539 2839 2608 2892 τὰ
2623 2841 2713 2891 ἐπὶ
2741 2840 2844 2909 γῆς
2867 2839 3250 2903 κατανεύοντες
3276 2841 3598 2911 πράγματα,
3620 2842 3732 2895 τῶν

2160 2929 2379 3000 ὑψηλῶν
2409 2931 2505 3000 τῆς
2533 2931 2612 2994 εἰς
2644 2931 2877 3000 Χριστὸν
2903 2931 3183 2993 εὐσεϐείας
3227 2932 3511 3002 δογμάτων
3560 2934 3726 3004 μηδε-

2162 3021 2288 3092 μίαν
2320 3022 2558 3091 δέχοιντο
2591 3021 2841 3093 θεωρίαν,
2883 3024 2943 3076 ob
2990 3022 3373 3093 βασκαίνοντος
3414 3025 3598 3088 αὐτοῖς
3635 3025 3737 3079 ἐπὶ

485 3133 608 3172 rum
630 3116 862 3172 erimina
896 3115 1186 3184 puniente.
1205 3114 1381 3169 Cerne
1404 3115 1550 3169 enim
1581 3131 1688 3186 quo
1715 3125 1873 3186 pacto
1899 3134 2051 3173 suam

2156 3111 2365 3174 τούτοις
2393 3110 2484 3164 τοῦ
2515 3112 2892 3183 φιλανθρώπου
2923 3113 3078 3176 Θεοῦ,
3112 3114 3418 3186 ίσοστάθμῳ
3443 3115 3500 3168 δὲ
3529 3115 3729 3185 μᾶλλον

483 3209 586 3279 ipsi
615 3209 851 3262 animam
886 3207 1093 3260 violant
1142 3216 1305 3276 atque
1362 3215 1741 3262 contemnunt.
1789 3207 2053 3266 Dominus

483 3299 627 3352 enim
661 3304 847 3350 noster
873 3293 1036 3350 Iesus
1067 3294 1324 3350 Christus
1372 3311 1530 3350 suum
1576 3297 1804 3351 vocabat
1837 3295 2051 3351 Patrem

483 3387 689 3451 Deum,
719 3385 912 3440 dicens
959 3401 974 3439 :
1017 3403 1038 3436 ε
1065 3383 1240 3439 Nolite
1274 3384 1456 3439 facere
1488 3385 1710 3439 domum
1734 3383 1915 3438 Patris
1948 3385 2052 3440 mei

481 3479 703 3533 domum
752 3476 1148 3548 negotiationis
1199 3472 1266 3531 ".
1303 3493 1324 3528 ι
1380 3476 1452 3530 At
1502 3490 1627 3530 cum
1672 3474 1866 3530 deceat
1904 3475 2054 3544 ipsos

479 3586 606 3627 eum
642 3569 838 3624 Filium
888 3584 954 3626 ac
1003 3567 1172 3624 Deum
1201 3607 1216 3633 ,
1269 3576 1460 3638 utpote
1503 3567 1598 3639 qui
1636 3583 1704 3623 ex
1740 3565 1851 3623 Deo
1890 3565 2058 3623 Patre

479 3662 706 3726 effulsit,
746 3663 1079 3734 intelligere,
1121 3660 1332 3716 nudum
1385 3668 1568 3715 tamen
1605 3659 1880 3715 hominem
1931 3669 1986 3714 et
2021 3674 2052 3715 e

477 3755 640 3815 nobis
678 3769 846 3810 unum
873 3753 1184 3826 quempiam
1234 3767 1359 3808 esse
1405 3751 1662 3808 credunt.
1699 3749 2049 3821 Proindeque

481 3856 696 3918 tempus
740 3847 886 3918 quod
925 3844 1242 3919 aediﬁcando
1284 3843 1488 3914 templo
1535 3842 1872 3912 insumptum
1921 3847 2050 3909 est,

478 3941 781 4010 objic'nmt,
834 3937 1126 3993 dicentes:
1175 3954 1194 3988 ι
1229 3935 1600 4006 Quadraginta
1645 3945 1700 3990 et
1755 3948 1851 3990 sex
1889 3934 2050 3991 annis

476 4031 798 4087 aediﬁcatum
828 4039 912 4085 est
941 4027 1201 4096 templum
1235 4027 1358 4088 hoc,
1391 4036 1444 4081 et
1477 4035 1530 4080 tu
1565 4027 1618 4080 in
1643 4025 1821 4081 tribus
1853 4024 2046 4080 diebus

474 4121 742 4176 escitabis
773 4118 1000 4174 illud?»
1047 4115 1174 4177 Sed,
1213 4129 1245 4168 θ
1298 4129 1417 4178 vos,
1464 4113 1775 4167 omnimoda
1822 4113 2045 4168 vesania

475 4215 633 4278 ebrii,
662 4214 785 4282 jure
812 4211 1106 4283 quispiam,
1139 4207 1351 4278 opinor,
1388 4206 1622 4271 dixerit;
1646 4206 1692 4261 si
1718 4206 1872 4261 vobis
1891 4221 2044 4262 mens

475 4305 653 4374 sapit,
697 4305 743 4358 si
786 4304 1053 4372 templum
1079 4298 1212 4356 illud
1245 4305 1485 4354 vestrum
1535 4295 1629 4353 Dei
1667 4298 1889 4353 domum
1921 4312 2045 4353 esse

475 4393 734 4455 creditis,
771 4393 1044 4463 quomodo
1078 4407 1188 4446 non
1236 4389 1480 4462 oportuit
1529 4405 1654 4444 eum
1706 4404 1829 4445 esse
1869 4387 2038 4445 Deum

2071 4441 2118 4500 D

2155 3203 2474 3268 κολάζοντος
2535 3203 2657 3273 δίκῃ
2723 3205 2846 3268 τοὺς
2907 3205 3157 3275 ἀφόρητα
3206 3205 3722 3277 πλημμελήσανταςε

2155 3295 2300 3364 Ὅρα
2330 3294 2437 3364 γὰρ
2458 3295 2604 3357 ὅπως
2629 3295 2866 3366 ἀνοήτως
2898 3296 3176 3368 ὑϐρίζουσι
3210 3297 3308 3368 τῆς
3337 3297 3540 3349 ἑαυτῶν
3565 3298 3729 3366 ἀφει-

2160 3386 2420 3457 δήσαντες
2473 3386 2669 3456 ψυκῆςσ
2734 3376 2792 3441 ‘0
2831 3389 2928 3457 μὲν
2966 3389 3074 3460 γὰρ
3100 3389 3302 3460 Κύριος
3329 3388 3484 3459 ἡμῶν
3515 3387 3728 3458 Ἰησοῦς

2150 3473 2384 3546 Χριστὸς
2397 3476 2526 3529 ἴδιον
2555 3476 2739 3530 ἐκάλει
2762 3477 2986 3548 Πατέρα
3009 3477 3099 3530 τὸν
3115 3477 3300 3544 Θεὸν,‹
3329 3478 3419 3549 Μὴ
3445 3483 3665 3542 ποιεῖτε,
3696 3499 3713 3529 ο

2151 3566 2347 3634 λέγων,
2375 3567 2494 3620 «τὸν
2525 3563 2675 3621 οἷκον
2704 3568 2797 3622 τοῦ
2827 3568 3040 3640 Πατρός
3076 3587 3176 3640 μου
3207 3570 3352 3624 οἷκον
3379 3569 3660 3640 ἐμπορίου.
3694 3588 3714 3621 ι

2150 3652 2282 3710 Εἶτα
2317 3658 2434 3711 δέον
2478 3659 2673 3723 αὐτοὺς
2706 3659 2832 3712 Υἱὸν
2869 3660 2970 3732 ἤδη
3024 3659 3121 3715 καὶ
3148 3661 3316 3725 Θεὸν,
3365 3661 3441 3726 ὡς
3474 3662 3538 3714 ἐκ
3580 3661 3728 3715 Θεοῦ

2149 3749 2360 3819 Πατρὸς
2406 3750 2681 3819 πεφηνότα
2713 3751 2891 3818 νοεῖν,
2937 3750 3224 3823 ἄνθρωπον
3262 3750 3577 3822 ἔτιηγυμνδν
3624 3753 3731 3807 καὶ·

2147 3837 2254 3891 τῶν
2297 3838 2418 3892 καθ’
2461 3841 2611 3910 ἡμᾶς
2651 3840 2917 3911 ὑπάρχειν
2959 3841 3057 3895 ἕνα
3101 3841 3436 3899 πιστεύουσι.
3490 3843 3590 3898 Διὰ
3634 3861 3722 3898 τοι

2147 3930 2410 3986 τοῦτοκαὶ
2439 3931 2530 3985 τὸν
2559 3932 2652 3986 ἐπὶ
2676 3935 2743 4004 τῇ
2781 3931 2876 3987 τοῦ
2898 3931 3028 3989 ναοῦ
3056 3938 3368 4006 κατασκευῇ
3399 3935 3712 4006 δαπανηθέ-

2147 4040 2245 4077 ντα
2266 4021 2453 4093 χρόνον
2479 4023 2816 4094 προτείνουσι
2837 4022 3103 4092 λέγοντες,
3137 4025 3584 4096 «Τεσσαράκοντα
3614 4027 3711 4079 καὶ

2147 4113 2204 4178 ἐξ
2232 4113 2406 4167 ἔτεσιν
2433 4113 2749 4184 ᾠκοδομήθη
2789 4117 2817 4167 ό
2853 4117 2978 4180 ναὸς
3007 4111 3162 4181 οὗτος
3181 4135 3193 4148 ·
3229 4120 3323 4172 καὶ
3352 4120 3418 4174 σὺ
3446 4122 3504 4172 ἐν
3535 4122 3721 4191 τρισὶν

2146 4206 2379 4276 ἡμέραις
2425 4207 2637 4276 ἐγερεῖς
2683 4205 2844 4258 αὐτόν
2871 4223 2884 4271 ;
2913 4226 2930 4257 ι
2983 4208 3142 4276 Ἀλλ’,
3167 4204 3211 4262 ὦ
3246 4211 3389 4281 πάσῃ
3427 4210 3715 4281 μεθύοντες

2145 4295 2404 4366 ἀπονοίᾳ,
2431 4293 2652 4357 δικαίως
2675 4294 2740 4348 ἂν
2767 4290 2918 4366 οἶμαι
2942 4297 3118 4364 λέγειν
3144 4299 3325 4360 αὐτοῖς
3343 4339 3354 4359 ,
3386 4301 3435 4351 εί
3467 4299 3622 4368 σοφὸς
3653 4301 3746 4357 ὲν,

2145 4386 2270 4457 ὑμῖν
2293 4385 2576 4456 ἐνῴκισται
2607 4385 2760 4451 νοῦς,
2811 4389 2858 4439 εἰ
2892 4387 2982 4440 τὸν
3013 4389 3143 4460 παρ’
3169 4389 3297 4458 ὑμῖν
3335 4389 3462 4442 ὄντα
3482 4389 3605 4442 ναδν
3632 4385 3712 4442 οἷο

477 4483 776 4540 secundum
807 4491 1058 4538 naturam
1098 4481 1405 4552 intelligere
1428 4522 1443 4548 ,
1475 4482 1569 4551 qui
1606 4482 1829 4552 impune
1855 4480 2044 4536 dicere

2156 4495 2238 4532 ιιον
2275 4473 2413 4531 εἶναι
2441 4476 2572 4530 Θεοῦ
2607 4477 2925 4544 πιστεύετε,
2971 4478 3091 4542 πῶς
3127 4480 3225 4532 οὑκ
3273 4479 3379 4532 ἔδει
3410 4480 3542 4534 Θεὸν
3581 4479 3713 4534 ὄντα

474 4590 644 4630 ausus
668 4583 782 4630 est:
809 4573 1016 4628 rNolite
1040 4571 1220 4628 Facere
1241 4573 1461 4629 domum
1486 4571 1662 4628 Patris
1682 4575 1787 4628 mei
1817 4572 2039 4628 domum

474 4664 858 4738 negotiationis
876 4665 906 4719 τ
921 4685 944 4717 ι·
977 4665 1042 4719 Et
1058 4677 1173 4734 quo
1194 4674 1374 4735 pacto,
1399 4678 1608 4734 quaeso,
1632 4664 1811 4734 longis
1829 4670 2040 4733 tempo-

471 4773 590 4814 rum
625 4756 818 4827 spatiis
851 4755 922 4812 ad
953 4756 1127 4811 unius
1155 4757 1361 4812 domus
1398 4761 1734 4812 structuram
1777 4767 1918 4822 opus
1959 4753 2041 4808 illi

471 4847 679 4904 fuerit?
717 4855 812 4903 aut
857 4847 1131 4918 quomodo
1180 4846 1288 4901 ulla
1340 4846 1396 4899 in
1450 4859 1510 4898 re
1552 4843 1874 4898 imbecillior
1923 4841 2040 4919 ξαε-

471 4943 581 5006 rit,
629 4940 718 5010 qui
776 4949 982 5010 septem
1009 4939 1274 4993 duntaxat
1301 4949 1530 4990 numero
1578 4934 1772 4989 diebus
1808 4933 2031 4989 univer-

469 5045 589 5085 sum
635 5029 740 5084 hoc
787 5027 1049 5084 ineffabili
1089 5027 1292 5081 virtute
1334 5024 1638 5079 fabricatus
1671 5032 1752 5079 est
1777 5063 1795 5089 ,.
1835 5031 1891 5078 et
1937 5024 2033 5094 qui

466 5121 610 5190 quod
633 5118 1011 5176 tantummodo
1040 5117 1157 5172 vult
1188 5116 1570 5186 potestiﬂaee
1599 5116 1742 5170 enim
1766 5117 2035 5172 aestimare

465 5211 697 5267 debebat
722 5210 956 5282 populus
987 5222 1270 5265 sacrarum
1307 5207 1636 5264 Litterarum
1661 5211 1892 5277 peritus.

534 5386 609 5452 ll,
639 5388 824 5453 2i,22.
873 5389 970 5445 Ille
1007 5399 1182 5444 autem
1219 5387 1425 5444 dicebat
1461 5388 1524 5441 de
1564 5387 1754 5457 templo
1795 5386 2027 5457 corporis

466 5481 567 5532 sui.
613 5477 744 5533 Cum
790 5497 908 5550 ergo
955 5482 1326 5536 resurrexisset
1365 5498 1399 5533 a
1451 5480 1704 5544 mortuis,
1765 5477 2029 5534 recordati

533 5644 577 5676 "
613 5642 803 5700 Matth.
839 5661 986 5712 xxVI,
1017 5649 1103 5700 6|.
1201 5651 1243 5678 ⁸⁸
1272 5649 1414 5704 Psal.
1447 5664 1626 5714 xxxrv,
1664 5648 1745 5701 ll.

1838 5648 1880 5681 ⁸³
1923 5646 2068 5704 l’sal.
2099 5664 2246 5714 xxvr,
2282 5649 2367 5705 12.

2143 4569 2282 4624 κατὰ
2309 4569 2468 4638 φύσιν
2484 4570 2684 4623 ἐννοεῖν
2705 4568 2793 4622 τὸν
2813 4570 3109 4634 ἀκινδύνως
3125 4573 3300 4623 εἰπεῖν
3326 4552 3672 4641 θαρσήσαντα
3692 4585 3705 4598 ·
3771 4611 3775 4614 .

2147 4679 2165 4712 ι
2176 4662 2266 4730 Μὴ
2286 4663 2482 4714 ποιεῖτε
2495 4661 2586 4713 τὸν
2595 4655 2742 4714 οἶκον
2757 4661 2850 4715 τοῦ
2868 4663 3077 4734 Πατρός
3093 4681 3192 4734 μου
3205 4658 3353 4717 οἶκον
3368 4661 3633 4733 ἐμπορίου
3653 4677 3705 4725 ς»

2140 4747 2272 4804 Εἶτα
2303 4751 2418 4813 πῶς
2439 4750 2524 4814 ἂν,
2547 4751 2667 4804 εἰπέ
2686 4769 2804 4821 μοι,
2827 4753 3008 4808 λοιπὸν
3037 4753 3260 4825 μακρῶν
3283 4754 3471 4824 ἐδεήθη
3501 4753 3710 4825 χρόνων

2140 4843 2219 4904 είς
2251 4842 2350 4912 τὴν
2388 4842 2505 4904 ἐνὸς
2531 4842 2678 4896 οῐκου
2723 4848 3098 4917 κατασκευήν;
3164 4843 3196 4917 ἦ
3232 4847 3349 4909 πῶς
3379 4845 3445 4900 ἂν
3476 4846 3710 4916 ἠτόνησε

2135 4932 2274 5011 ,πρὸς
2313 4934 2448 5003 ὅπερ
2495 4932 2561 4987 ἂν
2592 4933 2743 5003 τύχοι
2763 4935 3024 5003 γεννικῶς
3043 4977 3057 5000 ,
3101 4937 3129 4988 ὁ
3160 4939 3217 4990 ἐν
3251 4937 3439 5007 μόναις
3470 4937 3718 5008 ἡμέραις

2139 5019 2278 5074 ἐπτὰ
2321 5020 2409 5074 τὸν
2454 5020 2685 5092 ἀριθμὸν
2719 5023 2839 5078 τόδε
2881 5024 2942 5076 τὸ
2991 5024 3208 5094 σύμπαν
3240 5027 3431 5095 άφάτῳ
3479 5026 3716 5096 δυνάμει

2139 5109 2647 5180 διατεχνησάμενος,
2676 5111 2769 5165 καὶ
2799 5112 2866 5166 ἐν’
2889 5112 3034 5184 μόνῳ
3057 5113 3135 5184 τῷ
3168 5114 3339 5168 θέλειν
3372 5115 3509 5186 ἔχων
3533 5115 3594 5167 τὸ
3612 5115 3712 5168 δύο

2140 5201 2362 5266 νασθαι;
2393 5203 2579 5257 Ταῦτα
2619 5204 2730 5274 γὰρ
2780 5204 2886 5258 ἔδει
2929 5204 3238 5274 λογίζεσθαι
3283 5207 3370 5260 τὸν
3401 5207 3510 5260 τῶν
3547 5207 3726 5277 ἱερῶν

2140 5295 2485 5366 γραμμάτων
2523 5297 2862 5368 ἐπιστήμονα
2893 5297 3041 5352 λαόν.

2206 5385 2470 5452 Ἐκεῖνος
2503 5385 2570 5440 δὲ
2598 5389 2768 5457 ἔλεγε
2811 5388 2942 5456 περὶ
2978 5389 3084 5444 τοῦ
3111 5387 3262 5444 ναοῦ
3300 5387 3406 5442 τοῦ
3432 5387 3714 5456 σώματος

2135 5477 2342 5533 αὑτοῦ.
2378 5479 2506 5533 Ὅτε
2545 5475 2659 5534 οὖν
2702 5479 2920 5550 ἠγέρθη
2972 5482 3042 5536 ἐκ
3085 5481 3204 5535 τῶν
3248 5479 3496 5549 νεκρῶν,
3535 5479 3734 5548 ἑιινήι

2463 5650 2506 5684 ⁹⁰
2536 5649 2682 5707 Psal.
2711 5667 2898 5718 uvm,
2929 5653 3016 5707 24.
3095 5656 3138 5687 ⁰¹
3185 5653 3342 5709 Joan.
3376 5669 3438 5719 ll,
3480 5653 3566 5710 ιϐ.
3661 5661 3668 5668 ’
