4040 6214
457 282 574 347 ’239

1465 283 1522 337 S.
1563 281 1838 340 CYRILLI
1879 281 2347 338 ALEXANDRINI
2373 282 2692 340 ARCHIEP.

3601 281 3632 332 ε
3650 267 3702 334 io

467 405 520 456 in
559 402 644 456 die
690 400 846 470 festo,
880 399 1032 453 multi
1075 397 1402 452 crediderunt
1441 398 1495 451 in
1534 399 1740 452 nomine
1784 397 1924 469 ejus,
1953 398 2023 452 ri-

2136 397 2206 451 ἐν
2251 395 2324 466 τῇ
2363 395 2574 466 ἑορτῇ,
2629 392 2845 449 πολλοὶ
2885 389 3254 446 ἐπίστευσαν
3297 389 3382 452 εις
3422 387 3489 442 τὸ
3520 387 3702 458 ὄνομα

467 495 644 550 dentes
673 495 824 564 signa
853 492 967 561 ejus
996 505 1110 560 quae
1146 487 1394 557 faciebat.

543 585 662 640 Non
686 592 868 640 cessat
893 583 1149 636 Christus
1191 581 1404 636 salvare
1423 588 1478 636 et
1509 580 1722 648 iuvare.
1748 580 2029 650 Sapientes

465 680 608 734 enim
664 675 847 731 verbis
897 671 1127 735 inducit,
1180 672 1318 727 alios
1371 671 1531 745 144
1575 672 1757 726 divina
1813 687 2031 743 quoque

462 772 665 823 virtute
696 763 1040 835 'percelieus,
1077 761 1142 816 ad
1186 761 1344 816 ﬁdem
1406 761 1698 830 pertrahit,
1751 759 2030 831 adigitque

465 869 526 912 nt
553 873 622 913 ex
651 857 773 926 ejus
817 853 1097 926 operibus,
1123 866 1356 922 quorum
1388 851 1492 922 ipsi
1531 859 1870 921 spectatores
1911 851 2029 908 fue-

466 957 609 1012 rant,
642 947 815 1002 Deum
847 959 1200 1001 esse'revera
1227 943 1456 1000 credant
1488 957 1640 1010 eum,
1672 944 1765 1014 qui
1797 959 1886 1000 res
1916 950 2026 999 tam

463 1035 814 1091 admirabiles
859 1033 1045 1090 faciat.

503 1128 598 1192 ἸΙ,
638 1127 726 1180 24.
773 1123 894 1195 Ipse
933 1134 1109 1178 autem
1151 1121 1309 1179 Iesus
1382 1139 1486 1178 non
1535 1122 1775 1178 credebat
1849 1131 2028 1178 semet»

462 1221 634 1288 ipsum
664 1218 762 1272 eis.

531 1309 831 1366 Certanon
859 1314 951 1363 est-
971 1321 1159 1363 eorum
1193 1307 1433 1379 cognitio
1455 1307 1548 1378 qui
1577 1322 1754 1378 nuper
1781 1307 2029 1362 credide-

463 1407 612 1464 runt,
637 1398 731 1455 sed
773 1415 950 1469 neque
989 1415 1146 1455 mens
1165 1400 1312 1455 satis
1340 1398 1552 1453 ﬁrmata
1592 1407 1678 1454 est
1715 1399 2027 1454 recentibus

465 1488 774 1544 miraculis.
806 1488 1016 1554 Quibus
1043 1488 1373 1543 cnim“tener
1398 1487 1578 1542 adhuc
1605 1496 1693 1542 est
1721 1502 1905 1542 sermo
1935 1501 2030 1541 ca-

462 1582 770 1646 techescos,
796 1578 1072 1648 quomodo
1091 1579 1318 1633 stabiles
1351 1578 1406 1633 in
1432 1579 1632 1646 pietate
1655 1576 2030 1647 jam-fuerint?

459 1671 713 1726 Nondum
751 1671 928 1741 igitur
970 1685 1030 1726 se
1061 1669 1284 1724 novitiis
1327 1671 1506 1725 credit
1541 1670 1817 1735 Christus,
1841 1677 2029 1726 osten-

2140 489 2353 555 αὐτοῦ,
2392 487 2753 556 θεωροῦντες
2780 482 2965 539 αὑτοῦ
2993 481 3064 535 τὰ
3087 479 3325 550 σημεῖα,
3361 479 3399 534 ἄ
3424 480 3629 535 ἐποίει.

2205 582 2277 634 Οὐ
2321 579 2616 652 καταλήγει
2658 577 2936 641 διασώξων
2983 573 3077 629 καὶ
3115 571 3340 642 ὠφελῶν
3385 573 3414 624 6
3446 573 3698 645 Χριστός.

2134 671 2271 735 Τοὺς
2307 671 2406 741 μὲν
2446 670 2553 742 γὰρ
2579 669 2774 739 σοφοὺς
2807 667 3070 735 ἐπάγεται
3113 663 3325 733 λόγοις,
3374 666 3502 728 τοὺς
3529 665 3586 718 δὲ
3608 669 3702 722 καὶ
3769 725 3773 728 λ

2131 762 2357 832 δυνάμει
2400 760 2794 831 καταπλήττων
2839 757 3162 827 θεοπρεπεῖ,
3229 753 3520 826 σαγηνεύει
3565 756 3700 826 πρὸς

2131 851 2311 905 πίστιν
2328 891 2343 916 ,
2380 850 2440 917 ἐξ
2459 843 2534 904 ὧν
2560 847 2884 921 ἐνεργοῦντα
2907 845 3187 899 τεθέανται
3222 845 3542 899 κατανεύειν
3567 848 3699 899 ἀνα-

2132 940 2528 1010 πεπεισμένους
2548 982 2562 1006 ,
2589 938 2779 1008 ὅτιπερ
2811 937 2977 998 ὅντως
3003 935 3238 1006 ὑπάρχοι
3269 933 3400 997 Θεὸς
3431 935 3460 988 6
3482 934 3589 988 τῶν
3613 931 3704 990 δν-

2127 1049 2235 1097 τως
2261 1030 2603 1101 ἀξιαγάστων
2638 1027 2984 1100 δημιουργός.

2197 1123 2392 1189 Αὐτὸς
2417 1121 2486 1175 δὲ
2519 1124 2553 1175 ὁ
2588 1119 2818 1188 Ἰησοῦς
2847 1121 2958 1172 οὐκ
2987 1116 3306 1170 ἐπίστευεν
3335 1113 3554 1169 ἑαυτὸν
3590 1117 3703 1186 αὐτ

2127 1213 2271 1280 τοῖς.

2187 1305 2311 1358 Ὀὐκ
2339 1303 2584 1373 ἀσφαλὴς
2618 1304 2652 1373 ή
2703 1301 2902 1370 γνῶσις
2950 1301 2984 1371 ή
3015 1300 3134 1354 τῶν
3173 1301 3298 1372 ἄρτι
3341 1299 3696 1353 πεπιστευκό-

2127 1412 2267 1460 των,
2313 1393 2427 1447 ἀλλ’
2479 1393 2598 1446 οὐδὲ
2639 1391 2922 1462 ἱδρυμένος
2964 1393 2992 1444 6
3035 1391 3158 1454 νοῦς
3209 1391 3303 1443 ἐπὶ
3345 1393 3554 1460 νεαροῖς
3587 1393 3696 1453 τοῖς

2130 1484 2410 1556 θαύμασι·
2459 1484 2556 1536 ’καὶ
2595 1485 2644 1536 σί
2684 1483 2883 1554 τρόπον
2919 1481 3040 1534 τινὰ
3093 1481 3300 1552 χλωρὸν
3354 1483 3434 1535 ἐτι
3472 1481 3563 1535 τὸν
3600 1482 3696 1551 τῆς

2128 1576 2484 1646 κατηχήσεως
2510 1573 2726 1643 ἔχοντες
2765 1572 2952 1641 λόγον,
3003 1571 3119 1635 πῶς
3145 1572 3210 1626 ἂν
3241 1568 3349 1625 εἷεν
3379 1572 3479 1643 ἤδη
3513 1587 3695 1642 πεπη-

2129 1670 2286 1738 γότες
2315 1670 2392 1731 είς
2419 1667 2702 1721 εύλάὅειαν
2727 1681 2742 1730 ;
2786 1663 2952 1717 Οῦπω
2985 1665 3273 1735 τοιγαροῦν
3307 1667 3418 1726 τοῖς
3446 1663 3696 1734 νεήλυσιν

459 1763 599 1818 dens
639 1775 896 1831 magnum
950 1760 1211 1830 quiddam
1250 1768 1304 1816 et
1341 1760 1703 1831 expetendum
1748 1774 1874 1815 esse
1916 1761 2023 1816 sin-

2130 1759 2320 1813 ἐαυτὸν
2377 1757 2662 1829 ἐπιτρέπει
2716 1755 2981 1827 Χριστὸς,
3030 1755 3219 1826 χρῆμά
3266 1771 3318 1806 τι
3367 1754 3540 1824 μέγα,
3604 1754 3697 1806 καὶ

460 1868 648 1909 cerum
682 1852 738 1906 in
783 1851 951 1907 Deum
987 1865 1266 1915 amorem,
1300 1866 1402 1906 nec
1431 1858 1653 1922 repente
1695 1851 1894 1914 cuivis,
1927 1850 2025 1906 sed

461 1945 648 2000 studio
674 1953 728 1999 et
752 1943 1146 1999 exercitatione
1177 1943 1402 1998 virtutis
1444 1957 1510 1996 ac
1546 1951 1788 2013 tempore
1811 1941 2024 2012 perlici.

461 2035 689 2092 Discant
722 2036 911 2106 itaque
949 2033 1079 2089 hinc
1114 2034 1316 2103 quibus
1352 2033 1562 2089 credita
1599 2033 1863 2088 sunt'Dei
1903 2049 2024 2104 my-

461 2127 652 2194 steria,
711 2126 861 2182 intra
896 2140 1055 2182 sacra
1078 2126 1214 2181 ‘vela
1255 2125 1528 2181 hominem
1557 2132 2026 2196 prmmature‘nou

459 2217 788 2280 admittere,
841 2231 1020 2286 neque
1067 2217 1392 2288 'neophytos
1445 2231 1543 2272 eos
1595 2217 1770 2272 sacris
1820 2215 2025 2271 mensis

459 2310 720 2366 adhibere
775 2310 869 2380 qui
917 2309 1301 2380 intempestive
1343 2309 1710 2380 baptizautur,
1741 2316 1796 2364 et
1826 2309 2026 2379 quibus

455 2401 666 2459 Christi
697 2402 944 2457 omnium
983 2401 1196 2456 Domini
1228 2399 1362 2456 ﬁdes
1396 2410 1724 2471 praemature
1759 2399 2024 2455 creditur.

457 2491 530 2548 Ut
561 2494 713 2548 enim
753 2492 924 2562 ﬁgura
952 2491 1040 2546 hic
1074 2490 1240 2547 etiam
1273 2491 1435 2546 nobis
1481 2499 1648 2554 esset,
1692 2490 2026 2560 doceretque

455 2586 678 2657 quinam
711 2584 1055 2655 potissimum
1101 2584 1174 2639 sit
1220 2582 1545 2647 initiandus,
1573 2583 1860 2640 credentes
1889 2584 2028 2654 quia-

457 2677 579 2731 dem
611 2673 865 2744 suscipit,
894 2673 990 2728 sed
1033 2673 1276 2728 nondum
1322 2674 1406 2728 eis
1451 2673 1729 2727 conﬁdere
1774 2672 2023 2738 videtur,

458 2782 527 2824 eo
554 2766 700 2838 quod
732 2767 972 2836 seipsum
1007 2779 1116 2820 non
1151 2765 1376 2827 credat,
1413 2770 1475 2818 ut
1537 2764 1663 2817 hinc
1694 2772 1894 2831 pateat,
1925 2776 2026 2817 no-

455 2859 604 2914 vitiis
649 2860 704 2912 in
748 2857 852 2912 ﬁde
889 2871 997 2910 non
1030 2856 1230 2926 exiguo
1277 2866 1524 2926 tempore
1572 2855 1718 2909 inter
1761 2855 2026 2907 catechu-

457 2965 653 3006 menos
677 2963 802 3006 esse
831 2947 1180 3015 versandum,
1210 2947 1468 3018 quoniam
1491 2944 1578 3002 vel
1603 2945 1683 3000 sic
1714 2944 1804 2999 vix
1837 2944 2025 3001 ﬁdeles

453 3041 672 3100 evasuri
696 3049 844 3098 sunt.

2128 1849 2576 1920 ἀξιεραστότατον
2613 1846 2916 1909 ἐπιδεικνὺς
2944 1845 3042 1916 τήν
3088 1847 3166 1909 εἰς
3192 1844 3323 1899 Θεὸν
3348 1845 3693 1914 γνησιότητα,

2126 1942 2220 1994 καὶ
2262 1940 2361 2010 οὐχ
2407 1938 2637 2007 ἑτοίμως
2686 1936 3008 2006 προκεῖσθαι
3061 1939 3172 1999 τοῖς
3210 1935 3486 1989 ἐθέλουσιν
3537 1935 3693 2000 ἑλεῖν,

2127 2034 2243 2088 ἀλλ’
2289 2032 2470 2101 ἐφέσει
2507 2034 2574 2103 τῇ
2609 2033 2689 2093 εἰς
2721 2029 2952 2098 ἀγαθὸν,
2994 2031 3088 2082 καὶ
3134 2029 3332 2101 μελέτῃ
3387 2028 3482 2082 καί
3522 2029 3695 2098 χρόνῳ

2126 2122 2586 2195 κατορθουμένην.
2631 2121 3068 2176 Μανθανέτωσαν
3111 2120 3196 2173 διὰ
3247 2119 3453 2172 τούτων
3499 2120 3546 2172 oi
3588 2119 3695 2171 τῶν

2125 2216 2218 2270 τοῦ
2266 2218 2518 2287 Σωτῆρος
2553 2213 2866 2285 μυστηρίων
2899 2212 3120 2283 ταμίαι,
3175 2211 3248 2283 μὴ
3295 2213 3542 2283 πρόωρον
3589 2211 3696 2264 τῶν

2130 2305 2286 2374 ἱερῶν
2315 2302 2831 2373 καταπετασμάτων
2871 2301 3001 2353 εἴσω
3045 2299 3316 2353 ποιεῖσθαι
3355 2299 3446 2352 τὸν
3487 2299 3696 2370 ἀνθρω-

2127 2414 2228 2450 πον
2252 2440 2266 2463 ,
2321 2395 2457 2467 μηδὲ
2507 2393 2799 2464 νεοφύτους
2829 2394 2952 2455 ’ταῖς
2985 2391 3159 2454 θείαις
3183 2391 3498 2460 ἐπιτρέπειν
3531 2407 3698 2461 προσο

2073 2519 2098 2532 ε
2129 2490 2266 2543 ιέναι
2305 2485 2606 2560 τραπέζαις
2626 2485 2764 2555 ἀωρὶ
2793 2483 3220 2554 βαπτιζομένους
3252 2482 3432 2547 τινὰς,
3481 2484 3572 2536 καὶ
3597 2483 3698 2536 οὐκ

2126 2582 2182 2635 ἐν
2234 2577 2414 2650 καιρῷ
2470 2576 2562 2630 τὸν
2630 2575 2882 2629 ἁπάντων
2938 2574 3213 2644 Δεσπότην
3278 2574 3700 2644 πιστευομένους

2125 2671 2375 2740 Χριστόν.
2417 2669 2536 2720 Ἵνα
2571 2666 2679 2736 γὰρ
2715 2665 2883 2728 τύπος
2914 2666 3051 2736 ἡμῖν
3090 2665 3194 2718 κᾶν
3234 2665 3410 2734 τούτῳ
3449 2666 3696 2735 γένηται.

2127 2759 2222 2813 καὶ
2247 2757 2431 2830 διδάξῃ
2452 2756 2556 2809 τίνι
2587 2754 2784 2826 μᾶλλόν
2810 2755 2924 2808 ἐστι
2947 2753 3008 2806 τὸ
3038 2752 3289 2824 μυεῖσθαι
3321 2753 3697 2822 πρεπωδέστεδ

2129 2858 2239 2923 ρον,
2279 2849 2492 2919 δέχεται
2521 2847 2619 2918 μὲν
2646 2845 2772 2909 τοὺς
2809 2843 3196 2911 πιστεύοντας,
3236 2843 3393 2897 οὔπω
3423 2843 3484 2896 δέ
3513 2844 3697 2906 αὐτοῖς

2126 2942 2516 3012 ἁποθαρσήσας
2545 2940 2767 3010 ὁρᾶται,
2817 2935 2905 2990 διὰ
2938 2935 3033 2990 τοῦ
3067 2935 3140 3006 μὴ
3174 2936 3448 2990 πιστεύειν
3473 2935 3694 2988 sacrov-

2123 3034 2199 3098 ὡς
2235 3028 2371 3086 εἶναι
2405 3029 2562 3101 δῆλον
2588 3027 2865 3092 ἐντεῦθεν,
2917 3027 2998 3080 ὅτι
3036 3026 3142 3098 χρὴ
3184 3026 3310 3090 τοὺς
3337 3025 3599 3096 νεήλυδας
3632 3025 3698 3078 οῦ

2034 3114 2093 3174 'C
2130 3123 2323 3198 μικρὸν
2350 3124 2407 3176 ἐν
2427 3120 2738 3192 κατηχήσει
2759 3118 3042 3190 τρίϐεσθαι
3069 3118 3260 3189 χρόνον
3283 3133 3299 3149 ·
3326 3118 3467 3171 οὕτω
3490 3116 3600 3186 γὰρ
3632 3115 3700 3170 ἂν

525 3305 595 3370 ll,
639 3304 832 3361 24-25.
892 3301 973 3360 Eo
1017 3303 1156 3375 quod
1195 3303 1306 3372 ipse
1351 3311 1525 3358 nosset
1561 3319 1772 3368 omnes,
1808 3310 1858 3356 et
1899 3303 2023 3373 quia

453 3411 584 3464 opus
619 3396 668 3450 ei
691 3412 796 3450 non
821 3403 957 3462 erat,
990 3407 1047 3449 ut
1095 3397 1212 3466 quis
1259 3396 1616 3450 testimonium
1653 3395 1936 3464 perhiberet
1959 3393 2024 3448 de

453 3486 663 3542 homine
685 3501 705 3540 :
742 3487 852 3555 ipse
876 3487 1017 3540 enim
1049 3487 1244 3541 sciebat
1284 3486 1409 3557 quid
1442 3495 1576 3541 esset
1606 3490 1659 3540 in
1688 3486 1913 3540 homine.

525 3659 652 3717 Haec
681 3675 898 3732 quoque
940 3660 1200 3733 dignitas,
1232 3661 1310 3716 uti
1343 3667 1397 3717 et
1431 3670 1642 3718 caetera:
1664 3677 1784 3732 quae
1810 3674 1938 3717 sunt
1967 3662 2021 3717 in

451 3752 696 3816 Christo,
725 3751 834 3807 Deo
871 3752 1153 3823 competit,
1181 3767 1281 3807 nec
1312 3751 1368 3807 in
1405 3753 1512 3807 ulla
1544 3769 1604 3810 re
1643 3760 1830 3808 creata
1863 3768 2022 3824 repe-

453 3839 613 3896 ritur.
642 3837 759 3895 Soli
793 3839 936 3895 enim
965 3838 1082 3894 Deo
1105 3854 1237 3896 vero
1267 3839 1442 3907 ipsam
1479 3841 1670 3897 tribuit
1705 3841 2021 3910 Psalmista,

452 3930 687 3987 dicens:
724 3949 744 3984 ι
784 3931 891 3999 Qui
937 3931 1094 3988 ﬁnxit
1129 3935 1411 4005 sigillatim
1455 3933 1625 3988 corda
1651 3948 1842 3989 eorum
1876 3951 1892 3990 :
1929 3935 2022 4004 qui

455 4025 708 4097 intelligit
763 4028 952 4082 omnia
1001 4042 1170 4098 opera
1215 4045 1405 4084 eorum
1441 4028 1512 4084 ’⁸.
1553 4047 1573 4082 ι
1619 4028 1779 4094 Quod
1829 4029 1876 4085 si
1910 4027 2022 4084 Deo

451 4117 572 4172 solo
602 4132 726 4188 quae
753 4116 810 4171 in
842 4117 1008 4173 nobis
1041 4127 1170 4173 sunt
1201 4117 1558 4189 intelligente,
1578 4116 1837 4174 Christus
1865 4119 2025 4174 intel-

453 4206 595 4278 ligit,
648 4208 923 4277 quomodo
952 4223 1062 4263 non
1109 4209 1216 4263 erit
1244 4208 1544 4264 secundum
1573 4216 1826 4262 naturam
1857 4207 2018 4275 Deus,

451 4302 548 4372 qui
579 4300 762 4354 abdita
795 4302 969 4365 novit,
993 4311 1047 4354 et
1079 4301 1186 4354 alta
1217 4301 1503 4372 cognoscit
1537 4306 1591 4355 et
1625 4314 1851 4364 arcana,
1881 4299 2024 4356 sicut

453 4388 720 4458 scriptum
749 4392 871 4446 est?
911 4409 929 4443 ι
969 4390 1104 4458 Quis
1131 4393 1275 4448 enim
1305 4394 1588 4448 hominum
1617 4395 1722 4449 scit
1745 4408 1873 4464 qua:
1893 4401 2023 4448 sunt

2127 3215 2282 3290 μόλις
2315 3215 2557 3283 γένοιντο
2583 3213 2639 3265 ἐν
2665 3211 2862 3264 πίστει.

2192 3307 2295 3362 Διά
2330 3305 2396 3360 τὸ
2430 3304 2632 3359 αὐτὸν
2683 3301 3004 3374 γινώσκειν
3044 3300 3311 3368 πάντας,
3359 3300 3460 3355 καὶ
3496 3299 3585 3354 ὅτι
3625 3301 3702 3355 οὐ

2122 3400 2332 3471 χρείαν
2361 3394 2554 3466 εἶχεν,
2601 3397 2702 3450 ἵνα
2748 3411 2838 3460 τις
2877 3392 3234 3462 μαρτυρήσῃ
3271 3393 3404 3460 περὶ
3454 3391 3561 3446 τοῦ
3593 3392 3703 3446 ἀν-

2123 3493 2359 3560 θρώπου
2382 3507 2396 3521 ·
2427 3487 2624 3554 ἀὐτὸς
2665 3486 2778 3558 ’γὰρ
2825 3486 3114 3556 ἐγίνωσκε
3156 3485 3214 3538 τί
3251 3479 3329 3554 ἦν
3368 3483 3437 3537 ἐν
3481 3483 3559 3549 τῷ
3598 3484 3701 3538 ἀνι-

2131 3582 2360 3651 θρώπῳ.

2194 3671 2509 3744 Θεοπρεπὲς
2546 3671 2640 3724 καὶ
2675 3669 2832 3724 τοῦτο
2875 3668 3012 3739 μετὰ
3035 3668 3142 3722 τῶν
3171 3667 3346 3722 ἄλλων
3389 3667 3447 3738 ἐν
3479 3665 3699 3737 Χριστῷ

2121 3765 2183 3819 τὸ
2237 3764 2489 3835 ἀξίωμα,
2555 3763 2652 3816 καὶ
2696 3763 2864 3816 οὐδενὶ
2910 3762 3019 3815 τῶν
3077 3760 3321 3831 γενητῶν
3374 3759 3698 3831 ἐνυπάρχον.

2121 3856 2285 3927 Μόνῳ
2317 3855 2425 3926 γὰρ
2465 3854 2596 3908 αὐτὸ
2635 3852 2713 3924 τῷ
2763 3855 2884 3908 κατ’
2925 3853 3184 3925 ἀλήθειαν
3211 3853 3326 3906 ῦντι
3366 3851 3485 3922 Θεῷ
3531 3864 3700 3922 προσ-

2121 3948 2281 4002 άπτει
2318 3937 2493 4014 λέγων
2528 3946 2558 3999 6
2587 3945 2931 4017 Ψαλμῳδός·
2964 3964 2984 3997 ι
3022 3945 3082 3998 '0
3113 3945 3323 4007 πλάσας
3360 3943 3501 3998 κατὰ
3534 3943 3702 4014 μόνας

2121 4039 2219 4102 τὰς
2274 4037 2500 4108 καρδίας
2547 4037 2756 4101 αὐτῶν,
2800 4035 2848 4086 ὁο
2874 4036 3076 4099 συνιεὶς
3120 4037 3201 4099 εἰς
3235 4036 3412 4089 πάντα
3446 4034 3516 4088 τὰ
3560 4033 3699 4106 ἔργα

2122 4127 2321 4182 αὐτῶν.
2350 4147 2369 4180 ι
2408 4126 2470 4181 Et
2500 4128 2557 4181 δὲ
2588 4127 2750 4199 μόνου
2782 4128 3055 4190 συνιέντος
3081 4127 3147 4182 τὰ
3180 4127 3242 4181 ’ἐν
3278 4125 3411 4196 ἡμῖν
3439 4124 3533 4178 τοῦ
3555 4116 3697 4177 Θεοῦ

2125 4218 2368 4288 συνίησιν
2397 4218 2425 4271 6
2455 4217 2691 4288 Χριστός
2718 4235 2733 4248 ο
2763 4218 2884 4281 ’πῶς
2909 4219 3009 4271 οὐκ
3030 4216 3182 4270 ἔσται
3209 4217 3352 4270 κατὰ
3378 4214 3539 4284 φύσιν
3566 4213 3699 4276 Θεὸς

2122 4309 2151 4361 6
2187 4307 2294 4362 τῶν
2331 4308 2586 4380 κρυπτῶν
2618 4307 2896 4380 γνώστης,
2933 4309 3024 4361 καὶ
3064 4307 3348 4377 γινώσκων
3395 4307 3564 4377 βαθέα
3605 4307 3698 4360 καὶ

2123 4397 2437 4471 ἀπόκρυφα,
2463 4399 2604 4453 καθὰ
2635 4401 2978 4471 γέγραπταις
3017 4417 3036 4450 ι
3060 4399 3155 4463 Τίς
3185 4399 3291 4470 γὰρ
3321 4395 3461 4453 οἶδεν
3485 4393 3695 4468 ἀνθρώ-

451 4477 838 4544 hominis,nisi
872 4481 1102 4550 spiritus
1120 4483 1490 4557 hominis,qui
1521 4488 1577 4541 in
1611 4485 1731 4556 ipso
1759 4495 1842 4543 est
1869 4487 1962 4540 '7?
1997 4504 2016 4538 ι

2130 4507 2247 4544 πων
2272 4464 2458 4544 eam
2486 4464 2778 4562 ἅνθρωποι)
2796 4531 2811 4557 ,
2851 4491 2898 4543 εἰ
2929 4491 3002 4562 μὴ
3030 4491 3089 4544 τὸ
3120 4464 3334 4562 πνεῦμα
3367 4491 3460 4544 τοῦ
3491 4464 3700 4560 ἀνθρὼ-

451 4566 587 4623 dum
613 4576 796 4624 autem
822 4571 1010 4627 nullus
1029 4573 1190 4638 sciat,
1221 4575 1374 4631 solus
1395 4592 1506 4631 non
1537 4578 1814 4648 ignorabit
1835 4578 1975 4635 Deus
2001 4595 2016 4634 :

452 4675 632 4730 neque
676 4661 822 4716 enim
854 4663 909 4716 in
944 4664 1323 4720 universorum
1359 4682 1590 4723 numero
1621 4669 1920 4725 collocatur
1953 4670 2022 4726 de

451 4749 653 4820 quibus
690 4751 898 4806 merito
915 4751 1152 4818 dicatur,
1187 4772 1207 4806 ι
1237 4757 1444 4824 nullus,
1476 4776 1497 4811 ι
1521 4757 1617 4814 sed
1646 4766 1803 4814 extra
1833 4761 2017 4815 omnia

450 4846 557 4904 est,
583 4847 640 4896 et
667 4842 851 4896 omnia
895 4843 1002 4898 sub
1026 4845 1255 4912 pedibus
1285 4847 1408 4916 ejus
1430 4848 1495 4903 ⁸⁸.
1525 4848 1765 4919 ldipsum
1799 4865 2018 4922 quoque

451 4929 658 4988 Paulus
689 4933 985 4990 testabitur
1017 4934 1210 4992 dicens
1248 4953 1262 4988 :
1303 4955 1323 4990 ι
1364 4937 1530 4994 Vivus
1551 4948 1635 4996 est
1657 4939 1802 4995 enim
1838 4956 2019 4997 sermo

453 5018 546 5108 D_ei
597 5029 652 5079 et
698 5022 906 5092 ellicax,
934 5033 988 5080 et
1025 5025 1182 5098 145
1220 5027 1617 5097 penetrabilior
1647 5030 1796 5084 omni
1834 5031 2020 5102 gladio

452 5115 702 5187 ancipiti,
735 5125 788 5172 et
822 5120 1144 5190 pertingens
1178 5135 1351 5190 usque
1376 5119 1445 5174 ad
1473 5120 1795 5178 divisionem
1823 5124 2020 5180 animas

452 5221 517 5261 ac
565 5208 814 5278 spiritus,
845 5225 1165 5282 compagum
1200 5227 1420 5283 quoque
1455 5226 1519 5268 ac
1551 5214 1935 5280 meduliarum,
1965 5222 2021 5270 et

452 5297 720 5354 discretor
747 5301 1142 5372 cogitationum
1194 5311 1248 5358 et
1297 5303 1662 5359 intentionum
1719 5306 1925 5361 cordis.
1957 5305 2022 5359 Et

456 5401 562 5442 non
589 5396 670 5444 est
693 5391 800 5446 ulla
834 5405 1087 5450 creatura
1115 5393 1416 5451 invisibilis
1453 5395 1508 5450 in
1531 5407 1827 5466 conspectu
1857 5397 2014 5466 ejus:

452 5481 636 5534 omnia
673 5491 854 5540 autem
887 5487 1031 5541 nuda
1062 5493 1117 5542 et
1146 5494 1334 5556 aperta
1371 5495 1501 5543 sunt
1527 5489 1704 5545 oculis
1737 5490 1860 5560 ejus
1882 5491 1949 5542 θ’.
1991 5508 2008 5540 ι

518 5659 565 5694 ⁸⁸
605 5653 750 5712 Psal.
790 5675 961 5728 xxxii,
1007 5661 1091 5716 15.
1166 5663 1208 5695 ’⁷
1241 5661 1262 5717 ι
1291 5663 1502 5732 Contr,
1548 5667 1634 5722 il.

2129 4595 2230 4634 που
2264 4579 2323 4633 τὸ
2361 4583 2419 4634 ἐν
2457 4581 2606 4651 αὐτῷ
2630 4598 2646 4647 ;
2673 4601 2692 4635 ι
2741 4580 2956 4646 Είδότος
2996 4581 3053 4634 δὲ
3092 4581 3340 4646 οὐδενὸς,
3390 4580 3548 4652 μόνος
3599 4580 3698 4634 οὐκ

2129 4672 2384 4743 ἀγνοήσει
2405 4673 2557 4736 Θεὸς,
2590 4676 2710 4726 ἐπεὶ
2739 4673 2872 4744 μηδέ
2902 4675 2960 4727 ἐν
2978 4675 3090 4737 τοῖς
3115 4675 3248 4728 πᾶσι
3279 4670 3699 4744 καταριθμεῖται

2129 4779 2290 4826 ποτε,
2329 4762 2450 4816 καθ’
2483 4757 2557 4817 ὧν
2592 4763 2658 4816 ἂν
2691 4764 2918 4828 εἰκότως
2945 4764 3162 4833 φέροιτο
3199 4764 3259 4817 τὸ
3295 4784 3312 4816 ι
3341 4764 3538 4827 οὐδεὶς,
3568 4781 3588 4815 ι
3620 4750 3717 4824 ὡς

2122 4850 2179 4904 δέ
2207 4851 2311 4918 ἔξω
2345 4851 2593 4918 πάντων,
2639 4854 2732 4906 καὶ
2762 4853 2940 4907 πάντα
2985 4855 3091 4908 ὑπὸ
3123 4855 3290 4918 πόδας
3329 4857 3534 4908 εἴσεται
3569 4853 3696 4925 [τσ.

2125 4940 2410 5012 κείσεταιῙ.
2437 4943 2792 5014 Μαρτυρήσει
2819 4944 2876 4997 δὲ
2902 4945 2997 4998 καὶ
3023 4947 3052 4998 6
3085 4943 3296 5009 Παῦλος
3323 4941 3516 5012 λέγων·
3544 4963 3562 4996 ι
3581 4944 3700 4997 Ζῶν

2125 5035 2234 5106 γὰρ
2279 5031 2308 5084 6
2349 5033 2505 5103 λόγος
2543 5035 2636 5088 τοῦ
2665 5035 2798 5088 Θεοῦ
2846 5036 2941 5090 καὶ
2969 5037 3226 5108 ἐνεργὴς,
3274 5038 3367 5090 καὶ
3391 5037 3700 5107 τομώτερος

2128 5125 2270 5197 ὑπὲρ
2288 5127 2464 5180 πᾶσαν
2491 5127 2768 5198 μάχαιραν
2785 5128 3058 5199 δίστομον,
3078 5131 3172 5182 καὶ⁹
3186 5129 3555 5199 διικνούμενος
3570 5128 3698 5198 ἄχρι

2132 5216 2400 5288 μερισμοὖ
2427 5216 2606 5288 ψυχῆς
2639 5219 2734 5274 καὶ
2766 5220 3074 5290 πνεύματος
3091 5262 3104 5281 .
3147 5221 3339 5294 ἁρμῶν
3362 5239 3420 5274 τε
3444 5221 3538 5275 καὶ
3564 5235 3697 5290 μυεο

2127 5309 2256 5372 λῶν,
2286 5311 2379 5364 καὶ
2405 5311 2649 5382 κριτικὸς
2682 5310 3035 5382 ἐνθυμήσεων
3062 5313 3157 5366 καὶ
3195 5312 3413 5366 ἐννοιῶν
3450 5309 3694 5382 καρδίας.

2127 5403 2237 5455 Καὶ
2271 5403 2370 5456 οὐκ
2408 5403 2524 5456 ἐστι
2562 5404 2738 5470 κτίσις
2767 5403 2978 5477 ἀφανὴς
3015 5404 3242 5459 ἐνώπιον
3273 5403 3437 5458 αὐτοῦ
3459 5418 3474 5433 ·
3523 5401 3698 5454 πάντα

2127 5491 2184 5547 δὲ
2209 5494 2387 5563 γυμνὰ
2423 5495 2516 5548 καὶ
2533 5495 3004 5567 τετραχηλισμένα
3022 5499 3134 5560 τοῖς
3155 5496 3452 5568 ὀφθαλμοῖς
3477 5491 3692 5548 αὑτοῦ.»

1743 5669 1788 5700 ’⁸
1817 5667 1961 5724 Psal.
1998 5683 2116 5740 vm,
2153 5671 2206 5727 8.
2284 5676 2328 5707 ”
2359 5675 2528 5731 Hebr.
2563 5691 2635 5744 Iv,
2669 5676 2753 5745 12,
2793 5679 2874 5732 1⁸5.
