4040 6214
447 353 554 409 363
1445 345 1501 404 S.
1535 343 1806 425 CYRILLI
1840 344 2299 422 ALEXANERINI
2347 344 2664 408 A‘RCIUEP.
3581 344 3686 399 εει

455 492 475 546 ς
510 472 623 544 Ego
647 471 714 526 de
742 469 1000 541 supernis
1022 484 1145 524 sum
1169 469 1210 521 '.
1242 487 1260 518 ι
1298 466 1362 519 Et
1390 467 1836 535 sapientissimus
1859 481 1992 529 evan

2119 468 2183 520 ὲκ
2198 466 2305 518 τῶν
2323 467 2436 520 ἄνω
2457 467 2598 537 εἰμί·
2634 487 2652 518 ι
2680 469 2770 521 καὶ
2787 469 2816 520 ὁ
2843 466 3149 537 σοφώτατος
3172 465 3227 517 δὲ
3253 461 3379 532 περὶ
3395 462 3558 516 αὑτοῦ
3584 464 3683 517 πού

454 564 650 638 gelista
699 561 766 616 de
818 561 1009 616 eodem
1046 577 1060 613 :
1096 577 1113 610 ι
1151 555 1253 622 Qui
1306 557 1598 618 desursum
1634 558 1818 619 venit,
1851 572 1998 632 supet

2117 575 2282 629 φησιν
2317 559 2741 629 εὑαγγελιστής·
2778 579 2795 610 ι
2837 559 2893 612 ’0
2917 557 3124 611 ἄνωθεν
3149 556 3459 627 «ἐρχόμενος
3500 556 3684 610 ἐπάνω

452 669 645 715 omnes
683 661 767 719 est
793 653 834 704 ⁸.
869 669 886 701 ι
917 650 1034 717 Qua
1080 649 1150 724 de
1186 665 1243 719 re
1280 647 1455 722 fusius
1497 662 1599 713 suo
1645 656 1890 720 tempore
1929 649 2014 726 di-

459 759 670 798 remus.

524 834 608 898 Ill,
646 834 699 888 4.
743 833 1018 898 Quomodo
1049 842 1217 902 potest
1251 833 1403 894 homo
1449 832 1626 893 nasci,
1660 847 1777 888 cum
1816 831 1883 897 sit
1932 846 2015 884 se-

450 925 590 976 nex?
625 924 859 990 nunquid
895 932 1060 989 potest
1102 923 1156 974 in
1191 933 1416 975 ventrem
1445 922 1632 974 matris
1671 937 1783 975 sure
1825 922 2014 982 iterato

451 1011 686 1085 introire,
720 1020 768 1064 et
795 1012 1042 1082 renasci?
1072 1009 1352 1083 Respondit
1375 1009 1552 1064 Jesus.

520 1189 657 1253 llinc
689 1191 935 1259 arguitur
969 1190 1147 1258 adhuc
1195 1190 1444 1250 animalis
1489 1205 1612 1255 esse
1656 1189 2010 1255 Nieodemus,

448 1281 784 1350 proindeque
817 1296 878 1348 ea
913 1284 1230 1351 neutiquam
1265 1281 1546 1350 suscipere
1573 1297 1692 1351 qua:
1733 1291 1861 1336 sunt
1891 1282 2014 1351 Spi-

447 1374 590 1427 ritus
643 1375 756 1428 Dei.
803 1374 1101 1428 Stultitiam
1143 1376 1289 1426 enim
1329 1389 1456 1426 esse
1509 1375 1832 1441 putatillud
1876 1375 2014 1429 adeo

448 1448 840 1536 augnsutntiac
880 1465 1088 1518 illustre
1131 1464 1476 1534 mysterium.
1513 1463 1579 1517 Et
1623 1480 1745 1517 cum
1779 1481 2014 1534 genera—

445 1553 646 1607 tionem
680 1569 975 1622 supernam
1025 1568 1087 1606 ac
1137 1555 1438 1622 spiritalem
1484 1556 1656 1621 audit,
1689 1571 2009 1626 corporeum

446 1651 688 1704 ventrem
716 1645 1064 1720 imaginatur.
1091 1660 1177 1712 res
1198 1645 1310 1712 jam
1341 1647 1555 1715 genitas
1578 1647 1772 1702 iterum
1795 1648 2012 1717 parien-

449 1743 588 1798 tem;
621 1741 674 1794 ει
707 1734 874 1804 legem
929 1743 1139 1790 naturae
1187 1746 1389 1791 nostra:
1422 1754 1528 1797 non
1567 1739 1872 1803 excedens,
1921 1755 2010 1794 res

2118 650 2332 703 πάντων
2358 650 2494 716 ἐστὶ,
2522 669 2540 701 ι
2581 649 2710 721 περὶ
2740 642 2800 702 οῦ
2837 651 2893 702 ὲν
2933 649 3117 717 οἰκείῳ
3149 645 3324 717 καιρῷ
3353 645 3683 718 πλατύτερον

2118 740 2241 809 ἐροῦ
2251 756 2367 809 μεν.
2809 771 2826 786 ν

2187 828 2316 894 Πῶς
2331 829 2580 883 δύναται
2603 829 2910 896 ἅνθρωπος
2942 825 3304 896 γεννηθῆναι
3333 825 3524 896 γέρων
3558 823 3663 894 dir;

2108 918 2196 987 μὴ
2249 919 2494 972 δύναται
2542 923 2629 985 εὶς
2679 919 2794 986 τὴν
2831 920 3067 973 κοιλίαν
3110 917 3221 985 τῆς
3242 917 3464 985 μητρὸς
3491 916 3682 970 αὑτοῦ

2114 1010 2391 1078 δεύτερον
2434 1011 2751 1078 εἰσελθεῖν,
2787 1011 2886 1065 καί
2932 1009 3335 1080 γεννηθῆναι;
3377 1009 3682 1075 Ἀπεκρίθη

2129 1100 2384 1166 Ἰησοῦς.

2198 1191 2503 1261 Ἐλέγχεται
2524 1191 2609 1244 διὰ
2635 1192 2835 1245 τούτων
2851 1191 3076 1261 ψυχικὸς
3105 1188 3178 1242 ὣν
3211 1187 3333 1242 ἕτιὸ
3353 1187 3684 1265 Νικόδημος,

2113 1281 2201 1334 διά
2227 1299 2286 1334 τε
2315 1282 2470 1335 τοῦτο
2513 1283 2799 1352 δεχόμενος
2840 1280 3090 1352 οὐδαμῶς
3131 1279 3201 1333 τὰ
3247 1280 3339 1333 τοῦ
3366 1278 3680 1354 Πνεῦματος

2111 1373 2205 1426 τοῦ
2237 1371 2372 1425 Θεοῦ
2395 1389 2407 1400 ο
2437 1356 2645 1442 μωρίαν
2681 1373 2789 1443 γὰρ
2817 1369 2957 1429 εἶναι
2989 1371 3196 1441 νομίζει
3229 1371 3288 1423 τὸ
3320 1371 3516 1423 σεπτὸν
3541 1370 3682 1437 οὕτω

2113 1467 2206 1518 καὶ
2235 1466 2526 1535 περιφανὲς
2573 1467 2889 1538 μυστήριον.
2940 1464 3194 1533 Γέννησιν
3239 1462 3293 1514 δὲ
3342 1461 3552 1514 ἀκούων
3583 1462 3680 1529 τὴν

2111 1557 2316 1612 ἄνωθεν
2366 1557 2458 1610 καὶ
2514 1555 2908 1626 πνευματικὴν,
2963 1555 3280 1624 σωματικὴν
3316 1553 3396 1606 έτι
3441 1553 3679 1624 γαστέρα

2112 1649 2443 1716 φαντάζεται
2496 1645 2963 1716 παλινδρομοῦσαν
3014 1646 3094 1708 εἰς
3131 1644 3295 1697 ὠδῖνα
3335 1643 3441 1696 τῶν
3469 1643 3566 1712 ἤδη
3589 1659 3680 1709 γεο

2111 1737 2475 1807 γεννημένων,
2502 1735 2597 1789 καὶ
2628 1735 2715 1788 τὸν
2745 1736 2844 1805 τῆς
2870 1735 2990 1788 καθ’
3027 1735 3173 1806 ἡμᾶς
3198 1733 3409 1801 φύσεως
3430 1732 3528 1785 οὐκ
3553 1733 3680 1784 ἁνα-

446 1826 663 1881 divinas
695 1828 742 1881 ei
780 1827 1094 1888 atlmetitnr,
1132 1843 1366 1898 cumque
1395 1829 1660 1892 doctrinae
1701 1831 1998 1885 sublimita-

2114 1827 2313 1880 ϐαίνων
2343 1827 2526 1898 νόμον,
2558 1827 2823 1890 κανονίζει
2855 1827 2924 1880 τὰ
2973 1825 3216 1895 θειότερα
3245 1841 3259 1855 ·
3292 1823 3598 1902 ὰνεξίτητον
3621 1821 3679 1874 δ“·

446 1927 552 1982 tem
589 1917 855 1987 invenerit
898 1934 926 1970 a
971 1934 1076 1987 qua
1111 1935 1169 1974 se
1213 1920 1488 1986 extrieare
1537 1933 1806 1991 nequeat,
1856 1921 2017 1985 deor:

443 2023 565 2081 sum
628 2010 805 2084 fertur
865 2026 926 2078 ac
982 2010 1114 2082 ruit.
1153 2009 1620 2085 Quemadmodum
1686 2012 1830 2066 enim
1895 2025 2015 2082 qua}

442 2099 838 2171 vehementiori
886 2099 1038 2180 jactu
1101 2092 1374 2170 lapidibus
1433 2099 1770 2164 alliduntur,
1831 2117 2016 2169 reper-

444 2205 609 2262 eussa
665 2191 917 2260 resiliunt
951 2209 962 2244 :
994 2191 1074 2259 sic
1117 2191 1282 2245 etiam
1318 2191 1539 2251 indocta
1574 2207 1751 2257 mens,
1791 2193 2008 2268 opinor,

443 2284 489 2359 si
548 2299 636 2339 res
679 2282 920 2352 oll‘endat
972 2298 1206 2354 quarum
1262 2283 1371 2338 vim
1423 2285 1698 2345 sustinere
1753 2293 2008 2354 nequeat,

444 2372 598 2448 illico
645 2360 884 2442 refugit,
919 2381 975 2434 et
1024 2388 1122 2428 sua
1156 2373 1538 2445 mediocritate
1579 2367 1840 2438 contenta
1873 2390 2011 2444 pra:-

441 2462 764 2537 stantiorenl
797 2470 850 2516 et
878 2449 1130 2537 altiorem
1163 2463 1580 2535 intelligentiam
1617 2465 1814 2533 reiicit.
1854 2464 2007 2531 Quod

389 2561 564 2618 acum
598 2551 672 2605 illi
707 2549 1024 2607 Iudaeorum
1073 2556 1304 2626 principi
1350 2557 1664 2626 contigerit,
1710 2557 2006 2626 spiritalem

442 2643 852 2711 generationem
886 2659 996 2714 non
1030 2645 1198 2715 capit.

508 2813 597 2880 lli,
638 2817 691 2870 5.
735 2814 859 2870 Nisi
886 2819 1003 2886 quis
1035 2828 1245 2872 renatus
1278 2821 1436 2891 fuerit.
1464 2836 1528 2874 ex
1560 2838 1697 2890 aqua
1740 2831 1788 2874 et
1832 2822 2005 2887 Spiri-

439 2916 493 2986 tu
519 2917 726 2979 sancto,
757 2924 858 2986 non
886 2918 1054 2975 potest
1086 2910 1306 2988 introire
1329 2913 1381 2962 in
1411 2927 1623 2980 regnum
1654 2911 1773 2966 Dei.

510 3085 645 3160 Cum
674 3101 786 3142 non
817 3086 1146 3162 intelligeret
1176 3085 1507 3150 Nicodemus
1537 3089 1690 3162 15.7
1724 3089 1856 3160 quid
1892 3090 2001 3145 sibi

437 3179 563 3245 velit
624 3178 808 3242 istud,
862 3187 1026 3250 natus
1089 3195 1214 3253 esse
1267 3179 1520 3252 desuper,
1573 3174 1818 3253 apertius
1869 3183 2001 3239 illud

437 3271 756 3346 mysterium
805 3271 1053 3343 exponit.
1102 3271 1369 3340 Dominus
1409 3276 1554 3335 enim
1606 3282 1792 3328 noster
1840 3273 2004 3330 Jesus

435 3360 693 3436 {lliri'stus‘
746 3363 1242 3437 regenerationem,
1284 3379 1408 3434 quae
1455 3381 1553 3433 per
1606 3365 1869 3435 Spiritum
1920 3366 2000 3429 fit,

434 3454 671 3528 desuper
695 3439 1058 3521 esse'aiebat,
1091 3457 1389 3519 ostendens
1417 3455 1689 3530 Spiritum
1735 3472 2003 3526 supr-etme

434 3542 682 3608 onmium
732 3543 1057 3619 substantiae
1103 3545 1253 3601 illum
1298 3562 1451 3611 esse,
1479 3561 1576 3618 per
1611 3562 1771 3616 quem
1802 3547 2001 3602 divina:

321 3637 344 3656 "
433 3643 722 3710 consortes
754 3634 1020 3707 eﬂicimur
1049 3647 1262 3710 naturae
1281 3641 1326 3700 ³,
1351 3638 1478 3693 dum
1513 3639 1846 3709 percipimus
1873 3654 1998 3695 eum

431 3728 524 3799 qui
565 3726 1003 3785 substantialiter
1031 3745 1098 3802 ex
1154 3729 1271 3800 ipsa
1306 3729 1575 3798 procedit,
1608 3737 1663 3784 et
1694 3745 1790 3798 per
1818 3729 1996 3798 ipsum

428 3827 594 3892 atque
627 3820 678 3874 in
709 3821 828 3892 ipso
848 3820 915 3876 ad
944 3815 1313 3892 exemplarem
1337 3821 1801 3892 pulchritudinem
1824 3819 2001 3876 refor-

428 3928 666 3983 rnamur,
701 3922 755 3978 et
776 3915 858 3970 sic
886 3915 953 3985 ad
977 3916 1104 3970 vita:
1130 3916 1424 3971 novitatem
1461 3917 1822 3977 renascimur.
1853 3922 1907 3972 et
1939 3917 1996 3970 in

429 4003 665 4075 tiliorum
697 4004 791 4061 Dei
839 3998 1185 4080 adoptionem
1240 4008 1560 4078 retingimur
1589 4008 1631 4064 ⁸.
1663 4007 1994 4064 Nicodemns

426 4107 640 4162 autem,
679 4113 802 4152 cum
843 4113 952 4152 non
981 4113 1046 4154 eo
1097 4101 1152 4151 in
1181 4113 1345 4152 sensu
1390 4112 1576 4152 vocem
1629 4099 1799 4160 illam,
1839 4117 1858 4148 ι
1898 4097 1994 4152 de-

425 4205 610 4262 super,
644 4207 664 4240 ›
699 4190 993 4260 acciperet,
1016 4189 1377 4250 nativitatem,
1409 4186 1715 4257 cujusmodi
1749 4195 1834 4242 est
1865 4201 1992 4242 cor-

424 4295 616 4348 porum
639 4319 654 4343 ,
703 4280 886 4334 denuo
931 4279 1168 4334 futuram
1199 4277 1495 4352 signiﬁcari
1543 4279 1854 4349 suspicatus
1882 4287 1988 4344 est,

423 4366 762 4447 proindeque
787 4382 899 4421 rem
926 4369 997 4422 im
1007 4369 1324 4438 possibilem
1341 4370 1524 4424 animo
1540 4369 1784 4434 volvens,
1808 4369 1992 4423 stulti-

2111 1927 2230 1986 ταῖς
2252 1925 2480 1986 οἰκείαις
2507 1921 2735 1984 ὲννοίαις
2763 1919 2823 1973 τὸ
2855 1917 2963 1970 τῶν
2981 1916 3314 1988 μαθημάτων
3333 1913 3463 1983 ὕψος
3483 1912 3676 1987 εὑρὼν,

2111 2015 2262 2072 κάτω
2288 2015 2472 2071 πίπτει
2497 2012 2592 2068 καὶ
2613 2011 2861 2083 φέρεται⁹
2892 2011 3097 2078 Ὃνπερ
3120 2007 3227 2078 γὰρ
3251 2004 3449 2077 τρόπον
3473 2003 3541 2060 τὰ
3566 2007 3679 2068 tot;

2110 2085 2498 2162 ἀποκεκλικόσι
2522 2104 2633 2158 τῶν
2651 2102 2811 2156 λίθων
2827 2098 3211 2168 εὐτονωτέραις
3235 2095 3680 2167 προσαραχθέντα

2113 2195 2312 2265 βολαῖς,
2361 2195 2536 2249 ὀπίσω
2585 2194 2747 2250 πάλιν
2801 2191 3081 2258 ἐξάλλεται
3106 2205 3122 2224 ν
3151 2187 3346 2252 οὕτως,
3373 2185 3545 2258 οἶμαι,
3582 2187 3678 2244 καὶ

2108 2286 2232 2359 νοῦς
2258 2286 2473 2358 ἀμαθὴς
2526 2286 2873 2357 γοργοτέροις
2899 2283 2934 2354 ἢ
2977 2280 3098 2334 καθ’
3134 2280 3325 2334 ἑαυτὸν
3356 2277 3677 2349 προσϐαλὼν

2108 2371 2476 2446 θεωρήμασιν,
2530 2376 2793 2445 ἁτονήσας
2851 2373 3154 2432 ὑπονοστεῖ,
3211 2369 3303 2423 καὶ
3343 2368 3560 2439 μέτροις
3591 2368 3678 2438 ἀεὶ

2107 2470 2217 2530 τοῖς
2245 2466 2392 2537 αὐτῷ
2419 2467 2718 2538 πρέπουσιν
2745 2461 3156 2536 ὲμφιλοχωρῶν,
3188 2460 3284 2530 τὴν
3339 2460 3549 2530 ἀμείνω
3583 2458 3677 2514 καὶ

2109 2555 2442 2624 ὑψηλοτέραν
2493 2555 2748 2625 ἀτιμάζει
2781 2553 2994 2605 σύνεσιν
3015 2568 3027 2580 ·
3053 2551 3080 2604 ὃ
3107 2550 3170 2619 δὴ
3200 2547 3482 2610 πεπονθὼς
3507 2550 3534 2600 ὁ
3565 2547 3677 2600 τῶν

2121 2644 2387 2707 Ἰουδαίων
2419 2643 2714 2716 ἡγούμενος
2754 2643 2852 2713 τὴν
2883 2639 3258 2712 πνευματικὴν
3289 2638 3349 2690 οὐ
3388 2637 3676 2705 καταδέχε-

2103 2749 2194 2800 ται
2216 2733 2488 2802 γέννησιν.

2187 2822 2328 2877 Ἐὰν
2352 2817 2437 2891 μή
2472 2839 2563 2888 τις
2601 2821 2862 2890 γεννηθῇ
2899 2820 2967 2885 ἐξ
3014 2819 3231 2884 ὕδατος
3267 2819 3364 2872 καὶ
3407 2819 3682 2887 Πνεῦμα-

2103 2929 2226 2978 τος,
2256 2914 2327 2966 οὐ
2351 2911 2597 2972 δύναται
2621 2910 2918 2979 εἰσελθεῖν
2964 2912 3050 2976 εὶς
3075 2908 3187 2977 τὴν
3212 2909 3538 2974 ,βασιλείαν
3562 2907 3672 2962 τοῦ

2107 3001 2272 3060 Θεοῦ.

2175 3095 2248 3149 Οὐ
2274 3094 2522 3148 συνιέντα
2543 3094 2632 3148 τὸν
2675 3092 2979 3163 ἄνθρωπον,
3003 3091 3124 3145 καθ’
3151 3091 3206 3143 ὃν
3230 3090 3338 3143 ἔδει
3365 3088 3582 3160 τρόπον,
3612 3088 3667 3144 τί

2104 3186 2168 3239 ἂν
2194 3185 2432 3256 βούλοιτο
2492 3185 2777 3256 σημαίνειν
2830 3184 2892 3237 τὺ
2935 3182 3138 3238 ἄνωθεν
3183 3181 3507 3251 γεννηθῆναι
3536 3181 3667 3245 δεῖν,

2105 3277 2456 3346 σαφεστέροις
2506 3274 2814 3329 ὲκπαιδεύει
2869 3274 3173 3345 μαθήμασι,
3237 3271 3570 3342 γυμνοτέραν
3609 3271 3670 3326 δὲ

2102 3369 2248 3438 αὐτῷ
2280 3367 2609 3439 παρατίθησι
2633 3365 2727 3420 τοῦ
2763 3366 3062 3437 μυστηρίου
3099 3365 3198 3438 τὴν
3226 3365 3448 3432 γνῶσιν.
3491 3364 3548 3416 Ὀ
3567 3364 3668 3433 μὲν

2100 3459 2207 3531 γὰρ
2240 3459 2440 3530 Κύριος
2457 3459 2612 3530 ἡμῶν
2642 3458 2846 3531 Ἰησοῦς
2864 3457 3095 3528 Χριστὸς
3117 3457 3214 3528 τὴν
3229 3456 3315 3510 διὰ
3354 3455 3667 3526 Πνεύματος

2100 3551 2451 3622 ἀναγέννησιν
2475 3549 2679 3611 ἄνωθεν
2716 3549 3000 3614 ἀπεκάλει,
3045 3549 3144 3619 τῆς
3182 3548 3440 3601 ἀνωτάτω
3478 3545 3666 3598 πασῶν

2098 3643 2281 3706 οὐσίας
2310 3643 2372 3695 τὸ
2392 3641 2612 3712 Πνεῦμα
2659 3641 2893 3705 δεικνὺς,
2932 3640 2998 3694 δι’
3033 3636 3093 3694 οῦ
3128 3640 3227 3708 τῆς
3264 3638 3412 3702 θείας
3450 3637 3664 3706 φύσεως

2097 3735 2356 3804 γινόμεθα
2390 3735 2657 3798 κοινωνοὶ,
2687 3733 2762 3795 ὡς
2800 3733 2858 3785 τὸ
2891 3733 2948 3798 ἐξ
2981 3733 3150 3803 αὐτῆς
3171 3730 3443 3794 οῦσιωδῶς
3475 3728 3662 3800 προῐδν

2101 3825 2500 3897 καρπούμενοι,
2555 3825 2648 3879 καὶ
2697 3824 2762 3878 δι’
2795 3823 2956 3878 αὐτοῦ
3003 3824 3095 3877 καὶ
3147 3825 3204 3876 ἐν
3251 3821 3398 3890 αὑτῷ
3436 3821 3570 3890 πρὸς
3601 3819 3667 3882 τὸ

2097 3919 2399 3991 ἀρχέτυπον
2428 3917 2898 3988 ἀναμορφούμενοι
2927 3915 3142 3978 κάλλος,
3175 3913 3318 3967 οὕτω
3347 3931 3406 3966 τε
3434 3913 3514 3975 εἰς
3541 3929 3665 3964 και-

2094 4012 2288 4080 νότητα
2315 4009 2460 4079 ζωῆς
2487 4009 2923 4078 ανατικτόμενοι,
2943 4007 3034 4060 καὶ
3059 4007 3140 4070 εἰς
3175 4006 3273 4074 τὴν
3305 4005 3455 4058 θείαν
3489 4002 3665 4056 υἱοθε-

2096 4103 2217 4154 σίαν
2244 4101 2721 4170 ἀναπλαττόμενοι.
2765 4099 2836 4152 Τὸ
2859 4100 2915 4152 δὲ
2948 4118 2964 4148 ι
2994 4097 3200 4152 ἄνωθεν
3234 4117 3251 4148 ι
3278 4098 3306 4150 ό
3355 4095 3659 4164 Νικόδημος

2092 4197 2188 4265 οὐχ
2212 4193 2382 4257 οὕτως
2403 4192 2647 4246 ἐκλαϐὼν
2682 4192 2780 4263 τὴν
2798 4189 3041 4252 εἰσαῦθις
3067 4188 3327 4260 ἐσομένην
3350 4187 3660 4255 ὑπετὸπησε

2091 4289 2360 4359 γέννησιν,
2391 4287 2466 4350 ὡς
2493 4287 2585 4339 ἐπὶ
2615 4284 2902 4354 σωμάτων,
2945 4281 3304 4352 σημαίνεσθαι
3328 4298 3341 4311 ·
3383 4280 3471 4333 διὰ
3502 4278 3663 4332 τοῦτο

2090 4381 2184 4434 καὶ
2214 4383 2323 4441 τοῖς
2355 4380 2433 4440 είς
2455 4377 2713 4430 ἀδύνατον
2762 4373 3109 4428 ἀποκλείουσι
3155 4369 3468 4443 περιπεσὼν
3515 4369 3662 4436 λογι-

425 4459 555 4536 tiam
591 4472 746 4527 suam
772 4466 826 4512 et
854 4458 1128 4534 inscitiam
1161 4461 1420 4537 prodidit.
1451 4459 1773 4517 Necessario
1808 4461 1990 4532 itaque

2100 4472 2280 4541 σμοῖς,
2327 4469 2488 4533 ἄνους
2542 4485 2602 4520 τε
2642 4465 2778 4537 ὁμοῦ
2820 4464 3182 4534 κατεφωράοη
3230 4463 3321 4516 καὶ
3358 4461 3656 4530 δυσμαθής.

425 4548 680 4600 Salvator
725 4562 851 4602 cum
901 4564 967 4604 eo
997 4559 1056 4603 ut
1103 4551 1362 4606 imbecilli
1405 4553 1586 4609 adhuc
1633 4564 1817 4611 mente
1852 4573 1990 4626 prte-

422 4639 535 4710 ςιιιο
584 4639 804 4694 mollius
853 4641 984 4708 agit,
1029 4651 1104 4705 et,
1157 4643 1428 4710 orationis
1459 4647 1697 4713 tegmine
1747 4648 1987 4712 sublato,

419 4737 606 4798 ape-rte
631 4729 850 4797 demum
892 4716 1022 4784 ait:
1060 4748 1080 4780 ι
1119 4729 1232 4785 Nisi
1281 4733 1404 4801 quis
1449 4742 1673 4788 renatus
1707 4734 1875 4788 fuerit
1921 4752 1987 4792 ex

418 4823 555 4884 aqua
613 4824 667 4882 et
716 4817 925 4887 Spiritu
981 4828 1210 4881 sancto,
1266 4835 1375 4891 non
1425 4829 1606 4891 potest
1652 4824 1882 4883 introire
1932 4828 1986 4886 in

417 4925 646 4978 regnum
701 4910 815 4964 Dei.
857 4910 1042 4975 sCum
1093 4911 1238 4966 enim
1277 4914 1440 4967 homo
1494 4916 1566 4971 sit
1621 4918 1983 4986 compositum

414 5000 569 5069 quid,
608 5016 714 5054 non
759 5001 994 5072 “simplex
1044 5012 1270 5066 natura,
1307 5021 1373 5079 es
1407 5005 1622 5062 duobus
1657 5017 1984 5079 attempera-

414 5103 526 5157 tus,
575 5109 807 5170 corpore
861 5096 1118 5167 nimirum
1155 5098 1400 5153 sensibili
1443 5107 1498 5153 et
1551 5100 1732 5154 anima
1783 5101 1984 5158 intelli-

413 5193 592 5254 gente,
616 5187 834 5256 gemino
861 5203 1078 5258 quoque
1108 5204 1246 5258 Opus
1278 5191 1384 5249 erit
1421 5192 1470 5245 ei
1510 5192 1576 5244 ad
1612 5197 1982 5262 regeneratio-

410 5291 532 5346 nem
566 5279 805 5334 remedio
837 5279 1056 5350 utrique
1089 5282 1490 5350 quodammodo
1517 5285 1658 5359 allini
1693 5295 1754 5343 et
1776 5292 1974 5345 amico.

410 5361 619 5432 Spiritu
671 5386 906 5440 namque
967 5374 1345 5440 sam-tilicatur
1392 5378 1629 5433 hominis
1692 5382 1975 5449 spiritus:

408 5471 548 5523 aqua
615 5476 743 5528 vero
794 5467 1166 5535 sanctiﬁcata,
1215 5481 1439 5536 corpus.
1501 5468 1972 5535 Quemadmodum

405 5546 548 5599 enim
607 5549 783 5604 infusa
834 5553 1102 5624 lehetibus
1125 5570 1298 5622 aqua,
1355 5558 1400 5612 si
1460 5561 1815 5618 admoveatur
1863 5564 1974 5633 igni

2103 4559 2437 4626 Ἀναγκαίως
2488 4555 2776 4627 τοιγαροῦν
2835 4555 2862 4607 ό
2917 4554 3106 4624 Σωτὴρ
3166 4553 3240 4616 ὡς
3288 4549 3661 4617 ἀσθενεστέρῳ

2089 4650 2185 4721 τὴν
2213 4649 2324 4715 ἕξιν
2349 4647 2762 4720 τρυφερώτερον
2809 4646 2890 4702 ἑτι
2941 4645 3330 4716 προσφέρεται,
3359 4643 3452 4696 κα)¹
3477 4642 3538 4694 τὸ
3567 4640 3657 4694 δο-

2090 4742 2219 4794 κοῦν
2252 4726 2606 4810 ’ἐπεῤῥίφθαι
2653 4737 2732 4808 τῷ
2769 4737 2912 4807 λόγῳ
2961 4737 3223 4806 κάλυμμα
3255 4732 3541 4804 περιελὼν,
3565 4733 3660 4786 ἀν-

2087 4831 2318 4902 αφανδὸν
2339 4830 2437 4900 ’ήδη
2465 4829 2628 4897 φησίν
2651 4845 2662 4858 ·
2696 4848 2714 4879 ι
2741 4820 2878 4882 Ἐὰν
2897 4831 2970 4900 μή
3005 4846 3088 4891 τις
3121 4825 3354 4896 γεννηθῇ
3382 4825 3440 4888 ἐξ
3468 4823 3660 4884 ὓδατος

2091 4922 2182 4975 καὶ
2218 4919 2550 4988 Πνεύματος,
2579 4919 2639 4971 οὑ
2690 4919 2910 4972 δύναται
2963 4917 3224 4971 εἰσελθεῖν
3255 4918 3335 4977 είς
3371 4914 3470 4984 τὴν
3506 4913 3656 4982 βασι-

2089 5013 2237 5066 λείαν
2271 5011 2363 5064 τοῦ
2396 5009 2550 5063 Θεοῦ.
2579 5029 2598 5061 ι
2648 5009 2864 5080 Ἐπειδὴ
2895 5010 3002 5080 γὰρ
3039 5007 3289 5061 σύνθετόν
3327 5022 3400 5068 τι,
3440 5004 3534 5056 καὶ
3556 5002 3656 5072 οὐχ

2089 5103 2288 5158 ἁπλοῦν
2317 5102 2456 5170 κατὰ
2479 5101 2638 5170 φύσιν
2663 5103 2691 5154 ὁ
2715 5101 3018 5173 ἄνθρωπος,
3074 5101 3139 5152 ὲκ
3174 5097 3268 5152 δύο
3317 5095 3659 5165 κεκερασμέυ

2085 5202 2194 5262 νοξ,
2226 5195 2482 5264 αἰσθητοῦ
2511 5194 2752 5264 δηλονότι
2796 5194 3043 5269 σώματος
3076 5194 3171 5246 καὶ
3210 5191 3387 5262 ψυχῆς
3433 5187 3648 5258 νοερᾶς,

2084 5289 2276 5358 διπλῆς
2307 5287 2453 5357 αὐτῷ
2502 5286 2638 5356 πρὸς
2679 5286 3033 5354 ἁναγέννησιν
3069 5286 3309 5354 ἐνδεήσει
3337 5279 3652 5352 θεραπείας,

2085 5380 2357 5449 συγγενῶς
2387 5397 2500 5439 πως
2527 5378 2755 5448 ἐχούσης
2773 5377 2905 5448 πρὸς
2929 5378 3095 5447 ἄμφω
3118 5377 3224 5430 τῶν
3247 5371 3648 5446 δεδηλωμένων.

2079 5471 2353 5541 Πνεύματι
2421 5469 2517 5538 μὲν
2587 5467 2695 5538 γὰρ
2752 5463 3036 5534 ἁγιάζεται
3109 5466 3200 5520 τοῦ
3253 5462 3538 5534 ἀνθρώπου
3588 5456 3651 5512 τὸ

2083 5562 2316 5630 πνεῦμα,
2352 5561 2505 5613 ῦδατι
2556 5559 2612 5611 δὲ
2675 5557 2741 5610 αὖ
2785 5558 2943 5611 πάλιν
2972 5559 3310 5629 ἡγιασμένη),
3352 5555 3412 5608 τὸ
3466 5552 3646 5631 σῶμα.

462 5723 482 5751 ⁸
521 5725 680 5781 .loau.
718 5743 826 5792 xw,
1029 5733 1047 5762 ⁸
1077 5731 1234 5800 .loan.
1269 5751 1346 5800 ιιι,
1380 5737 1466 5809 51.
1544 5739 1561 5766 ⁷
1596 5737 1635 5816 ιι
1669 5738 1810 5793 Petr.
1848 5756 1885 5805 ι,

2100 5737 2256 5791 Rom.
2282 5752 2352 5797 \‘l,
2388 5735 2460 5799 ι,
2512 5732 2708 5802 Epltcs.
2743 5749 2780 5800 ι,
2810 5734 2863 5790 5.
