4040 6214
324 303 436 360 94⁸3

1371 315 1440 372 ΙΝ
1476 316 2241 380 ιυΑΝΝιδενΑΝϐΕιιυΜ
2281 321 2409 378 LIB.
2454 323 2533 388 ΙΙ.

2983 267 3000 296 Ι

3475 334 3579 392 suo

331 425 538 496 ὐνπερ
571 425 679 496 γὰρ
718 427 920 498 τρόπον
954 429 1014 483 τὸ
1059 433 1116 484 ὲν
1157 437 1268 498 τοῖς
1318 436 1540 509 λέϐησιν
1587 441 1899 512 ἐκχεόμενοι

2013 443 2493 512 vehementi,_v.im
2525 445 2646 515 ejus
2689 447 2928 519 concipit
2961 470 2974 503 :
3009 447 3079 505 ita
3113 449 3354 522 Spiritus
3399 454 3579 508 enica,

324 515 474 588 ὕδωρ
507 521 625 581 ταῖς
647 519 743 572 τοῦ
769 520 940 591 πυρὸς
965 522 1232 594 όμιλῆσαν
1273 528 1481 598 ἀκμαῖς
1516 533 1614 604 τὴν
1647 535 1705 600 ἐξ
1736 533 1900 586 αὑτοῦ

321 607 556 677 δύναμιν
601 608 996 678 ἀναμάττεται,
1031 611 1172 666 οὕτω
1214 614 1300 669 διὰ
1333 619 1429 689 τῆς
1461 619 1553 673 τοῦ
1589 621 1900 692 Πνεύματος

322 698 603 768 ἐνεργείας
632 700 690 752 τὸ
720 701 976 772 αἰσθητὸν
1006 703 1149 776 ὕδωρ
1192 708 1328 777 πρὸς
1362 709 1511 763 Θείαν
1541 713 1661 766 τινὰ
1688 714 1782 768 καὶ
1804 713 1902 785 ἆῤ-

323 794 488 862 ῥητον
534 795 1001 866 ἁναστοιχειοῦται
1046 797 1144 870 [αι.
1193 805 1714 879 μεταστοιχειοῦται]
1751 807 1899 860 δύνα-

324 900 440 950 μιν,
468 881 680 950 ἁγιάζει
705 903 760 939 τε
790 887 975 943 λοιπὸν
1002 891 1128 953 τοὺς
1145 894 1201 944 ὲν
1235 890 1316 957 οἷς
1340 895 1406 948 ἂν
1425 895 1651 964 γένοιτο.

398 974 471 1027 Τὸ
497 977 1016 1046 γεγεννημένονέκ
1039 980 1138 1049 τῆς
1167 987 1413 1052 σαρκὸς,
1444 986 1600 1056 σάρξ
1619 989 1769 1053 ἐστι,
1803 990 1902 1042 καί

319 1065 391 1125 ζύ
440 1067 880 1138 γεγεννημένον
927 1072 996 1126 ἐκ
1048 1074 1152 1127 τοῦ
1205 1078 1552 1147 Πνεύματος
1581 1119 1595 1142 ,
1662 1081 1900 1150 πνεῦμά

315 1157 516 1211 ἐστιν.

406 1250 609 1322 Ἐτέρῳ
646 1253 808 1306 πάλιν
836 1255 998 1308 αὐτὸν
1019 1257 1302 1314 ἀναπείθει
1330 1261 1574 1332 λογισμῷ
1599 1263 1732 1334 πρὸς
1758 1265 1900 1335 aen.

316 1341 548 1414 λοτέραν
574 1345 882 1400 ἀναϐαίνειν
918 1347 1154 1415 σύνεσιν,
1201 1353 1293 1405 καὶ
1323 1357 1696 1426 πνευματικὴν
1739 1357 1902 1410 ἀκού-

315 1451 453 1488 οντα
492 1436 762 1507 γέννησιν,
817 1437 891 1509 μὴ
942 1439 1010 1492 τὰ
1064 1443 1331 1512 σωμάτων
1362 1445 1466 1498 ἴδια
1493 1446 1793 1518 λαμϐάνειν
1822 1451 1902 1514 είς

317 1525 470 1580 νοῦν.
503 1528 706 1600 Ὠσπερ
741 1529 848 1599 γὰρ
867 1531 1103 1604 ἀνάγκη,
1140 1537 1325 1602 φησιν,
1353 1538 1571 1601 πάντως
1597 1535 1736 1593 εἶναι
1768 1541 1900 1611 σάρ-

319 1636 425 1683 κας
453 1619 521 1672 τὰ
559 1621 772 1692 σαρκῶν
795 1625 1132 1694 γεννήματα.
1174 1625 1317 1680 οὕτω
1337 1628 1576 1698 δηλονότι
1613 1632 1704 1685 καὶΙ
1739 1635 1901 1688 πνεύο

321 1726 470 1777 ματα
499 1710 569 1762 τά
593 1712 658 1765 ὲκ
692 1713 1019 1784 πνεύματος.
1058 1712 1152 1780 Οἷς
1179 1717 1234 1770 δὲ
1268 1719 1297 1770 ὁ
1325 1720 1419 1773 τοῦ
1447 1737 1562 1785 πως
1592 1719 1898 1794 είναιλόγος

2003 534 2166 589 citate
2225 536 2506 591 sensibilis
2561 553 2722 608 aqua.
2759 539 2827 594 ad
2885 540 3128 596 divinam
3174 544 3470 613 quamdam
3526 555 3581 600 et

2003 623 2331 679 inetl‘abilem
2379 626 2487 680 vim
2543 627 2990 698 transformatur,
3019 647 3320 703 onmesque
3358 633 3576 689 demum

2003 715 2056 768 in
2081 717 2281 784 quibus
2311 716 2476 778 fuerit
2500 719 2826 776 sanctiﬁcat.
3529 721 3538 726 ’

2073 981 2161 1047 Ill,
2201 984 2252 1037 6.
2298 984 2450 1049 Quod
2481 995 2666 1040 natum
2727 996 2807 1040 est
2857 1002 2923 1040 ea:
2965 1003 3146 1051 carne.
3196 1005 3322 1044 caro
3364 1001 3478 1057 est;
3526 1004 3574 1047 ct

2001 1074 2140 1143 quod
2175 1083 2358 1131 natum
2381 1086 2457 1130 est
2488 1091 2554 1130 ex
2584 1076 2815 1146 Spiritu,
2841 1079 3059 1146 spiritus
3086 1089 3184 1139 est.

2072 1163 2190 1218 Alia
2241 1179 2435 1221 rursus
2471 1166 2684 1223 ratione
2727 1167 2795 1222 ad
2837 1168 3210 1228 sublimiorem
3243 1171 3574 1230 intellectum

2002 1256 2407 1312 ascendentium
2452 1273 2577 1314 esse
2625 1259 2955 1328 persuadet,
3004 1269 3059 1317 et
3089 1261 3219 1317 dum
3270 1265 3574 1335 spiritalem

2001 1347 2403 1415 generationem
2457 1348 2645 1414 audit,
2701 1366 2809 1404 non
2875 1366 2998 1406 esse
3066 1354 3326 1412 continuo
3387 1356 3454 1410 de
3518 1373 3578 1414 re

2001 1435 2539 1505 preprialcorporum
2584 1439 2990 1508 accipiendum.
3047 1441 3116 1503 Ut
3163 1445 3307 1500 enim
3352 1462 3578 1502 necesse

1999 1534 2118 1590 est,
2161 1528 2374 1598 inquit,
2419 1529 2644 1585 omnino
2674 1545 2894 1585 carnem
2941 1548 3064 1588 esse
3107 1535 3252 1605 quod
3303 1551 3371 1591 ex
3414 1553 3578 1595 carne

2000 1620 2265 1690 gignitur,
2317 1621 2392 1674 ita
2440 1622 2604 1676 etiam
2656 1625 2886 1694 spiritus
2917 1640 2980 1680 ea
3011 1642 3132 1696 qua:
3172 1637 3473 1684 nascuntur
3509 1647 3576 1686 ex

2001 1712 2219 1782 spiritu.
2253 1712 2467 1778 Quibus
2507 1722 2691 1769 autem
2733 1715 2956 1772 diversa
3005 1727 3090 1773 est
3131 1719 3384 1774 essentia:
3416 1722 3575 1790 ratio,

316 1799 737 1872 ὲξηλλαγμένος,
772 1804 983 1869 τούτοις
1017 1807 1170 1861 ἔσται
1213 1810 1431 1875 πάντως
1455 1814 1547 1866 καὶ¹
1590 1811 1618 1862 ὁ
1641 1816 1742 1886 τῆς
1771 1788 1896 1886 γένὲ

2003 1803 2116 1858 haec
2133 1803 2324 1875 utique
2338 1807 2714 1875 generationis
2728 1808 2946 1862 modum
2963 1808 3286 1874 habentnon
3301 1812 3574 1868 eumdem.

315 1891 526 1961 νήσεως
560 1893 762 1963 τρόπος
784 1896 883 1966 οὐχ
915 1897 943 1948 ὁ
975 1897 1158 1962 αὑτός.
1199 1901 1395 1955 ’ἰστέον
1434 1903 1492 1957 δὲ
1533 1905 1618 1958 ὅτι
1649 1907 1896 1980 γέννημα

311 1981 413 2042 τοῦ
440 1984 750 2055 πνεύματος
782 1987 844 2041 τὸ
871 1989 966 2042 τοῦ
1003 1990 1290 2062 ἀνθρώπου
1325 1995 1544 2068 πνεῦμά
1568 2016 1770 2070 φαμεν,
1799 2003 1898 2076 οὐχ

311 2077 394 2140 ὡς
418 2077 480 2143 ἐξ
501 2079 668 2134 αὑτοῦ
693 2083 835 2137 κατά
869 2084 1032 2154 φύσιν
1054 2104 1067 2117 ’
1106 2088 1388 2160 ἀμήχανον
1416 2092 1526 2164 γάρ
1548 2110 1561 2124 ·
1593 2094 1707 2149 ἀλλ’
1733 2095 1808 2160 ὡς
1841 2099 1898 2154 ἐν

315 2169 523 2242 πρώτῳ
555 2173 656 2244 μὲν
676 2175 772 2229 καὶ
799 2176 1142 2252 ἀρχαιοτέρῳ
1176 2179 1320 2254 λόγῳ
1366 2185 1508 2240 κατά
1549 2186 1612 2241 τὸ
1638 2187 1704 2242 δι’
1731 2189 1897 2244 αὐτοῦ

311 2261 617 2334 κεκλῆσθαι
655 2266 716 2319 τὸ
755 2267 832 2339 μὴ
877 2269 936 2323 ὃν
978 2272 1059 2335 εἰς
1089 2274 1323 2341 γένεσιν,
1360 2279 1418 2329 ὲν
1443 2277 1500 2333 δὲ
1532 2279 1774 2354 δευτέρῳ
1805 2284 1912 2338 καὶ·

309 2355 678 2425 οίκονομικῶς
722 2359 863 2414 κατά
891 2360 990 2433 τὴν
1021 2363 1089 2417 δι’
1132 2365 1300 2419 αύτοῦ
1331 2369 1468 2439 πρὸς
1490 2369 1622 2424 Θεὸν
1655 2373 1900 2447 ἀναμόρ-

312 2462 512 2513 φωσιν,
539 2448 668 2512 τοὺς
691 2451 922 2516 οἰκείους
959 2456 1092 2523 ἡμῖν
1122 2459 1483 2530 χαρακτῆρας
1529 2462 1897 2533 ὲνθλίδοντος,

309 2539 413 2590 καὶ
465 2541 545 2603 εἰς
604 2541 701 2612 τὴν
761 2543 898 2598 ἰδίαν
949 2545 1139 2619 ὥσπερ
1202 2551 1463 2619 ποιότητα
1510 2555 1612 2626 τὴν
1663 2557 1900 2613 διάνοιαν

313 2633 806 2699 μεταπλάττοντος.
827 2637 982 2692 Οὕτω
1001 2641 1132 2712 γὰρ,
1157 2637 1334 2710 οἶμαι,
1359 2647 1570 2716 νοήσεις
1605 2648 1780 2718 ὀρθῶς
1803 2651 1900 2705 καὶ

309 2723 379 2776 τὸ
398 2724 484 2778 διὰ
537 2725 631 2780 τοῦ
683 2728 890 2784 Παύλου
922 2733 1055 2802 πρός
1078 2751 1228 2798 τινας
1260 2738 1578 2808 εἰρημένον·
1618 2759 1636 2792 ι
1669 2743 1892 2806 Τεκνία,

309 2816 410 2879 οὓς
464 2818 626 2872 πάλιν
663 2819 859 2886 ὠδίνω,
916 2824 1076 2894 ἄχρις
1129 2819 1189 2879 οὗ
1252 2831 1512 2902 μορφωθῇ
1567 2834 1802 2904 Χριστὸς
1841 2838 1900 2891 ἐν

311 2908 470 2976 ὑμῖν.
505 2928 524 2960 ι
562 2911 666 2962 Καὶ
699 2909 866 2966 πάλιν
891 2930 904 2942 ο
937 2931 956 2965 ι
999 2916 1087 2968 Ἑν
1138 2917 1246 2988 γὰρ
1297 2920 1520 2993 Χριστῷ
1576 2923 1751 2994 Ἰησοῦ
1811 2925 1900 2980 διὰ

308 2999 414 3052 τοῦ
441 2999 764 3070 Εύαγγελίου
790 3004 902 3073 ἐγὼ
925 3006 1068 3078 ὑμᾶς
1097 3008 1381 3082 ἐγέννησα.
1413 3030 1457 3064 ι.

2001 1895 2296 1952 Sciendum
2319 1906 2404 1953 est
2421 1913 2550 1953 vero
2575 1915 2678 1955 nos
2694 1901 2949 1970 genimen
2967 1902 3194 1971 spiritus
3209 1903 3390 1959 dicere
3409 1904 3578 1960 homi-

1999 1989 2086 2042 nis
2108 1989 2385 2058 spiritum,
2421 1989 2581 2062 148
2603 2007 2709 2045 non
2733 1992 2890 2062 quasi
2915 2006 2984 2047 ex
3021 1991 3144 2062 ipso
3171 1992 3243 2048 sit
3273 1995 3574 2050 secundum

1999 2087 2253 2133 naturam
2281 2077 2375 2150 (id
2402 2080 2546 2135 enim
2571 2079 2687 2136 fieri
2713 2095 2944 2151 prorsus
2976 2082 3234 2153 nequit),
3273 2082 3366 2138 sed
3400 2083 3575 2153 prima

1998 2171 2219 2243 quidem
2258 2178 2313 2227 et
2355 2171 2746 2243 antiquissima
2784 2174 3018 2239 ratione,
3065 2174 3217 2246 quod
3264 2189 3361 2245 per
3395 2175 3575 2246 ipsum

1999 2259 2258 2326 nimirum
2298 2260 2352 2326 id
2380 2261 2526 2332 quod
2553 2277 2660 2318 non
2689 2270 2826 2327 erat,
2856 2271 3110 2318 vocatum
3159 2266 3234 2321 sit
3278 2265 3334 2320 in
3371 2275 3574 2332 ortum.

1999 2349 2169 2404 altera
2211 2365 2374 2418 vero,
2415 2352 2687 2416 nimirum
2721 2369 2786 2409 ex
2836 2354 3284 2426 dispensatione,
3327 2359 3473 2429 quod
3507 2359 3574 2416 ad

1999 2441 2170 2497 Deum
2215 2442 2582 2502 reformemur
2607 2461 2705 2515 per
2737 2447 2914 2515 ipsum
2939 2486 2952 2510 ,
2997 2447 3127 2508 dum
3159 2448 3363 2505 animai.
3383 2449 3577 2508 chara-

1998 2541 2180 2589 cteres
2207 2533 2656 2602 suosjmprimit,
2679 2543 2734 2588 et
2763 2536 2829 2598 in.
2847 2537 3152 2606 propriam,
3185 2547 3243 2591 ut
3270 2539 3342 2592 ita
3374 2539 3574 2604 dicam,

1997 2624 2316 2694 qualitatem
2371 2633 2607 2680 mentem
2653 2624 3036 2680 transformat.
3088 2625 3182 2680 Sic
3218 2627 3366 2682 enim
3406 2634 3574 2689 recte.

1998 2716 2220 2786 opinor,
2254 2716 2527 2786 intelliges
2567 2717 2734 2773 etiam
2765 2717 2899 2772 illud
2938 2719 3081 2787 quod
3125 2733 3222 2788 per
3250 2718 3474 2772 Paulum
3508 2721 3577 2776 ad

1997 2809 2214 2878 aliquos
2241 2808 2450 2863 dictum
2474 2816 2560 2864 est
2586 2827 2600 2863 :
2630 2826 2648 2860 ι
2685 2807 2888 2874 Filioli,
2916 2825 3054 2880 quos
3084 2811 3278 2868 iterum
3307 2811 3574 2882 parturio,

1997 2900 2172 2955 donec
2206 2899 2475 2954 formetur
2524 2898 2778 2954 Christus
2821 2901 2875 2953 in
2907 2901 3060 2958 vobis
3088 2901 3130 2953 °.
3183 2921 3200 2953 ι
3247 2900 3376 2961 Item
3413 2919 3426 2956 :
3467 2920 3485 2953 ι
3519 2900 3577 2956 Ιιι

1997 2992 2219 3050 Christo
2273 2993 2419 3047 enim
2465 2990 2594 3050 Jesu
2647 3009 2742 3063 per
2793 2993 3149 3065 Evangelium
3193 3009 3296 3065 ego
3338 3010 3437 3050 vos
3479 3010 3577 3066 ge-

2008 3087 2103 3143 nui
2137 3087 2200 3140 “.
2251 3105 2270 3138 ι

381 3173 480 3240 Μὴ
499 3175 815 3245 θαυμάσῃς
846 3178 936 3233 ὅτι
962 3175 1136 3235 εἶπόν
1153 3199 1272 3237 σοι’
1298 3184 1404 3239 Δεῖ
1424 3185 1582 3255 ὑμᾶς
1615 3191 1899 3261 reuma??-

2008 3139 2167 3247 Vill,-
2209 3178 2260 3245 7,
2286 3178 2337 3232 8.
2383 3177 2507 3233 Non
2540 3179 2742 3234 mireris
2768 3180 2894 3251 quia
2940 3181 3055 3235 dixi
3089 3181 3206 3246 tibi,
3239 3181 3455 3251 Oportet
3491 3197 3579 3237 vos

306 3279 411 3316 rat
439 3264 690 3320 ἀνωθεν.
722 3268 793 3322 Τὸ
827 3271 1064 3340 πνεῦμα
1083 3274 1256 3330 ὅπου
1286 3276 1444 3332 θέλει
1472 3281 1628 3345 πνεῖ,
1658 3281 1756 3334 καί
1785 3283 1902 3350 τὴν

307 3355 527 3424 φωνὴν
554 3359 742 3414 αὐτοῦ
766 3361 1026 3429 ἀκούεις,
1066 3366 1209 3420 ἀλλ’
1237 3371 1348 3424 οὐκ
1390 3368 1558 3438 οἶδας
1586 3376 1772 3428 πόθεν
1805 3377 1902 3445 ἕρ-

307 3464 502 3516 χεται,
535 3449 634 3504 καὶ
658 3452 780 3506 ποῦ
802 3453 1018 3525 ὑπάγει
1040 3473 1052 3486 ο
1085 3459 1273 3526 οὕτως
1310 3461 1444 3516 ἐστί
1477 3463 1597 3531 πᾶς
1627 3467 1659 3519 ό
1697 3483 1900 3537 γεγεν-

305 3537 576 3606 νημένος
603 3541 672 3594 ἐκ
703 3542 808 3596 τοῦ
834 3547 1203 3616 Πνεύματος.

396 3631 591 3702 Ἀρετὴ
643 3633 999 3703 διδασκάλου,
1041 3641 1103 3692 τὸ
1147 3643 1413 3708 ποικίλοις
1464 3646 1725 3702 δύνασθαι
1773 3650 1902 3720 μεθ-

303 3720 521 3773 οδεύειν
549 3723 773 3792 τρόποις
814 3728 922 3779 τῶν
953 3729 1322 3802 ἀκροωμένων
1347 3737 1438 3789 τὸν
1487 3737 1630 3803 νοῦν,
1679 3741 1775 3794 καὶ
1813 3741 1902 3796 διὰ

306 3811 526 3903 τεολλῶν
560 3813 696 3868 ἰέναι
742 3815 1134 3889 Θεωρημάτων,
1167 3823 1269 3889 τὰς
1317 3827 1402 3896 ἐφ’
1431 3822 1513 3892 οἷς
1544 3830 1611 3883 ἂν
1640 3832 1901 3903 φαίνηται

304 3902 584 3994 δυσχερὴς
627 3907 655 3958 ὁ
684 3907 840 3975 λόγος
877 3910 1183 3980 ἀποδείξεις
1220 3917 1642 3990 ὲπισωρεύοντα.
1676 3902 1901 3994 Δέχεται

305 3992 491 4045 τοίνυν
517 3995 583 4046 ἐκ
621 3997 1079 4068 παραδειγμάτων
1120 4004 1215 4058 τοῦ
1263 4009 1565 4079 μυστηρίου
1591 4010 1685 4066 τὸν
1708 4013 1899 4077 τύπον,

309 4081 410 4135 καί
465 4101 637 4154 φησι·
672 4087 746 4140 Τὸ
769 4090 986 4160 πνεῦμα
1023 4095 1172 4148 τουτὶ
1195 4095 1256 4149 τὸ
1291 4098 1584 4171 ὲγκόσμιόν
1613 4119 1671 4155 τε
1701 4105 1794 4158 καὶ
1817 4106 1902 4158 ὲν·

307 4172 501 4267 αέριον
541 4182 799 4250 περιπνεῖ
834 4183 932 4252 μὲν
979 4183 1108 4255 ὅλην
1149 4188 1498 4260 οἰκουμένην,
1542 4193 1636 4246 καὶ
1671 4195 1902 4267 ὅποιπερ

309 4264 383 4317 ἂν
405 4264 665 4336 βούληται
715 4269 1031 4343 διαδραμὸν,
1067 4276 1260 4349 κτύπῳ
1303 4279 1452 4351 μόνῳ
1493 4282 1668 4353 παρὸν
1702 4264 1902 4355 σημαίξ

307 4376 484 4426 νεται,
541 4363 638 4416 καὶ
668 4364 1011 4426 διαλανθάνει
1044 4369 1143 4441 μὲν
1180 4372 1273 4426 τὸν
1312 4373 1569 4428 ἁπάντων
1599 4375 1895 4447 ὀφθαλμὸν,

305 4453 510 4525 αὔραις
560 4458 618 4512 δὲ
656 4464 774 4525 τοῖς
826 4461 1043 4533 σώμασι
1086 4465 1444 4531 λεπτοτάταις
1502 4471 1896 4540 προσομιλοῦν,

305 4546 564 4617 αἴσθησίν
592 4567 718 4604 τινα
749 4555 848 4618 τῆς
887 4555 1114 4626 ἐνούσης
1163 4558 1313 4629 αὐτῷ
1354 4564 1592 4632 φυσικῆς
1619 4562 1898 4632 ἐνεργείας

304 4637 518 4707 ἐνίησιν
545 4656 557 4669 ’
583 4639 726 4694 οὕτω
755 4661 846 4711 μοι
875 4644 1006 4708 νόει,
1032 4649 1188 4717 φησι,
1220 4651 1311 4704 καὶ
1339 4650 1436 4720 τὴν
1465 4651 1552 4706 διά
1583 4653 1898 4724 Πνεύματος

307 4728 693 4800 ἀναγέννησιν,
724 4735 787 4791 ἐκ
811 4736 1028 4812 μικρῶν
1041 4739 1497 4811 παραδειγμάτων
1511 4745 1603 4797 ἐπὶ
1627 4745 1695 4798 τὰ
1725 4745 1895 4817 μείζω

307 4819 860 4908 χειραγωγούμενος,
885 4825 980 4877 καὶ
1029 4826 1280 4899 καθάπερ
1315 4831 1374 4883 ὲν
1408 4833 1574 4887 εικόνι
1600 4833 1680 4904 τῷ
1706 4852 1918 4906 παροι-,

310 4907 493 4962 σθέντι
526 4909 671 4982 λόγῳ
707 4914 774 4968 τὰ
799 4907 939 4986 ὑᾶτὲρ
971 4916 1227 4990 αἴσθησιν
1255 4921 1474 4976 ἐννοῶν.

399 5000 711 5070 Ἀπεκρίοη
761 5006 1128 5077 Νικόδημος,
1170 5011 1269 5064 καί
1303 5007 1474 5066 εἶπεν·
1515 5015 1674 5078 αὐτῷ
1699 5032 1711 5044 ⁸
1755 5017 1892 5084 Πῶς

309 5089 561 5175 δύναται
604 5094 788 5175 ταῦτα
811 5097 1087 5167 γενέσθαι
1105 5117 1126 5166 ;
1167 5102 1483 5173 Ἀπεκρίθη
1525 5106 1756 5175 Ἰησοῦς
1787 5109 1888 5162 καὶ

307 5174 478 5231 εἶπεν
503 5181 684 5247 αὐτῷ.
719 5213 723 5217 -
744 5173 765 5191 ’

384 5269 552 5322 Οὐδὲν
570 5273 599 5323 ὁ
635 5275 843 5344 μακρὸς
872 5277 1122 5349 ὠφέλησε
1146 5280 1303 5350 λόγος
1327 5282 1421 5336 τὸν
1452 5284 1512 5336 οὐ
1534 5260 1756 5338 νοοῦντα
1786 5304 1892 5356 μησ-

305 5359 420 5411 δὲν.
448 5359 617 5445 Σξοφὸν
646 5359 740 5415 οὖν
767 5365 960 5435 ἄρατὸ
984 5369 1040 5420 έν
1056 5369 1220 5440 βίϐλῳ
1248 5372 1560 5442 Παροιμιῶν
1586 5374 1891 5445 εἰρημένον,

315 5449 443 5511 «Εἰς
468 5443 580 5502 ὦτα
600 5453 906 5509 ἀκουόντων
932 5457 1079 5512 λάλει
1099 5477 1110 5488 ⁸
1129 5479 1146 5509 ι
1178 5461 1440 5514 καὶτοῦτο
1464 5461 1549 5514 διὰ
1572 5463 1765 5531 πείρας
1776 5462 1902 5531 ἁληο

307 5539 406 5604 Θὲς
431 5539 488 5593 ὃν
519 5541 716 5607 ἔδειξεν
736 5547 988 5622 ὁΣωτὴρ,
1017 5550 1183 5610 τύπον
1210 5553 1340 5622 ἡμῖν
1372 5552 1560 5627 ἑαυτὸν
1589 5554 1690 5606 κάν
1718 5554 1895 5624 τούτῳ

409 5720 428 5748 '
465 5718 642 5774 Calai.
675 5737 748 5787 Iv,
787 5723 864 5779 l9.

2001 3270 2152 3328 nasci
2196 3270 2436 3337 desuper.
2491 3268 2723 3338 Spiritus
2778 3270 2870 3324 ubi
2908 3272 3016 3325 vult
3069 3274 3260 3342 spirat,
3314 3283 3364 3328 et
3408 3289 3579 3328 vocent

1997 3363 2111 3432 ejus
2142 3363 2316 3427 audis,
2345 3361 2434 3416 sed
2481 3363 2650 3417 nescis
2691 3362 2827 3418 unde
2857 3366 3051 3429 veniat,
3097 3375 3190 3419 aut
3230 3383 3332 3434 quo
3375 3366 3580 3421 vadat:

1999 3457 2076 3510 sic
2098 3465 2174 3518 est
2210 3456 2378 3510 omnis
2399 3455 2490 3526 qui
2520 3455 2760 3509 nascitur
2782 3471 2847 3510 ea:
2885 3454 3112 3527 Spiritu.

2069 3643 2321 3704 [lectoris
2357 3645 2530 3699 virtus
2570 3651 2685 3710 est,
2717 3643 2891 3700 variis
2928 3644 3110 3700 modis
3140 3653 3378 3700 tractare
3417 3661 3584 3714 posse

2002 3744 2237 3790 mentem
2293 3736 2646 3803 auditorum,
2702 3738 3001 3806 multisque
3048 3737 3357 3792 rationibus
3398 3751 3579 3792 rerum

2000 3827 2500 3882 demonstrationes
2525 3828 2724 3882 aﬂ'erre
2746 3844 2870 3898 quae
2899 3827 3152 3883 difﬁciles
3184 3839 3468 3898 apparent.
3498 3831 3580 3884 Ab

2000 3916 2270 3984 exemplis
2318 3916 2485 3986 igitur
2530 3918 2780 3988 mysterii
2836 3917 3065 3986 ﬁguram
3114 3919 3291 3988 capit,
3340 3927 3396 3974 et
3452 3920 3575 3974 ait:

2003 4005 2242 4074 Spiritus
2263 4006 2351 4062 hic
2376 4021 2568 4062 aereus
2588 4007 2780 4078 perﬂat
2804 4009 3124 4064 universum
3147 4009 3360 4074 orbem,
3377 4018 3577 4066 etcum

2002 4097 2172 4156 libero
2203 4112 2268 4151 ac
2297 4112 2436 4168 vago
2484 4098 2687 4167 impetu
2713 4097 3008 4163 decurrat,
3057 4099 3176 4154 solo
3227 4099 3412 4154 sonitu
3459 4099 3596 4169 ejus.

2002 4191 2293 4260 praesentia
2351 4190 2766 4260 comprobatur,
2817 4203 2919 4246 nec
2981 4189 3078 4244 ulli
3143 4189 3422 4255 cernitur,
3483 4191 3579 4246 sed

2001 4282 2345 4346 tenuissimis
2406 4283 2558 4336 auris
2619 4281 2950 4351 corporibus
3011 4296 3074 4338 se
3128 4283 3578 4350 communicaris,

2003 4373 2274 4430 naturalis
2318 4381 2373 4428 et
2421 4373 2612 4434 insitae.
2642 4372 2990 4438 eﬁieacitatis
3019 4388 3244 4436 sensum
3287 4375 3580 4444 quemdam

2001 4463 2084 4518 eis
2116 4463 2295 4533 injicit
2331 4481 2344 4518 :
2373 4463 2454 4518 ita
2493 4463 2798 4534 spiritalem
2818 4502 2835 4528 ,
2865 4463 3069 4534 inquit,
3099 4464 3249 4530 illam
3295 4478 3582 4535 regenera-

2006 4551 2210 4604 tionem
2253 4551 2532 4622 intellige,
2571 4567 2603 4606 a
2644 4553 2900 4610 tenuibus
2951 4555 3217 4623 exemplis
3250 4555 3315 4609 ad
3369 4554 3580 4625 majora

2004 4641 2164 4711 quasi
2201 4657 2366 4704 manu
2403 4642 2636 4708 ductus,
2671 4651 2728 4699 et
2783 4644 2952 4698 allato
3006 4644 3160 4704 dicto
3212 4653 3473 4716 tanquam
3527 4650 3580 4701 in

2003 4733 2262 4804 imagine,
2300 4749 2388 4796 res
2427 4750 2550 4806 qua:
2573 4750 2796 4793 sensum
2838 4735 3115 4800 excedunt
3145 4736 3473 4809 intelligens.

2072 4999 2170 5068 Ill,
2199 5001 2252 5056 9.
2295 5001 2584 5073 Respondit
2635 5004 2989 5070 Nicodamus,
3028 5013 3079 5057 et
3126 5004 3264 5060 dixit
3289 5005 3359 5058 .ei
3385 5019 3404 5058 :
3437 5003 3582 5069 Quo-

2003 5092 2156 5148 modo
2221 5104 2441 5162 possunt
2510 5094 2636 5157 Iuro
2678 5095 2846 5162 ﬁeri!
2905 5092 3192 5162 Respondit
3259 5093 3419 5148 Iesus
3447 5137 3460 5161 ,
3530 5106 3578 5149 et

2004 5183 2142 5236 dixit
2179 5185 2248 5237 ei.

2075 5273 2261 5344 Longa
2300 5275 2478 5330 oratio
2532 5275 2669 5330 nihil
2714 5274 2982 5346 profuerit
3035 5275 3362 5348 intelligenti
3417 5277 3575 5331 nihil.

2006 5366 2300 5436 Sapienter
2345 5367 2532 5438 itaque
2581 5365 2635 5420 in
2681 5366 2821 5421 libro
2855 5364 3286 5421 Proverbiorum
3326 5364 3572 5422 dicitur:

2010 5480 2030 5514 ι
2079 5460 2136 5517 In
2163 5477 2330 5518 aures
2361 5460 2700 5516 audientium
2745 5458 2974 5531 loquere
3014 5460 3080 5514 “.
3116 5477 3135 5512 ι
3181 5458 3349 5532 quue
3382 5475 3572 5514 verum

2003 5571 2126 5612 esse
2157 5554 2536 5628 experimento
2573 5551 2829 5608 Salvator
2867 5551 3130 5618 ostendit,
3167 5551 3294 5608 dum
3331 5551 3573 5632 scipsum

990 5729 1030 5759 ¹⁰
1061 5728 1230 5787 Hinc.
1269 5749 1340 5799 ιν,
1389 5734 1469 5786 15.
1551 5735 1589 5766 ¹¹
1625 5734 1782 5790 l’t'uv.
1816 5751 1952 5802 ml,
1987 5724 2070 5790 ΠΣ
