  <div class='ocr_page' id='page_1' title='image "/cluster/home/n/w/nwhite01/storage/ocr_20150623/73/hvd.32044073502023/129.png"; bbox 0 0 4040 6214; ppageno 0'>
   <div class='ocr_carea' id='block_1_1' title="bbox 469 341 574 395">
    <p class='ocr_par' dir='ltr' id='par_1_1' title="bbox 469 341 574 395">
     <span class='ocr_line' id='line_1_1' title="bbox 469 341 574 395; baseline -0.01 0"><span class='ocrx_word' id='word_1_1' title='bbox 469 341 574 395; x_wconf 70' lang='grc'><strong>267</strong></span> 
     </span>
    </p>
   </div>
   <div class='ocr_carea' id='block_1_2' title="bbox 1480 329 2683 388">
    <p class='ocr_par' dir='ltr' id='par_1_2' title="bbox 1480 329 2683 388">
     <span class='ocr_line' id='line_1_2' title="bbox 1480 329 2683 388; baseline -0.002 0"><span class='ocrx_word' id='word_1_2' title='bbox 1480 333 1537 388; x_wconf 89' lang='lat' dir='ltr'><strong>S.</strong></span> <span class='ocrx_word' id='word_1_3' title='bbox 1566 331 1843 386; x_wconf 76' lang='lat' dir='ltr'><strong>CYRILLI</strong></span> <span class='ocrx_word' id='word_1_4' title='bbox 1880 329 2343 386; x_wconf 75' lang='lat' dir='ltr'><strong>ALEXANDBINI</strong></span> <span class='ocrx_word' id='word_1_5' title='bbox 2369 329 2683 386; x_wconf 63' lang='lat' dir='ltr'><strong>AllCHll‘iP.</strong></span> 
     </span>
    </p>
   </div>
   <div class='ocr_carea' id='block_1_3' title="bbox 3599 331 3700 387">
    <p class='ocr_par' dir='ltr' id='par_1_3' title="bbox 3599 331 3700 387">
     <span class='ocr_line' id='line_1_3' title="bbox 3599 331 3700 387; baseline 0 -1"><span class='ocrx_word' id='word_1_6' title='bbox 3599 331 3700 387; x_wconf 67' lang='lat' dir='ltr'><strong>2S8</strong></span> 
     </span>
    </p>
   </div>
   <div class='ocr_carea' id='block_1_4' title="bbox 469 449 2054 530">
    <p class='ocr_par' dir='ltr' id='par_1_4' title="bbox 469 453 2027 530">
     <span class='ocr_line' id='line_1_4' title="bbox 469 453 2027 530; baseline -0.008 -10"><span class='ocrx_word' id='word_1_7' title='bbox 469 465 636 520; x_wconf 86' lang='lat' dir='ltr'><strong>etiam</strong></span> <span class='ocrx_word' id='word_1_8' title='bbox 661 462 751 518; x_wconf 88' lang='lat' dir='ltr'><strong>hic</strong></span> <span class='ocrx_word' id='word_1_9' title='bbox 779 461 937 517; x_wconf 83' lang='lat' dir='ltr'><strong>nobis</strong></span> <span class='ocrx_word' id='word_1_10' title='bbox 957 458 1267 530; x_wconf 84' lang='lat' dir='ltr'><strong>exemplum</strong></span> <span class='ocrx_word' id='word_1_11' title='bbox 1292 456 1440 512; x_wconf 84' lang='lat' dir='ltr'><strong>iecit.</strong></span> <span class='ocrx_word' id='word_1_12' title='bbox 1477 453 1595 510; x_wconf 86' lang='lat' dir='ltr'><strong>Non</strong></span> <span class='ocrx_word' id='word_1_13' title='bbox 1627 456 1825 524; x_wconf 88' lang='lat' dir='ltr'><strong>poterit</strong></span> <span class='ocrx_word' id='word_1_14' title='bbox 1847 463 2027 510; x_wconf 89' lang='lat' dir='ltr'><strong>autem</strong></span> 
     </span>
    </p>
   </div>
   <div class='ocr_carea' id='block_1_5' title="bbox 2141 449 3703 530">
    <p class='ocr_par' dir='ltr' id='par_1_5' title="bbox 2141 449 3703 523">
     <span class='ocr_line' id='line_1_5' title="bbox 2141 449 3703 523; baseline 0 -15"><span class='ocrx_word' id='word_1_15' title='bbox 2141 454 2329 515; x_wconf 76' lang='grc' dir='ltr'>διδούς,</span> <span class='ocrx_word' id='word_1_16' title='bbox 2371 454 2515 517; x_wconf 78' lang='grc' dir='ltr'><strong>’Έξω</strong></span> <span class='ocrx_word' id='word_1_17' title='bbox 2569 454 2626 506; x_wconf 85' lang='grc' dir='ltr'><strong>δὲ</strong></span> <span class='ocrx_word' id='word_1_18' title='bbox 2666 453 2879 515; x_wconf 80' lang='grc' dir='ltr'>πάντως</span> <span class='ocrx_word' id='word_1_19' title='bbox 2921 452 3020 523; x_wconf 80' lang='grc' dir='ltr'><strong>τῆς</strong></span> <span class='ocrx_word' id='word_1_20' title='bbox 3071 453 3163 506; x_wconf 71' lang='grc' dir='ltr'>ἐπὶ</span> <span class='ocrx_word' id='word_1_21' title='bbox 3203 451 3279 522; x_wconf 79' lang='grc' dir='ltr'><strong>τῷ</strong></span> <span class='ocrx_word' id='word_1_22' title='bbox 3338 450 3412 522; x_wconf 82' lang='grc' dir='ltr'>μὴ</span> <span class='ocrx_word' id='word_1_23' title='bbox 3447 449 3703 508; x_wconf 76' lang='grc' dir='ltr'>δύνασθαι</span> 
     </span>
    </p>
   </div>
   <div class='ocr_carea' id='block_1_6' title="bbox 469 547 2034 626">
    <p class='ocr_par' dir='ltr' id='par_1_6' title="bbox 469 547 2034 626">
     <span class='ocr_line' id='line_1_6' title="bbox 469 547 2034 626; baseline -0.007 -15"><span class='ocrx_word' id='word_1_24' title='bbox 469 556 639 626; x_wconf 87' lang='lat' dir='ltr'><strong>objici</strong></span> <span class='ocrx_word' id='word_1_25' title='bbox 686 555 948 624; x_wconf 87' lang='lat' dir='ltr'><strong>magistro</strong></span> <span class='ocrx_word' id='word_1_26' title='bbox 981 553 1159 622; x_wconf 89' lang='lat' dir='ltr'><strong>ipsutn</strong></span> <span class='ocrx_word' id='word_1_27' title='bbox 1204 547 1570 620; x_wconf 85' lang='lat' dir='ltr'><strong>persuadendi</strong></span> <span class='ocrx_word' id='word_1_28' title='bbox 1628 548 1888 603; x_wconf 81' lang='lat' dir='ltr'><strong>facultate</strong></span> <span class='ocrx_word' id='word_1_29' title='bbox 1943 562 2034 602; x_wconf 84' lang='lat' dir='ltr'><strong>ea-</strong></span> 
     </span>
    </p>
   </div>
   <div class='ocr_carea' id='block_1_7' title="bbox 469 638 2035 714">
    <p class='ocr_par' dir='ltr' id='par_1_7' title="bbox 469 638 2035 714">
     <span class='ocr_line' id='line_1_7' title="bbox 469 638 2035 714; baseline -0.006 -12"><span class='ocrx_word' id='word_1_30' title='bbox 469 664 613 713; x_wconf 89' lang='lat' dir='ltr'><strong>rere,</strong></span> <span class='ocrx_word' id='word_1_31' title='bbox 650 647 695 702; x_wconf 88' lang='lat' dir='ltr'><strong>si</strong></span> <span class='ocrx_word' id='word_1_32' title='bbox 753 647 942 700; x_wconf 89' lang='lat' dir='ltr'><strong>doceat</strong></span> <span class='ocrx_word' id='word_1_33' title='bbox 993 658 1117 714; x_wconf 83' lang='lat' dir='ltr'><strong>quae</strong></span> <span class='ocrx_word' id='word_1_34' title='bbox 1169 650 1316 697; x_wconf 88' lang='lat' dir='ltr'><strong>recta</strong></span> <span class='ocrx_word' id='word_1_35' title='bbox 1365 656 1490 696; x_wconf 90' lang='lat' dir='ltr'><strong>esse</strong></span> <span class='ocrx_word' id='word_1_36' title='bbox 1541 649 1730 710; x_wconf 89' lang='lat' dir='ltr'><strong>putet,</strong></span> <span class='ocrx_word' id='word_1_37' title='bbox 1782 638 2035 709; x_wconf 84' lang='lat' dir='ltr'><strong>quamvis</strong></span> 
     </span>
    </p>
   </div>
   <div class='ocr_carea' id='block_1_8' title="bbox 471 729 2034 812">
    <p class='ocr_par' dir='ltr' id='par_1_8' title="bbox 471 729 2034 812">
     <span class='ocr_line' id='line_1_8' title="bbox 471 729 2034 812; baseline -0.01 -16"><span class='ocrx_word' id='word_1_38' title='bbox 471 757 582 812; x_wconf 69' lang='lat' dir='ltr'><strong>pra:</strong></span> <span class='ocrx_word' id='word_1_39' title='bbox 630 738 941 792; x_wconf 88' lang='lat' dir='ltr'><strong>auditorum</strong></span> <span class='ocrx_word' id='word_1_40' title='bbox 982 735 1240 789; x_wconf 85' lang='lat' dir='ltr'><strong>tarditate</strong></span> <span class='ocrx_word' id='word_1_41' title='bbox 1292 733 1428 787; x_wconf 83' lang='lat' dir='ltr'><strong>nihil</strong></span> <span class='ocrx_word' id='word_1_42' title='bbox 1471 731 1745 802; x_wconf 81' lang='lat' dir='ltr'><strong>proﬁciat.</strong></span> <span class='ocrx_word' id='word_1_43' title='bbox 1782 729 2034 798; x_wconf 87' lang='lat' dir='ltr'><strong>Alioquin</strong></span> 
     </span>
    </p>
   </div>
   <div class='ocr_carea' id='block_1_9' title="bbox 467 819 2038 891">
    <p class='ocr_par' dir='ltr' id='par_1_9' title="bbox 467 819 2038 891">
     <span class='ocr_line' id='line_1_9' title="bbox 467 819 2038 891; baseline -0.009 -3"><span class='ocrx_word' id='word_1_44' title='bbox 467 832 632 889; x_wconf 88' lang='lat' dir='ltr'><strong>etiam</strong></span> <span class='ocrx_word' id='word_1_45' title='bbox 703 830 830 882; x_wconf 87' lang='lat' dir='ltr'><strong>hinc</strong></span> <span class='ocrx_word' id='word_1_46' title='bbox 885 827 1148 883; x_wconf 84' lang='lat' dir='ltr'><strong>discimus</strong></span> <span class='ocrx_word' id='word_1_47' title='bbox 1205 823 1502 879; x_wconf 68' lang='lat' dir='ltr'><strong>caecitatem</strong></span> <span class='ocrx_word' id='word_1_48' title='bbox 1547 838 1616 877; x_wconf 88' lang='lat' dir='ltr'><strong>ex</strong></span> <span class='ocrx_word' id='word_1_49' title='bbox 1666 828 1818 891; x_wconf 87' lang='lat' dir='ltr'><strong>parte</strong></span> <span class='ocrx_word' id='word_1_50' title='bbox 1863 819 2038 876; x_wconf 51' lang='lat' dir='ltr'><strong>conti-</strong></span> 
     </span>
    </p>
   </div>
   <div class='ocr_carea' id='block_1_10' title="bbox 469 909 2034 990">
    <p class='ocr_par' dir='ltr' id='par_1_10' title="bbox 469 909 2034 990">
     <span class='ocr_line' id='line_1_10' title="bbox 469 909 2034 990; baseline -0.005 -19"><span class='ocrx_word' id='word_1_51' title='bbox 469 921 614 990; x_wconf 69' lang='lat' dir='ltr'><strong>gissc</strong></span> <span class='ocrx_word' id='word_1_52' title='bbox 674 919 729 971; x_wconf 92' lang='lat' dir='ltr'><strong>in</strong></span> <span class='ocrx_word' id='word_1_53' title='bbox 781 916 949 971; x_wconf 84' lang='lat' dir='ltr'><strong>Israel</strong></span> <span class='ocrx_word' id='word_1_54' title='bbox 1004 934 1018 970; x_wconf 93' lang='lat'><strong>:</strong></span> <span class='ocrx_word' id='word_1_55' title='bbox 1070 933 1088 966; x_wconf 81' lang='grc' dir='ltr'><strong>ι</strong></span> <span class='ocrx_word' id='word_1_56' title='bbox 1138 912 1343 969; x_wconf 84' lang='lat' dir='ltr'><strong>Auditu</strong></span> <span class='ocrx_word' id='word_1_57' title='bbox 1395 911 1540 966; x_wconf 91' lang='lat' dir='ltr'><strong>enim</strong></span> <span class='ocrx_word' id='word_1_58' title='bbox 1589 909 1874 967; x_wconf 82' lang='lat' dir='ltr'><strong>audientes</strong></span> <span class='ocrx_word' id='word_1_59' title='bbox 1928 924 2034 964; x_wconf 93' lang='lat' dir='ltr'><strong>non</strong></span> 
     </span>
    </p>
   </div>
   <div class='ocr_carea' id='block_1_11' title="bbox 468 1009 906 1078">
    <p class='ocr_par' dir='ltr' id='par_1_11' title="bbox 468 1009 906 1078">
     <span class='ocr_line' id='line_1_11' title="bbox 468 1009 906 1078; baseline -0.011 -14"><span class='ocrx_word' id='word_1_60' title='bbox 468 1009 780 1078; x_wconf 86' lang='lat' dir='ltr'><strong>intelligunt</strong></span> <span class='ocrx_word' id='word_1_61' title='bbox 798 1009 860 1060; x_wconf 73' lang='grc' dir='ltr'>η.</span> <span class='ocrx_word' id='word_1_62' title='bbox 889 1027 906 1058; x_wconf 78' lang='grc' dir='ltr'><strong>ι</strong></span> 
     </span>
    </p>
   </div>
   <div class='ocr_carea' id='block_1_12' title="bbox 544 1091 2038 1173">
    <p class='ocr_par' dir='ltr' id='par_1_12' title="bbox 544 1091 2038 1173">
     <span class='ocr_line' id='line_1_12' title="bbox 544 1091 2038 1173; baseline -0.007 -18"><span class='ocrx_word' id='word_1_63' title='bbox 544 1097 832 1173; x_wconf 61' lang='lat'><strong>15,9111,</strong></span> <span class='ocrx_word' id='word_1_64' title='bbox 875 1099 961 1154; x_wconf 71' lang='lat'><strong>10.</strong></span> <span class='ocrx_word' id='word_1_65' title='bbox 1009 1101 1080 1151; x_wconf 86' lang='lat' dir='ltr'><strong>Tu</strong></span> <span class='ocrx_word' id='word_1_66' title='bbox 1125 1113 1179 1151; x_wconf 75' lang='lat' dir='ltr'><strong>es</strong></span> <span class='ocrx_word' id='word_1_67' title='bbox 1220 1096 1467 1166; x_wconf 81' lang='lat' dir='ltr'><strong>magister</strong></span> <span class='ocrx_word' id='word_1_68' title='bbox 1509 1095 1562 1148; x_wconf 82' lang='lat' dir='ltr'><strong>in</strong></span> <span class='ocrx_word' id='word_1_69' title='bbox 1606 1092 1805 1155; x_wconf 78' lang='lat' dir='ltr'><strong>Israel,</strong></span> <span class='ocrx_word' id='word_1_70' title='bbox 1847 1101 1895 1144; x_wconf 84' lang='lat' dir='ltr'><strong>et</strong></span> <span class='ocrx_word' id='word_1_71' title='bbox 1929 1091 2038 1145; x_wconf 59' lang='lat' dir='ltr'><strong>haec</strong></span> 
     </span>
    </p>
   </div>
   <div class='ocr_carea' id='block_1_13' title="bbox 467 1193 726 1262">
    <p class='ocr_par' dir='ltr' id='par_1_13' title="bbox 467 1193 726 1262">
     <span class='ocr_line' id='line_1_13' title="bbox 467 1193 726 1262; baseline 0.004 -17"><span class='ocrx_word' id='word_1_72' title='bbox 467 1193 681 1262; x_wconf 76' lang='lat' dir='ltr'><strong>ignoras</strong></span> <span class='ocrx_word' id='word_1_73' title='bbox 699 1193 726 1246; x_wconf 85' lang='lat'><strong><em>?</em></strong></span> 
     </span>
    </p>
   </div>
   <div class='ocr_carea' id='block_1_14' title="bbox 542 1279 2034 1350">
    <p class='ocr_par' dir='ltr' id='par_1_14' title="bbox 542 1279 2034 1350">
     <span class='ocr_line' id='line_1_14' title="bbox 542 1279 2034 1350; baseline -0.003 -14"><span class='ocrx_word' id='word_1_74' title='bbox 542 1282 618 1337; x_wconf 85' lang='lat' dir='ltr'><strong>Ex</strong></span> <span class='ocrx_word' id='word_1_75' title='bbox 663 1297 774 1338; x_wconf 92' lang='lat' dir='ltr'><strong>uno</strong></span> <span class='ocrx_word' id='word_1_76' title='bbox 824 1281 1080 1338; x_wconf 85' lang='lat' dir='ltr'><strong>Christus</strong></span> <span class='ocrx_word' id='word_1_77' title='bbox 1127 1296 1321 1337; x_wconf 80' lang='lat' dir='ltr'><strong>omnes</strong></span> <span class='ocrx_word' id='word_1_78' title='bbox 1377 1279 1592 1350; x_wconf 87' lang='lat' dir='ltr'><strong>arguit,</strong></span> <span class='ocrx_word' id='word_1_79' title='bbox 1647 1281 2034 1350; x_wconf 82' lang='lat' dir='ltr'><strong>magistmrum</strong></span> 
     </span>
    </p>
   </div>
   <div class='ocr_carea' id='block_1_15' title="bbox 468 1367 2038 1445">
    <p class='ocr_par' dir='ltr' id='par_1_15' title="bbox 468 1367 2038 1445">
     <span class='ocr_line' id='line_1_15' title="bbox 468 1367 2038 1445; baseline -0.006 -16"><span class='ocrx_word' id='word_1_80' title='bbox 468 1373 688 1445; x_wconf 88' lang='lat' dir='ltr'><strong>quidem</strong></span> <span class='ocrx_word' id='word_1_81' title='bbox 712 1373 932 1428; x_wconf 83' lang='lat' dir='ltr'><strong>nomine</strong></span> <span class='ocrx_word' id='word_1_82' title='bbox 957 1381 1206 1438; x_wconf 86' lang='lat' dir='ltr'><strong>ornatos,</strong></span> <span class='ocrx_word' id='word_1_83' title='bbox 1229 1381 1282 1426; x_wconf 89' lang='lat' dir='ltr'><strong>et</strong></span> <span class='ocrx_word' id='word_1_84' title='bbox 1313 1371 1458 1424; x_wconf 87' lang='lat' dir='ltr'><strong>nuda</strong></span> <span class='ocrx_word' id='word_1_85' title='bbox 1489 1369 1748 1440; x_wconf 86' lang='lat' dir='ltr'><strong>opinione</strong></span> <span class='ocrx_word' id='word_1_86' title='bbox 1771 1367 2038 1422; x_wconf 76' lang='lat' dir='ltr'><strong>doctrinae</strong></span> 
     </span>
    </p>
   </div>
   <div class='ocr_carea' id='block_1_16' title="bbox 467 1460 2040 1539">
    <p class='ocr_par' dir='ltr' id='par_1_16' title="bbox 467 1460 2040 1539">
     <span class='ocr_line' id='line_1_16' title="bbox 467 1460 2040 1539; baseline -0.006 -17"><span class='ocrx_word' id='word_1_87' title='bbox 467 1467 662 1539; x_wconf 83' lang='lat' dir='ltr'><strong>legalis</strong></span> <span class='ocrx_word' id='word_1_88' title='bbox 699 1465 1008 1531; x_wconf 87' lang='lat' dir='ltr'><strong>redimitos,</strong></span> <span class='ocrx_word' id='word_1_89' title='bbox 1037 1465 1130 1519; x_wconf 89' lang='lat' dir='ltr'><strong>sed</strong></span> <span class='ocrx_word' id='word_1_90' title='bbox 1159 1472 1306 1517; x_wconf 87' lang='lat' dir='ltr'><strong>tanta</strong></span> <span class='ocrx_word' id='word_1_91' title='bbox 1340 1463 1553 1517; x_wconf 83' lang='lat' dir='ltr'><strong>inscitia</strong></span> <span class='ocrx_word' id='word_1_92' title='bbox 1579 1477 1644 1517; x_wconf 90' lang='lat' dir='ltr'><strong>ac</strong></span> <span class='ocrx_word' id='word_1_93' title='bbox 1673 1469 1897 1532; x_wconf 88' lang='lat' dir='ltr'><strong>stupore</strong></span> <span class='ocrx_word' id='word_1_94' title='bbox 1922 1460 2040 1532; x_wconf 88' lang='lat' dir='ltr'><strong>ple-</strong></span> 
     </span>
    </p>
   </div>
   <div class='ocr_carea' id='block_1_17' title="bbox 470 1553 2034 1625">
    <p class='ocr_par' dir='ltr' id='par_1_17' title="bbox 470 1553 2034 1625">
     <span class='ocr_line' id='line_1_17' title="bbox 470 1553 2034 1625; baseline -0.007 -9"><span class='ocrx_word' id='word_1_95' title='bbox 470 1575 592 1625; x_wconf 90' lang='lat' dir='ltr'><strong>nos,</strong></span> <span class='ocrx_word' id='word_1_96' title='bbox 642 1568 703 1614; x_wconf 84' lang='lat' dir='ltr'><strong>ut</strong></span> <span class='ocrx_word' id='word_1_97' title='bbox 743 1557 881 1613; x_wconf 84' lang='lat' dir='ltr'><strong>nihil</strong></span> <span class='ocrx_word' id='word_1_98' title='bbox 930 1557 1109 1610; x_wconf 80' lang='lat' dir='ltr'><strong>sciant</strong></span> <span class='ocrx_word' id='word_1_99' title='bbox 1154 1571 1348 1610; x_wconf 90' lang='lat' dir='ltr'><strong>eorum</strong></span> <span class='ocrx_word' id='word_1_100' title='bbox 1396 1571 1518 1625; x_wconf 59' lang='lat' dir='ltr'><strong>quae</strong></span> <span class='ocrx_word' id='word_1_101' title='bbox 1569 1555 1714 1610; x_wconf 89' lang='lat' dir='ltr'><strong>seire</strong></span> <span class='ocrx_word' id='word_1_102' title='bbox 1757 1553 2034 1617; x_wconf 90' lang='lat' dir='ltr'><strong>convenit,</strong></span> 
     </span>
    </p>
   </div>
   <div class='ocr_carea' id='block_1_18' title="bbox 471 1643 2033 1718">
    <p class='ocr_par' dir='ltr' id='par_1_18' title="bbox 471 1643 2033 1718">
     <span class='ocr_line' id='line_1_18' title="bbox 471 1643 2033 1718; baseline -0.006 -12"><span class='ocrx_word' id='word_1_103' title='bbox 471 1649 671 1706; x_wconf 88' lang='lat' dir='ltr'><strong>nedum</strong></span> <span class='ocrx_word' id='word_1_104' title='bbox 717 1649 858 1704; x_wconf 90' lang='lat' dir='ltr'><strong>alios</strong></span> <span class='ocrx_word' id='word_1_105' title='bbox 902 1649 1136 1704; x_wconf 86' lang='lat' dir='ltr'><strong>edocere</strong></span> <span class='ocrx_word' id='word_1_106' title='bbox 1184 1655 1410 1718; x_wconf 81' lang='lat' dir='ltr'><strong>queant.</strong></span> <span class='ocrx_word' id='word_1_107' title='bbox 1459 1646 1616 1713; x_wconf 86' lang='lat' dir='ltr'><strong>Quod</strong></span> <span class='ocrx_word' id='word_1_108' title='bbox 1648 1647 1693 1702; x_wconf 90' lang='lat' dir='ltr'><strong>si</strong></span> <span class='ocrx_word' id='word_1_109' title='bbox 1725 1643 2033 1702; x_wconf 86' lang='lat' dir='ltr'><strong>istiusmodi</strong></span> 
     </span>
    </p>
   </div>
   <div class='ocr_carea' id='block_1_19' title="bbox 469 1737 2033 1811">
    <p class='ocr_par' dir='ltr' id='par_1_19' title="bbox 469 1737 2033 1811">
     <span class='ocr_line' id='line_1_19' title="bbox 469 1737 2033 1811; baseline -0.004 -15"><span class='ocrx_word' id='word_1_110' title='bbox 469 1749 557 1796; x_wconf 90' lang='lat' dir='ltr'><strong>est</strong></span> <span class='ocrx_word' id='word_1_111' title='bbox 589 1741 682 1811; x_wconf 90' lang='lat' dir='ltr'><strong>qui</strong></span> <span class='ocrx_word' id='word_1_112' title='bbox 715 1739 874 1795; x_wconf 85' lang='lat' dir='ltr'><strong>docet</strong></span> <span class='ocrx_word' id='word_1_113' title='bbox 896 1741 1058 1802; x_wconf 87' lang='lat' dir='ltr'><strong>alios,</strong></span> <span class='ocrx_word' id='word_1_114' title='bbox 1087 1741 1285 1809; x_wconf 82' lang='lat' dir='ltr'><strong>quales</strong></span> <span class='ocrx_word' id='word_1_115' title='bbox 1313 1739 1527 1795; x_wconf 91' lang='lat' dir='ltr'><strong>demum</strong></span> <span class='ocrx_word' id='word_1_116' title='bbox 1562 1745 1725 1793; x_wconf 90' lang='lat' dir='ltr'><strong>erunt</strong></span> <span class='ocrx_word' id='word_1_117' title='bbox 1754 1737 2033 1807; x_wconf 86' lang='lat' dir='ltr'><strong>discipuli,</strong></span> 
     </span>
    </p>
   </div>
   <div class='ocr_carea' id='block_1_20' title="bbox 2140 535 3701 613">
    <p class='ocr_par' dir='ltr' id='par_1_20' title="bbox 2140 535 3701 613">
     <span class='ocr_line' id='line_1_20' title="bbox 2140 535 3701 613; baseline -0.001 -14"><span class='ocrx_word' id='word_1_118' title='bbox 2140 545 2346 600; x_wconf 88' lang='grc' dir='ltr'>πείθειν</span> <span class='ocrx_word' id='word_1_119' title='bbox 2367 545 2543 609; x_wconf 80' lang='grc' dir='ltr'>αἰτίας</span> <span class='ocrx_word' id='word_1_120' title='bbox 2572 546 2600 597; x_wconf 84' lang='lat'><strong>6</strong></span> <span class='ocrx_word' id='word_1_121' title='bbox 2629 544 2893 597; x_wconf 77' lang='grc' dir='ltr'><strong>διδάσκων</strong></span> <span class='ocrx_word' id='word_1_122' title='bbox 2920 535 3179 607; x_wconf 67' lang='grc' dir='ltr'>κείσεται,</span> <span class='ocrx_word' id='word_1_123' title='bbox 3207 543 3378 612; x_wconf 87' lang='grc' dir='ltr'>λέγων</span> <span class='ocrx_word' id='word_1_124' title='bbox 3416 543 3514 613; x_wconf 79' lang='grc' dir='ltr'>μὲν</span> <span class='ocrx_word' id='word_1_125' title='bbox 3542 543 3701 608; x_wconf 81' lang='grc' dir='ltr'>αὐτὸς</span> 
     </span>
    </p>
   </div>
   <div class='ocr_carea' id='block_1_21' title="bbox 2138 633 3704 706">
    <p class='ocr_par' dir='ltr' id='par_1_21' title="bbox 2138 633 3704 706">
     <span class='ocr_line' id='line_1_21' title="bbox 2138 633 3704 706; baseline 0 -17"><span class='ocrx_word' id='word_1_126' title='bbox 2138 636 2282 706; x_wconf 76' lang='grc' dir='ltr'>ἅπερ</span> <span class='ocrx_word' id='word_1_127' title='bbox 2305 636 2370 688; x_wconf 82' lang='grc' dir='ltr'>ἂν</span> <span class='ocrx_word' id='word_1_128' title='bbox 2400 635 2542 706; x_wconf 87' lang='grc' dir='ltr'>ἔχειν</span> <span class='ocrx_word' id='word_1_129' title='bbox 2583 636 2759 704; x_wconf 82' lang='grc' dir='ltr'>οἴηται</span> <span class='ocrx_word' id='word_1_130' title='bbox 2804 634 3003 699; x_wconf 81' lang='grc' dir='ltr'>καλῶς,</span> <span class='ocrx_word' id='word_1_131' title='bbox 3061 633 3282 702; x_wconf 84' lang='grc' dir='ltr'>ὠφελῶν</span> <span class='ocrx_word' id='word_1_132' title='bbox 3330 635 3387 688; x_wconf 84' lang='grc' dir='ltr'><strong>δὲ</strong></span> <span class='ocrx_word' id='word_1_133' title='bbox 3425 635 3590 706; x_wconf 85' lang='grc' dir='ltr'>μηδὲν</span> <span class='ocrx_word' id='word_1_134' title='bbox 3617 636 3704 690; x_wconf 73' lang='grc' dir='ltr'><strong>διὰ</strong></span> 
     </span>
    </p>
   </div>
   <div class='ocr_carea' id='block_1_22' title="bbox 2138 723 3703 797">
    <p class='ocr_par' dir='ltr' id='par_1_22' title="bbox 2138 723 3703 797">
     <span class='ocr_line' id='line_1_22' title="bbox 2138 723 3703 797; baseline 0.001 -19"><span class='ocrx_word' id='word_1_135' title='bbox 2138 727 2197 778; x_wconf 74' lang='grc' dir='ltr'><strong>τὸ</strong></span> <span class='ocrx_word' id='word_1_136' title='bbox 2247 727 2354 780; x_wconf 84' lang='grc' dir='ltr'>τῶν</span> <span class='ocrx_word' id='word_1_137' title='bbox 2410 726 2772 797; x_wconf 82' lang='grc' dir='ltr'><strong>ἀκροωμένων</strong></span> <span class='ocrx_word' id='word_1_138' title='bbox 2815 724 3105 795; x_wconf 80' lang='grc' dir='ltr'><strong>δυσμαθές.</strong></span> <span class='ocrx_word' id='word_1_139' title='bbox 3163 723 3370 786; x_wconf 83' lang='grc' dir='ltr'>Ἀλλως</span> <span class='ocrx_word' id='word_1_140' title='bbox 3405 742 3464 778; x_wconf 89' lang='grc' dir='ltr'><strong>τε</strong></span> <span class='ocrx_word' id='word_1_141' title='bbox 3495 726 3589 779; x_wconf 72' lang='grc' dir='ltr'><strong>καὶ</strong></span> <span class='ocrx_word' id='word_1_142' title='bbox 3616 726 3703 781; x_wconf 70' lang='grc' dir='ltr'><strong>διὰ</strong></span> 
     </span>
    </p>
   </div>
   <div class='ocr_carea' id='block_1_23' title="bbox 2136 815 3703 887">
    <p class='ocr_par' dir='ltr' id='par_1_23' title="bbox 2136 815 3703 887">
     <span class='ocr_line' id='line_1_23' title="bbox 2136 815 3703 887; baseline -0.001 -17"><span class='ocrx_word' id='word_1_143' title='bbox 2136 817 2323 870; x_wconf 84' lang='grc' dir='ltr'>τούτου</span> <span class='ocrx_word' id='word_1_144' title='bbox 2355 817 2718 887; x_wconf 85' lang='grc' dir='ltr'>μανθάνομεν,</span> <span class='ocrx_word' id='word_1_145' title='bbox 2741 818 2824 870; x_wconf 78' lang='grc' dir='ltr'><strong>ὅτι</strong></span> <span class='ocrx_word' id='word_1_146' title='bbox 2855 817 3110 887; x_wconf 77' lang='grc' dir='ltr'><strong>πώρωσις</strong></span> <span class='ocrx_word' id='word_1_147' title='bbox 3125 816 3347 884; x_wconf 82' lang='grc' dir='ltr'>γέγονεν</span> <span class='ocrx_word' id='word_1_148' title='bbox 3371 817 3479 869; x_wconf 79' lang='grc' dir='ltr'><strong>ἀπὸ</strong></span> <span class='ocrx_word' id='word_1_149' title='bbox 3504 815 3703 887; x_wconf 78' lang='grc' dir='ltr'><strong>μέρους</strong></span> 
     </span>
    </p>
   </div>
   <div class='ocr_carea' id='block_1_24' title="bbox 2136 908 3696 981">
    <p class='ocr_par' dir='ltr' id='par_1_24' title="bbox 2136 908 3696 981">
     <span class='ocr_line' id='line_1_24' title="bbox 2136 908 3696 981; baseline 0.001 -19"><span class='ocrx_word' id='word_1_150' title='bbox 2136 909 2215 980; x_wconf 80' lang='grc' dir='ltr'>τῷ</span> <span class='ocrx_word' id='word_1_151' title='bbox 2247 910 2477 981; x_wconf 80' lang='grc' dir='ltr'>Ἰσραήλ.</span> <span class='ocrx_word' id='word_1_152' title='bbox 2513 927 2532 961; x_wconf 82' lang='grc' dir='ltr'>ι</span> <span class='ocrx_word' id='word_1_153' title='bbox 2598 910 2758 981; x_wconf 75' lang='grc' dir='ltr'><strong>Ἀκοῇ</strong></span> <span class='ocrx_word' id='word_1_154' title='bbox 2803 909 2912 978; x_wconf 85' lang='grc' dir='ltr'><strong>γὰρ</strong></span> <span class='ocrx_word' id='word_1_155' title='bbox 2952 908 3236 974; x_wconf 85' lang='grc' dir='ltr'>ἀκούοντες</span> <span class='ocrx_word' id='word_1_156' title='bbox 3271 909 3331 962; x_wconf 84' lang='grc' dir='ltr'><strong>ού</strong></span> <span class='ocrx_word' id='word_1_157' title='bbox 3375 912 3635 964; x_wconf 80' lang='grc' dir='ltr'>συνιᾶσιν.</span> <span class='ocrx_word' id='word_1_158' title='bbox 3678 930 3696 964; x_wconf 75' lang='grc' dir='ltr'><strong>ι</strong></span> 
     </span>
    </p>
   </div>
   <div class='ocr_carea' id='block_1_25' title="bbox 2209 1083 3701 1154">
    <p class='ocr_par' dir='ltr' id='par_1_25' title="bbox 2209 1083 3701 1154">
     <span class='ocr_line' id='line_1_25' title="bbox 2209 1083 3701 1154; baseline 0.002 -15"><span class='ocrx_word' id='word_1_159' title='bbox 2209 1088 2293 1139; x_wconf 86' lang='grc' dir='ltr'><strong>Σὺ</strong></span> <span class='ocrx_word' id='word_1_160' title='bbox 2326 1083 2382 1139; x_wconf 81' lang='grc' dir='ltr'>εἷ</span> <span class='ocrx_word' id='word_1_161' title='bbox 2409 1089 2441 1140; x_wconf 82' lang='grc' dir='ltr'><strong>ό</strong></span> <span class='ocrx_word' id='word_1_162' title='bbox 2465 1085 2831 1150; x_wconf 71' lang='grc' dir='ltr'>διδάσκαλος</span> <span class='ocrx_word' id='word_1_163' title='bbox 2876 1084 2978 1139; x_wconf 87' lang='grc' dir='ltr'><strong>τοῦ</strong></span> <span class='ocrx_word' id='word_1_164' title='bbox 3019 1085 3276 1154; x_wconf 72' lang='grc' dir='ltr'>Ἰσραὴλ,</span> <span class='ocrx_word' id='word_1_165' title='bbox 3301 1085 3398 1140; x_wconf 79' lang='grc' dir='ltr'><strong>καί</strong></span> <span class='ocrx_word' id='word_1_166' title='bbox 3426 1086 3610 1141; x_wconf 81' lang='grc' dir='ltr'>ταῦτα</span> <span class='ocrx_word' id='word_1_167' title='bbox 3629 1089 3701 1142; x_wconf 86' lang='grc' dir='ltr'>οὐ</span> 
     </span>
    </p>
   </div>
   <div class='ocr_carea' id='block_1_26' title="bbox 2138 1177 2488 1248">
    <p class='ocr_par' dir='ltr' id='par_1_26' title="bbox 2138 1177 2488 1248">
     <span class='ocr_line' id='line_1_26' title="bbox 2138 1177 2488 1248; baseline 0.006 -18"><span class='ocrx_word' id='word_1_168' title='bbox 2138 1177 2448 1248; x_wconf 72' lang='grc' dir='ltr'>γινώσκεις</span> <span class='ocrx_word' id='word_1_169' title='bbox 2469 1195 2488 1242; x_wconf 86' lang='grc'><strong><em>;</em></strong></span> 
     </span>
    </p>
   </div>
   <div class='ocr_carea' id='block_1_27' title="bbox 2222 1267 3702 1341">
    <p class='ocr_par' dir='ltr' id='par_1_27' title="bbox 2222 1267 3702 1341">
     <span class='ocr_line' id='line_1_27' title="bbox 2222 1267 3702 1341; baseline 0 -20"><span class='ocrx_word' id='word_1_170' title='bbox 2222 1268 2309 1335; x_wconf 79' lang='grc' dir='ltr'>Ἐξ</span> <span class='ocrx_word' id='word_1_171' title='bbox 2332 1271 2447 1333; x_wconf 83' lang='grc' dir='ltr'>ἐνὸς</span> <span class='ocrx_word' id='word_1_172' title='bbox 2507 1270 2751 1334; x_wconf 74' lang='grc' dir='ltr'>ἅπαντας</span> <span class='ocrx_word' id='word_1_173' title='bbox 2803 1270 3015 1340; x_wconf 78' lang='grc' dir='ltr'><strong>ἐλέγχει</strong></span> <span class='ocrx_word' id='word_1_174' title='bbox 3058 1269 3310 1341; x_wconf 81' lang='grc' dir='ltr'>Χριστὸς,</span> <span class='ocrx_word' id='word_1_175' title='bbox 3340 1267 3562 1340; x_wconf 85' lang='grc' dir='ltr'>ὀνόματι</span> <span class='ocrx_word' id='word_1_176' title='bbox 3604 1269 3702 1339; x_wconf 77' lang='grc' dir='ltr'><strong>μὲν</strong></span> 
     </span>
    </p>
   </div>
   <div class='ocr_carea' id='block_1_28' title="bbox 2136 1358 3701 1432">
    <p class='ocr_par' dir='ltr' id='par_1_28' title="bbox 2136 1358 3701 1432">
     <span class='ocr_line' id='line_1_28' title="bbox 2136 1358 3701 1432; baseline 0.002 -23"><span class='ocrx_word' id='word_1_177' title='bbox 2136 1358 2214 1427; x_wconf 84' lang='grc' dir='ltr'><strong>τῷ</strong></span> <span class='ocrx_word' id='word_1_178' title='bbox 2271 1358 2632 1429; x_wconf 88' lang='grc' dir='ltr'>διδασκαλικῷ</span> <span class='ocrx_word' id='word_1_179' title='bbox 2670 1361 3172 1432; x_wconf 83' lang='grc' dir='ltr'>περιηνθισμένους,</span> <span class='ocrx_word' id='word_1_180' title='bbox 3208 1360 3303 1413; x_wconf 73' lang='grc' dir='ltr'>καὶ</span> <span class='ocrx_word' id='word_1_181' title='bbox 3339 1359 3701 1429; x_wconf 85' lang='grc' dir='ltr'>νομομαθείας</span> 
     </span>
    </p>
   </div>
   <div class='ocr_carea' id='block_1_29' title="bbox 2139 1451 3699 1524">
    <p class='ocr_par' dir='ltr' id='par_1_29' title="bbox 2139 1451 3699 1524">
     <span class='ocr_line' id='line_1_29' title="bbox 2139 1451 3699 1524; baseline -0.001 -20"><span class='ocrx_word' id='word_1_182' title='bbox 2139 1451 2404 1520; x_wconf 75' lang='grc' dir='ltr'>ὑπόληψιν</span> <span class='ocrx_word' id='word_1_183' title='bbox 2467 1453 2872 1523; x_wconf 75' lang='grc' dir='ltr'><strong>ἠμφιεσμένους</strong></span> <span class='ocrx_word' id='word_1_184' title='bbox 2939 1453 3172 1524; x_wconf 80' lang='grc' dir='ltr'>γυμνὴν,</span> <span class='ocrx_word' id='word_1_185' title='bbox 3241 1451 3590 1514; x_wconf 74' lang='grc' dir='ltr'>ἀπαιδευσίας</span> <span class='ocrx_word' id='word_1_186' title='bbox 3644 1451 3699 1503; x_wconf 73' lang='grc' dir='ltr'>δὲ</span> 
     </span>
    </p>
   </div>
   <div class='ocr_carea' id='block_1_30' title="bbox 2136 1541 3698 1615">
    <p class='ocr_par' dir='ltr' id='par_1_30' title="bbox 2136 1541 3698 1615">
     <span class='ocr_line' id='line_1_30' title="bbox 2136 1541 3698 1615; baseline 0 -21"><span class='ocrx_word' id='word_1_187' title='bbox 2136 1541 2419 1595; x_wconf 78' lang='grc' dir='ltr'>ἀνάπλεων</span> <span class='ocrx_word' id='word_1_188' title='bbox 2444 1542 2738 1615; x_wconf 71' lang='grc' dir='ltr'>φοροῦντας</span> <span class='ocrx_word' id='word_1_189' title='bbox 2771 1543 2863 1596; x_wconf 77' lang='grc' dir='ltr'><strong>τὸν</strong></span> <span class='ocrx_word' id='word_1_190' title='bbox 2891 1541 3037 1607; x_wconf 83' lang='grc' dir='ltr'>νοῦν,</span> <span class='ocrx_word' id='word_1_191' title='bbox 3077 1542 3170 1596; x_wconf 78' lang='grc' dir='ltr'>καὶ</span> <span class='ocrx_word' id='word_1_192' title='bbox 3197 1541 3434 1595; x_wconf 76' lang='grc' dir='ltr'>συνιέναι</span> <span class='ocrx_word' id='word_1_193' title='bbox 3468 1541 3698 1612; x_wconf 87' lang='grc' dir='ltr'>δυναμέ-</span> 
     </span>
    </p>
   </div>
   <div class='ocr_carea' id='block_1_31' title="bbox 2137 1629 3698 1701">
    <p class='ocr_par' dir='ltr' id='par_1_31' title="bbox 2137 1629 3698 1701">
     <span class='ocr_line' id='line_1_31' title="bbox 2137 1629 3698 1701; baseline -0.001 -19"><span class='ocrx_word' id='word_1_194' title='bbox 2137 1646 2260 1693; x_wconf 83' lang='grc' dir='ltr'>νους</span> <span class='ocrx_word' id='word_1_195' title='bbox 2281 1630 2434 1683; x_wconf 80' lang='grc' dir='ltr'>οὐδὲν</span> <span class='ocrx_word' id='word_1_196' title='bbox 2463 1630 2571 1683; x_wconf 87' lang='grc' dir='ltr'><strong>τῶν</strong></span> <span class='ocrx_word' id='word_1_197' title='bbox 2600 1631 2808 1700; x_wconf 82' lang='grc' dir='ltr'>ὅσαπερ</span> <span class='ocrx_word' id='word_1_198' title='bbox 2851 1631 3047 1694; x_wconf 76' lang='grc' dir='ltr'>αὐτοὺς</span> <span class='ocrx_word' id='word_1_199' title='bbox 3083 1631 3180 1701; x_wconf 79' lang='grc' dir='ltr'>οὐχ</span> <span class='ocrx_word' id='word_1_200' title='bbox 3205 1632 3349 1693; x_wconf 84' lang='grc' dir='ltr'>ὅπως</span> <span class='ocrx_word' id='word_1_201' title='bbox 3392 1629 3556 1700; x_wconf 81' lang='grc' dir='ltr'>ἐχρῆν</span> <span class='ocrx_word' id='word_1_202' title='bbox 3581 1630 3698 1683; x_wconf 84' lang='grc' dir='ltr'>ἐπί-</span> 
     </span>
    </p>
   </div>
   <div class='ocr_carea' id='block_1_32' title="bbox 2141 1721 3701 1801">
    <p class='ocr_par' dir='ltr' id='par_1_32' title="bbox 2141 1721 3701 1801">
     <span class='ocr_line' id='line_1_32' title="bbox 2141 1721 3701 1801; baseline -0.001 -26"><span class='ocrx_word' id='word_1_203' title='bbox 2141 1722 2364 1801; x_wconf 87' lang='grc' dir='ltr'>στασθαι</span> <span class='ocrx_word' id='word_1_204' title='bbox 2388 1722 2568 1793; x_wconf 86' lang='grc' dir='ltr'>μόνον,</span> <span class='ocrx_word' id='word_1_205' title='bbox 2594 1723 2706 1776; x_wconf 81' lang='grc' dir='ltr'>ἀλλ’</span> <span class='ocrx_word' id='word_1_206' title='bbox 2737 1723 2836 1794; x_wconf 77' lang='grc' dir='ltr'><strong>ῆδη</strong></span> <span class='ocrx_word' id='word_1_207' title='bbox 2875 1723 3136 1777; x_wconf 91' lang='grc' dir='ltr'>δύνασθαι</span> <span class='ocrx_word' id='word_1_208' title='bbox 3172 1724 3265 1777; x_wconf 75' lang='grc' dir='ltr'>καὶ</span> <span class='ocrx_word' id='word_1_209' title='bbox 3295 1722 3562 1776; x_wconf 76' lang='grc' dir='ltr'>διδάσκειν</span> <span class='ocrx_word' id='word_1_210' title='bbox 3588 1721 3701 1774; x_wconf 82' lang='grc' dir='ltr'>ἐτέ-</span> 
     </span>
    </p>
   </div>
   <div class='ocr_carea' id='block_1_33' title="bbox 469 1803 2054 1900">
    <p class='ocr_par' dir='ltr' id='par_1_33' title="bbox 469 1831 2031 1900">
     <span class='ocr_line' id='line_1_33' title="bbox 469 1831 2031 1900; baseline -0.002 -14"><span class='ocrx_word' id='word_1_211' title='bbox 469 1846 594 1886; x_wconf 90' lang='lat' dir='ltr'><strong>cum</strong></span> <span class='ocrx_word' id='word_1_212' title='bbox 638 1831 964 1900; x_wconf 84' lang='lat' dir='ltr'><strong>discipulus,</strong></span> <span class='ocrx_word' id='word_1_213' title='bbox 994 1831 1148 1899; x_wconf 84' lang='lat' dir='ltr'><strong>juxta</strong></span> <span class='ocrx_word' id='word_1_214' title='bbox 1179 1831 1481 1885; x_wconf 85' lang='lat' dir='ltr'><strong>Salvatoris</strong></span> <span class='ocrx_word' id='word_1_215' title='bbox 1520 1831 1875 1893; x_wconf 88' lang='lat' dir='ltr'><strong>sententiam,</strong></span> <span class='ocrx_word' id='word_1_216' title='bbox 1920 1844 2031 1884; x_wconf 91' lang='lat' dir='ltr'><strong>non</strong></span> 
     </span>
    </p>
   </div>
   <div class='ocr_carea' id='block_1_34' title="bbox 2141 1803 3703 1900">
    <p class='ocr_par' dir='ltr' id='par_1_34' title="bbox 2141 1803 3703 1886">
     <span class='ocr_line' id='line_1_34' title="bbox 2141 1803 3703 1886; baseline -0.001 -19"><span class='ocrx_word' id='word_1_217' title='bbox 2141 1809 2280 1886; x_wconf 60' lang='grc' dir='ltr'>ρούς.</span> <span class='ocrx_word' id='word_1_218' title='bbox 2307 1815 2370 1867; x_wconf 83' lang='lat' dir='ltr'><strong>El</strong></span> <span class='ocrx_word' id='word_1_219' title='bbox 2392 1814 2446 1867; x_wconf 72' lang='grc' dir='ltr'><strong>δὲ</strong></span> <span class='ocrx_word' id='word_1_220' title='bbox 2476 1816 2504 1868; x_wconf 98' lang='lat'><strong>6</strong></span> <span class='ocrx_word' id='word_1_221' title='bbox 2533 1814 2805 1868; x_wconf 82' lang='grc' dir='ltr'><strong>παιδεύων</strong></span> <span class='ocrx_word' id='word_1_222' title='bbox 2828 1816 2886 1867; x_wconf 87' lang='grc' dir='ltr'><strong>ἐν</strong></span> <span class='ocrx_word' id='word_1_223' title='bbox 2907 1803 3138 1878; x_wconf 76' lang='grc' dir='ltr'>τούτοις,</span> <span class='ocrx_word' id='word_1_224' title='bbox 3169 1816 3226 1868; x_wconf 86' lang='grc' dir='ltr'><strong>ἐν</strong></span> <span class='ocrx_word' id='word_1_225' title='bbox 3248 1815 3390 1867; x_wconf 88' lang='grc' dir='ltr'>τίσιν</span> <span class='ocrx_word' id='word_1_226' title='bbox 3407 1813 3436 1865; x_wconf 91' lang='lat'><strong>6</strong></span> <span class='ocrx_word' id='word_1_227' title='bbox 3465 1813 3703 1867; x_wconf 85' lang='grc' dir='ltr'>παιδευό-</span> 
     </span>
    </p>
   </div>
   <div class='ocr_carea' id='block_1_35' title="bbox 469 1921 2034 1992">
    <p class='ocr_par' dir='ltr' id='par_1_35' title="bbox 469 1921 2034 1992">
     <span class='ocr_line' id='line_1_35' title="bbox 469 1921 2034 1992; baseline -0.001 -14"><span class='ocrx_word' id='word_1_228' title='bbox 469 1923 542 1978; x_wconf 82' lang='lat' dir='ltr'><strong>sit</strong></span> <span class='ocrx_word' id='word_1_229' title='bbox 588 1921 852 1992; x_wconf 89' lang='lat' dir='ltr'><strong>magistro</strong></span> <span class='ocrx_word' id='word_1_230' title='bbox 903 1923 1247 1990; x_wconf 67' lang='lat' dir='ltr'><strong>superior‘h</strong></span> <span class='ocrx_word' id='word_1_231' title='bbox 1289 1922 1404 1976; x_wconf 87' lang='lat' dir='ltr'><strong>Non</strong></span> <span class='ocrx_word' id='word_1_232' title='bbox 1460 1930 1544 1977; x_wconf 89' lang='lat' dir='ltr'><strong>est</strong></span> <span class='ocrx_word' id='word_1_233' title='bbox 1595 1922 1780 1986; x_wconf 91' lang='lat' dir='ltr'><strong>enim,</strong></span> <span class='ocrx_word' id='word_1_234' title='bbox 1832 1921 2034 1992; x_wconf 88' lang='lat' dir='ltr'><strong>inquit,</strong></span> 
     </span>
    </p>
   </div>
   <div class='ocr_carea' id='block_1_36' title="bbox 470 2011 2034 2084">
    <p class='ocr_par' dir='ltr' id='par_1_36' title="bbox 470 2011 2034 2084">
     <span class='ocr_line' id='line_1_36' title="bbox 470 2011 2034 2084; baseline -0.001 -17"><span class='ocrx_word' id='word_1_235' title='bbox 470 2011 774 2084; x_wconf 90' lang='lat' dir='ltr'><strong>discipulus</strong></span> <span class='ocrx_word' id='word_1_236' title='bbox 801 2027 963 2084; x_wconf 89' lang='lat' dir='ltr'><strong>supra</strong></span> <span class='ocrx_word' id='word_1_237' title='bbox 993 2013 1312 2082; x_wconf 83' lang='lat' dir='ltr'><strong>magistrum</strong></span> <span class='ocrx_word' id='word_1_238' title='bbox 1345 2027 1506 2067; x_wconf 86' lang='lat' dir='ltr'><strong>suum</strong></span> <span class='ocrx_word' id='word_1_239' title='bbox 1535 2013 1598 2064; x_wconf 80' lang='lat'><strong>&quot;.</strong></span> <span class='ocrx_word' id='word_1_240' title='bbox 1639 2031 1657 2064; x_wconf 74' lang='grc' dir='ltr'><strong>ι</strong></span> <span class='ocrx_word' id='word_1_241' title='bbox 1693 2011 1828 2066; x_wconf 88' lang='lat' dir='ltr'><strong>Cum</strong></span> <span class='ocrx_word' id='word_1_242' title='bbox 1852 2019 2034 2066; x_wconf 90' lang='lat' dir='ltr'><strong>autem</strong></span> 
     </span>
    </p>
   </div>
   <div class='ocr_carea' id='block_1_37' title="bbox 471 2102 2034 2174">
    <p class='ocr_par' dir='ltr' id='par_1_37' title="bbox 471 2102 2034 2174">
     <span class='ocr_line' id='line_1_37' title="bbox 471 2102 2034 2174; baseline 0 -16"><span class='ocrx_word' id='word_1_243' title='bbox 471 2103 524 2158; x_wconf 90' lang='lat' dir='ltr'><strong>in</strong></span> <span class='ocrx_word' id='word_1_244' title='bbox 578 2111 731 2158; x_wconf 88' lang='lat' dir='ltr'><strong>tanta</strong></span> <span class='ocrx_word' id='word_1_245' title='bbox 780 2109 1070 2158; x_wconf 73' lang='lat' dir='ltr'><strong>versentur</strong></span> <span class='ocrx_word' id='word_1_246' title='bbox 1117 2103 1444 2174; x_wconf 77' lang='lat' dir='ltr'><strong>ignorantia,</strong></span> <span class='ocrx_word' id='word_1_247' title='bbox 1481 2118 1608 2158; x_wconf 83' lang='lat' dir='ltr'><strong>vere</strong></span> <span class='ocrx_word' id='word_1_248' title='bbox 1647 2102 1903 2158; x_wconf 84' lang='lat' dir='ltr'><strong>Christus</strong></span> <span class='ocrx_word' id='word_1_249' title='bbox 1937 2118 2034 2159; x_wconf 91' lang='lat' dir='ltr'><strong>eos</strong></span> 
     </span>
    </p>
   </div>
   <div class='ocr_carea' id='block_1_38' title="bbox 471 2178 2037 2266">
    <p class='ocr_par' dir='ltr' id='par_1_38' title="bbox 471 2178 2037 2266">
     <span class='ocr_line' id='line_1_38' title="bbox 471 2178 2037 2266; baseline -0.001 -16"><span class='ocrx_word' id='word_1_250' title='bbox 471 2193 742 2266; x_wconf 89' lang='lat' dir='ltr'><strong>sepulcris</strong></span> <span class='ocrx_word' id='word_1_251' title='bbox 783 2194 1054 2250; x_wconf 86' lang='lat' dir='ltr'><strong>dealhatis</strong></span> <span class='ocrx_word' id='word_1_252' title='bbox 1093 2195 1302 2249; x_wconf 81' lang='lat' dir='ltr'><strong>similes</strong></span> <span class='ocrx_word' id='word_1_253' title='bbox 1327 2178 1454 2249; x_wconf 70' lang='lat' dir='ltr'><strong>esse</strong></span> <span class='ocrx_word' id='word_1_254' title='bbox 1485 2193 1621 2248; x_wconf 90' lang='lat' dir='ltr'><strong>dicit</strong></span> <span class='ocrx_word' id='word_1_255' title='bbox 1657 2195 1755 2248; x_wconf 70' lang='grc' dir='ltr'>ιδ’.</span> <span class='ocrx_word' id='word_1_256' title='bbox 1813 2193 1880 2248; x_wconf 82' lang='lat' dir='ltr'><strong>Et</strong></span> <span class='ocrx_word' id='word_1_257' title='bbox 1902 2194 2037 2249; x_wconf 88' lang='lat' dir='ltr'><strong>scite</strong></span> 
     </span>
    </p>
   </div>
   <div class='ocr_carea' id='block_1_39' title="bbox 471 2271 2034 2357">
    <p class='ocr_par' dir='ltr' id='par_1_39' title="bbox 471 2271 2034 2357">
     <span class='ocr_line' id='line_1_39' title="bbox 471 2271 2034 2357; baseline 0.003 -20"><span class='ocrx_word' id='word_1_258' title='bbox 471 2301 691 2357; x_wconf 87' lang='lat' dir='ltr'><strong>quoque</strong></span> <span class='ocrx_word' id='word_1_259' title='bbox 733 2271 935 2340; x_wconf 77' lang='lat' dir='ltr'><strong>Paulus</strong></span> <span class='ocrx_word' id='word_1_260' title='bbox 973 2285 1038 2340; x_wconf 87' lang='lat' dir='ltr'><strong>ad</strong></span> <span class='ocrx_word' id='word_1_261' title='bbox 1086 2283 1413 2340; x_wconf 70' lang='lat' dir='ltr'><strong>Judtnorum&#39;</strong></span> <span class='ocrx_word' id='word_1_262' title='bbox 1441 2285 1744 2355; x_wconf 87' lang='lat' dir='ltr'><strong>principem</strong></span> <span class='ocrx_word' id='word_1_263' title='bbox 1790 2308 1802 2341; x_wconf 92' lang='lat'><strong>:</strong></span> <span class='ocrx_word' id='word_1_264' title='bbox 1844 2305 1863 2338; x_wconf 79' lang='grc' dir='ltr'><strong>ι</strong></span> <span class='ocrx_word' id='word_1_265' title='bbox 1900 2284 2034 2341; x_wconf 76' lang='lat' dir='ltr'><strong>Pcr-</strong></span> 
     </span>
    </p>
   </div>
   <div class='ocr_carea' id='block_1_40' title="bbox 472 2373 1579 2462">
    <p class='ocr_par' dir='ltr' id='par_1_40' title="bbox 472 2373 1579 2462">
     <span class='ocr_line' id='line_1_40' title="bbox 472 2373 1579 2462; baseline -0.004 -32"><span class='ocrx_word' id='word_1_266' title='bbox 472 2375 645 2462; x_wconf 37' lang='lat' dir='ltr'><strong>cutie‘t</strong></span> <span class='ocrx_word' id='word_1_267' title='bbox 672 2382 726 2430; x_wconf 92' lang='lat' dir='ltr'><strong>te</strong></span> <span class='ocrx_word' id='word_1_268' title='bbox 758 2373 924 2441; x_wconf 88' lang='lat' dir='ltr'><strong>Deus,</strong></span> <span class='ocrx_word' id='word_1_269' title='bbox 959 2377 1140 2447; x_wconf 85' lang='lat' dir='ltr'><strong>paries</strong></span> <span class='ocrx_word' id='word_1_270' title='bbox 1168 2374 1420 2430; x_wconf 85' lang='lat' dir='ltr'><strong>dealbate</strong></span> <span class='ocrx_word' id='word_1_271' title='bbox 1453 2375 1516 2427; x_wconf 76' lang='grc'><strong>¹⁶.</strong></span> <span class='ocrx_word' id='word_1_272' title='bbox 1560 2395 1579 2426; x_wconf 78' lang='grc' dir='ltr'><strong>ι</strong></span> 
     </span>
    </p>
   </div>
   <div class='ocr_carea' id='block_1_41' title="bbox 540 2629 2036 2704">
    <p class='ocr_par' dir='ltr' id='par_1_41' title="bbox 540 2629 2036 2704">
     <span class='ocr_line' id='line_1_41' title="bbox 540 2629 2036 2704; baseline 0.001 -20"><span class='ocrx_word' id='word_1_273' title='bbox 540 2629 631 2697; x_wconf 85' lang='grc' dir='ltr'>ΠΙ,</span> <span class='ocrx_word' id='word_1_274' title='bbox 673 2631 757 2686; x_wconf 78' lang='lat' dir='ltr'><strong>li.</strong></span> <span class='ocrx_word' id='word_1_275' title='bbox 798 2631 984 2696; x_wconf 75' lang='lat' dir='ltr'><strong>Amen,</strong></span> <span class='ocrx_word' id='word_1_276' title='bbox 1017 2649 1166 2686; x_wconf 81' lang='lat' dir='ltr'><strong>amen</strong></span> <span class='ocrx_word' id='word_1_277' title='bbox 1191 2633 1310 2688; x_wconf 82' lang='lat' dir='ltr'><strong>dico</strong></span> <span class='ocrx_word' id='word_1_278' title='bbox 1342 2632 1459 2698; x_wconf 83' lang='lat' dir='ltr'><strong>tibi,</strong></span> <span class='ocrx_word' id='word_1_279' title='bbox 1500 2634 1627 2704; x_wconf 81' lang='lat' dir='ltr'><strong>quia</strong></span> <span class='ocrx_word' id='word_1_280' title='bbox 1659 2633 1803 2704; x_wconf 78' lang='lat' dir='ltr'><strong>quod</strong></span> <span class='ocrx_word' id='word_1_281' title='bbox 1839 2633 2036 2686; x_wconf 74' lang='lat' dir='ltr'><strong>scimus</strong></span> 
     </span>
    </p>
   </div>
   <div class='ocr_carea' id='block_1_42' title="bbox 471 2722 1569 2796">
    <p class='ocr_par' dir='ltr' id='par_1_42' title="bbox 471 2722 1569 2796">
     <span class='ocr_line' id='line_1_42' title="bbox 471 2722 1569 2796; baseline 0.004 -20"><span class='ocrx_word' id='word_1_282' title='bbox 471 2722 756 2793; x_wconf 79' lang='lat' dir='ltr'><strong>loquimur,</strong></span> <span class='ocrx_word' id='word_1_283' title='bbox 791 2741 842 2780; x_wconf 76' lang='lat' dir='ltr'><strong>et</strong></span> <span class='ocrx_word' id='word_1_284' title='bbox 866 2725 1007 2796; x_wconf 80' lang='lat' dir='ltr'><strong>quod</strong></span> <span class='ocrx_word' id='word_1_285' title='bbox 1033 2726 1258 2781; x_wconf 76' lang='lat' dir='ltr'><strong>vidimus</strong></span> <span class='ocrx_word' id='word_1_286' title='bbox 1289 2735 1569 2780; x_wconf 77' lang='lat' dir='ltr'><strong>testamur.</strong></span> 
     </span>
    </p>
   </div>
   <div class='ocr_carea' id='block_1_43' title="bbox 546 2817 2037 2890">
    <p class='ocr_par' dir='ltr' id='par_1_43' title="bbox 546 2817 2037 2890">
     <span class='ocr_line' id='line_1_43' title="bbox 546 2817 2037 2890; baseline 0.001 -20"><span class='ocrx_word' id='word_1_287' title='bbox 546 2817 861 2887; x_wconf 80' lang='lat' dir='ltr'><strong>imperitam</strong></span> <span class='ocrx_word' id='word_1_288' title='bbox 898 2827 952 2874; x_wconf 88' lang='lat' dir='ltr'><strong>et</strong></span> <span class='ocrx_word' id='word_1_289' title='bbox 984 2818 1188 2890; x_wconf 86' lang='lat' dir='ltr'><strong>oppido</strong></span> <span class='ocrx_word' id='word_1_290' title='bbox 1225 2817 1413 2874; x_wconf 86' lang='lat' dir='ltr'><strong>rudem</strong></span> <span class='ocrx_word' id='word_1_291' title='bbox 1441 2818 1710 2888; x_wconf 90' lang='lat' dir='ltr'><strong>comperit</strong></span> <span class='ocrx_word' id='word_1_292' title='bbox 1739 2817 2037 2884; x_wconf 89' lang='lat' dir='ltr'><strong>hominem,</strong></span> 
     </span>
    </p>
   </div>
   <div class='ocr_carea' id='block_1_44' title="bbox 474 2904 2038 2977">
    <p class='ocr_par' dir='ltr' id='par_1_44' title="bbox 474 2904 2038 2977">
     <span class='ocr_line' id='line_1_44' title="bbox 474 2904 2038 2977; baseline -0.001 -19"><span class='ocrx_word' id='word_1_293' title='bbox 474 2907 680 2976; x_wconf 85' lang='lat' dir='ltr'><strong>quique</strong></span> <span class='ocrx_word' id='word_1_294' title='bbox 720 2921 832 2976; x_wconf 74' lang='lat' dir='ltr'><strong>pra:</strong></span> <span class='ocrx_word' id='word_1_295' title='bbox 879 2907 1048 2962; x_wconf 89' lang='lat' dir='ltr'><strong>multa</strong></span> <span class='ocrx_word' id='word_1_296' title='bbox 1101 2905 1305 2977; x_wconf 75' lang='lat' dir='ltr'><strong>ingenii</strong></span> <span class='ocrx_word' id='word_1_297' title='bbox 1341 2905 1594 2961; x_wconf 90' lang='lat' dir='ltr'><strong>crassitie</strong></span> <span class='ocrx_word' id='word_1_298' title='bbox 1627 2904 1695 2960; x_wconf 89' lang='lat' dir='ltr'><strong>ad</strong></span> <span class='ocrx_word' id='word_1_299' title='bbox 1730 2904 2038 2959; x_wconf 88' lang='lat' dir='ltr'><strong>divinorum</strong></span> 
     </span>
    </p>
   </div>
   <div class='ocr_carea' id='block_1_45' title="bbox 470 2993 2040 3069">
    <p class='ocr_par' dir='ltr' id='par_1_45' title="bbox 470 2993 2040 3069">
     <span class='ocr_line' id='line_1_45' title="bbox 470 2993 2040 3069; baseline 0 -19"><span class='ocrx_word' id='word_1_300' title='bbox 470 2998 792 3068; x_wconf 89' lang='lat' dir='ltr'><strong>dogmatum</strong></span> <span class='ocrx_word' id='word_1_301' title='bbox 854 2999 1401 3069; x_wconf 80' lang='lat' dir='ltr'><strong>comprehensionem</strong></span> <span class='ocrx_word' id='word_1_302' title='bbox 1465 2997 1780 3052; x_wconf 89' lang='lat' dir='ltr'><strong>nullatenus</strong></span> <span class='ocrx_word' id='word_1_303' title='bbox 1841 2993 2040 3051; x_wconf 89' lang='lat' dir='ltr'><strong>deduci</strong></span> 
     </span>
    </p>
   </div>
   <div class='ocr_carea' id='block_1_46' title="bbox 472 3087 2039 3160">
    <p class='ocr_par' dir='ltr' id='par_1_46' title="bbox 472 3087 2039 3160">
     <span class='ocr_line' id='line_1_46' title="bbox 472 3087 2039 3160; baseline 0.001 -20"><span class='ocrx_word' id='word_1_304' title='bbox 472 3097 658 3159; x_wconf 87' lang='lat' dir='ltr'><strong>queat,</strong></span> <span class='ocrx_word' id='word_1_305' title='bbox 693 3089 880 3144; x_wconf 91' lang='lat' dir='ltr'><strong>multis</strong></span> <span class='ocrx_word' id='word_1_306' title='bbox 913 3089 1044 3145; x_wconf 86' lang='lat' dir='ltr'><strong>licet</strong></span> <span class='ocrx_word' id='word_1_307' title='bbox 1086 3089 1270 3146; x_wconf 84' lang='lat' dir='ltr'><strong>verbis</strong></span> <span class='ocrx_word' id='word_1_308' title='bbox 1297 3090 1670 3160; x_wconf 80' lang='lat' dir='ltr'><strong>exemplisque</strong></span> <span class='ocrx_word' id='word_1_309' title='bbox 1705 3089 1874 3144; x_wconf 84' lang='lat' dir='ltr'><strong>v‘ariis</strong></span> <span class='ocrx_word' id='word_1_310' title='bbox 1900 3089 1953 3143; x_wconf 91' lang='lat' dir='ltr'><strong>in</strong></span> <span class='ocrx_word' id='word_1_311' title='bbox 1985 3087 2039 3141; x_wconf 91' lang='lat' dir='ltr'><strong>id</strong></span> 
     </span>
    </p>
   </div>
   <div class='ocr_carea' id='block_1_47' title="bbox 473 3159 2108 3249">
    <p class='ocr_par' dir='ltr' id='par_1_47' title="bbox 473 3159 2108 3249">
     <span class='ocr_line' id='line_1_47' title="bbox 473 3159 2108 3249; baseline 0.002 -18"><span class='ocrx_word' id='word_1_312' title='bbox 473 3178 792 3248; x_wconf 84' lang='lat' dir='ltr'><strong>insumptis.</strong></span> <span class='ocrx_word' id='word_1_313' title='bbox 831 3177 986 3233; x_wconf 87' lang='lat' dir='ltr'><strong>Unde</strong></span> <span class='ocrx_word' id='word_1_314' title='bbox 1025 3179 1352 3234; x_wconf 81' lang='lat' dir='ltr'><strong>aeeuratiori</strong></span> <span class='ocrx_word' id='word_1_315' title='bbox 1385 3159 1730 3249; x_wconf 78' lang='lat' dir='ltr'><strong>expositione</strong></span> <span class='ocrx_word' id='word_1_316' title='bbox 1749 3179 1872 3248; x_wconf 89' lang='lat' dir='ltr'><strong>jure</strong></span> <span class='ocrx_word' id='word_1_317' title='bbox 1903 3194 2040 3248; x_wconf 63' lang='grc' dir='ltr'>ιιι-σξ-</span> <span class='ocrx_word' id='word_1_318' title='bbox 2066 3159 2108 3216; x_wconf 78' lang='lat' dir='ltr'><strong>C</strong></span> 
     </span>
    </p>
   </div>
   <div class='ocr_carea' id='block_1_48' title="bbox 473 3269 2039 3342">
    <p class='ocr_par' dir='ltr' id='par_1_48' title="bbox 473 3269 2039 3342">
     <span class='ocr_line' id='line_1_48' title="bbox 473 3269 2039 3342; baseline 0 -18"><span class='ocrx_word' id='word_1_319' title='bbox 473 3270 762 3333; x_wconf 87' lang='lat' dir='ltr'><strong>termissa,</strong></span> <span class='ocrx_word' id='word_1_320' title='bbox 811 3269 1048 3340; x_wconf 86' lang='lat' dir='ltr'><strong>simplici</strong></span> <span class='ocrx_word' id='word_1_321' title='bbox 1087 3269 1190 3325; x_wconf 80' lang='lat' dir='ltr'><strong>ﬁde</strong></span> <span class='ocrx_word' id='word_1_322' title='bbox 1235 3270 1614 3342; x_wconf 85' lang='lat' dir='ltr'><strong>accipiendum</strong></span> <span class='ocrx_word' id='word_1_323' title='bbox 1655 3285 1780 3326; x_wconf 89' lang='lat' dir='ltr'><strong>esse</strong></span> <span class='ocrx_word' id='word_1_324' title='bbox 1822 3269 2039 3325; x_wconf 90' lang='lat' dir='ltr'><strong>demum</strong></span> 
     </span>
    </p>
   </div>
   <div class='ocr_carea' id='block_1_49' title="bbox 473 3360 2040 3432">
    <p class='ocr_par' dir='ltr' id='par_1_49' title="bbox 473 3360 2040 3432">
     <span class='ocr_line' id='line_1_49' title="bbox 473 3360 2040 3432; baseline 0.001 -18"><span class='ocrx_word' id='word_1_325' title='bbox 473 3361 740 3426; x_wconf 85' lang='lat' dir='ltr'><strong>consulit,</strong></span> <span class='ocrx_word' id='word_1_326' title='bbox 769 3360 917 3431; x_wconf 90' lang='lat' dir='ltr'><strong>quod</strong></span> <span class='ocrx_word' id='word_1_327' title='bbox 953 3361 1256 3432; x_wconf 85' lang='lat' dir='ltr'><strong>intelligere</strong></span> <span class='ocrx_word' id='word_1_328' title='bbox 1287 3371 1560 3432; x_wconf 87' lang='lat' dir='ltr'><strong>nequeat:</strong></span> <span class='ocrx_word' id='word_1_329' title='bbox 1592 3370 1822 3416; x_wconf 88' lang='lat' dir='ltr'><strong>testatur</strong></span> <span class='ocrx_word' id='word_1_330' title='bbox 1857 3369 2040 3416; x_wconf 90' lang='lat' dir='ltr'><strong>autem</strong></span> 
     </span>
    </p>
   </div>
   <div class='ocr_carea' id='block_1_50' title="bbox 477 3449 2042 3520">
    <p class='ocr_par' dir='ltr' id='par_1_50' title="bbox 477 3449 2042 3520">
     <span class='ocr_line' id='line_1_50' title="bbox 477 3449 2042 3520; baseline 0.001 -18"><span class='ocrx_word' id='word_1_331' title='bbox 477 3449 595 3518; x_wconf 89' lang='lat' dir='ltr'><strong>ipse</strong></span> <span class='ocrx_word' id='word_1_332' title='bbox 633 3449 780 3504; x_wconf 90' lang='lat' dir='ltr'><strong>clare</strong></span> <span class='ocrx_word' id='word_1_333' title='bbox 812 3449 956 3504; x_wconf 90' lang='lat' dir='ltr'><strong>scire</strong></span> <span class='ocrx_word' id='word_1_334' title='bbox 992 3465 1058 3505; x_wconf 86' lang='lat' dir='ltr'><strong>se</strong></span> <span class='ocrx_word' id='word_1_335' title='bbox 1097 3449 1243 3519; x_wconf 87' lang='lat' dir='ltr'><strong>quod</strong></span> <span class='ocrx_word' id='word_1_336' title='bbox 1286 3449 1442 3513; x_wconf 87' lang='lat' dir='ltr'><strong>dicit,</strong></span> <span class='ocrx_word' id='word_1_337' title='bbox 1486 3449 1660 3519; x_wconf 83' lang='lat' dir='ltr'><strong>ipsius</strong></span> <span class='ocrx_word' id='word_1_338' title='bbox 1688 3465 1826 3520; x_wconf 87' lang='lat' dir='ltr'><strong>pene</strong></span> <span class='ocrx_word' id='word_1_339' title='bbox 1859 3451 2042 3505; x_wconf 85' lang='lat' dir='ltr'><strong>vultus</strong></span> 
     </span>
    </p>
   </div>
   <div class='ocr_carea' id='block_1_51' title="bbox 477 3539 2044 3610">
    <p class='ocr_par' dir='ltr' id='par_1_51' title="bbox 477 3539 2044 3610">
     <span class='ocr_line' id='line_1_51' title="bbox 477 3539 2044 3610; baseline 0.003 -18"><span class='ocrx_word' id='word_1_340' title='bbox 477 3545 700 3608; x_wconf 85' lang='lat' dir='ltr'><strong>aspectu</strong></span> <span class='ocrx_word' id='word_1_341' title='bbox 725 3579 743 3605; x_wconf 92' lang='lat'><strong>,</strong></span> <span class='ocrx_word' id='word_1_342' title='bbox 786 3539 1084 3594; x_wconf 86' lang='lat' dir='ltr'><strong>ostendens</strong></span> <span class='ocrx_word' id='word_1_343' title='bbox 1131 3555 1296 3610; x_wconf 88' lang='lat' dir='ltr'><strong>porro</strong></span> <span class='ocrx_word' id='word_1_344' title='bbox 1358 3540 1884 3610; x_wconf 84' lang='lat' dir='ltr'><strong>periculosissimum</strong></span> <span class='ocrx_word' id='word_1_345' title='bbox 1920 3555 2044 3596; x_wconf 89' lang='lat' dir='ltr'><strong>esse</strong></span> 
     </span>
    </p>
   </div>
   <div class='ocr_carea' id='block_1_52' title="bbox 477 3628 2040 3688">
    <p class='ocr_par' dir='ltr' id='par_1_52' title="bbox 477 3628 2040 3688">
     <span class='ocr_line' id='line_1_52' title="bbox 477 3628 2040 3688; baseline 0.002 -5"><span class='ocrx_word' id='word_1_346' title='bbox 477 3628 878 3686; x_wconf 84' lang='lat' dir='ltr'><strong>contradicere.</strong></span> <span class='ocrx_word' id='word_1_347' title='bbox 921 3628 1043 3685; x_wconf 84' lang='lat' dir='ltr'><strong>Non</strong></span> <span class='ocrx_word' id='word_1_348' title='bbox 1075 3631 1220 3687; x_wconf 85' lang='lat' dir='ltr'><strong>enim</strong></span> <span class='ocrx_word' id='word_1_349' title='bbox 1251 3632 1515 3687; x_wconf 85' lang='lat' dir='ltr'><strong>credibile</strong></span> <span class='ocrx_word' id='word_1_350' title='bbox 1543 3639 1660 3688; x_wconf 88' lang='lat' dir='ltr'><strong>erat</strong></span> <span class='ocrx_word' id='word_1_351' title='bbox 1687 3629 2040 3688; x_wconf 87' lang='lat' dir='ltr'><strong>Nicodemum</strong></span> 
     </span>
    </p>
   </div>
   <div class='ocr_carea' id='block_1_53' title="bbox 478 3721 2043 3792">
    <p class='ocr_par' dir='ltr' id='par_1_53' title="bbox 478 3721 2043 3792">
     <span class='ocr_line' id='line_1_53' title="bbox 478 3721 2043 3792; baseline 0.003 -18"><span class='ocrx_word' id='word_1_352' title='bbox 478 3721 707 3775; x_wconf 90' lang='lat' dir='ltr'><strong>oblitum</strong></span> <span class='ocrx_word' id='word_1_353' title='bbox 731 3736 852 3776; x_wconf 91' lang='lat' dir='ltr'><strong>esse</strong></span> <span class='ocrx_word' id='word_1_354' title='bbox 877 3721 996 3791; x_wconf 85' lang='lat' dir='ltr'><strong>ejus</strong></span> <span class='ocrx_word' id='word_1_355' title='bbox 1022 3721 1165 3792; x_wconf 89' lang='lat' dir='ltr'><strong>quod</strong></span> <span class='ocrx_word' id='word_1_356' title='bbox 1197 3722 1265 3778; x_wconf 91' lang='lat' dir='ltr'><strong>de</strong></span> <span class='ocrx_word' id='word_1_357' title='bbox 1294 3722 1517 3780; x_wconf 89' lang='lat' dir='ltr'><strong>Christo</strong></span> <span class='ocrx_word' id='word_1_358' title='bbox 1546 3723 1830 3778; x_wconf 85' lang='lat' dir='ltr'><strong>Salvatore</strong></span> <span class='ocrx_word' id='word_1_359' title='bbox 1855 3732 2043 3778; x_wconf 90' lang='lat' dir='ltr'><strong>nostro</strong></span> 
     </span>
    </p>
   </div>
   <div class='ocr_carea' id='block_1_54' title="bbox 478 3809 2044 3883">
    <p class='ocr_par' dir='ltr' id='par_1_54' title="bbox 478 3809 2044 3883">
     <span class='ocr_line' id='line_1_54' title="bbox 478 3809 2044 3883; baseline 0 -20"><span class='ocrx_word' id='word_1_360' title='bbox 478 3818 792 3876; x_wconf 80' lang='lat' dir='ltr'><strong>asseverat,</strong></span> <span class='ocrx_word' id='word_1_361' title='bbox 835 3811 1095 3866; x_wconf 87' lang='lat' dir='ltr'><strong>nimirum</strong></span> <span class='ocrx_word' id='word_1_362' title='bbox 1150 3825 1182 3864; x_wconf 87' lang='lat' dir='ltr'><strong>a</strong></span> <span class='ocrx_word' id='word_1_363' title='bbox 1239 3810 1349 3866; x_wconf 90' lang='lat' dir='ltr'><strong>Deo</strong></span> <span class='ocrx_word' id='word_1_364' title='bbox 1389 3812 1566 3883; x_wconf 89' lang='lat' dir='ltr'><strong>ipsum</strong></span> <span class='ocrx_word' id='word_1_365' title='bbox 1611 3811 1823 3866; x_wconf 90' lang='lat' dir='ltr'><strong>venisse</strong></span> <span class='ocrx_word' id='word_1_366' title='bbox 1871 3809 2044 3878; x_wconf 87' lang='lat' dir='ltr'><strong>magi-</strong></span> 
     </span>
    </p>
   </div>
   <div class='ocr_carea' id='block_1_55' title="bbox 478 3899 2041 3973">
    <p class='ocr_par' dir='ltr' id='par_1_55' title="bbox 478 3899 2041 3973">
     <span class='ocr_line' id='line_1_55' title="bbox 478 3899 2041 3973; baseline 0.001 -19"><span class='ocrx_word' id='word_1_367' title='bbox 478 3912 674 3955; x_wconf 85' lang='lat' dir='ltr'><strong>strum.</strong></span> <span class='ocrx_word' id='word_1_368' title='bbox 728 3899 1005 3959; x_wconf 81' lang='lat' dir='ltr'><strong>Besistere</strong></span> <span class='ocrx_word' id='word_1_369' title='bbox 1034 3919 1168 3959; x_wconf 89' lang='lat' dir='ltr'><strong>vero</strong></span> <span class='ocrx_word' id='word_1_370' title='bbox 1211 3904 1260 3960; x_wconf 92' lang='lat' dir='ltr'><strong>ei</strong></span> <span class='ocrx_word' id='word_1_371' title='bbox 1307 3903 1403 3973; x_wconf 87' lang='lat' dir='ltr'><strong>qui</strong></span> <span class='ocrx_word' id='word_1_372' title='bbox 1443 3919 1474 3956; x_wconf 88' lang='lat' dir='ltr'><strong>a</strong></span> <span class='ocrx_word' id='word_1_373' title='bbox 1522 3902 1631 3957; x_wconf 84' lang='lat' dir='ltr'><strong>Deo</strong></span> <span class='ocrx_word' id='word_1_374' title='bbox 1656 3910 1710 3957; x_wconf 92' lang='lat' dir='ltr'><strong>et</strong></span> <span class='ocrx_word' id='word_1_375' title='bbox 1757 3903 1900 3958; x_wconf 87' lang='lat' dir='ltr'><strong>Deus</strong></span> <span class='ocrx_word' id='word_1_376' title='bbox 1949 3902 2041 3966; x_wconf 85' lang='lat' dir='ltr'><strong>sit,</strong></span> 
     </span>
    </p>
   </div>
   <div class='ocr_carea' id='block_1_56' title="bbox 477 3991 2042 4065">
    <p class='ocr_par' dir='ltr' id='par_1_56' title="bbox 477 3991 2042 4065">
     <span class='ocr_line' id='line_1_56' title="bbox 477 3991 2042 4065; baseline 0 -19"><span class='ocrx_word' id='word_1_377' title='bbox 477 3991 753 4061; x_wconf 86' lang='lat' dir='ltr'><strong>quomodo</strong></span> <span class='ocrx_word' id='word_1_378' title='bbox 793 3995 1018 4064; x_wconf 85' lang='lat' dir='ltr'><strong>periculi</strong></span> <span class='ocrx_word' id='word_1_379' title='bbox 1054 3994 1272 4065; x_wconf 89' lang='lat' dir='ltr'><strong>plenum</strong></span> <span class='ocrx_word' id='word_1_380' title='bbox 1305 4011 1415 4050; x_wconf 89' lang='lat' dir='ltr'><strong>non</strong></span> <span class='ocrx_word' id='word_1_381' title='bbox 1459 3992 1668 4050; x_wconf 78' lang='lat' dir='ltr'><strong>fuerit?</strong></span> <span class='ocrx_word' id='word_1_382' title='bbox 1703 3993 1851 4050; x_wconf 84' lang='lat' dir='ltr'><strong>Istud</strong></span> <span class='ocrx_word' id='word_1_383' title='bbox 1898 3994 2042 4048; x_wconf 90' lang='lat' dir='ltr'><strong>enim</strong></span> 
     </span>
    </p>
   </div>
   <div class='ocr_carea' id='block_1_57' title="bbox 477 4085 2041 4158">
    <p class='ocr_par' dir='ltr' id='par_1_57' title="bbox 477 4085 2041 4158">
     <span class='ocr_line' id='line_1_57' title="bbox 477 4085 2041 4158; baseline 0.003 -24"><span class='ocrx_word' id='word_1_384' title='bbox 477 4085 694 4140; x_wconf 81' lang='lat' dir='ltr'><strong>videtur</strong></span> <span class='ocrx_word' id='word_1_385' title='bbox 763 4101 888 4142; x_wconf 87' lang='lat' dir='ltr'><strong>esse</strong></span> <span class='ocrx_word' id='word_1_386' title='bbox 955 4101 1080 4142; x_wconf 91' lang='lat' dir='ltr'><strong>cum</strong></span> <span class='ocrx_word' id='word_1_387' title='bbox 1147 4086 1256 4142; x_wconf 90' lang='lat' dir='ltr'><strong>Deo</strong></span> <span class='ocrx_word' id='word_1_388' title='bbox 1323 4102 1584 4158; x_wconf 86' lang='lat' dir='ltr'><strong>pugnare.</strong></span> <span class='ocrx_word' id='word_1_389' title='bbox 1655 4085 2041 4141; x_wconf 83' lang='lat' dir='ltr'><strong>Verumtamen</strong></span> 
     </span>
    </p>
   </div>
   <div class='ocr_carea' id='block_1_58' title="bbox 478 4175 2041 4250">
    <p class='ocr_par' dir='ltr' id='par_1_58' title="bbox 478 4175 2041 4250">
     <span class='ocr_line' id='line_1_58' title="bbox 478 4175 2041 4250; baseline 0.001 -22"><span class='ocrx_word' id='word_1_390' title='bbox 478 4176 802 4232; x_wconf 86' lang='lat' dir='ltr'><strong>discendum</strong></span> <span class='ocrx_word' id='word_1_391' title='bbox 833 4177 964 4234; x_wconf 85' lang='lat' dir='ltr'><strong>hinc</strong></span> <span class='ocrx_word' id='word_1_392' title='bbox 1001 4178 1168 4235; x_wconf 88' lang='lat' dir='ltr'><strong>nobis</strong></span> <span class='ocrx_word' id='word_1_393' title='bbox 1197 4187 1302 4246; x_wconf 84' lang='lat' dir='ltr'><strong>est,</strong></span> <span class='ocrx_word' id='word_1_394' title='bbox 1327 4193 1494 4249; x_wconf 86' lang='lat' dir='ltr'><strong>penes</strong></span> <span class='ocrx_word' id='word_1_395' title='bbox 1519 4193 1662 4250; x_wconf 88' lang='lat' dir='ltr'><strong>quos</strong></span> <span class='ocrx_word' id='word_1_396' title='bbox 1694 4185 1778 4233; x_wconf 88' lang='lat' dir='ltr'><strong>est</strong></span> <span class='ocrx_word' id='word_1_397' title='bbox 1809 4175 2041 4232; x_wconf 87' lang='lat' dir='ltr'><strong>docendi</strong></span> 
     </span>
    </p>
   </div>
   <div class='ocr_carea' id='block_1_59' title="bbox 434 4266 2044 4340">
    <p class='ocr_par' dir='ltr' id='par_1_59' title="bbox 434 4266 2044 4340">
     <span class='ocr_line' id='line_1_59' title="bbox 434 4266 2044 4340; baseline 0.002 -21"><span class='ocrx_word' id='word_1_398' title='bbox 434 4330 436 4333; x_wconf 26' lang='grc' dir='ltr'>ι</span> <span class='ocrx_word' id='word_1_399' title='bbox 475 4275 742 4335; x_wconf 83' lang='lat' dir='ltr'><strong>potestas,</strong></span> <span class='ocrx_word' id='word_1_400' title='bbox 772 4270 948 4325; x_wconf 84' lang='lat' dir='ltr'><strong>satius</strong></span> <span class='ocrx_word' id='word_1_401' title='bbox 987 4285 1112 4326; x_wconf 87' lang='lat' dir='ltr'><strong>esse</strong></span> <span class='ocrx_word' id='word_1_402' title='bbox 1151 4269 1312 4325; x_wconf 82' lang='lat' dir='ltr'><strong>ﬁdem</strong></span> <span class='ocrx_word' id='word_1_403' title='bbox 1362 4269 1707 4340; x_wconf 83' lang='lat' dir='ltr'><strong>simplicibus</strong></span> <span class='ocrx_word' id='word_1_404' title='bbox 1735 4266 2044 4322; x_wconf 85' lang='lat' dir='ltr'><strong>rationibus</strong></span> 
     </span>
    </p>
   </div>
   <div class='ocr_carea' id='block_1_60' title="bbox 478 4359 2037 4432">
    <p class='ocr_par' dir='ltr' id='par_1_60' title="bbox 478 4359 2037 4432">
     <span class='ocr_line' id='line_1_60' title="bbox 478 4359 2037 4432; baseline 0.001 -22"><span class='ocrx_word' id='word_1_405' title='bbox 478 4366 824 4412; x_wconf 80' lang='lat' dir='ltr'><strong>constantem</strong></span> <span class='ocrx_word' id='word_1_406' title='bbox 857 4359 1072 4416; x_wconf 87' lang='lat' dir='ltr'><strong>tradere</strong></span> <span class='ocrx_word' id='word_1_407' title='bbox 1100 4361 1411 4432; x_wconf 86' lang='lat' dir='ltr'><strong>neophytis,</strong></span> <span class='ocrx_word' id='word_1_408' title='bbox 1441 4375 1603 4431; x_wconf 89' lang='lat' dir='ltr'><strong>quam</strong></span> <span class='ocrx_word' id='word_1_409' title='bbox 1634 4361 1801 4414; x_wconf 84' lang='lat' dir='ltr'><strong>altum</strong></span> <span class='ocrx_word' id='word_1_410' title='bbox 1833 4373 2037 4414; x_wconf 82' lang='lat' dir='ltr'><strong>sermo-</strong></span> 
     </span>
    </p>
   </div>
   <div class='ocr_carea' id='block_1_61' title="bbox 2139 1903 3703 1978">
    <p class='ocr_par' dir='ltr' id='par_1_61' title="bbox 2139 1903 3703 1978">
     <span class='ocr_line' id='line_1_61' title="bbox 2139 1903 3703 1978; baseline -0.002 -19"><span class='ocrx_word' id='word_1_411' title='bbox 2139 1923 2316 1977; x_wconf 83' lang='grc' dir='ltr'>μενος,</span> <span class='ocrx_word' id='word_1_412' title='bbox 2341 1907 2438 1976; x_wconf 74' lang='grc' dir='ltr'>οὐχ</span> <span class='ocrx_word' id='word_1_413' title='bbox 2469 1906 2850 1978; x_wconf 84' lang='grc' dir='ltr'>ύπεραίροντος</span> <span class='ocrx_word' id='word_1_414' title='bbox 2881 1905 3123 1978; x_wconf 79' lang='grc' dir='ltr'><strong>μαθητοῦ</strong></span> <span class='ocrx_word' id='word_1_415' title='bbox 3160 1905 3252 1958; x_wconf 91' lang='grc' dir='ltr'><strong>τοῦ</strong></span> <span class='ocrx_word' id='word_1_416' title='bbox 3297 1903 3612 1958; x_wconf 77' lang='grc' dir='ltr'>διδασκάλου</span> <span class='ocrx_word' id='word_1_417' title='bbox 3640 1904 3703 1956; x_wconf 80' lang='grc' dir='ltr'>τδ</span> 
     </span>
    </p>
   </div>
   <div class='ocr_carea' id='block_1_62' title="bbox 2139 1993 3702 2068">
    <p class='ocr_par' dir='ltr' id='par_1_62' title="bbox 2139 1993 3702 2068">
     <span class='ocr_line' id='line_1_62' title="bbox 2139 1993 3702 2068; baseline -0.003 -18"><span class='ocrx_word' id='word_1_418' title='bbox 2139 1997 2357 2068; x_wconf 78' lang='grc' dir='ltr'>μέτρον,</span> <span class='ocrx_word' id='word_1_419' title='bbox 2387 1995 2530 2051; x_wconf 82' lang='grc' dir='ltr'>κατὰ</span> <span class='ocrx_word' id='word_1_420' title='bbox 2572 1997 2670 2068; x_wconf 80' lang='grc' dir='ltr'>τὴν</span> <span class='ocrx_word' id='word_1_421' title='bbox 2722 1996 2815 2049; x_wconf 88' lang='grc' dir='ltr'><strong>τοῦ</strong></span> <span class='ocrx_word' id='word_1_422' title='bbox 2850 1997 3100 2068; x_wconf 86' lang='grc' dir='ltr'>Σωτῆρος</span> <span class='ocrx_word' id='word_1_423' title='bbox 3139 1997 3351 2067; x_wconf 74' lang='grc' dir='ltr'>φωνήν;</span> <span class='ocrx_word' id='word_1_424' title='bbox 3388 2014 3406 2047; x_wconf 81' lang='grc' dir='ltr'>ι</span> <span class='ocrx_word' id='word_1_425' title='bbox 3446 1995 3557 2047; x_wconf 87' lang='grc' dir='ltr'><strong>υύκ</strong></span> <span class='ocrx_word' id='word_1_426' title='bbox 3589 1993 3702 2046; x_wconf 78' lang='grc' dir='ltr'>ἐστι</span> 
     </span>
    </p>
   </div>
   <div class='ocr_carea' id='block_1_63' title="bbox 2137 2083 3697 2158">
    <p class='ocr_par' dir='ltr' id='par_1_63' title="bbox 2137 2083 3697 2158">
     <span class='ocr_line' id='line_1_63' title="bbox 2137 2083 3697 2158; baseline -0.004 -19"><span class='ocrx_word' id='word_1_427' title='bbox 2137 2086 2266 2157; x_wconf 83' lang='grc' dir='ltr'>γὰρ,</span> <span class='ocrx_word' id='word_1_428' title='bbox 2319 2087 2472 2156; x_wconf 79' lang='grc' dir='ltr'>φησὶ,</span> <span class='ocrx_word' id='word_1_429' title='bbox 2534 2085 2782 2158; x_wconf 80' lang='grc' dir='ltr'>μαθητὴς</span> <span class='ocrx_word' id='word_1_430' title='bbox 2815 2087 2954 2158; x_wconf 80' lang='grc' dir='ltr'>ὑπὲρ</span> <span class='ocrx_word' id='word_1_431' title='bbox 2988 2086 3078 2139; x_wconf 84' lang='grc' dir='ltr'>τὸν</span> <span class='ocrx_word' id='word_1_432' title='bbox 3113 2085 3427 2140; x_wconf 82' lang='grc' dir='ltr'>διδάσκαλον</span> <span class='ocrx_word' id='word_1_433' title='bbox 3473 2083 3653 2138; x_wconf 82' lang='grc' dir='ltr'>αὐτοῦ.</span> <span class='ocrx_word' id='word_1_434' title='bbox 3677 2102 3697 2134; x_wconf 71' lang='grc' dir='ltr'><strong>ι</strong></span> 
     </span>
    </p>
   </div>
   <div class='ocr_carea' id='block_1_64' title="bbox 2148 2170 3704 2247">
    <p class='ocr_par' dir='ltr' id='par_1_64' title="bbox 2148 2170 3704 2247">
     <span class='ocr_line' id='line_1_64' title="bbox 2148 2170 3704 2247; baseline -0.001 -20"><span class='ocrx_word' id='word_1_435' title='bbox 2148 2173 2365 2245; x_wconf 80' lang='grc' dir='ltr'>Ἐπειδὴ</span> <span class='ocrx_word' id='word_1_436' title='bbox 2409 2175 2465 2228; x_wconf 77' lang='grc' dir='ltr'><strong>δὲ</strong></span> <span class='ocrx_word' id='word_1_437' title='bbox 2515 2174 2688 2238; x_wconf 76' lang='grc' dir='ltr'>οὕτως</span> <span class='ocrx_word' id='word_1_438' title='bbox 2731 2170 2870 2245; x_wconf 77' lang='grc' dir='ltr'>ἦσαν</span> <span class='ocrx_word' id='word_1_439' title='bbox 2905 2176 3156 2246; x_wconf 81' lang='grc' dir='ltr'>ἀμαθεῖς,</span> <span class='ocrx_word' id='word_1_440' title='bbox 3195 2176 3483 2247; x_wconf 81' lang='grc' dir='ltr'>ἀψευδήσει</span> <span class='ocrx_word' id='word_1_441' title='bbox 3533 2175 3631 2244; x_wconf 78' lang='grc' dir='ltr'><strong>μὲν</strong></span> <span class='ocrx_word' id='word_1_442' title='bbox 3675 2174 3704 2225; x_wconf 90' lang='lat'><strong>6</strong></span> 
     </span>
    </p>
   </div>
   <div class='ocr_carea' id='block_1_65' title="bbox 2136 2262 3702 2334">
    <p class='ocr_par' dir='ltr' id='par_1_65' title="bbox 2136 2262 3702 2334">
     <span class='ocr_line' id='line_1_65' title="bbox 2136 2262 3702 2334; baseline -0.001 -18"><span class='ocrx_word' id='word_1_443' title='bbox 2136 2263 2391 2333; x_wconf 68' lang='grc' dir='ltr'>Χριστὸς,</span> <span class='ocrx_word' id='word_1_444' title='bbox 2448 2264 2642 2332; x_wconf 82' lang='grc' dir='ltr'>τάφοις</span> <span class='ocrx_word' id='word_1_445' title='bbox 2685 2264 2883 2326; x_wconf 77' lang='grc' dir='ltr'>αὐτοὺς</span> <span class='ocrx_word' id='word_1_446' title='bbox 2937 2266 3343 2334; x_wconf 82' lang='grc' dir='ltr'>κεκονιαμένοις</span> <span class='ocrx_word' id='word_1_447' title='bbox 3406 2262 3702 2333; x_wconf 73' lang='grc' dir='ltr'><strong>ἐξομοιῶν⁶</strong></span> 
     </span>
    </p>
   </div>
   <div class='ocr_carea' id='block_1_66' title="bbox 2137 2351 3703 2424">
    <p class='ocr_par' dir='ltr' id='par_1_66' title="bbox 2137 2351 3703 2424">
     <span class='ocr_line' id='line_1_66' title="bbox 2137 2351 3703 2424; baseline -0.001 -19"><span class='ocrx_word' id='word_1_448' title='bbox 2137 2352 2454 2406; x_wconf 84' lang='grc' dir='ltr'>ἁστειότατα</span> <span class='ocrx_word' id='word_1_449' title='bbox 2485 2352 2656 2406; x_wconf 75' lang='grc' dir='ltr'>δὲκαὶ</span> <span class='ocrx_word' id='word_1_450' title='bbox 2688 2355 2716 2406; x_wconf 89' lang='lat'><strong>6</strong></span> <span class='ocrx_word' id='word_1_451' title='bbox 2749 2351 2958 2416; x_wconf 80' lang='grc' dir='ltr'>Παῦλος</span> <span class='ocrx_word' id='word_1_452' title='bbox 2980 2355 3102 2424; x_wconf 64' lang='grc' dir='ltr'>ἐρεῖ</span> <span class='ocrx_word' id='word_1_453' title='bbox 3129 2353 3264 2422; x_wconf 80' lang='grc' dir='ltr'>πρὸς</span> <span class='ocrx_word' id='word_1_454' title='bbox 3286 2353 3376 2406; x_wconf 77' lang='grc' dir='ltr'>τὸν</span> <span class='ocrx_word' id='word_1_455' title='bbox 3414 2352 3521 2405; x_wconf 79' lang='grc' dir='ltr'>τῶν</span> <span class='ocrx_word' id='word_1_456' title='bbox 3571 2352 3703 2406; x_wconf 83' lang='grc' dir='ltr'>ἰου-</span> 
     </span>
    </p>
   </div>
   <div class='ocr_carea' id='block_1_67' title="bbox 2136 2443 3704 2516">
    <p class='ocr_par' dir='ltr' id='par_1_67' title="bbox 2136 2443 3704 2516">
     <span class='ocr_line' id='line_1_67' title="bbox 2136 2443 3704 2516; baseline 0.001 -19"><span class='ocrx_word' id='word_1_457' title='bbox 2136 2443 2300 2504; x_wconf 88' lang='grc' dir='ltr'>δαίων</span> <span class='ocrx_word' id='word_1_458' title='bbox 2329 2443 2628 2515; x_wconf 79' lang='grc' dir='ltr'>ἡγούμενον</span> <span class='ocrx_word' id='word_1_459' title='bbox 2650 2461 2662 2474; x_wconf 78' lang='lat'><strong><em>°</em></strong></span> <span class='ocrx_word' id='word_1_460' title='bbox 2693 2463 2711 2496; x_wconf 84' lang='lat' dir='ltr'><strong>t</strong></span> <span class='ocrx_word' id='word_1_461' title='bbox 2746 2443 2980 2498; x_wconf 82' lang='grc' dir='ltr'>Τύπτειν</span> <span class='ocrx_word' id='word_1_462' title='bbox 3013 2461 3072 2498; x_wconf 91' lang='grc' dir='ltr'><strong>σε</strong></span> <span class='ocrx_word' id='word_1_463' title='bbox 3100 2444 3280 2516; x_wconf 84' lang='grc' dir='ltr'>μέλλει</span> <span class='ocrx_word' id='word_1_464' title='bbox 3321 2446 3350 2498; x_wconf 91' lang='lat'><strong>6</strong></span> <span class='ocrx_word' id='word_1_465' title='bbox 3375 2443 3530 2508; x_wconf 72' lang='grc' dir='ltr'>Θεὸς,</span> <span class='ocrx_word' id='word_1_466' title='bbox 3559 2447 3704 2516; x_wconf 83' lang='grc' dir='ltr'>τοῖχε</span> 
     </span>
    </p>
   </div>
   <div class='ocr_carea' id='block_1_68' title="bbox 2140 2537 2570 2608">
    <p class='ocr_par' dir='ltr' id='par_1_68' title="bbox 2140 2537 2570 2608">
     <span class='ocr_line' id='line_1_68' title="bbox 2140 2537 2570 2608; baseline -0.009 -16"><span class='ocrx_word' id='word_1_467' title='bbox 2140 2537 2511 2608; x_wconf 78' lang='grc' dir='ltr'>κεκονιαμένε.</span> <span class='ocrx_word' id='word_1_468' title='bbox 2551 2557 2570 2588; x_wconf 76' lang='grc' dir='ltr'><strong>ι</strong></span> 
     </span>
    </p>
   </div>
   <div class='ocr_carea' id='block_1_69' title="bbox 2221 2626 3701 2698">
    <p class='ocr_par' dir='ltr' id='par_1_69' title="bbox 2221 2626 3701 2698">
     <span class='ocr_line' id='line_1_69' title="bbox 2221 2626 3701 2698; baseline -0.001 -16"><span class='ocrx_word' id='word_1_469' title='bbox 2221 2627 2422 2698; x_wconf 76' lang='grc' dir='ltr'>Ἀμὴν,</span> <span class='ocrx_word' id='word_1_470' title='bbox 2449 2628 2610 2698; x_wconf 81' lang='grc' dir='ltr'>ἀμὴν</span> <span class='ocrx_word' id='word_1_471' title='bbox 2621 2629 2776 2698; x_wconf 68' lang='grc' dir='ltr'>λέγω</span> <span class='ocrx_word' id='word_1_472' title='bbox 2792 2646 2912 2693; x_wconf 90' lang='grc' dir='ltr'>σοι,</span> <span class='ocrx_word' id='word_1_473' title='bbox 2936 2629 3024 2683; x_wconf 85' lang='grc' dir='ltr'>ὅτι</span> <span class='ocrx_word' id='word_1_474' title='bbox 3051 2628 3082 2682; x_wconf 84' lang='grc' dir='ltr'>ὃ</span> <span class='ocrx_word' id='word_1_475' title='bbox 3100 2628 3348 2698; x_wconf 78' lang='grc' dir='ltr'>οἴδαμεν</span> <span class='ocrx_word' id='word_1_476' title='bbox 3366 2626 3701 2696; x_wconf 69' lang='grc' dir='ltr'>λαλοῦμεν,</span> 
     </span>
    </p>
   </div>
   <div class='ocr_carea' id='block_1_70' title="bbox 2139 2719 3105 2790">
    <p class='ocr_par' dir='ltr' id='par_1_70' title="bbox 2139 2719 3105 2790">
     <span class='ocr_line' id='line_1_70' title="bbox 2139 2719 3105 2790; baseline 0.001 -16"><span class='ocrx_word' id='word_1_477' title='bbox 2139 2721 2235 2774; x_wconf 75' lang='grc' dir='ltr'><strong>καὶ</strong></span> <span class='ocrx_word' id='word_1_478' title='bbox 2261 2720 2292 2774; x_wconf 83' lang='grc' dir='ltr'>ὃ</span> <span class='ocrx_word' id='word_1_479' title='bbox 2317 2719 2656 2790; x_wconf 79' lang='grc' dir='ltr'>ἑωράκαμεν</span> <span class='ocrx_word' id='word_1_480' title='bbox 2669 2721 3105 2790; x_wconf 81' lang='grc' dir='ltr'>μαρτυροῦμεν.</span> 
     </span>
    </p>
   </div>
   <div class='ocr_carea' id='block_1_71' title="bbox 2222 2810 3706 2883">
    <p class='ocr_par' dir='ltr' id='par_1_71' title="bbox 2222 2810 3706 2883">
     <span class='ocr_line' id='line_1_71' title="bbox 2222 2810 3706 2883; baseline 0 -19"><span class='ocrx_word' id='word_1_481' title='bbox 2222 2811 2552 2882; x_wconf 80' lang='grc' dir='ltr'>Ἀφιλομαθῆ</span> <span class='ocrx_word' id='word_1_482' title='bbox 2611 2812 2708 2865; x_wconf 74' lang='grc' dir='ltr'>καὶ</span> <span class='ocrx_word' id='word_1_483' title='bbox 2762 2811 2884 2864; x_wconf 84' lang='grc' dir='ltr'>λίαν</span> <span class='ocrx_word' id='word_1_484' title='bbox 2939 2812 3260 2866; x_wconf 83' lang='grc' dir='ltr'>ἀπαίδευτον</span> <span class='ocrx_word' id='word_1_485' title='bbox 3315 2811 3559 2883; x_wconf 79' lang='grc' dir='ltr'>εὑρίσκει</span> <span class='ocrx_word' id='word_1_486' title='bbox 3614 2810 3706 2864; x_wconf 77' lang='grc' dir='ltr'>τὸν</span> 
     </span>
    </p>
   </div>
   <div class='ocr_carea' id='block_1_72' title="bbox 2139 2899 3706 2975">
    <p class='ocr_par' dir='ltr' id='par_1_72' title="bbox 2139 2899 3706 2975">
     <span class='ocr_line' id='line_1_72' title="bbox 2139 2899 3706 2975; baseline -0.002 -20"><span class='ocrx_word' id='word_1_487' title='bbox 2139 2902 2442 2975; x_wconf 73' lang='grc' dir='ltr'>ἄνθρωπον.</span> <span class='ocrx_word' id='word_1_488' title='bbox 2468 2902 2562 2954; x_wconf 74' lang='grc' dir='ltr'><strong>καὶ</strong></span> <span class='ocrx_word' id='word_1_489' title='bbox 2607 2901 2696 2954; x_wconf 77' lang='grc' dir='ltr'><strong>διὰ</strong></span> <span class='ocrx_word' id='word_1_490' title='bbox 2730 2901 2927 2972; x_wconf 81' lang='grc' dir='ltr'>πολλὴν</span> <span class='ocrx_word' id='word_1_491' title='bbox 2966 2901 3256 2972; x_wconf 86' lang='grc' dir='ltr'>παχύτητα</span> <span class='ocrx_word' id='word_1_492' title='bbox 3285 2901 3399 2966; x_wconf 87' lang='grc' dir='ltr'>νοῦ,</span> <span class='ocrx_word' id='word_1_493' title='bbox 3421 2901 3570 2972; x_wconf 80' lang='grc' dir='ltr'>πρὸς</span> <span class='ocrx_word' id='word_1_494' title='bbox 3601 2899 3706 2970; x_wconf 78' lang='grc' dir='ltr'>τὴν</span> 
     </span>
    </p>
   </div>
   <div class='ocr_carea' id='block_1_73' title="bbox 2139 2993 3707 3065">
    <p class='ocr_par' dir='ltr' id='par_1_73' title="bbox 2139 2993 3707 3065">
     <span class='ocr_line' id='line_1_73' title="bbox 2139 2993 3707 3065; baseline 0 -19"><span class='ocrx_word' id='word_1_495' title='bbox 2139 2993 2246 3047; x_wconf 83' lang='grc' dir='ltr'><strong>τῶν</strong></span> <span class='ocrx_word' id='word_1_496' title='bbox 2279 2993 2439 3047; x_wconf 82' lang='grc' dir='ltr'>θείων</span> <span class='ocrx_word' id='word_1_497' title='bbox 2476 2994 2760 3063; x_wconf 83' lang='grc' dir='ltr'>δογμάτων</span> <span class='ocrx_word' id='word_1_498' title='bbox 2801 2994 3126 3065; x_wconf 80' lang='grc' dir='ltr'>κατάληψιν,</span> <span class='ocrx_word' id='word_1_499' title='bbox 3171 2993 3466 3064; x_wconf 70' lang='grc' dir='ltr'>οὐδαμόθεν</span> <span class='ocrx_word' id='word_1_500' title='bbox 3484 2993 3565 3046; x_wconf 76' lang='grc' dir='ltr'><strong>ἐτι</strong></span> <span class='ocrx_word' id='word_1_501' title='bbox 3594 3011 3707 3063; x_wconf 83' lang='grc' dir='ltr'>χει-</span> 
     </span>
    </p>
   </div>
   <div class='ocr_carea' id='block_1_74' title="bbox 2143 3084 3705 3156">
    <p class='ocr_par' dir='ltr' id='par_1_74' title="bbox 2143 3084 3705 3156">
     <span class='ocr_line' id='line_1_74' title="bbox 2143 3084 3705 3156; baseline -0.001 -17"><span class='ocrx_word' id='word_1_502' title='bbox 2143 3084 2509 3156; x_wconf 77' lang='grc' dir='ltr'>ραγωγεῖσθαι</span> <span class='ocrx_word' id='word_1_503' title='bbox 2541 3085 2857 3155; x_wconf 85' lang='grc' dir='ltr'>δυνάμενον,</span> <span class='ocrx_word' id='word_1_504' title='bbox 2890 3085 3068 3139; x_wconf 88' lang='grc' dir='ltr'>καίτοι</span> <span class='ocrx_word' id='word_1_505' title='bbox 3114 3084 3322 3156; x_wconf 89' lang='grc' dir='ltr'>μακροῦ</span> <span class='ocrx_word' id='word_1_506' title='bbox 3355 3085 3447 3139; x_wconf 81' lang='grc' dir='ltr'>καὶ</span> <span class='ocrx_word' id='word_1_507' title='bbox 3467 3084 3555 3138; x_wconf 85' lang='grc' dir='ltr'>διὰ</span> <span class='ocrx_word' id='word_1_508' title='bbox 3584 3102 3705 3138; x_wconf 69' lang='grc' dir='ltr'>ποιε-</span> 
     </span>
    </p>
   </div>
   <div class='ocr_carea' id='block_1_75' title="bbox 2142 3174 3707 3247">
    <p class='ocr_par' dir='ltr' id='par_1_75' title="bbox 2142 3174 3707 3247">
     <span class='ocr_line' id='line_1_75' title="bbox 2142 3174 3707 3247; baseline -0.001 -18"><span class='ocrx_word' id='word_1_509' title='bbox 2142 3176 2307 3229; x_wconf 87' lang='grc' dir='ltr'>κίλων</span> <span class='ocrx_word' id='word_1_510' title='bbox 2351 3175 2808 3247; x_wconf 81' lang='grc' dir='ltr'>παραδειγμάτων</span> <span class='ocrx_word' id='word_1_511' title='bbox 2867 3175 3266 3246; x_wconf 77' lang='grc' dir='ltr'>δαπανηθέντος</span> <span class='ocrx_word' id='word_1_512' title='bbox 3319 3175 3498 3243; x_wconf 81' lang='grc' dir='ltr'>λόγου.</span> <span class='ocrx_word' id='word_1_513' title='bbox 3545 3174 3707 3228; x_wconf 83' lang='grc' dir='ltr'>Ὅθεν</span> 
     </span>
    </p>
   </div>
   <div class='ocr_carea' id='block_1_76' title="bbox 2141 3267 3710 3340">
    <p class='ocr_par' dir='ltr' id='par_1_76' title="bbox 2141 3267 3710 3340">
     <span class='ocr_line' id='line_1_76' title="bbox 2141 3267 3710 3340; baseline -0.002 -18"><span class='ocrx_word' id='word_1_514' title='bbox 2141 3270 2364 3334; x_wconf 84' lang='grc' dir='ltr'>εἰκότως</span> <span class='ocrx_word' id='word_1_515' title='bbox 2395 3269 2456 3322; x_wconf 82' lang='grc' dir='ltr'>τὸ</span> <span class='ocrx_word' id='word_1_516' title='bbox 2479 3269 2546 3322; x_wconf 65' lang='grc' dir='ltr'>δι’</span> <span class='ocrx_word' id='word_1_517' title='bbox 2564 3268 2847 3340; x_wconf 75' lang='grc' dir='ltr'>ἀκριϐείας</span> <span class='ocrx_word' id='word_1_518' title='bbox 2874 3267 3181 3340; x_wconf 81' lang='grc' dir='ltr'>ἐξηγεῖσθαι</span> <span class='ocrx_word' id='word_1_519' title='bbox 3209 3269 3422 3340; x_wconf 71' lang='grc' dir='ltr'>παρεὶς,</span> <span class='ocrx_word' id='word_1_520' title='bbox 3453 3269 3710 3339; x_wconf 87' lang='grc' dir='ltr'>ἀπεριερ-</span> 
     </span>
    </p>
   </div>
   <div class='ocr_carea' id='block_1_77' title="bbox 2140 3359 3705 3432">
    <p class='ocr_par' dir='ltr' id='par_1_77' title="bbox 2140 3359 3705 3432">
     <span class='ocr_line' id='line_1_77' title="bbox 2140 3359 3705 3432; baseline -0.004 -17"><span class='ocrx_word' id='word_1_521' title='bbox 2140 3363 2326 3432; x_wconf 84' lang='grc' dir='ltr'>γάστῳ</span> <span class='ocrx_word' id='word_1_522' title='bbox 2361 3364 2427 3432; x_wconf 81' lang='grc' dir='ltr'>τῇ</span> <span class='ocrx_word' id='word_1_523' title='bbox 2459 3361 2636 3414; x_wconf 82' lang='grc' dir='ltr'>πίστει</span> <span class='ocrx_word' id='word_1_524' title='bbox 2670 3360 2850 3414; x_wconf 78' lang='grc' dir='ltr'>λοιπὸν</span> <span class='ocrx_word' id='word_1_525' title='bbox 2886 3360 3239 3431; x_wconf 80' lang='grc' dir='ltr'>συμϐουλεύει</span> <span class='ocrx_word' id='word_1_526' title='bbox 3271 3361 3460 3431; x_wconf 85' lang='grc' dir='ltr'>χρῆναι</span> <span class='ocrx_word' id='word_1_527' title='bbox 3499 3359 3705 3420; x_wconf 76' lang='grc' dir='ltr'>λαϐεῖν,</span> 
     </span>
    </p>
   </div>
   <div class='ocr_carea' id='block_1_78' title="bbox 2139 3451 3710 3522">
    <p class='ocr_par' dir='ltr' id='par_1_78' title="bbox 2139 3451 3710 3522">
     <span class='ocr_line' id='line_1_78' title="bbox 2139 3451 3710 3522; baseline -0.003 -18"><span class='ocrx_word' id='word_1_528' title='bbox 2139 3452 2170 3504; x_wconf 82' lang='grc' dir='ltr'><strong>ὃ</strong></span> <span class='ocrx_word' id='word_1_529' title='bbox 2191 3454 2330 3505; x_wconf 86' lang='grc' dir='ltr'>νοεῖν</span> <span class='ocrx_word' id='word_1_530' title='bbox 2345 3451 2407 3504; x_wconf 84' lang='grc' dir='ltr'>οὐ</span> <span class='ocrx_word' id='word_1_531' title='bbox 2435 3451 2656 3506; x_wconf 87' lang='grc' dir='ltr'>δύναται</span> <span class='ocrx_word' id='word_1_532' title='bbox 2679 3469 2692 3483; x_wconf 88' lang='grc'>·</span> <span class='ocrx_word' id='word_1_533' title='bbox 2724 3451 3064 3522; x_wconf 88' lang='grc' dir='ltr'>μαρτυρεῖδέ</span> <span class='ocrx_word' id='word_1_534' title='bbox 3094 3451 3254 3514; x_wconf 80' lang='grc' dir='ltr'>αὐτὸς</span> <span class='ocrx_word' id='word_1_535' title='bbox 3280 3451 3478 3504; x_wconf 76' lang='grc' dir='ltr'>εἰδέναι</span> <span class='ocrx_word' id='word_1_536' title='bbox 3525 3451 3710 3517; x_wconf 71' lang='grc' dir='ltr'>σαφῶς</span> 
     </span>
    </p>
   </div>
   <div class='ocr_carea' id='block_1_79' title="bbox 2140 3539 3712 3613">
    <p class='ocr_par' dir='ltr' id='par_1_79' title="bbox 2140 3539 3712 3613">
     <span class='ocr_line' id='line_1_79' title="bbox 2140 3539 3712 3613; baseline -0.001 -20"><span class='ocrx_word' id='word_1_537' title='bbox 2140 3540 2169 3593; x_wconf 86' lang='grc' dir='ltr'><strong>ὃ</strong></span> <span class='ocrx_word' id='word_1_538' title='bbox 2202 3541 2374 3610; x_wconf 83' lang='grc' dir='ltr'>λέγει,</span> <span class='ocrx_word' id='word_1_539' title='bbox 2409 3543 2476 3612; x_wconf 85' lang='grc' dir='ltr'><strong>τῇ</strong></span> <span class='ocrx_word' id='word_1_540' title='bbox 2505 3541 2597 3594; x_wconf 88' lang='grc' dir='ltr'><strong>τοῦ</strong></span> <span class='ocrx_word' id='word_1_541' title='bbox 2630 3541 2919 3613; x_wconf 81' lang='grc' dir='ltr'>προσώπου</span> <span class='ocrx_word' id='word_1_542' title='bbox 2952 3541 3300 3613; x_wconf 80' lang='grc' dir='ltr'>περιφανείᾳ,</span> <span class='ocrx_word' id='word_1_543' title='bbox 3324 3541 3385 3594; x_wconf 80' lang='grc' dir='ltr'>τὸ</span> <span class='ocrx_word' id='word_1_544' title='bbox 3411 3539 3712 3608; x_wconf 74' lang='grc' dir='ltr'>ἀντιλέγειν</span> 
     </span>
    </p>
   </div>
   <div class='ocr_carea' id='block_1_80' title="bbox 2143 3628 3710 3704">
    <p class='ocr_par' dir='ltr' id='par_1_80' title="bbox 2143 3628 3710 3704">
     <span class='ocr_line' id='line_1_80' title="bbox 2143 3628 3710 3704; baseline -0.001 -19"><span class='ocrx_word' id='word_1_545' title='bbox 2143 3632 2221 3686; x_wconf 82' lang='grc' dir='ltr'><strong>ἐτι</strong></span> <span class='ocrx_word' id='word_1_546' title='bbox 2250 3631 2509 3687; x_wconf 84' lang='grc' dir='ltr'>δεικνύων</span> <span class='ocrx_word' id='word_1_547' title='bbox 2541 3633 3002 3702; x_wconf 63' lang='grc' dir='ltr'>ἐπισφαλέστατον</span> <span class='ocrx_word' id='word_1_548' title='bbox 3023 3648 3039 3662; x_wconf 90' lang='grc'><strong>·</strong></span> <span class='ocrx_word' id='word_1_549' title='bbox 3074 3634 3136 3686; x_wconf 86' lang='grc' dir='ltr'><strong>ού</strong></span> <span class='ocrx_word' id='word_1_550' title='bbox 3165 3633 3274 3704; x_wconf 78' lang='grc' dir='ltr'><strong>γὰρ</strong></span> <span class='ocrx_word' id='word_1_551' title='bbox 3305 3628 3373 3703; x_wconf 81' lang='grc' dir='ltr'><strong>ῆν</strong></span> <span class='ocrx_word' id='word_1_552' title='bbox 3412 3633 3557 3696; x_wconf 76' lang='grc' dir='ltr'>εἰκὸς</span> <span class='ocrx_word' id='word_1_553' title='bbox 3590 3634 3710 3684; x_wconf 87' lang='grc' dir='ltr'>ἐπι-</span> 
     </span>
    </p>
   </div>
   <div class='ocr_carea' id='block_1_81' title="bbox 2141 3724 3712 3796">
    <p class='ocr_par' dir='ltr' id='par_1_81' title="bbox 2141 3724 3712 3796">
     <span class='ocr_line' id='line_1_81' title="bbox 2141 3724 3712 3796; baseline -0.002 -18"><span class='ocrx_word' id='word_1_554' title='bbox 2141 3725 2396 3795; x_wconf 80' lang='grc' dir='ltr'>λελῆσθαι</span> <span class='ocrx_word' id='word_1_555' title='bbox 2443 3724 2776 3796; x_wconf 84' lang='grc' dir='ltr'>Νικόδημον,</span> <span class='ocrx_word' id='word_1_556' title='bbox 2838 3725 2896 3788; x_wconf 84' lang='grc' dir='ltr'>ὂς</span> <span class='ocrx_word' id='word_1_557' title='bbox 2929 3725 3126 3778; x_wconf 78' lang='grc' dir='ltr'>εἰδέναι</span> <span class='ocrx_word' id='word_1_558' title='bbox 3181 3725 3547 3795; x_wconf 85' lang='grc' dir='ltr'>διισχυρίσατο</span> <span class='ocrx_word' id='word_1_559' title='bbox 3584 3725 3712 3794; x_wconf 75' lang='grc' dir='ltr'>περὶ</span> 
     </span>
    </p>
   </div>
   <div class='ocr_carea' id='block_1_82' title="bbox 2141 3815 3713 3888">
    <p class='ocr_par' dir='ltr' id='par_1_82' title="bbox 2141 3815 3713 3888">
     <span class='ocr_line' id='line_1_82' title="bbox 2141 3815 3713 3888; baseline 0 -18"><span class='ocrx_word' id='word_1_560' title='bbox 2141 3817 2234 3870; x_wconf 90' lang='grc' dir='ltr'><strong>τοῦ</strong></span> <span class='ocrx_word' id='word_1_561' title='bbox 2261 3818 2510 3888; x_wconf 85' lang='grc' dir='ltr'>Σωτῆρος</span> <span class='ocrx_word' id='word_1_562' title='bbox 2537 3817 2694 3888; x_wconf 85' lang='grc' dir='ltr'>ήμῶν</span> <span class='ocrx_word' id='word_1_563' title='bbox 2719 3816 2979 3888; x_wconf 87' lang='grc' dir='ltr'>Χριστοῦ,</span> <span class='ocrx_word' id='word_1_564' title='bbox 3019 3817 3101 3870; x_wconf 87' lang='grc' dir='ltr'>ὃτι</span> <span class='ocrx_word' id='word_1_565' title='bbox 3126 3815 3284 3884; x_wconf 74' lang='grc' dir='ltr'>παρὰ</span> <span class='ocrx_word' id='word_1_566' title='bbox 3315 3815 3450 3869; x_wconf 86' lang='grc' dir='ltr'>Θεοῦ</span> <span class='ocrx_word' id='word_1_567' title='bbox 3488 3816 3713 3886; x_wconf 77' lang='grc' dir='ltr'>ἐλήλυθε</span> 
     </span>
    </p>
   </div>
   <div class='ocr_carea' id='block_1_83' title="bbox 2141 3907 3714 3980">
    <p class='ocr_par' dir='ltr' id='par_1_83' title="bbox 2141 3907 3714 3980">
     <span class='ocr_line' id='line_1_83' title="bbox 2141 3907 3714 3980; baseline -0.003 -16"><span class='ocrx_word' id='word_1_568' title='bbox 2141 3909 2454 3973; x_wconf 80' lang='grc' dir='ltr'>διδάσκαλος</span> <span class='ocrx_word' id='word_1_569' title='bbox 2476 3926 2491 3942; x_wconf 73' lang='grc' dir='ltr'><strong>ο</strong></span> <span class='ocrx_word' id='word_1_570' title='bbox 2511 3911 2572 3962; x_wconf 82' lang='grc' dir='ltr'>τὸ</span> <span class='ocrx_word' id='word_1_571' title='bbox 2596 3911 2653 3963; x_wconf 84' lang='grc' dir='ltr'><strong>δὲ</strong></span> <span class='ocrx_word' id='word_1_572' title='bbox 2681 3909 2997 3964; x_wconf 81' lang='grc' dir='ltr'>ἀντιτείνειν</span> <span class='ocrx_word' id='word_1_573' title='bbox 3021 3909 3100 3979; x_wconf 85' lang='grc' dir='ltr'><strong>τῷ</strong></span> <span class='ocrx_word' id='word_1_574' title='bbox 3124 3910 3272 3980; x_wconf 83' lang='grc' dir='ltr'>παρὰ</span> <span class='ocrx_word' id='word_1_575' title='bbox 3291 3908 3424 3961; x_wconf 88' lang='grc' dir='ltr'>Θεοῦ</span> <span class='ocrx_word' id='word_1_576' title='bbox 3453 3909 3544 3961; x_wconf 81' lang='grc' dir='ltr'><strong>καὶ</strong></span> <span class='ocrx_word' id='word_1_577' title='bbox 3569 3907 3714 3978; x_wconf 84' lang='grc' dir='ltr'>Θεῷ,</span> 
     </span>
    </p>
   </div>
   <div class='ocr_carea' id='block_1_84' title="bbox 2143 3999 3715 4072">
    <p class='ocr_par' dir='ltr' id='par_1_84' title="bbox 2143 3999 3715 4072">
     <span class='ocr_line' id='line_1_84' title="bbox 2143 3999 3715 4072; baseline 0.001 -20"><span class='ocrx_word' id='word_1_578' title='bbox 2143 4000 2260 4063; x_wconf 83' lang='grc' dir='ltr'>πῶς</span> <span class='ocrx_word' id='word_1_579' title='bbox 2283 4001 2382 4052; x_wconf 80' lang='grc' dir='ltr'><strong>οὐκ</strong></span> <span class='ocrx_word' id='word_1_580' title='bbox 2409 4001 2474 4053; x_wconf 83' lang='grc' dir='ltr'>ἂν</span> <span class='ocrx_word' id='word_1_581' title='bbox 2500 4000 2708 4068; x_wconf 83' lang='grc' dir='ltr'>γένοιτο</span> <span class='ocrx_word' id='word_1_582' title='bbox 2728 4000 2976 4055; x_wconf 88' lang='grc' dir='ltr'>κινδύνου</span> <span class='ocrx_word' id='word_1_583' title='bbox 3003 4004 3199 4072; x_wconf 87' lang='grc' dir='ltr'>μεστόν</span> <span class='ocrx_word' id='word_1_584' title='bbox 3223 4018 3237 4066; x_wconf 89' lang='grc'><strong>;</strong></span> <span class='ocrx_word' id='word_1_585' title='bbox 3292 3999 3568 4071; x_wconf 86' lang='grc' dir='ltr'>Θεομαχία</span> <span class='ocrx_word' id='word_1_586' title='bbox 3605 4001 3715 4072; x_wconf 80' lang='grc' dir='ltr'><strong>γὰρ</strong></span> 
     </span>
    </p>
   </div>
   <div class='ocr_carea' id='block_1_85' title="bbox 2143 4091 3714 4164">
    <p class='ocr_par' dir='ltr' id='par_1_85' title="bbox 2143 4091 3714 4164">
     <span class='ocr_line' id='line_1_85' title="bbox 2143 4091 3714 4164; baseline 0.002 -20"><span class='ocrx_word' id='word_1_587' title='bbox 2143 4091 2241 4163; x_wconf 81' lang='grc' dir='ltr'><strong>ῆδη</strong></span> <span class='ocrx_word' id='word_1_588' title='bbox 2269 4092 2330 4145; x_wconf 85' lang='grc' dir='ltr'>τὸ</span> <span class='ocrx_word' id='word_1_589' title='bbox 2366 4093 2599 4162; x_wconf 81' lang='grc' dir='ltr'>πρᾶγμα</span> <span class='ocrx_word' id='word_1_590' title='bbox 2627 4093 2900 4161; x_wconf 81' lang='grc' dir='ltr'>φαίνεται.</span> <span class='ocrx_word' id='word_1_591' title='bbox 2929 4092 3074 4164; x_wconf 80' lang='grc' dir='ltr'>Πλὴν</span> <span class='ocrx_word' id='word_1_592' title='bbox 3099 4093 3270 4146; x_wconf 74' lang='grc' dir='ltr'>ἰστέον</span> <span class='ocrx_word' id='word_1_593' title='bbox 3293 4092 3539 4146; x_wconf 77' lang='grc' dir='ltr'>ἐντεῦθεν</span> <span class='ocrx_word' id='word_1_594' title='bbox 3560 4095 3714 4163; x_wconf 78' lang='grc' dir='ltr'>ἡμῖν,</span> 
     </span>
    </p>
   </div>
   <div class='ocr_carea' id='block_1_86' title="bbox 2143 4182 3714 4254">
    <p class='ocr_par' dir='ltr' id='par_1_86' title="bbox 2143 4182 3714 4254">
     <span class='ocr_line' id='line_1_86' title="bbox 2143 4182 3714 4254; baseline -0.001 -18"><span class='ocrx_word' id='word_1_595' title='bbox 2143 4182 2301 4254; x_wconf 81' lang='grc' dir='ltr'>οἷπερ</span> <span class='ocrx_word' id='word_1_596' title='bbox 2327 4182 2390 4236; x_wconf 87' lang='grc' dir='ltr'>ἂν</span> <span class='ocrx_word' id='word_1_597' title='bbox 2416 4183 2632 4254; x_wconf 73' lang='grc' dir='ltr'>ἔχοιμεν</span> <span class='ocrx_word' id='word_1_598' title='bbox 2651 4183 2745 4237; x_wconf 85' lang='grc' dir='ltr'><strong>τοῦ</strong></span> <span class='ocrx_word' id='word_1_599' title='bbox 2762 4184 3036 4237; x_wconf 82' lang='grc' dir='ltr'>διδάσκειν</span> <span class='ocrx_word' id='word_1_600' title='bbox 3057 4184 3157 4254; x_wconf 82' lang='grc' dir='ltr'>τὴν</span> <span class='ocrx_word' id='word_1_601' title='bbox 3179 4182 3446 4248; x_wconf 81' lang='grc' dir='ltr'>ἐξουσίαν,</span> <span class='ocrx_word' id='word_1_602' title='bbox 3481 4184 3563 4237; x_wconf 83' lang='grc' dir='ltr'>ὅτι</span> <span class='ocrx_word' id='word_1_603' title='bbox 3601 4187 3714 4248; x_wconf 76' lang='grc' dir='ltr'>τοῖς</span> 
     </span>
    </p>
   </div>
   <div class='ocr_carea' id='block_1_87' title="bbox 2143 4273 3716 4346">
    <p class='ocr_par' dir='ltr' id='par_1_87' title="bbox 2143 4273 3716 4346">
     <span class='ocr_line' id='line_1_87' title="bbox 2143 4273 3716 4346; baseline 0.003 -19"><span class='ocrx_word' id='word_1_604' title='bbox 2143 4273 2344 4344; x_wconf 84' lang='grc' dir='ltr'>ἀρτίως</span> <span class='ocrx_word' id='word_1_605' title='bbox 2381 4275 2474 4328; x_wconf 75' lang='grc' dir='ltr'>ἐπὶ</span> <span class='ocrx_word' id='word_1_606' title='bbox 2518 4275 2578 4328; x_wconf 86' lang='grc' dir='ltr'>τὸ</span> <span class='ocrx_word' id='word_1_607' title='bbox 2626 4273 2904 4328; x_wconf 91' lang='grc' dir='ltr'>πιστεύειν</span> <span class='ocrx_word' id='word_1_608' title='bbox 2961 4275 3128 4329; x_wconf 78' lang='grc' dir='ltr'>ἰοῦσιν</span> <span class='ocrx_word' id='word_1_609' title='bbox 3187 4276 3428 4346; x_wconf 84' lang='grc' dir='ltr'>ἀμείνων</span> <span class='ocrx_word' id='word_1_610' title='bbox 3461 4277 3494 4346; x_wconf 82' lang='grc' dir='ltr'><strong>ἡ</strong></span> <span class='ocrx_word' id='word_1_611' title='bbox 3533 4274 3716 4332; x_wconf 75' lang='grc' dir='ltr'>πίστις</span> 
     </span>
    </p>
   </div>
   <div class='ocr_carea' id='block_1_88' title="bbox 2145 4367 3716 4440">
    <p class='ocr_par' dir='ltr' id='par_1_88' title="bbox 2145 4367 3716 4440">
     <span class='ocr_line' id='line_1_88' title="bbox 2145 4367 3716 4440; baseline -0.003 -17"><span class='ocrx_word' id='word_1_612' title='bbox 2145 4372 2203 4424; x_wconf 85' lang='grc' dir='ltr'><strong>ἐν</strong></span> <span class='ocrx_word' id='word_1_613' title='bbox 2228 4370 2416 4434; x_wconf 85' lang='grc' dir='ltr'>ἁπλοῖς</span> <span class='ocrx_word' id='word_1_614' title='bbox 2445 4370 2746 4440; x_wconf 80' lang='grc' dir='ltr'>λογισμοῖς,</span> <span class='ocrx_word' id='word_1_615' title='bbox 2777 4369 2810 4440; x_wconf 79' lang='grc' dir='ltr'>ἢ</span> <span class='ocrx_word' id='word_1_616' title='bbox 2842 4367 3008 4438; x_wconf 84' lang='grc' dir='ltr'>βαθύς</span> <span class='ocrx_word' id='word_1_617' title='bbox 3034 4385 3118 4431; x_wconf 88' lang='grc' dir='ltr'><strong>τις</strong></span> <span class='ocrx_word' id='word_1_618' title='bbox 3151 4368 3328 4436; x_wconf 87' lang='grc' dir='ltr'>λόγος,</span> <span class='ocrx_word' id='word_1_619' title='bbox 3374 4367 3468 4420; x_wconf 77' lang='grc' dir='ltr'><strong>καὶ</strong></span> <span class='ocrx_word' id='word_1_620' title='bbox 3496 4383 3716 4438; x_wconf 81' lang='grc' dir='ltr'>περιερο</span> 
     </span>
    </p>
   </div>
   <div class='ocr_carea' id='block_1_89' title="bbox 478 4450 2054 4546">
    <p class='ocr_par' dir='ltr' id='par_1_89' title="bbox 478 4450 2044 4524">
     <span class='ocr_line' id='line_1_89' title="bbox 478 4450 2044 4524; baseline 0.003 -24"><span class='ocrx_word' id='word_1_621' title='bbox 478 4462 603 4500; x_wconf 84' lang='lat' dir='ltr'><strong>nem</strong></span> <span class='ocrx_word' id='word_1_622' title='bbox 647 4455 702 4503; x_wconf 88' lang='lat' dir='ltr'><strong>et</strong></span> <span class='ocrx_word' id='word_1_623' title='bbox 743 4463 1031 4517; x_wconf 85' lang='lat' dir='ltr'><strong>operosam</strong></span> <span class='ocrx_word' id='word_1_624' title='bbox 1064 4453 1485 4524; x_wconf 83' lang='lat' dir='ltr'><strong>expositionem.</strong></span> <span class='ocrx_word' id='word_1_625' title='bbox 1538 4453 1603 4508; x_wconf 84' lang='lat' dir='ltr'><strong>Et</strong></span> <span class='ocrx_word' id='word_1_626' title='bbox 1646 4461 1794 4507; x_wconf 85' lang='lat' dir='ltr'><strong>certe</strong></span> <span class='ocrx_word' id='word_1_627' title='bbox 1843 4450 2044 4505; x_wconf 86' lang='lat' dir='ltr'><strong>Paulus</strong></span> 
     </span>
    </p>
   </div>
   <div class='ocr_carea' id='block_1_90' title="bbox 2141 4450 3717 4546">
    <p class='ocr_par' dir='ltr' id='par_1_90' title="bbox 2144 4454 3717 4531">
     <span class='ocr_line' id='line_1_90' title="bbox 2144 4454 3717 4531; baseline -0.003 -19"><span class='ocrx_word' id='word_1_628' title='bbox 2144 4459 2344 4531; x_wconf 83' lang='grc' dir='ltr'>γοτέρα</span> <span class='ocrx_word' id='word_1_629' title='bbox 2369 4459 2568 4528; x_wconf 77' lang='grc' dir='ltr'>μᾶλλον</span> <span class='ocrx_word' id='word_1_630' title='bbox 2605 4457 2881 4529; x_wconf 78' lang='grc' dir='ltr'>ἐξήγησις.</span> <span class='ocrx_word' id='word_1_631' title='bbox 2935 4457 3169 4510; x_wconf 76' lang='grc' dir='ltr'>ι’άλακτι</span> <span class='ocrx_word' id='word_1_632' title='bbox 3218 4457 3274 4510; x_wconf 77' lang='grc' dir='ltr'><strong>δὲ</strong></span> <span class='ocrx_word' id='word_1_633' title='bbox 3308 4457 3400 4510; x_wconf 72' lang='grc' dir='ltr'><strong>καὶ</strong></span> <span class='ocrx_word' id='word_1_634' title='bbox 3439 4457 3466 4509; x_wconf 91' lang='lat'><strong>6</strong></span> <span class='ocrx_word' id='word_1_635' title='bbox 3505 4454 3717 4518; x_wconf 84' lang='grc' dir='ltr'>Παῦλος</span> 
     </span>
    </p>
   </div>
   <div class='ocr_carea' id='block_1_91' title="bbox 481 4538 2040 4613">
    <p class='ocr_par' dir='ltr' id='par_1_91' title="bbox 481 4538 2040 4613">
     <span class='ocr_line' id='line_1_91' title="bbox 481 4538 2040 4613; baseline 0.003 -22"><span class='ocrx_word' id='word_1_636' title='bbox 481 4541 596 4605; x_wconf 88' lang='lat' dir='ltr'><strong>ipse</strong></span> <span class='ocrx_word' id='word_1_637' title='bbox 639 4538 722 4592; x_wconf 91' lang='lat' dir='ltr'><strong>lac</strong></span> <span class='ocrx_word' id='word_1_638' title='bbox 753 4550 938 4609; x_wconf 90' lang='lat' dir='ltr'><strong>potum</strong></span> <span class='ocrx_word' id='word_1_639' title='bbox 974 4541 1138 4596; x_wconf 85' lang='lat' dir='ltr'><strong>dabat</strong></span> <span class='ocrx_word' id='word_1_640' title='bbox 1187 4545 1255 4600; x_wconf 92' lang='lat' dir='ltr'><strong>iis</strong></span> <span class='ocrx_word' id='word_1_641' title='bbox 1284 4545 1374 4613; x_wconf 88' lang='lat' dir='ltr'><strong>qui</strong></span> <span class='ocrx_word' id='word_1_642' title='bbox 1406 4545 1600 4600; x_wconf 88' lang='lat' dir='ltr'><strong>solidis</strong></span> <span class='ocrx_word' id='word_1_643' title='bbox 1629 4545 1768 4599; x_wconf 92' lang='lat' dir='ltr'><strong>cibis</strong></span> <span class='ocrx_word' id='word_1_644' title='bbox 1799 4543 2040 4599; x_wconf 90' lang='lat' dir='ltr'><strong>nondum</strong></span> 
     </span>
    </p>
   </div>
   <div class='ocr_carea' id='block_1_92' title="bbox 481 4630 2040 4701">
    <p class='ocr_par' dir='ltr' id='par_1_92' title="bbox 481 4630 2040 4701">
     <span class='ocr_line' id='line_1_92' title="bbox 481 4630 2040 4701; baseline 0.003 -18"><span class='ocrx_word' id='word_1_645' title='bbox 481 4630 557 4683; x_wconf 91' lang='lat' dir='ltr'><strong>uti</strong></span> <span class='ocrx_word' id='word_1_646' title='bbox 592 4637 843 4697; x_wconf 87' lang='lat' dir='ltr'><strong>poterant</strong></span> <span class='ocrx_word' id='word_1_647' title='bbox 873 4632 940 4687; x_wconf 82' lang='grc'><strong>¹⁸.</strong></span> <span class='ocrx_word' id='word_1_648' title='bbox 975 4632 1040 4686; x_wconf 85' lang='grc' dir='ltr'><strong>Ει</strong></span> <span class='ocrx_word' id='word_1_649' title='bbox 1073 4635 1517 4701; x_wconf 88' lang='lat' dir='ltr'><strong>sapientissimus</strong></span> <span class='ocrx_word' id='word_1_650' title='bbox 1551 4635 1807 4690; x_wconf 91' lang='lat' dir='ltr'><strong>Salomon</strong></span> <span class='ocrx_word' id='word_1_651' title='bbox 1840 4634 2040 4688; x_wconf 91' lang='lat' dir='ltr'><strong>alicubi</strong></span> 
     </span>
    </p>
   </div>
   <div class='ocr_carea' id='block_1_93' title="bbox 481 4719 2042 4795">
    <p class='ocr_par' dir='ltr' id='par_1_93' title="bbox 481 4719 2042 4795">
     <span class='ocr_line' id='line_1_93' title="bbox 481 4719 2042 4795; baseline 0.006 -24"><span class='ocrx_word' id='word_1_652' title='bbox 481 4719 642 4772; x_wconf 83' lang='lat' dir='ltr'><strong>nobis</strong></span> <span class='ocrx_word' id='word_1_653' title='bbox 680 4721 757 4776; x_wconf 86' lang='lat' dir='ltr'><strong>ait</strong></span> <span class='ocrx_word' id='word_1_654' title='bbox 791 4738 805 4774; x_wconf 88' lang='lat'>:</span> <span class='ocrx_word' id='word_1_655' title='bbox 843 4740 862 4773; x_wconf 82' lang='grc' dir='ltr'><strong>ι</strong></span> <span class='ocrx_word' id='word_1_656' title='bbox 904 4721 1201 4777; x_wconf 86' lang='lat' dir='ltr'><strong>Evidenter</strong></span> <span class='ocrx_word' id='word_1_657' title='bbox 1250 4739 1550 4793; x_wconf 87' lang='lat' dir='ltr'><strong>cognosces</strong></span> <span class='ocrx_word' id='word_1_658' title='bbox 1601 4726 1813 4780; x_wconf 89' lang='lat' dir='ltr'><strong>animas</strong></span> <span class='ocrx_word' id='word_1_659' title='bbox 1859 4725 2042 4795; x_wconf 88' lang='lat' dir='ltr'><strong>gregis</strong></span> 
     </span>
    </p>
   </div>
   <div class='ocr_carea' id='block_1_94' title="bbox 480 4809 2043 4883">
    <p class='ocr_par' dir='ltr' id='par_1_94' title="bbox 480 4809 2043 4883">
     <span class='ocr_line' id='line_1_94' title="bbox 480 4809 2043 4883; baseline 0.003 -22"><span class='ocrx_word' id='word_1_660' title='bbox 480 4809 560 4862; x_wconf 90' lang='lat' dir='ltr'><strong>tui</strong></span> <span class='ocrx_word' id='word_1_661' title='bbox 595 4809 636 4841; x_wconf 81' lang='grc'><strong><em>³⁸⁵</em></strong></span> <span class='ocrx_word' id='word_1_662' title='bbox 668 4829 682 4866; x_wconf 90' lang='lat'><strong>:</strong></span> <span class='ocrx_word' id='word_1_663' title='bbox 717 4829 736 4861; x_wconf 76' lang='grc' dir='ltr'><strong>ι</strong></span> <span class='ocrx_word' id='word_1_664' title='bbox 772 4810 962 4868; x_wconf 89' lang='lat' dir='ltr'><strong>volens</strong></span> <span class='ocrx_word' id='word_1_665' title='bbox 982 4811 1290 4867; x_wconf 86' lang='lat' dir='ltr'><strong>doctrinam</strong></span> <span class='ocrx_word' id='word_1_666' title='bbox 1313 4827 1418 4866; x_wconf 91' lang='lat' dir='ltr'><strong>non</strong></span> <span class='ocrx_word' id='word_1_667' title='bbox 1437 4827 1561 4868; x_wconf 90' lang='lat' dir='ltr'><strong>esse</strong></span> <span class='ocrx_word' id='word_1_668' title='bbox 1587 4812 1905 4883; x_wconf 89' lang='lat' dir='ltr'><strong>promiscue</strong></span> <span class='ocrx_word' id='word_1_669' title='bbox 1931 4819 2043 4866; x_wconf 90' lang='lat' dir='ltr'><strong>tra-</strong></span> 
     </span>
    </p>
   </div>
   <div class='ocr_carea' id='block_1_95' title="bbox 478 4901 2046 4976">
    <p class='ocr_par' dir='ltr' id='par_1_95' title="bbox 478 4901 2046 4976">
     <span class='ocr_line' id='line_1_95' title="bbox 478 4901 2046 4976; baseline 0.003 -21"><span class='ocrx_word' id='word_1_670' title='bbox 478 4901 712 4958; x_wconf 73' lang='lat' dir='ltr'><strong>dendam</strong></span> <span class='ocrx_word' id='word_1_671' title='bbox 738 4903 936 4968; x_wconf 87' lang='lat' dir='ltr'><strong>cuivis,</strong></span> <span class='ocrx_word' id='word_1_672' title='bbox 967 4904 1063 4961; x_wconf 82' lang='lat' dir='ltr'><strong>sed</strong></span> <span class='ocrx_word' id='word_1_673' title='bbox 1110 4904 1547 4975; x_wconf 88' lang='lat' dir='ltr'><strong>uniuscujusque</strong></span> <span class='ocrx_word' id='word_1_674' title='bbox 1597 4904 1780 4976; x_wconf 89' lang='lat' dir='ltr'><strong>captui</strong></span> <span class='ocrx_word' id='word_1_675' title='bbox 1829 4919 2046 4960; x_wconf 84' lang='lat' dir='ltr'><strong>accom-</strong></span> 
     </span>
    </p>
   </div>
   <div class='ocr_carea' id='block_1_96' title="bbox 479 4992 769 5050">
    <p class='ocr_par' dir='ltr' id='par_1_96' title="bbox 479 4992 769 5050">
     <span class='ocr_line' id='line_1_96' title="bbox 479 4992 769 5050; baseline 0.01 -3"><span class='ocrx_word' id='word_1_676' title='bbox 479 4992 769 5050; x_wconf 81' lang='lat' dir='ltr'><strong>tnodatam.</strong></span> 
     </span>
    </p>
   </div>
   <div class='ocr_carea' id='block_1_97' title="bbox 555 5087 2045 5160">
    <p class='ocr_par' dir='ltr' id='par_1_97' title="bbox 555 5087 2045 5160">
     <span class='ocr_line' id='line_1_97' title="bbox 555 5087 2045 5160; baseline -0.001 -16"><span class='ocrx_word' id='word_1_677' title='bbox 555 5087 714 5160; x_wconf 79' lang='lat'><strong>150</strong></span> <span class='ocrx_word' id='word_1_678' title='bbox 750 5087 839 5154; x_wconf 82' lang='lat' dir='ltr'><strong>Ill,</strong></span> <span class='ocrx_word' id='word_1_679' title='bbox 883 5091 969 5146; x_wconf 81' lang='lat' dir='ltr'><strong>ll.</strong></span> <span class='ocrx_word' id='word_1_680' title='bbox 1014 5090 1083 5146; x_wconf 79' lang='lat' dir='ltr'><strong>Et</strong></span> <span class='ocrx_word' id='word_1_681' title='bbox 1106 5092 1459 5147; x_wconf 77' lang='lat' dir='ltr'><strong>testimonium</strong></span> <span class='ocrx_word' id='word_1_682' title='bbox 1487 5098 1724 5146; x_wconf 69' lang='lat' dir='ltr'><strong>nostrum</strong></span> <span class='ocrx_word' id='word_1_683' title='bbox 1759 5108 1864 5146; x_wconf 83' lang='lat' dir='ltr'><strong>non</strong></span> <span class='ocrx_word' id='word_1_684' title='bbox 1902 5090 2045 5144; x_wconf 84' lang='lat' dir='ltr'><strong>acci-</strong></span> 
     </span>
    </p>
   </div>
   <div class='ocr_carea' id='block_1_98' title="bbox 475 5180 624 5246">
    <p class='ocr_par' dir='ltr' id='par_1_98' title="bbox 475 5180 624 5246">
     <span class='ocr_line' id='line_1_98' title="bbox 475 5180 624 5246; baseline 0.007 -15"><span class='ocrx_word' id='word_1_685' title='bbox 475 5180 624 5246; x_wconf 80' lang='lat' dir='ltr'><strong>pilis.</strong></span> 
     </span>
    </p>
   </div>
   <div class='ocr_carea' id='block_1_99' title="bbox 548 5267 2043 5345">
    <p class='ocr_par' dir='ltr' id='par_1_99' title="bbox 548 5267 2043 5345">
     <span class='ocr_line' id='line_1_99' title="bbox 548 5267 2043 5345; baseline 0.003 -23"><span class='ocrx_word' id='word_1_686' title='bbox 548 5267 606 5322; x_wconf 87' lang='lat' dir='ltr'><strong>lu</strong></span> <span class='ocrx_word' id='word_1_687' title='bbox 635 5271 831 5339; x_wconf 91' lang='lat' dir='ltr'><strong>plurali</strong></span> <span class='ocrx_word' id='word_1_688' title='bbox 859 5289 1090 5330; x_wconf 89' lang='lat' dir='ltr'><strong>numero</strong></span> <span class='ocrx_word' id='word_1_689' title='bbox 1109 5274 1265 5330; x_wconf 88' lang='lat' dir='ltr'><strong>testis</strong></span> <span class='ocrx_word' id='word_1_690' title='bbox 1289 5288 1580 5345; x_wconf 83' lang='lat' dir='ltr'><strong>personam</strong></span> <span class='ocrx_word' id='word_1_691' title='bbox 1610 5270 1870 5328; x_wconf 87' lang='lat' dir='ltr'><strong>Servator</strong></span> <span class='ocrx_word' id='word_1_692' title='bbox 1890 5281 2043 5327; x_wconf 80' lang='lat' dir='ltr'><strong>extu-</strong></span> 
     </span>
    </p>
   </div>
   <div class='ocr_carea' id='block_1_100' title="bbox 477 5361 2044 5437">
    <p class='ocr_par' dir='ltr' id='par_1_100' title="bbox 477 5361 2044 5437">
     <span class='ocr_line' id='line_1_100' title="bbox 477 5361 2044 5437; baseline 0.005 -26"><span class='ocrx_word' id='word_1_693' title='bbox 477 5361 556 5418; x_wconf 89' lang='lat' dir='ltr'><strong>lit.</strong></span> <span class='ocrx_word' id='word_1_694' title='bbox 597 5369 724 5429; x_wconf 90' lang='lat' dir='ltr'><strong>puta</strong></span> <span class='ocrx_word' id='word_1_695' title='bbox 766 5367 915 5433; x_wconf 92' lang='lat' dir='ltr'><strong>quod</strong></span> <span class='ocrx_word' id='word_1_696' title='bbox 966 5367 1021 5421; x_wconf 87' lang='lat' dir='ltr'><strong>in</strong></span> <span class='ocrx_word' id='word_1_697' title='bbox 1057 5367 1242 5437; x_wconf 87' lang='lat' dir='ltr'><strong>seipso</strong></span> <span class='ocrx_word' id='word_1_698' title='bbox 1290 5366 1502 5422; x_wconf 84' lang='lat' dir='ltr'><strong>Patrem</strong></span> <span class='ocrx_word' id='word_1_699' title='bbox 1547 5366 1744 5421; x_wconf 85' lang='lat' dir='ltr'><strong>habeat</strong></span> <span class='ocrx_word' id='word_1_700' title='bbox 1774 5381 1838 5420; x_wconf 91' lang='lat' dir='ltr'><strong>ac</strong></span> <span class='ocrx_word' id='word_1_701' title='bbox 1871 5363 2044 5434; x_wconf 86' lang='lat' dir='ltr'><strong>Spiri-</strong></span> 
     </span>
    </p>
   </div>
   <div class='ocr_carea' id='block_1_101' title="bbox 476 5455 2040 5528">
    <p class='ocr_par' dir='ltr' id='par_1_101' title="bbox 476 5455 2040 5528">
     <span class='ocr_line' id='line_1_101' title="bbox 476 5455 2040 5528; baseline 0.006 -27"><span class='ocrx_word' id='word_1_702' title='bbox 476 5460 590 5504; x_wconf 88' lang='lat' dir='ltr'><strong>tum</strong></span> <span class='ocrx_word' id='word_1_703' title='bbox 623 5463 815 5507; x_wconf 89' lang='lat' dir='ltr'><strong>natura</strong></span> <span class='ocrx_word' id='word_1_704' title='bbox 848 5475 861 5508; x_wconf 90' lang='lat'>:</span> <span class='ocrx_word' id='word_1_705' title='bbox 891 5465 952 5510; x_wconf 92' lang='lat' dir='ltr'><strong>ttt</strong></span> <span class='ocrx_word' id='word_1_706' title='bbox 982 5457 1390 5526; x_wconf 89' lang='lat' dir='ltr'><strong>quodammodo</strong></span> <span class='ocrx_word' id='word_1_707' title='bbox 1429 5457 1586 5526; x_wconf 83' lang='lat' dir='ltr'><strong>juxta</strong></span> <span class='ocrx_word' id='word_1_708' title='bbox 1640 5458 1809 5528; x_wconf 84' lang='lat' dir='ltr'><strong>legem</strong></span> <span class='ocrx_word' id='word_1_709' title='bbox 1843 5455 2040 5511; x_wconf 83' lang='lat' dir='ltr'><strong>Mosai-</strong></span> 
     </span>
    </p>
   </div>
   <div class='ocr_carea' id='block_1_102' title="bbox 477 5543 2038 5605">
    <p class='ocr_par' dir='ltr' id='par_1_102' title="bbox 477 5543 2038 5605">
     <span class='ocr_line' id='line_1_102' title="bbox 477 5543 2038 5605; baseline 0.008 -15"><span class='ocrx_word' id='word_1_710' title='bbox 477 5554 620 5601; x_wconf 86' lang='lat' dir='ltr'><strong>cant,</strong></span> <span class='ocrx_word' id='word_1_711' title='bbox 650 5543 704 5596; x_wconf 90' lang='lat' dir='ltr'><strong>in</strong></span> <span class='ocrx_word' id='word_1_712' title='bbox 734 5559 828 5599; x_wconf 89' lang='lat' dir='ltr'><strong>ore</strong></span> <span class='ocrx_word' id='word_1_713' title='bbox 856 5546 1088 5601; x_wconf 90' lang='lat' dir='ltr'><strong>duorum</strong></span> <span class='ocrx_word' id='word_1_714' title='bbox 1107 5558 1163 5603; x_wconf 88' lang='lat' dir='ltr'><strong>et</strong></span> <span class='ocrx_word' id='word_1_715' title='bbox 1177 5549 1340 5604; x_wconf 90' lang='lat' dir='ltr'><strong>trium</strong></span> <span class='ocrx_word' id='word_1_716' title='bbox 1367 5551 1584 5605; x_wconf 86' lang='lat' dir='ltr'><strong>testium</strong></span> <span class='ocrx_word' id='word_1_717' title='bbox 1609 5551 1834 5605; x_wconf 86' lang='lat' dir='ltr'><strong>verbum</strong></span> <span class='ocrx_word' id='word_1_718' title='bbox 1857 5552 2038 5604; x_wconf 78' lang='lat' dir='ltr'><strong>Iit-me-</strong></span> 
     </span>
    </p>
   </div>
   <div class='ocr_carea' id='block_1_103' title="bbox 553 5699 953 5766">
    <p class='ocr_par' dir='ltr' id='par_1_103' title="bbox 553 5699 953 5766">
     <span class='ocr_line' id='line_1_103' title="bbox 553 5699 953 5766; baseline 0.005 -13"><span class='ocrx_word' id='word_1_719' title='bbox 553 5700 592 5730; x_wconf 74' lang='lat'>”</span> <span class='ocrx_word' id='word_1_720' title='bbox 622 5699 777 5754; x_wconf 78' lang='lat' dir='ltr'><strong>Rom.</strong></span> <span class='ocrx_word' id='word_1_721' title='bbox 797 5717 872 5766; x_wconf 74' lang='grc' dir='ltr'>χι,</span> <span class='ocrx_word' id='word_1_722' title='bbox 900 5703 953 5755; x_wconf 89' lang='lat'><strong>8.</strong></span> 
     </span>
    </p>
   </div>
   <div class='ocr_carea' id='block_1_104' title="bbox 1032 5703 2608 5771">
    <p class='ocr_par' dir='ltr' id='par_1_104' title="bbox 1032 5703 2608 5771">
     <span class='ocr_line' id='line_1_104' title="bbox 1032 5703 2608 5771; baseline 0.004 -13"><span class='ocrx_word' id='word_1_723' title='bbox 1032 5703 1465 5771; x_wconf 65' lang='lat' dir='ltr'><strong>&quot;Matth.x,24.</strong></span> <span class='ocrx_word' id='word_1_724' title='bbox 1546 5706 1616 5737; x_wconf 80' lang='lat'><strong>“&#39;</strong></span> <span class='ocrx_word' id='word_1_725' title='bbox 1645 5706 1815 5761; x_wconf 77' lang='lat' dir='ltr'><strong>Matth</strong></span> <span class='ocrx_word' id='word_1_726' title='bbox 1861 5707 2118 5771; x_wconf 68' lang='lat' dir='ltr'><strong>xxttt,‘27.</strong></span> <span class='ocrx_word' id='word_1_727' title='bbox 2188 5707 2608 5769; x_wconf 75' lang='lat' dir='ltr'><strong>“.\ct.xxm,5.</strong></span> 
     </span>
    </p>
   </div>
   <div class='ocr_carea' id='block_1_105' title="bbox 2148 4545 3716 4618">
    <p class='ocr_par' dir='ltr' id='par_1_105' title="bbox 2148 4545 3716 4618">
     <span class='ocr_line' id='line_1_105' title="bbox 2148 4545 3716 4618; baseline -0.003 -15"><span class='ocrx_word' id='word_1_728' title='bbox 2148 4550 2367 4614; x_wconf 79' lang='grc' dir='ltr'>ἐπότιζὲ</span> <span class='ocrx_word' id='word_1_729' title='bbox 2415 4567 2589 4614; x_wconf 88' lang='grc' dir='ltr'>τινας,</span> <span class='ocrx_word' id='word_1_730' title='bbox 2629 4548 2783 4602; x_wconf 73' lang='grc' dir='ltr'>οὔπω</span> <span class='ocrx_word' id='word_1_731' title='bbox 2827 4547 3161 4617; x_wconf 90' lang='grc' dir='ltr'>δυναμένους</span> <span class='ocrx_word' id='word_1_732' title='bbox 3188 4547 3296 4599; x_wconf 81' lang='grc' dir='ltr'><strong>τῶν</strong></span> <span class='ocrx_word' id='word_1_733' title='bbox 3334 4545 3716 4618; x_wconf 85' lang='grc' dir='ltr'>στερεωτέρων</span> 
     </span>
    </p>
   </div>
   <div class='ocr_carea' id='block_1_106' title="bbox 2151 4639 3719 4712">
    <p class='ocr_par' dir='ltr' id='par_1_106' title="bbox 2151 4639 3719 4712">
     <span class='ocr_line' id='line_1_106' title="bbox 2151 4639 3719 4712; baseline -0.003 -18"><span class='ocrx_word' id='word_1_734' title='bbox 2151 4642 2422 4712; x_wconf 88' lang='grc' dir='ltr'>μετίσχειν</span> <span class='ocrx_word' id='word_1_735' title='bbox 2441 4641 2742 4712; x_wconf 78' lang='grc' dir='ltr'>βρωμάτιον</span> <span class='ocrx_word' id='word_1_736' title='bbox 2757 4659 2771 4673; x_wconf 73' lang='grc'><strong><em>⁸</em></strong></span> <span class='ocrx_word' id='word_1_737' title='bbox 2799 4641 2892 4696; x_wconf 72' lang='grc' dir='ltr'>καὶ</span> <span class='ocrx_word' id='word_1_738' title='bbox 2916 4639 3238 4703; x_wconf 74' lang='grc' dir='ltr'>«Γνωστῶςι</span> <span class='ocrx_word' id='word_1_739' title='bbox 3259 4639 3314 4693; x_wconf 81' lang='grc' dir='ltr'><strong>δέ</strong></span> <span class='ocrx_word' id='word_1_740' title='bbox 3332 4639 3513 4703; x_wconf 82' lang='grc' dir='ltr'>πάλιν,</span> <span class='ocrx_word' id='word_1_741' title='bbox 3539 4660 3559 4691; x_wconf 87' lang='grc'><strong><em>‹</em></strong></span> <span class='ocrx_word' id='word_1_742' title='bbox 3597 4641 3719 4692; x_wconf 77' lang='grc' dir='ltr'>ἐπι-</span> 
     </span>
    </p>
   </div>
   <div class='ocr_carea' id='block_1_107' title="bbox 2149 4730 3721 4804">
    <p class='ocr_par' dir='ltr' id='par_1_107' title="bbox 2149 4730 3721 4804">
     <span class='ocr_line' id='line_1_107' title="bbox 2149 4730 3721 4804; baseline -0.001 -18"><span class='ocrx_word' id='word_1_743' title='bbox 2149 4733 2333 4803; x_wconf 83' lang='grc' dir='ltr'>γνὼσῃ</span> <span class='ocrx_word' id='word_1_744' title='bbox 2364 4733 2537 4804; x_wconf 76' lang='grc' dir='ltr'>ψυχὰς</span> <span class='ocrx_word' id='word_1_745' title='bbox 2573 4734 2823 4804; x_wconf 88' lang='grc' dir='ltr'>ποιμνίου</span> <span class='ocrx_word' id='word_1_746' title='bbox 2878 4751 2993 4798; x_wconf 90' lang='grc' dir='ltr'>σου,</span> <span class='ocrx_word' id='word_1_747' title='bbox 3023 4751 3042 4785; x_wconf 68' lang='grc' dir='ltr'><strong>ι</strong></span> <span class='ocrx_word' id='word_1_748' title='bbox 3075 4732 3210 4804; x_wconf 76' lang='grc' dir='ltr'>πρὸς</span> <span class='ocrx_word' id='word_1_749' title='bbox 3235 4733 3386 4802; x_wconf 79' lang='grc' dir='ltr'>ἡμᾶς</span> <span class='ocrx_word' id='word_1_750' title='bbox 3415 4730 3516 4785; x_wconf 83' lang='grc' dir='ltr'><strong>πού</strong></span> <span class='ocrx_word' id='word_1_751' title='bbox 3552 4746 3721 4802; x_wconf 84' lang='grc' dir='ltr'>φησιν</span> 
     </span>
    </p>
   </div>
   <div class='ocr_carea' id='block_1_108' title="bbox 2150 4823 3721 4896">
    <p class='ocr_par' dir='ltr' id='par_1_108' title="bbox 2150 4823 3721 4896">
     <span class='ocr_line' id='line_1_108' title="bbox 2150 4823 3721 4896; baseline -0.002 -18"><span class='ocrx_word' id='word_1_752' title='bbox 2150 4826 2178 4878; x_wconf 84' lang='lat'><strong>6</strong></span> <span class='ocrx_word' id='word_1_753' title='bbox 2204 4823 2508 4893; x_wconf 82' lang='grc' dir='ltr'>σοφώτατος</span> <span class='ocrx_word' id='word_1_754' title='bbox 2557 4824 2806 4894; x_wconf 81' lang='grc' dir='ltr'>Σολομὼν</span> <span class='ocrx_word' id='word_1_755' title='bbox 2826 4842 2840 4857; x_wconf 79' lang='grc' dir='ltr'><strong>ο</strong></span> <span class='ocrx_word' id='word_1_756' title='bbox 2889 4825 2988 4878; x_wconf 82' lang='grc' dir='ltr'><strong>οὐκ</strong></span> <span class='ocrx_word' id='word_1_757' title='bbox 3045 4824 3358 4896; x_wconf 85' lang='grc' dir='ltr'>ἀδιάκριτον</span> <span class='ocrx_word' id='word_1_758' title='bbox 3405 4825 3517 4886; x_wconf 86' lang='grc' dir='ltr'>τοῖς</span> <span class='ocrx_word' id='word_1_759' title='bbox 3549 4839 3721 4892; x_wconf 81' lang='grc' dir='ltr'>προσ·-</span> 
     </span>
    </p>
   </div>
   <div class='ocr_carea' id='block_1_109' title="bbox 2152 4915 3718 4988">
    <p class='ocr_par' dir='ltr' id='par_1_109' title="bbox 2152 4915 3718 4988">
     <span class='ocr_line' id='line_1_109' title="bbox 2152 4915 3718 4988; baseline -0.001 -18"><span class='ocrx_word' id='word_1_760' title='bbox 2152 4916 2291 4970; x_wconf 90' lang='grc' dir='ltr'>ιοῦσι</span> <span class='ocrx_word' id='word_1_761' title='bbox 2357 4915 2446 4970; x_wconf 76' lang='grc' dir='ltr'>τὸν</span> <span class='ocrx_word' id='word_1_762' title='bbox 2496 4915 2872 4969; x_wconf 78' lang='grc' dir='ltr'>διδασκαλικὸν</span> <span class='ocrx_word' id='word_1_763' title='bbox 2925 4916 3126 4970; x_wconf 87' lang='grc' dir='ltr'>ἐθέλων</span> <span class='ocrx_word' id='word_1_764' title='bbox 3179 4915 3502 4988; x_wconf 83' lang='grc' dir='ltr'>προκεῖσθαι</span> <span class='ocrx_word' id='word_1_765' title='bbox 3537 4915 3718 4983; x_wconf 87' lang='grc' dir='ltr'>λόγον,</span> 
     </span>
    </p>
   </div>
   <div class='ocr_carea' id='block_1_110' title="bbox 2149 5007 3720 5080">
    <p class='ocr_par' dir='ltr' id='par_1_110' title="bbox 2149 5007 3720 5080">
     <span class='ocr_line' id='line_1_110' title="bbox 2149 5007 3720 5080; baseline 0.001 -19"><span class='ocrx_word' id='word_1_766' title='bbox 2149 5008 2287 5062; x_wconf 78' lang='grc' dir='ltr'>ἀλλὰ</span> <span class='ocrx_word' id='word_1_767' title='bbox 2324 5011 2436 5070; x_wconf 89' lang='grc' dir='ltr'>τοῖς</span> <span class='ocrx_word' id='word_1_768' title='bbox 2467 5007 2698 5062; x_wconf 76' lang='grc' dir='ltr'>ἑκάστου</span> <span class='ocrx_word' id='word_1_769' title='bbox 2731 5008 2949 5080; x_wconf 80' lang='grc' dir='ltr'>μέτροις</span> <span class='ocrx_word' id='word_1_770' title='bbox 2978 5007 3256 5076; x_wconf 80' lang='grc' dir='ltr'>ἀναλόγως</span> <span class='ocrx_word' id='word_1_771' title='bbox 3276 5007 3720 5079; x_wconf 84' lang='grc' dir='ltr'>ἐφηρμοσμένον.</span> 
     </span>
    </p>
   </div>
   <div class='ocr_carea' id='block_1_111' title="bbox 2221 5099 3505 5171">
    <p class='ocr_par' dir='ltr' id='par_1_111' title="bbox 2221 5099 3505 5171">
     <span class='ocr_line' id='line_1_111' title="bbox 2221 5099 3505 5171; baseline -0.001 -16"><span class='ocrx_word' id='word_1_772' title='bbox 2221 5099 2330 5155; x_wconf 74' lang='grc' dir='ltr'><strong>Καὶ</strong></span> <span class='ocrx_word' id='word_1_773' title='bbox 2359 5100 2473 5168; x_wconf 72' lang='grc' dir='ltr'>τὴν</span> <span class='ocrx_word' id='word_1_774' title='bbox 2485 5101 2818 5171; x_wconf 81' lang='grc' dir='ltr'>μαρτυρίαν</span> <span class='ocrx_word' id='word_1_775' title='bbox 2851 5099 3020 5170; x_wconf 73' lang='grc' dir='ltr'>ἡμῶν</span> <span class='ocrx_word' id='word_1_776' title='bbox 3043 5101 3116 5155; x_wconf 80' lang='grc' dir='ltr'>οὐ</span> <span class='ocrx_word' id='word_1_777' title='bbox 3153 5101 3505 5170; x_wconf 77' lang='grc' dir='ltr'>λαμϐάνετε.</span> 
     </span>
    </p>
   </div>
   <div class='ocr_carea' id='block_1_112' title="bbox 2231 5273 3719 5347">
    <p class='ocr_par' dir='ltr' id='par_1_112' title="bbox 2231 5273 3719 5347">
     <span class='ocr_line' id='line_1_112' title="bbox 2231 5273 3719 5347; baseline -0.001 -19"><span class='ocrx_word' id='word_1_778' title='bbox 2231 5276 2316 5338; x_wconf 83' lang='grc' dir='ltr'>Ὠς</span> <span class='ocrx_word' id='word_1_779' title='bbox 2360 5275 2500 5345; x_wconf 79' lang='grc' dir='ltr'>ἔχων</span> <span class='ocrx_word' id='word_1_780' title='bbox 2561 5276 2618 5328; x_wconf 86' lang='grc' dir='ltr'><strong>ἐν</strong></span> <span class='ocrx_word' id='word_1_781' title='bbox 2673 5275 2851 5346; x_wconf 83' lang='grc' dir='ltr'>ἐαυτῷ</span> <span class='ocrx_word' id='word_1_782' title='bbox 2889 5276 2981 5330; x_wconf 78' lang='grc' dir='ltr'>τὸν</span> <span class='ocrx_word' id='word_1_783' title='bbox 3013 5277 3235 5347; x_wconf 85' lang='grc' dir='ltr'>Πατέρα</span> <span class='ocrx_word' id='word_1_784' title='bbox 3262 5277 3356 5330; x_wconf 76' lang='grc' dir='ltr'><strong>καὶ</strong></span> <span class='ocrx_word' id='word_1_785' title='bbox 3387 5277 3451 5330; x_wconf 82' lang='grc' dir='ltr'>τὸ</span> <span class='ocrx_word' id='word_1_786' title='bbox 3489 5273 3719 5346; x_wconf 85' lang='grc' dir='ltr'>Πνεῦμα</span> 
     </span>
    </p>
   </div>
   <div class='ocr_carea' id='block_1_113' title="bbox 2147 5365 3716 5440">
    <p class='ocr_par' dir='ltr' id='par_1_113' title="bbox 2147 5365 3716 5440">
     <span class='ocr_line' id='line_1_113' title="bbox 2147 5365 3716 5440; baseline -0.001 -20"><span class='ocrx_word' id='word_1_787' title='bbox 2147 5367 2411 5436; x_wconf 84' lang='grc' dir='ltr'>φυσικῶς,</span> <span class='ocrx_word' id='word_1_788' title='bbox 2470 5370 2549 5431; x_wconf 79' lang='grc' dir='ltr'><strong>εἰς</strong></span> <span class='ocrx_word' id='word_1_789' title='bbox 2594 5365 2952 5438; x_wconf 78' lang='grc' dir='ltr'>πληθυντικὸν</span> <span class='ocrx_word' id='word_1_790' title='bbox 3007 5367 3242 5440; x_wconf 75' lang='grc' dir='ltr'>ἀριθμὸν</span> <span class='ocrx_word' id='word_1_791' title='bbox 3266 5370 3326 5425; x_wconf 77' lang='grc' dir='ltr'>τὸ</span> <span class='ocrx_word' id='word_1_792' title='bbox 3370 5367 3479 5423; x_wconf 84' lang='grc' dir='ltr'><strong>τῶν</strong></span> <span class='ocrx_word' id='word_1_793' title='bbox 3510 5384 3716 5438; x_wconf 88' lang='grc' dir='ltr'>μαρτυ-</span> 
     </span>
    </p>
   </div>
   <div class='ocr_carea' id='block_1_114' title="bbox 2148 5456 3716 5531">
    <p class='ocr_par' dir='ltr' id='par_1_114' title="bbox 2148 5456 3716 5531">
     <span class='ocr_line' id='line_1_114' title="bbox 2148 5456 3716 5531; baseline 0 -20"><span class='ocrx_word' id='word_1_794' title='bbox 2148 5457 2384 5528; x_wconf 85' lang='grc' dir='ltr'>ρούντων</span> <span class='ocrx_word' id='word_1_795' title='bbox 2423 5458 2710 5530; x_wconf 88' lang='grc' dir='ltr'>πρόσωπον</span> <span class='ocrx_word' id='word_1_796' title='bbox 2768 5456 3030 5523; x_wconf 82' lang='grc' dir='ltr'>ἐξέτεινεν</span> <span class='ocrx_word' id='word_1_797' title='bbox 3073 5461 3102 5512; x_wconf 89' lang='lat'><strong>6</strong></span> <span class='ocrx_word' id='word_1_798' title='bbox 3134 5461 3325 5531; x_wconf 76' lang='grc' dir='ltr'>Σωτήρ</span> <span class='ocrx_word' id='word_1_799' title='bbox 3349 5476 3362 5488; x_wconf 79' lang='lat'><strong>&#39;</strong></span> <span class='ocrx_word' id='word_1_800' title='bbox 3397 5460 3483 5512; x_wconf 75' lang='grc' dir='ltr'><strong>ἵνα</strong></span> <span class='ocrx_word' id='word_1_801' title='bbox 3515 5458 3716 5528; x_wconf 84' lang='grc' dir='ltr'>τρόπον</span> 
     </span>
    </p>
   </div>
   <div class='ocr_carea' id='block_1_115' title="bbox 2143 5547 3716 5620">
    <p class='ocr_par' dir='ltr' id='par_1_115' title="bbox 2143 5547 3716 5620">
     <span class='ocr_line' id='line_1_115' title="bbox 2143 5547 3716 5620; baseline -0.001 -19"><span class='ocrx_word' id='word_1_802' title='bbox 2143 5548 2290 5615; x_wconf 73' lang='grc' dir='ltr'>τινὰ,</span> <span class='ocrx_word' id='word_1_803' title='bbox 2317 5549 2456 5603; x_wconf 76' lang='grc' dir='ltr'>κατὰ</span> <span class='ocrx_word' id='word_1_804' title='bbox 2471 5549 2558 5602; x_wconf 78' lang='grc' dir='ltr'><strong>τὸν</strong></span> <span class='ocrx_word' id='word_1_805' title='bbox 2583 5548 2837 5611; x_wconf 80' lang='grc' dir='ltr'>Μωσέως</span> <span class='ocrx_word' id='word_1_806' title='bbox 2869 5549 3053 5619; x_wconf 80' lang='grc' dir='ltr'>νόμον,</span> <span class='ocrx_word' id='word_1_807' title='bbox 3091 5551 3181 5603; x_wconf 69' lang='grc' dir='ltr'><strong>ἐπὶ</strong></span> <span class='ocrx_word' id='word_1_808' title='bbox 3211 5551 3477 5620; x_wconf 84' lang='grc' dir='ltr'>στόματος</span> <span class='ocrx_word' id='word_1_809' title='bbox 3505 5549 3599 5602; x_wconf 85' lang='grc' dir='ltr'><strong>δύο</strong></span> <span class='ocrx_word' id='word_1_810' title='bbox 3622 5547 3716 5601; x_wconf 76' lang='grc' dir='ltr'><strong>καὶ</strong></span> 
     </span>
    </p>
   </div>
   <div class='ocr_carea' id='block_1_116' title="bbox 2691 5701 3712 5773">
    <p class='ocr_par' dir='ltr' id='par_1_116' title="bbox 2691 5701 3712 5773">
     <span class='ocr_line' id='line_1_116' title="bbox 2691 5701 3712 5773; baseline -0.006 -12"><span class='ocrx_word' id='word_1_811' title='bbox 2691 5709 2731 5741; x_wconf 82' lang='grc'><strong>¹³</strong></span> <span class='ocrx_word' id='word_1_812' title='bbox 2765 5705 2924 5763; x_wconf 86' lang='lat' dir='ltr'><strong>lCor.</strong></span> <span class='ocrx_word' id='word_1_813' title='bbox 2957 5706 3104 5773; x_wconf 74' lang='lat' dir='ltr'><strong>ttt,2.</strong></span> <span class='ocrx_word' id='word_1_814' title='bbox 3175 5707 3216 5737; x_wconf 88' lang='grc'><strong>¹⁶</strong></span> <span class='ocrx_word' id='word_1_815' title='bbox 3247 5705 3405 5763; x_wconf 81' lang='lat' dir='ltr'><strong>Prov.</strong></span> <span class='ocrx_word' id='word_1_816' title='bbox 3430 5701 3712 5767; x_wconf 71' lang='lat' dir='ltr'><strong>xxvr:,‘£3.</strong></span> 
     </span>
    </p>
   </div>
  </div>
