4040 6214
327 307 433 365 Ξίθ

1378 307 1452 364 IN
1484 305 1772 368 JOANNIS
1806 310 2250 368 EVANGELIUM
2291 315 2419 369 LIB.
2461 315 2526 370 11.

3467 323 3575 377 250

327 425 492 497 τριῶν
523 423 816 495 μαρτύρων
857 425 1188 497 κρατύνηται
1220 423 1288 478 τὸ
1323 427 1629 502 εἰρημένον.
1664 431 1908 507 Οὒδαμό-

2017 441 2122 486 tur.
2144 432 2400 488 Ostendit
2417 444 2598 489 autem
2616 433 2833 491 Iudaeos
2855 435 3084 492 salutem
3107 437 3268 507 plane
3292 451 3574 507 respuere,

329 517 422 570 θεν
456 516 510 568 δὲ
538 515 675 579 ὅλως
705 513 1079 580 ἀνασώζεσθαι
1107 515 1358 581 θέλοντας
1411 519 1738 574 ἐπιδεικνύει
1779 522 1908 586 τοὺς

341 608 653 672 Ἰουδαίους,
699 607 976 676 ἀχαλίνοις
1007 608 1063 662 δὲ
1101 607 1290 672 ἀπλῶς
1335 609 1432 663 καὶ
1477 611 1906 682 ἀπερισκέπτως

328 701 526 770 ὁρμαῖς
559 700 650 751 ἐπὶ
678 698 740 751 τὸ
765 698 900 768 βαθὺ
937 703 1036 770 τῆς
1069 699 1341 764 ἀπωλείας
1369 701 1703 772 φερομένους
1733 704 1906 776 βάρα-

330 790 484 860 θρον·
518 791 565 842 εἰ
591 788 701 860 γὰρ
737 791 872 860 μήτε
895 793 1031 844 νοεῖν
1069 790 1342 861 ἰσχύουσιν
1355 793 1419 845 ὲκ
1442 793 1642 864 πολλῆς
1666 795 1907 865 ἀμαθίας

328 885 387 934 τὸ
411 882 831 952 κηρυττόμενον,
871 883 1005 952 μήτε
1040 882 1222 936 πίστει
1265 884 1538 938 ποιοῦνται
1575 886 1783 950 δεκτὸν,
1820 887 1904 952 τίς

327 973 394 1026 ἂν
417 975 602 1036 αὐτοῖς
632 973 905 1045 σωτηρίας
941 974 1125 1045 ἔτερος
1179 975 1486 1046 ἐπινοηθείη
1526 977 1762 1048 τρόπος;
1798 979 1907 1031 Κα-

328 1066 437 1128 λῶς
460 1066 525 1136 δὴ
554 1063 667 1129 οὖν,
697 1065 794 1119 καί⁸
826 1065 971 1136 μάλα
999 1066 1226 1130 δικαίως
1256 1067 1661 1139 ἀναπολόγητον
1689 1068 1906 1122 ἔσεσθαι

329 1156 428 1225 τὴν
471 1155 826 1226 Ἰερουσαλὴμ
868 1156 1107 1226 ἔφασκεν
1141 1159 1170 1211 ὁ
1218 1157 1428 1228 Σωτὴρ,
1467 1158 1543 1222 ὡς
1576 1159 1905 1230 αὐτόκλητον

329 1247 416 1313 ἐφ’
442 1246 640 1317 ἑαυτὴν
663 1246 1017 1318 ἀρτιάζουσαν
1042 1248 1286 1320 ὄλεθρον.
1305 1268 1324 1299 α
1380 1249 1737 1321 Ἰερουσαλὴμ
1769 1250 1903 1322 γὰρ,

343 1338 721 1408 Ἰερουσαλὴμ,
759 1339 945 1408 φησὶν,
969 1340 1413 1410 ήάποκτείνουσα
1447 1341 1570 1403 τοὺς
1598 1343 1900 1412 προφήτας,

328 1433 429 1484 καὶ
443 1433 784 1487 λιθοϐολοῦσα
798 1434 924 1498 τοὺς
935 1434 1377 1499 ἀπεσταλμένους
1392 1435 1524 1506 πρὸς
1536 1433 1724 1504 αὐτὴν,
1742 1434 1908 1488 ποσά-

329 1543 420 1587 κις
454 1525 691 1594 ἠθέλησα
718 1527 1147 1595 ἐπισυναγαγεῖν
1174 1526 1245 1580 τὰ
1273 1526 1438 1580 τέκνα
1467 1545 1582 1593 σου,
1611 1528 1671 1581 ὃν
1703 1527 1904 1598 τρόπον

2007 534 2060 580 et
2089 523 2353 579 cﬂ'renato
2385 533 2548 594 atque
2576 528 2868 581 temerario
2901 527 3102 598 impetu
3151 529 3204 582 in
3242 527 3574 597 profundum

2009 615 2329 686 perditionis
2373 617 2690 672 barathrum
2742 617 2894 672 ferri.
2949 618 3005 672 Si
3038 619 3184 672 cnim
3238 634 3349 690 pra:
3405 619 3575 674 multa

2007 709 2224 763 inscitia
2258 709 2560 780 intelligere
2590 717 2872 780 nequeunt
2912 709 3056 780 quod
3088 707 3442 780 praedicatur,
3473 725 3577 765 nec

2008 800 2111 854 nde
2137 800 2419 879 suscipere
2451 801 2658 865 volunt,
2690 816 2852 870 quam
2901 801 3119 854 demum
3171 801 3330 855 aliam
3383 801 3576 857 salutis

2005 891 2268 945 rationem
2323 891 2646 946 invenient?
2682 892 2825 948 Bene
2881 892 3065 964 itaque
3099 907 3162 946 ac
3214 892 3340 960 jure
3377 892 3576 947 merito

2009 980 2260 1036 Salvator
2318 979 2621 1036 Jerusalem
2688 983 3118 1038 inexcusabilem
3181 982 3297 1037 fore
3353 981 3572 1048 aiebat,

2007 1078 2134 1140 puta
2168 1086 2288 1140 qua:
2321 1071 2439 1145 ipsa
2470 1071 2572 1126 sibi
2607 1073 2908 1142 perniciem
2934 1080 3258 1130 arcesseret.
3298 1091 3316 1124 ι
3354 1071 3578 1126 Jerusa-

2007 1161 2112 1216 lem
2147 1181 2166 1213 ι
2206 1161 2373 1226 enim,
2418 1161 2619 1230 inquit,
2657 1179 2676 1212 ι
2710 1160 3038 1226 Jerusalem,
3065 1177 3186 1234 qua:
3211 1160 3419 1218 Occidis
3443 1175 3576 1230 pro-

2009 1251 2224 1322 pltetas,
2246 1261 2302 1307 et
2331 1253 2539 1321 lapidas
2568 1268 2665 1308 eos
2689 1253 2783 1328 qui
2814 1254 2882 1308 ad
2913 1261 2964 1308 te
2992 1253 3148 1308 missi
3182 1259 3330 1315 sunt,
3358 1251 3576 1322 quoties

2007 1343 2151 1397 volui
2191 1356 2524 1412 congregare
2570 1345 2710 1398 ﬁlios
2751 1351 2906 1407 tuos,
2955 1343 3418 1414 quemadmodum
3461 1342 3578 1412 gal-

2013 1433 2122 1486 lina
2157 1441 2452 1504 congregat
2479 1435 2658 1504 pullos
2710 1448 2845 1490 suos
2889 1433 2996 1490 sub
3046 1435 3182 1500 alas,
3229 1441 3283 1488 et
3319 1431 3578 1488 noluisti?

2010 1525 2156 1579 Ecce
2178 1525 2520 1594 relinquetur
2545 1526 2702 1581 vobis
2728 1525 2922 1580 domus
2942 1535 3124 1580 vestra
3147 1525 3360 1580 deserta
3387 1525 3454 1578 ".
3486 1542 3505 1575 ι

325 1616 488 1686 δρνις
509 1618 828 1686 ἐπισυνάγει
849 1618 917 1670 τὰ
944 1617 1129 1671 νοσσία
1154 1618 1350 1687 ἑαυτῆς
1380 1618 1485 1672 ὑπὸ
1511 1619 1609 1681 τὰς
1634 1617 1930 1690 πτέρυγας,
1961 1623 2054 1669 καὶ
2077 1617 2178 1670 οὐκ
2211 1617 2511 1686 ἠθελήσατε
2533 1635 2547 1684 ;
2589 1615 2719 1670 Ἰδοὺ
2748 1615 2963 1686 ἀφίεται
2993 1617 3120 1686 ὑμῖν
3139 1617 3167 1668 ὁ
3188 1613 3332 1677 οἰκος
3356 1612 3527 1684 ὑμῶν.
3551 1631 3570 1664 s

401 1712 472 1763 Et
504 1709 574 1761 τὰ
596 1709 827 1776 ἐπίγεια
847 1704 1019 1762 εἷπον
1031 1708 1194 1778 ὑμῖν,
1213 1709 1312 1762 καί
1339 1711 1408 1763 οὐ
1428 1709 1756 1772 πιστεύετε,
1775 1708 1899 1775 πῶς

2069 1707 2157 1773 Ill,
2201 1706 2399 1770 12,15.
2445 1707 2504 1762 Si
2534 1715 2743 1760 terrena
2776 1707 2890 1760 dixi
2924 1705 3086 1771 vobis,
3114 1713 3166 1758 et
3207 1720 3310 1757 non
3337 1702 3586 1768 creditis.

328 1798 441 1852 ἐὰν
469 1799 616 1876 sisto)
661 1798 804 1866 ὑμῖν
843 1798 915 1851 τὰ
964 1797 1307 1867 ἐπουράνια,
1359 1799 1759 1866 morationes;
1794 1799 1902 1860 Καί

2017 1799 2262 1869 ταοηιοάο
2289 1799 2337 1853 si
2372 1799 2558 1854 dixero
2582 1798 2725 1854 vobis
2755 1798 3004 1861 ecetestia,
3037 1796 3299 1850 credetis?
3329 1793 3395 1848 Et
3428 1810 3577 1848 nemo

329 1888 533 1955 οὐδεὶς
571 1889 938 1957 ἀναϐέϐηκεν
977 1892 1060 1956 εἰς
1095 1889 1201 1943 τὸν
1245 1891 1526 1959 οὐρανὸν,
1565 1893 1618 1944 εί
1661 1890 1750 1960 μὴ
1785 1891 1905 1944 όέκ

2017 1891 2241 1944 ascendit
2265 1892 2319 1945 in
2355 1891 2561 1954 caelum,
2597 1891 2702 1944 nisi
2727 1891 2816 1960 qui
2848 1888 3114 1944 descendit
3144 1887 3207 1942 de
3228 1886 3376 1951 caelo,
3402 1885 3578 1967 Filias

329 1979 442 2034 τοῦ
474 1979 734 2048 οὐρανοῦ
763 1981 1041 2047 καταϐὰς,
1077 1983 1111 2035 ὁ
1149 1980 1278 2047 mc
1296 1981 1402 2036 τοῦ
1432 1982 1747 2051 ἀνθρώπου
1771 1984 1804 2036 ὁ
1823 1979 1907 2036 ὢν

328 2071 405 2126 ἐν
423 2069 506 2137 τῷ
524 2072 782 2140 οὐραγῷ.

404 2161 674 2234 Πάθημα,
726 2163 913 2234 φησὶν,
957 2163 1054 2234 τὴν
1100 2163 1407 2238 ἀνθρώποις
1449 2164 1768 2239 πρέπουσαν
1807 2166 1908 2222 οὒκ

328 2253 624 2308 ἀναϐαῖνον
680 2253 916 2318 σύνεσιν,
954 2255 1013 2322 ἒξ
1065 2257 1306 2328 ἀμέτρου
1349 2257 1537 2318 λοιπὸν
1597 2257 1818 2326 ἀλογίας
1843 2259 1906 2311 οὐ

328 2345 722 2416 παρεδέξασθε,
748 2347 841 2400 καὶ
862 2347 978 2412 πῶς
1001 2347 1066 2402 ἂν
1101 2349 1229 2418 ὑμῖν
1270 2349 1647 2421 ἐξηγησαίμην
1673 2350 1741 2403 τὰ
1765 2349 1906 2404 θειό-

332 2453 508 2507 τερα;
545 2440 608 2491 Oi
629 2438 687 2492 δὲ
711 2440 770 2491 ὲν
801 2441 914 2502 τοῖς
961 2439 1082 2493 καθ’
1106 2441 1332 2504 ἑαυτοὺς
1367 2441 1752 2511 ἀμαθέστατοι,
1791 2441 1906 2510 πῶς

332 2528 403 2581 ἂν
432 2525 542 2580 εἷεν
570 2531 627 2581 ὲν
655 2532 769 2593 τοῖς
816 2531 1170 2604 ὑπεραίρουσι
1222 2532 1374 2600 σοφοί
1402 2549 1417 2596 ;
1456 2531 1566 2584 Καὶ
1597 2533 1647 2584 oi
1678 2533 1813 2602 πρὸς
1849 2531 1911 2586 τδ

331 2619 554 2672 ἔλαττον
583 2620 964 2690 ἀτονήσαντες,
1018 2622 1134 2684 πῶς
1154 2623 1254 2676 οὐκ
1279 2622 1345 2675 ἂν
1390 2622 1565 2692 ἔχοιεν
1614 2622 1674 2676 τὸ
1728 2624 1911 2693 μεῖζον

330 2709 642 2780 ἁφόρητονς
685 2712 794 2764 Καὶ
847 2714 896 2764 εί
951 2713 1023 2782 μὴ
1056 2713 1222 2782 μόνῳ,
1259 2714 1446 2783 φησὶν,
1477 2714 1602 2784 ἐμοὶ
1625 2713 1910 2770 πιστεύετε

329 2798 569 2867 λέγοντι,
592 2800 816 2864 πολλοὺς
842 2801 898 2854 δὲ
923 2803 1008 2870 ἐφ’
1037 2803 1250 2874 ἑκάστῳ
1289 2804 1498 2873 ζητεῖτε
1536 2806 1661 2868 τοὺς
1710 2806 1912 2876 μάρτυ·

335 2908 468 2959 ρας,
500 2892 621 2945 τίνα
661 2893 910 2963 παροίσοι
953 2893 1062 2965 [ίσ.
1111 2895 1450 2967 παροίσοιμι]
1490 2895 1600 2948 τῶν
1646 2897 1911 2967 οὐρανίων

331 2983 474 3050 ὑμῖν
497 2983 803 3054 μυστηρίων
825 2983 916 3036 τὸν
933 2983 1166 3056 θεωρόν;
1196 2985 1412 3047 «Οὐδεὶς
1433 2985 1541 3055 γὰρ
1569 2986 1910 3056 ἀναϐέϐηκεν

1998 1983 2238 2065 nominis
2263 1983 2354 2054 qui
2376 1991 2454 2037 est
2484 1983 2536 2036 in
2570 1981 2716 2037 coelo.

2079 2169 2415 2234 Doctrinam,
2452 2167 2649 2240 inquit,
2691 2167 2977 2222 hominum
3009 2173 3232 2236 captum
3267 2177 3377 2217 non
3416 2175 3579 2240 exce-

2009 2263 2228 2330 dentem
2270 2277 2382 2334 pra:
2427 2259 2651 2316 immani
2705 2268 2930 2330 stupore
2975 2273 3084 2312 non
3133 2255 3453 2326 suscepistis
3483 2273 3497 2309 :
3523 2262 3580 2308 et

2008 2354 2286 2426 quomodo
2347 2353 2503 2408 vobis
2554 2367 2676 2424 quae
2732 2350 3002 2404 diviniora
3055 2357 3185 2403 sunt
3239 2344 3581 2417 exposuero?

2011 2443 2114 2511 Qui
2152 2443 2205 2496 in
2258 2442 2373 2498 suis
2420 2441 2583 2495 rebus
2633 2447 2761 2495 sunt
2802 2436 3171 2508 ignarissimi,
3211 2433 3486 2505 quomodo
3522 2433 3580 2486 in

2011 2534 2428 2592 sublimioribus
2461 2530 2707 2600 sapient?
2737 2538 2790 2585 et
2819 2528 2912 2598 qui
2946 2528 3000 2581 in
3030 2527 3180 2580 tenui
3212 2540 3272 2578 re
3297 2523 3578 2584 deficiunt,

2010 2624 2285 2698 quomodo
2313 2623 2576 2691 majorem
2619 2620 2762 2676 ferre
2810 2616 3102 2688 poterunt?
3133 2613 3251 2668 Jam
3296 2613 3398 2669 nisi
3445 2611 3579 2666 mihi

2013 2718 2108 2774 uni
2138 2715 2342 2771 dicenti
2369 2713 2620 2778 creditis,
2651 2713 2864 2782 inquit,
2896 2709 2991 2766 sed
3032 2709 3085 2762 in
3115 2705 3346 2776 singulis
3378 2702 3581 2758 multos

2011 2815 2180 2863 testes
2244 2803 2489 2873 exigitis,
2537 2815 2698 2871 quem
2747 2797 2904 2852 vobis
2951 2793 3225 2866 proferam
3273 2787 3580 2844 caelestium

2012 2896 2398 2971 mysteriorum
2453 2888 2863 2963 spectatorem?
2894 2905 2912 2938 ι
2954 2885 3124 2940 Nemo
3149 2884 3292 2938 enim
3335 2879 3584 2934 ascendit

2014 2992 2069 3046 in
2101 2991 2328 3055 calum,
2351 2988 2457 3043 nisi
2485 2986 2580 3056 qui
2607 2978 2893 3039 descendit
2917 2979 2986 3035 de
3008 2977 3168 3040 caelo,
3197 2973 3371 3029 Filius
3388 2971 3580 3056 homi-

331 3075 420 3136 εἰς
460 3073 552 3125 τὸν
576 3053 820 3144 οὐρανὸν,
858 3077 905 3128 εί
939 3075 1012 3146 μὴ
1045 3053 1085 3128 ό
1121 3077 1184 3128 ὲκ
1223 3077 1316 3130 τοῦ
1351 3053 1582 3149 οὐρανοῦ
1607 3053 1915 3142 καταϐἀς,ό

2017 3083 2124 3138 nis.
2151 3102 2170 3134 ι
2203 3053 2338 3136 Cum
2361 3053 2541 3134 autem
2561 3076 2703 3131 Deus
2723 3073 2959 3128 Verbum
2974 3066 3317 3125 descenderit
3332 3053 3398 3120 de
3419 3064 3581 3149 calo,

333 3165 472 3229 Υίδς
495 3165 590 3218 τοῦ
616 3163 923 3236 ἀνθρώπου.
939 3185 957 3217 ι
991 3167 1098 3219 Τοῦ
1119 3166 1176 3220 δὲ
1197 3166 1330 3220 Θεοῦ
1354 3167 1527 3236 Λόγου
1552 3168 1915 3240 καταϐεϐηκό-

330 3272 430 3318 τος
460 3254 518 3321 ἐξ
551 3254 804 3325 οὐρανοῦ,
839 3255 932 3308 τὸν
978 3254 1106 3308 Υίὸν
1141 3255 1236 3309 τοῦ
1291 3255 1579 3328 ἀνθρώπου
1612 3256 1914 3328 καταϐῆναι

341 3364 506 3416 φησι,
543 3347 856 3417 δικάζεσθαι
889 3347 1026 3418 μετά
1079 3348 1179 3420 τὴν
1223 3349 1637 3420 ὲνανθρὼπησιν
1695 3351 1777 3412 εἰς
1822 3349 1916 3402 δύο

335 3437 613 3508 πρόσωπα
651 3437 1104 3506 παραιτούμενος,
1154 3437 1248 3490 καὶ
1274 3438 1374 3491 οὐκ
1415 3437 1727 3507 ἐπιτρέπων
1753 3437 1915 3501 τισὶν,

332 3527 531 3597 ἓτερον
589 3527 688 3598 μὲν
731 3528 910 3596 λέγειν
949 3527 1078 3580 Υίὸν
1129 3526 1222 3580 τὸν
1272 3529 1336 3580 ὲκ
1382 3527 1658 3598 Παρθένου
1702 3527 1790 3580 διὰ
1819 3526 1918 3597 τὴν

334 3617 536 3688 χρείαν
569 3617 840 3690 ληφθέντα
859 3619 1007 3679 ναὸν.
1045 3617 1231 3689 ἕτερον
1259 3617 1315 3671 δὲ
1347 3619 1437 3671 τὸν
1461 3621 1522 3672 ὲκ
1549 3617 1684 3671 Θεοῦ
1708 3618 1920 3688 Πατρὸς

337 3708 625 3777 πεφηνότα
654 3708 845 3775 Λόγον,
871 3706 1006 3778 πλὴν
1029 3708 1152 3760 ὅσον
1180 3708 1258 3770 εἰς
1279 3707 1369 3760 τὸν
1398 3707 1612 3777 ἑκάστῳ
1645 3707 1920 3777 πρέποντα

335 3797 489 3852 κατὰ
520 3796 682 3866 φύσιν
715 3796 1047 3867 ,διορισμόνθ
1107 3795 1296 3866 ὥσπερ
1350 3796 1458 3868 γάρ
1503 3799 1650 3849 ἐστιν
1677 3797 1742 3850 ὲκ
1781 3792 1918 3848 Θεοῦ

337 3890 537 3958 Λόγος,
579 3888 724 3942 οὕτω
766 3889 861 3940 καὶ
910 3887 1196 3958 ἄνθρωπος
1249 3888 1314 3938 ὲκ
1363 3888 1638 3954 γυναικός.
1699 3880 1794 3948 Εἷς
1864 3884 1921 3938 δὲ

258 4049 270 4060 _
338 3979 532 4032 λοιπὸν
561 3977 622 4042 ἐξ
646 3978 848 4047 ἀμφοῖν
891 3977 920 4028 ὁ
960 3975 1194 4048 Χριστὸς
1214 4015 1229 4040 ,
1259 3975 1565 4046 ἀδιαίρετος
1594 3977 1673 4038 εἰς
1703 3976 1923 4046 υἰότητα

339 4073 443 4126 καὶ
490 4074 568 4135 είς
606 4069 759 4135 δόξαν
788 4070 1090 4142 θεοπρεπῆ,
1138 4069 1262 4124 ἐπεὶ
1300 4071 1441 4123 κατά
1464 4087 1585 4122 τινα
1619 4069 1818 4141 τρόπον
1849 4069 1925 4132 ὡς

342 4163 456 4216 [δια
484 4157 790 4234 περιτίθησι
815 4160 893 4231 τῷ
940 4163 1003 4214 ὲκ
1030 4162 1125 4230 τῆς
1165 4160 1440 4232 Παρθένου
1475 4159 1608 4230 ναῷ,
1635 4160 1706 4212 τά
1733 4159 1925 4229 γυμνῷ

342 4253 444 4306 καὶ
477 4253 626 4324 μόνῳ
655 4252 935 4323 πρέποντα
983 4249 1062 4320 τῷ
1091 4250 1278 4320 Λόγῳ⁸
1319 4250 1652 4302 ίδιοποιεῖται
1673 4247 1729 4300 δὲ
1763 4247 1926 4300 πάλιν

342 4344 509 4407 αὐτὸς
536 4344 605 4397 τὰ
636 4343 772 4413 μόνῃ
804 4341 1078 4413 πρέποντα
1097 4342 1164 4411 τῇ
1193 4339 1380 4410 σαρκί.
1432 4338 1546 4392 Νὖν
1578 4338 1676 4408 μὲν
1712 4338 1822 4410 γὰρ
1868 4337 1927 4403 ἐξ

2015 3177 2216 3234 Filium
2258 3175 2498 3230 hominis
2542 3169 2891 3227 descendisse
2940 3167 3038 3230 ait,
3082 3165 3274 3220 nolens
3330 3163 3386 3216 in
3435 3143 3583 3214 'duas

2015 3285 2280 3344 personas
2321 3273 2446 3339 post
2493 3260 2996 3320 inhumanationem
3050 3253 3258 3317 secari,
3310 3267 3409 3306 nec
3459 3249 3586 3303 ullis

2017 3363 2342 3433 permittens
2372 3359 2557 3414 dicere
2597 3355 2764 3408 alium
2793 3350 3014 3422 quidem
3050 3361 3174 3402 esse
3207 3344 3425 3408 Filium,
3459 3349 3589 3394 tem-

2017 3456 2165 3527 plum
2201 3452 2461 3508 nimirum
2496 3447 2627 3502 illud
2671 3444 2815 3515 quod
2862 3458 2927 3498 ex
2976 3438 3586 3527 Virginqas‘sumptum

2017 3518 2120 3609 est,
2159 3543 2328 3596 alium
2376 3538 2522 3609 quod
2547 3552 2613 3591 ex
2641 3534 2750 3590 Deo
2777 3532 2938 3587 Patre
2961 3527 3162 3585 eﬂ‘ulsit
3190 3524 3454 3586 Verbum,
3483 3518 3586 3574 nisi

2018 3642 2284 3707 quantum
2319 3631 2386 3685 ad
2427 3639 2638 3685 natura:
2667 3625 2991 3682 divisionem
3043 3619 3237 3707 attinet
3289 3612 3591 3707 unicuique

2021 3699 2437 3797 congruentem.
2489 3719 2557 3775 Ut
2605 3719 2751 3773 cnim
2797 3722 2882 3770 est
2923 3728 2989 3767 es
3039 3709 3147 3762 Deo
3199 3699 3590 3797 Verbunthic

2021 3789 2184 3872 etiam
2210 3829 2276 3868 ex
2309 3811 2536 3865 muliere
2587 3808 2771 3861 homo.
2823 3802 2976 3873 151
3013 3799 3173 3855 Unus
3208 3804 3384 3848 autem
3434 3789 3594 3844 Chri-

2023 3911 2141 3958 stus
2171 3901 2390 3955 demum
2425 3913 2492 3951 ex
2521 3895 2817 3954 ambobus,
2851 3892 2906 3944 in
2949 3886 3212 3942 ﬁliatione
3241 3877 3594 3936 indivisibilis

2023 4003 2108 4049 est
2135 4007 2200 4046 ac
2240 3989 2524 4058 majestate
2555 3985 2666 4040 Deo
2691 3985 2850 4054 digna
2882 4001 2895 4036 :
2930 3993 3053 4034 nam
3081 3991 3203 4047 quae
3232 3972 3382 4028 nudo
3405 3978 3459 4026 et
3490 3967 3594 4024 soli

2025 4083 2206 4141 Verbo
2249 4080 2605 4143 conveniunt,
2645 4091 2709 4132 ea
2757 4069 3184 4145 quodammodo,
3223 4081 3322 4122 ceu
3374 4061 3594 4134 propria

2026 4176 2229 4246 templo
2283 4171 2428 4244 quod
2481 4187 2549 4227 ex
2604 4171 2758 4224 beata
2821 4163 3045 4234 Virgine
3099 4167 3184 4216 est
3232 4155 3501 4220 attribuit,
3542 4160 3599 4209 et

2027 4268 2276 4323 vicissim
2325 4265 2444 4334 ipse
2487 4261 2594 4318 sibi
2649 4265 2870 4329 arrogat
2928 4269 3050 4326 quae
3111 4251 3215 4306 soli
3259 4248 3414 4304 carni
3449 4262 3599 4302 con-

2030 4367 2254 4430 gruunt.
2277 4355 2434 4409 Nunc
2466 4353 2612 4409 enim
2643 4349 2998 4406 descendisse
3027 4345 3104 4400 ait
3135 4344 3202 4398 de
3233 4342 3373 4397 coelo
3394 4338 3598 4393 Filium

341 4435 578 4504 οὐρανοῦ
604 4433 1036 4503 καταϐεϐηκὲναι
1057 4432 1190 4502 φησί
1219 4431 1308 4484 τὸν
1333 4431 1462 4484 Υίδν
1486 4429 1578 4483 τοῦ
1604 4430 1698 4483 ἀνθ
1709 4429 1915 4501 ρώπου·

2033 4429 2272 4507 hominis
2301 4465 2314 4500 :
2341 4446 2492 4500 timet
2524 4451 2728 4506 autem,
2757 4448 2811 4496 et
2840 4444 3022 4510 pavet,
3053 4443 3107 4491 et
3137 4434 3355 4504 angitur
3390 4429 3602 4522 passio-

345 4527 598 4598 φοϐεῖται
618 4527 694 4589 δὲ,
729 4525 823 4579 καὶ
861 4527 1130 4585 πτοεῖται,
1160 4523 1256 4576 καὶ
1280 4523 1381 4593 ἀδη
1391 4524 1543 4593 μονεί
1563 4521 1703 4575 κατά
1727 4520 1816 4574 τὸν
1833 4521 1926 4574 τοῦ

347 4618 558 4680 πάθους
581 4616 792 4687 καιρὸν,
825 4616 920 4668 καὶ
945 4615 1020 4679 ὡς
1043 4614 1204 4676 αὐτὸς
1227 4611 1416 4667 παθὼν
1430 4611 1838 4682 ἀναγέγραπται
1861 4610 1932 4664 τὰ

349 4711 494 4781 μόνῃ
523 4712 589 4780 τῇ
622 4707 1002 4779 ἀνθρωπὸτητι
1033 4705 1314 4777 πρέποντα
1335 4705 1508 4776 πάθη.

423 4802 532 4854 Καί
583 4799 776 4865 καθὼς
815 4798 1076 4865 Μωῦσῆς
1125 4797 1336 4865 ﬁgi-was
1381 4798 1488 4851 τὸν
1542 4796 1682 4866 ὄφιν
1731 4795 1801 4850 ἐν
1854 4793 1933 4864 τῇ

345 4893 581 4962 ἐρήμῳ,
629 4891 816 4955 οὕτως
845 4888 1160 4960 ὑψωθῆναι
1203 4888 1299 4942 δεῖ
1350 4888 1456 4943 τὸν
1500 4889 1642 4942 Υίὸν
1686 4888 1794 4942 τοῦ
1825 4888 1932 4943 ἀν-

349 4983 622 5053 θρώπου,
692 4983 792 5036 ἵνα
844 4980 963 5048 πᾶς
1017 4983 1049 5034 ὁ
1102 4979 1409 5034 πιστεύων
1439 4979 1544 5045 ἐἰς
1602 4975 1792 5032 αὑτὸν
1840 4977 1928 5048 μὴ

349 5078 676 5142 ἀπόληται.
709 5074 846 5130 ἀλλ’
877 5077 990 5142 ἔχῃ
1028 5072 1183 5140 ζωὴν
1203 5070 1466 5126 αἰώνιον.

438 5168 940 5238 ⁹Δαιιιολογησάμενος
963 5165 1297 5238 ἀρκούντως,
1332 5165 1427 5218 καὶ
1458 5165 1556 5237 τὴν
1582 5164 1762 5218 αἰτίαν
1786 5162 1933 5233 αὐτῷ

351 5259 659 5329 παραθεὶς,
704 5258 772 5312 δι’
810 5258 876 5329 ἢν
909 5259 1007 5311 οὐκ
1050 5261 1130 5321 εἰς
1163 5257 1400 5328 ἄμετρόν
1427 5273 1479 5310 τι
1527 5256 1622 5309 καὶ
1657 5254 1936 5326 ὑπερφυὲς

350 5352 380 5402 ὀ
407 5348 508 5417 τῆς
535 5349 666 5416 πρὸς
693 5349 855 5402 αὐτὸν
881 5347 1229 5410 διδασκαλίας
1250 5345 1538 5418 ἀνατρέχει
1565 5344 1742 5410 λόγος,
1765 5360 1933 5398 κατα-

351 5437 536 5488 ϐαίνει
571 5437 733 5489 πάλιν
763 5436 854 5488 ἐπὶ
891 5435 961 5488 τὰ
1005 5436 1094 5488 διὰ
1138 5435 1385 5498 Μωσέως
1442 5431 1686 5495 τυπικῶς
1729 5431 1936 5486 ἄνωθεν

350 5525 736 5594 γεγενημένα,
779 5526 1170 5596 χειραγωγίαις
1219 5524 1418 5594 μᾶλλον
1463 5523 1626 5578 αὑτὸν
1672 5525 1790 5586 ταῖς
1844 5521 1931 5575 διὰ

434 5703 477 5736 ⁸⁷
513 5702 707 5758 Matth.
746 5703 1013 5766 “111,57,
1033 5703 1125 5759 '58.

2034 4544 2122 4598 nis
2147 4549 2415 4610 tempore,
2444 4550 2619 4605 eaque
2646 4533 2724 4588 illi
2755 4531 3109 4587 ascribuntur
3135 4540 3256 4596 qua:
3283 4522 3384 4580 soli
3417 4521 3607 4576 huma-

2034 4633 2195 4691 nitati
2225 4628 2582 4692 conveniunt,
2610 4625 2766 4696 quasi
2797 4624 2918 4694 ipse
2947 4633 3146 4692 passus
3170 4616 3261 4671 sit.

2107 4790 2200 4854 Ill,
2238 4787 2439 4853 ΗΑΒ.
2481 4784 2550 4839 Et
2584 4784 2720 4839 sicut
2771 4779 2978 4850 Moyses
3020 4773 3278 4832 exultavit
3317 4779 3607 4840 serpentem

2037 4882 2091 4936 in
2127 4878 2352 4941 deserto,
2377 4877 2456 4928 ita
2503 4871 2736 4928 exaltari
2766 4877 2968 4938 oportet
3002 4864 3202 4918 Filium
3239 4862 3492 4921 hominis,
3547 4863 3609 4911 ut

2035 4971 2206 5026 omnis
2263 4970 2353 5039 qui
2393 4967 2560 5022 credit
2593 4967 2649 5019 in
2690 4965 2862 5032 ipsum
2913 4974 3016 5013 non
3059 4962 3256 5024 pereat,
3294 4949 3384 5005 sed
3418 4948 3606 5003 habeat

2035 5065 2199 5120 vitam
2224 5072 2495 5118 internum.

2103 5155 2403 5222 Postquam
2449 5150 2701 5205 idoneam
2752 5158 2978 5199 causam
3025 5139 3209 5194 attulit
3249 5136 3318 5190 ob
3360 5131 3607 5222 quamiei

2033 5258 2124 5298 res
2163 5221 2334 5311 supra
2383 5245 2604 5305 captum
2651 5242 2708 5289 et
2745 5239 3001 5285 naturam
3049 5243 3158 5282 non
3197 5223 3462 5293 exponit,
3513 5221 3610 5276 de-

2035 5330 2251 5387 scendit
2303 5341 2498 5383 rursus
2535 5324 2600 5378 ad
2634 5338 2698 5378 ea
2746 5335 2869 5390 quae
2905 5319 3090 5390 typice
3139 5315 3284 5370 facta
3313 5321 3444 5368 sunt
3473 5312 3606 5366 olim

2035 5442 2066 5480 a
2094 5423 2304 5495 Moyse,
2332 5435 2456 5476 cum
2485 5418 2655 5474 sciret
2686 5415 2868 5485 ipsum
2895 5408 3166 5480 exemplis
3195 5407 3378 5478 potius
3411 5405 3480 5462 ad
3514 5420 3610 5460 ve-

2037 5515 2222 5574 ritatis
2249 5510 2582 5584 agnitionem
2609 5505 2806 5564 deduci
2857 5517 3040 5575 posse,
3069 5515 3234 5572 quam
3277 5496 3609 5571 spiritalium
