4040 6214
489 293 589 349 25]

1483 301 1545 357 S.
1578 299 1855 358 CYBILLI
1882 299 2354 365 ALEXANDRINI
2393 302 2716 377 ABCIHEP.

3630 311 3743 367 25%

486 425 810 467 sermonum
842 413 1122 486 exquisita
1155 416 1393 474 ratione.
1418 417 1590 476 Plane
1622 428 1806 479 autem
1837 435 2049 477 necessr

2169 419 2465 492 σχημάτων
2498 419 2650 489 μόλις
2676 418 2933 475 δύνασθαι
2962 421 3095 492 πρὸς
3133 422 3444 492 ἐπίγνωσιν.
3469 426 3569 496 τῆς
3600 429 3733 500 ἀλη-

482 496 826 573 θειξίηιιυίι,
858 505 1088 560 exaltari
1124 507 1367 578 seipsum
1420 509 1597 565 instar
1644 511 1917 582 serpentis
1949 511 2064 566 Mo~

488 593 652 656 Saici.
686 595 985 652 ostendens
1026 600 1345 655 necessario
1396 602 1753 675 scrutandam
1801 618 1928 660 esse
1977 605 2063 659 hi-

485 686 740 749 storiam,
785 701 851 741 ac
898 688 1032 744 illud
1086 696 1297 746 tantum
1350 708 1461 747 non
1519 693 1770 751 incinens
1826 697 2059 767 ignaro:

493 794 512 827 ι
562 775 904 832 Scrutamini
959 779 1297 852 Scripturas,
1334 786 1462 852 quia
1511 785 1619 841 illae
1658 794 1939 858 suntquae
1979 799 2060 846 te-

486 866 808 922 stimonium
840 869 1130 939 perhibent
1160 873 1228 929 de
1259 873 1345 930 ine
1377 876 1441 930 "'.
1480 896 1498 928 ι
1535 873 1830 950 Serpentes
1856 882 2062 952 quippe

472 956 700 1013 Judaeos
735 959 790 1014 in
824 960 1048 1016 deserto
1086 965 1362 1034 quondam
1419 966 1777 1037 infestabant,
1808 973 1900 1043 qui
1931 988 2058 1028 cum

478 1048 765 1118 spicarum
820 1050 875 1105 in
914 1068 1120 1107 morem
1155 1056 1434 1122 caderent,
1467 1065 1524 1112 et
1566 1059 1633 1114 ad
1673 1075 1797 1114 eum
1831 1062 1924 1131 qui
1960 1078 2054 1133 pe-

480 1140 715 1196 riculum
753 1142 887 1197 illud
937 1143 1224 1216 inopinato
1264 1147 1568 1205 immiserat
1616 1151 1957 1210 miserabiles
1989 1170 2056 1209 ex

480 1230 753 1288 immenso
798 1234 989 1291 dolore
1036 1252 1199 1294 voces
1244 1238 1543 1307 jactarent,
1580 1258 1876 1313 supernam
1922 1252 1978 1300 et
2026 1260 2054 1301 a

476 1319 589 1376 Deo
621 1324 853 1379 salutem
888 1328 1214 1396 poscebant.
1253 1329 1345 1385 Ille
1381 1341 1563 1386 autem
1617 1333 1797 1390 bonus
1836 1350 1902 1390 ac
1953 1336 2055 1391 mi-

476 1415 741 1476 sericors.
777 1424 970 1488 utpote
1016 1418 1181 1485 Deus,
1217 1421 1440 1493 Moysen
1469 1423 1641 1492 jussit
1688 1427 1770 1483 eis
1812 1436 2055 1484 statuere

476 1512 785 1573 serpentem
809 1522 874 1561 ex
898 1524 1026 1575 aere,
1046 1510 1098 1563 in
1122 1527 1296 1581 eoque
1319 1514 1843 1581 praemeditationem
1866 1535 2055 1588 quam-

473 1596 601 1653 dam
657 1601 772 1654 vult
819 1616 945 1657 esse
1001 1603 1199 1659 futurae
1252 1622 1348 1676 per
1386 1609 1547 1665 ﬁdem
1596 1612 1816 1668 salutis.
1866 1614 2050 1671 Morsu

472 1691 620 1744 enim
685 1695 957 1763 serpentis
1013 1696 1393 1755 laborantibus
1458 1704 1682 1758 unicum
1747 1707 2049 1764 remedium

2166 508 2315 573 θείας
2354 508 2550 574 ἐλθεῖν,
2587 509 2619 580 ἢ
2661 514 3057 581 πνευματικαῖς
3085 512 3512 584 άκριδολογίαις,
3555 516 3735 584 ἐξεπισ-

2166 600 2452 671 στάμενος.
2479 603 2571 655 Δεῖ
2593 601 2649 655 δὲ
2669 601 2733 673 δὴ
2765 602 2980 666 πάντως
3004 604 3195 657 ἐαυτὸν
3222 604 3522 677 ὑψωθῆναι,
3548 611 3732 680 φησιν,

2161 691 2238 756 ὡς
2262 693 2352 746 τὸν
2383 693 2505 763 ὅφιν
2532 693 2620 748 τὸν
2647 693 2738 748 διὰ
2758 694 3023 759 Μωσέως,
3067 696 3503 770 ἀναγκαιοτάτην
3531 702 3738 763 ἐπιδειτ

2162 783 2295 848 κνὺς
2324 785 2425 855 τῆς
2456 785 2694 857 ἱστορίας
2722 784 2821 856 τὴν
2849 785 3102 857 βάσανον,
3134 789 3228 842 καὶ
3262 793 3544 862 μονονουχὶ
3574 795 3735 849 πάλιν

2160 876 2335 951 ἐκεῖνο
2363 875 2535 947 λέγων
2575 879 2714 950 πρὸς
2759 877 2850 932 τὸν
2881 879 3101 933 νοοῦντα
3137 881 3306 952 μηδέν
3330 900 3344 914 ·
3381 900 3401 934 ι
3449 885 3735 957 Ἑρευνᾶτε

2158 967 2256 1031 τὰς
2286 967 2548 1039 Γραφὰς,
2591 970 2672 1024 δτι
2706 966 2869 1026 αὗταί
2906 973 3044 1026 είσιν
3077 973 3133 1027 αἱ
3186 976 3566 1046 μαρτυροῦσαι
3604 983 3733 1052 περὶ

2157 1058 2312 1129 ἐμοῦ.
2344 1079 2364 1112 ι
2406 1061 2598 1130 Ὀφεις
2636 1062 2737 1133 μὲν
2776 1063 2889 1136 γάρ
2916 1067 3030 1127 τοῖς
3076 1063 3137 1129 ἐξ
3177 1066 3396 1138 Ἰσραὴλ
3442 1069 3732 1139 ἐπεπήδων

2156 1149 2298 1204 κατὰ
2336 1149 2436 1221 τὴν
2476 1149 2711 1224 ἔρημον,
2738 1154 2790 1207 oi
2819 1154 2877 1208 δὲ
2916 1154 3201 1226 ἀσταχύων
3233 1157 3521 1223 πίπτοντες
3550 1162 3729 1234 δίκην,

2156 1240 2250 1294 καὶ
2299 1242 2436 1314 πρὸς
2481 1242 2575 1298 τὸν
2627 1245 2904 1319 ἀδοκήτως
2952 1247 3330 1318 ἐπισκήψαντα
3388 1252 3630 1308 κίνδυνον
3666 1257 3728 1309 οὗ

2158 1333 2394 1403 μετρίως
2413 1333 2771 1407 ἀσχάλλοντες
2790 1378 2805 1404 ,
2846 1338 3200 1409 οίκτροτάτας
3234 1341 3488 1408 ἀφιέντες
3520 1347 3739 1419 φωνὰς..

2153 1422 2251 1495 τὴν
2288 1425 2496 1481 ἄνωθεν
2549 1427 2644 1483 καὶ
2687 1429 2838 1500 παρὰ
2875 1430 3011 1484 Θεοῦ
3062 1433 3340 1504 σωτηρίαν
3381 1433 3629 1496 ἐκάλουν.
3666 1440 3741 1493 ’0

2152 1514 2208 1568 δέ
2239 1517 2468 1589 ἐπείπερ
2494 1514 2563 1591 ἧν
2584 1521 2790 1588 ἀγαθός
2826 1538 2886 1574 τε
2916 1523 3011 1575 καὶ
3035 1522 3445 1596 φιλοικτίρμων,
3472 1526 3548 1592 ὡς
3572 1529 3724 1594 Θεὸς,

2151 1603 2272 1672 ὅφιν
2301 1606 2483 1672 αὐτοῖς
2510 1610 2809 1679 ἀναστῆσαι
2840 1611 3073 1681 χαλκοῦν
3111 1614 3320 1667 κελεύει
3362 1616 3566 1670 Μωσὲα
3585 1636 3598 1647 ⁵
3632 1621 3727 1673 καὶ

2150 1691 2215 1763 δὴ
2239 1693 2332 1746 καὶ
2355 1694 2413 1747 ἐν
2441 1695 2587 1767 αὐτῷ
2611 1699 2950 1772 προμελετᾷν
2974 1702 3250 1755 ἐπιτάττει
3267 1703 3365 1773 τὴν
3383 1703 3472 1758 διὰ
3491 1706 3742 1780 πίστεως

474 1787 614 1844 erat,
645 1798 854 1840 aureum
904 1786 1056 1842 illum
1092 1803 1278 1846 coram
1314 1792 1537 1858 intueri,
1568 1802 1623 1850 et
1649 1805 1898 1852 extremo
1932 1798 2047 1857 dis-

2152 1783 2449 1852 σωτηρίαν.
2480 1779 2592 1841 Ἦν
2636 1786 2743 1859 γάρ
2775 1787 2851 1858 τῷ
2888 1788 3142 1860 δηχθέντι
3184 1791 3247 1845 τὸ
3293 1792 3582 1864 φάρμακον
3605 1835 3621 1858 ,
3663 1797 3727 1849 τὸ

469 1872 709 1929 crimine
760 1873 893 1932 ﬁdes
942 1893 1067 1933 cum
1105 1881 1200 1936 illo
1235 1882 1431 1939 obtutu
1463 1884 1753 1943 liberabat.
1792 1887 1901 1946 Sed
1937 1890 2054 1949 hac

469 1966 653 2033 quoad
696 1966 1009 2025 historiam.
1039 1971 1257 2030 Rursus
1287 1985 1469 2045 autem
1501 1977 1622 2048 ipsa
1658 1995 1716 2035 re
1746 1987 1921 2036 totum
1947 1985 2054 2040 vel-

470 2062 534 2113 ut
580 2056 636 2110 in
668 2064 796 2129 typo
822 2057 1062 2116 delineat
1097 2060 1499 2122 incarnationis
1549 2070 1897 2140 mysterium.
1928 2072 2054 2130 Ser-

470 2161 608 2213 pens
654 2148 800 2201 enim
841 2158 1130 2219 peccatum
1183 2155 1494 2226 signiﬁcat,
1549 2173 1754 2216 saevum
1804 2162 1943 2220 illud
1996 2173 2052 2222 et

470 2234 677 2290 homini
709 2238 1186 2313 exitiosum,quod
1212 2245 1527 2303 universum
1552 2265 1727 2320 genus
1747 2251 2049 2312 humanum

467 2324 892 2396 depascebatur,
925 2332 1094 2399 variis
1129 2337 1408 2393 morsibus
1438 2340 1881 2414 uniuscujusque
1928 2347 2050 2401 ani-

469 2431 612 2469 mam
671 2427 968 2489 appetens,
1014 2432 1069 2479 et
1118 2425 1402 2497 multiplex
1454 2433 1714 2502 nequitia:
1776 2450 2048 2495 venenum

465 2506 785 2575 eﬂ'ttndens,
826 2512 975 2583 quod
1033 2514 1090 2575 in
1139 2524 1350 2573 tantum
1415 2520 1721 2581 invaluerat
1774 2535 1837 2585 ut
1887 2531 2049 2588 aliter

466 2612 496 2650 a
555 2601 710 2656 nobis
770 2603 929 2658 vitari
981 2621 1091 2662 non
1149 2622 1377 2679 posset,
1418 2630 1585 2684 quam
1635 2634 1740 2689 ope
1805 2623 2044 2683 caelesti.

466 2690 625 2763 152
661 2691 862 2752 Factus
892 2707 1127 2772 estergo
1160 2701 1303 2761 Deus
1331 2704 1575 2764 Verbum
1619 2712 1675 2769 in
1711 2715 2042 2774 similitudi-

466 2798 590 2837 nem
611 2786 795 2843 carnis
819 2792 1051 2858 peccati,
1076 2801 1134 2848 ut
1157 2793 1445 2854 damnaret
1468 2810 1751 2869 peccatum
1775 2806 1829 2860 in
1851 2823 2043 2878 carne,

462 2873 610 2932 sicut
659 2878 927 2949 scriptum
979 2893 1066 2940 est
1099 2885 1164 2948 ¹⁹.
1196 2895 1251 2943 et
1302 2892 1729 2960 respicientibus
1774 2898 1828 2953 in
1864 2873 2041 2972 ipsum

463 2967 745 3024 intentiori
776 2971 898 3031 ﬁde.
942 2982 1038 3040 aut
1077 2977 1390 3035 divinorum
1441 2983 1759 3055 dogmatum
1799 2967 2038 3062 inquisi-

463 3054 635 3122 tione,
684 3066 900 3117 eterna?
939 3063 1135 3122 salutis
1179 3054 1848 3135 conciliatoriexsisteret.
1876 3054 2040 3148 'Quod

465 3154 646 3202 autem
685 3150 738 3205 in
787 3154 1009 3210 sublimi
1046 3160 1206 3230 cippo
1262 3178 1492 3235 serpens
1532 3177 1749 3227 erectus
1780 3171 1947 3231 fuerit
1970 3179 2040 3243 ²⁰,

460 3239 705 3299 ostendit
735 3242 934 3299 illustri
961 3258 1015 3305 et
1045 3252 1349 3322 conspicuo
1372 3255 1427 3310 in
1459 3257 1581 3314 loco
1606 3263 1841 3329 positum
1873 3239 2044 3327 fuisse

458 3328 763 3395 Christum.
805 3345 864 3397 ut
894 3339 1168 3397 neminem
1203 3344 1402 3402 lateret
1426 3363 1553 3405 eum
1586 3328 1619 3411 ο
1651 3360 1798 3410 terra
1830 3358 2041 3415 exalta-

466 3431 578 3475 tum
614 3423 805 3489 fuisse,
825 3429 972 3485 sicut
994 3432 1110 3503 ipse
1134 3451 1354 3509 quoque.
1380 3441 1580 3507 alicubi
1609 3447 1691 3501 ait
1715 3448 1783 3515 ²¹,
1814 3460 2041 3524 propter

462 3523 771 3584 passionem
805 3534 968 3591 quam
1000 3523 1054 3580 in
1086 3541 1249 3587 cruce
1275 3534 1564 3597 susﬁnuit.

458 3975 564 4026 non
597 3974 796 4045 pereat,
828 3967 920 4022 sed
947 3969 1141 4028 habeat
1168 3977 1331 4032 vitam
1360 3988 1638 4041 (sternam.

532 4137 632 4197 Hic
659 4151 847 4214 aperte
880 4148 1126 4205 ostendit
1165 4149 1335 4208 Deum
1363 4169 1425 4210 se
1456 4170 1581 4214 esse
1612 4161 1922 4221 secundum
1945 4181 2046 4227 ηει-⁴

454 4237 668 4298 turam,
727 4236 997 4307 siquidem
1056 4244 1372 4301 necessario
1428 4250 1744 4307 censendus
1801 4261 1889 4310 est
1944 4257 2036 4315 ille

455 4316 625 4384 Deus,
658 4324 751 4390 qui
779 4338 845 4378 ex
894 4324 1006 4382 Deo
1031 4328 1197 4388 Patre
1222 4332 1447 4405 eﬂ’ulsit,
1481 4353 1592 4393 non
1624 4341 1923 4399 adventitia
1951 4346 2035 4408 di-.

452 4409 666 4479 gnitale
692 4415 974 4482 praeditus,
1008 4422 1168 4476 sicuti
1213 4441 1337 4493 nos,
1369 4429 1464 4483 sed
1493 4429 1734 4503 idipsum
1772 4452 1898 4495 vere
1933 4455 2032 4497 οι·
2063 4454 2109 4511 ι)

453 4500 660 4558 sistens
696 4506 841 4575 quod
875 4523 1000 4564 esse
1030 4512 1296 4571 creditur.
1344 4500 1623 4591 Singulari
1673 4534 1853 4582 autem
1891 4543 2030 4586 eon-

454 4588 581 4642 silio
625 4590 681 4647 id
729 4594 824 4660 ait,
867 4597 1003 4653 scite
1044 4601 1337 4659 admodum
1381 4588 1781 4680 etiopportune
1821 4613 1918 4670 Dei
1963 4632 2029 4674 ac

451 4676 634 4735 Patris
686 4681 1010 4740 charitatem
1048 4703 1180 4760 erga
1233 4709 1335 4749 nos
1382 4676 1840 4759 commemorans.
1876 4704 2028 4760 Con-

2152 1873 2232 1935 είς
2258 1874 2549 1945 πρόσωπον
2582 1877 2708 1931 ἰδεῖν
2741 1878 2833 1932 τοῦ
2872 1880 3170 1957 κειμένου,
3207 1883 3302 1941 καὶ
3333 1883 3442 1938 τῶν
3478 1885 3573 1940 ἐπί
3614 1890 3725 1952 τοῖς

2150 1962 2404 2033 ἐσχάτοις
2447 1968 2772 2040 ἀπαλλαγὴν
2819 1970 3084 2026 κινδύνων
3131 1973 3175 2045 ὴν
3222 1973 3406 2039 πίστις
3463 1978 3599 2047 μετὰ
3624 1978 3726 2049 τῆς

2150 2048 2280 2115 θέας
2310 2057 2423 2118 τοῖς
2457 2056 2657 2127 ὁρῶσιν
2676 2058 3149 2129 ἐπραγματεύετο.
3206 2063 3288 2116 Τά
3335 2063 3434 2134 μὲν
3487 2060 3581 2121 οῦν

2150 2142 2388 2216 ἱστορίας
2420 2147 2477 2199 ἐν
2505 2145 2731 2213 τούτοις.
2748 2140 2909 2202 Ὅλον
2937 2149 2996 2203 δέ
3030 2150 3215 2215 πάλιν,
3242 2154 3320 2218 ὡς
3345 2154 3403 2208 ἐν
3434 2155 3613 2228 τύπῳ,
3640 2157 3741 2228 τῷ,

2148 2233 2433 2306 πράγματι
2456 2236 2517 2291 τὸ
2540 2238 2639 2309 τῆς
2660 2238 3126 2313 ἐνανθρωπήσεως
3149 2228 3495 2317 καταγράφει
3520 2249 3745 2319 μυστή-,

2151 2340 2288 2395 ριον.
2315 2323 2480 2396 Ὄφις
2512 2328 2611 2400 μὲν
2650 2328 2760 2402 γάρ
2795 2330 2897 2403 τὴν
2925 2331 3129 2404 πικρὰν
3158 2334 3253 2388 καὶ
3282 2336 3747 2409 ἀνθρωποκτόνωι,

2148 2413 2426 2485 ἁμαρτίαν
2469 2419 2758 2490 σημαίνει,
2794 2421 2828 2493 ἢ
2874 2422 2969 2475 καὶ
3018 2424 3240 2497 σύμπαν
3270 2428 3332 2480 τὸ
3370 2429 3463 2483 ἐπὶ
3491 2430 3593 2502 τῆς
3620 2432 3726 2502 γῆς

2146 2507 2514 2563 κατεσόσκετο
2557 2510 2744 2580 γένος,
2790 2512 3143 2588 πολυτρόπως
3200 2519 3301 2589 τὴν
3350 2520 3582 2576 ἑκάστου
3624 2522 3743 2581 δάε,

2143 2615 2348 2653 κνουσα
2381 2600 2580 2673 ψυχὴν,
2613 2604 2705 2656 καὶ
2737 2604 2991 2677 πολυειδῆ
3021 2607 3120 2678 τῆς
3160 2609 3494 2680 φαυλότητος
3519 2611 3611 2665 τὸν
3644 2613 3725 2666 ίδν

2142 2686 2411 2758 ἐκχέουσα
2430 2705 2443 2718 ’
2478 2684 2547 2762 ἦν
2584 2690 2642 2743 δέ
2663 2691 2762 2765 οὐχ
2786 2691 2987 2767 ἑτέρως
3004 2696 3152 2765 ἡμᾶς
3175 2696 3275 2768 τὴν
3303 2697 3447 2752 οὕτω
3482 2700 3745 2755 νικῶσαν.

2141 2777 2447 2850 διαφυγεῖν,
2483 2781 2532 2834 εί
2573 2781 2648 2854 μὴ
2682 2781 2777 2849 διὰΔ
2797 2784 2966 2854 μόνης
2989 2784 3087 2854 τῆς
3114 2784 3174 2850 ἐξ
3220 2786 3466 2858 οὐρανῶν
3501 2791 3726 2844 ἐπικου-

2142 2869 2284 2941 ρίας.
2307 2871 2502 2942 Γέγονε
2521 2872 2703 2927 τοίνυν
2724 2874 2903 2940 esse;
2915 2876 3087 2946 Λόγος
3109 2878 3167 2931 ἐν
3187 2879 3494 2951 ὁμοιώματι
3519 2881 3723 2952 σαρκὸς

2140 2962 2441 3034 ἁμαρτίας,
2468 2964 2559 3018 ἵνα
2585 2967 2889 3040 κατακρίνῃ
2916 2968 3014 3040 τὴν
3049 2969 3321 3041 ἁμαρτίαν
3347 2973 3404 3024 ὲν
3438 2974 3506 3044 τῇ
3533 2972 3744 3049 σαρκὶη

2143 3054 2288 3110 καθά
2318 3055 2626 3130 γέγραπται
2647 3099 2663 3126 ,
2694 3058 2791 3115 καὶ
2819 3061 2929 3127 τοῖς
2958 3060 3295 3128 ἀτενίζουσιν
3341 3064 3421 3128 είς
3464 3064 3626 3119 αὑτὸν
3650 3065 3721 3119 δι’

2143 3144 2530 3218 ἐκτενεστέρας
2572 3148 2673 3220 τῆς
2720 3150 2953 3214 πίστεως
2978 3151 3064 3225 ,μῆ
3111 3152 3208 3206 καὶ
3256 3154 3359 3224 τῆς
3401 3154 3510 3207 τῶν
3558 3155 3721 3209 θείων

2140 3233 2424 3305 δογμάτων
2455 3238 2679 3311 ἐρεύνης
2703 3282 2718 3305 ,
2754 3241 3032 3312 σωτηρίας
3074 3243 3417 3297 ἀκαταλύτου
3459 3245 3718 3316 πρόξενος

2139 3324 2451 3398 ἀναδειχθῇ.
2493 3329 2565 3382 Τὸ
2605 3329 2662 3383 δὲ
2696 3330 2782 3401 ἐφ’
2816 3331 3026 3404 ὑψηλῆς
3063 3350 3209 3398 τινος
3255 3335 3571 3406 ύποὸάθρας
3612 3338 3714 3389 άν-

2139 3416 2478 3488 εστηλῶσθαι
2509 3419 2601 3474 τὸν
2621 3419 2781 3491 ὅφιν,
2810 3422 2963 3495 δηλοῖ
2989 3423 3055 3496 δὴ
3094 3423 3318 3489 πάντως
3355 3425 3416 3480 τὸ
3463 3427 3521 3481 ἐν
3556 3443 3716 3497 περι-

2139 3508 2334 3581 φανείᾳ
2375 3510 2469 3563 καὶ
2510 3511 2873 3585 ἐπισημότητι
2921 3514 3174 3582 γενέσθαι
3215 3516 3473 3586 Χριστὸν,
3505 3518 3717 3599 ὠςὶἅγ-

2138 3600 2396 3673 νοηθῆναι
2450 3603 2643 3673 μηδενὶ
2686 3604 2747 3658 τὸ
2797 3607 2863 3659 ἐκ
2906 3606 3009 3677 γῆς
3062 3606 3383 3679 ὑψωθῆναι,
3429 3608 3571 3664 καθά
3619 3611 3719 3664 καὶ

2138 3691 2301 3758 αὐτός
2321 3692 2423 3746 πού
2452 3712 2605 3766 φησι,
2631 3695 2719 3751 διὰ
2750 3697 2812 3751 τὸ
2843 3698 2939 3751 ἐπὶ
2968 3698 3047 3769 τῷ
3076 3699 3292 3771 σταυρῷ
3323 3699 3514 3765 πάθος.

2211 3783 2410 3848 οὕτως
2436 3785 2545 3854 γὰρ
2573 3785 2890 3857 ἠγάπησεν
2917 3791 2952 3843 ὁ
2974 3789 3119 3855 Θεὸς
3146 3790 3254 3843 τὸν
3273 3791 3524 3861 κόσμον,
3557 3788 3717 3843 ὥστε

2136 3872 2246 3926 τὸν
2277 3872 2416 3926 rm
2450 3875 2636 3930 αὐτοῦ
2664 3875 2771 3929 τὸν
2792 3878 3091 3948 μονογενῆ
3123 3879 3364 3943 ἔδωκεν,
3409 3880 3510 3935 ἵνα
3533 3877 3652 3945 πᾶς
3677 3882 3715 3932 ό

2137 3964 2438 4033 πιστεύων
2465 3967 2553 4033 εις
2573 3966 2761 4021 αὑτὸν
2783 3967 2871 4038 μὴ
2898 3969 3217 4038 ἀπόληται,
3248 3970 3388 4036 du;
3411 3971 3524 4041 ἔχη
3557 3969 3716 4040 ζωὴν

2136 4052 2397 4121 ᾳίώνιον.
3788 4058 3797 4069 ’

2218 4144 2544 4216 Ἀναφανδδν
2576 4149 2633 4202 ἐν
2648 4148 2878 4219 τούτοις,
2897 4151 2978 4205 ὅτι
3006 4150 3138 4216 Θεὸς
3173 4153 3315 4209 κατά
3334 4152 3497 4223 φύσιν
3528 4155 3704 4218 ἐστὶν,

2135 4236 2413 4308 ἐπείγεται
2456 4239 2680 4311 δηλοῦν,
2724 4241 2882 4313 εἴπερ
2921 4242 3134 4316 ἀνάγκη
3179 4247 3320 4314 νοεῖν
3343 4244 3433 4301 τὸν
3469 4247 3534 4312 ἐκ
3570 4244 3705 4299 Θεοῦ

2136 4331 2412 4402 πεφηνότα
2446 4333 2659 4405 Πατρδς
2702 4329 2841 4388 εἶναι
2884 4334 2949 4406 δὴ
2993 4335 3210 4402 πάντως
3261 4338 3356 4403 καὶ
3392 4338 3555 4402 Θεὸν,
3603 4340 3707 4392 οὐκ

2135 4424 2371 4478 ἐπακτὸν
2420 4425 2612 4497 ἔχοντα
2663 4427 2726 4480 τὸ
2775 4427 3021 4500 ἀξίωμα,
3075 4429 3328 4502 καθάπερ
3353 4432 3532 4502 ἡμεῖς,
3587 4430 3706 4485 ἀλλ’

2132 4513 2447 4586 ὑπάρχοντα,
2469 4516 2625 4571 τοῦτο
2648 4519 2766 4572 κατ’
2789 4519 3069 4591 ἀλήθειαν,
3091 4520 3229 4592 ὅπερ
3261 4517 3401 4575 εῖναι
3436 4521 3695 4586 πιστεύε-

2129 4623 2239 4660 ται.
2271 4609 2641 4679 Οίκονομικῶς
2697 4610 2754 4665 δὲ
2788 4611 2906 4665 λίαν
2951 4613 3046 4667 καὶ
3090 4603 3248 4667 τοῦτό
3292 4631 3446 4684 φησι,
3480 4614 3576 4686 τὴν
3616 4616 3699 4678 είς

2132 4696 2279 4769 ἡμᾶς
2327 4698 2422 4752 τοῦ
2469 4700 2603 4753 Θεοῦ
2634 4702 2729 4755 καὶ
2777 4703 2991 4775 Πατρδς
3030 4702 3381 4775 παραζεύξας
3426 4706 3705 4776 ἀγάπησιν

453 4767 635 4827 fundit
684 4774 831 4830 enim
881 4777 1228 4838 incredulum
1275 4783 1635 4843 Nicodemum
1664 4830 1682 4855 ,
1737 4792 1847 4848 imo
1894 4811 2026 4855 vero

2146 4767 2367 4859 ιύφυῶς,
2398 4791 2724 4863 εὐαφόρμως
2749 4811 2809 4848 τε
2834 4767 2955 4851 λίαν
2972 4767 3060 4862 είς
3092 4767 3513 4869 τὸν-ἐπίτούτίρ
3545 4767 3704 4865 λόγον

448 4868 829 4921 contumacem
875 4882 1001 4924 eum
1050 4885 1173 4929 esse
1215 4874 1582 4933 demonstrat.
1613 4881 1737 4937 Cito
1777 4886 1923 4940 enim
1954 4888 2024 4943 ad

2146 4880 2443 4952 ἐρχόμενος.
2476 4883 2730 4943 Δυσωπεί
2782 4884 2880 4955 μὲν
2899 4886 3023 4958 γὰρ,
3045 4887 3377 4943 ἀπειθοῦντα
3407 4868 3498 4942 τὸν
3528 4887 3699 4942 Νικό-

448 4952 808 5049 credendum,
857 4959 969 5017 Deo
1016 4962 1223 5035 aliquid
1275 4967 1531 5033 docente,
1582 4988 1693 5031 non
1742 4976 2023 5044 accedere,

2146 4972 2329 5043 ἰημον,
2390 4972 2591 5044 μᾶλλον
2634 4974 2694 5029 δὲ
2745 4952 2844 5049 ἥδη
2902 4952 3000 5034 ᾆιαί
3040 4979 3373 5035 ἀπειθοῦντα
3438 4979 3697 5033 δεικνύει.

446 5043 583 5112 quid
612 5046 762 5102 aliud
791 5059 896 5115 est,
933 5068 1141 5123 quaeso,
1176 5072 1339 5128 quam
1363 5060 1578 5118 veritati
1614 5066 1889 5125 mendacii
1917 5043 2025 5127 eri?

2146 5063 2201 5118 Γδ
2224 5066 2331 5137 γάρ
2355 5043 2430 5138 μὴ
2455 5066 2574 5120 λίαν
2600 5043 2945 5140 ἑτοίμὼςέπὶ
2968 5069 3029 5124 τὸ
3065 5070 3343 5135 πιστεύειν
3374 5070 3530 5134 ἰέναι,
3560 5068 3698 5122 Θεοῦ

447 5149 572 5190 men
614 5137 939 5198 innectere?
986 5143 1278 5215 Praeterea,
1322 5149 1558 5208 dicendo
1606 5156 1850 5229 seipsum
1902 5161 2022 5218 dari

2146 5174 2177 5210 :t
2207 5156 2565 5226 διδάσκοντος,
2606 5161 2659 5213 τί
2694 5137 2761 5215 ἀν
2807 5161 2995 5234 ἕτερον
3041 5161 3126 5234 εἴη
3171 5162 3377 5225 λοιπὸν,
3415 5162 3449 5233 ἢ
3482 5161 3560 5231 τῷ
3597 5159 3699 5219 τοῦ

446 5238 546 5291 pro
577 5231 764 5285 mundi
799 5232 931 5299 vita,
964 5236 1242 5307 imprimis
1279 5243 1631 5313 cogitandum
1671 5264 1796 5307 esse
1833 5252 2025 5310 admo-

2146 5247 2350 5312 μεύδους
2385 5250 2688 5323 ἐγκλήματι
2729 5231 3042 5325 περιϐαλεῖν
3080 5231 3178 5324 τὴν
3218 5231 3516 5325 ἀλήθειαν;
3564 5249 3698 5311 Εἶτα

446 5323 564 5419 net,
585 5324 780 5388 quanti
812 5328 1069 5398 supplicii
1096 5331 1175 5386 rei
1207 5333 1343 5397 sint,
1366 5336 1460 5407 qui
1489 5344 1601 5394 tam
1639 5340 2018 5401 admirabilem

2146 5341 2258 5414 πρὸς
2299 5342 2473 5415 τούτῳ
2503 5343 2741 5401 δίδοσθαι
2778 5323 2951 5415 λέγων
3007 5323 3204 5401 ἐαυτὸν
3260 5323 3402 5419 ὑπὲρ
3445 5346 3547 5417 τῆς
3596 5344 3693 5398 τοῦ

447 5404 593 5462 illam
635 5410 724 5467 Dei
773 5429 837 5471 ac
890 5416 1067 5475 Patris
1119 5425 1352 5492 gratiam
1383 5404 1503 5497 ἰιι-ο
1554 5428 1730 5485 nihilo
1772 5431 2018 5490 ducunt:

2146 5404 2325 5503 ιόσμου
2368 5404 2514 5504 ζωῆς
2561 5437 2762 5491 ἐννοεῖν
2805 5404 3088 5492 ἀναπείθει
3125 5404 3579 5509 yopxtbq..1r6crqc
3624 5436 3695 5490 ἂν

449 5514 471 5551 ι
515 5496 604 5553 Sic
634 5505 799 5571 enim,
833 5508 1029 5581 inquit,
1056 5511 1197 5572 Deus
1223 5496 1419 5573 dilexit
1439 5521 1801 5589 mundum,ut
1820 5523 2016 5585 Filium

2146 5496 2362 5579 ’ἐνδιντο
2393 5496 2661 5598 τιμωρίας
2695 5528 2891 5598 ἔνοχοι,
2921 5531 3052 5599 παρ’
3279 5496 3621 5594 ἰδέ-ἀπονοίας
3640 5527 3692 5579 οἱ

523 5681 565 5709 ’⁸
590 5681 749 5739 Joan.
778 5704 830 5755 v,
858 5693 944 5748 39.
1026 5698 1067 5729 "
1101 5697 1260 5757 Rom.
1283 5720 1399 5768 VIII,
1426 5707 1479 5760 5.
1557 5710 1600 5739 ²⁰
1660 5708 1823 5764 Num.
1850 5726 1961 5774 χιι,
1992 5712 2043 5765 ε).

2161 5714 2201 5744 ²¹
2237 5710 2393 5767 Joan.
2438 5728 2536 5778 χιι,
2581 5714 2668 5768 32.
