4040 6214
235 318 352 369 253

1326 325 1394 382 IN
1428 325 1709 383 JOANNIS
1739 324 2187 384 EVANGELIUM
2228 327 2354 382 LIB.
2395 328 2458 384 Il.

3375 336 3482 401 ⁸ὶῦιί

230 441 337 509 τὴν
364 439 537 502 οὕτως
569 440 1014 512 ἁξιάγαστονητοῦ
1049 442 1186 496 Θεοῦ
1208 445 1301 497 καὶ
1335 447 1548 516 Πατρὸς
1587 447 1812 516 ποιησά-

1917 467 2076 504 sumn
2109 449 2451 520 unigenitum
2479 450 2708 505 dederit.
2743 469 2759 502 ι
2803 450 3003 506 Audiat
3044 469 3243 510 rursus
3280 453 3484 512 Christi

235 547 397 600 μενοι
426 532 601 601 χάριν.
639 550 656 581 ι
695 531 851 584 Οὕτω
880 533 991 604 γὰρ
1013 575 1027 598 ,
1077 536 1270 604 φησὶν,
1311 538 1595 607 ἠγάπησεν
1625 541 1652 590 6
1681 537 1812 601 Θεὸς

232 623 332 674 τὸν
356 621 594 690 κόσμον,
629 621 771 675 ὥστε
808 624 901 676 τὸν
936 625 1064 678 Υἰδν
1097 625 1263 678 αὐτοῦ
1293 627 1384 679 τὸν
1416 630 1677 697 μονογενῆ
1725 627 1812 680 δέ-

229 715 435 770 δωκεν,
471 732 490 765 ι
539 715 810 770 ’Δκουέτω
844 717 1005 770 πάλιν
1037 720 1065 770 ό
1089 718 1472 789 Χριστομάχος
1513 719 1810 789 αἱρετικδςο

233 807 338 868 καὶ
373 805 580 873 λεγέτω
623 806 928 876 παρελθὼν,
957 807 1009 861 τί
1055 807 1116 863 τὸ
1147 807 1289 878 μέγα
1331 808 1432 878 τῆς
1469 809 1691 880 ἀγάπης
1720 808 1814 862 τοῦ

233 897 378 951 Θεοῦ
402 898 498 950 καὶ
524 899 736 969 Πατρός
755 940 770 964 ,
805 898 838 970 ἢ
868 899 986 963 πῶς
1020 900 1086 954 ἂν
1120 900 1292 970 αὐτὴν
1319 902 1546 965 εἰκότως
1575 901 1816 954 ἀποθαυ-

235 989 523 1056 μάσαιμεν
545 1004 558 1017 ⁸
585 989 697 1040 ἀλλ’
725 990 842 1060 ὲρεῖ
869 990 933 1060 δὴ
967 991 1185 1053 πάντως
1221 991 1320 1061 τῆς
1343 990 1565 1061 ἀγάπης
1586 991 1816 1060 ὁρᾶσθαι

232 1077 297 1129 τὸ
328 1077 678 1144 ἀξιάγαστον,
709 1081 767 1132 ὲν
799 1079 877 1150 τῷ
911 1079 1159 1133 δεδόσθαι
1181 1079 1274 1132 τὸν
1299 1080 1431 1133 Υίὸν
1469 1081 1609 1152 ὑπὲρ
1633 1080 1812 1150 ἡμῶν,

233 1171 338 1222 καὶ
371 1171 531 1224 τοῦτο
559 1173 843 1241 μονογενῆ.
881 1173 1091 1226 Οὐκοῦν
1131 1173 1216 1225 ἵνα
1252 1171 1390 1244 μένῃ
1446 1174 1540 1226 καὶ
1569 1171 1810 1242 σώζηται

238 1260 456 1328 μεγάλη
489 1261 583 1313 τοῦ
607 1261 744 1314 Θεοῦ
773 1264 867 1315 καὶ
891 1264 1108 1335 Πατρός
1137 1267 1169 1334 ή
1194 1265 1492 1334 ἀγάπησις,
1527 1263 1652 1326 Υἱὸς
1678 1263 1817 1315 νοεί-

237 1349 377 1412 σθω,
407 1351 479 1418 μὴ
511 1351 752 1420 ποίημα·
779 1351 903 1403 Υἰὸν
931 1352 987 1403 δέ
1017 1369 1158 1421 φημι
1188 1353 1276 1406 τὸν
1303 1356 1368 1406 ὲκ
1391 1353 1488 1421 τῆς
1513 1352 1698 1414 οὐσίας
1721 1351 1814 1404 τοῦ

237 1438 478 1509 Πατρός,
533 1440 815 1510 όμοούσιον
861 1432 1105 1510 δηλονότι
1156 1441 1245 1510 τῷ
1287 1440 1673 1510 γεγεννηκότι,
1725 1440 1817 1492 καὶ

235 1530 375 1590 Θεὸν
401 1531 573 1593 ὅντως
602 1533 696 1584 καὶ
744 1532 867 1586 κατ’
904 1531 1187 1603 ἀλήθειαν.
1223 1533 1286 1584 Εἰ
1325 1531 1382 1583 δὲ
1417 1531 1558 1584 κατὰ
1589 1532 1678 1584 τὸν
1725 1531 1815 1585 σὸν

235 1623 419 1688 λόγον,
448 1616 493 1674 ὦ
517 1616 688 1687 οὗτος,
721 1622 781 1675 τὸ
820 1625 885 1675 ἐκ
911 1623 1012 1692 τῆς
1035 1622 1224 1684 οὐσίας
1257 1618 1396 1675 εἶναι
1434 1621 1527 1674 τοῦ
1559 1622 1693 1674 Θεοῦ
1724 1623 1816 1676 καὶ

239 1714 458 1783 Πατρός
484 1714 584 1768 οὐκ
609 1714 751 1784 ἔχει,
791 1716 886 1768 καὶ
916 1715 976 1767 τὸ
1011 1712 1151 1769 εἶναι
1183 1714 1325 1768 κατά
1365 1713 1528 1783 φύσιν
1559 1713 1686 1777 Υἱὸς
1719 1715 1813 1766 καὶ

1919 543 2094 596 hostis
2135 542 2444 606 haereticus,
2477 555 2540 594 ac
2589 541 2736 596 dicat
2767 541 2967 608 obiter,
2997 543 3131 613 quid
3179 547 3359 615 magni
3389 546 3484 600 ha-

1918 634 2043 688 beat
2097 633 2185 688 Dei
2230 648 2295 685 ac
2343 631 2522 686 Patris
2561 632 2804 693 dilectio,
2840 643 2932 687 aut
2978 636 3255 703 quomodo
3307 638 3480 706 ipsam

1917 727 2110 780 merito
2144 724 2521 779 admiremur?
2567 723 2670 776 Sed
2725 725 3073 793 respondebit
3102 726 3290 795 utique
3333 729 3385 781 in
3418 745 3482 781 ea

1915 816 2208 871 dilectione
2237 814 2290 867 id
2319 815 2470 867 cerni
2493 814 2853 867 admiratione
2874 813 3121 883 dignum,
3151 816 3294 884 quod
3325 818 3482 872 datus

1916 910 1990 964 sit
2022 923 2119 978 pro
2151 907 2308 962 nobis
2335 905 2529 972 Filius,
2571 906 2814 975 adeoque
2854 907 3190 974 unigenitus.
3232 905 3398 978 Igitur
3425 917 3484 963 ut

1917 1008 2130 1053 constet
2178 1013 2373 1068 magna
2426 998 2513 1051 illa
2564 997 2654 1051 Dei
2703 1012 2768 1049 ac
2814 995 2988 1051 Patris
3039 998 3281 1063 dilectio,
3313 999 3483 1052 Filius

1918 1087 2305 1158 intelligendus
2331 1094 2436 1149 est,
2457 1101 2562 1140 non
2598 1099 2874 1141 creatura.
2905 1085 3104 1140 Filium
3129 1097 3305 1140 autem
3337 1088 3480 1150 dico,

1915 1180 2010 1248 qui
2053 1189 2136 1234 est
2186 1195 2250 1233 ex
2292 1181 2598 1235 substantia
2648 1179 2740 1232 Dei
2775 1195 2840 1233 ac
2887 1179 3064 1234 Patris
3107 1180 3390 1243 nimirum,
3431 1181 3480 1233 ei

1917 1270 2423 1333 consubstantialis,
2473 1281 2525 1324 et
2565 1286 2749 1324 revera
2801 1269 2962 1326 Deus.
3014 1270 3175 1336 Quod
3233 1271 3276 1324 si
3325 1271 3481 1338 juxta

1917 1370 2064 1413 tuam
2089 1361 2419 1422 doctrinam,
2444 1376 2476 1413 ο
2509 1361 2763 1430 quisquis
2789 1376 2870 1427 es,
2891 1375 2995 1414 non
3020 1371 3104 1416 est
3130 1378 3194 1415 ex
3222 1361 3482 1415 substan-

1915 1452 1992 1504 tia
2027 1450 2120 1506 Dei
2163 1467 2227 1506 ac
2276 1451 2474 1513 Patris,
2507 1451 2674 1505 simul
2701 1451 2863 1504 etiam
2901 1451 3168 1504 naturalis
3215 1448 3383 1504 Filius
3418 1464 3482 1502 ac

1915 1540 2060 1595 Deus
2104 1555 2227 1595 esse
2273 1541 2505 1604 desinet,
2541 1547 2595 1592 et
2639 1539 2820 1592 inanis
2863 1539 2966 1593 erit
3017 1539 3235 1593 demum
3282 1539 3479 1593 eximia

1919 1635 2007 1688 illa
2041 1641 2094 1688 et
2125 1631 2280 1701 153
2307 1633 2648 1687 admirabilis
2676 1631 2854 1686 Patris
2878 1631 3116 1686 dilectio.
3157 1632 3480 1684 (Ireaturam

1916 1725 2060 1779 enim
2095 1737 2194 1792 pro
2229 1723 2520 1786 creaturis,
2543 1737 2652 1776 non
2681 1736 2808 1775 vere
2842 1720 3039 1773 Filimu
3066 1720 3238 1774 dedit.
3259 1718 3483 1772 Frustra

236 1805 374 1868 θεὸς
402 1806 799 1870 συναποϐάλεί,
842 1807 937 1861 καὶ
975 1808 1206 1878 ἀργήσει
1245 1806 1434 1859 λοιπὸν
1474 1806 1530 1858 τὸ
1573 1805 1812 1875 περίπυ-

1914 1830 2044 1869 vero
2073 1814 2233 1868 nobis
2255 1814 2446 1867 beatus
2473 1812 2677 1866 Paulus
2707 1820 2972 1865 terrorem
3010 1809 3223 1878 injiciet
3243 1809 3441 1890 dicens
3467 1826 3480 1861 :

237 1915 368 1951 στον
405 1898 592 1969 θαῦμα
626 1900 725 1968 τῆς
763 1900 985 1970 ἀγάπης
1021 1899 1114 1953 τοῦ
1163 1899 1396 1969 Πατρός.
1443 1898 1663 1967 Ποίημα
1704 1897 1812 1968 γὰρ

237 1989 565 2059 ποιημάτων
601 1990 888 2061 ἠλλάξατο,
921 1992 1015 2044 καὶ
1047 1991 1146 2060 οὐχ
1170 1990 1296 2043 Υἰὺν
1321 1988 1536 2062 ἀληθῶς
1560 2006 1573 2021 ·
1604 1989 1728 2058 εἰκῆ
1757 1989 1813 2042 δὲ

236 2082 388 2148 ἡμᾶς
436 2081 531 2133 καὶ
579 2083 606 2134 ό
663 2081 928 2154 μακάριος
989 2081 1199 2145 Παῦλος
1255 2065 1546 2154 θορυϐήσει
1602 2081 1808 2149 λέγων’

237 2169 578 2240 ι’Δθετήσας
626 2189 712 2234 τις
758 2171 920 2241 νόμον
975 2172 1252 2239 Μωσέως,
1303 2174 1475 2242 χωρὶς
1513 2170 1814 2242 οἰκτιρμῶν

234 2262 331 2315 ἐπὶ
379 2263 532 2315 δυσὶν
579 2264 613 2332 ἢ
677 2266 856 2335 τρισὶν
912 2266 1180 2336 μάρτυσιν
1231 2265 1600 2334 ἀποθνήσκει,
1655 2263 1806 2332 πόσῳ

234 2351 448 2404 δοκεῖτε
499 2352 742 2422 χείρονος
787 2352 1149 2424 ἀξιωθήσεται
1186 2354 1456 2426 τιμωρίας
1501 2355 1530 2406 ὁ
1565 2354 1654 2408 τὸν
1685 2353 1812 2406 Υἰδν

232 2442 330 2494 τοῦ
359 2441 499 2495 Θεοῦ
525 2445 956 2514 καταπατήσας;
988 2464 1008 2495 ›
1046 2447 1366 2499 Καταπατεί
1400 2444 1498 2515 μὲν
1529 2445 1638 2516 γάρ
1675 2445 1808 2514 ὁμο-

232 2534 582 2602 λογουμένως
627 2537 656 2586 6
717 2536 1140 2606 καταφρονήσας
1165 2578 1179 2600 ,
1230 2536 1346 2588 ἀλλ’
1400 2537 1498 2604 οὐχ
1555 2535 1631 2598 ὼς
1686 2536 1812 2589 Υἰὸν

231 2625 525 2693 ἀληθινὸν,
575 2625 710 2678 ἀλλὰ
746 2625 990 2689 Μωσέως
1021 2626 1306 2696 ὁμόδουλον
1327 2666 1341 2689 ,
1389 2625 1548 2696 εἴπερ
1582 2625 1698 2678 ἐστὶ
1735 2626 1810 2695 τῷ

234 2715 591 2785 πεποιημένῳ
608 2714 671 2766 τὸ
693 2715 902 2786 ποίημα
931 2717 1149 2779 πάντως
1176 2715 1422 2783 ἀδελφὸν,
1462 2715 1603 2769 κατά
1627 2732 1688 2783 γε
1721 2716 1809 2768 τὸν

227 2804 326 2857 τοῦ
353 2806 886 2877 πεποιῆσθαιολόγον,
910 2809 1016 2863 κᾶν
1035 2811 1153 2871 ταῖς
1176 2810 1256 2872 εἰς
1280 2809 1341 2861 τὸ
1371 2807 1553 2879 μεῖζον
1585 2808 1617 2878 ἢ
1653 2809 1811 2879 ἄμει-

228 2917 322 2952 νον
374 2902 672 2970 ὑπεροχαῖς
716 2903 816 2974 τὴν
860 2905 1048 2976 ἑτέρου
1099 2903 1256 2969 δόξαν
1305 2903 1600 2973 πλεονεκτῇ
1623 2921 1636 2933 ·
1693 2903 1807 2956 ἀλλ’

227 2992 386 3046 ἔστιν
417 2993 616 3063 ἀληθής
643 2995 672 3046 6
700 2995 796 3048 τοῦ
836 2996 1053 3050 ’Παύλου
1094 2995 1248 3063 λόγος
1275 3013 1286 3027 ·
1337 2995 1722 3066 χαλεπωτέραν
1751 2994 1809 3048 δὲ

229 3081 484 3134 ἀποτίσει
526 3083 624 3152 τὴν
663 3085 821 3156 δίκην
866 3087 895 3138 6
940 3087 1335 3158 καταπατήσας
1367 3086 1460 3138 τὸν
1506 3085 1633 3138 Υἰὸν
1657 3128 1672 3150 ,
1709 3085 1808 3155 οὐχ

1919 1926 1937 1958 ι
1975 1906 2193 1960 lrritam
2237 1905 2444 1960 faciens
2483 1906 2654 1974 legem
2706 1904 2896 1974 Moysi,
2939 1904 3058 1958 sine
3093 1902 3221 1956 «ulla
3256 1901 3485 1954 misera-

1915 1998 2082 2059 tione,
2114 1996 2329 2050 duobus
2358 1995 2444 2048 vel
2488 1995 2666 2048 tribus
2713 1994 2943 2048 testibus
2969 1991 3242 2046 moritur:
3274 1999 3483 2061 quanto

1912 2087 2087 2156 magis
2111 2086 2316 2156 putatis
2339 2086 2616 2140 deteriora
2639 2084 2840 2139 mereri
2870 2083 3144 2153 supplicia
3166 2082 3260 2152 qui
3285 2081 3480 2136 Filium

1911 2177 2007 2232 Dei
2067 2176 2476 2232 conculcaverit
2515 2176 2603 2229 “?
2652 2193 2672 2227 ι
2729 2173 3030 2230 Conculcat
3082 2172 3228 2227 enim
3288 2170 3480 2240 procul

1911 2269 2078 2324 dubio
2119 2269 2166 2322 is
2197 2269 2287 2336 qui
2330 2267 2577 2337 spernit,
2609 2266 2762 2333 atqui
2806 2279 2914 2319 non
2952 2272 3012 2319 ut
3036 2263 3234 2317 Filium
3266 2276 3478 2323 verum,

1911 2359 2006 2413 sed
2039 2357 2242 2429 Moysis
2279 2372 2630 2422 conservum,
2663 2359 2708 2410 si
2735 2355 2957 2425 quidem
2999 2361 3255 2410 creatura
3291 2359 3375 2407 est
3401 2352 3480 2406 rei

1910 2455 2107 2502 creatae
2142 2460 2304 2500 soror
2337 2447 2390 2500 in
2419 2449 2631 2501 ratione
2663 2447 2741 2500 rei
2782 2456 3001 2509 creatte,
3039 2445 3168 2499 licet
3213 2441 3482 2512 dignitate

1912 2551 2004 2595 aut
2029 2539 2349 2594 excellentia
2379 2539 2608 2593 alterius
2644 2538 2874 2607 gloriam
2905 2544 3148 2607 superet.
3182 2538 3249 2588 At
3291 2550 3478 2589 verum

1909 2639 1992 2684 est
2026 2629 2176 2683 Pauli
2226 2629 2432 2682 dictum
2472 2646 2486 2682 :
2529 2634 2583 2679 et
2630 2629 2941 2698 graviorem
2984 2641 3200 2697 poenam
3243 2628 3352 2679 luet
3385 2625 3480 2693 qui

1911 2718 2113 2774 Filium
2145 2717 2699 2781 conculcaverit,non
2718 2726 2775 2771 ut
2798 2717 2851 2770 in
2885 2726 3192 2771 creaturam
3221 2730 3478 2785 peccans,

1912 2825 2012 2864 nec
2057 2809 2112 2862 in
2163 2823 2332 2863 unum
2381 2824 2447 2862 ex
2485 2805 2690 2877 Moysis
2721 2806 3029 2860 conservis.
3071 2803 3264 2874 Magna
3315 2804 3480 2872 igitur

1909 2911 1994 2957 est
2031 2916 2096 2956 ac
2142 2900 2578 2971 supernaturalis
2614 2899 2707 2953 illa
2747 2899 2924 2954 Patris
2957 2897 3202 2963 dilectio,
3233 2897 3326 2966 qui
3385 2911 3481 2966 pro

1911 2993 2101 3048 mundi
2152 2993 2262 3047 vita
2314 2991 2466 3046 illum
2506 3006 2572 3046 ex
2619 2991 2802 3061 seipso
2849 2997 2904 3046 et
2948 2991 3230 3060 preprium
3282 2987 3480 3041 Filium
3543 3007 3550 3016 -

1911 3085 2086 3140 dedit.

225 3177 306 3239 ὡς
327 3179 408 3240 εἰς
427 3179 640 3248 ποίημα
667 3181 1023 3253 πλημμελῶν,
1053 3184 1174 3237 οὐδὲ
1197 3186 1276 3246 εἰς
1319 3183 1414 3235 ἕνα
1450 3182 1559 3235 τῶν
1587 3184 1830 3246 Μωσέως
1867 3181 2188 3253 ὁμοδούλων.
2225 3179 2454 3250 Μεγάλη
2490 3180 2554 3250 δὴ
2594 3174 2688 3233 οὐν
2755 3177 2848 3230 καὶ
2909 3177 3195 3248 ὑπερφυὴς
3229 3179 3260 3248 ἡ
3293 3177 3478 3246 ἀγάπη

224 3268 326 3320 τοῦ
357 3269 571 3337 Πατρός
594 3271 735 3341 ὑπὲρ
757 3275 854 3343 τῆς
879 3272 973 3326 τοῦ
1000 3273 1204 3343 κόσμου
1233 3273 1380 3342 ζωῆς
1408 3274 1500 3328 τὸν
1526 3273 1583 3340 ἐξ
1615 3273 1810 3326 ἑαυτοῦ
1848 3274 1940 3328 καὶ
1971 3273 2100 3326 ἴδιον
2125 3270 2288 3324 αὐτοῦ
2316 3270 2606 3333 δεδωκότος
2631 3269 2776 3322 Υἰόν.

305 3364 391 3415 οὺ
418 3361 529 3430 γὰρ
558 3364 915 3420 ἀπέστειλεν
944 3369 978 3421 ό
1011 3366 1156 3433 Θεὸς
1191 3368 1298 3421 τὸν
1335 3368 1472 3422 nar
1498 3368 1684 3422 αὐτοῦ
1716 3370 1805 3433 εἰς
1831 3369 1872 3429 C

223 3450 339 3505 τὸν
388 3451 659 3520 κόσμον,
698 3453 799 3507 ἵνα
852 3455 1028 3524 κρίνῃ
1071 3455 1177 3508 τὸν
1222 3457 1487 3525 κόσμον,
1537 3456 1676 3510 ἀλλ’
1707 3455 1808 3509 ἵνα

222 3541 401 3610 σωθῇ
433 3545 466 3596 ό
501 3544 730 3613 κόσμος
755 3545 830 3598 δι’
857 3547 1063 3601 αὐτοῦ.

298 3635 430 3714 my
481 3637 674 3689 ἑαυτὸν
715 3638 1010 3710 διαρρήδην
1051 3640 1325 3710 ὀνομάσας
1362 3639 1457 3693 τοῦ
1515 3640 1654 3694 Θεοῦ
1715 3642 1808 3696 καὶ

221 3726 470 3794 Πατρὸς,
497 3727 599 3780 οὐκ
623 3729 1012 3801 ἀμαρτύρητον
1037 3732 1130 3802 ὲᾷν
1163 3731 1333 3784 οἴεται
1369 3732 1478 3786 δεῖν
1511 3735 1600 3788 τὸν
1628 3735 1805 3803 λόγον,

218 3815 345 3868 ἀλλ’
376 3818 442 3868 ὲκ
473 3818 572 3885 τῆς
599 3819 707 3872 τῶν
734 3823 1095 3892 πραγμάτων,
1145 3823 1231 3876 ἵνα
1259 3823 1435 3888 οὕτως
1466 3825 1623 3888 εἴπω,
1657 3827 1807 3881 ποιό-

218 3923 391 3976 τητος
443 3909 694 3981 ἐπιφέρει
745 3912 845 3984 τήν
889 3913 1203 3980 ἀπόδειξιν,
1248 3915 1679 3988 ἀσφαλεστέρους
1729 3918 1810 3980 εἰς

221 4002 411 4053 πίστιν
432 4000 561 4062 τοὺς
587 4003 972 4074 ἀκροωμένους
1002 4006 1297 4059 ἀποτελῶν.
1333 4007 1407 4060 Οὐ
1436 4008 1544 4078 γὰρ
1573 4011 1810 4064 ἀπεστά-

221 4097 349 4164 λην,
384 4099 545 4167 φησὶ.
580 4095 718 4148 κατά
745 4097 834 4148 τὸν
863 4097 1185 4167 ἱεροφάντην
1216 4101 1442 4160 Μωσέα,
1469 4101 1618 4170 νόμῳ
1639 4119 1810 4155 κατα-

223 4187 431 4255 κρίνων
490 4189 590 4256 τὴν
635 4188 1000 4262 οἰκουμένην,
1065 4190 1183 4242 οὐδὲ
1237 4193 1373 4260 πρὸς
1429 4193 1645 4262 ἔλεγχον
1707 4196 1806 4262 τῆς

220 4280 507 4348 ἁμαρτίας
533 4280 773 4351 εἰσφέρω
792 4279 891 4350 τὴν
917 4259 1152 4350 ἐντολὴν.
1178 4282 1297 4335 οὐδὲ
1320 4286 1596 4354 οἰκετικὴν
1626 4284 1810 4337 ποιοῦ-

223 4383 332 4434 μαι
360 4368 461 4436 τὴν
497 4368 778 4420 διακονίαν
806 4384 819 4398 ·
873 4368 1008 4422 άλλά
1061 4371 1306 4440 Δεσπότῃ
1350 4371 1666 4439 πρέπουσαν
1708 4373 1806 4443 τὴν

224 4457 644 4529 φιλανθρωπίαν
704 4457 982 4528 εἰσφέρω,
1047 4458 1316 4531 ἐλευθερῶ
1361 4462 1420 4514 τὸ
1466 4462 1682 4524 δοῦλον,
1732 4463 1808 4526 ὡς

226 4548 360 4610 Υἱὸς
380 4549 478 4601 καὶ
506 4548 846 4619 κληρονόμος
881 4547 974 4600 τοῦ
1009 4548 1241 4619 Πατρός,
1291 4552 1679 4622 μετασκευὰζω
1715 4552 1806 4610 τὸν

222 4641 664 4704 καταδικάζοντα
702 4640 866 4710 νόμον
897 4641 978 4703 είς
1014 4641 1334 4696 δικαιοῦσαν
1380 4645 1562 4714 χάριν,
1612 4644 1804 4714 ἀνίημι

1977 3364 2063 3430 ιιι,
2112 3367 2195 3419 l7.
2246 3363 2370 3419 Non
2417 3365 2555 3418 enim
2601 3364 2745 3416 misit
2786 3361 2925 3415 Deus
2977 3359 3180 3414 Filium
3225 3377 3376 3414 suum
3426 3363 3477 3415 in

1909 3463 2182 3526 mundum,
2219 3472 2276 3516 ut
2299 3462 2507 3533 judicet
2551 3459 2829 3523 mundum,
2857 3457 2945 3512 sed
2975 3466 3033 3509 ut
3066 3455 3297 3510 salvetur
3329 3474 3472 3511 umn-

1906 3556 2007 3612 dus
2033 3573 2124 3628 per
2154 3559 2346 3626 ipsum.

1977 3647 2244 3714 Quoniam
2277 3647 2476 3702 Filium
2527 3645 2618 3700 Dei
2668 3659 2732 3699 ac
2771 3643 2950 3698 Patris
2998 3643 3241 3712 seipsnm
3295 3648 3482 3709 aperte

1906 3742 2232 3805 nominavit,
2278 3741 2333 3794 id
2363 3741 2502 3794 citra
2552 3739 2932 3807 probationem
2964 3735 3170 3790 dictum
3201 3749 3307 3787 non
3340 3731 3478 3792 vult,

1908 3834 2002 3889 sed
2055 3848 2124 3888 ex.
2167 3847 2349 3886 rerum
2397 3833 2678 3900 ipsarum,
2734 3836 2792 3881 ut
2829 3830 2902 3882 ita
2954 3828 3164 3890 dicam,
3216 3824 3480 3894 qualitate

1908 3923 2427 3980 demonstrationem
2475 3919 2658 3984 infert,
2699 3919 2981 3973 auditores
3031 3919 3084 3970 in
3138 3915 3242 3970 fide
3274 3915 3479 3969 confi‘r~

1910 4033 2086 4070 rnans.
2121 4013 2240 4068 Non
2271 4012 2416 4068 enim
2451 4011 2658 4064 missus
2688 4025 2832 4072 sum,
2890 4009 3090 4078 inquit,
3127 4006 3479 4076 quemadmo-

1908 4109 2035 4164 dum
2071 4121 2352 4162 sacrorqu
2398 4105 2490 4158 ille
2532 4104 2809 4172 interpres
2835 4101 3074 4172 Moyses,
3119 4107 3180 4153 ut
3211 4099 3325 4168 lege
3371 4108 3481 4151 ter-

1910 4215 2093 4256 rarqu
2129 4198 2316 4252 orbem
2357 4197 2740 4255 condemnem.
2777 4209 2954 4264 neque
2990 4192 3055 4246 ad
3091 4199 3372 4260 peccatum
3402 4205 3481 4243 re-

1909 4289 2286 4360 darguendum
2334 4287 2652 4341 mandatum
2710 4287 2856 4345 fero.
2910 4299 3010 4336 nec
3053 4282 3238 4336 servili
3287 4281 3482 4349 fungor

1910 4379 2240 4450 ministerio,
2286 4377 2381 4432 sed
2415 4377 2630 4446 qualem
2676 4375 2962 4429 Dominum
2993 4373 3181 4428 deceat
3237 4371 3482 4440 benigni-

1908 4476 2074 4522 tatem
2107 4467 2358 4522 exhibeo.
2394 4464 2465 4519 Ut
2503 4464 2679 4518 Filius
2708 4480 2771 4518 ac
2796 4463 2972 4517 haeres
3004 4461 3186 4515 Patris
3216 4460 3482 4513 servitute

1911 4558 2158 4612 homines
2196 4556 2392 4618 libero,
2436 4554 2940 4610 condemuatricem
2978 4553 3150 4623 legem
3193 4552 3246 4604 in
3277 4551 3483 4619 justiti-

1909 4656 2122 4703 cantem
2158 4648 2386 4715 gratiam
2437 4656 2743 4708 commuto,
2781 4660 3007 4701 suorum
3044 4644 3335 4698 criminmu
3389 4657 3483 4696 ca-

219 4733 330 4801 τῆς
367 4732 646 4802 ἁμαρτίας
671 4733 762 4784 τὸν
790 4732 900 4785 τῶν
922 4732 1138 4784 οἰκείων
1169 4711 1656 4805 πλημμελημάτων
1684 4711 1807 4788 κατ-

1912 4743 2051 4796 tenis
2073 4741 2391 4796 constrictis
2422 4748 2642 4810 peccata
2677 4739 2896 4792 remitto
2919 4755 2930 4790 :
2951 4737 3265 4790 salvaturus
3293 4735 3482 4787 orbem

228 4825 575 4894 εσφιγμένον
619 4826 847 4892 σειραῖς,
878 4823 1176 4877 ἀνασώσων
1219 4826 1317 4896 τήν
1351 4827 1710 4897 οἰκουμένην,
1741 4829 1803 4881 οὐ

1912 4843 2223 4899 terrarum,
2280 4849 2386 4886 non
2437 4832 2914 4902 condemnaturus
2975 4829 3122 4880 veni.
3185 4826 3483 4894 Oportebat

218 4915 574 4984 κατακρίνων
619 4913 870 4984 ἐλήλυθα.
906 4915 1054 4966 Ἔδει
1099 4914 1228 4988 γὰρ,
1271 4916 1376 4968 ἔδει
1427 4919 1630 4970 Μωσέα
1683 4918 1801 4987 μὲν,

1912 4925 2077 4989 enim,
2116 4925 2310 4993 inquit,
2343 4922 2559 4993 Moysen
2605 4929 2662 4974 ut
2709 4919 2970 4974 famulum
3027 4917 3302 4975 nimirum,
3350 4929 3482 4966 con-

213 5006 413 5074 φησὶν,
451 5006 530 5069 ὡς
555 5005 772 5075 οἰκέτην
797 5006 964 5075 νόμου
991 5005 1086 5058 τοῦ
1110 5008 1526 5076 κατακρίνοντος
1552 5010 1803 5075 γενέσθαι

1912 5015 2262 5069 dexunatricis
2293 5014 2428 5081 legis
2469 5012 2780 5066 ministrum
2817 5025 2963 5073 esse,
2997 5023 3082 5062 me
3123 5020 3274 5063 vero,
3297 5011 3357 5055 ut
3403 5000 3482 5055 Fi-

203 5096 490 5159 διάκονον,
531 5097 634 5166 ἐμὲ
674 5097 730 5149 δὲ
776 5097 852 5159 ὡς
891 5097 1022 5150 Υἰὸν
1055 5097 1148 5148 καὶ
1171 5098 1315 5165 eam
1361 5101 1460 5168 τῆς
1497 5100 1590 5152 τοῦ
1638 5101 1803 5170 νόμου

1912 5107 2039 5160 lium
2078 5120 2140 5158 ac
2176 5104 2368 5167 Deum,
2401 5101 2784 5155 exsecratione
2813 5099 2952 5167 legis
2982 5099 3170 5151 orbem
3209 5103 3480 5147 terrarum

201 5188 470 5256 κατάρας
517 5189 780 5240 ἀπολύειν
830 5188 929 5258 τὴν
978 5189 1342 5257 οἰκουμένην,
1406 5191 1499 5243 καὶ
1555 5195 1672 5252 ταῖς
1727 5194 1805 5255 εἰς

1912 5195 2206 5256 vindicare,
2226 5204 2280 5246 et
2304 5190 2653 5260 benignitatis
2683 5188 3074 5255 exsuperantia
3105 5183 3480 5238 infirmitatem

201 5278 640 5346 φιλανθρωπίαν
678 5277 1007 5346 ὑπερϐολαῖς
1060 5279 1395 5350 θεραπεῦσαι
1454 5280 1546 5333 τοῦ
1597 5283 1802 5351 κόσμου

1912 5285 2096 5340 mundi
2128 5298 2341 5338 curare.
2368 5280 2523 5345 Quod
2563 5280 2608 5333 si
2637 5276 2948 5345 justifieans
2982 5275 3156 5346 gratia
3193 5273 3372 5344 potior
3397 5281 3481 5328 est

194 5369 321 5437 τὴν
352 5368 656 5421 ἀσθένειαν.
689 5368 751 5420 Εἰ
779 5367 835 5420 δὲ
859 5369 1100 5438 ἀμείνων
1134 5372 1166 5442 ὴ
1201 5369 1481 5424 δικαιοῦσα
1516 5372 1673 5441 χάρις
1706 5376 1804 5443 τῆς

1912 5375 2166 5434 mandato
2223 5367 2697 5428 condemnaturio,
2743 5366 2836 5435 qui
2883 5379 2990 5419 non
3045 5371 3480 5419 consentaneum

198 5459 666 5528 κατακρινούαης
690 5459 929 5528 ἐντολῆς,
959 5460 1077 5524 πῶς
1099 5463 1198 5515 οὐκ
1223 5461 1515 5515 ἀκόλουθον
1537 5463 1636 5533 ήδη
1666 5467 1803 5516 νοεῖν

1912 5475 1996 5531 est
2034 5461 2288 5516 arbitrari
2315 5459 2566 5515 servilem
2600 5457 2976 5512 conditionem
3001 5455 3154 5510 illum
3195 5454 3479 5517 excedere,

197 5550 268 5600 ιδ
305 5547 950 5628 οἰκετικδνγάναϐαίνειν
977 5552 1172 5623 μέτρον
1213 5552 1303 5604 τὸν
1346 5553 1488 5624 οὓτω
1525 5538 1804 5624 θεοπρεπῆ

1912 5556 2000 5626 qui
2039 5559 2362 5627 potestatem
2403 5565 2514 5622 pra:
2561 5564 2619 5604 se
2659 5547 2761 5604 fert
2807 5546 2945 5603 adeo
2978 5546 3317 5612 divinam,et
3352 5559 3480 5615 pec-

301 5720 361 5776 ?”
388 5718 548 5775 llebr.
591 5738 646 5784 x,
675 5722 765 5792 28,
796 5725 886 5799 29.
