4040 6214
559 319 669 376 955

1587 327 1645 382 S.
1689 327 1962 384 CYRILLI
2000 329 2466 386 ALEXANDRINI
2499 331 2812 388 ARCIHEP.
2861 330 2867 334 ’

3687 329 3798 391 256

560 443 670 496 catl
705 441 941 497 vinculis
971 441 1246 499 hominem
1281 445 1515 500 liberat?
1557 446 1675 502 Una
1707 449 1820 506 [nec
1848 451 2017 521 igitur
2041 460 2112 507 est

2226 453 2325 523 τὴν
2370 453 2618 520 ἐξουσίαν
2664 451 3015 522 εἰσφέροντα.
3077 450 3178 503 καὶ*
3216 448 3325 502 τῶν
3376 449 3474 519 τῆς
3523 448 3801 520 ἁμαρτίας

564 530 723 602 154
755 547 858 587 nec
898 533 1128 599 insulsa,
1162 545 1220 588 ut
1247 535 1464 606 opinor,
1492 539 1782 594 verborum
1815 545 2124 612 proposito-

561 639 680 677 rum
715 625 875 678 ratio.
910 625 1094 678 Altera
1120 641 1246 680 vero
1271 629 1458 684 eadem
1490 646 1626 700 pene
1653 635 2046 703 complectens,
2067 646 2122 692 et

558 713 830 781 superiori
855 712 1119 768 doctrina:
1144 716 1320 772 amnis
1346 718 1624 776 afferetur.
1658 721 1911 778 Salvator
1933 742 2123 780 cerne—

559 803 652 855 bat
682 800 1041 858 Nicodemum
1079 804 1335 862 Mosaicis
1357 809 1572 864 aiiixum
1607 813 1838 883 legibus,
1872 823 1924 868 et
1952 817 2127 870 veteri

557 892 775 960 quidem
811 895 1066 950 mandato
1098 897 1376 954 mordicus
1405 901 1700 966 adhaerere,
1727 913 1783 958 et
1814 907 1879 960 ad
1907 922 2124 976 regene-

557 985 822 1036 rationem
877 987 1175 1053 spiritalem
1241 992 1642 1060 quodammodo
1707 997 2118 1065 exhorrescere,

555 1081 720 1142 atque
751 1075 817 1128 ad
847 1091 1040 1131 novam
1073 1087 1126 1134 et
1156 1083 1523 1151 evangelicam
1564 1085 1727 1140 vitam
1761 1097 1999 1158 torpere,
2033 1106 2122 1145 ra-

557 1168 694 1226 tum,
727 1171 784 1216 ut
817 1165 1075 1222 credibile
1100 1178 1210 1236 est,
1237 1171 1380 1226 hanc
1404 1173 1671 1244 legalibus
1705 1179 1979 1234 mandatis
2005 1179 2123 1236 fore

555 1251 937 1309 ditliciliorem.
957 1257 1091 1312 Cum
1123 1274 1254 1330 ergo
1275 1277 1384 1316 non
1411 1265 1712 1334 ignoraret,
1738 1276 1924 1338 utpote
1952 1269 2118 1338 Deus,

555 1341 810 1396 timorem
845 1359 912 1398 ex
953 1345 1227 1417 imperitia
1257 1351 1436 1420 ipsum
1483 1354 1771 1422 invasisse,
1804 1359 1965 1413 unica
1998 1361 2123 1416 ιιι-σο

555 1433 717 1500 vique
748 1435 959 1490 ratione
985 1440 1450 1507 perturbationem
1478 1445 1625 1499 illam
1663 1447 1873 1512 adimit,
1899 1462 1953 1506 et
1983 1467 2122 1522 prae-

555 1533 771 1592 ceptum
806 1526 1020 1593 quidem
1060 1528 1358 1585 Mosaicum
1385 1547 1452 1587 ex
1483 1549 1559 1588 eo.
1585 1537 1742 1605 quod
1777 1541 1966 1595 orbem
1994 1558 2122 1598 con-

552 1615 794 1681 demnat,
838 1619 1238 1677 intolerabilius
1267 1637 1390 1677 esse
1419 1623 1784 1693 demonstrat,
1817 1645 1986 1702 seque
2020 1633 2116 1689 be-

555 1705 839 1773 nignitatis
873 1707 1184 1777 largitorem
1223 1711 1461 1777 exhibet,
1494 1713 1715 1771 dicens:
1758 1735 1778 1770 ι
1821 1718 1940 1775 Non
1971 1724 2117 1780 enim

556 1794 708 1848 misit
752 1795 898 1852 Deus
948 1797 1142 1852 Filium
1183 1815 1345 1853 suum
1390 1801 1443 1856 in
1485 1805 1770 1872 mundum,
1816 1818 1873 1864 ut
1910 1811 2118 1881 judicet

553 1886 839 1952 mundum,
879 1889 972 1944 sed
1004 1897 1059 1943 ut
1084 1890 1326 1945 salvetur
1354 1894 1595 1950 mundus
1623 1913 1720 1966 per
1744 1899 1944 1969 ipsum.
1982 1921 2003 1956 ι

2221 543 2434 614 δεσμῶν
2477 543 2704 612 ἀφιέντα
2757 542 2848 594 τὸν
2901 540 3224 610 ἀνθρωπον;
3279 534 3372 600 Εἷς
3414 538 3512 608 μὲν
3566 538 3631 609 δὴ
3683 539 3797 592 τῶν

2223 633 2598 704 προκειμένων
2635 633 2854 695 οὐτοσὶ,
2901 631 2997 684 καὶ
3028 632 3127 684 οὐκ
3171 629 3452 700 ἄκομψος,
3499 627 3576 691 ὡς
3617 625 3794 699 οἶμαι,

2221 723 2377 792 λόγος
2398 741 2412 754 ’
2444 723 2694 794 δεύτερος
2739 723 2796 775 δὲ
2842 721 2936 774 ἐπὶ
2966 721 3140 790 τούτῳ
3188 719 3278 774 διὰ
3313 720 3423 772 τῶν.
3453 719 3632 772 αὐτῶν
3666 728 3799 773 ανα-

2223 811 2592 881 κυκλημάτων
2643 810 3036 881 στρεφόμενος,
3081 809 3178 863 καὶ
3227 809 3464 879 συγγενῆ
3511 827 3628 872 πως
3679 813 3796 873 τοῖς

2222 905 2336 959 ἄνω
2356 905 2454 974 τὴν
2487 903 2718 973 θεωρίαν
2740 903 3026 974 εἰσφέρων,
3057 903 3120 955 ἐκ
3143 901 3469 971 φιλομαθίας
3495 903 3792 972 εἰρήσεται.

2235 993 2493 1066 Ἐθεὼρει
2525 993 2616 1046 τὸν
2662 994 2970 1064 Νικόδημον
3014 995 3042 1046 ὁ
3084 992 3274 1064 Σωτὴρ
3322 995 3436 1055 τοῖς
3484 994 3795 1059 Μωσαῖκοῖς

2221 1085 2582 1155 ὲμπεπηγὸτα
2606 1085 2810 1155 νόμοις,
2847 1085 2940 1137 καὶ
2963 1085 3064 1154 τῆς
3101 1085 3200 1155 μὲν
3230 1086 3590 1158 ἀρχαιοτέρας
3623 1087 3796 1156 ἀπρὶξ

2221 1177 2478 1248 ἐχόμενον
2527 1177 2783 1246 ἐντολῆς,
2825 1176 3222 1246 ἁποφρίττοντα
3259 1177 3317 1230 δέ
3362 1195 3479 1242 πως
3516 1179 3653 1246 πρὸς
3692 1180 3795 1248 τὴν
3897 1256 3910 1263 ι

2220 1269 2311 1322 διὰ
2349 1267 2668 1338 Πνεύματος
2694 1267 3072 1338 ἀναγέννησιν,
3107 1267 3203 1321 καὶ
3241 1269 3380 1340 πρὸς
3415 1269 3512 1340 τὴν
3540 1269 3665 1324 νέαν
3697 1271 3793 1324 καὶ

2222 1361 2582 1433 εὐαγγελικὴν
2611 1361 2978 1416 κατοκνοῦντα
3017 1362 3318 1428 πολιτείαν,
3347 1363 3619 1433 οίηθένντα,
3649 1364 3791 1416 κατά

2219 1455 2282 1507 τὸ
2334 1455 2517 1518 εἰκὸς,
2559 1454 2969 1526 φορτικωτέραν
3019 1453 3248 1508 έσεσθαι-
3284 1453 3488 1524 ταύτην
3530 1454 3638 1507 τῶν
3687 1454 3788 1524 ήδη

2220 1544 2676 1614 διατεταγμένων,
2711 1546 2826 1599 Οὐκ
2870 1545 3144 1617 ἀγνοήσας
3185 1545 3497 1616 τοιγαροῦν,
3529 1545 3604 1608 ὡς
3633 1545 3785 1609 Θεὸς,

2219 1635 2312 1690 τὸν
2338 1637 2398 1702 ἐξ
2418 1637 2656 1708 ἀμαθίας
2685 1637 3163 1708 ὲπεισπηδήσαντα
3192 1636 3376 1706 φόϐον,
3407 1636 3486 1689 ἑνὶ
3531 1635 3626 1690 καὶ
3654 1637 3790 1688 ἀπο-

2220 1727 2372 1799 τόμῳ
2401 1728 2748 1801 χρησάμενος
2774 1727 3041 1799 λογισμῷ,
3079 1727 3191 1782 τῶν
3220 1729 3314 1782 ἐπὶ
3345 1727 3517 1798 τούτῳ
3545 1727 3788 1798 θορύϐων

2218 1818 2513 1891 ἐλευθεροῖ,
2542 1820 2638 1875 καὶ
2660 1819 2758 1891 τὴν
2790 1819 2887 1890 μὲν
2915 1818 3007 1872 διά
3038 1820 3282 1882 Μωσέως
3308 1819 3546 1890 ἐντολὴν,
3575 1819 3665 1872 διὰ
3695 1817 3784 1871 τοῦ

2217 1911 2568 1980 κατακρίνειν
2593 1912 2686 1966 τὸν
2709 1911 3384 1983 κόσμον,δυσαχθεστέραν
3409 1907 3573 1964 οὖσαν
3589 1910 3791 1963 ἐπιδει-

553 1974 740 2040 κνύει,
788 1978 1123 2052 ἡμερότητος
1169 1980 1227 2033 δὲ
1263 1980 1566 2056 βραϐευτὴν
1609 1987 1801 2042 ἑαυτὸν
1833 1991 2097 2064 εἰσφέρει,
2135 1996 2328 2068 λέγων·
2367 1974 2490 2054 ι-Ού
2523 2001 2632 2072 γὰρ
2672 1974 2990 2054 ἀπέστειλεν
3023 1974 3204 2063 ὁὸεδς
3233 1974 3325 2053 τδν
3393 1999 3513 2053 Υἱδν
3555 2001 3636 2063 εις
3697 1999 3792 2052 τδν

553 2065 778 2135 κόσμον,
815 2067 901 2121 ἵνα
933 2069 1094 2143 κρίνῃ
1141 2069 1235 2124 τὸν
1264 2071 1491 2144 κόσμον,
1521 2075 1638 2129 ἀλλ’
1671 2077 1757 2132 ἵνα
1787 2081 1930 2152 σωθῇ
1965 2084 1994 2136 ὁ
2031 2065 2237 2158 κόσμος
2271 2088 2340 2142 δι’
2365 2065 2554 2145 αὑτοῦ,

624 2154 711 2218 ΙΙΙ,
737 2155 824 2210 i8.
875 2155 981 2223 Qui
1021 2157 1184 2213 credit
1213 2162 1268 2214 in
1305 2159 1506 2218 Filium
1533 2181 1636 2220 non
1661 2169 1988 2236 judicatur:
2029 2176 2120 2244 qui

554 2255 728 2300 autent
761 2264 865 2302 non
891 2250 1077 2315 credit,
1109 2251 1226 2320 jam
1255 2253 1541 2322 judicatus
1570 2267 1668 2324 est,
1706 2260 1830 2330 quia
1861 2279 1966 2318 non
2001 2280 2117 2320 crc-

550 2338 690 2392 didit
724 2340 777 2394 in
807 2342 1016 2396 nomine
1043 2346 1302 2414 unigeniti
1336 2345 1472 2402 Filii
1499 2350 1617 2405 Dei.

623 2427 920 2499 Postquam
966 2432 1131 2488 rebus
1164 2435 1298 2503 ipsis
1332 2438 1584 2505 probavit
1626 2456 1686 2496 se
1720 2441 1814 2497 Dei
1840 2458 1904 2499 ac
1937 2444 2118 2504 Patris

548 2518 749 2574 Filium
780 2523 1068 2586 exsistere,
1097 2532 1152 2580 et
1187 2526 1390 2598 Moysis
1419 2530 1727 2588 ministerio
1745 2538 2122 2606 praestabilio-

548 2623 665 2663 rem
698 2610 901 2664 mundo
929 2614 1160 2682 gratiam
1196 2616 1474 2686 invehere,
1514 2621 1630 2692 (qui
1658 2625 1803 2679 enim
1830 2629 2118 2697 praestabi-

547 2696 656 2753 lius
683 2714 790 2754 non
830 2707 915 2772 est
943 2701 1234 2772 justiﬁcari
1274 2716 1471 2776 gratia,
1507 2727 1677 2780 quam
1703 2696 2118 2784 legecondem-

545 2794 740 2862 nari?)
771 2795 934 2850 aliam
978 2799 1250 2854 rationem
1285 2804 1561 2874 excogitat
1602 2817 1658 2860 ut
1685 2805 1848 2875 Deus,
1883 2825 1989 2881 qua
2022 2812 2120 2867 de-

546 2886 818 2942 ducamur
867 2889 935 2943 ad
985 2889 1180 2958 ﬁdem,
1227 2903 1499 2965 quotquot
1550 2900 1829 2968 perierant
1875 2903 2117 2975 undique

545 2993 888 3050 congregans
922 2981 991 3036 ad
1027 2983 1280 3042 salutem.
1333 2986 1598 3057 Proponit
1637 2990 1805 3059 igitur
1833 2992 1940 3048 hoc
1975 3010 2115 3065 prae-

545 3070 715 3126 mium
766 3073 1029 3140 credenti,
1061 3077 1204 3146 quod
1237 3093 1344 3132 non
1393 3081 1674 3137 vocandus
1726 3082 1802 3138 sit
1843 3085 1910 3139 ad
1961 3086 2111 3156 iudi-

547 3162 714 3228 cium,
754 3177 864 3218 non
899 3165 1143 3221 credenti
1195 3178 1377 3223 autem
1427 3172 1754 3240 supplicium
1780 3213 1797 3240 ,
1843 3175 1902 3229 in
1944 3191 2110 3231 unam

539 3253 902 3323 eamdemque
933 3257 1071 3311 viam
1100 3260 1358 3331 utrinque
1393 3262 1639 3329 tendens,
1676 3276 1732 3321 et
1756 3265 1857 3322 bos
1890 3269 2106 3338 quidem

546 3345 908 3410 promissione
933 3349 1140 3417 gratia,
1177 3351 1302 3408 illos
1323 3362 1530 3409 terrore
1551 3356 1832 3414 cruciatus
1855 3359 1925 3414 ad
1948 3357 2109 3414 ﬁdem

543 3431 783 3504 benigne
816 3451 1152 3498 convocans.
1179 3441 1355 3500 Grave
1381 3454 1564 3503 autem
1600 3458 1655 3504 et
1693 3466 1950 3520 magnum
1984 3468 2110 3510 esse

543 3520 754 3576 crimen
791 3524 1131 3586 infidelitatis
1165 3536 1426 3602 ostendit,
1460 3538 1902 3610 quandoquidem
1936 3543 2110 3599 Filius

541 3618 628 3667 est
673 3622 836 3701 atque
869 3614 1220 3688 Unigenitus.
1251 3622 1469 3691 Quanto
1513 3631 1660 3684 enim
1711 3639 1933 3701 praestat
1967 3635 2103 3689 illud

540 3700 688 3768 quod
719 3707 1104 3762 contumeliam
1138 3712 1360 3782 accipit,
1391 3723 1546 3772 tanto
1572 3700 1798 3788 gravius
1821 3723 1867 3777 is
1897 3722 1991 3792 qui
2024 3723 2110 3778 in-

540 3789 671 3844 tulit
701 3793 1178 3856 condemuabitur.
1212 3800 1331 3857 lam
1364 3822 1494 3862 vero
1535 3807 1843 3878 iudicatum
1877 3789 2000 3869 esse
2033 3815 2110 3870 ait

541 3879 910 3972 incredulum,
960 3900 1088 3964 puta
1127 3895 1272 3964 quod
1305 3896 1420 3966 ipse
1468 3899 1583 3970 jam
1623 3901 1677 3956 in
1713 3903 1954 3972 seipsum
1989 3921 2111 3961 sen-

539 3971 764 4026 tentiam
817 3976 1022 4044 tulerit,
1058 3996 1183 4035 cum
1222 3984 1326 4040 sibi
1377 3990 1636 4046 conscius
1669 3991 1742 4048 sit
1789 3971 2108 4063 repudiasse

539 4076 663 4118 eum
691 4080 788 4136 per
811 4083 972 4140 quem
1007 4069 1066 4126 lit
1093 4079 1152 4128 ut
1180 4089 1291 4131 non
1317 4077 1766 4139 condemnemur.
1814 4152 1840 4198 Κ,

607 4236 697 4304 Ill,
732 4240 818 4296 l9.
869 4241 985 4298 Hoc
1030 4257 1208 4304 autem
1236 4260 1313 4307 est
1333 4252 1622 4323 judicium,
1663 4259 1790 4328 quia
1832 4263 1926 4315 lux
1967 4265 2107 4318 venit

537 4327 594 4380 in
628 4331 899 4401 mundum,
943 4346 992 4390 et
1046 4339 1347 4399 dilexerunt
1396 4346 1631 4404 homines
1666 4327 1904 4408 tenebrae
1936 4357 2105 4426 magis

537 4432 697 4487 quam
726 4420 913 4478 lucem.

604 4508 725 4564 Non
773 4513 916 4568 siuit'
954 4515 1324 4580 iudiscussum
1357 4543 1642 4588 remanere
1695 4535 2104 4594 incredulorum

541 4597 698 4696 2.1.55
721 4601 1012 4696 judicium.
1035 4610 1201 4667 Addit
1238 4631 1364 4671 vero
1397 4633 1592 4676 causas
1625 4631 1680 4678 et
1710 4635 1896 4696 aperte
1924 4638 2106 4685 osten-

2304 2179 2368 2234 Ὀ
2408 2181 2709 2234 πιστεύων
2749 2181 2838 2246 εἰς
2873 2179 2980 2234 τόν
3018 2179 3154 2234 Υίὸν
3190 2180 3264 2234 οὐ
3310 2179 3608 2248 κρίνεται·
3643 2183 3678 2238 ὁ
3719 2176 3790 2238 δὲ

2217 2271 2303 2339 μὴ
2340 2272 2658 2336 πιστεύων,
2693 2271 2810 2340 ἤδη
2850 2270 3126 2340 κέκριται,
3155 2271 3243 2325 ὅτι
3267 2273 3353 2342 μὴ
3389 2274 3790 2331 πεπίστευκεν

2219 2362 2306 2427 εἰς
2335 2361 2400 2415 τὸ
2427 2360 2614 2431 ὄνομα
2649 2361 2754 2416 τοῦ
2779 2361 3148 2432 μονογενοῦς
3189 2362 3324 2417 Υιοῦ
3355 2363 3463 2417 τοῦ
3494 2364 3664 2418 Θεοῦ.

2290 2453 2402 2522 Πλη
2413 2454 2716 2524 ροφορήσας
2748 2453 2837 2507 διὰ
2865 2453 3222 2524 πραγμάτων,
3246 2455 3326 2507 ὁτι
3355 2454 3448 2508 καὶ
3466 2454 3594 2518 Υίδς
3618 2455 3790 2528 ύπάρ-

2215 2557 2300 2610 χει
2328 2543 2423 2594 τοῦ
2449 2541 2583 2594 Θεοῦ
2615 2542 2708 2593 καὶ
2738 2540 2972 2610 Πατρός,
3005 2541 3218 2611 καὶτῆς
3241 2540 3482 2603 Μωσέως
3508 2540 3788 2606 διακονίας

2219 2633 2648 2702 ἀξιολογωτέραν
2679 2632 2922 2702 εἰσφέρει
2950 2631 3028 2703 τῷ
3056 2632 3245 2702 κόσμῳ
3281 2633 3380 2702 τὴν
3425 2632 3617 2703 χάριν,
3647 2630 3787 2703 (πῶς

2215 2728 2324 2800 γὰρ
2343 2727 2442 2781 οὐκ
2461 2727 2684 2798 ἄμεινον
2711 2726 2803 2780 τοῦ
2827 2726 3248 2799 κατακρίνεσθαι
3274 2727 3444 2797 νόμῳ,
3471 2726 3532 2779 τὸ
3549 2724 3788 2779 δικαιοῦφ

2217 2817 2340 2870 σθαι
2372 2816 2633 2889 χάριτι;)
2661 2817 2863 2889 τρόπον
2904 2819 3035 2888 ἡμῖν
3088 2817 3277 2890 ἕτερον
3329 2815 3623 2886 ἐπενόησεν
3647 2856 3662 2880 ,
3706 2813 3786 2878 ὡς

2217 2911 2369 2975 Θεὸς,
2399 2916 2480 2976 εἰς
2516 2910 2698 2964 πίστιν
2719 2909 3029 2978 ἐπαγωγὸν,
3059 2908 3392 2979 πανταχόθεν
3410 2909 3538 2972 τοὺς
3559 2907 3780 2960 ἀπολωρ

2214 3003 2374 3064 λότας
2405 3001 2744 3057 συνελαύνων
2787 3003 2866 3065 εἰς
2919 3001 3228 3072 σωτηρίανο
3271 2999 3556 3070 προτίθησι
3601 2999 3783 3054 τοίνυν

2210 3089 2291 3160 τῷ
2321 3089 2418 3160 μὲν
2451 3089 2758 3143 πιστεύοντι
2789 3090 2960 3160 γέρας
2986 3089 3047 3143 τὸ
3073 3089 3147 3161 μὴ
3175 3089 3462 3144 καλεῖσθαι
3489 3090 3624 3161 πρὸς
3657 3090 3779 3162 κρί-

2214 3196 2319 3243 σιν,
2355 3179 2432 3250 τῷ
2478 3180 2524 3233 δ’
2559 3181 2873 3236 ἀπειθοῦντι
2912 3181 3155 3248 κόλασιν,
3209 3183 3289 3245 εἰς
3334 3181 3434 3252 τὴν
3477 3180 3645 3254 αὐτὴν
3684 3182 3782 3237 καὶ

2133 3316 2178 3379 c
2214 3271 2340 3342 μίαν
2379 3270 2446 3324 δι’
2489 3273 2692 3342 ἀμφοῖν
2731 3272 2928 3327 ὁδεύων
2969 3273 3112 3336 ὁδὸν,
3153 3272 3248 3326 καὶ
3293 3274 3422 3336 τοὺς
3470 3269 3570 3343 μὲν
3597 3273 3782 3379 statas:

2209 3365 2276 3434 τῇ
2305 3364 2434 3435 περὶ
2466 3363 2565 3436 τὴν
2594 3363 2779 3437 χάριν,
2803 3365 2930 3428 τοὺς
2957 3364 3014 3418 δὲ
3043 3365 3192 3436 φόϐῳ
3212 3364 3306 3418 τοῦ
3341 3366 3554 3432 παθεῖν,
3586 3368 3680 3421 ἐπὶ
3703 3365 3781 3437 τῷ

2210 3455 2487 3509 πιστεύειν
2527 3457 2660 3510 ἰέναι
2699 3455 3070 3528 μακροθύμως
3108 3456 3413 3525 συγκαλῶν.
3445 3458 3691 3510 Χαλεπὸν
3723 3457 3780 3510 δὲ

2209 3548 2302 3601 καὶ
2337 3549 2479 3618 μέγα
2508 3549 2605 3619 τῆς
2627 3548 2882 3612 ἀπιστίας
2901 3548 3134 3602 δεικνύει
3163 3549 3224 3602 τὸ
3247 3548 3520 3620 ἔγκλημα,
3550 3549 3781 3619 ἐπείπερ

2209 3633 2356 3686 ἐστὶν
2382 3633 2510 3698 Υἱὸς
2535 3634 2629 3687 καὶ
2655 3635 2986 3706 Μονογενής.
3027 3637 3176 3706 Ὅσῳ
3219 3635 3328 3708 γὰρ
3363 3637 3430 3690 ἂν
3471 3637 3819 3704 ἀξιόπιστονσ

2208 3720 2444 3793 ὑπάρχοι
2475 3721 2536 3775 τὸ
2561 3723 3008 3796 παροινούμενον,
3033 3725 3286 3779 τοσοῦτον
3313 3727 3572 3796 μειζόνως
3602 3729 3682 3791 είς
3719 3727 3781 3781 τὸ

2208 3812 2597 3884 πλημμελῆσαι
2624 3813 2772 3870 δεινά
2815 3817 2876 3870 τὸ
2918 3816 3184 3885 ἀτιμάζον
3225 3819 3778 3889 καταδικασθήσεται.

2212 3904 2347 3975 Ἤδη
2381 3903 2438 3957 δὲ
2479 3904 2763 3976 κεκρίσθαι
2796 3906 2886 3960 τὸν
2917 3907 3251 3962 ἀπιστοῦντά
3290 3927 3473 3981 φησιν,
3513 3911 3589 3975 ὠς
3617 3911 3781 3966 αὐτὸν

2207 3995 2306 4066 ήδη
2354 3993 2474 4048 καθ’
2520 3996 2714 4050 ἑαυτοῦ
2749 3994 2846 4068 τὴν
2882 3996 2974 4050 τοῦ
3027 3998 3348 4065 κολάζεσθαι
3387 4000 3494 4054 δεῖν
3521 4001 3780 4072 ὁρίσαντα

2207 4083 2408 4156 ψῆφον,
2435 4083 2502 4138 δι’
2531 4077 2605 4139 ὧν
2650 4084 2792 4154 ἔγνω
2823 4087 3208 4158 παραιτεῖσθαι
3237 4089 3329 4145 τὸν
3361 4088 3455 4144 τοῦ
3482 4090 3564 4168 μὴ
3592 4090 3777 4164 κρίνα-

2209 4175 2332 4230 σθαι
2371 4178 2626 4248 χορηγόν.

2276 4268 2439 4338 Αὕτη
2476 4269 2544 4337 δέ
2568 4270 2738 4323 ἐστιν
2761 4268 2799 4336 ἠ
2829 4270 3046 4338 κρίσις,
3073 4269 3163 4324 ὅτι
3196 4271 3322 4340 φῶς
3351 4272 3654 4340 ἐλήλυθεν
3683 4275 3776 4336 εις

2206 4357 2314 4412 τὸν
2327 4362 2578 4430 κόσμον,
2604 4360 2701 4414 καί
2724 4359 3050 4428 ἠγάπησαν
3067 4364 3122 4416 οἰ
3145 4360 3441 4431 ἄνθρωποι
3462 4365 3528 4418 τὸ
3554 4367 3774 4438 σκότος

2201 4447 2464 4518 μᾶλλον,
2495 4453 2534 4520 ἢ
2568 4451 2634 4505 τὸ
2662 4451 2808 4521 φῶς.

2279 4542 2393 4595 Οὐκ
2425 4543 2694 4613 ἀζήτητον
2731 4542 3027 4614 ἀπομένειν
3056 4545 3121 4614 ἐᾷ
3160 4543 3267 4596 τῶν
3314 4544 3684 4600 ἀπειθούντων
3712 4548 3778 4601 τὺ

2209 4629 2401 4696 κρῖμα.
2451 4629 2724 4697 Ἐπιλέγει
2749 4631 2805 4684 δὲ
2832 4630 2930 4695 τὰς
2959 4632 3158 4697 αἰτίας,
3185 4632 3276 4686 καὶ
3301 4632 3532 4689 δεικνύει
3561 4637 3777 4706 σαφῶςν

536 4686 841 4792 dit,‘quod,
869 4695 1024 4792 juxta
1059 4699 1190 4756 illud
1227 4702 1673 4777 Proverbiorum,
1721 4679 1891 4770 εὐοὲὶ

2210 4679 2318 4780 ac}:
2348 4679 2501 4770 tu;
2519 4679 3206 4792 τιζέίάρξιελιῶᾶδγὲξι,
3242 4745 3263 4778 ι
3301 4726 3414 4780 Οὐκ
3433 4679 3777 4790 deum};

536 4779 836 4836 tenduntur
867 4785 1004 4840 retia
1049 4789 1364 4850 volucribus
1395 4795 1462 4850 ".
1496 4816 1516 4849 ι
1565 4798 1668 4864 Qui
1699 4801 1868 4868 enim,
1899 4779 2099 4877 inquit,

536 4867 674 4926 lucis
712 4875 1008 4946 participes
1041 4893 1166 4936 esse
1211 4898 1338 4939 cum
1386 4888 1620 4956 possint,
1651 4889 1703 4944 in
1748 4867 1994 4953 tenebris
2019 4867 2110 4967 la;

439 5006 443 5009 .
533 4974 660 5016 cere
709 4964 941 5034 malunt,
990 4972 1268 5039 quomodo
1316 4990 1426 5031 non
1479 4979 1620 5034 mala
1669 4982 1775 5037 sibi
1817 4964 2097 5046 arcessere

533 5052 848 5120 credentur,
883 5072 1007 5113 cum
1043 5076 1139 5116 sua
1170 5077 1363 5135 sponte
1389 5084 1454 5123 ea
1483 5073 1784 5140 patiantur,
1813 5092 1936 5146 quae
1963 5079 2097 5136 εσυ-

533 5159 659 5212 gere
693 5145 898 5216 liceret,
942 5151 988 5206 si
1018 5157 1157 5223 aequi
1197 5172 1378 5213 rerum
1428 5163 1790 5225 aestimatores
1815 5145 1940 5227 esse
1983 5174 2096 5230 vel-

535 5322 776 5381 tel‘erre?
810 5327 1075 5389 Praeterea
1123 5335 1348 5395 liberam
1397 5355 1427 5395 a
1472 5322 1824 5404 necessitatis
1861 5351 2094 5407 vinculis

535 5409 776 5472 hominis
821 5422 1160 5480 voluntatem
1207 5432 1472 5500 servavit,
1517 5443 1574 5490 et
1617 5447 1814 5508 suopte
1863 5450 1998 5496 nutu
2035 5445 2093 5496 in

537 5513 822 5575 utramque
848 5519 1060 5579 partem
1096 5520 1406 5580 tendentem
1458 5535 1516 5581 ut
1543 5543 1609 5584 ex
1640 5529 1778 5587 bene
1811 5533 1946 5589 actis
1978 5533 2092 5589 lau-

599 5675 646 5706 ¹³
689 5675 1029 5737 Prov-1.17.

2200 4806 2434 4860 τείνεται
2465 4807 2656 4863 δίκτυα
2683 4817 3036 4884 πτερωτοῖς.»
3060 4818 3120 4869 Οἰ
3150 4816 3279 4887 γάρ,
3312 4818 3430 4885 ἐξὸν
3458 4820 3777 4890 καταφωτί-

2203 4896 2412 4962 ζεσθαι,
2441 4898 2593 4970 φησὶ,
2623 4901 2686 4955 τὸ
2713 4903 2771 4957 ὲν
2803 4905 2980 4976 σκότῳ
3011 4906 3222 4963 κεῖσθαι
3258 4911 3610 4981 τιμήσαντες,
3651 4911 3777 4977 πῶς

2198 4990 2299 5044 οὐκ
2347 4989 2413 5044 ἀν
2446 4987 2558 5046 εἶεν
2587 4994 2815 5059 εἰκότως
2840 4997 2996 5052 αὐτοὶ
3037 4997 3167 5050 καθ’·
3192 4999 3401 5054 ἑωυτῶν
3443 5001 3552 5056 τῶν
3578 5002 3774 5057 δεινῶν

2194 5084 2428 5154 ὁρισταὶ,
2467 5083 2562 5138 καὶ
2608 5085 2900 5156 αὐτόμολοι
2953 5088 3086 5160 πρὸς
3126 5091 3188 5142 τὸ
3222 5090 3418 5145 παθεῖν
3454 5091 3489 5145 ἃ
3524 5093 3617 5146 καὶ
3655 5092 3775 5146 διαο

2196 5174 2416 5243 φεύγειν
2463 5173 2619 5247 ἐξῆν,
2671 5179 2829 5249 εἰπερ
2875 5174 3014 5248 ἦσαν
3056 5181 3208 5251 ὀρθοὶ
3253 5182 3364 5236 τῶν
3420 5185 3769 5254 πραγμάτων

2072 5292 2095 5306 -
2195 5263 2518 5330 ἐξετασταὶ,
2569 5266 2629 5320 τὸ
2668 5269 2999 5336 φωτίζεσθαι
3048 5271 3251 5340 μᾶλλον
3307 5273 3513 5327 ἐθέλειν
3551 5274 3646 5326 τοῦ
3690 5276 3769 5350 μὴ

2200 5357 2442 5410 τοιούτου
2486 5358 2890 5429 προκρίνοντες,
2921 5362 3014 5414 καὶ
3051 5362 3159 5415 τῶν
3195 5363 3493 5429 ἀμεινόνων
3536 5361 3768 5434 δεύτερα

2202 5446 2471 5500 ποιεῖσθαι
2512 5447 2841 5517 μελετῶντες
2884 5451 2952 5502 τά
2991 5449 3268 5520 αἰσχίονας
3331 5450 3654 5522 Ἐλευθέραν
3703 5451 3763 5505 δὲ

2203 5537 2365 5592 πάλιν
2403 5537 2531 5592 τῶν·
2552 5539 2613 5604 ἐξ
2661 5539 2904 5611 ἀνάγκης
2945 5541 3159 5611 δεσμῶν
3203 5542 3300 5613 τὴν
3343 5541 3437 5597 τοῦ
3477 5542 3777 5616 ἀνθρώπους
