4040 6214
255 219 370 282 ’ὶῖὶῖ

1364 229 1436 284 1Ν
1473 227 1759 286 ΙΟΑΝΝΙΒ
1795 227 2247 285 EVANGELIUM
2283 228 2413 285 LIB.
2455 229 2521 285 li.

3417 233 3520 289 ιιι

261 345 557 416 διετήρησε
593 343 855 417 γνώμην,
892 347 988 400 καὶ
1037 347 1229 418 ῥοπαῖς
1269 346 1498 411 οἰκείαις
1545 347 1632 400 ἐπ’
1676 346 1834 417 ἄμφω

1947 342 2070 398 dem
2101 343 2227 414 jure
2262 344 2552 414 suscipiat,
2585 352 2639 400 et
2683 361 2748 401 ex
2799 346 3096 403 contrariis
3147 347 3517 418 punitionem.

263 437 613 506 βαδίζουσαν,
656 436 746 490 ἴνα
775 436 998 508 δέχηται
1041 437 1267 502 δικαίως
1299 438 1520 491 ἔπαινόν
1551 455 1611 492 τε
1644 437 1734 491 τὸν
1759 439 1843 490 ἐπ’

260 528 511 599 ἀγαθοῖς,
544 529 639 582 καὶ
671 527 772 600 τὴν
807 530 899 582 ἐπὶ
922 532 1036 592 τοῖς
1073 529 1340 592 ἐναντίοις
1362 531 1615 582 κόλασιν
1655 527 1844 600 ῶσπερ

260 616 359 673 οὖν
403 619 594 689 ἀμέλει
641 619 737 671 καὶ
787 618 846 670 ὲν
888 618 1097 688 ἑτέροις
1135 616 1294 670 τοῦτο
1334 615 1589 686 δέδειχεν,
1639 615 1840 669 εἰπών·

269 730 290 762 ί
340 711 466 763 Ἐὰν
500 710 715 778 θέλητε,
751 708 845 762 καὶ
880 706 1235 778 είσακούσητέ
1269 724 1394 778 μου,
1421 706 1490 759 τὰ
1528 707 1707 774 ἀγαθὰ
1743 708 1844 778 τῆς

262 806 368 874 γῆς
399 800 674 872 φάγεσθε·
708 800 805 853 ὲάν
836 799 892 852 δὲ
928 798 1001 869 μὴ
1047 798 1237 869 θέλητε
1257 837 1273 861 ,
1311 797 1446 869 μηδὲ
1489 798 1842 870 είσακούοητέ

264 909 393 962 μου.
433 891 680 962 μάχαιρα
713 891 858 961 ὑμᾶς
889 888 1188 942 κατέδεται.
1228 906 1246 938 ι

335 982 462 1048 Πᾶς
495 983 606 1052 γὰρ
639 985 673 1035 ὁ
699 980 903 1050 φαῦλα
934 978 1232 1046 πράσσων
1265 977 1439 1047 μισεῖ
1464 977 1530 1032 τὸ
1562 977 1707 1047 φῶς,
1742 979 1841 1033 καὶ

258 1075 376 1128 οὐκ
398 1073 633 1142 ἔρχεται
664 1071 813 1140 πρὸς
840 1069 904 1123 τὸ
925 1069 1072 1138 φῶς,
1097 1069 1199 1122 ἵνα
1221 1067 1307 1138 μὴ
1328 1067 1587 1138 ἐλεγχθῇ
1608 1068 1680 1122 τὰ
1698 1069 1843 1139 ἔργα

259 1166 473 1220 αὑτοῦ.

349 1253 806 1325 Ἐπεξεργάζεται
837 1251 1124 1324 χρησίμως
1154 1252 1216 1306 τὸ
1259 1253 1571 1325 εἰρημένον,
1613 1252 1708 1305 καὶ
1747 1251 1840 1305 τὸν

260 1349 359 1401 ἐπὶ
386 1351 500 1410 τοῖς
529 1346 896 1418 συμφέρουσιν
929 1345 1088 1398 ὄκνον
1126 1345 1184 1410 ἐξ
1216 1346 1436 1418 ἀγάπης
1474 1347 1604 1399 ὄντα
1631 1346 1731 1416 τῆς
1759 1348 1838 1410 είς

260 1442 323 1494 τὸ
349 1439 554 1508 φαῦλον
577 1439 812 1507 ¹ἐλέγχει,
843 1437 939 1488 καὶ
971 1436 1128 1507 ῥίζαν
1149 1436 1342 1506 ἔχοντα
1367 1438 1426 1491 τὸ
1453 1438 1526 1508 μὴ
1556 1437 1836 1505 βούλεσθαι

262 1530 484 1598 μαθεῖν,
515 1530 579 1582 δι’
609 1522 684 1581 ὧν
713 1526 779 1580 ἀν
811 1525 1020 1595 γένοιτό
1062 1542 1146 1588 τις
1187 1525 1347 1594 σοφός
1383 1543 1442 1579 τε
1475 1528 1566 1579 καὶ
1613 1527 1833 1596 ἀγαθός.

258 1621 464 1690 Φεύγει
516 1619 617 1690 μὲν
665 1618 776 1688 γὰρ
824 1619 922 1672 καί
975 1619 1358 1690 παραιτεῖται,
1406 1619 1606 1689 φησὶν,
1655 1622 1684 1672 ὁ
1728 1619 1835 1672 τῶν

1945 433 2102 501 Quod
2133 435 2262 490 alibi
2295 423 2514 506 quoque
2543 437 2804 503 ostendit,
2831 439 3052 494 dicens:
3093 458 3112 491 ι
3152 439 3209 495 Si
3234 441 3516 498 volueritis

1931 534 1997 609 [et
2030 527 2314 581 audieritis
2355 542 2461 592 me,
2502 527 2646 583 bona
2685 538 2844 584 terra:
2887 530 3230 586 comedetis:
3279 533 3426 602 quod
3468 549 3515 587 sn

1945 617 2236 674 nolueritis
2261 634 2437 688 neque
2466 619 2825 676 exaudieritis
2857 635 2961 686 me,
2980 620 3200 690 gladius
3230 621 3516 677 devoraliit

1945 723 2044 763 vos
2073 708 2139 761 ".
2174 727 2192 760 ι

2021 967 2122 1032 111,
2157 968 2248 1023 20.
2294 969 2480 1023 Omnis
2531 969 2667 1022 enim
2710 970 2800 1040 qui
2833 970 2972 1024 male
3001 971 3138 1040 agit,
3180 971 3291 1026 odit
3325 971 3509 1038 lucem,

1941 1069 1991 1115 ct
2040 1077 2142 1114 non
2191 1061 2326 1114 venit
2379 1059 2447 1112 ad
2493 1060 2682 1123 lucem,
2741 1071 2797 1113 ut
2852 1077 2954 1114 non
3004 1071 3298 1132 arguantur
3357 1078 3513 1130 opera

1941 1153 2077 1222 ejus.

2013 1243 2231 1300 Utiliter
2272 1246 2448 1314 pergit
2489 1245 2543 1300 in
2577 1246 2923 1317 expositione
2953 1246 3073 1315 ejus
3113 1247 3257 1317 quod
3303 1247 3510 1301 dictum

1940 1346 2042 1399 est,
2074 1345 2128 1390 et
2166 1338 2219 1390 in
2263 1337 2424 1392 bonis
2455 1325 2813 1408 capessendis
2840 1340 3122 1410 segnitiem
3153 1356 3218 1394 ex
3250 1341 3512 1410 improbi-

1938 1429 2070 1483 tatis
2131 1429 2318 1482 studio
2375 1429 2675 1498 profectam
2732 1432 2931 1499 arguit,
2990 1446 3219 1500 eamque
3275 1432 3510 1486 radicem

1941 1521 2162 1582 habere.
2210 1521 2355 1591 quod
2393 1521 2654 1576 nimirum
2691 1537 2753 1578 ea
2789 1523 3011 1578 discere
3063 1524 3222 1585 nolit,
3263 1540 3355 1594 per
3392 1538 3514 1594 qua:

1941 1611 2065 1680 quis
2096 1612 2315 1679 sapiens
2345 1610 2540 1664 evadat
2583 1626 2649 1665 ac
2682 1613 2883 1667 bonus.
2932 1609 3094 1682 Fugit
3141 1613 3286 1666 enim
3334 1627 3397 1665 ac
3427 1628 3512 1667 rc~

258 1712 520 1782 πονηρῶν
552 1711 790 1782 ἐργάτης
818 1709 879 1763 τὺ
908 1709 967 1762 ὲν
997 1709 1138 1779 φωτὶ
1164 1708 1418 1778 γενέσθαι
1453 1710 1530 1779 τῷ
1560 1710 1708 1781 θείῳ,
1737 1711 1834 1764 οὐκ

1941 1701 2062 1755 nuit
2083 1700 2354 1754 malorum
2385 1699 2602 1762 artifex,
2625 1700 3026 1769 inquit,diviua
3053 1702 3105 1754 in
3128 1701 3249 1755 luce
3278 1701 3510 1765 versari,

259 1805 409 1858 αἰδοῖ
454 1805 519 1872 τῇ
564 1802 651 1855 διὰ
687 1801 749 1854 τὸ
795 1799 996 1869 φαῦλον
1030 1799 1504 1870 ἐγκαλυπτόμενος
1540 1801 1594 1872 (ἧ
1629 1801 1738 1871 γάρ
1769 1800 1835 1854 ἂν

260 1887 446 1964 ἐσώθη
479 1893 639 1947 τοῦτο
685 1891 936 1963 παθὼν),
969 1892 1083 1946 ἀλλ’
1138 1893 1197 1946 ὲν
1250 1893 1443 1964 ἀγνοίᾳ
1507 1893 1686 1964 μένειν
1740 1891 1834 1945 τοῦ

261 1987 566 2059 πρέποντος
598 1983 860 2052 ἀγαπῶν,
906 1985 990 2037 ἵνα
1023 1983 1098 2055 μὴ
1137 1983 1438 2055 πλήττηται
1480 1983 1834 2054 πλημμελῶν,

258 2079 606 2150 πικροτέροις
640 2076 739 2148 ήδη
784 2077 902 2139 τοῖς
951 2075 1060 2129 ἀπὸ
1101 2074 1196 2128 τοῦ
1248 2065 1549 2140 πνειδὸτος
1593 2077 1837 2147 ἐλέγχοις

259 2169 621 2241 προσϐαλὼν,
669 2167 762 2220 καὶ
827 2167 918 2220 διὰ
969 2166 1064 2220 τοῦ
1111 2166 1296 2237 λοιπὸν
1344 2167 1729 2232 ὲξεπίστασθαι
1773 2169 1837 2222 τὸ

260 2261 488 2330 ἀγαθὸν,
530 2258 966 2328 δυσαχθεστέραν
1003 2259 1214 2330 ὑφέξων
1259 2258 1338 2330 τῷ
1371 2260 1610 2331 κρίνοντι
1654 2261 1831 2332 δίκην,

257 2353 313 2406 εί
342 2353 417 2424 μὴ
450 2353 694 2422 βούλοιτο
724 2353 878 2423 δρᾷν,
913 2351 1054 2422 ἅπερ
1083 2352 1149 2405 ἂν
1177 2352 1385 2423 ἀρέσκῃ
1414 2352 1554 2424 Θεῷ.

346 2444 400 2498 '0
427 2445 497 2498 δὲ
527 2445 711 2498 ποιῶν
739 2443 1064 2510 ἀλήθειαν,
1104 2443 1248 2497 τοῦτ’
1284 2443 1432 2496 ἐστιν
1453 2483 1468 2508 ,
1517 2447 1545 2498 ὁ
1589 2445 1698 2500 τῶν
1737 2446 1836 2517 τῆς

249 2533 521 2604 ἀληθείας
557 2535 735 2606 ἔργων
774 2536 1013 2606 ἐραστής
1054 2552 1116 2587 τε
1163 2534 1257 2588 καὶ
1301 2538 1564 2606 ποιητὴς,
1602 2537 1835 2605 ἔρχεται

254 2628 412 2696 πρὸς
439 2627 503 2681 τὸ
544 2625 690 2696 φῶς,
732 2627 834 2680 ἵνα
863 2625 1174 2696 φανερωθῇ
1208 2625 1279 2679 τὰ
1318 2626 1465 2696 ἔργα
1495 2627 1701 2693 αὑτοῦ,
1746 2628 1836 2683 ὅτι

249 2719 327 2771 ἐν
363 2714 482 2781 Θεῷ
513 2716 683 2770 ἐστιν
707 2715 1084 2786 εἰργασμένα.

330 2809 411 2861 οὐ
440 2809 548 2878 γὰρ
575 2811 925 2878 παραιτεῖται
953 2809 1044 2861 τὸν
1069 2810 1127 2860 ὲν
1155 2807 1423 2877 πνεύματι
1451 2812 1750 2882 φωτισμὸν,
1775 2811 1833 2878 ἐξ

250 2897 434 2953 αὐτοῦ
463 2898 528 2970 δὴ
557 2898 786 2967 μάλιστα
811 2900 948 2970 πρὸς
971 2898 1034 2952 τὸ
1059 2897 1317 2954 δύνασθαι
1345 2903 1482 2955 νοεῖν
1521 2902 1836 2975 ἀσυναρπάο-

251 3006 409 3051 οπως
447 2987 971 3060 χειραγωγούμενος,
1009 2990 1058 3040 εί
1102 2988 1176 3060 μὴ
1214 2989 1313 3060 τὴν
1352 2989 1500 3043 Θείαν
1533 2991 1830 3061 ἐκϐέϐηκεν

251 3079 504 3149 ἐντολὴν,
547 3080 640 3133 καὶ
675 3081 724 3133 εί
760 3081 938 3133 πάντα
969 3079 1110 3132 κατὰ
1151 3081 1315 3150 νόμον
1348 3082 1632 3152 εἴργασται
1669 3083 1824 3136 Θεοῦ.

253 3170 422 3222 Ἐστι
447 3169 626 3222 τοίνυν
647 3169 923 3233 ἀπόδειξις
944 3167 1177 3239 ἐναργὴς
1203 3169 1300 3239 τῆς
1328 3170 1424 3240 μὲν
1448 3174 1526 3234 είς
1549 3173 1610 3224 τὸ
1629 3171 1830 3240 φαῦλον

245 3257 516 3328 ἀχαλίνου
551 3256 744 3328 ῥοπῆς,
773 3258 868 3310 καὶ
891 3258 1128 3330 ἀκράτου
1159 3257 1296 3328 πρὸς
1319 3258 1380 3311 τὸ
1405 3263 1585 3329 χεῖρον
1613 3261 1828 3332 ἡδονῆς,

242 3352 313 3404 τὸ
354 3348 429 3419 μὴ
454 3347 708 3416 ἐθελῆσαι
733 3349 946 3420 μαθεῖν,
977 3349 1046 3403 τὰ
1078 3349 1145 3402 δι’
1158 3343 1246 3404 ’ὧν
1267 3351 1331 3404 ἀν
1350 3365 1436 3414 τις
1467 3351 1651 3422 ἴσχυσε
1694 3353 1831 3424 πρὸς

247 3447 318 3494 τὸ
369 3443 596 3512 ἄμεινον
639 3441 975 3511 ἀναδραμεῖν
1000 3457 1014 3472 ·
1051 3441 1151 3512 τῆς
1194 3441 1252 3494 δὲ
1292 3442 1384 3494 ἐπὶ
1431 3445 1545 3506 τοῖς
1589 3443 1830 3514 ἀρίστοις

244 3529 562 3598 ἐπιθυμίας
586 3569 602 3593 ,
644 3529 706 3581 τὸ
757 3527 1085 3598 φωτίζεσθαι
1118 3529 1305 3599 atem,
1345 3531 1440 3583 καὶ
1480 3529 1667 3602 ῶσπερ
1709 3531 1831 3586 τινὰ

243 3623 460 3676 κανόνα
494 3622 591 3675 καὶ
614 3621 999 3693 ἀπευθυντῆρα
1027 3620 1164 3692 πρὸς
1184 3622 1284 3692 τὴν
1313 3623 1652 3694 ἀρέσκουσαν
1689 3624 1834 3677 πολι-

255 3711 539 3793 τείαν
585 3709 723 3780 Θεῷ,
773 3709 862 3763 τὸν
916 3709 1079 3765 αὐτοῦ
1131 3712 1404 3765 ποιεῖσθαι
1456 3713 1648 3783 νόμονο
1695 3715 1832 3787 ὅπερ

249 3801 416 3865 εἰδὼς
441 3802 447 3807 ’
472 3800 650 3866 οὕτως
692 3801 858 3873 ἔχειν,
913 3803 1008 3855 καὶ
1051 3802 1080 3854 ὁ
1112 3803 1395 3866 θεσπέσιος
1448 3803 1642 3873 ἔψαλλε
1685 3805 1832 3858 Μελ-

249 3896 415 3960 φδός.
453 3915 472 3947 ε
496 3895 555 3949 νο
578 3895 740 3964 νόμος
769 3894 974 3965 κυρίου
998 3895 1248 3966 ἄμωμος,
1268 3896 1611 3968 ἐπιστρέφων
1633 3897 1830 3967 ψυχὰς,

257 3987 295 4055 ἡ
343 3986 624 4056 μαρτυρία
667 3986 870 4058 Κυρίου
924 3987 1114 4056 πιστὴ,
1168 3987 1462 4055 σοφίζουσα
1516 3989 1722 4059 νήπιαο
1763 3989 1834 4042 τὰ

251 4076 605 4146 δικαιώματα
637 4078 845 4149 Κυρίου
889 4077 1075 4141 εὐθέα,
1108 4078 1469 4148 εὐφραίνοντα
1501 4080 1754 4150 καρδίαν,
1798 4081 1832 4151 ή

253 4168 450 4239 ἐντολὴ
499 4169 704 4239 Κυρίου
734 4169 1039 4240 τηλαυγὴς,
1086 4170 1398 4238 φωτίζουσα
1439 4169 1770 4241 ὀφθαλμούς.
1807 4191 1826 4225 ι

322 4259 438 4314 Καὶ
468 4261 622 4330 μετὰ
653 4261 842 4317 ταῦτα
879 4257 1064 4331 ἦλθεν
1093 4264 1126 4315 ὁ
1161 4261 1392 4328 Ἰησοῦς
1417 4265 1504 4326 είς
1534 4263 1648 4330 τὴν
1687 4265 1832 4318 Ἰου-

1939 1806 2048 1846 non
2078 1791 2191 1844 vitii
2237 1789 2448 1860 pudore
2487 1791 2640 1858 (nam
2676 1790 2720 1844 si
2753 1792 2864 1844 hoc
2907 1792 2957 1844 ei
2992 1791 3358 1860 contingeret,
3394 1806 3512 1844 ser-

1937 1885 2204 1949 varetur),
2239 1880 2332 1936 sed
2375 1881 2518 1950 quod
2560 1881 2614 1934 in
2664 1880 2886 1936 virtutis
2917 1881 3259 1952 ignoratione
3287 1896 3512 1935 manere

1937 1974 2092 2039 velit,
2129 1989 2218 2035 ne,
2255 1973 2300 2026 si
2318 1981 2532 2041 peccet,
2563 1972 2619 2025 in
2643 1972 2884 2028 acriores
2917 1972 3132 2027 demum
3159 1973 3513 2028 conscientia:

1938 2064 2197 2119 stimulos
2249 2065 2514 2126 incurrat,
2581 2073 2634 2118 et
2685 2063 2994 2134 cegn'itione
3042 2064 3167 2118 boni
3234 2063 3510 2132 graviores

1936 2154 2165 2208 daturus
2197 2154 2266 2208 sit
2291 2153 2464 2222 judici
2493 2167 2704 2223 poenas,
2740 2154 2887 2224 quod
2914 2155 3049 2209 nolit
3076 2169 3139 2210 ea
3173 2154 3350 2210 facere
3391 2171 3511 2225 qua:

1937 2244 2048 2302 Deo
2078 2252 2206 2302 sunt
2234 2246 2456 2316 placita.
3498 2243 3502 2260 '

2008 2449 2120 2514 111,
2162 2449 2253 2504 21.
2296 2448 2400 2514 Qui
2441 2459 2616 2504 autem
2667 2448 2796 2519 facit
2845 2448 3112 2502 veritatem
3149 2447 3274 2519 (hoc
3307 2457 3386 2503 est
3417 2447 3510 2517 qui

1937 2541 2116 2612 diligit
2149 2557 2314 2612 opera
2355 2541 2623 2608 veritatis,
2663 2548 2720 2595 et
2751 2553 2816 2594 ea
2855 2538 3034 2607 facit),
3069 2540 3204 2592 venit
3234 2539 3304 2591 ad
3346 2539 3511 2592 lucem

1947 2643 2004 2687 ut
2062 2633 2474 2704 manifestentur
2515 2648 2673 2702 opera
2722 2629 2870 2702 ejus,
2936 2631 3062 2702 quia
3121 2631 3175 2684 in
3222 2628 3330 2685 Deo
3389 2641 3511 2684 sunt

1935 2723 2102 2791 facta.

2019 2821 2138 2876 Non
2185 2823 2330 2877 enim
2391 2819 2692 2890 spiritalem
2750 2817 2962 2887 spernit
3021 2816 3509 2878 illuminationem.

1935 2933 2032 2988 per
2059 2917 2234 2986 ipsam
2271 2928 2338 2967 eo
2381 2910 2621 2966 maxime
2671 2908 2992 2979 perductus,
3043 2915 3100 2960 ut
3150 2922 3258 2961 non
3310 2916 3510 2963 temere

1935 3006 2244 3076 intelligere
2300 3003 2496 3073 possit,
2557 3015 2690 3055 num
2750 2999 2996 3054 divinum
3060 2997 3384 3052 mandatum
3439 3000 3510 3054 sit

1934 3109 2385 3172 prmtergressus,
2422 3105 2474 3148 et
2503 3108 2572 3147 an
2599 3092 2782 3146 omnia
2816 3092 2974 3161 juxta
3019 3089 3110 3145 Dei
3163 3092 3334 3160 legem
3389 3106 3509 3161 per.

1930 3189 2119 3262 egerit.
2153 3185 2501 3240 Manifestum
2531 3183 2702 3252 igitur
2735 3188 3117 3251 argumentum
3150 3190 3234 3235 est
3262 3180 3508 3236 eﬂ‘renati

1931 3283 1998 3335 ad
2061 3279 2276 3342 vitium,
2315 3279 2575 3345 impetus,
2627 3281 2683 3328 et
2733 3272 3157 3341 intemperantis
3219 3271 3508 3335 libidinis,

1931 3372 2146 3427 discere
2173 3369 2318 3423 nolle
2349 3381 2414 3421 ea
2444 3380 2541 3436 per
2571 3379 2693 3434 quae
2715 3362 2872 3432 156
2897 3361 2963 3415 ad
2988 3360 3268 3415 meliorem
3303 3361 3508 3432 frugem

1932 3461 2133 3518 reverti
2179 3459 2402 3532 possis:
2466 3456 2759 3529 probitatis
2787 3463 2968 3509 autem
3004 3467 3070 3507 ac
3118 3453 3364 3518 virtutis,
3414 3467 3508 3506 cu-

1933 3569 2067 3624 pere
2127 3559 2187 3606 ut
2242 3550 2386 3604 lucis
2418 3560 2645 3617 compos
2675 3544 2895 3609 evadas,
2943 3553 2996 3598 et
3051 3544 3296 3613 regulam
3341 3542 3507 3596 veluti

1931 3641 2220 3713 quamdam
2243 3646 2298 3694 et
2317 3637 2580 3692 amussim
2607 3635 2732 3689 vitae
2756 3632 2865 3688 Deo
2894 3631 3164 3702 placentis
3183 3631 3304 3699 ejus
3331 3629 3506 3698 legem

1933 3734 2138 3790 facere.
2170 3731 2324 3798 Quod
2360 3744 2484 3784 cum
2518 3731 2593 3782 ita
2635 3741 2759 3782 esse
2788 3725 3008 3779 divinus
3036 3722 3248 3777 Psaltes
3291 3729 3506 3782 nosset,

1932 3826 2163 3882 canebat
2200 3842 2215 3878 :
2259 3841 2278 3873 ι
2337 3820 2447 3876 Lex
2491 3818 2710 3872 Domini
2748 3815 3119 3877 immaculata,
3177 3817 3502 3866 convertens

1933 3916 2196 3980 anitnas;
2251 3911 2623 3966 testimonium
2678 3905 2895 3960 Domini
2944 3904 3124 3966 ﬁdele,
3178 3901 3502 3971 sapientiam

1934 4015 2200 4078 praestans
2231 4000 2490 4072 parvulis.
2514 3997 2754 4051 Justitia'
2779 3993 2989 4048 Domini
3019 3999 3201 4057 rectae,
3227 3990 3502 4044 latitiaan-

1933 4107 2015 4154 tes
2041 4097 2229 4158 corda,
2276 4100 2608 4165 praeceptum
2644 4087 2860 4144 Domini
2893 4085 3155 4144 lucidum.
3185 4083 3503 4137 illuminans

1933 4191 2124 4246 oculos
2157 4188 2224 4240 ".
2267 4205 2285 4237 ι

2005 4280 2103 4342 ΙΙΙ,
2142 4277 2350 4332 22-24.
2408 4274 2474 4328 Et
2515 4282 2632 4343 post
2664 4272 2774 4325 Iure
2800 4269 2935 4324 venit
2976 4266 3132 4321 Iesus
3168 4277 3216 4321 et
3253 4263 3501 4333 discipuli

253 4351 434 4406 δαίαγ
467 4352 587 4421 γῆν
615 4353 768 4422 μετὰ
799 4351 918 4405 τῶν
942 4351 1223 4420 μαθητῶν
1244 4351 1429 4406 αὑτοῦ
1453 4368 1466 4382 °
1510 4349 1588 4422 ἦν
1624 4353 1692 4406 δὲ
1727 4355 1825 4408 καί

1935 4374 2047 4443 ejus
2075 4373 2128 4425 in
2153 4368 2400 4422 Judaeum
2431 4375 2646 4418 terram.
2683 4362 2818 4415 Erat
2855 4368 3030 4413 autem
3060 4366 3110 4412 et
3132 4355 3366 4411 Joannes
3406 4354 3496 4408 ba-

269 4442 543 4509 ἰωὰννης
573 4441 880 4507 ,βαπτίζων
919 4443 989 4495 ἐν
1025 4441 1222 4497 Αὶνῶν
1249 4443 1430 4514 ἐγγὺς
1468 4444 1574 4498 τοῦ
1599 4444 1828 4514 Σαλὴμ,

258 4532 341 4587 δτι
372 4533 566 4587 ὕδατα
607 4533 808 4588 πολλὰ
847 4529 928 4604 ἦν
958 4534 1100 4599 ἐκεῖ,
1148 4536 1246 4590 καί
1285 4535 1702 4604 παρεγένοντο.
1731 4536 1832 4590 καί

255 4625 655 4687 ἐϐαπτίζοντο.
703 4628 880 4680 οὔπω
915 4627 1027 4696 γὰρ
1063 4623 1142 4697 ἦν
1178 4627 1556 4697 βεϐλημένος
1596 4631 1682 4694 εις
1715 4629 1833 4698 τὴν

255 4719 454 4782 φυλακ
461 4716 542 4783 ὴν
563 4719 598 4770 ὁ
641 4715 934 4784 Ἰωάννης.

322 4807 505 4877 Πέρας
531 4806 634 4876 ήδη
663 4805 932 4877 λαϐούσης
961 4807 1060 4876 τῆς
1093 4805 1228 4876 πρὸς
1259 4806 1567 4877 Νικόδημον
1587 4806 1825 4876 ὁμιλίας,

1928 4465 2138 4533 plizans
2191 4461 2247 4512 in
2291 4458 2470 4512 ΑΞηοη
2494 4456 2656 4525 juxta
2703 4452 2916 4516 Salim;
2955 4450 3080 4520 quia
3127 4465 3277 4519 aqum
3321 4447 3502 4501 multa:

1929 4561 2083 4609 erant
2121 4549 2252 4613 illic,
2290 4556 2340 4602 et
2366 4545 2663 4610 veniebant,
2695 4553 2744 4597 et
2784 4540 3216 4608 baptizabantur.
3250 4536 3500 4592 Nondum

1929 4644 2068 4698 enim
2099 4642 2295 4694 missus
2325 4637 2501 4707 fuerat
2527 4633 2763 4688 Joannes
2791 4633 2844 4687 in
2865 4646 3148 4685 carcerem.

2002 4815 2181 4870 Finito
2212 4813 2422 4869 Christi
2464 4826 2590 4867 eum
2645 4809 2943 4864 Nicodemo
2995 4805 3290 4876 colloquio,
3348 4802 3495 4857 aliud

255 4894 439 4966 ἔτερόν
461 4913 515 4948 τι
548 4897 716 4949 πάλιν
747 4895 1000 4968 ἑξαρτύει
1034 4894 1451 4967 χρησιμώτατον
1479 4899 1507 4948 ὁ
1541 4897 1829 4960 θεσπέσιος

1935 4908 2191 4979 quiddam
2225 4906 2589 4961 utilissimum
2629 4901 2827 4957 iterum
2877 4899 3041 4955 struit
3073 4898 3293 4951 divinus
3334 4908 3500 4948 evan-

253 4987 662 5058 εὐαγγελιστής.
696 4986 976 5058 Πνεύματι
1019 4986 1130 5058 γὰρ
1173 4986 1250 5056 τῷ
1300 4986 1429 5056 θείῳ
1459 4987 1826 5056 φωταγωγοῦ-

1935 5002 2146 5070 gelista.
2198 4997 2394 5052 Divino
2427 4997 2626 5064 quippe
2660 4992 2998 5045 illuminatus
3039 4987 3247 5054 Spiritu
3298 4983 3363 5036 ad
3409 4997 3497 5036 res

247 5093 414 5146 μενος
441 5078 579 5150 πρὸς
607 5078 704 5149 τὴν
740 5079 848 5132 τῶν
874 5078 1318 5147 ἀναγκαιοτάτων
1342 5077 1617 5148 ἐξήγησιν,
1648 5082 1825 5132 συνεῖ-

1935 5090 2271 5147 necessarias
2303 5087 2673 5158 exponendas,
2723 5082 2933 5137 sciebat
2979 5093 3178 5148 magno
3207 5073 3329 5129 usui
3382 5072 3497 5128 fore

234 5169 343 5221 δεν
396 5171 475 5222 ὃτι
515 5171 857 5241 λυσιτελήσει
915 5170 1120 5240 σφόδρα
1171 5169 1296 5232 τοὺς
1325 5169 1736 5240 ἐντευξομένους
1763 5170 1826 5224 τὸ

1935 5181 2294 5242 auditoribus,
2333 5179 2378 5233 si
2413 5179 2560 5233 clare
2582 5179 2940 5242 agnoscerent
2970 5178 3176 5239 quanto
3206 5165 3496 5221 intervallo

230 5263 541 5331 διαγνῶναι
571 5263 782 5334 σαφῶς,
823 5262 1000 5335 πόσην
1039 5263 1152 5333 ἔχει
1191 5263 1290 5331 τὴν
1336 5262 1629 5333 ὑπεροχὴν,
1668 5263 1823 5333 ἢκαὶ

1935 5273 2154 5330 loannis
2213 5271 2481 5339 baptisma
2535 5265 2740 5320 Christi
2795 5264 3121 5332 baptismate
3181 5264 3488 5325 superetur.

229 5352 397 5413 ὅσοις
420 5352 741 5423 ὑπέρκειται
777 5353 1015 5425 μέτροις,
1045 5355 1118 5418 ὡς
1161 5354 1298 5425 πρὸς
1333 5356 1394 5410 τὸ
1434 5359 1678 5412 Ἰωάννου
1725 5361 1821 5430 βά-

1935 5364 2103 5418 Metus
2142 5359 2284 5415 enim
2315 5366 2437 5414 erat
2491 5353 2735 5426 profecto
2781 5367 2887 5407 nou
2929 5350 3154 5411 dubius.
3183 5347 3492 5404 exorituros

229 5457 460 5501 πτισμα
511 5445 576 5495 τὸ
617 5445 706 5498 διὰ
738 5446 996 5516 Χριστοῦ.
1028 5442 1136 5500 Ἦν
1173 5448 1281 5509 γὰο
1314 5448 1482 5512 ὄντως
1521 5450 1731 5518 ἐλπίδος
1761 5457 1822 5510 οὐ

1935 5456 2165 5526 aliquos,
2199 5453 2294 5523 qui
2327 5465 2435 5522 prae
2490 5447 2687 5504 mentis
2731 5446 2917 5516 inopia
2973 5443 3157 5498 dicere
3204 5438 3492 5506 auderent,

324 5616 366 5647 "
395 5617 494 5674 lsa.
518 5637 558 5686 ι,
584 5619 669 5684 l9,
698 5621 785 5673 20.
864 5621 910 5654 "
936 5618 1080 5676 Psal.
1109 5638 1264 5686 xvm,
1291 5621 1344 5689 8,
1373 5623 1427 5676 9.
