4040 6214
545 205 652 260 259

1530 200 1597 273 ε.
1637 196 1918 254 CYRILLI
1956 190 2430 252 ALEXANDRINI
2469 190 2786 248 ARCHIEP.

3691 182 3811 248 ida

542 317 627 374 vel
691 315 900 373 nullum
951 326 1076 371 esse
1128 309 1358 385 prorsus
1393 310 1589 368 corum
1643 309 1967 375 discrimen,
2017 307 2113 365 sed

2228 303 2438 376 μακράν
2485 301 2994 375 ἀναδειχθήσεσθαί.
3022 318 3154 357 ποτε
3202 301 3329 364 τοὺς
3379 299 3806 371 ἀποτολμῶντας

541 408 663 478 pari
691 406 1067 478 utrumquein
1098 403 1278 476 pretio
1318 400 1655 469 habendum,
1691 401 1779 457 vel
1820 416 1889 456 ex
1928 400 2031 455 hac
2060 402 2114 454 in

540 499 902 572 agrestiorem
962 497 1240 553 inscitiam
1279 495 1534 566 delapsos
1585 493 1792 550 Christi
1847 493 2116 564 baptisma

543 600 893 660 postponere,
942 587 1179 657 priorem
1231 593 1415 641 autem
1462 587 1644 642 locum
1698 584 1975 656 baptismo
2022 584 2117 654 qui

447 663 456 688 ⁷
544 695 641 749 per
677 693 876 749 aquam
910 677 967 731 fit
1014 677 1361 746 impudenter
1397 687 1450 731 et
1478 677 1778 731 insolenter
1817 675 2114 731 ascribere.

543 770 699 836 Quod
732 770 877 824 enim
926 768 1168 823 audaciae
1220 783 1392 838 genus
1428 769 1754 824 intentatum
1802 768 2119 837 relinquunt

544 861 805 930 imperiti,
850 867 945 913 aut
979 874 1143 928 quam
1198 858 1589 927 blasphemiam
1648 872 1757 912 non
1816 858 2117 927 arripiunt,

543 954 892 1020 insurgentes
922 951 1188 1006 adversus
1216 949 1474 1005 Ecclesiae
1506 949 1781 1019 dogmata,
1814 959 1868 1004 et
1910 949 2116 1010 omnia,

545 1048 605 1093 ut
632 1039 901 1108 scriptum
929 1047 1012 1093 est
1045 1037 1091 1067 ”
1113 1076 1127 1101 ,
1167 1045 1316 1091 recta
1360 1037 1718 1107 pervertunt?
1768 1035 1838 1091 Ut
1866 1052 1999 1108 ergo
2031 1053 2121 1091 sa-

544 1129 700 1200 piens
759 1128 1093 1199 evangelista
1145 1141 1409 1197 procaces
1463 1127 1687 1182 illorum
1746 1143 1909 1183 voces
1964 1129 2120 1198 prius

543 1228 835 1287 everteret,
864 1215 1046 1289 ipsum
1084 1219 1243 1274 nobis
1289 1218 1501 1274 inducit
1530 1230 1779 1274 sanctum
1814 1219 2114 1290 Baptistam

544 1315 661 1369 suis
689 1312 974 1383 discipulis
999 1312 1074 1367 rei
1109 1312 1354 1381 quaesita:
1378 1312 1708 1367 solutionem
1734 1322 2118 1382 exponentem.

544 1404 792 1474 Baptizat
851 1406 1036 1473 itaque
1095 1403 1352 1459 Christus
1421 1418 1517 1472 per
1577 1416 1709 1459 suos
1762 1404 2119 1475 discipulos:

542 1495 784 1551 Joannes
815 1497 1088 1560 similiter,
1124 1509 1234 1549 non
1261 1505 1443 1549 tamen
1484 1496 1731 1566 profecto
1770 1511 1867 1565 per
1886 1496 2121 1550 aliorum

543 1603 768 1653 manus,
805 1585 902 1641 sed
933 1599 1113 1656 neque
1145 1585 1199 1639 in
1223 1585 1333 1640 illis
1353 1585 1489 1655 ipsis
1508 1583 1756 1640 fontibus
1782 1581 2120 1655 baptizabat,

2223 394 2284 460 ἐξ
2309 394 2496 458 ἀνοίας
2529 395 2735 458 εἰπεῖν,
2772 393 2806 465 ἢ
2855 391 3294 465 μηδεμίανὸλως
3324 391 3383 445 ὲν
3410 392 3593 458 αὐτοῖς
3623 394 3806 468 ὑπάρ-

2237 504 2358 557 χειν
2409 488 2509 558 τὴν
2565 485 2864 558 διαφορὰν,
2924 485 3231 557 ἰσομέτροις
3282 484 3339 539 δὲ
3400 485 3542 539 αύτά
3602 486 3805 557 χρῆναι

2223 578 2616 647 στεφανοῦσθαι
2658 580 2874 648 τιμαῖς,
2918 577 2953 649 ἢ
2988 579 3082 631 καὶ
3114 576 3319 645 ταύτης
3351 578 3432 639 εἰς
3461 577 3804 649 ἀγριωτέρα,

2221 669 2576 724 ἀπαιδευσίαν
2602 668 3093 735 ὲξολισθαίνοντας,
3116 669 3222 741 τὴν
3252 669 3350 740 μὲν
3383 668 3476 721 ἐπὶ
3507 671 3618 733 τοῖς
3644 670 3804 739 ἀμεί-

2222 777 2338 814 νοσι
2375 756 2555 831 ψῆφον
2600 761 2895 829 ἀφελέσθαι
2927 760 3020 815 τοῦ
3059 761 3148 815 διὰ
3175 759 3436 832 Χριστοῦ,
3469 759 3529 813 τὸ
3556 759 3613 813 δὲ
3645 762 3805 831 νικᾷν

2221 852 2301 923 τῷ
2327 853 2394 906 δι’
2415 853 2606 915 ὓδατος
2630 853 3002 923 ἀναισχύντως
3025 836 3491 907 ὲπασωτεύεσθάι.
3514 854 3671 905 Ποῖον
3693 852 3807 923 γάρ

2223 944 2422 1016 θράσος
2461 946 2575 1010 τοῖς
2602 944 2950 1007 ἀπαιδεύτοις
2993 945 3054 997 οὐ
3099 944 3281 1014 βατὲν,
3316 944 3349 1014 ἢ
3400 943 3485 996 διὰ
3518 942 3677 1006 ποίας
3703 944 3807 996 οὐκ

2221 1035 2506 1090 ἐλαύνουσι
2550 1037 2884 1108 δυσφημίας,
2927 1037 2977 1089 οἱ
3011 1035 3150 1089 κατά
3176 1036 3285 1089 τῶν
3334 1034 3495 1106 ἰερῶν
3528 1037 3626 1106 τῆς
3678 1035 3803 1088 Ἐκ-

2222 1128 2450 1200 κλησίας
2472 1128 2757 1200 δογμάτων
2785 1128 3215 1197 ἐξανιστάμενοι,
3249 1128 3343 1180 καὶ
3369 1128 3545 1181 πάντα
3574 1127 3642 1180 τά
3668 1125 3807 1199 ὀρθά

2221 1218 2668 1292 διαστρέφονται,
2726 1220 2871 1274 καθά
2911 1220 3258 1292 γέγραπται;
3309 1220 3429 1273 Ἵνα
3477 1220 3653 1272 τοίνυν
3702 1220 3805 1288 τῆς

2222 1310 2451 1364 ἐκείνων
2484 1310 2926 1382 ἀθυρογλωττίας
2952 1309 3220 1382 προανέλῃ
3246 1309 3346 1373 τὰς
3372 1310 3547 1371 αἰτίας
3569 1312 3597 1363 6
3629 1308 3803 1378 σοφώ-

2221 1418 2384 1466 τατος
2416 1402 2828 1472 εὐαγγελιστὴς,
2872 1401 3033 1455 αὑτὸν
3065 1382 3197 1471 ἡμῖν
3239 1400 3483 1472 εἰσφέρει
3532 1401 3622 1454 τὸν
3648 1401 3800 1468 ἀγιον

2223 1493 2535 1564 Βαπτιστὴν
2575 1496 2691 1558 τοῖς
2729 1493 2952 1557 οἰκείοις
2995 1492 3365 1564 παρατιθέντα
3412 1493 3675 1564 μαθηταῖς
3701 1492 3799 1546 τοῦ

2226 1584 2562 1657 ζητουμένου
2590 1585 2689 1657 τὴν
2714 1584 2890 1639 λύσιν.
2919 1583 3179 1649 Βαπτίζει
3198 1583 3487 1656 τοιγαροῦν
3517 1584 3545 1635 6
3569 1584 3803 1655 Χριστὸς

543 1682 600 1736 in
623 1681 824 1751 quibus
852 1679 1107 1735 Christus
1137 1678 1242 1733 hoc
1259 1676 1445 1733 facere
1468 1678 1815 1740 cernebatur,
1842 1677 1937 1734 sed
1953 1690 2122 1749 prope

2228 1679 2320 1733 διὰ
2363 1679 2470 1731 τῶν
2506 1678 2702 1732 ἑαυτοῦ
2739 1678 3000 1749 μαθητῶν
3023 1692 3036 1707 ο
3071 1677 3276 1748 ὁμοίως
3303 1676 3361 1729 δὲ
3399 1676 3495 1730 καὶ
3530 1676 3801 1748 Ἰωάννης,

546 1770 750 1834 Salem,
784 1777 843 1825 ut
875 1773 1145 1840 scriptum
1177 1777 1285 1835 est,
1344 1779 1397 1824 et
1443 1769 1499 1823 in
1555 1768 1707 1824 fonte
1751 1768 1990 1838 quodam
2026 1768 2123 1838 qui

545 1864 763 1918 vicinus
792 1870 932 1927 erat,
963 1874 1019 1917 et
1045 1862 1143 1917 illo
1169 1858 1526 1917 Judaicoruni
1552 1859 1784 1916 fontium
1805 1860 2125 1917 discrimine

545 1955 801 2025 baptismi
832 1955 1133 2011 diserimen
1165 1953 1571 2025 quodammodo
1605 1954 1924 2019 ostendens,
1965 1952 2123 2024 157

543 2055 597 2101 et
622 2046 858 2100 obscure
881 2044 1137 2110 innuens,
1169 2043 1313 2099 idem
1344 2058 1457 2098 non
1492 2058 1617 2099 esse
1642 2043 1915 2113 baptisma
1951 2042 2124 2097 Joan-

544 2136 633 2191 nis
671 2151 794 2191 cum
824 2149 892 2190 eo
917 2135 1064 2205 quod
1090 2149 1121 2188 a
1144 2134 1427 2190 Salvatore
1448 2142 1639 2190 nostro
1665 2132 1892 2189 Christo
1917 2131 2122 2189 factum

544 2238 667 2284 est:
700 2230 1011 2298 proximum
1037 2235 1222 2282 tamen
1268 2242 1395 2283 esse
1423 2235 1477 2283 et
1500 2226 1651 2282 circa
1688 2227 1897 2297 ipsum,
1933 2237 1994 2282 ut
2026 2226 2124 2280 dos

544 2330 698 2376 ceret
720 2323 1174 2391 praeparationem
1192 2319 1488 2391 quamdam
1516 2328 1569 2376 et
1598 2321 1969 2375 rudimentum
1997 2334 2124 2377 esse

546 2412 910 2483 perfectioris.
948 2411 1422 2478 Quemadmodum
1459 2427 1591 2482 ergo
1620 2412 1706 2469 lex
1744 2410 1986 2467 Mosaica
2004 2427 2123 2483 um-

544 2506 697 2560 bram
721 2503 923 2560 haberé
943 2506 1148 2560 dicitur
1169 2504 1482 2560 futurorum
1498 2505 1794 2567 bonorum,
1812 2517 1923 2560 non
1941 2519 2124 2560 veram

543 2598 718 2668 ipsam
766 2612 949 2653 rerum
999 2598 1292 2668 imaginem
1340 2598 1450 2669 (est
1491 2598 1639 2654 enim
1684 2598 2125 2668 przeexercitatio

543 2692 816 2763 quaedam,
847 2700 902 2747 et
923 2691 1107 2746 cultus
1127 2690 1393 2761 spiritalis
1426 2689 1823 2754 rudimentum,
1849 2689 2124 2743 occultam

544 2786 882 2842 intrinsecus
943 2784 1224 2839 veritatem
1277 2781 1643 2853 parturiens),
1674 2780 1751 2835 ita
1800 2793 2023 2852 quoque
2057 2780 2127 2836 de

546 2860 817 2946 baptismo
853 2875 947 2929 illo
976 2874 1033 2929 in
1068 2874 1448 2944 prenitentiam
1478 2872 1815 2928 censendum
1842 2881 1949 2929 est.

2230 1770 2324 1823 καὶ
2343 1769 2404 1823 οὑ
2429 1770 2645 1832 πάντως
2666 1769 2755 1823 διὰ
2783 1770 2963 1842 χειρὸς
2987 1770 3212 1841 ἐτέρων,
3237 1768 3352 1824 ἀλλ’
3383 1767 3503 1821 οὐδὲ
3532 1769 3589 1821 ἰν
3616 1767 3803 1833 αὐταῖς

2229 1859 2467 1923 ἐκείναις
2491 1858 2751 1923 ἐδάπτιζε
2783 1862 2906 1923 ταῖς
2929 1863 3153 1933 πηγαῖς,
3181 1861 3239 1915 ὲν
3261 1854 3349 1923 αἷς
3371 1859 3530 1913 τοῦτο
3551 1861 3804 1933 πράττων

2232 1950 2482 2020 ἐφαίνετο
2518 1952 2783 2021 Χριστὸς,
2834 1951 2975 2005 ἀλλὰ
3001 1950 3229 2022 πλησίον
3266 1950 3361 2005 τοῦ
3400 1951 3622 2024 Σαλήμ,
3662 1950 3805 2007 καθά

2229 2044 2573 2114 γέγραπται,
2610 2044 2708 2098 καὶ
2756 2044 2836 2107 εἰς
2892 2044 3020 2116 μίαν
3070 2042 3181 2097 τῶν
3220 2043 3411 2114 ,κύκλῳ
3460 2044 3552 2098 καὶ
3590 2046 3809 2113 γείτονα

2233 2135 2454 2205 πηγὴν,
2489 2134 2587 2188 κα)⁸
2634 2135 2702 2188 δι’
2750 2135 2917 2189 αὑτοῦ
2951 2135 3155 2206 τρόπον
3188 2135 3311 2189 τινὰ
3357 2135 3452 2190 τοῦ
3498 2135 3803 2205 διωρίσθαι,

2231 2230 2397 2301 φημὶ,
2430 2233 2551 2295 ταῖς
2568 2229 2678 2285 τῶν
2718 2218 2986 2285 Ἰουδαίων
3018 2232 3247 2302 πηγαῖς,
3258 2232 3357 2304 τὴν
3386 2233 3480 2286 ἐπὶ
3503 2229 3583 2302 τῷ
3614 2230 3807 2302 βαπτί-

2231 2338 2398 2394 σματι
2427 2321 2689 2377 δεικνύων
2715 2322 3001 2393 διαφορὰν,
3033 2323 3130 2376 καὶ
3161 2324 3610 2395 κατασημαίνων,
3635 2322 3709 2387 ὡς
3736 2321 3808 2378 δι’

2228 2415 2584 2486 αἰνίγματος,
2631 2415 2711 2479 ὼς
2743 2415 2938 2470 ταυτὸν
2977 2417 3074 2487 μὲν
3118 2416 3222 2471 οὐκ
3258 2416 3374 2470 ἐστι
3411 2414 3490 2487 τῷ
3526 2414 3679 2490 παρά
3710 2413 3807 2468 τοῦ

2221 2507 2475 2578 Σωτῆρος
2516 2506 2676 2579 ἡμῶν
2726 2507 2966 2579 Χριστοῦ
3017 2508 3081 2562 τὸ
3118 2509 3186 2562 δι’
3233 2507 3400 2562 αὑτοῦ
3424 2525 3437 2538 ·
3487 2506 3716 2578 πλησίον
3758 2504 3807 2560 δ’

2219 2593 2315 2664 οὖν
2346 2598 2533 2669 ὅμως,
2582 2599 2678 2652 καὶ
2723 2599 2856 2671 περὶ
2889 2598 3057 2664 αὐτὸ,
3089 2599 3493 2672 προμελέτησίν
3545 2616 3669 2653 τινα
3702 2602 3809 2653 ,καὶ

2222 2693 2531 2764 εἰσαγωγὴν
2578 2693 2852 2764 εἰσφέρων
2905 2692 3002 2746 τοῦ
3047 2694 3405 2767 τελειοτέρου.
3459 2694 3668 2765 Ὥσπερ
3713 2687 3810 2746 οῦν

2222 2783 2318 2843 καὶ
2339 2785 2368 2837 6
2395 2783 2558 2854 νόμος
2598 2785 2628 2837 6
2664 2783 2755 2836 διά
2798 2784 3042 2849 Μωσέως
3085 2784 3247 2838 σκιάν
3273 2784 3417 2855 ἔχειν
3459 2784 3672 2854 λέγεται
3699 2783 3808 2836 τῶν

2226 2876 2529 2947 μελλόντων
2558 2876 2799 2945 ἀγαθῶν,
2823 2877 2924 2930 οὐκ
2956 2877 3127 2949 αὐτὴν
3153 2881 3254 2948 τὴν
3285 2879 3469 2933 εἰκόνα
3496 2879 3606 2932 τῶν
3630 2893 3806 2946 πραγ-

548 2971 768 3041 μάτων’
823 2966 1229 3040 προγύμνασμα
1270 2966 1378 3037 γάρ
1418 2968 1472 3018 τι
1512 2967 1607 3058 καὶ
1650 2970 2064 3058 προκατήχησις
2099 2952 2203 3041 τῆς
2242 2973 2301 3025 ὲν
2334 2970 2607 3043 πνεύματι
2651 2971 2908 3043 λατρείας
2947 2971 3010 3026 τὸ
3051 2972 3287 3044 γράμμα
3317 2972 3436 3027 ἐστὶ
3491 2973 3554 3027 τὸ
3588 2974 3810 3029 Mona?-

546 3061 662 3124 κὲν,
692 3059 1079 3131 κεκρυμμένην
1105 3058 1308 3113 ἔσωθεν
1328 3058 1515 3112 ὠδῖνον
1539 3057 1639 3129 τὴν
1657 3058 1914 3130 ἀλήθειαν
1936 3077 1952 3092 ·
1982 3059 2126 3115 οὕτω
2164 3063 2379 3135 νοήσεις
2406 3063 2503 3118 καὶ
2528 3062 2591 3117 τὸ
2619 3064 2701 3127 είς
2729 3064 3020 3135 μετάνοιαν
3059 3064 3364 3136 βάπτισμα.

618 3150 707 3217 ΙΙΙ,
741 3151 928 3207 25-26.
956 3150 1129 3206 Facta
1159 3160 1236 3207 est
1273 3166 1446 3209 autem
1476 3155 1700 3227 quastio
1737 3172 1804 3212 ea:
1831 3157 2116 3228 discipulis

2269 3160 2543 3231 Ἐγένετο
2572 3158 2687 3216 οὖν
2713 3160 2959 3229 ζήτησις
2998 3160 3070 3214 ἐκ
3096 3159 3216 3214 τῶν
3225 3161 3512 3230 μαθητῶν
3529 3161 3809 3218 Ἰωάννου

546 3245 774 3319 Joannis
809 3262 929 3299 cum
966 3244 1174 3302 Judwis
1208 3245 1272 3301 de
1310 3249 1685 3318 puriﬁcatione
1734 3260 1833 3305 εει
1870 3262 2125 3308 uenerunt

547 3340 618 3397 ad
651 3338 939 3405 Joannem,
976 3349 1026 3393 et
1055 3339 1306 3395 dixerunt
1337 3341 1408 3396 ei.

618 3433 755 3488 Cum
783 3431 957 3488 Judaei
999 3433 1201 3502 legales
1263 3434 1619 3494 lustrationes
1670 3437 1962 3496 defendere
2015 3450 2126 3496 non

548 3534 796 3596 possent,
829 3540 932 3580 nec
958 3525 1322 3596 purificationi
1353 3529 1567 3586 buculas
1591 3531 1779 3589 cinere
1809 3531 1928 3587 ﬁeri
1950 3534 2126 3590 solitae

549 3614 909 3686 patrocinari,
945 3614 1205 3685 quiddam
1236 3618 1292 3671 in
1311 3615 1540 3674 Joannis
1569 3619 1872 3692 discipulos
1895 3623 2128 3677 ordiunA

551 3717 663 3775 tur,
698 3721 814 3778 quo
852 3708 1151 3778 sperabant
1174 3723 1237 3764 se
1267 3711 1473 3781 negotii
1504 3727 1612 3767 non
1648 3726 1840 3783 parum
1878 3715 1963 3772 eis
1994 3716 2129 3771 alia.

548 3809 724 3863 turos,
757 3799 1009 3870 quamvis
1063 3799 1118 3854 in
1158 3799 1280 3857 suis
1310 3800 1473 3858 facile
1522 3813 1938 3874 superarentur;
1989 3806 2126 3862 Nam

548 3891 810 3961 quoniam
856 3891 996 3946 beati
1026 3890 1284 3962 Baptistae
1316 3892 1597 3963 discipuli,
1629 3895 1876 3967 magistri
1916 3899 2000 3953 sui
2031 3899 2128 3954 bao‘

479 3974 481 3978 4
549 3984 751 4053 ptisma
775 3983 1168 4052 suspicientes,
1194 3992 1250 4038 et
1276 3984 1688 4053 purificationes
1719 3989 1916 4059 legales
1947 3990 2129 4059 impu-

549 4085 802 4145 gnantes,
839 4084 1102 4146 praestare
1124 4074 1236 4145 jam
1268 4073 1563 4133 Pliarisaeis
1596 4079 1799 4133 virtute
1836 4086 1892 4134 et
1940 4079 2123 4135 crudis

547 4167 697 4222 tione
743 4166 1093 4230 videbantur,
1152 4166 1276 4221 ideo
1318 4168 1559 4238 graviter
1611 4178 1666 4223 et
1716 4168 1903 4238 inique
1934 4170 1989 4226 id
2047 4170 2127 4226 illi

551 4260 757 4323 ferunt,
792 4259 848 4313 in
894 4258 1263 4314 conviciando
1306 4260 1484 4315 solum
1518 4260 1894 4330 vehementes,
1952 4270 2007 4318 et
2059 4263 2126 4317 ad

549 4364 765 4404 omnem
804 4351 1066 4404 malitiam
1099 4353 1360 4422 expediti.
1397 4351 1465 4407 Et
1492 4362 1643 4410 certe
1676 4355 1788 4410 alio
1832 4356 2128 4426 respicien-

549 4444 654 4499 tes.
692 4437 918 4491 laudant
941 4437 1142 4495 Christi
1174 4441 1531 4511 baptismum,
1560 4459 1672 4499 non
1711 4446 1858 4514 quod
1889 4445 1965 4500 ita’
1998 4463 2126 4502 sen-

551 4530 741 4589 tirent,
775 4543 953 4597 neque
977 4529 1125 4599 quod
1155 4545 1310 4587 veras
1339 4532 1391 4587 ei
1425 4532 1617 4588 laudes
1646 4532 2006 4602 aﬂunderent,
2030 4536 2127 4591 sed
2161 4535 2201 4590 Ι)
2230 4537 2354 4606 γίαν
2402 4553 2417 4568 ·

550 4619 738 4672 animo
772 4628 986 4674 tantum
1026 4621 1357 4688 lacessendi,
1384 4630 1439 4678 et
1469 4632 1666 4692 praeter
1700 4627 2024 4680 sententiam
2071 4627 2131 4683 id

552 4707 841 4771 facientes,
873 4709 1051 4764 donec
1078 4711 1143 4765 ad
1162 4712 1367 4766 exitum
1398 4712 1692 4768 consilium
1727 4729 1888 4769 suum
1911 4717 2122 4787 perdu-

549 4810 753 4859 cerent.
770 4801 1001 4857 Ratione
1016 4817 1149 4873 ergo
1166 4803 1483 4860 nullatenus
1496 4805 1875 4861 demonstrare
1891 4818 2122 4877 queunt,

549 4895 749 4951 nedum
772 4897 1103 4953 testimoniis
1127 4896 1431 4968 Scriptura:
1449 4898 1673 4953 Christo
1687 4901 2123 4969 patrocinantur,

552 4988 735 5060 (unde
775 4990 922 5045 enim
957 4989 1108 5045 istud
1157 4990 1363 5061 ingenii
1411 4992 1726 5048 hominibus
1764 4993 2125 5065 imperitis?)

550 5080 646 5137 sed
678 5080 743 5134 ad
766 5080 1140 5137 conﬁrmanda
1179 5097 1278 5137 sua
1296 5082 1444 5138 dicta
1473 5082 1605 5139 illud
1635 5085 1895 5156 allegant,
1919 5100 2127 5156 paucos

550 5171 853 5227 admodum.
876 5173 944 5228 ad
977 5171 1264 5242 Joannem,
1308 5176 1511 5232 multos
1566 5193 1699 5233 vero
1731 5178 1997 5251 gregatim
2057 5181 2123 5235 ad

548 5262 826 5319 Christum
882 5265 1184 5323 conﬂuere.
1243 5266 1552 5338 Sperabam
1603 5272 1751 5326 enim
1812 5271 1995 5327 forsan
2037 5271 2125 5326 isti

553 5351 749 5420 oppido
774 5353 1038 5410 vecordes
1055 5356 1303 5414 victoriae
1330 5360 1603 5416 calculum
1636 5376 1696 5417 se
1719 5369 2121 5432 reportaturus.

548 5447 602 5491 et
635 5441 896 5510 legalibus
942 5444 1365 5502 lustrationibus
1398 5450 1639 5517 potiores
1693 5459 1876 5517 partes
1936 5450 2122 5505 datum

620 5617 667 5646 ¹⁶
700 5617 861 5672 Mich.
895 5632 980 5683 ιιι,
1015 5620 1068 5675 9.

2226 3253 2377 3324 μετὰ
2430 3252 2740 3308 Ἰουδαίων
2792 3252 2927 3322 περὶ
2985 3253 3359 3323 καθαρισμοῦ
3376 3296 3391 3320 ,
3461 3254 3561 3308 καί
3619 3250 3809 3324 ἦλθον

2232 3339 2382 3409 πρὸς
2407 3341 2515 3396 τὸν
2543 3340 2843 3410 Ἰωάννην,
2874 3340 2975 3396 καί
2994 3338 3171 3395 εἷπον
3207 3341 3393 3407 αὐτῷ.

2317 3431 2654 3496 ’Δτονοῦντες
2695 3416 2935 3489 Ἰουδαῖοι
2964 3436 3076 3499 τοῖς
3100 3433 3240 3488 κατά
3277 3434 3369 3488 τὸν
3413 3435 3577 3506 νόμον
3617 3438 3814 3508 περιρ-

2232 3521 2544 3595 ραντηρίοις
2568 3523 2940 3591 συνίστασθαι,
2967 3524 3064 3579 καί
3100 3524 3487 3596 συναγορεύειν
3520 3526 3623 3580 οὐκ
3656 3526 3808 3597 ἔχονο

2230 3631 2323 3677 τες
2353 3612 2433 3685 τῷ
2476 3613 2566 3668 διὰ
2604 3612 2802 3667 σποδοῦ
2850 3613 3139 3685 δαμάλεως
3189 3613 3538 3686 καθαρισμῷ,
3585 3615 3812 3686 ὲξυφαίέ

2232 3707 2384 3763 νουσί
2415 3724 2468 3760 τι
2488 3698 2602 3772 τοίς
2624 3707 2878 3761 Ἰωάννου
2911 3705 3201 3780 μαθηταῖς,
3230 3706 3297 3761 δι’
3324 3698 3508 3779 οὗπερ
3563 3709 3812 3780 ἐνόμιζον

2231 3799 2293 3854 ού
2321 3799 2555 3871 μετρίως
2607 3801 2848 3855 ἀνιάσειν
2876 3801 3095 3864 αὐτοὺς,
3128 3799 3305 3854 καίτοι
3334 3799 3456 3854 λίαν
3485 3801 3714 3871 ἑτοίμως
3754 3804 3815 3855 ἐν

2231 3893 2345 3956 τοίς
2381 3891 2504 3945 καθ’
2533 3893 2760 3956 ἑαυτοὺς
2778 3878 3101 3964 ὴττὶὓμενοι.
3132 3891 3352 3963 Ἐπειδὴ
3381 3891 3489 3963 γὰρ
3515 3895 3565 3946 οἰ
3603 3893 3683 3964 τῷ
3710 3911 3816 3965 μα-

2233 3984 2411 4056 καρίῳ
2465 3984 2922 4056 προσεδρεύοντες
2980 3983 3301 4057 Βαπτιστῇ,
3363 3985 3644 4056 κρείττους
3708 3986 3812 4058 ήδη

2233 4075 2329 4128 καὶ
2368 4075 2722 4146 συνετώτεροι
2748 4076 2856 4129 τῶν
2883 4075 3190 4146 Φαρισαίων
3241 4076 3544 4143 ἐφαίνοντο,
3595 4078 3659 4132 τὸ
3705 4093 3811 4130 πα-

2237 4166 2307 4240 ρὰ
2336 4166 2415 4238 τῷ
2428 4167 2613 4238 οἰκείῳ
2636 4168 2943 4239 διδασκάλῳ
2970 4167 3341 4238 θαυμάζοντες
3375 4168 3678 4240 βάπτισμα,
3712 4172 3808 4223 καὶ

2232 4261 2359 4323 τοὺς
2406 4259 2549 4314 κατὰ
2597 4259 2760 4331 νόμον
2819 4260 3314 4330 καταγωνιζόμενοι
3374 4259 3751 4331 καθαρισμούς
3791 4276 3805 4288 °

2233 4351 2592 4425 δυσφοροῦσιν
2621 4353 2714 4407 ἐπὶ
2745 4352 2954 4416 τούτοις
2996 4354 3046 4405 οἱ
3079 4352 3214 4421 πρὸς
3256 4354 3416 4423 μόνον
3451 4352 3511 4405 τὸ
3562 4352 3814 4406 διαλοιδο-

2237 4445 2448 4517 ρείσθαι
2475 4444 2685 4516 γοργοί,
2721 4443 2817 4497 καὶ
2866 4444 2948 4505 εἰς
2980 4444 3159 4495 πᾶσαν
3188 4443 3528 4511 ἑτοιμότατοι
3572 4459 3815 4513 κακουρ-

2475 4536 2570 4590 καὶ
2620 4535 2685 4607 δὴ
2733 4535 2826 4587 τὸν
2890 4536 3089 4588 οἰκεῖον
3149 4534 3601 4605 παρατρέψαντες
3655 4533 3816 4601 λόγον

2232 4629 2518 4684 ἐπαινοῦσι
2542 4629 2604 4682 τὸ
2629 4628 2914 4698 βάπτισμα
2941 4627 3004 4680 τδ
3031 4625 3121 4680 διὰ
3157 4627 3417 4698 Χριστοῦ,
3477 4626 3816 4698 διακείμενοι

2234 4724 2333 4793 μὲν
2382 4723 2483 4776 οὐκ
2508 4720 2682 4793 ὀρθῶς
2706 4762 2720 4782 ,
2769 4720 2889 4797 οὐδὲ
2928 4720 3146 4791 ἀληθεῖς
3184 4718 3438 4783 ἐπαίνους
3482 4719 3576 4772 τοῦ
3628 4720 3814 4790 πράγ-

2240 4830 2408 4884 ματος
2452 4811 2837 4879 καταχέοντες,
2877 4812 2957 4875 εἰς
2994 4811 3052 4865 δὲ
3095 4810 3257 4880 μόνον
3298 4811 3360 4863 τὸ
3390 4811 3632 4880 λυπῆσαι
3669 4828 3819 4883 παρα

2232 4903 2565 4973 ωξυμμένοι,
2596 4901 2691 4955 καὶ
2722 4899 2820 4972 τὴν
2842 4900 2994 4972 παρὰ
3029 4899 3255 4971 γνώμην
3277 4897 3642 4968 δανειζόμενοι
3675 4900 3818 4970 πρό-

2233 4996 2399 5060 θεσιν,
2431 4995 2534 5058 ἕως
2562 4994 2627 5048 ἂν
2661 4993 2845 5057 αὐτοῖς
2886 4992 2968 5055 εἰς
3018 4992 3181 5062 ἔργον
3220 4991 3455 5064 ἐκτρέχῃ
3488 4992 3548 5044 τὸ
3579 4991 3817 5044 σπούδα-

2236 5103 2368 5157 σμα.
2422 5084 2660 5156 Λογικὴν
2726 5083 2828 5154 μὲν
2876 5078 2970 5136 οὖν
3007 5080 3264 5152 οὐδεμίαν
3304 5080 3486 5151 έχουσι
3540 5082 3815 5139 ποιεῖσθαι

2232 5176 2329 5247 τὴν
2388 5175 2659 5240 ἀπόδειξιν
2683 5217 2696 5240 ,
2738 5173 2855 5228 ἀλλ’
2893 5172 3016 5226 οὐδὲ
3071 5173 3136 5224 ἐκ
3188 5170 3297 5225 τῶν
3349 5171 3510 5243 ἰερῶν
3558 5171 3816 5236 λαϐόντες

2231 5270 2587 5341 Γραμμάτων
2618 5265 2977 5341 συνηγοροῦσι
3016 5262 3237 5334 Χριστῷ
3271 5279 3284 5290 ·
3319 5262 3485 5316 πόθεν
3511 5262 3620 5334 γὰρ
3642 5265 3675 5333 ή
3702 5280 3819 5315 τοι-

2233 5360 2371 5432 αὐτη
2411 5363 2524 5423 τοῖς
2552 5356 2902 5420 ἀπαιδεύτοις
2948 5354 3201 5418 σύνεσις;
3238 5355 3414 5407 ἐκεῖνο
3442 5353 3497 5407 δὲ
3534 5354 3697 5424 μόνον
3735 5355 3815 5415 εἰς

2234 5450 2523 5520 βεόαίωσιν
2552 5448 2660 5504 τῶν
2690 5449 2904 5503 οἰκείων
2929 5449 3277 5517 προΐσχονται
3307 5446 3499 5515 λόγων,
3524 5447 3585 5501 τὸ
3612 5445 3814 5518 κομιδῇ
