4038 6210
1359 228 1429 287 ΙΝ
1464 220 1749 288 ΙΟᾹΝΝΙΒ
1785 230 1842 286 E‘

1942 230 2231 289 NGELIUM
2271 236 2398 292 LIB.
2441 239 2505 295 ﬂ.
3435 252 3542 311 262

289 342 396 411 μὲν
435 337 575 395 εῖναι
637 341 862 414 βραχεῖς
908 344 1128 418 ἀριθμῷ
1161 346 1288 410 τοὺς
1345 346 1573 441 Ἰωάννη
1610 345 1842 441 προστρέ

1942 400 1945 410 _
1976 346 2066 413 iri,
2095 363 2273 420 eoque
2309 355 2533 410 nomine
2561 370 2622 413 se
2649 358 3003 429 gloriaturos,
3039 363 3086 418 si
3123 363 3332 421 Christi
3365 369 3545 441 bapti-

285 451 508 503 χοντας,
557 434 819 508 ἀγεληδὸν
847 436 904 491 δὲ
950 436 1189 508 βαδίζειν
1235 438 1329 493 ἐπὶ
1371 438 1669 531 Χριστύνᾲομ

1954 450 2148 497 ‘smum
2177 444 2227 499 ei
2252 445 2348 515 qui
2382 461 2545 502 manu
2571 447 2805 507 Joannis
2839 454 3159 511 tradebatur
3179 434 3541 531 anteferrent,

286 525 402 597 γὰρ
431 527 561 591 ἴσως
590 527 724 582 πολὺ
754 528 875 583 λίαν
898 528 1254 600 ἀφραίνοντες
1272 529 1373 601 τὴν
1394 529 1487 583 ἐπὶ
1506 527 1584 599 τῷ
1610 526 1842 583 δύνασθα

1969 538 2025 586 et
2055 533 2357 591 molestiam
2388 538 2638 608 profecto
2676 552 2962 601 creaturos
3007 547 3075 603 iis
3103 550 3170 603 ad
3204 566 3345 621 quos
3377 525 3542 611 verba

285 620 448 689 νικᾷν
492 620 912 691 ἀποκομιεϊσθαι
952 620 1155 692 ψῆφον,
1200 622 1293 676 καὶ
1338 622 1452 686 τοῖς
1498 621 1740 692 νομικοῖς
1769 636 1842 677 πει

1968 618 2260 679 faciebant.
2297 624 2405 682 Sed
2427 627 2727 686 discedunt
2754 635 2996 699 tandem,
3028 647 3082 691 et
3114 654 3183 693 ex
3220 618 3540 700 inconside-

287 710 722 783 ριῤῥαντηρίοις,
746 712 823 776 ὡς
855 712 957 783 ἤδη
979 711 1842 786 κεκρατηκόσιν,ἀπαυθαδίζεσθα

1967 719 2084 765 rata
2115 712 2489 786 disputatione
2522 721 2697 776 multo
2728 724 2905 794 magis
2954 726 3085 781 victi
3134 730 3537 799 digrediuntur.

294 222 401 282 ‘26!
476 266 485 275 .

282 804 384 873 τῆς
438 798 684 857 Ἰωάννου
714 802 914 877 χειρὸς,
950 807 1010 859 ἐν
1042 806 1290 875 ἀμείνοσι
1321 805 1507 869 θέντες
1533 804 1592 858 τὺ
1612 804 1701 858 διά
1726 806 1863 877 Χρι-

285 889 417 943 στοῦ
448 894 561 955 τοῖς
592 893 907 963 προσιοῦσιν
941 894 1089 965 αύτῷ
1128 893 1528 967 χορηγούμενον
1560 892 1861 964 βάπτισμα,

1970 801 2260 861 Dominum
2300 809 2467 881 158
2484 813 2689 883 quippe
2712 816 2861 871 velut
2890 834 2956 873 ex
2994 822 3323 878 necessitate
3364 825 3542 881 laudi-

1971 892 2074 949 bus
2099 909 2388 966 coronant,
2418 903 2581 958 etiam
2614 905 2790 960 inviti.

280 988 383 1040 καὶ
440 988 707 1059 λυπήσειν
758 980 858 1060 μὲν
906 991 1075 1057 ὅντως
1104 992 1253 1055 τοὺς,
1282 992 1415 1064 πρὸς
1439 991 1535 1056 οὓς
1562 987 1632 1063 ἦν
1669 993 1698 1045 ὁ
1731 989 1908 1058 λόγος.
1962 990 2419 1052 ’Δπαλλάττονται
2465 999 2524 1053 δὲ
2580 1002 2735 1070 μόλις
2773 1004 2866 1057 ἐπὶ
2902 1022 3132 1073 τούτοις,
3196 1009 3289 1062 καὶ⁵
3326 1012 3540 1082 ἀναχω⁶

284 1082 445 1153 ροῦσι
487 1084 594 1138 τῶν
662 1085 912 1140 Ἰωάννου
986 1088 1259 1159 μαθητῶν.
1322 1087 1381 1156 ἐξ
1453 1086 1864 1159 ἀπερισκέπτου
1909 1084 2244 1160 λογομαχίας
2304 1094 2438 1148 πολὺ
2499 1097 2760 1167 μειζόνως
2806 1100 3127 1172 ἡττώμενοι.
3183 1104 3539 1178 Καταστεφα-

278 1177 439 1231 νοῦσι
473 1178 582 1249 γὰρ
607 1174 719 1243 τοῖς
743 1180 803 1246 ἐξ
830 1183 1074 1253 ἀνάγκης
1103 1183 1364 1248 ἐπαίνοις,
1398 1184 1494 1237 καῖ
1530 1183 1627 1253 ούχ
1648 1182 1866 1243 ἑκόντες
1900 1180 1993 1234 τὸν
2020 1183 2244 1257 Κύριον.

367 1268 589 1332 Ῥαϐΰὶ,
632 1268 699 1336 ὃς
718 1265 798 1340 ἦν
820 1273 971 1340 μετὰ
999 1273 1116 1328 σοῦ
1160 1273 1348 1344 πέραν
1384 1276 1490 1330 τοῦ
1541 1271 1859 1342 Ἰορδάνου,

276 1349 330 1421 ᾧ
370 1357 455 1410 σὺ
496 1360 952 1427 μεμαρτύρηκας
974 1401 988 1426 ,
1041 1350 1132 1416 Ide
1188 1358 1367 1430 οὗτος
1412 1362 1720 1429 βαπτίζει,
1761 1364 1862 1418 καὶ

277 1447 513 1514 πάντες
537 1449 809 1518 ἔρχονται
849 1453 997 1520 πρὸς
1037 1454 1243 1508 αὐτόν.
1306 1455 1621 1524 Ἀπεκρίθη
1657 1454 1859 1511 Ἰωάν-

276 1549 421 1608 νης,
457 1541 553 1596 καὶ
582 1538 768 1596 εἷπεν.

354 1634 485 1697 Τοῖς
509 1633 618 1687 τῶν
649 1633 954 1706 Φαρισαίων
978 1635 1157 1706 λόγοις
1202 1631 1627 1711 καταδηχθέντες
1656 1641 1706 1693 oi
1753 1656 1858 1711 μα-

2039 1273 2127 1341 ιιι,
2156 1276 2245 1332 26.
2280 1277 2469 1344 Rabbi,
2500 1284 2591 1353 qui
2635 1295 2752 1338 erat
2800 1296 2967 1341 tecum
3016 1295 3168 1343 trans
3219 1291 3536 1363 Iordanem,

1962 1366 2051 1419 cui
2082 1375 2139 1419 tu
2172 1371 2525 1425 testimonium
2556 1374 2892 1442 per/tibuisti,
2924 1395 3074 1444 ecce,
3131 1381 3215 1436 hic
3270 1384 3531 1455 baptizat,

1959 1464 2011 1510 e‘t
2060 1474 2237 1514 omnes
2294 1464 2505 1518 veniunt
2565 1466 2635 1519 ad
2677 1483 2818 1521 eum.
2860 1468 3144 1540 Respondit
3191 1473 3449 1543 Joannes,
3481 1489 3532 1535 et

1960 1548 2117 1606 dixit.

2034 1639 2325 1713 Discipuli,
2352 1642 2753 1704 Pharisaeorum
2777 1650 2940 1709 dente
2964 1653 3225 1724 lacessiti,
3247 1659 3533 1733 ipsamque

278 1727 473 1797 θηται,
497 1726 592 1780 καὶ
619 1730 699 1792 είς
733 1729 905 1799 αὐτὴν
942 1728 1000 1784 δὲ
1034 1730 1128 1786 τοῦ
1175 1732 1498 1805 πράγματος
1547 1734 1842 1805 ἀφορῶντες

2188 1711 2203 1713 _
3096 1711 3129 1712 η
3211 1711 3225 1724 ν
3250 1711 3532 1733 -τ--η-Ὶ-’σ

1942 1733 2040 1807 rei
2077 1744 2327 1791 naturam
2360 1738 2653 1807 intuentes,
2684 1757 2872 1799 eorum
2930 1746 3152 1817 quidem
3185 1753 3537 1811 mendacium

274 1817 383 1886 τὴν
405 1816 589 1887 φύσιν,
614 1818 974 1891 ψευδομένους
997 1823 1096 1893 μὲν
1112 1822 1354 1895 ἐλέγχειν
1370 1817 1511 1897 ἦσαν
1535 1828 1631 1898 οὐχ
1654 1820 1855 1894 οἷοίτε,

274 1908 606 1978 διαποροῦσι
663 1911 721 1963 δὲ
768 1913 1016 1979 εἰκότως,
1058 1917 1154 1970 καὶ
1204 1910 1264 1969 τὸ
1310 1917 1451 1988 μέγα
1476 1917 1570 1972 τοῦ
1607 1920 1859 1993 Σωτῆρος

272 1998 441 2069 ἡμῶν
464 2002 563 2054 οὐκ
612 2002 813 2068 εἰδότες
843 2004 1083 2076 ἀξίωμα,
1124 2009 1555 2064 καταπτοοῦνται
1601 2011 1720 2065 λίαν
1765 2014 1856 2067 ἐπί

272 2093 394 2153 τοῖς
432 2090 681 2146 Ἰωάννου
717 2098 1195 2168 μειονεκτήμασιν,
1229 2100 1368 2154 αίδοῖ
1397 2119 1455 2154 τε
1491 2104 1585 2156 καὶ
1618 2103 1855 2175 θαύματι

269 2182 370 2236 τὸν
407 2181 471 2247 ἐξ
498 2184 718 2256 ἀγάπης
751 2186 1086 2257 κεράσαντες
1108 2189 1287 2260 λόγον,
1325 2192 1568 2259 ἀξιοῦσιν
1612 2195 1711 2267 ἢδη
1761 2213 1857 2266 μα-

268 2272 412 2341 θεῖν,
448 2276 573 2330 ὅτου
605 2277 667 2349 δὴ
712 2278 872 2350 χάριν
919 2282 948 2334 ὁ
987 2285 1108 2345 ταῖς
1141 2284 1269 2355 παρ’
1294 2284 1460 2337 αὑτοῦ
1503 2303 1856 2359 μεμαρτυρη-

271 2364 443 2435 μένος
479 2370 685 2450 φωναῖς
727 2370 919 2439 φθάνει
957 2372 1054 2443 μὲν
1087 2373 1248 2428 αὐτὸν
1277 2377 1335 2428 ἐν
1370 2376 1665 2443 εὐκλείαις,
1719 2396 1853 2452 προ-

266 2454 424 2525 πηδᾷ
450 2446 510 2508 δὲ
538 2457 602 2526 τῇ
637 2458 842 2528 χάριτι,
884 2460 979 2513 καὶ
1012 2463 1301 2534 σαγηνεύει
1336 2464 1613 2536 βαπτίζων
1648 2469 1709 2522 οὐ
1755 2446 1852 2540 μέ-

269 2562 370 2617 ρος
409 2546 509 2614 τῆς
567 2549 785 2620 ἀπάσης
837 2551 1076 2622 πληθύος
1120 2555 1440 2629 Ἰουδαϊκῆς,
1471 2559 1589 2613 ἀλλ’
1635 2560 1736 2632 ἤδη
1758 2562 1853 2615 καὶ

264 2639 508 2702 πάντας.
538 2640 850 2696 Ἐποιοῦντο
886 2644 964 2709 δὲ,
996 2647 1139 2702 κατά
1164 2648 1226 2702 τὸ
1250 2650 1415 2716 είκδς,
1441 2652 1541 2705 οὐκ
1567 2652 1717 2707 ἀθεεὶ
1751 2653 1848 2727 τὴν

264 2727 504 2798 ζήτησιν
530 2747 545 2762 ο
604 2732 847 2788 καλεῖται
899 2735 1007 2808 γάρ
1044 2736 1294 2794 ἐντεῦθεν
1344 2743 1373 2794 ὁ
1417 2743 1729 2814 Βαπτιστὴς
1771 2747 1851 2812 είς

262 2820 481 2892 άκριῦῆ
539 2823 632 2876 καὶ
675 2825 899 2896 μακράν
944 2827 1072 2898 περὶ
1121 2828 1216 2881 τοῦ
1269 2831 1519 2902 Σωτῆρος
1568 2834 1847 2907 ἐξήγησιν,

260 2912 370 2964 καὶ
406 2912 835 2989 διαφανεστάτην
876 2916 985 2970 τῶν
1038 2918 1427 2993 βαπτισμάτων
1461 2926 1704 2998 εἰσφέρει
1751 2928 1848 3001 τὴν

256 3001 559 3074 διαφοράν.

340 3096 430 3148 οὐ
474 3094 721 3149 δύναται
756 3098 1067 3168 ἄνθρωπος
1113 3103 1443 3173 λαμϐάνειν
1489 3106 1690 3174 οὐδὲν,
1737 3109 1846 3164 ἐὰν

250 3183 347 3254 μὴ
384 3180 429 3256 ᾖ
448 3185 774 3256 δεδομένον
802 3189 961 3257 αὐτῷ
982 3193 1050 3246 ἐκ
1067 3194 1172 3248 τοῦ
1203 3197 1483 3263 οὐρανοῦ.

330 3277 507 3331 Οὐδέν
535 3296 701 3349 φησιν
734 3282 793 3334 ἐν
817 3281 1125 3355 ἀνθρώποις
1162 3285 1386 3354 ἀγαθὸν,
1423 3287 1451 3341 ὃ
1498 3288 1573 3360 μὴ
1625 3288 1843 3356 πάντως

254 3363 407 3421 εἶναι
442 3370 540 3421 καὶ
565 3362 861 3427 θεόσδοτον.
909 3364 1005 3426 «Τί
1035 3374 1143 3445 γὰρ
1176 3374 1341 3446 ἔχεις,
1369 3377 1398 3431 ὃ
1424 3379 1525 3432 οὐκ
1549 3379 1776 3447 ἐλαὸες;
1817 3400 1836 3433 ι

252 3458 491 3513 ἀκούειν
521 3460 591 3513 ἂν
623 3462 825 3533 πρέποι
858 3466 925 3536 τῇ
957 3465 1154 3520 κτίσει.
1184 3468 1398 3539 Χρῆναι
1437 3469 1496 3525 δὲ
1537 3468 1689 3542 οἶμαι
1727 3474 1841 3538 τοῖς

251 3547 364 3612 μὲν
394 3548 827 3621 ἀπονεμηθεῖσιν
871 3552 1159 3624 ἀρκεῖσθαι
1205 3556 1444 3629 μέτροις,
1470 3559 1564 3613 καὶ
1601 3555 1722 3624 ταῖς
1748 3561 1840 3615 οὑ-

250 3636 493 3706 ρανόθεν
521 3638 905 3712 διωρισμέναις
929 3644 1225 3717 ἐφήδεσθαι
1255 3652 1460 3719 τιμαῖς,
1501 3652 1839 3707 ἐκτείνεσθαι

246 3728 309 3782 δὲ
355 3729 676 3802 περαιτέρω
715 3732 1008 3816 μηδαμῶς,
1042 3737 1175 3810 μηδὲ
1220 3738 1530 3811 ἀχαρίστως
1579 3745 1651 3814 τῇ
1703 3743 1839 3816 πρὸς

244 3820 311 3873 τὺ
328 3822 528 3892 μεῖζον
556 3823 643 3878 ἀεὶ
671 3812 1043 3899 κεχρημένους
1080 3831 1284 3899 ἐφέσει,
1311 3833 1411 3906 τὴν
1458 3812 1665 3890 ἀνωθεν
1716 3812 1839 3891 ἀντιε

248 3911 458 3981 μάζειν
496 3910 695 3984 ψῆφον,
729 3917 824 3970 καὶ
857 3917 1197 3986 δεσποτικοῖς
1219 3923 1599 3996 ἀπομάχεσθαι
1629 3927 1831 4000 κρίμαο

246 4019 366 4067 σιν,
403 4003 549 4059 αἰδοῖ
597 4006 692 4060 τοῦ
727 4009 802 4081 μὴ
854 4010 1029 4080 δοκεῖν
1073 4013 1167 4066 τοῦ
1201 4014 1537 4089 τελειοτέρου
1575 4018 1635 4072 τὸ
1681 4020 1832 4074 ἔλατο

241 4112 343 4148 τον
381 4096 759 4169 ἀποφέρεσθαι
790 4119 804 4133 ·
833 4099 1058 4169 ἁλλόἷς
1088 4123 1194 4176 περ
1227 4106 1294 4160 ἂν
1319 4107 1579 4182 ἐθελήσας
1604 4113 1831 4184 τιμήσῃ,

241 4185 432 4238 ταῦτα
456 4186 520 4258 δὴ
539 4188 633 4240 καὶ
669 4189 813 4259 μάλα
841 4192 1109 4247 ποιεῖσθαι
1134 4195 1260 4267 περὶ
1282 4196 1499 4252 πολλοῦ.
1522 4200 1612 4271 Μὴ
1636 4200 1835 4271 ἀσχαλι

241 4275 396 4329 ut...
444 4279 737 4349 τοιγαροῦν
781 4281 810 4334 ὁ
859 4283 1021 4355 ἐμὸς,
1068 4287 1222 4357 φησὶ,
1268 4289 1535 4368 μαθητὴς,
1577 4294 1625 4345 εί
1668 4293 1832 4365 μὴτὸ

1958 1836 2256 1897 eoarguere
2285 1846 2393 1887 non
2416 1841 2691 1916 poterant,
2714 1839 2808 1893 sed
2822 1839 2949 1908 jure
2974 1841 3268 1913 dubitant;
3297 1863 3534 1919 cumque

1957 1919 2212 1974 eximiam
2253 1921 2403 1976 illam
2442 1908 2616 1980 nostri
2658 1925 2958 1986 Salvatoris
3023 1908 3346 2004 dignitatem
3377 1908 3535 2009 ignea

1958 2017 2101 2075 rent,
2142 2010 2496 2069 vehementer
2520 2016 2800 2073 mirantur
2827 2022 3060 2078 minoris
3088 2023 3207 2080 ﬁeri
3241 2026 3527 2095 Joannem,

1956 2109 2009 2154 et
2036 2101 2246 2170 pudore
2284 2112 2450 2174 atque
2481 2106 2849 2167 admiratione
2877 2128 3186 2172 sermonem
3222 2134 3287 2174 ex
3345 2134 3532 2177 amore

1959 2190 2260 2257 profectum
2291 2203 2679 2267 temperantes,
2718 2203 3080 2261 sciscitantur
3102 2208 3320 2263 demum
3356 2218 3529 2281 quam

1957 2281 2027 2335 ob
2057 2296 2280 2338 causam
2309 2283 2564 2344 Christus
2592 2291 2643 2345 ei
2674 2292 2847 2363 gloria
2874 2297 3193 2363 antecellat,
3217 2301 3374 2371 cujus
3397 2316 3532 2359 voce

1957 2373 2327 2430 testimonium
2359 2381 2591 2448 accepit,
2617 2382 2776 2451 eique
2799 2388 2972 2456 gratia
3004 2398 3243 2457 praestet,
3270 2406 3368 2446 nec
3399 2409 3529 2463 par-

1956 2472 2059 2518 tem
2100 2466 2276 2521 solum
2315 2467 2557 2526 Judaicm
2594 2475 2983 2542 multitudinis,
3044 2481 3140 2536 sed
3193 2497 3391 2540 omnes
3432 2486 3529 2539 ba-

1952 2557 2210 2625 ptizando
2242 2560 2309 2613 ad
2335 2575 2395 2616 se
2422 2564 2728 2631 pertrahat.
2755 2565 2891 2622 Illud
2928 2584 3094 2638 porro
3121 2587 3231 2627 non
3260 2574 3380 2630 sine
3426 2591 3528 2630 nu-

1952 2649 2118 2713 mine,
2175 2657 2235 2703 ut
2285 2652 2537 2722 videtur,
2580 2658 2953 2727 quaesierunt:
3010 2675 3347 2732 provocatur
3378 2668 3524 2722 enim

1950 2735 2079 2791 hinc
2108 2738 2353 2809 Baptista
2383 2744 2448 2796 ad
2480 2754 2729 2800 exactam
2785 2756 2839 2803 et
2869 2749 3087 2820 longam
3142 2754 3208 2809 de
3240 2753 3527 2813 Salvatore

1949 2832 2322 2887 narrationem
2344 2833 2674 2905 faciendam,
2693 2848 2744 2894 et
2762 2842 3117 2903 manifestum
3139 2846 3522 2917 baptisntatum

1951 2919 2167 2975 illorum
2197 2922 2495 2979 discrimen
2523 2926 2702 2982 τίσει-ι.

2018 3096 2107 3162 ΙΙΙ,
2139 3099 2231 3156 ‘27.
2272 3100 2396 3157 Non
2421 3114 2591 3173 potest
2616 3105 2771 3160 homo
2796 3111 3031 3179 accipere
3067 3114 3376 3185 quidquam,
3415 3118 3526 3174 nisi

1945 3188 2105 3258 fuerit
2133 3192 2182 3245 ei
2214 3193 2399 3247 datum
2437 3194 2503 3249 de
2528 3197 2680 3252 (telo.

2013 3281 2158 3337 Nihil
2227 3286 2411 3357 inquit
2459 3286 2514 3342 in
2575 3288 2897 3348 hominibus
2946 3294 3148 3350 bonum
3186 3314 3330 3365 esse,
3373 3302 3526 3371 quod

1916 3375 2102 3444 .plane
2131 3390 2161 3429 a
2207 3374 2319 3433 Deo
2365 3378 2553 3434 datum
2602 3396 2714 3438 non
2754 3385 2848 3441 sit.
2892 3404 2912 3438 ι
2949 3386 3088 3454 Quid
3136 3392 3280 3445 enim
3329 3393 3520 3464 habes,
3578 3381 3589 3389 ’

1941 3466 2082 3533 quod
2111 3480 2220 3521 non
2267 3469 2531 3539 accepisti
2550 3471 2641 3527 ’τι
2669 3492 2688 3527 ι
2731 3483 3041 3533 creaturam
3092 3479 3285 3538 audire
3336 3484 3520 3542 decet.-

1937 3554 2196 3612 Arbitror
2230 3566 2412 3616 autem
2449 3576 2548 3617 sua
2577 3570 2729 3620 sorte
2771 3575 3062 3625 contentos
3100 3585 3226 3628 esse
3281 3574 3511 3643 debere,

1937 3655 1993 3702 et
2021 3647 2326 3708 honoribus
2359 3653 2579 3713 caelitus
2633 3658 2923 3715 concessis
2979 3663 3361 3732 acquiescere,
3413 3676 3521 3723 nec

1937 3740 2169 3797 ulterius
2222 3744 2521 3816 quidquam
2584 3745 2862 3815 adectare‘,
2912 3765 3014 3806 nec
3050 3752 3265 3824 ingrato
3317 3757 3515 3812 animo

1936 3829 2181 3886 divinum
2206 3838 2489 3904 aspermri
2516 3836 2822 3902 decretum,
2849 3839 3027 3908 majus
3051 3856 3272 3914 semper
3299 3846 3511 3916 aliquid

1935 3924 2249 3987 ambiendo,
2278 3934 2333 3981 et
2354 3926 2569 3982 Domini
2592 3931 3107 4000 pugnarejudiciis,
3160 3935 3305 4005 quod
3360 3953 3512 3993 asse-

1934 4014 2028 4084 qui
2057 4016 2258 4084 pudeat
2282 4017 2429 4087 quod
2469 4016 2711 4088 perfecto
2761 4022 2833 4077 sit
2879 4025 3083 4087 minus,
3119 4026 3213 4080 sed
3245 4042 3508 4097 qumcuu-

1933 4116 2042 4173 que
2070 4105 2339 4162 honorare
2361 4108 2620 4175 voluerit,
2657 4125 2719 4166 ea
2754 4117 2904 4167 certe
2926 4113 3108 4183 magni
3139 4112 3408 4170 facienda.
3434 4117 3511 4173 Ne

1933 4196 2149 4267 angitur
2176 4200 2363 4269 itaque
2391 4215 2563 4263 meus,
2597 4202 2796 4273 inquit,
2855 4204 3185 4273 discipulus,
3242 4207 3288 4261 si
3330 4224 3504 4264 meam

1932 4297 2136 4345 sortem
2191 4307 2300 4345 non
2343 4294 2569 4354 excedo.
2627 4298 2673 4351 si
2731 4296 2995 4366 majorem
3031 4313 3142 4352 non
3199 4298 3415 4369 ignoro,
3455 4313 3506 4357 et

241 4368 389 4438 ἐμὸν
408 4367 703 4439 ἐξάλλομαι
730 4370 947 4445 μέτρον,
978 4375 1027 4427 εί
1053 4376 1115 4429 τὸ
1155 4377 1339 4447 μεῖζον
1368 4381 1469 4433 οὐκ
1504 4380 1700 4448 ἀγνοῶ,
1739 4383 1830 4435 καὶ

1942 4382 2079 4437 intra
2108 4384 2337 4454 gloriam
2366 4386 2693 4443 humanitati
2719 4397 3114 4460 congruentem
3156 4404 3439 4450 coerceor.

242 4459 326 4520 εἰς
359 4456 523 4523 ὥξαν
549 4457 992 4535 άνθρωποπρεπῆ
1020 4466 1403 4539 συστέλλομαι.

304 4548 497 4604 Αὐτοὶ
514 4550 684 4619 ὑμεῖς
702 4569 805 4622 μοι
831 4556 1195 4624 μαρτυρεῖτε,
1224 4558 1314 4612 ὅτι
1336 4554 1526 4613 εἵπονι
1553 4560 1697 4631 Ἐγὼ
1716 4564 1828 4618 οὐκ

243 4637 365 4706 ειμι
391 4640 427 4692 ὁ
456 4640 736 4706 Χριστὸς,
767 4642 905 4696 ἀλλ’
950 4642 1037 4697 ὅτι
1068 4644 1524 4717 ἀπεσταλμένος
1558 4650 1673 4720 ειμι
1726 4651 1829 4722 ἐμ-

242 4730 525 4797 προσθεν
543 4730 802 4787 ἐκείνου.

314 4819 415 4883 Εἰς
437 4820 748 4892 ἀνάμνησιν
776 4823 899 4892 ἄγει
926 4825 1055 4889 τοὺς
1095 4827 1291 4884 ἑαυτοῦ
1317 4830 1565 4904 μαθητὰς
1609 4827 1686 4888 ὧν
1725 4834 1825 4911 ήδη

244 4916 517 4979 πολλάκις
537 4918 807 4989 ἀκηκόασι
834 4921 1031 4991 λόγων,
1048 4922 1183 4994 ὁμοῦ
1207 4925 1306 4995 μὲν
1324 4926 1564 4999 ἐλέγχων
1591 4929 1823 5000 εὐφυῶς,

244 5011 324 5074 ὡς
355 5014 423 5083 τῇ
449 5010 564 5067 τῶν
586 5011 875 5085 χρησίμων
902 5015 1042 5088 λήθῃ
1086 5018 1529 5089 κεκαρωμένους,
1568 5022 1661 5076 καὶ
1699 5022 1825 5093 περὶ

237 5104 349 5173 τὴν
378 5102 526 5155 οὕτω
553 5102 889 5175 σεμνοτάτην
931 5105 1280 5162 διδασκαλίαν
1328 5109 1822 5178 ἀπονυστάζοντας,

232 5194 474 5266 epos-ae
494 5195 800 5251 ἀναπείθων
824 5198 926 5270 τῆς
962 5198 1109 5263 θείας
1135 5201 1442 5272 μεμνῆσθαι
1465 5203 1706 5276 Γραφῆς,
1731 5206 1826 5259 ἆτε

228 5287 304 5356 δὴ
328 5289 399 5357 τῇ
430 5288 527 5340 ἐπὶ
545 5287 724 5361 τούτῳ
751 5290 1077 5364 φιλομαθείᾳ
1114 5292 1620 5365 συντεθραμμένους
1644 5312 1656 5325 ·
1704 5297 1825 5350 τίνα

231 5379 351 5450 μὲν
405 5380 626 5435 ἔσεσθαι
670 5383 934 5454 κηρύττει
988 5385 1223 5452 Χριστόν
1250 5399 1271 5417 ⁸
1317 5386 1437 5439 τίνα
1470 5386 1528 5441 δὲ
1564 5382 1631 5441 αὖ
1663 5388 1824 5444 πάλιν

196 5470 202 5474 ’
230 5474 333 5523 τὸν
366 5474 699 5545 προκήρυκα
743 5474 1060 5549 Βαπτιστὴν
1091 5495 1101 5509 ·
1130 5478 1270 5532 οὕτω
1309 5479 1416 5548 γὰρ
1457 5479 1679 5550 ἔμελλον
1723 5481 1823 5552 τὴν

348 5651 399 5684 τ’
430 5648 450 5701 l
491 5649 618 5705 Cor.
645 5666 717 5715 Iv,
749 5651 804 5706 7.

2005 4555 2096 4617 lll,
2124 4556 2217 4613 28.
2251 4557 2368 4628 Ipsi
2390 4577 2480 4616 vos
2503 4561 2630 4615 mihi
2656 4562 3009 4617 testimonium
3031 4561 3335 4632 perhibetis,
3367 4568 3508 4636 quod

1932 4647 2204 4703 dixerim:
2243 4648 2367 4705 Non
2399 4648 2514 4706 sum
2546 4670 2640 4724 ego
2678 4654 2923 4710 Christus
2954 4672 2968 4721 ;
3007 4653 3099 4708 sed
3144 4657 3272 4727 quia
3310 4659 3509 4733 missus

1933 4756 2050 4795 sum
2087 4750 2207 4796 ante
2238 4743 2415 4797 illum.

2007 4833 2300 4904 Discipulis
2350 4836 2466 4892 suis
2517 4836 2572 4891 in
2632 4839 2954 4894 memoriam
3008 4843 3224 4898 reducit
3280 4857 3343 4898 ea
3384 4858 3509 4912 quae

1933 4942 2075 4998 saepe
2107 4927 2218 4999 jam
2250 4927 2795 5001 audierant._partim
2826 4931 3044 5000 quidem
3078 4948 3173 4989 eos
3231 4934 3368 4989 scite
3415 4947 3500 4987 ar-

1931 5037 2126 5092 guens,
2159 5022 2318 5092 quasi
2354 5037 2539 5077 rerum
2567 5022 2781 5075 utilium
2820 5022 2983 5093 159
3012 5026 3286 5079 oblivione
3313 5038 3503 5095 grava-
3598 5073 3607 5079 .
3672 5015 3678 5021 ’

1932 5124 2038 5182 tos,
2098 5124 2152 5171 et
2200 5116 2265 5171 ad
2322 5122 2431 5170 tam
2486 5128 2706 5185 gravem
2747 5114 3055 5170 doctrinam
3111 5116 3503 5179 dormitantes,

1932 5207 2129 5277 partim
2159 5219 2287 5259 vero
2315 5204 2551 5259 suadens
2586 5203 2787 5257 divina:
2829 5201 3130 5273 Scriptum
3161 5203 3498 5266 meminisse,

1933 5296 2182 5351 homines
2218 5294 2274 5346 in
2303 5292 2423 5362 ejus
2464 5294 2649 5348 studio
2683 5293 2988 5363 praesertim
3026 5293 3307 5359 educatos,
3338 5309 3503 5365 quem

1870 5366 1891 5385 κ
1932 5388 2027 5443 illa
2064 5376 2325 5440 futurum
2366 5385 2647 5440 Christum
2707 5384 2997 5455 praedicet,
3048 5394 3104 5441 et
3157 5398 3319 5457 quem
3372 5386 3505 5441 item

1932 5478 2237 5548 prtecouc‘m
2278 5474 2601 5545 Baptistam.
2661 5475 2757 5532 Sic
2791 5474 3229 5562 enim,utroque
3282 5476 3498 5549 cognita

2708 5850 3161 6093 Γ
3308 5702 3673 6093 ff
