4040 6214
537 189 650 245 (Σϋὸ

1519 189 1863 247 8.(1Υιιιιιι
1901 193 2369 249 ALEXANDRINI
2396 194 2713 252 ARCHIEP.

3660 201 3764 256 266

531 306 778 379 graviter
804 306 968 365 laturi
991 323 1103 366 non
1127 317 1305 374 erant,
1328 308 1474 380 quod
1496 324 1592 364 eos
1613 311 1964 366 convenienti
1986 313 2081 367 sibi

2194 316 2281 384 ἐφ’
2309 314 2526 384 ἑκάστῳ
2553 313 2756 382 γνῶσιν
2789 314 3180 384 ἀναδεξάμενοι
3212 315 3559 386 χαλεπαίνειν
3609 315 3760 368 οὖδας

534 408 687 454 sorte
715 401 972 471 praeditos
998 400 1269 454 viderent.
1296 401 1436 455 Aliis
1459 415 1590 471 ergo
1615 402 1870 467 testibus,
1896 403 2095 474 inquit,

533 495 603 548 ad
639 493 692 548 id
719 493 1152 548 conﬁrmandum
1190 506 1329 562 opus
1363 491 1496 546 mihi
1533 507 1641 547 non
1669 495 1800 560 erit,
1836 510 1960 548 cum
1994 495 2098 548 mei

535 584 791 655 discipuli
823 585 1039 654 ipsimet
1073 583 1368 638 audierint.
1388 582 1618 638 Servum
1642 599 1727 639 me
1745 599 1872 639 esse
1889 583 2098 654 profes-

535 691 628 730 sus
662 690 804 739 sum,
835 675 1040 730 missus
1062 690 1183 730 sum
1212 683 1271 730 ut
1297 675 1830 746 praedicarem,tEgo
1849 691 1955 731 non
1976 691 2097 730 sum

534 766 807 821 Christus.
849 784 870 818 ι
904 764 1122 834 Vincat,
1159 777 1402 837 superet,
1429 767 1736 824 celebretur
1770 769 1862 822 ille
1895 767 2099 838 glorio-

534 858 650 912 sius
692 867 752 912 ut
785 858 1052 914 Dominus
1086 875 1149 914 ac
1183 859 1345 915 Deus.

603 945 690 1010 111,
719 946 807 1001 29.
847 947 951 1013 Qui
977 948 1131 1002 habet
1163 962 1432 1016 sponsam,
1480 963 1706 1016 sponsus
1748 955 1861 1002 est:
1895 948 2096 1002 amicus

531 1045 710 1090 autem
744 1038 945 1105 sponsi,
982 1037 1072 1106 qui
1103 1045 1230 1102 stat,
1262 1046 1310 1090 et
1347 1036 1499 1090 audit
1527 1053 1668 1103 eum,
1693 1037 1885 1106 gaudio
1905 1035 2098 1107 gaudet

529 1141 746 1198 propter
773 1145 945 1184 vocem
975 1129 1179 1196 sponsi.
1216 1127 1331 1182 Hoc
1355 1145 1478 1200 ergo
1515 1128 1768 1198 gaudium
1803 1144 1976 1181 meum
1999 1130 2100 1180 im-

528 1224 725 1290 pletum
764 1229 864 1276 est.

604 1312 816 1368 Rursus
851 1312 1013 1365 ducta
1043 1311 1446 1380 quodammodo
1473 1325 1503 1363 a
1533 1309 1695 1364 nobis
1744 1306 2098 1362 similitudine

531 1406 600 1460 ad
657 1406 1024 1476 cognitionem
1084 1404 1370 1458 subtilium
1420 1387 1947 1470 contemplatiouum
1995 1414 2097 1454 nos

529 1496 771 1552 deducit.
844 1494 1057 1564 Figura:
1117 1508 1353 1562 namque
1408 1507 1591 1547 rerum
1644 1490 2094 1545 intellectualium

529 1595 656 1643 sunt
681 1602 744 1641 ea
766 1601 888 1656 quae
917 1600 1082 1638 manu
1109 1584 1496 1654 palpantur,et
1521 1582 1889 1653 corporalium
1918 1595 2097 1635 exem-

2204 405 2342 478 μῶς,
2365 407 2421 458 ὲν
2439 409 2552 469 τοῖς
2574 406 2789 476 ἑκάστῳ
2813 406 3114 476 πρέπουσιν
3131 405 3366 478 ὁρῶντες
3393 406 3608 470 αύτούς.
3633 408 3765 476 Δεὴο

2200 512 2364 566 σομαι
2386 496 2676 567 τοιγαροῦν
2700 497 2798 566 οὐχ
2821 496 3043 566 ἑτέρων,
3079 498 3266 567 φησὶν,
3314 498 3393 561 εἰς
3433 496 3590 549 τοῦτο
3624 514 3763 567 μαρ-

2197 586 2397 656 τύρων,
2430 587 2729 656 αύτηκόους
2750 587 2888 657 ἔχων
2907 588 3032 651 τοὺς
3058 586 3298 658 ἐμαυτοῦ
3323 587 3597 657 μαθητάς·
3621 587 3768 657 ὡμο-

2197 676 2405 748 λόγηκα
2426 677 2525 748 τὴν
2544 678 2806 742 δουλείαν,
2823 678 3183 749 προκηρύξων
3209 679 3522 749 ἀπεστάλην
3538 695 3551 706 ·
3582 697 3599 730 ι
3624 678 3765 746 Ἐγὼ

2197 768 2296 821 οὐκ
2323 769 2440 839 εἰμὶ
2468 771 2496 821 6
2525 769 2784 840 Χριστός.
2820 789 2839 820 ι
2885 769 3127 831 Νικάτω,
3159 768 3449 839 κρατείτω,
3480 769 3764 838 καταλαμ-

2199 859 2485 930 πρυνέσθω
2518 860 2799 929 μειζόνως,
2831 861 2906 924 ὡς
2939 861 3212 931 Δεσπότης
3235 860 3330 913 καὶ
3353 860 3507 924 Θεος.

2281 952 2333 1004 '0
2371 952 2528 1020 ἔχων
2571 952 2686 1020 τὴν
2737 954 3011 1022 νύμφην,
3067 953 3325 1021 νυμφίος
3376 953 3586 1016 ἐστὶν,
3635 956 3668 1006 ὀ
3700 953 3765 1006 δὲ

2196 1043 2374 1110 φίλος
2432 1044 2538 1098 τοῦ
2601 1043 2860 1112 νυμφίου
2927 1046 2960 1097 ό
3008 1043 3313 1110 ἑστηκὼς,
3376 1044 3474 1096 καὶ
3530 1045 3767 1099 ἁκούων

2197 1134 2402 1199 αὐτοῦ,
2424 1133 2576 1202 χαρᾷ
2609 1135 2800 1203 χαίρει
2826 1134 2924 1188 διὰ
2953 1133 3065 1201 τὴν
3091 1136 3301 1202 φωνὴν
3320 1135 3424 1189 τοῦ
3459 1137 3738 1205 νυμφίου.

2195 1221 2357 1290 Αὕτη
2385 1213 2497 1276 οὖν
2527 1225 2566 1290 ἡ
2597 1228 2752 1293 χαρὰ
2786 1224 2817 1290 ἡ
2853 1223 2964 1293 ἐμὴ
2999 1222 3398 1292 πεπλήρωται.

2281 1312 2552 1380 Ἐγεγὸνει
2598 1314 2695 1384 μὲν
2742 1314 2901 1368 πάλιν
2932 1315 3007 1377 ὡς
3051 1315 3108 1381 ἐξ
3157 1315 3469 1385 ὁμοιώσεως
3512 1316 3609 1384 τῆς
3642 1317 3760 1371 καθ’

2198 1403 2395 1471 ἠμᾶςὸ
2429 1404 2603 1468 λόγος,
2661 1407 2783 1474 ἄγει
2820 1407 2876 1459 δὲ
2925 1407 3005 1470 εἰς
3058 1407 3351 1474 ἐπίγνωσιν
3394 1407 3760 1480 θεωρημάτων

2197 1491 2444 1547 λεπτῶν·
2496 1495 2656 1548 τύποι
2705 1497 2814 1567 γάρ
2856 1497 2963 1551 τῶν
3007 1498 3242 1568 νοητῶν,
3300 1498 3368 1551 τὰ
3400 1501 3581 1571 χειρὸς
3620 1503 3758 1572 ἁφὴν

2197 1585 2561 1657 ὑπομένοντα,
2607 1590 2700 1643 καὶ
2729 1589 3055 1660 σωματικῶν
3095 1591 3553 1661 παραδειγμάτων
3584 1593 3760 1662 παχύ-

528 1679 743 1746 piorum
778 1676 1046 1739 crassitie,
1071 1675 1486 1730 accuratissime
1515 1689 1659 1744 saepe
1685 1689 1774 1729 res
1808 1673 2081 1742 spiritales

2191 1693 2322 1748 της,
2358 1679 2758 1750 ἀκριϐεστάτην
2799 1681 3042 1750 εἰσφέρει
3087 1680 3345 1744 πολλάκις
3377 1683 3481 1733 τῶν
3523 1699 3760 1752 πνευμα-

527 1769 998 1823 demonstrantur.
1041 1764 1288 1834 Sponsus
1333 1764 1637 1834 estigitur,
1675 1762 1875 1832 inquit,
1914 1769 1969 1816 et
1999 1775 2092 1815 ce-

528 1858 797 1914 lebritatis
822 1856 1072 1913 Christus
1108 1863 1196 1912 est
1233 1859 1488 1926 princeps
1523 1871 1536 1908 :
1577 1869 1680 1924 ego
1711 1867 1840 1907 vero
1867 1859 2094 1906 vocator

526 1957 581 2005 et
619 1964 847 2018 auspex,
893 1949 984 2003 cui
1032 1963 1261 2004 summa:
1293 1949 1594 2018 voluptatis
1633 1956 1688 2002 et
1738 1944 1974 2000 illustris
2007 1942 2094 1997 di-

525 2041 750 2112 gnitatis
791 2043 912 2096 loco
964 2048 1048 2096 est
1103 2040 1159 2094 in
1207 2039 1511 2094 amicorum
1574 2036 1770 2092 ordine
1823 2035 2092 2089 duntaxat

522 2133 804 2198 collocari,
866 2141 920 2188 et
980 2147 1169 2188 vocem
1217 2130 1591 2186 convivatoris
1631 2128 1842 2182 audire.
1904 2125 2091 2180 Habeo

522 2227 709 2296 itaque
739 2225 955 2280 demum
990 2223 1135 2294 quod
1163 2223 1442 2294 optabam,
1496 2229 1551 2276 et
1599 2218 1746 2290 quod
1805 2219 1859 2272 in
1903 2218 2090 2272 animo

519 2328 638 2374 erat
669 2318 801 2372 mihi
845 2317 1148 2387 perfectum
1175 2323 1284 2370 est.
1317 2313 1621 2369 Prazdicavi
1659 2312 1807 2367 enim
1855 2325 1966 2364 non
1997 2323 2088 2364 so-

521 2412 630 2464 lum
663 2408 942 2463 Christum
974 2414 1288 2468 venturum,
1325 2404 1422 2460 sed
1456 2404 1638 2474 ipsum
1692 2416 1915 2472 quoque
1970 2400 2084 2470 jam

516 2510 706 2571 specto
743 2507 1086 2571 praesentem,
1109 2506 1164 2554 et
1191 2498 1313 2567 ejus
1339 2511 1529 2551 vocem
1563 2495 1792 2550 auribus
1817 2493 2082 2564 percipio.

517 2590 626 2647 Vos
647 2606 800 2657 vero,
843 2590 1242 2660 sapientissimi
1279 2588 1563 2658 discipuli,
1596 2601 1722 2641 cum
1771 2582 2085 2639 humanita-

516 2693 622 2738 tem
653 2681 878 2737 Christo
902 2679 1290 2751 desponsatam
1314 2679 1382 2734 ad
1412 2693 1536 2733 eum
1568 2674 1832 2732 accedere
1861 2673 2079 2738 videtis,

513 2785 569 2832 et
599 2782 857 2830 naturam
903 2775 1053 2828 illam
1096 2772 1380 2843 reiectam,
1427 2777 1588 2838 atque
1619 2768 1688 2822 ab
1739 2766 1860 2835 ejus
1895 2777 2079 2818 amore

513 2867 786 2922 divulsam
811 2865 880 2920 ad
902 2864 1203 2936 spiritalem
1227 2861 1674 2931 coniunctionem
1702 2871 1797 2926 per
1827 2865 2076 2911 sanctum

515 2957 785 3028 baptisma
833 2955 1016 3012 redire
1073 2953 1418 3024 conspicitis,
1460 2943 1529 3006 ne
1594 2948 1824 3004 moleste
1861 2944 2074 3008 feratis,

2195 1769 2362 1822 τικῶν
2390 1769 2487 1841 τὴν
2518 1771 2787 1836 ἀπόδειξιν
2812 1788 2827 1802 °
2862 1773 2979 1825 ἔστι
3001 1772 3202 1838 τοίνυν,
3226 1773 3378 1842 φησί,
3409 1774 3634 1842 νυμφίος
3665 1775 3759 1846 μὲν

2197 1861 2291 1914 καὶ
2339 1863 2790 1935 πανηγυριάρχης
2838 1865 2867 1916 6
2915 1864 3185 1934 Χριστὸς,
3245 1863 3652 1934 δειπνοκλήτωρ
3704 1865 3758 1918 δὲ

2197 1949 2310 2019 ἐγὼ
2355 1953 2450 2006 καὶ
2502 1955 2898 2024 νυμφαγωγὸς,
2942 1952 3210 2030 θυμηδίαν
3251 1955 3388 2026 ἔχων
3434 1955 3754 2026 ἀκροτάτην,

2191 2039 2285 2093 καὶ
2333 2041 2548 2112 ἀξίωμα
2598 2045 2920 2115 περιφανὲς,
2959 2044 3020 2097 τὸ
3059 2050 3120 2098 ὲν
3155 2044 3329 2114 φίλοις
3362 2043 3757 2113 κατατετάχθαι

2193 2131 2375 2201 μόνον,
2423 2132 2643 2202 καὶτῆς
2685 2132 2778 2186 τοῦ
2817 2134 3103 2198 ἑστιῶντος
3140 2134 3514 2206 ἐπακροᾶσθαι
3555 2136 3756 2205 φωνῆς.

2193 2223 2342 2294 Ἔχω
2389 2222 2490 2292 μὲν
2545 2219 2636 2277 οὖν
2690 2225 2789 2296 ἤδη
2829 2225 2889 2278 τὸ
2966 2225 3296 2296 ποθούμενον
3338 2223 3479 2294 ἐγὼ,
3533 2226 3625 2277 καὶ
3664 2241 3757 2277 πεο

2188 2312 2474 2384 πληρωταί
2518 2332 2607 2386 μοι
2645 2314 2706 2368 τὸ
2735 2315 3056 2386 σπούδασμα
3085 2335 3100 2347 υ
3150 2316 3392 2387 ὲκήρυξα
3420 2314 3528 2387 γὰρ
3557 2316 3617 2368 ού
3661 2315 3756 2385 μό-

2193 2420 2305 2470 νον,
2345 2403 2424 2469 ὡς
2449 2404 2567 2476 ἥξει
2607 2405 2841 2476 Χριστὸς
2878 2404 2992 2458 ἀλλ’
3021 2403 3120 2477 ἤδη
3167 2408 3260 2459 καὶ
3291 2407 3534 2476 παρόντα
3565 2405 3755 2458 τεθέα-

2189 2511 2330 2564 μαι,
2383 2496 2479 2550 καὶ
2524 2497 2695 2568 αὐτὴν
2737 2499 2794 2550 ἐν
2833 2496 2968 2549 ὠσὶν
3019 2499 3380 2569 εἰσοικίζομαι
3422 2499 3518 2569 τὴν
3551 2500 3749 2569 φωνήν.

2197 2585 2385 2658 Ὑμεῖς
2413 2588 2492 2653 δὲ,
2524 2582 2569 2640 ὦ
2603 2587 2904 2658 σοφώτατοι
2934 2589 3190 2660 μαθηταὶ,
3221 2590 3317 2662 τὴν
3342 2592 3753 2662 νυμφευομένην

2183 2677 2576 2749 ἀνθρωπότητα
2603 2677 2679 2749 τῷ
2704 2679 2921 2750 Χριστῷ
2946 2680 3079 2751 πρὸς
3102 2678 3261 2733 αὐτὸν
3289 2679 3472 2734 ἰοῦσαν
3496 2680 3749 2751 ὁρῶντες,

2182 2769 2277 2821 καὶ
2319 2771 2399 2832 εἰς
2441 2769 2542 2839 τὴν
2589 2772 2966 2843 πνευματικὴν
3009 2771 3401 2824 ἀναϐαίνουσαν
3446 2772 3750 2842 οἰκειότητα

2179 2858 2269 2912 διά
2299 2859 2390 2912 τοῦ
2418 2860 2572 2929 άγίου
2603 2860 2977 2931 βαπτίσματος
3011 2863 3110 2932 τὴν
3144 2862 3623 2933 ἀποκεκομμένην,
3654 2864 3750 2916 καὶ

2178 2948 2622 3021 δραπετεύσασαν
2655 2955 2752 3025 τῆς
2781 2955 2860 3015 εἰς
2899 2955 3060 3008 αὑτὸν
3095 2953 3314 3024 ἀγάπης
3346 2955 3749 3025 καταθεώμενοι

507 3015 710 3119 inquit,
742 3047 890 3119 quod
909 3063 1017 3103 non
1047 3047 1114 3101 ad
1145 3015 1251 3110 me,
1279 3044 1372 3102 sed
1391 3015 1458 3098 ad
1488 3042 1788 3113 spiritalem
1812 3053 2074 3111 sponsum

2184 3015 2343 3109 φύσιν
2363 3078 2380 3105 ,
2416 3040 2492 3112 μὴ
2533 3015 2831 3112 άσχάλλετε
2857 3084 2873 3110 ,
2916 3044 3079 3114 φησὶν
3104 3083 3118 3107 ,
3144 3015 3233 3096 ’ὃτι
3271 3015 3345 3113 μὴ
3379 3043 3580 3113 μᾶλλον
3601 3015 3748 3114 έμοὶ,

509 3141 772 3196 accurrit.
811 3138 924 3194 Hoc
959 3138 1103 3194 enim
1130 3137 1342 3207 aequius
1377 3143 1499 3190 erat
1535 3142 1697 3206 aulue
1745 3131 2076 3187 convenien-

501 3229 639 3285 tius.
674 3227 810 3284 Nam
835 3228 928 3299 qui
955 3242 1212 3298 sponsam
1271 3226 1456 3290 habet,
1491 3225 1729 3295 sponsus
1777 3229 1906 3278 est:
1968 3219 2076 3275 hoc

505 3330 612 3383 est,
643 3320 815 3376 nolite
844 3319 898 3372 in
946 3334 1034 3374 me
1067 3316 1256 3387 sponsi
1308 3330 1571 3371 coronam
1625 3327 1911 3385 quaerere:
1963 3326 2073 3366 non

506 3410 640 3465 mihi
669 3410 836 3463 saltat
866 3408 1181 3475 Psalmista,
1207 3407 1399 3464 dicens
1425 3426 1438 3463 :
1470 3406 1670 3470 «Audi,
1701 3406 1905 3470 tilia,et
1924 3404 2070 3468 vide,

504 3505 562 3554 et
590 3498 796 3552 inclina
855 3512 1044 3552 aurem
1096 3505 1269 3559 tuam,
1319 3504 1376 3551 et
1423 3495 1752 3550 obliviscere
1807 3494 2070 3564 populum

506 3600 683 3655 tuum,
712 3600 766 3646 et
815 3589 1038 3645 domum
1078 3589 1253 3660 patris
1282 3589 1382 3654 tui,
1435 3589 1565 3658 quia
1617 3585 1936 3655 concupivit
1972 3599 2070 3639 rex

502 3679 755 3733 decorem
794 3687 944 3731 tuum
963 3677 1007 3708 '°
1034 3695 1049 3744 ;
1078 3695 1098 3729 ι
1126 3691 1305 3747 neque
1333 3691 1513 3731 meum
1540 3676 1841 3730 thalamum
1865 3687 2066 3744 sponsa

501 3770 720 3838 quaerit,
763 3785 890 3823 cum
918 3769 1028 3825 ait:
1079 3787 1097 3820 ι
1151 3767 1427 3824 Renuntia
1482 3769 1618 3822 mihi
1674 3783 1839 3837 quem
1893 3765 2070 3837 diligit

505 3860 664 3930 160
697 3860 878 3914 anima
921 3875 1062 3925 mea,
1102 3860 1193 3915 ubi
1226 3875 1442 3929 pascas,
1475 3861 1570 3915 ubi
1607 3859 1777 3915 cubes
1802 3861 1858 3914 in
1899 3859 2067 3914 meri-

501 3951 673 4007 die".
731 3971 750 4004 ι
802 3953 974 4008 Habet
1013 3952 1103 4007 illa
1144 3955 1423 4008 caelestem
1465 3967 1768 4022 sponsum:
1801 3966 1902 4022 ego
1935 3964 2066 4006 vero

498 4044 841 4112 oblectabor,
897 4061 1021 4100 cum
1069 4045 1215 4100 servi
1283 4044 1656 4099 conditionem
1700 4043 2060 4107 excesserim,

497 4136 720 4191 nomine
755 4144 808 4191 et
841 4151 900 4191 re
939 4136 1214 4191 amicitiae.
1243 4135 1444 4189 Rerum
1482 4150 1612 4205 ergo
1652 4135 2062 4205 propositarum

497 4228 822 4281 sententiam
853 4236 1003 4283 recte
1040 4227 1310 4298 imprimis
1336 4226 1682 4296 explanatam
1740 4240 1864 4281 esse
1904 4234 2057 4297 puto.

2179 3126 2506 3204 προστρέχει
2526 3131 2581 3184 δὲ
2600 3131 2716 3184 λίαν
2743 3133 2984 3197 εὐπετῶς
3006 3132 3083 3203 τῷ
3109 3133 3248 3186 κατὰ
3271 3133 3487 3203 πνεῦμα
3511 3151 3570 3186 νυ
3579 3134 3746 3204 μφίῳο

2175 3219 2334 3274 τοῦτο
2358 3221 2466 3292 γὰρ
2495 3215 2564 3292 ἦν
2604 3221 2772 3285 ὅντως
2803 3220 3009 3274 δίκαιόν
3040 3236 3097 3273 τε
3135 3223 3229 3274 καὶ
3278 3222 3744 3292 πρεπωδέστερον.

2187 3309 2246 3362 '0
2268 3310 2375 3382 γὰρ
2408 3310 2544 3381 ἔχων
2572 3311 2671 3382 τὴν
2707 3310 2948 3382 νύμφην,
2984 3311 3218 3381 νυμφίος
3243 3311 3392 3362 ἐστί’
3427 3309 3570 3363 τοῦτ’
3609 3312 3745 3373 ἔστι,

2179 3399 2255 3471 μὴ
2282 3402 2339 3455 ὲν
2387 3401 2510 3470 ἐμοὶ
2539 3401 2750 3472 ζητεῖτε
2781 3403 2876 3456 τοῦ
2920 3403 3154 3472 νυμφίου
3203 3400 3292 3454 τὸν
3329 3402 3607 3471 στέφανον,
3645 3403 3746 3455 οὐκ

2175 3492 2299 3562 ἐμοὶ
2324 3492 2537 3563 χορεύει
2568 3493 2742 3562 λέγων
2764 3493 2792 3546 6
2820 3492 3091 3564 Μελῳδός·
3129 3494 3446 3554 «Ἀκουσον,
3483 3491 3742 3562 θύγατερ.

2173 3581 2268 3634 καὶ
2325 3582 2420 3645 ἴδε,
2465 3584 2560 3636 καὶ
2607 3583 2784 3638 κλῖνον
2816 3583 2876 3637 τὸ
2919 3579 3011 3648 οὖς
3059 3600 3188 3650 σου,
3233 3583 3330 3636 καὶ
3358 3581 3610 3636 ἐπιλάθου
3647 3582 3743 3635 τοῦ

2172 3672 2301 3726 λαοῦ
2326 3690 2441 3733 σου,
2473 3675 2566 3728 καὶ
2594 3675 2687 3728 τοῦ
2746 3675 2896 3729 οἴκου
2924 3674 3016 3729 τοῦ
3049 3676 3254 3746 πατρός
3287 3693 3407 3738 σου,
3437 3676 3517 3727 ὅτι
3546 3673 3742 3727 ἐπεθύ-

2175 3780 2344 3833 μησεν
2376 3765 2403 3816 6
2431 3764 2683 3834 βασιλεὺς
2715 3767 2809 3819 τοῦ
2853 3767 3079 3830 κάλλους
3130 3783 3248 3819 σου·
3273 3785 3292 3818 ›
3330 3766 3448 3820 οὐδὲ
3483 3767 3573 3820 τὸν
3611 3767 3742 3836 ἐμὸν

2169 3850 2406 3923 ζητοῦσα
2436 3854 2726 3926 θάλαμονή
2756 3855 2940 3928 νύμφη
2972 3856 3165 3926 φησίνο
3204 3876 3222 3907 ι
3247 3855 3604 3924 Ἀπάγγειλόν
3627 3873 3737 3926 μοι,

2169 3943 2228 3999 ὃν
2259 3945 2543 4017 ἠγάπησεν
2572 3949 2606 4019 ἡ
2634 3949 2778 4019 ψυχή
2815 3965 2915 4020 μου
2936 3989 2952 4013 ,
2985 3948 3087 4001 ποῦ
3124 3949 3432 4016 κοιτάζεις,
3480 3949 3585 4002 ποῦ
3618 3966 3740 4001 ποια

2170 4033 2380 4104 μαίνεις
2408 4037 2466 4089 ὲν
2499 4037 2836 4109 μεσημϐρίᾳ.
2874 4056 2892 4090 ι
2931 4039 3086 4108 Ἔχει
3123 4038 3214 4092 τὸν
3241 4039 3298 4105 ἐξ
3338 4037 3568 4108 ούρανοῦ
3603 4055 3739 4108 νυμ-

2167 4127 2323 4196 φίον·
2366 4127 2477 4198 ὲγὼ
2504 4130 2562 4183 δὲ
2601 4131 2908 4201 ἡσθήσομαι
2944 4133 3036 4184 καὶ
3064 4130 3163 4202 τὴν
3204 4129 3374 4200 δούλῳ
3419 4129 3738 4201 πρέπουσαν

2164 4219 2521 4292 ἀναπηδήσας
2552 4220 2738 4292 τιμὴν,
2773 4223 2830 4274 ὲν
2860 4221 2937 4292 τῷ
2960 4221 3061 4292 τῆς
3093 4222 3272 4291 φιλίας
3305 4221 3526 4292 ὀνόματί
3552 4239 3612 4274 τε
3640 4224 3734 4275 καὶ

494 4315 630 4370 Cum
668 4333 800 4372 vero
831 4319 899 4390 de
929 4319 1271 4389 spiritalibus
1311 4320 1519 4390 nuptiis
1560 4319 1777 4374 abunde
1803 4319 1918 4391 jam
1945 4319 2061 4375 dis-

2184 4313 2470 4385 τράγματι.
2511 4313 2622 4384 Τὴν
2664 4312 2762 4384 μὲν
2797 4308 2889 4366 οὖν
2922 4312 3031 4366 τῶν
3078 4314 3454 4385 προκειμένων
3494 4312 3730 4365 διάνοιαν

493 4407 790 4473 seruerim,
826 4409 972 4464 ultra
1003 4410 1071 4465 de
1111 4411 1247 4482 ipsis
1268 4413 1516 4468 scribere
1548 4412 1837 4468 molestum
1901 4420 2056 4483 puto.

562 4666 648 4732 111,
687 4667 778 4723 '50.
805 4667 975 4724 Illum
1017 4680 1218 4741 oportet
1248 4690 1497 4738 crescere,
1524 4693 1606 4730 me
1641 4686 1816 4731 autem
1841 4680 2055 4749 minui}

559 4755 872 4829 Discipulos
896 4763 1269 4832 reprehendit,
1311 4767 1462 4836 quasi
1499 4768 1684 4836 parvis
1729 4770 1894 4826 rebus
1933 4780 2052 4826 tur-

487 4847 703 4914 bentur,
735 4860 790 4907 et
825 4854 1028 4922 quibus
1068 4855 1294 4912 minime
1325 4871 1424 4926 par
1473 4866 1577 4921 est,
1613 4869 1937 4929 pramature
1966 4863 2051 4917 of-

2162 4399 2317 4477 οἰμαι
2336 4404 2400 4476 δὴ
2428 4406 2522 4458 καὶ
2550 4405 2694 4475 μάλα
2714 4404 3163 4476 διερμηνεύεσθαι
3184 4403 3392 4467 καλῶς·
3420 4401 3731 4473 ἀρκούντως

2159 4497 2217 4551 δὲ
2249 4497 2350 4569 ἤδη
2381 4499 2508 4568 περὶ
2537 4498 2630 4551 τοῦ
2665 4499 3036 4567 πνευματικοῦ
3068 4495 3357 4568 διειληφὼς
3401 4495 3610 4565 γάμου,
3665 4493 3731 4546 τὺ

2159 4589 2391 4660 γράφειν
2421 4589 2502 4641 ἔτι
2527 4589 2654 4660 περὶ
2687 4587 2850 4642 αὑτοῦ
2889 4588 3142 4660 φορτικὸν
3180 4587 3445 4658 ἠγοῦμαι.

2240 4678 2508 4733 Ἐκεῖνον
2529 4680 2626 4732 δεῖ
2649 4679 2956 4746 αὐξάνειν,
2986 4680 3090 4749 ἐμὲ
3110 4679 3177 4733 δὲ
3199 4679 3616 4734 ἐλαττοῦσθαι.

2245 4769 2331 4832 Ὡς
2363 4770 2455 4822 ἐπὶ
2485 4775 2700 4842 μικροῖς
2728 4774 2829 4844 ἤδη
2865 4772 3295 4846 θορυϐουμένους
3340 4770 3550 4840 ἐλέγχει
3597 4769 3728 4833 τοῦς

2161 4859 2447 4931 μαθητάς,
2498 4863 2592 4916 καὶ
2629 4864 2879 4934 πρόωρον
2930 4864 3027 4935 μὲν
3081 4864 3165 4932 ἐφ’
3209 4858 3289 4926 οἷς
3332 4864 3528 4934 ἥκιστα
3585 4861 3730 4932 χρῆν

486 4937 800 5005 tendantur,
846 4944 938 5010 qui
991 4943 1224 4998 necdum
1259 4953 1516 5000 accurate
1573 4947 1771 5012 sciant,
1825 4949 1952 5018 quis
1995 4958 2050 5006 et

2184 4951 2554 5021 νπομείναντας
2592 4953 2910 5019 σκάνδαλον,
2951 4955 3102 5009 οῦπω
3129 4954 3184 5008 δὲ
3218 4955 3424 5017 εἰδότας
3457 4953 3724 5025 ἀκριϐῶς,

482 5027 756 5084 undenam
785 5031 858 5086 sit
882 5031 1222 5089 Emmanuel.
1248 5034 1364 5090 Non
1387 5038 1532 5090 cnim
1557 5047 1784 5094 eatenus
1809 5047 2042 5106 tantum,

2189 5043 2234 5106 ἰς
2270 5060 2326 5096 τε
2355 5044 2450 5097 καὶ
2479 5045 2642 5100 πόθεν
2672 5047 2820 5101 ἐστὶν
2848 5049 2876 5100 6
2916 5047 3285 5118 Ἐμμανουήλ.
3312 5045 3386 5099 Ού
3415 5047 3523 5118 γὰρ
3556 5044 3728 5115 μέχρι

482 5117 676 5202 inquit,
709 5120 1058 5176 admirationi
1089 5123 1214 5189 erit,
1245 5140 1349 5179 nec
1383 5126 1642 5194 quoniam
1671 5129 1855 5198 plures
1881 5130 1949 5184 ab
1980 5146 2045 5186 eo

2184 5134 2374 5199 ούτων,
2408 5138 2560 5208 φησὶ,
2595 5137 2666 5191 τὰ
2693 5138 2777 5191 ἐπ’
2805 5138 2953 5208 αύτῷ
2991 5117 3455 5209 θαυμασθήσεται,
3487 5117 3604 5187 οὐδὲ
3639 5134 3726 5186 ὅτι

481 5207 851 5280 haptizantur,
886 5228 1007 5269 eam
1030 5216 1102 5270 ob
1131 5231 1243 5272 rem
1269 5218 1536 5273 duntaxat
1568 5221 1833 5275 honorem
1860 5237 2040 5278 meum

2184 5221 2365 5286 πλείους
2390 5224 2736 5295 βαπτίζονται
2775 5227 2903 5299 παρ’
2926 5207 3126 5280 αὐτῶν
3181 5225 3294 5298 [γρ.
3333 5223 3496 5278 αὐτοῦ
3519 5223 3538 5296 ]
3562 5265 3578 5289 ,
3631 5222 3726 5277 διά

476 5301 720 5368 excedet,
754 5303 851 5358 sed
891 5305 947 5360 in
998 5314 1212 5361 tantum
1269 5309 1457 5377 gloria:
1499 5310 1718 5364 modum
1753 5312 2036 5381 evehetur,

2184 5313 2303 5368 οῦτο
2349 5317 2442 5370 καὶ
2482 5318 2640 5388 μόνον
2669 5318 2769 5396 τῂν
2807 5319 2944 5390 ἐμὴν
2995 5317 3350 5390 ὑπεραλείται
3380 5314 3568 5386 τιμὴν,
3601 5311 3720 5364 ἀλλ’

474 5399 714 5456 quantus
745 5390 916 5448 Deum
961 5395 1135 5452 decet.
1166 5395 1392 5468 Oportet
1432 5400 1577 5454 enim
1618 5400 1799 5471 ipsum
1848 5403 2035 5473 gloriae

2184 5407 2227 5468 ἒς
2274 5406 2470 5477 μέτρον
2517 5390 2850 5482 ἀναϐήσεται
2909 5409 3066 5481 δόξης
3132 5409 3418 5472 τοσοῦτον,
3473 5406 3594 5458 ὅσον
3653 5401 3720 5456 ἂν

541 5564 594 5596 ⁸⁸
621 5563 767 5626 Psal.
795 5582 940 5632 χειν,
973 5570 1057 5636 ll,
1088 5571 1175 5624 12.
1251 5573 1296 5604 ²⁹
1322 5571 1488 5628 Cant.
1523 5589 1560 5642 ι,
1589 5575 1643 5632 6.
