4040 6214
274 285 393 343 265

1374 276 1443 336 ΙΝ
1464 276 1752 338 JOANNIS
1788 275 2235 337 EVANGELlUM
2281 276 2412 335 LIB.
2447 276 2509 333 il.

3451 282 3557 336 2266

278 398 489 470 πρέποι
508 394 633 465 Θεῷ
651 408 665 426 ⁸
695 394 778 448 δεῖ
801 393 910 466 γὰρ
933 395 1097 448 αὐτὸν
1130 394 1230 465 μὲν
1248 395 1331 459 εἰς
1353 395 1583 467 αὔξησιν
1616 397 1867 460 εὐκλείας

1977 394 2376 449 incrementum
2414 407 2635 463 capere,
2668 402 2718 450 et
2777 382 3113 465 quotidianis
3163 380 3556 449 miraculormn

281 492 448 556 ἰέναι,
482 487 575 541 καὶ
608 488 730 549 ταῖς
776 485 900 539 καθ’
926 485 1143 558 ἡμέραν
1175 486 1285 540 τῶν
1335 488 1579 558 σημείων
1625 487 1868 560 προσθή-

278 600 412 646 καις
439 580 527 633 ἀεὶ
548 578 685 650 πρὸς
712 578 776 631 τὸ
804 576 988 648 μέίζον
1029 579 1334 650 ἁναπηδᾷν,
1363 580 1458 632 καὶ
1486 579 1869 651 λαμπρότερον

277 672 681 741 ἀναφαίνεσθαι
727 669 808 741 τῷ
845 670 1037 741 κόσμῳ
1063 687 1077 700 σ
1130 673 1231 742 ἐμὲ
1257 671 1313 724 δὲ
1340 670 1695 725 ἐλαττοῦσθαι
1718 711 1733 735 ,
1773 672 1869 742 μέ-

274 781 446 818 νοντα
481 763 580 834 μὲν
607 764 668 816 ὲν
711 756 793 825 οἷς
834 762 1096 834 ὑπάρχων
1137 762 1351 834 ὁρῶμαι
1375 803 1390 828 ,
1440 764 1533 816 καὶ
1580 763 1689 817 τῶν
1724 764 1872 829 ἅπαξ

277 855 545 909 δοθέντων
572 853 672 923 οὐχ
703 850 1032 922 ύφιζάνοντα
1059 854 1294 924 μέτρων,
1327 852 1421 907 τοῦ
1449 853 1506 907 δὲ
1544 855 1682 926 πρὸς
1700 854 1870 927 αῦξην

281 946 670 1009 ἀνασαίνοντος
703 944 862 1015 δόξης
907 945 1024 1010 ἀεὶ,
1073 945 1329 999 τοσοῦτον
1363 944 1677 1018 ἡττώμενον
1697 987 1711 1012 ,
1746 947 1870 1000 ὅσον

278 1037 352 1090 ἂν
382 1037 555 1108 τρέχῃ
581 1035 679 1090 καὶ
709 1037 963 1107 φέρηται.
991 1037 1102 1090 Καὶ
1129 1034 1302 1091 ταῦτα
1336 1037 1436 1108 μὲν
1472 1039 1608 1109 ἡμῖν
1636 1039 1665 1092 ὁ
1697 1038 1871 1109 μακά-

282 1144 401 1196 ριος
433 1126 786 1197 διερμηνεύει
824 1126 1161 1197 Βαπτιστήςο
1207 1125 1326 1196 ἥξει
1367 1125 1423 1179 δὲ
1463 1125 1748 1197 χρησίμως
1783 1125 1872 1182 διὰ

235 1256 245 1273 .
278 1218 747 1290 παραδειγμάτων
770 1217 800 1270 ό
825 1217 1005 1286 λόγος,
1028 1218 1433 1290 ἐναργεστέραν
1462 1220 1734 1291 παριστὰς
1760 1219 1870 1273 τῶν

277 1309 592 1381 εἰρημένων
646 1308 747 1379 τὴν
802 1308 1054 1379 δύναμινο
1126 1309 1338 1380 Δίπηχυ
1404 1310 1566 1381 τυχὸν
1624 1311 1716 1364 ἐπὶ
1768 1313 1871 1382 γῆς

274 1401 498 1455 ἑστάτω
530 1398 707 1466 ξύλον.
743 1398 1085 1472 Περικείσθω
1123 1399 1179 1453 δὲ
1226 1401 1320 1454 καὶ
1365 1402 1564 1469 φυτὸν,
1596 1402 1720 1475 ἄρτι
1771 1401 1869 1473 μὲν

274 1493 388 1562 γῆς
408 1491 778 1563 ὑπερκύπτον,
803 1492 1046 1563 χλωροὺς
1067 1492 1127 1546 δὲ
1146 1494 1424 1547 ἀνατεῖνον
1445 1495 1570 1560 τοὺς
1593 1495 1866 1567 ὄρπηκας,

274 1589 381 1643 καὶ
412 1589 512 1659 τῆς
543 1587 650 1642 ἀπὸ
678 1586 834 1660 ῥίζης
865 1587 947 1641 ἔτι
971 1587 1122 1659 ὥρας
1153 1588 1240 1641 ἀεὶ
1272 1587 1410 1659 πρὸς
1439 1586 1574 1658 ὕψος
1598 1588 1660 1642 τὸ
1685 1588 1869 1659 μεῖζον

274 1679 690 1750 ἀνωθούμενονο
715 1674 804 1749 ἄρ’
825 1674 921 1732 οὖν
945 1680 999 1733 εί
1014 1696 1100 1743 τις
1120 1678 1369 1751 περιθείη
1396 1678 1474 1750 τῷ
1494 1679 1635 1752 ξύλῳ
1661 1680 1868 1751 φωνὴν,

274 1770 402 1827 εἶτα
438 1772 596 1826 τοῦτο
624 1771 777 1841 λέγοι
829 1771 958 1844 περί
986 1789 1045 1825 τε
1074 1770 1270 1825 ἑαυτοῦ
1302 1772 1398 1825 καὶ
1424 1772 1594 1840 φυτοῦ
1621 1774 1716 1826 τοῦ
1752 1774 1868 1845 γεί-

271 1882 457 1931 τονος,
490 1884 510 1916 ι
547 1864 721 1918 Τοῦτο
768 1865 851 1917 δεῖ
886 1863 1139 1928 αὐξάνειν
1166 1904 1180 1929 ,
1218 1864 1321 1935 ἐμὲ
1351 1862 1406 1916 δὲ
1440 1864 1816 1931 ἐλαττοῦσθαι,
1848 1886 1865 1918 ι

270 1961 384 2013 οὐκ
413 1958 482 2013 ἂν
528 1958 755 2023 εἰκότως
794 1960 966 2010 νοοῖτο
1000 1956 1197 2028 βλάϐος
1244 1959 1344 2029 μέν
1387 1976 1439 2012 τι
1483 1959 1541 2011 ὲν
1588 1960 1702 2023 τοῖς
1748 1959 1870 2014 καθ’

275 2048 445 2102 ἑαυτὸ
476 2047 763 2117 σημαίνειν
807 2047 984 2111 οὐδὲν,
1026 2047 1141 2101 ἀλλ’
1184 2049 1307 2102 οὐδὲ
1357 2051 1437 2113 εἰς
1469 2049 1768 2104 κολόὸωσιν
1810 2050 1871 2104 τὸ

273 2137 434 2209 αὐτῷ
489 2138 692 2209 προσὸν
741 2138 1058 2208 οἰχήσεσθαι
1111 2139 1346 2209 μέτρον,
1399 2140 1752 2195 ἐλαττοῦσθαι
1813 2141 1870 2195 δὲ

276 2233 427 2288 κατὰ
458 2232 617 2286 τοῦτο
661 2231 822 2303 μόνον
847 2231 1276 2303 διισχυρίζεσθαι
1302 2231 1364 2285 τὸ
1387 2228 1550 2296 εἶδος,
1574 2230 1698 2285 καθ’
1725 2232 1753 2285 ὂ
1774 2232 1869 2286 τοῦ

274 2326 421 2396 πρὸς
454 2323 683 2394 αὔξησιν
718 2324 884 2387 ἰόντος
932 2324 1019 2376 ἀεὶ
1061 2324 1121 2376 τὸ
1158 2326 1307 2394 μεῖον
1342 2322 1462 2393 ἔχον
1515 2323 1869 2395 εύρίσκεται;

274 2416 567 2483 Συγγενὲς
601 2415 658 2469 δὲ
690 2413 863 2484 τούτῳ
890 2414 1037 2489 λήψῃ
1066 2414 1228 2470 πάλιν
1256 2417 1642 2489 παράδειγμα,
1674 2416 1769 2470 καὶ
1811 2416 1873 2469 τὸ

273 2507 391 2559 τῶν
415 2506 663 2577 ἀστέρων
705 2507 1129 2578 ἐπισημότατον,
1161 2507 1292 2578 περὶ
1319 2507 1413 2561 τοῦ
1447 2507 1603 2578 ἡλίου
1643 2506 1873 2577 λέγοντα

279 2597 439 2666 βοᾷν·
479 2615 496 2646 ι
555 2596 793 2650 Ἐκεῖνον
817 2596 899 2649 δεῖ
931 2595 1202 2661 αὐξάνειν,
1232 2596 1331 2667 ἐμὲ
1362 2595 1419 2649 δὲ
1442 2596 1818 2651 ἐλαττοῦσθαι.
1852 2615 1871 2647 ι

283 2690 438 2753 Ἕως
465 2689 563 2759 μὲν
580 2689 688 2759 γὰρ
702 2690 768 2759 τῇ
781 2690 879 2760 τῆς
902 2689 1095 2751 νυκτὸς
1114 2687 1274 2760 ἀχλύῖ
1292 2687 1352 2742 τὸ
1377 2687 1616 2760 αἰθέριον
1634 2705 1876 2761 καταμε-

272 2780 524 2834 λαίνεται
553 2781 735 2851 βάθος,
765 2781 976 2852 χρυσῆν
996 2782 1460 2853 ἀπαστράπτοντα
1482 2781 1574 2835 τὸν
1598 2780 1874 2854 ἑωσφόρον

274 2874 486 2944 αὐγὴν,
516 2872 610 2926 καὶ
648 2872 926 2943 ὁλοκλήρῳ
955 2872 1326 2943 διαπρέποντα
1353 2870 1499 2945 δόξῃ,
1530 2872 1865 2944 θαυμάσειεν

275 2964 350 3019 ἄν
385 2982 475 3029 τις
503 2964 721 3029 εἰκότως
739 2981 752 2997 ’
790 2963 941 3036 ὴλίου
964 2963 1020 3017 δὲ
1053 2964 1296 3035 ἀνίσχειν
1321 2964 1716 3036 ἀπειλήσαντος
1741 2964 1867 3037 ἤδη,

276 3058 381 3111 καὶ
410 3056 616 3129 μετρίῳ
635 3057 724 3111 τὸν
749 3056 954 3123 κόσμον
980 3057 1119 3127 φωτί⁵
1143 3058 1621 3131 καταρῤαίνοντος,
1681 3060 1899 3115 νικᾶται

1975 484 2391 540 accessionibus
2433 500 2651 555 semper
2685 488 2740 540 in
2774 485 2953 556 majus
2999 483 3204 550 eﬂ'erri,
3269 494 3323 542 ct
3352 488 3558 544 mundo

1973 577 2265 634 clariorem
2301 592 2589 649 apparere,
2640 593 2727 633 me
2772 587 2953 634 autem
3012 579 3209 644 minui,
3247 589 3558 638 manentem

1972 667 2028 721 in
2050 681 2159 737 quo
2187 682 2336 722 nunc
2364 681 2566 722 cernor
2609 674 2779 732 statu,
2822 682 2922 723 nec
2954 666 3099 722 infra
3165 677 3371 724 sortem
3426 671 3559 727 mihi

1972 759 2141 814 semel
2175 759 2359 814 datam
2395 759 2799 824 subsidentem,
2824 759 2922 814 illo
2950 759 3016 814 ad
3041 759 3304 830 majorem
3328 761 3558 832 gloriam

1973 867 2214 929 semper,
2257 863 2564 919 crescente,
2626 860 2784 908 tanto
2843 852 3141 919 minorem,
3199 862 3408 923 quanto
3471 855 3563 910 ille

1972 950 2301 1015 praecurret.
2327 944 2508 1016 Atque
2542 944 2657 1000 haec
2686 943 2909 1015 quidem
2957 945 3117 1001 nobis
3154 944 3399 1016 Baptista
3427 946 3560 1002 bea-

1973 1040 2065 1093 tu‘s
2091 1036 2341 1107 exponit.
2378 1035 2484 1091 Sed
2516 1036 2766 1107 exempla
2789 1048 2891 1091 nos
2920 1036 3128 1091 utiliter
3152 1036 3557 1102 adhibebimus,

1973 1128 2177 1199 quibus
2214 1126 2488 1183 dictorum
2538 1127 2651 1182 vim
2715 1134 2769 1182 et
2830 1128 3163 1184 sententiam
3210 1128 3419 1184 clarius
3490 1131 3560 1184 ob

1974 1222 2165 1277 oculos
2224 1235 2519 1291 ponamus.
2579 1218 2891 1275 Bicubitale
2968 1220 3023 1275 in
3082 1229 3283 1276 terram
3363 1222 3562 1291 ﬁgatur

1974 1313 2178 1384 lignum
2205 1332 2219 1366 :
2250 1313 2404 1382 juxta
2442 1312 2510 1367 sit
2547 1312 2732 1383 planta
2764 1326 2961 1368 recens
2992 1319 3177 1376 enata,
3200 1328 3322 1383 qua:
3351 1314 3558 1369 virides

1973 1419 2157 1461 ramos
2189 1404 2486 1475 expandat,
2521 1411 2575 1459 et
2609 1403 2788 1458 adhuc
2827 1418 2856 1457 a
2897 1403 3084 1459 radice
3116 1405 3170 1458 in
3204 1404 3553 1461 altitudinem

1973 1496 2236 1566 majorem
2271 1495 2654 1551 subvehatur:
2687 1509 2756 1549 an
2781 1509 2913 1565 ergo
2951 1496 2998 1551 si
3034 1496 3161 1566 quis
3190 1495 3337 1566 ligno
3370 1512 3558 1552 vocem

1975 1586 2264 1653 aliinxerit,
2302 1594 2418 1641 tum
2471 1585 2539 1642 de
2574 1586 2758 1658 seipso
2791 1594 2847 1642 et
2898 1586 3080 1642 vicina
3152 1587 3333 1657 planta
3390 1587 3556 1653 dic-at,

1980 1701 1998 1734 ‹
2028 1681 2180 1738 Hanc
2224 1689 2438 1753 oportet
2468 1695 2740 1746 crescere,
2770 1696 2859 1737 me
2913 1690 3099 1736 autem
3129 1680 3325 1745 minui,
3363 1692 3393 1730 ι’
3449 1697 3558 1734 nun

1968 1774 2094 1846 jure
2114 1780 2437 1829 censeretur
2459 1764 2774 1843 significare
2795 1771 2899 1827 sibi
2928 1770 3062 1824 nihil
3087 1770 3400 1826 detrimenti
3426 1771 3565 1833 fore.

1971 1864 2065 1921 sed
2084 1880 2187 1919 nec
2213 1880 2530 1920 mensuram
2560 1879 2716 1919 suam
2738 1864 3052 1919 mutilatum
3080 1864 3169 1928 iri,
3191 1863 3286 1919 sed
3311 1879 3562 1920 asserere

1971 1974 2031 2015 se
2070 1959 2240 2013 minui
2285 1959 2471 2029 specie
2504 1960 2621 2015 sola
2665 1966 2847 2026 tenus,
2896 1968 3170 2028 quatenus
3215 1957 3401 2027 planta
3434 1974 3561 2014 cre—

1971 2058 2161 2107 scente
2188 2050 2372 2106 minus
2404 2066 2621 2123 semper
2654 2067 2777 2108 esse
2814 2046 3176 2121 comperilur.
3214 2048 3356 2105 Huic
3400 2051 3562 2107 aliine

1969 2157 2190 2198 rursum
2225 2142 2372 2197 aliud
2405 2144 2717 2214 exemplum
2757 2143 2961 2214 capito.
3008 2141 3179 2213 Finge
3229 2142 3327 2199 tibi
3387 2159 3561 2199 unum

1969 2234 2117 2290 inter
2148 2243 2297 2291 astra
2335 2235 2737 2292 lucidissimum
2791 2236 2859 2292 de
2894 2235 3010 2291 sole
3079 2232 3297 2292 dicere:
3342 2254 3360 2287 ι
3398 2234 3558 2292 Illum

1969 2336 2186 2399 oportet
2219 2343 2495 2395 crescere,
2524 2345 2610 2385 me
2641 2337 2824 2385 autem
2856 2325 3086 2383 minui.»
3117 2327 3373 2394 Quandiu
3411 2329 3557 2384 enim

1971 2419 2153 2474 noctis
2195 2418 2442 2473 tenebris
2473 2425 2665 2472 vastus
2698 2432 2791 2473 aer
2845 2416 3199 2480 obscuratur,
3263 2416 3556 2473 luciferum

1944 2525 2140 2566 aureo
2171 2509 2383 2582 fulgore
2417 2511 2692 2564 lucentem
2744 2519 2800 2564 et
2847 2508 2997 2564 omni
3038 2524 3103 2565 ex
3143 2517 3297 2579 parte
3342 2512 3562 2580 conspi-

1971 2620 2133 2660 cuum
2158 2602 2287 2674 jure
2335 2602 2590 2659 mireris:
2626 2617 2816 2657 verum
2850 2599 2970 2663 ,ubi
3024 2600 3105 2656 sol
3155 2609 3336 2656 ortum
3397 2590 3560 2656 suum

1974 2694 2130 2769 161
2157 2694 2468 2760 denuntiat,
2494 2702 2547 2750 et
2574 2694 2786 2749 modica
2816 2693 2938 2751 luce
2960 2693 3226 2749 mundum
3256 2693 3561 2764 aspergit,a
3622 2726 3637 2733 -

1968 2786 2181 2855 majore
2211 2786 2475 2852 vincitur,
2507 2792 2562 2841 et
2586 2786 2959 2856 praestantiori
3000 2784 3207 2841 sensim
3243 2784 3442 2840 lucifer
3469 2800 3559 2841 ce-

1973 2875 2072 2942 dit,
2132 2891 2308 2948 eaque
2342 2876 2572 2933 Joannis
2628 2877 2795 2933 verba
2846 2877 2971 2947 jure
3024 2876 3399 2947 usurpaverit,
3435 2893 3561 2934 cum

1932 2982 1939 2989 '
1979 2968 2217 3040 idipsum
2241 2970 2387 3040 quod
2425 2970 2517 3026 ille
2545 2970 2807 3040 patiatur.

1979 3062 2056 3135 τῷ
2109 3062 2352 3134 μείζονι,
2403 3064 2497 3118 καὶ
2561 3066 2883 3135 παραχωρεῖ
2946 3063 3356 3120 πλεονεκτοῦντι
3420 3061 3563 3119 κατὰ

281 3150 483 3228 βραχύ.
517 3151 678 3220 Λέγοι
710 3151 757 3204 δ’
799 3151 866 3207 ἂν
910 3152 1005 3205 καὶ
1036 3151 1196 3215 αὐτὸς
1224 3152 1449 3217 εἰκότως
1484 3152 1584 3224 τὴν
1625 3153 1872 3209 Ἰωάννου
1913 3154 2120 3229 φωνὴν,
2155 3156 2288 3212 αὐτὸ
2319 3157 2385 3228 δὴ
2432 3156 2591 3211 τοῦτο
2620 3156 2830 3219 παθὼν,
2884 3157 3021 3227 ὅπερ
3061 3157 3269 3221 ἐκεῖνος
3334 3155 3563 3228 ὑπομεί-

276 3264 384 3309 νας
411 3247 596 3317 φησίν.

898 3342 939 3394 Κ
950 3341 1146 3396 ΕΦΛΛΖ
1188 3341 1262 3397 B'.

280 3429 419 3482 Ὀτι
435 3431 547 3484 οὐκ
565 3429 634 3483 ἐν
655 3430 776 3494 τοῖς
798 3430 1069 3500 γενητοῖς
1089 3430 1261 3484 ἐστιν
1282 3431 1314 3483 ό
1344 3429 1497 3496 Υἱὸς,
1514 3429 1652 3485 ἀλλ’
1672 3427 1873 3484 ἐπάνω
1920 3434 1923 3435 ⁷

661 3499 1021 3566 narrandi;-
1052 3502 1197 3566 Θεὸς
1223 3500 1293 3553 ἐκ
1324 3499 1496 3554 Θεοῦ.

364 3592 431 3646 '0
455 3592 688 3647 ἄνωθεν
703 3593 1047 3663 ἐρχόμενος,
1074 3590 1275 3645 ἐπάνω
1308 3592 1554 3647 πάντων
1573 3593 1765 3646 ἐστίν.

354 3681 433 3732 Οὐ
482 3681 648 3749 μέγα,
695 3680 880 3749 φησιν,
925 3677 1047 3731 οὐδὲ
1086 3676 1205 3731 λίαν
1239 3678 1387 3731 ἐστὶν
1418 3677 1766 3747 ἀξιάγαστον,
1825 3680 1874 3731 εἰ

275 3770 385 3842 τὴν
427 3771 532 3840 τῆς
570 3770 992 3842 ἀνθρωπότητος
1031 3771 1193 3835 δόξαν
1240 3770 1567 3842 ύπερτρέχει
1614 3771 1871 3841 Χριστός·

274 3866 343 3917 οὐ
367 3863 481 3934 γὰρ
505 3863 668 3933 μέχρι
693 3861 902 3916 τούτων
928 3866 1054 3928 τοὺς
1081 3864 1179 3933 τῆς
1210 3862 1344 3927 ἰδίας
1370 3862 1620 3926 εὐκλείας
1660 3864 1876 3935 ἵστησιν

273 3954 463 4024 ὅρους,
495 3954 591 4006 ἐπὶ
612 3956 794 4009 πᾶσαν
820 3954 877 4008 δέ
902 3957 1015 4009 ἐστι
1039 3956 1141 4025 τὴν
1161 3955 1467 4020 κτίσιν,νώς
1494 3955 1648 4019 Θεὸς,
1691 3956 1876 4009 ἐπάνω

277 4047 508 4099 ⁴πάντων
535 4046 653 4099 ἐστὶ
681 4045 791 4100 τῶν
822 4048 1229 4118 πεποιημένων,
1262 4046 1361 4118 οὐχ
1389 4046 1465 4112 ὡς
1496 4049 1556 4100 ὲν
1576 4048 1709 4100 πᾶσι
1741 4064 1873 4127 ξατ-

277 4136 714 4208 αριθμούμενος,
774 4138 891 4193 ἀλλ’
920 4140 996 4202 ὡς
1027 4140 1119 4193 καί⁵
1141 4140 1358 4194 πάντων
1381 4138 1716 4211 ἐξῃρημένος
1735 4181 1748 4201 ,
1782 4139 1877 4192 καὶ

278 4233 399 4289 τοῖς
431 4232 567 4283 πᾶσι
609 4230 929 4302 θεοπρεπῶς
960 4232 1346 4303 ἐποχούμενος.
1392 4232 1664 4301 Ἐπιλέγει
1694 4231 1750 4284 δὲ
1779 4231 1876 4303 τὴν

277 4321 492 4385 αἰτίαν,
519 4322 609 4375 τὸν
638 4323 1008 4378 ἀντιτείνοντα
1042 4325 1334 4388 δυσωπῶν,
1368 4324 1463 4378 καὶ
1490 4323 1878 4392 κατασιγὰζων

278 4412 380 4466 τὸν
420 4413 836 4485 ἀνθιστάμενον.
891 4435 910 4467 ι
966 4417 1025 4471 ’0
1051 4416 1260 4471 ἄνωθεν
1317 4418 1631 4488 ἐρχόμενος.
1658 4436 1676 4468 ι
1722 4416 1875 4488 φησι,

284 4504 434 4558 τοῦτ’
479 4504 662 4572 ἔστιν,
716 4510 745 4561 ὁ
785 4507 889 4578 τῆς
931 4508 1139 4564 ἄνωθεν
1186 4509 1342 4584 ῥίζης
1388 4507 1737 4578 ὲκπεφυκὼς,
1779 4509 1877 4583 τὴν

289 4594 554 4666 πατρῴαν
584 4596 668 4665 ἐφ’
711 4596 891 4668 ἑαυτῷ
923 4598 1170 4667 φυσικῶς
1198 4596 1499 4662 ἁποσώζων
1534 4597 1785 4666 εὐφυΐαν,
1818 4597 1879 4651 τὸ

2645 3328 2799 3390 CAP.
2841 3331 2903 3388 ΙΙ.

1979 3426 2134 3495 Quod
2180 3428 2235 3481 in
2278 3436 2650 3481 creaturarum
2703 3442 2919 3497 numero
2968 3427 3185 3497 ποθι-δη
3234 3425 3435 3497 Filius,
3475 3432 3569 3488 sed

2333 3512 2493 3565 supra
2514 3513 2713 3560 omnes,
2734 3506 2793 3550 ut
2813 3495 2957 3551 Deus
2988 3496 3052 3551 de
3081 3495 3210 3552 Deo.

2048 3587 2136 3655 ill,
2163 3590 2251 3646 51.
2285 3589 2387 3656 Qui
2414 3590 2692 3645 desursum
2722 3589 2882 3651 venit,
2918 3605 3077 3660 super
3103 3606 3281 3646 omnes
3310 3601 3410 3647 est.

2048 3680 2196 3736 Nihil
2226 3682 2409 3754 magni
2452 3690 2557 3747 est,
2589 3692 2684 3735 aut
2716 3682 2947 3735 multum
2979 3681 3259 3752 stupendi,
3287 3681 3483 3752 inquit,
3516 3680 3567 3736 si

1980 3772 2340 3827 humanitatis
2392 3773 2618 3842 gloriam
2670 3770 2928 3827 Christus
2977 3772 3211 3827 excedit.
3248 3770 3367 3825 Non
3418 3771 3567 3828 enim

1979 3872 2210 3919 eatenus
2246 3860 2367 3932 ejus
2394 3863 2569 3933 gloria
2613 3863 2963 3928 terminatur,
2995 3862 3089 3917 sed
3131 3877 3298 3934 supra
3340 3863 3564 3920 univer~

1979 3968 2096 4010 sam
2154 3959 2466 4008 creaturam
2522 3959 2628 4017 est,
2679 3962 2739 4006 ut
2794 3951 2959 4018 Deus,
3018 3967 3184 4023 supra
3233 3968 3323 4008 res
3373 3968 3567 4010 omnes

1979 4053 2214 4110 creatas,
2240 4058 2349 4100 non
2392 4056 2450 4098 ut
2476 4044 2531 4098 in
2560 4044 2804 4099 omnium
2834 4058 3067 4098 numero
3112 4045 3564 4114 ccutprehensus,

1979 4140 2071 4195 sed
2105 4146 2161 4192 ut
2199 4138 2267 4192 ab
2300 4136 2559 4192 omnibus
2589 4144 2899 4206 exemptus,
2932 4143 2987 4191 et
3011 4134 3195 4190 divina
3230 4133 3444 4193 ratione
3473 4146 3565 4193 Se-

1980 4234 2116 4287 dens
2155 4244 2321 4301 supra
2354 4230 2632 4286 universa.
2679 4227 2912 4284 Causam
2948 4228 3154 4294 subdit,
3186 4243 3292 4298 qua
3326 4227 3567 4283 confun-

1981 4325 2060 4379 dit
2088 4323 2485 4387 adversarium,
2526 4330 2582 4378 et
2620 4321 2688 4377 ad
2731 4320 3012 4377 silentium
3043 4319 3231 4391 adigit.
3267 4339 3286 4373 ι
3319 4319 3423 4388 Qui
3470 4322 3567 4377 de-

1982 4432 2206 4474 sursum
2254 4416 2425 4482 venit,
2472 4435 2490 4467 ι
2531 4414 2737 4484 inquit,
2782 4413 2887 4469 hoc
2924 4421 3031 4480 est,
3067 4413 3163 4485 qui
3205 4413 3273 4471 de
3329 4430 3570 4485 superna

1982 4506 2168 4561 radice
2209 4504 2433 4576 prodiit,
2458 4514 2742 4577 paternam
2773 4503 2828 4558 in
2853 4502 3038 4575 seipso
3068 4504 3396 4560 naturaliter
3431 4520 3567 4562 con-

1983 4612 2213 4655 servans
2276 4595 2654 4662 nobilitatem,
2702 4611 2868 4667 supra
2937 4612 3132 4655 omnes
3199 4599 3307 4654 erit
3374 4603 3569 4670 procul

284 4687 478 4741 ὲπὼιω
511 4690 731 4742 πάντων
764 4691 1030 4762 ὑπάρχειν
1049 4691 1499 4762 ὁμολογουμένως
1526 4694 1874 4761 κεκτήσεταιο

1982 4691 2171 4746 dubio.
2206 4687 2319 4746 Nec
2350 4691 2495 4745 enim
2541 4691 2655 4745 ﬁeri
2697 4705 2932 4759 usquam
2984 4702 3160 4760 potest
3192 4703 3250 4749 ut
3285 4708 3396 4748 non
3443 4696 3572 4751 talis

284 4774 361 4848 ἦν
386 4780 496 4850 γὰρ
528 4779 594 4850 δὴ
625 4781 722 4834 καὶ
754 4782 1059 4853 ἀμήχανον,
1105 4784 1180 4854 μὴ
1223 4784 1343 4854 οὐχὶ
1385 4784 1604 4847 πάντως
1635 4781 1878 4838 τοιοῦτον

284 4872 523 4942 ὁρᾶσθαι
544 4873 640 4925 τὸν
664 4872 812 4939 Υἱὸν,
847 4875 1031 4939 ὁποῖός
1060 4892 1166 4947 περ
1197 4875 1276 4945 ἂν,
1296 4879 1467 4930 νοοῖτο
1498 4876 1591 4930 καὶ
1622 4876 1762 4930 κατὰ
1786 4880 1882 4950 τὴν

285 4963 454 5028 ἀξίαν
481 4966 513 5017 ὁ
545 4968 816 5036 γεννήσας
856 4967 1037 5020 αὐτόν.
1091 4968 1149 5021 '0
1190 4966 1299 5039 γὰρ
1344 4970 1408 5040 τῇ
1456 4970 1745 5040 ταυτότητι
1784 4969 1883 5040 τῆς

281 5054 512 5125 φύσεως
556 5058 875 5128 διαπρέπων
911 5059 1064 5122 Υἱὸς,
1103 5060 1166 5113 τὸ
1208 5059 1550 5132 ἀπαύγασμα
1593 5062 1687 5115 καὶ
1719 5065 1747 5116 ὁ
1786 5079 1884 5133 χα-

278 5149 515 5223 ρακτὴρ
539 5151 636 5204 τοῦ
668 5152 904 5223 Πατρὸς,
939 5152 1059 5215 πῶς
1085 5152 1151 5207 ἂν
1183 5152 1395 5220 γένοιτο
1420 5153 1563 5207 κατὰ
1597 5154 1693 5224 τὴν
1725 5150 1883 5220 δόξαν

274 5241 536 5297 ἐλάττων
575 5243 781 5309 αὐτοῦς
814 5246 884 5298 Ἦ
915 5246 1025 5316 γὰρ
1072 5247 1173 5299 οὐκ
1202 5247 1259 5297 ἐν
1293 5245 1397 5316 fit?)
1443 5245 1505 5298 τὸ
1536 5244 1628 5298 τοῦ
1670 5245 1885 5317 Πατρδς

274 5336 435 5388 ἴδιον
452 5336 906 5409 ἀτιμασθήσεται,
933 5337 1027 5391 καὶ
1067 5337 1161 5392 τὸν
1186 5337 1282 5393 τοῦ
1307 5338 1560 5401 τεκόντος
1588 5337 1887 5409 ύὸριοῦμεν

272 5429 642 5501 χαρακτῆρα,
672 5431 730 5482 ὲν
752 5430 999 5484 ἐλάττοσι
1023 5429 1265 5495 τιθέντες
1289 5430 1485 5498 eam;
1524 5428 1683 5496 Ἀλλ’,
1708 5427 1889 5501 οἶμαι,

276 5522 469 5573 πᾶσιν
499 5519 652 5574 ἔσται
678 5521 838 5575 τοῦτο
866 5522 1181 5594 καταφανές
1208 5540 1221 5554 ’
1252 5523 1339 5578 διὰ
1364 5542 1445 5577 τοι
1476 5522 1631 5578 τοῦτο
1676 5524 1770 5578 καὶ
1798 5522 1893 5592 γέ-

277 5627 563 5684 γραπται·
592 5631 612 5665 ι
627 5614 749 5669 Ἵνα
769 5615 968 5680 πάντες
982 5615 1289 5688 τιμῶσιτὺν
1315 5616 1461 5683 Υἱδν,
1480 5618 1658 5682 καθὼς
1680 5616 1885 5689 τιμῶσι

365 5724 416 5756 ⁸³
444 5724 604 5781 Joan.
637 5744 689 5793 ν,
718 5728 811 5784 93.

627 5821 898 5883 Ριιτιιοι..
944 5823 1054 5883 Gr.
1102 5823 1360 5883 LXXllI.

1981 4791 2245 4856 appareat
2291 4779 2485 4851 Filius,
2526 4782 2704 4854 qualis
2747 4792 3006 4838 censetur
3043 4800 3186 4849 esse,
3221 4785 3386 4856 idque
3445 4786 3572 4855 jure

1980 4877 2199 4944 merito,
2228 4877 2322 4947 qui
2354 4878 2535 4948 ipsum
2561 4875 2772 4947 genuit.
2806 4875 2981 4933 Filius
3013 4879 3215 4949 quippe
3242 4879 3334 4932 ille
3366 4878 3571 4934 identi-

1981 4980 2091 5028 tate
2161 4982 2372 5026 natura:
2434 4969 2790 5039 conspicuus,
2855 4969 3114 5039 splendor
3174 4978 3230 5023 et
3281 4969 3573 5023 character

1981 5061 2185 5125 Patris,
2209 5060 2487 5132 quomodo
2520 5060 2695 5130 gloria
2724 5059 2904 5113 minor
2940 5058 3141 5112 fuerit?
3172 5059 3255 5112 An
3279 5075 3389 5114 non
3422 5060 3572 5115 enim

1982 5152 2038 5207 in
2088 5150 2228 5206 Filio
2274 5149 2457 5205 Patris
2510 5153 2819 5220 preprietas
2857 5149 3305 5212 dedecorabitur,
3343 5160 3399 5205 et
3438 5151 3574 5207 cha-

1984 5242 2187 5299 racteri
2212 5241 2479 5313 genitoris
2515 5242 2779 5311 injuriam
2810 5239 3106 5305 faciemus,
3135 5241 3179 5297 si
3233 5256 3361 5296 eum
3396 5243 3575 5297 mino-

1986 5352 2102 5391 rem
2139 5333 2482 5391 statuamus‘!
2509 5333 2579 5385 At
2607 5332 2834 5397 nemini,
2874 5340 2933 5384 ut
2989 5346 3135 5396 reor,
3165 5332 3393 5387 dubium
3426 5333 3573 5390 istud

1988 5434 2093 5483 est.
2141 5422 2350 5479 Idcirco
2404 5422 2673 5493 scriptum
2740 5437 2963 5494 quoque
3019 5431 3104 5477 est
3149 5440 3164 5477 :
3209 5442 3227 5475 ι
3267 5420 3339 5477 Ut
3381 5439 3575 5480 omnes

1990 5519 2351 5577 honoriﬁcent
2380 5517 2762 5583 Filium,sicut
2791 5518 3159 5574 honoriﬁcant
3191 5518 3447 5586 Patrem;
3482 5521 3574 5591 qui

1994 5630 2105 5672 non
2131 5613 2459 5672 honoriﬁcat
2485 5611 2709 5680 Filium,
2733 5627 2842 5668 non
2871 5612 3199 5693 honoriﬁca}
3232 5611 3525 5668 Patrem”.
3555 5633 3575 5664 ι

3061 5826 3094 5883 9
