2019 3105
274 125 325 154 267

771 123 799 150 S.
821 122 960 151 CYRILLI
980 121 1214 150 ALEXANDRINI
1232 122 1394 151 ARCHIEP.

1849 122 1903 150 268

273 181 327 216 Qui
340 185 431 209 autem
447 180 597 215 aequalibus
610 179 763 207 honoribus
777 187 840 207 cum
856 179 911 208 Deo
930 187 962 208 ac
977 179 1058 209 Patre

1115 181 1154 209 τὸν
1169 181 1277 216 Πατέρα
1293 188 1301 196 δ
1317 180 1331 207 ό
1344 179 1383 215 μὴ
1393 180 1480 215 τιμῶν
1503 180 1549 207 τὸν
1565 179 1641 212 Υἱδν,
1658 179 1719 206 οὐδὲ
1734 178 1780 206 τὸν
1792 179 1902 216 Πατέρα

272 227 417 264 gloriatur,
431 230 576 261 propterea
602 224 676 260 quod
696 232 730 253 ex
757 225 818 260 ipso
841 229 885 254 est
909 225 1061 254 secundum

273 278 412 306 naturam,
434 271 570 307 quomodo
587 278 642 298 non
663 271 824 299 censebitur
838 271 948 299 demum
969 278 1061 299 rerum

272 323 430 347 creatarum
446 316 578 345 excedere
595 317 800 346 substantiam?
816 316 868 344 hoc
888 316 961 347 enim
979 316 1064 352 signi-

274 364 356 392 ﬁcant
379 363 426 390 illa
456 362 551 395 verba,
583 372 592 388 ι
615 370 698 399 super
724 369 821 390 omnes
851 366 903 391 est.
924 371 933 389 ο
962 361 1063 390 Verum

273 410 363 439 sentio
388 416 486 438 rursus
509 408 621 437 minime
647 408 790 445 quieturos
814 408 917 437 Christi
942 408 1063 437 hostium

273 456 392 488 animos,
407 454 455 482 sed
469 461 516 482 ore
526 454 637 490 procaci
649 458 677 485 et
689 454 821 483 effrenato
834 455 957 483 dicturos
971 462 978 482 :
995 454 1064 483 Cum

273 501 370 529 beatus
392 500 517 535 Baptista
543 500 689 530 desursum
714 500 807 529 venire
823 500 925 529 Filium
947 504 1063 534 asserat,

274 554 399 581 quaenam
423 546 493 573 ratio
508 552 559 573 nos
583 544 675 580 adiget
696 548 778 576 ut,ex
798 545 950 574 substantia
975 545 1065 573 Patris

274 591 364 626 ipsum
390 591 486 618 venire
513 590 697 624 suspicemur,
718 594 829 625 propter
854 590 919 618 illud
940 599 949 616 ι
968 590 1064 619 desur-

275 646 347 669 sum,
361 646 369 662 ι
387 644 420 663 ac
431 644 486 664 non
504 637 595 671 potius
610 643 625 663 e
640 635 727 668 caelis,
742 640 788 663 aut
803 636 883 663 etiam
900 644 933 663 ex
950 636 997 663 illa
1011 643 1066 671 qua

275 687 387 718 praestat
404 689 487 717 supra
505 690 601 709 omnes
630 682 789 714 eminentia,
818 686 848 708 ut
875 682 935 709 ideo
956 689 1066 717 quoque

276 736 357 764 supra
374 728 465 755 omnia
480 727 651 763 intelligatur
667 734 729 754 esse
749 735 780 753 ac
798 727 876 762 162
896 727 1022 754 dicatur?
1037 727 1066 754 Si

275 774 388 810 quando
401 781 452 801 uos
465 773 547 808 igitur
559 772 718 800 istiusmodi
735 773 909 800 srrmonibus
926 775 1065 808 appetant,

277 821 312 848 iis
330 826 492 854 reponemus
515 827 521 844 :
539 817 597 845 Non
624 826 723 852 sequar
748 818 938 853 putidissimas
959 822 1066 846 vestras

278 866 409 896 rationes,
428 872 445 892 ο
472 864 549 895 boni,
564 863 611 891 sed
629 863 751 891 divinam
772 864 862 898 potius
884 863 1064 898 Scripturam,
1081 848 1103 876 Β

276 911 405 945 solasque
420 917 513 937 sacras
529 909 656 936 Litteras.
675 907 859 935 Scrutandum
877 912 918 936 est
936 909 1019 944 igitur
1038 908 1067 935 in

277 956 350 989 illis,
375 963 429 990 quo
456 959 536 991 pacto
559 956 614 982 vim
644 955 726 990 hujus
748 955 823 982 vocis
856 963 866 980 ‹
887 955 1032 982 desursum
1055 965 1064 981 ι

276 1001 423 1036 accipiant.
440 999 562 1027 Audiant
579 1000 672 1035 itaque
688 1007 773 1027 unum
789 1007 823 1027 ex
840 999 895 1027 illis
911 1000 1010 1035 spiritu
1024 999 1067 1027 af-

276 1046 349 1074 ﬂatis
372 1046 506 1082 apostolis
527 1046 690 1073 clamantem
713 1055 720 1073 :
740 1055 750 1071 ι
771 1045 860 1074 Omne
881 1046 974 1073 datum
996 1046 1068 1082 opti-

276 1096 398 1127 mum,et
412 1100 493 1120 omne
507 1093 610 1120 donum
623 1092 775 1128 perlectum
788 1092 933 1121 desursum
947 1097 1004 1126 est,
1020 1093 1068 1122 de-

278 1138 417 1167 scendens
428 1146 444 1166 a
452 1138 533 1166 Patre
541 1138 674 1166 luminum
684 1138 717 1165 ³¹.
731 1147 740 1164 ›
751 1137 822 1166 Ecce
830 1142 924 1174 aperte
932 1138 997 1165 illud
1010 1138 1068 1165 cde-

277 1192 387 1213 sursum
399 1194 409 1212 ›
429 1184 546 1219 explicat
562 1183 714 1219 Scriptura,
735 1193 745 1209 ι
758 1191 772 1210 a
784 1183 890 1211 Patre.)
911 1184 978 1211 Cum
994 1185 1066 1211 enim

276 1230 360 1257 sciret
372 1229 439 1255 nihil
448 1228 522 1255 aliud
535 1235 579 1255 res
591 1232 697 1255 creatas
709 1227 841 1256 excedere
856 1232 954 1263 praeter
970 1227 1067 1256 ined’a-

275 1275 357 1302 bilem
374 1274 448 1301 illam
461 1273 514 1301 Dei’
523 1277 660 1307 naturam,
677 1273 781 1301 idcirco
798 1273 823 1301 ei
842 1273 952 1309 proprie
972 1281 1067 1301 vocem

275 1320 348 1348 hanc
379 1330 388 1346 ι
407 1320 554 1348 desursum
572 1329 581 1346 ι
604 1319 740 1349 attribuit.
762 1320 823 1346 Alia
846 1320 947 1355 quippe
975 1319 1065 1348 omnia

276 1367 417 1395 servitutis
441 1366 508 1401 jugo
529 1364 652 1399 subjecta
668 1369 731 1391 sunt
746 1372 753 1396 ;
769 1364 846 1390 solus
859 1366 949 1391 autem
963 1363 1067 1390 servire

275 1413 377 1443 nescit,
396 1415 423 1438 et
450 1415 546 1445 regnat
578 1409 661 1442 Deus,
677 1409 749 1436 unde
777 1410 837 1444 ipse
861 1416 957 1436 revera
983 1416 1066 1444 supra

275 1464 371 1484 omnes
386 1463 494 1490 quoque
513 1459 566 1482 est.
584 1454 656 1482 Deus
677 1458 778 1486 autem,
794 1459 821 1482 et
838 1462 871 1482 ex
888 1454 944 1482 Deo
967 1462 1066 1482 secun—

275 1502 341 1529 dum
368 1505 495 1528 naturam
524 1507 587 1527 cum
610 1500 646 1527 sit
668 1498 765 1531 Filius,
788 1499 956 1534 ejuscemodi
980 1499 1065 1535 gloria

276 1555 331 1574 non
354 1546 525 1574 excludetur.
543 1544 621 1578 Quod
644 1545 667 1573 si
690 1545 757 1572 illud
773 1555 782 1571 ι
798 1545 945 1573 desursum
965 1554 974 1570 ›
994 1545 1066 1574 acci-

275 1591 405 1628 piendum
426 1591 528 1626 putatis
546 1598 595 1625 pro
614 1599 624 1616 ι
643 1590 764 1622 ccelitus,
787 1600 797 1617 ι
815 1591 934 1626 idipsum
956 1598 1067 1626 quoque

275 1638 310 1666 de
339 1637 439 1672 quovis
467 1636 565 1672 angelo
603 1640 631 1664 et
659 1636 788 1665 rationali
817 1637 920 1664 virtute
946 1637 1064 1664 dicatur.

275 1682 396 1711 Veniunt
411 1682 484 1709 enim
502 1681 537 1709 ad
552 1688 602 1709 nos
617 1681 651 1709 de
665 1681 755 1713 cmlis,
772 1686 799 1709 et
813 1682 968 1712 ascendunt
982 1686 1065 1718 atque

275 1728 457 1760 descendunt,
471 1731 501 1754 ut
525 1727 626 1755 alicubi
647 1726 685 1756 ait
699 1735 707 1754 :
723 1736 733 1752 ι
757 1726 846 1762 Supra
863 1726 962 1756 Filium
977 1727 1064 1754 homi-

275 1774 321 1801 nis
332 1773 365 1801 ιι,
387 1782 396 1798 ι
419 1772 489 1808 Quid
517 1780 583 1809 ergo
602 1772 712 1803 beatum
737 1772 888 1808 Baptistam
912 1772 1021 1811 impulit
1035 1777 1065 1800 ut

275 1818 349 1855 quod
375 1826 461 1854 penes
479 1818 580 1846 multos
602 1822 654 1850 est,
673 1818 742 1845 illud
765 1818 841 1846 velut
857 1818 987 1846 eximium
1013 1818 1064 1846 soli

275 1865 344 1892 Filio
359 1864 473 1896 tribuat,
483 1871 516 1891 ac
530 1870 658 1900 tanquam
671 1863 704 1891 de
721 1864 802 1891 unico
815 1871 934 1899 superne
948 1864 1063 1892 descen-

274 1910 357 1938 dente
382 1909 457 1936 dicat
483 1917 490 1936 :
516 1918 525 1934 ‹
542 1908 592 1941 Qui
609 1908 755 1936 desursum
784 1908 876 1935 venit?
896 1918 905 1934 ι
926 1908 1062 1936 llonorem

275 1956 375 1991 quippe
398 1955 475 1981 illiilli
495 1961 668 1981 communem
688 1953 750 1982 aliis
775 1953 866 1981 facere
894 1961 942 1989 par
964 1958 1060 1983 esset:

277 2010 287 2027 ι
310 2001 361 2034 Qui
375 2000 520 2028 desursum
538 1999 663 2030 veniunt,
677 2006 760 2033 super
777 2006 873 2027 omnes
886 2003 959 2027 sunt.
977 2009 986 2026 ι
1007 1998 1061 2027 Sed

273 2046 350 2073 novit
376 2045 424 2072 uni
447 2044 519 2072 Filio
537 2052 631 2072 vocem
653 2044 726 2071 illam
751 2044 856 2076 deberi,
875 2048 1006 2079 tanquam
1028 2053 1062 2073 ex

275 2097 401 2125 suprema
415 2090 506 2117 radice
526 2088 609 2117 edito.
621 2088 679 2115 Non
700 2096 764 2123 ergo
784 2089 849 2116 illud
868 2098 877 2114 ι
890 2089 1033 2117 desursum
1049 2099 1059 2116 ι

274 2135 412 2169 signiﬁcat
436 2143 445 2160 ι
463 2134 589 2166 caelitus,
611 2143 620 2159 ι
643 2133 691 2161 sed
718 2133 798 2160 modo
824 2141 879 2169 quo
907 2134 962 2169 jam
987 2134 1061 2162 dixi-

273 2187 335 2207 mus
353 2180 395 2214 pie
411 2184 439 2207 et
458 2187 522 2207 vere
545 2180 679 2214 capietur.
696 2178 842 2213 Quomodo
857 2179 940 2212 enim,
957 2187 1059 2215 quaeso,
1076 2202 1099 2229 Β

273 2224 325 2251 erit
347 2231 429 2259 super
456 2231 564 2257 omnes,
585 2225 607 2252 si
632 2232 685 2252 non
711 2225 756 2251 illa
777 2232 828 2252 vox
849 2233 858 2251 ι
880 2225 1026 2253 desursum
1048 2234 1058 2251 ι

273 2268 422 2303 signiticet,
439 2275 453 2294 a
470 2268 559 2301 Patre,
578 2268 625 2295 sed
641 2269 731 2303 potius
746 2269 780 2296 de
797 2269 886 2296 coelo?
900 2269 967 2297 Nam
984 2271 1006 2298 si
1025 2271 1062 2298 ita

272 2320 317 2341 res
332 2316 385 2343 est,
400 2312 454 2339 erit
481 2313 562 2340 etiam
590 2313 749 2347 angelorum
769 2314 886 2349 quisque
901 2322 985 2350 super
1000 2323 1061 2344 om-

272 2358 329 2391 nia,
347 2361 441 2393 utpote
460 2365 523 2385 cum
546 2357 609 2385 inde
625 2359 726 2385 veniat.
743 2358 772 2385 Si
789 2366 853 2385 vero
872 2361 1063 2396 unusquisque

273 2403 465 2431 universorum
493 2410 607 2430 numero
641 2411 697 2430 non
728 2404 995 2439 comprehendatur,
1028 2414 1062 2433 ex

272 2451 437 2486 quibusnam
467 2449 576 2477 demum
612 2449 677 2477 illud
709 2459 718 2475 ι
746 2450 836 2477 omnia
855 2460 864 2476 ι
897 2451 1066 2487 colligetur?

272 2500 319 2524 aut
339 2496 478 2531 quomodo
500 2503 553 2523 vox
571 2496 617 2523 illa
636 2505 645 2521 ι
663 2497 753 2523 omnia
767 2506 776 2523 ι
797 2497 900 2533 integra
922 2505 1067 2533 permane-

272 2543 321 2576 bit,
336 2550 451 2571 servans
464 2547 564 2570 exacte
588 2551 666 2570 suum
682 2543 877 2579 signiﬁcatum,
894 2552 957 2572 cum
978 2553 1061 2581 ange-

272 2590 361 2616 lorum
388 2593 464 2617 tanta
488 2589 636 2617 multitudo
661 2590 835 2622 excludatur,
849 2595 876 2618 et
902 2591 956 2619 vim
980 2591 1062 2628 hujus

270 2636 346 2664 vocis
363 2645 372 2662 ι
387 2637 479 2664 omnia
498 2645 507 2663 ι
523 2636 646 2665 evertat?
658 2636 717 2664 Non
734 2637 806 2664 enim
828 2638 948 2674 amplius
969 2639 1062 2666 omnia

272 2685 346 2713 sunt,
360 2681 383 2709 si
396 2686 475 2709 extra
494 2686 621 2710 maneant
637 2682 655 2709 ii
669 2682 715 2717 qui
732 2686 810 2710 erant
826 2683 853 2710 in
869 2683 991 2711 omnium
1009 2692 1061 2711 nu-

271 2734 356 2754 mero.
375 2727 492 2757 Verbum
521 2734 611 2757 autem
630 2730 703 2764 quod
732 2729 863 2758 ined‘abili
892 2731 1001 2758 ratione
1025 2739 1059 2758 ex

310 2812 331 2828 "
345 2811 403 2840 Jac.
423 2815 501 2847 1,17.
540 2817 561 2832 ³²
578 2816 657 2844 Joan.
674 2826 693 2849 ι,
708 2818 750 2845 :‘il.

1112 228 1209 263 τιμᾷ.»
1230 227 1258 254 '0
1268 226 1296 253 δὲ
1318 226 1481 262 ἰσομέτροις,
1499 226 1538 258 ὼς
1553 226 1620 262 πρὸς
1633 225 1701 252 Θεὸν
1721 225 1768 252 καὶ
1780 226 1901 262 Πατέρα,

1113 273 1205 308 τιμαῖς
1222 272 1464 308 ὲπαγλαῖζόμενος,
1482 270 1525 299 διὰ
1538 271 1569 298 τὸ
1585 271 1615 303 ἐξ
1627 270 1711 298 αὑτοῦ
1734 271 1807 299 κατὰ
1823 272 1903 307 φύσιν

1114 318 1258 352 ὑπάρχειν,
1270 317 1330 350 πῶς
1341 318 1392 346 οὐκ
1404 318 1437 345 ἂν
1451 318 1537 345 νοοῖτο
1546 316 1639 343 λοιπὸν
1651 317 1702 352 τὴν
1713 316 1768 343 τῶν
1782 318 1904 352 γενητῶν

1113 363 1269 391 ἀναϐαίνειν
1284 364 1395 397 οὐσίαν;
1417 363 1498 390 τοῦτο
1512 362 1567 398 γὰρ
1581 362 1627 395 τὸ,
1644 371 1654 388 ι
1676 362 1783 391 Ἐπάνω
1795 363 1905 390 πάντων

1114 408 1197 436 ἐστίν.
1220 418 1229 434 ι
1256 408 1326 436 Ἀλλ’
1347 409 1511 444 αἰσθάνομαι
1539 408 1631 441 πάλιν,
1651 408 1690 439 ὡς
1704 408 1841 444 ὴρεμήσει
1855 408 1904 443 μὲν

1114 454 1238 490 οὐδαμῶς
1249 454 1303 483 τῶν
1314 455 1513 491 Χριστομάχων
1521 454 1535 480 ὁ
1544 454 1616 488 νοῦς,
1622 454 1716 490 ἥξουσι
1727 454 1761 488 δ’,
1770 454 1809 486 ὡς
1820 455 1903 487 εἰκὸς,
1918 481 1931 487 ,

1114 500 1372 536 ἀθυροπομοῦντες,
1392 501 1440 527 καὶ
1463 501 1598 535 λέγοντες·
1621 501 1707 528 Ὅταν
1727 500 1742 527 ὸ
1769 500 1906 536 μακάριος

1115 546 1268 582 Βαπτιστὴς
1282 546 1384 573 ἄνωθεν
1401 546 1537 582 ὁρμᾶσθαι
1553 545 1623 582 λέγῃ
1634 546 1679 572 τὸν
1700 545 1813 582 Κύριον.
1830 548 1905 577 ποῖος

1115 592 1189 627 ἡμᾶς
1210 591 1360 625 ἀναγκάσει
1381 591 1460 626 λόγος
1479 593 1511 618 ὲκ
1537 592 1588 626 τῆς
1610 591 1656 618 τοῦ
1684 591 1791 626 Πατρὸς
1813 591 1906 623 οὐσίας

1115 637 1192 671 ἥκειν
1211 637 1291 665 αὑτὸν
1320 637 1493 672 ὕποτοπῆσαι
1520 637 1565 664 διὰ
1596 637 1627 665 τὸ
1649 647 1659 663 ι
1677 636 1792 669 ἀνωθεν,
1824 646 1834 662 ι
1859 637 1906 664 καὶ

1115 681 1175 716 οὐχὶ
1190 682 1289 716 μᾶλλον
1304 682 1334 715 ἐξ
1348 682 1481 718 οὐρανῶν,
1498 683 1514 718 ἢ
1528 683 1575 711 καὶ
1585 684 1617 710 ἐκ
1638 683 1688 718 τῆς
1703 682 1819 718 ἐνούσης
1831 682 1906 717 αὐτῷ

1116 726 1187 753 κατά
1200 727 1309 754 πάντων
1328 727 1475 763 ὑπεροχῆς,
1491 727 1529 759 ὼς
1550 727 1594 754 διὰ
1604 727 1684 754 τοῦτο
1696 727 1744 755 καὶ
1758 727 1805 754 ἐπὶ
1818 727 1909 754 πάντα

1116 773 1210 804 νοοῖτο,
1223 773 1270 799 καὶ
1282 772 1403 807 λέγοντος
1416 773 1500 800 Ὅταν
1514 772 1602 800 τοίνυν
1616 773 1690 808 ἡμᾶς
1702 774 1758 804 τοῖς
1775 772 1906 805 τοιούτοις

1117 818 1682 853 κατασφενδονῶσι,λόγοις,ἀντακοὺσονται
1694 818 1774 845 πάλιν
1783 827 1789 832 ·
1801 818 1837 845 ob
1850 819 1906 849 τοῖς

1119 865 1183 899 παρ’
1198 864 1261 899 ὑμῖν
1274 864 1460 900 σαθροτάτοις,
1475 861 1497 892 ὧ
1514 865 1659 900 βέλτιστοι,
1673 864 1825 900 λογισμοῖς,
1839 864 1908 892 ἀλλὰ

1119 910 1218 945 μᾶλλον
1228 912 1260 946 τῇ
1277 910 1337 946 θείᾳ¹
1346 911 1441 947 Γραφῇ
1457 911 1504 938 καὶ
1522 911 1613 947 μόνοις
1624 911 1680 942 τοῖς
1695 911 1778 945 ίεροῖς
1798 910 1908 936 ἀκολου-

1118 955 1238 992 θήσομεν
1249 956 1426 992 Γράμμασιν.
1448 956 1622 992 Ἐρευνητέον
1634 956 1666 991 δὴ
1676 954 1722 982 οὖν
1734 956 1764 982 ἐν
1781 956 1907 988 ἐκείνοις,

1117 1001 1191 1033 ὅπως
1206 1002 1273 1037 ἡμῖν
1292 1002 1342 1038 τὴν
1368 1002 1415 1029 τοῦ
1436 1011 1445 1029 ι
1468 1002 1571 1029 ἀνωθεν
1589 1011 1598 1028 ι
1620 1002 1756 1037 ὁρίζονται
1781 1000 1907 1035 δύναμιν.

1124 1046 1309 1074 Ἀκουέτωσαν
1323 1046 1414 1074 τοίνυν
1428 1047 1648 1082 ἀνακεκραγότος
1664 1046 1738 1078 τινος
1752 1046 1808 1073 τῶν
1824 1054 1909 1072 πνευ-

1119 1091 1291 1127 ματοφόρων·
1309 1101 1318 1118 ι
1343 1092 1421 1119 Πᾶσα
1437 1092 1511 1125 δόσις
1527 1092 1628 1127 ἀγαθὴ,
1649 1092 1698 1118 καὶ
1718 1092 1772 1119 πᾶν
1793 1091 1909 1127 δώρημα

1117 1136 1228 1169 τέλειον,
1245 1137 1349 1165 ἄνωθέν
1368 1138 1426 1164 ἐστι
1441 1137 1604 1165 καταϐαῖνον
1619 1138 1651 1164 ὲκ
1666 1136 1713 1164 τοῦ
1733 1137 1838 1173 Πατρδς
1852 1138 1909 1164 τῶν

1118 1182 1225 1217 φώτωνι
1251 1192 1260 1210 ι
1282 1175 1337 1210 ίδοῗ)
1355 1184 1503 1220 διαρρήδην
1524 1175 1554 1210 τὶ
1580 1192 1590 1209 ι
1611 1183 1724 1217 ἄνωθεν,
1744 1192 1753 1209 ι
1773 1191 1783 1208 ι
1803 1184 1834 1209 ὲκ
1860 1182 1909 1210 τοῦ

1118 1228 1225 1264 Πατρδς
1244 1238 1253 1255 ι
1269 1228 1338 1256 εῐναί
1354 1238 1445 1266 φησιν’
1461 1223 1554 1265 ἕτερον
1568 1230 1623 1265 γὰρ
1642 1230 1717 1256 οὐδὲν
1729 1229 1910 1264 ὑπερκεῖσθαι

1117 1272 1260 1307 γινώσκων
1274 1274 1307 1301 τὰ
1322 1273 1423 1309 γενητὰ
1437 1274 1513 1310 παρὰ
1527 1275 1576 1310 τὴν
1586 1275 1704 1311 ἄρρητον
1717 1273 1764 1301 τοῦ
1774 1274 1842 1301 Θεοῦ
1858 1273 1911 1308 φύ-

1118 1327 1171 1351 σιν,
1189 1319 1259 1355 αὔτῇ
1278 1319 1383 1355 κυρίως
1400 1320 1526 1356 προσῆψε
1547 1320 1578 1347 τὸ
1600 1329 1609 1346 ι
1633 1319 1746 1347 ἀνωθεν.
1769 1328 1780 1346 ι
1797 1319 1838 1346 Τὰ
1857 1319 1911 1354 μὲν

1117 1363 1171 1398 γὰρ
1181 1363 1249 1391 ἄλλα
1265 1363 1409 1399 σύμπαντα
1416 1365 1454 1400 τῷ
1462 1365 1512 1401 τῆς
1523 1364 1646 1396 δουλείας
1659 1365 1809 1391 ὑποπίπτει
1819 1364 1911 1400 ζυγῷ,

1120 1409 1199 1444 μόνος
1221 1409 1250 1435 δὲ
1270 1410 1327 1437 ἄνω
1349 1410 1396 1437 τοῦ
1420 1411 1579 1448 κρατεῖσθαι
1606 1410 1680 1446 πηδᾷ
1700 1410 1748 1437 καὶ
1770 1409 1910 1446 βασιλεύει

1118 1454 1194 1487 Θεός’
1212 1454 1272 1482 ὅθεν
1287 1456 1394 1491 ἀληθῶς
1420 1457 1501 1488 αὐτὸς
1526 1457 1574 1483 καὶ
1594 1456 1686 1484 ἐπάνω
1705 1457 1813 1484 πάντων
1837 1456 1908 1483 ἔστί.

1119 1500 1185 1532 Θεὸς
1198 1500 1226 1527 δὲ
1238 1501 1283 1527 καὶ
1293 1502 1324 1528 ἐκ
1336 1501 1403 1529 Θεοῦ
1421 1503 1491 1529 κατὰ
1503 1502 1583 1538 φύσιν
1598 1503 1728 1539 ὑπάρχων
1737 1503 1751 1529 ὁ
1767 1502 1841 1534 Υίὺς,
1856 1501 1910 1537 τῆς

1118 1545 1165 1572 ἐπὶ
1187 1545 1275 1582 τούτῳ
1300 1547 1491 1583 λαμπρότητος
1512 1548 1562 1575 οὐκ
1579 1548 1745 1576 ὲκκείσεται.
1763 1547 1794 1575 El
1820 1548 1848 1575 δὲ
1876 1549 1911 1574 τὺ

1120 1601 1130 1617 ‹
1150 1591 1252 1618 ἄνωθεν
1272 1602 1282 1618 ι
1299 1592 1388 1619 οἴεσθε
1403 1593 1457 1620 δεῖν
1475 1603 1484 1619 ι
1500 1594 1531 1626 ἐξ
1547 1593 1662 1629 οὐρανοῦ
1682 1603 1692 1620 ι
1709 1593 1910 1629 λαμϐάνεσθαι,

1116 1636 1237 1670 λεγέσθω
1253 1637 1300 1664 καὶ
1324 1638 1370 1664 ἐπὶ
1385 1638 1485 1670 παντὸς
1508 1639 1624 1673 ἀγγέλου
1640 1639 1689 1666 καὶ
1704 1639 1845 1674 δυνάμεως
1864 1638 1912 1665 λο-

1116 1683 1197 1718 γικῆς
1215 1684 1231 1719 ἡ
1253 1683 1337 1716 λέξις
1360 1684 1485 1720 ἔρχονται
1505 1685 1559 1721 γὰρ
1582 1685 1620 1717 ὡς
1636 1686 1711 1721 ἡμᾶς
1723 1685 1754 1717 ὲξ
1774 1684 1909 1721 οὐρανῶν,

1116 1728 1163 1755 καὶ
1173 1728 1360 1761 ἀναϐαίνουσι,
1379 1731 1426 1757 καὶ
1447 1731 1670 1763 καταϐαίνουσιν,
1688 1730 1726 1762 ὦς
1748 1730 1798 1756 πού
1813 1738 1909 1765 φησιν·

1135 1782 1144 1798 ι
1167 1774 1229 1801 Ἐπὶ
1251 1775 1296 1801 τὸν
1316 1776 1380 1802 Υἱδν
1394 1776 1440 1802 τοῦ
1461 1776 1616 1812 ἀνθρώπου.
1633 1786 1643 1802 ι
1664 1777 1696 1803 Τί
1712 1774 1758 1803 οὖν
1778 1776 1832 1811 ἄρα
1848 1777 1912 1803 ἐστὶ

1115 1819 1145 1845 τὸ
1170 1820 1215 1846 τὸν
1238 1821 1373 1856 μακάριον
1401 1821 1557 1857 Βαπτιστὴν
1583 1822 1728 1855 πεπεικδς,
1750 1822 1782 1849 τὸ
1799 1822 1913 1855 πολλοῖς

1115 1865 1223 1901 ἕτοιμον
1256 1868 1295 1898 είς
1324 1867 1449 1899 ἐξουσίαν
1475 1868 1614 1895 ἀναθεῖναι
1643 1869 1716 1904 μόνῳ
1742 1868 1804 1895 κατ’
1831 1867 1912 1901 ἐξαί-

1115 1918 1193 1945 ρετον
1215 1910 1253 1946 τῷ
1275 1912 1342 1946 Υίῷ,
1364 1912 1412 1938 καὶ
1433 1912 1470 1944 ὡς
1486 1914 1529 1947 ἐφ’
1558 1913 1616 1945 ἑνὸς
1636 1913 1683 1940 τοῦ
1707 1913 1812 1941 ἄνωθεν
1823 1921 1912 1940 κατα-

1114 1955 1250 1987 ϐαίνοντος
1262 1957 1360 1989 είπεῖν,
1375 1966 1385 1982 ι
1406 1957 1435 1984 '0
1445 1957 1545 1984 ἄνωθεν
1561 1958 1724 1994 ὲρχόμενος;
1741 1968 1751 1984 ι
1766 1959 1843 1994 Χρῆν
1851 1959 1915 1995 γὰρ

1113 2002 1198 2038 δήπου
1212 2003 1421 2033 κοινοποιεῖσοαι
1433 2005 1488 2036 τοῖς
1501 2004 1590 2036 ἄλλοις
1602 2005 1632 2031 τὸ
1645 2005 1753 2040 ἀξίωμα
1764 2025 1773 2038 ,
1782 2004 1910 2039 λέγοντι-ι’

1116 2058 1126 2075 ι
1146 2041 1177 2075 σι
1194 2049 1297 2077 ἀνωθεν
1309 2050 1464 2086 ἐρχόμενοι,
1479 2051 1572 2077 ἐπάνω
1586 2050 1695 2079 πάντων
1708 2050 1788 2078 εἰσιν.
1804 2060 1815 2076 ι
1834 2050 1913 2078 Ἀλλ’

1112 2092 1184 2122 οἶδεν
1207 2095 1247 2122 ἐνὶ
1262 2096 1300 2131 τῷ
1318 2096 1375 2131 Υῑῴ
1387 2096 1417 2124 τὸ
1441 2098 1517 2133 ῥῆμα
1533 2096 1771 2132 χρεωστοὺμενον,
1797 2097 1834 2128 ὡς
1856 2097 1911 2130 τῆς

1112 2140 1242 2168 ἀνωτάτω
1261 2141 1339 2177 ῥίζης
1355 2142 1532 2176 ἐκπεφυκότι.
1549 2142 1607 2169 Οὐκ
1627 2142 1681 2177 ἄρα
1699 2141 1730 2168 τὸ
1748 2150 1757 2167 ι
1776 2141 1880 2170 ἄνωθεν
1896 2151 1907 2168 ι

1114 2185 1241 2220 σημαίνει
1255 2185 1285 2212 τδ
1303 2195 1312 2212 ι
1331 2184 1361 2218 ἐξ
1374 2186 1500 2221 cepas/05’
1525 2195 1535 2212 ι
1552 2186 1714 2222 νοηθήσεται
1728 2186 1766 2219 δὲ,
1780 2185 1913 2222 καθάπερ

1113 2231 1163 2266 ἤδη
1182 2231 1359 2268 προείπομεν,
1376 2232 1495 2264 εὐσεϐῶς
1507 2241 1537 2259 τε
1557 2232 1605 2259 καὶ
1625 2232 1743 2268 άληθῶς.
1768 2231 1831 2263 Πῶς
1851 2231 1916 2267 γὰρ

1113 2276 1180 2309 ὅλως
1197 2277 1273 2304 ἔσται
1287 2278 1334 2304 καὶ
1347 2278 1440 2304 ἐπάνω
1459 2278 1581 2311 πάντων,
1595 2278 1620 2305 εί
1639 2278 1677 2313 μὴ
1695 2278 1726 2304 τὸ
1747 2278 1779 2306 ἐκ
1798 2277 1914 2312 Harpe;

1114 2321 1241 2357 σημαίνει
1256 2322 1286 2348 τὸ
1305 2330 1315 2348 ι
1337 2323 1450 2356 ἄνωθεν,
1467 2332 1475 2349 ι
1493 2323 1562 2350 ἀλλὰ
1573 2323 1674 2359 μᾶλλον
1683 2323 1715 2350 τὸ
1724 2323 1753 2356 ἐξ
1769 2322 1914 2358 οὺρανοῦ;

1116 2368 1212 2395 Ἔσται
1228 2367 1292 2402 γὰρ,
1307 2368 1339 2395 ἂν
1351 2369 1438 2401 οὕτως
1450 2369 1509 2406 ἔχῃ,
1521 2370 1568 2396 καὶ
1584 2370 1699 2402 ἕκαστος
1712 2369 1767 2398 τῶν
1780 2368 1915 2403 ἀγγέλων

1115 2412 1208 2439 ἐπάνω
1233 2413 1353 2446 πάντων,
1372 2414 1410 2446 ὡς
1432 2415 1537 2442 ἐκεῖθεν
1558 2415 1715 2450 ἐρχόμενος
1741 2414 1858 2441 ἑκάστου
1878 2415 1914 2441 δὲ

1114 2457 1305 2492 διαφεύγοντος
1330 2459 1360 2486 τὸ
1388 2460 1594 2497 ὲναριϐμεῖσθαι
1625 2463 1681 2493 τοῖς
1713 2461 1817 2492 πᾶσιν,
1850 2461 1916 2488 ἀπὸ

1113 2504 1193 2531 τίνων
1209 2504 1249 2531 ἔτι
1266 2504 1296 2532 τὸ
1317 2516 1325 2532 ι
1342 2507 1431 2534 πάντα
1452 2517 1461 2531 ι
1486 2507 1702 2543 συναχθήσεταῌ
1719 2508 1754 2534 Ἣ
1772 2506 1830 2538 πῶς
1843 2507 1879 2533 ἂν
1898 2509 1913 2533 ό

1113 2550 1159 2576 τοῦ
1173 2560 1182 2577 ι
1201 2551 1290 2579 πάντα
1308 2561 1317 2578 ι
1340 2552 1419 2586 λόγος
1444 2553 1572 2589 ἀκέραιος
1588 2553 1742 2588 διαμείναι,
1763 2552 1915 2584 διασώζων

1112 2597 1244 2631 ἀκριϐῶς,
1265 2597 1279 2624 ὅ
1298 2598 1442 2634 σημαίνειν
1463 2599 1599 2634 βούλεται,
1622 2598 1757 2633 τοσαύτης
1781 2597 1916 2631 ἀγγέλου

1112 2642 1305 2679 ἀποφοιτὼσης
1321 2644 1451 2679 πληθύος,
1467 2644 1514 2671 καὶ
1528 2643 1721 2680 παραλυούσης
1736 2642 1784 2669 τοῦ
1806 2651 1815 2668 ι
1839 2643 1917 2668 πάν-

1111 2696 1144 2713 τα
1162 2696 1170 2713 ι
1192 2687 1238 2714 τὸν
1254 2688 1332 2724 ὃρον;
1348 2689 1447 2716 Οὐκέτι
1461 2689 1514 2725 γάρ
1542 2689 1641 2722 πάντα,
1661 2686 1795 2724 μενόντων
1813 2686 1913 2717 ὲκτδς,

1110 2732 1191 2768 οἵπερ
1208 2730 1278 2768 ἦσαν
1295 2734 1324 2760 ὲν
1347 2735 1440 2762 πᾶσιν.
1471 2734 1501 2762 '0
1525 2734 1553 2761 δέ
1576 2742 1608 2768 γε
1631 2733 1758 2769 ἀρῤήτως
1781 2733 1814 2758 ἐκ
1835 2730 1918 2759 θεοῦ
