4040 6214
269 259 382 321 269

1359 260 1424 316 ΙΝ
1450 261 1736 319 JOAN‘NIS
1761 260 2200 318 EVANGELIUM
2239 262 2366 317 Lllt.
2409 262 2474 319 11.

3437 277 3543 333 270

269 379 492 450 [ἰατρὸς
527 377 840 450 διαλάμψας
873 378 1050 448 λόγος,
1084 378 1396 442 ἰδιάζουσαν
1426 379 1564 449 ἔχων
1593 381 1690 448 τὴν
1715 379 1842 433 ἄνω·

1966 378 2076 435 Deo
2099 379 2256 434 Patre
2282 378 2505 447 eli‘ulsit,
2527 380 2858 450 peculiarem
2887 382 3100 441 habens
3131 384 3277 440 illam
3309 402 3543 457 superne

268 469 367 522 θεν
407 469 683 540 γέννησιν,
717 470 812 523 καὶ
843 470 1098 542 καθάπερ
1138 469 1246 524 ἀπὸ
1279 471 1460 542 πηγῆς
1489 471 1587 540 τῆς
1620 470 1712 523 τοῦ
1749 471 1861 523 Πα-

265 561 405 630 τρὺς
473 559 662 624 οὐσίας
727 559 1016 632 ὑπάρχων,
1073 559 1370 632 ἐρχόμενος
1437 559 1538 613 οὐκ
1613 559 1862 631 ἀδικήσει

264 652 351 714 τδ,
389 652 591 718 πάντα,
613 651 674 704 τὸ
697 652 756 705 ὲν
776 654 944 706 πᾶσιν
962 652 1038 716 ὡς
1070 651 1238 724 μέρος
1263 651 1520 721 τετάχθαι
1549 651 1826 720 διαφυγών
1845 666 1858 680 ’

265 738 426 793 ἔσται
481 740 540 793 δὲ
586 740 790 811 μᾶλλον
839 741 1027 794 ἐπάνω
1079 741 1317 804 πάντων,
1372 741 1448 804 ὡς
1490 741 1676 810 ἔτερος
1728 740 1860 810 παρ’

263 833 432 896 αὑτά,
466 833 564 886 καὶ
605 832 787 903 φύσει,
827 834 924 886 καὶ
969 833 1196 902 δυνάμει
1234 831 1550 901 θεοπρεπεῖ,
1601 834 1698 885 καὶ
1747 835 1861 896 τοῖς

262 926 452 990 ἄλλοις
473 927 568 980 τοῦ
599 927 958 999 γεννήσαντος
981 925 1286 997 ίδιῶμασιν.
1304 925 1444 979 Ἀλλ’
1463 925 1647 998 ἐροῦσι
1672 925 1856 996 τυχὸν,

260 1017 368 1080 τὰς
402 1020 466 1072 ὲκ
511 1019 614 1088 τῆς
655 1018 884 1090 ἐρεύνης
927 1019 1159 1081 ἀτοπίας
1186 1019 1618 1090 δυσωπούμενοι·
1659 1019 1724 1074 Εἰ
1759 1036 1857 1088 ση-

263 1110 454 1178 μαίνει
477 1111 540 1162 τδ
566 1127 586 1160 ι
627 1109 832 1164 ἀνωθεν
881 1129 900 1162 ι
942 1110 1003 1164 τδ
1037 1110 1100 1175 ἐξ
1131 1110 1397 1182 οὐρανῶν,
1421 1111 1528 1164 ἀπὸ
1574 1109 1676 1180 τῆς
1704 1111 1857 1164 ἑνού-

264 1218 372 1272 σης
397 1201 546 1272 αὐτῷ
564 1202 707 1255 κατὰ
740 1203 958 1256 πάντων
988 1204 1282 1274 ὑπεροχῆς.
1307 1202 1442 1274 Φέρε
1470 1203 1534 1274 δὴ
1556 1198 1670 1268 οὖν,
1695 1203 1856 1276 ἀκρι-

261 1291 529 1361 ϐέστερον
575 1291 964 1361 βασανίζοντες
1013 1291 1109 1345 τοῦ
1139 1292 1437 1362 λεγομένου
1469 1291 1568 1362 τὴν
1606 1291 1854 1362 δύναμιν,

261 1381 470 1450 ῐδωμεν
491 1382 662 1435 πάλιν
696 1385 774 1446 είς
803 1385 956 1436 ποῖον
984 1383 1170 1447 αὐτοῖς
1210 1383 1573 1455 καταστρέψει
1613 1383 1768 1447 τέλος
1793 1383 1856 1436 τὸ

259 1470 599 1541 ἐγχείρημα.
629 1471 854 1543 Πρῶτον
874 1473 974 1544 μὲν
988 1467 1081 1527 οὖν
1102 1473 1315 1544 άμαθές
1336 1490 1400 1526 ,τε
1415 1473 1512 1526 καὶ
1539 1472 1855 1543 ἀδιανόητον

257 1563 487 1632 κομιδῇ,
532 1563 594 1615 τὸ
640 1564 801 1616 αὑτὸν
844 1564 910 1616 ἐκ
953 1562 1047 1616 τοῦ
1079 1563 1282 1618 οίκείου
1320 1561 1501 1632 λέγειν
1544 1562 1855 1634 ἀξιώματος

259 1653 525 1723 ἔρχεσθαι
555 1654 649 1708 τὸν
669 1655 816 1721 Υίὸν,
850 1656 944 1709 καὶ
969 1655 1159 1729 ὥσπερ
1180 1655 1290 1711 άπό
1316 1672 1462 1719 τινος
1484 1656 1674 1723 τόπου,
1703 1656 1737 1728 ἢ
1761 1658 1858 1711 καὶ

1968 470 2405 539 generationem,
2433 479 2488 527 et
2516 487 2582 526 ex
2613 471 2796 529 Patris
2835 474 3143 531 substantia
3183 485 3444 550 tanquam
3476 497 3541 535 ex

1966 561 2115 616 l'onte
2159 577 2411 627 manans,
2441 564 2580 618 nihil
2609 565 2921 622 detrimenti
2981 569 3136 641 163
3170 573 3427 629 omnibus
3459 573 3543 628 ai-

1965 653 2121 719 feret,
2158 669 2284 709 cum
2318 656 2372 710 in
2412 657 2660 710 omnium
2717 673 2948 714 numero
2985 667 3246 732 tanquam
3288 679 3415 734 pars
3449 681 3542 720 eo-

1963 757 2086 797 rum
2126 758 2251 799 csse
2299 754 2578 814 nequeat:
2609 747 2702 801 sed
2743 747 2848 802 erit
2885 749 3068 817 potius
3108 765 3276 819 supra
3331 753 3560 819 omnm,‘

1963 842 2223 906 tanquam
2275 837 2420 892 aliud
2466 839 2536 893 ab
2565 839 2725 908 ipsis,
2757 855 2880 894 cum
2927 851 3146 906 natura,
3178 854 3293 897 tum
3337 844 3538 901 virtute

1960 924 2168 992 divina,
2191 926 2426 997 aliisque
2451 929 2719 998 genitoris
2742 931 3190 1000 proprietatibus.
3214 933 3318 991 Sed
3346 950 3535 1000 earum

1961 1017 2364 1074 absurditatum
2403 1021 2615 1090 pudore
2658 1021 2875 1078 confusi
2908 1024 3095 1080 forsan
3135 1025 3400 1096 objicient
3432 1049 3444 1083 :
3479 1029 3534 1084 Si

1967 1125 1984 1157 ι
2024 1105 2316 1162 desursum
2356 1125 2374 1158 ι
2415 1108 2559 1163 idem
2610 1118 2695 1165 est
2740 1125 2804 1166 ac
2854 1114 2920 1167 de
2972 1114 3142 1179 coelo,
3179 1129 3245 1168 ex
3292 1131 3358 1171 eo
3391 1121 3537 1188 quod

1959 1197 2233 1255 universis
2264 1199 2658 1269 supereminet,
2695 1201 2749 1255 id
2783 1203 3075 1274 signiﬁcat.
3115 1205 3358 1276 Agedum
3400 1225 3536 1280 ergo

1957 1289 2069 1343 vim
2118 1289 2268 1345 illius
2314 1289 2444 1343 dicti
2497 1295 2812 1347 accuratius
2860 1297 3281 1364 perpendentes,
3315 1316 3534 1356 rursum

1954 1380 2244 1436 videamus
2282 1396 2446 1450 quem
2495 1384 2700 1437 exitum
2757 1385 2996 1440 habituri
3043 1388 3152 1442 sint
3204 1395 3394 1446 eorum
3437 1411 3532 1448 co-

1954 1477 2140 1526 natus.
2174 1470 2421 1527 Primum
2453 1472 2641 1543 itaque
2667 1475 2906 1544 imperiti
2955 1492 3018 1531 ac
3061 1480 3221 1548 plane
3265 1484 3534 1540 dementis

1954 1570 2040 1619 est
2071 1563 2276 1630 dicere,
2313 1561 2516 1618 Filium
2547 1565 2726 1634 ipsum
2764 1581 2793 1620 a
2829 1579 2928 1621 sua
2960 1570 3226 1639 dignitate
3253 1576 3452 1639 venire,
3479 1587 3533 1630 et

1955 1653 2108 1708 velut
2140 1668 2208 1709 ex
2238 1654 2422 1723 aliquo
2445 1653 2588 1721 loco,
2616 1656 2732 1710 sive
2761 1656 2926 1710 etiam
2952 1659 3096 1713 velut
3127 1675 3191 1714 ex
3223 1678 3331 1715 uno
3362 1680 3529 1718 unum

259 1743 344 1803 ὡς
371 1745 430 1809 ἐξ
451 1745 587 1810 ὲνὺς,
610 1743 708 1797 ἕνα
733 1745 824 1798 τὸν
853 1745 1018 1799 αὐτὸν
1046 1746 1110 1798 ὲκ
1137 1745 1238 1816 τῆς
1283 1745 1420 1808 ιδίας
1453 1746 1729 1817 ὑπεροχῆς
1773 1747 1842 1810 είς

1954 1743 2206 1799 eumdem
2264 1759 2333 1799 ex
2382 1759 2482 1799 sua
2539 1745 2838 1801 eminentia
2877 1749 3084 1814 venire,
3125 1762 3183 1804 ut
3235 1755 3308 1807 sit
3363 1770 3530 1825 supra

256 1835 327 1886 τὸ
356 1836 542 1889 ἐπάνω
573 1836 794 1890 πάντων
817 1832 956 1890 εῖναι
1009 1837 1267 1907 βαδίζειν.
1309 1836 1457 1907 Πρὸς
1481 1836 1537 1890 δέ
1577 1854 1642 1906 γε
1673 1837 1849 1907 τούτῳ

257 1922 425 1992 κάγὼ
461 1924 739 1995 πυθοίμην
796 1925 864 1979 ἂν
913 1925 1106 1996 ἥδιστα
1152 1925 1274 1979 λίαν
1307 1924 1508 1992 αὐτῶν,
1549 1927 1648 1997 τὴν
1707 1925 1849 1980 κατά

265 2017 494 2070 πάντων
527 2015 805 2088 ὑπεροχὴν
829 2055 845 2080 ,
878 2015 1108 2088 πότερόν
1144 2034 1275 2071 ποτε
1320 2017 1583 2073 δώσουσιν
1614 2018 1844 2090 οὐσιώδη

255 2105 360 2156 καὶ
414 2105 784 2176 ἀναφαίρετον
847 2103 926 2175 τῷ
978 2105 1133 2175 Υίῷ,
1197 2107 1230 2177 ἢ
1290 2107 1847 2177 προσπεπορισμένην

252 2193 462 2259 ἔξωθεν
486 2196 628 2249 κατά
676 2194 836 2264 λόγον
879 2195 972 2250 τοῦ
1024 2197 1450 2268 συμϐεδηκότος.
1493 2199 1556 2251 Εἰ
1611 2199 1710 2268 μὲν
1753 2195 1846 2253 οὖν

253 2287 554 2358 ἐπίκτητον
598 2289 743 2360 ἔχειν
793 2289 1012 2360 ἐροῦσιν
1047 2290 1211 2344 αὐτὸν
1266 2291 1364 2360 τὴν
1415 2290 1710 2362 ὑπεροχὴν,
1753 2291 1847 2346 καὶ

250 2378 521 2442 ἐπακτοῖς
581 2379 1036 2451 ὲπισεμνύνεσθαι
1082 2383 1196 2443 τοῖς
1258 2377 1584 2452 ἀξιώμασιν,
1630 2381 1843 2450 ἀνάγκη

249 2471 686 2540 προσοιιολογεῖν
712 2471 918 2543 ἔρημόν
946 2489 1078 2524 ποτε
1107 2471 1267 2540 δόξης
1298 2469 1435 2524 εἶναι
1465 2472 1724 2525 δύνασθαι
1753 2472 1843 2527 τὸν

248 2562 561 2630 Μονογενῆ,
614 2563 712 2616 καὶ
751 2564 852 2633 τὴν
889 2564 1209 2633 ἐπίκτητον,
1267 2563 1343 2624 ὡς
1394 2562 1595 2616 ἐκεῖνοί
1654 2579 1839 2632 φασιν,

247 2652 628 2705 ἀποδύσασθαι
654 2652 834 2724 χάριν,
861 2654 954 2706 καὶ
985 2653 1049 2706 τὸ
1088 2652 1272 2706 ἐπάνω
1312 2654 1528 2706 πάντων
1563 2649 1702 2707 εἶναι
1749 2653 1844 2727 ζη-

253 2741 556 2810 μιωθέντα,
605 2743 896 2812 φαίνεσθαι
925 2743 1130 2814 γυμνὸν
1157 2735 1241 2814 ’ἧς
1296 2745 1421 2814 ἄρτι
1472 2743 1842 2814 θαυμάζουσιν

250 2831 552 2904 ὑπεροχῆς,
575 2835 734 2906 εἴπερ
771 2837 890 2888 ἐστὶ
917 2835 978 2887 τὸ
1024 2835 1372 2905 συμϐεϐηκὸς
1395 2835 1722 2903 ἀπόϐλητον,
1754 2836 1840 2888 ὅτε

253 2923 338 2992 μὴ
352 2924 452 2993 τῆς
464 2924 525 2975 οὒ
533 2923 649 2987 σίας
667 2923 900 2977 ἅπτεται
917 2924 1011 2977 τοῦ
1027 2923 1406 2993 ὑποκειμένους
1419 2925 1611 2975 Ἔσται
1624 2939 1842 2992 τοιγαρ-

248 3014 354 3066 οῦν
385 3014 660 3083 μεταὸολὴ
701 3014 799 3068 καὶ
837 3014 1122 3078 ἀλλοίωσις
1147 3015 1276 3085 περὶ
1307 3014 1397 3067 τὸν
1419 3013 1565 3066 Υίόψ
1597 3013 1693 3066 καὶ
1725 3013 1840 3064 δια-

244 3100 514 3170 ψεύσεται
559 3082 656 3172 μὲν
691 3103 920 3166 είκαίοις
963 3102 1125 3156 αὑτὸν
1173 3082 1503 3172 ἀναμέλπων
1543 3103 1782 3174 ῥήμασιν
1809 3103 1838 3153 δ
1863 3082 1907 3140 C

245 3192 528 3258 Μελῳδόςο
565 3212 582 3244 ι
607 3191 672 3247 Οί
695 3193 918 3265 οὐρανοὶ
956 3193 1300 3258 ἀπολοῦνται,
1343 3194 1408 3245 σὺ
1429 3194 1486 3245 δὲ
1538 3193 1832 3262 διαμένεις,

247 3284 350 3336 καὶ
391 3285 592 3349 πάντες
640 3285 716 3348 ὡς
758 3285 972 3355 ἱμάτιον
1020 3285 1516 3355 παλαιωθήσονται,
1567 3287 1660 3338 καὶ
1705 3286 1837 3338 ὡσεὶ

247 3369 599 3440 περιϐόλαιον
644 3373 837 3438 ἑλίξεις
879 3373 1096 3437 αὑτοὺς,
1144 3375 1239 3426 καὶ
1289 3374 1688 3444 ἀλλαγήσονται
1723 3393 1740 3407 ο
1773 3375 1836 3428 σὺ

242 3462 310 3514 δὲ
342 3465 370 3514 ὁ
393 3463 560 3526 αὑτὸς
586 3462 654 3527 εἴ,
682 3467 778 3522 καὶ
805 3467 874 3518 τὰ
920 3465 1013 3536 ἐτη
1045 3484 1140 3519 σου
1171 3467 1272 3519 οὑκ
1296 3466 1620 3536 ἐπιλείψουσι.
1670 3486 1689 3518 ι
1725 3465 1834 3520 Ποῦ

244 3552 363 3622 γὰρ
389 3555 419 3605 ὁ
446 3552 629 3618 αὐτὸς,
666 3557 715 3607 εί
745 3555 1074 3625 μεταπίπτει
1108 3556 1210 3609 σὺν
1229 3558 1383 3626 ἡμῖν,
1409 3556 1504 3608 καὶ
1533 3555 1690 3608 τοῦτο
1713 3558 1835 3620 ταῖς

247 3644 337 3704 είς
384 3643 453 3694 τὰ
488 3644 660 3714 χείρω
700 3645 1025 3713 μεταδολαίς
1057 3665 1070 3710 ;
1105 3647 1300 3717 Μάτην
1335 3647 1418 3711 δὲ,
1445 3647 1520 3710 ὡς
1543 3647 1706 3710 εἰκὸς.
1739 3647 1835 3700 καὶ

245 3732 416 3792 αὐτὸς
458 3734 543 3800 ἐφ’
593 3733 770 3801 ἑαυτῷ
812 3735 1286 3804 κατασεμνύνεται
1335 3735 1528 3802 λέγων’
1588 3756 1604 3787 ι
1640 3736 1828 3801 Ἴδετε,

246 3823 410 3884 (Este,
439 3823 521 3875 ὅτι
552 3821 661 3891 ἐγώ
681 3825 818 3892 εἰμι,
855 3825 950 3878 καὶ
989 3825 1088 3877 οὐκ
1114 3825 1229 3878 ἔστι
1262 3826 1390 3889 Θεὸς
1435 3827 1571 3896 πλὴν
1606 3826 1761 3897 ἐμοῦ.
1807 3845 1825 3876 ο

245 3913 374 3976 Πῶς
413 3915 471 3968 δὲ
507 3915 630 3986 οὐχὶ
655 3917 752 3970 καὶ
791 3918 872 3980 είς
920 3918 1082 3971 αὑτὸν
1121 3918 1456 3990 ἀναϐήσεται
1492 3921 1582 3973 τὸν
1618 3923 1834 3992 Πατέρα

245 4005 318 4058 τὰ
345 4007 442 4059 τοῦ
473 4007 816 4078 Γεννήματος
855 4010 1028 4081 πάθη,
1079 4012 1371 4082 χαρακτὴρ
1407 4013 1564 4083 εἴπερ
1588 4013 1705 4066 ἐστὶ
1739 4013 1832 4066 καὶ

245 4097 416 4151 εἰκὼν
453 4099 872 4169 ἀπαράλλακτος
903 4103 1110 4168 αὑτοῦ;
1165 4104 1359 4157 Ἔσται
1392 4103 1455 4173 δὴ
1493 4098 1588 4155 οῦν
1609 4103 1834 4156 ἀλλοιω-

245 4188 339 4251 to;
373 4189 476 4258 μὲν
503 4192 635 4259 ἡμῖν
675 4193 703 4244 ὁ
730 4191 863 4254 Θεὸς
912 4193 1006 4245 καὶ
1058 4195 1268 4264 Πατὴρ,
1293 4194 1406 4266 ἔχει
1435 4193 1491 4246 δὲ
1531 4209 1834 4264 προσγεγο-

248 4283 418 4345 νὸτως
475 4283 576 4353 τὴν
617 4283 760 4338 κατὰ
795 4285 1011 4339 πάντων
1053 4285 1346 4356 ὑπεροχὴν,
1388 4286 1486 4338 καὶ
1537 4285 1724 4338 σιωπῶ
1771 4285 1833 4338 τὸ

1950 1835 2157 1889 omnia.
2189 1834 2453 1891 Praeterea
2477 1851 2579 1907 ego
2613 1838 2812 1893 lubens
2844 1839 2912 1895 ab
2937 1842 3068 1910 ipsis
3101 1844 3310 1912 petiero
3347 1856 3528 1901 utrum

1951 1919 2104 1974 illam
2158 1937 2328 1993 supra
2387 1925 2571 1978 omnia
2605 1926 2958 1980 eminentiam
2990 1930 3170 1984 daturi
3228 1935 3340 1988 sint
3397 1938 3531 1989 sub-

1951 2011 2288 2076 stantialem,
2326 2021 2378 2068 et
2419 2029 2541 2083 qua:
2597 2013 2799 2071 auferri
2859 2033 2968 2072 non
3026 2023 3199 2090 possit
3244 2022 3404 2088 Filio,
3459 2043 3526 2080 an

1948 2103 2124 2158 instar
2179 2103 2478 2160 accidentis
2534 2109 2884 2163 extrinsecus
2946 2111 3238 2166 invectam.
3287 2115 3344 2169 Si
3398 2132 3528 2188 ergo

1947 2193 2184 2247 ascititia
2216 2194 2502 2263 praeditum
2533 2199 2712 2265 ipsum
2755 2213 2877 2253 esse
2905 2199 3093 2256 dicent
3127 2204 3444 2271 eminentia,
3473 2216 3528 2262 et

1946 2283 2263 2340 adventitiis
2310 2285 2616 2342 honoribus
2653 2288 2900 2356 gloriari,
2935 2305 3163 2347 necesse
3213 2295 3322 2350 erit
3365 2312 3526 2366 porro

1947 2371 2104 2428 fateri
2139 2375 2497 2444 Unigenilum
2558 2379 2731 2447 gloria
2760 2382 3093 2451 quandoque
3122 2400 3282 2454 posse
3313 2402 3524 2452 carere,

1944 2470 1999 2519 et
2032 2466 2381 2534 acquisitam,
2417 2475 2477 2521 ut
2516 2468 2620 2538 ipsi
2672 2469 2998 2540 loquuntur,
3029 2488 3234 2532 exuere
3264 2479 3522 2547 gratiam,

1943 2560 1999 2610 et
2031 2556 2122 2609 illa
2162 2559 2480 2613 excellentia
2518 2575 2684 2629 supra
2716 2576 2804 2615 res
2839 2577 3030 2618 omnes
3085 2566 3361 2631 orbatum,
3399 2585 3526 2637 spo-

1946 2646 2064 2701 liari
2088 2663 2154 2702 ea
2182 2663 2344 2718 quam
2374 2650 2535 2704 modo
2574 2651 2846 2706 mirantur
2879 2655 3228 2719 excellentia,
3249 2658 3523 2726 siquidem

1945 2739 2203 2794 accidens
2236 2741 2418 2793 amitti
2462 2749 2642 2809 potest
2679 2744 2903 2812 quando
2934 2759 2964 2798 e
2999 2747 3234 2816 subjecti
3286 2763 3394 2802 non
3427 2750 3524 2804 de-

1942 2828 2143 2899 pendet
2178 2831 2439 2884 essentia.
2486 2829 2715 2884 Mutatio
2756 2832 2926 2902 igitur
2971 2842 3025 2888 et
3078 2837 3332 2890 alteratio
3364 2839 3524 2894 cadet

1944 2921 1998 2973 in
2045 2916 2262 2983 Filium,
2297 2929 2352 2974 et
2394 2922 2656 2975 mentitur
2680 2920 2976 2978 Psalmista
3017 2925 3148 2979 dum
3196 2930 3350 2982 vanis
3397 2945 3522 2985 eum

1944 3020 2109 3064 ornat
2139 3012 2396 3065 laudibus
2423 3016 2474 3065 in
2519 3011 2666 3066 hunc
2703 3013 2923 3067 modum
2959 3033 2972 3068 :
3012 3035 3029 3065 ι
3073 3017 3210 3070 Coeli
3243 3020 3518 3086 peribunt,

1943 3111 2000 3154 tu
2042 3111 2227 3157 autem
2261 3118 2570 3172 permanes.
2611 3111 2664 3157 et
2703 3119 2894 3159 omnes
2944 3106 3088 3159 sicut
3133 3111 3519 3164 vestimentum

1943 3201 2310 3258 veterascen-t,
2339 3202 2392 3246 et
2421 3195 2565 3247 sicut
2589 3195 2930 3263 Opertorium
2956 3197 3143 3251 volves
3176 3214 3293 3262 eos,
3317 3209 3372 3253 et
3397 3216 3518 3254 mu-

1942 3287 2204 3340 tabuntur
2236 3303 2251 3342 :
2282 3293 2339 3338 tu
2380 3293 2563 3339 autem
2596 3287 2738 3340 idem
2773 3302 2855 3349 es,
2885 3295 2938 3343 et
2969 3291 3097 3343 anni
3134 3291 3214 3343 tui
3246 3305 3353 3344 non
3381 3292 3518 3347 dell-

1941 3376 2086 3431 cient
2121 3377 2185 3432 ³³.
2227 3397 2248 3428 ι
2290 3377 2578 3442 Quomodo
2627 3377 2772 3432 enim
2821 3379 2962 3432 idem
3007 3380 3131 3445 erit,
3180 3381 3226 3434 si
3278 3382 3519 3436 concidit

1939 3468 2250 3530 nobiseum,
2277 3469 2440 3538 idque
2472 3469 2872 3523 mutationibus
2909 3469 2962 3522 in
2985 3469 3266 3524 deterius?
3289 3469 3518 3528 Frustra

1938 3567 2147 3622 autem,
2176 3567 2234 3611 ut
2265 3567 2510 3628 apparet,
2553 3559 2620 3612 de
2663 3575 2721 3614 se
2750 3561 2914 3613 etiam
2955 3560 3070 3628 ipse
3109 3561 3396 3630 gloriatur,
3431 3564 3516 3616 di~

1939 3665 2113 3706 cens:
2149 3671 2167 3702 ι
2207 3649 2418 3716 Videte,
2464 3650 2665 3714 videte,
2697 3652 2823 3720 quia
2868 3666 2970 3722 ego
3015 3667 3162 3718 sum,
3199 3661 3253 3706 et
3288 3668 3395 3705 non
3431 3661 3516 3707 est

1940 3741 2084 3798 Deus
2109 3750 2308 3812 praeter
2332 3759 2416 3798 me
2438 3743 2505 3796 “.
2549 3763 2566 3794 ι
2603 3741 2896 3809 Quomodo
2930 3757 3060 3797 vero
3094 3758 3200 3795 non
3231 3745 3296 3795 ad
3334 3744 3512 3812 ipsum

1939 3848 2157 3902 quoque
2184 3834 2400 3887 Patrem
2429 3832 2556 3887 Filii
2591 3834 2926 3886 mutationes
2949 3833 3322 3901 pertinebunt,
3342 3833 3515 3900 siqui-

1937 3925 2058 3978 dem
2103 3935 2187 3978 est
2209 3924 2498 3977 character
2521 3931 2575 3976 et
2609 3923 2790 3990 imago
2827 3920 2946 3989 ejus
2994 3936 3091 3989 per
3129 3923 3310 3975 omnia
3360 3923 3514 3975 simi-

1937 4013 2005 4068 lis
2033 4013 2115 4067 "?
2141 4013 2254 4067 Erit
2290 4012 2462 4082 igitur
2493 4011 2777 4066 mutabilis
2801 4010 2959 4064 nobis
2994 4009 3135 4066 Deus
3160 4026 3221 4065 ac
3247 4010 3426 4075 Pater,
3457 4020 3513 4065 et

1937 4107 2288 4161 adventitiam
2311 4103 2538 4159 habebit
2566 4118 2732 4172 supra
2759 4117 2843 4157 res
2869 4116 3060 4157 omnes
3083 4103 3463 4158 excellentiam
3493 4121 3509 4158 :

1937 4198 2146 4267 reliqua
2177 4206 2354 4252 taceo.
2380 4195 2670 4264 Exemplar
2695 4194 2898 4262 quippe
2926 4193 3027 4246 sibi
3060 4208 3180 4261 quae
3211 4201 3337 4246 sunt
3371 4192 3511 4245 ima-

1936 4287 2080 4357 ginis
2111 4284 2424 4340 necessario
2468 4283 2794 4337 vindicabit.
2825 4279 2929 4335 Sed
2965 4288 3239 4334 tantarum
3273 4281 3512 4350 indigni-

245 4372 591 4443 λειπόμενον.
626 4377 981 4430 Οίκειώσεται
1033 4377 1144 4448 γὰρ
1175 4377 1252 4441 ὡς
1289 4379 1348 4443 ἐξ
1379 4377 1624 4446 ἀνάγκης
1673 4376 1742 4429 τὰ
1771 4377 1829 4428 ἐν

1945 4384 2108 4431 latum
2143 4383 2196 4430 et
2225 4373 2629 4428 absurditatum
2665 4372 2896 4424 horrore
2935 4369 3064 4422 tacti
3101 4367 3510 4436 respondebunt

246 4466 311 4533 τῇ
354 4465 530 4518 εἰκόνι
583 4463 646 4517 τὸ
685 4465 1013 4535 ἀρχέτυπον.
1060 4465 1198 4518 Ἀλλ’
1245 4464 1541 4533 ἐπίκτητον
1589 4463 1688 4534 μὲν
1729 4463 1831 4516 οὐκ

1945 4466 2224 4522 ascititiam
2253 4457 2303 4519 ei
2341 4477 2447 4518 non
2487 4476 2612 4517 esse
2641 4460 3020 4522 eminentiam,
3049 4458 3142 4512 sed
3166 4459 3507 4514 substantia-

249 4555 470 4625 ἐροῦσιν
498 4555 642 4624 ἔχειν
666 4556 828 4609 αὑτὸν
858 4557 958 4629 τὴν
983 4557 1258 4628 ὑπεροχὴν
1283 4555 1420 4625 πρὸς
1449 4555 1547 4618 τὰς
1578 4553 1831 4617 τοιαύτας

1948 4569 2032 4609 em
2094 4555 2304 4623 potius,
2330 4567 2452 4622 qua:
2493 4549 2697 4604 auferri
2749 4555 3008 4618 nequeat.
3042 4545 3265 4607 Verum,
3292 4561 3324 4598 ο
3358 4547 3504 4608 boni,

246 4645 353 4697 τῶν
410 4645 691 4716 λογισμῶν
744 4647 1059 4719 δυσχερείας
1119 4665 1180 4700 τε
1234 4646 1369 4717 ὁμοῦ
1442 4645 1537 4698 καὶ
1599 4643 1832 4705 ἀτοπίας

1945 4645 2205 4717 [uomodo
2236 4645 2527 4697 nobiscum
2553 4643 2636 4697 vel
2670 4640 2828 4712 164
2856 4640 3010 4695 inviti
3033 4653 3142 4693 non
3175 4637 3506 4701 fatebitnini,

247 4738 696 4808 ἀποφρίττοντες,
730 4739 962 4809 ούσιώδη
985 4740 1042 4792 δὲ
1083 4739 1283 4810 μᾶλλον
1319 4739 1412 4791 καὶ
1447 4735 1828 4805 ἀναφαίρετον.

249 4824 378 4883 Εἶτα
399 4830 590 4893 πάλιν,
609 4823 660 4882 ὧ
685 4829 972 4899 βέλτιστοι,
1005 4831 1120 4893 πῶς
1147 4831 1278 4901 ἡμῖν
1306 4831 1367 4882 οὺ
1401 4830 1694 4899 συνερεῖτε,
1728 4826 1827 4879 καὶ

249 4918 493 4986 ἄκοντες,
517 4921 601 4974 ὅτι
625 4921 757 4985 Θεὸς
789 4922 932 4975 κατά
957 4922 1120 4990 φύσιν
1141 4922 1396 4991 ὑπάρχων
1417 4922 1445 4973 ὁ
1477 4920 1603 4982 Υἱὸς
1641 4917 1825 4970 ὲπάνω

251 5013 465 5066 πάντων
489 5014 634 5076 ἐστὶ,
664 5013 750 5067 διά
767 5014 927 5066 τοῦτο
952 5013 1048 5066 καὶ
1073 5015 1137 5065 ὲκ
1171 5013 1336 5082 μόνης
1368 5011 1582 5081 ἔρχεται
1607 5009 1706 5079 τῆς
1731 5009 1825 5062 ού-

249 5101 372 5164 σίας
401 5104 493 5156 τοῦ
517 5104 655 5157 Θεοῦ
702 5107 798 5158 καὶ
826 5105 1038 5175 Πατρός
1069 5120 1083 5167 ;
1117 5103 1180 5155 Εί
1222 5104 1331 5172 γὰρ
1357 5103 1508 5155 οὐδέν
1556 5104 1670 5155 ἐστι
1714 5101 1824 5153 τῶν

240 5194 512 5262 γενητῶν,
535 5195 564 5248 ὃ
579 5197 653 5265 μὴ
672 5198 736 5266 τῇ
758 5195 851 5248 τοῦ
876 5197 1076 5257 παντὸς
1096 5178 1322 5264 δυνάμει
1344 5194 1820 5262 περισχοινίζεται,

235 5288 434 5341 ἐπάνω
459 5289 518 5343 δὲ
565 5289 780 5343 πάντων
818 5289 966 5342 ἐστὶν
1015 5290 1043 5341 ὁ
1070 5288 1216 5352 Υἱὸς,
1256 5287 1331 5348 ὡς
1379 5285 1562 5356 ἕτερος
1586 5271 1824 5355 δηλονότι

233 5379 400 5448 παρά
435 5381 639 5445 πάντα,
682 5385 774 5435 καὶ
828 5380 1058 5450 οὐσιώδη
1098 5380 1240 5433 κατά
1282 5377 1497 5432 πάντων
1544 5375 1682 5445 ἔχων
1726 5377 1826 5446 τὴν

232 5472 547 5542 ὑπεροχὴν,
579 5474 672 5526 καὶ
702 5475 800 5543 οὐχ
824 5477 852 5527 ὁ
871 5473 1032 5535 αὐτὸς
1061 5469 1202 5526 κατὰ
1229 5471 1392 5539 φύσιν
1413 5469 1670 5538 ὑπάρχων
1711 5466 1824 5530 τοῖς

323 5653 371 5686 ιι
395 5651 541 5707 Psal.
573 5667 651 5718 Cl,
686 5652 776 5721 εγ,
808 5653 898 5708 23.

1001 5655 1044 5684 ³⁵
1070 5653 1177 5708 lsa.
1205 5668 1323 5717 διν,
1349 5652 1400 5706 5.
1488 5651 1531 5682 ³⁸
1557 5650 1576 5703 Ι
1607 5650 1733 5705 Cor.
1773 5665 1847 5710 XI,
1885 5650 1938 5698 7.

1926 4737 2154 4802 Filium,
2182 4752 2308 4791 cum
2357 4735 2502 4790 Deus
2551 4735 2624 4788 sit
2669 4731 2973 4788 secundum
3013 4739 3289 4793 naturam,
3339 4741 3509 4796 supra

1932 4833 2116 4898 omnia
2164 4845 2311 4895 esse,
2359 4828 2592 4896 ideoque
2639 4841 2704 4880 ex
2755 4823 2871 4878 sola
2907 4821 3000 4876 ltei
3050 4837 3115 4875 ac
3166 4819 3348 4873 Patris
3379 4820 3510 4873 suh-

1933 4925 2135 4980 stantia
2169 4920 2504 4992 procedere?
2528 4917 2661 4970 Nam
2691 4916 2736 4969 si
2771 4914 2910 4968 nihil
2952 4921 3037 4967 est
3065 4917 3312 4965 creatum
3359 4907 3508 4975 quod

1933 5016 2177 5073 universi
2209 5015 2428 5070 ratione
2461 5019 2515 5065 et
2561 5009 2872 5079 signiﬁcatu
2921 5020 3028 5060 non
3070 5001 3505 5068 constringatur,

1931 5121 2094 5175 supra
2135 5104 2391 5158 universa
2422 5108 2603 5153 autem
2637 5108 2721 5153 est
2751 5095 2944 5159 Filius,
2985 5103 3044 5148 ut
3076 5091 3216 5146 alius
3247 5089 3505 5143 nimirum

1933 5195 2003 5248 ab
2037 5191 2306 5246 universis
2343 5198 2396 5244 et
2437 5186 2788 5242 substantiali
2841 5196 3004 5252 supra
3059 5179 3316 5232 universa
3366 5175 3505 5228 emi-

1932 5283 2118 5338 nentia
2177 5279 2458 5351 praeditus,
2514 5290 2615 5329 nec
2663 5273 2806 5328 idem
2868 5271 3145 5327 exsistens
3201 5263 3505 5323 secundum

1930 5380 2182 5427 naturain
2217 5385 2342 5426 eum
2372 5367 2670 5432 universis,
2701 5361 2977 5434 quomodo
3010 5374 3120 5414 non
3153 5358 3259 5412 erit
3283 5355 3504 5410 tandem

1932 5465 2077 5522 Deus
2120 5462 2312 5520 verus?
2343 5461 2446 5528 Qui
2477 5459 2623 5514 enim
2654 5463 2808 5513 extra
2841 5460 3220 5509 creaturarum
3255 5444 3507 5503 multitu-
