4040 6214
520 193 617 249 271
1516 186 1576 241 S.
1607 181 1877 240 CYRILLI
1915 178 2386 239 ALEXANDRlNl
2425 181 2744 240 ARCHIEP.
3676 189 3792 248 273

522 304 704 359 dinem
753 300 1187 358 substantialiter
1231 307 1312 355 est
1345 300 1583 370 positus,
1618 315 1721 355 nec
1763 306 1956 354 natura
2000 313 2083 354 su:

2203 301 2356 364 πᾶσι,
2393 300 2509 365 πῶς
2531 302 2635 355 οὐκ
2667 301 2733 355 ἂν
2761 302 2843 373 εῖη
2889 301 3072 358 λοιπὸν
3095 301 3228 368 Θεὸς
3267 303 3557 376 ἀληθινός;
3593 307 3650 363 '0
3673 311 3791 381 γὰρ

521 401 702 468 potest
745 395 800 449 in
833 409 1020 450 earum
1067 392 1260 447 ordine
1311 391 1597 459 collocari,
1628 391 1890 462 quidnam
1949 391 2083 446 aliut

2199 391 2297 462 τῆς
2329 392 2438 445 τῶν
2484 394 2812 464 ποιημάτων
2865 394 3105 465 πληθύος
3135 396 3407 461 ούσιωδῶς
3445 398 3790 471 ἐκκείμενος,

522 490 741 544 demum
789 487 894 540 erit
936 484 1037 540 nisi
1080 483 1256 539 Deus?
1295 482 1441 537 Nihil
1489 483 1694 554 quippe
1748 481 2083 552 interjectun'

2200 484 2294 538 καὶ
2331 485 2392 537 τὸ
2425 486 2484 538 ἐν
2509 489 2760 557 γενητοῖς
2789 487 3050 558 τετάχθαι
3097 488 3239 543 κατὰ
3268 489 3430 559 φύσιν
3467 491 3793 565 ἐκδραμὼν.

521 581 789 643 videmus,
825 584 1091 647 quantum
1123 575 1191 631 ad
1241 575 1600 632 subsistentis
1637 576 1895 633 essentiae
1928 575 2083 631 ratio-

2197 571 2250 624 τί
2283 571 2348 625 ἂν
2378 573 2562 643 ἕτερον
2601 574 2687 646 εῐη
2719 576 2926 641 λοιπὸν,
2977 577 3012 648 ἢ
3061 577 3241 648 Θεός;
3281 581 3632 637 Μεσολαόοὖν
3675 586 3802 656 γὰρ

460 720 470 726 .
517 689 647 735 nem
695 670 910 726 attinet.
935 667 1199 724 Creatura
1247 667 1392 722 enim
1434 667 1663 738 imperio
1698 667 1968 738 subjacet,
2003 683 2083 723 sui

2198 663 2411 735 ὁρῶμεν
2435 665 2608 732 οὐδὲν,
2641 667 2767 721 ὅσον
2785 663 2920 740 ἦκεν
2944 671 3026 733 είς
3047 670 3234 735 οὐσίας
3255 671 3577 745 ὑφεστώσης
3602 675 3781 745 λόγον.

509 780 728 837 praque
789 777 910 818 eam
957 761 1177 833 positus
1231 757 1377 815 Deus
1430 759 1776 830 intelligitur.
1819 757 1993 828 Igitur
2048 758 2083 810 si

2197 755 2391 820 Κτίσις
2444 758 2552 828 γὰρ
2611 760 2646 829 ἡ
2678 758 3089 833 βασιλευομένη,
3125 764 3220 818 καὶ
3251 765 3339 817 ἐπ’
3389 766 3532 838 αὐτῇ
3582 770 3782 824 νοεῖται

518 858 662 912 Deus
700 853 1005 912 secundum
1048 863 1305 908 naturam
1336 858 1428 908 est
1460 848 1659 916 Filius,
1697 857 1751 904 et
1787 863 1854 904 ex
1891 847 2002 903 Deo
2032 861 2083 901 at

2197 848 2349 912 Θεός.
2392 849 2600 904 Ούκοῦν
2619 852 2668 904 εί
2697 851 2828 916 Θεὸς
2857 853 3000 908 κατά
3041 855 3203 924 φύσιν
3231 857 3378 911 ἐστὶν
3403 858 3432 911 6
3451 859 3604 924 Υίδς.
3628 862 3786 929 ἐγεν-

519 948 680 1008 Patre
737 944 1087 1001 ineﬂ'abiliter
1139 950 1223 999 est
1254 942 1495 1014 genitus,
1543 939 1810 1012 genitoris
1841 947 2083 992 naturair

2198 937 2333 1010 νήθη
2362 939 2420 992 δέ
2473 940 2727 1012 ἀρρήτως
2764 944 2830 996 ἐκ
2859 943 2954 997 τοῦ
2990 944 3124 999 Θεοῦ
3160 947 3257 1000 καὶ
3297 949 3528 1020 Πατρός,
3560 951 3659 1022 τὴν
3687 951 3782 1004 τοῦ

519 1040 612 1094 illa
661 1053 770 1094 vox
817 1054 836 1088 ι
879 1036 1171 1091 desursum
1213 1052 1231 1086 ι
1277 1032 1583 1104 signiﬁcat,
1641 1029 1874 1098 ideoque
1930 1040 2083 1096 supra

2198 1033 2554 1101 γεννήσαντος
2585 1031 2745 1101 φύσιν
2771 1035 2833 1088 τὸ
2867 1053 2885 1086 ι
2915 1036 3120 1091 ἄνωθεν
3147 1057 3165 1090 ι
3203 1042 3476 1110 σημαίνει,
3511 1043 3598 1096 διὰ
3626 1043 3785 1096 τοῦτό

519 1130 773 1185 universa
806 1135 890 1184 est
917 1126 1264 1198 Unigenitus,
1291 1123 1526 1177 maxime
1555 1135 1680 1177 cum
1716 1135 1783 1176 ex
1821 1118 1943 1190 ipsa
1973 1132 2083 1174 esse

2195 1138 2255 1174 τε
2289 1122 2474 1177 ἐπάνω
2508 1125 2728 1179 πάντων
2757 1126 2905 1180 ἐστὶν
2943 1129 2971 1181 6
3006 1129 3349 1203 Μονογενὴς,
3390 1132 3486 1187 ἅτε
3510 1134 3574 1205 δὴ
3605 1135 3700 1189 καὶ
3723 1137 3784 1202 ἐξ

518 1221 788 1276 videatur.

2195 1210 2366 1281 αὐτῆς
2385 1211 2776 1285 όρ[μ]ώμενος.

587 1310 677 1376 ill,
714 1312 801 1366 5i.
844 1309 945 1375 Qui
968 1317 1045 1364 est
1079 1307 1142 1364 de
1173 1316 1338 1372 terra,
1373 1305 1436 1360 de
1467 1313 1608 1360 terra
1642 1312 1745 1371 est,
1772 1313 1820 1359 et
1854 1303 1918 1358 de
1953 1312 2083 1357 terra

2277 1302 2340 1355 Ὀ
2373 1300 2458 1356 ὢν
2483 1305 2551 1358 ἐκ
2580 1306 2691 1374 τῆς
2723 1305 2855 1376 γῆς,
2880 1307 2948 1362 ἐκ
2972 1307 3084 1378 τῆς
3115 1309 3225 1381 γῆς
3251 1314 3405 1379 ἐστι,
3436 1315 3532 1369 καὶ
3565 1315 3634 1370 ἐκ
3668 1315 3780 1384 τῆς

513 1404 766 1474 loquitur.

2195 1390 2306 1460 τῆς
2329 1395 2523 1450 λαλεῖ.

585 1495 707 1550 Non
746 1492 934 1550 eadem
965 1499 1051 1548 est
1079 1488 1448 1562 persuadendi
1473 1488 1558 1544 vis
1584 1494 1639 1542 et
1665 1485 1901 1542 facultas
1929 1485 2083 1541 terri-

2264 1486 2377 1540 Ούκ
2415 1488 2715 1560 ίσομέτρως
2746 1492 3064 1563 ἐνεργῆσαι,
3102 1495 3289 1563 φησὶν,
3323 1499 3404 1561 είς
3427 1498 3488 1552 τὸ
3511 1499 3768 1556 δύνασθαι

514 1603 689 1661 genae,
725 1600 848 1661 qua:
885 1597 1142 1655 supremo
1173 1582 1418 1638 universi
1459 1580 1592 1636 Deo.
1623 1579 1895 1650 Loquitur
1944 1578 2083 1633 enim

2194 1576 2402 1631 πείθειν
2443 1579 2472 1631 ό
2504 1579 2742 1651 γηγενὴς
2795 1581 2874 1652 τῷ
2911 1583 3006 1636 ἐπὶ
3051 1583 3259 1648 πάντας
3310 1587 3424 1640 ὄντι
3470 1588 3607 1661 Θεῷ.
3661 1593 3775 1646 Λα-

555 1635 689 1653 ν--ννι
767 1635 847 1641 -ςν
885 1635 1135 1655 vr---”
1378 1635 1391 1637 ἡ
1723 1635 1738 1650 .

513 1635 581 1737 de
615 1635 782 1746 terra,
812 1692 918 1748 qua
955 1677 1143 1740 homo,
1174 1683 1230 1730 et
1278 1673 1610 1730 consultoris
1657 1672 1841 1727 locum
1873 1677 2083 1726 tantum

2192 1668 2348 1740 λήσει
2403 1671 2500 1740 μὲν
2515 1635 2637 1742 ’γάρ
2683 1635 2758 1736 6;;
2803 1635 3090 1746 ἄνθρωπος
3144 1635 3258 1729 ἀπό
3304 1678 3402 1747 τῆς
3427 1635 3570 1748 γῆς,“ὅ
3598 1683 3691 1734 καὶ
3709 1635 3775 1735 ἐν

513 1774 746 1836 obtinet,
795 1777 938 1826 totas
975 1767 1238 1824 credendi
1287 1767 1532 1822 habenas
1566 1763 1915 1845 auditoribus
1962 1777 2083 1832 per-

2195 1761 2331 1832 μόνῃ
2366 1762 2671 1833 συμϐούλου
2702 1765 2939 1819 κείσεται
2959 1767 3132 1833 τάξει,
3167 1768 3295 1832 ὅλας
3312 1773 3425 1833 τοῖς
3450 1771 3776 1841 παιδευομέο

513 1866 783 1921 mittens:
818 1861 914 1918 sed
945 1861 1041 1932 qui
1094 1873 1334 1931 superne
1374 1857 1525 1913 venit
1580 1863 1642 1911 ut
1689 1853 1857 1918 Deus,
1901 1853 2083 1909 divina

2190 1871 2302 1917 νοις
2332 1854 2632 1924 ἐπιτρέψας
2650 1856 2749 1920 τὰς
2769 1856 2864 1911 τοῦ
2919 1857 3203 1928 βούλεσθαι
3249 1861 3562 1917 πιστεύσειν
3594 1864 3766 1935 ἡνίας·

520 1957 756 2030 quadam
790 1965 845 2011 et
873 1953 1133 2010 ineﬂabili
1167 1953 1344 2024 gratia
1380 1951 1612 2006 tinctum
1661 1960 1968 2004 sermonem
2006 1944 2092 2000 di-

513 2050 856 2121 scipnlorum
901 2046 1127 2101 auribus
1166 2043 1364 2114 injicit.
1388 2043 1604 2110 Quanto
1636 2053 1769 2096 vero
1795 2037 1977 2109 potior
2006 2043 2090 2092 est

513 2150 734 2205 natura,
782 2146 936 2194 tanto
985 2144 1132 2192 certe
1177 2135 1284 2191 erit
1321 2132 1615 2190 efﬁcacior.
1646 2129 1955 2188 Admodum
1989 2141 2089 2181 auo

512 2243 622 2291 tem
674 2235 886 2290 utiliter
927 2233 1122 2289 beatus
1162 2229 1408 2300 Baptista
1458 2228 1576 2285 suis
1626 2225 1916 2296 discipulis
1971 2224 2088 2281 haec

512 2327 768 2381 inculcat.
821 2323 955 2380 Nam
1025 2339 1152 2379 cum
1222 2322 1472 2376 viderent
1535 2320 1716 2390 ipsum
1787 2315 2086 2372 Salvatoris

509 2418 699 2487 gloria:
729 2415 944 2482 cedere,
975 2429 1152 2488 eoque
1196 2413 1422 2468 nomine
1468 2426 1576 2466 non
1607 2425 1798 2481 parum
1838 2408 2085 2465 oﬂ‘ende-

509 2517 726 2573 rentur,
787 2508 1020 2577 ideoque
1080 2505 1362 2561 venissent
1433 2503 1503 2558 ad
1569 2518 1718 2567 eum,
1784 2501 2081 2557 dicentes:

516 2621 535 2653 ι
579 2600 775 2665 Rabbi,
802 2599 896 2670 qui
937 2605 1057 2654 erat
1100 2605 1284 2652 tecum
1323 2603 1478 2652 trans
1527 2593 1843 2658 Jordanem,
1889 2592 1981 2648 cui
2025 2600 2084 2647 tu

503 2693 890 2749 testimonium
957 2688 1313 2761 perhibuisti,
1368 2702 1516 2752 ecce,
1574 2686 1668 2742 hic
1717 2686 1986 2756 baptizat,
2029 2691 2084 2740 et

507 2800 701 2841 omnes
731 2785 960 2840 veniunt
1003 2782 1071 2837 ad
1102 2795 1228 2837 eum
1253 2780 1329 2846 ³⁶;
1372 2798 1391 2831 ι
1424 2778 1742 2834 necessario
1771 2777 1856 2832 vir
1895 2776 2083 2832 divino

511 2877 722 2947 Spiritu
755 2874 973 2929 amatus
998 2871 1355 2928 oll‘ensionem
1391 2878 1626 2933 amovet.
1658 2870 1884 2940 suisque
1911 2869 2081 2924 disci-

2190 1949 2220 2001 6
2239 1947 2296 2001 δὲ
2318 1947 2523 2002 ἀνωθεν
2549 1949 2860 2020 ἐρχόμενος,
2884 1952 2960 2015 ὼς
2985 1951 3138 2018 Θεὸς,
3172 1953 3290 2025 θείᾳ
3306 1954 3411 2006 τινὶ
3434 1954 3527 2007 καὶ
3547 1956 3772 2026 ἀρρήτῳ

2190 2038 2372 2109 χάριτι
2408 2039 2768 2110 καταχρώσας
2793 2041 2884 2097 τὸν
2915 2043 3074 2111 λόγον
3094 2083 3108 2109 ,
3133 2047 3252 2107 ταῖς
3280 2044 3390 2098 τῶν
3440 2045 3774 2116 προσιόντων

2191 2131 2396 2202 ἐνίησιν
2431 2133 2642 2196 ἀκοαῖς.
2677 2134 2827 2204 Ὅσῳ
2875 2135 2932 2188 δὲ
2959 2137 3198 2207 ἀμείνων
3230 2136 3350 2189 ἐστὶ
3391 2139 3531 2191 κατά
3581 2137 3768 2206 φύσιν,

2189 2225 2427 2293 τοσούτῳ
2453 2222 2518 2294 δὴ
2550 2224 2766 2289 πάντως
2789 2225 3073 2298 ἐνεργήσει
3095 2227 3446 2298 γοργότερον.
3471 2229 3772 2299 Χρησίμως

2187 2312 2245 2366 δὲ
2273 2313 2392 2367 λίαν
2420 2315 2448 2366 6
2479 2316 2749 2388 μακάριος
2770 2317 3082 2389 Βαπτιστὴς
3114 2319 3252 2390 πρὸς
3274 2321 3400 2384 τοὺς
3430 2321 3624 2374 ἐαυτοῦ
3664 2338 3770 2390 μα-

2188 2403 2357 2474 θητὰς
2383 2405 2451 2458 τὰ
2482 2406 2709 2460 τοιαῦτά
2736 2425 2920 2478 φησιν.
2961 2410 3178 2482 Ἐπειδὴ
3228 2411 3337 2484 γὰρ
3364 2413 3526 2466 αὑτὸν
3552 2414 3650 2483 τῆς
3676 2413 3770 2466 τοῦ

2187 2495 2437 2568 Σωτῆρος
2479 2496 2640 2569 δόξης
2679 2498 2944 2570 ἐθεώρουν
2979 2501 3310 2574 ἡττώμενον,
3358 2505 3450 2557 ἐπί
3495 2523 3554 2558 τε
3599 2505 3772 2575 τούτῳ

2186 2584 2373 2642 λοιπὸν
2415 2588 2475 2641 ού
2506 2590 2742 2661 μετρίως
2763 2593 3229 2660 ἐσκανδαλίζοντο,
3262 2596 3363 2666 (διὸ
3390 2597 3454 2666 δὴ
3486 2598 3578 2649 καὶ
3608 2615 3773 2667 προσ-

2184 2676 2350 2748 ῄεσαν
2401 2678 2649 2747 λέγοντες
2670 2697 2684 2712 ο
2721 2700 2740 2734 ι
2789 2683 3002 2750 Ῥα66ὶ,
3035 2686 3095 2751 ὃς
3114 2683 3183 2758 ἦν
3207 2689 3346 2758 μετὰ
3375 2689 3468 2742 σοῦ
3493 2691 3552 2742 ἐν
3573 2690 3652 2760 τῷ
3674 2690 3774 2742 πέ-

2191 2785 2290 2839 ραν
2343 2769 2436 2823 τοῦ
2485 2771 2771 2844 Ἰορδάνου,
2817 2769 2862 2845 ᾧ
2917 2778 2983 2830 σὺ
3018 2780 3466 2851 μεμαρτύρηκας,
3503 2782 3578 2834 ῖδε
3617 2776 3770 2845 οὗτος

2187 2859 2485 2930 βαπτίζει,
2542 2865 2637 2918 καὶ
2691 2866 2894 2933 πάντες
2947 2869 3200 2940 ἔρχονται
3254 2872 3391 2944 πρὸς
3447 2875 3610 2928 αὐτόν
3668 2893 3686 2925 ι
3723 2875 3765 2943 )°

507 2964 652 3036 pulis
681 2977 863 3018 rerum
892 2959 1336 3016 necessariarum
1381 2957 1773 3028 cogitationem
1806 2955 2080 3023 injiciens,

2187 2952 2503 3023 ἀναγκαίως
2523 2957 2551 3009 6
2574 2972 2706 3010 πνευ
2716 2959 3044 3032 ματοφόρος,
3075 2961 3137 3014 τὸ
3158 2960 3252 3015 τοῦ
3279 2963 3574 3018 σκανδάλου
3599 2963 3771 3028 πάθος

505 3055 729 3128 exponit
761 3053 984 3124 quidem
1011 3050 1315 3105 Salvatoris
1339 3064 1507 3119 supra
1543 3049 1802 3105 universa
1832 3049 2083 3104 eminen-

507 3148 662 3211 tiam,
705 3145 1064 3201 nihilominus
1108 3157 1239 3198 vero
1293 3155 1520 3198 causam
1569 3140 1763 3196 edocet
1801 3141 1876 3196 ob
1920 3154 2084 3211 quam

506 3239 577 3294 ad
613 3238 764 3292 illum
799 3236 908 3305 jam
939 3248 1131 3288 omnes
1160 3231 1520 3298 conﬂuerent,
1545 3240 1601 3289 et
1627 3247 1784 3304 aquae
1814 3232 2087 3303 baptismo

506 3329 698 3382 relicto
751 3327 819 3380 ad
881 3324 1205 3379 diviniorem
1261 3333 1316 3380 et
1374 3325 1787 3394 perfectiorem,
1838 3325 1935 3395 qui
1988 3339 2088 3395 per

507 3419 771 3489 Spiritum
802 3425 1054 3473 sanctum
1089 3415 1251 3472 ﬁebat
1284 3417 1570 3486 nimirum,
1593 3433 1654 3474 se
1681 3417 2012 3487 reciperent.

581 3677 738 3750 165
775 3676 840 3730 lll
866 3719 879 3744 ,
933 3677 1023 3733 3i.
1079 3675 1184 3742 Qui
1229 3677 1292 3731 de
1329 3677 1458 3732 caelo
1505 3677 1680 3742 venit,
1719 3692 1876 3747 super
1907 3695 2086 3736 omnes

502 3781 601 3824 εει.

576 3857 690 3913 Hoc
719 3866 981 3924 testatur,
1021 3845 1234 3930 inquit,
1273 3861 1540 3929 plurimos
1574 3869 1628 3915 et
1662 3860 2086 3932 incomparabili

504 3950 796 4006 intervallo
833 3957 1085 4006 terrenos
1140 3950 1392 4005 homines
1430 3965 1459 4004 a
1515 3950 1626 4006 Deo
1678 3950 1896 4016 Verbo,
1940 3952 2086 4022 quod

505 4057 740 4113 superne
778 4048 835 4095 et
868 4042 1089 4097 cmlitus
1137 4041 1449 4106 descendit,
1500 4043 1773 4112 superari.
1806 4043 1908 4098 Cui
1947 4057 2085 4098 con-

505 4133 772 4192 lirmando
802 4133 906 4188 nisi
939 4133 1041 4188 sim
1075 4131 1327 4197 idoneus,
1365 4141 1420 4188 et
1451 4133 1496 4188 si
1532 4150 1654 4203 qua:
1689 4131 1936 4191 dicturus
1960 4151 2083 4191 sum

505 4224 621 4278 sola
650 4238 759 4276 non
795 4222 1096 4287 suliiciant,
1145 4221 1265 4292 ipse
1316 4222 1474 4277 testis
1505 4224 1728 4280 accedet
1777 4223 1985 4290 Filius,
2027 4234 2084 4282 et

2188 3044 2646 3116 ὑποτεμνόμενος,
2683 3047 2813 3117 ὑγιᾶ
2863 3067 2922 3104 τε
2966 3055 3079 3116 τοῖς
3112 3054 3308 3108 ἐαυτοῦ
3369 3055 3639 3126 μαθηταῖς
3671 3058 3770 3126 τὴν

2186 3135 2279 3188 ἐπὶ
2310 3139 2428 3199 τοῖς
2467 3137 2920 3206 ἀναγκαιοτάτοις
2943 3142 3194 3215 διάληψιν
3234 3146 3771 3218 ἐντιθεἰς,ἐξηγεῖται

2188 3226 2289 3296 μὲν
2325 3226 2420 3281 τοῦ
2447 3229 2697 3301 Σωτῆρος
2744 3231 2845 3301 τὴν
2871 3234 3012 3288 κατά
3043 3235 3259 3290 πάντων
3295 3239 3589 3311 ὑπεροχὴν,
3626 3241 3772 3294 διδά-

2188 3327 2308 3365 σκει
2339 3311 2397 3365 δὲ
2446 3314 2599 3368 οὐδὲν
2643 3311 2806 3388 ἦττον
2847 3321 2946 3390 τὴν
2974 3323 3172 3388 αἰτίαν,
3205 3325 3272 3379 δι’
3314 3327 3381 3398 ἣν
3425 3328 3524 3400 ἤδη
3570 3329 3772 3392 πάντες

2186 3401 2274 3452 ἐπ’
2303 3402 2508 3458 ἐκεῖνον
2535 3404 2804 3473 ἐϐάδιζον,
2839 3411 2936 3464 καὶ
2965 3412 3025 3464 τὸ
3046 3412 3114 3466 δι’
3163 3414 3356 3478 ὓδατος
3389 3417 3550 3486 μόνου
3586 3435 3767 3489 παρα-

2185 3492 2473 3563 τρέχοντες
2521 3495 2826 3571 βάπτισμα,
2882 3501 2958 3572 τῷ
3015 3503 3270 3577 θειοτέρῳ
3301 3506 3396 3560 καὶ
3456 3507 3772 3579 τελειοτέρῳ

2190 3584 2523 3655 προσῄεσαν,
2555 3587 2632 3658 τῷ
2667 3589 2758 3643 διὰ
2782 3592 3100 3664 Πνεύματος
3125 3595 3279 3665 ἁγίου
3309 3598 3533 3671 δηλαδή.

2269 3672 2333 3725 '0
2364 3676 2432 3729 ἐκ
2473 3677 2578 3732 τοῦ
2612 3680 2874 3748 οὐρανοῦ
2913 3683 3258 3754 ἐρχόμενος,
3295 3688 3496 3743 ἐπάνω
3531 3689 3774 3745 πάντων

2188 3764 2380 3819 ἐστίν.

2259 3855 2429 3909 Τοῦτο
2458 3864 2744 3932 μαρτυρεῖ,
2772 3863 2854 3917 ὅτι
2879 3865 3126 3939 πλείστη,
3162 3870 3344 3940 φησὶν,
3382 3873 3474 3925 καὶ
3500 3871 3762 3944 ἀσύγκρι-

2186 3950 2337 4018 τοςὴ
2374 3947 2609 4021 διαφορά
2657 3956 2768 4017 τοῖς
2807 3956 2916 4010 ἀπὸ
2960 3959 3061 4029 τῆς
3105 3961 3204 4028 γῆς
3251 3963 3384 4032 πρὸς
3431 3964 3524 4018 τὸν
3563 3965 3772 4019 ἄνωθεν

2190 4039 2283 4090 καὶ
2306 4039 2366 4102 ἐξ
2391 4040 2620 4110 ούρανοῦ
2657 4047 3062 4103 καταϐαίνοντα
3091 4051 3225 4105 Θεὸν
3251 4053 3443 4122 Λόγον.
3494 4056 3555 4109 Et
3585 4056 3660 4126 μὴ
3691 4057 3768 4110 δι-

2185 4128 2403 4186 δάσκειν
2439 4133 2738 4205 ἀξιόχρεως
2773 4138 2882 4202 ἐγὼ
2908 4182 2922 4206 ,
2967 4142 3061 4194 καὶ
3108 4143 3157 4195 εἰ
3208 4143 3366 4214 μόνος
3409 4146 3536 4216 ὑμῖν
3581 4147 3610 4199 6
3637 4147 3772 4216 ἐμὸς

2187 4222 2287 4275 ούκ
2312 4223 2598 4295 ἐξαρκέσει
2621 4225 2778 4296 λόγος
2796 4267 2812 4293 ,
2865 4230 3028 4296 αὐτὸς
3054 4233 3440 4289 ἐπιϐεϐαιώσει
3476 4237 3770 4307 μαρτυρῶν

503 4313 1047 4383 incomprehensibili
1089 4315 1269 4383 spatio
1322 4314 1530 4370 distare
1582 4320 1858 4369 terrenum
1893 4315 2083 4371 abillo

2188 4313 2216 4367 6
2247 4315 2398 4380 Υἱὸς,
2423 4317 2792 4391 ἀκαταλήπτῳ
2813 4321 3000 4394 μέτρῳ
3023 4323 3297 4381 διεστάναι
3328 4327 3390 4380 τὸ
3422 4329 3650 4399 γηγενὲς
3669 4328 3771 4398 τῆς

505 4420 722 4462 summo
773 4418 956 4458 rerum
995 4406 1241 4460 omnium
1285 4404 1534 4475 principe
1589 4405 1828 4461 docebit.
1867 4407 2083 4478 Quippe

505 4497 705 4552 alicubi
745 4493 995 4548 Salvator
1030 4495 1228 4566 impios
1271 4495 1491 4552 Judaeos
1536 4497 1825 4568 alloquens
1861 4517 1875 4552 :
1911 4519 1929 4550 ι
1971 4498 2080 4555 Vos

503 4587 571 4640 de
599 4586 858 4640 deorsum
895 4586 1052 4651 estis,
1085 4602 1186 4656 ego
1213 4587 1279 4641 de
1310 4589 1566 4657 supernis
1605 4604 1724 4643 sum
1747 4591 1813 4642 ⁸⁷.
1844 4608 1862 4640 ι
1907 4589 2079 4644 Deor-

506 4692 630 4733 sum
670 4676 821 4731 enim
875 4690 1058 4730 rerum
1114 4685 1425 4731 crcatarum
1482 4687 1737 4732 naturam
1794 4679 1872 4732 ait
1921 4695 2074 4745 esse,

505 4775 566 4822 ut
614 4765 952 4835 subiectam,
981 4773 1126 4820 etut
1168 4780 1232 4820 ex
1295 4767 1624 4823 necessitate
1674 4767 1784 4824 Deo
1843 4770 1912 4824 ad
1955 4787 2079 4827 esse

503 4858 725 4915 vocanti
751 4858 1103 4914 servientem.
1145 4855 1377 4911 Sursum
1409 4873 1560 4924 vero,
1592 4859 1835 4916 divinam
1868 4870 1922 4916 et
1943 4863 2082 4918 inef-

509 4953 725 5008 fabilem
756 4950 1181 5006 dominatricem
1227 4950 1378 5005 illam
1413 4957 1691 5018 naturam,
1717 4960 1912 5025 utpote
1959 4971 2082 5026 qua:

506 5061 596 5101 res
633 5051 849 5100 creatas
903 5043 1132 5113 pedibus
1181 5045 1301 5099 suis
1340 5043 1619 5114 subiectas
1651 5045 1848 5110 habet,
1880 5055 1935 5102 et
1980 5062 2084 5117 po-

504 5136 723 5192 testatis
755 5150 871 5190 suae
897 5135 1036 5206 jngo
1062 5135 1334 5192 subditas.
1362 5134 1480 5191 Non
1511 5136 1716 5194 frustra
1749 5149 1930 5194 autem
1965 5141 2082 5196 haec

505 5225 696 5281 beatus
727 5223 970 5296 Baptista
1001 5224 1383 5295 superioribus
1412 5225 1634 5296 adjecit.
1674 5226 1753 5284 Ne
1782 5229 1898 5285 suis
1934 5231 2080 5284 enim

505 5315 792 5385 discipulis
810 5331 979 5371 vanas
1000 5317 1244 5372 rationes
1283 5315 1487 5388 ﬁngere
1519 5326 1832 5386 putaretur,
1865 5330 1918 5375 et
1942 5335 2082 5390 qua-

509 5407 554 5460 si
589 5409 818 5477 puderet
870 5409 994 5464 sine
1036 5423 1203 5466 causa
1246 5407 1469 5470 Christo
1507 5408 1828 5468 inferiorem
1877 5414 2075 5481 videri,

583 5574 626 5607 “
655 5575 813 5630 Joan.
855 5595 936 5642 Ill,
970 5579 1064 5635 26.
1142 5583 1182 5614 "
1221 5580 1528 5646 Joan.vm,
1570 5583 1662 5637 25.

2186 4408 2371 4462 ἐπάνω
2400 4410 2617 4464 πάντων
2644 4413 2819 4484 ἀρχῆς
2838 4430 2854 4447 ο
2883 4415 3264 4488 διαλεγόμενος
3282 4419 3338 4472 δέ
3358 4435 3462 4472 που
3489 4419 3624 4492 πρὸς
3642 4421 3769 4485 τοὺς

2187 4497 2436 4563 ἀνοσίους
2477 4501 2784 4570 Ἰουδαίους,
2831 4502 3074 4575 ἔφασκεν
3103 4509 3375 4580 όΣωτήρο
3423 4530 3442 4563 ι
3487 4511 3674 4582 Ὑμεῖς
3706 4514 3775 4565 ἐκ

2184 4587 2295 4642 τῶν
2326 4590 2478 4644 κάτω
2512 4593 2636 4646 ἐστέ
2660 4611 2674 4624 ο
2712 4594 2825 4664 ἐγὼ
2862 4597 2926 4650 ἐκ
2969 4598 3078 4652 τῶν
3107 4599 3220 4654 ἄνω
3250 4602 3385 4672 εἰμί.
3414 4621 3433 4654 ι
3464 4603 3630 4658 Κάτω
3670 4603 3777 4674 μὲν

2182 4679 2293 4751 γὰρ
2321 4681 2420 4751 τὴν
2445 4682 2554 4735 τῶν
2583 4685 2826 4754 γενητῶν
2857 4687 3015 4757 φύσιν
3046 4685 3183 4743 εἶναί
3224 4709 3390 4763 φησιν
3408 4733 3423 4759 ,
3455 4693 3532 4758 ὡς
3551 4695 3780 4749 ὑποκει-

2193 4771 2360 4842 μένην
2401 4773 2494 4826 καὶ
2527 4773 2602 4836 ὡς
2643 4775 2702 4840 ἐξ
2731 4777 2978 4850 ἀνάγκης
3019 4779 3378 4837 δουλεύουσαν
3416 4766 3498 4855 τῷ
3529 4786 3665 4856 πρὸς
3711 4789 3777 4841 τὸ

2189 4857 2326 4936 εἶναι
2352 4863 2606 4917 καλοῦντι
2638 4865 2755 4939 Θεῷ
2775 4882 2789 4897 ⁶
2816 4869 2928 4924 ἄνω
2965 4872 3021 4924 δὲ
3047 4873 3208 4927 πάλιν
3229 4876 3326 4945 τὴν
3356 4876 3504 4931 θείαν
3550 4879 3644 4931 καὶ
3674 4879 3779 4951 ἄρ’

2141 5028 2146 5033 .
2191 4953 2350 5021 ρητον
2383 4951 2747 5016 δεσπόζουσαν
2780 4957 2962 5027 φύσιν,
2985 4961 3061 5024 ὼς
3091 4962 3270 5018 πάντα
3302 4965 3406 5018 ὑπὸ
3431 4967 3597 5029 πόδας
3621 4967 3782 5037 ἔχου-

2191 5059 2288 5095 σαν
2309 5044 2377 5100 τὰ
2403 5047 2624 5116 γενητὰ,
2644 5049 2738 5101 καὶ
2761 5049 2838 5120 τῷ
2861 5051 2958 5121 τῆς
3001 5053 3249 5118 ἐξουσίας
3276 5057 3572 5111 ὑποθεῖσαν
3601 5058 3776 5130 ζυγῷ.

2192 5135 2266 5188 Ού
2297 5138 2541 5206 μάτηνδέ
2569 5139 2742 5195 ταῦτα
2767 5145 2878 5206 τοῖς
2907 5144 3166 5216 ἀνωτέρω
3189 5149 3577 5219 προστέθεικεν
3605 5153 3635 5204 6
3671 5169 3781 5221 μαι

2191 5225 2382 5299 κάρὶος
2410 5231 2750 5302 Βαπτιστής·
2799 5234 2887 5288 ἵνα
2916 5235 3024 5307 γὰρ
3057 5237 3132 5308 μὴ
3168 5238 3454 5310 νομίζηται
3485 5241 3635 5312 παρά
3659 5245 3781 5306 τοῖς

2191 5319 2384 5373 ἐαυτοῦ
2414 5321 2700 5393 μαθηταῖς,
2729 5326 2971 5390 εἰκαίους
2994 5329 3429 5384 ἀναπλάττεσθαι
3455 5331 3774 5402 λογισμοὺς,

2192 5409 2330 5464 αἰδοῖ
2371 5411 2425 5464 δὲ
2475 5414 2569 5466 τοῦ
2604 5414 2678 5485 μὴ
2726 5415 2899 5472 δοκεῖν
2941 5419 3178 5488 εὐλόγως
3216 5421 3480 5492 ἡττῆσθαι
3509 5420 3776 5493 Χριστοῦ,
