4040 6214
230 357 340 414 273

1299 352 1367 409 ΙΝ
1391 351 1677 409 JOANNIS
1714 351 2165 412 EVANGELIUM
2202 354 2330 412 LIB.
2375 353 2440 410 11.

3404 356 3510 413 974

230 469 460 542 μείζονα
494 469 594 542 μὲν
621 468 802 538 λέγειν
841 469 936 522 καὶ
967 468 1173 524 ἄνωθεν
1203 470 1385 534 αὐτὸν,
1409 469 1602 523 ἑαυτὸν
1634 468 1690 522 δὲ
1719 468 1823 522 κά-

1930 470 2108 540 ipsum
2176 470 2443 540 majorem
2514 477 2569 524 et
2632 469 2926 526 desursum
2985 467 3208 535 dicere,
3268 484 3329 526 se
3378 489 3510 529 vero

229 563 406 616 τωθεν
465 563 561 616 καὶ
591 561 700 614 ἀπὸ
729 561 828 631 τῆς
864 560 1000 630 γῆς·
1043 560 1360 630 ἀναγκαίως
1397 562 1492 630 ἀφ’
1529 554 1604 615 ὧν
1660 559 1820 624 αὐτὸς

228 655 474 725 ἔφασκεν
501 657 530 708 6
567 653 758 725 Σωτὴρ
778 695 792 720 ,
824 653 923 724 τὴν
952 653 1062 707 τῶν
1095 655 1403 726 εἰρημένων
1435 653 1824 724 ὲπισφραγίζει

226 747 482 817 δύναμιν,
504 747 598 800 καὶ
624 745 899 816 πρόφασιν
924 745 1044 816 μὲν,
1069 746 1132 798 οὐ
1156 745 1408 817 καθάπερ
1439 744 1605 815 ᾤοντο
1636 745 1823 815 κενὴν,

230 839 491 909 ἀληθείας
521 840 581 892 δὲ
634 838 835 910 μᾶλλον
885 836 1161 902 ἀπόδειξιν
1185 877 1200 903 ,
1250 837 1576 892 ἐπιδεικνύει
1608 836 1706 909 τὴν
1740 836 1826 902 ἐξ·

230 933 454 1001 ήγησιν.
520 928 742 1000 Ἐπειδῆ
772 927 830 982 δὲ
871 930 967 983 καὶ
1002 927 1166 1000 ἑτέρα
1198 927 1448 997 φαίνεται
1499 927 1593 982 τοῦ
1639 928 1824 998 στίχου

231 1024 422 1094 γραφή
458 1039 474 1055 ·

309 1117 374 1168 Ὅ
404 1114 518 1183 τὰρ
549 1115 801 1183 ἑώρακε,
847 1114 980 1186 φησὶ
999 1154 1015 1180 ,
1049 1114 1145 1169 καί
1174 1113 1407 1182 ἤκουσε
1427 1153 1441 1178 ,
1486 1113 1660 1168 τοῦτο
1680 1129 1828 1182 μαρ-

229 1225 397 1276 τυρει
417 1224 429 1236 ο
923 1228 932 1236 ι

302 1299 444 1369 Φέρε
473 1297 570 1351 καὶ
611 1299 692 1361 εἰς
741 1297 912 1367 αὐτὴν
940 1295 1100 1364 ὀλίγα
1143 1293 1520 1365 διαλεξόμεθα.
1582 1294 1694 1357 Τὰς
1741 1294 1827 1362 ἐφ’

230 1393 454 1462 ἑκάστῳ
472 1390 584 1444 τῶν
606 1389 947 1462 πραγμάτων
962 1387 1356 1458 πληροφορίας,
1374 1386 1461 1441 διὰ
1481 1386 1574 1440 δύο
1593 1387 1831 1457 μάλιστα

229 1485 344 1538 τῶν
374 1483 724 1555 κυριωτέρων
755 1481 1062 1553 αἰσθήσεων
1100 1479 1397 1550 λαμϐάνειν
1420 1478 1746 1549 πεφύκαμεν
1770 1495 1828 1531 τε

231 1577 331 1630 καὶ
365 1571 791 1642 κατειθίσμεθα,
823 1571 998 1639 ὅψεως
1034 1569 1098 1628 δὴ
1129 1568 1274 1638 λέγω
1315 1567 1425 1621 καὶ·
1440 1567 1619 1637 ἀκοῆς
1640 1583 1654 1597 ⁸
1700 1565 1830 1620 αύτ-

227 1664 397 1736 ήκοοί
427 1681 487 1716 τε
526 1663 635 1732 γὰρ
673 1661 768 1715 καὶ
801 1660 1198 1714 αύτεπίσκοποι
1241 1656 1603 1727 γεγενημένοι
1643 1656 1830 1721 τινῶν,

226 1759 331 1810 ἐπὶ
374 1755 439 1808 τὸ
482 1755 660 1823 λέγειν
705 1751 1098 1814 ἀνενδοιάστως
1145 1751 1276 1820 περὶ
1310 1748 1490 1802 αὐτῶν
1536 1746 1826 1819 ἐρχόμεθα.

241 1813 584 1898 Ἀναπείθων
617 1841 906 1913 τοιγαροῦν
928 1879 943 1902 ,
974 1813 1250 1911 δρομαίως
1278 1837 1478 1901 αὐτοὺς
1737 1857 1829 1892 πι-
1860 1813 1904 1871 Β

232 1937 457 1990 στεύειν
507 1935 642 1988 ἱέναι
707 1924 788 2003 τῷ
834 1935 1078 2005 Χριστῷ,
1134 1931 1283 1985 λαλεῖ
1315 1930 1461 2002 γὰρ.
1508 1931 1647 2002 ὅπερ
1696 1927 1825 1996 οἶδε,

231 2031 430 2099 φησὶν,
460 2028 733 2099 ἀκριϐῶς·
769 2027 1038 2099 λαμϐάνει
1073 2026 1131 2080 δὲ
1165 2025 1339 2080 πάλιν
1374 2025 1450 2090 ὡς
1479 2027 1538 2092 ἐξ
1573 2026 1828 2098 ὁμοιότη-

229 2139 330 2184 τος
358 2121 460 2190 τῆς
479 2120 603 2173 καθ’
635 2121 782 2190 ἡμᾶς
803 2163 819 2183 ,
849 2118 938 2173 ἴνα
967 2118 1176 2189 νοῶμεν
1201 2117 1696 2191 θεοπρεπέστερον,
1732 2119 1829 2172 καί

231 2227 432 2283 φησιν·
469 2231 486 2262 ι
521 2213 586 2265 Ὀ
614 2210 826 2282 ἑώρακε
870 2211 968 2263 καὶ
1001 2210 1224 2280 ἢκουσε,
1249 2209 1409 2262 τοῦτο
1438 2211 1724 2279 μαρτυρεῖ.
1757 2229 1775 2260 ι

317 2305 425 2360 Καὶ
449 2304 565 2371 τὴν
581 2304 914 2373 μαρτυρίαν
940 2301 1126 2357 αὐτοῦ
1161 2301 1358 2368 οὐδεὶς
1373 2301 1684 2372 λαμϐάνει.

307 2397 426 2466 Οὐχ
455 2396 529 2458 ὡς
561 2393 792 2465 μηδενὸς
821 2392 1114 2463 δεχομένου
1143 2393 1244 2462 τὴν
1274 2391 1580 2463 μαρτυρίαν
1626 2391 1729 2462 (ὅτι
1762 2391 1827 2460 δὴ

230 2489 341 2541 καὶ
381 2486 515 2548 Θεὸς
552 2486 695 2539 κατά
727 2484 889 2554 φύσιν
941 2485 1175 2556 ὑπάρχει
1207 2484 1476 2556 Χριστὸς,
1523 2482 1731 2538 ἄνωθέν
1768 2499 1830 2534 τε

227 2576 336 2629 καὶ
369 2577 434 2628 ὲκ
481 2575 694 2645 Πατρὸς
719 2573 1038 2645 ὁρμώμενος
1058 2614 1072 2638 ,
1105 2575 1291 2628 ἐπάνω
1321 2574 1539 2628 πάντων
1574 2574 1732 2640 ἐστὶ),
1761 2571 1832 2625 τά

227 2665 466 2720 τοιαῦτά
507 2683 672 2736 φησιν
712 2667 739 2718 6
788 2667 1058 2736 μακάριος
1100 2667 1413 2735 Βαπτιστὴς
1467 2665 1690 2736 (πολλοὶ
1721 2665 1831 2736 γάρ

231 2758 493 2824 ἐδέξαντο
530 2759 623 2810 καὶ
671 2758 1107 2822 πεπισκεύκασι,
1155 2759 1250 2811 καὶ
1282 2757 1388 2828 πρό
1433 2774 1497 2827 γε
1544 2757 1763 2811 πάντων
1803 2760 1832 2810 6

232 2852 475 2922 Πέτρος,
512 2850 702 2904 εἰπών’
747 2870 764 2903 ι
805 2853 875 2905 Σὺ
919 2849 969 2906 εἷ
1010 2854 1039 2906 ὁ
1069 2851 1300 2923 Χριστὸς
1345 2854 1373 2905 ὁ
1408 2851 1537 2914 Υίὸς
1565 2851 1658 2905 τοῦ
1693 2851 1830 2905 Θεοῦ

227 2943 341 2997 τοῦ
374 2943 578 3007 ζῶντος
603 2963 620 2994 ι
648 2943 688 3013 )°
717 2943 833 2997 ἀλλ’
867 2943 942 3006 ὡς
969 2943 1076 2996 τῶν
1118 2944 1371 2996 ἁπάντων
1400 2941 1565 3005 αὐτὸς
1606 2942 1832 3012 ἀκριϐέ-

233 3053 444 3106 στερον
472 3036 529 3088 τὸ
561 3037 700 3106 μέγα
735 3035 828 3088 τοῦ
860 3035 1147 3098 λαλοῦντος
1174 3036 1432 3106 ἐννοήσας
1455 3034 1668 3105 ἀξίωμα
1688 3074 1702 3100 ,
1734 3052 1831 3103 μο-

1924 562 2216 627 deorsum,
2271 570 2324 617 et
2375 563 2443 618 de
2489 569 2672 629 terra,
2726 559 3042 617 necessario
3086 575 3148 615 ex
3203 561 3510 620 Salvatoris

1925 652 2105 722 ipsius
2147 654 2336 710 verbis
2359 654 2638 709 dictorum
2677 652 3008 708 sententiam
3037 655 3400 722 comprobat,
3455 665 3511 710 et

1923 744 2164 801 ostendit
2193 760 2314 800 eam
2350 745 2757 816 expositionem
2792 760 2903 799 non
2941 757 3100 811 esse,
3132 752 3193 796 ut
3218 745 3511 800 existima-

1925 840 2081 905 bant,
2109 838 2354 902 inanem,
2383 838 2484 894 sed
2509 839 2723 893 claram
2762 837 2949 908 potius
2977 835 3509 892 demonstrationem

1891 967 1894 970 ~
1925 931 2199 987 veritatis.
2237 930 2513 996 Quoniam
2557 938 2740 987 autem
2772 932 2830 985 in
2869 927 3146 986 versiculo
3176 929 3339 985 aliter
3369 947 3510 1001 quo-

1927 1039 2034 1093 que
2062 1024 2333 1093 scriptum
2363 1024 2580 1079 videtur
2606 1043 2619 1078 :

2000 1112 2093 1179 ill,
2122 1115 2215 1169 52.
2256 1113 2412 1182 Quod
2443 1115 2582 1170 enim
2613 1114 2765 1182 vidit,
2796 1114 2998 1186 inquit,
3034 1125 3084 1170 et
3147 1114 3373 1180 audivit,
3414 1115 3510 1168 hoc

1931 1215 2193 1271 testatur;

2009 1298 2246 1370 Agedum
2281 1299 2719 1370 paucaquaedam
2747 1299 2806 1354 in
2840 1298 2977 1355 illud
2997 1299 3364 1356 disseramus.
3396 1297 3511 1352 Duo

1930 1389 2097 1446 nobis
2136 1396 2267 1445 sunt
2318 1405 2542 1456 sensus,
2603 1391 2808 1460 quibus
2857 1391 3211 1461 patissimum
3263 1389 3509 1446 solemus

1931 1481 1998 1537 de
2024 1495 2210 1537 rerum
2243 1483 2474 1536 veritate
2525 1480 2641 1536 ﬁeri
2692 1481 2962 1537 certiores
2985 1520 3000 1542 .
3036 1481 3190 1536 visus
3240 1481 3505 1535 nimirum

1931 1578 1986 1626 et
2014 1572 2258 1628 auditus.
2295 1571 2427 1640 Quae
2456 1573 2604 1648 enim
2647 1571 2964 1627 audivimus
2995 1570 3122 1642 ipsi,
3157 1585 3220 1625 ac
3250 1571 3509 1636 vidimus,

1932 1662 2001 1718 de
2051 1662 2123 1719 iis
2157 1671 2311 1719 certo
2333 1671 2390 1720 et
2439 1663 2750 1720 indubitate
2801 1663 3100 1733 loquimur.
3157 1661 3292 1716 Cum
3344 1662 3512 1733 igitur

1933 1769 2030 1810 eos
2065 1753 2133 1808 ad
2183 1753 2389 1812 Christi
2431 1755 2594 1812 ﬁdem
2634 1755 3007 1826 arripiendam
3058 1754 3397 1818 hortaretur,
3432 1754 3512 1808 lo-

1931 1847 2123 1918 quitur
2159 1847 2331 1911 enim,
2367 1847 2584 1918 inquit,
2612 1847 2758 1917 quod
2791 1845 3040 1917 apprime
3070 1845 3242 1899 novit.
3269 1844 3512 1899 Rursum

1930 1953 1961 1992 a
1994 1939 2158 1995 nobis
2191 1938 2612 1996 similitudinem
2647 1937 2822 2005 ducit,
2860 1945 2918 1992 ut
2962 1937 3114 2008 quod
3147 1935 3398 1990 divinum
3425 1943 3513 1990 est

1931 2031 2323 2107 intelligamus,
2355 2037 2410 2087 et
2429 2031 2508 2086 ait
2546 2051 2559 2086 :
2598 2049 2616 2082 ι
2663 2030 2819 2098 Quod
2853 2028 2990 2085 vidit
3032 2035 3088 2084 et
3125 2027 3372 2093 audivit,
3405 2027 3509 2082 hoc

1931 2131 2188 2179 testatur.
2241 2142 2259 2176 ι

2002 2303 2092 2370 lli,
2127 2303 2214 2359 52.
2257 2303 2324 2358 Et
2345 2304 2696 2360 testimonium
2722 2305 2836 2374 ejus
2852 2319 3001 2360 nemo
3025 2305 3238 2375 accipit.

2002 2397 2122 2452 Non
2142 2397 2258 2452 haec
2287 2397 2363 2450 ait
2396 2397 2595 2459 beatus
2626 2397 2874 2467 Baptista
2898 2437 2912 2462 ,
2939 2397 3101 2463 quasi
3148 2411 3312 2452 nemo
3355 2397 3510 2453 testi-

1933 2488 2175 2543 monium
2201 2488 2334 2542 illud
2367 2488 2626 2558 accipiat,
2660 2489 2806 2558 quod
2835 2488 3096 2544 Christus
3144 2487 3406 2542 nimirum
3437 2489 3510 2543 sit

1934 2581 2080 2636 Deus
2108 2580 2412 2636 secundum
2448 2589 2722 2646 naturam,
2756 2587 2810 2634 et
2844 2593 3089 2658 superne
3121 2586 3290 2648 atque
3315 2594 3382 2634 ex
3403 2577 3508 2631 Pa-

1934 2684 2018 2730 tre
2081 2674 2340 2742 delapsus
2377 2687 2544 2742 super
2577 2672 2760 2726 omnia
2798 2672 2870 2726 sit
2895 2669 3238 2726 constitutus
3274 2688 3288 2725 :
3346 2670 3503 2724 multi

1933 2764 2078 2820 enim
2129 2763 2288 2834 166
2323 2771 2716 2833 susceperunt,
2769 2772 2825 2817 et
2861 2761 3238 2827 crediderunt,
3289 2771 3344 2816 et
3387 2761 3507 2831 ipse

1933 2856 2206 2926 imprimis
2255 2855 2488 2921 Petrus,
2543 2869 2666 2910 cum
2703 2855 2844 2909 dixit
2880 2873 2894 2910 :
2937 2871 2956 2906 ι
2989 2853 3073 2908 Tu
3121 2869 3183 2911 es
3247 2853 3504 2909 Christus

1932 2947 2104 3004 Filius
2137 2947 2229 3003 Dei
2255 2947 2363 3002 vivi
2383 2948 2468 3002 3':
2508 2966 2528 3000 ι
2571 2945 2668 3002 sed
2696 2961 2822 3001 cum
2857 2947 2974 3017 ipse
3003 2944 3322 3001 accuratius
3342 2960 3507 3014 quam

1933 3040 2117 3096 caeteri
2148 3054 2342 3096 omnes
2369 3053 2622 3110 magnam
2649 3039 2924 3108 loquentis
2972 3037 3294 3108 dignitatem
3325 3037 3510 3092 animo

230 3129 458 3200 νονουχὶ
490 3128 820 3192 κατασείσας
861 3131 958 3198 τὴν
988 3128 1229 3199 κεφαλὴν
1249 3171 1263 3193 ,
1291 3129 1386 3180 καὶ
1421 3127 1580 3199 μηρῷ
1607 3127 1704 3197 τὴν
1737 3128 1823 3180 δε-

1932 3131 2300 3202 concepisset,
2359 3138 2573 3186 tantum
2606 3148 2718 3187 non
2773 3139 2924 3185 moto
2952 3129 3154 3200 capite,
3199 3135 3253 3183 et
3293 3126 3504 3184 femore

232 3221 370 3284 ξιὰν
423 3221 828 3292 ἐπικρατήσας,
877 3219 1250 3291 ἀποθαυμάζει
1305 3221 1414 3274 τῶν
1463 3219 1828 3275 ἀπειθούντων

1936 3222 2128 3278 dextra
2157 3235 2448 3292 percusso,
2485 3236 2674 3278 eorum
2729 3219 3034 3276 demiratur
3085 3217 3378 3274 amentiam
3415 3217 3510 3288 qui

230 3314 396 3387 αὐτῷ
418 3316 519 3387 τὴν
549 3316 829 3370 ἀπόνοιαν.

1936 3313 1988 3371 ei
2015 3329 2128 3370 non
2148 3314 2400 3370 credunt.

860 3451 1113 3505 ΚΕΦΑΛ.
1152 3451 1226 3506 Γ’.

234 3541 370 3592 Ὅτι
411 3540 580 3606 Θεὸς,
623 3541 720 3594 καὶ
757 3542 826 3595 ἐκ
862 3543 1012 3598 Θεοῦ
1035 3541 1186 3597 κατὰ
1209 3541 1400 3612 φύσιν
1428 3544 1462 3596 d
1485 3543 1763 3611 Χριστός.

2633 3446 2740 3502 AP.
2771 3445 2855 3501 lli.

2633 3449 2740 3502 AP.
2771 3449 2855 3501 Ill.
3481 3466 3486 3471 ’

1940 3540 2093 3608 Quod
2115 3538 2276 3600 Deus.
2301 3549 2350 3594 et
2365 3554 2428 3593 ex
2449 3538 2562 3593 Deo
2577 3449 2861 3593 Secundum
2879 3544 3127 3591 naturam
3140 3535 3220 3590 sit
3247 3533 3509 3591 Christus.

331 3676 388 3726 Ὀ
411 3675 737 3744 λαμϐάνων
759 3677 945 3732 αὐτοῦ
966 3677 1083 3746 τὴν
1099 3679 1451 3749 μαρτυρίαν,
1468 3677 1837 3750 ἐσφράγισεν

233 3768 331 3820 ὅτι
373 3770 404 3820 ό
439 3767 587 3832 Θεῢς
614 3768 847 3835 ἀληθής
877 3770 1066 3824 ἐστιν.

313 3859 432 3929 Οὐχ
489 3859 695 3929 ἑτέρως
744 3857 812 3932 ἦν
853 3861 1116 3927 ἐπιδεῖξαι
1158 3860 1257 3932 τὴν
1307 3859 1416 3916 τῶν
1463 3863 1837 3920 ἀπειθούντων

237 3951 530 4016 ἀσέϐειαν,
567 3955 614 4004 εἰ
646 3954 720 4024 μὴ
757 3953 864 4006 τῶν
889 3955 1255 4010 πιστευόντων
1280 3956 1342 4009 τὸ
1365 3957 1619 4029 λαμπρὸν
1647 3958 1838 4024 ἐξεκα-

239 4042 429 4114 λύφθη
470 4044 807 4116 κατόρθωμα
830 4060 848 4076 ο
893 4048 960 4116 τῇ
1005 4046 1113 4114 γὰρ
1143 4045 1253 4099 τῶν
1286 4048 1506 4117 ἀγαθῶν
1535 4051 1840 4123 ἀντιπαρα-

241 4134 396 4186 θέσει
438 4135 503 4188 τὸ
549 4135 753 4204 φαῦλον
800 4137 1040 4202 εὐκόλως
1084 4139 1538 4207 διαγινώσκεται,
1595 4142 1693 4195 καὶ
1729 4141 1840 4196 τῶν

240 4226 550 4294 ἀμεινόνων
577 4229 610 4297 ἠ
640 4229 839 4296 γνῶσις
861 4229 1073 4301 ἐλέγχει
1101 4231 1169 4284 τὰ
1209 4232 1485 4303 αἰσχίονα.
1538 4232 1688 4297 Εῖτις
1713 4228 1840 4299 οὖν,

245 4319 403 4386 φησὶ,
421 4322 535 4383 τοῖς
549 4320 643 4373 τοῦ
670 4322 875 4375 ἄνωθεν
893 4323 1122 4393 ἥκοντος
1141 4322 1326 4378 ὲπινεύ
1337 4340 1448 4376 σειε
1469 4309 1670 4392 λόγοις,
1704 4341 1828 4377 κατ-

1942 4320 2090 4376 venit
2104 4332 2412 4374 sermonem
2431 4316 2756 4386 susceperit,
2771 4314 3104 4384 obsignavit,
3129 4321 3184 4371 et
3200 4312 3517 4384 cognitione

252 4411 552 4480 ετφράγισέ
573 4429 630 4464 τε
655 4414 743 4467 καὶ
757 4413 1158 4484 ἐξησφαλίσατο
1170 4416 1258 4469 διὰ
1274 4416 1375 4487 τῆς
1395 4413 1828 4487 συν[αιν]ἑσεως,

1943 4414 2036 4469 illa
2080 4411 2495 4482 comprobavit,
2538 4417 2796 4464 naturam
2847 4407 3092 4464 divinam
3143 4421 3173 4461 a
3225 4405 3516 4462 mendacio

253 4501 324 4554 ὃτι
357 4504 422 4554 τὸ
454 4503 706 4571 ἀψευδεῖν
735 4505 824 4556 ἀεὶ
856 4507 921 4576 τῇ
953 4505 1072 4576 θείᾳ
1099 4505 1333 4578 σύνηθές
1362 4523 1423 4559 τε
1453 4506 1548 4559 καὶ
1581 4505 1828 4575 φιλαίτα-

1941 4505 2263 4561 abhorrere.
2315 4501 2456 4557 Hinc
2501 4509 2650 4573 patet
2697 4501 2919 4557 demum
2968 4499 3330 4555 contrarium.
3374 4494 3515 4550 Nam

252 4606 336 4642 τον
360 4591 547 4658 φύσει.
584 4593 717 4646 Ἀπὸ
741 4594 804 4664 δὴ
828 4594 1018 4648 τούτου
1037 4596 1302 4668 πρόδηλον
1327 4595 1514 4650 λοιπὸν
1533 4599 1646 4662 τοῖς
1665 4596 1828 4670 ὁρῶσι

1938 4596 2195 4671 quisquis
2233 4594 2360 4651 ﬁdei
2423 4593 2687 4650 nuntium
2743 4591 2988 4657 remisit,
3047 4597 3283 4646 testatur
3325 4587 3518 4657 utique

249 4683 308 4734 τὸ
326 4683 574 4735 ἐναντίον
601 4699 616 4713 ο
651 4688 1138 4757 καταμαρτυρήσει
1171 4687 1281 4760 γὰρ
1317 4688 1536 4753 πάντως
1565 4690 1594 4742 6
1621 4691 1719 4762 τὴν
1750 4690 1828 4744 πί-

1939 4689 2112 4746 Deum
2142 4702 2398 4744 veracem
2429 4701 2540 4742 non
2572 4701 2718 4742 esse.
2753 4683 3173 4740 Observandum
3223 4689 3406 4737 autem
3431 4685 3517 4736 est

247 4787 367 4824 στιν
401 4774 873 4845 ἀποκρουόμενος,
919 4778 1002 4830 ὅτι
1029 4779 1057 4830 6
1085 4777 1214 4841 Θεὸς
1260 4779 1381 4833 ούκ⁰
1416 4779 1564 4836 ἔστιν
1605 4781 1828 4854 ἀληθής.

1939 4795 2145 4850 porro,
2174 4780 2262 4836 his
2319 4779 2507 4836 verbis
2536 4793 2568 4833 a
2601 4774 3188 4833 consubstantialitate
3244 4778 3517 4828 creatura:

262 4864 453 4935 Ἐπιτη
465 4865 655 4935 ρητέον
688 4865 742 4918 δὲ
769 4867 951 4933 πάλιν,
976 4868 1058 4920 ὅτι
1090 4870 1192 4939 τῆς
1217 4871 1352 4940 πρὸς
1382 4872 1482 4941 τὴν
1505 4871 1684 4926 κτίσιν
1701 4873 1828 4944 ὁμο-

1943 4872 2144 4928 Filium
2175 4871 2464 4938 removeri,
2489 4879 2542 4926 et
2572 4867 2742 4926 Deum
2777 4866 3082 4924 secundum
3115 4869 3369 4918 naturam
3391 4875 3518 4917 esse

223 4958 560 5027 ουσιότητος
593 4957 798 5023 ἐξέλκει
839 4959 930 5012 τὸν
977 4959 1108 5013 Υίὸν
1132 5001 1148 5026 ,
1199 4961 1295 5015 καὶ
1345 4963 1479 5017 Θεὸν
1506 4964 1636 5017 ὄντα
1690 4963 1828 5017 κατά

1945 4961 2187 5020 ostendi.
2221 4960 2282 5015 Si
2329 4961 2475 5016 enim
2521 4959 2615 5029 qui
2653 4958 2779 5027 ejus
2820 4953 3173 5012 sermonibus
3219 4951 3414 5012 credit,
3463 4956 3518 5003 et

220 5048 411 5118 φύσιν
437 5049 526 5102 διὰ
569 5049 678 5102 τῶν
710 5052 1014 5122 εἰρημένων
1046 5054 1395 5109 ἐπιδεικνύει.
1442 5057 1506 5110 Ei
1528 5055 1636 5126 γὰρ
1665 5057 1693 5110 6
1724 5057 1828 5119 τοῖς

1938 5054 2317 5112 testimonium
2343 5051 2493 5126 quod
2519 5051 2635 5120 ipse
2680 5048 2748 5103 de
2781 5048 2967 5117 seipso
2995 5043 3244 5116 perhibet
3289 5038 3514 5108 accipit,

215 5140 382 5209 παρ’
407 5139 568 5192 αὑτοῦ
593 5139 954 5212 λαλουμένοις
970 5144 1314 5216 πειθόμενος,
1339 5123 1628 5216 δεχόμενος
1655 5146 1712 5199 δὲ
1734 5146 1828 5216 τὴν

1940 5147 2180 5220 signavit
2223 5158 2289 5198 ac
2347 5123 2520 5214 probe
2571 5137 2920 5194 conﬁrmavit
2974 5134 3118 5205 quod
3156 5132 3300 5187 Deus
3349 5144 3512 5220 verax

215 5228 592 5300 μαρτυρίαν,
657 5231 834 5304 ἥνπερ
879 5234 947 5288 ἂν
991 5236 1153 5300 αὐτὸς
1198 5241 1402 5291 ποιοῖτο
1445 5238 1572 5308 περὶ
1614 5237 1828 5302 ἑαυτοῦ,

1939 5217 2047 5307 est,
2079 5234 2358 5308 quomodo
2390 5231 2646 5289 Christus
2679 5242 2791 5283 non
2827 5225 3164 5295 intelligetur
3211 5217 3513 5277 secundum

209 5323 658 5392 κατεσφράγισέ
691 5342 750 5376 τε
783 5328 876 5378 καὶ
924 5329 1302 5400 ὲπεψηφίσατο
1334 5331 1542 5395 καλῶς,
1593 5331 1676 5384 ὅτι
1713 5330 1776 5403 δὴ
1805 5331 1828 5384 6

1934 5339 2190 5386 naturam
2223 5325 2402 5385 Deus.
2436 5322 2530 5394 qui
2575 5334 2765 5376 eorum
2814 5331 2935 5388 qum
2979 5315 3141 5385 paulo
3187 5321 3318 5368 ante
3370 5311 3515 5367 dicta

213 5415 378 5477 Θεὸς
425 5415 634 5487 ἀληθής
661 5419 818 5471 ἐστι’
861 5420 978 5484 πῶς
1021 5423 1122 5476 οὐκ
1168 5424 1235 5478 ἂν
1269 5427 1438 5478 νοοῖτο
1484 5425 1628 5479 κατὰ
1671 5424 1828 5495 φύσιν

1934 5431 2064 5479 sunt
2105 5417 2434 5475 auctoritate
2481 5428 2645 5470 verax
2677 5426 2803 5468 esse
2833 5406 3262 5478 comprobatur?
3292 5404 3514 5474 Alioqui

219 5504 377 5565 Θεὸς
402 5504 432 5555 6
460 5504 696 5572 Χριστὸς
715 5548 727 5569 ,
775 5509 803 5559 6
831 5511 921 5563 καὶ
946 5512 1032 5565 διὰ
1073 5513 1172 5583 τῆς
1204 5515 1438 5580 πίστεως
1476 5516 1583 5569 τῶν
1606 5516 1828 5586 ἔναγχος

1938 5517 2088 5571 dicat
2129 5525 2352 5567 rursum
2381 5506 2542 5563 nobis
2593 5503 2949 5560 adversarius
3003 5497 3280 5572 quomodo
3321 5503 3516 5585 natura

229 5594 557 5664 εἰρημένων
606 5597 810 5672 amor];
854 5604 1428 5678 ὲπιμαρτυρούμενος;
1493 5608 1564 5661 Ἢ
1627 5607 1828 5676 λεγέτω

1941 5604 2126 5660 divina
2181 5603 2483 5657 honoratur
2549 5605 2610 5653 ut
2663 5609 2831 5651 verax
2891 5599 3155 5664 suscepto
3210 5587 3516 5645 Salvatoris

2007 3680 2099 3736 ill.
2141 3682 2231 3736 55.
2285 3679 2390 3746 Qui
2444 3679 2634 3749 accipit
2681 3677 2800 3747 ejus
2851 3676 3236 3740 testimonium,
3287 3673 3511 3744 signauit

1937 3773 2066 3842 quia
2084 3772 2224 3826 Deus
2264 3786 2424 3825 verax
2448 3781 2550 3826 est.

2008 3861 2129 3916 Non
2168 3862 2328 3917 aliter
2366 3859 2659 3917 ostendere
2696 3866 2912 3931 poterat
2957 3856 3375 3914 incredulorum
3405 3855 3510 3909 im-

1939 3955 2222 4026 pietatem,
2250 3951 2357 4008 nisi
2393 3950 2742 4007 credentium
2779 3951 3101 4020 praeclaram
3131 3946 3393 4003 virtutem
3415 3961 3514 4018 pa-

1940 4047 2049 4100 lam
2095 4044 2322 4099 faceret.
2382 4041 2660 4096 Bonorum
2718 4040 2919 4096 etenim
2973 4040 3269 4095 collatione
3318 4039 3514 4093 vitium

1940 4133 2103 4191 facile
2153 4132 2532 4204 dignoscitur,
2577 4140 2632 4187 et
2680 4130 2904 4187 honesti
2957 4129 3274 4200 cognitione
3335 4129 3513 4199 turpia

1940 4227 2272 4298 produntur.
2306 4223 2364 4280 Si
2400 4225 2528 4296 quis
2559 4227 2728 4294 ergo,
2777 4224 2979 4293 inquit,
3005 4222 3129 4292 ejus
3159 4221 3251 4293 qui
3275 4235 3516 4291 superne

317 5771 356 5800 ³³
395 5769 591 5826 Matth.
632 5789 742 5838 xvt,
776 5774 860 5830 16.
