4040 6214
530 308 638 371 275

1523 300 1581 356 5.
1621 299 1903 365 ΩΥΒΙΙᾸΔ
1939 299 2406 358 ALEXANDRINI
2441 299 2764 357 ARCHIEP.

3676 313 3786 370 270

527 422 704 477 nostri
734 417 1071 475 testimonio.
1115 417 1174 472 Si
1206 416 1354 472 enim
1391 414 1552 488 plane
1581 414 1886 471 secundum
1937 425 2100 471 natu-

2216 418 2365 473 ιιάλιν
2392 418 2524 488 ἡμῖν
2552 417 2662 472 όδι⁹
2690 417 2958 481 ἐναντίας,
2990 418 3106 482 πῶς
3135 418 3169 482 ἡ
3193 418 3310 473 θεία
3342 424 3569 495 τιμᾶται
3598 428 3787 498 φύσις,

523 523 646 567 ram
676 523 784 563 non
817 518 901 564 est
931 506 1097 569 Deus,
1129 506 1429 579 religiosus
1460 522 1570 560 non
1611 506 1718 561 erit
1763 520 1893 576 erga
1936 514 2103 559 natu-

527 614 646 657 ram
674 599 913 654 divinam
960 599 1008 653 is
1035 597 1127 669 qui
1168 598 1362 663 credit,
1416 604 1478 652 ut
1508 597 1712 661 veraci,
1772 596 1868 651 sed
1921 597 2102 666 potius

527 706 656 761 erga
681 697 991 744 creaturam
1026 703 1212 752 unam,
1237 695 1296 742 ut
1336 687 1414 743 illi
1452 688 1663 754 volunt,
1700 687 2100 758 przcstantissi-

529 792 695 833 mam.
726 777 862 831 Cum
898 785 1079 833 autem
1133 777 1476 834 asseveratio
1518 776 1613 831 illa
1664 777 1985 835 veracitatis
2034 776 2103 831 ad

530 868 699 925 Deum
754 869 1050 938 pertineat,
1091 872 1313 942 quando
1352 871 1486 929 iides
1534 870 1756 927 Christo
1789 877 2105 942 praestatur,

532 963 719 1032 utique
759 960 1111 1017 manifestum
1146 973 1230 1018 est
1276 963 1425 1033 quod
1475 978 1642 1019 verus
1684 962 1962 1021 exsistens
1997 977 2107 1016 non

533 1052 655 1108 l'alsi
686 1053 927 1108 nominis
962 1051 1109 1108 Deus
1159 1053 1275 1123 ipse
1324 1053 1433 1119 sibi
1476 1054 1743 1113 honorem
1790 1053 1940 1113 illum
1990 1068 2110 1109 cre-

528 1144 779 1199 dentium
815 1154 1059 1213 arrogat.
1120 1142 1232 1200 Sed
1283 1159 1395 1200 non
1452 1143 1869 1221 astipulabitur,
1900 1151 1960 1198 ut
2013 1158 2105 1219 ap-

529 1243 714 1306 paret,
754 1234 884 1288 huic
961 1242 1164 1289 nostrae
1231 1234 1526 1289 sententia:
1603 1234 1858 1289 veritatis
1919 1232 2105 1287 inimi-

529 1340 664 1391 cus;
729 1324 976 1395 quinimo
1048 1324 1219 1379 Deum
1285 1325 1592 1379 secundum
1653 1333 1908 1379 naturam
1978 1338 2102 1385 esse

531 1416 689 1473 fateri
734 1419 952 1482 nolens,
993 1433 1159 1484 supra
1202 1417 1424 1471 modum
1470 1432 1670 1487 procax
1718 1430 1822 1470 nos
1879 1431 2099 1470 rursum

530 1511 617 1567 his
642 1511 827 1566 verbis
855 1510 1235 1580 aggredietur:
1262 1496 1624 1574 Caviiiaris,‘o
1653 1510 1816 1576 bane,
1836 1516 1891 1564 et
1913 1524 2105 1563 versu-

528 1607 708 1655 tarum
786 1600 1060 1654 rationum
1137 1601 1394 1669 strophas
1454 1600 1911 1661 comminisceris.
1951 1598 2105 1669 167

530 1690 841 1759 simplicem
903 1689 1316 1758 quodammodo
1384 1698 1437 1743 et
1495 1696 1706 1743 rectam
1776 1690 2110 1744 sententiam

2207 509 2283 573 ὡς
2317 507 2689 579 ἀληθεύουσα,
2734 510 2836 580 τῆς
2876 509 2972 563 τοῦ
3002 511 3253 584 Σωτῆρος
3294 515 3453 585 ήμῶν
3480 521 3792 590 μαρτυρίας

2212 600 2712 671 παραδεδεγμένης.
2748 601 2812 657 Εἰ
2857 600 2966 673 γὰρ
2997 602 3131 663 ὅλως
3170 603 3509 675 κατὰφύσιν
3545 609 3646 664 οὐκ
3676 611 3791 668 ἐστι

2209 689 2370 756 Θεὸς,
2406 691 2507 751 οὐκ
2530 693 2610 757 εἰς
2630 691 2729 762 τὴν
2764 692 2917 749 θείαν
2948 692 3239 765 εὐσεϐήσει
3258 693 3419 766 φύσιν
3443 699 3472 752 6
3498 701 3791 766 πιστεύων,

2208 780 2284 848 ῶς
2310 783 2649 857 ἀληθεύοντι,
2680 784 2880 854 μᾶλλον
2911 785 2968 843 δὲ
3000 786 3081 851 είς
3109 785 3168 840 ἓν
3191 786 3299 842 τῶν
3330 790 3650 861 κτισμάτων
3671 793 3792 847 κατ’

2209 869 2451 931 ἐκείνους
2485 869 2546 922 τὸ
2592 869 2901 933 κάλλιστον.
2953 872 3172 943 Ἐπειδὴ
3216 873 3273 933 δὲ
3303 875 3398 937 τοῦ
3438 877 3729 949 ἀληθεύειν
3754 883 3791 953 ή

2207 959 2389 1029 ψῆφος
2425 959 2506 1023 εἰς
2546 956 2681 1012 Θεὸν
2718 960 3059 1016 ἀνατείνεται
3088 963 3478 1034 πιστευομένου
3528 968 3793 1039 χριστοῦ,

2212 1050 2477 1124 πρόδηλον
2510 1053 2686 1125 δήπου
2728 1053 2945 1120 πάντως
2968 1054 3116 1113 ἐστὶν
3134 1096 3151 1122 ,
3203 1055 3286 1113 ὅτι
3321 1055 3457 1121 Θεὸς
3489 1058 3791 1131 ὑπάρχων,

2211 1143 2273 1195 ab
2312 1141 2663 1214 ψευδώνυμος
2698 1144 2859 1208 αὐτὸς
2898 1145 2983 1214 ἐφ’
3015 1144 3192 1214 ἑαυτῷ
3230 1144 3329 1217 τὴν
3358 1147 3466 1200 ἁπὸ
3515 1147 3628 1203 τῶν
3667 1167 3795 1204 συνο

2213 1231 2509 1291 αινούντων
2545 1232 2783 1306 ἁρπάζει
2828 1235 3014 1307 τιμήν.
3062 1235 3199 1289 Ἀλλ’
3223 1237 3284 1292 ab
3310 1238 3637 1306 συνθήσεται
3668 1241 3790 1312 μὲν,

2218 1323 2358 1374 κατά
2384 1324 2443 1376 τὸ
2464 1327 2632 1391 εἰκὸς,
2649 1324 2862 1390 τούτοις
2884 1328 3015 1399 ἡμῖν
3038 1331 3152 1393 τοῖς
3168 1328 3348 1398 λόγοις
3370 1330 3398 1382 6
3416 1330 3516 1401 τῆς
3533 1329 3793 1403 ἀληθείας

2219 1411 2431 1484 ἐχθρός⁸
2464 1416 2855 1487 ἀνασκιρτήσει
2872 1416 2926 1470 δὲ
2961 1417 3124 1487 μέγα,
3148 1417 3280 1472 Θεὸν
3295 1414 3437 1474 εἶναι
3463 1421 3604 1477 κατὰ
3629 1422 3789 1491 φύσιν

2218 1503 2277 1555 ab
2306 1504 2742 1577 παραδεχόμενος
2766 1507 2857 1560 τὸν
2882 1507 3028 1573 Υίόν.
3046 1507 3192 1581 Ἐρεῖ
3206 1508 3263 1563 δὲ
3291 1508 3356 1580 δὴ
3387 1508 3578 1565 πάλιν·
3607 1512 3788 1565 Κατα-

2219 1596 2414 1670 σοφίζῃ
2445 1598 2536 1651 τὸν
2575 1597 2762 1669 λόγον,
2805 1593 2850 1653 ὦ
2895 1592 3087 1664 οὗτος,
3140 1600 3235 1654 καὶ
3282 1601 3523 1674 στροφὰς
3546 1584 3789 1665 ἐπινοεῖς

2217 1687 2572 1771 πολυπλόκων
2606 1688 3008 1761 θεωρημάτων,
3062 1690 3161 1761 τὴν
3204 1690 3387 1762 ἁπλῆν
3435 1690 3635 1761 τρόπον
3666 1691 3792 1746 τινὰ

532 1780 820 1836 amoliens.
853 1781 989 1836 Cum
1026 1781 1171 1836 enim
1207 1781 1426 1837 caelitus
1464 1780 1558 1836 Dei
1596 1779 1837 1837 Verbum
1870 1781 2101 1836 descen-

2216 1778 2306 1831 καὶ
2338 1778 2550 1832 εὐθεῖαν
2572 1780 2661 1834 ἀεὶ
2681 1779 2919 1835 διάνοιαν
2942 1780 3394 1853 παραιτούμενος.
3442 1783 3657 1856 Ἐπειδὴ
3683 1783 3793 1854 γὰρ

531 1870 698 1935 derit,
744 1881 932 1942 aperte
973 1873 1258 1929 clamans:
1291 1891 1311 1924 ι
1341 1871 1421 1927 Ex
1468 1873 1685 1943 meipso
1735 1888 1847 1927 non
1886 1874 2105 1942 luqilor,

532 1962 626 2017 sed
662 1962 756 2032 qui
797 1963 949 2018 misit
984 1977 1070 2018 me
1100 1964 1287 2028 Pater,
1313 1964 1436 2035 ipse
1478 1963 1613 2017 mihi
1657 1963 1982 2018 mandatum
2014 1962 2111 2017 de-

536 2056 619 2110 dit
672 2055 809 2126 quid
850 2057 1030 2110 dicam
1085 2062 1140 2110 et
1189 2055 1325 2125 quid
1378 2057 1573 2126 loquar
1596 2054 1677 2121 ”;
1707 2073 1725 2106 ι
1768 2064 1824 2110 et
1873 2069 2106 2110 rursus:

536 2164 559 2199 ι
592 2144 793 2201 Omnia
832 2160 1184 2215 qumcunque
1218 2146 1406 2200 audivi
1448 2159 1477 2198 a
1515 2143 1678 2199 Patre
1705 2151 1833 2198 nota
1872 2141 1977 2198 feci
2011 2158 2109 2197 vo-

531 2237 686 2292 bis“
717 2254 729 2288 :
762 2256 780 2289 ι
813 2237 1055 2301 tametsi,
1101 2245 1161 2290 ut
1195 2236 1319 2305 ipse
1360 2236 1416 2289 in
1463 2233 1828 2305 sequentibus
1882 2240 2111 2289 sanctus

532 2327 778 2397 Baptista
816 2332 1090 2380 testatur:
1121 2342 1140 2376 ι
1179 2325 1357 2391 Quem
1379 2325 1526 2380 enim
1559 2323 1712 2380 misit
1746 2321 1917 2389 Deus,
1943 2323 2110 2379 verba

531 2412 627 2473 Dei
657 2418 932 2487 loquitur;
958 2417 1002 2448 “
1030 2436 1050 2468 ι
1071 2416 1285 2471 idcirco
1315 2416 1384 2472 de
1414 2431 1484 2472 eo
1510 2415 1649 2471 dicit
1682 2433 1696 2469 :
1722 2434 1739 2466 ι
1772 2413 1876 2481 Qui
1907 2413 2111 2483 accipit

530 2508 655 2577 ejus
687 2506 1094 2570 testimonium,
1128 2506 1370 2577 signavit
1405 2507 1536 2577 quia
1567 2505 1713 2561 Deus
1739 2520 1904 2561 verax
1936 2511 2021 2561 est
2038 2504 2107 2558 δ’.

534 2598 713 2670 Verax
746 2598 893 2651 enim
928 2604 1016 2653 est
1036 2595 1183 2653 Dens
1212 2611 1278 2651 ac
1304 2596 1468 2652 Pater
1506 2615 1519 2652 :
1556 2604 1623 2651 tu
1652 2583 1786 2652 vero
1821 2596 1879 2651 in
1912 2595 2109 2650 Filium

531 2688 826 2743 deﬂectere
856 2687 1077 2742 conaris
1115 2686 1264 2756 quod
1303 2688 1469 2742 alteri
1517 2688 1769 2743 debetur.
1815 2686 1956 2754 Quid
2008 2686 2111 2759 igi-

533 2791 625 2834 tur
655 2781 720 2834 ad
762 2780 881 2834 haec
914 2792 1017 2835 nos
1050 2795 1270 2849 quoque
1322 2777 1820 2848 respondebimus?
1851 2778 1934 2830 An
1979 2791 2111 2846 ergo

533 2874 677 2929 inter
701 2871 1000 2941 prophetas
1020 2870 1383 2940 Unigenitum
1416 2869 1791 2938 ministerium
1824 2867 2111 2939 prophetis

532 2961 868 3016 conveniens
923 2960 1186 3030 implere,
1244 2959 1493 3026 nihilque
1548 2967 1749 3029 praeter
1800 2958 1908 3014 hoc
1962 2957 2112 3013 aliud

533 3052 717 3108 facere
763 3052 1055 3108 dicemus?
1102 3051 1240 3117 Quis
1291 3052 1435 3106 enim
1479 3066 1592 3106 non
1651 3051 1813 3121 plane
1872 3049 2114 3105 fateatur

2217 1866 2277 1933 ἐξ
2302 1868 2532 1939 οὐρανοῦ
2557 1870 2927 1941 καταϐέϐηκεν
2960 1871 2991 1925 6
3011 1871 3105 1926 τοῦ
3131 1870 3266 1926 Θεοῦ
3288 1872 3481 1941 Λόγος,
3499 1873 3793 1945 διαρρήδην

2215 1961 2460 2017 ἁναϐοῶν
2478 2001 2495 2027 ,
2533 1980 2552 2013 ι
2590 1962 2707 2016 Ἀπ’
2740 1962 2979 2034 ἐμαυτοῦ
3004 1963 3066 2017 ab
3094 1963 3258 2031 λαλῶ,
3288 1964 3403 2020 ἀλλ’
3433 1966 3461 2018 6
3484 1963 3705 2036 πέμψας
3721 1983 3790 2035 με

2218 2052 2427 2124 Πατὴρ,
2482 2054 2644 2119 αὐτός
2690 2070 2780 2126 μοι
2810 2054 3028 2127 ἐντολήν
3068 2054 3268 2109 δέδωκε
3314 2056 3368 2109 τί
3395 2056 3568 2124 εἴπω,
3611 2058 3703 2110 καὶ
3737 2056 3793 2110 τί

2217 2142 2434 2215 λαλήσω
2458 2162 2472 2176 ·
2506 2164 2525 2196 ι
2560 2144 2654 2198 καὶ
2686 2143 2848 2199 πάλιν
2872 2186 2886 2211 ,
2927 2164 2946 2197 ι
2972 2145 3159 2200 Πάντα
3190 2144 3225 2199 ἁ
3257 2140 3469 2217 ἥκουσα
3514 2145 3663 2216 παρὰ
3693 2146 3787 2199 τοῦ

2218 2234 2452 2306 Πατρὸς,
2486 2234 2788 2304 ἀπαγγελῶ
2815 2234 2836 2300 Ι’
2853 2235 2992 2307 vulg.
3029 2233 3337 2308 ἐγνώρισα]
3372 2236 3521 2307 ὑμῖν,
3550 2255 3567 2288 ι
3601 2238 3651 2290 εἰ
3672 2236 3791 2290 καὶ.

2217 2324 2293 2388 ὡς
2320 2325 2482 2388 αὐτὸς
2508 2327 2565 2383 ὲν
2592 2328 2704 2390 τοῖς
2724 2325 2923 2398 ἑφεξῆς
2941 2327 2969 2379 6
2990 2324 3145 2395 ἅγιος
3167 2325 3569 2397 διεμαρτύρατο
3593 2325 3792 2379 Batn-

2220 2417 2353 2487 στής
2378 2431 2392 2447 ·
2434 2435 2453 2469 ι
2489 2418 2585 2472 "Ov
2613 2417 2722 2490 γὰρ
2758 2416 3081 2475 ἀπέστειλεν
3112 2419 3141 2471 6
3170 2416 3323 2481 Θεὸς,
3352 2415 3420 2469 τὰ
3447 2417 3669 2487 ῥήματα
3695 2413 3789 2468 τοῦ

2218 2507 2356 2561 Θεοῦ
2389 2508 2572 2564 λαλεῖ’
2597 2529 2617 2562 ι
2652 2509 2741 2565 διὰ
2761 2508 2921 2564 τοῦτο
2951 2507 3098 2578 λέγει
3118 2508 3245 2580 περὶ
3272 2507 3460 2563 αὐτοῦ’
3496 2527 3516 2559 ‹
3557 2507 3619 2560 '0
3649 2506 3788 2577 λαμ-

2217 2599 2396 2657 ϐάνων
2429 2599 2596 2655 αὐτοῦ
2629 2600 2729 2674 τὴν
2763 2601 3089 2674 μαρτυρίαν,
3122 2600 3471 2672 ἐσφράγισεν,
3503 2600 3584 2652 ὅτι
3612 2600 3640 2652 6
3660 2598 3790 2663 Θεὸς

2218 2694 2424 2768 ἁληθής
2450 2697 2597 2749 ἐστιν
2619 2712 2633 2726 ·
2664 2714 2683 2747 ι
2714 2694 2921 2768 ἀληθὴς
2934 2696 3044 2768 γάρ
3075 2696 3221 2748 ἐστιν
3249 2695 3276 2747 6
3295 2693 3426 2757 Θεὸς
3450 2691 3545 2746 καὶ
3569 2692 3787 2762 Πατήρ·

2221 2787 2285 2841 σὺ
2311 2787 2368 2843 δὲ
2394 2789 2528 2858 ἡμῖν
2558 2788 2640 2852 είς
2668 2787 2761 2843 τὸν
2789 2787 2915 2843 Υἱδν
2958 2786 3309 2861 περιτρέπειν
3338 2787 3502 2856 πειρᾷ
3534 2784 3594 2837 τὸ
3620 2784 3792 2854 ἑτέρῳ

2218 2878 2685 2952 χρεωστούμενον.
2749 2881 2815 2934 Τί
2853 2875 2947 2937 οὖν
2988 2880 3126 2953 πρὸς
3154 2879 3330 2934 ταῦτα
3358 2879 3452 2933 καὶ
3478 2877 3608 2949 παρ’
3634 2875 3791 2947 ήμῶν

2218 2970 2498 3042 εἰρήσεται
2524 2986 2541 3037 ;
2572 2965 2701 3041 Ἆρ’
2723 2963 2816 3024 οὖν
2844 2971 2902 3023 ἐν
2927 2971 3232 3041 προφήταις
3265 2969 3395 3040 ἡμῖν
3426 2969 3454 3022 6
3485 2966 3793 3035 Μονογενῆς

2218 3062 2520 3129 τετάξεται,
2545 3061 2646 3135 τὴν
2671 3063 2977 3135 προφήταις
3010 3060 3326 3133 πρέπουσαν
3351 3056 3624 3112 διακονίαν
3654 3057 3791 3110 ἁπο-

536 3142 631 3196 Dei
688 3143 755 3196 ad
814 3158 917 3198 nos
946 3157 1114 3198 vaces
1167 3141 1467 3213 prophetas
1507 3140 1821 3197 detulisse?
1866 3142 1936 3194 At
1984 3139 2110 3211 quid

2220 3155 2465 3228 πληρῶν,
2492 3156 2588 3211 καὶ
2616 3154 2803 3227 ἕτερον
2839 3155 2932 3208 ἐπὶ
2960 3152 3134 3224 τούτῳ
3162 3152 3419 3223 πράττων
3451 3149 3603 3204 οὐδέν
3627 3165 3643 3215 ;
3673 3147 3792 3201 Τίνι

533 3238 723 3291 eximii
754 3236 922 3291 habet
972 3235 1170 3299 Filius,
1210 3235 1261 3289 'si
1309 3236 1415 3289 hoc
1473 3234 1654 3305 ipsum
1689 3232 1963 3289 duntaxat
2009 3232 2115 3286 im-

536 3329 722 3397 pleat?
756 3327 1048 3395 Quomodo
1073 3342 1205 3382 vero
1235 3341 1406 3397 supra
1443 3342 1637 3381 omnes
1666 3335 1774 3389 est,
1807 3325 1855 3380 si
1881 3323 2116 3394 prophe-

535 3428 716 3473 tarum
755 3421 808 3472 in
837 3419 1032 3473 ordine
1058 3426 1343 3483 censetur,
1376 3426 1433 3473 et
1469 3417 1660 3477 servili
1680 3415 2002 3472 conditione
2031 3423 2117 3470 est

535 3510 840 3580 praeditus?
880 3508 1163 3587 quomodo
1193 3524 1294 3569 ceu
1331 3508 1445 3567 illis
1469 3507 1648 3585 gloria
1679 3506 2032 3581 praestantior
2057 3508 2113 3561 in

536 3603 849 3671 Evangeliis
880 3603 956 3656 ait
986 3618 998 3654 :
1036 3620 1055 3653 ι
1091 3600 1150 3656 Si
1184 3601 1314 3656 illos
1359 3599 1499 3654 dixit
1526 3598 1681 3664 deos,
1710 3596 1778 3651 ad
1807 3611 1947 3666 quas
1995 3610 2113 3650 ser-

536 3711 627 3749 mo
661 3694 754 3750 Dei
793 3694 972 3750 lactus
998 3702 1106 3755 est.
1145 3700 1338 3748 etnon
1385 3697 1570 3761 potest
1609 3690 1749 3746 solvi
1788 3688 2113 3759 Scriptura;

536 3803 697 3856 quem
737 3787 904 3841 Pater
924 3786 1316 3849 sanetilicavit,
1351 3792 1406 3839 et
1438 3782 1588 3839 misit
1613 3784 1669 3837 in
1700 3780 1991 3847 mundum,
2016 3794 2117 3835 vos

535 3878 725 3932 dicitis
769 3878 898 3948 quia
954 3877 1309 3946 blasphemas
1366 3891 1381 3928 :
1434 3875 1565 3946 quia
1606 3875 1745 3938 dixi,
1788 3873 1965 3928 Filius
2019 3870 2114 3927 Dei

534 3986 657 4028 sum
680 3971 763 4024 ιιι
788 3991 805 4022 ι
826 3963 926 4026 liis
959 3970 1107 4024 enim
1147 3970 1332 4025 verbis
1366 3975 1560 4038 aperte
1589 3967 1834 4036 seipsum
1862 3964 2055 4019 eximit
2084 3962 2133 4017 a'

537 4063 932 4130 prophetarum
980 4060 1166 4129 grege,
1203 4073 1412 4128 eosque
1456 4057 1591 4111 deos
1611 4042 1840 4111 vocatos
1872 4052 2114 4109 esse.di-

537 4152 634 4215 cit,
666 4159 956 4219 propterea
984 4148 1129 4217 quod
1164 4146 1347 4202 factus
1364 4154 1446 4201 est
1480 4145 1548 4198 ad
1578 4145 1731 4213 ipsos
1758 4143 1853 4199 Dei
1886 4157 2073 4198 sermo
2099 4160 2113 4195 :

536 4244 784 4313 seipsum
815 4256 949 4297 vero
969 4239 1064 4295 Dei
1093 4239 1293 4294 Filium
1336 4239 1557 4297 asserit.
1585 4236 1720 4293 Nam
1751 4236 1966 4292 sanctis
1991 4251 2118 4306 pro-

534 4335 719 4406 phetis
771 4334 1136 4403 particularis
1168 4334 1417 4403 quaedam
1473 4347 1570 4402 per
1605 4329 1875 4401 Spiritum
1915 4329 2115 4386 collata

536 4433 622 4482 est
647 4425 822 4494 gratia
849 4439 863 4474 :
894 4425 949 4478 in
980 4424 1206 4480 Christo
1235 4440 1367 4480 vero
1400 4423 1708 4489 Salvatore,
1743 4421 1954 4493 placuit
1987 4437 2108 4476 om-

534 4532 662 4575 nem
710 4515 1112 4586 plenitudinem
1147 4515 1378 4571 deitatis
1425 4515 1677 4570 habitare
1721 4498 2108 4585 corporaliter,

535 4618 597 4662 ut
620 4606 823 4662 Paulus
849 4607 925 4661 ait
946 4609 1013 4662 ι’.
1042 4606 1282 4677 Ideoque
1301 4606 1369 4662 de
1397 4606 1743 4677 plenitudine
1768 4606 1894 4677 ejus
1918 4613 2133 4665 amnes-

537 4697 876 4765 accepimus.
902 4706 960 4751 ut
981 4696 1224 4751 Joannes
1255 4698 1598 4753 asseruit‘“.
1623 4697 1912 4765 Quomodo
1946 4700 2116 4771 igitur

533 4787 768 4858 aqualis
803 4789 914 4844 erit
967 4788 1371 4859 accipientibus
1411 4789 1664 4862 largitor,
1699 4801 1795 4847 aut
1835 4791 2111 4863 quomodo

534 4879 591 4936 in
627 4869 827 4936 ordine
879 4878 1122 4937 ministri
1168 4879 1277 4935 erit
1319 4864 1546 4938 deitatis
1602 4882 1928 4953 plenitudo?
1973 4881 2113 4940 Hinc

533 4987 665 5043 ergo
695 4972 1140 5028 animadvertant
1160 4979 1367 5043 quanta
1393 4988 1453 5029 se
1480 4974 1835 5048 obstringunt
1853 4974 2109 5044 blasphe-

535 5060 645 5115 mia
682 5061 1005 5131 quicunque
1032 5061 1138 5117 ista
1171 5062 1494 5132 loquuntur.
1527 5063 1650 5130 Quo
1692 5073 1857 5135 pacto
1878 5078 2010 5120 vero
2039 5063 2111 5119 sit

532 5153 953 5223 intelligendum
987 5153 1125 5209 illud
1156 5170 1169 5207 :
1197 5172 1217 5206 ι
1256 5154 1335 5210 Ex
1367 5157 1577 5226 meipso
1606 5172 1715 5212 non
1753 5158 1974 5227 loquor,
2012 5158 2109 5213 sed

532 5244 625 5313 qui
666 5244 823 5300 misit
864 5260 952 5300 me
991 5244 1174 5310 Pater,
1214 5246 1339 5317 ipse
1390 5247 1525 5302 mihi
1581 5248 1905 5303 mandatum
1959 5250 2114 5306 dedit

532 5335 664 5404 quid
713 5337 916 5403 dicam,
950 5347 1045 5392 aut
1090 5338 1222 5409 quid
1257 5340 1451 5409 loquar
1474 5340 1541 5402 ⁸⁸,
1568 5360 1588 5393 ι
1631 5355 1735 5396 suo
1761 5351 2014 5415 tempore
2050 5356 2115 5396 ac

538 5423 664 5478 loco
719 5425 900 5482 fusius
930 5429 1349 5497 explicabitur?
1394 5430 1874 5500 Inprtesentiarum
1928 5442 2111 5487 autem

535 5513 775 5569 arbitror
832 5518 1280 5573 adversariorum
1331 5519 1674 5587 obiectiones
1728 5520 1792 5575 ad
1850 5522 2110 5589 pietatem

2140 4466 2193 4525 D

2215 3243 2323 3317 γὰρ
2352 3245 2461 3298 τῶν
2503 3245 2671 3299 ὄντων
2720 3247 2820 3298 οὐκ
2865 3243 3253 3307 ἀνενδοιάστως
3299 3240 3667 3314 παραδεκτὸν,
3709 3239 3792 3292 ὅτι

2214 3334 2314 3403 τὰς
2354 3333 2538 3387 θεόθεν
2571 3334 2647 3397 ὼς
2686 3334 2832 3404 ἡμᾶς
2852 3332 3160 3402 διεκόμιζον
3190 3333 3238 3384 ai
3267 3329 3541 3400 προφῆται
3572 3325 3790 3397 φωνάς;

2215 3422 2351 3479 Εἶτα
2379 3426 2431 3478 τί
2479 3426 2541 3478 τὺ
2582 3424 2856 3497 ἐξαίρετον
2887 3424 2945 3477 ὲν
2972 3422 3108 3493 Υίιῖ),
3145 3419 3304 3475 τοῦτο
3342 3420 3473 3474 αὐτὸ
3497 3418 3792 3489 πληροῦντι

2219 3518 2419 3589 adven;
2469 3517 2592 3581 Πῶς
2620 3516 2677 3571 δὲ
2722 3516 2909 3571 ἐπάνω
2943 3516 3160 3571 πάντων
3180 3514 3359 3579 ἐστὶν,
3410 3513 3460 3566 εἰ
3486 3510 3794 3582 προφήταις

2217 3608 2297 3662 ἔτι
2333 3609 2725 3672 συντάττεται,
2753 3609 2846 3661 καὶ
2886 3606 3249 3679 δουλοπρεπεῖ
3274 3602 3661 3677 περιϐέϐληται
3693 3600 3794 3671 μέ-

2216 3716 2370 3771 τρῳ;
2422 3698 2541 3763 πῶς
2582 3698 2641 3752 δὲ
2687 3700 2763 3762 ὡς
2812 3697 3051 3761 ἐκείνους
3095 3698 3151 3749 ὲν
3196 3695 3323 3766 δόξῃ
3350 3691 3708 3758 πλεονεκτῶν,
3735 3694 3795 3746 ὲν

2216 3791 2571 3863 Εὐαγγελίοις
2599 3789 2764 3860 φησιν
2788 3829 2804 3853 ,
2853 3807 2873 3847 ι
2906 3789 2969 3841 El
2996 3787 3238 3849 ἐκείνους
3274 3779 3393 3837 εἷπε
3426 3782 3610 3846 θεοὺς,
3657 3779 3796 3852 πρὸς

2216 3883 2310 3948 οὓς
2334 3884 2363 3937 6
2384 3883 2540 3952 λόγος
2568 3881 2663 3935 τοῦ
2690 3879 2825 3945 Θεοῦ
2855 3881 3090 3949 ἐγένετο,
3120 3878 3214 3932 καὶ
3234 3876 3295 3949 pb
3320 3875 3543 3931 δύναται
3567 3873 3796 3942 λυθῆναι

2218 3978 2252 4046 ἡ
2284 3973 2496 4047 Γραφὴ,
2530 3973 2589 4028 δν
2626 3975 2654 4027 6
2677 3973 2864 4042 Πατὴρ
2888 3971 3104 4045 ήγίασε,
3134 3969 3227 4023 καὶ
3257 3965 3573 4023 ἀπέστειλεν
3596 3965 3675 4028 εἰς
3705 3963 3799 4015 τὸν

2218 4068 2443 4137 κόσμον,
2463 4067 2620 4136 ὑμεῖς
2633 4065 2840 4133 λέγετε,
2861 4064 2940 4116 ὅτι
2968 4061 3336 4136 Βλασφημεῖς,
3357 4061 3439 4116 ὅτι
3457 4053 3612 4111 εἶπον
3629 4074 3642 4087 ·
3667 4055 3798 4118 Υἱός

2218 4159 2337 4229 εἰμι
2360 4157 2454 4212 τοῦ
2476 4155 2610 4211 Θεοῦ
2640 4174 2654 4222 ;
2693 4176 2712 4209 ι
2747 4154 2973 4210 Ἑαυτὸν
3008 4154 3115 4229 γὰρ
3146 4155 3202 4206 ἐν
3224 4142 3434 4214 τούτοις
3462 4147 3796 4219 ἁποδιορίζει

2221 4249 2410 4319 σαφῶς
2452 4249 2569 4319 τῆς,
2587 4247 2697 4302 τῶν
2742 4245 3038 4317 προφητῶν
3080 4244 3317 4317 ἀγέλης,
3348 4242 3443 4295 καὶ
3487 4240 3642 4303 θεοὺς
3696 4236 3797 4308 μὲν

2220 4341 2419 4404 αὐτοὺς
2447 4338 2868 4409 κατωνομάσθαι
2917 4335 3086 4407 φησὶ,
3130 4334 3217 4388 διὰ
3249 4333 3311 4387 τὸ
3355 4330 3606 4401 γενέσθαι
3657 4328 3797 4401 πρὸς

2221 4426 2419 4492 αὐτοὺς
2444 4426 2538 4480 τὸν
2555 4426 2649 4480 τοῦ
2662 4425 2796 4481 Θεοῦ
2818 4425 2972 4494 λόγον
2992 4465 3006 4489 ,
3028 4424 3218 4479 ἑαυτὸν
3234 4423 3291 4477 δὲ
3308 4422 3437 4475 Υίὺν
3456 4419 3594 4475 Θεοῦ
3623 4419 3795 4488 λέγει,

2220 4519 2346 4591 Τοῖς
2378 4518 2477 4590 μὲν
2506 4519 2615 4589 γὰρ
2640 4517 2814 4586 ἁγίοις
2848 4517 3155 4587 προφήταις
3178 4513 3379 4586 μερικὴ
3401 4512 3489 4567 διὰ
3513 4510 3604 4565 τοῦ
3629 4509 3806 4565 Πνεῦ-

2224 4627 2395 4682 ματος
2444 4608 2740 4681 διενεμήθη
2773 4608 2931 4679 χάρις
2958 4624 2974 4640 ·
3023 4609 3082 4661 ὲν
3120 4606 3176 4659 δὲ
3224 4605 3303 4676 τῷ
3336 4605 3548 4677 Σωτῆρι
3575 4600 3803 4674 Χριστῷ

2221 4704 2329 4756 πᾶν
2360 4701 2422 4755 τὸ
2459 4700 2733 4771 πλήρωμα
2770 4703 2869 4770 τῆς
2905 4699 3157 4770 θεότητος
3185 4698 3444 4773 εὐδόκησε
3476 4693 3802 4763 κατοικῆσαι

2221 4792 2549 4863 σωματικῶς
2566 4831 2581 4856 ,
2617 4791 2694 4856 ὡς
2721 4793 2750 4845 6
2775 4790 2987 4856 Παῦλός
3020 4807 3151 4862 φησι
3176 4808 3191 4823 ·
3220 4789 3301 4846 διὸ
3331 4789 3425 4845 καὶ
3452 4789 3514 4842 ὲκ
3533 4786 3626 4840 τοῦ
3655 4785 3802 4856 πλη-

2220 4883 2474 4954 ρώματος
2517 4879 2680 4936 αὐτοῦ
2729 4881 2932 4945 πάντες
2970 4881 3266 4954 ἐλάϐομεν,
3311 4880 3387 4944 ὡς
3424 4878 3678 4949 Ἰωάννης
3722 4877 3804 4931 δι-

2219 4975 2555 5049 ισχυρισατο.
2605 4975 2731 5038 Πῶς
2758 4970 2854 5029 οῦν
2894 4976 2953 5030 ὲν
2990 4973 3262 5045 ίσομέτρῳ
3289 4975 3400 5037 τοῖς
3427 4969 3802 5045 λαμϐάνουσιν

2211 5069 2241 5122 6
2256 5069 2461 5137 διδούς;
2490 5068 2523 5139 ἢ
2546 5068 2665 5133 πῶς
2691 5069 2750 5122 ὲν
2771 5072 2837 5141 τῇ
2865 5068 2959 5122 τοῦ
2986 5067 3361 5130 διακονοῦντος
3376 5063 3799 5132 κατατετάξεται

2217 5157 2380 5228 μοίρᾳ
2419 5157 2625 5229 τὺετῆς
2665 5157 2921 5227 θεότητος
2961 5157 3272 5228 πλήρωμα;
3317 5152 3800 5227 Περιαθρείτωσαν

2211 5248 2392 5301 τοίνυν
2418 5249 2687 5316 ἐντεῦθεν,
2724 5250 2803 5313 είς
2825 5249 2957 5318 ὅσην
2983 5248 3169 5313 αὐτοῖς
3200 5245 3645 5303 άποκινδυνεύσει
3674 5243 3805 5297 δυσ-

2216 5338 2430 5408 φημίαν
2448 5341 2476 5391 ὁ
2499 5338 2659 5406 λόγος
2679 5381 2693 5405 ,
2730 5339 2823 5392 καὶ
2854 5339 2976 5391 τίνα
3004 5337 3103 5407 μὲν
3131 5336 3335 5407 τρόπον
3367 5334 3636 5406 προσήκει
3660 5335 3800 5388 νοεῖ-

2216 5430 2341 5483 σθαι
2357 5431 2450 5495 τὸ,
2487 5450 2505 5482 ι
2554 5432 2675 5484 Ἀπ’
2704 5428 2943 5502 ἐμαυτοῦ
2973 5430 3033 5483 ab
3061 5429 3228 5495 λαλῶ,
3261 5427 3377 5482 ἁλλ’
3415 5428 3443 5479 6
3475 5424 3698 5496 πέμψας
3732 5441 3803 5494 με

2217 5522 2430 5594 Πατὴρ,
2463 5523 2624 5585 αὑτός
2657 5540 2747 5592 μοι
2776 5522 2994 5593 ἐντολὴν
3018 5522 3215 5575 δέδωκε
3243 5520 3297 5573 τί
3322 5520 3489 5583 εἴπω,
3516 5516 3609 5570 καὶ
3631 5515 3687 5569 τί
3708 5516 3803 5569 λα-

610 5629 658 5704 ις
686 5628 844 5687 δορυ,
887 5634 1092 5704 χιιμῑθ,
1148 5634 1216 5704 _“
1244 5632 1402 5688 Joan.
1444 5651 1549 5692 xv.
1586 5637 1672 5688 15.
1758 5637 1796 5667 ⁵¹
1829 5636 1986 5691 Jaan.
2028 5654 2081 5692 lli

2216 5640 2245 5693 ι.
2322 5636 2367 5670 ⁸³
2398 5638 2533 5694 Ibid.
2595 5641 2681 5695 33.
2764 5641 2806 5671 ⁵³
2834 5638 2996 5696 Joan.
3030 5654 3059 5692 χ
3084 5677 3097 5704 ,
3133 5637 3223 5703 55,
3254 5637 3342 5692 56.
3422 5635 3465 5666 ⁸⁵
3494 5632 3606 5689 Col.
3645 5645 3703 5694 It.
3738 5633 3801 5687 9.

534 5693 599 5728 εν
628 5697 784 5759 .loan.
822 5719 862 5767 ι,
899 5693 984 5756 ιθζ
1060 5704 1104 5735 ’⁸³
1138 5702 1295 5758 .ioan.
1333 5719 1405 5757 xu
1434 5742 1448 5769 ,
1483 5704 1571 5759 .59.
