4040 6214
260 337 370 391 2T1

1343 334 1408 390 IN
1447 335 1734 392 JOANNIS
1760 336 2212 395 EVANGELIUM
2239 336 2378 397 ΗΒ.
2412 339 2475 395 ll.

3421 349 3529 404 278

261 457 440 528 λήσω,
473 478 490 508 ι
527 453 863 526 πλατύτερον
892 453 952 507 ὲν
979 451 1096 522 ἰδίῳ
1122 451 1300 524 καιρῷ
1334 455 1429 507 καὶ
1457 454 1608 524 τόπῳ
1638 453 1859 525 διερμη-

1962 471 2084 513 esse
2133 457 2576 523 transferendas,
2618 466 2672 513 et
2713 472 2778 514 ex
2817 458 2979 531 168
3007 460 3078 518 iis
3127 477 3250 533 quae
3299 462 3380 518 illi
3423 473 3537 520 sta—

259 548 612 617 νευθήσεται.
641 544 857 616 Χρῆναι
881 544 940 598 δὲ
961 541 1113 614 οἶμαι
1141 543 1282 615 πρὸς
1301 545 1360 598 τὸ
1382 542 1578 616 παρὸν,
1601 544 1858 598 ὑπόθεσιν

262 639 552 702 εὐσεϐείας
584 638 654 692 τὰ
699 637 810 692 τῶν
849 637 1108 691 ἐναντίων
1148 637 1419 692 ποιεῖσθαι
1465 636 1855 709 προϐλήματα,

263 730 363 781 καὶ
399 729 459 795 ἐξ
487 722 563 783 ὧν
590 728 788 782 ἐκεῖνοι
811 726 1207 800 πρεσϐεύουσι,
1245 730 1359 791 τοῖς
1381 728 1484 799 τῆς
1525 728 1858 800 Ἐκκλησίας

263 820 719 888 ἐπαγωνίσασθαι
739 819 1028 891 δόγμασιν.
1077 815 1288 872 οὐκοῦν
1322 819 1543 884 ἐντολὰς
1571 821 1672 892 μὲν
1707 820 1857 890 εἰλη-

263 912 430 980 φέναι
455 911 607 983 παρὰ
627 912 720 965 τοῦ
738 911 972 983 Πατρδς,
1004 909 1102 964 καὶ
1131 909 1313 962 λαλεῖν
1333 911 1424 978 ἀφ’
1450 910 1646 964 ἑαυτοῦ
1670 910 1857 982 μηδὲν,

261 999 696 1072 διισχυρίζονται
731 1001 824 1057 τὸν
857 1001 986 1055 Υίόν
1005 1015 1021 1032 ⁸
1065 1001 1166 1054 ὅσα
1193 1000 1251 1054 δὲ
1279 1001 1514 1072 ἤκουσεν
1536 1041 1553 1069 ,
1590 1000 1668 1065 ὡς
1697 1000 1860 1066 αὑτός

265 1095 374 1148 πού
397 1112 558 1166 φησι,
588 1095 761 1150 ταῦτα
781 1095 878 1150 καὶ
900 1096 1039 1165 ἡμῖν
1060 1093 1377 1162 ἐπείγεσθαι
1405 1092 1604 1162 λέγειν.
1639 1093 1858 1159 Καλῶς,

263 1185 446 1255 ἐχέτω
473 1186 569 1238 καὶ
594 1186 726 1258 τῇδε
753 1202 766 1216 ο
799 1182 1177 1254 συνθησόμεθα
1196 1182 1325 1254 γὰρ.
1350 1184 1504 1237 οὐδὲν
1526 1183 1856 1249 ἀδικοῦντος,

263 1276 416 1330 κατά
441 1293 506 1344 γε
536 1275 628 1329 τδν
649 1275 743 1330 τοῦ
772 1275 892 1339 πιῖις
924 1270 1061 1328 εἶναι
1080 1273 1258 1343 λόγον,
1289 1273 1383 1327 τοῦ
1417 1275 1741 1345 πράγματος
1768 1275 1860 1328 τὸν

262 1367 429 1432 Υἱδν,
471 1367 764 1440 καλλίστην
791 1367 848 1422 δὲ
875 1367 1074 1439 μᾶλλον
1101 1366 1196 1418 ἐπὶ
1215 1363 1310 1419 τοῦ
1333 1367 1604 1438 παρόντος
1629 1366 1864 1438 μάλιστα

260 1459 368 1528 τὴν
399 1460 712 1530 οἰκονομίαν
756 1459 1087 1528 εἰσάγοντος.
1142 1457 1354 1514 Οὐκοῦν
1373 1499 1388 1524 ,
1437 1459 1566 1514 ὅταν
1612 1459 1862 1530 λέγοντος

260 1549 581 1603 ἀκούσωσιν
608 1551 772 1604 αὑτοῦ
791 1566 805 1580 ·
837 1569 856 1602 ι
897 1551 1038 1619 Ἐγὼ
1069 1551 1164 1606 καὶ
1189 1552 1217 1604 ό
1249 1549 1439 1622 Πατὴρ
1461 1550 1520 1605 ἓν
1547 1554 1714 1623 ἐσμεν
1743 1568 1757 1581 ⁶
1802 1552 1862 1606 '0

261 1636 537 1707 ἑωρακὼς
585 1639 718 1709 ἐμὲ,
759 1638 971 1710 ἑώρακε
1029 1641 1119 1694 τδν
1165 1640 1417 1712 Πατέρα·
1483 1637 1625 1710 Ἐγὼ
1675 1642 1734 1696 ὲν
1780 1642 1858 1713 τῷ

263 1727 480 1794 Πατρὶ,
527 1727 622 1780 καὶ
657 1729 686 1780 ό
719 1727 910 1799 Πατὴρ
941 1729 998 1781 ὲν
1028 1731 1152 1800 ὲμοί
1178 1748 1192 1761 ·
1225 1750 1244 1782 ι
1283 1730 1711 1802 λαμϐανέτωσαν
1758 1731 1859 1804 τὴν

1963 555 2149 616 tuunt,
2183 547 2649 619 patrocinandum
2680 547 2942 606 Ecclesiae
2967 552 3337 624 dogmatibus.
3371 553 3540 627 Igitur

1962 637 2224 692 mandata
2278 638 2500 710 quidem
2551 641 2836 711 accepisse
2881 656 2913 695 a
2964 641 3148 712 Patre,
3183 655 3240 701 et
3279 661 3310 701 a
3359 651 3540 720 seipso

1962 727 2112 798 loqui
2149 728 2288 784 nihil
2320 728 2521 785 Filium
2555 741 2817 788 asserunt
2854 749 3240 807 :quaecunque
3271 753 3402 794 vero
3436 755 3540 795 au-

1961 815 2084 886 diit,
2117 829 2176 876 ut
2210 821 2330 892 ipse
2362 823 2566 880 alicubi
2611 824 2712 892 ait,
2764 823 2883 882 haec
2920 828 3082 884 nobis
3113 830 3278 886 etiam
3328 832 3539 904 eloqui.

1961 911 2109 968 Bene
2139 912 2305 970 habet
2338 930 2350 967 :
2384 916 2757 972 assentiemur
2789 917 2962 985 enim,
2997 934 3122 973 eum
3167 921 3312 978 istud
3356 931 3540 994 quoad

1962 1004 2290 1061 substantia:
2324 1005 2544 1062 modum
2590 1006 2732 1064 Filio
2767 1007 2906 1064 nihil
2928 1008 3152 1077 oliiciat,
3186 1013 3280 1068 sed
3311 1018 3543 1085 praecla-

1961 1112 2076 1150 ram
2125 1096 2310 1167 potius
2345 1097 2506 1153 nobis
2534 1097 2708 1155 divini
2767 1097 2991 1157 consilii
3033 1103 3301 1160 rationem
3341 1105 3550 1175 inprre-

1963 1189 2270 1244 sentiarum
2323 1189 2618 1260 signiﬁcet.
2675 1191 2866 1264 Igitur,
2900 1209 3028 1250 cum
3078 1197 3306 1252 audiant
3359 1197 3542 1268 ipsum

1961 1279 2238 1335 dicentem
2274 1295 2287 1331 :
2327 1297 2345 1330 ι
2387 1278 2501 1350 Ego
2547 1281 2603 1336 et
2656 1280 2821 1338 Pater
2858 1300 3029 1339 unum
3073 1301 3269 1343 sumus
3310 1286 3396 1340 “z
3436 1286 3540 1353 Qui

1963 1367 2101 1424 vidit
2131 1383 2242 1434 me,
2279 1368 2420 1424 vidit
2452 1378 2507 1424 et
2528 1369 2746 1427 Patrem
2770 1373 2814 1405 ⁸⁷
2853 1391 2866 1428 :
2895 1375 3013 1446 Ego
3043 1375 3097 1430 in
3128 1375 3310 1442 Patre,
3343 1387 3399 1434 et
3433 1376 3540 1431 Pa-

1963 1465 2045 1512 ter
2080 1458 2133 1511 ln
2161 1472 2250 1513 me
2267 1458 2345 1526 ";
2379 1478 2397 1512 ι
2427 1460 2710 1531 accipiant
2738 1461 2862 1533 ejus
2883 1465 3289 1532 testimonium,
3321 1466 3542 1536 signent

1958 1547 2133 1604 ‘Deum
2168 1554 2224 1603 et
2260 1549 2480 1606 Patrem
2510 1565 2637 1608 esse
2662 1567 2940 1620 veracem,
2973 1562 3027 1610 et
3067 1555 3214 1626 quod
3249 1572 3378 1613 vere
3410 1557 3537 1621 scit,

1965 1640 2018 1696 id
2054 1639 2192 1696 velle
2223 1639 2375 1712 loqui
2416 1639 2642 1710 Filium,
2685 1657 2756 1700 ne
2783 1643 3030 1701 dillidant
3070 1648 3257 1703 verbis
3294 1646 3541 1704 Salvatoo

1965 1731 2066 1799 ris,
2103 1731 2202 1802 qui
2235 1746 2357 1802 quae
2387 1740 2518 1786 sunt
2555 1747 2586 1787 a
2618 1731 2784 1788 Patre
2818 1735 2980 1792 nobis
3014 1738 3261 1806 exponit.

267 1815 582 1884 μαρτυρίαν
626 1815 812 1884 αὑτοῦ,
857 1819 1344 1888 σφραγιζέτωσαν,
1379 1819 1464 1873 ὅτι
1502 1821 1531 1873 ό
1575 1821 1710 1885 Θεὸς
1759 1822 1855 1874 καὶ
1890 1822 2080 1892 Πατὴρ
2107 1820 2318 1892 ἀληθής
2344 1823 2524 1888 ἐστιν,
2565 1823 2701 1895 ὅπερ
2725 1821 2866 1878 οἶδεν
2930 1825 3176 1897 ἀκριϐῶς
3237 1826 3545 1882 ἀναπείθων

263 1903 454 1958 λαλεῖν
477 1907 570 1961 τὸν
599 1907 730 1962 Υἰόν
755 1925 770 1940 ο
806 1907 880 1981 μὴ
910 1909 1310 1965 ἀπιστείτωσαν
1338 1913 1449 1974 τοῖς
1480 1911 1576 1966 τοῦ
1609 1914 1856 1984 Σωτῆρος
1897 1915 2140 1986 ῥήμασι,
2173 1913 2242 1966 τά
2269 1914 2420 1985 παρά
2451 1913 2546 1968 τοῦ
2580 1916 2792 1988 Πατρὸς
2821 1919 2954 1988 ἡμῖν
2985 1917 3399 1989 ἑρμηνεύοντος.

338 2003 446 2054 Ὃν
464 2002 574 2073 γὰρ
597 2002 957 2059 ἀπέστειλεν
976 2008 1010 2061 ό
1028 2005 1173 2074 Θεὸς
1190 2046 1206 2073 ,
1233 2005 1305 2063 τὰ
1317 2005 1555 2077 ῥήματα
1583 2009 1690 2064 τοῦ
1709 2010 1858 2065 Θεοῦ

2031 2009 2122 2074 ΙΙΙ,
2153 2008 2242 2064 54.
2293 2008 2462 2076 Quem
2500 2011 2639 2064 enim
2682 2011 2828 2067 misit
2876 2009 3045 2078 Deus,
3101 2010 3259 2066 verba
3313 2011 3413 2067 Dei
3461 2011 3542 2066 lo-

262 2090 466 2144 λαλεῖ.

340 2179 500 2236 Οἰδεν
529 2179 622 2238 οὖν
652 2186 759 2257 ἄρα
786 2188 926 2242 κατά
951 2188 1113 2257 φύσιν
1145 2190 1271 2245 ὄντα
1317 2191 1480 2247 αὐτὸν
1508 2194 1537 2245 ό
1583 2191 1772 2263 Πατὴρ
1798 2193 1857 2244 ὲν

264 2276 452 2346 ὲαυτῷ
464 2276 557 2329 τὸν
582 2276 713 2330 ἴδιον
727 2278 873 2332 Υἰόν·
892 2280 1049 2334 τοῦτο
1066 2282 1174 2354 γὰρ
1194 2278 1349 2354 οἶμαι
1371 2284 1453 2347 τὸ,
1475 2304 1492 2335 ι
1506 2283 1607 2337 Ἔν
1621 2285 1808 2353 ἐσμεν,
1832 2302 1851 2336 ι

265 2369 368 2422 καὶ
395 2370 497 2440 οὐχ
533 2370 723 2441 ἕτερόν
750 2387 803 2424 τι
849 2373 1308 2444 κατασημαίνειν,
1337 2374 1467 2427 Υἰὺν
1499 2375 1648 2439 ὄντα,
1681 2375 1772 2428 καὶ
1795 2375 1856 2428 οὐ

261 2460 486 2530 ποίημα
519 2461 816 2530 γινώσκει·
859 2462 984 2516 Υἰδν
1015 2461 1074 2517 δέ
1105 2480 1282 2534 φημι,
1325 2464 1422 2519 τόν
1448 2467 1513 2518 ἐκ
1542 2466 1642 2535 τῆς
1673 2464 1859 2528 οὐσίας

262 2553 437 2606 αὐτοῦ
458 2596 473 2621 ,
518 2555 615 2606 καὶ
643 2554 704 2607 οὐ
740 2553 882 2626 ψιλῷ
924 2556 1024 2625 τῆς
1060 2555 1306 2627 υἰότητος
1349 2556 1712 2627 τετιμημένον
1739 2555 1860 2608 όνό-

266 2661 439 2716 ματι·
486 2639 630 2698 οἶδεν
658 2645 786 2700 ὅντα
825 2646 925 2718 τῆς
970 2645 1106 2710 ἰδίας
1151 2647 1413 2718 ἰδιότητος
1440 2645 1858 2716 ἀπαράλλακτον

264 2736 493 2789 εἰκόνα·
525 2737 601 2800 ὡς
629 2738 858 2809 ὁρᾶσθαι
883 2738 982 2806 μὲν
1014 2738 1234 2803 τελείως
1263 2740 1320 2792 ὲν
1353 2737 1523 2809 αὐτῷ,
1547 2737 1859 2808 ζωγραφεῖν

262 2827 329 2880 δὲ
357 2829 416 2880 ὲν
448 2827 628 2898 ἐαυτῷ
663 2827 756 2882 τὸν
801 2829 860 2895 ἐξ
894 2830 1062 2884 αὑτοῦ
1113 2829 1256 2884 κατά
1289 2829 1450 2899 φύσιν
1484 2829 1739 2900 ἀρρήτως
1761 2830 1858 2882 ὲκ-

265 2919 602 2988 λάμψαντα·
653 2920 745 2973 κα)⁸
779 2919 925 2990 ἔχειν
968 2921 1066 2992 μὲν
1105 2923 1162 2975 ὲν
1196 2919 1373 2991 ἐαυτῷ
1393 2920 1486 2974 τὸν
1514 2919 1670 2984 Υἰὸν,
1721 2915 1859 2973 εἷναι

263 3011 332 3063 δὲ
354 3005 427 3063 αὖ
456 3010 612 3064 πάλιν
645 3013 700 3065 ὲν
729 3009 876 3084 Υἰῷ,
927 3013 1016 3067 διὰ
1057 3012 1155 3084 τὴν
1182 3011 1282 3083 τῆς
1317 3012 1504 3076 οὐσίας
1531 3011 1856 3082 ταυτότητα.

268 3101 468 3154 Ταῦτα
498 3104 803 3175 φρονήσας,
843 3104 1085 3178 αἱρετικὲ
1105 3144 1120 3167 ,
1158 3104 1357 3176 πικροῦ
1395 3105 1494 3175 μὲν
1523 3102 1721 3157 σαυτὸν
1755 3103 1861 3156 ἀπο

268 3192 531 3257 αλλάξεις
573 3195 914 3264 νοσήματος..
949 3193 1144 3265 τριϐῆς
1167 3193 1224 3247 δὲ
1271 3195 1419 3265 ἡμᾶς
1452 3195 1551 3266 τῆς
1594 3196 1652 3247 ὲν
1682 3193 1860 3262 λόγοις

1958 2098 2160 2168 quitur.

2030 2186 2194 2242 Novit
2236 2188 2432 2260 itaque
2456 2187 2622 2246 Pater
2654 2190 2713 2246 in
2740 2190 2928 2263 seipso
2953 2191 3260 2248 secundum
3285 2200 3541 2247 naturam

1959 2279 2226 2335 exsistere
2274 2278 2480 2335 Filium
2520 2297 2717 2349 suum;
2743 2283 2850 2339 hoc
2893 2283 3074 2353 enim,
3107 2284 3329 2356 opinor,
3375 2284 3540 2349 illud,

1965 2387 1984 2419 ι
2019 2367 2195 2423 Unum
2223 2384 2440 2437 sumus,
2474 2390 2493 2424 ι
2525 2371 2850 2442 signiﬁcare
2873 2373 3076 2429 Filium
3111 2389 3258 2442 esse,
3289 2390 3403 2431 non
3442 2391 3542 2431 au-

1959 2467 2069 2515 tem
2097 2454 2438 2528 creatui'am,
2474 2462 2753 2530 agnoscit.
2794 2460 2996 2518 Filium
3031 2472 3215 2522 autem
3251 2466 3397 2532 dico,
3443 2467 3541 2538 qui

1959 2566 2027 2606 ex
2065 2550 2188 2621 ejus
2219 2560 2305 2607 est
2331 2551 2668 2620 substantia,
2689 2567 2800 2608 non
2831 2553 2982 2608 nudo
3007 2553 3290 2610 ﬁliationis
3320 2557 3543 2612 nomine

1959 2647 2210 2694 ornatus.
2251 2637 2372 2695 Scit
2414 2653 2542 2696 esse
2571 2655 2687 2697 suae
2721 2642 3085 2713 proprietatis
3120 2643 3413 2714 imaginem
3443 2659 3542 2715 per

1960 2731 2145 2786 omnia
2179 2732 2438 2798 similem,
2474 2732 2552 2786 ita
2581 2738 2641 2787 ut
2671 2732 2917 2802 perfecte
2945 2733 3168 2804 quidem
3201 2740 3464 2791 cernatur
3480 2737 3537 2791 in

1961 2823 2101 2892 ipso,
2143 2823 2262 2892 ipse
2311 2837 2442 2879 vero
2483 2823 2538 2878 in
2589 2823 2776 2894 seipso
2826 2825 3087 2896 depingat
3136 2840 3261 2881 eum
3318 2827 3412 2897 qui
3469 2842 3538 2882 ex

1961 2912 2082 2982 ipso
2121 2912 2430 2969 secundum
2491 2923 2747 2970 naturam
2800 2915 3151 2971 ineﬂabiliter
3201 2916 3429 2982 elTulsit,
3483 2928 3538 2975 et

1961 3005 2163 3061 habeat
2211 3007 2434 3078 quidem
2467 3007 2522 3061 in
2567 3007 2756 3077 seipse
2801 3005 3025 3072 Filium,
3070 3009 3254 3077 sitque
3295 3009 3536 3066 vicissim

1962 3096 2017 3150 in
2054 3092 2218 3162 Filio,
2255 3104 2484 3167 propter
2523 3097 2874 3153 identitatem
2919 3097 3268 3155 substantiae.
3316 3099 3442 3156 Haec
3490 3104 3539 3159 si

1963 3187 2196 3252 sentias,
2236 3187 2530 3255 baeretice,
2583 3198 2640 3246 et
2679 3190 2918 3260 teipsum
2948 3190 3142 3247 morbo
3181 3195 3536 3264 gravissimo,

271 3285 375 3338 καὶ
399 3285 733 3354 ζητήμασιν.
770 3303 788 3336 t
821 3285 916 3338 Ὃν
944 3283 1054 3355 γὰρ
1079 3283 1396 3338 ἀπέστειλεν
1428 3288 1456 3338 ὁ
1485 3287 1636 3351 Θεὸς’
1662 3284 1734 3338 τὰ
1764 3285 1860 3356 ῥή-

1962 3286 2017 3333 et
2073 3295 2176 3336 nos
2233 3280 2555 3349 disputandi
2607 3282 2855 3337 molestia
2913 3282 3256 3340 liberaveris.
3299 3302 3318 3336 ι
3364 3285 3538 3351 Quem

272 3393 429 3445 ματα
455 3352 557 3429 τοῦ
576 3375 714 3428 Θεοῦ
746 3374 914 3429 λαλεῖ.
940 3393 959 3426 ι
989 3352 1161 3427 Ὅταν
1192 3376 1257 3428 ὲκ
1284 3375 1379 3430 τοῦ
1412 3377 1702 3449 προχείρου
1724 3352 1851 3449 var-j-

1965 3370 2112 3423 enim
2145 3370 2298 3425 misit
2329 3369 2500 3435 Deus,
2533 3371 2701 3426 verba
2726 3369 2824 3427 Dei
2854 3373 3120 3444 loquitur.
3157 3392 3177 3426 ι
3209 3372 3265 3428 Si
3305 3381 3365 3428 ut
3388 3375 3540 3445 jacet

265 3483 367 3518 ται
412 3466 477 3519 τὸ
516 3467 916 3537 προκείμενον,
956 3467 1011 3519 τί
1046 3466 1208 3521 πάλιν
1258 3468 1410 3523 ἔσται
1449 3468 1761 3538 θαυμαστὸν
1802 3471 1862 3522 ὲν

269 3557 436 3629 Υἱῷἷ
485 3559 555 3611 Ἦ
593 3558 702 3632 γὰρ
741 3557 864 3628 οὐχὶ
898 3560 992 3624 κα]-
1044 3558 1154 3612 τῶν
1187 3559 1358 3628 ἁγίων
1383 3559 1613 3624 ἕκαστος
1643 3577 1860 3633 προφη.

266 3651 415 3717 τῶν,
470 3651 565 3705 καὶ
603 3650 968 3706 ἀπεστέλλετο
1016 3653 1171 3722 παρὰ
1201 3651 1374 3717 Θεοῦ,
1427 3652 1520 3704 καὶ
1563 3653 1692 3715 τοὺς
1727 3653 1862 3724 παρ’

264 3741 442 3794 αὐτοῦ
457 3740 789 3814 διήγγελ[λ]ε
807 3741 996 3811 λόγους
1013 3758 1026 3806 ;
1053 3743 1160 3794 Καὶ
1179 3741 1310 3809 γοῦν
1328 3741 1465 3813 πρὸς
1489 3742 1591 3814 μὲν
1602 3743 1693 3796 τὸν
1719 3745 1863 3816 ἱερο-

272 3832 490 3904 φάντην
532 3835 738 3888 Μωσέα
779 3833 995 3906 εἴρηταί
1027 3849 1155 3887 ποι’
1192 3852 1211 3885 ι
1252 3835 1364 3889 Καὶ
1391 3835 1486 3889 νῦν
1527 3835 1687 3907 δεῦρο
1729 3836 1864 3889 ἀποσ-

267 3923 472 3976 στείλω
489 3942 546 3978 σε
581 3927 659 3989 εἰς
685 3926 982 3996 Αἴγυπτον,
1001 3927 1097 3980 καὶ
1121 3927 1266 3996 ἐρεῖς
1290 3927 1428 3998 πρὸς
1451 3927 1651 4001 Φαραώ
1673 3944 1687 3959 ο
1719 3927 1862 3982 Τάδε

264 4014 420 4082 λέγει
446 4015 670 4088 Κύριος·
693 4037 714 4070 ι
758 4019 895 4089 πρὸς
924 4019 1197 4091 Ἰερεμίαν
1229 4019 1287 4072 δέ
1319 4036 1381 4089 γε
1407 4020 1499 4074 τὸν
1529 4019 1826 4090 ἱερώτατον
1845 4036 1860 4052 ο

271 4125 293 4158 ι
321 4107 418 4178 Μὴ
445 4106 593 4176 λέγε,
628 4110 717 4163 ὅτι.
740 4109 1024 4184 Νεώτερος
1048 4110 1158 4182 ἐγώ
1191 4112 1326 4182 εἰμι·
1348 4112 1431 4165 ὅτι
1463 4112 1600 4182 πρὸς
1627 4111 1861 4179 πάντας,

264 4196 368 4262 οὓς
397 4199 494 4251 ἐὰν
517 4199 883 4264 ἑξαποστείλω
908 4220 999 4268 σε,
1043 4202 1315 4273 πορεύσῃ,
1352 4203 1446 4256 καὶ
1484 4205 1625 4257 κατά
1655 4204 1859 4268 πάντα,

265 4290 374 4344 ὅσα
407 4290 506 4343 ἐὰν
545 4291 868 4364 ἐντείλωμαί
904 4311 1019 4361 σοι,
1067 4292 1344 4363 λαλήσεις.
1376 4311 1394 4345 ι
1429 4293 1494 4346 Τί
1531 4289 1625 4346 οὖν
1659 4295 1766 4364 ἀρα
1798 4294 1865 4347 τὸ

266 4380 465 4433 πλείον
497 4382 556 4433 ὲν
575 4381 652 4453 τῷ
679 4383 820 4437 κατά
852 4383 1015 4453 φύσιν
1047 4383 1192 4456 Υἰῷ,
1217 4383 1464 4438 λαλοῦντι
1489 4385 1556 4438 τὰ
1587 4385 1682 4439 τοῦ
1722 4384 1859 4439 Θεοῦ

267 4472 533 4541 ῥήματα,
574 4473 663 4526 διὰ
687 4474 748 4527 τὸ
771 4475 1106 4530 ἀπεστάλθαι
1141 4475 1272 4546 παρ’
1306 4474 1514 4539 aurai;
1563 4476 1861 4547 Προφήτης

266 4565 427 4633 ἡμῖν,
466 4564 540 4627 ὡς
565 4565 741 4618 ἔοικεν
762 4608 776 4629 ,
828 4566 1279 4636 ἀναδειχθήσεται
1306 4565 1470 4620 πάλιν
1489 4604 1504 4631 ,
1547 4567 1642 4619 καί⁵
1673 4567 1856 4636 ἕτερον

267 4655 448 4717 οὐδὲν,
479 4656 602 4708 ὅσον
631 4651 764 4725 ἦκεν
779 4657 954 4710 εἰπεῖν
980 4658 1059 4720 εἰς
1085 4658 1176 4711 τὸν
1200 4659 1299 4728 τῆς
1336 4657 1614 4721 διακονίας
1633 4658 1855 4727 τρόπον.
1884 4691 1936 4754 D

269 4743 488 4796 Οὐκοῦν
515 4744 576 4796 τὺ
614 4761 633 4794 ι
668 4745 952 4799 ἀπέστειλε
985 4765 1006 4798 ι
1044 4749 1258 4818 νοήσεις
1287 4749 1345 4802 ὲν
1367 4748 1605 4813 τούτοις,
1646 4746 1680 4818 ἢ
1713 4745 1855 4801 κατά

269 4833 362 4885 τὸν
390 4833 493 4903 τῆς
527 4833 992 4907 ὲνανθρωπήσεως
1018 4837 1178 4906 λόγον
1196 4875 1212 4902 ,
1261 4839 1356 4892 καὶ
1378 4840 1478 4910 τὴν
1514 4840 1572 4892 ὲν
1597 4838 1734 4910 τῷδε
1776 4837 1854 4908 τῷ

271 4919 464 4990 κόσμῳ
510 4921 652 4989 μετά
695 4925 897 4994 σαρκὸς
937 4926 1309 4997 ὲπιφοίτησινο
1367 4928 1401 4998 ἢ
1435 4929 1598 4982 πάλιν
1640 4928 1854 5000 ὲκλήψῃ

273 5010 741 5083 Θεοπρεπέστερον
785 5016 880 5069 καὶ
917 5014 1356 5089 ἀξιολογώτερον.
1409 5019 1486 5070 Οὐ
1533 5018 1642 5090 γάρ
1681 5018 1852 5089 ἔκρυ-

271 5100 370 5168 ψεν
406 5103 468 5156 ὲν
503 5103 688 5174 ἑαυτῷ
730 5103 825 5158 τὸν
849 5105 979 5159 Υίὸν
1017 5109 1048 5161 ὁ
1079 5108 1302 5180 Πατὴρ,
1343 5108 1457 5162 ἀλλ’
1484 5111 1547 5163 ὲκ
1585 5113 1686 5181 τῆς
1721 5111 1859 5175 ἰδίας

269 5193 547 5266 ἐξέλαμψε
578 5197 826 5267 φύσεως,
876 5199 956 5261 ὡς
995 5201 1059 5255 ὲκ
1090 5201 1270 5271 φωτὸς
1307 5201 1682 5274 ἀπαύγασμα,
1716 5203 1858 5257 κατὰ

262 5289 361 5341 τὸν
384 5289 668 5360 ἂφραστόν
691 5310 750 5346 τε
780 5294 874 5347 καὶ
895 5295 1228 5365 ἀνεξήγητον
1256 5294 1355 5364 τῆς
1385 5293 1534 5357 Θείας
1554 5295 1859 5363 γεννήσεως

257 5381 511 5450 τρόπον·
566 5383 595 5435 ὂ
642 5384 707 5455 δὴ
754 5387 850 5439 καὶ
895 5386 1060 5450 αύτὸς
1108 5388 1242 5457 ἡμῖν
1296 5386 1543 5456 διεσάφει
1600 5386 1777 5454 λέγων
1826 5387 1857 5439 ό

258 5472 584 5543 Μονογενής
607 5489 623 5505 ο
680 5494 701 5527 ο
748 5475 890 5545 Ἐγὼ
939 5479 1004 5530 ἐκ
1047 5479 1140 5531 τοῦ
1191 5477 1403 5548 Πατρός
1451 5475 1705 5546 ἐξῆλθον,
1763 5478 1859 5530 καὶ

259 5564 408 5633 ﬁxo).
457 5583 476 5614 ι
531 5565 849 5638 Ἐξελήλυθε
893 5570 1000 5641 γὰρ
1049 5571 1115 5623 ὲκ
1166 5569 1261 5624 τοῦ
1321 5569 1532 5641 Πατρὸς
1578 5570 1658 5632 εἰς
1719 5569 1856 5623 ἰδίαν

335 5739 380 5770 ι’
426 5737 588 5796 Joan.
617 5758 672 5804 v,
698 5743 790 5800 '50.
865 5745 908 5777 "
935 5743 1092 5802 Joan.
1131 5761 1220 5800 xw
1248 5787 1260 5810 ,
1294 5745 1347 5801 9.

1966 3458 2175 3515 dictum
2212 3460 2347 3515 illud
2398 3462 2725 3532 accipiatur,
2780 3463 2914 3534 quid
2970 3465 3156 3535 magni
3214 3465 3432 3521 demum
3486 3475 3540 3522 et

1963 3551 2307 3607 admirabilis
2339 3555 2446 3608 erit
2483 3553 2540 3606 in
2581 3551 2760 3608 Filio?
2791 3554 2872 3607 An
2901 3568 3009 3608 non
3035 3557 3182 3610 enim
3214 3565 3539 3611 sanctorum

1961 3643 2356 3714 prophetarum
2378 3645 2614 3715 quilibet
2640 3646 2806 3702 etiam
2841 3646 3046 3704 missus
3072 3655 3159 3703 est
3185 3662 3215 3701 a
3238 3647 3371 3714 Deo,
3396 3648 3542 3716 ejus-

1963 3751 2071 3807 que
2106 3737 2274 3793 verba
2312 3738 2608 3794 manifesta
2657 3739 2825 3794 fecit?
2879 3738 2948 3796 Et
2997 3749 3148 3796 certe
3195 3740 3398 3795 alicubi
3451 3740 3542 3794 di-

1962 3836 2118 3883 ctum
2159 3839 2244 3886 cst
2282 3831 2350 3885 ad
2390 3829 2616 3902 Moysen
2651 3845 2942 3886 sacrorum
2990 3833 3344 3900 interpretem
3381 3845 3394 3883 :
3429 3850 3446 3882 ι
3479 3830 3543 3885 Et

1965 3936 2112 3976 nunc
2147 3922 2356 3976 mittam
2385 3930 2437 3977 te
2463 3923 2521 3976 in
2554 3920 2884 3994 IEgyptum,
2919 3929 2977 3977 et
3000 3922 3152 3977 dices
3191 3922 3256 3977 ad
3293 3922 3540 3978 Pharao-

1963 4027 2088 4067 nem
2117 4029 2130 4067 :
2161 4011 2286 4069 Haec
2314 4013 2446 4069 dicit
2472 4012 2736 4070 Dominus
2761 4011 2831 4068 ”.
2868 4031 2888 4065 ι
2923 4014 3004 4069 Ad
3037 4011 3333 4069 Jeremiam
3357 4022 3539 4068 autem

1964 4104 2375 4161 sanctissimum
2403 4121 2416 4157 :
2443 4125 2464 4158 ι
2497 4105 2618 4162 Noli
2649 4106 2829 4163 dicere
2872 4106 3013 4172 Quia
3045 4106 3235 4176 junior
3259 4121 3360 4175 ego
3392 4120 3537 4168 sum,

1964 4197 2096 4268 quia
2123 4197 2192 4252 ad
2225 4212 2416 4252 omnes
2464 4197 2534 4252 ad
2585 4211 2726 4269 quos
2769 4197 2982 4254 misero
3020 4206 3094 4264 te,
3125 4197 3254 4261 ibis,
3282 4205 3338 4252 et
3381 4195 3542 4266 juxta

1962 4289 2149 4344 omnia
2187 4304 2539 4360 quaecunque
2592 4290 2930 4345 mandavero
2973 4289 3111 4354 tibi,
3150 4285 3482 4358 loqueris”.
3517 4303 3536 4338 ι

1963 4379 2106 4445 Quid
2135 4394 2268 4451 ergo
2296 4380 2420 4447 plus
2456 4389 2540 4437 est
2572 4380 2628 4435 in
2659 4378 2802 4435 Filio
2827 4380 3074 4436 naturali
3117 4380 3213 4450 qui
3239 4378 3338 4435 Dei
3369 4379 3540 4435 verba

1963 4471 2230 4542 loquitur,
2249 4486 2316 4526 ex
2334 4471 2559 4542 ecquod
2585 4475 2789 4528 missus
2827 4480 2912 4529 est
2929 4473 3001 4528 ab
3025 4470 3190 4544 ipso?
3211 4469 3360 4526 Nibil
3390 4470 3541 4526 aliud

1963 4577 2183 4626 rursus,
2213 4567 2275 4616 ut
2302 4561 2541 4627 videtur,
2572 4575 2739 4633 quam
2761 4561 3029 4633 prOpheta
3051 4577 3178 4620 esse
3204 4563 3366 4620 nobis
3385 4571 3540 4634 pate-

1962 4652 2062 4717 bit,
2089 4651 2136 4708 si
2171 4651 2240 4707 de
2266 4651 2564 4710 ministerii
2595 4653 2810 4708 ratione
2836 4654 3153 4724 loquamur.
3183 4655 3347 4726 169
3372 4654 3544 4727 Igitur

1963 4743 2054 4800 hic
2087 4761 2108 4796 ι
2140 4743 2313 4811 misit,
2342 4761 2362 4796 ι
2385 4752 2481 4798 aut
2512 4743 2727 4801 ratione
2749 4743 3156 4804 incarnationis
3183 4753 3240 4803 et
3267 4747 3542 4804 adventus

1960 4837 2018 4892 in
2054 4835 2200 4891 hunc
2238 4834 2504 4891 mundum
2540 4850 2668 4891 cum
2715 4851 2905 4905 carne,
2947 4845 3042 4893 aut
3072 4839 3334 4894 diviniori
3361 4849 3415 4894 et
3444 4854 3542 4895 su-

1960 4926 2203 4982 blimiori
2233 4926 2473 4997 quadam
2505 4925 2722 4982 ratione
2772 4926 3039 4997 accipies.
3090 4925 3212 4982 Non
3273 4926 3419 4983 enim
3482 4929 3540 4982 in

1961 5019 2148 5090 seipso
2180 5019 2378 5074 Filium
2420 5018 2584 5072 Pater
2603 5018 2928 5084 occultavit,
2961 5016 3059 5073 sed
3092 5031 3162 5074 ex
3201 5031 3304 5072 sua
3335 5025 3536 5072 natura

1961 5111 2172 5176 eluxit,
2207 5118 2266 5163 ut
2307 5125 2376 5165 ex
2431 5109 2552 5162 luce
2590 5107 2856 5177 splendor
2913 5107 3120 5164 emicat
3179 5106 3442 5163 inell’abili
3485 5116 3543 5164 et

1966 5200 2326 5257 inenarrabili
2354 5200 2552 5254 divinae
2592 5200 2970 5269 generationis
2998 5198 3186 5255 modo.
3228 5198 3387 5264 Quod
3420 5199 3540 5270 ipse

1963 5307 2187 5365 quoque
2226 5291 2388 5347 nobis
2417 5291 2678 5361 exposuit
2710 5291 3063 5363 Unigenitus,
3098 5292 3334 5348 dicens:
3371 5311 3392 5345 ι
3423 5292 3540 5363 Ego

1964 5400 2031 5441 ex
2060 5383 2221 5438 Patre
2254 5381 2421 5448 exivi,
2448 5388 2505 5436 et
2533 5382 2694 5438 venio
2717 5383 2786 5441 ".
2817 5402 2837 5436 ι
2878 5383 3060 5439 Exivit
3105 5385 3253 5440 enim
3281 5399 3347 5440 ex
3379 5385 3542 5442 Patre

1965 5477 2021 5532 in
2051 5475 2329 5546 propriam
2353 5473 2698 5546 hypostasim
2723 5472 2915 5542 Filius,
2940 5474 3069 5531 licet
3099 5477 3154 5532 in
3189 5477 3310 5548 ipso
3345 5479 3417 5533 sit
3449 5492 3542 5533 se-

1963 5565 2204 5620 cundum
2242 5574 2534 5620 naturam:
2568 5570 2625 5619 et
2667 5562 2817 5634 quod
2855 5563 2928 5621 ibi
2960 5581 2978 5615 ι
3009 5565 3184 5629 cxire,
3225 5585 3243 5619 ι
3276 5567 3537 5636 idipsum,

1427 5746 1468 5776 ⁵³
1502 5745 1660 5810 lltid.,
1709 5745 1789 5798 ΙΙ.

1962 5741 2114 5798 Sxod.
2157 5758 2235 5808 ιιι,
2275 5741 2359 5797 l0.
2442 5741 2486 5772 ⁸ο
2518 5737 2715 5796 Jt-rcm.
2752 5756 2789 5805 l,
2828 5739 2880 5794 7.
2959 5738 3001 5770 "
3037 5737 3194 5795 Joan.
3229 5755 3340 5806 va,
3378 5743 3466 5797 ‘28.
