4038 6210
480 260 588 319 279

1483 273 1542 330 S.
1576 274 1853 332 CYRILLI
1897 279 2370 340 ALEXANDRINI
2411 284 2731 343 ARCIHEP.

3656 289 3761 352 280

483 379 575 434 hic
604 397 622 432 ι
649 381 879 439 missum
908 401 1054 451 esse.
1083 407 1099 440 ι
1129 388 1422 459 signiﬁcat.
1450 390 1693 449 Verbum
1727 396 1896 465 igitur
1918 400 2057 468 quod

2171 398 2406 473 ὕπαρξιν
2430 404 2458 456 6
2484 405 2632 469 Υἱὸς,
2657 406 2707 458 εἰ
2730 406 2825 460 καὶ
2845 408 2904 460 ἐν
2933 404 3083 477 αῦτῷ
3106 408 3251 463 κατά
3276 409 3443 478 φύσιν
3473 408 3595 465 ἐστί
3615 426 3630 441 ’
3667 414 3762 469 καὶ

485 487 552 527 ex
585 472 750 532 Patre
782 478 988 535 ell‘ulsit
1018 490 1071 536 et
1104 481 1352 547 emicuit,
1388 491 1519 553 puta
1552 503 1676 542 cum
1715 488 1862 544 Deus
1896 494 1969 545 sit
2000 491 2057 547 de

2172 472 2310 566 ὅπερ
2357 498 2490 565 ἡμῖν
2534 499 2591 551 ἐν
2632 498 2828 571 ἐκείνῳ
2874 498 2934 552 τὸ
2982 472 3220 565 ἐξελθεῖν
3273 472 3555 574 σημαίνει,
3604 505 3762 560 τοῦτο

485 562 619 629 Deo,
648 565 759 623 Deo
785 572 1249 630 convenientibus
1284 577 1515 634 vocibus
1542 588 1766 635 utetur:
1802 580 1912 637 Deo
1964 597 2065 636 au-

2175 585 2337 639 πάλιν
2388 588 2624 643 ἐνταῦθα
2681 590 2743 655 τὸ
2796 590 3134 645 ἀπεστάλθαι
3197 591 3370 662 δηλοῖ.
3447 595 3508 648 Ὀ
3558 596 3759 665 τοίνυν,

485 667 597 712 tem
642 663 979 725 conveniunt
1009 681 1131 736 qua:
1162 682 1303 723 vera:
1335 678 1466 724 sunt
1501 685 1690 738 voces,
1726 679 1782 728 et
1812 671 1883 727 ab
1913 674 2057 729 omni

2174 679 2372 749 φησὶν,
2427 681 2492 734 ἐκ
2534 682 2748 754 Πατρὸς
2793 682 3050 753 πεφηνώς
3086 701 3147 736 τε
3206 685 3304 738 καὶ
3345 663 3763 759 ἀπαστραφθεὶς

486 749 759 805 mendacii
798 752 921 808 labe
948 764 1082 811 sunt
1109 755 1409 815 immunes.
1442 759 1717 826 Quocirca
1754 780 1772 814 ι
1815 765 1909 834 qui
1944 763 2068 819 Sal-

487 840 701 896 vatoris
724 843 1108 901 testimonium
1131 849 1357 921 accipit,
1384 851 1625 923 signavit
1656 854 1785 924 quia
1807 854 2067 919 Deusve~

486 946 582 985 rax
602 940 706 990 est.
735 953 754 987 ι
776 935 875 993 Est
900 939 1261 1009 enimgrevera
1285 944 1593 999 secundum
1615 953 1870 1003 naturam
1898 947 2062 1004 Deus.

2173 770 2359 838 Λόγος,
2413 771 2508 825 ἀτε
2535 772 2598 846 δὴ
2628 773 2759 837 Θεὸς
2788 774 3051 846 ὑπάρχων
3076 775 3142 828 ἐκ
3173 774 3351 845 Θεοῦλ
3376 780 3492 841 τοῖς
3534 778 3615 848 τῷ
3643 779 3762 850 Θεῷ

2173 859 2444 931 πρέπουσι
2478 864 2805 934 κεχρήσεται
2847 864 3059 934 λόγοιςο
3097 865 3246 935 λόγοι
3293 867 3351 920 δὲ
3392 869 3459 923 ἂν
3502 864 3613 925 εἷεν
3644 871 3763 942 Θεῴ

2170 951 2475 1025 πρέποντες
2500 954 2549 1008 οἱ
2572 954 2814 1025 ἀληθεῖς,
2857 957 2954 1012 καὶ
2970 957 3070 1028 τὴν
3090 956 3198 1010 ἀπὸ
3226 958 3321 1012 τοῦ
3348 960 3641 1030 ψεύδεσθαι
3669 978 3763 1032 κη-

482 1023 601 1123 λῖδα
636 1043 657 1078 ι
691 1031 1136 1103 παραιτούμενοι.
1187 1034 1398 1089 Οὐκοῦν
1428 1054 1447 1087 ι
1490 1037 1518 1088 6
1543 1035 1835 1123 λαμϐάνων
1866 1035 1962 1092 τοῦ
1996 1023 2250 1111 Σωτῆρος
2280 1042 2378 1114 τὴν
2421 1023 2729 1116 μαρτυρίαν
2748 1086 2766 1113 ,
2819 1023 3182 1118 ἐσφράγισεν,
3226 1049 3309 1103 ὅτι
3336 1023 3374 1104 6'
3396 1049 3527 1115 Θεὸς
3555 1023 3762 1122 ἀληθής

481 1121 629 1175 ἐστιν
655 1140 668 1153 ·
705 1144 723 1176 ι
752 1123 865 1180 ἔστι
895 1129 1003 1200 γὰρ
1031 1128 1200 1193 ὅντως
1229 1129 1371 1185 κατὰ
1395 1131 1556 1201 φύσιν
1577 1132 1726 1198 Θεός.

553 1216 639 1281 ill,
672 1218 757 1275 54.
800 1218 925 1275 Νοη
969 1223 1107 1278 enim
1139 1222 1210 1279 ad
1262 1240 1565 1283 mensuram
1621 1224 1715 1282 dat
1766 1226 1906 1285 Deus
1939 1227 2063 1300 Spi-

478 1312 526 1363 ri
532 1320 666 1366 (um.
944 1378 959 1391 _
1360 1382 1369 1387 λ

549 1405 651 1460 Hic
687 1410 1088 1467 attentissiutas
1116 1427 1280 1469 aures
1304 1413 1522 1477 adhibe.
1543 1430 1753 1486 quaeso,
1787 1422 1846 1470 ut
1870 1416 2060 1470 nobis-

477 1513 601 1554 cum
634 1515 829 1557 rursus
883 1512 1200 1573 sanctorum
1255 1506 1476 1562 mireris
1535 1508 1883 1580 sapientiam.
1914 1506 2060 1563 Dixit

476 1589 704 1658 Filium,
735 1609 860 1648 cum
899 1611 928 1648 a
958 1594 1069 1651 Deo
1127 1599 1355 1654 missum
1408 1614 1553 1662 esse,
1616 1609 1728 1654 tum
1771 1599 1867 1655 Dei
1902 1602 2064 1655 verba

2244 1231 2326 1283 Οὐ
2352 1228 2464 1298 γὰρ
2491 1228 2560 1282 ἐκ
2578 1229 2802 1299 μέτρου
2833 1230 3042 1288 δίδωσι
3071 1232 3137 1288 τὸ
3168 1234 3434 1304 Πνεῦμα.

2246 1321 2454 1392 Ὀξεῖαν
2505 1324 2740 1395 ὑπόσχες
2785 1324 2902 1379 νυνὶ
2953 1325 3017 1397 δὴ
3072 1326 3310 1397 μάλιστα
3348 1330 3449 1401 τὴν
3490 1328 3686 1402 ἀκοὴν,
3713 1321 3758 1382 ὦ

2168 1414 2403 1481 γενναῖε,
2429 1411 2516 1465 ἵνα
2545 1411 2609 1482 δὴ
2645 1411 2806 1466 πάλιν
2838 1414 2970 1483 ἡμῖν
3008 1413 3412 1485 συνθαυμάσεις
3437 1416 3546 1469 τῶν
3585 1416 3750 1483 ἁγίων

2167 1505 2268 1577 τὴν
2295 1505 2473 1577 νῆψιν·
2512 1505 2655 1575 Ἔφη
2689 1504 2779 1557 τὸν
2815 1504 2942 1558 Υἱὸν
2981 1505 3075 1559 καὶ
3118 1506 3458 1561 ἀπεστάλθαι
3488 1507 3637 1577 παρὰ
3660 1505 3747 1558 τοῦ

2170 1601 2326 1666 Θεοῦ,
2350 1600 2446 1654 καὶ
2473 1600 2542 1656 τὰ
2575 1598 2668 1654 τοῦ
2694 1599 2827 1653 Θεοῦ
2852 1601 3073 1671 ῥήματα
3099 1597 3276 1652 λαλεῖν
3296 1616 3308 1629 ·
3338 1598 3454 1652 ἀλλ’
3487 1596 3754 1651 ὑπαισθά-

478 1684 646 1753 loqui.
681 1684 752 1737 At
779 1685 825 1740 si
857 1687 1035 1756 prima
1063 1687 1242 1745 fronte
1266 1689 1373 1744 vim
1394 1706 1586 1746 eorum
1623 1692 1922 1747 verborum
1941 1693 2057 1762 quis

2170 1693 2319 1748 νεταί
2362 1710 2498 1758 πως,
2542 1692 2665 1746 ὅσον
2714 1686 2848 1764 ἧκεν
2893 1692 2973 1755 είς
3009 1690 3106 1761 τὴν
3146 1690 3434 1761 πρόχειρον
3464 1688 3561 1742 τοῦ
3596 1687 3754 1756 λόγου

475 1773 809 1840 consideret,
845 1775 1104 1831 videntur
1153 1793 1279 1833 eum
1326 1780 1380 1833 in
1427 1780 1824 1850 prophetarum
1865 1783 2063 1837 ordine

477 1864 885 1927 quodammodo
919 1873 1184 1932 statuere,
1231 1871 1695 1940 quemadmodum
1743 1873 1910 1943 paulo
1936 1882 2063 1930 ante

476 1955 740 2013 diximus.
775 1955 880 2013 Per
910 1957 1024 2014 haec
1052 1960 1221 2030 igitur
1256 1961 1436 2031 ipsum
1479 1977 1830 2035 nequaquam
1872 1979 2060 2035 parem

478 2048 550 2103 iis
584 2063 708 2104 esse
752 2050 1015 2114 ostendit,
1052 2062 1107 2108 et
1142 2069 1253 2109 uno
1288 2054 1393 2108 hoc
1436 2053 1596 2124 signo
1629 2054 1790 2111 docet
1829 2055 2062 2110 multum

477 2146 531 2192 cl.
557 2138 1071 2210 incomparabiliter
1102 2144 1170 2199 ab
1203 2144 1274 2199 iis
1311 2144 1537 2202 distare.
1573 2144 1718 2202 Fieri
1770 2146 1918 2200 enim
1950 2162 2061 2202 non

478 2240 678 2299 potest,
714 2233 913 2303 inquit,
946 2241 1005 2288 ut
1034 2235 1128 2305 qui
1169 2235 1237 2290 ad
1272 2245 1482 2291 certum
1535 2237 1757 2292 modum
1796 2236 2060 2307 Spiritum

478 2324 780 2394 accipiunt,
807 2340 930 2380 eum
958 2326 1117 2382 alteri
1143 2344 1364 2398 quoque
1392 2328 1578 2397 largiri
1613 2330 1847 2398 possint.
1912 2327 2061 2383 Nus-

476 2434 642 2488 quam
676 2421 821 2474 enim
851 2430 1077 2478 sanctus
1109 2431 1305 2478 sancto
1358 2422 1600 2494 Spiritus
1627 2425 1802 2479 sancti
1835 2424 2063 2495 largitor

478 2512 581 2566 fuit
605 2529 619 2566 :
654 2510 749 2567 sed
777 2528 900 2567 eum
929 2514 1188 2569 omnibus
1216 2514 1285 2571 de
1320 2529 1421 2569 sua
1450 2514 1795 2586 plenitudine
1830 2516 2060 2586 largitur

476 2600 649 2660 Filius
670 2606 737 2657 δ’.
776 2603 964 2675 Itaque
1001 2621 1110 2660 non
1150 2607 1218 2661 ad
1264 2623 1579 2663 mensuram
1614 2607 1731 2671 dat,
1786 2622 1965 2677 neque
2000 2614 2061 2663 ut

476 2696 575 2760 illi,
596 2704 807 2766 partem
844 2698 1140 2768 quamdam
1174 2699 1429 2768 exiguam
1463 2701 1709 2770 Spiritus
1745 2700 1930 2767 habet,
1972 2700 2060 2754 id-

475 2800 581 2855 que
616 2803 711 2856 per
747 2788 1229 2859 participationem
1259 2808 1272 2843 :
1305 2790 1404 2846 sed
1445 2805 1572 2845 cum
1606 2791 1680 2847 sit
1721 2792 1889 2846 etiam
1944 2791 2060 2862 ipse

475 2878 729 2949 largitor,
769 2880 958 2950 utique
982 2880 1334 2938 manifestum
1361 2889 1446 2938 est
1474 2883 1629 2937 illum
1656 2891 1830 2939 totum
1856 2883 2060 2939 habere

476 2958 919 3029 substantialiter
956 2974 1011 3028 in
1060 2974 1264 3045 seipse.
1312 2972 1487 3044 Igitur
1515 2975 1611 3044 qui
1644 2982 1858 3030 tantam
1895 2975 2061 3032 habet

2161 1784 2413 1855 δύναμιν,
2451 1784 2789 1856 προφητικὸν
2817 1781 2967 1852 αὐτῷ
3007 1781 3254 1853 περιθεὶς
3292 1781 3354 1834 τὸ
3387 1780 3607 1853 μέτρον,
3648 1779 3753 1834 ὦσ-

2161 1895 2268 1949 περ
2303 1872 2395 1933 οὖν
2425 1878 2520 1932 καὶ
2554 1875 2951 1947 διελαλήσαμεν
2994 1874 3215 1946 ἀρτίως.
3259 1872 3544 1944 Ἀναφέρει
3573 1872 3754 1925 τοίνυν

2161 1970 2321 2024 αὑτὸν
2352 1971 2452 2042 τῆς
2493 1969 2633 2042 πρὸς
2676 1968 2919 2033 ἐκείνους
2961 1966 3209 2038 ἰσότητος
3249 1965 3340 2020 διὰ
3385 1966 3613 2029 τούτων,
3659 1966 3753 2017 καὶ

2158 2063 2227 2117 δι’
2253 2062 2371 2126 ἐνὸς
2394 2061 2458 2132 δὴ
2486 2061 2676 2115 τούτου
2711 2058 2939 2131 σημείου
2968 2058 3151 2112 δίδωσι
3193 2059 3355 2121 νοεῖν,
3382 2056 3457 2120 ὡς
3491 2054 3664 2126 πολλὴ
3686 2054 3748 2124 δή
3792 2121 3801 2128 ,

2159 2153 2244 2216 τίς
2274 2153 2414 2216 ἐστι,
2447 2151 2648 2222 μᾶλλον
2680 2150 2735 2205 δὲ
2773 2150 2876 2222 ἤδη
2924 2149 3018 2205 καὶ
3057 2148 3388 2221 ἀσύγκριτος
3426 2148 3460 2217 ή
3492 2145 3747 2217 διαφορά.

2173 2241 2479 2313 Ἀμήχανον
2511 2239 2639 2311 γὰρ,
2667 2239 2823 2311 φησὶ,
2868 2240 2997 2303 τοὺς
3032 2236 3449 2310 μεμετρημένον
3486 2234 3751 2305 λαχόντας

2159 2332 2220 2385 τὸ
2251 2331 2495 2401 Πνεῦμα,
2543 2332 2638 2385 καλ⁸
2669 2330 2842 2404 ἑτέρῳ
2887 2328 3149 2384 δύνασθαι
3198 2327 3359 2382 τοῦτο
3403 2323 3748 2403 χαρίζεσθαιο

2159 2423 2219 2477 οὐ
2258 2423 2367 2496 γὰρ
2408 2423 2562 2494 ἆγιος
2609 2422 2750 2494 ἁγίῳ
2796 2422 2928 2476 ποτέ
2977 2419 3295 2491 Πνεῦματος
3351 2420 3507 2488 ἁγίου
3558 2417 3751 2486 γέγονε

2158 2516 2413 2586 χορηγός
2461 2516 2687 2587 χορηγεῖ
2724 2514 2784 2568 δὲ
2825 2514 3040 2567 πᾶσινὸ
3074 2512 3223 2577 Υίὸς,
3258 2511 3333 2575 ὡς
3360 2511 3419 2577 ἐξ
3455 2509 3586 2563 ἰδίου
3617 2509 3754 2580 πλη-

2163 2607 2431 2679 ρώματος.
2460 2605 2807 2673 Οὐκοῦνοὺκ
2852 2606 2919 2658 ἐκ
2961 2604 3162 2676 μέτρου
3210 2603 3447 2665 δίδωσιν,
3480 2602 3606 2655 οὐδέ
3640 2602 3751 2657 ὥσ-

2160 2715 2265 2770 περ
2290 2700 2505 2763 ἐκεῖνοι,
2535 2698 2736 2770 μικράν
2767 2714 2890 2752 τινα
2915 2699 3108 2769 μοῖραν
3138 2695 3251 2766 ἔχει
3280 2695 3373 2749 τοῦ
3407 2697 3747 2766 Πνεόματος,

2159 2795 2253 2847 καὶ
2298 2788 2458 2845 τοῦτο
2509 2788 2903 2861 μεταληπτῶς’
2955 2788 3071 2842 ἀλλ’
3120 2788 3421 2860 ἐπειδήπερ
3464 2786 3747 2859 ἀνεδείχθη

2160 2883 2253 2938 καὶ
2284 2880 2540 2953 χορηγὸς,
2569 2880 2726 2951 δῆλος
2774 2878 2839 2933 ἂν
2884 2877 2973 2947 εἴη
3020 2879 3290 2949 δήπουθεν
3331 2878 3451 2931 ὅλον
3491 2879 3630 2947 ἔχων
3654 2880 3749 2931 οὑ-

2162 2973 2368 3037 σιωδῶς
2414 2974 2472 3026 ἐν
2516 2970 2715 3042 ἐαυτῷ.
2772 2970 2983 3025 Οὐκοῦν
3029 2973 3057 3024 6
3102 2970 3369 3040 τοσαύτην
3416 2969 3554 3040 ἔχων
3613 2970 3751 3040 πρὸς

477 3078 588 3131 prae
617 3063 726 3120 illis
753 3064 1157 3130 excellentiam,
1187 3080 1296 3121 non
1328 3075 1588 3137 tanquam
1630 3083 1776 3125 unus
1833 3085 1902 3136 ex
1948 3069 2057 3124 illis

2163 3064 2401 3128 ἐκείνους
2428 3063 2525 3135 τὴν
2559 3060 2852 3135 ὑπεροχὴν,
2882 3063 2982 3133 οὐχ
3009 3061 3086 3125 ὼς
3118 3057 3199 3125 εἷς
3243 3061 3301 3128 ἐξ
3341 3061 3562 3115 ἐκείνων
3589 3061 3752 3131 λαλή-

477 3157 733 3226 loquetur
781 3173 906 3227 quae
955 3156 1050 3213 Dei
1103 3169 1251 3225 sunt,
1290 3160 1386 3215 sed
1415 3168 1475 3214 ut
1508 3158 1651 3216 Deus
1684 3160 1960 3217 exsistens
1989 3176 2057 3217 ex

478 3248 611 3314 Deo,
654 3251 1046 3306 convenientes
1102 3249 1214 3306 Deo
1267 3268 1554 3329 sermones
1593 3252 1858 3324 proferet.
1906 3254 2058 3309 Nihil

476 3348 657 3396 autem
712 3350 915 3411 nostra:
957 3343 1225 3399 doctrinae
1268 3344 1468 3400 oﬂiciet
1507 3345 1655 3414 quod
1714 3360 1813 3415 per
1859 3358 2057 3400 manus

477 3432 848 3501 apostolorum
868 3434 1055 3491 datum
1077 3449 1202 3490 esse
1231 3435 1514 3491 nonnullis
1537 3434 1803 3507 Spiritum
1830 3435 2055 3508 quidam

475 3521 824 3577 existimant:
850 3521 1087 3593 Spiritus
1110 3524 1256 3579 enim
1281 3525 1632 3581 invocatores
1663 3526 1848 3596 potius
1886 3541 2052 3596 quam

478 3614 719 3685 Spiritus
764 3615 944 3670 sancti
1000 3617 1160 3688 17o
1202 3618 1495 3687 largitores
1542 3618 1694 3687 ipsos
1727 3619 2050 3674 credimus:

424 3712 427 3713 '
478 3721 603 3761 nam
628 3713 683 3762 et
720 3707 915 3764 beatus
941 3709 1058 3777 ipse
1088 3708 1302 3780 Moyses
1343 3724 1689 3779 nequaquam
1713 3708 1782 3765 de
1811 3725 1915 3765 suo
1942 3710 2052 3778 spi-

475 3800 582 3853 ritu
615 3798 833 3854 auferre
862 3800 1054 3871 jussns
1089 3809 1194 3864 est,
1230 3800 1324 3855 sed
1360 3816 1475 3856 sua:
1518 3802 1773 3873 potestati
1814 3802 2055 3858 servavit

475 3889 623 3966 istud
671 3888 834 3958 Deus,
896 3891 989 3961 qui
1046 3892 1296 3962 praecipit
1343 3893 1563 3962 quidem
1618 3894 1801 3964 ipsum
1852 3893 2055 3950 addere

475 3984 823 4055 septuaginta
855 3984 1026 4052 viros,
1059 3985 1384 4055 promittens
1409 4002 1470 4044 se
1491 3986 1804 4042 ablaturum
1833 3985 1903 4042 de
1928 3986 2052 4056 ejus

475 4078 692 4147 spiritu.
726 4084 782 4132 et
808 4079 1195 4149 impositurum
1220 4079 1303 4134 cis
1329 4078 1395 4132 ⁸³.
1421 4079 1589 4134 Norat
1623 4081 1768 4135 enim
1809 4079 1904 4134 uni
1939 4077 2052 4134 Deo

474 4177 785 4239 competere
845 4183 1042 4225 eorum
1102 4169 1481 4226 faciendorum
1545 4178 1870 4241 potestatem
1930 4184 2053 4241 quae

477 4261 647 4317 neum
675 4261 891 4319 decent.

1127 4373 1280 4431 CAP.
1318 4372 1409 4429 IV.

475 4484 629 4551 Quod
657 4502 759 4557 non
792 4501 883 4555 per
912 4489 1372 4557 participationem
1407 4489 1513 4541 sint
1547 4488 1599 4541 in
1633 4486 1771 4541 Filio
1805 4502 1922 4557 qua:
1957 4485 2051 4540 Dei

542 4572 607 4610 ac
645 4556 825 4627 Patris
860 4567 981 4609 sunt
1011 4556 1260 4627 propria,
1294 4559 1384 4612 sed
1415 4556 1862 4621 substantialiter,
1897 4564 1949 4610 et
1970 4573 2051 4611 se-

541 4626 770 4679 cundum
803 4636 1072 4681 naturam.

540 4716 632 4782 Ill,
673 4720 763 4775 35.
792 4719 954 4775 Pater
989 4719 1161 4790 diligit
1208 4718 1443 4785 Filium,
1482 4730 1531 4774 et
1583 4719 1766 4774 omnia
1809 4718 1956 4773 dedit
1996 4719 2051 4772 in

472 4824 635 4863 niam:
652 4807 790 4878 ejus.

541 4900 679 4954 Cum
715 4900 863 4956 enim
900 4900 1103 4958 dixerit
1156 4901 1325 4956 Deum
1386 4898 1584 4956 Filium
1643 4901 1736 4971 qui
1787 4900 2056 4956 ex‘Patre

470 4990 678 5053 elfulsit
703 5008 812 5049 non
847 5007 1010 5063 posse
1043 4993 1169 5048 aliis
1193 4993 1271 5047 uti
1307 4993 1488 5049 verbis
1520 5007 1686 5062 quam
1711 4993 1917 5063 quibus
1945 4990 2051 5045 Pa-

471 5094 555 5141 ter
596 5092 812 5148 utatur,
863 5086 1013 5140 veris
1065 5084 1368 5140 nimirum:
1418 5103 1437 5137 ι
1495 5083 1668 5151 Quem
1700 5085 1847 5139 enim
1905 5083 2052 5139 misit

470 5174 638 5240 Deus,
660 5177 825 5232 verba
857 5175 954 5231 Dei
977 5176 1223 5246 loquitur
1243 5175 1309 5241 “,
1351 5195 1368 5226 ι
1401 5177 1611 5246 inquit;
1649 5175 1964 5232 necessario
1992 5175 2047 5231 id

471 5267 655 5325 fusius
685 5270 934 5340 exponit,
967 5277 1022 5325 et
1054 5270 1170 5323 ait:
1243 5290 1262 5321 ι
1307 5269 1470 5327 Pater
1507 5269 1688 5341 diligit
1739 5269 1963 5324 Filium.
2026 5287 2047 5321 ι

470 5356 592 5412 Non
627 5357 990 5425 oﬂ‘endemus,
1012 5359 1213 5429 inquit,
1236 5357 1402 5414 Deum
1435 5368 1489 5415 et
1519 5358 1758 5426 Patrem,
1796 5359 1842 5415 si
1867 5374 2054 5429 aequa-

473 5448 577 5502 lem
606 5446 726 5515 ejus
752 5447 891 5502 Filio
919 5451 1180 5505 honorem
1211 5450 1573 5506 cxhibeamus
1603 5468 1617 5505 :
1658 5466 1767 5504 non
1807 5449 2051 5504 oll'eude-

474 5553 618 5602 mus,
642 5539 688 5593 si
728 5538 946 5603 Filium,
980 5540 1074 5610 qui
1104 5541 1373 5597 bonorum
1404 5541 1582 5596 Patris
1612 5542 2047 5598 substantialitcr

548 5713 593 5745 ε’
621 5707 775 5767 Joan.
812 5726 846 5778 I,
888 5711 966 5765 ιθ.
1048 5713 1091 5743 ³⁵³
1123 5712 1283 5767 Num.
1320 5732 1393 5781 x1,
1436 5718 1517 5772 l7.

1598 5719 1639 5747 δ”
1676 5717 1833 5776 Joau.
1879 5718 2075 5784 "1,56.

2166 3175 2250 3212 σει
2285 3156 2356 3211 τὰ
2396 3156 2547 3228 παρά
2577 3154 2734 3218 Θεοῦ,
2773 3153 2888 3208 ἀλλ’
2928 3155 3005 3217 ὼς
3040 3154 3171 3228 Θεὸς
3201 3155 3458 3226 ὑπάρχων
3490 3155 3553 3206 ἐκ
3587 3153 3746 3219 Θεοῦ,

2162 3251 2289 3314 τοὺς
2319 3248 2438 3321 Θεῷ
2476 3222 2789 3321 ⁷πρέποντας
2835 3222 3186 3318 ἀνερεύξετᾶι
3230 3222 3440 3317 λόγους.
3481 3247 3747 3301 Ἀντικείο

2165 3362 2317 3399 σεται
2365 3343 2421 3397 δὲ
2466 3346 2576 3407 τοῖς
2633 3343 2942 3414 είρημένοις
2989 3343 3262 3414 οὐδαμῶς,
3306 3343 3366 3397 τὸ
3414 3343 3501 3397 διὰ
3548 3345 3751 3415 χειρῶν

2161 3433 2537 3489 ἁποστολικῶν
2559 3434 2798 3488 δεδόσθαι
2823 3435 2885 3487 τὸ
2910 3433 3135 3504 Πνεῦμα
3165 3450 3308 3489 τισιν
3332 3434 3541 3488 οἴεσθαί
3570 3453 3745 3500 τινας

2162 3526 2707 3598 πνευματοκλήτορας
2735 3526 2864 3597 γὰρ,
2901 3525 3046 3596 ήπερ
3078 3524 3249 3590 ὅντως
3289 3526 3385 3580 τοῦ
3426 3526 3749 3597 Πνεῦματος

2162 3619 2430 3689 χορηγοὺς
2450 3618 2543 3671 τοῦ
2576 3618 2732 3686 ἁγίου
2763 3610 2902 3671 εἶναι
2930 3616 3323 3688 πιστεύσομεν·
3351 3619 3473 3673 ἐπεὶ
3500 3620 3593 3673 καὶ
3620 3621 3751 3673 Mm.

2163 3715 2262 3784 σῆς
2293 3715 2322 3767 6
2356 3711 2646 3783 μακάριος,
2686 3709 2786 3763 οὐκ
2832 3709 2997 3773 αὐτὸς
3043 3709 3261 3779 ἀφελεῖν
3299 3711 3409 3764 ἀπὸ
3450 3710 3544 3764 τοῦ
3594 3711 3747 3775 ὄντος

2161 3806 2248 3859 ἐπ’
2276 3804 2426 3875 αὐτῷ
2455 3802 2764 3872 πνεύματος
2796 3802 3211 3873 προσετάττετο,
3239 3802 3375 3874 μόνῃ
3417 3802 3474 3855 δὲ
3520 3805 3588 3873 τῇ
3639 3802 3753 3872 ἰδίᾳ.

2159 3899 2460 3969 τετήρηκεν
2486 3896 2704 3966 ἐξουσίᾳ
2734 3895 2827 3948 καὶ
2857 3893 3014 3948 τοῦτο
3039 3894 3193 3958 Θεὸς,
3224 3892 3419 3967 χρῆναι
3457 3895 3558 3965 μὲν
3583 3895 3751 3948 αὑτὸν

2160 3987 2562 4061 προσϐαλὼθαι
2609 3989 2735 4052 τοὺς
2776 3987 3148 4059 ἑϐδομήκοντα
3179 3988 3383 4057 λέγων,
3430 3986 3652 4057 ἀφελεῖν
3688 3986 3751 4042 δὲ

2159 4078 2267 4134 ἀπὸ
2289 4077 2383 4132 τοῦ
2422 4077 2733 4148 πνεύματός
2762 4077 2857 4131 τοῦ
2887 4078 2973 4130 ἐπ’
3002 4077 3171 4148 αὐτῷ,
3208 4078 3300 4131 καὶ
3341 4078 3622 4149 ἐπιθήσειν
3655 4077 3746 4130 ἐπ’

2159 4170 2343 4234 αὐτοῖς
2375 4167 2822 4239 ὑπισχνούμενος.
2854 4168 3010 4240 ’ῌδει
3035 4166 3147 4240 γὰρ
3178 4167 3324 4238 μόνῳ
3359 4167 3590 4239 πρέπειν
3620 4167 3745 4220 ἐπι·-

2157 4261 2331 4318 τελεῖν
2359 4261 2438 4332 τῷ
2470 4260 2592 4331 Θεῷ
2621 4259 2691 4314 τὰ
2729 4259 3030 4331 θεοπρεπῆ.

2764 4372 3025 4428 ΚΕΦᾹΛ.
3059 4374 3132 4428 Δ’.

2162 4488 2281 4541 ’Ὁτι
2313 4488 2385 4542 οὐ
2417 4485 2812 4556 μπαληπτῶς
2843 4486 2913 4541 ἐν
2936 4486 3045 4552 Υιῷ
3072 4485 3144 4540 τὰ
3180 4487 3283 4540 τοῦ
3315 4485 3465 4540 Θεοῦ
3498 4484 3596 4539 καὶ
3622 4489 3747 4540 Πα-

2329 4557 2468 4625 τρὸς
2495 4557 2637 4620 ἴδια,
2671 4558 2811 4611 ἀλλ’
2837 4556 3144 4623 οὐσιωδῶς
3177 4558 3330 4611 κατὰ
3361 4557 3571 4625 φύσιν.

2240 4650 2295 4704 '0
2329 4649 2531 4718 Πατὴρ
2561 4646 2765 4719 ἀγαπᾷ
2789 4647 2899 4703 τὸν
2933 4649 3091 4713 flor,
3126 4648 3228 4703 καί
3258 4647 3456 4703 πάντα
3483 4648 3753 4703 δέδωκεν

2151 4720 2223 4775 ἐν
2245 4720 2320 4789 τῇ
2352 4722 2503 4789 χειρί
2526 4718 2735 4775 αὐτοῦ.

2224 4810 2443 4881 Ἐπειδὴ
2473 4809 2582 4880 γὰρ
2609 4809 2851 4879 εἴρηκεν,
2893 4811 2968 4875 ὡς
3018 4812 3082 4864 ἐκ
3129 4810 3266 4864 Θεοῦ
3301 4810 3583 4881 πεφηνότα
3611 4809 3753 4863 Θεὸν

2150 4904 2240 4956 τὸν
2258 4901 2397 4955 -Υίὸν
2427 4902 2501 4972 μὴ
2547 4899 2754 4973 ἑτέροις
2778 4900 3038 4956 δύνασθαι
3063 4900 3302 4972 χρῆσθαι
3334 4901 3536 4970 λόγοις,
3569 4900 3603 4971 ἢ
3637 4896 3756 4953 οἷσι

2151 5012 2257 5065 περ
2287 4992 2355 5048 ἂν
2384 4993 2650 5064 χρήσαιτο
2693 4994 2787 5047 καὶ
2824 4995 2853 5046 6
2889 4992 3155 5062 γεννήσας
3183 4992 3366 5057 αὐτὸν,
3401 4990 3627 5063 ἀληθέσι
3656 4992 3760 5062 δη-

2158 5084 2289 5155 λαδὴ
2324 5084 2383 5153 (ι
2424 5084 2521 5136 “Ov
2552 5082 2659 5154 γὰρ
2679 5081 2999 5137 ἀπέστειλεν
3038 5084 3067 5136 6
3111 5082 3265 5146 Θεὸς,
3304 5082 3374 5136 τὰ
3403 5084 3623 5154 ῥήματα
3650 5083 3754 5137 τοῦ

2156 5175 2293 5231 Θεοῦ
2318 5174 2489 5239 λαλεῖ,
2520 5192 2538 5224 ι
2573 5172 2792 5245 φησίν)ο
2820 5174 3131 5243 ἀναγκαίως
3170 5172 3261 5227 διὰ
3306 5173 3414 5227 τῶν
3449 5175 3759 5246 προκειμέ-

2158 5286 2262 5325 νων
2309 5265 2755 5337 ἐπεξεργάζεται,
2806 5267 2898 5320 καί
2943 5282 3126 5339 φησιν’
3164 5284 3183 5317 ι
3224 5266 3282 5320 '0
3317 5264 3510 5336 Πατὴρ
3550 5266 3760 5336 ἀγαπᾷ

2158 5363 2247 5416 τὸν
2274 5361 2425 5416 Υίόν.
2452 5380 2471 5413 ι
2503 5361 2619 5415 Οὐκ
2656 5360 2973 5431 ἀνιάσομεν,
3006 5361 3166 5431 φησὶ,
3204 5359 3298 5413 τὸν
3337 5359 3470 5413 Θεὸν
3501 5359 3597 5413 καὶ
3632 5360 3757 5413 Πα-

2158 5455 2311 5526 τέρα,
2342 5454 2441 5524 τὴν
2473 5454 2594 5525 ῐσην
2630 5453 2710 5523 τῷ
2734 5450 2796 5516 ἐξ
2821 5450 2986 5506 αὐτοῦ
3025 5452 3340 5522 γεννηθέντι
3373 5449 3755 5521 περιτιθέντες

2155 5548 2339 5618 τιμήν·
2364 5546 2424 5600 οὐ
2456 5543 2904 5616 προσκρούσομεν
2934 5546 3000 5614 τῇ
3026 5543 3323 5615 θεοπρεπεί
3351 5539 3760 5613 στεφανοῦντες
