4038 6210
236 275 331 331 281

1306 290 1377 346 IN
1417 292 1702 355 JOANNIS
1723 299 2179 364 EVANGELIUM
2212 307 2341 366 LIB.
2384 312 2451 369 ll.
2512 330 2517 337 ‘

3409 329 3517 388 282

233 389 357 461 δόξῃ
392 390 489 444 τὸν
533 393 643 447 τῶν
676 394 773 449 τοῦ
820 395 1034 468 Πατρδς
1070 399 1295 468 ἀγαθῶν
1343 407 1621 487 οὐσιωδῶς
1648 413 1812 486 κληρο

233 484 420 510 ...ι..-...
462 504 476 510 -
531 486 878 510 ..-ω-κηι-
925 487 1009 510 -λη
1044 491 1169 510 νη..
1430 499 1454 510 -
1534 504 1546 510 -
1681 505 1696 510 -

1939 431 2026 478 cst
2044 423 2428 491 haeres,divina
2446 427 2620 499 gloria
2636 442 3001 491 CONMIIIUS:
3023 456 3041 487 ι
3068 436 3255 510 Diligit
3265 440 3412 496 enim
3424 439 3517 496 Fi-

231 484 420 552 νόμον
458 504 493 578 ιΔ
531 486 745 578 ’ᾼγαπᾷ
773 490 881 559 γὰρ
918 487 1011 543 τὸν
1044 491 1191 569 Υίόντ
1226 513 1243 544 ι
1278 497 1488 554 Οὐκοῦν
1518 484 1834 578 ,ἑφησθήσε-

229 592 317 627 ται
346 576 460 671 μὲν
474 576 820 671 δοξαζομένῳ
859 582 966 654 πρὸ
1007 582 1120 656 [πρ.
1154 587 1312 662 πρὸς]
1351 591 1529 663 ἡμῶν,
1563 576 1834 671 βαρυδθὴ-

230 682 385 719 σεται
415 666 473 720 δὲ
509 668 648 738 πρὸς
668 668 732 721 τὸ
764 670 1009 724 ἐναντίον
1029 690 1042 703 ·
1085 675 1178 729 καὶ
1208 681 1368 749 μήτις
1397 683 1613 749 οἰέσθω,
1639 666 1831 759 φησὶν,

228 759 301 822 ὡς
329 760 454 824 ἐνὸς
481 762 549 834 δὴ
574 761 769 817 τούτου
816 765 913 820 καὶ
952 767 1115 836 μόνου
1156 771 1491 844 θεοπρεποῦς
1518 778 1831 853 ἀξιώματος

229 851 571 921 κληρονόμον
612 854 726 926 ἔχει
770 856 861 910 τὸν
911 857 1040 912 ῖδιον
1076 860 1220 917 Υἰόν.
1251 884 1270 917 ι
1305 867 1491 923 Πάντα
1536 870 1645 944 γὰρ
1664 851 1833 929 δέδω-

229 960 321 997 κεν
364 947 427 998 ὲν
466 948 536 1017 τῇ
587 949 732 1019 χειρὶ
773 949 965 1005 αὐτοῦ·
1004 972 1025 1006 ι
1060 955 1205 1010 τοῦτ’
1241 957 1357 1014 ἔστι
1402 962 1661 1036 σύμπαν,
1705 968 1831 1025 ὅσον

227 1036 379 1090 ἐστὶν
440 1039 721 1104 οὐσιωδῶς
772 1043 976 1111 ἀγαθὸν
1031 1047 1091 1101 ὲν
1142 1051 1355 1123 Πατρὶ,
1397 1054 1554 1112 τοῦτο
1609 1059 1829 1126 πάντως

227 1128 377 1181 ἐστὶν
420 1131 482 1183 ἐν
533 1130 761 1204 δυνάμει
820 1136 914 1189 τοῦ
962 1137 1116 1195 Υἰοῦ.
1166 1142 1341 1215 Χεῖρα
1381 1147 1491 1220 γὰρ
1521 1151 1581 1203 ὲν
1617 1151 1830 1218 τούτοις

226 1220 498 1316 ὀνομάζει
531 1223 633 1296 τὴν
665 1224 918 1300 δύναμιν,
948 1228 1134 1306 ὥσπερ
1161 1234 1291 1290 ὅταν
1316 1236 1385 1291 δι’
1416 1240 1535 1305 ἑνός
1561 1258 1666 1297 που
1692 1261 1828 1316 προ-

227 1313 402 1406 φήτου
437 1313 601 1406 λέγῃ·
633 1338 652 1370 ι
689 1321 753 1373 Ἦ
782 1321 903 1395 χείρ
938 1342 1042 1395 μου
1065 1328 1365 1400 ὲστερέωσε
1398 1333 1490 1386 τὸν
1515 1313 1764 1406 οὐρανὸν,
1799 1356 1818 1388 ι

222 1404 345 1497 Evcl
371 1404 472 1497 τοῦ
501 1409 538 1497 γὴ
570 1408 821 1481 δύναμις.
857 1415 1013 1487 Ἔχει
1038 1418 1094 1471 δὲ
1118 1419 1342 1491 σύμπαν
1362 1423 1421 1479 ὲν
1448 1404 1628 1497 ἐαυτῷ
1644 1427 1703 1482 τὸ
1728 1429 1823 1484 τοῦ

224 1492 446 1565 Πατρὸς
497 1496 649 1563 ἴδιον,
673 1501 733 1553 οὐ
771 1504 1154 1576 μεταληπτῶς,
1193 1511 1243 1564 εί
1286 1512 1381 1566 καὶ
1413 1492 1700 1570 δεδωκέναι
1729 1517 1819 1571 λέ-

220 1600 382 1652 γεται
424 1589 454 1641 6
500 1589 692 1662 Πατὴρ
743 1593 799 1666 (ἦ
844 1596 953 1668 γὰρ
1003 1598 1070 1654 ἂν
1112 1601 1406 1675 ἐπίκτητον
1450 1606 1583 1678 ἔχοι,
1620 1611 1716 1663 καὶ
1756 1611 1820 1665 ού

220 1678 465 1775 premnt:
490 1683 590 1753 τήν
622 1682 874 1775 θεότητα)
900 1704 913 1717 ·
952 1688 1136 1745 δίδωσι
1165 1693 1223 1748 δὲ
1258 1695 1434 1762 οὕτως
1467 1698 1498 1751 ὁ
1521 1701 1713 1774 Πατὴρ
1740 1703 1820 1775 τῷ

1937 515 2072 570 lium
2083 556 2096 571 .
2111 536 2130 569 ι
2158 518 2330 585 igitur
2345 519 2711 577 oblectabitur
2725 538 2851 580 eum
2871 541 2902 581 a
2920 528 3079 584 nobis
3104 528 3196 585 ille
3211 530 3439 600 gloriam
3459 542 3518 589 ct

1935 608 2152 666 laudem
2176 610 2446 681 accipiet;
2477 627 2640 669 secus
2670 630 2824 682 vero,
2848 616 3177 675 offendetur.
3202 620 3271 677 Et
3295 638 3364 679 ne
3387 624 3516 695 quis

1935 701 2258 768 arbitretur,
2287 704 2486 773 inquit,
2530 704 2731 761 Filium
2763 706 2913 763 Patri
2957 724 3084 767 esse
3131 713 3291 781 quasi
3348 715 3516 772 unius

1933 793 2106 865 hujus
2132 810 2198 851 ac
2228 796 2405 853 solius
2439 798 2641 855 divina:
2668 799 2959 870 dignitatis
2990 803 3281 861 haeredem.
3323 825 3343 858 ι
3378 805 3514 862 0m-

1930 887 2022 942 nia
2047 888 2193 943 enim
2222 888 2374 944 dedit
2415 889 2471 944 in
2500 905 2667 946 manu
2701 891 2846 962 ejus,
2898 911 2919 944 ι
2957 894 3062 949 hoc
3091 903 3197 962 est,
3245 897 3515 967 quidquid

1931 978 2068 1036 boni
2098 988 2184 1036 est
2215 982 2270 1035 in
2298 979 2465 1037 Patre
2491 983 2958 1049 substantiatiter,
2987 986 3093 1042 hoc
3123 988 3316 1058 utique
3340 997 3427 1046 est
3456 990 3515 1045 in

1931 1081 2204 1141 potestate
2234 1070 2381 1128 Filii.
2401 1072 2620 1129 Manum
2639 1076 2842 1130 etenim
2866 1076 2958 1132 hic
2981 1086 3307 1147 potestatem
3328 1090 3511 1148 vocat,

1929 1173 1990 1219 ut
2014 1180 2141 1219 cum
2168 1180 2269 1236 per
2299 1181 2470 1221 unum
2512 1167 2833 1238 prophetam
2863 1167 2943 1221 ait
2979 1169 3222 1226 alicubi:
3259 1190 3280 1223 ι
3316 1170 3511 1229 Manus

1927 1269 2048 1310 mea
2080 1254 2321 1311 ﬁrmavit
2344 1257 2547 1312 caelum
2570 1258 2639 1322 ⁵⁸,
2678 1276 2697 1310 ι
2727 1258 2781 1315 id
2817 1268 2922 1324 est,
2953 1260 3131 1317 virtus
3159 1277 3303 1318 mea.
3338 1261 3512 1320 Habet

1927 1355 2113 1402 antem
2146 1345 2324 1404 Filius
2357 1350 2413 1404 in
2465 1349 2648 1420 seipse
2697 1352 2966 1423 quidquid
3010 1361 3100 1409 est
3155 1353 3338 1410 Patris
3376 1370 3509 1425 pro-

1924 1438 2127 1507 prium,
2182 1453 2292 1493 non
2344 1453 2442 1509 per
2481 1440 2984 1511 participationem,
3045 1446 3263 1499 tametsi
3331 1445 3497 1501 Pater

1923 1527 2145 1584 dedisse
2188 1543 2408 1600 quoque
2450 1529 2654 1584 dicitur
2705 1530 2954 1601 (alioqui
3009 1534 3155 1587 enim
3210 1535 3506 1591 ascititiam

1923 1618 2171 1685 haberet,
2202 1635 2315 1675 non
2333 1627 2527 1675 autem
2564 1622 2870 1676 naturalem
2917 1622 3260 1694 deitatem);
3299 1628 3394 1682 sed
3433 1628 3506 1682 ita

1923 1708 2110 1762 omnia
2149 1721 2250 1763 sua
2288 1707 2384 1763 dat
2421 1707 2562 1764 Filio
2608 1708 2794 1776 Pater,
2843 1712 3307 1781 quemadmodum
3339 1714 3505 1768 etiam

220 1768 338 1876 Ιίἱῷ
371 1770 557 1875 πάντα
584 1772 653 1827 τὰ
698 1775 915 1844 ἑαυτοῦ,
950 1780 1260 1854 ὡσπερανεὶ
1301 1788 1396 1841 καὶ
1428 1764 1713 1863 ἄνθρωπος
1739 1764 1812 1867 τῶ

1921 1799 2089 1856 homo
2117 1801 2307 1870 genito
2328 1816 2395 1857 ex
2426 1817 2486 1858 se
2518 1802 2633 1857 ﬁlio
2667 1764 2910 1859 tribuere
2938 1813 3197 1861 censetur
3234 1805 3505 1876 quidquid

219 1862 278 1929 ἐξ
302 1863 476 1918 αὐτοῦ
504 1865 666 1935 φῦντι
692 1870 844 1927 παιδὶ
883 1871 1084 1935 διδόναι
1119 1879 1290 1932 νοοῖτο
1320 1881 1389 1935 τὰ
1416 1882 1517 1954 τῆς
1535 1862 1821 1956 ὰνθρωπόλ

214 1971 378 2024 τητος
431 1955 542 2012 ῖδια
595 1959 630 2030 ἦ
676 1960 990 2035 ὡσπερανεὶ
1036 1967 1131 2023 καὶ
1178 1971 1239 2024 τὸ
1284 1972 1397 2045 πῦρ
1434 1977 1498 2047 τῇ
1539 1977 1599 2043 ἐξ
1647 1955 1815 2034 αὐτοῦ

213 2048 337 2139 κατ’
364 2047 655 2139 ἐνέργειαν
699 2054 967 2129 προῖούσῃ
1017 2056 1312 2133 θερμότητι
1360 2064 1560 2123 διδόναι
1604 2069 1819 2139 λέγοιτο

211 2135 313 2206 τῆς
342 2137 486 2204 ἰδίας
526 2140 744 2210 φύσεως
788 2146 850 2200 τὸ
891 2146 1108 2221 ἰδίωμα.
1144 2154 1233 2208 Ἐν
1281 2155 1339 2210 δὲ
1373 2160 1487 2224 τοῖς
1531 2135 1814 2230 τοιούτοις,

211 2229 304 2283 καὶ
432 2238 739 2308 παρασχεῖν
782 2242 898 2302 τοῖς
940 2243 1271 2316 παρέχουσιν
1299 2248 1532 2321 ἀζήμιον
1558 2269 1571 2280 ·
1595 2253 1657 2308 οὑ
1703 2255 1815 2327 γὰρ

213 2320 354 2415 κατὰ
396 2327 671 2396 μερισμὸν
719 2328 752 2399 ἢ
797 2330 1082 2405 ἀποκοπὴν
1128 2320 1622 2415 τῶνγπαρέχεσθαι
1665 2320 1813 2401 νοουλ

211 2414 396 2482 μένων
422 2417 457 2486 ἡ
491 2417 647 2483 ὀδόςο
703 2424 796 2475 καὶ
845 2425 979 2479 αὐτὸ
1022 2427 1082 2481 δὲ
1133 2429 1197 2485 τὸ
1237 2431 1387 2500 δόξαι
1432 2434 1651 2504 λαϐεῖν,
1696 2442 1814 2504 τοῖς

210 2504 478 2563 λαϐοῦσιν
514 2511 953 2587 ἀκατηγόρητον.
982 2519 1083 2573 Διὰ
1121 2521 1231 2595 γὰρ
1261 2524 1423 2594 μόνον
1448 2528 1509 2581 τὸ
1538 2527 1610 2594 ἐξ
1640 2526 1714 2587 οὗ
1740 2533 1812 2587 τὰ

206 2599 443 2654 τοιαῦτα
485 2601 725 2671 λέγεται,
766 2608 861 2661 καὶ
914 2613 1117 2683 φυσική
1159 2630 1266 2683 τις,
1315 2617 1382 2670 ἵν’
1433 2618 1608 2685 οὕτως
1645 2621 1811 2688 εἴπω,

207 2690 438 2762 ποιότης
483 2693 593 2749 τῶν
632 2696 946 2765 γεννώντων
988 2705 1189 2759 νοεῖται
1238 2707 1308 2762 τὰ
1358 2710 1699 2783 γεννώμενα,
1747 2716 1811 2770 τὸ

206 2783 260 2835 τί
286 2785 413 2837 ἐστι
443 2789 566 2840 κατ’
592 2788 781 2845 οὐσίαν
814 2793 877 2846 τὸ
901 2795 1106 2863 γεννῶν
1134 2799 1481 2869 ὲκφαίνοντα,
1511 2807 1605 2860 καὶ
1637 2825 1809 2863 κατα-

207 2872 607 2946 λαμπρύνοντα
626 2881 729 2953 τῆς
756 2883 963 2949 οἰκείας
990 2888 1173 2959 πηγῆς
1211 2889 1312 2962 τὴν
1356 2894 1498 2948 κατὰ
1537 2897 1701 2967 φύσιν
1725 2901 1808 2954 ὲν-

208 2967 465 3039 έργειαν.
490 2972 600 3026 Καὶ
627 2974 797 3030 ταῦτα
824 2977 924 3047 μὲν
960 2978 1146 3046 πάλιν,
1177 2982 1255 3048 ὡς
1295 2986 1388 3039 ἐπὶ
1434 2990 1808 3063 παραδειγμά-

204 3077 343 3122 των,
368 3062 628 3135 ἀνωτέρω
655 3065 713 3119 δὲ
743 3068 949 3124 τούτων
978 3070 1218 3143 δηλονότι
1250 3074 1402 3142 Θεός.
1422 3079 1525 3134 διά
1544 3099 1625 3137 τοι
1647 3062 1806 3139 τοῦτο

203 3152 269 3205 τὸ
312 3152 681 3246 ανθρώπινον,
720 3159 1050 3217 ἀσθενοῦντα
1089 3164 1247 3235 λόγον
1278 3169 1379 3224 οὐκ
1417 3172 1797 3246 αἰτιασόμεθα.

208 3261 230 3294 ι
273 3244 573 3341 Δόξα-γὰρ
613 3250 817 3341 Ιςυρεου
866 3255 1100 3325 κρύπτει
1152 3257 1332 3329 λόγον,
1368 3280 1386 3313 ι
1426 3264 1570 3320 καθὰ
1604 3244 1803 3341 γεγρα-

202 3352 367 3389 πται.
396 3338 508 3391 Καὶ
534 3341 584 3392 εί
625 3339 896 3414 βλέπομεν
915 3345 983 3401 δι’
1009 3347 1277 3422 ἐσόπτρου
1326 3354 1422 3407 καὶ
1450 3338 1797 3428 αἰνίγματος,

201 3428 302 3523 καὶ
334 3429 566 3500 νοοῦμεν
593 3433 659 3486 ἐκ
687 3435 906 3506 μέρους,
941 3438 1058 3503 πῶς
1083 3441 1151 3496 ἂν
1194 3443 1315 3515 οὐχὶ
1363 3446 1545 3519 πολλῷ
1578 3449 1644 3522 δὴ
1679 3468 1800 3523 μει-

202 3520 383 3585 ζόνως
414 3524 531 3586 τοῖς
554 3523 642 3616 διὰ
660 3525 909 3598 γλώττης
942 3530 1310 3604 ἀτονήσαιμεν
1343 3538 1581 3608 ῥήμασιν
1604 3520 1800 3616 {Non-

202 3628 321 3675 σεις
348 3614 639 3685 τοιγαροῦν
670 3617 931 3684 εὐσεϐῶς,
982 3621 1016 3693 ἢ
1067 3627 1207 3680 κατὰ
1242 3626 1433 3682 τοῦτον
1478 3633 1569 3686 τὸν
1596 3614 1798 3706 τρόπον

202 3706 264 3756 τὶ
288 3705 481 3800 πάντα
508 3708 755 3763 δεδόσθαι
805 3716 956 3783 παρὰ
999 3717 1212 3791 Πατρὸς
1260 3721 1339 3794 τῷ
1380 3724 1581 3798 Υῖῷεῆ
1628 3745 1799 3800 παρα-

203 3795 354 3868 λὴψῃ
388 3798 552 3853 πάλιν
577 3801 678 3871 τῆς
711 3804 853 3872 μετὰ
898 3808 1095 3879 σαρκὸς
1141 3795 1579 3887 οἰκονομίαςτὸν
1618 3795 1797 3890 λόγον,

204 3890 389 3944 οὐκέτι
446 3891 512 3945 τὸ
558 3892 785 3959 δοῦναι,
830 3900 924 3951 καὶ
974 3900 1192 3971 λαϐεῖν,
1244 3906 1338 3961 ἐπὶ
1387 3908 1497 3963 τῶν
1550 3913 1798 3982 φυσικῶν

1920 1893 2207 1963 proprium
2232 1899 2318 1949 est
2345 1898 2560 1947 naturae
2594 1892 2877 1960 humanae,
2906 1902 3004 1949 aut
3055 1896 3203 1950 sicut
3243 1895 3388 1966 ignis
3410 1911 3505 1951 co-

1918 1982 2022 2037 lori
2052 1998 2120 2039 ex
2146 1996 2208 2038 se
2244 1991 2373 2037 actu
2402 1984 2725 2053 procedenti
2759 1999 2823 2039 ea
2846 2000 2971 2056 qum
3001 1992 3212 2041 natura:
3233 2001 3347 2043 suae
3375 2002 3503 2057 pro-

1916 2075 2038 2146 prla
2066 2082 2198 2131 sunt
2229 2075 2474 2132 tribuere
2493 2076 2718 2134 dicitur.
2742 2077 2803 2133 In
2834 2078 2924 2135 bis
2946 2087 3152 2147 autem,
3187 2079 3324 2135 dare
3346 2079 3501 2135 danti

1916 2169 2053 2224 nihil
2080 2169 2274 2225 obest:
2312 2183 2417 2225 nec
2454 2170 2602 2225 enim
2649 2169 2981 2227 divisionem
3040 2180 3137 2226 aut
3185 2173 3490 2228 sectionem

1915 2262 2008 2317 hic
2041 2263 2330 2334 patiuntur
2356 2278 2422 2321 ea
2457 2280 2581 2335 quae
2617 2266 2932 2331 traduntur,
2971 2274 3027 2321 et
3063 2266 3210 2337 quod
3249 2267 3500 2336 accipere

1913 2355 2155 2418 videtur,
2190 2356 2593 2427 accipientibus
2627 2356 2884 2412 dedecori
2936 2356 3074 2412 verti
3114 2357 3324 2426 nequit.
3370 2356 3499 2412 Haec

1913 2448 2059 2504 enim
2091 2447 2232 2503 nihil
2259 2446 2408 2502 aliud
2442 2461 2609 2518 quam
2639 2463 2705 2503 ex
2735 2448 2891 2518 17],
2929 2463 3039 2517 quo
3085 2448 3415 2518 signiﬁcant,
3443 2457 3497 2503 et

1912 2537 2208 2602 naturalis,
2242 2544 2305 2592 ut
2337 2536 2414 2592 ita
2445 2536 2648 2599 dicam.
2681 2537 3063 2608 generantium
3098 2537 3336 2607 qualitas
3362 2552 3495 2591 ccn-

1909 2637 2104 2687 sentur
2134 2642 2261 2684 esse
2294 2641 2359 2682 ea
2389 2641 2511 2698 qua)
2533 2626 2862 2699 gignuntur,
2892 2640 3017 2681 cum
3052 2625 3333 2697 explicent
3360 2624 3494 2696 quid

1911 2725 2213 2780 secundum
2238 2724 2609 2781 substantiam
2634 2724 2706 2779 sit
2729 2723 2784 2779 id
2808 2724 2956 2794 quod
3006 2723 3275 2795 gignitur,
3316 2732 3373 2777 et
3403 2721 3492 2778 sui

1912 2814 2080 2872 fontis
2104 2817 2414 2872 naturalem
2438 2815 2816 2887 operationem
2848 2816 3142 2870 illustrent.
3170 2814 3349 2885 Atque
3375 2814 3494 2868 haec

1909 2907 2074 2963 ducta
2106 2908 2327 2979 quidem
2376 2908 2448 2965 ab
2493 2907 2761 2978 exemplis
2812 2906 3216 2963 similitudine:
3273 2905 3369 2962 sed
3402 2905 3492 2963 his

1908 2999 2091 3070 major
2114 3008 2203 3056 est
2246 2999 2396 3056 Deus
2427 2999 2661 3056 scilicet.
2694 2998 2806 3055 Nec
2863 2998 3068 3055 idcirco
3120 2997 3349 3053 rationis
3386 2998 3493 3052 bu-

1832 3113 1877 3172 ο
1908 3106 2086 3146 manas
2135 3091 2452 3147 accusanda
2508 3100 2595 3148 est
2627 3092 2980 3148 imbecillitas
3011 3110 3024 3146 :
3063 3110 3082 3144 ι
3122 3090 3309 3147 Gloria
3344 3090 3488 3145 enim

1908 3182 2127 3239 Domini
2161 3185 2303 3240 celat
2338 3184 2590 3251 verbum,
2651 3202 2670 3237 ι
2715 3194 2777 3239 ιιι
2833 3184 3098 3255 scriptum
3129 3191 3215 3240 est
3230 3184 3300 3238 “.
3332 3180 3491 3248 Quod

1907 3276 1958 3332 si
1994 3291 2092 3347 per
2136 3274 2419 3346 speculum
2453 3275 2707 3331 videmus
2739 3282 2794 3331 et
2819 3275 3072 3346 aenigma,
3109 3281 3167 3329 et
3200 3270 3490 3343 cognosci-

1906 3382 2031 3422 mus
2062 3381 2127 3422 ex
2154 3375 2331 3438 parte,
2358 3355 2638 3438 quomodo
2666 3381 2774 3421 non
2804 3366 2978 3421 multo
3000 3363 3176 3435 magis
3206 3377 3306 3419 nos
3324 3361 3491 3416 verba

1906 3458 2205 3515 deﬁcient?
2237 3461 2345 3515 Aut
2374 3459 2543 3531 igitur
2582 3459 2669 3529 pie
2691 3458 2964 3530 intelliges
2992 3458 3097 3512 hac
3120 3457 3337 3512 ratione
3363 3454 3489 3508 data

1904 3565 2029 3607 esse
2062 3565 2094 3605 a
2125 3549 2290 3607 Patre
2318 3557 2519 3606 cuncta
2561 3547 2702 3603 Filio
2746 3566 2762 3603 :
2803 3555 2900 3603 aut
2930 3547 2998 3605 ad
3050 3544 3488 3602 incarnationem

1906 3642 2055 3701 istud
2083 3641 2310 3708 referes,
2342 3642 2418 3697 ita
2451 3647 2511 3695 ut
2541 3654 2652 3695 non
2701 3638 2815 3708 jam
2852 3636 3003 3702 dare,
3048 3644 3102 3688 et
3133 3633 3386 3701 accipere,
3422 3629 3491 3683 de

1905 3735 2258 3793 naturalibus
2323 3733 2759 3805 proprietatibus
2820 3729 3204 3799 intelligatur,
3259 3722 3352 3778 sed
3418 3720 3491 3775 de

1905 3843 2122 3885 summa
2158 3828 2251 3883 illa
2289 3826 2415 3882 Filii
2441 3841 2610 3897 supra
2641 3832 2929 3880 creaturas
2953 3833 3146 3876 omnes
3164 3812 3485 3882 eminentia,

1908 3927 1966 3971 ut
2000 3931 2219 3971 rursum
2250 3916 2461 3985 aliquid
2488 3912 2802 3970 istiusmodi
2831 3919 3012 3966 mente
3042 3907 3250 3977 capias.

209 3986 518 4081 ἰδιωμάτων
543 3987 883 4059 εἰσφέροντα,
909 3993 1024 4047 ἀλλ’
1046 3997 1138 4050 ἐπὶ
1166 4001 1231 4071 τῇ
1263 4000 1405 4055 κατὰ
1440 4004 1659 4061 πάντων
1683 4007 1793 4062 τῶν
1828 4009 2073 4081 γενητῶν
2100 4008 2319 4080 ἐξουσίᾳ
2345 4006 2565 4062 τιθέντα
2587 4005 2679 4061 τὸν
2702 4004 2853 4069 Υἰὸν,
2890 4003 2978 4056 ῖνα
3019 3999 3182 4055 πάλιν
3243 3997 3372 4067 νοῇς
3429 3995 3494 4048 τὸ

208 4092 469 4131 τοιουτον.

287 4171 343 4222 '0
368 4171 579 4241 Πατὴρ
613 4173 816 4244 ἀγαπᾷ
852 4178 958 4233 τὸν
992 4180 1148 4249 Υιὸν,
1180 4184 1281 4239 καί
1313 4186 1507 4243 πάντα
1535 4188 1798 4245 δέδωκεν

214 4260 278 4312 ἐν
307 4260 383 4329 τῇ
408 4262 562 4330 χειρὶ
591 4266 800 4323 αὑτοῦ.

273 4354 365 4424 Μὴ
396 4355 875 4422 ἀπαυθαδιζέσθω,
900 4362 1085 4433 φησὶν,
1117 4364 1148 4416 6
1187 4365 1467 4441 δυσήκοος,
1510 4370 1797 4444 ἄνθρωπον

225 4445 349 4515 δρῶν
382 4444 479 4498 τὸν
504 4447 761 4502 ἁπάντων
800 4450 989 4522 κύριον
1006 4493 1020 4518 ,
1053 4455 1190 4526 μηδὲ
1213 4458 1483 4529 νομιζέτω
1504 4458 1797 4531 ψεύδεσθαι

224 4538 304 4638 την
330 4537 619 4609 ἀλήθειαν,
770 4546 968 4615 χρῆναι
997 4548 1276 4662 πιστεύειν
1316 4551 1393 4615 ὡς
1425 4552 1546 4625 Θεῷ
1576 4553 1665 4609 διὰ
1698 4555 1797 4627 τὴν
1834 4605 1878 4662 D

225 4627 388 4698 σάρκα
405 4630 860 4703 ⁸ιεαραιτούιιιιενος.
887 4636 1138 4706 Δεχέσθω
1159 4632 1258 4712 τὴν
1289 4645 1593 4716 μαρτυρίαν
1610 4646 1797 4714 αὑτοῦ,

225 4721 706 4792 κατασφραγιζέτω
755 4724 813 4779 δὲ
866 4727 1183 4800 προθύμως,
1214 4734 1297 4787 ὅτι
1342 4737 1372 4789 6
1422 4735 1555 4801 Θεὸς
1591 4737 1802 4811 ἀληθής

219 4810 376 4876 ἐστιν,
412 4812 503 4865 ῖνα
546 4814 623 4885 μὴ
677 4815 820 4889 λυπῇ
862 4818 956 4871 τὸν
999 4820 1058 4873 ὲν
1103 4823 1215 4886 τοῖς
1261 4823 1509 4896 οὐρανοῖς
1558 4810 1797 4900 Πατέρα.

234 4902 441 4974 Ἀγαπᾷ
480 4904 595 4976 γὰρ
632 4906 724 4960 τὸν
771 4909 900 4964 ῖδιον
942 4911 1103 4966 Υίόνο
1157 4915 1430 4982 ἀπόδειξις
1475 4919 1532 4973 δὲ
1583 4921 1681 4993 τῆς
1720 4923 1804 4987 εἰς

215 4995 377 5048 αὐτὸν
409 4997 655 5070 ἀγάπης,
695 5001 758 5055 τὸ
801 5003 1019 5059 πάντων
1058 5006 1209 5080 αὐτῷ
1252 5009 1486 5065 δίδοσθαι
1516 5012 1616 5084 τὴν
1658 5015 1805 5082 ἐξου-

220 5087 362 5139 σίαν.
392 5091 458 5141 Ὅ
489 5090 553 5160 δὴ
604 5092 700 5145 καί⁹
746 5094 910 5160 αὐτὸς
951 5096 1192 5167 ἔφασκεν
1234 5102 1263 5155 6
1299 5102 1523 5174 Σωτήρο
1560 5121 1579 5156 ι
1619 5105 1804 5161 Πάντα

225 5195 314 5247 μοι
365 5181 635 5254 παρεδόθη
678 5183 785 5237 ὑπὸ
834 5187 928 5240 τοῦ
978 5188 1193 5261 Πατρός
1239 5209 1360 5262 μου.
1402 5212 1422 5245 ι
1454 5196 1561 5250 Καὶ
1608 5198 1799 5252 πάλιν·

230 5288 249 5318 ι
296 5270 477 5343 Ἐδόθη
523 5291 614 5345 μοι
650 5279 801 5331 πᾶσα
844 5278 1083 5348 ἐξουσία,
1117 5282 1176 5339 ἐν
1221 5300 1283 5337 τε
1324 5285 1559 5359 οὐρανῷ,
1590 5290 1683 5343 καὶ
1712 5291 1807 5345 ἐπὶ

231 5360 324 5428 τῆς
351 5363 473 5435 γῆς.
516 5385 535 5418 ι
561 5368 670 5421 Καὶ
698 5370 760 5422 ού
784 5369 957 5442 δήπου
989 5373 1081 5428 διὰ
1106 5375 1167 5429 τὸ
1199 5376 1347 5444 δόξαι
1383 5378 1566 5432 λαϐεῖν
1601 5381 1630 5433 6
1657 5381 1801 5448 Υἱὸς,

244 5453 456 5523 εὐλόγως
489 5457 554 5512 ἂν
596 5460 672 5524 ὡς
722 5461 963 5519 ἐλάττων
999 5465 1106 5520 ὑπό
1152 5484 1246 5521 του
1294 5473 1648 5542 κατηγοροῖτο
1667 5488 1680 5502 ⁸
1712 5474 1808 5527 καὶ⁸

249 5544 401 5612 ἔικτὶς
451 5552 731 5622 Δαμὸάνει
783 5554 912 5627 γὰρ,
967 5557 1055 5611 ὅτε
1109 5559 1330 5630 γέγονεν
1383 5562 1686 5634 ἄνθρωπος,
1717 5563 1807 5617 ὅτε

1978 4188 2147 4244 Pater
2195 4185 2376 4256 diligit
2420 4181 2646 4250 Filium,
2693 4189 2746 4236 et
2791 4179 2973 4235 omnia
3016 4175 3163 4232 dedit
3208 4175 3265 4230 in
3323 4189 3487 4228 manu

1901 4283 2039 4354 ejus.

1908 4402 1914 4407 -
1972 4371 2054 4428 Ne
2110 4381 2403 4426 contumax
2451 4367 2525 4423 sit
2581 4365 2928 4429 incredulus,
2982 4360 3186 4433 inquit,
3242 4358 3488 4415 universi

1903 4465 2187 4523 dominum
2218 4460 2499 4517 hominem
2537 4458 2768 4525 videns,
2800 4471 2978 4526 neque
3019 4453 3124 4511 sibi
3160 4450 3491 4523 persuadeat

1905 4557 2132 4616 mentiri
2155 4555 2466 4619 veritatem,
2489 4552 2688 4608 nolens
2712 4550 2764 4607 ei
2799 4559 2860 4605 ut
2884 4549 2993 4604 Deo
3018 4545 3242 4602 credere
3265 4551 3491 4614 prOpter

1905 4662 2155 4707 carnem.
2215 4647 2470 4717 Accipiat
2518 4645 2643 4716 ejns
2704 4640 3124 4707 testimonium,
3177 4643 3232 4694 et
3278 4635 3489 4692 lubenti

1907 4741 2092 4797 animo
2136 4738 2393 4811 obsignet
2431 4736 2600 4793 Deum
2658 4750 2785 4792 esse
2839 4746 3114 4795 veracem,
3161 4746 3231 4785 ne
3269 4728 3487 4781 Patrem

1907 4833 2148 4890 offendat
2202 4834 2296 4904 qui
2352 4832 2408 4887 in
2463 4830 2622 4888 cmlis
2690 4836 2798 4885 est.
2852 4825 3040 4896 Diligit
3097 4823 3242 4879 enim
3286 4819 3489 4874 Filium

1908 4942 2089 4983 suum.
2150 4925 2323 4997 Cujus
2372 4922 2689 4980 dilectionis
2744 4926 3125 4992 argumentum
3187 4924 3291 4976 est,
3343 4908 3489 4980 quod

1909 5030 2091 5070 rerum
2120 5016 2368 5071 omnium
2403 5023 2652 5086 potestas
2685 5011 2733 5066 ci
2767 5014 2892 5066 data
2921 5004 3043 5074 est';
3077 5003 3223 5077 quod
3267 5000 3486 5074 quidem

1914 5105 2170 5161 Salvator
2204 5107 2319 5177 ipse
2344 5106 2603 5161 dicebat:
2646 5122 2665 5155 ι
2709 5102 2907 5158 Omnia
2942 5100 3075 5155 mihi
3123 5095 3327 5152 tradita
3361 5100 3490 5150 sunt

1911 5213 1942 5253 a
1971 5196 2133 5251 Patre
2167 5210 2289 5251 meo
2305 5196 2374 5250 ⁸⁷.
2414 5215 2434 5246 ι
2494 5194 2625 5250 Item
2661 5212 2674 5249 :
2710 5198 2721 5202 ”
2752 5213 2772 5246 ι
2816 5193 2950 5248 Data
3008 5198 3097 5247 est
3137 5188 3275 5245 mihi
3306 5187 3489 5244 omnis

1909 5297 2161 5362 potestas
2186 5328 2202 5354 ,
2232 5288 2289 5343 in
2321 5288 2462 5343 coelo
2503 5293 2557 5341 ct
2588 5286 2643 5339 in
2679 5293 2826 5340 terra
2851 5284 2918 5337 ⁵⁸.
2974 5302 2994 5335 ι
3033 5282 3222 5353 Neque
3255 5293 3389 5335 vero
3422 5295 3489 5335 ex

1908 5399 1976 5441 eo
2009 5381 2157 5454 quod
2207 5382 2457 5453 accipere
2493 5380 2669 5436 Filius
2715 5378 2954 5445 videtur,
3001 5376 3126 5448 jure
3174 5374 3384 5430 idcirco
3433 5379 3491 5427 ut

1909 5472 2182 5529 minorem
2239 5471 2389 5525 illum
2423 5486 2643 5542 arguas.
2664 5468 2810 5537 Quid
2867 5468 2980 5524 ita?
3028 5465 3260 5536 Accepit
3314 5463 3485 5528 enim,

1914 5580 2041 5620 cum
2095 5563 2276 5621 factus
2307 5570 2393 5621 est
2436 5563 2622 5631 homo,
2666 5576 2793 5618 cum
2831 5561 3070 5633 seipsum
3110 5566 3336 5633 propter
3393 5568 3493 5612 nos

298 5742 338 5771 ”
372 5742 512 5799 Psal.
553 5761 727 5810 xxxii,
760 5748 810 5801 2.
890 5749 934 5780 ⁹⁶
968 5749 1122 5807 Prov.
1168 5767 1291 5818 xxv,
1323 5752 1375 5806 2.
1457 5754 1498 5785 ⁵⁷
1537 5752 1734 5808 Matth.
1770 5769 1812 5807 κ]

1918 5751 1965 5806 7.
2048 5752 2094 5785 ⁵⁸³
2132 5750 2321 5806 Matth.
2360 5764 2552 5817 xxvm,
2587 5748 2673 5804 18.
