4038 6210
521 346 627 405 285

1508 335 1568 393 S.
1605 333 1884 392 CYRILLI
1918 331 2390 390 ALEXANDRINI
2429 329 2747 388 ABCHIEP.

3663 322 3770 387 εει

523 455 844 523 exinanirit,
867 469 992 512 cum
1019 467 1214 511 servus
1236 460 1462 508 vocatus
1484 461 1570 509 est
1583 451 1653 517 ⁸⁸,
1673 450 1769 521 qui
1792 449 2090 505 Dominus:

2201 449 2590 511 τεταπείνωκεν
2622 446 2810 501 ἑαυτὸν
2841 445 2906 499 δι’
2933 445 3103 516 ἡμᾶς,
3132 443 3221 497 ὅτε
3247 441 3428 508 δοῦλος
3472 443 3770 516 ἐχρημάτι-

523 566 651 605 cum
705 550 850 604 inter
912 548 1150 603 famulos
1186 547 1466 615 ascriptus
1513 550 1635 607 est,
1669 542 1765 613 qui
1821 541 1958 596 liber
2010 549 2095 596 est

525 640 720 695 Filius.
754 639 995 709 Alioqui,
1024 636 1304 708 quomodo
1336 635 1649 690 humiliavit
1689 634 1954 703 seipsum,
2002 639 2096 686 aut

524 732 800 801 quomodo
829 747 894 788 ex
929 731 1246 802 aequalitate
1277 743 1404 786 cum
1449 726 1564 782 Deo
1591 734 1646 782 et
1678 725 1843 782 Patre
1869 726 2097 781 descen-

524 823 672 878 disse
746 823 988 878 dicitur?
1038 823 1236 877 Annon
1287 820 1435 877 enim
1484 819 1638 874 vides
1693 819 1750 872 in
1807 818 1895 874 his
1951 819 2097 872 hunc

524 915 746 984 quidem
775 914 883 969 dici
915 913 1135 970 tradere
1163 912 1324 968 modo
1369 911 1484 966 Deo
1527 909 1895 976 convenienti,
1945 908 2098 962 illum

526 1013 707 1059 autem
743 1004 985 1060 hominis
1018 1019 1082 1060 ac
1115 1005 1262 1059 servi
1295 1003 1510 1058 ratione
1541 1000 1796 1071 accipere
1821 1016 1946 1071 qua:
1991 1000 2094 1055 ha-

525 1093 688 1148 bebat
728 1101 787 1146 ut
819 1093 962 1149 Deus
983 1092 1142 1147 ?Non
1173 1099 1259 1147 est
1283 1099 1470 1147 autem
1493 1094 1713 1162 proprie
1739 1093 1966 1148 donatio
2005 1093 2098 1147 illa

524 1201 648 1254 quise
673 1183 814 1238 Filio
841 1185 1056 1239 initium
1103 1183 1425 1238 dominandi
1481 1183 1649 1238 rebus
1711 1183 1968 1238 omnibus
2000 1182 2101 1236 tri.

525 1279 676 1339 huat,
709 1275 805 1332 sed
862 1276 1110 1345 repetitio
1141 1276 1320 1344 potius
1377 1288 1442 1328 ac
1490 1274 1732 1329 reversio
1765 1275 1929 1327 etiam
1974 1289 2098 1328 cum

525 1384 694 1423 carne
723 1369 790 1421 ad
825 1375 1152 1436 potestatem
1187 1378 1295 1434 qna
1347 1362 1608 1433 praeditus
1645 1371 1767 1417 erat
1811 1370 1938 1417 ante
1978 1375 2100 1416 car—

527 1476 671 1514 nem.
700 1458 822 1512 Non
859 1457 1002 1512 enim
1043 1472 1166 1510 cum
1203 1455 1384 1508 factus
1412 1461 1496 1508 est
1527 1453 1713 1515 homo,
1764 1458 1894 1505 tunc
1948 1465 2102 1505 crea-

527 1559 665 1604 tura:
726 1549 1018 1618 imperium
1060 1546 1218 1614 172
1255 1545 1516 1614 capessit.
1561 1545 1833 1608 Quantam
1889 1544 1943 1596 in
2001 1542 2099 1597 de-

527 1641 870 1710 pressionem
893 1639 1040 1693 enim
1067 1635 1424 1691 descendisse
1448 1635 1685 1696 dicetur,
1712 1634 1757 1689 si
1780 1648 1901 1687 cum
1924 1631 2102 1687 factus

528 1737 613 1784 est
639 1731 818 1792 homo,
853 1736 984 1782 tunc
1011 1727 1177 1796 cmpit
1203 1741 1327 1780 esse
1354 1724 1654 1780 Dominus?
1693 1725 1800 1778 Ant
1825 1721 2103 1792 quomodo

2200 560 2292 596 σεν
2320 543 2349 594 ό
2378 542 2672 612 Δεσπότης,
2701 541 2795 594 ὅτε.
2839 538 3059 608 γέγονεν
3100 537 3159 591 ὲν
3196 536 3434 602 οίκέταις
3484 540 3514 590 ὁ
3559 537 3772 591 ἐλεύθε-

2202 652 2291 706 ρος
2323 633 2483 697 Υίόςο
2517 632 2638 686 ἐπεὶ
2661 631 2801 685 κατά
2825 629 2948 683 τίνα
2987 628 3190 700 τρόπον
3222 627 3620 682 τεταπείνωκεν
3645 630 3770 682 ἑαυ-

2197 727 2309 790 τὸν,
2341 725 2374 796 ἢ
2410 723 2526 786 πῶς
2559 721 2618 787 ἐξ
2647 721 2892 792 ἰσότητος
2921 719 3022 790 τῆς
3055 719 3192 790 πρὸς
3229 718 3323 772 τὸν
3366 718 3500 772 Θεὸν
3542 719 3638 772 καὶ
3663 721 3774 772 [Ia-

2197 817 2332 886 τέρα
2371 812 2805 882 καταϐεϐηκέναι
2847 809 3101 878 λέγεται;
3144 807 3217 860 Ἦ
3250 807 3356 879 γάρ
3401 806 3499 878 οὐχ
3548 807 3682 878 ὁρᾷς
3716 811 3772 862 ὲν

2197 909 2429 978 τούτοις,
2445 907 2536 962 τὸν
2553 907 2652 979 μὲν
2665 905 2873 960 διδόντα
2886 902 3226 973 θεοπρεπῶς,
3243 902 3334 956 τὸν
3347 899 3401 954 δὲ
3418 901 3772 972 ἀνθρωπίνως

2197 1017 2257 1056 τε
2279 1001 2375 1057 καὶ
2392 998 2676 1062 οίκετικῶς
2701 995 3000 1068 λαμϐάνειν
3023 994 3333 1063 λεγόμενον,
3365 991 3508 1062 άπερ
3529 987 3672 1062 εἶχεν
3699 993 3775 1054 ὡς

2199 1092 2362 1157 Θεός;
2384 1091 2457 1144 Οὐ
2476 1089 2621 1152 δόσις
2637 1087 2695 1142 δὲ
2723 1086 2926 1158 κυρίως
2947 1085 3096 1137 ἐστὶν
3116 1085 3148 1153 ἠ
3171 1081 3322 1152 παρὰ
3349 1081 3558 1152 [ἰατρὸς
3576 1084 3659 1144 είς
3677 1083 3777 1151 ἀρ-

2199 1186 2300 1256 χὴν
2317 1184 2526 1237 τιθεῖσα
2542 1183 2640 1252 τῆς
2653 1181 2794 1234 κατά
2811 1179 3026 1233 πάντων
3043 1176 3365 1247 κυριότητος
3376 1175 3468 1228 τὸν
3488 1175 3616 1228 Υίόν
3635 1190 3649 1205 ·
3681 1176 3777 1228 ὲπ-

2201 1275 2478 1346 αναδρομὴ
2518 1272 2576 1326 δὲ
2607 1271 2825 1343 μᾶλλον,
2850 1269 2946 1324 καὶ
2973 1267 3330 1338 ἐπανάληψις,
3359 1267 3454 1320 καὶ
3478 1266 3618 1337 μετά
3646 1282 3777 1334 σαρ-

2199 1368 2295 1431 κὸς
2325 1369 2406 1430 είς
2433 1366 2532 1437 τὴν
2556 1365 2662 1436 πρὸ
2689 1364 2888 1432 σαρκὸς
2912 1361 3155 1429 ἐξουσίαν
3172 1377 3187 1393 ο
3219 1361 3278 1414 οὐ
3311 1360 3418 1431 γὰρ
3439 1361 3528 1413 ὅτε
3554 1358 3776 1428 γέγονεν

2200 1456 2504 1528 ἄνθρωπος,
2535 1457 2654 1510 τότε
2686 1456 2786 1525 τῆς
2818 1454 3047 1516 κτίσεως
3085 1453 3310 1525 ἄρχεται
3334 1451 3578 1520 κρατεῖν.
3622 1451 3774 1505 Ἐπεὶ

2200 1551 2336 1620 πρὸς
2360 1550 2518 1602 ποίαν
2537 1549 2651 1620 ὲρεῖ
2674 1565 2756 1611 τις
2785 1545 2946 1600 αὑτὸν
2971 1543 3403 1614 καταϐεϐηκέναι
3424 1541 3771 1606 ταπείνωσιν,

2201 1643 2360 1711 εἴπερ
2411 1641 2500 1694 ὅτε
2547 1640 2768 1708 γέγονεν
2817 1637 3120 1708 ἄνθρωπος,
3179 1636 3300 1689 τότε
3351 1633 3446 1688 τοῦ
3502 1635 3775 1705 κυριεύειν

2202 1735 2467 1804 ἄρχεται;
2499 1733 2569 1784 Ἦ
2603 1731 2721 1796 πῶς
2763 1732 2820 1783 ὲν
2843 1733 2910 1801 τῇ
2949 1728 3042 1784 τοῦ
3071 1729 3258 1783 δούλου
3289 1730 3535 1799 φανεῖται
3570 1730 3773 1799 μορφῇ,

529 1821 584 1874 in
620 1819 761 1874 servi
795 1819 968 1874 lorma
1008 1819 1311 1888 apparebit,
1346 1818 1439 1887 qui
1481 1826 1611 1872 tunc
1644 1826 1796 1872 certe
1850 1817 2096 1872 omnium

2201 1791 2325 1876 τότε
2372 1791 2464 1892 δὴ-
2483 1822 2575 1874 καὶ
2614 1791 2767 1891 μόλις
2815 1791 3068 1873 ἁπάντων
3111 1791 3552 1888 ἀναδεδειγμένος
3570 1791 3780 1870 ’Δέσᾶέε

531 1909 713 1965 factus
742 1919 826 1966 est
855 1910 1167 1965 Dominus?
1204 1908 1400 1964 Procul
1433 1908 1505 1963 sit
1537 1909 1646 1964 ista
1692 1909 1964 1962 rationum
1999 1908 2098 1962 ab-

531 1999 809 2066 surditas;
863 1999 959 2055 sed
991 2014 1120 2054 cum
1176 1998 1356 2053 factus
1402 2005 1487 2054 est
1534 1999 1719 2063 homo,
1762 2007 1896 2052 tunc
1926 1997 2097 2052 etiam

530 2090 637 2145 hoc
666 2099 829 2160 pacto
857 2089 1128 2145 dominari
1158 2090 1345 2160 coepit,
1376 2090 1451 2143 ita
1485 2100 1666 2144 tamen
1691 2098 1749 2144 ut
1781 2088 2096 2158 dignitatem

529 2182 774 2254 divinam
801 2189 1024 2251 propter
1054 2195 1273 2236 carnem
1307 2196 1414 2236 non
1447 2180 1717 2241 amiserit.
1753 2180 1849 2234 sed
1878 2194 2097 2234 rursum

531 2272 599 2326 ad
631 2272 685 2326 id
713 2273 859 2343 quod
883 2280 1004 2328 erat
1045 2273 1226 2337 initio,
1254 2287 1378 2326 cum
1398 2286 1566 2326 carne
1593 2286 1815 2341 quoque
1853 2269 2096 2324 redierit.

531 2364 686 2430 Quod
723 2375 903 2420 autem
944 2365 1190 2434 priorum
1219 2363 1331 2418 sint
1365 2364 1620 2433 repetitio
1650 2379 1771 2432 quae
1792 2362 1860 2418 de
1880 2363 2100 2418 Christe

530 2456 802 2519 feruntur,
831 2456 1024 2525 probat
1059 2457 1176 2526 ipse
1213 2455 1446 2512 dicens:
1482 2475 1500 2507 ι
1531 2455 1712 2520 Pater,
1739 2454 1980 2510 clariﬁca
2012 2470 2098 2510 me

531 2547 625 2601 illa
687 2548 935 2602 claritate
1003 2563 1168 2616 quam
1239 2547 1403 2602 habui
1471 2548 1794 2617 priusquam
1862 2546 2101 2602 mundus

530 2645 677 2692 esset
709 2637 850 2707 apud
911 2645 962 2692 te
981 2636 1048 2690 ⁸ο.
1088 2655 1106 2688 ι
1176 2635 1341 2692 Vides
1381 2653 1493 2706 quo
1525 2644 1688 2707 pacto
1737 2651 1846 2691 non
1886 2635 2100 2693 initium

529 2730 740 2798 gloriae,
769 2731 862 2784 sed
902 2730 1315 2784 renovationem
1339 2729 1460 2797 ejus
1483 2730 1630 2797 quod
1655 2728 1810 2799 prius
1842 2727 2101 2793 habebat,

417 2876 428 2886 κ
530 2822 792 2890 postulet,
829 2821 992 2891 idque
1032 2821 1204 2884 dicat,
1242 2829 1301 2875 ut
1335 2821 1534 2876 homo?
1579 2818 1874 2884 Prmterea,
1918 2819 2103 2874 omnia

532 2911 658 2966 data
699 2927 823 2967 esse
854 2912 1248 2966 incarnationis
1279 2926 1450 2967 causa
1469 2908 1628 2976 Filio,
1661 2908 1911 2966 studioso
1938 2910 2101 2964 undi-

531 3017 644 3070 que
677 3003 931 3071 colligere
955 3011 1010 3060 et
1045 3004 1352 3073 intelligere
1372 3003 1594 3073 quidem
1626 3002 1834 3067 licebit,
1869 3003 2104 3060 maxime

2195 1927 2331 1984 της;
2369 1911 2583 1979 Ἀπαγε
2615 1909 2714 1980 τῆς
2739 1911 2797 1962 ὲν
2827 1909 3036 1970 τούτοις
3067 1907 3294 1972 ἀτοπίας
3328 1907 3438 1961 τῶν
3463 1905 3774 1977 λογισμῶνι

2198 2003 2310 2058 ἀλλ’
2338 2001 2566 2073 ἐπείπερ
2600 1999 2883 2070 ἄνθρωπος
2927 1998 3138 2066 γέγονε,
3171 1999 3292 2052 τότε
3343 1999 3438 2051 καὶ
3475 1998 3648 2061 οὕτως
3679 1998 3779 2069 ἄρ-

2197 2111 2352 2167 χεται
2379 2091 2622 2165 κρατεῖν,
2645 2092 2745 2145 οὐκ
2782 2088 3070 2144 ἀποϐαλὼν
3110 2090 3173 2143 τὸ
3217 2089 3519 2160 θεοπρεπὲς
3561 2087 3781 2157 ἀξίωμα

2196 2185 2286 2240 διά
2307 2185 2409 2256 τὴν
2429 2185 2628 2254 σάρκα,
2651 2179 2957 2235 ἀναϐαίνων
2974 2179 3032 2234 δὲ
3061 2175 3239 2242 αὖθις,
3274 2179 3366 2232 καὶ
3394 2177 3531 2249 μετά
3554 2177 3777 2248 σαρκὸς,

2199 2273 2284 2344 ἐφ’
2311 2272 2448 2343 ὅπερ
2473 2267 2542 2342 ἦν
2582 2270 2639 2337 ἐξ
2674 2269 2865 2340 ἀρχῆς.
2905 2269 3028 2322 Ὅτι
3056 2268 3113 2322 δὲ
3141 2268 3247 2322 τῶν
3275 2267 3647 2340 ἀρχαιοτέρων
3679 2268 3783 2319 ὲπ-

2200 2361 2466 2431 ανάληψις
2491 2356 2560 2431 ἦν
2588 2360 2657 2414 τά
2684 2359 2778 2414 ἐπὶ
2808 2358 3044 2429 Χριστοῦ
3078 2357 3471 2428 θρυλλούμενα,
3506 2358 3784 2428 πληροφο-

2202 2457 2357 2526 ρήσει
2386 2453 2560 2521 λέγων
2588 2452 2753 2515 αὐτός
2777 2466 2792 2482 ·
2826 2469 2845 2502 ι
2887 2451 3069 2521 Πάτερ
3113 2448 3333 2514 δόξασόν
3373 2467 3440 2520 με
3467 2451 3534 2520 τῇ
3562 2449 3710 2522 δόξῃν

2201 2541 2348 2615 εἶχον
2388 2544 2494 2612 πρὸ
2519 2543 2615 2598 τοῦ
2663 2543 2758 2597 τὸν
2792 2544 2993 2616 κόσμον
3043 2541 3182 2598 εἶναι
3225 2543 3376 2616 παρὰ
3409 2545 3510 2598 σοί.
3558 2563 3578 2596 ι
3621 2544 3788 2613 Ὁρᾷς

2203 2639 2370 2701 ὅπως,
2405 2637 2466 2690 ού
2501 2636 2660 2707 δόξης
2702 2636 2894 2706 ἀρχὴν,
2931 2637 3046 2690 ἀλλ’
3075 2639 3442 2691 ὲπανανέωσιν
3465 2637 3564 2705 τὴν
3605 2635 3686 2698 είς
3720 2635 3789 2687 τὸ

2201 2731 2426 2798 ἀρχαῖον
2464 2729 2623 2792 αἰτεῖ,
2656 2728 2750 2782 καὶ
2793 2728 2951 2782 τοῦτο
2992 2730 3166 2799 λέγων
3200 2730 3624 2800 ὡς’ἀνθρωπος;
3657 2728 3786 2781 Ὅτι

2203 2819 2259 2872 δὲ
2287 2819 2451 2872 πάλιν
2488 2817 2578 2872 διὰ
2612 2819 2713 2889 τὴν
2754 2819 2852 2887 τῆς
2884 2819 3302 2893 ἀνθρωπότητος
3330 2821 3511 2875 αἰτίαν
3540 2819 3786 2874 δεδόσθαι

2204 2913 2425 2982 λέγεται
2446 2913 2517 2969 τὰ
2541 2915 2719 2968 πάντα
2749 2915 2825 2987 τῷ
2854 2914 2990 2985 Υίῷ,
3015 2914 3348 2986 πανταχόθεν
3380 2914 3482 2985 μὲν
3504 2916 3534 2967 ὁ
3561 2913 3788 2984 φιλομα-

2206 2999 2303 3072 θὴς
2354 3002 2716 3072 ὲπισωρεύσει
2763 3003 2972 3073 σοφῶς,
3030 3004 3125 3057 καὶ
3185 3003 3424 3057 συνιέναι
3467 3003 3785 3071 δυνήσεται,

535 3102 716 3146 tamen
735 3108 800 3148 ex
822 3093 913 3148 illa
932 3093 1177 3150 horribili
1201 3093 1413 3150 visione
1432 3092 1670 3148 Danielis
1689 3093 1841 3161 “,in
1861 3108 1969 3163 qua
1985 3093 2102 3148 An-

2210 3092 2442 3162 μάλιστα
2480 3093 2537 3147 δὲ
2581 3094 2647 3148 δι’
2678 3095 2894 3166 ὲκείνης
2920 3093 3020 3164 τῆς
3057 3093 3152 3146 τοῦ
3197 3091 3394 3166 Δανιὴλ
3422 3092 3791 3165 φρικωδεστά·

535 3183 750 3253 tiqnum
767 3184 981 3240 dierum
1004 3185 1224 3256 quidem
1244 3193 1523 3255 spectasse
1539 3183 1616 3237 ait
1639 3183 1918 3239 sedentem
1937 3198 2104 3253 super

534 3275 754 3343 throno,
778 3287 832 3332 et
849 3279 995 3334 mille
1009 3278 1200 3345 millia,
1220 3292 1283 3332 ac
1301 3277 1438 3332 dena
1457 3276 1626 3331 millia
1643 3276 1846 3332 denum
1864 3275 2095 3330 millium

533 3366 735 3435 partim
761 3367 811 3422 ei
845 3368 1183 3434 ministrare,
1222 3368 1424 3439 partim
1467 3377 1651 3423 astare
1692 3368 1908 3424 asserit.
1940 3367 2102 3424 Addit

536 3465 718 3510 autem
750 3475 765 3512 :
811 3476 831 3509 ι
865 3460 926 3512 Et
955 3475 1082 3515 ecce
1109 3475 1234 3515 cum
1291 3459 1532 3516 nubibus
1566 3459 1687 3514 coeli
1741 3461 1899 3530 quasi
1933 3457 2104 3516 Filius

536 3545 777 3602 hominis
814 3548 1074 3604 veniens:
1106 3558 1160 3603 et
1216 3565 1392 3620 usque
1446 3551 1516 3604 ad
1547 3549 1850 3619 Antiquum
1887 3549 2103 3605 dierum

535 3636 805 3704 pervenit,
851 3648 907 3693 et
935 3639 990 3692 in
1021 3647 1323 3709 conspectu
1353 3640 1476 3709 ejus
1504 3640 1820 3695 obtulerunt
1853 3656 2003 3696 eum.
2041 3643 2105 3698 Et

535 3726 698 3783 datus
725 3737 811 3785 est
837 3729 942 3800 ipsi
972 3731 1340 3802 principatus,
1365 3741 1421 3787 et
1443 3732 1640 3797 honor,
1669 3740 1723 3786 et
1750 3748 1977 3802 regnum
2003 3751 2018 3785 :
2050 3741 2106 3789 et

534 3835 727 3902 omnes
767 3823 974 3894 populi,
1017 3825 1197 3889 tribus
1241 3833 1295 3880 et
1337 3825 1538 3895 linguae
1580 3823 1682 3894 ipsi
1719 3825 1959 3879 servient
1980 3824 2046 3877 θ’.
2080 3843 2098 3875 ι

537 3909 703 3968 Vides
734 3915 1009 3984 quomodo
1041 3914 1130 3969 hic
1165 3921 1339 3970 totum
1361 3916 1520 3970 nobis
1559 3923 1818 3970 accurate
1843 3913 2105 3970 incarna-

535 4003 705 4060 tionis
725 4007 1048 4077 mysterium
1073 4008 1344 4075 delineet;
1367 4008 1520 4064 vides
1550 4023 1658 4078 quo
1691 4017 1852 4079 pacto
1875 4021 2102 4076 regnum

535 4091 757 4148 aPatre
808 4096 1121 4164 suscepisse
1175 4097 1391 4150 dicatur
1425 4096 1624 4153 Filius.
1654 4097 1773 4150 Non
1826 4106 1910 4152 est
1961 4097 2105 4150 nuda

537 4190 814 4254 propheta;
842 4188 1041 4253 oratio,
1091 4187 1186 4244 sed
1219 4207 1239 4241 ι
1295 4188 1452 4256 quasi
1487 4188 1662 4243 Filius
1727 4187 1968 4243 hominis
2003 4203 2105 4259 ap-

535 4291 757 4344 parens,
791 4297 809 4328 ι
851 4279 1054 4349 inquit.
1094 4299 1112 4330 ι
1153 4279 1475 4339 Humiliavit
1519 4278 1666 4334 enim
1696 4279 1958 4348 seipsum,
1984 4297 2002 4330 ι
2046 4287 2106 4334 ιιι

538 4366 806 4434 scriptum
855 4377 961 4432 est,
1009 4387 1028 4421 ι
1069 4369 1258 4425 habitu
1319 4378 1546 4441 propter
1604 4385 1706 4425 nos
1740 4369 1996 4425 inventus
2043 4377 2105 4424 ut

2203 3200 2305 3253 της
2349 3184 2634 3249 ὀπτασίας,
2662 3187 2721 3239 ἐν
2855 3186 2945 3240 τὸν
2994 3185 3093 3256 μὲν
3120 3185 3350 3239 Παλαιὸν
3388 3185 3498 3239 τῶν
3546 3186 3780 3256 ἡμερῶν

2203 3275 2492 3330 τεθεᾶσθαι
2521 3293 2686 3347 φησιν
2718 3277 3003 3348 ἱδρυμένον
3028 3278 3122 3332 ἐπὶ
3152 3277 3246 3331 τοῦ
3285 3278 3496 3350 θρόνου,
3518 3278 3694 3348 χιλίας
3725 3279 3791 3332 δὲ

2203 3366 2469 3436 χιλιάδας,
2495 3369 2589 3421 καὶ
2620 3369 2822 3439 μυρίας
2847 3369 3134 3441 μυριάδας,
3165 3369 3265 3433 τὰς
3298 3371 3396 3441 μὲν
3431 3370 3788 3440 λειτουργεῖν,

2203 3457 2302 3522 τάς
2330 3458 2387 3512 δὲ
2417 3461 2753 3530 παρεστᾶναι
2783 3460 3195 3532 διισχυρίζεται.
3237 3462 3554 3532 Προσετίθει
3585 3463 3644 3516 δὲ
3667 3462 3793 3516 τού-

2204 3567 2317 3612 τοις
2343 3550 2425 3614 τὸ,
2455 3569 2476 3603 ι
2514 3550 2626 3604 Καὶ
2669 3551 2778 3605 ίδοίι
2818 3551 2958 3622 μετά
2989 3552 3097 3606 τῶν
3143 3552 3384 3622 νεφελῶν
3413 3553 3508 3606 τοῦ
3531 3553 3790 3625 οὐρανοῦ,

2205 3639 2282 3703 ὡς
2309 3640 2438 3703 Υίὸς
2469 3639 2755 3712 ἀνθρώπου
2799 3641 3092 3712 ἐρχόμενος
3136 3638 3226 3713 ἦν,
3277 3645 3370 3697 καὶ
3419 3643 3523 3707 ἕως
3557 3644 3652 3696 τοῦ
3681 3645 3796 3698 Πα-

2204 3732 2358 3788 λαιοῦ
2384 3731 2491 3785 τῶν
2512 3732 2737 3803 ἡμερῶν
2765 3732 3024 3801 ἔφθασεν,
3043 3733 3137 3786 καὶ
3178 3732 3407 3787 ἐνώπιον
3435 3734 3602 3787 αὐτοῦ
3627 3751 3798 3805 προσ-

2203 3823 2428 3895 ηνέχθη,
2466 3825 2559 3877 καὶ
2588 3824 2726 3896 αὐτῇ
2767 3825 2922 3897 ἐδόθη
2964 3827 2998 3895 ὴ
3039 3823 3206 3895 ἀρχὴ,
3239 3827 3334 3879 καὶ
3373 3827 3406 3897 ἡ
3449 3826 3601 3898 τιμὴ,
3631 3827 3726 3882 καὶ
3757 3830 3797 3899 ἡ

2207 3913 2477 3982 βασιλεία,
2506 3913 2603 3966 καὶ
2629 3913 2828 3976 πάντες
2860 3914 2911 3966 οἱ
2959 3915 3099 3977 λαοὶ,
3134 3913 3319 3982 φυλαὶ,
3347 3915 3591 3982 γλῶσσαι
3637 3916 3800 3988 αὐτῷ

2205 4003 2592 4058 δουλεύσουσιν.
2638 4023 2657 4056 ι
2701 4005 2863 4075 Ὁρᾷς
2921 4004 3040 4068 πῶς
3089 4006 3147 4059 ὲν
3199 4004 3431 4070 τούτοις,
3486 4006 3608 4060 ὅλον
3658 4009 3802 4077 ἡμῖν

2205 4094 2447 4166 ἀκριϐῶς
2481 4095 2894 4166 καταγράφεται
2937 4097 3036 4166 τῆς
3085 4095 3550 4167 ὲνανθρωπήσεως
3580 4096 3640 4150 τὸ
3687 4114 3802 4165 μυ-

2207 4187 2456 4258 στήριον⁶
2485 4187 2616 4256 ὁρᾷς
2638 4187 2784 4249 ὅπως
2809 4185 3109 4258 λαμϐάνειν
3147 4187 3364 4256 λέγεται
3384 4187 3486 4256 τὴν
3510 4186 3800 4256 βασιλείαν

2207 4277 2356 4348 παρά
2389 4277 2601 4348 Πατρὸς
2637 4278 2666 4329 ὁ
2693 4276 2822 4340 Υίός
2843 4291 2858 4308 ο
2893 4277 2954 4330 οὐ
2984 4277 3192 4347 γυμνὸς
3216 4276 3296 4348 τῷ
3327 4278 3578 4349 προφήτῃ
3610 4278 3797 4347 λόγος,

2206 4367 2320 4422 ἀλλ’
2363 4369 2441 4432 ὡς
2473 4369 2601 4431 Υίὸς
2641 4365 2927 4439 ἀνθρώπου
2964 4369 3317 4440 φαινόμενος*
3375 4385 3396 4421 ι
3430 4370 3804 4424 Ἐταπείνωσε

537 4455 703 4510 1ιοιιιο
725 4457 790 4522 ⁸³,
828 4476 846 4509 ι
885 4466 944 4511 ιιι
973 4460 1186 4528 primus
1209 4477 1430 4530 quoque
1468 4461 1535 4515 ad
1582 4477 1813 4533 regnum
1847 4476 2104 4518 reversus

2209 4457 2323 4530 γὰρ
2355 4458 2597 4523 ὲαυτὸν,ι
2626 4457 2766 4512 καθά
2787 4458 3120 4532 γέγραπται,
3143 4460 3413 4530 «σχήματι
3433 4459 3500 4512 δι’
3524 4461 3669 4530 ἡμᾶς
3698 4461 3808 4513 εὑ·-

539 4545 758 4601 initium
789 4547 952 4605 nobis
997 4559 1052 4604 et
1079 4551 1165 4605 via
1214 4553 1405 4621 gloriae
1441 4551 1642 4620 regalis
1676 4553 1993 4608 exsisteret.
2043 4552 2104 4606 Et

2215 4551 2392 4625 ρεθεὶς
2417 4551 2492 4614 ὡς
2521 4552 2803 4622 ἄνθρωπος
2827 4567 2840 4581 ·
2866 4569 2886 4603 ι
2925 4551 3010 4604 ἵνα
3037 4551 3132 4604 καὶ⁹
3161 4552 3376 4622 πρῶτος
3406 4551 3486 4615 είς
3518 4551 3814 4622 βασιλείαν

539 4634 998 4704 quemadmodum
1042 4637 1152 4691 vita
1181 4653 1305 4692 cum
1359 4640 1431 4694 sit
1481 4639 1780 4693 secundum
1833 4648 2104 4706 naturam,

2212 4641 2541 4711 ἀνενεχθεὶς,
2574 4641 2714 4711 ἁρχὴ
2752 4641 2914 4696 πάλιν
2942 4642 3073 4712 ἡμῖν
3096 4641 3191 4696 καὶ
3233 4641 3352 4706 ὁδὸς
3395 4644 3494 4712 τῆς
3535 4644 3616 4706 είς
3645 4642 3815 4711 βασι-

538 4727 822 4782 descendit
846 4739 1070 4797 pr0pter
1098 4745 1202 4786 nos
1241 4731 1310 4786 ad
1336 4739 1569 4785 mortem
1595 4733 1781 4787 carnis
1802 4747 1902 4801 pro
1932 4732 2104 4787 omni-

2212 4730 2361 4784 λείαν
2406 4730 2563 4800 δόξης
2608 4731 2920 4802 άνοιδειχθῇ.
2966 4733 3076 4786 Καὶ
3124 4731 3314 4803 ὥσπερ
3357 4733 3616 4803 ὑπάρχων
3655 4736 3818 4790 κατὰ

537 4817 666 4883 bus,
728 4826 787 4872 ut
832 4832 935 4874 nos
996 4834 1026 4873 ιι
1077 4827 1254 4876 morte
1308 4827 1364 4876 et
1405 4821 1762 4890 corruptione
1823 4822 2104 4889 eximeret,

2215 4819 2376 4889 φύσιν
2406 4819 2544 4890 ζωὴ,
2567 4820 2912 4891 καταϐέϐηκε
2935 4821 3001 4875 δι’
3023 4823 3171 4892 ἡμᾶς
3193 4825 3272 4885 είς
3294 4821 3386 4875 τὸν
3410 4824 3550 4893 ὑπὲρ
3576 4824 3820 4878 πάντων

539 4916 762 4981 propter
793 4909 1211 4967 similitudinem
1242 4929 1406 4982 quam
1444 4912 1607 4968 habet
1635 4913 1924 4969 nobiscum
1951 4915 2104 4972 nobis

2215 4910 2357 4964 κατά
2385 4910 2565 4981 σάρκα
2602 4909 2851 4976 θάνατον,
2875 4910 2962 4964 ἵνα
2987 4912 3131 4982 ἡμᾶς
3173 4913 3268 4966 καὶ
3291 4912 3524 4966 θανάτου
3549 4912 3646 4966 καὶ
3665 4911 3823 4982 φθο-

540 5001 784 5070 seipsum
816 5002 1226 5071 quodammodo
1263 5005 1626 5074 permiscens,
1650 5012 1705 5060 et
1733 5005 1858 5061 vitai
1893 5014 2104 5062 aeternae

2218 5005 2316 5075 ρᾶς
2354 5001 2632 5072 ἐξέληται,
2670 5002 2758 5056 διὰ
2800 5003 2902 5073 τῆς
2957 5003 3092 5073 πρὸς
3138 5003 3286 5074 ἡμᾶς
3328 5001 3642 5073 ὁμοιώσεως
3685 4999 3820 5060 οἷον

541 5093 840 5164 participes
866 5093 1110 5151 eﬂiciens
1135 5114 1150 5152 :
1198 5097 1282 5153 sic
1315 5098 1569 5168 quamvis
1601 5098 1790 5168 gloriae
1821 5098 1892 5154 sit
1922 5097 2104 5154 Domi-

2214 5094 2480 5164 ἀναμίξας
2530 5093 2755 5158 ἑαυτὸν,
2798 5095 2894 5147 καὶ
2950 5093 3098 5163 ζωῆς
3133 5094 3234 5163 τῆς
3274 5093 3494 5148 αἰωνίου
3535 5093 3819 5164 μετόχους

543 5201 673 5248 nus.
711 5195 771 5240 ut
797 5185 962 5254 Deus,
1009 5190 1220 5246 nostris
1251 5199 1454 5245 tamen
1489 5190 1856 5248 dedecoribus
1889 5190 2104 5247 confor-

2214 5185 2702 5258 ἀπεργασάμενος·
2749 5185 2890 5239 οὕτω
2932 5186 3027 5238 καὶ
3074 5187 3194 5248 ταῖς
3232 5184 3526 5255 ἡμετέραις
3567 5185 3818 5253 ὀλιγοτι-

541 5288 739 5343 matur,
768 5286 907 5334 utet
939 5279 1008 5334 ad
1043 5283 1252 5354 regium
1288 5282 1550 5337 honorem
1588 5281 1830 5337 hominis
1859 5289 2104 5337 naturam

2221 5280 2369 5351 μίαις
2415 5277 2896 5349 συσχηματίζεται,
2922 5275 3125 5348 Κύριος
3169 5276 3268 5346 τῆς
3309 5275 3464 5346 δόξης
3512 5259 3821 5347 ὑπάρχων,

540 5368 786 5424 reducat.
832 5369 1051 5428 Primus
1081 5374 1226 5432 enim
1261 5372 1446 5429 factus
1507 5380 1590 5449 est
1625 5372 1682 5426 in
1735 5373 2018 5438 omnibus,
2052 5383 2104 5429 ut

2218 5371 2292 5435 ὡς
2317 5371 2469 5438 Θεὸς,
2496 5370 2584 5423 ἵνα
2615 5369 2707 5422 καὶ
2731 5370 2811 5431 είς
2839 5366 2936 5439 τὴν
2962 5367 3208 5439 βασιλίδα
3226 5367 3390 5438 τιμὴν
3414 5368 3669 5440 ἀναγάτῃ
3699 5370 3821 5440 τὴν

543 5457 744 5515 Paulus
782 5460 860 5515 ait
885 5462 954 5528 ⁸⁸⁵,
979 5472 1034 5519 et
1060 5465 1170 5532 via,
1205 5473 1260 5519 et
1290 5464 1488 5534 janua,
1513 5473 1566 5518 et
1600 5463 1854 5534 primitia:
1883 5470 2104 5518 nostro-

2217 5462 2502 5532 ἀνθρώπου
2535 5461 2716 5532 φύσιν.
2763 5460 2955 5529 Γέγονε
2998 5459 3106 5530 γὰρ
3147 5460 3204 5511 ὲν
3237 5461 3402 5513 πᾶσιν
3432 5459 3594 5522 αὐτὸς
3643 5477 3822 5531 πρω-

544 5563 666 5604 rum
707 5553 1000 5621 bonorum,
1036 5569 1068 5608 a
1102 5563 1282 5612 morte
1324 5556 1394 5611 ad
1427 5557 1616 5621 vitam,
1656 5554 1812 5626 173
1853 5570 1885 5610 a
1915 5570 2104 5610 corru-

2221 5553 2411 5620 τεύων,
2434 5552 2508 5616 ὡς
2534 5554 2564 5606 ὁ
2583 5549 2792 5614 Παῦλος
2808 5566 2994 5622 φησιν,
3021 5550 3112 5604 καὶ
3133 5549 3271 5616 ὁδὸς,
3293 5552 3386 5603 καὶ
3401 5549 3562 5622 θύρα,
3587 5550 3682 5603 καὶ
3703 5551 3828 5604 ἀπο

620 5736 665 5768 β’
701 5733 897 5806 Philip.
942 5751 1001 5800 ιι,
1036 5739 1086 5790 7.
1165 5739 1208 5770 ⁸ο
1237 5737 1396 5795 Joan.
1431 5756 1561 5807 χιιι,
1596 5740 1647 5795 5.
1725 5740 1767 5771 ⁶¹
1810 5738 1944 5794 Dan.
1979 5755 2073 5805 vn,
2111 5737 2165 5805 9,
2201 5739 2286 5795 10.

2366 5739 2406 5770 ⁸³³
2441 5735 2603 5804 lbid.,
2639 5738 2721 5800 l5,
2762 5737 2843 5790 ll.
2922 5737 2963 5767 ⁸³
2999 5733 3194 5806 Philip.
3229 5752 3287 5801 ιι,
3317 5735 3365 5788 7.
3438 5736 3480 5766 δε
3508 5733 3820 5799 Col.l,18.
