4040 6214
310 357 420 419 285

1369 365 1437 421 IN
1470 367 1758 425 JOANNIS
1791 367 2239 424 EVANGELIUI
2287 366 2417 424 LIB.
2450 367 2513 425 ll.

3462 369 3572 426 286

310 476 460 548 αρχὴ
490 474 598 529 τῶν
618 477 716 546 τῆς
736 477 832 533 ἀνθ
841 479 1151 551 ρωπὸτητος
1169 481 1409 551 ἀγαθῶν,
1428 489 1492 538 ὲκ
1513 484 1744 539 θανάτου
1766 485 1897 556 πρὸς

2004 483 2189 554 ptione
2223 481 2292 536 ad
2322 481 2813 552 incorruptionem,
2847 481 2916 536 ab
2955 479 3330 536 imbecillitate
3363 480 3432 535 ad
3461 481 3576 535 vir-

312 567 481 637 ζωὴν,
505 569 566 620 ἐκ
584 567 789 639 φθορᾶς
811 572 892 634 εἰς
915 571 1242 642 ἀφθαρσίαν,
1262 573 1322 638 ἐξ
1339 575 1620 640 ἀσθενείας
1649 579 1727 639 είς
1745 576 1897 630 δύνα-

316 679 431 731 μιν,
455 663 518 714 ὲκ
539 663 782 726 δουλείας
804 664 886 726 είς
917 664 1208 730 υἱοθεσίαν,
1231 664 1291 729 ἐξ
1313 666 1536 734 ἀτιμίας
1567 669 1660 721 καὶ
1683 668 1898 734 ἀδοξίας

312 753 396 816 είς
420 753 586 824 τιμὴν
616 754 888 820 καὶδόξαν
918 754 1016 825 τὴν
1042 755 1346 826 βασιλικήν.
1373 758 1586 811 Οὐκοῦν
1617 759 1744 813 ὃταν
1774 759 1898 829 φαί-

311 862 473 914 νηται
513 845 806 916 λαμϐάνων
847 847 922 909 ὡς
941 847 1227 920 ἄνθρωπος
1256 852 1285 903 6
1312 850 1458 914 Υίὸς,
1486 851 1623 922 ὅπερ
1652 848 1795 922 εἶχεν
1821 852 1896 918 ὡς

311 935 478 999 Θεὸς,
534 937 1017 1008 σκανδαλιζώμεθα
1064 941 1163 1010 μὲν
1217 942 1501 1013 μηδαμῶς,
1537 943 1806 1013 ἐννοῶμεν
1841 943 1898 996 δὲ

313 1029 520 1096 μᾶλλον
547 1029 646 1098 τῆς
665 1029 732 1082 δι’
759 1031 907 1099 ἡμᾶς
955 1032 1048 1084 καὶ
1093 1032 1235 1103 ὑπὲρ
1279 1033 1436 1104 ἡμῶν
1463 1035 1775 1105 οἰκονομίας
1805 1033 1898 1089 τὸν

309 1120 536 1189 τρόπον.
567 1119 724 1175 Οὕτω
752 1123 860 1193 γὰρ
895 1124 1133 1192 άτρωτόν
1159 1143 1217 1179 τε
1246 1127 1340 1180 καὶ
1366 1127 1596 1198 ἀζήμιον
1639 1128 1730 1181 τὸν
1770 1127 1900 1182 ἐαυ-

307 1211 421 1263 τῶν
448 1213 851 1285 διατηρήσομεν
876 1215 1021 1271 νοῦν.
1327 1233 1334 1240 ’

395 1303 461 1355 '0
494 1307 796 1359 πιστεύων
828 1309 918 1373 εις
958 1309 1066 1361 τὸν
1123 1309 1276 1376 Υίὸν,
1305 1311 1429 1379 ἔχει
1455 1308 1609 1378 ᾅυὴν
1634 1309 1894 1366 αἰώνιον.

383 1395 501 1463 Οὐχ
529 1395 734 1459 ἁπλῶς,
765 1397 888 1450 οὐδὲ
941 1397 1229 1469 άξητήτως
1275 1403 1389 1463 τοῖς
1435 1399 1781 1454 πιστεύουσιν
1819 1401 1898 1463 εἰς

309 1487 552 1554 Χριστὸν
610 1487 754 1557 ζωὴν
803 1489 1127 1558 προκεῖσθαι
1177 1489 1240 1542 τὸ
1291 1492 1458 1560 γέρας
1508 1493 1536 1545 6
1591 1490 1898 1559 σοφώτατος

306 1576 683 1646 ἐπιμαρτυρεῖ
747 1577 1079 1648 Βαπτιστὴς,
1135 1579 1250 1632 ἀλλ’
1310 1580 1370 1644 ἐξ
1424 1580 1593 1651 αὐτῆς
1634 1581 1787 1650 ἡμῖν,
1831 1579 1898 1630 ἶν’

307 1666 487 1730 οὕτως
512 1668 671 1733 εἴπω,
695 1669 793 1737 τῆς
819 1668 928 1721 τῶν
946 1670 1284 1739 πραγμάτων
1305 1670 1585 1741 ποιότητος
1598 1669 1899 1740 εἰσκομίζει

310 1755 410 1826 τὴν
461 1757 765 1821 ἀπόδειξινο
804 1757 916 1830 ζωὴ
959 1760 1059 1827 μὲν
1111 1760 1219 1830 γὰρ
1281 1762 1422 1814 κατὰ
1464 1760 1626 1828 φύσιν
1673 1761 1821 1814 ἐστὶν
1871 1763 1899 1814 6

1997 581 2192 639 tutem,
2221 588 2250 628 a
2273 574 2536 629 servitute
2568 573 2622 626 in
2653 572 3002 641 adoptionem
3050 572 3285 627 ﬁliorum
3321 571 3416 626 Dei
3435 573 3505 636 ⁸⁸,
3537 586 3570 627 a

1997 665 2264 721 dedecore
2297 671 2352 720 et
2382 663 2684 736 ignominia
2713 663 2778 716 ad
2813 664 3076 718 honorem
3107 671 3162 717 et
3211 663 3438 732 gloriam
3487 679 3570 718 re-

1996 758 2196 828 galem.
2225 756 2412 829 Itaque
2439 770 2563 810 cum
2594 756 2824 809 videtur
2842 757 3095 824 accipere
3119 761 3178 808 ut
3208 754 3371 807 homo
3399 754 3571 807 Filius

1997 863 2061 904 ea
2089 865 2212 919 qua:
2243 846 2480 902 habebat
2505 855 2566 901 ut
2594 845 2760 910 Deus,
2791 861 2900 900 non
2944 845 3310 909 oﬁ‘endamur,
3347 846 3442 900 sed
3481 861 3573 899 ra—

2000 942 2202 996 tionem
2240 939 2676 1012 dispensationis
2709 953 2832 1008 quae
2859 938 3034 993 nostri
3063 951 3229 992 causa
3264 946 3318 992 et
3345 952 3444 1006 pro
3472 951 3577 990 no-

2000 1034 2085 1089 bis
2121 1033 2264 1088 l‘acta
2293 1041 2378 1088 est
2406 1033 2592 1087 animo
2629 1031 2819 1101 potius
2852 1031 3280 1100 perpendamus.
3311 1029 3404 1084 Sic
3425 1024 3572 1083 enim

2001 1126 2458 1181 invulnerabilem
2485 1135 2540 1180 et
2571 1124 2842 1179 illibatam
2872 1132 3109 1180 mentem
3156 1131 3407 1178 nostram
3457 1137 3576 1179 ser-

1997 1217 2272 1272 vabimus.

1997 1308 2067 1362 lll
2091 1349 2105 1370 ,
2147 1309 2234 1364 36.
2255 1356 2257 1358 .
2277 1308 2385 1375 Qui
2402 1307 2568 1362 credit
2595 1309 2649 1361 in
2679 1306 2912 1374 Filium,
2936 1307 3088 1360 habet
3111 1307 3271 1360 vitam
3296 1314 3570 1360 (sternam.

2071 1397 2190 1451 Non
2230 1397 2564 1466 simpliciter
2601 1411 2706 1450 nec
2757 1395 3075 1450 indiscusse
3123 1395 3477 1449 credentibus
3518 1395 3574 1446 in

1997 1485 2282 1540 Christum
2324 1487 2490 1539 vitam
2526 1485 2870 1556 propositam
2907 1499 3031 1540 esse
3066 1485 3122 1538 in
3161 1485 3446 1555 praemium
3484 1499 3576 1538 sa-

1999 1578 2383 1648 pientissimus
2413 1577 2662 1647 Baptista
2693 1585 2955 1644 testatur,
2991 1576 3086 1632 sed
3117 1591 3184 1632 ex
3217 1577 3334 1645 ipsa
3357 1619 3371 1643 ,
3408 1584 3467 1629 ut
3501 1575 3575 1630 ita

2001 1665 2222 1734 dicam,
2279 1681 2463 1722 rerum
2505 1668 2774 1736 qualitate
2812 1667 3340 1723 demonstrationem
3383 1666 3574 1720 infert.

2006 1758 2125 1813 Vita
2155 1760 2298 1815 enim
2337 1761 2644 1815 secundum
2677 1768 2930 1814 naturam
2960 1767 3044 1815 est
3079 1757 3437 1828 Unigenitus.
3471 1775 3490 1808 ι
3518 1757 3578 1810 In

309 1849 627 1918 Μονογενής
648 1866 660 1878 ·
701 1868 718 1900 ι
757 1849 848 1903 Ἐν
875 1851 1025 1920 αύτῷ
1052 1852 1162 1924 γὰρ
1193 1853 1396 1922 ζῶμεν,
1443 1853 1535 1904 καὶ
1579 1852 1896 1923 κινούμεθα,

2002 1851 2124 1921 ipso
2161 1851 2364 1922 quippe
2395 1853 2632 1908 vivimus
2654 1892 2668 1916 ,
2710 1867 3020 1918 movemur,
3055 1859 3110 1906 et
3143 1866 3340 1906 sumus
3374 1850 3439 1903 “.
3469 1869 3486 1901 ι
3518 1848 3578 1902 1η

313 1939 408 1992 καὶ
435 1941 626 2008 ἐσμέν.
664 1959 681 1991 ι
720 1941 1086 2006 Εἰσοικίξεται
1135 1941 1192 1994 δὲ
1247 1943 1480 2005 πάντως
1505 1943 1636 2012 ἡμῖν
1677 1941 1766 1995 διὰ
1798 1943 1900 2011 τῆς

308 2029 570 2094 πίστεως,
596 2029 690 2082 καὶ
722 2033 969 2083 κατοικεί
995 2029 1084 2083 διὰ
1107 2030 1201 2084 τοῦ
1235 2031 1392 2099 ἁγίου
1424 2031 1564 2085 Πνεύ
1575 2048 1742 2100 ματος
1765 2048 1778 2062 ·
1808 2033 1904 2084 καὶ

312 2121 658 2191 μαρτυρήσει
700 2122 872 2190 λέγων
924 2124 954 2176 6
991 2122 1384 2194 εύαγγελιστὴς
1441 2123 1694 2193 Ἰωάννης
1734 2126 1792 2175 ὲν
1831 2124 1904 2174 οἰ-

310 2215 488 2277 κείαις
535 2214 878 2277 Ἐπιστολαῖς
902 2231 915 2245 ⁸
955 2233 973 2266 ι
1024 2216 1114 2268 Ἐν
1133 2215 1308 2286 τούτῳ
1330 2213 1694 2286 γινώσκομεν,
1723 2216 1804 2268 ὅτι
1843 2215 1902 2268 ὲν

309 2307 438 2374 ἡμῖν
462 2307 639 2372 ἐστιν,
667 2307 748 2359 ὅτι
771 2308 834 2359 ὲκ
857 2305 952 2358 τοῦ
979 2306 1116 2360 Πνεύ
1125 2324 1294 2377 ματος
1305 2306 1473 2361 αὑτοῦ
1495 2306 1695 2361 ἔδωκεν
1713 2309 1894 2378 ἡμῖν.ι

309 2398 643 2467 Ζωοποιήσει
683 2397 973 2468 τοιγαροῦν
1023 2400 1054 2451 6
1100 2398 1335 2469 Χριστὸς
1375 2397 1504 2460 τοὺς
1547 2398 1900 2464 πιστεύοντας

308 2489 389 2550 είς
409 2490 596 2553 αὑτὸν,
631 2492 707 2553 ὠς
743 2491 902 2554 αὐτὸς
956 2492 1217 2561 ὑπάρχων
1260 2491 1403 2545 κατὰ
1453 2490 1616 2560 φύσιν
1642 2492 1776 2562 ζωὴ,
1809 2493 1901 2545 καὶ

306 2581 495 2635 λοιπὸν
533 2583 808 2636 κατοικῶν
837 2585 894 2636 ὲν
927 2583 1129 2646 αὐτοῖς.
1165 2585 1289 2636 ’Ὁτι
1331 2583 1388 2636 δὲ
1417 2583 1506 2636 διά
1533 2585 1633 2654 τῆς
1663 2585 1899 2647 πίστεως

304 2675 337 2725 6
367 2672 492 2734 Υίὺς
531 2672 833 2735 αὐλίζεται,
894 2673 1300 2744 πληροφορήσει
1358 2673 1532 2741 λέγων
1583 2675 1612 2726 ὁ
1654 2673 1896 2738 Παῦλος·

313 2784 335 2817 ι
364 2764 567 2816 Τούτου
626 2766 786 2834 χάριν
849 2765 1084 2834 κάμπτω
1121 2765 1189 2817 τά
1238 2766 1442 2833 γόνατά
1489 2783 1589 2835 μου
1631 2765 1769 2836 πρὸς
1808 2765 1900 2818 τὸν

308 2857 556 2927 Πατέρα,
593 2856 654 2921 ἐξ
695 2852 756 2912 οὗ
809 2859 955 2910 πᾶσα
993 2857 1199 2928 πατριὰ
1233 2857 1290 2910 ἐν
1318 2875 1377 2910 τε
1407 2857 1624 2928 οὐρανῷ
1675 2859 1771 2911 καὶ
1806 2857 1900 2910 ἐπὶ

305 2949 409 3017 τῆς
437 2952 543 3019 γῆς
567 2950 917 3020 ὀνομάζεται·
951 2952 1036 3005 ἵνα
1084 2950 1158 3021 δῷ
1203 2953 1336 3022 ὑμῖν
1357 2951 1500 3005 κατά
1535 2951 1626 3004 τὸν
1668 2950 1900 3005 πλοῦτον

303 3040 409 3109 τῆς
437 3042 802 3112 χρηστότητος
849 3042 1037 3105 αὐτοῦ,
1091 3042 1314 3113 δυνάμει
1368 3043 1784 3114 κραταιωθῆναι
1811 3042 1900 3096 διὰ

305 3131 403 3186 τοῦ
433 3133 750 3202 Πνεύματος
793 3133 955 3203 αὑτοῦ
1002 3133 1160 3206 [ιτιιίθ.
1198 3135 1368 3190 addit.
1424 3138 1505 3200 είς
1545 3137 1636 3191 τὸν
1666 3136 1774 3190 ἔσω
1806 3135 1898 3190 ἄν-

306 3223 556 3296 θρωπον]
583 3195 918 3296 ⁷κιιιειιοικῆσαι
955 3195 1046 3282 τδν
1088 3195 1322 3298 ἑριστὸν
1373 3231 1431 3282 ὲν
1480 3195 1600 3292 ταῖς
1644 3229 1896 3299 καρδίαις
1925 3195 1966 3252 C

307 3315 466 3383 ὑμῶν
487 3314 578 3367 διὰ
606 3315 705 3384 τῆς
724 3315 978 3379 πίστεως.
1007 3336 1027 3368 ι
1059 3319 1185 3371 Ὅτε
1210 3319 1390 3371 τοίνυν
1427 3319 1515 3371 διὰ
1540 3319 1638 3389 τῆς
1661 3319 1895 3383 πίστεως

305 3403 348 3469 ἡ
382 3406 521 3459 κατὰ
553 3406 712 3474 φύσιν
738 3409 870 3478 ἡμῖν
895 3409 1299 3479 ἐπεισκρίνεται
1328 3410 1464 3481 ζωὴ,
1502 3410 1618 3474 πῶς
1637 3411 1736 3463 ούκ
1763 3411 1897 3482 άλη-

2007 1943 2166 1998 nobis
2194 1951 2376 1998 autem
2410 1944 2788 2000 introducitur
2810 1960 2908 2014 per
2931 1944 3089 1999 ﬁdem
3113 1984 3127 2008 ,
3158 1951 3212 2000 et
3247 1944 3456 1996 habitat
3483 1955 3578 2010 per

2003 2043 2259 2089 sanctum
2293 2033 2772 2106 Spiritum.ldque
2799 2034 3044 2091 Joannes
3073 2036 3126 2089 in
3161 2037 3280 2090 suis
3314 2034 3581 2105 Epistolis

2005 2133 2241 2180 testatur
2279 2125 2470 2182 dicens
2498 2146 2511 2184 :
2539 2147 2558 2180 ι
2583 2128 2640 2182 In
2671 2128 2776 2183 hoc
2814 2128 3204 2200 cognoscimus
3232 2128 3361 2198 quia
3396 2127 3450 2180 in
3482 2143 3581 2181 no-

2001 2215 2088 2271 bis
2122 2225 2239 2281 est,
2280 2219 2541 2288 quoniam
2578 2219 2647 2273 de
2681 2218 2884 2289 spiritu
2921 2234 3026 2274 suo
3065 2218 3216 2273 dedit
3256 2219 3416 2273 nobis
3450 2218 3514 2272 °'.
3555 2235 3574 2269 ι

2003 2306 2258 2363 Vivificat
2289 2309 2459 2380 igitur
2487 2309 2745 2365 Christus
2777 2309 3067 2366 credentes
3097 2310 3154 2364 in
3182 2325 3262 2375 se,
3296 2317 3427 2380 puta
3455 2323 3581 2363 cum

2002 2402 2075 2459 sit
2101 2400 2218 2471 ipse
2245 2402 2550 2456 secundum
2579 2413 2834 2456 naturam
2863 2403 2996 2466 vita,
3023 2417 3086 2455 ac
3118 2401 3340 2455 demum
3375 2401 3584 2454 habitet

2003 2492 2056 2546 in
2089 2493 2246 2562 ipsis.
2285 2490 2444 2558 Quod
2487 2502 2670 2548 autem
2710 2508 2809 2564 per
2849 2493 3010 2547 ﬁdem
3051 2492 3229 2548 Filius
3271 2493 3580 2557 inhabitet,

2000 2583 2208 2640 Paulus
2239 2594 2398 2639 certo
2435 2586 2600 2640 nobis
2629 2585 3072 2648 demonstrabit,
3107 2583 3298 2638 dicens
3324 2601 3336 2636 ε
3360 2601 3377 2634 ι
3405 2582 3582 2652 Hujus

2001 2676 2078 2731 rei
2109 2677 2286 2746 gratia
2316 2675 2476 2732 ﬁecto
2507 2690 2685 2746 genua
2713 2691 2835 2732 mea
2867 2676 2936 2730 ad
2961 2674 3180 2728 Patrem
3204 2713 3218 2736 ,
3239 2688 3306 2727 ex
3333 2687 3444 2742 quo
3471 2686 3584 2726 om-

2002 2769 2088 2824 nis
2130 2769 2442 2839 paternitas
2481 2769 2537 2822 in
2578 2769 2724 2823 coelo
2762 2775 2816 2822 et
2855 2766 2909 2820 in
2943 2773 3091 2821 terra
3128 2763 3484 2818 nominatur:
3523 2769 3585 2817 ut

2001 2861 2094 2916 det
2141 2861 2300 2916 vobis
2343 2861 2649 2915 secundum
2692 2859 2916 2915 divitias
2956 2859 3146 2929 gloriaa
3186 2870 3332 2919 suae,
3376 2856 3585 2909 virtute

2000 2953 2354 3008 corroborari
2400 2968 2495 3023 per
2537 2950 2806 3022 Spiritum
2847 2955 2969 3021 ejus
3007 2948 3286 3003 Christum
3331 2946 3585 3000 habitare

1999 3061 2097 3116 per
2132 3046 2293 3102 ﬁdem
2336 3047 2392 3100 in
2437 3045 2704 3101 cordibus
2733 3046 2932 3100 vestris
2963 3044 3030 3103 “.
3061 3063 3078 3095 ι
3109 3043 3245 3097 Cum
3299 3032 3439 3111 ergo
3486 3053 3584 3108 per

2002 3137 2164 3193 ﬁdem
2197 3139 2309 3192 vita
2354 3137 2448 3192 illa
2483 3137 2792 3193 secundum
2829 3145 3082 3190 naturam
3123 3135 3177 3188 in
3220 3148 3321 3189 nos
3354 3131 3583 3193 subeat,

1999 3229 2278 3300 quomodo
2319 3243 2486 3284 verax
2518 3243 2630 3283 non
2660 3239 2743 3283 cst
2787 3230 2879 3298 qui
2927 3226 3100 3282 dicit:
3132 3246 3150 3277 ι
3184 3225 3289 3293 Qui
3321 3223 3496 3279 credit
3526 3223 3582 3276 in

2004 3319 2236 3386 Filium,
2282 3319 2444 3374 habet
2488 3320 2656 3373 vitam
2700 3326 2960 3373 aeternam
3008 3336 3071 3372 ι»
3102 3318 3278 3388 ipsum
3326 3315 3584 3370 videlicet

2008 3411 2207 3476 Filium
2230 3451 2246 3475 ,
2281 3427 2392 3466 non
2432 3400 2616 3466 autem
2649 3411 2812 3464 aliam
2852 3411 2920 3464 ab
2951 3409 3073 3479 ipso
3109 3413 3300 3462 vitam.

303 3499 410 3569 θὴς
438 3503 468 3553 ὁ
499 3501 694 3568 λέγων,
732 3523 751 3554 ‹
804 3503 860 3555 Ὀ
885 3504 1156 3557 πιστεύων
1198 3506 1277 3568 εἰς
1299 3505 1389 3558 τὸν
1419 3505 1563 3568 Υίὸν,
1604 3505 1717 3574 ἔχει
1758 3506 1904 3576 ζωὴν
1943 3505 2192 3572 αἰώνιον;
2227 3524 2245 3558 ι
2294 3505 2456 3560 αὑτὸν
2516 3503 2757 3576 δηλονότι
2788 3503 2879 3556 τὸν
2915 3503 3062 3567 Υἱὺν,
3110 3502 3203 3554 καὶ
3240 3500 3339 3571 ούχ
3393 3499 3586 3569 ἑτέραν

296 3594 429 3645 τινὰ
460 3595 591 3664 παρ’
615 3595 778 3648 αὑτὸν
803 3595 1097 3665 νοουμένην
1128 3594 1297 3665 ζωήν.

387 3690 458 3741 ‘U
495 3689 565 3742 δὲ
603 3687 864 3742 ἀπειθῶν
900 3688 980 3753 τῷ
1014 3687 1144 3753 ne,
1171 3689 1282 3742 οὐκ
1328 3689 1536 3756 ὄψεται
1570 3687 1685 3757 τὴν
1714 3687 1883 3754 ζωήν.
1910 3766 1918 3775 ι

373 3871 510 3942 'Ap‘
537 3865 654 3933 οὖν,
697 3871 812 3941 ἐρεῖ
849 3888 932 3933 τις
971 3841 1152 3940 τυχὸν,
1188 3870 1385 3941 ἑτέραν
1420 3872 1554 3940 ἡμῖν
1596 3871 1890 3941 πρεσϐεύει

2068 3688 2168 3754 Ill,
2198 3687 2287 3744 56.
2321 3687 2426 3755 Qui
2451 3697 2624 3741 autem
2664 3685 2969 3741 incredulus
3009 3695 3088 3740 est
3133 3684 3315 3751 Filio,
3363 3701 3466 3738 non
3506 3685 3583 3739 ai-

1999 3770 2141 3834 debit
2171 3781 2358 3834 vitam.

2069 3873 2151 3924 An
2185 3871 2377 3941 igitur,
2417 3871 2630 3941 inquiet
2664 3871 2854 3925 forsan
2889 3869 3089 3940 aliquis
3115 3910 3130 3936 ,
3167 3868 3446 3924 diversam
3487 3883 3586 3923 no—

298 3964 473 4030 δόξαν
501 3966 531 4016 6
579 3964 910 4031 Βαπτιστὴς,
958 3961 1050 4016 καὶ
1077 3963 1168 4015 τὸν
1200 3962 1300 4032 τῆς
1335 3963 1682 4027 ἀναστάσεως
1715 3980 1893 4034 παρα-

2002 3961 2086 4016 bis
2122 3961 2368 4031 Baptista
2409 3963 2641 4033 gloriam
2684 3961 3009 4027 constituit,
3052 3967 3105 4016 et
3157 3960 3585 4014 resurrectionis

303 4054 525 4124 φθείρει
552 4055 726 4121 λόγον,
756 4055 1259 4124 ζωοποιηθήσεσθαι
1312 4055 1410 4125 μὲν
1445 4056 1536 4108 τὸν
1573 4055 1896 4108 πιστεύοντα

2002 4051 2269 4108 rationem
2311 4054 2661 4122 corrumpit,
2702 4051 2942 4108 dicendo
2979 4049 3320 4104 vivificatum
3363 4048 3582 4118 quidem

299 4144 508 4213 λέγων,
534 4144 626 4198 τὸν
659 4143 716 4197 δὲ
744 4145 819 4215 μὴ
871 4145 1113 4216 τοιοῦτον
1160 4147 1261 4200 οὐκ
1313 4146 1537 4216 ὄψεσθαι
1575 4146 1720 4214 ζωὴν
1758 4146 1896 4211 ὅλως

2002 4144 2062 4199 iri
2099 4143 2424 4211 credentes,
2467 4144 2789 4199 incredulos
2818 4158 2952 4198 vero
2978 4155 3329 4212 nequaquam
3362 4139 3585 4194 visuros

302 4234 829 4304 διαϐεϐαιούμενοςς
870 4236 1312 4308 Ἐγερθησόμεθα
1343 4238 1424 4304 δὲ,
1453 4238 1595 4290 κατὰ
1624 4237 1682 4290 τὸ
1724 4236 1891 4300 εἰκὸς,

2002 4237 2166 4293 vitam
2207 4237 2558 4293 asserendo?
2595 4237 2975 4291 Excitabimur
3014 4250 3180 4300 vero,
3231 4241 3288 4287 ut
3343 4233 3581 4296 videtur,

300 4326 369 4378 ού
407 4324 635 4391 πάντες,
677 4324 880 4394 ταύτην
931 4327 1061 4395 ἡμῖν
1107 4327 1548 4398 είσκεκομικότος
1593 4325 1688 4378 τοῦ
1734 4326 1890 4394 λόγου

2002 4346 2104 4385 non
2155 4345 2385 4396 omnes,
2442 4331 2586 4384 inter
2642 4345 2742 4384 nos
2787 4329 2933 4384 istud
2994 4325 3336 4383 intercedere
3386 4327 3584 4382 discri-

298 4415 404 4486 τήν
433 4415 728 4485 διαφορῶν
772 4409 891 4470 εἶτα
930 4418 1025 4468 ποῖ
1063 4433 1189 4469 ποτε
1223 4418 1464 4488 χωρήσει
1503 4417 1562 4469 τὸ
1607 4417 1890 4481 ἁπολύτως

2002 4422 2164 4476 minis
2205 4421 2413 4476 dictum
2452 4421 2588 4476 illud
2623 4420 2915 4490 signiﬁcet.
2956 4421 3026 4474 At
3077 4435 3317 4489 quonam
3362 4419 3584 4474 demum

301 4508 400 4559 καὶ
429 4507 513 4569 ὡς
538 4507 624 4574 ἐφ’
653 4506 857 4559 ἅπασιν
884 4508 1192 4578 εἰρημένον,
1226 4526 1244 4559 ι
1269 4509 1690 4579 Ἀναστήσονται
1719 4510 1767 4561 οἱ
1799 4527 1888 4563 νε-

1998 4512 2167 4566 abibit
2198 4511 2332 4565 illud
2369 4511 2629 4567 absolute
2669 4519 2723 4566 et
2771 4517 3032 4581 tanquam
3075 4510 3143 4565 de
3191 4509 3450 4563 omnibus
3499 4509 3587 4562 di-

303 4598 429 4666 ιιροί
458 4614 473 4661 ;
519 4617 538 4648 ι
564 4597 632 4649 Τί
662 4597 708 4651 δ’
753 4599 820 4652 ἂν
848 4599 941 4651 καὶ
989 4599 1135 4671 δρῴη
1169 4600 1346 4668 λέγων
1378 4602 1406 4654 ὁ
1443 4600 1672 4666 Παῦλος,
1706 4619 1724 4651 ι
1756 4602 1895 4664 Τοὺς

2002 4611 2146 4658 ctum
2170 4643 2184 4667 ,
2218 4622 2237 4654 ι
2269 4602 2585 4673 Resurgent
2635 4603 2837 4672 mortui
2865 4602 2955 4655 ‘9?
2985 4621 3002 4652 ι
3032 4600 3172 4666 Quid
3239 4609 3372 4654 Vero
3423 4599 3585 4654 faciat

303 4691 415 4760 γὰρ
447 4690 658 4752 πάντας
707 4691 852 4759 ἡμᾶς
907 4691 988 4743 δεῖ
1041 4691 1418 4763 φανερωθῆναι
1457 4691 1768 4763 ἔμπροσθεν
1793 4689 1886 4745 τοῦ

307 4780 556 4849 βήματος
586 4777 684 4831 τοῦ
713 4779 972 4850 Χριστοῦ,
997 4779 1080 4832 ἵνα
1119 4781 1412 4851 κομίσηται
1443 4782 1669 4845 ἕκαστος
1695 4783 1763 4836 τὰ
1799 4781 1888 4835 διὰ

305 4872 398 4924 τοῦ
447 4870 703 4942 σώματος
737 4872 874 4942 πρὸς
910 4871 946 4924 ά
989 4870 1254 4942 ἔπραξεν,
1315 4875 1426 4927 εἴτε
1488 4874 1723 4944 ἀγαθὸν,
1777 4875 1887 4927 εἴτε

306 4962 554 5030 φαῦλονς
598 4981 616 5011 ι
664 4962 1036 5016 Ἐπαινεῖσθαι
1077 4964 1174 5033 μὲν
1208 4959 1301 5017 οὖν
1353 4967 1610 5037 οἰήσομαι
1651 4967 1761 5019 δεῖν
1797 4966 1888 5019 τὸν

309 5050 604 5120 τριλομαθῆ,
635 5051 832 5121 χρῆναι
864 5051 921 5104 δὲ
975 5053 1126 5122 ὅμως
1164 5054 1562 5125 ἀκριϐεστάτην
1589 5058 1646 5108 ὲν
1667 5059 1780 5120 τοῖς
1815 5057 1890 5110 ἱε-

308 5144 420 5212 ροῖς
465 5143 766 5212 Γράμμασι
819 5144 1092 5197 ποιεῖσθαι
1137 5144 1237 5216 τὴν
1290 5143 1543 5214 βάσανον.
1589 5146 1733 5217 ’Ὅρα
1779 5147 1888 5219 γάρ

302 5251 398 5302 μοι
431 5235 618 5301 σαφῶς
646 5234 744 5305 τὴν
793 5235 900 5288 τῶν
942 5236 1248 5308 εἰρημένων
1290 5237 1592 5308 διαστολὴν.
1620 5239 1755 5310 Περὶ
1790 5240 1890 5308 μὲν

295 5326 411 5394 γὰρ
445 5324 542 5377 τοῦ
578 5327 926 5392 πιστεύοντός
960 5346 1146 5399 φησιν,
1186 5331 1269 5383 ὅτι
1304 5330 1448 5401 ζωὴν
1473 5330 1584 5395 ἔξει
1620 5333 1719 5402 τὴν
1765 5332 1888 5384 αίώ-

293 5434 434 5470 νιον.
468 5417 688 5487 neptes
725 5419 818 5473 τοῦ
847 5421 1266 5493 ἁπειθήσαντος,
1297 5423 1496 5493 ἑτέραν
1523 5426 1552 5477 6
1585 5423 1744 5491 λόγος
1775 5423 1887 5494 ἔχει

293 5507 397 5576 τὴν
454 5506 716 5577 ἔμφασιν.
777 5513 853 5564 Οὐ
907 5515 1016 5586 γὰρ
1067 5514 1169 5586 ἔφη
1207 5515 1352 5587 ζωὴν
1389 5517 1488 5586 οὐχ
1519 5515 1664 5580 ἕξειν
1693 5516 1886 5569 αὐτόν·

297 5600 662 5669 ἐγερθήσεται
706 5603 816 5674 γάρ
875 5605 952 5676 τῷ
998 5607 1160 5678 κοινῷ
1187 5609 1285 5678 τῆς
1314 5609 1663 5672 ἀναστάσεως
1692 5608 1841 5678 νόμῳ
1872 5624 1886 5638 ο

367 5715 414 5744 ⁸⁵
450 5714 610 5766 llum.
666 5733 798 5776 \‘Ill,
845 5722 922 5775 l3.
1003 5727 1042 5754 τί

1096 5729 1210 5778 Atil.
1276 5743 1420 5788 xv”,
1487 5728 1572 5781 '28.

305 5785 345 5813 "
368 5782 410 5838 ll
445 5789 575 5839 Cor.
618 5803 667 5852 ν,
715 5788 796 5841 l0.

1671 5729 1710 5759 ετ
1747 5727 1762 5780 Ι
1793 5726 1951 5782 Joan.
1992 5746 2080 5795 ιν,
2142 5731 2224 5785 l3.

1995 4690 2200 4746 Paulus
2252 4691 2443 4748 dicens
2477 4713 2490 4747 :
2521 4712 2538 4744 ι
2566 4692 2772 4748 Omnes
2815 4691 2963 4745 enim
3011 4706 3113 4746 nos
3157 4689 3319 4762 1'75I
3355 4689 3586 4744 manife-

1996 4785 2132 4840 stari
2191 4791 2409 4855 oportet
2465 4797 2595 4842 ante
2658 4787 2905 4842 tribunal
2963 4785 3207 4849 Christi,
3269 4793 3326 4839 ut
3381 4784 3586 4840 referat

1998 4879 2381 4950 unusquisque
2433 4879 2656 4950 propria
2688 4879 2964 4950 corporis,
3001 4887 3164 4948 prout
3212 4874 3420 4946 gessit,
3467 4875 3584 4928 sive

1999 4969 2200 5025 bonum
2224 5013 2238 5036 ,
2272 4971 2388 5027 sive
2423 4973 2624 5025 malum
2655 4972 2745 5023 "°?
2777 4992 2793 5023 ι
2822 4969 3184 5024 Laudandum
3215 4969 3384 5036 igitur
3428 4966 3580 5019 arbi-

2000 5070 2116 5116 tror
2177 5063 2370 5125 illum.
2428 5062 2686 5133 quisquis
2736 5071 2854 5128 est,
2917 5061 3167 5116 discendi
3226 5057 3575 5122 studiosum,

1997 5162 2247 5208 attamen
2278 5153 2699 5208 accuratissime
2728 5154 2776 5209 ei
2805 5169 2996 5208 sacras
3026 5152 3263 5206 Litteras
3295 5147 3577 5203 rimandas

1995 5262 2118 5302 esse
2161 5260 2308 5300 reor.
2356 5243 2495 5298 Vide
2545 5243 2730 5309 enim,
2785 5258 3007 5312 qumso,
3069 5242 3221 5296 clare
3282 5241 3575 5294 verborum

1990 5338 2212 5392 illorum
2247 5335 2675 5392 distinctionem.
2722 5335 2793 5388 De
2827 5349 2892 5388 eo
2924 5334 3068 5389 enim
3110 5333 3204 5404 qui
3241 5331 3572 5395 crediderit.

1989 5429 2066 5482 ait
2131 5429 2294 5481 vitam
2363 5425 2680 5481 habiturum
2746 5435 3007 5481 mternam
3069 5445 3082 5480 :
3143 5425 3210 5480 de
3273 5441 3337 5480 co
3393 5433 3575 5480 autem

1988 5520 2085 5591 qui
2123 5536 2229 5576 non
2264 5518 2596 5584 crediderit,
2648 5519 2816 5573 alium
2868 5519 3210 5574 intellectum
3249 5518 3412 5573 habet
3450 5533 3577 5572 ora-

1988 5615 2089 5668 tio.
2124 5613 2241 5669 Non
2285 5615 2432 5671 cuitu
2481 5612 2621 5668 dixit
2679 5613 2858 5686 ipsum
2915 5612 3082 5668 vitam
3109 5627 3216 5666 non
3259 5611 3576 5666 habiturum

2321 5731 2362 5763 ⁸³⁸
2394 5727 2589 5799 Ephcs.
2624 5745 2682 5783 ll!
2708 5771 2720 5795 ,
2784 5729 2967 5782 ’14-17.
3051 5728 3093 5760 ⁶⁹
3129 5727 3300 5782 Ιίῖοι.
3351 5743 3450 5792 xv,
3483 5725 3578 5781 52.
