4040 6214
497 353 602 412 9.87
1481 355 1540 411 S.
1580 355 1858 412 CYRILLI
1887 357 2366 416 ALEXANDRINI
2401 360 2725 419 ARCHIEP.
3643 361 3750 418 288

497 476 768 543 (resurget
802 471 948 526 enim
979 470 1257 526 communi
1291 474 1724 530 resurrectionis
1757 475 1942 547 lege),
1974 478 2068 532 sed

2172 479 2306 533 ἀλλά
2334 478 2480 550 ζωὴν
2499 478 2598 533 οὐκ
2626 479 2850 549 ὄψεσθαί
2890 497 3075 550 φησιν,
3119 478 3262 533 τοῦτ’
3307 478 3454 531 ἐστιν
3499 477 3607 530 066‘
3633 478 3752 532 ὅσον

496 567 662 617 vitam
698 579 806 617 non
839 563 1085 618 visurum
1116 563 1228 630 ait,
1256 565 1361 620 hoc
1389 575 1473 620 est
1503 581 1570 621 ne
1597 576 1824 636 aspectu
1853 570 2073 638 quidem

2174 571 2254 634 είς
2288 570 2522 641 Θεωρίαν
2545 570 2704 641 ψιλὴν
2736 571 2836 642 τῆς
2861 571 2972 624 τῶν
2999 571 3170 640 ἁγίων
3191 569 3435 638 ἐφίξεται
3459 569 3624 639 ζωῆς,
3656 570 3751 640 οὐχ

494 657 615 710 solo
665 664 984 709 sanctorum
1028 655 1194 708 vitam
1240 666 1632 727 consequetur,
1682 675 1795 713 non
1844 663 2076 732 attinget

2174 661 2370 730 ἅψεται
2397 663 2495 732 τῆς
2534 662 2757 716 ἐκείνων
2783 663 3204 734 μακαριότητος,
3228 662 3491 730 ἄγευστος
3513 664 3754 730 διαμενεῖ

496 747 712 801 illorum
746 745 1065 800 felicitatem
1089 785 1104 810 ,
1139 761 1249 801 non
1283 750 1529 818 gustabit
1558 749 1728 804 vitam
1760 752 1910 807 illam
1940 767 2074 823 gau-

2173 755 2270 823 τῆς
2301 756 2358 808 ὲν
2383 754 2690 828 εὐφροσύνῃ
2718 756 3019 824 διαγωγῆς⁶
3044 754 3160 825 ζωὴ
3187 755 3294 822 γὰρ
3322 753 3490 812 ὅντως
3524 753 3707 823 ἐκείνη
3734 769 3746 782 ·

492 839 586 892 dio
614 839 850 905 plenam.
883 836 1005 890 Vita
1037 839 1181 892 enim
1215 848 1300 894 est
1349 841 1444 893 illa
1491 839 1742 908 proiecto
1773 861 1786 896 :
1833 842 1890 896 in
1938 859 2072 912 sup-

2171 843 2232 896 τὸ
2255 843 2310 896 δὲ
2332 843 2391 895 ὲν
2423 843 2708 898 κολάσεσιν
2732 846 3010 910 ἀναπνεῖν,
3044 844 3274 899 θανάτου
3299 844 3496 906 παντὸς
3525 843 3752 914 ἀνιαρῶ-

494 929 677 999 pliciis
707 945 838 983 vero
869 929 1124 998 spiritum
1162 930 1399 995 ducere,
1437 933 1632 1002 quavis
1665 941 1750 988 est
1784 943 1962 989 morte
1989 942 2074 988 tc-

2171 951 2348 1005 τερον,
2380 934 2473 986 ἐπὶ
2506 934 2640 1005 μόνῃ
2671 937 2735 1005 τῇ
2763 935 2870 989 τῶν
2901 935 3087 989 κακῶν
3123 935 3372 1004 αἰσθήσει
3415 933 3593 1003 ψυχὴν
3628 951 3749 987 συν-

493 1023 669 1088 trius,
701 1037 826 1074 cum
858 1021 926 1076 ad
958 1023 1136 1076 solum
1167 1023 1432 1077 malorum
1463 1040 1692 1079 sensum
1725 1026 1906 1079 anima
1938 1027 2072 1081 reti-

2165 1024 2293 1089 έχον
2324 1027 2382 1077 ὲν
2413 1023 2643 1094 σώματι.
2684 1027 2953 1095 Τοιαύτην
3009 1025 3132 1079 τινὰ
3163 1027 3254 1078 καὶ
3282 1029 3311 1078 6
3341 1025 3552 1088 Παῦλος
3603 1024 3748 1095 ζωῆς

492 1120 689 1166 neatur
722 1113 774 1165 in
809 1126 1061 1179 corpore.
1094 1110 1442 1179 Ejuscemodi
1480 1113 1807 1166 nonnullam
1841 1128 2069 1183 quoque

2162 1113 2411 1183 είσφέρει
2431 1113 2921 1182 διαφοράν.Ἀκουε
2946 1115 2998 1166 τί
3029 1131 3162 1185 φησι
3189 1115 3324 1184 πρὸς
3349 1115 3472 1176 τοὺς
3499 1115 3556 1165 ἐν
3581 1113 3749 1184 κακίᾳ¹

491 1201 697 1258 Paulus
729 1203 848 1256 vita:
880 1201 1248 1256 diﬂ'erentiatn
1287 1204 1501 1258 statuit.
1532 1203 1677 1258 Audi
1707 1204 1838 1274 quid
1874 1203 1941 1258 ad
1972 1219 2069 1260 eos

2168 1205 2604 1274 νενεκρωμένους
2635 1203 2724 1257 διὰ
2771 1205 3024 1275 Χριστόν·
3058 1223 3077 1256 ι
3130 1204 3452 1258 Ἀπεθάνετε
3489 1203 3618 1270 γὰρ,
3654 1202 3747 1255 καὶ

493 1294 648 1347 dicat
679 1296 772 1364 qui
808 1303 1037 1364 peccato
1080 1295 1286 1350 mortui
1335 1305 1464 1350 sunt
1502 1304 1727 1366 prepter
1760 1295 2065 1352 Christum.

2166 1297 2199 1367 ἡ
2232 1294 2344 1366 ζωὴ
2373 1295 2528 1366 ὑμῶν
2572 1295 2879 1368 κέκρυπται
2926 1299 3023 1350 σὺν
3059 1295 3136 1367 τῷ
3165 1295 3384 1367 Χριστῷ
3417 1297 3473 1348 ὲν
3501 1294 3579 1364 τῷ
3603 1293 3737 1364 Θεῷ·

497 1404 516 1437 t
551 1385 752 1440 Mortui
785 1387 930 1439 enim
966 1387 1134 1449 estis,
1173 1394 1229 1441 et
1260 1387 1373 1440 vita
1402 1395 1587 1441 vestra
1620 1387 1942 1442 abscondita
1981 1395 2069 1444 est

2166 1386 2292 1440 ὅταν
2336 1388 2365 1440 6
2411 1387 2643 1458 Χριστὸς
2692 1387 2984 1458 φανερωθῇ
3031 1389 3064 1459 ἡ
3113 1385 3226 1456 ζωὴ
3265 1385 3441 1456 ὑμῶν,
3484 1385 3604 1438 τότε
3654 1386 3743 1437 καὶ

491 1495 614 1532 cum
647 1478 869 1533 Christo
901 1479 953 1531 in
992 1478 1120 1533 Deo.
1151 1479 1287 1533 Cum
1319 1478 1576 1533 Christus
1602 1481 1923 1549 apparuerit
1955 1482 2066 1536 vita

2173 1479 2335 1547 ὑμεῖς
2361 1479 2455 1532 σὺν
2479 1478 2628 1549 αύτῷ
2651 1478 3102 1552 φανερωθήσεσθε
3131 1479 3188 1530 ὲν
3212 1476 3355 1549 δόξῃ.
3388 1495 3406 1528 ι
3443 1477 3605 1546 Ὁρᾷς
3628 1475 3741 1538 πῶς

494 1580 707 1632 vestra,
741 1580 872 1623 tunc
918 1579 972 1624 et
1017 1586 1114 1624 vos
1153 1571 1494 1639 apparebitis
1523 1586 1649 1625 cum
1687 1573 1808 1642 ipso
1852 1573 1908 1627 in
1948 1573 2066 1642 glo-

2165 1569 2226 1622 τὸ
2249 1569 2305 1623 ὲν
2327 1569 2451 1642 δόξῃ
2477 1570 2855 1641 φανερωθῆναι
2885 1571 3024 1641 μετά
3055 1569 3289 1640 Χριστοῦ
3321 1569 3418 1639 τὴν
3443 1567 3552 1620 τῶν
3572 1569 3738 1636 ἁγίων

491 1663 570 1716 ria
605 1663 670 1714 τι.
704 1681 722 1711 ι
757 1661 918 1715 Vides
953 1661 1230 1730 quomodo
1267 1663 1433 1715 vitam
1471 1670 1790 1717 sanctorum
1828 1665 2065 1734 appellet

2164 1661 2418 1731 ὀνομάζει
2462 1661 2652 1732 ζωήνς
2689 1661 2754 1714 Τί
2795 1661 2871 1727 δὲ,
2929 1663 3058 1715 ὅταν
3104 1662 3235 1731 ἡμῖν
3277 1659 3742 1728 καὶὸΨαλμῳδδς

491 1745 1001 1801 manifestationem
1061 1748 1208 1800 illam
1270 1749 1324 1802 in
1380 1749 1554 1818 gloria
1611 1766 1735 1805 cum
1797 1752 2066 1808 Christo?

2168 1751 2452 1823 ἀναμέλπῃ
2470 1751 2645 1820 λέγων
2663 1768 2675 1782 °
2703 1770 2720 1803 ι
2749 1753 2845 1816 Τίς
2865 1754 3010 1806 ἐστιν
3034 1751 3319 1824 ἄνθρωπος
3337 1752 3366 1804 6
3389 1750 3558 1804 θέλων
3575 1750 3738 1819 ζωὴν,

491 1834 633 1900 Quid
669 1851 797 1890 vero
851 1851 973 1889 cum
1026 1838 1186 1891 nobis
1233 1839 1400 1893 etiam
1448 1840 1745 1897 Psalmista
1789 1844 1939 1897 canit
1980 1842 2064 1897 di-

2169 1819 2396 1911 ἀγαπῶν
2422 1819 2632 1914 ήμέρας
2663 1843 2790 1896 ίδεῖν
2814 1843 3061 1910 ἀγαθάςς
3105 1819 3318 1895 ῐῘαῦσον
3359 1842 3457 1912 τὴν
3495 1840 3741 1909 γλῶσσάν

488 1942 623 1981 cens
651 1949 664 1982 :
700 1946 718 1979 ι
749 1927 882 1994 Quis
915 1938 1001 1983 est
1036 1931 1196 1984 homo
1227 1931 1322 1999 qui
1358 1933 1474 1986 vult
1507 1933 1703 2000 vitam,
1733 1934 1915 2005 diligit
1947 1935 2066 1991 dies

2170 1951 2264 1987 σου
2293 1933 2400 1988 ἀπὸ
2423 1933 2594 1988 κακοῦ
2619 1953 2630 1965 ·
2672 1953 2690 1987 t
2720 1930 2810 2005 ἄρ’
2835 1935 2955 2005 οὐχὶ
2983 1935 3081 2005 τὴν
3110 1934 3219 1986 τῶν
3249 1933 3417 2000 ἁγίων
3453 1937 3510 1986 ὲν
3536 1933 3741 1995 τούτοις

491 2020 677 2074 Videre
712 2021 928 2074 bonos?
959 2021 1194 2077 Contine
1231 2025 1473 2094 linguam
1511 2033 1661 2079 tuam
1697 2041 1725 2079 a
1763 2028 1907 2081 malo
1947 2029 2012 2080 ⁷³.
2041 2047 2060 2080 ι

2169 2025 2399 2096 ἐροῦμεν
2423 2026 2930 2096 κατασημαίνεσθαι
2961 2025 3145 2095 ζωήνς
3193 2026 3330 2079 Ἀλλ’
3361 2025 3527 2088 ἔστιν,
3567 2021 3737 2094 οἶμαι,

492 2111 683 2166 Nonne
713 2122 1032 2166 sanctorum
1077 2115 1242 2168 vitam
1280 2117 1366 2170 his
1408 2118 1596 2172 verbis
1642 2117 1940 2185 signiﬁcari
1984 2119 2068 2173 di-

2168 2119 2300 2171 πᾶσι
2345 2115 2677 2187 καταφανές.
2736 2118 2809 2170 Οὐ
2844 2116 2954 2187 γὰρ
2985 2117 3156 2186 δήπου
3194 2115 3302 2168 τῶν
3344 2113 3562 2184 φαύλων
3607 2115 3740 2166 ἀπο-

491 2205 726 2260 cemus?
767 2206 835 2258 At
877 2206 1086 2268 cuivis,
1135 2207 1353 2276 Opinor,
1405 2207 1760 2262 manifestum
1803 2219 1904 2263 est.
1955 2209 2068 2265 Nec

2169 2208 2393 2279 σχέσθαι
2420 2207 2633 2261 κελεύει
2687 2207 2860 2271 τινας,
2905 2209 2992 2260 ἵνα
3017 2207 3081 2279 δὴ
3125 2206 3336 2278 τύχοιεν
3370 2206 3472 2276 τῆς
3502 2203 3742 2266 εἰσαῦθις

489 2297 633 2349 enim
673 2312 703 2349 a
738 2299 897 2351 malis
933 2298 1214 2352 abstinere
1255 2299 1524 2367 quosdam
1569 2299 1760 2367 jubet,
1806 2309 1868 2353 ut
1915 2309 2066 2355 certe

2167 2301 2511 2364 ἀναϐιώσεως
2553 2301 2650 2371 τῆς
2705 2299 2906 2370 σαρκὸς
2949 2300 2967 2370 (
2997 2300 3395 2368 ἀναστήσονται
3432 2295 3543 2366 γὰρ
3572 2295 3665 2349 καὶ
3695 2295 3742 2346 εί

493 2387 960 2440 resurrectionem
999 2389 1190 2441 carnis
1231 2390 1521 2444 obtineant
1554 2392 1886 2460 (resurgent
1917 2392 2063 2462 enim

2169 2391 2244 2462 μὴ
2275 2392 2635 2444 πεπαύσοιντο
2660 2389 2753 2443 τοῦ
2774 2390 2990 2460 κακοῦ)⁶
3024 2391 3160 2460 πρὸς
3199 2390 3410 2459 ἐκείνην
3453 2387 3510 2440 δὲ
3547 2385 3743 2456 μᾶλλον

488 2476 708 2530 etiamsi
742 2493 847 2529 non
878 2478 1221 2533 cessaverint
1249 2494 1279 2533 a
1313 2480 1493 2547 malo)
1520 2521 1535 2546 ,
1565 2481 1657 2535 sed
1687 2481 1754 2535 ad
1784 2483 1932 2535 illam
1966 2498 2066 2552 po-

2165 2483 2398 2554 ὲρεθίζει
2427 2483 2524 2553 τὴν
2555 2483 2723 2552 ζωὴν,
2774 2476 2886 2554 ἐνῇ
2934 2482 3152 2544 πάντως
3184 2481 3330 2534 ἔστιν
3370 2480 3497 2534 ίδεῖν
3530 2478 3743 2549 ἡμέρας

489 2567 599 2618 tius
630 2566 794 2618 vitam
849 2567 1117 2637 instigat,
1173 2571 1229 2624 in
1266 2585 1374 2639 qua
1424 2571 1558 2625 licet
1606 2573 1835 2626 omnino
1885 2574 2068 2630 videre

2165 2574 2395 2642 ἀγαθὰς,
2450 2575 2507 2625 ὲν
2571 2573 2927 2643 μακαριότητι
2971 2573 3065 2626 καὶ
3097 2573 3228 2645 δόξῃ
3273 2571 3365 2625 τὸν
3417 2570 3743 2642 μακραίωνα

487 2657 609 2710 dies
656 2656 869 2724 bonos,
926 2658 982 2713 in
1035 2658 1303 2717 felicitate
1343 2670 1397 2717 et
1434 2662 1610 2735 gloria
1666 2672 1926 2720 aeternam
1968 2666 2066 2722 de-

1035 2658 1303 2717 felicitate
1343 2670 1397 2717 et
1434 2662 1610 2735 gloria
1666 2672 1926 2720 aeternam
1968 2666 2066 2722 de-
2165 2664 2447 2735 τρίϐοντας
2475 2663 2605 2734 βίον.

485 2758 676 2818 gentes
712 2750 903 2803 vitam.

557 2840 622 2894 Ill
645 2883 658 2903 ,
693 2843 780 2897 56.
816 2842 918 2897 Sed
955 2845 1038 2897 ira
1071 2844 1163 2899 Dei
1194 2847 1426 2900 manebit
1458 2864 1616 2917 super
1645 2865 1784 2903 eum.

2250 2839 2411 2894 Ἀλλ’
2453 2840 2597 2910 ὀργὴ
2638 2841 2744 2896 τοῦ
2799 2840 2949 2897 Θεοῦ
2993 2838 3169 2912 μενεῖ
3232 2838 3393 2912 [vulg.
3437 2837 3610 2910 μένει]
3648 2839 3741 2891 ἐπ’

2167 2935 2371 2988 αὐτόν.

555 3017 816 3086 Aperlius
845 3019 950 3072 hac
988 3020 1236 3075 illatione
1271 3021 1468 3077 beatus
1505 3021 1748 3093 Baptista
1787 3025 2066 3081 dictorum

2239 3025 2579 3095 Γυμνότερον
2603 3026 2737 3097 ἡμῖν
2773 3026 2861 3079 διὰ
2887 3025 2989 3096 τῆς
3009 3027 3066 3079 ὲν
3090 3025 3300 3088 τούτοις
3333 3025 3625 3091 ἐπαγωγῆς
3649 3022 3740 3074 τὸν

484 3123 715 3164 suorum
778 3125 1005 3178 seupum
1063 3113 1331 3166 ostendit.
1385 3112 1574 3168 Discat
1633 3125 1814 3179 autem
1871 3134 2064 3174 rursus

2167 3115 2275 3169 τῶν
2309 3115 2612 3186 εἰρημένων
2645 3117 2847 3168 σκοπὸν
2866 3116 3179 3188 όμακάριος
3209 3115 3378 3180 ἔδειξε
3408 3113 3738 3182 Βαπτιστής.

484 3200 804 3255 sciscitandi
835 3201 1071 3271 cupidus
1102 3202 1208 3256 vim
1241 3203 1390 3258 illius
1417 3207 1726 3261 sententias.
1763 3225 1778 3256 ι
1810 3207 1912 3273 Qui
1955 3224 2062 3263 non

2165 3206 2537 3277 Περιαθρείτω
2563 3207 2620 3259 δὲ
2658 3206 2819 3260 πάλιν
2852 3209 2880 3260 6
2905 3206 3264 3277 φιλοζητητὴς
3287 3206 3385 3277 τήν
3413 3205 3509 3258 τοῦ
3535 3205 3741 3274 νοήμα-

483 3292 691 3357 credit,
727 3294 948 3361 inquit,
981 3292 1158 3356 Filio,
1195 3310 1303 3349 non
1341 3295 1550 3352 videbit
1590 3297 1760 3350 vitam
1784 3341 1799 3363 ,
1846 3299 1943 3353 sed
1983 3300 2062 3353 ira

2163 3313 2252 3358 τος
2276 3295 2524 3364 δύναμιν.
2549 3313 2566 3347 ι
2610 3296 2668 3348 '0
2694 3294 2953 3359 ἀπειθῶν,
2976 3297 3128 3366 φησὶ,
3154 3295 3231 3366 τῷ
3263 3295 3397 3364 Υίῷ,
3427 3295 3526 3348 οὐκ
3551 3293 3742 3362 ὄψεται

485 3379 582 3434 Dei
617 3381 863 3436 manebit
898 3399 1064 3451 super
1094 3399 1242 3438 eum.
1278 3404 1296 3437 ι
1333 3386 1502 3455 Atqui
1550 3385 1596 3441 si
1647 3387 2061 3458 intelligendum

2163 3385 2262 3456 τὴν
2292 3385 2458 3456 ζωὴν,
2486 3385 2602 3439 ἀλλ’
2635 3386 2670 3455 ἡ
2696 3385 2834 3456 ὀργὴ
2869 3385 2964 3437 τοῦ
3007 3384 3142 3437 Θεοῦ
3180 3386 3332 3454 μενεῖ
3376 3384 3461 3436 ἐπ’
3501 3383 3682 3437 αὐτόν.
3719 3402 3737 3434 ι

482 3480 634 3525 esset
673 3471 1018 3525 incredulum
1059 3476 1171 3528 vita
1223 3491 1496 3545 corporea
1546 3491 1737 3532 revera
1785 3479 2061 3547 privatum

2176 3476 2314 3530 Ἀλλ’
2335 3477 2493 3548 εῐπερ
2519 3471 2588 3546 ἦν
2620 3477 2786 3539 ὅντως
2819 3475 3024 3545 ἔρημον
3057 3474 3279 3528 ἔσεσθαι
3315 3474 3412 3544 τῆς
3437 3475 3496 3525 ὲν
3528 3471 3742 3542 σώματι

483 3561 550 3615 iri
571 3604 584 3626 ,
612 3562 798 3616 statim
826 3565 1012 3633 utique
1045 3567 1350 3633 intulisset,
1387 3569 1484 3623 sed
1513 3583 1664 3624 mors
1692 3570 1942 3625 manebit
1973 3587 2066 3626 su-

2165 3563 2309 3636 ζωῆς
2332 3567 2583 3637 ἐννοῆσαι
2604 3567 2696 3619 τὸν
2714 3567 3112 3636 ἀπειθήσαντα,
3134 3565 3348 3627 πάντως
3367 3564 3430 3617 ἂν
3442 3564 3742 3632 ἐπήνεγκεν

484 3671 580 3725 per
609 3670 758 3710 eum.
793 3656 931 3710 Cum
968 3665 1150 3712 autem
1189 3661 1326 3714 iram
1363 3659 1458 3716 Dei
1501 3662 1788 3728 nominet,
1825 3663 2062 3718 manife-

2165 3656 2326 3720 εύθύς
2347 3673 2361 3686 ·
2405 3657 2541 3710 Ἀλλ’
2575 3660 2602 3711 ό
2633 3657 2862 3720 θάνατος
2909 3660 3058 3728 μενεῖ
3089 3657 3174 3709 ἐπ’
3205 3656 3394 3710 αὐτόν.
3439 3655 3655 3724 Ἐπειδὴ
3684 3654 3741 3707 δὲ

483 3757 629 3802 stum
695 3749 852 3818 175
908 3757 994 3805 est
1041 3760 1364 3806 sanctorum
1421 3751 1674 3807 felicitati
1727 3754 2062 3824 supplicium

2163 3747 2330 3818 ὀργὴν
2357 3747 2610 3819 ὀνομάζει
2632 3748 2790 3812 Θεοῦ,
2834 3748 2994 3818 δῆλον
3027 3747 3094 3800 ἂν
3125 3747 3212 3816 εἴη
3249 3746 3433 3798 λοιπὸν
3473 3747 3595 3807 ταῖς
3636 3744 3741 3797 τῶν

483 3839 776 3910 impiorum
821 3858 1143 3914 opponere,
1197 3852 1252 3900 et
1303 3845 1472 3899 vitam
1523 3859 1727 3901 vocare
1772 3860 1891 3900 eam
1941 3863 2064 3916 qua:

2165 3837 2334 3906 ἁγίων
2358 3839 2638 3908 εὐθυμίαις
2671 3839 2769 3910 τὴν
2792 3839 2898 3892 τῶν
2928 3838 3141 3892 ἀσεϐῶν
3182 3835 3631 3894 ἀντιδιαστέλλων
3651 3834 3742 3888 κό-

482 3945 611 3984 vere
638 3939 722 3984 est
757 3932 866 3984 vita
894 3972 908 3993 ,
943 3933 997 3985 in
1031 3933 1207 4003 gloria
1259 3949 1384 3989 eum
1437 3933 1664 3990 Christo
1696 3952 1710 3988 :
1765 3935 2062 4005 impiorum

2163 3929 2337 3996 λασιν,
2376 3931 2469 3983 καὶ
2521 3930 2664 4002 ζωὴν
2704 3931 2802 4000 μὲν
2844 3930 3136 3984 ἀποκαλῶν
3168 3931 3268 4000 τὴν
3316 3928 3485 4007 ὅντως
3510 3926 3654 3997 ζωήν
3685 3928 3744 3979 ὲν

482 4035 613 4074 vero
661 4022 982 4086 cruciatus,
1032 4025 1168 4078 iram
1219 4024 1332 4080 Dei.
1387 4025 1547 4092 Quod
1601 4034 1788 4082 autem
1837 4027 1916 4081 ira
1963 4041 2063 4097 pro

2163 4022 2287 4092 δόξῃ
2315 4023 2452 4092 μετά
2483 4022 2742 4092 Χριστοῦ,
2771 4022 2866 4084 τὰς
2893 4022 2949 4074 δὲ
2976 4022 3068 4074 ἐπὶ
3088 4023 3198 4083 τοῖς
3222 4019 3508 4072 ἀσεϐοῦσιν
3538 4015 3740 4080 αἰκίας,

482 4112 775 4180 punitione
820 4115 1021 4185 saepius
1071 4116 1216 4186 apud
1269 4117 1594 4188 Scripturas
1641 4119 1863 4174 divinas
1916 4119 2064 4174 acci-

2164 4115 2332 4184 όργὴν
2365 4113 2456 4166 τοῦ
2490 4112 2624 4165 Θεοῦ
2649 4127 2663 4142 ⁶
2726 4114 2807 4166 ὅτι
2870 4112 2927 4164 δὲ
2989 4111 3126 4183 ὀργὴ
3162 4110 3419 4172 πολλάκις
3455 4110 3488 4178 ή
3523 4107 3745 4168 κόλασις

482 4206 684 4274 piatur,
729 4205 874 4262 duos
925 4216 1100 4264 testes
1151 4209 1456 4275 adducam,
1513 4210 1745 4266 Paulum
1796 4220 1852 4267 et
1901 4209 2066 4266 Joan-

2165 4205 2379 4274 εῑρηται
2409 4205 2560 4276 παρὰ
2580 4206 2698 4266 ταῖς
2724 4203 2896 4266 θείαις
2925 4203 3192 4272 Γραφαῖς,
3221 4201 3314 4253 δύο
3341 4199 3588 4270 παροίσω
3617 4198 3743 4258 τοὺς

483 4313 627 4349 nem.
660 4299 758 4352 llle
787 4300 934 4352 enim
967 4301 1035 4354 ad
1069 4317 1164 4356 eos
1199 4303 1290 4372 qui
1325 4303 1581 4358 conversi
1628 4311 1788 4358 erant
1828 4319 1895 4360 ex
1925 4319 2063 4374 gen-

2168 4296 2474 4368 μάρτυρας,
2510 4295 2718 4348 Παῦλόν
2743 4312 2803 4347 τε
2847 4295 2942 4347 καὶ
2989 4293 3240 4362 Ἰωάννην
3269 4308 3281 4322 ·
3317 4293 3345 4342 ό
3393 4290 3491 4359 μὲν
3515 4289 3622 4358 γὰρ
3638 4286 3741 4356 ἔφη

480 4390 666 4443 tibus:
698 4409 715 4440 ι
751 4389 814 4443 Ει
846 4407 1094 4458 eramus,
1131 4395 1345 4465 inquit,
1379 4397 1476 4451 lilii
1515 4397 1610 4452 irae
1649 4404 1882 4464 natura,
1920 4399 2066 4454 sicut

2166 4388 2302 4458 πρὸς
2347 4389 2473 4451 τοὺς
2504 4387 2562 4451 ἐξ
2620 4386 2789 4440 ἐθνῶν
2857 4384 3282 4454 ἐπιστρέφοντας
3311 4400 3324 4414 ·
3372 4402 3390 4434 ι
3448 4381 3555 4434 Καὶ
3601 4376 3743 4449 ἦμεν

479 4489 536 4535 ct
565 4482 749 4536 etetcri
780 4483 866 4548 7';
902 4504 920 4535 ι
950 4486 1040 4539 hic
1069 4487 1134 4541 ad
1171 4486 1482 4544 Pharisaaos
1509 4500 1562 4545 et
1605 4489 1832 4546 Scribas
1861 4508 1874 4546 :
1904 4508 1921 4541 ι
1950 4490 2059 4545 Ge-

2162 4479 2327 4531 τέκνα
2377 4477 2546 4549 ὀργῆς
2599 4475 2778 4546 φύσει,
2828 4476 2905 4540 ὼς
2958 4477 3052 4530 καὶ
3097 4475 3146 4527 οί
3180 4473 3386 4526 λοιποί·
3431 4492 3448 4524 ι
3483 4475 3511 4524 ὁ
3541 4471 3594 4523 δὲ
3631 4471 3743 4531 τοῖς

479 4571 688 4624 nimina
727 4574 1064 4643 viperarum,
1123 4578 1250 4649 quis
1301 4580 1542 4634 ostendit
1591 4581 1747 4636 vobis
1798 4581 1989 4652 fugere
2021 4596 2050 4634 a

2165 4569 2558 4641 Γραμματεῦσι
2583 4569 2676 4621 καὶ
2707 4567 3043 4638 Φαρισαίοις,
3086 4585 3104 4618 ι
3141 4567 3461 4634 Γεννήματα
3499 4560 3743 4632 ἐχιδνῶν,

477 4667 711 4712 ventura
747 4661 829 4713 ira
859 4663 903 4693 ⁷⁵
931 4664 954 4716 ?
983 4683 1001 4716 ι

2166 4660 2248 4725 τίς
2269 4660 2547 4726 ὑπέδειξεν
2575 4661 2703 4731 ὑμῖν
2733 4661 2926 4728 φυγεῖν
2957 4657 3066 4710 ἀπὸ
3082 4656 3182 4726 τῆς
3214 4654 3511 4725 μελλούσης
3533 4653 3702 4721 όργῆς
3725 4669 3742 4717 ς

550 4748 639 4807 IV,
676 4751 786 4805 1-5.
835 4751 900 4804 Ut
926 4770 1045 4824 ergo
1071 4758 1307 4824 cognorit
1337 4757 1590 4814 Dominus
1620 4761 1745 4830 quia
1773 4761 2060 4815 audierunt

2250 4754 2348 4818 Ὧς
2380 4749 2492 4807 οὖν
2523 4751 2676 4819 ἔγνω
2705 4753 2737 4804 ό
2767 4750 3003 4818 Κύριος,
3039 4747 3129 4800 ὅτι
3172 4745 3450 4813 ἤκουσαν
3486 4747 3540 4796 el
3573 4747 3749 4810 Φαρι-

478 4841 766 4908 Phariswi,
799 4846 936 4914 quod
978 4845 1133 4900 Iesus
1156 4848 1332 4916 plures
1371 4849 1660 4917 discipulos
1691 4853 1846 4920 facit,
1882 4865 1928 4907 et
1965 4855 2062 4908 ba-

2160 4841 2344 4906 σαῖοι,
2390 4841 2479 4894 ὅτι
2537 4840 2767 4906 Ἰησοῦς
2815 4839 3106 4903 πλείονας
3136 4837 3407 4906 μαθητὰς
3437 4833 3597 4886 ποιεῖ
3643 4832 3746 4886 καὶ

477 4934 671 5002 ptizat,
705 4953 862 5006 quant
892 4935 1126 4992 Joannes
1158 4946 1482 5008 (quanquam
1499 4939 1655 4995 Iesus
1683 4959 1786 4996 non
1814 4945 2060 5012 baptiza-

2154 4933 2446 4998 βαπτίζει,
2501 4931 2540 4999 ἢ
2596 4931 2872 4998 Ἰωάννης
2906 4929 3119 4999 (καίτοι
3167 4943 3233 4997 γε
3279 4925 3462 4990 αὐτὸς
3506 4923 3747 4990 Ἰησοῦς

478 5034 578 5078 rel.
637 5024 728 5079 sed
776 5026 1025 5095 discipuli
1066 5028 1225 5099 ejus),
1259 5030 1471 5100 reliquit
1518 5029 1790 5100 Iudaeam,
1823 5042 1873 5088 et
1927 5033 2061 5088 abiit

2159 5026 2271 5078 οὐκ
2329 5021 2653 5087 ἐϐάπτιζεν,
2699 5023 2836 5076 ἀλλ’
2891 5024 2944 5074 ol
2984 5019 3239 5090 μαθηταί
3280 5016 3514 5085 αὑτοῦ),
3546 5013 3748 5084 ἀφῆκε

479 5111 666 5168 iterum
712 5116 765 5169 in
807 5115 1109 5174 Galilaeam.

2162 5117 2276 5186 τὴν
2327 5115 2658 5182 Ἰουδαίαν,
2688 5115 2785 5170 καὶ
2819 5112 3056 5181 ἀπῆλθε
3083 5110 3270 5164 πάλιν
3293 5113 3380 5176 εις
3415 5109 3530 5178 τὴν
3567 5111 3751 5162 Γαλι-

2165 5210 2366 5263 λαίαν.

549 5286 835 5344 Undeuam
890 5291 996 5347 huc
1053 5296 1384 5364 processerit
1428 5299 1626 5364 oratio,
1694 5310 1787 5354 aut
1839 5317 1947 5371 quo
1992 5317 2057 5356 ex

2236 5300 2405 5354 Πόθεν
2439 5301 2570 5370 ἡμῖν
2598 5301 2677 5362 εἰς
2717 5296 2872 5351 τοῦτο
2902 5297 3148 5366 πρόεισιν
3185 5296 3213 5347 6
3233 5295 3412 5363 λόγος,
3443 5293 3475 5363 ἦ
3500 5295 3566 5347 ὲκ
3583 5291 3745 5352 ποίας

480 5378 662 5447 capite
689 5382 1023 5438 narrationis
1052 5385 1245 5441 ordine
1278 5389 1382 5441 huc
1424 5389 1688 5457 perducto
1731 5393 2056 5461 cognovisse

2163 5392 2335 5462 ἀρχῆς
2366 5393 2399 5461 ἡ
2419 5391 2512 5444 τοῦ
2535 5392 2867 5462 διηγήματος
2899 5389 3248 5459 καθέρπουσα
3276 5385 3449 5452 τάξις,
3469 5381 3743 5452 ἐγνωκότα

481 5465 746 5524 Dominus
777 5471 996 5528 dicatur
1039 5490 1160 5544 quae
1189 5476 1447 5532 Pharisaei
1483 5479 1794 5543 audierant,
1835 5496 1942 5534 non
1981 5482 2059 5534 in-

2161 5484 2252 5535 τὸν
2287 5483 2490 5555 Κύριον
2523 5483 2908 5554 εἰσφέρειτοὺς
2938 5481 3284 5552 Φαρισαίους,
3318 5480 3462 5548 ἅπερ
3485 5475 3742 5529 ἐπύθοντο

483 5558 694 5612 salsum
726 5561 851 5626 erit,
884 5564 1100 5631 opinor,
1121 5565 1325 5620 dicere.
1348 5567 1484 5621 Illud
1515 5570 1658 5622 cnim
1684 5571 2052 5640 evangelista,

2167 5572 2378 5642 μαθεῖν,
2397 5575 2498 5627 οὐκ
2523 5573 2789 5644 ἄκομψον,
2810 5573 2884 5635 ὡς
2909 5570 3104 5635 ἔοικεν,
3138 5571 3330 5623 εἰπεῖν.
3352 5567 3426 5620 Τὸ
3451 5565 3581 5636 γὰρ,
3611 5581 3632 5617 ι
3651 5563 3738 5626 Ὠς

551 5733 598 5766 ⁷³
631 5735 745 5789 Col.
781 5751 869 5799 ιιι,
897 5737 958 5803 5,
994 5739 1042 5791 1.
1122 5743 1165 5773 ⁷³
1200 5742 1341 5796 Psal.
1377 5759 1582 5811 XXXIII,
1617 5746 1697 5810 l5,
1741 5747 1822 5800 ll.
1902 5750 1945 5776 ⁷³
1984 5747 2179 5819 Ephes.
2225 5766 2285 5810 ιι,
2326 5752 2374 5805 3.
2457 5752 2500 5782 “
2537 5750 2672 5806 Luc.
2713 5766 2793 5815 Ill,
2845 5750 2895 5805 ’1.
