4038 6210
273 193 372 249 289

1302 191 1369 246 IN
1397 190 1683 248 JOANNIS
1708 187 2158 246 EVANGELIUM
2189 187 2322 258 ,LIB.
2368 188 2435 244 11.

3405 190 3512 247 290

268 300 355 361 οὖν
387 303 526 372 ἔγνω
552 305 580 356 ὁ
610 301 835 372 Κύριος,
866 318 892 351 δ
923 302 1100 370 λέγειν
1132 300 1226 354 τὸν
1245 301 1401 369 ἅγιον
1425 302 1830 372 εὐαγγελιστὴν,

1945 318 1964 350 ι
2002 300 2072 355 Ut
2111 313 2241 370 ergo
2272 298 2526 368 cognovit
2558 298 2844 362 Dominus,
2879 319 2897 352 ι
2948 302 3278 372 praeteritam
3317 318 3514 373 quam-

267 397 492 468 ἔμφασίν
522 412 646 448 τινα
699 395 1168 464 προῦποκειμένου
1207 395 1527 465 πράγματος
1561 393 1837 448 ἀνατίκτει

269 486 447 557 σαφῶς
473 505 485 517 ·
527 486 704 538 πάντα
740 483 839 554 μὲν
887 483 1016 554 γὰρ,
1043 483 1254 546 οὐδενός
1290 502 1342 536 τι
1378 483 1835 554 καταμηνύοντος,

266 577 579 647 αὐτομάτως
625 573 787 640 οἶδεν,
842 575 918 636 ὼς
979 573 1133 640 Θεὸς,
1192 575 1287 628 καὶ
1340 576 1439 645 οὐχ
1466 576 1556 629 ὅτε
1591 576 1838 645 γίγνεται

267 669 508 739 πρώτως,
543 666 680 721 ἀλλά
712 668 808 720 καὶ
839 668 969 737 πρὶν
1007 666 1274 734 γενέσεως
1306 667 1504 734 αὐτῶν,
1534 670 1611 733 ώς
1639 671 1668 723 ό
1705 686 1838 740 προ-

267 763 435 832 φήτης
461 758 883 830 διεμαρτύρατο.
929 758 1222 828 Περιμένει
1259 759 1316 812 δὲ
1344 761 1471 824 τοὺς
1498 760 1584 828 ἐφ’
1623 761 1838 832 ἑκάστῳ

267 851 502 922 καιροὺς,
532 851 627 903 καὶ
655 851 774 912 ταῖς
805 849 914 901 τῶν
941 849 1283 920 πραγμάτων
1315 850 1677 918 ἀκολουθίαις,
1704 851 1738 921 ἢ
1770 854 1836 923 τῇ

265 940 585 1012 προγνώσει,
619 941 818 1011 μᾶλλον
857 941 1164 995 ἐνδίδωσιν·
1201 938 1270 1011 ἦν
1291 941 1399 1012 γὰρ
1427 942 1491 1012 δὴ
1543 943 1637 996 καὶ
1679 941 1838 995 τοῦτο

264 1031 596 1102 θεοπρεποῦς
647 1031 961 1102 οἰκονομίας
1006 1032 1176 1098 ἄξιον.
1213 1033 1502 1103 Ζητήσεως
1551 1032 1837 1103 τοιγαροῦν

264 1125 555 1196 γενομένης
583 1125 649 1177 ὲκ
688 1123 798 1176 τῶν
833 1123 1090 1194 μαθητῶν
1129 1124 1374 1178 Ἰωάννου
1414 1125 1551 1194 μετά
1586 1125 1835 1178 Ἰουδαίου

265 1218 390 1288 mp‘t
423 1213 786 1288 καθαρισμοῦ,
848 1215 1014 1278 πολὺς
1048 1215 1181 1285 παρ’
1239 1216 1443 1286 ἀμφοῖν
1475 1211 1542 1286 ἦν
1583 1217 1613 1268 δ
1640 1215 1796 1284 λόγος
1819 1233 1834 1246 ·

262 1308 308 1359 οἱ
331 1306 429 1376 μὲν
453 1305 562 1376 γάρ
595 1303 671 1373 τῷ
703 1303 888 1374 οἰκείῳ
915 1303 1216 1374 διδασκάλῳ
1243 1305 1711 1375 συναγορεύοντες,
1731 1304 1838 1359 τῶν

265 1398 499 1468 νομικῶν
529 1396 1023 1468 περιρραντηρίων,
1049 1397 1142 1449 καὶ
1168 1396 1277 1451 τῶν
1323 1399 1454 1468 παρ’
1487 1399 1717 1461 ἐκείνοις
1740 1415 1835 1451 τυ-

263 1491 435 1542 πικιῖη
467 1488 828 1559 καθαρισμῶν
875 1490 932 1541 ἐν
978 1487 1257 1558 ἀμείνοσιν
1294 1488 1394 1560 ἤδη
1437 1488 1651 1559 μέτροις
1679 1488 1741 1541 τὸ
1768 1489 1836 1541 δι’

261 1580 422 1634 αότοῦ
443 1580 695 1646 γενέσθαι
731 1579 1051 1632 διετείνοντο
1096 1579 1398 1649 βάπτισμα.
1445 1582 1554 1634 Καὶ
1575 1579 1662 1650 δὴ,
1693 1580 1835 1635 κατά

1936 391 2059 444 dam
2086 405 2198 445 rem
2229 390 2520 446 manifeste
2537 392 2802 448 declarat.
2833 393 3103 449 Universa
3131 395 3337 465 quippe
3368 397 3515 450 nullo

1937 490 2280 536 monstrante
2329 482 2444 550 ipse
2479 497 2577 552 per
2611 499 2674 538 se
2717 485 2890 547 novit,
2933 494 2990 538 ut
3037 484 3200 549 Deus,
3249 500 3355 539 non
3390 500 3515 538 cum

1937 575 2170 644 primum
2199 574 2356 636 ﬁunt,
2389 575 2484 629 sed
2511 575 2672 629 etiam
2697 585 2984 646 antequam
3015 576 3170 640 ﬁant,
3202 584 3262 630 ut
3285 585 3517 632 testatus

1935 673 2021 721 est
2075 669 2340 736 propheta
2363 668 2452 722 τυ.
2492 667 2783 739 ExspeCtat
2830 678 3012 725 autem
3077 671 3516 740 uniuscujusque

1936 763 2204 826 tempora,
2231 768 2285 812 ct
2316 772 2496 812 rerum
2531 760 2927 814 consecutione
2957 761 3144 829 potius
3177 775 3342 829 quam
3369 775 3507 829 prae-

1938 847 2159 902 notione
2183 845 2372 901 deﬁnit
2401 865 2415 901 :
2447 859 2531 902 est
2554 848 2698 903 enim
2733 849 2865 903 illud
2899 865 3120 919 quoque
3151 851 3334 904 divina
3363 859 3516 905 certe

1937 933 2350 1005 dispensatione
2380 937 2626 1007 dignum.
2660 937 2975 1003 Quaestione
3009 942 3174 1010 igitur
3221 956 3250 994 a
3282 940 3518 999 Joannis

1937 1024 2223 1094 discipulis
2249 1037 2367 1080 orta
2399 1041 2524 1080 cum
2551 1024 2738 1081 Judaeo
2769 1029 2836 1083 de
2884 1030 3288 1098 puriﬁcatione,
3317 1043 3514 1099 magno

1937 1119 2162 1188 utrique
2197 1119 2382 1175 studio
2429 1133 2585 1173 suam
2623 1119 2936 1188 opinionem
2990 1119 3375 1175 defendebant.
3429 1119 3512 1172 Illi

1936 1208 2081 1264 enim
2124 1223 2286 1262 suum
2343 1208 2670 1278 magistrum
2723 1216 2964 1272 tuentes,
2997 1207 3120 1277 ejus
3180 1209 3512 1278 baptismum

1935 1297 2202 1368 legalibus
2232 1297 2648 1366 aspersionibus
2685 1307 2740 1351 et
2780 1299 2982 1367 typicis
3032 1297 3512 1366 puriﬁcationihus

1937 1396 2200 1456 praestare
2234 1387 2662 1441 contendebant.
2696 1386 2776 1438 Ad
2823 1387 2968 1456 quod
3011 1388 3350 1456 probandum
3378 1387 3511 1440 affe-

1937 1481 2149 1542 rebant,
2186 1479 2390 1532 multos
2416 1478 2616 1547 priscis
2647 1476 2845 1532 ritibus
2886 1479 3093 1533 relictis
3123 1478 3189 1530 ad
3215 1493 3338 1532 eum
3369 1477 3513 1531 ultro

1937 1584 1997 1624 se
2026 1567 2300 1623 conferre.
2335 1566 2400 1620 Hi
2428 1575 2634 1631 autem,
2665 1583 2791 1622 cum
2827 1567 3268 1632 adversariorum
3296 1581 3510 1621 sermo-

265 1675 321 1726 τ’)
350 1672 519 1736 εἰκὸς,
549 1672 630 1734 είς
676 1671 948 1734 ἀπόδειξιν
975 1670 1252 1724 ἐποιοῦντο
1276 1671 1367 1724 τοῦ
1395 1671 1738 1744 πράγματος,
1772 1674 1835 1727 τὺ

1941 1658 2100 1714 nibus
2135 1659 2189 1712 in
2236 1672 2480 1728 praeceps
2526 1666 2875 1727 raperentur,
2925 1664 2980 1712 et
3023 1656 3273 1711 veritatis
3305 1657 3356 1709 vi
3407 1670 3514 1710 ceu

265 1763 487 1824 πιλλοὺς
513 1763 613 1831 μὲν
638 1762 775 1815 ίέναι
811 1761 948 1833 πρὸς
991 1763 1172 1824 αὐτὸν,
1213 1763 1322 1816 τῶν
1357 1763 1414 1816 δὲ
1466 1766 1835 1836 ἀρχαιοτέρων

263 1856 353 1908 aut
373 1855 581 1909 ἀνωθεν
624 1853 763 1907 ἐθῶν
806 1854 1002 1923 ἥδιστα
1066 1853 1182 1908 λίαν
1210 1857 1526 1926 ἀποφοιτᾷν.
1561 1859 1624 1910 Οί
1668 1858 1725 1912 δὲ
1766 1854 1832 1912 αὖ

263 1941 443 2005 πάλιν,
509 1940 741 2010 ἐπείπερ
790 1943 904 2003 τοῖς
958 1940 1026 1993 δι’
1063 1942 1311 2006 ἐναντίας
1351 1945 1379 1996 ὁ
1407 1943 1562 2012 λόγος
1611 1946 1836 2017 ἐφέρετο

262 2029 401 2084 κατά
431 2029 696 2100 πρανοῦς,
728 2029 821 2083 καὶ
851 2029 1058 2082 ὑδάτων
1089 2030 1244 2101 δίκην
1277 2033 1710 2104 καταρῤοίζουσα
1736 2035 1837 2105 τῆς

261 2121 517 2191 ἀληθείας
541 2122 575 2191 ἡ
619 2120 866 2189 δύναμις,
914 2120 1005 2172 τὸν
1031 2119 1234 2191 ἀδρανῆ
1282 2121 1392 2174 τῶν
1429 2121 1836 2192 ἀνθεστηκότων

260 2212 522 2276 ἐϐάπτιζε
571 2211 717 2275 νοῦν,
759 2211 854 2264 ἐπὶ
911 2211 972 2264 τὸ
1010 2212 1162 2282 παρὰ
1204 2213 1430 2284 γνώμην
1455 2215 1713 2286 χωροῦσι,
1743 2217 1839 2270 καὶ

259 2305 503 2367 ἄκοντες,
521 2302 658 2355 πολὺ
679 2301 743 2372 δὴ
761 2301 977 2354 κάλλιον
997 2301 1134 2356 εἶναι
1155 2303 1402 2371 λέγοντες
1412 2305 1472 2357 τὸ
1493 2306 1581 2360 διά
1601 2307 1836 2378 Χριστοῦ

258 2392 554 2464 λεγόμενον
577 2392 880 2463 βάπτισμα·
905 2394 1002 2446 καὶ
1037 2395 1406 2465 κατεκράτουν
1423 2397 1544 2468 ἤδη,
1571 2402 1682 2462 τοῖς
1705 2399 1837 2465 ῐσοις

257 2486 339 2547 εἰς
361 2485 638 2548 ἀπόδειξιν
665 2485 1108 2554 ἀποχρησάμενοι
1146 2484 1442 2556 λογισμοῖς,
1479 2489 1574 2541 καὶ⁵
1617 2490 1706 2542 διὰ
1729 2491 1838 2543 τῶν

258 2575 441 2628 αὐτῶν
456 2573 856 2644 ἐνθυμημάτων
876 2576 987 2637 τοῖς
1005 2576 1350 2645 νενικηκόσιν
1368 2577 1802 2650 ἀντεγειρόμενοι
1819 2598 1833 2612 ·

259 2664 442 2733 πολλῷ
465 2664 575 2734 γὰρ
601 2664 832 2732 ὁρᾶσθαι
859 2664 1076 2728 πλείους
1097 2665 1492 2737 διισχυρίζοντο
1513 2671 1640 2734 τοὺς
1667 2687 1838 2743 προσ-

1933 1749 2170 1822 quodam
2201 1764 2467 1819 aquarum
2500 1749 2868 1803 obruerentur
2900 1748 3126 1816 impetu,
3163 1752 3362 1814 praeter
3389 1760 3514 1800 sen-

1933 1843 2163 1898 tentiam
2222 1848 2386 1909 atque
2441 1841 2596 1894 inviti
2653 1840 2809 1894 fateri
2860 1846 3135 1909 coguntur
3183 1837 3342 1906 longe
3379 1851 3514 1905 prai-

1935 1932 2174 1988 stantius
2207 1945 2334 1987 esse
2365 1930 2576 1985 Christi
2621 1931 2919 1999 baptisma,
2955 1928 3385 1995 obtinebantque
3413 1927 3512 1980 de—

1937 2038 2084 2077 mum
2123 2022 2316 2076 iisdem
2347 2028 2561 2076 utentes
2591 2021 2656 2074 ad
2685 2021 2736 2074 id
2765 2019 3255 2075 demonstrandum
3287 2017 3514 2072 rationi-

1935 2115 2061 2180 bus,
2095 2123 2149 2169 et
2191 2113 2468 2169 similibus
2499 2112 2840 2182 argumentis
2871 2111 2924 2164 in
2957 2111 3191 2164 victores
3227 2111 3387 2180 176
3427 2109 3513 2163 in-

1937 2205 2250 2276 surgebant;
2278 2203 2451 2255 multo
2475 2202 2659 2271 plures
2688 2200 2832 2254 enim
2859 2200 2923 2253 ad
2949 2198 3224 2252 Christum
3252 2213 3416 2267 quam
3443 2195 3514 2254 ad

1936 2274 2196 2351 Joannem
2228 2292 2512 2354 accedere,
2543 2292 2650 2345 imo
2671 2307 2798 2346 νθιο
2827 2298 3055 2345 οιιηςιοε
3079 2305 3368 2345 accurrere
3395 2289 3511 2343 aie—

1936 2387 2086 2442 bant.
2121 2385 2258 2440 ﬂinc
2285 2384 2481 2453 Opinor
2517 2384 2774 2437 incensos
2824 2380 3055 2435 Joannis
3093 2381 3394 2449 discipulos
3444 2379 3513 2433 ad

1937 2475 2256 2545 magistrum
2306 2489 2466 2528 suum
2521 2472 2760 2537 venisse,
2791 2471 3033 2525 dicentes
3077 2487 3091 2522 :
3133 2488 3152 2521 ι
3188 2469 3382 2532 Rabbi,
3416 2468 3512 2536 qui

1938 2578 2052 2622 erat
2073 2575 2250 2621 tecum
2278 2572 2432 2619 trans
2453 2562 2767 2626 Jordanem,
2790 2562 2877 2616 cui
2905 2569 2962 2614 tu
2990 2561 3362 2615 testimonium
3387 2572 3514 2628 per-

1938 2657 2186 2721 bibuisli,
2218 2670 2366 2718 ecce,
2407 2655 2498 2708 hic
2547 2654 2812 2722 baptizat,
2870 2661 2924 2706 et
2966 2667 3156 2705 omnes
3189 2651 3412 2706 veniunt
3443 2649 3514 2703 ad

1937 2763 2060 2802 eum
2090 2748 2155 2801 ⁷⁸.
2200 2765 2218 2797 ›
2259 2745 2570 2799 Judzeorum
2606 2745 2808 2813 quippe
2843 2743 3216 2797 contentiosas
3262 2740 3514 2810 proposi-

261 2760 443 2818 ιὸντας
497 2754 736 2825 Χριστῷ,
792 2755 888 2808 καὶ
934 2755 1140 2820 πάντας
1187 2757 1380 2827 ἐκείνῳ
1431 2760 1653 2830 μᾶλλον,
1695 2764 1838 2833 ἤπερ

1939 2841 2115 2893 tiones
2167 2838 2283 2892 sive
2335 2837 2576 2890 rationes
2623 2833 3086 2888 demonstrativas
3142 2827 3514 2898 interrogandi

271 2843 496 2914 Ἰωάννῃ
549 2843 941 2914 προστρέχειν·
995 2844 1116 2898 ὅθεν
1172 2841 1323 2916 οἶμαι
1381 2849 1476 2901 καὶ
1521 2851 1602 2912 είς
1662 2851 1838 2922 λύπην

259 2933 673 2996 ἀνακαυθέντας
705 2935 831 2998 τοὺς
870 2934 1114 2989 Ἰωάννου
1144 2937 1420 3006 μαθητὰς,
1443 2939 1521 3010 τῷ
1547 2941 1729 3011 οἰκείῳ
1757 2918 1838 2994 δὲ-

1941 2928 2102 2982 modo
2150 2925 2456 2996 proferunt.
2491 2922 2632 2978 Hinc
2678 2937 2809 2992 ergo
2847 2920 3186 2990 evangelista
3225 2918 3515 2972 Dominum

257 3024 516 3094 δασκάλῳ
545 2985 862 3094 προσελθεῖν
886 2985 1245 3092 λέγονταςΐ·
1261 2985 1839 3102 ίρῖὸνϐίῖ

1941 3017 2018 3071 ait
2046 3017 2393 3087 cognovisse,
2453 3012 2602 3084 quod
2644 3012 2930 3066 audierant
2985 3009 3269 3070 Pharisaai,
3326 3005 3516 3062 Jesum

262 3117 363 3170 σοῦ
390 3116 560 3186 πέραν
617 3116 712 3169 τοῦ
755 3117 1040 3187 Ἰορδάνου,
1083 3110 1128 3184 ᾦ
1164 3119 1228 3172 σὺ
1276 3121 1729 3193 μεμαρτύρηκας,
1763 3125 1839 3176 ίδε

1941 3143 2137 3198 nempe
2174 3126 2362 3196 plures
2417 3124 2721 3196 discipulos
2777 3124 2960 3178 facere
3010 3134 3173 3191 quam
3221 3117 3512 3172 Joannem.

252 3199 418 3268 οὗτος
442 3205 714 3274 βαπτίζει,
738 3208 832 3260 καὶ
856 3207 1055 3270 πάντες
1077 3207 1324 3278 ἔρχονται
1352 3211 1487 3279 πρὸς
1523 3211 1703 3266 αὐτόν.
1729 3213 1839 3276 Τὰς

1941 3218 2065 3274 Iiox
2097 3234 2287 3273 eorum
2329 3219 2604 3288 ingentem
2629 3217 2810 3270 vitans
2845 3213 3133 3276 invidiam,
3166 3218 3221 3266 et
3253 3224 3354 3266 suo
3379 3217 3517 3264 tem-

257 3298 375 3366 γὰρ
400 3296 458 3362 ἐξ
484 3296 659 3367 ἔριδος
685 3298 794 3350 τῶν
833 3298 1098 3353 Ἰουδαίων
1135 3301 1445 3370 προτάσεις,
1481 3303 1600 3373 ἦτοι
1651 3305 1839 3373 λόγους

1944 3310 2064 3379 pori
2099 3309 2412 3378 passionem
2451 3322 2770 3370 reservans,
2817 3321 2885 3361 ex
2925 3304 3240 3360 Judaeorum
3293 3301 3516 3372 regione

255 3388 702 3452 ἀποδεικτικοὺς,
717 3388 792 3452 ὡς
809 3391 867 3443 ἐν
883 3389 1148 3461 ἐρωτήσει
1175 3393 1545 3462 προΐσχονται.
1565 3395 1839 3450 Ἐντεῦθεν

1945 3414 2004 3456 se
2038 3400 2314 3467 subducit,
2357 3415 2690 3469 rursumque
2719 3398 3014 3454 revertitur
3056 3397 3112 3451 in
3142 3394 3444 3450 Galilaeam.

255 3478 556 3549 τοιγαροῦν
583 3480 878 3546 ἐγνωκέναι
925 3480 1086 3549 φησὶν
1120 3481 1149 3532 ὁ
1178 3481 1568 3554 εύαγγελιστὴς
1594 3485 1686 3537 τὸν
1719 3485 1944 3556 Κύριον,
1974 3489 2056 3540 ὅτι
2082 3489 2317 3559 ἤκουσαν
2387 3490 2436 3542 οἱ
2503 3488 2805 3557 Φαρισαῖοι,
2839 3487 2920 3540 ὅτι
2999 3483 3203 3552 Ἰησοῦς
3265 3483 3516 3544 πλείονας

263 3574 518 3646 μαθητὰς
547 3574 769 3643 ποιεῖ,ἢ
812 3573 1086 3643 Ἰωάννης.
1115 3570 1248 3628 Εἶτα
1275 3575 1364 3628 τὸν
1388 3575 1624 3643 ἐξαίσιον
1689 3580 1868 3635 αὐτῶν
1941 3584 2372 3654 παραιτούμενος
2425 3582 2650 3653 φθόνον,
2697 3582 2792 3634 καὶ
2834 3580 3010 3652 καιρῷ
3061 3579 3343 3648 φυλάττων
3403 3579 3518 3640 ἰδίῳ

258 3673 327 3726 τὸ
372 3670 585 3730 παθεῖν,
641 3669 740 3738 τῆς
769 3669 866 3738 μὲν
895 3669 1003 3722 τῶν
1051 3670 1316 3724 Ἰουδαίων
1354 3672 1602 3738 ὑπέξεισι
1631 3674 1836 3746 χώρας,
1876 3677 2148 3750 ἀναχωρεῖ
2173 3678 2228 3732 δὲ
2251 3679 2412 3732 πάλιν
2433 3679 2514 3741 είς
2551 3676 2648 3748 τὴν
2678 3675 2987 3730 Γαλιλαίαν.

338 3762 495 3814 Ἔδει
531 3760 603 3812 δὲ
638 3760 826 3813 αὐτόν
854 3759 1192 3828 διέρχεσθαι
1226 3761 1327 3816 διὰ
1346 3762 1458 3831 τῆς
1479 3767 1839 3835 Σαμαρείας·

2021 3769 2109 3835 IV,
2146 3769 2200 3835 4,
2232 3771 2285 3824 5.
2333 3767 2621 3835 Oportebat
2661 3778 2836 3821 autem
2864 3782 2982 3820 eum
3011 3763 3239 3817 transire
3281 3777 3374 3830 per
3405 3759 3520 3816 Sa-

262 3857 502 3922 ἐρχεται
542 3849 657 3906 οὖν
671 3853 758 3917 εἷς
791 3852 972 3904 πόλιν
999 3851 1112 3920 τῆς
1135 3855 1466 3923 Σαμαρείας
1509 3857 1839 3926 λεγομένην

1950 3861 2197 3914 marium.
2235 3859 2382 3914 Venit
2415 3875 2535 3928 ergo
2565 3859 2617 3912 in
2649 3859 2911 3911 civitatem
2947 3855 3210 3910 Samaria:
3238 3869 3353 3922 qua:
3389 3853 3516 3906 dici-

265 3944 505 4010 Συχὰρ,
567 3942 834 4008 πλησίον
883 3942 990 3996 τοῦ
1036 3945 1274 4020 χωρίου,
1313 3946 1345 3999 ὃ
1383 3946 1606 4002 ἔδωκεν
1645 3949 1839 4005 Ἰακὼό

1949 3957 2034 4002 tur
2062 3948 2276 4013 Sichar,
2304 3948 2458 4014 iuxta
2483 3945 2740 4014 prazdium
2779 3942 2915 4012 quod
2951 3940 3095 3996 dedit
3121 3937 3287 3992 Jacob
3320 3936 3515 4005 Ioseph

279 4032 495 4099 Ἰωσὴφ
526 4030 608 4096 τῷ
627 4029 735 4095 υἱῷ
769 4032 977 4086 αὑτοῦ.
1945 4041 2058 4111 ﬁlio
2097 4055 2213 4094 suo.

343 4125 406 4175 Ὢ
433 4122 639 4191 πολλῆς
669 4123 968 4189 ἀγχινοίας,
1001 4126 1093 4177 καὶ
1115 4127 1356 4197 ἀκράτου
1383 4129 1593 4201 νήψεως
1614 4133 1626 4186 !
1650 4132 1839 4202 φθάνει

2017 4132 2062 4186 0
2090 4131 2283 4186 miram
2311 4130 2515 4200 ingenii
2548 4126 2930 4190 acrimoniam,
2964 4137 3028 4178 ac
3063 4120 3381 4176 defaecatam
3421 4133 3516 4175 so-

271 4215 384 4274 ταῖς
411 4210 731 4277 ἀπολογίαις
763 4209 828 4262 τὰ
875 4209 1204 4282 ζητήσεσθαι
1236 4217 1695 4290 προσδοκώμενα·
1719 4217 1839 4275 εἷπε

1946 4224 2160 4281 lertiam
2194 4225 2207 4277 !
2235 4221 2611 4292 respondendo
2642 4218 2903 4291 praevenit
2924 4231 3044 4287 quae
3075 4230 3200 4269 mox
3225 4212 3518 4284 quierenda

273 4308 374 4374 γὰρ
399 4303 466 4356 ἀν
495 4319 579 4363 τις
605 4303 787 4368 εὐθὺς,
810 4304 844 4374 ἢ
883 4304 1054 4374 ἑτέρῳ
1099 4307 1435 4377 προσλαλῶν,
1474 4310 1506 4380 ἢ
1545 4310 1839 4380 λεληθότως

1948 4317 2260 4373 veniebant.
2312 4315 2546 4371 Dixisset
2580 4316 2722 4370 enim
2767 4312 2953 4367 statim
3001 4308 3222 4378 aliquis,
3269 4315 3364 4360 aut
3393 4321 3514 4361 cum

278 4391 747 4463 διενθυμούμενος·
776 4394 882 4446 Τοῦ
914 4394 976 4463 δὴ
1003 4395 1162 4466 χάριν
1185 4400 1213 4451 ὁ
1235 4398 1437 4470 Κύριος
1460 4401 1614 4471 ἡμῶν
1638 4403 1839 4472 Ἰησοῦς

1950 4409 2058 4463 alio
2091 4408 2426 4477 colloquens,
2465 4415 2559 4460 aut
2594 4406 2733 4460 clam
2764 4403 2906 4474 apud
2939 4418 2996 4458 se
3019 4403 3268 4472 cogitans
3295 4419 3307 4454 :
3344 4399 3516 4464 Quam

281 4481 527 4554 Χριστὸς,
558 4485 658 4537 οὐκ
682 4487 740 4538 ἐν
751 4485 924 4556 καιρῷ
944 4485 1022 4556 τῷ
1045 4489 1334 4560 καθήκοντι
1359 4492 1468 4547 τῶν
1491 4495 1839 4566 Σαμαρειτῶν

1950 4501 2166 4556 demum
2207 4500 2276 4553 ob
2306 4513 2525 4553 causam
2567 4497 2832 4550 Dominus
2865 4503 3052 4548 noster
3083 4490 3242 4547 Jesus
3272 4491 3522 4545 Christus

281 4574 571 4646 ἐποιήσατο
601 4579 917 4647 φωτισμόν;
951 4579 1228 4649 Προσῆλθε
1260 4583 1360 4653 μὲν
1389 4583 1496 4655 γὰρ
1523 4586 1556 4656 ή
1589 4586 1848 4656 Συροφοι-

279 4665 489 4718 νίκισσά
515 4682 668 4728 ποτε,
696 4667 786 4720 τὸν
809 4669 900 4720 ἐπὶ
949 4671 1014 4737 τῇ
1063 4670 1393 4743 ταλαιπώρῳ
1445 4673 1677 4746 θυγατρὶ
1709 4675 1845 4745 μετά

281 4755 524 4827 δακρύων
554 4759 704 4812 ἔλεον
732 4759 1038 4827 ἐξαιτοῦσα,
1059 4763 1152 4815 καὶ
1174 4763 1224 4815 τί
1263 4766 1402 4835 πρὸς
1425 4767 1590 4837 αὐτὴν
1623 4769 1649 4820 ὁ
1670 4767 1845 4836 φιλοι-

284 4847 564 4915 κτίρμων;
595 4865 614 4898 ι
658 4849 731 4900 υύ
775 4849 953 4914 καλὸν,
1001 4851 1156 4921 φησὶ,
1186 4851 1368 4907 λαϐεῖν
1399 4855 1488 4907 τὸν
1538 4857 1700 4925 ἄρτον
1739 4855 1849 4907 τῶν

283 4935 504 4999 τέκνων,
536 4938 632 4990 καὶ
659 4937 840 5006 βαλεῖν
881 4942 996 5002 τοῖς
1039 4942 1347 5011 κυναρίοις·
1381 4961 1398 4992 ι
1425 4944 1485 4995 ού
1519 4944 1645 5013 γὰρ,
1669 4940 1848 5012 οἶμαι,

277 5025 386 5079 δεῖν
405 5027 720 5096 ἐδοκίμαζε,
756 5028 1006 5100 πρόωρον
1058 5033 1170 5093 τοῖς
1219 5029 1278 5094 ἐξ
1329 5031 1496 5084 ἐθνῶν
1523 5033 1621 5101 τὴν
1649 5036 1760 5095 τοῖς
1791 5033 1851 5098 ἐξ

291 5116 506 5189 Ἰσραὴλ
565 5121 1003 5190 ἀπονεμηθεῖσαν
1058 5121 1531 5192 ἐπιδαψιλεύεσθαι
1577 5126 1774 5194 χάριν·
1822 5125 1852 5177 δ

272 5207 340 5278 δὴ
365 5209 455 5262 καὶ
480 5211 814 5282 σαφέστερον
831 5212 990 5275 αὐτὸς
1011 5213 1184 5266 ἐποίει
1206 5213 1376 5282 λέγων
1392 5230 1406 5245 ·
1435 5232 1454 5264 ι
1483 5216 1594 5268 Οὐκ
1617 5217 1853 5269 ἀπεστά-

274 5300 398 5370 λην,
460 5303 508 5354 εί
563 5303 640 5372 μὴ
683 5305 762 5366 είς
809 5305 878 5356 τὰ
921 5305 1167 5372 πρόϐατα
1211 5307 1278 5360 τὰ
1319 5307 1632 5362 ἀπολωλότα
1700 5309 1849 5362 οἴκου

284 5393 528 5463 Ἰσραήλ.
563 5414 582 5446 ι
618 5396 742 5459 Πῶς
779 5393 869 5450 οὖν
911 5396 1040 5467 ἄρα,
1069 5400 1290 5469 φήσειε]
1315 5400 1379 5454 ἄν
1411 5417 1513 5467 τις,
1541 5403 1570 5454 ὁ
1593 5402 1728 5472 πρὸς
1759 5403 1852 5472 μό-

1950 4607 2061 4647 non
2113 4604 2356 4661 congruo
2419 4596 2662 4658 tempore
2715 4587 3092 4641 Samaritanos
3151 4580 3524 4636 illuminavit?

1947 4681 2193 4736 Accessit
2218 4681 2363 4734 enim
2396 4677 2692 4749 aliquando
2719 4677 3140 4748 Syrophmnissa
3164 4673 3376 4727 miserae
3399 4670 3522 4723 ﬁliae

1951 4769 2382 4826 misericordiam
2442 4771 2671 4839 supplex
2708 4780 2899 4837 petens
2959 4778 3084 4819 cum
3125 4761 3405 4832 lacrymis.
3458 4758 3522 4810 Et
3589 4793 3592 4796 .

1949 4865 2077 4934 quid
2115 4865 2180 4918 ad
2230 4879 2348 4918 eam
2399 4863 2487 4917 ille
2537 4858 2885 4916 misericors?
2919 4875 2938 4907 ι
2974 4856 3092 4909 Non
3142 4861 3226 4908 est
3281 4853 3518 4912 bonum,
3583 4851 3586 4858 λ

1953 4956 2150 5025 inquit,
2199 4956 2446 5022 accipere
2491 4965 2682 5022 panem
2718 4950 2976 5010 ﬁliorum,
3031 4953 3084 5000 et
3117 4944 3334 4996 mittere
3369 4940 3521 4993 cani-

1953 5041 2058 5096 bus
2091 5042 2157 5095 ⁷⁸.
2198 5060 2215 5091 ι
2251 5040 2366 5094 Νοιι
2411 5039 2557 5094 enim
2587 5037 2855 5106 placebat,
2895 5042 2951 5088 ut
2985 5047 3130 5096 reor,
3177 5029 3410 5101 gratiam
3447 5027 3523 5079 ls-

1956 5132 2162 5186 raelitis
2211 5131 2544 5199 assignatam
2582 5135 2907 5195 pramature
2951 5121 3244 5193 gentilibus
3279 5119 3518 5187 elargiri.

1958 5222 2113 5290 Quod
2166 5222 2281 5291 ipse
2335 5219 2555 5289 quidem
2619 5217 2798 5286 palam
2859 5215 3094 5268 faciebat
3150 5213 3235 5266 his
3290 5210 3521 5264 verbis:

1963 5332 1983 5366 ι
2023 5313 2141 5368 Νοιι
2201 5327 2321 5367 sum
2364 5311 2566 5366 missus
2618 5307 2723 5362 nisi
2781 5306 2847 5360 ad
2901 5320 3030 5360 oves
3078 5319 3198 5373 quae
3248 5302 3524 5372 perierunt

1959 5403 2155 5458 domus
2185 5400 2344 5456 Israel
2373 5401 2472 5452 ".n
2510 5396 2797 5464 Quomodo
2830 5397 3016 5468 igitur,
3051 5395 3266 5466 inquiet
3291 5391 3522 5463 aliquis,

352 5567 420 5599 "‘
454 5568 584 5624 Dan.
621 5571 866 5634 xm,2i.
906 5573 955 5606 ⁷⁸
987 5571 1146 5627 Joan.
1185 5589 1266 5639 ιιι,
1300 5574 1392 5631 26.
1472 5577 1517 5608 ⁷ο
1549 5573 1739 5630 Matth.
1773 5592 1839 5630 tv

1941 5577 1981 5632 5.
2055 5578 2100 5607 ⁷⁷
2131 5575 2264 5631 ibid.
2297 5575 2386 5630 24.
