4038 6210
510 213 612 274 291

1501 209 1561 267 S.
1600 207 1888 266 CYRILLI
1919 207 2382 265 ALEXANDRINI
2419 209 2740 266 ARCHIEP.

3661 215 3766 271 292

510 329 608 401 qui
633 325 702 383 ad
731 326 908 382 solum
943 327 1147 382 missus
1177 334 1260 380 cst
1300 321 1583 387 lsraelem,
1620 321 2085 376 Samaritanorum

2197 339 2286 375 νον
2308 322 2714 392 ἀπεσταλμένος
2743 322 2834 376 τὸν
2871 323 3086 395 Ἰσραὴλ
3130 323 3193 377 τδ
3228 325 3588 396 Σαμαρειτῶν
3611 331 3763 389 Errat.

512 434 692 490 genus
717 418 1001 482 edocebat,
1039 415 1294 487 quamvis
1342 413 1510 469 Israel
1557 413 1790 482 gratiam
1847 411 2089 466 nondum

513 523 746 579 prorsus
790 504 1170 562 excussisset?
1213 503 1649 574 liesponsionem
1680 502 1749 557 ad
1785 502 1900 556 haec
1936 501 2093 556 aﬂert

511 604 877 674 probabilem,
920 600 1082 670 idque
1112 614 1237 653 cum
1269 599 1605 654 auctoritate
1632 597 1890 668 quadam,
1928 596 2094 652 nimi-

514 710 660 758 rum,
700 712 720 744 ι
759 691 1060 761 Oportebat
1088 696 1272 744 autem
1306 703 1432 744 eum
1483 688 1727 743 transire
1755 701 1854 757 per
1895 685 2091 741 Sama-

514 785 674 840 riam.
717 802 735 835 ι
770 781 890 861 Non
914 781 1060 837 enim
1091 795 1213 836 eam
1239 780 1412 836 solam
1444 780 1515 836 ob
1549 794 1778 836 causam
1807 780 1864 834 in
1895 778 2089 834 Samae

511 878 653 933 riam
679 877 828 932 venit
857 882 916 930 ut
945 875 1016 930 ibi
1041 873 1366 945 praedicaret
1383 873 1634 940 verbum,
1665 880 1722 928 et
1736 878 1908 927 totam
1929 872 2092 942 plane

513 969 582 1022 ad
615 983 710 1022 eos
737 966 1067 1022 transferret
1099 963 1319 1019 lsraelis
1344 963 1808 1030 benedictionem,
1839 963 1933 1018 sed
1953 977 2090 1032 quo-

513 1059 658 1112 niam
709 1058 837 1112 illac
880 1056 1279 1113 transeundum
1328 1061 1469 1120 erat,
1500 1054 1729 1109 'idcirco
1766 1055 1948 1116 docet,
1999 1068 2090 1108 sa-

512 1149 735 1218 pientiae
770 1163 910 1218 opus
938 1161 1226 1217 peragens.
1247 1144 1724 1212 Quemadmodum
1753 1145 1907 1214 177
1941 1143 2086 1198 enim

513 1240 655 1310 ignis
707 1239 1014 1293 naturalem
1073 1237 1269 1292 urendi
1331 1236 1441 1291 vim
1491 1235 1694 1290 habere
1731 1249 1840 1289 non
1888 1241 2087 1299 cessat,

512 1331 595 1386 sic
641 1331 806 1384 etiam
841 1331 1003 1400 plane
1039 1328 1154 1383 ﬁeri
1202 1344 1311 1383 non
1355 1342 1524 1398 posse
1573 1335 1821 1390 autumo,
1861 1335 1922 1380 ut
1966 1327 2090 1381 uni-

511 1419 656 1474 versi
691 1418 969 1487 Sapientia
991 1417 1138 1487 quod
1168 1419 1449 1487 sapientiae
1479 1419 1739 1471 convenit
1769 1431 1876 1471 non
1898 1416 2085 1472 faciat.

517 1513 582 1565 Et
603 1509 1059 1580 quemadmodum
1085 1509 1303 1563 tametsi
1335 1508 1542 1564 diceret
1563 1522 1673 1562 non
1699 1507 1867 1562 licere
1888 1521 2084 1578 panem

514 1603 752 1656 ﬁliorum
817 1600 1034 1654 mittere
1098 1599 1365 1664 canibus,
1423 1597 1756 1652 mulierculae
1812 1606 1996 1652 tamen
2029 1598 2086 1651 in

2191 413 2312 466 δευε
2340 413 2517 482 γένος,
2548 415 2726 468 καίτοι
2763 414 2858 468 τοῦ
2908 416 3124 488 Ἰσραὴλ
3150 415 3306 471 οὔπω
3345 421 3629 486 παντελῶς
3668 426 3766 496 τὴν

2191 505 2350 574 χάριν
2370 506 2832 569 ἀπολακτίσαντος
2857 523 2871 570 ;
2909 508 3052 578 Πρὸς
3071 509 3134 579 δὴ
3157 508 3226 562 τὰ
3261 511 3507 577 τοιαῦτα,
3537 515 3766 586 πιθανὴν

2193 593 2311 664 μετ’
2338 593 2588 658 ἐξουσίας
2608 597 2706 665 τὴν
2735 596 3035 664 ἀπολογίαν
3080 599 3326 670 εἰσφέρει
3358 601 3438 666 τὸ,
3473 622 3492 653 ι
3533 603 3679 656 Ἔδει
3712 606 3767 658 δὲ

2189 683 2353 738 αὐτὸν
2401 685 2709 755 διέρχεσθαι
2745 686 2839 742 διὰ
2867 689 2966 757 τῆς
3012 689 3326 758 Σαμαρείας
3355 708 3372 723 ο
3406 709 3424 741 ι
3452 693 3521 745 οὐ
3564 694 3675 764 γὰρ
3704 696 3768 767 δὴ

2189 773 2379 827 τούτου
2419 791 2484 843 γε
2539 774 2700 828 ἕνεκα
2744 777 2841 828 καὶ
2884 776 3048 846 μόνου
3097 777 3200 847 τὴν
3248 778 3386 850 πρὸς
3421 781 3767 854 Σαμαρείτας

2189 864 2500 936 ἀποδημίαν
2540 866 2836 931 ἐστείλατο,
2897 867 2982 936 ἐφ’
3017 861 3122 936 ᾧτε
3173 869 3408 940 κηρύξαι
3431 873 3561 942 παρ’
3587 875 3768 937 αὐτοῖς

2186 961 2279 1013 τὸν
2310 959 2488 1027 λόγον,
2514 959 2608 1011 καὶ
2632 959 2760 1029 ὅλην
2793 958 2852 1024 ἐξ
2878 959 3002 1012 ὅλου
3033 961 3372 1030 μεταστῆσαι
3399 961 3500 1031 τὴν
3518 963 3767 1031 εὐλογίαν

2186 1050 2282 1104 τοῦ
2314 1051 2535 1120 Ἰσραήλ
2549 1067 2562 1082 ·
2581 1049 2696 1105 ἀλλ’
2719 1051 2953 1121 ἐπείπερ
2972 1049 3081 1104 ἔδει
3095 1052 3490 1123 παρέρχεσθαι,
3505 1054 3594 1106 διὰ
3610 1055 3766 1108 τοῦτο

2188 1141 2456 1206 διδάσκει,
2481 1143 2541 1195 τὸ
2572 1142 2765 1210 σοφίας
2795 1141 2957 1212 ἔργον
2981 1143 3278 1196 ἀποτελῶν.
3301 1144 3514 1214 Ὠσπερ
3533 1146 3645 1216 γὰρ
3669 1148 3767 1199 οὐκ

2187 1232 2255 1285 ἀν
2289 1250 2420 1286 ποτε
2463 1234 2560 1304 τῆς
2609 1232 2836 1304 ἐνούσης
2884 1233 3034 1304 αὐτῷ
3077 1237 3220 1288 κατὰ
3254 1235 3416 1305 φύσιν
3464 1238 3767 1309 καυπικῆς

2187 1325 2467 1396 ἐνεργείας
2495 1324 2798 1397 καταλῆξαι
2842 1327 2903 1379 τὸ
2939 1325 3072 1396 πῦρ,
3107 1326 3285 1390 οὕτως
3329 1323 3487 1397 οἶμαι
3517 1329 3661 1382 κατά
3703 1331 3764 1384 τὸ

2189 1416 2447 1478 παντελὲς
2479 1417 2748 1486 ὑπάρχειν
2803 1418 3106 1489 ἀμήχανον,
3137 1419 3239 1488 τὴν
3269 1419 3378 1472 τῶν
3406 1421 3544 1474 ὅλων
3576 1423 3761 1490 σοφίαν

2190 1503 2265 1575 μὴ
2293 1506 2415 1575 οὐχὶ
2441 1505 2503 1558 τὸ
2533 1504 2695 1575 σοφίᾳ
2749 1506 2958 1577 πρέπον
2997 1507 3242 1577 ἐνεργεῖν
3265 1523 3277 1536 ·
3319 1508 3414 1559 καὶ
3443 1505 3634 1578 ὥσπερ
3663 1509 3762 1560 οὐκ

2186 1592 2387 1658 ἐξεῖναι
2425 1593 2597 1662 λέγων
2654 1593 2840 1648 λαϐεῖν
2883 1595 2976 1648 τὸν
3034 1594 3198 1665 ἄρτον
3245 1595 3355 1662 τῶν
3391 1596 3617 1663 τέκνων,
3668 1598 3762 1650 καὶ

513 1694 782 1764 lacrymas
836 1691 1022 1747 effusa:
1059 1699 1115 1746 et
1163 1692 1354 1745 multis
1406 1691 1589 1746 verbis
1650 1690 2085 1746 misericordiam

2190 1685 2370 1755 βαλεῖν
2387 1687 2500 1748 τοῖς
2522 1687 2820 1757 κυναρίοις,
2841 1686 3290 1758 δακρυρροοῦντι,
3312 1689 3410 1741 καὶ
3435 1688 3650 1752 πολλοῖς
3683 1691 3761 1753 είς

511 1783 688 1838 oranti
716 1791 879 1853 atque
900 1783 1199 1838 obtestanti
1223 1783 1453 1852 gratiam
1487 1781 1696 1850 injeCit,
1723 1795 1832 1836 non
1866 1780 2089 1836 aliunde

513 1875 820 1943 praxtituto
868 1874 1033 1928 dandi
1087 1882 1360 1943 tempore,
1397 1874 1491 1929 sed
1548 1872 1680 1926 illud
1741 1886 1866 1926 cum
1927 1869 2088 1926 Patre

510 1965 630 2034 ipse
665 1964 949 2029 deﬁniens,
977 1975 1032 2018 ut
1061 1963 1258 2029 Filius,
1280 1973 1336 2019 et
1374 1963 1538 2030 Deus,
1565 1977 1629 2018 ac
1656 1963 1921 2020 Dominus
1955 1982 1969 2019 :
2003 1963 2086 2019 sic

509 2057 676 2111 etiam
719 2056 1016 2111 miseratus
1046 2066 1131 2111 est
1167 2053 1566 2121 Samaritanos,
1593 2063 1647 2111 et
1695 2054 1896 2109 divinae
1930 2062 2084 2124 pote-

511 2147 672 2202 statis
706 2145 1032 2202 ineffabilem
1085 2147 1194 2200 vim
1237 2160 1512 2210 reserans,
1555 2147 1867 2200 universam
1906 2145 2086 2216 regio-

510 2251 636 2292 nem
693 2237 752 2292 in
802 2238 905 2291 viai
957 2245 1278 2292 transcursu
1330 2237 1694 2292 illuminabat.
1746 2237 1888 2303 Quid
1937 2237 2084 2306 quod

511 2331 697 2384 minus
727 2336 1159 2383 consentaneum
1191 2337 1309 2383 erat
1337 2327 1593 2382 lsraelem
1625 2328 1734 2396 jam
1774 2329 1828 2382 in
1876 2328 2084 2383 rabiem

511 2423 693 2470 actum
755 2427 810 2471 et
875 2418 1080 2471 caedem
1149 2416 1363 2471 Domini
1431 2418 1785 2470 meditantem
1843 2417 2087 2486 perfecte

509 2506 663 2577 diligi
695 2525 710 2573 ;
747 2507 840 2562 sed
875 2522 997 2561 cum
1033 2507 1278 2560 nondum
1313 2507 1444 2562 totis
1489 2509 1707 2573 animis,
1738 2523 1929 2562 verum
1959 2523 2084 2562 cum

508 2599 884 2653 moderatione
915 2600 1147 2668 quadam
1184 2611 1634 2670 persequeretur,
1666 2601 1872 2656 idcirco
1900 2599 2086 2655 Domi-

508 2702 614 2742 nus
675 2696 866 2743 noster
923 2687 1087 2743 Jesus
1132 2689 1383 2744 Christus
1437 2691 1673 2744 necdum
1726 2705 1855 2744 eum
1907 2692 2086 2760 gratia

509 2791 736 2848 prorsus
768 2778 940 2840 exuit,
964 2785 1344 2833 verumtamen
1367 2779 1432 2831 ad
1460 2779 1598 2834 alios
1627 2781 1889 2849 paulatim
1919 2780 2086 2835 bene-

506 2867 804 2922 dictionem
839 2881 993 2920 suam
1023 2869 1279 2923 traducit.
1321 2869 1476 2935 Quod
1500 2879 1682 2926 autem
1717 2887 1746 2926 e
1768 2870 2079 2928 Judaeorum

509 2959 733 3028 regione
756 2973 983 3028 prorsus
1003 2959 1290 3025 excedere,
1308 2969 1362 3015 et
1393 2962 1464 3016 ad
1487 2963 1823 3033 alienigenas
1845 2965 2082 3035 migrare

510 3065 622 3121 prae
662 3065 722 3105 se
771 3050 875 3106 fert
917 3059 1140 3122 propter
1187 3053 1582 3109 immanitatem
1614 3057 2080 3126 persequentium,

511 3143 685 3212 ﬁgura
714 3143 960 3212 quaedam
990 3151 1074 3199 est
1104 3159 1212 3216 qua
1249 3145 1592 3202 interminari
1630 3148 1868 3213 videtur,
1899 3149 2085 3220 gratiae

504 3231 782 3302 iacturam
820 3236 1041 3305 penitus
1099 3238 1365 3305 tacturos,
1409 3247 1462 3293 et
1506 3254 1665 3295 suum
1701 3239 1934 3304 bonum,
1979 3241 2084 3296 hoc

509 3339 597 3380 est
621 3325 898 3382 Christum
935 3330 988 3382 in
1020 3329 1157 3384 alios
1201 3331 1553 3387 amandatum
1595 3332 1692 3398 iri,
1725 3333 1831 3388 nisi
1861 3347 1892 3386 a
1923 3344 2082 3402 petu-

513 3415 680 3470 lantia
715 3432 811 3470 sua
848 3416 904 3470 in
939 3418 1116 3486 ipsum
1148 3420 1482 3476 abstineant.

585 3679 672 3743 IV,
696 3680 749 3735 6,
796 3679 927 3734 Erat
960 3690 1134 3734 autent
1168 3680 1244 3734 ibi
1269 3680 1387 3749 [ous
1418 3679 1620 3747 Iacob;
1653 3680 1810 3735 Iesus
1842 3699 1965 3754 ergo
1993 3684 2080 3754 fa-

513 3773 712 3842 tigatus
747 3786 813 3824 ea:
842 3772 1052 3836 itinere,
1080 3770 1290 3825 sedebat
1321 3773 1398 3826 sic
1426 3786 1590 3839 supra
1619 3771 1834 3838 fontem.

464 3932 471 3940 Kl
584 3948 852 4020 Egressus
880 3963 947 4010 ex
966 3946 1170 4003 Judazae
1197 3945 1420 4010 ﬁnibus,
1452 3961 1688 4018 cumque
1717 3948 1858 4018 apud
1891 3948 2083 4004 alieni-

515 4055 683 4110 genas
704 4040 812 4108 jam
861 4047 1007 4094 esset
1053 4037 1322 4103 Salvator,
1367 4046 1737 4091 commoratur
1768 4038 1832 4092 ad
1876 4038 2080 4092 fontem

512 4131 684 4188 Jacob
725 4150 738 4185 :
781 4131 958 4202 typice
1013 4129 1174 4184 nobis
1223 4136 1278 4184 et
1325 4127 1664 4198 aenigmatice
1715 4127 2078 4195 subinnuens,

516 4223 645 4276 licet
681 4222 993 4292 evangelica
1035 4218 1350 4289 praedicatio
1379 4232 1678 4273 excessura
1709 4225 1854 4272 esset
1887 4217 2080 4271 Hiero-

516 4311 768 4379 solymis,
788 4317 842 4363 et
870 4313 936 4364 ad
957 4319 1144 4381 gentes
1165 4325 1344 4366 sermo
1367 4309 1583 4364 divinus
1607 4308 1863 4380 deinceps
1885 4308 2076 4374 abiret,

517 4414 628 4452 non
660 4407 841 4452 tamen
871 4413 980 4452 una
1019 4414 1141 4454 cum
1173 4399 1378 4454 lsraele
1426 4400 1726 4468 perituram
1757 4413 1883 4454 esse
1930 4400 2080 4452 illam

518 4492 574 4544 in
600 4489 792 4542 Patres
835 4487 1204 4556 dilectionem,
1235 4490 1331 4545 sed
1376 4504 1471 4544 eos
1504 4505 1722 4545 rursum
1760 4490 1816 4543 in
1853 4491 2083 4561 gratiam

515 4578 801 4634 Christum
863 4588 1239 4648 recepturum,
1301 4586 1355 4635 et
1412 4580 1553 4648 apud
1605 4595 1698 4636 eos
1748 4589 1810 4635 ut
1862 4590 2088 4637 sanctos

521 4669 780 4725 nimirum
809 4683 1006 4723 rursus
1033 4676 1504 4724 commoraturum
1533 4669 1763 4738 pristina
1795 4670 1883 4723 illa
1913 4671 2084 4739 gratia

521 4758 1051 4814 immarcescibiliter
1079 4759 1161 4814 eis
1200 4768 1433 4815 servata.
1463 4760 1717 4816 Libenter
1749 4771 1930 4814 autem
1963 4777 2084 4816 ver-

521 4860 674 4906 satur
696 4851 751 4906 in
776 4860 1089 4906 sanctorqu
1109 4853 1389 4917 memoria,
1412 4860 1469 4906 ut
1485 4853 1724 4922 seipsum
1745 4852 1903 4908 nobis
1919 4854 2083 4909 etiam

2185 1776 2334 1831 ἐλεον
2385 1775 2769 1848 ὲκλιπαροῦντι
2796 1777 2994 1844 λόγοις,
3063 1779 3398 1851 προσέρριψε
3436 1779 3516 1850 τῷ
3555 1780 3762 1850 γυναίῳ

2184 1867 2282 1938 τὴν
2307 1869 2486 1940 χάριν,
2525 1868 2586 1921 οὐ
2616 1870 2746 1939 παρ’
2805 1868 3004 1939 ἑτέρου
3062 1869 3522 1939 νομοθετούμενος
3559 1870 3652 1922 τὸν
3671 1868 3762 1922 τοῦ

2183 1960 2382 2014 διδόναι
2419 1960 2633 2032 καιρὸν,
2691 1960 2806 2014 ἀλλ’
2849 1960 3011 2024 αὐτὸς
3053 1961 3316 2031 ὑπάρχων
3373 1960 3514 2031 μετά
3552 1961 3762 2032 Πατρδς

2183 2051 2426 2122 ἀριστῆς,
2479 2051 2555 2114 ὡς
2597 2050 2748 2116 Υίὸς,
2789 2053 2884 2105 καὶ
2905 2051 3057 2115 Θεὸς,
3085 2051 3182 2106 καὶ
3214 2052 3419 2121 Κύριος
3440 2069 3456 2083 ·
3498 2051 3643 2105 οὕτω
3670 2053 3764 2104 καὶ

2184 2140 2528 2211 Σαμαρείτας
2557 2140 2724 2209 ἠλέει,
2765 2143 2860 2196 καὶ
2886 2143 2982 2212 τῆς
3005 2141 3340 2213 θεοπρεποῦς
3379 2141 3628 2206 ἔξουσίας
3663 2142 3766 2213 τὴν

2184 2233 2462 2305 ἄφραστον
2483 2232 2884 2288 ἀνακαλύπτων
2904 2231 3151 2302 δύναμιν,
3185 2232 3306 2286 ὀδοῦ
3337 2233 3613 2304 πάρεργον
3651 2232 3762 2303 χὼ-

2186 2340 2284 2394 ρας
2310 2323 2436 2393 ὅλης
2475 2325 2712 2376 ἐποιεῖτο
2755 2322 2846 2375 τὸν
2895 2322 3196 2391 φωτισμόν.
3217 2316 3332 2376 Ἦν
3357 2322 3414 2375 δὲ
3437 2323 3530 2375 καὶ
3557 2322 3762 2392 ἑτέρως

2183 2411 2402 2477 ἄτοπον,
2434 2412 2534 2482 ἥδη
2555 2412 2676 2472 ταῖς
2695 2409 2970 2472 ἀπονοίαις
2982 2409 3366 2476 λελυττηκότα,
3398 2411 3494 2462 καὶ
3515 2409 3765 2477 φονῶντα

2183 2504 2325 2558 κατὰ
2355 2503 2446 2557 τοῦ
2505 2503 2710 2573 Κυρίου
2762 2502 2854 2556 τὸν
2912 2501 3128 2573 Ἰσραὴλ
3167 2502 3485 2570 ἀγαπᾶσθαι
3513 2502 3760 2565 τελείως.

2196 2593 2410 2664 Ἐπειδὴ
2457 2594 2514 2647 δὲ
2541 2593 2696 2646 ούπω
2744 2593 2842 2662 μὲν
2873 2592 3157 2656 όλοτελῶς,
3190 2593 3376 2646 διώκει
3403 2593 3446 2644 δ’
3487 2590 3580 2647 οὗν
3613 2595 3764 2662 ὅμως

2183 2681 2264 2735 ἔτι
2301 2683 2630 2753 συμμέτρως
2647 2724 2661 2749 ,
2683 2682 2772 2736 διὰ
2797 2682 2958 2735 τοῦτο
2982 2683 3117 2737 καὶὸ
3136 2683 3338 2753 Κύριος
3366 2684 3524 2754 ἡμῶν
3552 2684 3762 2753 Ἰησοῦς

2181 2774 2212 2825 ὁ
2257 2773 2514 2842 Χριστὸς,
2549 2773 2704 2826 οὔπω
2731 2774 2831 2844 μὲν
2879 2775 3040 2827 αὐτὸν
3089 2774 3396 2844 ὁλοκλήρως
3449 2775 3767 2844 ἀπογυμνοῖ

2181 2865 2280 2933 τῆς
2306 2863 2546 2934 χάριτος,
2598 2863 2805 2927 ὲξέλκει
2863 2863 2909 2916 δ’
2944 2858 3039 2917 οὖν
3095 2865 3243 2933 ὅμως
3291 2866 3369 2926 είς
3410 2864 3629 2934 ἑτέρους
3661 2866 3764 2936 τὴν

2184 2954 2433 3023 εὐλογίαν
2471 2956 2613 3008 κατὰ
2663 2953 2857 3026 βραχύ.
2925 2955 2999 3007 Τὸ
3052 2955 3108 3007 δὲ
3148 2954 3284 3017 ὅλως
3335 2955 3435 3025 τῆς
3493 2956 3767 3009 Ἰουδαίων

2184 3045 2582 3100 ἀπανίστασθαι
2634 3046 2838 3116 χώρας,
2903 3047 2997 3099 καὶ
3037 3047 3117 3109 είς
3155 3045 3254 3116 τὴν
3297 3045 3406 3098 τῶν
3455 3045 3764 3114 ἀλλογενῶν

2186 3134 2502 3199 σπουδάζειν
2537 3135 2693 3197 ἰέναι,
2723 3134 2811 3187 διὰ
2855 3134 2954 3205 τὴν
2997 3133 3106 3187 τῶν
3135 3133 3439 3188 διωκόντων
3469 3135 3767 3207 ἀπανθρω-

2183 3223 2335 3288 πίαν,
2359 3225 2556 3295 ἀπειλή
2581 3219 2768 3295 τιςῆν,
2794 3224 3047 3296 καθάπερ
3065 3226 3122 3277 ὲν
3138 3223 3294 3294 τύπῳ
3321 3223 3764 3294 ζωγραφουμένη

2183 3316 2247 3385 τῇ
2276 3313 2372 3368 τοῦ
2411 3315 2734 3385 πράγματος
2760 3313 2940 3383 φύσει,
2970 3313 3046 3377 ὼς
3073 3312 3265 3385 ὁλόκλη
3275 3331 3365 3384 ρον
3395 3314 3494 3385 ήδη
3522 3315 3621 3384 τῆς
3651 3315 3764 3384 χὰ-

2184 3421 2331 3476 ριτος
2373 3405 2703 3476 ὑπομενοῦσι
2727 3405 2969 3475 ζημίαν,
3011 3405 3108 3458 καὶ
3157 3405 3618 3476 παραπέμψουσιν
3671 3407 3765 3472 είς

2183 3496 2401 3567 ἑτέρους
2441 3497 2501 3550 τὸ
2530 3498 2728 3549 οἰκεῖον
2773 3495 3000 3564 ἀγαθὸν,
3045 3494 3190 3548 τοῦτ’
3227 3496 3339 3549 ἐστι
3375 3497 3467 3550 τὸν
3497 3497 3762 3566 Χριστὸν,

2184 3587 2231 3640 εί
2259 3586 2338 3657 μὴ
2358 3587 2460 3658 τῆς
2490 3589 2570 3651 είς
2592 3588 2754 3642 αὐτὸν
2785 3586 3069 3657 παροινίας
3083 3587 3424 3656 ἀπόσχοιντο.

2251 3673 2362 3734 Ἦν
2392 3678 2460 3732 δὲ
2497 3678 2624 3733 ἐκεῖ
2648 3677 2810 3748 πηγὴ
2857 3676 2965 3732 τοῦ
3023 3678 3230 3733 Ἰακώϐ
3244 3695 3260 3711 ο
3293 3683 3325 3734 ό
3353 3675 3466 3734 οὖν
3513 3679 3773 3747 Ἰησοῦς

2181 3767 2548 3834 κεκοπιακὼς
2570 3768 2638 3822 ἐκ
2681 3768 2793 3838 τῆς
2839 3768 3197 3838 ὁδοιπορίας.
3223 3768 3528 3831 ἐκαθέζετο
3569 3771 3772 3836 οὕτως

2179 3859 2279 3912 ἐπὶ
2313 3859 2388 3928 τῇ
2427 3857 2614 3929 πηγῇ.

2250 3950 2389 4016 Τοὺς
2414 3949 2523 4002 τῶν
2574 3948 2841 4003 Ἰουδαίων
2882 3949 3044 4019 ὄρους
3082 3949 3416 4018 ὲκὸεδηκὼς,
3461 3949 3554 4001 καὶ
3603 3949 3774 4018 παρὰ

2180 4043 2290 4104 τοῖς
2327 4040 2668 4110 ἀλλογενέσιν
2697 4041 2794 4113 ήδη
2816 4040 3055 4109 γεγονὼς
3087 4041 3115 4093 ό
3139 4042 3349 4111 Σωτὴρ,
3385 4041 3476 4094 ἐπὶ
3507 4043 3570 4112 τῇ
3599 4044 3770 4112 πηγῇ

2180 4131 2437 4184 καταλύει
2463 4130 2556 4184 τοῦ
2598 4129 2791 4185 Ἰακώϐ
2813 4147 2827 4161 ο
2857 4131 2930 4194 ὡς
2959 4132 3019 4184 ὲν
3047 4130 3200 4199 τύπῳ
3233 4129 3393 4183 πάλιν
3419 4132 3553 4201 ἡμῖν
3571 4131 3665 4182 καὶ
3687 4130 3773 4184 δι’

2180 4220 2499 4288 αἰνίγματος
2531 4217 2868 4284 ὑποδεικνὺς,
2897 4219 2980 4272 ὃτι
3015 4217 3119 4271 κᾶν
3159 4219 3258 4287 τῆς
3308 4219 3662 4288 Ἰερουσαλὴμ
3698 4219 3777 4272 τδ

2113 4347 2156 4401 D
2183 4309 2538 4378 εὐαγγελικὸν
2575 4310 2874 4381 ὲκφοιτήσῃ
2919 4311 3180 4380 κήρυγμα
3199 4348 3214 4374 ,
3240 4309 3459 4401 καὶ-,είς
3483 4309 3616 4401 έθνη
3645 4310 3778 4363 λοι-

2185 4401 2284 4454 πὸν
2307 4401 2333 4452 ὁ
2362 4401 2501 4464 θεῖος
2521 4401 2782 4471 ὲκδράμοι
2813 4401 2990 4468 λόγος,
3021 4401 3083 4452 οὐ
3119 4399 3653 4470 συναποὸληθήσεται
3675 4401 3780 4470 τῷ

2195 4491 2408 4562 Ἰσραὴλ
2446 4493 2479 4562 η
2515 4493 2594 4556 εἰς
2620 4492 2742 4553 τοὺς
2785 4491 3028 4560 πατέρας
3050 4489 3258 4559 ἀγάπη,
3287 4488 3423 4542 ἀλλά
3469 4489 3630 4543 πάλιν
3655 4491 3786 4543 αὐ-

2182 4583 2290 4636 τῶν
2354 4583 2632 4649 ἀνθέξεται
2683 4582 2950 4652 Χριστὸς,
2989 4583 3082 4635 καὶ
3135 4582 3611 4642 ὲπαναπαύσεται,
3662 4587 3793 4639 καὶ

2183 4672 2478 4724 καταλύσει
2529 4672 2689 4726 πάλιν
2733 4673 2808 4736 ὼς
2849 4674 2906 4725 ὲν
2953 4673 3161 4740 ἁγίοις,
3211 4673 3527 4743 ἀμάραντον
3575 4673 3795 4740 αὐτοῖς

2182 4764 2280 4833 τὴν
2303 4763 2360 4816 ὲν
2383 4764 2578 4833 ἀρχαῖς
2605 4764 2903 4827 ἀποσώζων
2925 4764 3104 4835 χάριν.
3139 4765 3536 4837 Ἐμφιλοχωρεῖ
3555 4766 3612 4818 δὲ
3636 4773 3795 4834 ταῖς

2183 4853 2290 4908 τῶν
2311 4855 2481 4921 ἁγίων
2513 4856 2775 4925 μνήμαις,
2794 4857 2880 4909 ἵνα
2900 4856 3069 4911 τύπον
3092 4858 3221 4926 ἡμῖν
3250 4857 3442 4910 ἑαυτὸν
3465 4858 3566 4911 κάν
3583 4859 3794 4934 τούτῳ

519 4943 623 4998 hac
671 4945 883 4998 ratione
918 4944 1228 5015 exemplum
1266 4945 1537 5016 prtebeat,
1565 4953 1618 5001 ct
1651 4947 1724 5001 sit
1760 4946 1977 5002 initium
2015 4962 2081 5002 ac

514 5034 686 5104 ianua
713 5033 936 5088 honoris
966 5035 1282 5105 parentibus
1308 5035 1617 5090 exhibendi.
1652 5032 1875 5091 Resedit
1903 5047 2084 5092 autem

527 5126 712 5181 lassus
739 5125 809 5180 de
827 5125 933 5191 via,
953 5134 1012 5179 ut
1035 5127 1297 5196 scriptum
1330 5136 1436 5189 est,
1462 5125 1624 5181 uthic
1650 5142 1866 5197 quoque
1895 5128 2085 5198 impie-

519 5225 686 5274 tatem
721 5231 910 5271 corum
941 5233 971 5272 a
999 5233 1108 5288 quo
1153 5220 1344 5290 pulsus
1389 5227 1472 5274 est
1520 5220 1887 5289 redargucrct.
1946 5220 2083 5275 Nam

517 5323 646 5363 cum
697 5309 859 5379 178
890 5309 1058 5380 iustis
1111 5310 1413 5366 honoribus
1458 5327 1582 5366 eum
1641 5312 1744 5366 sibi
1792 5313 2085 5370 conciliare

519 5396 805 5463 deberent,
839 5406 894 5453 et
936 5401 1235 5455 reverentia
1266 5415 1330 5455 ac
1364 5413 1510 5457 metu
1541 5416 1639 5460 ceu
1680 5401 2084 5459 bencfactorem

520 5503 684 5542 suum
711 5487 912 5552 fovere,
953 5491 1152 5545 sudore
1191 5498 1243 5546 et
1288 5491 1568 5548 laboribus
1620 5493 1908 5548 Dominum
1961 5509 2087 5549 cru-

519 5576 693 5644 ciant,
728 5585 787 5632 ut
817 5593 1000 5634 verum
1057 5582 1128 5637 sit
1163 5582 1306 5650 quod
1343 5582 1409 5636 de
1445 5584 1576 5652 ipsis
1606 5586 1806 5643 dicitur
1846 5588 1902 5642 in
1943 5586 2086 5642 libro

2184 4945 2480 5015 παράσχοι,
2506 4945 2598 4998 καὶ
2629 4946 2770 5017 ἀρχὴ
2821 4950 2912 5001 καὶ
2939 4946 3080 5020 θύρα
3107 4949 3204 5019 τῆς
3240 4950 3321 5011 εἰς
3359 4951 3486 5014 τοὺς
3519 4951 3802 5022 πατέρας

2185 5036 2395 5105 γένοιτο
2422 5039 2606 5108 τιμῆς.
2636 5039 2910 5092 Καταλύει
2941 5039 2997 5092 δὲ
3034 5041 3379 5104 κεκοπιακὼς
3408 5043 3472 5094 ἐκ
3500 5042 3602 5112 τῆς
3629 5045 3800 5100 650t-

2186 5128 2402 5199 πυρίας,
2434 5128 2507 5191 ὡς
2531 5129 2860 5199 γέγραπται,
2897 5131 2986 5184 ἵνα
3019 5131 3122 5184 κάν
3151 5129 3324 5202 τούτῳ
3354 5133 3452 5202 τῆς
3483 5133 3590 5186 τῶν
3613 5132 3787 5190 ὲλοιυ

2187 5220 2383 5273 νόντων
2411 5220 2572 5275 αὐτὸν
2609 5221 2858 5285 ἀσεϐείας
2890 5225 3192 5294 κατηγορῇ.
3231 5223 3360 5278 Δέον
3386 5224 3496 5294 γὰρ
3525 5231 3654 5291 ταῖς
3689 5230 3802 5284 εὖ·

2185 5308 2458 5379 γνώμοσιν
2503 5311 2838 5367 ἀνακτᾶσθαι
2881 5315 3070 5382 τιμαῖς
3093 5352 3108 5376 ,
3160 5314 3298 5367 αἰδοῖ
3347 5332 3406 5368 τε
3453 5316 3549 5369 καὶ
3615 5319 3806 5390 φόϐῳ

2187 5402 2561 5472 περιθάλπειν,
2589 5404 2665 5467 ὡς
2707 5405 3024 5476 εὐεργέτην,
3059 5405 3243 5476 ἱδρῶτι
3273 5407 3368 5460 καὶ
3393 5406 3580 5470 πόνοις
3632 5427 3800 5464 κατ-

2189 5492 2485 5557 αικίζονται
2509 5495 2599 5548 τὸν
2638 5495 2861 5567 Κύριον,
2896 5498 2986 5550 ἵνα
3018 5498 3112 5550 καὶ
3145 5497 3384 5571 ἀληθεύῃ
3420 5498 3598 5567 λέγων
3638 5517 3723 5553 πε
3737 5505 3809 5574 pi.

2189 5584 2367 5640 αὐτῶν
2392 5588 2448 5639 ὲν
2479 5585 2644 5657 βίϐλῳ
2680 5587 2954 5659 Ψαλμῶν·
2995 5610 3013 5642 ι
3051 5593 3160 5646 Καὶ
3197 5592 3618 5647 ἀνταπεδίδοσάν
3682 5612 3814 5664 μοι
