4040 6214
239 225 348 282 295

237 336 458 409 πονηρὰ
489 335 604 390 ἀντ’
632 336 873 404 ἀγαθῶν.
910 355 928 388 ι
971 334 1237 388 Ἰουδαίων
1275 335 1374 404 μὲν
1405 331 1499 386 οὖν
1533 335 1591 386 ὲν
1622 333 1833 397 τούτοις
1855 351 1897 409 Α
1935 335 2279 390 Psalmorum
2324 355 2339 391 :

236 432 436 502 ὁρᾶται
483 429 543 482 τὸ
585 427 804 500 θράσος.
851 429 917 481 Τί
959 428 1015 481 δὲ
1060 426 1168 498 ἄρα
1212 427 1446 496 φήσουσι
1497 426 1632 496 πρὸς
1675 426 1832 479 τοῦτο

238 522 408 583 πάλιν
455 521 609 590 ἡμῖν,
644 520 741 572 καὶ
774 521 823 572 οἰ
866 520 966 590 τῆς
1015 519 1238 572 ἐκείνων
1291 517 1548 580 ἀπονοίας
1594 516 1831 585 γείτονες

251 612 544 684 Ἀρειανοὶ,
587 611 789 681 μᾶλλον
834 611 893 666 δὲ
925 610 1064 682 πρὸς
1113 610 1208 674 οὒς
1236 607 1303 663 ἂν
1331 607 1542 677 λέγοιτο
1574 605 1828 670 δικαίως,

251 703 578 774 Ἑδικαιὼθη
604 703 817 774 Σόδομα
843 704 908 757 ὲκ
932 701 1025 756 σοῦ
1051 720 1066 768 ;
1100 705 1164 756 Ol
1206 703 1305 773 μὲν
1328 702 1436 773 γὰρ
1473 700 1617 754 κατὰ
1652 699 1830 772 σάρκα

183 854 216 860 ,
238 797 538 868 σταυροῦσι
569 797 823 868 Χριστὸν,
838 797 888 848 οἰ
910 796 967 848 δὲ
1009 796 1088 858 εἰς
1110 794 1280 866 αὐτὴν
1310 792 1702 865 ἐμπαροινοῦσι
1731 792 1831 862 τὴν

208 888 479 960 ’ἄρρητον
519 887 614 941 τοῦ
649 887 824 954 Λόγου
870 885 1052 956 φύσιν.
1087 886 1217 940 Ἰδοὺ
1267 885 1595 938 κεκοπίακεν
1639 885 1702 936 ὲκ
1732 882 1833 952 τῆς

237 978 573 1049 ὁδοιπορίας,
617 977 703 1040 τίς
753 976 784 1027 ό
826 975 988 1029 τοῦτο
1031 974 1247 1040 παθὼν;
1299 968 1447 1044 *Λρα
1505 972 1598 1026 καὶ
1646 969 1831 1039 ἰσχύος

211 1070 375 1139 ’ἡμῖν
401 1068 595 1122 ἐπιδεᾶ
619 1067 710 1120 τὸν
734 1067 842 1120 τῶν
869 1067 1154 1136 δυνάμεων
1181 1065 1445 1117 εἰσοίσετε
1477 1061 1708 1133 Κύριον,
1735 1061 1830 1116 καὶ

239 1160 395 1230 αὐτῷ
415 1158 496 1229 τῷ
527 1159 594 1212 ἐκ
619 1158 831 1228 Πατρὸς
855 1157 1152 1224 Μονογενεῖ
1178 1155 1270 1208 τὸν
1301 1157 1365 1209 ὲκ
1389 1153 1489 1223 τῆς
1520 1152 1830 1224 ὁδοιπορίας

239 1251 545 1322 ἀναθήσετε
583 1250 744 1303 πόνον
767 1290 781 1314 ,
815 1248 902 1302 ἵνα
953 1247 1046 1300 καὶ
1081 1246 1324 1318 παθητὸς
1362 1245 1552 1314 νοῆται
1590 1243 1776 1297 λοιπὸν
1802 1245 1831 1297 ό

240 1344 442 1396 παθεῖν
480 1343 580 1396 οὐκ
609 1340 796 1406 εἰδώς;
833 1340 903 1393 Ἤ
944 1341 1160 1410 φρονεῖν
1200 1337 1298 1407 μὲν
1322 1335 1464 1390 οῦτω
1492 1337 1832 1407 παραιτήσε-

242 1434 338 1486 σθε
380 1432 663 1494 ποιοῦντες
691 1429 886 1501 ὀρθῶς,
919 1429 1055 1499 μόνῃ
1090 1427 1148 1480 δὲ
1175 1430 1240 1498 τῇ
1264 1425 1358 1479 τοῦ
1390 1424 1640 1497 σώματος
1669 1425 1828 1493 φύσει

239 1525 576 1594 περιθήσετε
611 1523 679 1578 τά
707 1522 802 1575 ἐπὶ
831 1520 1039 1585 τούτοις
1069 1519 1410 1589 ἐγκλήματα,
1447 1516 1648 1588 μᾶλλον
1679 1517 1736 1570 δὲ
1761 1518 1828 1587 τῇ

238 1615 629 1687 ἀνθρωπότητι
647 1614 882 1686 πρέπειν
907 1615 1081 1684 ἐρεῖτε
1105 1609 1196 1664 τὸν
1222 1609 1402 1675 πόνον,
1420 1609 1566 1680 ἥπερ
1586 1607 1699 1661 ὄντι
1733 1607 1830 1660 καὶ

1305 220 1370 275 ΙΝ
1411 219 1701 274 JOANNIS
1725 220 2177 278 EVANGELIUM
2212 221 2344 278 LIB.
2372 221 2430 278 ll.

3397 226 3500 282 τοι

2409 355 2428 389 ι
2477 334 2544 389 Ει
2605 335 2980 392 retribuehant
3021 335 3152 392 mihi
3206 337 3346 390 mala
3407 355 3504 408 pro

1937 426 2095 480 bonis
2135 425 2202 481 ⁷⁸.
2251 446 2270 478 ι
2314 426 2372 481 In
2428 427 2514 483 his
2565 442 2698 498 ergo
2761 427 3070 484 Judzeorum
3123 429 3506 486 manifestatur

1933 517 2186 572 audacia.
2239 519 2380 585 Quid
2411 534 2542 574 vero
2570 519 2770 575 dicturi
2823 531 2952 574 sunt
3003 520 3067 572 ad
3119 521 3234 575 hanc
3282 537 3504 576 rursum

1932 609 2092 665 nobis
2126 611 2340 664 illorum
2376 611 2662 687 dementia:
2690 612 2856 668 vicini
2884 612 3094 673 Ariani.
3127 613 3180 666 in
3204 628 3343 682 quos
3373 615 3506 668 illud

1927 698 2053 768 jure
2101 701 2211 755 dici
2254 702 2466 771 possit:
2498 700 2808 757 Justiﬁcata
2854 711 2938 758 est
2981 702 3215 758 Sodoma
3248 720 3312 758 cx
3348 713 3399 759 te
3422 707 3513 761 "'l

1931 788 2018 846 llli
2040 791 2187 848 enim
2219 791 2502 850 Christum
2534 792 2839 849 secundum
2879 808 3102 850 carnem
3131 796 3459 866 cruciﬁgunt
3491 817 3504 853 :

1931 882 1989 937 hi
2019 893 2209 939 contra
2240 883 2573 940 ineffabilem
2602 885 2763 941 Verbi
2797 893 3048 940 naturam
3075 886 3505 947 debacchantur.

1931 975 2074 1032 Ecce
2111 977 2295 1033 lassus
2333 985 2418 1034 est
2462 977 2529 1032 de
2565 979 2672 1034 via.
2728 978 2866 1046 Quis
2911 979 3000 1034 ille
3037 980 3134 1048 qui
3179 981 3283 1036 hoc
3314 998 3508 1052 passus

1930 1067 2052 1122 est?
2079 1067 2162 1121 An
2213 1069 2473 1123 virtutum
2509 1068 2799 1124 Dominum
2831 1070 3040 1126 viribus
3075 1070 3346 1126 defectum
3396 1083 3510 1128 sta-

1930 1157 2124 1224 tueris,
2154 1168 2208 1214 et
2237 1160 2343 1231 ipsi
2384 1176 2448 1216 ex
2491 1160 2653 1215 Patre
2686 1161 2982 1232 Unigenito
3027 1162 3264 1218 laborem
3293 1165 3506 1221 itineris

1931 1247 2223 1320 afﬁngetis,
2262 1261 2325 1306 ut
2362 1262 2418 1306 et
2472 1252 2717 1322 patibilis
2748 1260 3044 1307 censeatur
3091 1267 3216 1308 esse
3262 1254 3504 1322 demum,

1930 1341 2025 1408 qui
2057 1342 2166 1410 pati
2206 1344 2423 1398 nescit?
2481 1344 2564 1397 An
2601 1344 2840 1414 rejecta,
2879 1351 2939 1397 ut
2977 1360 3076 1414 par
3102 1354 3222 1410 est,
3261 1363 3327 1402 ea
3377 1363 3507 1402 sen-

1931 1430 2137 1496 tentia,
2209 1431 2311 1485 soli
2384 1433 2634 1502 corporis
2703 1441 2918 1488 natura
2991 1436 3090 1488 bas
3161 1435 3507 1496 inﬁrmitates

1932 1520 2208 1586 tribuetis,
2239 1531 2295 1577 et
2328 1522 2658 1578 humanitati
2707 1524 2952 1579 laborem
3003 1527 3178 1596 magis
3213 1530 3511 1585 convenire

1932 1609 2127 1668 dicetis
2171 1627 2333 1681 quam
2382 1612 2531 1668 nudo
2559 1622 2614 1669 et
2654 1615 2706 1668 in
2745 1629 2806 1670 se
2836 1615 3124 1672 exsistenti
3155 1620 3256 1673 soli
3295 1619 3510 1674 Verbo?

240 1705 526 1774 νοουμένῳ
556 1702 748 1773 γυμνῷ
778 1701 871 1756 καὶ
913 1700 1036 1754 καθ’
1068 1698 1259 1752 ἑαυτὸν
1293 1696 1371 1767 τῷ
1398 1697 1559 1766 Λόγῳ
1585 1714 1601 1764 ;
1627 1696 1833 1766 Ὅνπερ

1938 1697 2409 1764 Quemadmodum
2438 1717 2569 1772 ergo
2597 1719 2720 1758 cum
2753 1712 2952 1759 natura
2983 1721 3083 1761 sua
3104 1708 3284 1762 omnia
3314 1711 3510 1777 possit,

238 1791 339 1848 οὖν
373 1794 569 1866 τρόπον
597 1795 655 1846 ἐν
688 1792 794 1864 ἰδίᾳ
837 1789 998 1861 φύσει
1027 1789 1088 1842 τὸ
1117 1788 1296 1842 πάντα
1335 1786 1591 1840 δύνασθαι
1633 1802 1835 1854 κεκτη-

244 1885 433 1958 μένος,
464 1885 560 1938 καὶ
590 1883 754 1949 αὐτὸς
786 1883 1044 1953 ὑπάρχων
1075 1881 1109 1951 ὴ
1141 1879 1358 1934 πάντων
1391 1878 1546 1947 ἰσχὺς
1571 1894 1834 1930 κεκοπια-

239 1981 406 2036 κέναι
445 1975 665 2044 λέγεται
716 1973 818 2045 (μὴ
862 1973 972 2043 γάρ
1026 1989 1117 2042 μοι
1146 1970 1325 2043 διέλῃς
1368 1969 1448 2031 εἰς
1488 1967 1619 2022 υἰῶν
1667 1965 1835 2019 δυάδα

237 2073 338 2125 τὸν
375 2070 472 2123 ενα
501 2065 784 2140 Χριστόν),
817 2063 1003 2118 καὶτὰ
1033 2062 1134 2134 τῆς
1156 2060 1572 2133 άνθρωπότητος
1600 2060 1680 2120 είς
1713 2058 1836 2110 ὲαυ-

236 2163 338 2216 τὸν
371 2158 667 2214 οἰκειοῦται
720 2153 870 2225 πάθη
890 2194 906 2219 ,
932 2152 1112 2206 καίτοι
1142 2151 1318 2223 μένων
1342 2149 1582 2220 ἀπαθὴς,
1606 2146 1835 2218 ἐπείπερ

235 2251 533 2321 ἄνθρωπος
556 2248 803 2317 γέγονεν,
833 2246 862 2297 ό
889 2244 1087 2314 κοπιᾷν
1135 2242 1211 2314 μὴ
1241 2238 1521 2310 πεφυκώς.
1571 2237 1757 2300 Οὕτως
1785 2236 1839 2290 εῐ

233 2360 296 2396 τι
332 2342 429 2395 καὶ
459 2340 610 2406 λέγοι
654 2337 766 2391 τῶν
801 2337 902 2389 ὅσα
939 2334 1003 2404 δὴ
1043 2335 1276 2406 πρέπειν
1327 2329 1601 2402 ἀνθρώπῳ
1636 2329 1835 2399 μᾶλλον

235 2432 549 2504 οἰησόμεθα
591 2431 722 2495 δεῖν,
754 2428 850 2482 καὶ
898 2428 998 2481 οὐκ
1041 2426 1150 2498 ἄρα
1181 2424 1264 2496 τῷ
1294 2423 1412 2494 Θεῷ
1433 2462 1446 2485 ,
1483 2421 1557 2493 μὴ
1590 2419 1837 2489 λεξειθη-

241 2527 438 2596 ρῶμεν
477 2519 592 2595 [αι.
637 2514 1036 2590 λεξιθηρῶμεν]
1068 2515 1262 2579 εὐθὺς,
1295 2511 1430 2584 μηδὲ
1467 2513 1555 2564 ὅτε
1603 2509 1837 2581 μάλιστα

235 2617 442 2687 τέχνης
473 2615 606 2684 ἡμῖν
638 2611 740 2682 τῆς
777 2611 856 2674 εἰς
907 2607 1190 2661 εὐσέϐειαν
1223 2605 1336 2668 δεῖ,
1370 2603 1493 2656 τότε
1535 2601 1600 2671 δὴ
1647 2601 1836 2669 διαφε-

238 2709 457 2780 ρόντως
487 2703 886 2775 άμαθαίνοντες
922 2696 1298 2770 άλισκώμεθα,
1317 2695 1408 2749 τὸν
1441 2694 1540 2766 μὲν
1565 2694 1664 2765 τῆς
1697 2691 1837 2764 μετά

239 2797 453 2867 σαρκὸς
483 2793 793 2864 οἰκονομίας
819 2793 893 2856 ὡς
932 2789 1272 2863 πορρωτάτω
1299 2786 1614 2858 ποιούμενοι
1653 2783 1833 2852 λόγον,

235 2895 338 2946 ἐπ’
366 2892 539 2962 αὐτὴν
589 2890 648 2943 δὲ
683 2888 899 2958 θερμῶς
946 2885 1332 2948 ἀναϐαίνοντες
1384 2884 1484 2954 τὴν
1528 2881 1622 2935 τοῦ
1657 2881 1833 2948 Λόγου

237 2982 506 3052 θεότητα,
533 2981 625 3034 καὶ
651 2979 759 3034 τῶν
792 2978 932 3049 ὑπὲρ
979 2977 1129 3048 ἡμᾶς
1158 2973 1500 3048 πραγμάτων
1531 2977 1595 3032 ὲκ
1634 2974 1834 3044 πολλῆς

231 3075 350 3142 τῆς
383 3071 623 3143 ἀμαθίας
656 3071 969 3142 ἁπτόμενοι
1005 3069 1069 3126 El
1098 3066 1197 3139 μὲν
1230 3067 1340 3138 γὰρ
1372 3066 1509 3131 ὅλως
1537 3067 1598 3119 οὐ
1631 3082 1835 3137 κεκρη“

232 3165 484 3235 μάτικεν
529 3164 838 3234 ἄνθρωπος,
881 3163 929 3214 εἰ
982 3161 1058 3232 μὴ
1099 3159 1322 3230 γέγονεν
1343 3157 1402 3214 ὲν
1435 3159 1500 3228 τῇ
1529 3156 1623 3212 τοῦ
1649 3155 1837 3210 δούλου

232 3258 462 3327 μορφῇ,
493 3253 838 3326 θορυϐεῖσθαι
872 3253 1098 3316 δίκαιον,
1133 3250 1262 3304 ὅταν
1290 3266 1344 3303 τι
1379 3247 1514 3319 λέγῃ
1542 3246 1836 3318 δουλοπρε-

226 3347 351 3410 πές
371 3363 385 3375 ·
409 3344 746 3399 άπαιτείσθω
769 3345 824 3401 δὲ
847 3343 1046 3415 μᾶλλον
1071 3341 1249 3395 πάντα
1277 3338 1420 3393 κατὰ
1445 3338 1537 3392 τὸν
1560 3337 1837 3410 πρέποντα

219 3438 328 3509 τῷ
354 3435 473 3506 Θεῷ
495 3435 672 3503 λόγον.
709 3435 772 3488 Εἰ
800 3433 855 3485 δὲ
886 3431 1192 3502 σωζόμενον
1225 3431 1282 3484 ὲν
1305 3428 1487 3481 πίστει
1514 3425 1726 3497 βεϐαίᾳ,
1743 3425 1838 3479 καὶ

221 3526 640 3586 ἀνενδοιάστως
670 3524 1114 3594 τεθαρσήκαμεν,
1150 3521 1231 3574 ὅτι
1267 3517 1411 3573 κατὰ
1442 3519 1545 3589 τὴν
1591 3516 1836 3571 Ἰωάννου

221 3619 461 3692 φωνὴν,
496 3634 515 3668 ι
558 3617 616 3669 ’0
649 3615 804 3685 λόγος
835 3614 969 3686 σὰρξ
1017 3611 1262 3682 ἐγένετο,
1288 3610 1384 3665 καὶ
1423 3608 1735 3678 ἐσκήνωσεν
1777 3607 1837 3661 ὲν

218 3713 404 3784 ἡμῖν,
441 3729 459 3760 ι
491 3709 620 3761 ὅταν
655 3707 790 3778 ἴδῃς,
836 3706 911 3769 ὠς
945 3705 1124 3776 σάρκα
1152 3702 1416 3757 λαλοῦντα
1445 3740 1460 3765 ,
1484 3698 1632 3754 τοῦτ’
1667 3699 1836 3762 ἐστιν,

213 3803 318 3866 ὡς
371 3801 684 3870 ἄνθρωπον,
713 3797 871 3867 δέχου
918 3796 1055 3868 πρὸς
1083 3792 1383 3863 ἀσφάλειαν
1416 3791 1510 3845 τοῦ
1548 3790 1839 3862 κηρύγμα-

201 3911 337 3958 eo;
367 3893 459 3945 τὸν
486 3889 760 3960 ἀνθρώπῳ
785 3888 1064 3960 πρέποντα
1096 3886 1277 3954 λόγον.
1308 3885 1383 3938 Ού
1405 3883 1514 3955 γὰρ
1534 3879 1602 3954 ἧν
1637 3881 1838 3954 ἑτέρως

213 3983 553 4051 ἐπιγνῶναι
603 3980 810 4048 σαφῶς,
849 3980 931 4032 ὅτι
977 3976 1110 4040 Θεὸς
1151 3975 1230 4029 ὢν
1253 3975 1349 4028 καὶ
1381 3975 1573 4043 Λόγος,
1616 3973 1839 4042 γέγονεν

215 4076 558 4146 ἄνθρωπος,
592 4074 638 4124 εἰ
667 4072 740 4142 μή
770 4088 823 4124 τι
857 4070 952 4122 καὶ
996 4066 1187 4121 παθεῖν
1221 4066 1249 4117 ό
1278 4063 1516 4135 ἀπαθὴς,
1556 4064 1650 4117 καὶ
1677 4062 1840 4132 λαλῆ-

220 4162 335 4214 cui
372 4177 430 4212 τι
454 4159 711 4212 ταπεινὸν
731 4160 760 4211 ό
789 4156 994 4226 ὑψηλὸς
1018 4153 1414 4224 ἀνεγέγραπτο.

311 4298 473 4365 Ὥλῖα
492 4292 572 4366 ἦν
593 4295 736 4348 ὡσεί
754 4294 920 4362 ἕκτη.

303 4431 670 4501 Εύαφόρμως
714 4430 806 4482 ἐπὶ
830 4431 897 4501 τῇ
925 4430 1072 4500 πηγῇ
1125 4427 1462 4482 καταλύοντα
1489 4421 1720 4477 δεικνύει
1741 4421 1832 4476 τὸν

225 4524 484 4593 Ἰησοῦν.
530 4522 714 4574 Ἡλίου
738 4522 850 4592 γὰρ
870 4519 1247 4590 ἀκμαιοτάτην
1271 4517 1380 4572 άπὸ
1417 4515 1600 4589 μέσων
1631 4513 1832 4584 ἀψίδων

213 4621 354 4681 τοῖς
385 4615 488 4668 ἐπὶ
524 4614 624 4683 τῆς
653 4613 758 4683 γῆς
795 4613 895 4682 τὴν
915 4612 1108 4664 ἀκτῖνα
1130 4609 1509 4680 καταχέοντος,
1547 4607 1642 4659 καὶ
1663 4607 1834 4677 ἀκρά-

206 4726 358 4771 τοις
406 4707 480 4760 τά
504 4706 734 4773 σώματα
777 4701 1214 4771 καταφλέγοντος
1259 4701 1457 4771 βολαῖς,
1490 4699 1552 4752 τὸ
1605 4698 1703 4768 μὲν
1752 4697 1832 4750 ἔτι

201 4802 435 4870 πρόσω
458 4798 695 4868 βαδίζειν
716 4797 816 4850 οὐκ
841 4795 1096 4865 ἀζήμιον,
1115 4792 1176 4845 τὸ
1203 4793 1260 4845 δὲ
1280 4789 1616 4845 ἀναπνεῦσαι
1634 4789 1832 4862 βραχὺ,

201 4893 454 4964 μᾶλλον
502 4884 571 4960 ἦν
602 4887 1054 4955 ἀκολουθότερον,
1097 4885 1188 4937 ὅτε
1233 4883 1298 4952 δὴ
1347 4883 1577 4953 μάλιστα
1608 4882 1704 4934 καὶ
1737 4879 1834 4949 τὴν

183 4985 332 5041 ἐπὶ
369 4983 610 5052 τρυφαῖς
632 4979 812 5033 αἰτίαν
848 4977 1045 5050 ῥαδίως
1087 4973 1154 5028 ἂν
1183 4972 1584 5042 ἀπεκρούσατο,
1637 4967 1832 5041 καιροῦ

179 5075 333 5132 τοῦ
376 5073 683 5144 πρέποντος
713 5063 1239 5138 συνηγοροῦντοςτῷ
1274 5063 1583 5134 πράγματι.
1627 5061 1834 5130 Ἕκτην

175 5168 246 5224 δ’
311 5162 431 5216 οὐκ
463 5159 732 5232 ἀκριϐῶς,
768 5157 881 5210 ἀλλ’
915 5157 989 5218 ὡς
1017 5155 1185 5225 ἕκτην
1227 5149 1365 5206 εἶναι
1398 5150 1496 5220 τὴν
1533 5149 1683 5220 ὥραν
1731 5167 1834 5220 φη-

184 5264 342 5320 σὶν,
383 5256 473 5307 ἴνα
507 5253 606 5307 καὶ
627 5253 790 5322 ἡμεῖς
834 5247 1192 5320 μανθάνωμεν
1232 5244 1365 5316 μηδὲ
1391 5244 1449 5295 ἐν
1490 5243 1605 5303 τοῖς
1654 5239 1835 5309 ἐλαχί-

182 5362 396 5408 στοις
425 5343 769 5413 άδιαφορεῖν,
819 5336 1114 5409 πειρᾶσθαι
1159 5335 1215 5388 δὲ
1265 5333 1463 5404 μᾶλλον
1500 5331 1594 5384 καὶ
1634 5329 1730 5400 τὴν
1777 5330 1833 5381 ὲν

189 5445 340 5503 τεαῖς
386 5433 643 5505 τυχοῦσιν
673 5429 1012 5500 ἐπιτηδεύειν
1041 5425 1319 5496 ἀλήθειαν.

1935 1797 1991 1841 ει
2018 1787 2134 1857 ipse
2171 1790 2414 1846 omnium
2454 1791 2526 1847 sit
2558 1793 2756 1860 virtus,
2791 1794 3124 1867 defatigatus
3151 1813 3278 1854 esse
3307 1799 3507 1855 dicitur

1935 1878 2102 1950 (cave
2117 1881 2264 1934 enim
2292 1881 2346 1935 in
2371 1883 2507 1939 duos
2531 1883 2672 1940 ﬁlios
2698 1902 2866 1942 unum
2890 1887 3172 1944 Christum
3196 1889 3474 1962 dividere)
3491 1931 3509 1958 ,

1935 1975 1988 2022 et
2017 1969 2304 2037 passiones
2346 1971 2708 2032 humanitatis
2752 1975 2807 2031 in
2858 1991 2919 2033 se
2969 1977 3227 2048 suscipit,
3257 1981 3514 2049 quamvis

1935 2070 2216 2114 remaneat
2280 2061 2633 2132 impatibilis,
2687 2068 3133 2138 quandoquidem
3192 2069 3374 2128 factus
3427 2081 3514 2128 est

1935 2149 2102 2206 homo
2131 2152 2224 2221 qui
2261 2152 2514 2211 laborare
2561 2161 2738 2214 nescit
2768 2177 2782 2214 :
2812 2160 2888 2214 ita
2918 2159 3049 2216 licet
3084 2161 3292 2232 aliquid
3341 2162 3511 2230 dicat,

1937 2242 2080 2310 quod
2116 2242 2325 2298 homini
2348 2248 2639 2304 convenire
2657 2250 2840 2319 potius
2859 2266 3022 2321 quam
3049 2250 3160 2308 Deo
3177 2255 3512 2323 putabimus,

1934 2351 2009 2391 ne
2035 2337 2299 2393 continuo
2327 2354 2392 2394 ex
2413 2341 2642 2397 vocibus
2675 2344 2815 2400 male
2837 2345 3133 2401 intellectis
3166 2349 3513 2405 occasionem

1937 2435 2224 2495 captemus
2285 2429 2428 2482 male
2486 2431 2794 2496 sentiendi,
2845 2449 3026 2503 neque
3092 2450 3218 2490 cum
3278 2438 3516 2493 maxime

1937 2514 2232 2586 disciplina
2263 2517 2486 2588 pietatis
2516 2519 2844 2591 indigemus,
2878 2533 3009 2577 tunc
3041 2523 3516 2592 deprehendamur

1938 2606 2232 2681 insigniter
2255 2609 2518 2680 imperiti,
2543 2612 2640 2682 qui
2669 2612 3068 2671 incarnationis
3091 2616 3302 2672 ratione
3323 2616 3516 2686 procul

1937 2699 2252 2764 amandata,
2273 2700 2339 2755 ad
2363 2702 2540 2772 ipsam
2564 2705 2828 2760 continuo
2849 2700 3014 2762 Verbi
3042 2706 3295 2762 deitatem
3329 2721 3518 2762 ascens

1938 2787 2155 2855 damus,
2198 2797 2253 2844 et
2285 2805 2385 2860 per
2431 2807 2702 2847 summam
2754 2793 3027 2849 inscitiam
3074 2808 3164 2850 res
3208 2808 3376 2863 supra
3414 2810 3518 2852 nos

1937 2883 2147 2952 positas
2170 2883 2522 2954 attingamus.
2548 2882 2605 2938 Si
2623 2885 2772 2940 enim
2799 2884 2966 2939 homo
2986 2892 3338 2954 nuncupatus
3356 2885 3520 2956 plane

1938 2987 2050 3028 non
2075 2981 2196 3039 est,
2224 2975 2272 3032 si
2304 2991 2414 3030 non
2456 2975 2638 3030 factus
2665 2983 2749 3031 est
2778 2976 2834 3030 in
2861 2976 3041 3032 forma
3080 2977 3226 3034 servi
3251 3018 3268 3042 ,
3298 2984 3384 3034 est
3417 2992 3520 3033 cur

1936 3065 2060 3134 jure
2087 3066 2392 3131 turbamur,
2417 3081 2541 3120 cum
2573 3067 2710 3122 dicit
2741 3066 2949 3137 aliquid
2975 3083 3135 3124 servo
3159 3069 3518 3133 conveniens.

1939 3156 2234 3228 omniaque
2259 3159 2592 3228 requirenda
2622 3167 2753 3215 sunt
2775 3158 2885 3216 Deo
2913 3175 3178 3230 congrua.
3213 3158 3310 3216 Sin
3333 3169 3518 3218 autem

1939 3246 2094 3301 ﬁrma
2123 3256 2179 3304 et
2208 3248 2517 3305 indubitata
2542 3249 2647 3305 ﬁde
2670 3250 2948 3306 credimus
2967 3250 3142 3321 quod,
3167 3250 3326 3322 juxta
3350 3250 3518 3308 Joan-

1938 3340 2027 3398 nis
2069 3355 2282 3406 vocem,
2314 3340 2585 3398 «Verbum
2616 3356 2746 3397 caro
2781 3341 2982 3397 factum
3014 3351 3123 3407 est,
3161 3350 3218 3398 et
3254 3343 3520 3398 habitavit

1941 3431 1996 3486 in
2037 3432 2199 3488 nobis
2221 3431 2294 3500 ⁸ο,
2333 3453 2352 3486 ι
2380 3448 2507 3488 cum
2542 3431 2752 3489 videris
2785 3433 2964 3503 ipsum
2994 3434 3145 3504 loqui
3179 3444 3240 3490 ut
3270 3450 3518 3498 carnem,

1940 3525 1994 3581 id
2020 3531 2129 3590 est,
2164 3533 2228 3580 ut
2259 3524 2563 3589 hominem,
2593 3539 2904 3580 sermonem
2949 3525 3156 3579 homini
3187 3526 3520 3582 convenien-

1938 3625 2049 3674 tem
2075 3617 2144 3673 ad
2166 3616 2516 3673 asserendam
2543 3615 2990 3688 praedicationem
3020 3615 3221 3671 factum
3251 3617 3512 3686 intelligo.

1937 3707 2057 3763 Non
2086 3709 2228 3764 enim
2265 3709 2424 3764 aliter
2453 3709 2600 3763 clare
2629 3715 2811 3778 potest
2833 3706 3061 3776 intelligi
3095 3704 3363 3769 Verbum,
3392 3721 3516 3759 cum

1939 3798 2087 3854 Deus
2139 3799 2211 3853 sit
2258 3797 2487 3860 factum,
2520 3811 2646 3852 esse
2704 3797 3004 3858 hominem,
3045 3793 3150 3849 nisi
3195 3803 3250 3847 et
3291 3807 3516 3862 passum

1942 3888 2146 3957 aliquid
2187 3903 2312 3943 eum
2351 3886 2444 3954 qui
2480 3893 2564 3941 est
2598 3884 2946 3956 impatibilis,
2977 3891 3034 3940 et
3073 3882 3284 3951 aliquid
3316 3882 3520 3938 humile

1941 3980 2149 4035 dixisse
2182 3978 2276 4048 qui
2307 3977 2562 4035 sublimis
2595 3984 2700 4044 est,
2735 3977 3000 4046 scriptum
3031 3981 3201 4030 esset.

2016 4293 2178 4364 179
2208 4263 2356 4346 liora
2382 4299 2498 4345 erat
2522 4289 2676 4360 quasi
2705 4294 2876 4341 sexta.

2008 4427 2328 4496 Opportune
2376 4424 2562 4480 Jcsum
2612 4421 2681 4476 ad
2734 4419 2936 4474 fontem
2971 4413 3218 4470 residere
3257 4411 3520 4467 ostendit.

1940 4519 2067 4574 Sole
2095 4517 2242 4572 enim
2279 4501 2502 4570 meridie
2533 4510 2935 4567 intensissimos
2968 4506 3152 4561 radios
3196 4503 3522 4560 mortalibus

1938 4610 2289 4670 immittente,
2334 4613 2388 4661 et
2429 4604 2722 4659 immodico
2759 4609 2898 4656 testu
2950 4597 3213 4652 adurente
3264 4608 3521 4664 corpora,

1939 4702 2059 4757 sine
2088 4700 2292 4753 damno
2332 4695 2582 4768 progredi
2625 4710 2733 4748 non
2767 4699 2982 4762 poterat
3013 4687 3263 4752 ulterius,
3298 4686 3392 4763 sed
3433 4700 3520 4740 sa-

1938 4794 2049 4848 tius
2078 4799 2198 4847 erat
2235 4790 2510 4858 respirare
2543 4787 2828 4855 tantisper,
2855 4798 2977 4838 cum
3010 4778 3311 4850 praesertim
3360 4776 3516 4829 volu-

1939 4883 2107 4955 ptatis
2149 4895 2374 4936 causam
2414 4894 2442 4931 a
2475 4893 2534 4933 se
2567 4875 2724 4929 facile
2759 4871 3072 4933 removerit,
3104 4879 3349 4936 congruo
3381 4871 3517 4916 tem—
3587 4895 3596 4906 .›

1939 4953 2069 5045 pore
2111 4972 2191 5026 rei
2227 4969 2581 5038 suﬂragante.
2618 4963 2841 5019 Sextam
2875 4975 3004 5015 vero
3035 4973 3143 5011 non
3176 4953 3522 5030 simpliciter,

1941 5039 2038 5119 sed
2081 5060 2243 5132 quasi
2286 5066 2494 5114 sextam
2532 5055 2743 5117 horam,
2771 5065 2894 5106 esse
2927 5049 3081 5111 dicit,
3110 5053 3169 5098 ut
3207 5052 3261 5097 et
3295 5055 3396 5094 nos
3430 5039 3520 5132 Adi—

1940 5127 2160 5207 scamus
2197 5163 2264 5203 ne
2316 5162 2407 5201 res
2442 5143 2697 5198 minimas
2735 5139 2954 5209 quidem
3003 5135 3158 5188 nullo
3198 5127 3524 5185 discrimine

1941 5241 2162 5303 habere,
2185 5238 2278 5295 sed
2305 5239 2359 5292 in
2390 5233 2677 5307 quibusvis
2707 5231 2868 5286 rebus
2895 5227 3178 5283 veritatem
3207 5221 3407 5277 colere.

275 5619 358 5655 "
402 5614 552 5671 Psal.
593 5626 806 5677 xxxvu,
831 5610 922 5664 ‘21.
1001 5609 1047 5641 ⁷⁸
1074 5607 1264 5661 Matth.
1298 5621 1374 5672 ιιι,
1401 5604 1499 5658 9.4.
1573 5600 1619 5633 '°
1649 5597 1810 5654 Joan.
1847 5610 1887 5661 ι,
1924 5592 2013 5648 14.
