4040 6214
534 249 641 307 295

606 363 694 429 IV,
727 364 781 428 7,
801 363 857 419 8.
884 361 1037 417 Venit
1059 363 1252 417 mulier
1274 361 1339 417 de
1366 359 1623 417 Samaria
1645 358 1862 412 haurire
1892 373 2108 427 aquam.
2144 367 2186 424 Α

535 457 679 513 Dicit
730 455 778 508 ei
822 452 982 507 Iesus
1018 467 1037 507 :
1072 452 1158 506 Da
1221 452 1353 505 mihi
1407 450 1603 505 bibere.
1649 447 1941 519 (Discipuli
1975 450 2117 503 enim

1520 241 1578 297 S.
1620 236 1891 297 CYII-ILLI
1930 236 2405 293 ALEXANDRINI
2446 232 2774 292 ARCHIEP.

3692 230 3800 287 2‘76

2287 357 2565 425 Ἔρχεται
2620 353 2775 424 γυνὴ
2833 353 2903 407 ἐκ
2956 350 3067 421 τῆς
3117 349 3441 419 Σαμαρείας
3499 346 3801 416 ἀντλῆσαι

2220 447 2397 516 ὕδωρ.
2420 447 2591 516 Λέγει
2611 444 2766 513 αὐτῇ
2788 448 2822 499 ὀ
2854 443 3086 511 Ἰησοῦς
3107 460 3121 475 ·
3140 443 3253 508 Δός
3277 458 3380 511 μοι
3399 438 3560 495 πιεῖν
3585 439 3663 510 (οι
3691 440 3802 510 γὰρ

536 549 777 603 abierant
814 546 869 598 in
909 544 1199 607 civitatem,
1248 551 1306 595 ut
1354 542 1498 597 cibos
1550 540 1827 611 emerent.)
1868 538 2013 593 Dicit
2069 540 2117 594 ei

2224 537 2471 608 μαθηταὶ
2494 534 2682 589 αὑτοῦ
2705 534 3195 603 ἀπεληλύθεισαν
3222 534 3309 597 εις
3333 530 3449 600 τὴν
3473 533 3681 594 πόλιν,
3701 529 3805 585 ἵνα

535 638 728 692 mulier
755 636 851 689 illa
880 633 1254 690 Samaritana.

604 814 726 868 Non
771 812 1063 884 ignorabat
1107 811 1450 868 muliercula;
1495 811 1794 868 adventum
1845 810 2119 867 Salvator.

535 899 707 958 Recte
733 902 963 971 quippe:
996 900 1209 957 sciebat
1247 915 1373 956 cum
1417 899 1563 957 Deus
1599 915 1765 957 verus
1793 909 1966 966 esset,
2008 909 2123 957 sta-

535 995 635 1048 tim
663 1009 786 1049 eam
827 992 1038 1059 adfore,
1074 1002 1133 1045 ut
1170 1007 1201 1047 e
1235 992 1386 1047 fonte
1426 993 1682 1062 frigidam
1717 992 1986 1047 hauriret.
2016 992 2122 1048 Ubi

537 1102 665 1141 vero
701 1085 895 1151 adfuit,
920 1100 1040 1139 eam
1079 1086 1265 1139 statim
1300 1086 1512 1140 retibus
1545 1086 1827 1154 implicare
1861 1086 1962 1139 sibi
1996 1098 2123 1154 pro-

537 1181 742 1251 posuit,
763 1190 818 1233 et
849 1179 1116 1234 doctrinae
1139 1194 1450 1235 sermonem
1483 1182 1838 1249 protendens,
1859 1196 1889 1236 e
1909 1195 1969 1236 re
1996 1188 2125 1234 nata

536 1270 886 1338 colloquendi
934 1284 1124 1325 ausam
1162 1271 1416 1343 arripuit.
1450 1270 1672 1325 iudices
1712 1272 1880 1342 igitur
1926 1272 2009 1326 lex
2043 1271 2126 1324 in-

535 1363 755 1433 quinari
781 1362 980 1431 quovis
1021 1365 1187 1419 modo
1235 1363 1478 1424 vetabat,
1515 1363 1752 1433 ideoque
1780 1363 1850 1418 ab
1882 1363 2031 1416 omni
2068 1376 2127 1417 re

539 1454 753 1523 impura
794 1454 1025 1522 iubebat
1061 1454 1340 1520 recedere,
1381 1468 1560 1523 neque
1602 1467 1729 1507 cum
1781 1452 2125 1521 alienigenis,

539 1556 632 1599 aut
671 1545 1075 1600 incircumcisis
1105 1546 1352 1600 misceri.
1384 1545 1449 1600 Hi
1479 1560 1610 1600 vero
1638 1544 1798 1615 quasi
1829 1545 1951 1614 plus
1977 1544 2125 1599 lacc-

2220 631 2444 700 τροερὰς
2480 624 2869 699 ἀγοράσωσι).
2917 624 3086 697 Λέγει
3132 623 3293 689 αὐτῷ
3332 625 3371 694 ἡ
3402 623 3557 695 γυνὴ
3601 623 3642 693 ἡ
3686 624 3802 678 Σα-

2217 721 2504 793 μαρεῖτις.

2293 814 2410 867 Οὐκ
2442 812 2625 883 ἠγνόει
2654 810 2748 867 τοῦ
2779 810 3003 880 γυναίου
3045 810 3144 882 τὴν
3194 810 3380 881 ἄφιξιν
3413 811 3442 864 6
3470 810 3684 884 Σωτήρ,
3728 808 3802 869 Εὖ

2222 905 2333 976 γὰρ
2352 903 2416 975 δὴ
2460 905 2555 959 καὶ
2587 903 2707 957 λίαν
2739 903 3009 973 ⁴ἠπίστατο
3037 901 3171 966 Θεὸς
3219 902 3479 975 ὑπάρχων
3529 902 3803 973 ἀληθινὸς,

2223 998 2299 1062 ὡς
2328 997 2526 1050 αὐτίκα
2571 996 2839 1067 παρέσται
2877 994 3085 1066 ψυχρδν
3131 993 3240 1046 ἀπὸ
3276 995 3483 1066 κρήνης
3527 995 3802 1067 ἀρυομένη

2223 1091 2284 1144 τὸ
2311 1093 2459 1160 νᾶμα
2493 1107 2507 1121 ·
2544 1089 2733 1159 ἐπειδὴ
2761 1088 2817 1139 δὲ
2875 1088 3083 1157 παρῆν,
3141 1087 3272 1139 εἴσω
3307 1086 3516 1157 βρόχων
3570 1087 3806 1141 ἐποιεῖτο

2226 1182 2287 1236 τὸ
2307 1181 2549 1252 θήραμα,
2577 1181 2671 1233 καὶ
2700 1180 2789 1231 τὸν
2816 1179 2912 1249 τῆς
2940 1177 3292 1241 διδασκαλίας
3317 1177 3447 1230 εὐθὺ
3474 1180 3805 1232 κατατείνων

2225 1273 2402 1343 λόγον,
2456 1272 2564 1325 ἀπὸ
2618 1270 2727 1324 τῶν
2775 1272 2832 1323 ὲν
2867 1269 3025 1340 χερσὶ
3072 1269 3415 1339 πραγμάτων
3449 1268 3683 1321 ἐποιεῖτο
3709 1269 3806 1339 τὴν

2226 1363 2478 1430 διάλεξιν.
2516 1363 2590 1415 Τὸ
2619 1361 2719 1433 μὲν
2742 1357 2834 1415 οῦν
2861 1357 3174 1431 μηδαμόθεν
3205 1360 3403 1431 χρῆναι
3439 1357 3805 1428 καταμολύνε-

2232 1455 2377 1522 σθαι,
2401 1458 2514 1519 τοῖς
2554 1453 2827 1515 Ἰουδαίοις
2849 1454 2877 1505 ὁ
2913 1454 3076 1522 νόμος
3106 1449 3556 1522 ἐπραγματεύετο
3584 1466 3598 1479 ο
3633 1447 3719 1503 διά
3745 1466 3802 1501 τε

2226 1547 2386 1601 τοῦτο
2422 1546 2625 1609 παντὸς
2665 1546 2970 1615 ἀναχωρεῖν
3002 1542 3312 1614 ἀκαθάρτου
3346 1540 3598 1594 διετύπου
3631 1542 3804 1610 πρὶγ-

540 1642 664 1689 reut
690 1648 853 1705 quam
902 1634 1018 1703 lege
1063 1635 1384 1701 cavebatur,
1413 1642 1469 1691 et
1516 1650 1685 1691 vanas
1714 1635 2120 1693 observationes

2233 1656 2435 1710 ματος,
2467 1639 2561 1693 καὶ
2590 1639 2728 1708 μήτε
2766 1636 3130 1705 ἀλλογενέσιν,
3171 1635 3205 1707 ἢ
3248 1635 3644 1706 ἀπεριτμήτοις
3674 1634 3806 1718 ἀνα-

538 1726 722 1796 potius
752 1739 918 1794 quam
958 1725 1094 1795 legis
1128 1727 1398 1782 rationem
1445 1729 1641 1792 secuti,
1680 1737 1807 1781 cum
1861 1728 2120 1798 alienige-

2235 1728 2544 1800 μίσγεσθαι.
2592 1728 2656 1780 Οἱ
2689 1727 2767 1792 δὲ,
2802 1727 2878 1791 ῶς
2910 1726 3072 1779 πλέον
3100 1742 3154 1778 τι
3182 1723 3564 1788 πλεονάζοντες
3592 1723 3693 1792 τῆς
3722 1714 3805 1776 ἐν·

540 1831 736 1871 uarum
762 1831 983 1872 carnem
1015 1818 1408 1886 propemodum
1438 1829 1660 1890 tangere
1690 1834 1799 1874 non
1834 1811 2121 1884 auderent,

539 1909 594 1963 in
628 1922 844 1977 omnem
880 1922 938 1962 se
969 1909 1346 1977 impuritatem
1376 1908 1629 1980 delapsos
1658 1911 2005 1980 putabant,si
2041 1912 2124 1967 vel

539 1998 824 2052 minimum
859 1998 1079 2068 quidem
1114 2000 1429 2055 consentire
1472 2015 1599 2056 cum
1643 2001 2009 2058 Samaritanis
2040 2002 2123 2056 vi-

539 2089 819 2144 derentur.
847 2089 1082 2144 Tantum
1119 2099 1301 2146 autem
1346 2091 1749 2148 dissentiebant
1776 2093 1919 2148 inter
1947 2109 2029 2158 se,
2066 2101 2124 2147 ut

541 2196 738 2249 aquam
783 2188 836 2234 et
888 2181 1073 2235 cibum
1124 2190 1349 2251 gustare
1390 2183 1623 2249 nollent,
1659 2184 1755 2253 qui
1803 2184 2123 2256 alienigenas

541 2273 707 2326 manu
751 2279 900 2327 esset
930 2273 1171 2328 oblatus.
1216 2271 1286 2328 Ut
1335 2290 1466 2345 ergo
1513 2276 1834 2332 muliercula
1880 2279 2122 2335 novitate

2231 1820 2392 1891 τολῆς
2423 1820 2522 1891 τὴν
2568 1819 2820 1890 δύναμιν,
2855 1819 2951 1871 καὶ
2987 1817 3354 1879 είκαιοτάταις
3393 1814 3589 1885 μᾶλλον
3620 1816 3805 1885 ἐπιτη-

2235 1912 2475 1983 ρήσεσιν,
2511 1910 2545 1981 ἢ
2574 1913 2693 1973 ταῖς
2716 1908 3023 1981 ἀκριϐείαις
3052 1907 3161 1961 τῶν
3189 1907 3496 1976 λεγομένων
3516 1904 3803 1975 ἀκολουθήο

2231 2019 2445 2066 σαντες,
2503 2001 2614 2055 οὐδ’
2665 2003 2790 2055 ὅσον
2844 1998 3126 2069 ἀποθίγειν
3174 1999 3272 2069 τῆς
3325 1998 3435 2051 τῶν
3493 1995 3806 2065 ἀλλοφύλων

2234 2094 2437 2164 σαρκὸς
2466 2092 2902 2163 ἀποτολμῶντες,
2933 2092 3150 2161 ἀπάσης
3170 2090 3302 2143 εἴσω
3347 2093 3532 2142 πεσεῖν
3565 2088 3807 2158 ἀκαθαρ-

2232 2187 2353 2249 σίας
2391 2186 2663 2256 ἐνόμιζον,
2690 2186 2740 2238 εἰ
2774 2184 2916 2238 κατά
2940 2201 2993 2236 τι
3031 2183 3162 2252 γοῦν
3190 2182 3404 2252 ὀφθεῖεν
3439 2182 3576 2244 ὅλως
3623 2181 3806 2251 Σαμα-

2231 2278 2435 2349 ρείταις
2459 2277 2867 2348 συμϐαίνοντες.
2892 2277 2987 2339 Εἰς
3013 2274 3267 2329 τοσοῦτον
3295 2274 3351 2327 δὲ
3375 2273 3556 2335 αὐτοῖς
3598 2273 3664 2327 τὰ
3704 2269 3805 2341 τῆς

542 2361 618 2415 rei
644 2368 916 2415 commota
945 2361 1296 2432 peregrinum
1345 2363 1683 2433 alloquatur,
1711 2379 1776 2418 ac
1808 2366 2120 2421 sciscitctur

2225 2368 2559 2431 διαστάσεως
2582 2367 2780 2439 ἐχώρει
2818 2367 3026 2432 λοιπὸν,
3078 2367 3155 2431 ὡς
3191 2368 3286 2420 καὶ
3330 2364 3519 2430 ὕδατος
3554 2364 3647 2418 καὶ
3686 2378 3806 2434 τρο-

539 2453 670 2520 quis
716 2463 770 2506 et
832 2452 978 2508 unde
1040 2453 1137 2520 sit,
1181 2461 1275 2506 aut
1316 2454 1480 2508 etiam
1538 2455 1814 2524 quomodo
1855 2455 2119 2512 Judaicos

2229 2462 2334 2531 φῆς
2365 2459 2730 2528 ἀπογεύεσθαι
2764 2460 2993 2531 ναρκᾷν,
3024 2459 3125 2529 τῆς
3153 2458 3243 2512 διὰ
3277 2458 3462 2530 χειρὸς
3490 2455 3803 2526 ἀλλοφύλων

543 2556 725 2597 inores
757 2551 1096 2609 contemnat,
1147 2552 1315 2614 atque
1366 2545 1444 2598 ita
1493 2544 1715 2600 demum
1770 2547 1838 2601 ad
1892 2561 2117 2617 scopum

2227 2552 2759 2625 προσκομιζομένης.
2779 2554 2896 2607 Ἵνα
2916 2554 3095 2607 τοίνυν
3114 2551 3460 2623 ξενοφωνήσῃ
3482 2551 3543 2603 τδ
3560 2549 3802 2618 γύναιον,

528 2642 704 2686 ‘sumn
756 2634 1057 2703 perveniat,
1093 2633 1248 2689 sitire
1298 2651 1359 2690 se
1417 2635 1663 2705 simulat,
1694 2637 1888 2693 dicens
1923 2656 1935 2692 :
1984 2657 2001 2690 ι
2041 2638 2117 2695 Da

2226 2644 2321 2696 καὶ
2351 2642 2410 2696 τὸ
2440 2642 2708 2713 ἀσύνηθες
2725 2644 2876 2715 αὑτῷ
2901 2643 3106 2715 καλέσῃ
3140 2642 3275 2714 πρὸς
3314 2641 3560 2712 ζήτησιν,
3599 2641 3679 2703 τίς
3704 2639 3806 2709 μὲν

541 2722 675 2777 mihi
703 2724 907 2779 bibere.
951 2744 968 2775 ι
1007 2724 1101 2778 Illa
1135 2740 1265 2779 vero
1297 2730 1578 2798 respondit
1609 2745 1622 2781 :

2230 2733 2339 2806 εἴη,
2386 2737 2481 2789 καὶ
2514 2734 2697 2801 πόθεν,
2748 2734 2782 2806 ἦ
2837 2736 2931 2789 καὶ
2972 2736 3120 2797 ὅπως
3152 2733 3260 2786 τῶν
3300 2731 3603 2787 Ἰουδαϊκῶν
3671 2747 3806 2784 κατ-

539 2812 839 2885 εφρόνησεν
864 2813 1024 2878 ἐθῶν,
1087 2816 1230 2869 οὑτω
1252 2834 1312 2869 τε
1345 2815 1531 2870 λοιπὸν
1554 2818 1583 2870 ό
1620 2817 1778 2886 λόγος
1806 2818 1899 2871 ἐπὶ
1933 2818 2025 2874 τὸν
2068 2822 2267 2877 οἰκεῖον
2298 2824 2491 2897 βαδίζῃ
2531 2825 2752 2892 σκοπὸν,
2819 2829 2914 2883 καὶ
2978 2827 3041 2882 τὸ
3106 2828 3264 2901 διψῇν
3305 2827 3671 2900 ὑποκρίνεται,
3716 2824 3807 2879 λέο

541 2922 675 2975 γων’
723 2925 742 2958 ι
779 2906 877 2969 Δός
907 2923 996 2977 μοι
1022 2910 1186 2961 πιεῖν.
1225 2926 1244 2959 ι
1287 2909 1352 2962 Ἠ
1375 2909 1432 2962 δὲ
1456 2908 1582 2979 ἔφη’

612 2999 705 3067 IV,
734 3001 789 3056 9.
821 3000 1094 3066 Quomodo
1131 3014 1208 3069 tu,
1237 3000 1462 3059 Judwus
1495 3020 1614 3058 cum
1644 3005 1741 3069 sis,
1772 3004 1944 3061 bibere
1968 3025 2001 3062 a
2032 3025 2113 3064 me

2291 3012 2424 3080 Πῶς
2448 3013 2531 3068 σὺ
2561 3013 2851 3082 Ἰουδαῖος
2895 3013 3000 3080 ὦν,
3047 3012 3185 3084 παρ’
3229 3014 3375 3085 ἐμοῦ
3428 3013 3587 3069 πιεῖν
3619 3012 3805 3081 αίτεῖς

539 3094 736 3162 poscis,
789 3110 908 3164 quae
965 3111 1080 3148 sum
1136 3096 1327 3150 mulier
1371 3095 1761 3154 Samaritana?
1814 3098 1934 3154 Non
1979 3103 2119 3155 enim

2224 3107 2512 3176 γυναικὸς
2542 3104 2965 3177 Σαμαρείτιδος
2991 3108 3183 3176 οὔσης
3203 3125 3223 3173 ;
3253 3109 3333 3161 Οὐ
3354 3107 3465 3177 γὰρ
3488 3105 3802 3179 συγχρῶν-

486 3222 493 3229 η
546 3187 708 3257 180
720 3185 1201 3241 coutunturludwi
1221 3186 1605 3242 Samaritanis.
1629 3188 1914 3260 Respondit
1940 3190 2118 3259 Jcsus,

2225 3216 2321 3253 ται
2372 3198 2641 3253 Ἰουδαῖοι
2689 3201 3101 3270 Σαμαρείταις.
3178 3201 3491 3270 Ἀπεκρίθη
3546 3199 3802 3268 Ἰησοῦς,

540 3292 590 3334 et
621 3282 758 3333 dixit
785 3282 854 3336 ei.

2225 3278 2322 3343 real
2360 3283 2532 3342 εἶπεν
2558 3286 2736 3358 αὐτῇ.

613 3371 907 3441 Inquisitio
944 3372 1164 3428 initium
1204 3382 1289 3428 est
1345 3374 1618 3438 discendi,
1668 3383 1723 3432 et
1781 3376 2120 3435 addubitatio

2307 3379 2474 3453 Ἀρχὴ
2507 3380 2794 3452 μαθήσεως
2825 3378 3073 3451 ζήτησις,
3102 3378 3198 3432 καὶ
3233 3379 3358 3451 ῥίζα
3396 3381 3493 3451 τῆς
3537 3379 3627 3433 ἐπί
3660 3398 3802 3433 τισιν

544 3465 701 3516 radix
768 3464 1107 3533 intelligendi
1169 3481 1293 3536 qua:
1351 3467 1692 3537 ignoramus.
1739 3468 1855 3525 lloc
1906 3471 2120 3529 initium

2224 3470 2611 3542 ἀγνοουμένοις
2659 3470 2946 3534 συνέσεως,
2995 3472 3028 3540 ἡ
3066 3470 3194 3537 περὶ
3225 3467 3402 3522 αὑτῶν
3434 3469 3798 3539 ὲπαπόρησις.

542 3572 727 3611 sermo
777 3558 1017 3626 capessit
1075 3576 1089 3611 :
1144 3558 1485 3629 proindeque
1537 3558 1791 3616 Salvator
1850 3564 2120 3633 sapienter

2225 3561 2492 3634 Ταύτηνό
2520 3562 2675 3631 λόγος
2716 3563 2858 3615 ἑλεῖν
2900 3561 3157 3632 ἐπιθυμεῖ
3198 3561 3297 3632 τὴν
3337 3562 3511 3632 ἀρχήν
3536 3579 3550 3592 ο
3596 3561 3685 3614 διά
3716 3579 3802 3615 τοι

544 3663 765 3719 quoque
807 3648 1045 3720 ﬁngebat
1075 3664 1133 3704 se
1167 3648 1480 3705 Iudaeorum
1506 3667 1690 3708 mores
1710 3653 1868 3708 nihili
1896 3654 2117 3710 ducere.

2224 3651 2382 3708 τοῦτο
2410 3654 2506 3706 καὶ
2536 3653 2596 3705 τὸ
2623 3650 2800 3706 δοκεῖν
2823 3652 3071 3725 ἡγεῖσθαι
3101 3651 3269 3723 μηδὲν
3299 3652 3366 3706 τὰ
3386 3653 3496 3707 τῶν
3532 3651 3804 3707 Ἰουδαίων

2225 3740 2344 3814 ἔθη,
2377 3743 2555 3811 σοφῶς
2588 3747 2616 3798 ὀ
2645 3746 2837 3816 Σωτὴρ
2871 3743 3269 3798 ύπεπλάττετο.

613 3819 702 3884 IV,
730 3822 827 3913 illi.
873 3820 933 3876 Si
962 3823 1122 3877 scires
1152 3823 1350 3877 donum
1390 3822 1506 3890 Dei,
1534 3835 1585 3880 et
1610 3827 1728 3897 quis
1758 3839 1836 3884 est
1866 3832 1958 3913 qui
1983 3833 2113 3887 dicit

2296 3841 2364 3894 El
2393 3838 2560 3910 ᾕδεις
2595 3838 2712 3908 τὴν
2741 3838 2967 3908 δωρεὰν
3007 3838 3114 3893 τοῦ
3142 3838 3311 3905 Θεοῦ,
3347 3837 3449 3892 καί
3499 3838 3592 3904 τίς
3630 3836 3808 3891 ἐστιν

544 3913 678 3966 tibi:
708 3912 792 3966 Da
819 3914 948 3966 mihi
977 3913 1152 3969 bibere
1177 3931 1195 3968 :
1229 3926 1287 3968 tu
1321 3916 1549 3985 forsitan
1588 3920 1827 3987 petiisses
1855 3912 1919 3976 ab
1957 3940 2040 3988 eo,
2073 3933 2120 3977 et

2225 3935 2259 3988 ὀ
2288 3931 2482 4001 λέγων
2508 3947 2642 3997 σοι,
2691 3933 2803 3997 Δός
2830 3950 2933 4002 μοι
2969 3931 3146 3994 πιεῖν,
3179 3930 3262 3985 σὺ
3293 3930 3371 3985 ἂν
3409 3930 3642 4000 ᾔτησας
3691 3930 3806 3983 αὐ-

542 4002 770 4058 dedisset
802 4003 899 4057 tibi
929 4020 1121 4073 aquam
1152 4006 1339 4060 vivam.
1372 4006 1512 4061 Dicit
1539 4009 1590 4062 ei
1620 4011 1837 4065 mulier.

606 4201 1126 4271 Supramundanam
1195 4211 1249 4258 et
1310 4206 2120 4282 supercmlestem..Uuigeniti

542 4294 906 4347 substantiam
955 4309 1081 4349 cum
1139 4311 1249 4351 non
1300 4309 1510 4361 nosset,
1542 4298 1653 4354 imo
1682 4314 1812 4356 vero
1856 4316 1981 4356 cum
2036 4303 2124 4357 in-

541 4391 826 4435 carnatum
895 4383 1128 4440 Verbum
1201 4390 1422 4458 penitus
1498 4389 1801 4460 ignoraret,
1868 4392 2117 4449 Judaeum

2153 4431 2200 4488 ι)

2224 4022 2333 4076 τὸν
2356 4063 2371 4087 ,
2420 4022 2518 4078 καὶ
2566 4022 2749 4078 ἔδωκέ
2803 4038 2904 4077 σοι
2943 4022 3098 4091 ὕδωρ
3145 4020 3276 4083 ζῶν.
3318 4021 3491 4091 Λέγει
3542 4016 3705 4085 αὐτῷ
3761 4028 3805 4095 ἡ

2225 4114 2403 4182 γυνή-

2296 4206 2407 4276 Τὴν
2433 4206 2801 4276 ύπερκόσμιόν
2832 4222 2892 4258 τε
2920 4205 3013 4258 καὶ
3056 4204 3449 4276 ὑπερουράνιον
3486 4202 3593 4255 οὐκ
3622 4200 3801 4253 εἰδυῖα

2223 4297 2319 4351 τοῦ
2337 4298 2673 4366 Μονογενοῦς
2693 4296 2903 4361 οὐσίαν,
2933 4296 3133 4367 μᾶλλον
3152 4296 3207 4350 δὲ
3222 4295 3492 4362 ἀγνοοῦσα
3520 4292 3801 4356 παντελῶς

2225 4390 2317 4442 τὸν
2354 4389 2855 4461 ὲνανθρωπήσαντα
2891 4390 3085 4456 Λόγον,
3120 4389 3368 4443 Ἰουδαῖον
3393 4387 3555 4441 αὑτὸν
3582 4386 3804 4457 ὠνόμα-

543 4476 719 4544 ipsam
767 4475 963 4530 mulier
999 4480 1341 4535 nominabat.
1378 4482 1443 4535 Et
1476 4481 1545 4536 ad
1599 4483 1704 4539 hoc
1731 4483 1952 4555 quidem
1992 4502 2117 4541 cum

2225 4482 2318 4545 ξεν
2373 4483 2407 4553 ὴ
2448 4483 2607 4552 γυνή.
2639 4482 2747 4534 Καὶ⁵
2769 4482 2952 4551 σιωπᾷ
2976 4480 3074 4549 μὲν
3118 4480 3254 4550 πρὸς
3287 4478 3447 4532 τοῦτο
3488 4478 3803 4550 χρησίμως,

543 4563 724 4616 fructu
759 4563 902 4627 silet,
930 4576 986 4619 ut
1036 4568 1294 4637 colloquii
1358 4571 1500 4625 ratio
1542 4586 1763 4627 sursum
1815 4583 2115 4629 constaret.

540 4654 929 4709 Verumtamen
965 4657 1031 4711 ad
1065 4659 1444 4714 sublimiorem
1475 4662 1544 4716 de
1578 4662 1699 4732 ipso
1728 4665 2115 4733 cogitationem

538 4760 658 4800 cam
687 4745 886 4808 evehit,
918 4761 1041 4800 cum
1074 4749 1283 4804 nescire
1312 4750 1488 4819 ipsam
1522 4752 1599 4806 ait
1644 4752 1769 4822 quis
1801 4754 1892 4808 ille
1921 4756 1992 4810 sit
2020 4757 2114 4825 qui

539 4841 727 4904 potum
757 4836 915 4906 petit,
943 4848 1038 4892 aut
1061 4851 1269 4908 quanta
1299 4841 1473 4911 gratia
1505 4844 1730 4913 praedita
1756 4845 1866 4899 sint
1903 4861 1964 4901 ea
1994 4863 2115 4917 quae

536 4927 798 4984 divinitus
855 4930 1241 4986 conceduntur
1278 4950 1293 4986 :
1327 4949 1451 5004 quae
1498 4936 1544 4990 si
1599 4937 1856 4991 nimirum
1910 4954 2116 5009 cogno-

538 5029 737 5083 sceret,
771 5022 838 5077 iis
860 5035 1052 5079 carere
1095 5040 1153 5079 se
1199 5040 1309 5079 non
1351 5036 1653 5096 pateretur,
1684 5029 1779 5085 sed
1817 5028 2113 5089 Dominum

536 5113 685 5180 prior
715 5113 806 5166 illa
837 5124 1105 5185 rogasset.
1137 5112 1231 5171 II-is
1266 5115 1450 5186 itaque
1482 5119 1667 5173 verbis
1700 5136 1819 5175 eam
1857 5123 2111 5195 instigat,

534 5212 595 5257 ut
616 5220 678 5260 ea
711 5205 923 5261 discere
949 5222 1296 5278 summepere
1327 5210 1476 5265 velit.
1509 5208 1752 5267 Observa
1783 5222 1965 5270 autem
2000 5231 2112 5287 quo

536 5306 693 5365 pacto
732 5300 1027 5367 genuinum
1061 5308 1115 5354 et
1143 5302 1331 5369 procul
1364 5302 1432 5356 ab
1451 5304 1601 5358 omni
1627 5302 1769 5360 fastu
1802 5322 2109 5362 ser-monent

536 5386 853 5454 instituens,
876 5391 1118 5459 seipsum
1154 5389 1321 5446 Deum
1355 5407 1480 5447 esse
1510 5392 1663 5458 dicit,
1697 5394 1821 5449 licet
1847 5396 2006 5449 tardo
2042 5397 2114 5451 sit

536 5476 756 5546 ingenio
786 5480 1004 5535 mulier.
1032 5480 1167 5535 Nam
1210 5482 1594 5551 persuadendo
1628 5482 1721 5540 Dei
1771 5485 1974 5539 donum
2010 5488 2110 5541 mi-

535 5566 671 5627 rari,
706 5566 873 5634 hujus
913 5569 1154 5637 seipsum
1188 5570 1509 5642 «largitorem
1542 5572 1810 5629 insinuat.
1856 5574 1912 5629 Si
1961 5575 2110 5629 enim

539 5654 685 5711 clare
715 5657 886 5712 scires
924 5658 1129 5713 donum
1164 5658 1278 5729 Dei,
1315 5672 1367 5718 ct
1395 5663 1523 5733 quis
1568 5665 1641 5722 sit
1680 5666 1773 5734 qui
1823 5666 1959 5722 dicit
1988 5667 2107 5732 tibi,

2224 4571 2313 4626 ἵνα
2345 4569 2811 4641 σώζηταιπάλινὴ
2840 4567 2935 4621 τοῦ
2972 4567 3105 4638 πρὸς
3137 4566 3305 4636 αὐτὴν
3335 4565 3589 4628 ὑπόθεσις
3614 4563 3803 4632 λόγου.

2222 4665 2507 4735 ’Δναφέρει
2534 4665 2580 4718 δ’
2600 4658 2693 4716 οῦν
2719 4663 2867 4734 ὅμως
2893 4664 2972 4725 είς
3016 4659 3355 4733 ὑψηλοτέραν
3382 4661 3482 4731 τὴν
3516 4659 3645 4730 περ).
3696 4659 3807 4712 αὑ-

2220 4756 2316 4810 τοῦ
2334 4756 2603 4825 διάληψιν,
2637 4755 2738 4808 οὐκ
2770 4755 2964 4808 εἰδέναι
2987 4752 3185 4823 λέγων,
3218 4752 3301 4816 τίς
3326 4753 3353 4805 ό
3382 4751 3542 4804 ποτὸν
3564 4750 3803 4820 αἰτήσας

2222 4848 2392 4914 ἐστὶν,
2424 4847 2458 4918 ἦ
2487 4848 2580 4900 καὶ
2609 4848 2741 4916 ὅσην
2771 4847 2881 4917 ἔχει
2914 4847 3015 4918 τὴν
3044 4845 3205 4916 χάριν
3231 4845 3298 4897 τά
3323 4842 3506 4897 θεόθεν
3528 4842 3807 4913 χορηγού-

2226 4955 2382 5009 μενα,
2403 4938 2478 5000 ὼς
2500 4938 2657 5008 εἰπερ
2691 4936 2804 5007 ἔχοι
2828 4937 2925 5007 τὴν
2959 4934 3179 5004 γνῶσιν,
3233 4934 3336 4987 οὑκ
3390 4932 3454 4986 ἂν
3494 4930 3805 5001 ὑστερίζειν

2221 5029 2511 5099 ἠνέσχετο-
2548 5028 2716 5100 ᾔτησε
2765 5029 2874 5098 γὰρ
2927 5029 2992 5082 ἂν
3046 5024 3391 5097 προλαϐοῦσα
3436 5023 3529 5077 τὸν
3565 5023 3800 5093 Κύριον.

2219 5120 2486 5193 Ἐρεθίζει
2513 5121 2613 5191 μὲν
2640 5116 2732 5173 οῦν
2756 5118 2845 5174 διὰ
2876 5118 3100 5182 τούτων,
3126 5120 3204 5181 εἰς
3240 5117 3300 5170 τὸ
3330 5116 3425 5170 καὶ
3452 5116 3571 5168 λίαν
3597 5116 3801 5169 ἐσπου-

2217 5213 2496 5284 δασμένως
2547 5212 2800 5283 ἐθελῆσαι
2849 5210 3359 5283 μαθεῖν.Ἐπιτήρει
3397 5208 3455 5262 δὲ
3501 5208 3670 5273 ὅπως,
3705 5208 3801 5262 eb—

2218 5305 2333 5372 φυᾶ
2365 5303 2430 5373 δὴ
2466 5302 2560 5358 καὶ
2592 5302 2687 5357 νῦν
2720 5303 2816 5357 καὶ
2856 5304 3071 5373 κόμπου
3110 5302 3315 5372 γυμνὸν
3346 5299 3681 5371 ἐπιτηδεύων
3706 5298 3808 5353 λό-

2217 5410 2336 5463 γον.
2390 5393 2523 5447 Θεὸν
2562 5394 2753 5447 ἑαυτὸν
2791 5388 2933 5447 εἶναί
2962 5410 3149 5464 φησιν,
3182 5394 3232 5445 εἰ
3276 5391 3624 5507 καὶβαδεῖα
3659 5390 3803 5461 πρὸς

2217 5487 2269 5507 ,ι
2318 5486 2567 5507 tabam
2769 5488 2797 5507 Α
3044 5486 3357 5507 “manus
3398 5502 3474 5507 ,,,,
3521 5483 3624 5507 ,,ι,,
3670 5482 3769 5507 ιη,

2216 5487 2277 5539 τὸ
2314 5486 2571 5541 δύνασθαι
2598 5490 2738 5542 νοεῖν
2769 5488 2801 5558 ή
2833 5487 2990 5558 γυνή.
3044 5482 3474 5556 Ἀποθαυμάζὶῐν
3520 5483 3628 5555 γὰρ
3666 5482 3806 5535 ἁνα-

2219 5577 2423 5632 πείθων
2443 5577 2541 5647 τὴν
2568 5577 2662 5632 τοῦ
2687 5578 2820 5632 Θεοῦ
2845 5578 3075 5651 δωρεὰν,
3105 5579 3307 5647 ταύτης
3326 5575 3515 5630 ἑαυτὸν
3551 5574 3805 5645 εἰσφέρει

2218 5665 2455 5737 χορηγόν
2490 5683 2501 5694 ·
2528 5667 2576 5719 εί
2602 5667 2707 5738 γὰρ
2748 5668 2891 5739 ᾔδεις
2922 5668 3105 5737 σαφῶς
3130 5668 3227 5738 τὴν
3261 5667 3470 5738 δωρεὰν
3500 5665 3592 5720 τοῦ
3630 5664 3801 5733 Θεοῦ,
