4040 6214
240 317 342 374 297

1227 313 1293 368 ιΝ
1328 312 1621 371 JOANNIS
1650 312 2110 372 EVANGELIUM
2148 313 2276 370 LIB.
2318 314 2387 371 ll.

3374 322 3483 380 398

237 433 328 487 καὶ
363 428 449 492 τίς
481 427 628 480 ἐστιν
653 425 683 478 ὀ
711 423 883 492 λέγων
917 439 1021 491 σοι,
1044 421 1110 476 σὺ
1139 422 1206 478 ἂν
1237 423 1449 496 ᾔτησας
1473 424 1635 480 αύτόν
1664 440 1678 455 ·
1707 426 1812 480 τίνι

1928 434 1974 481 tu
2005 426 2240 497 petisses
2266 425 2337 483 ab
2352 439 2437 482 eo.
2464 424 2563 485 Cui
2582 426 2730 482 enim
2760 428 3019 485 convenit
3045 443 3108 486 ea
3139 430 3324 504 largiri
3360 450 3485 504 quae

236 522 276 576 δ’
312 521 381 576 ἂν
425 517 521 572 καὶ
570 514 772 587 πρέποι
811 513 872 567 τδ
917 511 1239 584 χαρίζεσθαι
1288 513 1357 567 τά
1385 513 1479 567 τοῦ
1516 513 1687 581 Θεοῦ;
1715 514 1809 586 Μὴ

236 615 356 685 οὐχὶ
376 609 519 666 κατά
554 607 717 678 φύσιν
748 604 999 676 ὅντιθεῷ
1026 623 1041 671 ;
1079 605 1264 677 Ὕδωρ
1308 606 1366 660 δὲ
1391 604 1501 671 ζῶν
1544 607 1812 661 ἀποκαλεῖ

236 700 335 771 τὴν
362 695 623 764 ζωοποιὸν
650 692 744 747 τοῦ
768 693 1082 763 Πνεύματος
1107 693 1278 761 δόσιν,
1303 694 1376 748 δι’
1419 690 1488 766 ἦς
1515 696 1610 748 καὶ
1643 694 1811 767 μόνης

240 793 267 863 ἡ
296 785 676 860 ἀνθρωπότης,
712 784 893 837 καίτοι
912 785 1026 847 τοῖς
1045 785 1103 837 ὲν
1127 783 1280 856 ὄρεσι
1313 785 1578 857 πρέμνοις
1603 786 1815 840 ἀναινο-

240 881 374 954 μένη
407 876 827 950 παραπλησίως,
854 874 997 947 ξηρά
1020 892 1080 929 τε
1104 875 1229 948 ήδη,
1262 877 1358 931 καὶ
1397 877 1577 949 πάσης
1620 878 1815 946 ἄγονος

237 973 432 1047 ἀρετῆς
504 972 626 1034 ταῖς
686 965 781 1022 τοῦ
828 966 1072 1021 διαύόλου
1108 968 1462 1038 κακουργίαις
1517 968 1817 1038 ἀναδεδειγ-

239 1064 399 1137 μένη,
427 1061 568 1134 πρὸς
600 1060 659 1114 τὸ
688 1059 914 1132 ἀρχαῖον
947 1057 1233 1129 ἀνατρέχει
1284 1058 1381 1129 τῆς
1422 1057 1639 1128 φύσεως
1686 1057 1815 1114 κάλ-

237 1153 344 1217 λος,
376 1152 472 1206 καὶ
518 1149 617 1220 τὴν
666 1145 931 1213 ζωοποιδν
979 1145 1276 1200 ἐκτείνουσα
1331 1145 1511 1218 χάριν,
1548 1146 1815 1219 πολυτρό-

239 1260 361 1308 ποις
413 1241 633 1311 ἀγαθῶν
695 1238 860 1302 ἰδέαις
911 1237 1354 1308 περιανθίζεται,
1420 1237 1515 1291 καὶ
1577 1240 1657 1301 εἰς
1702 1235 1815 1302 ἕξιν

239 1334 633 1390 ἀναϐλαστῶσα
655 1333 755 1403 τὴν
784 1331 1096 1403 φιλάρετον,
1118 1332 1586 1403 εὐτραφεστάτους
1610 1330 1709 1401 τῆς
1737 1331 1816 1396 είς

239 1426 374 1480 Θεὸν
412 1426 633 1495 ἀγάπης
648 1423 831 1494 ἀνίησι
860 1422 1091 1485 κλῶνας.
1128 1420 1381 1475 Τοιοῦτον
1413 1420 1470 1474 δέ
1502 1439 1576 1488 τι,
1608 1424 1704 1475 καί
1726 1421 1817 1476 διὰ

238 1515 332 1569 τοῦ
396 1515 675 1587 προφήτου
731 1514 897 1584 φησὶν
942 1512 1161 1567 Ἡσαΐου
1213 1511 1350 1584 πρὸς
1400 1513 1549 1583 ἡμᾶς
1591 1514 1620 1565 ὁ
1662 1511 1814 1577 Θεόςο

246 1625 264 1658 ι
297 1605 601 1676 Εὐλογήσει
635 1621 702 1675 με
729 1603 796 1657 τὰ
823 1603 988 1675 θηρία
1024 1602 1119 1656 τοῦ
1156 1600 1352 1674 ἀγροῦ,
1405 1603 1679 1675 σειρῆνες,
1721 1602 1819 1657 καὶ

241 1694 547 1766 θυγατέρες
581 1693 876 1766 στρουθῶν,
904 1695 987 1748 ὅτι
1025 1692 1203 1748 ἔδωκα
1240 1694 1300 1749 ὲν
1335 1696 1402 1766 τῇ
1433 1695 1627 1767 ἐρήμῳ
1651 1692 1816 1765 ὕδωρ,

1915 515 2012 572 Dei
2044 517 2212 573 sunt?
2239 516 2323 573 An
2356 532 2468 573 non
2496 518 2547 573 ei
2579 517 2674 587 qui
2715 519 3015 575 secundum
3046 530 3299 577 naturam
3337 522 3484 580 Deus

1914 608 2037 664 est?
2064 607 2276 678 Aquam
2319 615 2502 664 autem
2531 608 2709 664 vivam
2740 611 2977 681 appellat
3027 612 3305 669 viviﬂcum
3348 615 3483 670 illud

1917 699 2159 770 Spiritus
2181 700 2407 766 donum,
2431 716 2531 771 per
2560 700 2707 770 quod
2736 704 2914 759 solum
2946 703 3260 762 humanitas
3291 722 3488 777 quam-

1915 791 2001 846 vis
2039 790 2265 862 perinde
2315 805 2381 846 ac
2428 794 2675 848 montani
2709 794 2928 864 stipites
2965 812 3197 866 prorsus
3244 798 3488 854 arefacta

1916 887 1970 935 et
1990 880 2170 936 omnis
2200 879 2414 937 fructus
2460 897 2658 953 expers
2699 883 2904 940 diaboli
2936 885 3133 943 fraude
3175 888 3389 944 reddita
3418 891 3487 945 ad

1916 979 2157 1029 veterem
2188 980 2402 1029 natura:
2431 976 2898 1044 pulchritudinem
2933 987 3244 1048 revocatur,
3270 990 3324 1036 et
3351 981 3489 1037 vivi-

1918 1061 2075 1117 ﬁcam
2124 1064 2360 1134 gratiam
2400 1065 2628 1122 ebibens
2670 1067 2842 1123 variis
2885 1068 3151 1125 bonorum
3192 1074 3488 1142 generibus

1916 1155 2228 1223 redimitur,
2252 1164 2307 1211 et
2339 1155 2409 1211 ad
2433 1157 2653 1214 virtutis
2683 1160 2928 1215 studium
2955 1162 3294 1231 repullulans
3328 1165 3491 1220 uber-

1917 1245 2091 1301 rimos
2120 1246 2432 1303 dilectionis
2464 1246 2560 1303 Dei
2607 1264 2793 1305 ramos
2822 1250 2953 1306 edit.
2987 1250 3119 1307 Tale
3166 1268 3297 1307 vero
3328 1254 3490 1324 quid-

1917 1333 2043 1389 dam
2094 1336 2256 1391 nobis
2303 1352 2525 1408 quoque
2575 1336 2723 1394 Deus
2769 1354 2867 1409 per
2918 1339 3117 1395 Isaiam
3170 1342 3488 1412 praphelam

1919 1423 1996 1478 ait
2033 1442 2046 1478 :
2090 1442 2109 1476 ι
2150 1422 2551 1480 Gloriiicabunt
2605 1442 2694 1482 me
2729 1428 2923 1483 bestiae
2968 1430 3105 1500 agri,
3157 1431 3393 1505 sirenes,
3437 1444 3494 1487 et

1919 1513 2042 1569 ﬁliae
2072 1515 2475 1580 struthionum,
2507 1515 2637 1586 quia
2698 1516 2822 1579 dedi
2871 1518 2928 1573 in
2975 1519 3193 1576 deserto
3241 1538 3412 1594 aquas
3438 1532 3496 1579 et

1919 1603 2145 1660 ﬂumina
2176 1606 2231 1662 in
2261 1605 2555 1678 inaquoso,
2574 1618 2634 1663 ut
2659 1608 2851 1665 bibere
2881 1608 3080 1665 faciam
3108 1628 3281 1683 genus
3312 1631 3493 1671 meum

1920 1695 2189 1769 electum;
2233 1700 2494 1770 populum
2530 1715 2714 1757 meum
2753 1715 2918 1773 quem
2965 1704 3256 1773 acquisivi,
3282 1713 3341 1760 ut
3377 1705 3494 1760 vir-

242 1789 339 1841 καὶ
372 1786 646 1857 ποταμοὺς
676 1787 734 1839 ὲν
761 1787 828 1857 τῇ
873 1784 1108 1857 ἀνύδρῳ,
1142 1784 1362 1839 ποτίσαι
1408 1785 1471 1839 τὸ
1511 1784 1668 1855 γένος
1717 1802 1817 1855 μου

1928 1795 2068 1845 tutes
2102 1804 2251 1846 meas
2300 1799 2490 1847 narret
2522 1792 2590 1847 ³⁸.
2631 1810 2651 1844 ι
2686 1790 2827 1849 Justi
2870 1809 3036 1864 porro
3089 1796 3328 1851 animam
3378 1796 3498 1854 fore

241 1878 302 1933 τδ
316 1878 591 1940 ἐκλεκτὸν,
615 1876 742 1931 λαόν
769 1893 869 1947 μου
903 1876 961 1929 ὃν
984 1876 1460 1949 περιεποιησάμην
1484 1877 1587 1941 τὰς
1615 1876 1820 1949 ἀρετάς

244 1987 347 2043 μου
376 1968 700 2041 διηγεῖσθαι.
737 1987 757 2019 ι
794 1967 1133 2024 Ἐσεσθαιδὲ
1183 1968 1279 2023 καὶ
1316 1969 1416 2040 τὴν
1465 1969 1561 2023 τοῦ
1602 1967 1816 2023 δικαίου

241 2061 445 2133 ψυχὴν,
476 2060 552 2123 ὡς
586 2058 742 2126 ξύλον
769 2057 1066 2130 ἔγκαρπον,
1093 2059 1280 2132 ἕτερός
1305 2076 1441 2131 φησι
1485 2060 1594 2113 τῶν
1625 2058 1818 2127 ἁγίων,

242 2153 346 2207 κατ
381 2150 661 2205 ἀνατελεῖν
710 2151 829 2220 μὲν,
877 2150 1009 2204 ὼσεί
1045 2151 1238 2222 χόρτον
1284 2150 1561 2221 ἀναμέσον
1605 2149 1818 2216 ὕδατος,

240 2242 582 2313 ὀφθήσεσθαι
620 2241 677 2295 δὲ
702 2241 778 2304 ὡς
814 2240 960 2294 ἰτέαν
993 2242 1086 2295 ἐπὶ
1114 2240 1430 2314 παραρρέον
1451 2239 1620 2312 ὕδωρ.
1653 2243 1823 2296 Δυνα-

241 2334 332 2388 τδν
364 2334 469 2405 μὲν
493 2328 588 2387 οὖν
628 2334 742 2397 τοῖς
776 2332 1087 2404 εἰρημένοις
1141 2334 1235 2387 καὶ
1276 2333 1468 2407 ἑτέρας
1511 2334 1662 2404 ἡμᾶς
1698 2335 1820 2387 ἑπι-

243 2424 511 2496 σωρεύειν
535 2423 635 2488 τάς
654 2422 765 2477 ἀπὸ
785 2423 885 2493 τῆς
908 2434 911 2437 '
931 2422 1081 2488 θείας
1120 2426 1345 2497 Γραφῆς
1384 2423 1717 2496 μαρτυρίας,
1755 2423 1822 2478 δι’

242 2509 318 2569 ῶν
360 2511 434 2587 ἦν
482 2515 578 2569 καὶ
618 2515 767 2585 μάλα
785 2516 977 2588 ῥᾳδίως
1022 2514 1403 2582 ἐπιδεικνύειν,
1435 2514 1509 2579 ὡς
1541 2515 1604 2570 ὲν
1631 2512 1825 2580 ὕδατος

244 2605 589 2679 προσηγορίᾳ
615 2605 676 2659 τὺ
702 2605 845 2660 θεῖον
886 2605 1144 2669 πολλάκις
1193 2606 1617 2678 κατωνόμασται
1657 2605 1826 2661 πνεῦ-

1923 1887 2181 1950 tanquam
2242 1880 2451 1952 lignum
2514 1880 2862 1938 fructiferum
2918 1885 3059 1941 alter
3121 1886 3284 1942 nobis
3332 1887 3497 1957 181

1920 1978 2149 2027 sanctus
2184 1970 2353 2036 canit,
2395 1979 2450 2027 et
2483 1974 2747 2030 orituram
2794 1974 2940 2031 sicut
2991 1975 3175 2031 fenum
3224 1976 3281 2031 in
3314 1979 3497 2034 medio

1921 2076 2114 2133 aquae,
2159 2070 2217 2117 et
2286 2064 2435 2133 sicut
2509 2066 2733 2121 salicem
2793 2082 2963 2138 super
3038 2067 3498 2140 pmterﬂuentem

1924 2168 2122 2224 aquam
2138 2152 2205 2208 ⁸⁸.
2222 2153 2445 2210 Possem
2464 2155 2552 2212 his
2576 2157 2680 2211 alia
2701 2159 2987 2228 complura
3011 2159 3323 2217 testimonia
3347 2159 3500 2216 Scri-

1925 2252 2102 2316 ptum
2121 2245 2441 2318 adiungere.
2465 2250 2670 2318 quibus
2690 2249 3012 2305 facillimum
3042 2261 3189 2309 esset
3206 2254 3501 2311 ostendero

1920 2347 2076 2404 aqua:
2108 2335 2374 2393 vocabulo
2401 2336 2724 2407 plerumque
2771 2336 3019 2393 divinum
3068 2338 3325 2408 spiritum
3357 2355 3501 2395 nun-

1919 2424 2127 2495 cupari.
2171 2424 2276 2483 Sed
2327 2435 2546 2497 tempus
2592 2442 2704 2483 non
2751 2436 2836 2484 est
2888 2428 2945 2482 in
2986 2429 3072 2484 bis
3112 2430 3445 2485 immorandi
3480 2448 3494 2482 :

1920 2515 2152 2588 proinde
2195 2533 2418 2574 rursum
2464 2519 2522 2574 in
2567 2527 2786 2576 vastum
2813 2518 2949 2574 illud
2995 2528 3050 2575 et
3075 2521 3319 2590 amplum
3359 2521 3501 2574 divi-

1922 2623 2119 2663 narum
2148 2611 2673 2680 contemplationum
2704 2610 2929 2682 pelagus
2955 2611 3323 2667 enatabimus.

246 2719 344 2772 μα.
367 2700 476 2755 Τοῦ
504 2698 815 2763 δὲ.τούτοις
855 2701 1004 2771 ἡμᾶς
1046 2699 1438 2771 ὲμφιλοχωρετν
1483 2699 1543 2753 ού
1580 2699 1773 2772 καιρός
1796 2715 1810 2731 ·
1834 2699 1931 2754 ’διὸ
1977 2700 2041 2773 δὴ
2088 2701 2249 2758 πάλιν
2304 2703 2511 2776 ἑτέροις
2535 2701 2901 2776 δπινηξόμεθα
2937 2704 3074 2774 πρὸς
3109 2702 3171 2756 τὸ
3215 2703 3361 2775 μέγα
3407 2705 3504 2762 καὶ

243 2798 422 2853 πλατὺ
447 2796 559 2850 τῶν
593 2795 753 2850 θείων
785 2794 1152 2867 θεωρημάτων
1192 2795 1535 2867 ἐπειγόμενοι
1563 2797 1818 2866 πέλαγος.

314 2890 519 2957 Κύριε,
550 2887 686 2941 οὔτε
718 2886 994 2956 ἄντλημα
1027 2884 1209 2955 ἔχεις,
1250 2886 1350 2939 καὶ
1372 2886 1439 2940 τὸ
1463 2884 1651 2956 φρέαρ
1685 2885 1819 2941 ἐστί

241 2981 409 3047 βαθύ
441 2995 459 3010 θ
486 2981 669 3033 πόθεν
688 2973 805 3033 οὖν
834 2977 994 3047 ἔχεις
1012 2976 1080 3031 τὸ
1102 2977 1262 3046 ὕδωρ
1290 2977 1355 3032 τὸ
1373 2975 1519 3039 ζῶν;

1999 2881 2091 2948 IV,
2136 2882 2226 2936 11.
2266 2880 2513 2945 Domine,
2552 2897 2713 2952 neque
2741 2882 2797 2936 in
2831 2897 2932 2953 quo
2969 2882 3190 2937 haurias
3236 2882 3418 2948 habes,
3452 2893 3504 2939 et

1925 2984 2112 3041 puteus
2137 2972 2279 3028 altus
2305 2982 2383 3027 est
2414 2987 2434 3027 :
2460 2972 2598 3026 unde
2622 2988 2744 3042 ergo
2767 2971 2926 3028 habes
2958 2989 3152 3043 aquam
3190 2973 3360 3028 vivam
3376 2973 3403 3029 3

316 3071 493 3125 Οὐδὲν
521 3069 627 3122 τῶν
660 3073 717 3125 ὲν
742 3069 1001 3142 συνηθείᾳ
1034 3067 1195 3124 πλέον
1234 3069 1269 3139 ἡ
1300 3068 1435 3140 γυνὴ
1471 3067 1820 3138 φαντάζεται,

1996 3065 2145 3122 Nihil
2192 3064 2300 3121 nisi
2348 3064 2574 3135 vulgare
2613 3065 2810 3121 mulier
2848 3065 2953 3121 sibi
2995 3065 3277 3137 proponit,
3329 3081 3507 3137 neque

243 3163 343 3216 καί
380 3161 599 3232 συνίησι
637 3161 734 3231 μὲν
759 3159 1009 3231 οὐδαμῶς
1041 3158 1149 3212 τῶν
1169 3158 1476 3230 εἰρημένων
1519 3156 1617 3228 τὴν
1665 3155 1825 3210 δύνα-

243 3269 368 3323 μιν,
400 3252 576 3304 οῑεται
614 3250 672 3303 δὲ
698 3251 781 3304 ὅτι
805 3248 947 3303 κατά
987 3265 1138 3313 τινας
1175 3248 1284 3303 τῶν
1325 3248 1387 3314 ἐξ
1442 3247 1680 3319 ἐπῳδῆς,
1732 3245 1829 3299 καὶ

239 3341 640 3413 δαιμονιὼδους
669 3340 886 3411 ἀπάτης
912 3339 1349 3411 θαυματουργεῖν
1377 3339 1666 3403 εἰωθότων,
1685 3354 1830 3408 σχοι-

235 3432 366 3487 νίου
396 3449 461 3486 τε
481 3424 623 3502 δίχα,
677 3431 769 3485 καί
791 3448 931 3494 τινος
970 3429 1161 3501 ἑτέρας
1204 3430 1472 3501 μηχανῆς,
1529 3430 1830 3501 αὐτόματον

236 3525 390 3596 αὐτῇ
418 3524 483 3578 τὸ
503 3523 651 3595 ὕδωρ
682 3524 749 3577 ὲκ
778 3522 887 3576 τῶν
921 3522 1224 3594 φρεατείων
1267 3522 1469 3576 ἀνοίσει
1502 3520 1792 3591 πυθμένων
1813 3536 1826 3548 ·

237 3614 399 3688 ὓδωρ
421 3614 482 3668 δὲ
514 3614 646 3680 ζῶν,
670 3614 746 3677 ὡς
771 3614 906 3686 πρὸς
935 3612 1026 3667 τὸν
1051 3613 1253 3667 οἰκεῖον
1294 3612 1549 3685 ὀνομάζει
1607 3611 1828 3679 σκοπὸν,

236 3708 308 3762 τὸ
329 3706 538 3762 νεωστὶ
568 3704 678 3759 τῶν
740 3704 992 3776 πηγαίων
1018 3704 1371 3777 ἀνομὸρῆσαν
1412 3702 1651 3774 μαστῶν.

313 3796 424 3866 Μὴ
460 3796 543 3851 σὺ
559 3794 775 3866 μείζων
804 3790 862 3848 εἴ
878 3794 984 3849 τοῦ
1030 3795 1258 3863 πατρὸς
1296 3792 1465 3864 ἡμῶν
1500 3793 1725 3859 Ἰακὼϐ,
1765 3794 1833 3861 ὃς

233 3888 483 3945 ἔδωκεν
512 3886 658 3958 ἡμῖν
681 3887 749 3940 τὸ
777 3886 963 3956 φρέαρ
983 3885 1180 3953 τοῦτο,
1209 3886 1308 3941 καὶ
1334 3886 1518 3953 αὐτὸς
1552 3885 1622 3952 ἐξ
1647 3885 1834 3941 αὐτοῦ

232 3982 404 4047 ἔπιε,
440 3976 544 4032 καὶ
575 3979 628 4031 οἱ
649 3977 767 4031 υίοί
808 3975 1013 4043 αὐτοῦ,
1041 3975 1141 4030 καὶ
1172 3975 1245 4030 τὰ
1267 3974 1565 4045 θρέμματα
1600 3976 1789 4031 αὐτοῦ
1814 3991 1833 4039 ;

234 4070 575 4139 Ἀπεκρίθη
613 4068 864 4135 Ἰησοῦς,
886 4065 985 4121 καὶ
1011 4063 1178 4121 εἶπεν
1202 4064 1377 4134 αὐτῇ.

324 4161 572 4230 Ἐαυτῆς
593 4157 1040 4229 ἐπιλαμϐάνεται,
1070 4157 1165 4211 καὶ
1213 4155 1418 4227 σφόδρα
1443 4155 1541 4226 τὴν
1574 4152 1839 4228 ταχίστην

237 4255 277 4323 ἠ
316 4251 490 4320 γυνὴ,
530 4250 730 4320 συνορᾷ
762 4249 820 4302 δὲ
849 4249 948 4319 οὐχ
972 4248 1155 4312 ὁσίως,
1193 4248 1314 4301 οὐδὲ
1354 4247 1572 4312 πάντως
1618 4247 1840 4319 ἀληθεῖς

237 4341 501 4396 λαὸοὖσα
545 4341 645 4405 τὰς
701 4339 955 4404 ὑπονοίας
1002 4339 1130 4409 περὶ
1165 4337 1331 4392 αὑτοῦ
1356 4352 1372 4370 ο
1422 4339 1481 4392 ού
1528 4338 1636 4410 γάρ
1667 4336 1735 4410 ἦν
1762 4339 1838 4410 μὴ

1929 3160 2202 3216 dictorum
2229 3159 2338 3214 vim
2366 3158 2537 3229 capit,
2571 3157 2666 3213 sed
2700 3156 2980 3215 existimat
3010 3165 3237 3229 repente
3268 3158 3449 3230 ipsum
3474 3174 3509 3216 ο

1928 3252 2079 3322 putei
2102 3249 2275 3305 fundo
2293 3264 2490 3319 aquam
2523 3247 2912 3315 deducturum,
2933 3263 3044 3304 non
3078 3264 3238 3306 secus
3261 3264 3326 3306 ac
3346 3250 3381 3306 ii
3412 3250 3509 3322 qui

1931 3342 2162 3414 magicis
2188 3341 2532 3398 carminibus
2560 3355 2624 3395 ac
2664 3340 2975 3396 daemonum
3009 3339 3202 3398 fraude
3232 3342 3509 3398 mirabilia

1932 3444 2152 3505 patrare
2194 3433 2398 3489 solent.
2432 3432 2646 3502 Aquam
2682 3432 2885 3499 vivam,
2917 3448 2983 3488 ex
3026 3448 3127 3489 sua
3176 3439 3365 3490 mente
3404 3449 3508 3489 no-

1932 3524 2128 3592 minat,
2176 3538 2373 3595 nempe
2403 3539 2527 3595 quae
2575 3538 2642 3580 ex
2673 3522 2842 3581 fontis
2880 3524 3149 3581 uberibus
3186 3539 3382 3582 recens
3424 3524 3509 3583 ef-

1930 3612 2106 3669 ﬂuxit.

2004 3790 2096 3857 IV,
2121 3792 2208 3846 12.
2255 3790 2531 3863 Numquid
2563 3800 2620 3845 tu
2650 3791 2825 3861 major
2851 3807 2904 3846 es
2926 3794 3077 3859 patre
3107 3801 3289 3846 nostro
3316 3790 3508 3858 Iacob,

1935 3884 2026 3954 qui
2045 3882 2191 3937 dedit
2224 3884 2376 3938 nobis
2406 3892 2619 3953 puteum
2671 3883 2830 3948 hunc,
2853 3894 2903 3936 et
2930 3883 3039 3951 ipse
3070 3897 3136 3937 ea:
3165 3899 3224 3937 eo
3261 3882 3413 3949 bibit,
3458 3890 3510 3937 et

1937 3969 2040 4040 ﬁlii
2088 3969 2237 4039 ejus,
2281 3978 2333 4024 et
2392 3986 2583 4040 pecora
2649 3970 2805 4041 ejus?
2862 3970 3147 4041 Respondit
3211 3970 3406 4039 Iesus,
3459 3981 3510 4027 et

1937 4061 2073 4116 dixit
2103 4062 2172 4117 ei.

2007 4153 2205 4211 Mulier
2240 4155 2353 4212 cito
2393 4155 2637 4226 seipsam
2664 4156 2923 4227 castigat,
2952 4155 3227 4228 simulque
3262 4154 3513 4212 animad-

1939 4249 2103 4306 vertit
2139 4264 2200 4306 se
2227 4264 2338 4305 non
2368 4248 2456 4319 pie
2494 4254 2549 4303 et
2574 4263 2703 4304 vere
2735 4247 2803 4304 de
2846 4248 2940 4304 illo
2971 4249 3195 4305 sentire.
3221 4247 3330 4304 Nec
3364 4248 3514 4305 enim

1941 4334 1992 4389 ei
2022 4335 2183 4405 plane
2212 4333 2407 4391 deesse
2434 4344 2650 4406 poterat
2681 4335 2946 4392 auxilium
2981 4335 3049 4392 ad
3075 4336 3512 4409 intelligendum,

244 4434 483 4496 πάντως
510 4430 839 4502 ὡφελεῖσθαι
863 4429 999 4500 πρὸς
1030 4428 1214 4499 νῆψιν,
1242 4427 1342 4499 τὴν
1379 4428 1517 4493 ὅλως
1534 4428 1644 4482 τῶν
1676 4427 1826 4481 θείων

1941 4425 2144 4497 quippe
2188 4440 2309 4496 qua:
2351 4425 2556 4483 divinis
2607 4427 2955 4484 sermonibus
3012 4426 3310 4484 frueretur.
3342 4427 3515 4495 Quasi

241 4523 639 4579 ἁπολαύουσαν
663 4520 857 4591 λόγων.
895 4520 984 4584 Ὠς
1000 4519 1347 4591 ἐνδεχομένου
1364 4519 1652 4590 τοιγαροῦν
1685 4520 1834 4591 ἐπῳ-

237 4618 337 4671 ὣν
373 4616 482 4688 μὲν
514 4614 616 4669 οὐκ
634 4608 775 4666 εἶναι
798 4611 888 4665 τὸν
913 4611 1174 4680 λέγοντα,
1204 4611 1490 4686 προφήτην
1518 4610 1576 4663 δὲ
1636 4610 1835 4682 μᾶλλον

235 4711 347 4763 καὶ
384 4706 501 4761 τῶν
540 4706 601 4759 ὲν
632 4702 887 4774 ἀγιασμῷ
910 4702 1227 4774 διαπρέπων
1249 4701 1358 4775 [ῖσ.
1377 4703 1833 4777 διαπρεπόντων],

233 4801 340 4855 διὰ
387 4816 451 4853 τε
504 4797 667 4851 τοῦτο
718 4793 974 4867 παρέξειν
1017 4794 1154 4865 αὐτῇ
1183 4797 1244 4847 τὸ
1293 4793 1434 4867 ὓδωρ
1458 4796 1518 4849 τὸ
1560 4795 1669 4860 ζῶν
1701 4814 1836 4850 κατ-

232 4886 718 4959 ιπειγγέλλεσθαι,
753 4884 846 4938 καὶ
871 4884 994 4956 δίχα
1026 4883 1136 4938 τῶν
1162 4886 1301 4939 κατὰ
1332 4886 1616 4957 συνήθειαν
1644 4887 1840 4960 ἀντλη-

231 4983 474 5055 μάτων,
510 4979 545 5049 ἢ
594 4978 729 5031 πολὺ
777 4978 913 5049 πρὸς
965 4976 1166 5048 χρῆσιν
1208 4976 1267 5030 τδ
1305 4977 1524 5049 ἄμεινον
1555 4978 1615 5043 ἐξ
1646 4979 1839 5052 ἐτέρας

220 5071 656 5143 ἀνευρίσκοντα
723 5068 930 5140 πηγῆς,
990 5067 1310 5139 μετατίθησι
1354 5068 1446 5124 τὸν
1485 5069 1643 5139 λόγον
1677 5071 1840 5137 εὐθὺς

1942 4531 2073 4588 ergo
2106 4515 2224 4572 ﬁeri
2255 4531 2367 4572 non
2410 4524 2599 4587 posset
2638 4526 2701 4572 ut
2742 4517 2791 4574 is
2820 4518 2916 4589 qui
2965 4517 3294 4589 loquebatur
3323 4519 3516 4579 incan-

1944 4617 2091 4664 tator
2115 4617 2283 4677 esset,
2314 4609 2411 4666 sed
2455 4609 2724 4681 propheta
2751 4610 2957 4681 potius,
2987 4620 3043 4667 et
3086 4626 3153 4667 ex
3192 4626 3384 4668 eorum
3408 4608 3515 4667 nu'—

1946 4716 2098 4758 mero
2145 4701 2244 4772 qui
2288 4701 2582 4760 sanctitate
2634 4703 2923 4773 conspicui
2979 4712 3133 4770 sunt,
3178 4710 3235 4759 et
3285 4704 3516 4774 proinde

1946 4791 2304 4861 praebiturum
2335 4806 2394 4847 se
2422 4791 2473 4848 ei
2495 4807 2691 4864 aquam
2725 4793 2905 4849 vivam
2935 4793 3315 4864 polliceretur,-
3350 4793 3517 4863 idque

1944 4881 2065 4938 sine
2100 4882 2418 4952 vulgaribus
2465 4883 2728 4949 haustris,
2757 4894 2853 4939 aut
2899 4883 2969 4938 ad
2996 4900 3158 4947 usum
3208 4882 3370 4953 longe
3397 4898 3514 4935 me-

1944 4974 2164 5039 liorem,
2193 4990 2257 5029 ex
2295 4975 2404 5030 alio
2442 4976 2706 5031 nimirum
2737 4973 2887 5030 fonte
2928 4983 3225 5044 repertam,
3256 4972 3515 5028 emendat

1944 5066 2131 5122 statim
2163 5065 2309 5135 quod
2339 5065 2576 5130 dixerat,
2603 5073 2657 5120 et
2686 5066 2842 5134 quasi
2885 5071 3139 5120 sanctum
3167 5077 3289 5117 cum
3318 5068 3512 5116 sancto

1944 5167 2241 5229 comparat,
2281 5156 2517 5212 dicens:
2550 5176 2568 5208 ι
2605 5156 2874 5226 Numquid
2920 5163 2978 5211 tu
3027 5155 3201 5225 major
3242 5168 3303 5208 es
3361 5160 3516 5222 patre

1940 5256 2133 5305 nostro
2169 5245 2361 5313 Iacob,
2384 5248 2480 5317 qui
2512 5248 2662 5304 dedit
2687 5245 2852 5303 nobis
2880 5254 3103 5317 puteum
3134 5242 3314 5298 hunc?
3342 5261 3362 5295 ι
3394 5242 3513 5296 Vim

1941 5341 2108 5411 hujus
2145 5338 2277 5394 dicti
2321 5340 2511 5411 accipe
2559 5355 2628 5394 ex
2679 5353 2745 5394 eo
2774 5339 2922 5408 quod
2974 5338 3092 5407 ipsa
3128 5350 3238 5391 non
3274 5335 3514 5407 amplius

1940 5430 2171 5483 miratur
2199 5427 2344 5498 quod
2380 5427 2510 5502 fune
2557 5429 2854 5484 destitutus
2905 5438 3103 5497 aquam
3156 5422 3515 5477 nihilominus

1940 5518 2285 5592 polliceatur,
2321 5519 2416 5577 sed
2475 5519 2545 5577 de
2592 5519 2712 5592 ejus
2764 5519 3031 5592 qualitate
3079 5514 3334 5590 gustabili
3373 5516 3516 5573 dum

211 5164 344 5220 ἐπὶ
380 5163 443 5215 τὸ
475 5159 936 5231 σωφρονέστερον,
976 5161 1069 5214 καὶ
1092 5160 1166 5225 ὡς
1195 5159 1349 5229 ἀγιον
1385 5161 1527 5234 ἁγίῳ
1556 5164 1838 5235 συγκρίνει

211 5255 512 5325 λέγουσα,
547 5272 566 5304 ι
602 5253 695 5321 Μὴ
716 5254 782 5305 σὺ
808 5252 1008 5322 μείζων
1030 5247 1080 5306 εἴ
1092 5252 1185 5305 τοῦ
1218 5252 1594 5325 πατρδςήμῶν
1625 5254 1840 5322 Ἰακὼϐ,

208 5347 285 5411 ὃς
326 5344 548 5398 ἔδωκεν
576 5345 711 5415 ἡμῖν
739 5343 801 5396 τὸ
834 5342 1015 5415 φρέαρ
1042 5343 1233 5409 τοῦτο;
1262 5362 1282 5397 ι
1310 5346 1480 5416 Δέχου
1511 5345 1604 5399 τοῦ
1636 5349 1843 5417 νοήμα-

213 5454 331 5501 τος
361 5434 474 5507 τὴν
500 5434 800 5505 περίνοιαν,
836 5435 901 5487 ὲκ
942 5433 1035 5487 τοῦ
1081 5434 1279 5505 μηκέτι
1309 5435 1610 5506 θαυμάζειν
1649 5438 1840 5509 αὐτὴν,

214 5529 269 5584 ιι
315 5524 580 5598 σχοινίον
607 5522 707 5576 οὐκ
733 5522 876 5593 ἔχων
901 5522 962 5575 τὸ
993 5520 1138 5594 ὕδωρ
1185 5521 1598 5592 ἐπαγγέλλεται,
1643 5523 1744 5595 τῆς
1785 5525 1842 5580 δὲ

302 5689 360 5721 ⁸⁸
411 5699 521 5756 lsa.
554 5710 715 5757 xum,
745 5693 836 5758 20,
861 5694 950 5748 2|.
1030 5693 1074 5725 "
1103 5692 1207 5749 lsa.
1245 5712 1388 5762 κων,
1423 5697 1475 5754 4.

595 5792 868 5850 PATsOL.
909 5788 1026 5851 Gn.
1057 5790 1331 5853 LXXIII.

3123 5776 3190 5840 10
