  <div class='ocr_page' id='page_1' title='image "/cluster/home/n/w/nwhite01/storage/ocr_20150623/73/hvd.32044073502023/156.png"; bbox 0 0 4038 6210; ppageno 0'>
   <div class='ocr_carea' id='block_1_1' title="bbox 283 315 382 371">
    <p class='ocr_par' dir='ltr' id='par_1_1' title="bbox 283 315 382 371">
     <span class='ocr_line' id='line_1_1' title="bbox 283 315 382 371; baseline -0.01 0"><span class='ocrx_word' id='word_1_1' title='bbox 283 315 382 371; x_wconf 76' lang='grc'><strong>301</strong></span> 
     </span>
    </p>
   </div>
   <div class='ocr_carea' id='block_1_2' title="bbox 1276 317 2414 381">
    <p class='ocr_par' dir='ltr' id='par_1_2' title="bbox 1276 317 2414 381">
     <span class='ocr_line' id='line_1_2' title="bbox 1276 317 2414 381; baseline 0.005 -11"><span class='ocrx_word' id='word_1_2' title='bbox 1276 317 1341 372; x_wconf 80' lang='lat' dir='ltr'><strong>IN</strong></span> <span class='ocrx_word' id='word_1_3' title='bbox 1386 318 1669 376; x_wconf 81' lang='lat' dir='ltr'><strong>JOANNIS</strong></span> <span class='ocrx_word' id='word_1_4' title='bbox 1697 320 2148 381; x_wconf 80' lang='lat' dir='ltr'><strong>EVANGELIUM</strong></span> <span class='ocrx_word' id='word_1_5' title='bbox 2187 323 2312 378; x_wconf 88' lang='lat' dir='ltr'><strong>LIB.</strong></span> <span class='ocrx_word' id='word_1_6' title='bbox 2353 322 2414 377; x_wconf 90' lang='grc'><strong>11.</strong></span> 
     </span>
    </p>
   </div>
   <div class='ocr_carea' id='block_1_3' title="bbox 3435 329 3539 386">
    <p class='ocr_par' dir='ltr' id='par_1_3' title="bbox 3435 329 3539 386">
     <span class='ocr_line' id='line_1_3' title="bbox 3435 329 3539 386; baseline 0.019 -2"><span class='ocrx_word' id='word_1_7' title='bbox 3435 329 3539 386; x_wconf 68' lang='lat'><strong>302</strong></span> 
     </span>
    </p>
   </div>
   <div class='ocr_carea' id='block_1_4' title="bbox 356 419 1853 501">
    <p class='ocr_par' dir='ltr' id='par_1_4' title="bbox 356 419 1853 494">
     <span class='ocr_line' id='line_1_4' title="bbox 356 419 1853 494; baseline 0.003 -17"><span class='ocrx_word' id='word_1_8' title='bbox 356 422 617 492; x_wconf 65' lang='lat' dir='ltr'><strong>&#39;rzars,</strong></span> <span class='ocrx_word' id='word_1_9' title='bbox 663 419 953 491; x_wconf 74' lang='grc' dir='ltr'>φὼνησον</span> <span class='ocrx_word' id='word_1_10' title='bbox 1003 419 1107 476; x_wconf 81' lang='grc' dir='ltr'><strong>τὸν</strong></span> <span class='ocrx_word' id='word_1_11' title='bbox 1152 423 1342 494; x_wconf 80' lang='grc' dir='ltr'>ἄνδρα</span> <span class='ocrx_word' id='word_1_12' title='bbox 1393 442 1544 494; x_wconf 83' lang='grc' dir='ltr'>σου,</span> <span class='ocrx_word' id='word_1_13' title='bbox 1591 430 1686 484; x_wconf 78' lang='grc' dir='ltr'>καὶ</span> <span class='ocrx_word' id='word_1_14' title='bbox 1725 430 1853 484; x_wconf 74' lang='grc' dir='ltr'>ἐλθὲ</span> 
     </span>
    </p>
   </div>
   <div class='ocr_carea' id='block_1_5' title="bbox 1955 419 3372 501">
    <p class='ocr_par' dir='ltr' id='par_1_5' title="bbox 2039 430 3372 501">
     <span class='ocr_line' id='line_1_5' title="bbox 2039 430 3372 501; baseline 0.005 -16"><span class='ocrx_word' id='word_1_15' title='bbox 2039 430 2130 497; x_wconf 88' lang='lat' dir='ltr'><strong>IV,</strong></span> <span class='ocrx_word' id='word_1_16' title='bbox 2165 432 2250 486; x_wconf 80' lang='grc'>16.</span> <span class='ocrx_word' id='word_1_17' title='bbox 2288 432 2456 498; x_wconf 83' lang='lat' dir='ltr'><strong><em>Vade,</em></strong></span> <span class='ocrx_word' id='word_1_18' title='bbox 2494 446 2618 486; x_wconf 68' lang='grc' dir='ltr'>ισοοο</span> <span class='ocrx_word' id='word_1_19' title='bbox 2654 434 3004 501; x_wconf 83' lang='lat' dir='ltr'><strong>virumtuum,</strong></span> <span class='ocrx_word' id='word_1_20' title='bbox 3027 446 3076 492; x_wconf 88' lang='lat' dir='ltr'><strong>et</strong></span> <span class='ocrx_word' id='word_1_21' title='bbox 3111 439 3225 492; x_wconf 81' lang='lat' dir='ltr'><strong>aeni</strong></span> <span class='ocrx_word' id='word_1_22' title='bbox 3253 438 3372 494; x_wconf 87' lang='lat' dir='ltr'><strong>huc.</strong></span> 
     </span>
    </p>
   </div>
   <div class='ocr_carea' id='block_1_6' title="bbox 281 514 516 570">
    <p class='ocr_par' dir='ltr' id='par_1_6' title="bbox 281 514 516 570">
     <span class='ocr_line' id='line_1_6' title="bbox 281 514 516 570; baseline -0.013 0"><span class='ocrx_word' id='word_1_23' title='bbox 281 514 516 570; x_wconf 75' lang='grc' dir='ltr'>ἐνθάδε.</span> 
     </span>
    </p>
   </div>
   <div class='ocr_carea' id='block_1_7' title="bbox 349 602 1865 682">
    <p class='ocr_par' dir='ltr' id='par_1_7' title="bbox 349 602 1865 682">
     <span class='ocr_line' id='line_1_7' title="bbox 349 602 1865 682; baseline 0.007 -23"><span class='ocrx_word' id='word_1_24' title='bbox 349 602 461 660; x_wconf 72' lang='grc' dir='ltr'><strong>τΗν</strong></span> <span class='ocrx_word' id='word_1_25' title='bbox 485 606 595 678; x_wconf 72' lang='grc' dir='ltr'>ἄρα</span> <span class='ocrx_word' id='word_1_26' title='bbox 622 605 803 670; x_wconf 86' lang='grc' dir='ltr'>καλῶς</span> <span class='ocrx_word' id='word_1_27' title='bbox 837 623 896 659; x_wconf 87' lang='grc' dir='ltr'><strong>τε</strong></span> <span class='ocrx_word' id='word_1_28' title='bbox 928 607 1022 660; x_wconf 73' lang='grc' dir='ltr'>καὶ</span> <span class='ocrx_word' id='word_1_29' title='bbox 1048 608 1148 662; x_wconf 87' lang='grc' dir='ltr'><strong>οὐκ</strong></span> <span class='ocrx_word' id='word_1_30' title='bbox 1179 609 1526 682; x_wconf 77' lang='grc' dir='ltr'><strong>ἐψευσμένως</strong></span> <span class='ocrx_word' id='word_1_31' title='bbox 1557 616 1752 680; x_wconf 79' lang='grc' dir='ltr'>εἰπεῖν,</span> <span class='ocrx_word' id='word_1_32' title='bbox 1783 615 1865 668; x_wconf 85' lang='grc' dir='ltr'>ὃτι</span> 
     </span>
    </p>
   </div>
   <div class='ocr_carea' id='block_1_8' title="bbox 281 697 1866 779">
    <p class='ocr_par' dir='ltr' id='par_1_8' title="bbox 281 697 1866 779">
     <span class='ocr_line' id='line_1_8' title="bbox 281 697 1866 779; baseline 0.006 -27"><span class='ocrx_word' id='word_1_33' title='bbox 281 699 494 773; x_wconf 75' lang='grc' dir='ltr'><strong>θήλειαι</strong></span> <span class='ocrx_word' id='word_1_34' title='bbox 539 697 657 762; x_wconf 82' lang='grc' dir='ltr'>πῶς</span> <span class='ocrx_word' id='word_1_35' title='bbox 702 700 810 751; x_wconf 84' lang='grc' dir='ltr'>είσι</span> <span class='ocrx_word' id='word_1_36' title='bbox 856 697 1089 765; x_wconf 83' lang='grc' dir='ltr'>θηλειῶν</span> <span class='ocrx_word' id='word_1_37' title='bbox 1122 703 1176 755; x_wconf 78' lang='grc' dir='ltr'>αἱ</span> <span class='ocrx_word' id='word_1_38' title='bbox 1226 704 1440 775; x_wconf 79' lang='grc' dir='ltr'><strong>φρένες,</strong></span> <span class='ocrx_word' id='word_1_39' title='bbox 1488 707 1583 761; x_wconf 72' lang='grc' dir='ltr'>καὶ</span> <span class='ocrx_word' id='word_1_40' title='bbox 1628 709 1866 779; x_wconf 74' lang='grc' dir='ltr'>μαλακὸς</span> 
     </span>
    </p>
   </div>
   <div class='ocr_carea' id='block_1_9' title="bbox 281 789 1866 868">
    <p class='ocr_par' dir='ltr' id='par_1_9' title="bbox 281 789 1866 868">
     <span class='ocr_line' id='line_1_9' title="bbox 281 789 1866 868; baseline 0.007 -24"><span class='ocrx_word' id='word_1_41' title='bbox 281 789 569 861; x_wconf 73' lang='grc' dir='ltr'>ἑνῴκισται</span> <span class='ocrx_word' id='word_1_42' title='bbox 598 789 723 853; x_wconf 82' lang='grc' dir='ltr'>νοῦς</span> <span class='ocrx_word' id='word_1_43' title='bbox 753 791 1019 858; x_wconf 73' lang='grc' dir='ltr'>γυναιξὶν,</span> <span class='ocrx_word' id='word_1_44' title='bbox 1044 792 1340 864; x_wconf 81' lang='grc' dir='ltr'><strong>οὐδαμόθεν</strong></span> <span class='ocrx_word' id='word_1_45' title='bbox 1364 796 1504 868; x_wconf 73' lang='grc' dir='ltr'>ἔχων</span> <span class='ocrx_word' id='word_1_46' title='bbox 1524 799 1585 852; x_wconf 81' lang='grc' dir='ltr'>τὸ</span> <span class='ocrx_word' id='word_1_47' title='bbox 1608 799 1866 854; x_wconf 87' lang='grc' dir='ltr'>δύνασθαί</span> 
     </span>
    </p>
   </div>
   <div class='ocr_carea' id='block_1_10' title="bbox 279 873 1866 962">
    <p class='ocr_par' dir='ltr' id='par_1_10' title="bbox 279 873 1866 962">
     <span class='ocr_line' id='line_1_10' title="bbox 279 873 1866 962; baseline 0.006 -27"><span class='ocrx_word' id='word_1_48' title='bbox 279 899 330 935; x_wconf 84' lang='grc' dir='ltr'><strong>τι</strong></span> <span class='ocrx_word' id='word_1_49' title='bbox 364 873 600 935; x_wconf 79' lang='grc' dir='ltr'><strong>συνιέναι</strong></span> <span class='ocrx_word' id='word_1_50' title='bbox 642 883 880 954; x_wconf 78' lang='grc' dir='ltr'>γοργῶς.</span> <span class='ocrx_word' id='word_1_51' title='bbox 915 884 1306 956; x_wconf 87' lang='grc' dir='ltr'>Εὐμαθεστέρα</span> <span class='ocrx_word' id='word_1_52' title='bbox 1351 888 1406 940; x_wconf 86' lang='grc' dir='ltr'><strong>δέ</strong></span> <span class='ocrx_word' id='word_1_53' title='bbox 1446 906 1562 953; x_wconf 90' lang='grc' dir='ltr'><strong>πως</strong></span> <span class='ocrx_word' id='word_1_54' title='bbox 1591 892 1623 960; x_wconf 87' lang='grc' dir='ltr'><strong>ή</strong></span> <span class='ocrx_word' id='word_1_55' title='bbox 1657 891 1866 962; x_wconf 84' lang='grc' dir='ltr'>ἀνδρῶν</span> 
     </span>
    </p>
   </div>
   <div class='ocr_carea' id='block_1_11' title="bbox 277 975 1868 1053">
    <p class='ocr_par' dir='ltr' id='par_1_11' title="bbox 277 975 1868 1053">
     <span class='ocr_line' id='line_1_11' title="bbox 277 975 1868 1053; baseline 0.004 -25"><span class='ocrx_word' id='word_1_56' title='bbox 277 975 398 1028; x_wconf 75' lang='grc' dir='ltr'>ἐστι</span> <span class='ocrx_word' id='word_1_57' title='bbox 426 975 607 1044; x_wconf 81' lang='grc' dir='ltr'>φύσις,</span> <span class='ocrx_word' id='word_1_58' title='bbox 641 976 734 1028; x_wconf 80' lang='grc' dir='ltr'><strong>καὶ</strong></span> <span class='ocrx_word' id='word_1_59' title='bbox 763 975 898 1028; x_wconf 80' lang='grc' dir='ltr'>πολὺ</span> <span class='ocrx_word' id='word_1_60' title='bbox 945 975 1082 1045; x_wconf 78' lang='grc' dir='ltr'>πρὸς</span> <span class='ocrx_word' id='word_1_61' title='bbox 1127 977 1321 1046; x_wconf 79' lang='grc' dir='ltr'>λόγους</span> <span class='ocrx_word' id='word_1_62' title='bbox 1375 981 1697 1053; x_wconf 80' lang='grc' dir='ltr'>ἐτοιμοτέρα</span> <span class='ocrx_word' id='word_1_63' title='bbox 1720 1025 1735 1049; x_wconf 95' lang='grc'><strong>,</strong></span> <span class='ocrx_word' id='word_1_64' title='bbox 1787 982 1868 1035; x_wconf 84' lang='grc' dir='ltr'>δι-</span> 
     </span>
    </p>
   </div>
   <div class='ocr_carea' id='block_1_12' title="bbox 278 1067 1865 1144">
    <p class='ocr_par' dir='ltr' id='par_1_12' title="bbox 278 1067 1865 1144">
     <span class='ocr_line' id='line_1_12' title="bbox 278 1067 1865 1144; baseline 0.004 -24"><span class='ocrx_word' id='word_1_65' title='bbox 278 1067 657 1138; x_wconf 77' lang='grc' dir='ltr'>εγηγερμένον</span> <span class='ocrx_word' id='word_1_66' title='bbox 686 1068 766 1130; x_wconf 83' lang='grc' dir='ltr'><strong>είς</strong></span> <span class='ocrx_word' id='word_1_67' title='bbox 796 1068 981 1138; x_wconf 52' lang='lat' dir='ltr'><strong>viiii/tv,</strong></span> <span class='ocrx_word' id='word_1_68' title='bbox 1011 1071 1125 1133; x_wconf 67' lang='grc' dir='ltr'>καὶ,</span> <span class='ocrx_word' id='word_1_69' title='bbox 1169 1069 1238 1122; x_wconf 82' lang='grc' dir='ltr'>ἵν’</span> <span class='ocrx_word' id='word_1_70' title='bbox 1267 1071 1442 1135; x_wconf 79' lang='grc' dir='ltr'>οὔτως</span> <span class='ocrx_word' id='word_1_71' title='bbox 1473 1074 1631 1136; x_wconf 73' lang='grc' dir='ltr'>εἴπω,</span> <span class='ocrx_word' id='word_1_72' title='bbox 1664 1074 1865 1144; x_wconf 78' lang='grc' dir='ltr'>θερμόν</span> 
     </span>
    </p>
   </div>
   <div class='ocr_carea' id='block_1_13' title="bbox 276 1158 1862 1234">
    <p class='ocr_par' dir='ltr' id='par_1_13' title="bbox 276 1158 1862 1234">
     <span class='ocr_line' id='line_1_13' title="bbox 276 1158 1862 1234; baseline 0.004 -24"><span class='ocrx_word' id='word_1_73' title='bbox 276 1176 338 1211; x_wconf 86' lang='grc' dir='ltr'><strong>τε</strong></span> <span class='ocrx_word' id='word_1_74' title='bbox 364 1159 460 1212; x_wconf 72' lang='grc' dir='ltr'>καὶ</span> <span class='ocrx_word' id='word_1_75' title='bbox 489 1158 950 1228; x_wconf 84' lang='grc' dir='ltr'>ἀπηρσενωμένον</span> <span class='ocrx_word' id='word_1_76' title='bbox 981 1158 1183 1228; x_wconf 78' lang='grc' dir='ltr'>ἔχουσα</span> <span class='ocrx_word' id='word_1_77' title='bbox 1207 1161 1301 1215; x_wconf 84' lang='grc' dir='ltr'>τὸν</span> <span class='ocrx_word' id='word_1_78' title='bbox 1325 1163 1468 1217; x_wconf 80' lang='grc' dir='ltr'>νοῦν.</span> <span class='ocrx_word' id='word_1_79' title='bbox 1501 1166 1598 1218; x_wconf 83' lang='grc' dir='ltr'>Διὰ</span> <span class='ocrx_word' id='word_1_80' title='bbox 1637 1165 1862 1234; x_wconf 88' lang='grc' dir='ltr'>ταύτην,</span> 
     </span>
    </p>
   </div>
   <div class='ocr_carea' id='block_1_14' title="bbox 274 1245 1865 1326">
    <p class='ocr_par' dir='ltr' id='par_1_14' title="bbox 274 1245 1865 1326">
     <span class='ocr_line' id='line_1_14' title="bbox 274 1245 1865 1326; baseline 0.004 -25"><span class='ocrx_word' id='word_1_81' title='bbox 274 1245 468 1320; x_wconf 76' lang='grc' dir='ltr'>οἶμαι,</span> <span class='ocrx_word' id='word_1_82' title='bbox 515 1248 614 1320; x_wconf 77' lang='grc' dir='ltr'><strong>τὴν</strong></span> <span class='ocrx_word' id='word_1_83' title='bbox 664 1249 884 1315; x_wconf 84' lang='grc' dir='ltr'>αίτίαν,</span> <span class='ocrx_word' id='word_1_84' title='bbox 937 1252 1029 1304; x_wconf 78' lang='grc' dir='ltr'><strong>τὸν</strong></span> <span class='ocrx_word' id='word_1_85' title='bbox 1088 1252 1256 1324; x_wconf 85' lang='grc' dir='ltr'>ἄνδρα</span> <span class='ocrx_word' id='word_1_86' title='bbox 1305 1255 1493 1308; x_wconf 78' lang='grc' dir='ltr'>καλεῖν</span> <span class='ocrx_word' id='word_1_87' title='bbox 1539 1255 1615 1326; x_wconf 84' lang='grc' dir='ltr'>τῷ</span> <span class='ocrx_word' id='word_1_88' title='bbox 1660 1256 1865 1326; x_wconf 77' lang='grc' dir='ltr'><strong>γυναίῳ</strong></span> 
     </span>
    </p>
   </div>
   <div class='ocr_carea' id='block_1_15' title="bbox 276 1339 1864 1418">
    <p class='ocr_par' dir='ltr' id='par_1_15' title="bbox 276 1339 1864 1418">
     <span class='ocr_line' id='line_1_15' title="bbox 276 1339 1864 1418; baseline 0.005 -25"><span class='ocrx_word' id='word_1_89' title='bbox 276 1339 677 1410; x_wconf 82' lang='grc' dir='ltr'>παρεκελεύετο</span> <span class='ocrx_word' id='word_1_90' title='bbox 717 1339 1023 1410; x_wconf 82' lang='grc' dir='ltr'><strong>λεληθότως</strong></span> <span class='ocrx_word' id='word_1_91' title='bbox 1068 1342 1328 1413; x_wconf 77' lang='grc' dir='ltr'><strong>ἐλέγχων,</strong></span> <span class='ocrx_word' id='word_1_92' title='bbox 1362 1344 1437 1409; x_wconf 83' lang='grc' dir='ltr'>ὡς</span> <span class='ocrx_word' id='word_1_93' title='bbox 1480 1346 1864 1418; x_wconf 83' lang='grc' dir='ltr'><strong>ἀμαθεστάτην</strong></span> 
     </span>
    </p>
   </div>
   <div class='ocr_carea' id='block_1_16' title="bbox 277 1429 1865 1507">
    <p class='ocr_par' dir='ltr' id='par_1_16' title="bbox 277 1429 1865 1507">
     <span class='ocr_line' id='line_1_16' title="bbox 277 1429 1865 1507; baseline 0.006 -26"><span class='ocrx_word' id='word_1_94' title='bbox 277 1429 381 1500; x_wconf 84' lang='grc' dir='ltr'>μὲν</span> <span class='ocrx_word' id='word_1_95' title='bbox 435 1430 542 1501; x_wconf 77' lang='grc' dir='ltr'>ἔχοι</span> <span class='ocrx_word' id='word_1_96' title='bbox 585 1431 684 1503; x_wconf 80' lang='grc' dir='ltr'>τὴν</span> <span class='ocrx_word' id='word_1_97' title='bbox 721 1431 982 1503; x_wconf 81' lang='grc' dir='ltr'><strong>καρδίαν,</strong></span> <span class='ocrx_word' id='word_1_98' title='bbox 1042 1436 1155 1497; x_wconf 82' lang='grc' dir='ltr'>τοῖς</span> <span class='ocrx_word' id='word_1_99' title='bbox 1205 1435 1261 1488; x_wconf 84' lang='grc' dir='ltr'>δὲ</span> <span class='ocrx_word' id='word_1_100' title='bbox 1316 1439 1396 1501; x_wconf 83' lang='grc' dir='ltr'><strong>είς</strong></span> <span class='ocrx_word' id='word_1_101' title='bbox 1447 1437 1635 1507; x_wconf 76' lang='grc' dir='ltr'>σοφίαν</span> <span class='ocrx_word' id='word_1_102' title='bbox 1686 1438 1865 1507; x_wconf 84' lang='grc' dir='ltr'>λόγοις</span> 
     </span>
    </p>
   </div>
   <div class='ocr_carea' id='block_1_17' title="bbox 271 1522 1864 1599">
    <p class='ocr_par' dir='ltr' id='par_1_17' title="bbox 271 1522 1864 1599">
     <span class='ocr_line' id='line_1_17' title="bbox 271 1522 1864 1599; baseline 0.004 -25"><span class='ocrx_word' id='word_1_103' title='bbox 271 1522 750 1593; x_wconf 83' lang='grc' dir='ltr'>άμεταχείριστον,</span> <span class='ocrx_word' id='word_1_104' title='bbox 803 1522 938 1593; x_wconf 84' lang='grc' dir='ltr'>ὁμοῦ</span> <span class='ocrx_word' id='word_1_105' title='bbox 983 1523 1041 1577; x_wconf 82' lang='grc' dir='ltr'><strong>δέ</strong></span> <span class='ocrx_word' id='word_1_106' title='bbox 1091 1541 1146 1577; x_wconf 91' lang='grc' dir='ltr'>τι</span> <span class='ocrx_word' id='word_1_107' title='bbox 1192 1526 1287 1580; x_wconf 77' lang='grc' dir='ltr'>καὶ</span> <span class='ocrx_word' id='word_1_108' title='bbox 1330 1528 1515 1598; x_wconf 75' lang='grc' dir='ltr'>ἕτερον</span> <span class='ocrx_word' id='word_1_109' title='bbox 1562 1529 1654 1581; x_wconf 72' lang='grc' dir='ltr'><strong>ἐπὶ</strong></span> <span class='ocrx_word' id='word_1_110' title='bbox 1692 1528 1864 1599; x_wconf 84' lang='grc' dir='ltr'>τούτῳ</span> 
     </span>
    </p>
   </div>
   <div class='ocr_carea' id='block_1_18' title="bbox 272 1614 910 1678">
    <p class='ocr_par' dir='ltr' id='par_1_18' title="bbox 272 1614 910 1678">
     <span class='ocr_line' id='line_1_18' title="bbox 272 1614 910 1678; baseline 0.002 -11"><span class='ocrx_word' id='word_1_111' title='bbox 272 1614 566 1678; x_wconf 72' lang='grc' dir='ltr'>κάλλιστον</span> <span class='ocrx_word' id='word_1_112' title='bbox 590 1615 910 1678; x_wconf 81' lang='grc' dir='ltr'>οίκονομῶν.</span> 
     </span>
    </p>
   </div>
   <div class='ocr_carea' id='block_1_19' title="bbox 344 1683 1861 1759">
    <p class='ocr_par' dir='ltr' id='par_1_19' title="bbox 344 1683 1861 1759">
     <span class='ocr_line' id='line_1_19' title="bbox 344 1683 1861 1759; baseline 0.005 -21"><span class='ocrx_word' id='word_1_113' title='bbox 344 1684 522 1753; x_wconf 71' lang='grc' dir='ltr'>Λέγει</span> <span class='ocrx_word' id='word_1_114' title='bbox 560 1683 721 1749; x_wconf 82' lang='grc' dir='ltr'>αὐτῷ</span> <span class='ocrx_word' id='word_1_115' title='bbox 757 1683 794 1749; x_wconf 79' lang='grc' dir='ltr'>ἡ</span> <span class='ocrx_word' id='word_1_116' title='bbox 835 1685 988 1753; x_wconf 75' lang='grc' dir='ltr'>γυνή</span> <span class='ocrx_word' id='word_1_117' title='bbox 1014 1702 1028 1717; x_wconf 76' lang='grc' dir='ltr'><strong><em>ο</em></strong></span> <span class='ocrx_word' id='word_1_118' title='bbox 1079 1687 1303 1755; x_wconf 77' lang='grc' dir='ltr'>Ἄνδρα</span> <span class='ocrx_word' id='word_1_119' title='bbox 1348 1690 1460 1743; x_wconf 83' lang='grc' dir='ltr'><strong>οὐκ</strong></span> <span class='ocrx_word' id='word_1_120' title='bbox 1495 1690 1634 1758; x_wconf 72' lang='grc' dir='ltr'>ἔχω.</span> <span class='ocrx_word' id='word_1_121' title='bbox 1689 1690 1861 1759; x_wconf 74' lang='grc' dir='ltr'>Λέγει</span> 
     </span>
    </p>
   </div>
   <div class='ocr_carea' id='block_1_20' title="bbox 2037 605 3540 682">
    <p class='ocr_par' dir='ltr' id='par_1_20' title="bbox 2037 605 3540 682">
     <span class='ocr_line' id='line_1_20' title="bbox 2037 605 3540 682; baseline 0.006 -18"><span class='ocrx_word' id='word_1_122' title='bbox 2037 605 2183 664; x_wconf 86' lang='lat' dir='ltr'><strong>Bene</strong></span> <span class='ocrx_word' id='word_1_123' title='bbox 2213 609 2402 680; x_wconf 87' lang='lat' dir='ltr'><strong>utique</strong></span> <span class='ocrx_word' id='word_1_124' title='bbox 2437 625 2538 665; x_wconf 92' lang='lat' dir='ltr'><strong>nec</strong></span> <span class='ocrx_word' id='word_1_125' title='bbox 2569 609 2711 666; x_wconf 89' lang='lat' dir='ltr'><strong>falso</strong></span> <span class='ocrx_word' id='word_1_126' title='bbox 2753 610 2860 665; x_wconf 92' lang='lat' dir='ltr'><strong>dici</strong></span> <span class='ocrx_word' id='word_1_127' title='bbox 2898 617 3096 681; x_wconf 89' lang='lat' dir='ltr'><strong>potest,</strong></span> <span class='ocrx_word' id='word_1_128' title='bbox 3133 614 3540 682; x_wconf 86' lang='lat' dir='ltr'><strong>quodammodo</strong></span> 
     </span>
    </p>
   </div>
   <div class='ocr_carea' id='block_1_21' title="bbox 1970 696 3539 776">
    <p class='ocr_par' dir='ltr' id='par_1_21' title="bbox 1970 696 3539 776">
     <span class='ocr_line' id='line_1_21' title="bbox 1970 696 3539 776; baseline 0.008 -25"><span class='ocrx_word' id='word_1_129' title='bbox 1970 696 2233 756; x_wconf 87' lang='lat' dir='ltr'><strong>femineos</strong></span> <span class='ocrx_word' id='word_1_130' title='bbox 2271 714 2395 755; x_wconf 88' lang='lat' dir='ltr'><strong>esse</strong></span> <span class='ocrx_word' id='word_1_131' title='bbox 2427 699 2757 756; x_wconf 83' lang='lat' dir='ltr'><strong>feminarum</strong></span> <span class='ocrx_word' id='word_1_132' title='bbox 2789 702 3022 768; x_wconf 88' lang='lat' dir='ltr'><strong>animos,</strong></span> <span class='ocrx_word' id='word_1_133' title='bbox 3059 704 3392 776; x_wconf 85' lang='lat' dir='ltr'><strong>mollemque</strong></span> <span class='ocrx_word' id='word_1_134' title='bbox 3419 724 3539 762; x_wconf 82' lang='lat' dir='ltr'><strong>mu-</strong></span> 
     </span>
    </p>
   </div>
   <div class='ocr_carea' id='block_1_22' title="bbox 1967 790 3540 870">
    <p class='ocr_par' dir='ltr' id='par_1_22' title="bbox 1967 790 3540 870">
     <span class='ocr_line' id='line_1_22' title="bbox 1967 790 3540 870; baseline 0.008 -26"><span class='ocrx_word' id='word_1_135' title='bbox 1967 790 2198 847; x_wconf 86' lang='lat' dir='ltr'><strong>lieribus</strong></span> <span class='ocrx_word' id='word_1_136' title='bbox 2251 793 2434 848; x_wconf 84' lang='lat' dir='ltr'><strong>inesse</strong></span> <span class='ocrx_word' id='word_1_137' title='bbox 2490 801 2762 859; x_wconf 73' lang='lat' dir='ltr'><strong>mentem,</strong></span> <span class='ocrx_word' id='word_1_138' title='bbox 2802 811 2924 865; x_wconf 73' lang='lat' dir='ltr'><strong>quae</strong></span> <span class='ocrx_word' id='word_1_139' title='bbox 2958 797 3108 852; x_wconf 91' lang='lat' dir='ltr'><strong>nullo</strong></span> <span class='ocrx_word' id='word_1_140' title='bbox 3158 799 3320 853; x_wconf 93' lang='lat' dir='ltr'><strong>modo</strong></span> <span class='ocrx_word' id='word_1_141' title='bbox 3365 803 3540 870; x_wconf 89' lang='lat' dir='ltr'><strong>possit</strong></span> 
     </span>
    </p>
   </div>
   <div class='ocr_carea' id='block_1_23' title="bbox 1967 883 3539 960">
    <p class='ocr_par' dir='ltr' id='par_1_23' title="bbox 1967 883 3539 960">
     <span class='ocr_line' id='line_1_23' title="bbox 1967 883 3539 960; baseline 0.006 -23"><span class='ocrx_word' id='word_1_142' title='bbox 1967 883 2174 954; x_wconf 89' lang='lat' dir='ltr'><strong>aliquid</strong></span> <span class='ocrx_word' id='word_1_143' title='bbox 2245 892 2408 940; x_wconf 89' lang='lat' dir='ltr'><strong>acute</strong></span> <span class='ocrx_word' id='word_1_144' title='bbox 2463 887 2846 957; x_wconf 82' lang='lat' dir='ltr'><strong>sagaciterque</strong></span> <span class='ocrx_word' id='word_1_145' title='bbox 2912 890 3226 960; x_wconf 84' lang='lat' dir='ltr'><strong>concipere.</strong></span> <span class='ocrx_word' id='word_1_146' title='bbox 3292 887 3539 947; x_wconf 86' lang='lat' dir='ltr'><strong>Docilior</strong></span> 
     </span>
    </p>
   </div>
   <div class='ocr_carea' id='block_1_24' title="bbox 1967 976 3535 1042">
    <p class='ocr_par' dir='ltr' id='par_1_24' title="bbox 1967 976 3535 1042">
     <span class='ocr_line' id='line_1_24' title="bbox 1967 976 3535 1042; baseline 0.006 -15"><span class='ocrx_word' id='word_1_147' title='bbox 1967 982 2149 1028; x_wconf 87' lang='lat' dir='ltr'><strong>autem</strong></span> <span class='ocrx_word' id='word_1_148' title='bbox 2178 983 2262 1030; x_wconf 90' lang='lat' dir='ltr'><strong>est</strong></span> <span class='ocrx_word' id='word_1_149' title='bbox 2291 976 2534 1030; x_wconf 90' lang='lat' dir='ltr'><strong>virorum</strong></span> <span class='ocrx_word' id='word_1_150' title='bbox 2565 989 2781 1042; x_wconf 84' lang='lat' dir='ltr'><strong>natura,</strong></span> <span class='ocrx_word' id='word_1_151' title='bbox 2808 988 2863 1034; x_wconf 89' lang='lat' dir='ltr'><strong>et</strong></span> <span class='ocrx_word' id='word_1_152' title='bbox 2900 977 2966 1032; x_wconf 88' lang='lat' dir='ltr'><strong>ad</strong></span> <span class='ocrx_word' id='word_1_153' title='bbox 3013 994 3234 1036; x_wconf 86' lang='lat' dir='ltr'><strong>onmem</strong></span> <span class='ocrx_word' id='word_1_154' title='bbox 3265 983 3535 1038; x_wconf 87' lang='lat' dir='ltr'><strong>rationem</strong></span> 
     </span>
    </p>
   </div>
   <div class='ocr_carea' id='block_1_25' title="bbox 1968 1067 3538 1141">
    <p class='ocr_par' dir='ltr' id='par_1_25' title="bbox 1968 1067 3538 1141">
     <span class='ocr_line' id='line_1_25' title="bbox 1968 1067 3538 1141; baseline 0.005 -19"><span class='ocrx_word' id='word_1_155' title='bbox 1968 1067 2246 1130; x_wconf 90' lang='lat' dir='ltr'><strong>solertior,</strong></span> <span class='ocrx_word' id='word_1_156' title='bbox 2283 1068 2521 1122; x_wconf 77' lang='lat' dir='ltr'><strong>excitata</strong></span> <span class='ocrx_word' id='word_1_157' title='bbox 2563 1069 2629 1122; x_wconf 91' lang='lat' dir='ltr'><strong>ad</strong></span> <span class='ocrx_word' id='word_1_158' title='bbox 2669 1070 3106 1141; x_wconf 75' lang='lat' dir='ltr'><strong>intelligendum,</strong></span> <span class='ocrx_word' id='word_1_159' title='bbox 3145 1080 3218 1136; x_wconf 86' lang='lat' dir='ltr'><strong>et,</strong></span> <span class='ocrx_word' id='word_1_160' title='bbox 3257 1082 3318 1129; x_wconf 88' lang='lat' dir='ltr'><strong>ut</strong></span> <span class='ocrx_word' id='word_1_161' title='bbox 3342 1075 3423 1129; x_wconf 81' lang='lat' dir='ltr'><strong>ita</strong></span> <span class='ocrx_word' id='word_1_162' title='bbox 3456 1076 3538 1130; x_wconf 81' lang='lat' dir='ltr'><strong>di-</strong></span> 
     </span>
    </p>
   </div>
   <div class='ocr_carea' id='block_1_26' title="bbox 1966 1161 3538 1236">
    <p class='ocr_par' dir='ltr' id='par_1_26' title="bbox 1966 1161 3538 1236">
     <span class='ocr_line' id='line_1_26' title="bbox 1966 1161 3538 1236; baseline 0.006 -24"><span class='ocrx_word' id='word_1_163' title='bbox 1966 1173 2107 1224; x_wconf 85' lang='lat' dir='ltr'><strong>cam,</strong></span> <span class='ocrx_word' id='word_1_164' title='bbox 2157 1161 2402 1214; x_wconf 86' lang='lat' dir='ltr'><strong>mascula</strong></span> <span class='ocrx_word' id='word_1_165' title='bbox 2462 1170 2646 1217; x_wconf 89' lang='lat' dir='ltr'><strong>mente</strong></span> <span class='ocrx_word' id='word_1_166' title='bbox 2695 1163 2942 1232; x_wconf 69' lang='lat' dir='ltr'><strong>praedita.</strong></span> <span class='ocrx_word' id='word_1_167' title='bbox 2982 1163 3158 1229; x_wconf 86' lang='lat' dir='ltr'><strong>Ilauc,</strong></span> <span class='ocrx_word' id='word_1_168' title='bbox 3208 1167 3424 1236; x_wconf 89' lang='lat' dir='ltr'><strong>opinor,</strong></span> <span class='ocrx_word' id='word_1_169' title='bbox 3471 1170 3538 1222; x_wconf 88' lang='lat' dir='ltr'><strong>ob</strong></span> 
     </span>
    </p>
   </div>
   <div class='ocr_carea' id='block_1_27' title="bbox 1965 1253 3535 1325">
    <p class='ocr_par' dir='ltr' id='par_1_27' title="bbox 1965 1253 3535 1325">
     <span class='ocr_line' id='line_1_27' title="bbox 1965 1253 3535 1325; baseline 0.005 -21"><span class='ocrx_word' id='word_1_170' title='bbox 1965 1265 2212 1318; x_wconf 87' lang='lat' dir='ltr'><strong>causam,</strong></span> <span class='ocrx_word' id='word_1_171' title='bbox 2243 1253 2419 1306; x_wconf 83' lang='lat' dir='ltr'><strong>virum</strong></span> <span class='ocrx_word' id='word_1_172' title='bbox 2457 1269 2617 1308; x_wconf 92' lang='lat' dir='ltr'><strong>suum</strong></span> <span class='ocrx_word' id='word_1_173' title='bbox 2679 1269 2964 1311; x_wconf 83' lang='lat' dir='ltr'><strong>arcessere</strong></span> <span class='ocrx_word' id='word_1_174' title='bbox 3016 1255 3184 1325; x_wconf 84' lang='lat' dir='ltr'><strong>jussit</strong></span> <span class='ocrx_word' id='word_1_175' title='bbox 3228 1259 3535 1325; x_wconf 86' lang='lat' dir='ltr'><strong>mulierem,</strong></span> 
     </span>
    </p>
   </div>
   <div class='ocr_carea' id='block_1_28' title="bbox 1963 1343 3538 1420">
    <p class='ocr_par' dir='ltr' id='par_1_28' title="bbox 1963 1343 3538 1420">
     <span class='ocr_line' id='line_1_28' title="bbox 1963 1343 3538 1420; baseline 0.006 -24"><span class='ocrx_word' id='word_1_176' title='bbox 1963 1343 2200 1399; x_wconf 89' lang='lat' dir='ltr'><strong>obscure</strong></span> <span class='ocrx_word' id='word_1_177' title='bbox 2232 1345 2636 1414; x_wconf 84' lang='lat' dir='ltr'><strong>quodammodo</strong></span> <span class='ocrx_word' id='word_1_178' title='bbox 2665 1362 2786 1402; x_wconf 86' lang='lat' dir='ltr'><strong>eam</strong></span> <span class='ocrx_word' id='word_1_179' title='bbox 2815 1354 2876 1402; x_wconf 90' lang='lat' dir='ltr'><strong>ut</strong></span> <span class='ocrx_word' id='word_1_180' title='bbox 2907 1348 3097 1404; x_wconf 81' lang='lat' dir='ltr'><strong>rudem</strong></span> <span class='ocrx_word' id='word_1_181' title='bbox 3132 1349 3450 1420; x_wconf 84' lang='lat' dir='ltr'><strong>increpans,</strong></span> <span class='ocrx_word' id='word_1_182' title='bbox 3483 1359 3538 1406; x_wconf 89' lang='lat' dir='ltr'><strong>et</strong></span> 
     </span>
    </p>
   </div>
   <div class='ocr_carea' id='block_1_29' title="bbox 1966 1438 3533 1513">
    <p class='ocr_par' dir='ltr' id='par_1_29' title="bbox 1966 1438 3533 1513">
     <span class='ocr_line' id='line_1_29' title="bbox 1966 1438 3533 1513; baseline 0.008 -22"><span class='ocrx_word' id='word_1_183' title='bbox 1966 1438 2032 1492; x_wconf 88' lang='lat' dir='ltr'><strong>ad</strong></span> <span class='ocrx_word' id='word_1_184' title='bbox 2098 1441 2492 1510; x_wconf 83' lang='lat' dir='ltr'><strong>capessendam</strong></span> <span class='ocrx_word' id='word_1_185' title='bbox 2550 1444 2837 1513; x_wconf 72' lang='lat' dir='ltr'><strong>sapientiae</strong></span> <span class='ocrx_word' id='word_1_186' title='bbox 2893 1444 3202 1501; x_wconf 80' lang='lat' dir='ltr'><strong>doctrinam</strong></span> <span class='ocrx_word' id='word_1_187' title='bbox 3265 1448 3533 1513; x_wconf 86' lang='lat' dir='ltr'><strong>hebetem,</strong></span> 
     </span>
    </p>
   </div>
   <div class='ocr_carea' id='block_1_30' title="bbox 1965 1529 3533 1605">
    <p class='ocr_par' dir='ltr' id='par_1_30' title="bbox 1965 1529 3533 1605">
     <span class='ocr_line' id='line_1_30' title="bbox 1965 1529 3533 1605; baseline 0.008 -23"><span class='ocrx_word' id='word_1_188' title='bbox 1965 1529 2240 1602; x_wconf 87' lang='lat' dir='ltr'><strong>simulque</strong></span> <span class='ocrx_word' id='word_1_189' title='bbox 2270 1533 2415 1588; x_wconf 87' lang='lat' dir='ltr'><strong>aliud</strong></span> <span class='ocrx_word' id='word_1_190' title='bbox 2445 1533 2705 1604; x_wconf 87' lang='lat' dir='ltr'><strong>quiddam</strong></span> <span class='ocrx_word' id='word_1_191' title='bbox 2747 1535 3180 1605; x_wconf 88' lang='lat' dir='ltr'><strong>pulcherrimum</strong></span> <span class='ocrx_word' id='word_1_192' title='bbox 3215 1538 3533 1596; x_wconf 89' lang='lat' dir='ltr'><strong>instituens.</strong></span> 
     </span>
    </p>
   </div>
   <div class='ocr_carea' id='block_1_31' title="bbox 2035 1707 3536 1772">
    <p class='ocr_par' dir='ltr' id='par_1_31' title="bbox 2035 1707 3536 1772">
     <span class='ocr_line' id='line_1_31' title="bbox 2035 1707 3536 1772; baseline 0.009 -12"><span class='ocrx_word' id='word_1_193' title='bbox 2035 1707 2126 1769; x_wconf 88' lang='lat' dir='ltr'><strong>IV,</strong></span> <span class='ocrx_word' id='word_1_194' title='bbox 2167 1709 2253 1772; x_wconf 82' lang='grc'>17,</span> <span class='ocrx_word' id='word_1_195' title='bbox 2292 1709 2378 1765; x_wconf 81' lang='grc'><strong>18.</strong></span> <span class='ocrx_word' id='word_1_196' title='bbox 2419 1708 2559 1762; x_wconf 97' lang='lat' dir='ltr'><strong>Dicit</strong></span> <span class='ocrx_word' id='word_1_197' title='bbox 2585 1710 2632 1764; x_wconf 88' lang='lat' dir='ltr'><strong>ei</strong></span> <span class='ocrx_word' id='word_1_198' title='bbox 2668 1710 2900 1766; x_wconf 85' lang='lat' dir='ltr'><strong>mulier:</strong></span> <span class='ocrx_word' id='word_1_199' title='bbox 2938 1711 3126 1766; x_wconf 83' lang='lat' dir='ltr'><strong>Virum</strong></span> <span class='ocrx_word' id='word_1_200' title='bbox 3185 1730 3288 1768; x_wconf 83' lang='lat' dir='ltr'><strong>non</strong></span> <span class='ocrx_word' id='word_1_201' title='bbox 3343 1716 3536 1772; x_wconf 81' lang='lat' dir='ltr'><strong>habeo.</strong></span> 
     </span>
    </p>
   </div>
   <div class='ocr_carea' id='block_1_32' title="bbox 272 1773 1853 1876">
    <p class='ocr_par' dir='ltr' id='par_1_32' title="bbox 272 1773 1853 1851">
     <span class='ocr_line' id='line_1_32' title="bbox 272 1773 1853 1851; baseline 0.004 -23"><span class='ocrx_word' id='word_1_202' title='bbox 272 1773 436 1842; x_wconf 81' lang='grc' dir='ltr'>αὑτῇ</span> <span class='ocrx_word' id='word_1_203' title='bbox 481 1778 514 1828; x_wconf 80' lang='grc' dir='ltr'><em>ὁ</em></span> <span class='ocrx_word' id='word_1_204' title='bbox 575 1774 835 1842; x_wconf 69' lang='grc' dir='ltr'>Ἰησοῦς*</span> <span class='ocrx_word' id='word_1_205' title='bbox 866 1776 1079 1844; x_wconf 78' lang='grc' dir='ltr'>Καλῶς</span> <span class='ocrx_word' id='word_1_206' title='bbox 1130 1775 1328 1845; x_wconf 79' lang='grc' dir='ltr'>εἶπες,</span> <span class='ocrx_word' id='word_1_207' title='bbox 1381 1781 1470 1834; x_wconf 85' lang='grc' dir='ltr'>ὅτι</span> <span class='ocrx_word' id='word_1_208' title='bbox 1523 1781 1712 1851; x_wconf 78' lang='grc' dir='ltr'>ἄνδρα</span> <span class='ocrx_word' id='word_1_209' title='bbox 1745 1784 1853 1836; x_wconf 82' lang='grc' dir='ltr'><strong>οὐκ</strong></span> 
     </span>
    </p>
   </div>
   <div class='ocr_carea' id='block_1_33' title="bbox 1955 1773 3530 1876">
    <p class='ocr_par' dir='ltr' id='par_1_33' title="bbox 1967 1799 3530 1876">
     <span class='ocr_line' id='line_1_33' title="bbox 1967 1799 3530 1876; baseline 0.009 -25"><span class='ocrx_word' id='word_1_210' title='bbox 1967 1799 2106 1852; x_wconf 87' lang='lat' dir='ltr'><strong>Dicit</strong></span> <span class='ocrx_word' id='word_1_211' title='bbox 2139 1801 2188 1854; x_wconf 90' lang='lat' dir='ltr'><strong>ei</strong></span> <span class='ocrx_word' id='word_1_212' title='bbox 2220 1799 2416 1856; x_wconf 77' lang='lat' dir='ltr'><strong>Iesus:</strong></span> <span class='ocrx_word' id='word_1_213' title='bbox 2445 1803 2581 1857; x_wconf 83' lang='lat' dir='ltr'><strong>Bene</strong></span> <span class='ocrx_word' id='word_1_214' title='bbox 2601 1802 2812 1866; x_wconf 74' lang='lat' dir='ltr'><strong>dixisti,</strong></span> <span class='ocrx_word' id='word_1_215' title='bbox 2847 1805 2973 1876; x_wconf 89' lang='lat' dir='ltr'><strong>quia</strong></span> <span class='ocrx_word' id='word_1_216' title='bbox 3005 1822 3109 1859; x_wconf 83' lang='lat' dir='ltr'><strong>non</strong></span> <span class='ocrx_word' id='word_1_217' title='bbox 3140 1805 3305 1862; x_wconf 83' lang='lat' dir='ltr'><strong>habeo</strong></span> <span class='ocrx_word' id='word_1_218' title='bbox 3331 1810 3530 1865; x_wconf 81' lang='lat' dir='ltr'><strong>uirum:</strong></span> 
     </span>
    </p>
   </div>
   <div class='ocr_carea' id='block_1_34' title="bbox 270 1866 1861 1941">
    <p class='ocr_par' dir='ltr' id='par_1_34' title="bbox 270 1866 1861 1941">
     <span class='ocr_line' id='line_1_34' title="bbox 270 1866 1861 1941; baseline 0.004 -21"><span class='ocrx_word' id='word_1_219' title='bbox 270 1866 398 1934; x_wconf 70' lang='grc' dir='ltr'>ἔχω</span> <span class='ocrx_word' id='word_1_220' title='bbox 421 1883 438 1897; x_wconf 71' lang='grc' dir='ltr'><strong>ν</strong></span> <span class='ocrx_word' id='word_1_221' title='bbox 494 1867 674 1921; x_wconf 77' lang='grc' dir='ltr'>πέντε</span> <span class='ocrx_word' id='word_1_222' title='bbox 713 1867 824 1937; x_wconf 78' lang='grc' dir='ltr'>γὰρ</span> <span class='ocrx_word' id='word_1_223' title='bbox 872 1869 1074 1938; x_wconf 80' lang='grc' dir='ltr'>ἔσχες,</span> <span class='ocrx_word' id='word_1_224' title='bbox 1119 1872 1216 1925; x_wconf 80' lang='grc' dir='ltr'>καὶ</span> <span class='ocrx_word' id='word_1_225' title='bbox 1258 1872 1377 1924; x_wconf 78' lang='grc' dir='ltr'><em>νῦν</em></span> <span class='ocrx_word' id='word_1_226' title='bbox 1416 1871 1489 1924; x_wconf 81' lang='grc' dir='ltr'><strong>ὃν</strong></span> <span class='ocrx_word' id='word_1_227' title='bbox 1528 1871 1710 1941; x_wconf 80' lang='grc' dir='ltr'>ἔχεις,</span> <span class='ocrx_word' id='word_1_228' title='bbox 1747 1873 1861 1926; x_wconf 81' lang='grc' dir='ltr'><strong>οὐκ</strong></span> 
     </span>
    </p>
   </div>
   <div class='ocr_carea' id='block_1_35' title="bbox 269 1959 1862 2032">
    <p class='ocr_par' dir='ltr' id='par_1_35' title="bbox 269 1959 1862 2032">
     <span class='ocr_line' id='line_1_35' title="bbox 269 1959 1862 2032; baseline 0.003 -19"><span class='ocrx_word' id='word_1_229' title='bbox 269 1961 407 2013; x_wconf 81' lang='grc' dir='ltr'>ἔστι</span> <span class='ocrx_word' id='word_1_230' title='bbox 457 1972 575 2014; x_wconf 85' lang='grc' dir='ltr'><strong>σου</strong></span> <span class='ocrx_word' id='word_1_231' title='bbox 626 1959 803 2028; x_wconf 76' lang='grc' dir='ltr'>ἁνήρ.</span> <span class='ocrx_word' id='word_1_232' title='bbox 864 1961 1046 2016; x_wconf 83' lang='grc' dir='ltr'>Τοῦτο</span> <span class='ocrx_word' id='word_1_233' title='bbox 1097 1963 1321 2031; x_wconf 73' lang='grc' dir='ltr'>ἀληθὲς</span> <span class='ocrx_word' id='word_1_234' title='bbox 1378 1963 1646 2032; x_wconf 83' lang='grc' dir='ltr'>ειρηκας,</span> <span class='ocrx_word' id='word_1_235' title='bbox 1698 1961 1862 2032; x_wconf 76' lang='grc' dir='ltr'>λέγει</span> 
     </span>
    </p>
   </div>
   <div class='ocr_carea' id='block_1_36' title="bbox 269 2049 725 2119">
    <p class='ocr_par' dir='ltr' id='par_1_36' title="bbox 269 2049 725 2119">
     <span class='ocr_line' id='line_1_36' title="bbox 269 2049 725 2119; baseline 0.004 -4"><span class='ocrx_word' id='word_1_236' title='bbox 269 2049 439 2116; x_wconf 79' lang='grc' dir='ltr'><strong>αὑτῷ</strong></span> <span class='ocrx_word' id='word_1_237' title='bbox 472 2052 513 2118; x_wconf 76' lang='grc' dir='ltr'><strong><em>ἠ</em></strong></span> <span class='ocrx_word' id='word_1_238' title='bbox 547 2049 725 2119; x_wconf 77' lang='grc' dir='ltr'><strong>γυνή·</strong></span> 
     </span>
    </p>
   </div>
   <div class='ocr_carea' id='block_1_37' title="bbox 341 2142 1861 2216">
    <p class='ocr_par' dir='ltr' id='par_1_37' title="bbox 341 2142 1861 2216">
     <span class='ocr_line' id='line_1_37' title="bbox 341 2142 1861 2216; baseline 0.002 -20"><span class='ocrx_word' id='word_1_239' title='bbox 341 2144 459 2197; x_wconf 70' lang='grc' dir='ltr'><strong>Καὶ</strong></span> <span class='ocrx_word' id='word_1_240' title='bbox 494 2143 600 2196; x_wconf 88' lang='grc' dir='ltr'>τίνι</span> <span class='ocrx_word' id='word_1_241' title='bbox 645 2142 831 2196; x_wconf 81' lang='grc' dir='ltr'>λοιπὸν</span> <span class='ocrx_word' id='word_1_242' title='bbox 881 2144 982 2198; x_wconf 90' lang='grc' dir='ltr'><strong>οὐκ</strong></span> <span class='ocrx_word' id='word_1_243' title='bbox 1032 2142 1098 2198; x_wconf 82' lang='grc' dir='ltr'><strong>ἀν</strong></span> <span class='ocrx_word' id='word_1_244' title='bbox 1143 2145 1227 2216; x_wconf 74' lang='grc' dir='ltr'>ειη</span> <span class='ocrx_word' id='word_1_245' title='bbox 1270 2145 1602 2214; x_wconf 78' lang='grc' dir='ltr'>καταφανὲς,</span> <span class='ocrx_word' id='word_1_246' title='bbox 1652 2145 1729 2209; x_wconf 87' lang='grc' dir='ltr'>ὡς</span> <span class='ocrx_word' id='word_1_247' title='bbox 1759 2145 1861 2199; x_wconf 90' lang='grc' dir='ltr'><strong>οὐκ</strong></span> 
     </span>
    </p>
   </div>
   <div class='ocr_carea' id='block_1_38' title="bbox 267 2235 1862 2308">
    <p class='ocr_par' dir='ltr' id='par_1_38' title="bbox 267 2235 1862 2308">
     <span class='ocr_line' id='line_1_38' title="bbox 267 2235 1862 2308; baseline 0.001 -21"><span class='ocrx_word' id='word_1_248' title='bbox 267 2235 459 2305; x_wconf 77' lang='grc' dir='ltr'>ἠγνόει</span> <span class='ocrx_word' id='word_1_249' title='bbox 512 2235 614 2304; x_wconf 80' lang='grc' dir='ltr'>μὲν</span> <span class='ocrx_word' id='word_1_250' title='bbox 661 2237 691 2288; x_wconf 90' lang='grc' dir='ltr'>ό</span> <span class='ocrx_word' id='word_1_251' title='bbox 718 2235 906 2306; x_wconf 81' lang='grc' dir='ltr'>Σωτὴρ</span> <span class='ocrx_word' id='word_1_252' title='bbox 945 2235 1040 2290; x_wconf 80' lang='grc' dir='ltr'><strong>τοῦ</strong></span> <span class='ocrx_word' id='word_1_253' title='bbox 1075 2237 1219 2290; x_wconf 87' lang='grc' dir='ltr'><strong>κατά</strong></span> <span class='ocrx_word' id='word_1_254' title='bbox 1264 2237 1428 2307; x_wconf 89' lang='grc' dir='ltr'>νόμον</span> <span class='ocrx_word' id='word_1_255' title='bbox 1475 2236 1862 2308; x_wconf 78' lang='grc' dir='ltr'>κατῳκηκότας</span> 
     </span>
    </p>
   </div>
   <div class='ocr_carea' id='block_1_39' title="bbox 267 2327 1861 2404">
    <p class='ocr_par' dir='ltr' id='par_1_39' title="bbox 267 2327 1861 2404">
     <span class='ocr_line' id='line_1_39' title="bbox 267 2327 1861 2404; baseline 0.001 -25"><span class='ocrx_word' id='word_1_256' title='bbox 267 2328 482 2398; x_wconf 78' lang='grc' dir='ltr'>ἔρημον</span> <span class='ocrx_word' id='word_1_257' title='bbox 505 2327 776 2399; x_wconf 81' lang='grc' dir='ltr'><strong>ὑπάρχειν</strong></span> <span class='ocrx_word' id='word_1_258' title='bbox 794 2327 984 2398; x_wconf 84' lang='grc' dir='ltr'>αὐτὴν,</span> <span class='ocrx_word' id='word_1_259' title='bbox 1015 2329 1290 2404; x_wconf 75' lang='grc' dir='ltr'>πρόφασιν</span> <span class='ocrx_word' id='word_1_260' title='bbox 1312 2328 1369 2380; x_wconf 86' lang='grc' dir='ltr'>δὲ</span> <span class='ocrx_word' id='word_1_261' title='bbox 1397 2327 1494 2382; x_wconf 83' lang='grc' dir='ltr'>τοῦ</span> <span class='ocrx_word' id='word_1_262' title='bbox 1517 2327 1861 2398; x_wconf 81' lang='grc' dir='ltr'>ἀνακαλύψαι</span> 
     </span>
    </p>
   </div>
   <div class='ocr_carea' id='block_1_40' title="bbox 263 2418 1859 2492">
    <p class='ocr_par' dir='ltr' id='par_1_40' title="bbox 263 2418 1859 2492">
     <span class='ocr_line' id='line_1_40' title="bbox 263 2418 1859 2492; baseline 0.002 -21"><span class='ocrx_word' id='word_1_263' title='bbox 263 2419 336 2472; x_wconf 61' lang='grc' dir='ltr'>τὶ</span> <span class='ocrx_word' id='word_1_264' title='bbox 385 2419 758 2489; x_wconf 77' lang='grc' dir='ltr'>κεκρυμμένα</span> <span class='ocrx_word' id='word_1_265' title='bbox 797 2419 896 2489; x_wconf 80' lang='grc' dir='ltr'><strong>τὴν</strong></span> <span class='ocrx_word' id='word_1_266' title='bbox 923 2418 1018 2472; x_wconf 80' lang='grc' dir='ltr'><strong>τοῦ</strong></span> <span class='ocrx_word' id='word_1_267' title='bbox 1051 2421 1244 2492; x_wconf 75' lang='grc' dir='ltr'>ἀνδρὸς</span> <span class='ocrx_word' id='word_1_268' title='bbox 1269 2421 1564 2491; x_wconf 75' lang='grc' dir='ltr'>ἐποιήσατο</span> <span class='ocrx_word' id='word_1_269' title='bbox 1591 2420 1859 2491; x_wconf 79' lang='grc' dir='ltr'>ζήτησιν;</span> 
     </span>
    </p>
   </div>
   <div class='ocr_carea' id='block_1_41' title="bbox 265 2507 1860 2584">
    <p class='ocr_par' dir='ltr' id='par_1_41' title="bbox 265 2507 1860 2584">
     <span class='ocr_line' id='line_1_41' title="bbox 265 2507 1860 2584; baseline 0.001 -20"><span class='ocrx_word' id='word_1_270' title='bbox 265 2507 380 2565; x_wconf 81' lang='grc' dir='ltr'>Ἦν</span> <span class='ocrx_word' id='word_1_271' title='bbox 412 2512 525 2582; x_wconf 79' lang='grc' dir='ltr'><strong>γὰρ</strong></span> <span class='ocrx_word' id='word_1_272' title='bbox 554 2511 699 2565; x_wconf 77' lang='grc' dir='ltr'>οὕτω</span> <span class='ocrx_word' id='word_1_273' title='bbox 742 2512 897 2582; x_wconf 82' lang='grc' dir='ltr'>μόλις</span> <span class='ocrx_word' id='word_1_274' title='bbox 945 2513 1226 2583; x_wconf 78' lang='grc' dir='ltr'>ὠφελῆσαι</span> <span class='ocrx_word' id='word_1_275' title='bbox 1261 2513 1646 2584; x_wconf 80' lang='grc' dir='ltr'>θαυμάζουσαν</span> <span class='ocrx_word' id='word_1_276' title='bbox 1678 2513 1860 2569; x_wconf 83' lang='grc' dir='ltr'>οὐκέτι</span> 
     </span>
    </p>
   </div>
   <div class='ocr_carea' id='block_1_42' title="bbox 264 2603 1862 2678">
    <p class='ocr_par' dir='ltr' id='par_1_42' title="bbox 264 2603 1862 2678">
     <span class='ocr_line' id='line_1_42' title="bbox 264 2603 1862 2678; baseline 0.002 -22"><span class='ocrx_word' id='word_1_277' title='bbox 264 2604 459 2658; x_wconf 72' lang='grc' dir='ltr'>λοιπὸν</span> <span class='ocrx_word' id='word_1_278' title='bbox 506 2604 584 2666; x_wconf 85' lang='grc' dir='ltr'><strong>ὼς</strong></span> <span class='ocrx_word' id='word_1_279' title='bbox 632 2605 727 2657; x_wconf 76' lang='grc' dir='ltr'>ἕνα</span> <span class='ocrx_word' id='word_1_280' title='bbox 776 2603 888 2657; x_wconf 83' lang='grc' dir='ltr'>τῶν</span> <span class='ocrx_word' id='word_1_281' title='bbox 944 2605 1066 2659; x_wconf 83' lang='grc' dir='ltr'>καθ’</span> <span class='ocrx_word' id='word_1_282' title='bbox 1097 2607 1265 2676; x_wconf 77' lang='grc' dir='ltr'>ἡμᾶς,</span> <span class='ocrx_word' id='word_1_283' title='bbox 1310 2606 1424 2659; x_wconf 85' lang='grc' dir='ltr'>ἀλλ’</span> <span class='ocrx_word' id='word_1_284' title='bbox 1480 2606 1557 2670; x_wconf 85' lang='grc' dir='ltr'>ὡς</span> <span class='ocrx_word' id='word_1_285' title='bbox 1599 2606 1739 2678; x_wconf 87' lang='grc' dir='ltr'>ὑπὲρ</span> <span class='ocrx_word' id='word_1_286' title='bbox 1769 2606 1862 2661; x_wconf 79' lang='grc' dir='ltr'>άν-</span> 
     </span>
    </p>
   </div>
   <div class='ocr_carea' id='block_1_43' title="bbox 265 2694 1857 2769">
    <p class='ocr_par' dir='ltr' id='par_1_43' title="bbox 265 2694 1857 2769">
     <span class='ocr_line' id='line_1_43' title="bbox 265 2694 1857 2769; baseline 0.002 -21"><span class='ocrx_word' id='word_1_287' title='bbox 265 2695 494 2768; x_wconf 78' lang='grc' dir='ltr'>θρωπον</span> <span class='ocrx_word' id='word_1_288' title='bbox 525 2694 626 2764; x_wconf 67' lang='grc' dir='ltr'>ἢδη</span> <span class='ocrx_word' id='word_1_289' title='bbox 658 2694 746 2747; x_wconf 85' lang='grc' dir='ltr'><strong>διὰ</strong></span> <span class='ocrx_word' id='word_1_290' title='bbox 773 2695 867 2750; x_wconf 79' lang='grc' dir='ltr'><strong>τοῦ</strong></span> <span class='ocrx_word' id='word_1_291' title='bbox 911 2695 1230 2766; x_wconf 81' lang='grc' dir='ltr'>παραδόξως</span> <span class='ocrx_word' id='word_1_292' title='bbox 1257 2696 1458 2750; x_wconf 79' lang='grc' dir='ltr'>εἰδέναι</span> <span class='ocrx_word' id='word_1_293' title='bbox 1499 2696 1569 2750; x_wconf 80' lang='grc' dir='ltr'>τὰ</span> <span class='ocrx_word' id='word_1_294' title='bbox 1606 2699 1666 2750; x_wconf 83' lang='grc' dir='ltr'>ὲν</span> <span class='ocrx_word' id='word_1_295' title='bbox 1697 2698 1857 2769; x_wconf 81' lang='grc' dir='ltr'>αὐτῇ,</span> 
     </span>
    </p>
   </div>
   <div class='ocr_carea' id='block_1_44' title="bbox 267 2785 1857 2860">
    <p class='ocr_par' dir='ltr' id='par_1_44' title="bbox 267 2785 1857 2860">
     <span class='ocr_line' id='line_1_44' title="bbox 267 2785 1857 2860; baseline 0.003 -22"><span class='ocrx_word' id='word_1_296' title='bbox 267 2785 606 2854; x_wconf 73' lang='grc' dir='ltr'>ἀποδέχεται</span> <span class='ocrx_word' id='word_1_297' title='bbox 634 2785 691 2837; x_wconf 78' lang='grc' dir='ltr'>δὲ</span> <span class='ocrx_word' id='word_1_298' title='bbox 737 2787 1024 2857; x_wconf 83' lang='grc' dir='ltr'>χρησίμως</span> <span class='ocrx_word' id='word_1_299' title='bbox 1059 2786 1226 2858; x_wconf 81' lang='grc' dir='ltr'>ἄνδρα</span> <span class='ocrx_word' id='word_1_300' title='bbox 1270 2787 1533 2856; x_wconf 85' lang='grc' dir='ltr'>λέγουσαν</span> <span class='ocrx_word' id='word_1_301' title='bbox 1563 2790 1666 2843; x_wconf 83' lang='grc' dir='ltr'><strong>οὐκ</strong></span> <span class='ocrx_word' id='word_1_302' title='bbox 1693 2789 1857 2860; x_wconf 77' lang='grc' dir='ltr'>ἔχειν,</span> 
     </span>
    </p>
   </div>
   <div class='ocr_carea' id='block_1_45' title="bbox 175 2876 1860 2951">
    <p class='ocr_par' dir='ltr' id='par_1_45' title="bbox 175 2876 1860 2951">
     <span class='ocr_line' id='line_1_45' title="bbox 175 2876 1860 2951; baseline 0.004 -22"><span class='ocrx_word' id='word_1_303' title='bbox 175 2905 182 2910; x_wconf 96' lang='grc'><strong><em>-</em></strong></span> <span class='ocrx_word' id='word_1_304' title='bbox 267 2877 456 2930; x_wconf 83' lang='grc' dir='ltr'>καίτοι</span> <span class='ocrx_word' id='word_1_305' title='bbox 485 2876 762 2940; x_wconf 86' lang='grc' dir='ltr'>τοσούτοις</span> <span class='ocrx_word' id='word_1_306' title='bbox 795 2879 1268 2950; x_wconf 85' lang='grc' dir='ltr'>συνεφθαρμένην.</span> <span class='ocrx_word' id='word_1_307' title='bbox 1306 2881 1381 2932; x_wconf 85' lang='grc' dir='ltr'><strong>Οὐ</strong></span> <span class='ocrx_word' id='word_1_308' title='bbox 1410 2882 1518 2951; x_wconf 87' lang='grc' dir='ltr'><strong>γὰρ</strong></span> <span class='ocrx_word' id='word_1_309' title='bbox 1549 2880 1767 2946; x_wconf 85' lang='grc' dir='ltr'>σύνοδος</span> <span class='ocrx_word' id='word_1_310' title='bbox 1793 2884 1860 2937; x_wconf 82' lang='grc' dir='ltr'>ἐκ</span> 
     </span>
    </p>
   </div>
   <div class='ocr_carea' id='block_1_46' title="bbox 264 2967 1858 3041">
    <p class='ocr_par' dir='ltr' id='par_1_46' title="bbox 264 2967 1858 3041">
     <span class='ocr_line' id='line_1_46' title="bbox 264 2967 1858 3041; baseline 0.005 -21"><span class='ocrx_word' id='word_1_311' title='bbox 264 2967 605 3038; x_wconf 82' lang='grc' dir='ltr'>φιληδονίας,</span> <span class='ocrx_word' id='word_1_312' title='bbox 653 2969 766 3021; x_wconf 83' lang='grc' dir='ltr'>ἀλλ’</span> <span class='ocrx_word' id='word_1_313' title='bbox 799 2971 998 3040; x_wconf 81' lang='grc' dir='ltr'>ήκατὰ</span> <span class='ocrx_word' id='word_1_314' title='bbox 1032 2970 1197 3041; x_wconf 87' lang='grc' dir='ltr'>νόμον</span> <span class='ocrx_word' id='word_1_315' title='bbox 1246 2972 1571 3037; x_wconf 88' lang='grc' dir='ltr'>συναίνεσις,</span> <span class='ocrx_word' id='word_1_316' title='bbox 1608 2974 1703 3040; x_wconf 80' lang='grc' dir='ltr'>καὶ</span> <span class='ocrx_word' id='word_1_317' title='bbox 1733 2974 1858 3028; x_wconf 83' lang='grc' dir='ltr'>σύν-</span> 
     </span>
    </p>
   </div>
   <div class='ocr_carea' id='block_1_47' title="bbox 262 3060 1857 3137">
    <p class='ocr_par' dir='ltr' id='par_1_47' title="bbox 262 3060 1857 3137">
     <span class='ocr_line' id='line_1_47' title="bbox 262 3060 1857 3137; baseline 0.004 -23"><span class='ocrx_word' id='word_1_318' title='bbox 262 3060 470 3131; x_wconf 79' lang='grc' dir='ltr'>δεσμος</span> <span class='ocrx_word' id='word_1_319' title='bbox 495 3060 555 3124; x_wconf 76' lang='grc' dir='ltr'><strong>ἐξ</strong></span> <span class='ocrx_word' id='word_1_320' title='bbox 585 3060 806 3132; x_wconf 81' lang='grc' dir='ltr'><strong>ἀγάπης</strong></span> <span class='ocrx_word' id='word_1_321' title='bbox 831 3061 1080 3133; x_wconf 81' lang='grc' dir='ltr'>καθαρᾶς</span> <span class='ocrx_word' id='word_1_322' title='bbox 1101 3064 1192 3116; x_wconf 83' lang='grc' dir='ltr'>τὸν</span> <span class='ocrx_word' id='word_1_323' title='bbox 1218 3064 1632 3137; x_wconf 81' lang='grc' dir='ltr'>ἀκατηγόρητον</span> <span class='ocrx_word' id='word_1_324' title='bbox 1658 3068 1857 3121; x_wconf 86' lang='grc' dir='ltr'>ἀποτε-</span> 
     </span>
    </p>
   </div>
   <div class='ocr_carea' id='block_1_48' title="bbox 261 3149 649 3220">
    <p class='ocr_par' dir='ltr' id='par_1_48' title="bbox 261 3149 649 3220">
     <span class='ocr_line' id='line_1_48' title="bbox 261 3149 649 3220; baseline 0.008 -19"><span class='ocrx_word' id='word_1_325' title='bbox 261 3149 424 3203; x_wconf 81' lang='grc' dir='ltr'>λοῦσι</span> <span class='ocrx_word' id='word_1_326' title='bbox 450 3150 649 3220; x_wconf 83' lang='grc' dir='ltr'>γάμον.</span> 
     </span>
    </p>
   </div>
   <div class='ocr_carea' id='block_1_49' title="bbox 332 3242 1452 3315">
    <p class='ocr_par' dir='ltr' id='par_1_49' title="bbox 332 3242 1452 3315">
     <span class='ocr_line' id='line_1_49' title="bbox 332 3242 1452 3315; baseline 0.002 -17"><span class='ocrx_word' id='word_1_327' title='bbox 332 3244 538 3310; x_wconf 77' lang='grc' dir='ltr'>Κύριε,</span> <span class='ocrx_word' id='word_1_328' title='bbox 571 3242 764 3312; x_wconf 83' lang='grc' dir='ltr'>θεωρῶ</span> <span class='ocrx_word' id='word_1_329' title='bbox 791 3243 881 3296; x_wconf 83' lang='grc' dir='ltr'>ὅτι</span> <span class='ocrx_word' id='word_1_330' title='bbox 913 3244 1228 3315; x_wconf 73' lang='grc' dir='ltr'><strong>προφήτης</strong></span> <span class='ocrx_word' id='word_1_331' title='bbox 1256 3243 1313 3300; x_wconf 76' lang='grc' dir='ltr'>εἷ</span> <span class='ocrx_word' id='word_1_332' title='bbox 1349 3248 1452 3300; x_wconf 86' lang='grc' dir='ltr'><strong>σύ.</strong></span> 
     </span>
    </p>
   </div>
   <div class='ocr_carea' id='block_1_50' title="bbox 330 3335 1854 3408">
    <p class='ocr_par' dir='ltr' id='par_1_50' title="bbox 330 3335 1854 3408">
     <span class='ocr_line' id='line_1_50' title="bbox 330 3335 1854 3408; baseline 0.003 -20"><span class='ocrx_word' id='word_1_333' title='bbox 330 3335 511 3398; x_wconf 71' lang='grc' dir='ltr'>Μόλις</span> <span class='ocrx_word' id='word_1_334' title='bbox 560 3336 872 3406; x_wconf 80' lang='grc' dir='ltr'>ἀναλάμπει</span> <span class='ocrx_word' id='word_1_335' title='bbox 924 3337 1061 3408; x_wconf 80' lang='grc' dir='ltr'>πρὸς</span> <span class='ocrx_word' id='word_1_336' title='bbox 1109 3339 1302 3408; x_wconf 78' lang='grc' dir='ltr'>νῆψιν,</span> <span class='ocrx_word' id='word_1_337' title='bbox 1352 3339 1447 3392; x_wconf 76' lang='grc' dir='ltr'>καὶ</span> <span class='ocrx_word' id='word_1_338' title='bbox 1498 3339 1658 3393; x_wconf 81' lang='grc' dir='ltr'>πάλιν</span> <span class='ocrx_word' id='word_1_339' title='bbox 1701 3337 1854 3392; x_wconf 78' lang='grc' dir='ltr'>οὔπω</span> 
     </span>
    </p>
   </div>
   <div class='ocr_carea' id='block_1_51' title="bbox 256 3427 1854 3501">
    <p class='ocr_par' dir='ltr' id='par_1_51' title="bbox 256 3427 1854 3501">
     <span class='ocr_line' id='line_1_51' title="bbox 256 3427 1854 3501; baseline 0.001 -20"><span class='ocrx_word' id='word_1_340' title='bbox 256 3427 502 3483; x_wconf 84' lang='grc' dir='ltr'>τελείαν.</span> <span class='ocrx_word' id='word_1_341' title='bbox 569 3430 860 3500; x_wconf 75' lang='grc' dir='ltr'>Προφήτην</span> <span class='ocrx_word' id='word_1_342' title='bbox 909 3430 1019 3500; x_wconf 82' lang='grc' dir='ltr'>γὰρ</span> <span class='ocrx_word' id='word_1_343' title='bbox 1067 3429 1148 3483; x_wconf 71' lang='grc' dir='ltr'>ἔτι</span> <span class='ocrx_word' id='word_1_344' title='bbox 1207 3430 1364 3484; x_wconf 85' lang='grc' dir='ltr'><strong>καλεί</strong></span> <span class='ocrx_word' id='word_1_345' title='bbox 1415 3430 1508 3484; x_wconf 81' lang='grc' dir='ltr'>τὸν</span> <span class='ocrx_word' id='word_1_346' title='bbox 1561 3429 1854 3501; x_wconf 81' lang='grc' dir='ltr'>προφητῶν</span> 
     </span>
    </p>
   </div>
   <div class='ocr_carea' id='block_1_52' title="bbox 259 3519 1856 3592">
    <p class='ocr_par' dir='ltr' id='par_1_52' title="bbox 259 3519 1856 3592">
     <span class='ocr_line' id='line_1_52' title="bbox 259 3519 1856 3592; baseline -0.001 -18"><span class='ocrx_word' id='word_1_347' title='bbox 259 3519 549 3591; x_wconf 82' lang='grc' dir='ltr'>Δεσπότην</span> <span class='ocrx_word' id='word_1_348' title='bbox 573 3537 584 3548; x_wconf 88' lang='grc'>·</span> <span class='ocrx_word' id='word_1_349' title='bbox 615 3521 754 3590; x_wconf 85' lang='grc' dir='ltr'>πλὴν</span> <span class='ocrx_word' id='word_1_350' title='bbox 778 3521 1016 3591; x_wconf 88' lang='grc' dir='ltr'>ἀμείνων</span> <span class='ocrx_word' id='word_1_351' title='bbox 1050 3521 1083 3592; x_wconf 80' lang='grc' dir='ltr'>ἢ</span> <span class='ocrx_word' id='word_1_352' title='bbox 1121 3523 1387 3592; x_wconf 86' lang='grc' dir='ltr'>πρότερον</span> <span class='ocrx_word' id='word_1_353' title='bbox 1410 3521 1692 3591; x_wconf 79' lang='grc' dir='ltr'>ἀνεδείχθη</span> <span class='ocrx_word' id='word_1_354' title='bbox 1716 3520 1856 3574; x_wconf 83' lang='grc' dir='ltr'><strong>κατά</strong></span> 
     </span>
    </p>
   </div>
   <div class='ocr_carea' id='block_1_53' title="bbox 261 3611 1854 3684">
    <p class='ocr_par' dir='ltr' id='par_1_53' title="bbox 261 3611 1854 3684">
     <span class='ocr_line' id='line_1_53' title="bbox 261 3611 1854 3684; baseline -0.001 -18"><span class='ocrx_word' id='word_1_355' title='bbox 261 3611 466 3682; x_wconf 79' lang='grc' dir='ltr'>βραχὺ.</span> <span class='ocrx_word' id='word_1_356' title='bbox 502 3613 623 3683; x_wconf 78' lang='grc' dir='ltr'>κατ’</span> <span class='ocrx_word' id='word_1_357' title='bbox 651 3612 840 3665; x_wconf 80' lang='grc' dir='ltr'>οὐδένα</span> <span class='ocrx_word' id='word_1_358' title='bbox 879 3613 977 3683; x_wconf 83' lang='grc' dir='ltr'>μὲν</span> <span class='ocrx_word' id='word_1_359' title='bbox 1005 3614 1204 3683; x_wconf 80' lang='grc' dir='ltr'>τρόπον</span> <span class='ocrx_word' id='word_1_360' title='bbox 1255 3614 1392 3684; x_wconf 83' lang='grc' dir='ltr'>πρὸς</span> <span class='ocrx_word' id='word_1_361' title='bbox 1431 3615 1558 3678; x_wconf 80' lang='grc' dir='ltr'>τοὺς</span> <span class='ocrx_word' id='word_1_362' title='bbox 1603 3613 1854 3682; x_wconf 74' lang='grc' dir='ltr'>ἐλέγχους</span> 
     </span>
    </p>
   </div>
   <div class='ocr_carea' id='block_1_54' title="bbox 259 3704 1856 3777">
    <p class='ocr_par' dir='ltr' id='par_1_54' title="bbox 259 3704 1856 3777">
     <span class='ocr_line' id='line_1_54' title="bbox 259 3704 1856 3777; baseline -0.001 -19"><span class='ocrx_word' id='word_1_363' title='bbox 259 3704 635 3776; x_wconf 79' lang='grc' dir='ltr'>ἀσχάλλουσα,</span> <span class='ocrx_word' id='word_1_364' title='bbox 680 3705 780 3774; x_wconf 81' lang='grc' dir='ltr'>τὴν</span> <span class='ocrx_word' id='word_1_365' title='bbox 828 3705 884 3758; x_wconf 85' lang='grc' dir='ltr'>δὲ</span> <span class='ocrx_word' id='word_1_366' title='bbox 934 3707 1042 3759; x_wconf 78' lang='grc' dir='ltr'>ἀπὸ</span> <span class='ocrx_word' id='word_1_367' title='bbox 1089 3707 1184 3760; x_wconf 83' lang='grc' dir='ltr'><strong>τοῦ</strong></span> <span class='ocrx_word' id='word_1_368' title='bbox 1240 3706 1466 3777; x_wconf 82' lang='grc' dir='ltr'>σημείου</span> <span class='ocrx_word' id='word_1_369' title='bbox 1506 3705 1738 3777; x_wconf 83' lang='grc' dir='ltr'>δύναμιν</span> <span class='ocrx_word' id='word_1_370' title='bbox 1774 3706 1856 3768; x_wconf 87' lang='grc' dir='ltr'><strong>είς</strong></span> 
     </span>
    </p>
   </div>
   <div class='ocr_carea' id='block_1_55' title="bbox 256 3796 1852 3869">
    <p class='ocr_par' dir='ltr' id='par_1_55' title="bbox 256 3796 1852 3869">
     <span class='ocr_line' id='line_1_55' title="bbox 256 3796 1852 3869; baseline 0.001 -22"><span class='ocrx_word' id='word_1_371' title='bbox 256 3797 534 3866; x_wconf 73' lang='grc' dir='ltr'>ὠφέλειαν</span> <span class='ocrx_word' id='word_1_372' title='bbox 570 3797 916 3868; x_wconf 81' lang='grc' dir='ltr'>άρπάζουσα,</span> <span class='ocrx_word' id='word_1_373' title='bbox 950 3799 1045 3852; x_wconf 72' lang='grc' dir='ltr'>καὶ</span> <span class='ocrx_word' id='word_1_374' title='bbox 1101 3799 1348 3869; x_wconf 79' lang='grc' dir='ltr'>μαλακῆς</span> <span class='ocrx_word' id='word_1_375' title='bbox 1402 3798 1501 3869; x_wconf 88' lang='grc' dir='ltr'>μὲν</span> <span class='ocrx_word' id='word_1_376' title='bbox 1543 3796 1716 3860; x_wconf 74' lang='grc' dir='ltr'>οὕτως</span> <span class='ocrx_word' id='word_1_377' title='bbox 1757 3798 1852 3848; x_wconf 83' lang='grc' dir='ltr'><strong>ὲκ-</strong></span> 
     </span>
    </p>
   </div>
   <div class='ocr_carea' id='block_1_56' title="bbox 257 3886 1852 3957">
    <p class='ocr_par' dir='ltr' id='par_1_56' title="bbox 257 3886 1852 3957">
     <span class='ocr_line' id='line_1_56' title="bbox 257 3886 1852 3957; baseline 0 -18"><span class='ocrx_word' id='word_1_378' title='bbox 257 3886 532 3939; x_wconf 73' lang='grc' dir='ltr'>θαίνουσα</span> <span class='ocrx_word' id='word_1_379' title='bbox 563 3886 780 3956; x_wconf 75' lang='grc' dir='ltr'>φρενὸς,</span> <span class='ocrx_word' id='word_1_380' title='bbox 817 3887 1054 3956; x_wconf 89' lang='grc' dir='ltr'>μετρίως</span> <span class='ocrx_word' id='word_1_381' title='bbox 1085 3904 1148 3956; x_wconf 87' lang='grc' dir='ltr'><strong>γε</strong></span> <span class='ocrx_word' id='word_1_382' title='bbox 1187 3887 1292 3957; x_wconf 76' lang='grc' dir='ltr'>μὴν</span> <span class='ocrx_word' id='word_1_383' title='bbox 1327 3889 1405 3951; x_wconf 83' lang='grc' dir='ltr'><strong>είς</strong></span> <span class='ocrx_word' id='word_1_384' title='bbox 1444 3887 1690 3942; x_wconf 80' lang='grc' dir='ltr'>νεανικὸν</span> <span class='ocrx_word' id='word_1_385' title='bbox 1717 3887 1852 3939; x_wconf 85' lang='grc' dir='ltr'>ἀνα-</span> 
     </span>
    </p>
   </div>
   <div class='ocr_carea' id='block_1_57' title="bbox 257 3975 1852 4048">
    <p class='ocr_par' dir='ltr' id='par_1_57' title="bbox 257 3975 1852 4048">
     <span class='ocr_line' id='line_1_57' title="bbox 257 3975 1852 4048; baseline 0.001 -22"><span class='ocrx_word' id='word_1_386' title='bbox 257 3977 526 4030; x_wconf 68' lang='grc' dir='ltr'>ϐαίνουσα</span> <span class='ocrx_word' id='word_1_387' title='bbox 573 3976 718 4043; x_wconf 77' lang='grc' dir='ltr'>νοῦν,</span> <span class='ocrx_word' id='word_1_388' title='bbox 767 3977 862 4030; x_wconf 69' lang='grc' dir='ltr'>καὶ</span> <span class='ocrx_word' id='word_1_389' title='bbox 895 3978 995 4048; x_wconf 83' lang='grc' dir='ltr'><strong>τῆς</strong></span> <span class='ocrx_word' id='word_1_390' title='bbox 1045 3977 1274 4048; x_wconf 81' lang='grc' dir='ltr'>καρδίας</span> <span class='ocrx_word' id='word_1_391' title='bbox 1318 3975 1408 4030; x_wconf 77' lang='grc' dir='ltr'>τὸν</span> <span class='ocrx_word' id='word_1_392' title='bbox 1457 3976 1732 4047; x_wconf 81' lang='grc' dir='ltr'>ὀφθαλμὸν</span> <span class='ocrx_word' id='word_1_393' title='bbox 1772 3977 1852 4039; x_wconf 83' lang='grc' dir='ltr'><strong>είς</strong></span> 
     </span>
    </p>
   </div>
   <div class='ocr_carea' id='block_1_58' title="bbox 257 4062 1850 4141">
    <p class='ocr_par' dir='ltr' id='par_1_58' title="bbox 257 4062 1850 4141">
     <span class='ocr_line' id='line_1_58' title="bbox 257 4062 1850 4141; baseline 0.001 -21"><span class='ocrx_word' id='word_1_394' title='bbox 257 4068 406 4141; x_wconf 68' lang='grc' dir='ltr'>ἀήθη</span> <span class='ocrx_word' id='word_1_395' title='bbox 463 4069 805 4140; x_wconf 83' lang='grc' dir='ltr'>πραγμάτων</span> <span class='ocrx_word' id='word_1_396' title='bbox 860 4068 1092 4139; x_wconf 81' lang='grc' dir='ltr'>θεωρίαν</span> <span class='ocrx_word' id='word_1_397' title='bbox 1147 4068 1477 4122; x_wconf 76' lang='grc' dir='ltr'>ἐκτείνουσα.</span> <span class='ocrx_word' id='word_1_398' title='bbox 1541 4069 1656 4137; x_wconf 79' lang='grc' dir='ltr'><strong>Ἐφ’</strong></span> <span class='ocrx_word' id='word_1_399' title='bbox 1699 4062 1743 4137; x_wconf 79' lang='grc' dir='ltr'><strong>ᾧ</strong></span> <span class='ocrx_word' id='word_1_400' title='bbox 1786 4068 1850 4138; x_wconf 81' lang='grc' dir='ltr'>δὴ</span> 
     </span>
    </p>
   </div>
   <div class='ocr_carea' id='block_1_59' title="bbox 262 4159 1849 4232">
    <p class='ocr_par' dir='ltr' id='par_1_59' title="bbox 262 4159 1849 4232">
     <span class='ocr_line' id='line_1_59' title="bbox 262 4159 1849 4232; baseline -0.001 -18"><span class='ocrx_word' id='word_1_401' title='bbox 262 4163 502 4230; x_wconf 86' lang='grc' dir='ltr'>μάλιστα</span> <span class='ocrx_word' id='word_1_402' title='bbox 564 4161 865 4232; x_wconf 75' lang='grc' dir='ltr'>θαυμάζειν</span> <span class='ocrx_word' id='word_1_403' title='bbox 922 4159 1214 4214; x_wconf 85' lang='grc' dir='ltr'>ἀκόλουθον</span> <span class='ocrx_word' id='word_1_404' title='bbox 1277 4160 1375 4232; x_wconf 77' lang='grc' dir='ltr'>τὴν</span> <span class='ocrx_word' id='word_1_405' title='bbox 1433 4161 1530 4214; x_wconf 82' lang='grc' dir='ltr'><strong>τοῦ</strong></span> <span class='ocrx_word' id='word_1_406' title='bbox 1600 4161 1849 4232; x_wconf 80' lang='grc' dir='ltr'>Σωτῆρος</span> 
     </span>
    </p>
   </div>
   <div class='ocr_carea' id='block_1_60' title="bbox 259 4251 1850 4324">
    <p class='ocr_par' dir='ltr' id='par_1_60' title="bbox 259 4251 1850 4324">
     <span class='ocr_line' id='line_1_60' title="bbox 259 4251 1850 4324; baseline 0.001 -20"><span class='ocrx_word' id='word_1_407' title='bbox 259 4251 424 4320; x_wconf 73' lang='grc' dir='ltr'>ἡμῶν</span> <span class='ocrx_word' id='word_1_408' title='bbox 472 4251 825 4316; x_wconf 75' lang='grc' dir='ltr'>ἀνεξικακίαν</span> <span class='ocrx_word' id='word_1_409' title='bbox 873 4268 933 4304; x_wconf 85' lang='grc' dir='ltr'><strong>τε</strong></span> <span class='ocrx_word' id='word_1_410' title='bbox 976 4251 1136 4324; x_wconf 69' lang='grc' dir='ltr'>ὁμοῦ,</span> <span class='ocrx_word' id='word_1_411' title='bbox 1186 4251 1281 4304; x_wconf 73' lang='grc' dir='ltr'>καὶ</span> <span class='ocrx_word' id='word_1_412' title='bbox 1322 4251 1572 4323; x_wconf 89' lang='grc' dir='ltr'>δύναμιν,</span> <span class='ocrx_word' id='word_1_413' title='bbox 1622 4251 1850 4314; x_wconf 78' lang='grc' dir='ltr'>καὶτὰς</span> 
     </span>
    </p>
   </div>
   <div class='ocr_carea' id='block_1_61' title="bbox 257 4343 1847 4414">
    <p class='ocr_par' dir='ltr' id='par_1_61' title="bbox 257 4343 1847 4414">
     <span class='ocr_line' id='line_1_61' title="bbox 257 4343 1847 4414; baseline 0.001 -19"><span class='ocrx_word' id='word_1_414' title='bbox 257 4343 624 4408; x_wconf 78' lang='grc' dir='ltr'>ἀπαιδεύτους</span> <span class='ocrx_word' id='word_1_415' title='bbox 667 4343 904 4409; x_wconf 86' lang='grc' dir='ltr'>διανοίας</span> <span class='ocrx_word' id='word_1_416' title='bbox 953 4345 1032 4407; x_wconf 83' lang='grc' dir='ltr'><strong>είς</strong></span> <span class='ocrx_word' id='word_1_417' title='bbox 1081 4344 1408 4414; x_wconf 81' lang='grc' dir='ltr'>ἁξιάγαστον</span> <span class='ocrx_word' id='word_1_418' title='bbox 1449 4343 1565 4411; x_wconf 77' lang='grc' dir='ltr'>ἕξιν</span> <span class='ocrx_word' id='word_1_419' title='bbox 1609 4343 1847 4408; x_wconf 82' lang='grc' dir='ltr'>εὐκόλως</span> 
     </span>
    </p>
   </div>
   <div class='ocr_carea' id='block_1_62' title="bbox 261 4434 780 4507">
    <p class='ocr_par' dir='ltr' id='par_1_62' title="bbox 261 4434 780 4507">
     <span class='ocr_line' id='line_1_62' title="bbox 261 4434 780 4507; baseline 0.006 -20"><span class='ocrx_word' id='word_1_420' title='bbox 261 4452 401 4504; x_wconf 81' lang='grc' dir='ltr'>μετα</span> <span class='ocrx_word' id='word_1_421' title='bbox 405 4434 506 4506; x_wconf 88' lang='grc' dir='ltr'><strong>ρυθ</strong></span> <span class='ocrx_word' id='word_1_422' title='bbox 515 4435 780 4507; x_wconf 81' lang='grc' dir='ltr'>μίζοντος.</span> 
     </span>
    </p>
   </div>
   <div class='ocr_carea' id='block_1_63' title="bbox 334 4525 1843 4598">
    <p class='ocr_par' dir='ltr' id='par_1_63' title="bbox 334 4525 1843 4598">
     <span class='ocr_line' id='line_1_63' title="bbox 334 4525 1843 4598; baseline 0 -18"><span class='ocrx_word' id='word_1_423' title='bbox 334 4529 401 4581; x_wconf 82' lang='grc' dir='ltr'><strong>οι</strong></span> <span class='ocrx_word' id='word_1_424' title='bbox 430 4525 682 4595; x_wconf 79' lang='grc' dir='ltr'>πατέρες</span> <span class='ocrx_word' id='word_1_425' title='bbox 705 4526 874 4597; x_wconf 73' lang='grc' dir='ltr'><strong>ἡμῶν</strong></span> <span class='ocrx_word' id='word_1_426' title='bbox 893 4529 964 4582; x_wconf 74' lang='grc' dir='ltr'><strong>ἐν</strong></span> <span class='ocrx_word' id='word_1_427' title='bbox 991 4529 1070 4594; x_wconf 85' lang='grc' dir='ltr'>τῷ</span> <span class='ocrx_word' id='word_1_428' title='bbox 1101 4529 1222 4598; x_wconf 81' lang='grc' dir='ltr'>ὄρει</span> <span class='ocrx_word' id='word_1_429' title='bbox 1250 4529 1438 4595; x_wconf 84' lang='grc' dir='ltr'>τούτῳ</span> <span class='ocrx_word' id='word_1_430' title='bbox 1466 4526 1843 4596; x_wconf 73' lang='grc' dir='ltr'>προσεκύνη-</span> 
     </span>
    </p>
   </div>
   <div class='ocr_carea' id='block_1_64' title="bbox 259 4618 1848 4690">
    <p class='ocr_par' dir='ltr' id='par_1_64' title="bbox 259 4618 1848 4690">
     <span class='ocr_line' id='line_1_64' title="bbox 259 4618 1848 4690; baseline 0 -19"><span class='ocrx_word' id='word_1_431' title='bbox 259 4633 412 4672; x_wconf 65' lang='lat' dir='ltr'><strong>dar“</strong></span> <span class='ocrx_word' id='word_1_432' title='bbox 447 4619 546 4672; x_wconf 74' lang='lat' dir='ltr'><strong>xui</strong></span> <span class='ocrx_word' id='word_1_433' title='bbox 577 4618 745 4689; x_wconf 82' lang='grc' dir='ltr'>ὑμεῖς</span> <span class='ocrx_word' id='word_1_434' title='bbox 767 4619 974 4690; x_wconf 77' lang='grc' dir='ltr'>λέγετε</span> <span class='ocrx_word' id='word_1_435' title='bbox 999 4621 1085 4674; x_wconf 82' lang='grc' dir='ltr'>ὅτι</span> <span class='ocrx_word' id='word_1_436' title='bbox 1109 4621 1178 4674; x_wconf 84' lang='grc' dir='ltr'><strong>ὲν</strong></span> <span class='ocrx_word' id='word_1_437' title='bbox 1213 4620 1651 4689; x_wconf 76' lang='grc' dir='ltr'>Ἰεροσολύμοις</span> <span class='ocrx_word' id='word_1_438' title='bbox 1674 4618 1848 4672; x_wconf 76' lang='grc' dir='ltr'>ἐστίν</span> 
     </span>
    </p>
   </div>
   <div class='ocr_carea' id='block_1_65' title="bbox 260 4710 1846 4784">
    <p class='ocr_par' dir='ltr' id='par_1_65' title="bbox 260 4710 1846 4784">
     <span class='ocr_line' id='line_1_65' title="bbox 260 4710 1846 4784; baseline 0.002 -22"><span class='ocrx_word' id='word_1_439' title='bbox 260 4713 295 4762; x_wconf 79' lang='grc' dir='ltr'><em>ὀ</em></span> <span class='ocrx_word' id='word_1_440' title='bbox 341 4711 526 4776; x_wconf 77' lang='grc' dir='ltr'>τόπος</span> <span class='ocrx_word' id='word_1_441' title='bbox 550 4751 565 4775; x_wconf 98' lang='grc'><strong>,</strong></span> <span class='ocrx_word' id='word_1_442' title='bbox 617 4711 771 4766; x_wconf 74' lang='grc' dir='ltr'>ὅπου</span> <span class='ocrx_word' id='word_1_443' title='bbox 822 4713 1190 4782; x_wconf 79' lang='grc' dir='ltr'>προσκυνεῖν</span> <span class='ocrx_word' id='word_1_444' title='bbox 1239 4713 1347 4768; x_wconf 83' lang='grc' dir='ltr'>δεῖ.</span> <span class='ocrx_word' id='word_1_445' title='bbox 1395 4712 1565 4784; x_wconf 81' lang='grc' dir='ltr'>Λέγει</span> <span class='ocrx_word' id='word_1_446' title='bbox 1609 4710 1764 4781; x_wconf 82' lang='grc' dir='ltr'>αὐτῇ</span> <span class='ocrx_word' id='word_1_447' title='bbox 1813 4714 1846 4765; x_wconf 80' lang='grc' dir='ltr'><em>ὁ</em></span> 
     </span>
    </p>
   </div>
   <div class='ocr_carea' id='block_1_66' title="bbox 273 4799 528 4868">
    <p class='ocr_par' dir='ltr' id='par_1_66' title="bbox 273 4799 528 4868">
     <span class='ocr_line' id='line_1_66' title="bbox 273 4799 528 4868; baseline 0.012 -17"><span class='ocrx_word' id='word_1_448' title='bbox 273 4799 528 4868; x_wconf 82' lang='grc' dir='ltr'>Ἰησοῦς.</span> 
     </span>
    </p>
   </div>
   <div class='ocr_carea' id='block_1_67' title="bbox 331 4891 1842 4965">
    <p class='ocr_par' dir='ltr' id='par_1_67' title="bbox 331 4891 1842 4965">
     <span class='ocr_line' id='line_1_67' title="bbox 331 4891 1842 4965; baseline 0.002 -23"><span class='ocrx_word' id='word_1_449' title='bbox 331 4891 628 4965; x_wconf 70' lang='grc' dir='ltr'>Προφήτην</span> <span class='ocrx_word' id='word_1_450' title='bbox 653 4892 821 4956; x_wconf 73' lang='grc' dir='ltr'>ὅντως</span> <span class='ocrx_word' id='word_1_451' title='bbox 850 4893 1140 4965; x_wconf 72' lang='grc' dir='ltr'>ὑπάρχειν,</span> <span class='ocrx_word' id='word_1_452' title='bbox 1179 4893 1271 4947; x_wconf 67' lang='grc' dir='ltr'>καὶ</span> <span class='ocrx_word' id='word_1_453' title='bbox 1312 4895 1565 4948; x_wconf 84' lang='grc' dir='ltr'>Ἰουδαῖον</span> <span class='ocrx_word' id='word_1_454' title='bbox 1599 4893 1842 4965; x_wconf 78' lang='grc' dir='ltr'>οίηθείσα</span> 
     </span>
    </p>
   </div>
   <div class='ocr_carea' id='block_1_68' title="bbox 257 4983 1841 5058">
    <p class='ocr_par' dir='ltr' id='par_1_68' title="bbox 257 4983 1841 5058">
     <span class='ocr_line' id='line_1_68' title="bbox 257 4983 1841 5058; baseline 0.003 -22"><span class='ocrx_word' id='word_1_455' title='bbox 257 4984 352 5036; x_wconf 62' lang='grc' dir='ltr'>τὸν</span> <span class='ocrx_word' id='word_1_456' title='bbox 402 4983 640 5057; x_wconf 76' lang='grc' dir='ltr'>Κύριον,</span> <span class='ocrx_word' id='word_1_457' title='bbox 688 4989 799 5051; x_wconf 81' lang='grc' dir='ltr'>τοῖς</span> <span class='ocrx_word' id='word_1_458' title='bbox 848 4987 1165 5058; x_wconf 79' lang='grc' dir='ltr'>ἐπιχωρίοις</span> <span class='ocrx_word' id='word_1_459' title='bbox 1214 4986 1359 5041; x_wconf 74' lang='grc' dir='ltr'>ἔθεσι</span> <span class='ocrx_word' id='word_1_460' title='bbox 1422 4987 1671 5058; x_wconf 79' lang='grc' dir='ltr'>πολύ’δὴ</span> <span class='ocrx_word' id='word_1_461' title='bbox 1720 4985 1841 5040; x_wconf 87' lang='grc' dir='ltr'>λίαν</span> 
     </span>
    </p>
   </div>
   <div class='ocr_carea' id='block_1_69' title="bbox 254 5074 1840 5150">
    <p class='ocr_par' dir='ltr' id='par_1_69' title="bbox 254 5074 1840 5150">
     <span class='ocr_line' id='line_1_69' title="bbox 254 5074 1840 5150; baseline 0.003 -24"><span class='ocrx_word' id='word_1_462' title='bbox 254 5074 613 5146; x_wconf 71' lang='grc' dir='ltr'>ἀνασρύνεται</span> <span class='ocrx_word' id='word_1_463' title='bbox 637 5115 654 5140; x_wconf 93' lang='grc'><strong>,</strong></span> <span class='ocrx_word' id='word_1_464' title='bbox 708 5077 801 5131; x_wconf 81' lang='grc' dir='ltr'>καὶ</span> <span class='ocrx_word' id='word_1_465' title='bbox 849 5079 948 5150; x_wconf 81' lang='grc' dir='ltr'>τῆς</span> <span class='ocrx_word' id='word_1_466' title='bbox 1003 5077 1275 5150; x_wconf 78' lang='grc' dir='ltr'>Ἰουδαίων</span> <span class='ocrx_word' id='word_1_467' title='bbox 1331 5078 1586 5142; x_wconf 83' lang='grc' dir='ltr'>ὑπονοίας</span> <span class='ocrx_word' id='word_1_468' title='bbox 1648 5077 1840 5149; x_wconf 78' lang='grc' dir='ltr'>βεϐουο</span> 
     </span>
    </p>
   </div>
   <div class='ocr_carea' id='block_1_70' title="bbox 248 5149 1836 5241">
    <p class='ocr_par' dir='ltr' id='par_1_70' title="bbox 248 5149 1836 5241">
     <span class='ocr_line' id='line_1_70' title="bbox 248 5149 1836 5241; baseline 0.006 -27"><span class='ocrx_word' id='word_1_469' title='bbox 248 5162 481 5220; x_wconf 56' lang='lat' dir='ltr'><strong>nam;</strong></span> <span class='ocrx_word' id='word_1_470' title='bbox 519 5167 590 5220; x_wconf 77' lang='grc' dir='ltr'>τά</span> <span class='ocrx_word' id='word_1_471' title='bbox 624 5169 856 5239; x_wconf 87' lang='grc' dir='ltr'>κρείττω</span> <span class='ocrx_word' id='word_1_472' title='bbox 885 5149 1012 5232; x_wconf 80' lang='grc' dir='ltr'>τοὺς</span> <span class='ocrx_word' id='word_1_473' title='bbox 1045 5149 1394 5241; x_wconf 61' lang='grc' dir='ltr'>Σαμαρείτας</span> <span class='ocrx_word' id='word_1_474' title='bbox 1424 5167 1836 5240; x_wconf 79' lang='grc' dir='ltr'>διϊσχυρίζεται.</span> 
     </span>
    </p>
   </div>
   <div class='ocr_carea' id='block_1_71' title="bbox 253 5247 1839 5334">
    <p class='ocr_par' dir='ltr' id='par_1_71' title="bbox 253 5247 1839 5334">
     <span class='ocr_line' id='line_1_71' title="bbox 253 5247 1839 5334; baseline 0.003 -22"><span class='ocrx_word' id='word_1_475' title='bbox 253 5247 513 5312; x_wconf 80' lang='grc' dir='ltr'>ἰουδαῖοι</span> <span class='ocrx_word' id='word_1_476' title='bbox 543 5261 644 5331; x_wconf 85' lang='grc' dir='ltr'>μὲν</span> <span class='ocrx_word' id='word_1_477' title='bbox 669 5261 778 5334; x_wconf 77' lang='grc' dir='ltr'><strong>γὰρ</strong></span> <span class='ocrx_word' id='word_1_478' title='bbox 805 5263 1121 5334; x_wconf 78' lang='grc' dir='ltr'>παχυτέρας</span> <span class='ocrx_word' id='word_1_479' title='bbox 1145 5262 1224 5316; x_wconf 76' lang='grc' dir='ltr'><strong>ἔτι</strong></span> <span class='ocrx_word' id='word_1_480' title='bbox 1243 5261 1356 5326; x_wconf 67' lang='grc' dir='ltr'><strong>ετάς</strong></span> <span class='ocrx_word' id='word_1_481' title='bbox 1391 5263 1517 5334; x_wconf 75' lang='grc' dir='ltr'>περὶ</span> <span class='ocrx_word' id='word_1_482' title='bbox 1551 5262 1652 5332; x_wconf 79' lang='grc' dir='ltr'><strong>τῆς</strong></span> <span class='ocrx_word' id='word_1_483' title='bbox 1689 5262 1839 5326; x_wconf 87' lang='grc' dir='ltr'>θείας</span> 
     </span>
    </p>
   </div>
   <div class='ocr_carea' id='block_1_72' title="bbox 240 5354 1834 5426">
    <p class='ocr_par' dir='ltr' id='par_1_72' title="bbox 240 5354 1834 5426">
     <span class='ocr_line' id='line_1_72' title="bbox 240 5354 1834 5426; baseline 0.004 -22"><span class='ocrx_word' id='word_1_484' title='bbox 240 5368 316 5405; x_wconf 83' lang='grc' dir='ltr'>τε</span> <span class='ocrx_word' id='word_1_485' title='bbox 355 5355 450 5407; x_wconf 79' lang='grc' dir='ltr'>καὶ</span> <span class='ocrx_word' id='word_1_486' title='bbox 482 5355 776 5426; x_wconf 78' lang='grc' dir='ltr'>ἀσωμάτου</span> <span class='ocrx_word' id='word_1_487' title='bbox 823 5355 1037 5424; x_wconf 86' lang='grc' dir='ltr'>φύσεως</span> <span class='ocrx_word' id='word_1_488' title='bbox 1087 5355 1372 5426; x_wconf 74' lang='grc' dir='ltr'>διαλήψεις</span> <span class='ocrx_word' id='word_1_489' title='bbox 1413 5354 1729 5426; x_wconf 89' lang='grc' dir='ltr'>δεχόμενοι,</span> <span class='ocrx_word' id='word_1_490' title='bbox 1776 5358 1834 5410; x_wconf 79' lang='grc' dir='ltr'>ὲν</span> 
     </span>
    </p>
   </div>
   <div class='ocr_carea' id='block_1_73' title="bbox 243 5443 1833 5519">
    <p class='ocr_par' dir='ltr' id='par_1_73' title="bbox 243 5443 1833 5519">
     <span class='ocr_line' id='line_1_73' title="bbox 243 5443 1833 5519; baseline 0.003 -23"><span class='ocrx_word' id='word_1_491' title='bbox 243 5443 442 5514; x_wconf 78' lang='grc' dir='ltr'>μόνοις</span> <span class='ocrx_word' id='word_1_492' title='bbox 488 5448 599 5511; x_wconf 82' lang='grc' dir='ltr'>τοῖς</span> <span class='ocrx_word' id='word_1_493' title='bbox 638 5445 1064 5519; x_wconf 81' lang='grc' dir='ltr'>Ἱεροσολύμοις,</span> <span class='ocrx_word' id='word_1_494' title='bbox 1118 5448 1242 5519; x_wconf 74' lang='grc' dir='ltr'>ἦτοι</span> <span class='ocrx_word' id='word_1_495' title='bbox 1297 5446 1434 5501; x_wconf 86' lang='grc' dir='ltr'>Σιὼν</span> <span class='ocrx_word' id='word_1_496' title='bbox 1491 5451 1556 5519; x_wconf 84' lang='grc' dir='ltr'><strong>τῇ</strong></span> <span class='ocrx_word' id='word_1_497' title='bbox 1611 5449 1833 5517; x_wconf 78' lang='grc' dir='ltr'>γείτονι,</span> 
     </span>
    </p>
   </div>
   <div class='ocr_carea' id='block_1_74' title="bbox 243 5533 1834 5606">
    <p class='ocr_par' dir='ltr' id='par_1_74' title="bbox 243 5533 1834 5606">
     <span class='ocr_line' id='line_1_74' title="bbox 243 5533 1834 5606; baseline 0.003 -20"><span class='ocrx_word' id='word_1_498' title='bbox 243 5533 456 5606; x_wconf 71' lang='grc' dir='ltr'>χρῆναι</span> <span class='ocrx_word' id='word_1_499' title='bbox 503 5538 920 5606; x_wconf 82' lang='grc' dir='ltr'>προσκυνεῖσθαι</span> <span class='ocrx_word' id='word_1_500' title='bbox 963 5539 1054 5592; x_wconf 79' lang='grc' dir='ltr'><strong>τὸν</strong></span> <span class='ocrx_word' id='word_1_501' title='bbox 1097 5539 1187 5592; x_wconf 75' lang='grc' dir='ltr'><strong>ἐπὶ</strong></span> <span class='ocrx_word' id='word_1_502' title='bbox 1230 5539 1434 5601; x_wconf 89' lang='grc' dir='ltr'>πάντας</span> <span class='ocrx_word' id='word_1_503' title='bbox 1477 5537 1608 5592; x_wconf 77' lang='grc' dir='ltr'>Θεὸν</span> <span class='ocrx_word' id='word_1_504' title='bbox 1640 5539 1834 5594; x_wconf 85' lang='grc' dir='ltr'>διετεί-</span> 
     </span>
    </p>
   </div>
   <div class='ocr_carea' id='block_1_75' title="bbox 243 5625 1832 5700">
    <p class='ocr_par' dir='ltr' id='par_1_75' title="bbox 243 5625 1832 5700">
     <span class='ocr_line' id='line_1_75' title="bbox 243 5625 1832 5700; baseline 0.005 -26"><span class='ocrx_word' id='word_1_505' title='bbox 243 5639 428 5686; x_wconf 72' lang='grc' dir='ltr'>νοντο,</span> <span class='ocrx_word' id='word_1_506' title='bbox 457 5625 532 5688; x_wconf 81' lang='grc' dir='ltr'><strong>ὡς</strong></span> <span class='ocrx_word' id='word_1_507' title='bbox 561 5625 690 5694; x_wconf 79' lang='grc' dir='ltr'>ὅλης</span> <span class='ocrx_word' id='word_1_508' title='bbox 727 5628 873 5694; x_wconf 73' lang='grc' dir='ltr'>ἅπαξ</span> <span class='ocrx_word' id='word_1_509' title='bbox 905 5628 1004 5697; x_wconf 83' lang='grc' dir='ltr'><strong>τῆς</strong></span> <span class='ocrx_word' id='word_1_510' title='bbox 1036 5629 1270 5700; x_wconf 71' lang='grc' dir='ltr'>ἀρρήτου</span> <span class='ocrx_word' id='word_1_511' title='bbox 1323 5629 1414 5682; x_wconf 73' lang='grc' dir='ltr'>καὶ</span> <span class='ocrx_word' id='word_1_512' title='bbox 1446 5628 1832 5700; x_wconf 82' lang='grc' dir='ltr'>ἀκαταλήπτου</span> 
     </span>
    </p>
   </div>
   <div class='ocr_carea' id='block_1_76' title="bbox 247 5714 1832 5793">
    <p class='ocr_par' dir='ltr' id='par_1_76' title="bbox 247 5714 1832 5793">
     <span class='ocr_line' id='line_1_76' title="bbox 247 5714 1832 5793; baseline 0.007 -27"><span class='ocrx_word' id='word_1_513' title='bbox 247 5714 468 5784; x_wconf 72' lang='grc' dir='ltr'>φύσεως</span> <span class='ocrx_word' id='word_1_514' title='bbox 496 5718 875 5788; x_wconf 83' lang='grc' dir='ltr'>καταλυούσης</span> <span class='ocrx_word' id='word_1_515' title='bbox 914 5722 1112 5784; x_wconf 73' lang='grc' dir='ltr'>ἐκεῖσε,</span> <span class='ocrx_word' id='word_1_516' title='bbox 1146 5720 1237 5774; x_wconf 75' lang='grc' dir='ltr'>καὶ</span> <span class='ocrx_word' id='word_1_517' title='bbox 1295 5723 1690 5793; x_wconf 81' lang='grc' dir='ltr'>χειροποιήτοις</span> <span class='ocrx_word' id='word_1_518' title='bbox 1741 5724 1832 5777; x_wconf 72' lang='grc' dir='ltr'><strong>ὲν-</strong></span> 
     </span>
    </p>
   </div>
   <div class='ocr_carea' id='block_1_77' title="bbox 1963 1892 3533 1971">
    <p class='ocr_par' dir='ltr' id='par_1_77' title="bbox 1963 1892 3533 1971">
     <span class='ocr_line' id='line_1_77' title="bbox 1963 1892 3533 1971; baseline 0.01 -28"><span class='ocrx_word' id='word_1_519' title='bbox 1963 1892 2188 1962; x_wconf 83' lang='lat' dir='ltr'><strong>quinque</strong></span> <span class='ocrx_word' id='word_1_520' title='bbox 2232 1894 2372 1947; x_wconf 83' lang='lat' dir='ltr'><strong>enim</strong></span> <span class='ocrx_word' id='word_1_521' title='bbox 2415 1897 2555 1951; x_wconf 80' lang='lat' dir='ltr'><strong>viros</strong></span> <span class='ocrx_word' id='word_1_522' title='bbox 2605 1898 2860 1964; x_wconf 75' lang='lat' dir='ltr'><strong>habuisti,</strong></span> <span class='ocrx_word' id='word_1_523' title='bbox 2896 1909 2946 1954; x_wconf 88' lang='lat' dir='ltr'><strong>et</strong></span> <span class='ocrx_word' id='word_1_524' title='bbox 2981 1916 3122 1954; x_wconf 84' lang='lat' dir='ltr'><strong>nunc</strong></span> <span class='ocrx_word' id='word_1_525' title='bbox 3157 1917 3310 1971; x_wconf 85' lang='lat' dir='ltr'><strong>quem</strong></span> <span class='ocrx_word' id='word_1_526' title='bbox 3353 1903 3533 1970; x_wconf 80' lang='lat' dir='ltr'><strong>habes,</strong></span> 
     </span>
    </p>
   </div>
   <div class='ocr_carea' id='block_1_78' title="bbox 1963 1986 3442 2058">
    <p class='ocr_par' dir='ltr' id='par_1_78' title="bbox 1963 1986 3442 2058">
     <span class='ocr_line' id='line_1_78' title="bbox 1963 1986 3442 2058; baseline 0.009 -24"><span class='ocrx_word' id='word_1_527' title='bbox 1963 1997 2066 2036; x_wconf 83' lang='lat' dir='ltr'><strong>non</strong></span> <span class='ocrx_word' id='word_1_528' title='bbox 2089 1991 2166 2037; x_wconf 89' lang='lat' dir='ltr'><strong>est</strong></span> <span class='ocrx_word' id='word_1_529' title='bbox 2191 1993 2312 2040; x_wconf 85' lang='lat' dir='ltr'><strong>tuus</strong></span> <span class='ocrx_word' id='word_1_530' title='bbox 2340 1986 2439 2043; x_wconf 74' lang='lat' dir='ltr'><strong>air.</strong></span> <span class='ocrx_word' id='word_1_531' title='bbox 2481 1987 2598 2043; x_wconf 83' lang='lat' dir='ltr'><strong>Hoc</strong></span> <span class='ocrx_word' id='word_1_532' title='bbox 2625 2006 2740 2045; x_wconf 80' lang='lat' dir='ltr'><strong>vere</strong></span> <span class='ocrx_word' id='word_1_533' title='bbox 2760 1988 2968 2058; x_wconf 71' lang='lat' dir='ltr'><strong>dixisti,</strong></span> <span class='ocrx_word' id='word_1_534' title='bbox 2999 1992 3130 2046; x_wconf 87' lang='lat' dir='ltr'><strong>dicit</strong></span> <span class='ocrx_word' id='word_1_535' title='bbox 3157 1995 3206 2047; x_wconf 87' lang='lat' dir='ltr'><strong>ei</strong></span> <span class='ocrx_word' id='word_1_536' title='bbox 3233 1995 3442 2049; x_wconf 81' lang='lat' dir='ltr'><strong>mulier.</strong></span> 
     </span>
    </p>
   </div>
   <div class='ocr_carea' id='block_1_79' title="bbox 2032 2153 3533 2229">
    <p class='ocr_par' dir='ltr' id='par_1_79' title="bbox 2032 2153 3533 2229">
     <span class='ocr_line' id='line_1_79' title="bbox 2032 2153 3533 2229; baseline 0.012 -18"><span class='ocrx_word' id='word_1_537' title='bbox 2032 2153 2133 2211; x_wconf 87' lang='lat' dir='ltr'><strong>Cui</strong></span> <span class='ocrx_word' id='word_1_538' title='bbox 2161 2172 2294 2213; x_wconf 88' lang='lat' dir='ltr'><strong>vero</strong></span> <span class='ocrx_word' id='word_1_539' title='bbox 2321 2174 2432 2215; x_wconf 91' lang='lat' dir='ltr'><strong>non</strong></span> <span class='ocrx_word' id='word_1_540' title='bbox 2465 2162 2820 2220; x_wconf 86' lang='lat' dir='ltr'><strong>manifestum</strong></span> <span class='ocrx_word' id='word_1_541' title='bbox 2855 2167 2926 2222; x_wconf 92' lang='lat' dir='ltr'><strong>sit</strong></span> <span class='ocrx_word' id='word_1_542' title='bbox 2951 2166 3172 2223; x_wconf 88' lang='lat' dir='ltr'><strong>demum</strong></span> <span class='ocrx_word' id='word_1_543' title='bbox 3196 2167 3533 2229; x_wconf 85' lang='lat' dir='ltr'><strong>Salvatorcm</strong></span> 
     </span>
    </p>
   </div>
   <div class='ocr_carea' id='block_1_80' title="bbox 1962 2247 3532 2329">
    <p class='ocr_par' dir='ltr' id='par_1_80' title="bbox 1962 2247 3532 2329">
     <span class='ocr_line' id='line_1_80' title="bbox 1962 2247 3532 2329; baseline 0.014 -30"><span class='ocrx_word' id='word_1_544' title='bbox 1962 2260 2074 2300; x_wconf 92' lang='lat' dir='ltr'><strong>non</strong></span> <span class='ocrx_word' id='word_1_545' title='bbox 2123 2247 2407 2318; x_wconf 77' lang='lat' dir='ltr'><strong>ignorasse</strong></span> <span class='ocrx_word' id='word_1_546' title='bbox 2467 2251 2712 2323; x_wconf 78' lang='lat' dir='ltr'><strong>legitimo</strong></span> <span class='ocrx_word' id='word_1_547' title='bbox 2764 2271 2884 2311; x_wconf 88' lang='lat' dir='ltr'><strong>eam</strong></span> <span class='ocrx_word' id='word_1_548' title='bbox 2920 2259 3122 2314; x_wconf 87' lang='lat' dir='ltr'><strong>marito</strong></span> <span class='ocrx_word' id='word_1_549' title='bbox 3171 2274 3381 2329; x_wconf 85' lang='lat' dir='ltr'><strong>carere,</strong></span> <span class='ocrx_word' id='word_1_550' title='bbox 3438 2266 3532 2320; x_wconf 86' lang='lat' dir='ltr'><strong>sed</strong></span> 
     </span>
    </p>
   </div>
   <div class='ocr_carea' id='block_1_81' title="bbox 1962 2340 3532 2423">
    <p class='ocr_par' dir='ltr' id='par_1_81' title="bbox 1962 2340 3532 2423">
     <span class='ocr_line' id='line_1_81' title="bbox 1962 2340 3532 2423; baseline 0.011 -30"><span class='ocrx_word' id='word_1_551' title='bbox 1962 2340 2340 2408; x_wconf 87' lang='lat' dir='ltr'><strong>percontando</strong></span> <span class='ocrx_word' id='word_1_552' title='bbox 2372 2342 2441 2398; x_wconf 91' lang='lat' dir='ltr'><strong>de</strong></span> <span class='ocrx_word' id='word_1_553' title='bbox 2473 2345 2614 2410; x_wconf 81' lang='lat' dir='ltr'><strong>viro,</strong></span> <span class='ocrx_word' id='word_1_554' title='bbox 2658 2349 3014 2405; x_wconf 85' lang='lat' dir='ltr'><strong>occasionem</strong></span> <span class='ocrx_word' id='word_1_555' title='bbox 3051 2353 3268 2423; x_wconf 85' lang='lat' dir='ltr'><strong>cepisse</strong></span> <span class='ocrx_word' id='word_1_556' title='bbox 3316 2358 3532 2419; x_wconf 89' lang='lat' dir='ltr'><strong>occulta</strong></span> 
     </span>
    </p>
   </div>
   <div class='ocr_carea' id='block_1_82' title="bbox 1961 2431 3533 2514">
    <p class='ocr_par' dir='ltr' id='par_1_82' title="bbox 1961 2431 3533 2514">
     <span class='ocr_line' id='line_1_82' title="bbox 1961 2431 3533 2514; baseline 0.013 -30"><span class='ocrx_word' id='word_1_557' title='bbox 1961 2431 2284 2486; x_wconf 86' lang='lat' dir='ltr'><strong>revelandi?</strong></span> <span class='ocrx_word' id='word_1_558' title='bbox 2315 2432 2442 2490; x_wconf 75' lang='lat' dir='ltr'><strong>Haec</strong></span> <span class='ocrx_word' id='word_1_559' title='bbox 2475 2437 2622 2491; x_wconf 87' lang='lat' dir='ltr'><strong>enim</strong></span> <span class='ocrx_word' id='word_1_560' title='bbox 2648 2453 2759 2493; x_wconf 87' lang='lat' dir='ltr'><strong>una</strong></span> <span class='ocrx_word' id='word_1_561' title='bbox 2803 2442 2948 2496; x_wconf 87' lang='lat' dir='ltr'><strong>ratio</strong></span> <span class='ocrx_word' id='word_1_562' title='bbox 2977 2445 3377 2514; x_wconf 87' lang='lat' dir='ltr'><strong>propemodum</strong></span> <span class='ocrx_word' id='word_1_563' title='bbox 3415 2459 3533 2505; x_wconf 87' lang='lat' dir='ltr'><strong>erat</strong></span> 
     </span>
    </p>
   </div>
   <div class='ocr_carea' id='block_1_83' title="bbox 1962 2522 3532 2604">
    <p class='ocr_par' dir='ltr' id='par_1_83' title="bbox 1962 2522 3532 2604">
     <span class='ocr_line' id='line_1_83' title="bbox 1962 2522 3532 2604; baseline 0.013 -26"><span class='ocrx_word' id='word_1_564' title='bbox 1962 2522 2111 2582; x_wconf 86' lang='lat' dir='ltr'><strong>illius</strong></span> <span class='ocrx_word' id='word_1_565' title='bbox 2141 2526 2419 2597; x_wconf 75' lang='lat' dir='ltr'><strong>iuvandae,</strong></span> <span class='ocrx_word' id='word_1_566' title='bbox 2445 2531 2492 2586; x_wconf 94' lang='lat' dir='ltr'><strong>si</strong></span> <span class='ocrx_word' id='word_1_567' title='bbox 2527 2545 2638 2587; x_wconf 91' lang='lat' dir='ltr'><strong>non</strong></span> <span class='ocrx_word' id='word_1_568' title='bbox 2665 2533 2776 2604; x_wconf 88' lang='lat' dir='ltr'><strong>jam</strong></span> <span class='ocrx_word' id='word_1_569' title='bbox 2833 2551 2959 2591; x_wconf 89' lang='lat' dir='ltr'><strong>eum</strong></span> <span class='ocrx_word' id='word_1_570' title='bbox 2985 2547 3046 2593; x_wconf 87' lang='lat' dir='ltr'><strong>ut</strong></span> <span class='ocrx_word' id='word_1_571' title='bbox 3100 2555 3308 2596; x_wconf 92' lang='lat' dir='ltr'><strong>merum</strong></span> <span class='ocrx_word' id='word_1_572' title='bbox 3355 2543 3532 2600; x_wconf 63' lang='lat' dir='ltr'><strong>homi.</strong></span> 
     </span>
    </p>
   </div>
   <div class='ocr_carea' id='block_1_84' title="bbox 1962 2616 3531 2704">
    <p class='ocr_par' dir='ltr' id='par_1_84' title="bbox 1962 2616 3531 2704">
     <span class='ocr_line' id='line_1_84' title="bbox 1962 2616 3531 2704; baseline 0.014 -35"><span class='ocrx_word' id='word_1_573' title='bbox 1962 2630 2108 2682; x_wconf 90' lang='lat' dir='ltr'><strong>nem,</strong></span> <span class='ocrx_word' id='word_1_574' title='bbox 2139 2616 2237 2672; x_wconf 85' lang='lat' dir='ltr'><strong>sed</strong></span> <span class='ocrx_word' id='word_1_575' title='bbox 2269 2629 2327 2672; x_wconf 90' lang='lat' dir='ltr'><strong>ut</strong></span> <span class='ocrx_word' id='word_1_576' title='bbox 2361 2619 2579 2677; x_wconf 87' lang='lat' dir='ltr'><strong>homine</strong></span> <span class='ocrx_word' id='word_1_577' title='bbox 2597 2625 2936 2694; x_wconf 87' lang='lat' dir='ltr'><strong>superiorem</strong></span> <span class='ocrx_word' id='word_1_578' title='bbox 2983 2629 3371 2696; x_wconf 84' lang='lat' dir='ltr'><strong>admiraretur,</strong></span> <span class='ocrx_word' id='word_1_579' title='bbox 3405 2645 3531 2704; x_wconf 90' lang='lat' dir='ltr'><strong>puta</strong></span> 
     </span>
    </p>
   </div>
   <div class='ocr_carea' id='block_1_85' title="bbox 1961 2707 3532 2792">
    <p class='ocr_par' dir='ltr' id='par_1_85' title="bbox 1961 2707 3532 2792">
     <span class='ocr_line' id='line_1_85' title="bbox 1961 2707 3532 2792; baseline 0.011 -30"><span class='ocrx_word' id='word_1_580' title='bbox 1961 2707 2049 2762; x_wconf 90' lang='lat' dir='ltr'><strong>cui</strong></span> <span class='ocrx_word' id='word_1_581' title='bbox 2082 2707 2330 2764; x_wconf 89' lang='lat' dir='ltr'><strong>inaudito</strong></span> <span class='ocrx_word' id='word_1_582' title='bbox 2369 2711 2535 2768; x_wconf 90' lang='lat' dir='ltr'><strong>modo</strong></span> <span class='ocrx_word' id='word_1_583' title='bbox 2594 2729 2692 2770; x_wconf 85' lang='lat' dir='ltr'><strong>sua</strong></span> <span class='ocrx_word' id='word_1_584' title='bbox 2749 2731 2954 2772; x_wconf 89' lang='lat' dir='ltr'><strong>arcana</strong></span> <span class='ocrx_word' id='word_1_585' title='bbox 3007 2729 3278 2792; x_wconf 88' lang='lat' dir='ltr'><strong>paterent;</strong></span> <span class='ocrx_word' id='word_1_586' title='bbox 3327 2726 3532 2782; x_wconf 83' lang='lat' dir='ltr'><strong>utiliter</strong></span> 
     </span>
    </p>
   </div>
   <div class='ocr_carea' id='block_1_86' title="bbox 1961 2807 3532 2882">
    <p class='ocr_par' dir='ltr' id='par_1_86' title="bbox 1961 2807 3532 2882">
     <span class='ocr_line' id='line_1_86' title="bbox 1961 2807 3532 2882; baseline 0.015 -30"><span class='ocrx_word' id='word_1_587' title='bbox 1961 2807 2145 2855; x_wconf 87' lang='lat' dir='ltr'><strong>autem</strong></span> <span class='ocrx_word' id='word_1_588' title='bbox 2175 2816 2506 2872; x_wconf 88' lang='lat' dir='ltr'><strong>responsum</strong></span> <span class='ocrx_word' id='word_1_589' title='bbox 2539 2807 2662 2877; x_wconf 87' lang='lat' dir='ltr'><strong>ejus</strong></span> <span class='ocrx_word' id='word_1_590' title='bbox 2691 2809 2888 2877; x_wconf 88' lang='lat' dir='ltr'><strong>probat</strong></span> <span class='ocrx_word' id='word_1_591' title='bbox 2950 2827 3061 2882; x_wconf 92' lang='lat' dir='ltr'><strong>quo</strong></span> <span class='ocrx_word' id='word_1_592' title='bbox 3099 2814 3237 2869; x_wconf 81' lang='lat' dir='ltr'><strong>dixit</strong></span> <span class='ocrx_word' id='word_1_593' title='bbox 3264 2817 3440 2872; x_wconf 85' lang='lat' dir='ltr'><strong>virum</strong></span> <span class='ocrx_word' id='word_1_594' title='bbox 3474 2834 3532 2875; x_wconf 86' lang='lat' dir='ltr'><strong>se</strong></span> 
     </span>
    </p>
   </div>
   <div class='ocr_carea' id='block_1_87' title="bbox 1961 2894 3530 2980">
    <p class='ocr_par' dir='ltr' id='par_1_87' title="bbox 1961 2894 3530 2980">
     <span class='ocr_line' id='line_1_87' title="bbox 1961 2894 3530 2980; baseline 0.013 -35"><span class='ocrx_word' id='word_1_595' title='bbox 1961 2907 2071 2947; x_wconf 90' lang='lat' dir='ltr'><strong>non</strong></span> <span class='ocrx_word' id='word_1_596' title='bbox 2104 2894 2326 2960; x_wconf 87' lang='lat' dir='ltr'><strong>habere,</strong></span> <span class='ocrx_word' id='word_1_597' title='bbox 2356 2899 2571 2954; x_wconf 86' lang='lat' dir='ltr'><strong>tametsi</strong></span> <span class='ocrx_word' id='word_1_598' title='bbox 2605 2914 2635 2954; x_wconf 90' lang='lat' dir='ltr'><strong>a</strong></span> <span class='ocrx_word' id='word_1_599' title='bbox 2666 2908 2774 2955; x_wconf 89' lang='lat' dir='ltr'><strong>tam</strong></span> <span class='ocrx_word' id='word_1_600' title='bbox 2809 2904 2996 2959; x_wconf 91' lang='lat' dir='ltr'><strong>multis</strong></span> <span class='ocrx_word' id='word_1_601' title='bbox 3029 2904 3204 2961; x_wconf 78' lang='lat' dir='ltr'><strong>fuerat</strong></span> <span class='ocrx_word' id='word_1_602' title='bbox 3254 2918 3530 2980; x_wconf 87' lang='lat' dir='ltr'><strong>corrupta;</strong></span> 
     </span>
    </p>
   </div>
   <div class='ocr_carea' id='block_1_88' title="bbox 1959 2987 3531 3065">
    <p class='ocr_par' dir='ltr' id='par_1_88' title="bbox 1959 2987 3531 3065">
     <span class='ocr_line' id='line_1_88' title="bbox 1959 2987 3531 3065; baseline 0.012 -28"><span class='ocrx_word' id='word_1_603' title='bbox 1959 2998 2067 3038; x_wconf 88' lang='lat' dir='ltr'><strong>non</strong></span> <span class='ocrx_word' id='word_1_604' title='bbox 2085 2987 2228 3040; x_wconf 87' lang='lat' dir='ltr'><strong>enim</strong></span> <span class='ocrx_word' id='word_1_605' title='bbox 2247 2988 2342 3056; x_wconf 91' lang='lat' dir='ltr'><strong>qui</strong></span> <span class='ocrx_word' id='word_1_606' title='bbox 2359 3003 2418 3041; x_wconf 74' lang='lat' dir='ltr'><strong>ex</strong></span> <span class='ocrx_word' id='word_1_607' title='bbox 2444 2990 2722 3060; x_wconf 85' lang='lat' dir='ltr'><strong>voluptate</strong></span> <span class='ocrx_word' id='word_1_608' title='bbox 2735 2992 3003 3061; x_wconf 79' lang='lat' dir='ltr'><strong>Iltcoitus,</strong></span> <span class='ocrx_word' id='word_1_609' title='bbox 3018 2997 3109 3051; x_wconf 89' lang='lat' dir='ltr'><strong>sed</strong></span> <span class='ocrx_word' id='word_1_610' title='bbox 3125 2997 3216 3065; x_wconf 90' lang='lat' dir='ltr'><strong>qui</strong></span> <span class='ocrx_word' id='word_1_611' title='bbox 3233 3001 3531 3056; x_wconf 90' lang='lat' dir='ltr'><strong>secundum</strong></span> 
     </span>
    </p>
   </div>
   <div class='ocr_carea' id='block_1_89' title="bbox 1961 3075 3529 3152">
    <p class='ocr_par' dir='ltr' id='par_1_89' title="bbox 1961 3075 3529 3152">
     <span class='ocr_line' id='line_1_89' title="bbox 1961 3075 3529 3152; baseline 0.013 -22"><span class='ocrx_word' id='word_1_612' title='bbox 1961 3075 2131 3147; x_wconf 77' lang='lat' dir='ltr'><strong>legem</strong></span> <span class='ocrx_word' id='word_1_613' title='bbox 2162 3085 2247 3132; x_wconf 85' lang='lat' dir='ltr'><strong>est</strong></span> <span class='ocrx_word' id='word_1_614' title='bbox 2277 3094 2608 3146; x_wconf 71' lang='lat' dir='ltr'><strong>consensus,</strong></span> <span class='ocrx_word' id='word_1_615' title='bbox 2636 3090 2690 3136; x_wconf 90' lang='lat' dir='ltr'><strong>et</strong></span> <span class='ocrx_word' id='word_1_616' title='bbox 2715 3098 2836 3152; x_wconf 66' lang='grc' dir='ltr'><strong>(1υὲ</strong></span> <span class='ocrx_word' id='word_1_617' title='bbox 2885 3101 2950 3140; x_wconf 81' lang='lat' dir='ltr'><strong>ex</strong></span> <span class='ocrx_word' id='word_1_618' title='bbox 2981 3096 3138 3142; x_wconf 70' lang='lat'><strong>(33510</strong></span> <span class='ocrx_word' id='word_1_619' title='bbox 3182 3103 3374 3148; x_wconf 87' lang='lat' dir='ltr'><strong>amore</strong></span> <span class='ocrx_word' id='word_1_620' title='bbox 3404 3108 3529 3149; x_wconf 75' lang='grc' dir='ltr'>οοη·</span> 
     </span>
    </p>
   </div>
   <div class='ocr_carea' id='block_1_90' title="bbox 1955 3169 3338 3248">
    <p class='ocr_par' dir='ltr' id='par_1_90' title="bbox 1955 3169 3338 3248">
     <span class='ocr_line' id='line_1_90' title="bbox 1955 3169 3338 3248; baseline 0.011 -25"><span class='ocrx_word' id='word_1_621' title='bbox 1955 3169 2173 3240; x_wconf 86' lang='lat' dir='ltr'><strong>junctio</strong></span> <span class='ocrx_word' id='word_1_622' title='bbox 2201 3173 2440 3234; x_wconf 80' lang='lat' dir='ltr'><strong>exsistit.</strong></span> <span class='ocrx_word' id='word_1_623' title='bbox 2477 3172 2790 3244; x_wconf 88' lang='lat' dir='ltr'><strong>inculpatas</strong></span> <span class='ocrx_word' id='word_1_624' title='bbox 2824 3179 3049 3248; x_wconf 81' lang='lat' dir='ltr'><strong>nuptias</strong></span> <span class='ocrx_word' id='word_1_625' title='bbox 3077 3181 3338 3238; x_wconf 75' lang='lat' dir='ltr'><strong>elﬁciunt.</strong></span> 
     </span>
    </p>
   </div>
   <div class='ocr_carea' id='block_1_91' title="bbox 2028 3260 3306 3340">
    <p class='ocr_par' dir='ltr' id='par_1_91' title="bbox 2028 3260 3306 3340">
     <span class='ocr_line' id='line_1_91' title="bbox 2028 3260 3306 3340; baseline 0.013 -26"><span class='ocrx_word' id='word_1_626' title='bbox 2028 3260 2119 3325; x_wconf 82' lang='lat' dir='ltr'><strong>IV,</strong></span> <span class='ocrx_word' id='word_1_627' title='bbox 2151 3263 2237 3318; x_wconf 79' lang='lat' dir='ltr'><strong>I9.</strong></span> <span class='ocrx_word' id='word_1_628' title='bbox 2284 3264 2525 3333; x_wconf 84' lang='lat' dir='ltr'><strong>Domine,</strong></span> <span class='ocrx_word' id='word_1_629' title='bbox 2561 3266 2708 3322; x_wconf 81' lang='lat' dir='ltr'><strong>uideo</strong></span> <span class='ocrx_word' id='word_1_630' title='bbox 2736 3271 2861 3340; x_wconf 85' lang='lat' dir='ltr'><strong>quia</strong></span> <span class='ocrx_word' id='word_1_631' title='bbox 2884 3273 3132 3340; x_wconf 83' lang='lat' dir='ltr'><strong>propheta</strong></span> <span class='ocrx_word' id='word_1_632' title='bbox 3152 3291 3206 3329; x_wconf 87' lang='lat' dir='ltr'><strong>es</strong></span> <span class='ocrx_word' id='word_1_633' title='bbox 3230 3285 3306 3332; x_wconf 91' lang='lat' dir='ltr'><strong>tu.</strong></span> 
     </span>
    </p>
   </div>
   <div class='ocr_carea' id='block_1_92' title="bbox 2027 3353 3524 3431">
    <p class='ocr_par' dir='ltr' id='par_1_92' title="bbox 2027 3353 3524 3431">
     <span class='ocr_line' id='line_1_92' title="bbox 2027 3353 3524 3431; baseline 0.013 -23"><span class='ocrx_word' id='word_1_634' title='bbox 2027 3353 2269 3412; x_wconf 90' lang='lat' dir='ltr'><strong>Tandem</strong></span> <span class='ocrx_word' id='word_1_635' title='bbox 2306 3358 2374 3412; x_wconf 91' lang='lat' dir='ltr'><strong>ad</strong></span> <span class='ocrx_word' id='word_1_636' title='bbox 2406 3360 2775 3430; x_wconf 78' lang='lat' dir='ltr'><strong>cognitionem</strong></span> <span class='ocrx_word' id='word_1_637' title='bbox 2834 3365 3056 3431; x_wconf 88' lang='lat' dir='ltr'><strong>emicat,</strong></span> <span class='ocrx_word' id='word_1_638' title='bbox 3093 3367 3190 3421; x_wconf 87' lang='lat' dir='ltr'><strong>scd</strong></span> <span class='ocrx_word' id='word_1_639' title='bbox 3221 3384 3342 3423; x_wconf 83' lang='lat' dir='ltr'><strong>eam</strong></span> <span class='ocrx_word' id='word_1_640' title='bbox 3398 3385 3524 3426; x_wconf 85' lang='lat' dir='ltr'><strong>non-</strong></span> 
     </span>
    </p>
   </div>
   <div class='ocr_carea' id='block_1_93' title="bbox 1956 3447 3528 3532">
    <p class='ocr_par' dir='ltr' id='par_1_93' title="bbox 1956 3447 3528 3532">
     <span class='ocr_line' id='line_1_93' title="bbox 1956 3447 3528 3532; baseline 0.011 -31"><span class='ocrx_word' id='word_1_641' title='bbox 1956 3448 2086 3502; x_wconf 92' lang='lat' dir='ltr'><strong>dum</strong></span> <span class='ocrx_word' id='word_1_642' title='bbox 2123 3447 2439 3518; x_wconf 80' lang='lat' dir='ltr'><strong>perfectam.</strong></span> <span class='ocrx_word' id='word_1_643' title='bbox 2476 3450 2807 3524; x_wconf 88' lang='lat' dir='ltr'><strong>Prophetam</strong></span> <span class='ocrx_word' id='word_1_644' title='bbox 2839 3456 3042 3511; x_wconf 89' lang='lat' dir='ltr'><strong>etenim</strong></span> <span class='ocrx_word' id='word_1_645' title='bbox 3085 3457 3269 3516; x_wconf 85' lang='lat' dir='ltr'><strong>adhuc</strong></span> <span class='ocrx_word' id='word_1_646' title='bbox 3299 3464 3528 3532; x_wconf 87' lang='lat' dir='ltr'><strong>appellat</strong></span> 
     </span>
    </p>
   </div>
   <div class='ocr_carea' id='block_1_94' title="bbox 1955 3539 3530 3608">
    <p class='ocr_par' dir='ltr' id='par_1_94' title="bbox 1955 3539 3530 3608">
     <span class='ocr_line' id='line_1_94' title="bbox 1955 3539 3530 3608; baseline 0.01 -16"><span class='ocrx_word' id='word_1_647' title='bbox 1955 3539 2350 3608; x_wconf 85' lang='lat' dir='ltr'><strong>prophetarum</strong></span> <span class='ocrx_word' id='word_1_648' title='bbox 2379 3539 2705 3598; x_wconf 89' lang='lat' dir='ltr'><strong>Dominum:</strong></span> <span class='ocrx_word' id='word_1_649' title='bbox 2731 3545 2926 3601; x_wconf 87' lang='lat' dir='ltr'><strong>melior</strong></span> <span class='ocrx_word' id='word_1_650' title='bbox 2949 3555 3132 3602; x_wconf 86' lang='lat' dir='ltr'><strong>tamen</strong></span> <span class='ocrx_word' id='word_1_651' title='bbox 3163 3551 3366 3605; x_wconf 90' lang='lat' dir='ltr'><strong>sensitn</strong></span> <span class='ocrx_word' id='word_1_652' title='bbox 3392 3553 3530 3608; x_wconf 83' lang='lat' dir='ltr'><strong>facta</strong></span> 
     </span>
    </p>
   </div>
   <div class='ocr_carea' id='block_1_95' title="bbox 1955 3631 3528 3707">
    <p class='ocr_par' dir='ltr' id='par_1_95' title="bbox 1955 3631 3528 3707">
     <span class='ocr_line' id='line_1_95' title="bbox 1955 3631 3528 3707; baseline 0.01 -26"><span class='ocrx_word' id='word_1_653' title='bbox 1955 3637 2038 3682; x_wconf 86' lang='lat' dir='ltr'><strong>est</strong></span> <span class='ocrx_word' id='word_1_654' title='bbox 2074 3644 2237 3699; x_wconf 91' lang='lat' dir='ltr'><strong>quam</strong></span> <span class='ocrx_word' id='word_1_655' title='bbox 2267 3631 2444 3699; x_wconf 89' lang='lat' dir='ltr'><strong>prius,</strong></span> <span class='ocrx_word' id='word_1_656' title='bbox 2469 3631 2625 3685; x_wconf 86' lang='lat' dir='ltr'><strong>nullo</strong></span> <span class='ocrx_word' id='word_1_657' title='bbox 2645 3632 2862 3702; x_wconf 89' lang='lat' dir='ltr'><strong>quidem</strong></span> <span class='ocrx_word' id='word_1_658' title='bbox 2888 3635 3050 3690; x_wconf 85' lang='lat' dir='ltr'><strong>ntodo</strong></span> <span class='ocrx_word' id='word_1_659' title='bbox 3074 3638 3528 3707; x_wconf 76' lang='lat' dir='ltr'><strong>reprehensiones</strong></span> 
     </span>
    </p>
   </div>
   <div class='ocr_carea' id='block_1_96' title="bbox 1953 3719 3527 3798">
    <p class='ocr_par' dir='ltr' id='par_1_96' title="bbox 1953 3719 3527 3798">
     <span class='ocr_line' id='line_1_96' title="bbox 1953 3719 3527 3798; baseline 0.005 -23"><span class='ocrx_word' id='word_1_660' title='bbox 1953 3735 2096 3791; x_wconf 67' lang='lat' dir='ltr'><strong>aegre</strong></span> <span class='ocrx_word' id='word_1_661' title='bbox 2126 3719 2331 3785; x_wconf 90' lang='lat' dir='ltr'><strong>ferens,</strong></span> <span class='ocrx_word' id='word_1_662' title='bbox 2365 3722 2459 3777; x_wconf 87' lang='lat' dir='ltr'><strong>sed</strong></span> <span class='ocrx_word' id='word_1_663' title='bbox 2491 3723 2740 3777; x_wconf 88' lang='lat' dir='ltr'><strong>miraculi</strong></span> <span class='ocrx_word' id='word_1_664' title='bbox 2776 3725 2884 3779; x_wconf 93' lang='lat' dir='ltr'><strong>vim</strong></span> <span class='ocrx_word' id='word_1_665' title='bbox 2916 3726 3124 3781; x_wconf 85' lang='lat' dir='ltr'><strong>utiliter</strong></span> <span class='ocrx_word' id='word_1_666' title='bbox 3152 3729 3446 3798; x_wconf 89' lang='lat' dir='ltr'><strong>arripiens,</strong></span> <span class='ocrx_word' id='word_1_667' title='bbox 3476 3741 3527 3785; x_wconf 88' lang='lat' dir='ltr'><strong>et</strong></span> 
     </span>
    </p>
   </div>
   <div class='ocr_carea' id='block_1_97' title="bbox 1953 3810 3531 3881">
    <p class='ocr_par' dir='ltr' id='par_1_97' title="bbox 1953 3810 3531 3881">
     <span class='ocr_line' id='line_1_97' title="bbox 1953 3810 3531 3881; baseline 0.008 -17"><span class='ocrx_word' id='word_1_668' title='bbox 1953 3825 2078 3864; x_wconf 90' lang='lat' dir='ltr'><strong>cum</strong></span> <span class='ocrx_word' id='word_1_669' title='bbox 2118 3810 2220 3864; x_wconf 89' lang='lat' dir='ltr'><strong>hac</strong></span> <span class='ocrx_word' id='word_1_670' title='bbox 2250 3812 2465 3865; x_wconf 89' lang='lat' dir='ltr'><strong>ratione</strong></span> <span class='ocrx_word' id='word_1_671' title='bbox 2512 3812 2729 3867; x_wconf 88' lang='lat' dir='ltr'><strong>mollem</strong></span> <span class='ocrx_word' id='word_1_672' title='bbox 2765 3814 3010 3868; x_wconf 86' lang='lat' dir='ltr'><strong>animum</strong></span> <span class='ocrx_word' id='word_1_673' title='bbox 3058 3818 3323 3881; x_wconf 83' lang='lat' dir='ltr'><strong>excutiat,</strong></span> <span class='ocrx_word' id='word_1_674' title='bbox 3377 3820 3531 3876; x_wconf 84' lang='lat' dir='ltr'><strong>tarde</strong></span> 
     </span>
    </p>
   </div>
   <div class='ocr_carea' id='block_1_98' title="bbox 1952 3902 3528 3976">
    <p class='ocr_par' dir='ltr' id='par_1_98' title="bbox 1952 3902 3528 3976">
     <span class='ocr_line' id='line_1_98' title="bbox 1952 3902 3528 3976; baseline 0.008 -20"><span class='ocrx_word' id='word_1_675' title='bbox 1952 3902 2315 3958; x_wconf 88' lang='lat' dir='ltr'><strong>nihilominus</strong></span> <span class='ocrx_word' id='word_1_676' title='bbox 2349 3902 2511 3974; x_wconf 66' lang='lat'><strong>184</strong></span> <span class='ocrx_word' id='word_1_677' title='bbox 2537 3903 2603 3957; x_wconf 90' lang='lat' dir='ltr'><strong>ad</strong></span> <span class='ocrx_word' id='word_1_678' title='bbox 2652 3905 2909 3960; x_wconf 88' lang='lat' dir='ltr'><strong>virtutem</strong></span> <span class='ocrx_word' id='word_1_679' title='bbox 2949 3908 3220 3976; x_wconf 87' lang='lat' dir='ltr'><strong>ascendit,</strong></span> <span class='ocrx_word' id='word_1_680' title='bbox 3251 3921 3305 3966; x_wconf 91' lang='lat' dir='ltr'><strong>et</strong></span> <span class='ocrx_word' id='word_1_681' title='bbox 3343 3913 3528 3969; x_wconf 83' lang='lat' dir='ltr'><strong>cordis</strong></span> 
     </span>
    </p>
   </div>
   <div class='ocr_carea' id='block_1_99' title="bbox 1950 3996 3524 4072">
    <p class='ocr_par' dir='ltr' id='par_1_99' title="bbox 1950 3996 3524 4072">
     <span class='ocr_line' id='line_1_99' title="bbox 1950 3996 3524 4072; baseline 0.008 -22"><span class='ocrx_word' id='word_1_682' title='bbox 1950 3996 2170 4050; x_wconf 87' lang='lat' dir='ltr'><strong>oculum</strong></span> <span class='ocrx_word' id='word_1_683' title='bbox 2204 3996 2269 4051; x_wconf 90' lang='lat' dir='ltr'><strong>ad</strong></span> <span class='ocrx_word' id='word_1_684' title='bbox 2295 3997 2623 4051; x_wconf 90' lang='lat' dir='ltr'><strong>inusitatum</strong></span> <span class='ocrx_word' id='word_1_685' title='bbox 2655 4013 2840 4053; x_wconf 91' lang='lat' dir='ltr'><strong>rerum</strong></span> <span class='ocrx_word' id='word_1_686' title='bbox 2864 4003 3242 4072; x_wconf 83' lang='lat' dir='ltr'><strong>spectaculum</strong></span> <span class='ocrx_word' id='word_1_687' title='bbox 3267 4006 3524 4063; x_wconf 86' lang='lat' dir='ltr'><strong>intendit.</strong></span> 
     </span>
    </p>
   </div>
   <div class='ocr_carea' id='block_1_100' title="bbox 1937 4085 3525 4160">
    <p class='ocr_par' dir='ltr' id='par_1_100' title="bbox 1937 4085 3525 4160">
     <span class='ocr_line' id='line_1_100' title="bbox 1937 4085 3525 4160; baseline 0.009 -20"><span class='ocrx_word' id='word_1_688' title='bbox 1937 4085 2008 4140; x_wconf 83' lang='lat' dir='ltr'><strong>In</strong></span> <span class='ocrx_word' id='word_1_689' title='bbox 2048 4101 2157 4156; x_wconf 93' lang='lat' dir='ltr'><strong>quo</strong></span> <span class='ocrx_word' id='word_1_690' title='bbox 2194 4087 2385 4141; x_wconf 86' lang='lat' dir='ltr'><strong>mirari</strong></span> <span class='ocrx_word' id='word_1_691' title='bbox 2423 4087 2615 4158; x_wconf 85' lang='lat' dir='ltr'><strong>utique</strong></span> <span class='ocrx_word' id='word_1_692' title='bbox 2658 4088 2819 4144; x_wconf 89' lang='lat' dir='ltr'><strong>decet</strong></span> <span class='ocrx_word' id='word_1_693' title='bbox 2856 4090 3159 4150; x_wconf 87' lang='lat' dir='ltr'><strong>Salvatoris</strong></span> <span class='ocrx_word' id='word_1_694' title='bbox 3190 4097 3366 4152; x_wconf 89' lang='lat' dir='ltr'><strong>nostri</strong></span> <span class='ocrx_word' id='word_1_695' title='bbox 3413 4099 3525 4160; x_wconf 71' lang='lat' dir='ltr'><strong>cle:</strong></span> 
     </span>
    </p>
   </div>
   <div class='ocr_carea' id='block_1_101' title="bbox 1951 4178 3525 4252">
    <p class='ocr_par' dir='ltr' id='par_1_101' title="bbox 1951 4178 3525 4252">
     <span class='ocr_line' id='line_1_101' title="bbox 1951 4178 3525 4252; baseline 0.009 -21"><span class='ocrx_word' id='word_1_696' title='bbox 1951 4179 2206 4233; x_wconf 84' lang='lat' dir='ltr'><strong>mentiam</strong></span> <span class='ocrx_word' id='word_1_697' title='bbox 2240 4178 2404 4233; x_wconf 90' lang='lat' dir='ltr'><strong>simul</strong></span> <span class='ocrx_word' id='word_1_698' title='bbox 2448 4186 2502 4235; x_wconf 91' lang='lat' dir='ltr'><strong>et</strong></span> <span class='ocrx_word' id='word_1_699' title='bbox 2535 4180 2814 4246; x_wconf 86' lang='lat' dir='ltr'><strong>virtutem,</strong></span> <span class='ocrx_word' id='word_1_700' title='bbox 2851 4181 2944 4252; x_wconf 90' lang='lat' dir='ltr'><strong>qui</strong></span> <span class='ocrx_word' id='word_1_701' title='bbox 3005 4183 3172 4240; x_wconf 86' lang='lat' dir='ltr'><strong>rudes</strong></span> <span class='ocrx_word' id='word_1_702' title='bbox 3205 4193 3420 4245; x_wconf 80' lang='lat' dir='ltr'><strong>animos</strong></span> <span class='ocrx_word' id='word_1_703' title='bbox 3468 4193 3525 4244; x_wconf 84' lang='lat' dir='ltr'><strong>lu</strong></span> 
     </span>
    </p>
   </div>
   <div class='ocr_carea' id='block_1_102' title="bbox 1949 4271 3163 4335">
    <p class='ocr_par' dir='ltr' id='par_1_102' title="bbox 1949 4271 3163 4335">
     <span class='ocr_line' id='line_1_102' title="bbox 1949 4271 3163 4335; baseline 0.007 -9"><span class='ocrx_word' id='word_1_704' title='bbox 1949 4271 2323 4326; x_wconf 86' lang='lat' dir='ltr'><strong>admirabilem</strong></span> <span class='ocrx_word' id='word_1_705' title='bbox 2366 4281 2569 4328; x_wconf 84' lang='lat' dir='ltr'><strong>statum</strong></span> <span class='ocrx_word' id='word_1_706' title='bbox 2601 4271 2760 4329; x_wconf 78' lang='lat' dir='ltr'><strong>facile</strong></span> <span class='ocrx_word' id='word_1_707' title='bbox 2785 4273 3163 4335; x_wconf 83' lang='lat' dir='ltr'><strong>transformat.</strong></span> 
     </span>
    </p>
   </div>
   <div class='ocr_carea' id='block_1_103' title="bbox 2019 4534 3519 4618">
    <p class='ocr_par' dir='ltr' id='par_1_103' title="bbox 2019 4534 3519 4618">
     <span class='ocr_line' id='line_1_103' title="bbox 2019 4534 3519 4618; baseline 0.009 -28"><span class='ocrx_word' id='word_1_708' title='bbox 2019 4534 2112 4600; x_wconf 82' lang='lat' dir='ltr'><strong>IV,</strong></span> <span class='ocrx_word' id='word_1_709' title='bbox 2135 4535 2228 4591; x_wconf 68' lang='grc' dir='ltr'>ει).</span> <span class='ocrx_word' id='word_1_710' title='bbox 2259 4534 2452 4590; x_wconf 87' lang='lat' dir='ltr'><strong>Patres</strong></span> <span class='ocrx_word' id='word_1_711' title='bbox 2487 4537 2663 4592; x_wconf 81' lang='lat' dir='ltr'><strong>nostri</strong></span> <span class='ocrx_word' id='word_1_712' title='bbox 2700 4538 2754 4592; x_wconf 81' lang='lat' dir='ltr'><strong>in</strong></span> <span class='ocrx_word' id='word_1_713' title='bbox 2789 4547 2965 4594; x_wconf 80' lang='lat' dir='ltr'><strong>monte</strong></span> <span class='ocrx_word' id='word_1_714' title='bbox 3010 4539 3108 4596; x_wconf 88' lang='lat' dir='ltr'><strong>hoc</strong></span> <span class='ocrx_word' id='word_1_715' title='bbox 3143 4542 3519 4618; x_wconf 71' lang='lat' dir='ltr'><strong>adoraaerunt,</strong></span> 
     </span>
    </p>
   </div>
   <div class='ocr_carea' id='block_1_104' title="bbox 1947 4627 3523 4713">
    <p class='ocr_par' dir='ltr' id='par_1_104' title="bbox 1947 4627 3523 4713">
     <span class='ocr_line' id='line_1_104' title="bbox 1947 4627 3523 4713; baseline 0.009 -31"><span class='ocrx_word' id='word_1_716' title='bbox 1947 4637 1998 4682; x_wconf 88' lang='lat' dir='ltr'><strong>et</strong></span> <span class='ocrx_word' id='word_1_717' title='bbox 2046 4643 2134 4682; x_wconf 84' lang='lat' dir='ltr'><strong>vos</strong></span> <span class='ocrx_word' id='word_1_718' title='bbox 2177 4627 2396 4692; x_wconf 75' lang='lat' dir='ltr'><strong>dicitis,</strong></span> <span class='ocrx_word' id='word_1_719' title='bbox 2451 4628 2578 4698; x_wconf 84' lang='lat' dir='ltr'><strong>quia</strong></span> <span class='ocrx_word' id='word_1_720' title='bbox 2628 4628 3017 4702; x_wconf 79' lang='lat' dir='ltr'><strong>Hierosolymis</strong></span> <span class='ocrx_word' id='word_1_721' title='bbox 3080 4643 3176 4713; x_wconf 40' lang='lat' dir='ltr'><strong>est,</strong></span> <span class='ocrx_word' id='word_1_722' title='bbox 3209 4635 3390 4708; x_wconf 78' lang='lat' dir='ltr'><strong>locus,</strong></span> <span class='ocrx_word' id='word_1_723' title='bbox 3435 4643 3523 4696; x_wconf 83' lang='lat' dir='ltr'><strong>ubi</strong></span> 
     </span>
    </p>
   </div>
   <div class='ocr_carea' id='block_1_105' title="bbox 1947 4721 2886 4790">
    <p class='ocr_par' dir='ltr' id='par_1_105' title="bbox 1947 4721 2886 4790">
     <span class='ocr_line' id='line_1_105' title="bbox 1947 4721 2886 4790; baseline 0.004 -14"><span class='ocrx_word' id='word_1_724' title='bbox 1947 4721 2174 4776; x_wconf 85' lang='lat' dir='ltr'><strong>adorare</strong></span> <span class='ocrx_word' id='word_1_725' title='bbox 2197 4731 2419 4790; x_wconf 83' lang='lat' dir='ltr'><strong>oportet.</strong></span> <span class='ocrx_word' id='word_1_726' title='bbox 2445 4721 2590 4776; x_wconf 85' lang='lat' dir='ltr'><strong>Dicit</strong></span> <span class='ocrx_word' id='word_1_727' title='bbox 2622 4723 2672 4777; x_wconf 90' lang='lat' dir='ltr'><strong>ei</strong></span> <span class='ocrx_word' id='word_1_728' title='bbox 2708 4721 2886 4781; x_wconf 78' lang='lat' dir='ltr'><strong>Iesus.</strong></span> 
     </span>
    </p>
   </div>
   <div class='ocr_carea' id='block_1_106' title="bbox 2015 4896 3521 4977">
    <p class='ocr_par' dir='ltr' id='par_1_106' title="bbox 2015 4896 3521 4977">
     <span class='ocr_line' id='line_1_106' title="bbox 2015 4896 3521 4977; baseline 0.007 -25"><span class='ocrx_word' id='word_1_729' title='bbox 2015 4897 2153 4952; x_wconf 82' lang='lat' dir='ltr'><strong>Cum</strong></span> <span class='ocrx_word' id='word_1_730' title='bbox 2195 4896 2486 4953; x_wconf 89' lang='lat' dir='ltr'><strong>Dominum</strong></span> <span class='ocrx_word' id='word_1_731' title='bbox 2527 4912 2718 4953; x_wconf 85' lang='lat' dir='ltr'><strong>revera</strong></span> <span class='ocrx_word' id='word_1_732' title='bbox 2749 4900 3078 4971; x_wconf 86' lang='lat' dir='ltr'><strong>prophetam</strong></span> <span class='ocrx_word' id='word_1_733' title='bbox 3110 4918 3254 4966; x_wconf 87' lang='lat' dir='ltr'><strong>esse,</strong></span> <span class='ocrx_word' id='word_1_734' title='bbox 3285 4918 3521 4977; x_wconf 80' lang='lat' dir='ltr'><strong>eumque</strong></span> 
     </span>
    </p>
   </div>
   <div class='ocr_carea' id='block_1_107' title="bbox 1943 4982 3520 5064">
    <p class='ocr_par' dir='ltr' id='par_1_107' title="bbox 1943 4982 3520 5064">
     <span class='ocr_line' id='line_1_107' title="bbox 1943 4982 3520 5064; baseline 0.008 -26"><span class='ocrx_word' id='word_1_735' title='bbox 1943 4982 2198 5040; x_wconf 64' lang='lat' dir='ltr'><strong>ludorum</strong></span> <span class='ocrx_word' id='word_1_736' title='bbox 2237 4984 2536 5052; x_wconf 57' lang='lat' dir='ltr'><strong>existiu&#39;tet,</strong></span> <span class='ocrx_word' id='word_1_737' title='bbox 2567 4986 2764 5054; x_wconf 87' lang='lat' dir='ltr'><strong>patriis</strong></span> <span class='ocrx_word' id='word_1_738' title='bbox 2796 4988 2997 5046; x_wconf 87' lang='lat' dir='ltr'><strong>ritibus</strong></span> <span class='ocrx_word' id='word_1_739' title='bbox 3023 4989 3224 5046; x_wconf 90' lang='lat' dir='ltr'><strong>mirum</strong></span> <span class='ocrx_word' id='word_1_740' title='bbox 3254 5002 3520 5064; x_wconf 85' lang='lat' dir='ltr'><strong>quantum</strong></span> 
     </span>
    </p>
   </div>
   <div class='ocr_carea' id='block_1_108' title="bbox 1945 5076 3520 5158">
    <p class='ocr_par' dir='ltr' id='par_1_108' title="bbox 1945 5076 3520 5158">
     <span class='ocr_line' id='line_1_108' title="bbox 1945 5076 3520 5158; baseline 0.008 -27"><span class='ocrx_word' id='word_1_741' title='bbox 1945 5077 2234 5150; x_wconf 72' lang='lat' dir='ltr'><strong>gloriatur,</strong></span> <span class='ocrx_word' id='word_1_742' title='bbox 2282 5085 2339 5132; x_wconf 89' lang='lat' dir='ltr'><strong>et</strong></span> <span class='ocrx_word' id='word_1_743' title='bbox 2402 5076 2783 5136; x_wconf 83' lang='lat' dir='ltr'><strong>Samaritanos</strong></span> <span class='ocrx_word' id='word_1_744' title='bbox 2833 5084 3036 5138; x_wconf 88' lang='lat' dir='ltr'><strong>asserit</strong></span> <span class='ocrx_word' id='word_1_745' title='bbox 3089 5085 3253 5158; x_wconf 72' lang='lat' dir='ltr'><strong>longe</strong></span> <span class='ocrx_word' id='word_1_746' title='bbox 3306 5089 3520 5157; x_wconf 90' lang='lat' dir='ltr'><strong>potiora</strong></span> 
     </span>
    </p>
   </div>
   <div class='ocr_carea' id='block_1_109' title="bbox 1946 5168 3521 5245">
    <p class='ocr_par' dir='ltr' id='par_1_109' title="bbox 1946 5168 3521 5245">
     <span class='ocr_line' id='line_1_109' title="bbox 1946 5168 3521 5245; baseline 0.01 -21"><span class='ocrx_word' id='word_1_747' title='bbox 1946 5170 2209 5224; x_wconf 87' lang='lat' dir='ltr'><strong>statuisse</strong></span> <span class='ocrx_word' id='word_1_748' title='bbox 2233 5184 2398 5238; x_wconf 82' lang='lat' dir='ltr'><strong>quam</strong></span> <span class='ocrx_word' id='word_1_749' title='bbox 2437 5168 2682 5226; x_wconf 52' lang='lat' dir='ltr'><strong>Juda‘os.</strong></span> <span class='ocrx_word' id='word_1_750' title='bbox 2713 5169 2888 5228; x_wconf 70' lang='lat' dir='ltr'><strong>Judaei</strong></span> <span class='ocrx_word' id='word_1_751' title='bbox 2921 5176 3126 5245; x_wconf 87' lang='lat' dir='ltr'><strong>quippe</strong></span> <span class='ocrx_word' id='word_1_752' title='bbox 3153 5179 3521 5239; x_wconf 89' lang='lat' dir='ltr'><strong>crassioribus</strong></span> 
     </span>
    </p>
   </div>
   <div class='ocr_carea' id='block_1_110' title="bbox 1944 5257 3521 5336">
    <p class='ocr_par' dir='ltr' id='par_1_110' title="bbox 1944 5257 3521 5336">
     <span class='ocr_line' id='line_1_110' title="bbox 1944 5257 3521 5336; baseline 0.012 -24"><span class='ocrx_word' id='word_1_753' title='bbox 1944 5257 2014 5314; x_wconf 91' lang='lat' dir='ltr'><strong>de</strong></span> <span class='ocrx_word' id='word_1_754' title='bbox 2037 5257 2220 5312; x_wconf 86' lang='lat' dir='ltr'><strong>divina</strong></span> <span class='ocrx_word' id='word_1_755' title='bbox 2255 5260 2614 5329; x_wconf 90' lang='lat' dir='ltr'><strong>corporisque</strong></span> <span class='ocrx_word' id='word_1_756' title='bbox 2665 5271 2888 5331; x_wconf 75' lang='lat' dir='ltr'><strong>experte</strong></span> <span class='ocrx_word' id='word_1_757' title='bbox 2939 5275 3138 5320; x_wconf 86' lang='lat' dir='ltr'><strong>natura</strong></span> <span class='ocrx_word' id='word_1_758' title='bbox 3168 5269 3521 5336; x_wconf 85' lang='lat' dir='ltr'><strong>cpinlonlbus</strong></span> 
     </span>
    </p>
   </div>
   <div class='ocr_carea' id='block_1_111' title="bbox 1940 5349 3517 5424">
    <p class='ocr_par' dir='ltr' id='par_1_111' title="bbox 1940 5349 3517 5424">
     <span class='ocr_line' id='line_1_111' title="bbox 1940 5349 3517 5424; baseline 0.011 -17"><span class='ocrx_word' id='word_1_759' title='bbox 1940 5351 2140 5407; x_wconf 83' lang='lat' dir='ltr'><strong>imbuti</strong></span> <span class='ocrx_word' id='word_1_760' title='bbox 2174 5349 2569 5422; x_wconf 82' lang='lat' dir='ltr'><strong>Hierosolymis</strong></span> <span class='ocrx_word' id='word_1_761' title='bbox 2598 5351 2888 5416; x_wconf 78' lang='lat' dir='ltr'><strong>duntaxat.</strong></span> <span class='ocrx_word' id='word_1_762' title='bbox 2925 5363 3020 5410; x_wconf 86' lang='lat' dir='ltr'><strong>aut</strong></span> <span class='ocrx_word' id='word_1_763' title='bbox 3079 5357 3138 5413; x_wconf 90' lang='lat' dir='ltr'><strong>in</strong></span> <span class='ocrx_word' id='word_1_764' title='bbox 3173 5360 3350 5417; x_wconf 85' lang='lat' dir='ltr'><strong>vicina</strong></span> <span class='ocrx_word' id='word_1_765' title='bbox 3383 5363 3517 5424; x_wconf 84' lang='lat' dir='ltr'><strong>Sion</strong></span> 
     </span>
    </p>
   </div>
   <div class='ocr_carea' id='block_1_112' title="bbox 1941 5443 3520 5516">
    <p class='ocr_par' dir='ltr' id='par_1_112' title="bbox 1941 5443 3520 5516">
     <span class='ocr_line' id='line_1_112' title="bbox 1941 5443 3520 5516; baseline 0.01 -15"><span class='ocrx_word' id='word_1_766' title='bbox 1941 5443 2282 5502; x_wconf 85' lang='lat' dir='ltr'><strong>adorandum</strong></span> <span class='ocrx_word' id='word_1_767' title='bbox 2329 5459 2454 5500; x_wconf 90' lang='lat' dir='ltr'><strong>esse</strong></span> <span class='ocrx_word' id='word_1_768' title='bbox 2510 5459 2832 5516; x_wconf 87' lang='lat' dir='ltr'><strong>supremum</strong></span> <span class='ocrx_word' id='word_1_769' title='bbox 2873 5451 3118 5508; x_wconf 83' lang='lat' dir='ltr'><strong>universi</strong></span> <span class='ocrx_word' id='word_1_770' title='bbox 3159 5451 3330 5512; x_wconf 88' lang='lat' dir='ltr'><strong>Deum</strong></span> <span class='ocrx_word' id='word_1_771' title='bbox 3382 5472 3520 5516; x_wconf 86' lang='lat' dir='ltr'><strong>cou-</strong></span> 
     </span>
    </p>
   </div>
   <div class='ocr_carea' id='block_1_113' title="bbox 1939 5537 3521 5612">
    <p class='ocr_par' dir='ltr' id='par_1_113' title="bbox 1939 5537 3521 5612">
     <span class='ocr_line' id='line_1_113' title="bbox 1939 5537 3521 5612; baseline 0.009 -18"><span class='ocrx_word' id='word_1_772' title='bbox 1939 5539 2257 5612; x_wconf 87' lang='lat' dir='ltr'><strong>tendebant,</strong></span> <span class='ocrx_word' id='word_1_773' title='bbox 2279 5537 2442 5609; x_wconf 89' lang='lat' dir='ltr'><strong>quasi</strong></span> <span class='ocrx_word' id='word_1_774' title='bbox 2477 5546 2588 5592; x_wconf 86' lang='lat' dir='ltr'><strong>tota</strong></span> <span class='ocrx_word' id='word_1_775' title='bbox 2623 5553 2854 5610; x_wconf 87' lang='lat' dir='ltr'><strong>prorsus</strong></span> <span class='ocrx_word' id='word_1_776' title='bbox 2881 5541 2957 5598; x_wconf 87' lang='lat' dir='ltr'><strong>ibi</strong></span> <span class='ocrx_word' id='word_1_777' title='bbox 2988 5544 3288 5606; x_wconf 60' lang='lat' dir='ltr'><strong>ineffabilia.</strong></span> <span class='ocrx_word' id='word_1_778' title='bbox 3333 5558 3388 5606; x_wconf 85' lang='lat' dir='ltr'><strong>et</strong></span> <span class='ocrx_word' id='word_1_779' title='bbox 3434 5552 3521 5609; x_wconf 85' lang='lat' dir='ltr'><strong>in-</strong></span> 
     </span>
    </p>
   </div>
   <div class='ocr_carea' id='block_1_114' title="bbox 1941 5621 3521 5703">
    <p class='ocr_par' dir='ltr' id='par_1_114' title="bbox 1941 5621 3521 5703">
     <span class='ocr_line' id='line_1_114' title="bbox 1941 5621 3521 5703; baseline 0.01 -16"><span class='ocrx_word' id='word_1_780' title='bbox 1941 5630 2454 5702; x_wconf 89' lang='lat' dir='ltr'><strong>comprehensibilis</strong></span> <span class='ocrx_word' id='word_1_781' title='bbox 2488 5639 2686 5688; x_wconf 88' lang='lat' dir='ltr'><strong>natura</strong></span> <span class='ocrx_word' id='word_1_782' title='bbox 2730 5621 3030 5702; x_wconf 82' lang='lat' dir='ltr'><strong>habitaret,</strong></span> <span class='ocrx_word' id='word_1_783' title='bbox 3065 5647 3120 5696; x_wconf 89' lang='lat' dir='ltr'><strong>et</strong></span> <span class='ocrx_word' id='word_1_784' title='bbox 3181 5643 3521 5703; x_wconf 78' lang='lat' dir='ltr'><strong>manufactis</strong></span> 
     </span>
    </p>
   </div>
   <div class='ocr_carea' id='block_1_115' title="bbox 1941 5722 3519 5810">
    <p class='ocr_par' dir='ltr' id='par_1_115' title="bbox 1941 5722 3519 5810">
     <span class='ocr_line' id='line_1_115' title="bbox 1941 5722 3519 5810; baseline 0.009 -31"><span class='ocrx_word' id='word_1_785' title='bbox 1941 5726 2159 5794; x_wconf 88' lang='lat' dir='ltr'><strong>templis</strong></span> <span class='ocrx_word' id='word_1_786' title='bbox 2215 5723 2428 5780; x_wconf 85' lang='lat' dir='ltr'><strong>inclusa</strong></span> <span class='ocrx_word' id='word_1_787' title='bbox 2469 5722 2632 5782; x_wconf 87' lang='lat' dir='ltr'><strong>foret.</strong></span> <span class='ocrx_word' id='word_1_788' title='bbox 2696 5727 3068 5794; x_wconf 84' lang='lat' dir='ltr'><strong>Quamobrem</strong></span> <span class='ocrx_word' id='word_1_789' title='bbox 3130 5749 3265 5793; x_wconf 84' lang='lat' dir='ltr'><strong>voce</strong></span> <span class='ocrx_word' id='word_1_790' title='bbox 3300 5752 3519 5810; x_wconf 71' lang='lat' dir='ltr'><strong>quoque</strong></span> 
     </span>
    </p>
   </div>
  </div>
