4040 6214
497 323 604 377 803

1483 312 1540 368 S.
1564 309 1840 368 CYRILLI
1877 309 2344 368 ALEXANDRINI
2370 309 2692 370 ARCHIEP.

3624 300 3730 356 5οι

503 435 888 508 prophetarum
910 429 1121 502 supinae
1140 427 1242 483 hac
1265 426 1320 481 in
1343 440 1403 481 re
1425 425 1658 481 inscitiae
1677 425 2066 496 arguebantur,

2174 425 2623 496 αποκλεισθείσης
2655 423 2822 486 ναοῖς.
2856 420 2948 474 Διὸ
2973 419 3059 491 δὴ,
3087 417 3182 472 καὶ
3205 416 3327 472 λίαν
3350 415 3732 479 ἀσυνετοῦντες

500 529 714 583 dicente
743 525 890 581 Deo:
922 541 940 573 ι
978 521 1190 576 leum
1225 518 1459 573 thronus
1488 531 1664 582 meus,
1703 526 1846 571 terra
1884 523 2066 570 autent

499 619 800 676 scabellum
829 614 1024 686 pedum
1080 625 1352 667 meorum.
1387 609 1613 675 Qualem
1644 607 1864 679 domum
1897 606 2070 661 aadili-

499 710 696 765 cabitis
731 705 884 767 mihi,
913 704 1047 759 dicit
1070 701 1376 757 Dominus?
1407 699 1492 755 vel
1515 699 1642 769 quis
1669 699 1826 754 locus
1855 697 2068 769 requie-

498 801 571 856 tis
601 812 732 852 mem
751 795 840 850 3"?
893 813 912 846 ι
956 792 1285 847 Samaritani
1316 805 1446 847 vero
1487 804 1702 853 rursus,
1725 788 1804 845 uti
1839 790 1962 844 loco
2013 797 2068 845 et

495 889 743 959 regione,
777 886 858 942 sic
883 885 1050 941 etiam
1081 883 1304 938 inscitia
1329 889 1385 938 et
1413 880 1689 950 imperitia
1709 879 1914 936 Judazis
1948 879 2068 935 [ini-

496 980 638 1044 timi,
681 979 736 1032 in
778 983 986 1040 monte,
1049 975 1144 1045 qui
1205 971 1430 1028 Garizin
1466 971 1776 1035 dicebatur,
1830 986 1954 1027 cum
2014 978 2069 1026 et

495 1071 765 1125 orandum
811 1076 866 1124 et
921 1064 1258 1121 adorandum
1315 1070 1594 1134 putarent,
1644 1062 1845 1118 merito
1889 1063 2065 1118 risum

495 1177 604 1216 non
631 1158 922 1230 emugiunt.
955 1156 1017 1210 Ei
1047 1162 1230 1211 autem
1264 1154 1516 1210 stultitiae
1547 1152 1894 1208 occasionem
1931 1168 2069 1224 prae-

493 1254 613 1309 buit
645 1253 733 1306 illa
763 1250 1096 1313 benedictio,
1127 1262 1290 1318 quam
1315 1247 1370 1300 in
1403 1252 1589 1300 monte
1618 1243 1843 1300 Garizin
1866 1243 2068 1299 iactam

493 1349 548 1400 iu
585 1343 1010 1410 Deuteronomio
1055 1341 1311 1412 legimus.
1359 1338 1513 1394 llanc
1556 1340 1754 1394 mulier
1792 1338 2068 1395 Salvatori

491 1436 849 1508 qttmstionem
887 1449 989 1489 ceu
1024 1446 1275 1501 magnam
1305 1429 1595 1500 quamdam
1619 1437 1672 1483 et
1697 1429 2067 1484 dilﬁcillimam

492 1528 862 1599 ohjectionem
900 1523 1184 1595 proponit,
1217 1522 1442 1577 dicens:
1484 1540 1502 1573 ι
1559 1519 1754 1577 Patres
1781 1519 1956 1577 nostri
2012 1519 2068 1574 in

495 1629 680 1676 monte
721 1620 824 1675 hoc
854 1617 1247 1680 adoraverunt,
1287 1632 1306 1664 ι
1343 1621 1451 1668 etc.

563 1900 654 1967 Ν,
681 1901 770 1955 21.
802 1898 968 1955 Crede
989 1898 1139 1964 mihi,
1172 1896 1382 1958 mulier,
1414 1895 1540 1964 quia
1565 1895 1700 1949 venit
1727 1893 1878 1959 hora,
1901 1911 2068 1965 quan-

492 2000 560 2050 do
593 2009 755 2064 neque
790 1992 846 2046 in
873 1989 1260 2059 Hierosolymis
1283 2028 1298 2054 ,
1330 2003 1492 2058 neque
1522 1987 1580 2041 in
1606 1996 1782 2042 monte
1814 1986 1910 2042 hoc
1933 1987 2068 2043 ado-

495 2087 687 2141 rabitis
718 2084 963 2143 Patrem.

561 2171 818 2228 Omnium
847 2169 1122 2226 inscitiam
1151 2167 1317 2225 simul
1361 2169 1716 2235 condemnat,
1749 2182 1876 2223 cum
1931 2167 2066 2224 ado-

495 2263 653 2318 randi
695 2261 942 2325 modum,
978 2260 1072 2330 qui
1103 2259 1250 2328 apud
1294 2268 1562 2330 utrosque
1597 2259 1937 2322 obtinuerat,
2000 2259 2069 2314 ad

494 2355 764 2410 veriorem
802 2352 1128 2409 translatum
1163 2352 1233 2406 iri
1283 2351 1384 2406 ait.
1442 2350 1565 2407 Non
1619 2353 1765 2406 enim
1796 2360 2070 2422 quaeretur

494 2447 734 2518 amplius
759 2447 934 2509 locus,
976 2445 1178 2515 inquit,
1216 2444 1270 2498 in
1304 2459 1415 2514 quo
1457 2444 1682 2514 proprie
1709 2443 1882 2500 Deum
1911 2445 2071 2501 habi-

493 2547 612 2592 tare
663 2535 1000 2598 existiment,
1034 2533 1130 2588 sed
1181 2542 1241 2588 ut
1277 2535 1374 2604 qui
1430 2534 1685 2591 universa
1738 2535 1960 2606 impleat
2015 2543 2069 2591 et

493 2627 780 2682 continere
808 2626 986 2681 valeat
1021 2624 1336 2692 Dominum,
1379 2625 1537 2695 185
1563 2625 1872 2681 adorabunt
1897 2642 2069 2683 unus-

493 2719 727 2790 quisque
776 2718 845 2772 de
901 2716 1022 2772 loco
1074 2732 1198 2780 suo,
1255 2716 1402 2772 sicut
1461 2716 1684 2787 quidam
1749 2725 2068 2776 sanctorum

494 2811 887 2880 prophetarum
923 2808 1022 2862 ait.
1056 2805 1259 2862 Horam
1301 2816 1485 2862 autem
1520 2815 1574 2862 et
1601 2815 1821 2878 tempus
1856 2808 2071 2878 ejusce-

495 2899 646 2954 modi
679 2899 880 2953 rituum
938 2897 1382 2968 abrogandorum
1446 2912 1606 2953 suum
1643 2897 1700 2952 in
1736 2897 1883 2952 hunc
1915 2913 2074 2952 mun-

496 2990 626 3044 dum
653 3005 779 3044 cum
814 3003 1045 3059 corpore
1105 2987 1400 3043 adventum
1459 2989 1554 3044 ait.
1586 2989 1831 3045 Observa
1891 2999 2071 3045 autem

497 3097 606 3151 quo
654 3090 816 3152 pacto
872 3079 1109 3151 eleganti
1169 3094 1402 3150 prorsus
1459 3079 1674 3134 ratione
1733 3079 2072 3136 mulierculae

495 3179 734 3228 mentem
779 3171 850 3226 ad
904 3169 1328 3240 intelligentiam
1382 3169 1502 3224 Filii
1556 3169 1814 3235 deducat,
1851 3169 2064 3226 Patrem

497 3261 664 3316 Deum
704 3259 1277 3328 vocandozquomodo
1311 3259 1478 3323 enim,
1511 3274 1714 3330 quaeso,
1743 3259 2075 3331 intelligere-

497 3360 589 3406 tur
621 3351 802 3417 Patcr,
835 3365 944 3404 non
969 3350 1266 3406 exsistente
1289 3347 1429 3404 Filio
1453 3349 1477 3402 ?

1149 3461 1306 3517 CAP.
1343 3461 1409 3516 ν.

498 3553 655 3623 Quod
686 3553 866 3608 Filius
897 3569 1000 3607 non
1025 3553 1095 3607 sit
1123 3555 1262 3624 inter
1285 3554 1568 3608 adorantes
1602 3563 1860 3624 quatenus
1938 3553 2073 3610 Ver-

570 3625 692 3680 bum
713 3635 794 3679 est
829 3640 892 3678 ac
930 3624 1092 3691 Deus,
1124 3623 1213 3679 sed
1247 3640 1367 3678 cum
1395 3623 1558 3679 Patre
1586 3623 1761 3694 potius
1805 3624 2073 3682 adoretur.

569 3798 661 3866 1V,
692 3801 784 3855 29.
831 3801 931 3856 Vos
965 3799 1204 3854 adoratis
1224 3799 1362 3870 quod
1393 3799 1638 3855 nescitis:
1667 3817 1759 3856 nos
1793 3801 2078 3859 adoramus

499 3895 636 3969 quod
668 3895 886 3960 scimus,
919 3893 1043 3964 quia
1065 3891 1212 3947 salus
1237 3907 1302 3947 ea:
1322 3889 1530 3947 Judais
1554 3901 1656 3949 est.

567 4070 840 4142 Loquitur
867 4069 1048 4125 denuo
1072 4074 1132 4122 ut
1157 4065 1382 4122 Iudaeus
1429 4073 1484 4121 et
1531 4067 1719 4132 homo,
1768 4068 1848 4123 rei
1886 4068 2078 4124 ordine

502 4164 647 4219 hunc
672 4165 834 4220 etiam
866 4161 1123 4232 loquendi
1159 4159 1379 4214 modum
1415 4160 1752 4229 postulante;
1807 4174 1907 4214 nec
1933 4162 2079 4215 enim

500 4257 754 4312 Christus
815 4270 846 4309 a
901 4255 1102 4311 decoro
1163 4259 1217 4308 et
1277 4253 1685 4322 opportunitate
1725 4252 2078 4308 aberraverit.

503 4346 720 4402 Trihuit
765 4355 945 4401 autem
995 4347 1119 4418 plus
1153 4346 1357 4416 aliquid
1398 4343 1733 4416 cognitionis
1763 4342 2078 4400 Judaeorum

503 4440 696 4495 cultui.
724 4439 1052 4494 Samaritani
1087 4439 1354 4508 siquidem
1391 4437 1628 4508 simplici
1665 4444 1721 4492 et
1770 4437 2079 4493 inconsulta

503 4532 716 4586 ratione
743 4529 909 4584 Deum
959 4529 1211 4596 adorant;
1263 4526 1434 4581 Judaei
1466 4542 1596 4583 vero
1647 4542 1745 4597 per
1799 4528 1969 4599 legem
2027 4535 2082 4584 et

2167 518 2260 571 ἐπὶ
2287 517 2458 589 τούτῳ
2491 516 2580 570 διὰ
2621 516 2720 587 τῆς
2744 513 2852 567 τῶν
2879 508 3173 584 προφητῶν
3210 506 3501 578 ἠλέγχοντο
3527 505 3732 575 φωνῆς,

2166 609 2260 662 τοῦ
2287 609 2421 662 Θεοῦ
2447 609 2695 677 λέγοντος
2719 623 2734 639 ·
2789 624 2808 658 ι
2830 606 2887 660 'O
2908 602 3134 675 οὐρανός
3163 617 3252 670 μοι
3283 598 3490 669 θρόνος,
3519 598 3552 666 ἡ
3577 596 3636 649 δὲ
3659 596 3734 664 γῆ

2168 699 2453 752 ὑποπόδιον
2481 699 2588 752 τῶν
2621 696 2798 752 ποδῶν
2841 712 2964 766 μου.
2993 694 3150 746 Ποῖον
3183 685 3328 744 οἷκον
3354 685 3737 756 οἰκοδομήσετέ

2169 807 2280 860 μοι,
2333 790 2480 860 λέγει
2521 790 2746 862 Κύριος,
2786 788 2820 858 ἦ
2859 786 2944 849 τίς
2979 784 3144 848 τόπος
3183 781 3284 852 τῆς
3334 775 3736 839 καταπαύσεώς

2171 898 2272 952 μου
2299 899 2316 951 ;
2346 899 2364 933 ι
2385 883 2719 952 Σαμαρεῖται
2742 879 2799 932 δὲ
2824 877 3006 942 πάλιν,
3038 873 3099 927 οὐ
3136 871 3325 943 πόρρω
3351 868 3450 940 τῆς
3471 865 3737 920 Ἰουδαίων

2167 973 2406 1044 ἀμαθίας
2439 973 2705 1040 κείμενοι,
2739 970 2921 1042 χώραν
2965 984 3024 1022 τε
3067 963 3200 1036 ὁμοῦ
3245 962 3342 1017 καὶ
3382 957 3740 1013 ἀπαιδευσίαν

2167 1066 2366 1136 ὅμορον
2409 1063 2657 1136 ἔχοντες,
2705 1063 2763 1116 ὲν
2809 1060 2926 1132 opst
2972 1056 3050 1127 τῷ
3084 1053 3336 1124 Γαρίζειν
3366 1048 3509 1103 οῦτω
3539 1047 3736 1101 καλου-

2172 1156 2337 1228 μένῳ,
2370 1156 2462 1210 καὶ
2503 1151 2897 1225 προσεύχεσθαι
2943 1147 3073 1212 δεῖν,
3125 1145 3220 1200 καὶ
3263 1144 3588 1215 προσκυνεῖν
3627 1139 3737 1194 οἰόο

2172 1266 2342 1319 μενοι,
2364 1246 2426 1300 τὸ
2445 1245 2705 1316 γελᾶσθαι
2731 1242 2951 1304 δικαίως
2985 1239 3044 1293 ού
3069 1235 3441 1305 διαφεύγουσι.
3464 1232 3658 1300 Γέγονε
3680 1230 3738 1319 δὲ

2168 1318 2262 1391 καὶ
2289 1336 2459 1407 αὐτῆς
2489 1335 2589 1405 τῆς
2628 1331 2812 1395 ἀνοίας
2849 1331 2883 1401 ἠ
2913 1327 3208 1400 πρόφασις,
3253 1323 3315 1377 τὸ
3359 1321 3604 1376 δεδόσθαι
3638 1318 3738 1389 τὴν

2168 1427 2416 1497 εὐλογίαν
2437 1428 2494 1481 ὲν
2517 1425 2632 1496 δρει
2649 1422 2922 1494 Γαρίςειν,
2937 1417 3119 1481 καθὼς
3150 1418 3208 1470 ὲν
3232 1413 3310 1486 τῷ
3337 1409 3736 1482 Δευτερονομίῳ

2167 1517 2552 1589 γεγραμμένον
2583 1514 2926 1586 εὑρίσκομεν.
2958 1507 3174 1578 Ταύτην
3202 1507 3236 1577 ἡ
3267 1503 3406 1574 γυνὴ
3429 1501 3507 1572 τῷ
3525 1499 3735 1570 Σωτῆρι

2167 1612 2266 1682 τὴν
2298 1610 2543 1680 ζήτησιν,
2592 1606 2668 1670 ὧς
2699 1623 2752 1658 τι
2793 1603 2935 1675 μέγα
2998 1599 3092 1654 καὶ
3124 1594 3569 1664 δυσκατάληπτον
3606 1591 3737 1682 πρόξ

2171 1681 2357 1772 ϐλημα
2377 1701 2696 1770 προΐσχεται
2717 1695 2949 1765 λέγουσα
2971 1709 2987 1725 ·
3023 1711 3042 1744 ι
3061 1692 3125 1745 Οί
3146 1689 3380 1759 πατέρες
3404 1687 3437 1756 ή
3445 1685 3559 1757 μῶν
3579 1685 3638 1736 ὲν
3659 1681 3737 1753 τῷ

2097 1777 2142 1837 Β
2169 1792 2284 1864 ὄρει
2312 1790 2487 1861 τούτῳ
2518 1786 2951 1860 προσεκύνησαν,
2984 1802 3004 1835 ι
3040 1781 3134 1835 καὶ
3160 1780 3231 1834 τὰ
3258 1779 3406 1848 ἑξῆς.

2238 1882 2494 1939 Πίστευέ
2522 1899 2645 1951 μοι,
2675 1880 2872 1950 γύναι,
2905 1877 2994 1930 ὅτι
3022 1874 3256 1943 ἔρχεται
3287 1871 3428 1939 ὥρα,
3470 1869 3570 1924 ὅτε
3601 1869 3740 1924 οὔτε

2165 1975 2236 2030 ἐν
2277 1973 2704 2043 Ἰεροσολύμοις
2726 2009 2742 2036 ,
2787 1968 2925 2024 οὔτε
2971 1965 3040 2021 ὲν
3065 1963 3146 2030 τῷ
3189 1963 3310 2032 ὄρει
3347 1960 3534 2028 τούτῳ
3558 1972 3741 2028 προσ-

2167 2069 2470 2136 κυνήσετε
2497 2065 2577 2132 τῷ
2603 2063 2808 2131 Πατρί.

2263 2161 2431 2233 Ὁμοῦ
2489 2161 2589 2230 τῆς
2650 2157 2906 2213 ἁπάντων
2963 2149 3205 2221 ἀμαθίας
3274 2144 3738 2216 καταψηφίζεται,

2171 2248 2636 2326 μετατεθήσεσθαι
2671 2246 2845 2314 λέγων
2875 2241 2969 2296 ἐπὶ
2991 2241 3052 2295 τὸ
3084 2237 3448 2309 ἀληθέστερον
3479 2235 3587 2326 τῆς,
3611 2233 3740 2304 παρ’

2168 2323 2369 2416 ἀμφοῖν
2393 2341 2646 2412 λατρείας
2679 2336 2739 2390 τὸ
2762 2335 2967 2406 σχῆμα.
3011 2331 3086 2386 Ού
3117 2329 3228 2401 γὰρ
3253 2327 3353 2391 ἔτι,
3382 2326 3537 2396 φησὶ,
3571 2323 3741 2394 ζητη-

2169 2439 2394 2510 θήσεται
2439 2435 2621 2497 τόπος,
2656 2434 2714 2485 ὲν
2740 2423 2785 2498 ᾧ
2823 2429 2889 2498 δὴ
2931 2424 3136 2497 κυρίως
3165 2423 3440 2492 οἰήσονται
3470 2419 3744 2472 κατοικεῖν

2168 2507 2259 2583 τδν
2283 2527 2435 2590 Θεὸν,
2485 2524 2600 2578 ἀλλ’
2625 2522 2698 2586 ὡς
2723 2519 2792 2574 τὰ
2824 2517 3001 2572 πάντα
3041 2511 3336 2585 πληροῦντι
3374 2510 3469 2564 καὶ
3501 2507 3754 2578 συνέχειν»

2172 2620 2410 2692 ἰσχύοντι
2440 2613 2879 2688 προσκυνήσουσι
2926 2607 3006 2679 τῷ
3046 2604 3257 2676 Κυρίῳ,
3304 2601 3531 2662 ἕκαστος
3557 2600 3620 2652 ὲκ
3648 2596 3742 2652 τοῦ

2169 2712 2335 2766 τόπου
2367 2705 2552 2771 αὑτοῦ,
2597 2703 2851 2774 καθάπερ
2877 2703 2962 2764 τίς
3006 2714 3141 2768 φησι
3172 2695 3280 2749 τῶν
3315 2692 3486 2761 ἁγίων
3528 2705 3744 2761 προφη-

2169 2803 2297 2857 τῶν.
2331 2801 2501 2870 Ὥραν
2548 2797 2607 2852 δὲ
2652 2795 2749 2850 καὶ
2796 2791 2988 2863 καιρὸν
3029 2790 3130 2859 τῆς
3171 2787 3278 2841 τῶν
3311 2784 3565 2838 τοιούτων
3605 2781 3746 2835 eos»

2174 2893 2580 2966 μεταστάσεως,
2629 2888 2728 2958 τὴν
2759 2881 2950 2939 ἑαυτοῦ
2988 2879 3124 2952 μετὰ
3163 2877 3412 2948 σώματος
3455 2871 3744 2966 ἐπιδημίαν

2171 2963 2229 3039 έν
2253 2985 2441 3054 κόσμῳ
2472 2980 2656 3052 φησίν.
2714 2978 2992 3047 Ἐπιτήρει
3024 2972 3082 3027 δὲ
3121 2973 3271 3033 ὅπως
3303 2965 3623 3036 ἀστειοτάτῃ
3647 2963 3744 3038 τοῦ

2173 3075 2329 3145 λόγου
2379 3074 2726 3144 χρησάμενος
2777 3068 2965 3137 ἀγωγῇ
3023 3064 3161 3135 πρὸς
3213 3060 3422 3125 ἑννοίας
3464 3058 3562 3122 τὰς
3616 3055 3747 3126 περὶ

2173 3168 2304 3221 Υίοῦ
2350 3166 2575 3236 ποδηγεῖ
2618 3161 2712 3216 τοῦ
2745 3157 2966 3230 γυναίου
3007 3155 3099 3209 τὸν
3141 3152 3286 3216 νοῦν,
3320 3150 3538 3222 Πατέρα
3567 3147 3747 3203 καλῶν

2171 3260 2263 3314 τὸν
2287 3259 2420 3312 Θεόν
2447 3273 2462 3289 ·
2506 3255 2625 3319 πῶς
2654 3253 2763 3324 γὰρ
2789 3251 2856 3306 ἂν
2888 3247 3022 3312 ὅλως
3052 3247 3224 3300 νοοῖτο
3249 3243 3439 3314 Πατὴρ
3463 3242 3563 3296 οὐκ
3596 3239 3748 3304 ὄντος

2173 3351 2304 3407 Υίοῦ
2321 3367 2339 3415 ς

2765 3452 3022 3510 ΚΕΦΑΛ.
3062 3449 3138 3505 Ε’.

2177 3555 2308 3608 Ὀτι
2335 3552 2447 3606 οὐκ
2476 3549 2547 3603 ἐν
2589 3545 2715 3612 τοῖς
2746 3539 3210 3612 προσκυνοῦσιν
3251 3537 3420 3612 ἐστιν
3434 3538 3495 3612 _¢_5
3703 3527 3750 3605 ᾗ

2247 3606 2436 3692 Λόγος
2463 3618 2596 3673 ὲστί
2616 3606 2738 3692 ,κάι
2765 3606 2930 3679 Θεὸς,
2971 3609 3396 3682 προσκυνεῖται
3423 3606 3492 3660 δὲ
3507 3606 3751 3675 μᾶλλον

2242 3688 2393 3763 μετὰ
2428 3688 2679 3756 Πατρός.
2971 3732 2976 3738 .

2261 3781 2456 3853 Ὑμεῖς
2494 3773 2886 3850 προσκυνεῖτε
2907 3770 2938 3826 δ
2959 3771 3070 3826 οὐκ
3105 3767 3323 3835 οἴδατε,
3359 3765 3529 3838 ἡμεῖς
3559 3780 3752 3836 προσ-

2179 3873 2514 3942 κυγοῦμεν,
2560 3868 2592 3922 ὃ
2647 3866 2911 3936 οἷδαμεν,
2983 3863 3073 3916 ὅτι
3121 3861 3160 3929 ἡ
3209 3859 3471 3928 σωτηρία
3515 3859 3584 3912 ἐκ
3630 3855 3754 3912 τῶν

2191 3965 2494 4024 Ἰουδαίων
2515 3961 2707 4016 ἐστιν.

2249 4059 2415 4114 Λαλεῖ
2440 4056 2536 4128 μὲν
2561 4052 2721 4107 πάλιν
2743 4051 2817 4114 ὡς
2848 4046 3098 4109 Ἰουδαῖος
3118 4043 3213 4098 καὶ
3236 4041 3540 4113 ἄνθρωπος,
3563 4038 3754 4094 τοῦτον

2180 4149 2275 4204 καὶ
2303 4148 2399 4202 νῦν
2428 4141 2763 4210 ἀπαιτούσης
2803 4137 2894 4191 τὸν
2923 4134 3122 4207 τρόπον
3163 4132 3261 4204 τῆς
3306 4129 3399 4184 τοῦ
3430 4130 3756 4201 πράγματος

2180 4237 2490 4309 οἰκονομίας
2518 4252 2531 4267 ’
2583 4231 2706 4286 οὐδὲ
2745 4228 2853 4300 γὰρ
2891 4225 2958 4280 ἂν
2987 4222 3181 4294 καιροῦ
3221 4237 3280 4273 τε
3313 4219 3409 4275 καὶ
3448 4219 3754 4289 πρέποντος

2181 4329 2470 4400 ἀπεσφάλη
2515 4323 2767 4397 Χριστός.
2821 4315 3107 4386 Ἀπονέμει
3145 4313 3202 4367 δέ
3233 4330 3284 4366 τι
3328 4311 3424 4365 καὶ
3467 4309 3629 4363 πλέον
3673 4310 3754 4373 εἰς

2185 4399 2396 4478 σύνεσιν
2435 4421 2556 4482 ταῖς
2608 4411 2875 4469 Ἰουδαίων
2917 4406 3221 4479 λατρείαις.
3271 4403 3603 4473 Σαμαρεῖται
3653 4399 3755 4470 μὲν

2182 4513 2401 4586 γάρ,ὼς
2431 4513 2488 4564 ὲν
2519 4506 2676 4577 ἁπλῷ
2692 4522 2752 4558 τε
2785 4503 2876 4557 καὶ
2903 4499 3160 4570 ἀζητήτῳ
3190 4495 3354 4566 λόγῳ,
3390 4491 3756 4564 προσκυνοῦσι

502 4623 800 4693 pr0phetas
847 4619 960 4674 veri
996 4619 1092 4673 Dei
1134 4617 1452 4688 cognitione
1493 4581 1760 4687 quanium
1795 4581 1953 4672 inuse
2001 4624 2073 4672 esl

2181 4581 2271 4660 τὸν
2300 4603 2430 4658 Θεόν
2452 4619 2468 4635 ο
2498 4599 2740 4654 Ἰουδαῖοι
2771 4594 2850 4656 δὲ,
2882 4592 2971 4646 διὰ
2997 4589 3162 4660 νόμου
3194 4587 3288 4640 καὶ
3313 4584 3626 4658 προφητῶν,
3656 4581 3759 4652 τὴν

505 4721 744 4782 accepta.
768 4709 1001 4779 Ideoque
1022 4708 1236 4763 nescire
1252 4707 1625 4762 Samaritanos
1638 4706 1732 4771 ait,
1757 4706 1849 4761 sed
1867 4703 2084 4761 Iudaeos

505 4802 648 4858 scire
685 4796 1108 4873 quodammodo,
1140 4813 1207 4852 ex
1251 4797 1453 4866 quibus
1492 4797 1656 4852 etiam
1693 4797 1958 4850 orituram
1993 4810 2082 4850 sa-

506 4895 674 4950 lutem
700 4891 951 4954 aﬂirmat,
982 4898 1230 4945 nostram
1287 4886 1560 4942 videlicet.
1619 4885 1880 4941 Christus
1932 4885 2079 4941 cnim

503 4994 686 5044 est-ex
734 4984 942 5041 semine
972 4981 1216 5044 Davidis,
1250 4978 1400 5050 quod
1437 4978 1506 5033 ad
1569 4992 1792 5032 carnem
1846 4976 2078 5034 attinet:

504 5077 675 5133 David
691 5084 872 5131 autem
902 5089 970 5129 ex
1005 5073 1152 5128 tribu
1186 5071 1336 5126 Juda
1369 5070 1639 5126 oriundus
1689 5080 1792 5125 est.
1829 5066 2080 5138 Seipsum

501 5183 667 5240 porro
705 5169 847 5224 inter
894 5166 1215 5222 adoratores
1273 5164 1543 5227 collocat,
1576 5170 1638 5217 ut
1661 5160 1848 5227 homo,
1893 5161 1941 5217 is
1987 5161 2082 5232 qui

501 5262 625 5316 cum
661 5258 770 5314 Deo
802 5265 856 5314 et
887 5256 1070 5323 Patre,
1103 5269 1229 5309 cum
1253 5267 1282 5308 a
1307 5253 1495 5320 nobis,
1527 5262 1643 5306 tum
1673 5266 1703 5305 a
1733 5249 1943 5306 sanctis
1978 5265 2080 5304 an-

502 5351 638 5422 gelis
667 5349 952 5405 adoratur.
981 5346 1214 5414 Quando
1242 5345 1389 5400 enim
1428 5344 1682 5400 servilem
1723 5341 1955 5398 formam
1991 5354 2082 5394 as-

503 5443 754 5512 sumpsit,
820 5440 1155 5496 conveniens
1221 5452 1441 5510 quoque
1496 5450 1657 5493 servo
1710 5433 2076 5489 ministerium

501 5530 704 5598 explet,
727 5544 1070 5598 nequaquam
1093 5528 1349 5583 desinens
1373 5541 1497 5582 esse
1521 5524 1684 5592 Deus,
1709 5539 1773 5579 ac
1795 5523 2076 5587 Dominus,

503 5628 558 5675 et
591 5617 922 5672 adorandus.
965 5619 1146 5674 Manet
1178 5618 1322 5674 enim
1373 5617 1543 5685 idem,
1599 5616 1726 5673 licet
1775 5613 1954 5671 factus
2006 5612 2078 5668 sit

575 5795 622 5827 ”
654 5792 760 5847 ls‘a.
790 5781 942 5860 LXVI,
968 5779 1028 5847 l.’

2179 4696 2273 4751 τοῦ
2299 4696 2449 4756 ὄντος
2480 4690 2680 4761 γνῶσιν
2727 4687 2866 4742 κατὰ
2905 4684 2966 4739 τὸ
2995 4678 3268 4752 ἐγχωροῦν
3308 4677 3604 4747 δεχόμενοι.
3656 4675 3763 4729 Διὰ

2180 4788 2338 4842 τοῦτο
2384 4780 2727 4850 Σαμαρείτας
2779 4778 2876 4849 μὲν
2919 4775 3020 4828 οὐκ
3065 4772 3263 4826 εἰδέναι
3321 4769 3517 4839 φησὶν,
3570 4765 3762 4832 ὲξεπί-

2183 4875 2414 4941 στασθαι
2441 4873 2499 4926 δέ
2533 4888 2650 4934 πως
2681 4869 2807 4932 τοὺς
2852 4865 3155 4927 Ἰουδαίους,
3184 4861 3245 4926 ἐξ
3272 4854 3346 4915 ὧν
3386 4861 3481 4914 καὶ
3506 4859 3766 4928 ἀναδειχ-

2186 4965 2444 5039 θήσεσθαι
2484 4961 2584 5032 τὴν
2636 4958 2932 5031 σωτηρίαν,
2979 4953 3188 5009 ἑαυτῶν
3228 4950 3470 5022 δηλονότι
3499 4948 3763 5020 διῖσχυρί⁸

2186 5059 2356 5125 ζεται.
2419 5054 2551 5109 Ἀπὸ
2596 5052 2706 5124 γὰρ
2755 5049 3066 5120 σπέρματος
3106 5043 3268 5099 Δασὶδ
3309 5042 3370 5095 τὺ
3403 5039 3543 5095 κατά
3583 5039 3768 5112 σάρκα

2186 5148 2441 5223 Χριστὸς,
2471 5145 2643 5216 φυλῆς
2669 5143 2725 5196 δὲ
2749 5141 2850 5212 τῆς
2899 5137 3067 5192 Ἰούδα
3110 5135 3336 5205 γέγονεν
3372 5135 3401 5186 ὁ
3445 5131 3628 5185 Δαϐίδ.
3674 5131 3766 5183 Ἐν

2186 5222 2250 5297 δὲί
2273 5243 2387 5304 τοῖς
2435 5233 2833 5309 προσκυνοῦσιν
2873 5229 3062 5284 ἑαυτὸν
3110 5226 3435 5281 κατατάττει
3480 5223 3642 5277 πάλιν
3687 5222 3766 5283 ὡς

2186 5333 2492 5406 ἄνθρωπος,
2539 5329 2568 5381 ὁ
2603 5326 2741 5398 μετά
2767 5324 2900 5378 Θεοῦ
2934 5324 3028 5377 καὶ
3068 5320 3304 5391 Πατρὸς,
3341 5317 3480 5388 πρός
3517 5332 3576 5368 τε
3604 5313 3766 5385 ἡμῶν

2185 5405 2428 5480 καὶτῶν
2477 5420 2646 5490 ἁγίων
2692 5417 2938 5486 ἀγγέλων
2986 5410 3476 5486 προσκυνούμενος.
3541 5405 3766 5476 Ἐπειδὴ

2185 5517 2295 5587 γὰρ
2344 5512 2405 5566 τὸ
2446 5507 2713 5564 οἰκετικὸν
2774 5504 3158 5578 περιεϐάλλετο
3202 5503 3385 5572 σχῆμα
3422 5499 3523 5568 τὴν
3574 5497 3766 5566 οἰκέτῃ

2185 5609 2498 5680 πρέπουσαν
2525 5600 2854 5673 ἀποπληροῖ
2900 5598 3267 5669 λειτουργίαν⁹
3342 5593 3444 5679 ούκ
3491 5587 3772 5652 ἀπολέσας
