  <div class='ocr_page' id='page_1' title='image "/cluster/home/n/w/nwhite01/storage/ocr_20150623/73/hvd.32044073502023/158.png"; bbox 0 0 4040 6214; ppageno 0'>
   <div class='ocr_carea' id='block_1_1' title="bbox 277 327 390 384">
    <p class='ocr_par' dir='ltr' id='par_1_1' title="bbox 277 327 390 384">
     <span class='ocr_line' id='line_1_1' title="bbox 277 327 390 384; baseline -0.009 0"><span class='ocrx_word' id='word_1_1' title='bbox 277 327 390 384; x_wconf 72' lang='lat'><strong>305</strong></span> 
     </span>
    </p>
   </div>
   <div class='ocr_carea' id='block_1_2' title="bbox 1320 324 2458 384">
    <p class='ocr_par' dir='ltr' id='par_1_2' title="bbox 1320 324 2458 384">
     <span class='ocr_line' id='line_1_2' title="bbox 1320 324 2458 384; baseline -0.004 -1"><span class='ocrx_word' id='word_1_2' title='bbox 1320 328 1388 383; x_wconf 84' lang='lat' dir='ltr'><strong>1N</strong></span> <span class='ocrx_word' id='word_1_3' title='bbox 1420 325 1703 383; x_wconf 82' lang='lat' dir='ltr'><strong>JOANNIS</strong></span> <span class='ocrx_word' id='word_1_4' title='bbox 1742 325 2188 384; x_wconf 77' lang='lat' dir='ltr'><strong>EVANCELIUM</strong></span> <span class='ocrx_word' id='word_1_5' title='bbox 2233 324 2362 382; x_wconf 87' lang='lat' dir='ltr'><strong>LIB.</strong></span> <span class='ocrx_word' id='word_1_6' title='bbox 2394 327 2458 382; x_wconf 87' lang='lat' dir='ltr'><strong>ll.</strong></span> 
     </span>
    </p>
   </div>
   <div class='ocr_carea' id='block_1_3' title="bbox 3419 323 3528 378">
    <p class='ocr_par' dir='ltr' id='par_1_3' title="bbox 3419 323 3528 378">
     <span class='ocr_line' id='line_1_3' title="bbox 3419 323 3528 378; baseline -0.009 0"><span class='ocrx_word' id='word_1_7' title='bbox 3419 323 3528 378; x_wconf 64' lang='lat'><strong>506</strong></span> 
     </span>
    </p>
   </div>
   <div class='ocr_carea' id='block_1_4' title="bbox 274 440 1874 520">
    <p class='ocr_par' dir='ltr' id='par_1_4' title="bbox 274 440 1858 520">
     <span class='ocr_line' id='line_1_4' title="bbox 274 440 1858 520; baseline -0.002 -16"><span class='ocrx_word' id='word_1_8' title='bbox 274 451 339 504; x_wconf 78' lang='grc' dir='ltr'>τὸ</span> <span class='ocrx_word' id='word_1_9' title='bbox 376 440 517 503; x_wconf 71' lang='grc' dir='ltr'>εἶναι</span> <span class='ocrx_word' id='word_1_10' title='bbox 549 447 701 511; x_wconf 81' lang='grc' dir='ltr'>Θεὸς,</span> <span class='ocrx_word' id='word_1_11' title='bbox 747 446 836 501; x_wconf 81' lang='grc' dir='ltr'><strong>καὶ</strong></span> <span class='ocrx_word' id='word_1_12' title='bbox 875 446 1098 520; x_wconf 81' lang='grc' dir='ltr'>Κύριος,</span> <span class='ocrx_word' id='word_1_13' title='bbox 1137 448 1230 502; x_wconf 75' lang='grc' dir='ltr'><strong>καὶ</strong></span> <span class='ocrx_word' id='word_1_14' title='bbox 1264 449 1655 520; x_wconf 90' lang='grc' dir='ltr'>προσκυνητός.</span> <span class='ocrx_word' id='word_1_15' title='bbox 1691 449 1858 504; x_wconf 88' lang='grc' dir='ltr'>Μένει</span> 
     </span>
    </p>
   </div>
   <div class='ocr_carea' id='block_1_5' title="bbox 1975 440 3526 520">
    <p class='ocr_par' dir='ltr' id='par_1_5' title="bbox 1978 447 3526 520">
     <span class='ocr_line' id='line_1_5' title="bbox 1978 447 3526 520; baseline -0.003 -17"><span class='ocrx_word' id='word_1_16' title='bbox 1978 463 2143 515; x_wconf 68' lang='lat' dir='ltr'><strong>nomo,</strong></span> <span class='ocrx_word' id='word_1_17' title='bbox 2170 455 2226 504; x_wconf 89' lang='lat' dir='ltr'><strong>et</strong></span> <span class='ocrx_word' id='word_1_18' title='bbox 2255 448 2459 518; x_wconf 85' lang='lat' dir='ltr'><strong>ubique</strong></span> <span class='ocrx_word' id='word_1_19' title='bbox 2481 447 2912 520; x_wconf 77' lang='lat' dir='ltr'><strong>dispensationis</strong></span> <span class='ocrx_word' id='word_1_20' title='bbox 2945 461 3069 502; x_wconf 90' lang='lat' dir='ltr'><strong>cum</strong></span> <span class='ocrx_word' id='word_1_21' title='bbox 3099 460 3265 501; x_wconf 89' lang='lat' dir='ltr'><strong>carne</strong></span> <span class='ocrx_word' id='word_1_22' title='bbox 3301 459 3526 501; x_wconf 84' lang='lat' dir='ltr'><strong>servans</strong></span> 
     </span>
    </p>
   </div>
   <div class='ocr_carea' id='block_1_6' title="bbox 275 531 1856 612">
    <p class='ocr_par' dir='ltr' id='par_1_6' title="bbox 275 531 1856 612">
     <span class='ocr_line' id='line_1_6' title="bbox 275 531 1856 612; baseline -0.001 -19"><span class='ocrx_word' id='word_1_23' title='bbox 275 541 390 612; x_wconf 81' lang='grc' dir='ltr'><strong>γὰρ</strong></span> <span class='ocrx_word' id='word_1_24' title='bbox 417 542 446 592; x_wconf 85' lang='grc' dir='ltr'>ὀ</span> <span class='ocrx_word' id='word_1_25' title='bbox 470 538 630 602; x_wconf 78' lang='grc' dir='ltr'>αὐτὸς</span> <span class='ocrx_word' id='word_1_26' title='bbox 663 539 713 592; x_wconf 87' lang='grc' dir='ltr'><strong>εί</strong></span> <span class='ocrx_word' id='word_1_27' title='bbox 741 538 836 592; x_wconf 75' lang='grc' dir='ltr'>καὶ</span> <span class='ocrx_word' id='word_1_28' title='bbox 865 539 1088 608; x_wconf 82' lang='grc' dir='ltr'>γέγονεν</span> <span class='ocrx_word' id='word_1_29' title='bbox 1133 531 1438 611; x_wconf 78' lang='grc' dir='ltr'>ἄνθρωπος,</span> <span class='ocrx_word' id='word_1_30' title='bbox 1472 539 1770 604; x_wconf 80' lang='grc' dir='ltr'>ἀποσώζων</span> <span class='ocrx_word' id='word_1_31' title='bbox 1799 539 1856 592; x_wconf 85' lang='grc' dir='ltr'>δὲ</span> 
     </span>
    </p>
   </div>
   <div class='ocr_carea' id='block_1_7' title="bbox 277 627 1858 700">
    <p class='ocr_par' dir='ltr' id='par_1_7' title="bbox 277 627 1858 700">
     <span class='ocr_line' id='line_1_7' title="bbox 277 627 1858 700; baseline 0.001 -18"><span class='ocrx_word' id='word_1_32' title='bbox 277 629 530 699; x_wconf 83' lang='grc' dir='ltr'>πανταχῆ</span> <span class='ocrx_word' id='word_1_33' title='bbox 555 627 657 698; x_wconf 82' lang='grc' dir='ltr'>τῆς</span> <span class='ocrx_word' id='word_1_34' title='bbox 681 627 818 699; x_wconf 85' lang='grc' dir='ltr'><strong>μετά</strong></span> <span class='ocrx_word' id='word_1_35' title='bbox 844 628 1044 698; x_wconf 85' lang='grc' dir='ltr'>σαρκὸς</span> <span class='ocrx_word' id='word_1_36' title='bbox 1070 628 1381 700; x_wconf 76' lang='grc' dir='ltr'><strong>οἰκονομίας</strong></span> <span class='ocrx_word' id='word_1_37' title='bbox 1406 629 1498 696; x_wconf 70' lang='grc' dir='ltr'>τὸν</span> <span class='ocrx_word' id='word_1_38' title='bbox 1529 629 1685 699; x_wconf 86' lang='grc' dir='ltr'>λόγον</span> <span class='ocrx_word' id='word_1_39' title='bbox 1705 647 1719 660; x_wconf 68' lang='grc' dir='ltr'>υ</span> <span class='ocrx_word' id='word_1_40' title='bbox 1756 628 1858 684; x_wconf 83' lang='grc' dir='ltr'><strong>κάν</strong></span> 
     </span>
    </p>
   </div>
   <div class='ocr_carea' id='block_1_8' title="bbox 281 718 1856 792">
    <p class='ocr_par' dir='ltr' id='par_1_8' title="bbox 281 718 1856 792">
     <span class='ocr_line' id='line_1_8' title="bbox 281 718 1856 792; baseline 0.003 -20"><span class='ocrx_word' id='word_1_41' title='bbox 281 718 526 791; x_wconf 65' lang='grc' dir='ltr'>μεγάλην</span> <span class='ocrx_word' id='word_1_42' title='bbox 562 718 697 791; x_wconf 80' lang='grc' dir='ltr'>ἴδῃς,</span> <span class='ocrx_word' id='word_1_43' title='bbox 735 719 829 772; x_wconf 70' lang='grc' dir='ltr'>καὶ</span> <span class='ocrx_word' id='word_1_44' title='bbox 857 719 1114 791; x_wconf 84' lang='grc' dir='ltr'>ὑπερφυᾶ</span> <span class='ocrx_word' id='word_1_45' title='bbox 1143 721 1242 791; x_wconf 77' lang='grc' dir='ltr'>τὴν</span> <span class='ocrx_word' id='word_1_46' title='bbox 1271 719 1616 788; x_wconf 80' lang='grc' dir='ltr'><strong>ταπείνωσιν,</strong></span> <span class='ocrx_word' id='word_1_47' title='bbox 1645 721 1856 792; x_wconf 67' lang='grc' dir='ltr'>θαυμαο</span> 
     </span>
    </p>
   </div>
   <div class='ocr_carea' id='block_1_9' title="bbox 281 810 1856 887">
    <p class='ocr_par' dir='ltr' id='par_1_9' title="bbox 281 810 1856 887">
     <span class='ocr_line' id='line_1_9' title="bbox 281 810 1856 887; baseline -0.001 -6"><span class='ocrx_word' id='word_1_48' title='bbox 281 811 412 881; x_wconf 81' lang='grc' dir='ltr'><strong>στὴς</strong></span> <span class='ocrx_word' id='word_1_49' title='bbox 459 810 743 882; x_wconf 65' lang='grc' dir='ltr'>εἰσέρκουν</span> <span class='ocrx_word' id='word_1_50' title='bbox 805 811 880 882; x_wconf 81' lang='grc' dir='ltr'><strong>μὴ</strong></span> <span class='ocrx_word' id='word_1_51' title='bbox 935 812 1268 887; x_wconf 78' lang='grc' dir='ltr'>κατήγρρος,</span> <span class='ocrx_word' id='word_1_52' title='bbox 1324 813 1400 883; x_wconf 82' lang='grc' dir='ltr'>μὴ</span> <span class='ocrx_word' id='word_1_53' title='bbox 1449 812 1856 884; x_wconf 78' lang='grc' dir='ltr'>φιλεγκλήμων,</span> 
     </span>
    </p>
   </div>
   <div class='ocr_carea' id='block_1_10' title="bbox 283 900 1861 974">
    <p class='ocr_par' dir='ltr' id='par_1_10' title="bbox 283 900 1861 974">
     <span class='ocr_line' id='line_1_10' title="bbox 283 900 1861 974; baseline 0 -18"><span class='ocrx_word' id='word_1_54' title='bbox 283 903 486 974; x_wconf 77' lang='grc' dir='ltr'>μᾶλλον</span> <span class='ocrx_word' id='word_1_55' title='bbox 543 902 601 956; x_wconf 79' lang='grc' dir='ltr'>δὲ</span> <span class='ocrx_word' id='word_1_56' title='bbox 663 903 923 973; x_wconf 74' lang='grc' dir='ltr'>μιμητής.</span> <span class='ocrx_word' id='word_1_57' title='bbox 1005 900 1295 965; x_wconf 82' lang='grc' dir='ltr'>Τοιούτους</span> <span class='ocrx_word' id='word_1_58' title='bbox 1359 903 1388 956; x_wconf 86' lang='grc' dir='ltr'>ὁ</span> <span class='ocrx_word' id='word_1_59' title='bbox 1441 901 1653 966; x_wconf 82' lang='grc' dir='ltr'>Παῦλος</span> <span class='ocrx_word' id='word_1_60' title='bbox 1714 904 1861 974; x_wconf 82' lang='grc' dir='ltr'><strong>ἡμᾶς</strong></span> 
     </span>
    </p>
   </div>
   <div class='ocr_carea' id='block_1_11' title="bbox 280 991 1857 1074">
    <p class='ocr_par' dir='ltr' id='par_1_11' title="bbox 280 991 1857 1074">
     <span class='ocr_line' id='line_1_11' title="bbox 280 991 1857 1074; baseline 0.002 -28"><span class='ocrx_word' id='word_1_61' title='bbox 280 993 513 1065; x_wconf 81' lang='grc' dir='ltr'>ὁρᾶσθαι</span> <span class='ocrx_word' id='word_1_62' title='bbox 559 991 806 1064; x_wconf 84' lang='grc' dir='ltr'>βούλεται</span> <span class='ocrx_word' id='word_1_63' title='bbox 844 992 1020 1061; x_wconf 80' lang='grc' dir='ltr'>λέγων</span> <span class='ocrx_word' id='word_1_64' title='bbox 1061 1008 1077 1023; x_wconf 77' lang='grc' dir='ltr'><strong>ο</strong></span> <span class='ocrx_word' id='word_1_65' title='bbox 1148 1011 1166 1045; x_wconf 77' lang='grc' dir='ltr'><strong>ι</strong></span> <span class='ocrx_word' id='word_1_66' title='bbox 1201 993 1400 1074; x_wconf 17' lang='grc' dir='ltr'>Τούτῳκ</span> <span class='ocrx_word' id='word_1_67' title='bbox 1437 994 1699 1064; x_wconf 79' lang='grc' dir='ltr'><strong>φρονείτω</strong></span> <span class='ocrx_word' id='word_1_68' title='bbox 1743 994 1857 1066; x_wconf 83' lang='grc' dir='ltr'>[αι.</span> 
     </span>
    </p>
   </div>
   <div class='ocr_carea' id='block_1_12' title="bbox 278 1083 1860 1155">
    <p class='ocr_par' dir='ltr' id='par_1_12' title="bbox 278 1083 1860 1155">
     <span class='ocr_line' id='line_1_12' title="bbox 278 1083 1860 1155; baseline 0.002 -19"><span class='ocrx_word' id='word_1_69' title='bbox 278 1083 439 1136; x_wconf 88' lang='grc' dir='ltr'>τοῦτο</span> <span class='ocrx_word' id='word_1_70' title='bbox 463 1083 732 1155; x_wconf 76' lang='grc' dir='ltr'>φρονεῖτε]</span> <span class='ocrx_word' id='word_1_71' title='bbox 781 1083 1010 1148; x_wconf 77' lang='grc' dir='ltr'>ἕκαστος</span> <span class='ocrx_word' id='word_1_72' title='bbox 1056 1085 1114 1138; x_wconf 83' lang='grc' dir='ltr'>ὲν</span> <span class='ocrx_word' id='word_1_73' title='bbox 1158 1085 1286 1155; x_wconf 85' lang='grc' dir='ltr'>ὑμῖν</span> <span class='ocrx_word' id='word_1_74' title='bbox 1339 1085 1543 1151; x_wconf 81' lang='grc' dir='ltr'>αὐτοῖς,</span> <span class='ocrx_word' id='word_1_75' title='bbox 1588 1086 1618 1138; x_wconf 85' lang='grc' dir='ltr'><strong>ὃ</strong></span> <span class='ocrx_word' id='word_1_76' title='bbox 1661 1086 1755 1139; x_wconf 76' lang='grc' dir='ltr'><strong>καὶ</strong></span> <span class='ocrx_word' id='word_1_77' title='bbox 1801 1086 1860 1138; x_wconf 86' lang='grc' dir='ltr'>ὲν</span> 
     </span>
    </p>
   </div>
   <div class='ocr_carea' id='block_1_13' title="bbox 280 1171 1861 1248">
    <p class='ocr_par' dir='ltr' id='par_1_13' title="bbox 280 1171 1861 1248">
     <span class='ocr_line' id='line_1_13' title="bbox 280 1171 1861 1248; baseline 0.002 -22"><span class='ocrx_word' id='word_1_78' title='bbox 280 1172 506 1244; x_wconf 83' lang='grc' dir='ltr'><strong>Χριστῷ</strong></span> <span class='ocrx_word' id='word_1_79' title='bbox 569 1171 778 1242; x_wconf 85' lang='grc' dir='ltr'>Ἰησοῦ,</span> <span class='ocrx_word' id='word_1_80' title='bbox 827 1173 885 1236; x_wconf 81' lang='grc' dir='ltr'>ὃς</span> <span class='ocrx_word' id='word_1_81' title='bbox 932 1175 991 1226; x_wconf 83' lang='grc' dir='ltr'>ὲν</span> <span class='ocrx_word' id='word_1_82' title='bbox 1038 1177 1218 1245; x_wconf 81' lang='grc' dir='ltr'>μορφῇ</span> <span class='ocrx_word' id='word_1_83' title='bbox 1265 1172 1402 1228; x_wconf 88' lang='grc' dir='ltr'>Θεοῦ</span> <span class='ocrx_word' id='word_1_84' title='bbox 1461 1175 1722 1246; x_wconf 78' lang='grc' dir='ltr'>ὑπάρχων</span> <span class='ocrx_word' id='word_1_85' title='bbox 1763 1176 1861 1248; x_wconf 84' lang='grc' dir='ltr'><strong>οὐχ</strong></span> 
     </span>
    </p>
   </div>
   <div class='ocr_carea' id='block_1_14' title="bbox 281 1255 1861 1335">
    <p class='ocr_par' dir='ltr' id='par_1_14' title="bbox 281 1255 1861 1335">
     <span class='ocr_line' id='line_1_14' title="bbox 281 1255 1861 1335; baseline 0.004 -21"><span class='ocrx_word' id='word_1_86' title='bbox 281 1255 579 1332; x_wconf 84' lang='grc' dir='ltr'>ἀρπαγμδν</span> <span class='ocrx_word' id='word_1_87' title='bbox 619 1262 864 1332; x_wconf 81' lang='grc' dir='ltr'>ἡγήσατο</span> <span class='ocrx_word' id='word_1_88' title='bbox 903 1261 966 1315; x_wconf 81' lang='grc' dir='ltr'><strong>τὸ</strong></span> <span class='ocrx_word' id='word_1_89' title='bbox 1009 1261 1148 1317; x_wconf 76' lang='grc' dir='ltr'>εἶναι</span> <span class='ocrx_word' id='word_1_90' title='bbox 1191 1263 1282 1319; x_wconf 75' lang='grc' dir='ltr'>ἴσα</span> <span class='ocrx_word' id='word_1_91' title='bbox 1320 1263 1471 1335; x_wconf 93' lang='grc' dir='ltr'>Θεῷ,</span> <span class='ocrx_word' id='word_1_92' title='bbox 1516 1264 1634 1319; x_wconf 77' lang='grc' dir='ltr'>ἀλλ’</span> <span class='ocrx_word' id='word_1_93' title='bbox 1670 1265 1861 1320; x_wconf 76' lang='grc' dir='ltr'>ἑαυτὸν</span> 
     </span>
    </p>
   </div>
   <div class='ocr_carea' id='block_1_15' title="bbox 280 1350 1860 1426">
    <p class='ocr_par' dir='ltr' id='par_1_15' title="bbox 280 1350 1860 1426">
     <span class='ocr_line' id='line_1_15' title="bbox 280 1350 1860 1426; baseline 0.004 -23"><span class='ocrx_word' id='word_1_94' title='bbox 280 1350 522 1404; x_wconf 75' lang='grc' dir='ltr'>ἑκὲνωσε</span> <span class='ocrx_word' id='word_1_95' title='bbox 568 1351 780 1422; x_wconf 81' lang='grc' dir='ltr'>μορφὴν</span> <span class='ocrx_word' id='word_1_96' title='bbox 812 1351 1001 1405; x_wconf 89' lang='grc' dir='ltr'>δούλου</span> <span class='ocrx_word' id='word_1_97' title='bbox 1042 1352 1250 1420; x_wconf 75' lang='grc' dir='ltr'>λαϐὼν,</span> <span class='ocrx_word' id='word_1_98' title='bbox 1307 1357 1366 1408; x_wconf 82' lang='grc' dir='ltr'>ὲν</span> <span class='ocrx_word' id='word_1_99' title='bbox 1407 1354 1718 1426; x_wconf 84' lang='grc' dir='ltr'><strong>ὁμοιώματι</strong></span> <span class='ocrx_word' id='word_1_100' title='bbox 1763 1356 1860 1410; x_wconf 81' lang='grc' dir='ltr'>ἀν-</span> 
     </span>
    </p>
   </div>
   <div class='ocr_carea' id='block_1_16' title="bbox 282 1439 1861 1519">
    <p class='ocr_par' dir='ltr' id='par_1_16' title="bbox 282 1439 1861 1519">
     <span class='ocr_line' id='line_1_16' title="bbox 282 1439 1861 1519; baseline 0.005 -26"><span class='ocrx_word' id='word_1_101' title='bbox 282 1439 521 1519; x_wconf 80' lang='grc' dir='ltr'>θρώπιον</span> <span class='ocrx_word' id='word_1_102' title='bbox 548 1443 857 1511; x_wconf 86' lang='grc' dir='ltr'>γενόμενος,</span> <span class='ocrx_word' id='word_1_103' title='bbox 890 1443 983 1496; x_wconf 66' lang='grc' dir='ltr'><strong>καὶ⁸</strong></span> <span class='ocrx_word' id='word_1_104' title='bbox 1009 1444 1245 1514; x_wconf 86' lang='grc' dir='ltr'>σχήματι</span> <span class='ocrx_word' id='word_1_105' title='bbox 1273 1445 1518 1516; x_wconf 75' lang='grc' dir='ltr'>εὑρεθεὶς</span> <span class='ocrx_word' id='word_1_106' title='bbox 1542 1446 1619 1510; x_wconf 82' lang='grc' dir='ltr'>ὡς</span> <span class='ocrx_word' id='word_1_107' title='bbox 1649 1444 1861 1518; x_wconf 79' lang='grc' dir='ltr'>ἀνθρω-</span> 
     </span>
    </p>
   </div>
   <div class='ocr_carea' id='block_1_17' title="bbox 283 1534 1861 1608">
    <p class='ocr_par' dir='ltr' id='par_1_17' title="bbox 283 1534 1861 1608">
     <span class='ocr_line' id='line_1_17' title="bbox 283 1534 1861 1608; baseline 0.004 -23"><span class='ocrx_word' id='word_1_108' title='bbox 283 1549 390 1596; x_wconf 87' lang='grc' dir='ltr'><strong>πος</strong></span> <span class='ocrx_word' id='word_1_109' title='bbox 409 1571 425 1594; x_wconf 90' lang='grc'><strong>,</strong></span> <span class='ocrx_word' id='word_1_110' title='bbox 472 1534 836 1588; x_wconf 72' lang='grc' dir='ltr'>ἐταπείνωσεν</span> <span class='ocrx_word' id='word_1_111' title='bbox 877 1535 1089 1592; x_wconf 75' lang='grc' dir='ltr'>ἑαυτόν.</span> <span class='ocrx_word' id='word_1_112' title='bbox 1129 1555 1149 1590; x_wconf 68' lang='grc' dir='ltr'><strong>ι</strong></span> <span class='ocrx_word' id='word_1_113' title='bbox 1225 1537 1387 1608; x_wconf 76' lang='grc' dir='ltr'>Ὁρᾷς</span> <span class='ocrx_word' id='word_1_114' title='bbox 1425 1537 1574 1602; x_wconf 79' lang='grc' dir='ltr'>ὅπως</span> <span class='ocrx_word' id='word_1_115' title='bbox 1613 1555 1861 1592; x_wconf 82' lang='grc' dir='ltr'>ταπεινο-</span> 
     </span>
    </p>
   </div>
   <div class='ocr_carea' id='block_1_18' title="bbox 282 1623 1866 1700">
    <p class='ocr_par' dir='ltr' id='par_1_18' title="bbox 282 1623 1866 1700">
     <span class='ocr_line' id='line_1_18' title="bbox 282 1623 1866 1700; baseline 0.004 -24"><span class='ocrx_word' id='word_1_116' title='bbox 282 1623 562 1695; x_wconf 82' lang='grc' dir='ltr'>φροσὺνης</span> <span class='ocrx_word' id='word_1_117' title='bbox 589 1625 890 1698; x_wconf 80' lang='grc' dir='ltr'><strong>ὑπόδειγμα</strong></span> <span class='ocrx_word' id='word_1_118' title='bbox 917 1627 1138 1697; x_wconf 81' lang='grc' dir='ltr'>γέγονεν</span> <span class='ocrx_word' id='word_1_119' title='bbox 1177 1630 1310 1699; x_wconf 86' lang='grc' dir='ltr'>ἡμῖν</span> <span class='ocrx_word' id='word_1_120' title='bbox 1337 1630 1366 1682; x_wconf 87' lang='grc' dir='ltr'><strong>ὁ</strong></span> <span class='ocrx_word' id='word_1_121' title='bbox 1398 1629 1526 1693; x_wconf 80' lang='grc' dir='ltr'><strong>Υἱὸς</strong></span> <span class='ocrx_word' id='word_1_122' title='bbox 1564 1629 1623 1683; x_wconf 82' lang='grc' dir='ltr'>ὲν</span> <span class='ocrx_word' id='word_1_123' title='bbox 1657 1629 1866 1700; x_wconf 82' lang='grc' dir='ltr'>ίσότητι</span> 
     </span>
    </p>
   </div>
   <div class='ocr_carea' id='block_1_19' title="bbox 286 1715 1862 1790">
    <p class='ocr_par' dir='ltr' id='par_1_19' title="bbox 286 1715 1862 1790">
     <span class='ocr_line' id='line_1_19' title="bbox 286 1715 1862 1790; baseline 0.003 -22"><span class='ocrx_word' id='word_1_124' title='bbox 286 1715 390 1783; x_wconf 74' lang='grc' dir='ltr'>μὲν</span> <span class='ocrx_word' id='word_1_125' title='bbox 430 1715 689 1787; x_wconf 83' lang='grc' dir='ltr'>ὑπάρχων</span> <span class='ocrx_word' id='word_1_126' title='bbox 720 1717 813 1770; x_wconf 89' lang='grc' dir='ltr'><strong>τοῦ</strong></span> <span class='ocrx_word' id='word_1_127' title='bbox 850 1719 1085 1788; x_wconf 86' lang='grc' dir='ltr'>Πατρὸς,</span> <span class='ocrx_word' id='word_1_128' title='bbox 1133 1718 1228 1772; x_wconf 73' lang='grc' dir='ltr'><strong>καὶ</strong></span> <span class='ocrx_word' id='word_1_129' title='bbox 1268 1720 1326 1772; x_wconf 82' lang='grc' dir='ltr'>ὲν</span> <span class='ocrx_word' id='word_1_130' title='bbox 1358 1721 1540 1790; x_wconf 85' lang='grc' dir='ltr'>μορφῇ</span> <span class='ocrx_word' id='word_1_131' title='bbox 1586 1718 1730 1774; x_wconf 87' lang='grc' dir='ltr'><strong>καθά</strong></span> <span class='ocrx_word' id='word_1_132' title='bbox 1770 1718 1862 1788; x_wconf 68' lang='grc' dir='ltr'><strong>γέν</strong></span> 
     </span>
    </p>
   </div>
   <div class='ocr_carea' id='block_1_20' title="bbox 283 1807 1862 1881">
    <p class='ocr_par' dir='ltr' id='par_1_20' title="bbox 283 1807 1862 1881">
     <span class='ocr_line' id='line_1_20' title="bbox 283 1807 1862 1881; baseline 0.004 -22"><span class='ocrx_word' id='word_1_133' title='bbox 283 1823 526 1877; x_wconf 86' lang='grc' dir='ltr'>γραπται</span> <span class='ocrx_word' id='word_1_134' title='bbox 550 1849 566 1869; x_wconf 85' lang='grc'><strong>,</strong></span> <span class='ocrx_word' id='word_1_135' title='bbox 619 1807 1015 1879; x_wconf 75' lang='grc' dir='ltr'>καταϐεϐηκὼς</span> <span class='ocrx_word' id='word_1_136' title='bbox 1061 1808 1118 1862; x_wconf 81' lang='grc' dir='ltr'>δὲ</span> <span class='ocrx_word' id='word_1_137' title='bbox 1160 1809 1226 1862; x_wconf 84' lang='grc' dir='ltr'><strong>δι’</strong></span> <span class='ocrx_word' id='word_1_138' title='bbox 1285 1811 1433 1881; x_wconf 80' lang='grc' dir='ltr'>ἡμᾶς</span> <span class='ocrx_word' id='word_1_139' title='bbox 1485 1812 1565 1875; x_wconf 88' lang='grc' dir='ltr'><strong>είς</strong></span> <span class='ocrx_word' id='word_1_140' title='bbox 1615 1811 1862 1866; x_wconf 76' lang='grc' dir='ltr'>ἑκούσιον</span> 
     </span>
    </p>
   </div>
   <div class='ocr_carea' id='block_1_21' title="bbox 283 1894 1863 1974">
    <p class='ocr_par' dir='ltr' id='par_1_21' title="bbox 283 1894 1863 1974">
     <span class='ocr_line' id='line_1_21' title="bbox 283 1894 1863 1974; baseline 0.004 -25"><span class='ocrx_word' id='word_1_141' title='bbox 283 1897 568 1968; x_wconf 83' lang='grc' dir='ltr'>ὑπακοὴν,</span> <span class='ocrx_word' id='word_1_142' title='bbox 613 1899 706 1951; x_wconf 71' lang='grc' dir='ltr'><strong>καὶ</strong></span> <span class='ocrx_word' id='word_1_143' title='bbox 747 1899 1118 1965; x_wconf 85' lang='grc' dir='ltr'>ταπείνωσιν;</span> <span class='ocrx_word' id='word_1_144' title='bbox 1183 1899 1310 1963; x_wconf 85' lang='grc' dir='ltr'><strong>Πῶς</strong></span> <span class='ocrx_word' id='word_1_145' title='bbox 1363 1894 1458 1953; x_wconf 82' lang='grc' dir='ltr'><strong>οὖν</strong></span> <span class='ocrx_word' id='word_1_146' title='bbox 1505 1901 1613 1974; x_wconf 80' lang='grc' dir='ltr'>ἄρα</span> <span class='ocrx_word' id='word_1_147' title='bbox 1657 1901 1719 1954; x_wconf 84' lang='grc' dir='ltr'><strong>τὸ</strong></span> <span class='ocrx_word' id='word_1_148' title='bbox 1762 1901 1863 1972; x_wconf 84' lang='grc' dir='ltr'><strong>τῆς</strong></span> 
     </span>
    </p>
   </div>
   <div class='ocr_carea' id='block_1_22' title="bbox 283 1987 1865 2061">
    <p class='ocr_par' dir='ltr' id='par_1_22' title="bbox 283 1987 1865 2061">
     <span class='ocr_line' id='line_1_22' title="bbox 283 1987 1865 2061; baseline 0.003 -22"><span class='ocrx_word' id='word_1_149' title='bbox 283 1987 558 2058; x_wconf 80' lang='grc' dir='ltr'>ὑπακοῆς,</span> <span class='ocrx_word' id='word_1_150' title='bbox 578 1988 695 2053; x_wconf 88' lang='grc' dir='ltr'><strong>πῶς</strong></span> <span class='ocrx_word' id='word_1_151' title='bbox 728 1989 783 2042; x_wconf 84' lang='grc' dir='ltr'>δὲ</span> <span class='ocrx_word' id='word_1_152' title='bbox 813 1989 874 2044; x_wconf 81' lang='grc' dir='ltr'>τὸ</span> <span class='ocrx_word' id='word_1_153' title='bbox 899 1989 1000 2060; x_wconf 82' lang='grc' dir='ltr'>τῆς</span> <span class='ocrx_word' id='word_1_154' title='bbox 1028 1989 1408 2055; x_wconf 85' lang='grc' dir='ltr'>ταπεινώσεως</span> <span class='ocrx_word' id='word_1_155' title='bbox 1439 1990 1546 2044; x_wconf 73' lang='grc' dir='ltr'>ἔδει</span> <span class='ocrx_word' id='word_1_156' title='bbox 1579 1990 1865 2061; x_wconf 86' lang='grc' dir='ltr'>φαίνεσθαι</span> 
     </span>
    </p>
   </div>
   <div class='ocr_carea' id='block_1_23' title="bbox 287 2078 1868 2154">
    <p class='ocr_par' dir='ltr' id='par_1_23' title="bbox 287 2078 1868 2154">
     <span class='ocr_line' id='line_1_23' title="bbox 287 2078 1868 2154; baseline 0.001 -21"><span class='ocrx_word' id='word_1_157' title='bbox 287 2078 497 2148; x_wconf 78' lang='grc' dir='ltr'>σχῆμα.</span> <span class='ocrx_word' id='word_1_158' title='bbox 532 2078 564 2148; x_wconf 79' lang='grc' dir='ltr'><strong>ἢ</strong></span> <span class='ocrx_word' id='word_1_159' title='bbox 596 2079 838 2151; x_wconf 87' lang='grc' dir='ltr'>δηλονότι</span> <span class='ocrx_word' id='word_1_160' title='bbox 862 2080 1006 2135; x_wconf 85' lang='grc' dir='ltr'>ό,διά</span> <span class='ocrx_word' id='word_1_161' title='bbox 1028 2079 1147 2154; x_wconf 52' lang='grc' dir='ltr'><strong>τῶν</strong></span> <span class='ocrx_word' id='word_1_162' title='bbox 1170 2081 1532 2152; x_wconf 83' lang='grc' dir='ltr'>πραγμάτων,</span> <span class='ocrx_word' id='word_1_163' title='bbox 1569 2083 1664 2136; x_wconf 74' lang='grc' dir='ltr'><strong>καὶ</strong></span> <span class='ocrx_word' id='word_1_164' title='bbox 1693 2082 1868 2150; x_wconf 89' lang='grc' dir='ltr'>λόγων</span> 
     </span>
    </p>
   </div>
   <div class='ocr_carea' id='block_1_24' title="bbox 284 2169 1870 2244">
    <p class='ocr_par' dir='ltr' id='par_1_24' title="bbox 284 2169 1870 2244">
     <span class='ocr_line' id='line_1_24' title="bbox 284 2169 1870 2244; baseline 0.002 -21"><span class='ocrx_word' id='word_1_165' title='bbox 284 2169 384 2239; x_wconf 81' lang='grc' dir='ltr'>τῆς</span> <span class='ocrx_word' id='word_1_166' title='bbox 414 2169 751 2242; x_wconf 79' lang='grc' dir='ltr'>θεοπρεποῦς</span> <span class='ocrx_word' id='word_1_167' title='bbox 783 2172 938 2240; x_wconf 78' lang='grc' dir='ltr'>ἀξίας</span> <span class='ocrx_word' id='word_1_168' title='bbox 980 2172 1429 2244; x_wconf 72' lang='grc' dir='ltr'>ὑποϐεϐηκότων,</span> <span class='ocrx_word' id='word_1_169' title='bbox 1477 2172 1572 2229; x_wconf 77' lang='grc' dir='ltr'>καὶ</span> <span class='ocrx_word' id='word_1_170' title='bbox 1622 2171 1756 2226; x_wconf 78' lang='grc' dir='ltr'>πολὺ</span> <span class='ocrx_word' id='word_1_171' title='bbox 1807 2171 1870 2226; x_wconf 85' lang='grc' dir='ltr'>τὸ</span> 
     </span>
    </p>
   </div>
   <div class='ocr_carea' id='block_1_25' title="bbox 283 2259 1868 2336">
    <p class='ocr_par' dir='ltr' id='par_1_25' title="bbox 283 2259 1868 2336">
     <span class='ocr_line' id='line_1_25' title="bbox 283 2259 1868 2336; baseline 0.004 -22"><span class='ocrx_word' id='word_1_172' title='bbox 283 2261 511 2315; x_wconf 67' lang='grc' dir='ltr'>ἐλαττον</span> <span class='ocrx_word' id='word_1_173' title='bbox 540 2263 794 2333; x_wconf 82' lang='grc' dir='ltr'>ἐχόντων,</span> <span class='ocrx_word' id='word_1_174' title='bbox 835 2265 868 2336; x_wconf 80' lang='grc' dir='ltr'><strong>ἢ</strong></span> <span class='ocrx_word' id='word_1_175' title='bbox 902 2265 962 2317; x_wconf 75' lang='grc' dir='ltr'>ἐν</span> <span class='ocrx_word' id='word_1_176' title='bbox 1002 2262 1198 2336; x_wconf 72' lang='grc' dir='ltr'>οἷσπερ</span> <span class='ocrx_word' id='word_1_177' title='bbox 1241 2259 1311 2335; x_wconf 82' lang='grc' dir='ltr'>ἦν</span> <span class='ocrx_word' id='word_1_178' title='bbox 1341 2264 1548 2336; x_wconf 80' lang='grc' dir='ltr'>γυμνὸς</span> <span class='ocrx_word' id='word_1_179' title='bbox 1593 2263 1674 2317; x_wconf 77' lang='grc' dir='ltr'>ἔτι</span> <span class='ocrx_word' id='word_1_180' title='bbox 1713 2265 1868 2336; x_wconf 88' lang='grc' dir='ltr'><strong>παρὰ</strong></span> 
     </span>
    </p>
   </div>
   <div class='ocr_carea' id='block_1_26' title="bbox 287 2352 1868 2426">
    <p class='ocr_par' dir='ltr' id='par_1_26' title="bbox 287 2352 1868 2426">
     <span class='ocr_line' id='line_1_26' title="bbox 287 2352 1868 2426; baseline 0.001 -21"><span class='ocrx_word' id='word_1_181' title='bbox 287 2352 466 2424; x_wconf 81' lang='grc' dir='ltr'>Πατρὶ</span> <span class='ocrx_word' id='word_1_182' title='bbox 497 2353 688 2422; x_wconf 82' lang='grc' dir='ltr'>Λόγος,</span> <span class='ocrx_word' id='word_1_183' title='bbox 719 2355 811 2408; x_wconf 74' lang='grc' dir='ltr'>καὶ</span> <span class='ocrx_word' id='word_1_184' title='bbox 841 2354 1189 2425; x_wconf 84' lang='grc' dir='ltr'>ἀσύμπλοκος</span> <span class='ocrx_word' id='word_1_185' title='bbox 1226 2355 1328 2424; x_wconf 81' lang='grc' dir='ltr'>τῆς</span> <span class='ocrx_word' id='word_1_186' title='bbox 1366 2353 1462 2408; x_wconf 90' lang='grc' dir='ltr'><strong>τοῦ</strong></span> <span class='ocrx_word' id='word_1_187' title='bbox 1503 2354 1693 2409; x_wconf 83' lang='grc' dir='ltr'>δούλου</span> <span class='ocrx_word' id='word_1_188' title='bbox 1733 2371 1868 2426; x_wconf 89' lang='grc' dir='ltr'>μορ-</span> 
     </span>
    </p>
   </div>
   <div class='ocr_carea' id='block_1_27' title="bbox 287 2443 1868 2516">
    <p class='ocr_par' dir='ltr' id='par_1_27' title="bbox 287 2443 1868 2516">
     <span class='ocr_line' id='line_1_27' title="bbox 287 2443 1868 2516; baseline -0.001 -17"><span class='ocrx_word' id='word_1_189' title='bbox 287 2447 436 2514; x_wconf 71' lang='grc' dir='ltr'>φῆςς</span> <span class='ocrx_word' id='word_1_190' title='bbox 483 2444 594 2498; x_wconf 89' lang='grc' dir='ltr'>Ποῦ</span> <span class='ocrx_word' id='word_1_191' title='bbox 623 2445 734 2516; x_wconf 83' lang='grc' dir='ltr'><strong>γάρ</strong></span> <span class='ocrx_word' id='word_1_192' title='bbox 758 2446 898 2509; x_wconf 82' lang='grc' dir='ltr'>ὅλως</span> <span class='ocrx_word' id='word_1_193' title='bbox 930 2445 1092 2500; x_wconf 80' lang='grc' dir='ltr'>αὑτὸν</span> <span class='ocrx_word' id='word_1_194' title='bbox 1133 2443 1570 2516; x_wconf 77' lang='grc' dir='ltr'>καταϐεϐηκέναι</span> <span class='ocrx_word' id='word_1_195' title='bbox 1600 2445 1868 2516; x_wconf 85' lang='grc' dir='ltr'>φήσομεν,</span> 
     </span>
    </p>
   </div>
   <div class='ocr_carea' id='block_1_28' title="bbox 287 2535 1871 2609">
    <p class='ocr_par' dir='ltr' id='par_1_28' title="bbox 287 2535 1871 2609">
     <span class='ocr_line' id='line_1_28' title="bbox 287 2535 1871 2609; baseline 0 -19"><span class='ocrx_word' id='word_1_196' title='bbox 287 2538 340 2590; x_wconf 83' lang='grc' dir='ltr'><strong>εί</strong></span> <span class='ocrx_word' id='word_1_197' title='bbox 368 2537 444 2607; x_wconf 86' lang='grc' dir='ltr'>μή</span> <span class='ocrx_word' id='word_1_198' title='bbox 495 2554 547 2590; x_wconf 84' lang='grc' dir='ltr'>τι</span> <span class='ocrx_word' id='word_1_199' title='bbox 581 2537 679 2590; x_wconf 83' lang='grc' dir='ltr'>καὶ</span> <span class='ocrx_word' id='word_1_200' title='bbox 727 2535 837 2593; x_wconf 89' lang='grc' dir='ltr'><strong>τῶν</strong></span> <span class='ocrx_word' id='word_1_201' title='bbox 880 2538 1008 2609; x_wconf 88' lang='grc' dir='ltr'>παρ’</span> <span class='ocrx_word' id='word_1_202' title='bbox 1039 2535 1197 2603; x_wconf 81' lang='grc' dir='ltr'>ἀξίαν</span> <span class='ocrx_word' id='word_1_203' title='bbox 1250 2537 1539 2606; x_wconf 87' lang='grc' dir='ltr'>ὑπομεῖναι</span> <span class='ocrx_word' id='word_1_204' title='bbox 1586 2535 1871 2607; x_wconf 77' lang='grc' dir='ltr'>δώσομενς</span> 
     </span>
    </p>
   </div>
   <div class='ocr_carea' id='block_1_29' title="bbox 292 2627 1872 2704">
    <p class='ocr_par' dir='ltr' id='par_1_29' title="bbox 292 2627 1872 2704">
     <span class='ocr_line' id='line_1_29' title="bbox 292 2627 1872 2704; baseline 0.002 -23"><span class='ocrx_word' id='word_1_205' title='bbox 292 2629 490 2697; x_wconf 80' lang='grc' dir='ltr'>Γέγονε</span> <span class='ocrx_word' id='word_1_206' title='bbox 538 2627 655 2692; x_wconf 90' lang='grc' dir='ltr'><strong>πῶς</strong></span> <span class='ocrx_word' id='word_1_207' title='bbox 686 2628 746 2682; x_wconf 82' lang='grc' dir='ltr'>ὲν</span> <span class='ocrx_word' id='word_1_208' title='bbox 777 2628 1079 2700; x_wconf 83' lang='grc' dir='ltr'>ἀνθρώπων</span> <span class='ocrx_word' id='word_1_209' title='bbox 1120 2629 1429 2704; x_wconf 84' lang='grc' dir='ltr'>ὁμοιώματι</span> <span class='ocrx_word' id='word_1_210' title='bbox 1475 2629 1616 2684; x_wconf 89' lang='grc' dir='ltr'><strong>κατά</strong></span> <span class='ocrx_word' id='word_1_211' title='bbox 1647 2629 1746 2701; x_wconf 81' lang='grc' dir='ltr'>τὴν</span> <span class='ocrx_word' id='word_1_212' title='bbox 1777 2630 1872 2684; x_wconf 88' lang='grc' dir='ltr'><strong>τοῦ</strong></span> 
     </span>
    </p>
   </div>
   <div class='ocr_carea' id='block_1_30' title="bbox 293 2719 1874 2794">
    <p class='ocr_par' dir='ltr' id='par_1_30' title="bbox 293 2719 1874 2794">
     <span class='ocr_line' id='line_1_30' title="bbox 293 2719 1874 2794; baseline 0.003 -22"><span class='ocrx_word' id='word_1_213' title='bbox 293 2719 513 2773; x_wconf 80' lang='grc' dir='ltr'>Παύλου</span> <span class='ocrx_word' id='word_1_214' title='bbox 542 2720 744 2791; x_wconf 72' lang='grc' dir='ltr'>φωνὴν,</span> <span class='ocrx_word' id='word_1_215' title='bbox 779 2722 828 2774; x_wconf 83' lang='grc' dir='ltr'>ει</span> <span class='ocrx_word' id='word_1_216' title='bbox 864 2721 938 2793; x_wconf 80' lang='grc' dir='ltr'>μὴ</span> <span class='ocrx_word' id='word_1_217' title='bbox 984 2721 1045 2774; x_wconf 79' lang='grc' dir='ltr'>τὸ</span> <span class='ocrx_word' id='word_1_218' title='bbox 1081 2720 1390 2791; x_wconf 85' lang='grc' dir='ltr'>ἀνθρώποις</span> <span class='ocrx_word' id='word_1_219' title='bbox 1414 2721 1626 2793; x_wconf 75' lang='grc' dir='ltr'>πρέπον</span> <span class='ocrx_word' id='word_1_220' title='bbox 1665 2723 1874 2794; x_wconf 70' lang='grc' dir='ltr'>ἐμιμή-</span> 
     </span>
    </p>
   </div>
   <div class='ocr_carea' id='block_1_31' title="bbox 293 2811 1871 2885">
    <p class='ocr_par' dir='ltr' id='par_1_31' title="bbox 293 2811 1871 2885">
     <span class='ocr_line' id='line_1_31' title="bbox 293 2811 1871 2885; baseline 0.003 -22"><span class='ocrx_word' id='word_1_221' title='bbox 293 2827 469 2876; x_wconf 84' lang='grc' dir='ltr'>σατο;</span> <span class='ocrx_word' id='word_1_222' title='bbox 534 2811 772 2881; x_wconf 81' lang='grc' dir='ltr'>Πρᾶγμα</span> <span class='ocrx_word' id='word_1_223' title='bbox 839 2812 902 2866; x_wconf 81' lang='grc' dir='ltr'>δὲ</span> <span class='ocrx_word' id='word_1_224' title='bbox 960 2812 1270 2885; x_wconf 84' lang='grc' dir='ltr'>ἀνθρώποις</span> <span class='ocrx_word' id='word_1_225' title='bbox 1326 2813 1777 2885; x_wconf 84' lang='grc' dir='ltr'>πρεπωδέστατον</span> <span class='ocrx_word' id='word_1_226' title='bbox 1837 2815 1871 2885; x_wconf 88' lang='grc' dir='ltr'>ή</span> 
     </span>
    </p>
   </div>
   <div class='ocr_carea' id='block_1_32' title="bbox 291 2900 1875 2976">
    <p class='ocr_par' dir='ltr' id='par_1_32' title="bbox 291 2900 1875 2976">
     <span class='ocr_line' id='line_1_32' title="bbox 291 2900 1875 2976; baseline 0.003 -23"><span class='ocrx_word' id='word_1_227' title='bbox 291 2900 686 2973; x_wconf 80' lang='grc' dir='ltr'>προσκύνησις,</span> <span class='ocrx_word' id='word_1_228' title='bbox 716 2902 792 2966; x_wconf 88' lang='grc' dir='ltr'>ὡς</span> <span class='ocrx_word' id='word_1_229' title='bbox 820 2903 880 2958; x_wconf 84' lang='grc' dir='ltr'>ὲν</span> <span class='ocrx_word' id='word_1_230' title='bbox 906 2903 1219 2975; x_wconf 77' lang='grc' dir='ltr'>ὀφλήματος</span> <span class='ocrx_word' id='word_1_231' title='bbox 1236 2903 1388 2971; x_wconf 80' lang='grc' dir='ltr'>τάξει</span> <span class='ocrx_word' id='word_1_232' title='bbox 1421 2903 1784 2976; x_wconf 82' lang='grc' dir='ltr'>κατατιομένη</span> <span class='ocrx_word' id='word_1_233' title='bbox 1814 2921 1875 2958; x_wconf 85' lang='grc' dir='ltr'><strong>τε</strong></span> 
     </span>
    </p>
   </div>
   <div class='ocr_carea' id='block_1_33' title="bbox 289 2993 1874 3067">
    <p class='ocr_par' dir='ltr' id='par_1_33' title="bbox 289 2993 1874 3067">
     <span class='ocr_line' id='line_1_33' title="bbox 289 2993 1874 3067; baseline 0.003 -23"><span class='ocrx_word' id='word_1_234' title='bbox 289 2993 393 3046; x_wconf 77' lang='grc' dir='ltr'>καὶ</span> <span class='ocrx_word' id='word_1_235' title='bbox 453 2994 837 3065; x_wconf 79' lang='grc' dir='ltr'>προσαγομένη</span> <span class='ocrx_word' id='word_1_236' title='bbox 902 2996 1038 3067; x_wconf 90' lang='grc' dir='ltr'>παρ’</span> <span class='ocrx_word' id='word_1_237' title='bbox 1089 2995 1246 3067; x_wconf 83' lang='grc' dir='ltr'>ήμῶν</span> <span class='ocrx_word' id='word_1_238' title='bbox 1310 2994 1391 3066; x_wconf 88' lang='grc' dir='ltr'><strong>τῷ</strong></span> <span class='ocrx_word' id='word_1_239' title='bbox 1451 2994 1592 3066; x_wconf 86' lang='grc' dir='ltr'>Θεῷ.</span> <span class='ocrx_word' id='word_1_240' title='bbox 1663 2993 1874 3049; x_wconf 81' lang='grc' dir='ltr'>Οὐκοῦν</span> 
     </span>
    </p>
   </div>
   <div class='ocr_carea' id='block_1_34' title="bbox 1958 534 3524 611">
    <p class='ocr_par' dir='ltr' id='par_1_34' title="bbox 1958 534 3524 611">
     <span class='ocr_line' id='line_1_34' title="bbox 1958 534 3524 611; baseline -0.004 -15"><span class='ocrx_word' id='word_1_241' title='bbox 1958 543 2226 596; x_wconf 86' lang='lat' dir='ltr'><strong>rationem</strong></span> <span class='ocrx_word' id='word_1_242' title='bbox 2261 560 2276 596; x_wconf 90' lang='lat'><strong>:</strong></span> <span class='ocrx_word' id='word_1_243' title='bbox 2311 550 2399 611; x_wconf 90' lang='lat' dir='ltr'><strong>at,</strong></span> <span class='ocrx_word' id='word_1_244' title='bbox 2459 542 2505 598; x_wconf 89' lang='lat' dir='ltr'><strong>si</strong></span> <span class='ocrx_word' id='word_1_245' title='bbox 2573 548 2632 596; x_wconf 93' lang='lat' dir='ltr'><strong>tu</strong></span> <span class='ocrx_word' id='word_1_246' title='bbox 2673 541 2928 597; x_wconf 80' lang='lat' dir='ltr'><strong>eximiam</strong></span> <span class='ocrx_word' id='word_1_247' title='bbox 2974 547 3028 594; x_wconf 88' lang='lat' dir='ltr'><strong>et</strong></span> <span class='ocrx_word' id='word_1_248' title='bbox 3058 534 3524 608; x_wconf 87' lang='lat' dir='ltr'><strong>supernaturalem</strong></span> 
     </span>
    </p>
   </div>
   <div class='ocr_carea' id='block_1_35' title="bbox 1958 629 3535 697">
    <p class='ocr_par' dir='ltr' id='par_1_35' title="bbox 1958 629 3535 697">
     <span class='ocr_line' id='line_1_35' title="bbox 1958 629 3535 697; baseline -0.004 -10"><span class='ocrx_word' id='word_1_249' title='bbox 1958 633 2324 689; x_wconf 75' lang='lat' dir='ltr'><strong>humilitatem</strong></span> <span class='ocrx_word' id='word_1_250' title='bbox 2372 631 2595 697; x_wconf 87' lang='lat' dir='ltr'><strong>videris,</strong></span> <span class='ocrx_word' id='word_1_251' title='bbox 2639 630 3072 687; x_wconf 86' lang='lat' dir='ltr'><strong>admirabundus</strong></span> <span class='ocrx_word' id='word_1_252' title='bbox 3112 629 3257 692; x_wconf 87' lang='lat' dir='ltr'><strong>subi,</strong></span> <span class='ocrx_word' id='word_1_253' title='bbox 3291 643 3399 682; x_wconf 91' lang='lat' dir='ltr'><strong>non</strong></span> <span class='ocrx_word' id='word_1_254' title='bbox 3435 643 3535 682; x_wconf 83' lang='lat' dir='ltr'><strong>ac-</strong></span> 
     </span>
    </p>
   </div>
   <div class='ocr_carea' id='block_1_36' title="bbox 1958 720 3529 787">
    <p class='ocr_par' dir='ltr' id='par_1_36' title="bbox 1958 720 3529 787">
     <span class='ocr_line' id='line_1_36' title="bbox 1958 720 3529 787; baseline -0.004 -9"><span class='ocrx_word' id='word_1_255' title='bbox 1958 732 2202 787; x_wconf 87' lang='lat' dir='ltr'><strong>cusator,</strong></span> <span class='ocrx_word' id='word_1_256' title='bbox 2228 738 2336 778; x_wconf 90' lang='lat' dir='ltr'><strong>non</strong></span> <span class='ocrx_word' id='word_1_257' title='bbox 2357 723 2744 787; x_wconf 86' lang='lat' dir='ltr'><strong>calumniator,</strong></span> <span class='ocrx_word' id='word_1_258' title='bbox 2782 723 2880 778; x_wconf 90' lang='lat' dir='ltr'><strong>sed</strong></span> <span class='ocrx_word' id='word_1_259' title='bbox 2921 723 3188 777; x_wconf 86' lang='lat' dir='ltr'><strong>imitator.</strong></span> <span class='ocrx_word' id='word_1_260' title='bbox 3231 720 3393 775; x_wconf 90' lang='lat' dir='ltr'><strong>Tales</strong></span> <span class='ocrx_word' id='word_1_261' title='bbox 3428 734 3529 772; x_wconf 90' lang='lat' dir='ltr'><strong>nos</strong></span> 
     </span>
    </p>
   </div>
   <div class='ocr_carea' id='block_1_37' title="bbox 1957 810 3531 879">
    <p class='ocr_par' dir='ltr' id='par_1_37' title="bbox 1957 810 3531 879">
     <span class='ocr_line' id='line_1_37' title="bbox 1957 810 3531 879; baseline -0.002 -11"><span class='ocrx_word' id='word_1_262' title='bbox 1957 813 2132 870; x_wconf 87' lang='lat' dir='ltr'><strong>videri</strong></span> <span class='ocrx_word' id='word_1_263' title='bbox 2179 814 2296 868; x_wconf 92' lang='lat' dir='ltr'><strong>vult</strong></span> <span class='ocrx_word' id='word_1_264' title='bbox 2332 812 2558 879; x_wconf 85' lang='lat' dir='ltr'><strong>Paulus,</strong></span> <span class='ocrx_word' id='word_1_265' title='bbox 2597 813 2826 868; x_wconf 89' lang='lat' dir='ltr'><strong>dicens:</strong></span> <span class='ocrx_word' id='word_1_266' title='bbox 2876 832 2897 865; x_wconf 85' lang='grc'>‹</span> <span class='ocrx_word' id='word_1_267' title='bbox 2932 810 3079 867; x_wconf 69' lang='lat' dir='ltr'><strong>.H‘oc</strong></span> <span class='ocrx_word' id='word_1_268' title='bbox 3125 811 3271 866; x_wconf 91' lang='lat' dir='ltr'><strong>enim</strong></span> <span class='ocrx_word' id='word_1_269' title='bbox 3335 810 3531 865; x_wconf 77' lang='lat' dir='ltr'><strong>sentite</strong></span> 
     </span>
    </p>
   </div>
   <div class='ocr_carea' id='block_1_38' title="bbox 1962 899 3531 975">
    <p class='ocr_par' dir='ltr' id='par_1_38' title="bbox 1962 899 3531 975">
     <span class='ocr_line' id='line_1_38' title="bbox 1962 899 3531 975; baseline -0.004 -16"><span class='ocrx_word' id='word_1_270' title='bbox 1962 905 2340 975; x_wconf 85' lang='lat' dir='ltr'><strong>unusquisque</strong></span> <span class='ocrx_word' id='word_1_271' title='bbox 2371 903 2427 958; x_wconf 91' lang='lat' dir='ltr'><strong>in</strong></span> <span class='ocrx_word' id='word_1_272' title='bbox 2455 903 2638 968; x_wconf 88' lang='lat' dir='ltr'><strong>vobis,</strong></span> <span class='ocrx_word' id='word_1_273' title='bbox 2662 901 2882 971; x_wconf 85' lang='lat' dir='ltr'><strong>quodet</strong></span> <span class='ocrx_word' id='word_1_274' title='bbox 2900 902 2954 956; x_wconf 92' lang='lat' dir='ltr'><strong>in</strong></span> <span class='ocrx_word' id='word_1_275' title='bbox 2981 899 3203 955; x_wconf 80' lang='lat' dir='ltr'><strong>Christo</strong></span> <span class='ocrx_word' id='word_1_276' title='bbox 3235 899 3363 954; x_wconf 87' lang='lat' dir='ltr'><strong>.lesu</strong></span> <span class='ocrx_word' id='word_1_277' title='bbox 3387 918 3401 954; x_wconf 90' lang='lat'><strong>:</strong></span> <span class='ocrx_word' id='word_1_278' title='bbox 3436 900 3531 967; x_wconf 90' lang='lat' dir='ltr'><strong>qui</strong></span> 
     </span>
    </p>
   </div>
   <div class='ocr_carea' id='block_1_39' title="bbox 1960 990 3534 1062">
    <p class='ocr_par' dir='ltr' id='par_1_39' title="bbox 1960 990 3534 1062">
     <span class='ocr_line' id='line_1_39' title="bbox 1960 990 3534 1062; baseline -0.007 -8"><span class='ocrx_word' id='word_1_279' title='bbox 1960 1013 2084 1054; x_wconf 91' lang='lat' dir='ltr'><strong>cum</strong></span> <span class='ocrx_word' id='word_1_280' title='bbox 2116 996 2292 1051; x_wconf 81' lang='lat' dir='ltr'><strong>forma</strong></span> <span class='ocrx_word' id='word_1_281' title='bbox 2323 994 2415 1049; x_wconf 90' lang='lat' dir='ltr'><strong>Dei</strong></span> <span class='ocrx_word' id='word_1_282' title='bbox 2457 1001 2623 1059; x_wconf 85' lang='lat' dir='ltr'><strong>esset,</strong></span> <span class='ocrx_word' id='word_1_283' title='bbox 2667 1007 2777 1047; x_wconf 92' lang='lat' dir='ltr'><strong>non</strong></span> <span class='ocrx_word' id='word_1_284' title='bbox 2807 991 3056 1062; x_wconf 87' lang='lat' dir='ltr'><strong>rapinam</strong></span> <span class='ocrx_word' id='word_1_285' title='bbox 3104 990 3405 1045; x_wconf 82' lang='lat' dir='ltr'><strong>arbitratus</strong></span> <span class='ocrx_word' id='word_1_286' title='bbox 3449 997 3534 1044; x_wconf 89' lang='lat' dir='ltr'><strong>est</strong></span> 
     </span>
    </p>
   </div>
   <div class='ocr_carea' id='block_1_40' title="bbox 1961 1082 3531 1158">
    <p class='ocr_par' dir='ltr' id='par_1_40' title="bbox 1961 1082 3531 1158">
     <span class='ocr_line' id='line_1_40' title="bbox 1961 1082 3531 1158; baseline -0.006 -14"><span class='ocrx_word' id='word_1_287' title='bbox 1961 1105 2086 1146; x_wconf 90' lang='lat' dir='ltr'><strong>esse</strong></span> <span class='ocrx_word' id='word_1_288' title='bbox 2112 1103 2172 1145; x_wconf 91' lang='lat' dir='ltr'><strong>se</strong></span> <span class='ocrx_word' id='word_1_289' title='bbox 2192 1087 2455 1158; x_wconf 64' lang='lat' dir='ltr'><strong>aequalem</strong></span> <span class='ocrx_word' id='word_1_290' title='bbox 2499 1085 2632 1150; x_wconf 91' lang='lat' dir='ltr'><strong>Deo,</strong></span> <span class='ocrx_word' id='word_1_291' title='bbox 2684 1085 2781 1141; x_wconf 92' lang='lat' dir='ltr'><strong>sed</strong></span> <span class='ocrx_word' id='word_1_292' title='bbox 2813 1084 3169 1153; x_wconf 85' lang='lat' dir='ltr'><strong>semetipsum</strong></span> <span class='ocrx_word' id='word_1_293' title='bbox 3209 1082 3531 1143; x_wconf 88' lang='lat' dir='ltr'><strong>exinanivit,</strong></span> 
     </span>
    </p>
   </div>
   <div class='ocr_carea' id='block_1_41' title="bbox 1963 1173 3534 1248">
    <p class='ocr_par' dir='ltr' id='par_1_41' title="bbox 1963 1173 3534 1248">
     <span class='ocr_line' id='line_1_41' title="bbox 1963 1173 3534 1248; baseline -0.006 -12"><span class='ocrx_word' id='word_1_294' title='bbox 1963 1181 2193 1238; x_wconf 79' lang='lat' dir='ltr'><strong>formam</strong></span> <span class='ocrx_word' id='word_1_295' title='bbox 2226 1180 2370 1236; x_wconf 85' lang='lat' dir='ltr'><strong>servi</strong></span> <span class='ocrx_word' id='word_1_296' title='bbox 2395 1178 2696 1248; x_wconf 82' lang='lat' dir='ltr'><strong>accipiens,</strong></span> <span class='ocrx_word' id='word_1_297' title='bbox 2716 1177 2772 1232; x_wconf 92' lang='lat' dir='ltr'><strong>in</strong></span> <span class='ocrx_word' id='word_1_298' title='bbox 2803 1174 3218 1232; x_wconf 88' lang='lat' dir='ltr'><strong>similitudinem</strong></span> <span class='ocrx_word' id='word_1_299' title='bbox 3251 1173 3534 1228; x_wconf 86' lang='lat' dir='ltr'><strong>hominum</strong></span> 
     </span>
    </p>
   </div>
   <div class='ocr_carea' id='block_1_42' title="bbox 1962 1265 3538 1337">
    <p class='ocr_par' dir='ltr' id='par_1_42' title="bbox 1962 1265 3538 1337">
     <span class='ocr_line' id='line_1_42' title="bbox 1962 1265 3538 1337; baseline -0.004 -12"><span class='ocrx_word' id='word_1_300' title='bbox 1962 1271 2164 1337; x_wconf 79' lang='lat' dir='ltr'><strong>factus,</strong></span> <span class='ocrx_word' id='word_1_301' title='bbox 2202 1278 2256 1326; x_wconf 92' lang='lat' dir='ltr'><strong>et</strong></span> <span class='ocrx_word' id='word_1_302' title='bbox 2297 1269 2518 1325; x_wconf 90' lang='lat' dir='ltr'><strong>habitus</strong></span> <span class='ocrx_word' id='word_1_303' title='bbox 2545 1269 2796 1324; x_wconf 89' lang='lat' dir='ltr'><strong>inventus</strong></span> <span class='ocrx_word' id='word_1_304' title='bbox 2859 1274 2918 1322; x_wconf 92' lang='lat' dir='ltr'><strong>ut</strong></span> <span class='ocrx_word' id='word_1_305' title='bbox 2967 1267 3164 1332; x_wconf 89' lang='lat' dir='ltr'><strong>homo,</strong></span> <span class='ocrx_word' id='word_1_306' title='bbox 3224 1265 3538 1319; x_wconf 89' lang='lat' dir='ltr'><strong>humiliavit</strong></span> 
     </span>
    </p>
   </div>
   <div class='ocr_carea' id='block_1_43' title="bbox 1962 1357 3533 1430">
    <p class='ocr_par' dir='ltr' id='par_1_43' title="bbox 1962 1357 3533 1430">
     <span class='ocr_line' id='line_1_43' title="bbox 1962 1357 3533 1430; baseline -0.004 -14"><span class='ocrx_word' id='word_1_307' title='bbox 1962 1360 2320 1430; x_wconf 86' lang='lat' dir='ltr'><strong>semetipsum</strong></span> <span class='ocrx_word' id='word_1_308' title='bbox 2343 1361 2410 1414; x_wconf 79' lang='grc'>⁸⁸.</span> <span class='ocrx_word' id='word_1_309' title='bbox 2449 1377 2470 1410; x_wconf 75' lang='grc' dir='ltr'><strong>ι</strong></span> <span class='ocrx_word' id='word_1_310' title='bbox 2508 1360 2670 1430; x_wconf 74' lang='lat'><strong>186</strong></span> <span class='ocrx_word' id='word_1_311' title='bbox 2702 1358 2863 1414; x_wconf 87' lang='lat' dir='ltr'><strong>Vides</strong></span> <span class='ocrx_word' id='word_1_312' title='bbox 2887 1365 2947 1413; x_wconf 92' lang='lat' dir='ltr'><strong>ut</strong></span> <span class='ocrx_word' id='word_1_313' title='bbox 2989 1357 3317 1412; x_wconf 87' lang='lat' dir='ltr'><strong>humilitatis</strong></span> <span class='ocrx_word' id='word_1_314' title='bbox 3347 1372 3533 1412; x_wconf 88' lang='lat' dir='ltr'><strong>exem-</strong></span> 
     </span>
    </p>
   </div>
   <div class='ocr_carea' id='block_1_44' title="bbox 1961 1447 3536 1522">
    <p class='ocr_par' dir='ltr' id='par_1_44' title="bbox 1961 1447 3536 1522">
     <span class='ocr_line' id='line_1_44' title="bbox 1961 1447 3536 1522; baseline -0.003 -17"><span class='ocrx_word' id='word_1_315' title='bbox 1961 1452 2111 1522; x_wconf 88' lang='lat' dir='ltr'><strong>plum</strong></span> <span class='ocrx_word' id='word_1_316' title='bbox 2134 1451 2296 1506; x_wconf 88' lang='lat' dir='ltr'><strong>nobis</strong></span> <span class='ocrx_word' id='word_1_317' title='bbox 2317 1449 2500 1505; x_wconf 83' lang='lat' dir='ltr'><strong>factus</strong></span> <span class='ocrx_word' id='word_1_318' title='bbox 2529 1451 2600 1505; x_wconf 92' lang='lat' dir='ltr'><strong>sit</strong></span> <span class='ocrx_word' id='word_1_319' title='bbox 2630 1448 2826 1514; x_wconf 89' lang='lat' dir='ltr'><strong>Filius,</strong></span> <span class='ocrx_word' id='word_1_320' title='bbox 2859 1449 3108 1521; x_wconf 86' lang='lat' dir='ltr'><strong>quamvis</strong></span> <span class='ocrx_word' id='word_1_321' title='bbox 3139 1447 3192 1502; x_wconf 92' lang='lat' dir='ltr'><strong>in</strong></span> <span class='ocrx_word' id='word_1_322' title='bbox 3225 1447 3536 1516; x_wconf 63' lang='lat' dir='ltr'><strong>aequalitate</strong></span> 
     </span>
    </p>
   </div>
   <div class='ocr_carea' id='block_1_45' title="bbox 1963 1539 3538 1610">
    <p class='ocr_par' dir='ltr' id='par_1_45' title="bbox 1963 1539 3538 1610">
     <span class='ocr_line' id='line_1_45' title="bbox 1963 1539 3538 1610; baseline -0.005 -12"><span class='ocrx_word' id='word_1_323' title='bbox 1963 1541 2035 1598; x_wconf 86' lang='lat' dir='ltr'><strong>sit</strong></span> <span class='ocrx_word' id='word_1_324' title='bbox 2067 1540 2272 1604; x_wconf 84' lang='lat' dir='ltr'><strong>Patris,</strong></span> <span class='ocrx_word' id='word_1_325' title='bbox 2305 1549 2358 1596; x_wconf 90' lang='lat' dir='ltr'><strong>et</strong></span> <span class='ocrx_word' id='word_1_326' title='bbox 2390 1539 2587 1604; x_wconf 79' lang='lat' dir='ltr'><strong>forma,</strong></span> <span class='ocrx_word' id='word_1_327' title='bbox 2637 1547 2698 1595; x_wconf 92' lang='lat' dir='ltr'><strong>ut</strong></span> <span class='ocrx_word' id='word_1_328' title='bbox 2731 1540 2997 1610; x_wconf 91' lang='lat' dir='ltr'><strong>scriptum</strong></span> <span class='ocrx_word' id='word_1_329' title='bbox 3029 1545 3135 1603; x_wconf 88' lang='lat' dir='ltr'><strong>est,</strong></span> <span class='ocrx_word' id='word_1_330' title='bbox 3187 1539 3281 1593; x_wconf 89' lang='lat' dir='ltr'><strong>sed</strong></span> <span class='ocrx_word' id='word_1_331' title='bbox 3317 1546 3538 1607; x_wconf 87' lang='lat' dir='ltr'><strong>propter</strong></span> 
     </span>
    </p>
   </div>
   <div class='ocr_carea' id='block_1_46' title="bbox 1963 1627 3538 1688">
    <p class='ocr_par' dir='ltr' id='par_1_46' title="bbox 1963 1627 3538 1688">
     <span class='ocr_line' id='line_1_46' title="bbox 1963 1627 3538 1688; baseline -0.004 -2"><span class='ocrx_word' id='word_1_332' title='bbox 1963 1646 2066 1688; x_wconf 91' lang='lat' dir='ltr'><strong>nos</strong></span> <span class='ocrx_word' id='word_1_333' title='bbox 2117 1631 2174 1685; x_wconf 90' lang='lat' dir='ltr'><strong>in</strong></span> <span class='ocrx_word' id='word_1_334' title='bbox 2229 1631 2599 1686; x_wconf 84' lang='lat' dir='ltr'><strong>voluntariam</strong></span> <span class='ocrx_word' id='word_1_335' title='bbox 2650 1629 3015 1685; x_wconf 88' lang='lat' dir='ltr'><strong>obedientiam</strong></span> <span class='ocrx_word' id='word_1_336' title='bbox 3063 1639 3119 1684; x_wconf 93' lang='lat' dir='ltr'><strong>et</strong></span> <span class='ocrx_word' id='word_1_337' title='bbox 3175 1627 3538 1683; x_wconf 87' lang='lat' dir='ltr'><strong>humilitatem</strong></span> 
     </span>
    </p>
   </div>
   <div class='ocr_carea' id='block_1_47' title="bbox 1963 1717 3543 1790">
    <p class='ocr_par' dir='ltr' id='par_1_47' title="bbox 1963 1717 3543 1790">
     <span class='ocr_line' id='line_1_47' title="bbox 1963 1717 3543 1790; baseline -0.004 -14"><span class='ocrx_word' id='word_1_338' title='bbox 1963 1721 2349 1777; x_wconf 83' lang='lat' dir='ltr'><strong>descenderit?</strong></span> <span class='ocrx_word' id='word_1_339' title='bbox 2369 1720 2659 1787; x_wconf 85' lang='lat' dir='ltr'><strong>Quomodo</strong></span> <span class='ocrx_word' id='word_1_340' title='bbox 2688 1720 2858 1790; x_wconf 77' lang='lat' dir='ltr'><strong>igitur</strong></span> <span class='ocrx_word' id='word_1_341' title='bbox 2879 1718 3206 1774; x_wconf 76' lang='lat' dir='ltr'><strong>obedientia:</strong></span> <span class='ocrx_word' id='word_1_342' title='bbox 3238 1723 3333 1771; x_wconf 91' lang='lat' dir='ltr'><strong>aut</strong></span> <span class='ocrx_word' id='word_1_343' title='bbox 3363 1717 3543 1770; x_wconf 86' lang='lat' dir='ltr'><strong>humi-</strong></span> 
     </span>
    </p>
   </div>
   <div class='ocr_carea' id='block_1_48' title="bbox 1965 1807 3541 1881">
    <p class='ocr_par' dir='ltr' id='par_1_48' title="bbox 1965 1807 3541 1881">
     <span class='ocr_line' id='line_1_48' title="bbox 1965 1807 3541 1881; baseline -0.004 -14"><span class='ocrx_word' id='word_1_344' title='bbox 1965 1812 2139 1868; x_wconf 86' lang='lat' dir='ltr'><strong>litatis</strong></span> <span class='ocrx_word' id='word_1_345' title='bbox 2168 1811 2390 1868; x_wconf 89' lang='lat' dir='ltr'><strong>babitus</strong></span> <span class='ocrx_word' id='word_1_346' title='bbox 2421 1811 2581 1866; x_wconf 86' lang='lat' dir='ltr'><strong>aliter</strong></span> <span class='ocrx_word' id='word_1_347' title='bbox 2611 1820 2930 1881; x_wconf 89' lang='lat' dir='ltr'><strong>appareret,</strong></span> <span class='ocrx_word' id='word_1_348' title='bbox 2965 1825 3128 1880; x_wconf 87' lang='lat' dir='ltr'><strong>quam</strong></span> <span class='ocrx_word' id='word_1_349' title='bbox 3157 1824 3223 1864; x_wconf 90' lang='lat' dir='ltr'><strong>ex</strong></span> <span class='ocrx_word' id='word_1_350' title='bbox 3266 1807 3434 1864; x_wconf 84' lang='lat' dir='ltr'><strong>rebus</strong></span> <span class='ocrx_word' id='word_1_351' title='bbox 3477 1822 3541 1861; x_wconf 84' lang='lat' dir='ltr'><strong>ac</strong></span> 
     </span>
    </p>
   </div>
   <div class='ocr_carea' id='block_1_49' title="bbox 1967 1901 3542 1974">
    <p class='ocr_par' dir='ltr' id='par_1_49' title="bbox 1967 1901 3542 1974">
     <span class='ocr_line' id='line_1_49' title="bbox 1967 1901 3542 1974; baseline -0.004 -13"><span class='ocrx_word' id='word_1_352' title='bbox 1967 1904 2314 1961; x_wconf 86' lang='lat' dir='ltr'><strong>sermonibus</strong></span> <span class='ocrx_word' id='word_1_353' title='bbox 2343 1902 2527 1958; x_wconf 91' lang='lat' dir='ltr'><strong>divina</strong></span> <span class='ocrx_word' id='word_1_354' title='bbox 2556 1902 2825 1974; x_wconf 78' lang='lat' dir='ltr'><strong>dignitate</strong></span> <span class='ocrx_word' id='word_1_355' title='bbox 2853 1901 3228 1964; x_wconf 80' lang='lat' dir='ltr'><strong>inferioribus,</strong></span> <span class='ocrx_word' id='word_1_356' title='bbox 3275 1901 3542 1970; x_wconf 91' lang='lat' dir='ltr'><strong>longeque</strong></span> 
     </span>
    </p>
   </div>
   <div class='ocr_carea' id='block_1_50' title="bbox 1966 1990 3542 2063">
    <p class='ocr_par' dir='ltr' id='par_1_50' title="bbox 1966 1990 3542 2063">
     <span class='ocr_line' id='line_1_50' title="bbox 1966 1990 3542 2063; baseline -0.004 -14"><span class='ocrx_word' id='word_1_357' title='bbox 1966 1994 2276 2049; x_wconf 88' lang='lat' dir='ltr'><strong>minoribus</strong></span> <span class='ocrx_word' id='word_1_358' title='bbox 2307 2007 2475 2063; x_wconf 88' lang='lat' dir='ltr'><strong>quam</strong></span> <span class='ocrx_word' id='word_1_359' title='bbox 2506 1991 2689 2049; x_wconf 83' lang='lat' dir='ltr'><strong>Verbo</strong></span> <span class='ocrx_word' id='word_1_360' title='bbox 2715 1992 2863 2046; x_wconf 90' lang='lat' dir='ltr'><strong>nudo</strong></span> <span class='ocrx_word' id='word_1_361' title='bbox 2898 1992 3076 2047; x_wconf 90' lang='lat' dir='ltr'><strong>adhuc</strong></span> <span class='ocrx_word' id='word_1_362' title='bbox 3128 1990 3362 2047; x_wconf 88' lang='lat' dir='ltr'><strong>necdum</strong></span> <span class='ocrx_word' id='word_1_363' title='bbox 3397 1993 3542 2046; x_wconf 86' lang='lat' dir='ltr'><strong>servi</strong></span> 
     </span>
    </p>
   </div>
   <div class='ocr_carea' id='block_1_51' title="bbox 1969 2082 3546 2155">
    <p class='ocr_par' dir='ltr' id='par_1_51' title="bbox 1969 2082 3546 2155">
     <span class='ocr_line' id='line_1_51' title="bbox 1969 2082 3546 2155; baseline -0.002 -14"><span class='ocrx_word' id='word_1_364' title='bbox 1969 2085 2158 2142; x_wconf 70' lang='lat' dir='ltr'><strong>formae</strong></span> <span class='ocrx_word' id='word_1_365' title='bbox 2209 2084 2508 2155; x_wconf 87' lang='lat' dir='ltr'><strong>conjuncto</strong></span> <span class='ocrx_word' id='word_1_366' title='bbox 2537 2084 2908 2140; x_wconf 87' lang='lat' dir='ltr'><strong>conveniant?</strong></span> <span class='ocrx_word' id='word_1_367' title='bbox 2945 2082 3232 2150; x_wconf 87' lang='lat' dir='ltr'><strong>Quomodo</strong></span> <span class='ocrx_word' id='word_1_368' title='bbox 3265 2083 3413 2138; x_wconf 87' lang='lat' dir='ltr'><strong>enim</strong></span> <span class='ocrx_word' id='word_1_369' title='bbox 3449 2083 3546 2138; x_wconf 90' lang='lat' dir='ltr'><strong>de-</strong></span> 
     </span>
    </p>
   </div>
   <div class='ocr_carea' id='block_1_52' title="bbox 1969 2174 3542 2246">
    <p class='ocr_par' dir='ltr' id='par_1_52' title="bbox 1969 2174 3542 2246">
     <span class='ocr_line' id='line_1_52' title="bbox 1969 2174 3542 2246; baseline -0.004 -13"><span class='ocrx_word' id='word_1_370' title='bbox 1969 2174 2252 2246; x_wconf 87' lang='lat' dir='ltr'><strong>scendisse</strong></span> <span class='ocrx_word' id='word_1_371' title='bbox 2277 2189 2405 2231; x_wconf 87' lang='lat' dir='ltr'><strong>eum</strong></span> <span class='ocrx_word' id='word_1_372' title='bbox 2435 2175 2703 2240; x_wconf 86' lang='lat' dir='ltr'><strong>dicemus,</strong></span> <span class='ocrx_word' id='word_1_373' title='bbox 2738 2175 2846 2231; x_wconf 86' lang='lat' dir='ltr'><strong>nisi</strong></span> <span class='ocrx_word' id='word_1_374' title='bbox 2897 2174 3157 2244; x_wconf 88' lang='lat' dir='ltr'><strong>quiddam</strong></span> <span class='ocrx_word' id='word_1_375' title='bbox 3209 2190 3332 2229; x_wconf 91' lang='lat' dir='ltr'><strong>eum</strong></span> <span class='ocrx_word' id='word_1_376' title='bbox 3362 2187 3400 2228; x_wconf 79' lang='lat' dir='ltr'><strong>a‘</strong></span> <span class='ocrx_word' id='word_1_377' title='bbox 3443 2189 3542 2230; x_wconf 85' lang='lat' dir='ltr'><strong>sua</strong></span> 
     </span>
    </p>
   </div>
   <div class='ocr_carea' id='block_1_53' title="bbox 1969 2263 3542 2336">
    <p class='ocr_par' dir='ltr' id='par_1_53' title="bbox 1969 2263 3542 2336">
     <span class='ocr_line' id='line_1_53' title="bbox 1969 2263 3542 2336; baseline -0.003 -16"><span class='ocrx_word' id='word_1_378' title='bbox 1969 2263 2234 2336; x_wconf 78' lang='lat' dir='ltr'><strong>dignitate</strong></span> <span class='ocrx_word' id='word_1_379' title='bbox 2291 2263 2532 2319; x_wconf 91' lang='lat' dir='ltr'><strong>alienum</strong></span> <span class='ocrx_word' id='word_1_380' title='bbox 2585 2265 2698 2333; x_wconf 87' lang='lat' dir='ltr'><strong>pati</strong></span> <span class='ocrx_word' id='word_1_381' title='bbox 2751 2264 3088 2319; x_wconf 77' lang='lat' dir='ltr'><strong>fatebimur?</strong></span> <span class='ocrx_word' id='word_1_382' title='bbox 3143 2263 3432 2330; x_wconf 86' lang='lat' dir='ltr'><strong>Quomodo</strong></span> <span class='ocrx_word' id='word_1_383' title='bbox 3489 2265 3542 2317; x_wconf 91' lang='lat' dir='ltr'><strong>in</strong></span> 
     </span>
    </p>
   </div>
   <div class='ocr_carea' id='block_1_54' title="bbox 1969 2355 3544 2427">
    <p class='ocr_par' dir='ltr' id='par_1_54' title="bbox 1969 2355 3544 2427">
     <span class='ocr_line' id='line_1_54' title="bbox 1969 2355 3544 2427; baseline -0.001 -16"><span class='ocrx_word' id='word_1_384' title='bbox 1969 2355 2390 2412; x_wconf 85' lang='lat' dir='ltr'><strong>similitudinem</strong></span> <span class='ocrx_word' id='word_1_385' title='bbox 2443 2355 2726 2410; x_wconf 88' lang='lat' dir='ltr'><strong>hominum</strong></span> <span class='ocrx_word' id='word_1_386' title='bbox 2784 2355 2969 2412; x_wconf 81' lang='lat' dir='ltr'><strong>factus</strong></span> <span class='ocrx_word' id='word_1_387' title='bbox 3007 2365 3115 2423; x_wconf 89' lang='lat' dir='ltr'><strong>est,</strong></span> <span class='ocrx_word' id='word_1_388' title='bbox 3171 2357 3330 2427; x_wconf 84' lang='lat' dir='ltr'><strong>juxta</strong></span> <span class='ocrx_word' id='word_1_389' title='bbox 3386 2356 3544 2410; x_wconf 88' lang='lat' dir='ltr'><strong>Pauli</strong></span> 
     </span>
    </p>
   </div>
   <div class='ocr_carea' id='block_1_55' title="bbox 1971 2445 3546 2516">
    <p class='ocr_par' dir='ltr' id='par_1_55' title="bbox 1971 2445 3546 2516">
     <span class='ocr_line' id='line_1_55' title="bbox 1971 2445 3546 2516; baseline -0.003 -12"><span class='ocrx_word' id='word_1_390' title='bbox 1971 2449 2320 2511; x_wconf 89' lang='lat' dir='ltr'><strong>sententiam,</strong></span> <span class='ocrx_word' id='word_1_391' title='bbox 2373 2445 2422 2502; x_wconf 88' lang='lat' dir='ltr'><strong>si</strong></span> <span class='ocrx_word' id='word_1_392' title='bbox 2453 2445 2602 2515; x_wconf 91' lang='lat' dir='ltr'><strong>quod</strong></span> <span class='ocrx_word' id='word_1_393' title='bbox 2650 2445 2967 2501; x_wconf 91' lang='lat' dir='ltr'><strong>hominibus</strong></span> <span class='ocrx_word' id='word_1_394' title='bbox 3009 2447 3267 2516; x_wconf 81' lang='lat' dir='ltr'><strong>congruit</strong></span> <span class='ocrx_word' id='word_1_395' title='bbox 3305 2461 3416 2502; x_wconf 88' lang='lat' dir='ltr'><strong>non</strong></span> <span class='ocrx_word' id='word_1_396' title='bbox 3473 2448 3546 2502; x_wconf 89' lang='lat' dir='ltr'><strong>sit</strong></span> 
     </span>
    </p>
   </div>
   <div class='ocr_carea' id='block_1_56' title="bbox 1973 2535 3655 2593">
    <p class='ocr_par' dir='ltr' id='par_1_56' title="bbox 1973 2535 3655 2593">
     <span class='ocr_line' id='line_1_56' title="bbox 1973 2535 3655 2593; baseline -0.002 -1"><span class='ocrx_word' id='word_1_397' title='bbox 1973 2537 2266 2593; x_wconf 77' lang='lat' dir='ltr'><strong>imitatus?</strong></span> <span class='ocrx_word' id='word_1_398' title='bbox 2311 2535 2849 2592; x_wconf 83' lang='lat' dir='ltr'><strong>Convenientissima</strong></span> <span class='ocrx_word' id='word_1_399' title='bbox 2883 2550 3015 2591; x_wconf 89' lang='lat' dir='ltr'><strong>vero</strong></span> <span class='ocrx_word' id='word_1_400' title='bbox 3050 2551 3139 2591; x_wconf 86' lang='lat' dir='ltr'><strong>res</strong></span> <span class='ocrx_word' id='word_1_401' title='bbox 3169 2546 3256 2592; x_wconf 89' lang='lat' dir='ltr'><strong>est</strong></span> <span class='ocrx_word' id='word_1_402' title='bbox 3307 2537 3547 2590; x_wconf 58' lang='lat' dir='ltr'><strong>homini-</strong></span> <span class='ocrx_word' id='word_1_403' title='bbox 3649 2575 3655 2583; x_wconf 88' lang='lat'><strong>.</strong></span> 
     </span>
    </p>
   </div>
   <div class='ocr_carea' id='block_1_57' title="bbox 1972 2625 3544 2699">
    <p class='ocr_par' dir='ltr' id='par_1_57' title="bbox 1972 2625 3544 2699">
     <span class='ocr_line' id='line_1_57' title="bbox 1972 2625 3544 2699; baseline -0.004 -13"><span class='ocrx_word' id='word_1_404' title='bbox 1972 2629 2098 2694; x_wconf 88' lang='lat' dir='ltr'><strong>bus,</strong></span> <span class='ocrx_word' id='word_1_405' title='bbox 2141 2629 2410 2694; x_wconf 90' lang='lat' dir='ltr'><strong>adoratio,</strong></span> <span class='ocrx_word' id='word_1_406' title='bbox 2468 2642 2631 2699; x_wconf 91' lang='lat' dir='ltr'><strong>quam</strong></span> <span class='ocrx_word' id='word_1_407' title='bbox 2670 2642 2772 2682; x_wconf 89' lang='lat' dir='ltr'><strong>nos</strong></span> <span class='ocrx_word' id='word_1_408' title='bbox 2827 2625 2938 2682; x_wconf 86' lang='lat' dir='ltr'><strong>Deo</strong></span> <span class='ocrx_word' id='word_1_409' title='bbox 2991 2636 3248 2698; x_wconf 86' lang='lat' dir='ltr'><strong>tanquam</strong></span> <span class='ocrx_word' id='word_1_410' title='bbox 3303 2626 3544 2682; x_wconf 90' lang='lat' dir='ltr'><strong>debitam</strong></span> 
     </span>
    </p>
   </div>
   <div class='ocr_carea' id='block_1_58' title="bbox 1973 2717 3546 2790">
    <p class='ocr_par' dir='ltr' id='par_1_58' title="bbox 1973 2717 3546 2790">
     <span class='ocr_line' id='line_1_58' title="bbox 1973 2717 3546 2790; baseline -0.003 -14"><span class='ocrx_word' id='word_1_411' title='bbox 1973 2718 2272 2776; x_wconf 78' lang='lat' dir='ltr'><strong>deferimus</strong></span> <span class='ocrx_word' id='word_1_412' title='bbox 2297 2730 2460 2790; x_wconf 87' lang='lat' dir='ltr'><strong>atque</strong></span> <span class='ocrx_word' id='word_1_413' title='bbox 2487 2718 2863 2789; x_wconf 86' lang='lat' dir='ltr'><strong>rependimus.</strong></span> <span class='ocrx_word' id='word_1_414' title='bbox 2887 2717 3076 2789; x_wconf 86' lang='lat' dir='ltr'><strong>Itaque</strong></span> <span class='ocrx_word' id='word_1_415' title='bbox 3102 2718 3299 2774; x_wconf 81' lang='lat' dir='ltr'><strong>adorat</strong></span> <span class='ocrx_word' id='word_1_416' title='bbox 3327 2719 3546 2789; x_wconf 90' lang='lat' dir='ltr'><strong>quidem</strong></span> 
     </span>
    </p>
   </div>
   <div class='ocr_carea' id='block_1_59' title="bbox 1974 2810 3546 2882">
    <p class='ocr_par' dir='ltr' id='par_1_59' title="bbox 1974 2810 3546 2882">
     <span class='ocr_line' id='line_1_59' title="bbox 1974 2810 3546 2882; baseline -0.002 -15"><span class='ocrx_word' id='word_1_417' title='bbox 1974 2819 2036 2867; x_wconf 92' lang='lat' dir='ltr'><strong>ut</strong></span> <span class='ocrx_word' id='word_1_418' title='bbox 2065 2811 2248 2879; x_wconf 91' lang='lat' dir='ltr'><strong>homo,</strong></span> <span class='ocrx_word' id='word_1_419' title='bbox 2276 2811 2716 2882; x_wconf 86' lang='lat' dir='ltr'><strong>quandoquidem</strong></span> <span class='ocrx_word' id='word_1_420' title='bbox 2753 2810 2926 2866; x_wconf 78' lang='lat' dir='ltr'><strong>factus</strong></span> <span class='ocrx_word' id='word_1_421' title='bbox 2946 2820 3028 2867; x_wconf 89' lang='lat' dir='ltr'><strong>est</strong></span> <span class='ocrx_word' id='word_1_422' title='bbox 3056 2810 3256 2876; x_wconf 88' lang='lat' dir='ltr'><strong>homo;</strong></span> <span class='ocrx_word' id='word_1_423' title='bbox 3283 2811 3546 2865; x_wconf 86' lang='lat' dir='ltr'><strong>adoratur</strong></span> 
     </span>
    </p>
   </div>
   <div class='ocr_carea' id='block_1_60' title="bbox 1973 2900 3550 2974">
    <p class='ocr_par' dir='ltr' id='par_1_60' title="bbox 1973 2900 3550 2974">
     <span class='ocr_line' id='line_1_60' title="bbox 1973 2900 3550 2974; baseline 0.002 -19"><span class='ocrx_word' id='word_1_424' title='bbox 1973 2917 2106 2957; x_wconf 84' lang='lat' dir='ltr'><strong>vero</strong></span> <span class='ocrx_word' id='word_1_425' title='bbox 2159 2917 2379 2974; x_wconf 86' lang='lat' dir='ltr'><strong>semper</strong></span> <span class='ocrx_word' id='word_1_426' title='bbox 2414 2917 2539 2956; x_wconf 88' lang='lat' dir='ltr'><strong>cum</strong></span> <span class='ocrx_word' id='word_1_427' title='bbox 2572 2900 2759 2968; x_wconf 90' lang='lat' dir='ltr'><strong>Patre,</strong></span> <span class='ocrx_word' id='word_1_428' title='bbox 2821 2901 2951 2972; x_wconf 91' lang='lat' dir='ltr'><strong>quia</strong></span> <span class='ocrx_word' id='word_1_429' title='bbox 3006 2900 3150 2957; x_wconf 90' lang='lat' dir='ltr'><strong>Deus</strong></span> <span class='ocrx_word' id='word_1_430' title='bbox 3189 2909 3272 2957; x_wconf 89' lang='lat' dir='ltr'><strong>est</strong></span> <span class='ocrx_word' id='word_1_431' title='bbox 3332 2901 3550 2972; x_wconf 88' lang='lat' dir='ltr'><strong>eritque</strong></span> 
     </span>
    </p>
   </div>
   <div class='ocr_carea' id='block_1_61' title="bbox 1977 2990 3552 3059">
    <p class='ocr_par' dir='ltr' id='par_1_61' title="bbox 1977 2990 3552 3059">
     <span class='ocr_line' id='line_1_61' title="bbox 1977 2990 3552 3059; baseline -0.002 -9"><span class='ocrx_word' id='word_1_432' title='bbox 1977 2995 2279 3050; x_wconf 84' lang='lat' dir='ltr'><strong>secundum</strong></span> <span class='ocrx_word' id='word_1_433' title='bbox 2338 3002 2617 3059; x_wconf 89' lang='lat' dir='ltr'><strong>naturam,</strong></span> <span class='ocrx_word' id='word_1_434' title='bbox 2651 3007 2716 3048; x_wconf 90' lang='lat' dir='ltr'><strong>ac</strong></span> <span class='ocrx_word' id='word_1_435' title='bbox 2748 3008 2934 3049; x_wconf 86' lang='lat' dir='ltr'><strong>verus.</strong></span> <span class='ocrx_word' id='word_1_436' title='bbox 2989 2990 3097 3047; x_wconf 90' lang='lat' dir='ltr'><strong>Sed</strong></span> <span class='ocrx_word' id='word_1_437' title='bbox 3162 3007 3271 3047; x_wconf 90' lang='lat' dir='ltr'><strong>non</strong></span> <span class='ocrx_word' id='word_1_438' title='bbox 3326 2994 3379 3047; x_wconf 91' lang='lat' dir='ltr'><strong>id</strong></span> <span class='ocrx_word' id='word_1_439' title='bbox 3415 2993 3552 3048; x_wconf 81' lang='lat' dir='ltr'><strong>feret</strong></span> 
     </span>
    </p>
   </div>
   <div class='ocr_carea' id='block_1_62' title="bbox 291 3080 1874 3168">
    <p class='ocr_par' dir='ltr' id='par_1_62' title="bbox 291 3086 1874 3158">
     <span class='ocr_line' id='line_1_62' title="bbox 291 3086 1874 3158; baseline 0.003 -21"><span class='ocrx_word' id='word_1_440' title='bbox 291 3088 601 3156; x_wconf 83' lang='grc' dir='ltr'>προσκυνεῖ</span> <span class='ocrx_word' id='word_1_441' title='bbox 625 3087 721 3157; x_wconf 82' lang='grc' dir='ltr'>μὲν</span> <span class='ocrx_word' id='word_1_442' title='bbox 747 3086 823 3151; x_wconf 82' lang='grc' dir='ltr'><strong>ὡς</strong></span> <span class='ocrx_word' id='word_1_443' title='bbox 861 3087 1166 3158; x_wconf 78' lang='grc' dir='ltr'>ἄνθρωπος,</span> <span class='ocrx_word' id='word_1_444' title='bbox 1201 3087 1290 3141; x_wconf 80' lang='grc' dir='ltr'>ὅτε</span> <span class='ocrx_word' id='word_1_445' title='bbox 1314 3088 1536 3158; x_wconf 82' lang='grc' dir='ltr'>γέγονεν</span> <span class='ocrx_word' id='word_1_446' title='bbox 1568 3086 1874 3158; x_wconf 77' lang='grc' dir='ltr'>ἄνθρωπος,</span> 
     </span>
    </p>
   </div>
   <div class='ocr_carea' id='block_1_63' title="bbox 1975 3080 3554 3168">
    <p class='ocr_par' dir='ltr' id='par_1_63' title="bbox 1979 3080 3554 3146">
     <span class='ocr_line' id='line_1_63' title="bbox 1979 3080 3554 3146; baseline -0.004 -6"><span class='ocrx_word' id='word_1_447' title='bbox 1979 3085 2160 3140; x_wconf 87' lang='lat' dir='ltr'><strong>denuo</strong></span> <span class='ocrx_word' id='word_1_448' title='bbox 2193 3083 2562 3146; x_wconf 88' lang='lat' dir='ltr'><strong>adversarius,</strong></span> <span class='ocrx_word' id='word_1_449' title='bbox 2587 3097 2779 3138; x_wconf 90' lang='lat' dir='ltr'><strong>verum</strong></span> <span class='ocrx_word' id='word_1_450' title='bbox 2812 3081 2868 3136; x_wconf 90' lang='lat' dir='ltr'><strong>in</strong></span> <span class='ocrx_word' id='word_1_451' title='bbox 2898 3096 3000 3136; x_wconf 93' lang='lat' dir='ltr'><strong>nos</strong></span> <span class='ocrx_word' id='word_1_452' title='bbox 3032 3080 3116 3136; x_wconf 91' lang='lat' dir='ltr'><strong>his</strong></span> <span class='ocrx_word' id='word_1_453' title='bbox 3148 3081 3334 3137; x_wconf 89' lang='lat' dir='ltr'><strong>verbis</strong></span> <span class='ocrx_word' id='word_1_454' title='bbox 3365 3082 3554 3136; x_wconf 82' lang='lat' dir='ltr'><strong>insur-</strong></span> 
     </span>
    </p>
   </div>
   <div class='ocr_carea' id='block_1_64' title="bbox 290 3175 1874 3249">
    <p class='ocr_par' dir='ltr' id='par_1_64' title="bbox 290 3175 1874 3249">
     <span class='ocr_line' id='line_1_64' title="bbox 290 3175 1874 3249; baseline 0.001 -21"><span class='ocrx_word' id='word_1_455' title='bbox 290 3178 684 3247; x_wconf 80' lang='grc' dir='ltr'>προσκυνεῖται</span> <span class='ocrx_word' id='word_1_456' title='bbox 716 3175 774 3230; x_wconf 80' lang='grc' dir='ltr'>δὲ</span> <span class='ocrx_word' id='word_1_457' title='bbox 795 3178 882 3244; x_wconf 70' lang='grc' dir='ltr'>ἀεὶ</span> <span class='ocrx_word' id='word_1_458' title='bbox 912 3177 1050 3248; x_wconf 86' lang='grc' dir='ltr'>μετὰ</span> <span class='ocrx_word' id='word_1_459' title='bbox 1081 3178 1312 3249; x_wconf 85' lang='grc' dir='ltr'>Πατρδς,</span> <span class='ocrx_word' id='word_1_460' title='bbox 1345 3178 1469 3231; x_wconf 79' lang='grc' dir='ltr'>ἐπεὶ</span> <span class='ocrx_word' id='word_1_461' title='bbox 1496 3177 1628 3241; x_wconf 90' lang='grc' dir='ltr'>Θεός</span> <span class='ocrx_word' id='word_1_462' title='bbox 1661 3178 1780 3231; x_wconf 81' lang='grc' dir='ltr'>ὲστί</span> <span class='ocrx_word' id='word_1_463' title='bbox 1813 3195 1874 3230; x_wconf 87' lang='grc' dir='ltr'><strong>τε</strong></span> 
     </span>
    </p>
   </div>
   <div class='ocr_carea' id='block_1_65' title="bbox 289 3266 1880 3342">
    <p class='ocr_par' dir='ltr' id='par_1_65' title="bbox 289 3266 1880 3342">
     <span class='ocr_line' id='line_1_65' title="bbox 289 3266 1880 3342; baseline 0.003 -24"><span class='ocrx_word' id='word_1_464' title='bbox 289 3267 391 3320; x_wconf 75' lang='grc' dir='ltr'>καὶ</span> <span class='ocrx_word' id='word_1_465' title='bbox 451 3266 605 3321; x_wconf 73' lang='grc' dir='ltr'>ἔσται</span> <span class='ocrx_word' id='word_1_466' title='bbox 656 3269 800 3323; x_wconf 84' lang='grc' dir='ltr'><strong>κατά</strong></span> <span class='ocrx_word' id='word_1_467' title='bbox 856 3269 1052 3340; x_wconf 84' lang='grc' dir='ltr'>φύσιν,</span> <span class='ocrx_word' id='word_1_468' title='bbox 1097 3271 1194 3324; x_wconf 73' lang='grc' dir='ltr'><strong>καὶ</strong></span> <span class='ocrx_word' id='word_1_469' title='bbox 1239 3269 1512 3342; x_wconf 82' lang='grc' dir='ltr'>ἀληθινός.</span> <span class='ocrx_word' id='word_1_470' title='bbox 1590 3270 1730 3324; x_wconf 85' lang='grc' dir='ltr'>Ἀλλ’</span> <span class='ocrx_word' id='word_1_471' title='bbox 1777 3270 1880 3324; x_wconf 83' lang='grc' dir='ltr'><strong>οὑκ</strong></span> 
     </span>
    </p>
   </div>
   <div class='ocr_carea' id='block_1_66' title="bbox 288 3355 1878 3430">
    <p class='ocr_par' dir='ltr' id='par_1_66' title="bbox 288 3355 1878 3430">
     <span class='ocr_line' id='line_1_66' title="bbox 288 3355 1878 3430; baseline 0.004 -20"><span class='ocrx_word' id='word_1_472' title='bbox 288 3355 547 3421; x_wconf 74' lang='grc' dir='ltr'>ἀνέξεται</span> <span class='ocrx_word' id='word_1_473' title='bbox 585 3359 748 3414; x_wconf 86' lang='grc' dir='ltr'>πάλιν</span> <span class='ocrx_word' id='word_1_474' title='bbox 776 3362 805 3414; x_wconf 87' lang='grc' dir='ltr'>ὁ</span> <span class='ocrx_word' id='word_1_475' title='bbox 835 3360 902 3414; x_wconf 83' lang='grc' dir='ltr'><strong>δι’</strong></span> <span class='ocrx_word' id='word_1_476' title='bbox 934 3360 1202 3426; x_wconf 76' lang='grc' dir='ltr'>ἐναντίας,</span> <span class='ocrx_word' id='word_1_477' title='bbox 1244 3363 1419 3415; x_wconf 71' lang='grc' dir='ltr'>ἐκεῖνο</span> <span class='ocrx_word' id='word_1_478' title='bbox 1443 3361 1502 3414; x_wconf 74' lang='grc' dir='ltr'>δὲ</span> <span class='ocrx_word' id='word_1_479' title='bbox 1528 3361 1704 3430; x_wconf 83' lang='grc' dir='ltr'>λέγων</span> <span class='ocrx_word' id='word_1_480' title='bbox 1743 3362 1878 3415; x_wconf 85' lang='grc' dir='ltr'>ἀνα-</span> 
     </span>
    </p>
   </div>
   <div class='ocr_carea' id='block_1_67' title="bbox 292 3449 1879 3524">
    <p class='ocr_par' dir='ltr' id='par_1_67' title="bbox 292 3449 1879 3524">
     <span class='ocr_line' id='line_1_67' title="bbox 292 3449 1879 3524; baseline 0.004 -24"><span class='ocrx_word' id='word_1_481' title='bbox 292 3449 561 3518; x_wconf 84' lang='grc' dir='ltr'>στήσεται</span> <span class='ocrx_word' id='word_1_482' title='bbox 587 3467 602 3482; x_wconf 87' lang='grc'>⁶</span> <span class='ocrx_word' id='word_1_483' title='bbox 653 3451 747 3523; x_wconf 82' lang='grc' dir='ltr'><strong>Μὴ</strong></span> <span class='ocrx_word' id='word_1_484' title='bbox 795 3451 1001 3517; x_wconf 81' lang='grc' dir='ltr'>ξενίζου</span> <span class='ocrx_word' id='word_1_485' title='bbox 1049 3454 1375 3524; x_wconf 83' lang='grc' dir='ltr'>προσκυνεῖν</span> <span class='ocrx_word' id='word_1_486' title='bbox 1421 3453 1510 3506; x_wconf 82' lang='grc' dir='ltr'>ὅτε</span> <span class='ocrx_word' id='word_1_487' title='bbox 1557 3453 1742 3522; x_wconf 84' lang='grc' dir='ltr'>φαμὲν</span> <span class='ocrx_word' id='word_1_488' title='bbox 1787 3453 1879 3506; x_wconf 77' lang='grc' dir='ltr'><strong>τὸν</strong></span> 
     </span>
    </p>
   </div>
   <div class='ocr_carea' id='block_1_68' title="bbox 291 3541 1873 3618">
    <p class='ocr_par' dir='ltr' id='par_1_68' title="bbox 291 3541 1873 3618">
     <span class='ocr_line' id='line_1_68' title="bbox 291 3541 1873 3618; baseline 0.003 -24"><span class='ocrx_word' id='word_1_489' title='bbox 291 3541 450 3595; x_wconf 82' lang='grc' dir='ltr'>Υἱόν.</span> <span class='ocrx_word' id='word_1_490' title='bbox 494 3543 572 3597; x_wconf 83' lang='grc' dir='ltr'><strong>Οὐ</strong></span> <span class='ocrx_word' id='word_1_491' title='bbox 603 3543 713 3617; x_wconf 85' lang='grc' dir='ltr'>γὰρ</span> <span class='ocrx_word' id='word_1_492' title='bbox 737 3544 910 3610; x_wconf 74' lang='grc' dir='ltr'>οὕτως</span> <span class='ocrx_word' id='word_1_493' title='bbox 938 3545 1162 3616; x_wconf 77' lang='grc' dir='ltr'>οἰόμεθα</span> <span class='ocrx_word' id='word_1_494' title='bbox 1191 3547 1388 3617; x_wconf 81' lang='grc' dir='ltr'>χρῆναι</span> <span class='ocrx_word' id='word_1_495' title='bbox 1418 3547 1745 3618; x_wconf 86' lang='grc' dir='ltr'>προσκυνεῖν</span> <span class='ocrx_word' id='word_1_496' title='bbox 1777 3546 1873 3599; x_wconf 57' lang='grc' dir='ltr'><strong>αὑ.</strong></span> 
     </span>
    </p>
   </div>
   <div class='ocr_carea' id='block_1_69' title="bbox 287 3632 1882 3709">
    <p class='ocr_par' dir='ltr' id='par_1_69' title="bbox 287 3632 1882 3709">
     <span class='ocr_line' id='line_1_69' title="bbox 287 3632 1882 3709; baseline 0.004 -25"><span class='ocrx_word' id='word_1_497' title='bbox 287 3632 387 3685; x_wconf 79' lang='grc' dir='ltr'><strong>τὸν</strong></span> <span class='ocrx_word' id='word_1_498' title='bbox 430 3633 513 3705; x_wconf 87' lang='grc' dir='ltr'><strong>τῷ</strong></span> <span class='ocrx_word' id='word_1_499' title='bbox 562 3635 759 3706; x_wconf 78' lang='grc' dir='ltr'>Πατρὶ,</span> <span class='ocrx_word' id='word_1_500' title='bbox 802 3635 991 3709; x_wconf 83' lang='grc' dir='ltr'>ὥσπερ</span> <span class='ocrx_word' id='word_1_501' title='bbox 1025 3632 1119 3690; x_wconf 83' lang='grc' dir='ltr'><strong>οὖν</strong></span> <span class='ocrx_word' id='word_1_502' title='bbox 1151 3636 1342 3706; x_wconf 80' lang='grc' dir='ltr'>ἀμέλει</span> <span class='ocrx_word' id='word_1_503' title='bbox 1385 3635 1480 3690; x_wconf 58' lang='grc' dir='ltr'><strong>καὶ⁹</strong></span> <span class='ocrx_word' id='word_1_504' title='bbox 1508 3637 1676 3707; x_wconf 81' lang='grc' dir='ltr'>ἡμᾶς,</span> <span class='ocrx_word' id='word_1_505' title='bbox 1712 3635 1748 3706; x_wconf 81' lang='grc' dir='ltr'><strong>ἢ</strong></span> <span class='ocrx_word' id='word_1_506' title='bbox 1787 3636 1882 3690; x_wconf 74' lang='grc' dir='ltr'>καὶ</span> 
     </span>
    </p>
   </div>
   <div class='ocr_carea' id='block_1_70' title="bbox 291 3720 1882 3796">
    <p class='ocr_par' dir='ltr' id='par_1_70' title="bbox 291 3720 1882 3796">
     <span class='ocr_line' id='line_1_70' title="bbox 291 3720 1882 3796; baseline 0.003 -24"><span class='ocrx_word' id='word_1_507' title='bbox 291 3720 564 3788; x_wconf 81' lang='grc' dir='ltr'>ἀγγέλους</span> <span class='ocrx_word' id='word_1_508' title='bbox 583 3721 765 3792; x_wconf 76' lang='grc' dir='ltr'>τυχὸν,</span> <span class='ocrx_word' id='word_1_509' title='bbox 789 3722 904 3776; x_wconf 79' lang='grc' dir='ltr'>ἀλλ’</span> <span class='ocrx_word' id='word_1_510' title='bbox 925 3721 1199 3796; x_wconf 76' lang='grc' dir='ltr'>ἐξαίρετός</span> <span class='ocrx_word' id='word_1_511' title='bbox 1221 3721 1305 3786; x_wconf 91' lang='grc' dir='ltr'><strong>τίς</strong></span> <span class='ocrx_word' id='word_1_512' title='bbox 1332 3722 1480 3776; x_wconf 72' lang='grc' dir='ltr'>ἐστιν</span> <span class='ocrx_word' id='word_1_513' title='bbox 1503 3724 1537 3794; x_wconf 81' lang='grc' dir='ltr'>ἠ</span> <span class='ocrx_word' id='word_1_514' title='bbox 1571 3723 1882 3794; x_wconf 83' lang='grc' dir='ltr'>προσκύνη-</span> 
     </span>
    </p>
   </div>
   <div class='ocr_carea' id='block_1_71' title="bbox 291 3805 1884 3882">
    <p class='ocr_par' dir='ltr' id='par_1_71' title="bbox 291 3805 1884 3882">
     <span class='ocr_line' id='line_1_71' title="bbox 291 3805 1884 3882; baseline 0.004 -23"><span class='ocrx_word' id='word_1_515' title='bbox 291 3823 406 3870; x_wconf 87' lang='grc' dir='ltr'>σις,</span> <span class='ocrx_word' id='word_1_516' title='bbox 457 3807 553 3861; x_wconf 73' lang='grc' dir='ltr'>καὶ</span> <span class='ocrx_word' id='word_1_517' title='bbox 599 3809 734 3864; x_wconf 79' lang='grc' dir='ltr'>πολὺ</span> <span class='ocrx_word' id='word_1_518' title='bbox 763 3810 865 3880; x_wconf 84' lang='grc' dir='ltr'>τῆς</span> <span class='ocrx_word' id='word_1_519' title='bbox 898 3812 1030 3882; x_wconf 86' lang='grc' dir='ltr'>παρ’</span> <span class='ocrx_word' id='word_1_520' title='bbox 1071 3811 1230 3882; x_wconf 76' lang='grc' dir='ltr'>ἡμῶν</span> <span class='ocrx_word' id='word_1_521' title='bbox 1270 3812 1328 3864; x_wconf 74' lang='grc' dir='ltr'>ὲν</span> <span class='ocrx_word' id='word_1_522' title='bbox 1357 3808 1627 3881; x_wconf 84' lang='grc' dir='ltr'>ἀμείνοσι.</span> <span class='ocrx_word' id='word_1_523' title='bbox 1678 3811 1744 3864; x_wconf 89' lang='grc' dir='ltr'><strong>Τί</strong></span> <span class='ocrx_word' id='word_1_524' title='bbox 1788 3805 1884 3865; x_wconf 81' lang='grc' dir='ltr'><strong>οὖν</strong></span> 
     </span>
    </p>
   </div>
   <div class='ocr_carea' id='block_1_72' title="bbox 290 3893 1884 3970">
    <p class='ocr_par' dir='ltr' id='par_1_72' title="bbox 290 3893 1884 3970">
     <span class='ocr_line' id='line_1_72' title="bbox 290 3893 1884 3970; baseline 0.003 -23"><span class='ocrx_word' id='word_1_525' title='bbox 290 3895 434 3965; x_wconf 80' lang='grc' dir='ltr'>πρὸς</span> <span class='ocrx_word' id='word_1_526' title='bbox 459 3893 632 3948; x_wconf 89' lang='grc' dir='ltr'>ταῦτα</span> <span class='ocrx_word' id='word_1_527' title='bbox 654 3897 814 3951; x_wconf 83' lang='grc' dir='ltr'>πάλιν</span> <span class='ocrx_word' id='word_1_528' title='bbox 835 3898 1067 3970; x_wconf 75' lang='grc' dir='ltr'>ἐροῦμεν</span> <span class='ocrx_word' id='word_1_529' title='bbox 1087 3900 1246 3969; x_wconf 81' lang='grc' dir='ltr'>ἡμεῖς</span> <span class='ocrx_word' id='word_1_530' title='bbox 1265 3915 1280 3964; x_wconf 85' lang='lat'><strong>;</strong></span> <span class='ocrx_word' id='word_1_531' title='bbox 1317 3900 1406 3962; x_wconf 80' lang='grc' dir='ltr'>Ὠς</span> <span class='ocrx_word' id='word_1_532' title='bbox 1427 3897 1884 3970; x_wconf 81' lang='grc' dir='ltr'>ἀξιολογωτάτην,</span> 
     </span>
    </p>
   </div>
   <div class='ocr_carea' id='block_1_73' title="bbox 291 3981 1884 4058">
    <p class='ocr_par' dir='ltr' id='par_1_73' title="bbox 291 3981 1884 4058">
     <span class='ocr_line' id='line_1_73' title="bbox 291 3981 1884 4058; baseline 0.004 -22"><span class='ocrx_word' id='word_1_533' title='bbox 291 3981 580 4052; x_wconf 79' lang='grc' dir='ltr'>ἄνθρωπε,</span> <span class='ocrx_word' id='word_1_534' title='bbox 616 3983 914 4056; x_wconf 78' lang='grc' dir='ltr'>περιτιθεὶς</span> <span class='ocrx_word' id='word_1_535' title='bbox 944 3984 1023 4055; x_wconf 85' lang='grc' dir='ltr'><strong>τῷ</strong></span> <span class='ocrx_word' id='word_1_536' title='bbox 1049 3986 1349 4054; x_wconf 87' lang='grc' dir='ltr'>Μονογενεῖ</span> <span class='ocrx_word' id='word_1_537' title='bbox 1375 3986 1475 4058; x_wconf 80' lang='grc' dir='ltr'><strong>τὴν</strong></span> <span class='ocrx_word' id='word_1_538' title='bbox 1503 3985 1766 4052; x_wconf 89' lang='grc' dir='ltr'>δουλείαν,</span> <span class='ocrx_word' id='word_1_539' title='bbox 1789 3988 1884 4042; x_wconf 80' lang='grc' dir='ltr'>καὶ</span> 
     </span>
    </p>
   </div>
   <div class='ocr_carea' id='block_1_74' title="bbox 291 4071 1886 4148">
    <p class='ocr_par' dir='ltr' id='par_1_74' title="bbox 291 4071 1886 4148">
     <span class='ocr_line' id='line_1_74' title="bbox 291 4071 1886 4148; baseline 0.002 -23"><span class='ocrx_word' id='word_1_540' title='bbox 291 4071 575 4125; x_wconf 78' lang='grc' dir='ltr'>οίκετικδν</span> <span class='ocrx_word' id='word_1_541' title='bbox 603 4073 820 4144; x_wconf 80' lang='grc' dir='ltr'>ἀξίωμα</span> <span class='ocrx_word' id='word_1_542' title='bbox 851 4075 962 4138; x_wconf 85' lang='grc' dir='ltr'>τοῖς</span> <span class='ocrx_word' id='word_1_543' title='bbox 987 4075 1048 4139; x_wconf 77' lang='grc' dir='ltr'>ἐξ</span> <span class='ocrx_word' id='word_1_544' title='bbox 1080 4074 1298 4147; x_wconf 88' lang='grc' dir='ltr'>ἀπάτης</span> <span class='ocrx_word' id='word_1_545' title='bbox 1331 4075 1763 4148; x_wconf 82' lang='grc' dir='ltr'>καταχρυσώσας</span> <span class='ocrx_word' id='word_1_546' title='bbox 1793 4075 1886 4128; x_wconf 74' lang='grc' dir='ltr'>λόε-</span> 
     </span>
    </p>
   </div>
   <div class='ocr_carea' id='block_1_75' title="bbox 293 4161 1884 4233">
    <p class='ocr_par' dir='ltr' id='par_1_75' title="bbox 293 4161 1884 4233">
     <span class='ocr_line' id='line_1_75' title="bbox 293 4161 1884 4233; baseline 0.003 -21"><span class='ocrx_word' id='word_1_547' title='bbox 293 4176 417 4227; x_wconf 86' lang='grc' dir='ltr'>γοις</span> <span class='ocrx_word' id='word_1_548' title='bbox 450 4161 615 4226; x_wconf 80' lang='grc' dir='ltr'>τισὶν,</span> <span class='ocrx_word' id='word_1_549' title='bbox 647 4161 748 4214; x_wconf 76' lang='grc' dir='ltr'>οἴει</span> <span class='ocrx_word' id='word_1_550' title='bbox 778 4163 1275 4233; x_wconf 86' lang='grc' dir='ltr'>παρακρουόμενος.</span> <span class='ocrx_word' id='word_1_551' title='bbox 1318 4163 1531 4217; x_wconf 89' lang='grc' dir='ltr'>Παῦσαι</span> <span class='ocrx_word' id='word_1_552' title='bbox 1559 4161 1798 4228; x_wconf 81' lang='grc' dir='ltr'>δοξάζων</span> <span class='ocrx_word' id='word_1_553' title='bbox 1825 4163 1884 4216; x_wconf 82' lang='grc' dir='ltr'>ἐν</span> 
     </span>
    </p>
   </div>
   <div class='ocr_carea' id='block_1_76' title="bbox 295 4249 1868 4323">
    <p class='ocr_par' dir='ltr' id='par_1_76' title="bbox 295 4249 1868 4323">
     <span class='ocr_line' id='line_1_76' title="bbox 295 4249 1868 4323; baseline 0.003 -23"><span class='ocrx_word' id='word_1_554' title='bbox 295 4249 500 4320; x_wconf 78' lang='grc' dir='ltr'>ἀτιμίᾳ</span> <span class='ocrx_word' id='word_1_555' title='bbox 555 4249 645 4303; x_wconf 79' lang='grc' dir='ltr'><strong>τὸν</strong></span> <span class='ocrx_word' id='word_1_556' title='bbox 692 4250 854 4313; x_wconf 77' lang='grc' dir='ltr'>Υίὸν,</span> <span class='ocrx_word' id='word_1_557' title='bbox 905 4251 994 4304; x_wconf 85' lang='grc' dir='ltr'><strong>ἵνα</strong></span> <span class='ocrx_word' id='word_1_558' title='bbox 1047 4252 1235 4323; x_wconf 77' lang='grc' dir='ltr'>μείνῃς</span> <span class='ocrx_word' id='word_1_559' title='bbox 1277 4251 1454 4321; x_wconf 86' lang='grc' dir='ltr'>τιμῶν</span> <span class='ocrx_word' id='word_1_560' title='bbox 1497 4251 1588 4305; x_wconf 82' lang='grc' dir='ltr'><strong>τὸν</strong></span> <span class='ocrx_word' id='word_1_561' title='bbox 1628 4249 1868 4322; x_wconf 72' lang='grc' dir='ltr'>Πατέρα.</span> 
     </span>
    </p>
   </div>
   <div class='ocr_carea' id='block_1_77' title="bbox 303 4333 1878 4409">
    <p class='ocr_par' dir='ltr' id='par_1_77' title="bbox 303 4333 1878 4409">
     <span class='ocr_line' id='line_1_77' title="bbox 303 4333 1878 4409; baseline 0.003 -23"><span class='ocrx_word' id='word_1_562' title='bbox 303 4354 320 4386; x_wconf 76' lang='grc' dir='ltr'><strong>ι</strong></span> <span class='ocrx_word' id='word_1_563' title='bbox 345 4336 407 4387; x_wconf 88' lang='lat'><strong>&#39;0</strong></span> <span class='ocrx_word' id='word_1_564' title='bbox 431 4334 545 4406; x_wconf 74' lang='grc' dir='ltr'>γὰρ</span> <span class='ocrx_word' id='word_1_565' title='bbox 572 4333 850 4408; x_wconf 61' lang='grc' dir='ltr'>μὴητιμῶν</span> <span class='ocrx_word' id='word_1_566' title='bbox 877 4337 969 4392; x_wconf 84' lang='grc' dir='ltr'><strong>τὸν</strong></span> <span class='ocrx_word' id='word_1_567' title='bbox 995 4337 1144 4402; x_wconf 83' lang='grc' dir='ltr'>Υίδν,</span> <span class='ocrx_word' id='word_1_568' title='bbox 1174 4338 1296 4392; x_wconf 83' lang='grc' dir='ltr'>οὐδὲ</span> <span class='ocrx_word' id='word_1_569' title='bbox 1319 4339 1412 4392; x_wconf 82' lang='grc' dir='ltr'><strong>τὸν</strong></span> <span class='ocrx_word' id='word_1_570' title='bbox 1441 4337 1660 4408; x_wconf 89' lang='grc' dir='ltr'>Πατέρα</span> <span class='ocrx_word' id='word_1_571' title='bbox 1681 4339 1838 4409; x_wconf 79' lang='grc' dir='ltr'>τιμᾷ,</span> <span class='ocrx_word' id='word_1_572' title='bbox 1860 4357 1878 4390; x_wconf 76' lang='grc' dir='ltr'><strong>ι</strong></span> 
     </span>
    </p>
   </div>
   <div class='ocr_carea' id='block_1_78' title="bbox 298 4422 1886 4498">
    <p class='ocr_par' dir='ltr' id='par_1_78' title="bbox 298 4422 1886 4498">
     <span class='ocr_line' id='line_1_78' title="bbox 298 4422 1886 4498; baseline 0.003 -22"><span class='ocrx_word' id='word_1_573' title='bbox 298 4422 487 4487; x_wconf 83' lang='grc' dir='ltr'>καθὼς</span> <span class='ocrx_word' id='word_1_574' title='bbox 513 4424 841 4493; x_wconf 83' lang='grc' dir='ltr'>γέγραπται.</span> <span class='ocrx_word' id='word_1_575' title='bbox 867 4426 933 4479; x_wconf 90' lang='grc' dir='ltr'>Τί</span> <span class='ocrx_word' id='word_1_576' title='bbox 958 4426 1089 4498; x_wconf 83' lang='grc' dir='ltr'>γὰρ,</span> <span class='ocrx_word' id='word_1_577' title='bbox 1121 4427 1241 4480; x_wconf 81' lang='grc' dir='ltr'>είπέ</span> <span class='ocrx_word' id='word_1_578' title='bbox 1272 4444 1380 4498; x_wconf 87' lang='grc' dir='ltr'>μοι,</span> <span class='ocrx_word' id='word_1_579' title='bbox 1415 4425 1552 4498; x_wconf 77' lang='grc' dir='ltr'>πρὸς</span> <span class='ocrx_word' id='word_1_580' title='bbox 1577 4427 1886 4498; x_wconf 79' lang='grc' dir='ltr'>ἐλευθερίαν</span> 
     </span>
    </p>
   </div>
   <div class='ocr_carea' id='block_1_79' title="bbox 300 4511 1880 4586">
    <p class='ocr_par' dir='ltr' id='par_1_79' title="bbox 300 4511 1880 4586">
     <span class='ocr_line' id='line_1_79' title="bbox 300 4511 1880 4586; baseline 0.003 -23"><span class='ocrx_word' id='word_1_581' title='bbox 300 4512 490 4582; x_wconf 76' lang='grc' dir='ltr'>ὀνήσει</span> <span class='ocrx_word' id='word_1_582' title='bbox 535 4511 629 4564; x_wconf 85' lang='grc' dir='ltr'><strong>τὸν</strong></span> <span class='ocrx_word' id='word_1_583' title='bbox 679 4512 976 4584; x_wconf 83' lang='grc' dir='ltr'>Μονογενῆ,</span> <span class='ocrx_word' id='word_1_584' title='bbox 1025 4514 1086 4567; x_wconf 82' lang='grc' dir='ltr'>τὸ</span> <span class='ocrx_word' id='word_1_585' title='bbox 1126 4512 1401 4586; x_wconf 76' lang='grc' dir='ltr'>ἐξαίρετον</span> <span class='ocrx_word' id='word_1_586' title='bbox 1433 4515 1704 4567; x_wconf 88' lang='grc' dir='ltr'>ποιεῖσθαι</span> <span class='ocrx_word' id='word_1_587' title='bbox 1747 4514 1880 4585; x_wconf 88' lang='grc' dir='ltr'>παρ’</span> 
     </span>
    </p>
   </div>
   <div class='ocr_carea' id='block_1_80' title="bbox 302 4599 1884 4673">
    <p class='ocr_par' dir='ltr' id='par_1_80' title="bbox 302 4599 1884 4673">
     <span class='ocr_line' id='line_1_80' title="bbox 302 4599 1884 4673; baseline 0.001 -21"><span class='ocrx_word' id='word_1_588' title='bbox 302 4599 453 4668; x_wconf 75' lang='grc' dir='ltr'>ἡμᾶς</span> <span class='ocrx_word' id='word_1_589' title='bbox 518 4600 619 4670; x_wconf 80' lang='grc' dir='ltr'>τὴν</span> <span class='ocrx_word' id='word_1_590' title='bbox 687 4599 1094 4672; x_wconf 84' lang='grc' dir='ltr'>προσκύνησιν;</span> <span class='ocrx_word' id='word_1_591' title='bbox 1164 4601 1310 4664; x_wconf 89' lang='grc' dir='ltr'>Ἕως</span> <span class='ocrx_word' id='word_1_592' title='bbox 1370 4600 1480 4673; x_wconf 81' lang='grc' dir='ltr'>γὰρ</span> <span class='ocrx_word' id='word_1_593' title='bbox 1544 4599 1610 4654; x_wconf 83' lang='grc' dir='ltr'>ἂν</span> <span class='ocrx_word' id='word_1_594' title='bbox 1664 4601 1722 4654; x_wconf 82' lang='grc' dir='ltr'>ὲν</span> <span class='ocrx_word' id='word_1_595' title='bbox 1773 4603 1884 4666; x_wconf 88' lang='grc' dir='ltr'>τοῖς</span> 
     </span>
    </p>
   </div>
   <div class='ocr_carea' id='block_1_81' title="bbox 301 4686 1882 4760">
    <p class='ocr_par' dir='ltr' id='par_1_81' title="bbox 301 4686 1882 4760">
     <span class='ocr_line' id='line_1_81' title="bbox 301 4686 1882 4760; baseline 0.003 -22"><span class='ocrx_word' id='word_1_596' title='bbox 301 4686 704 4757; x_wconf 79' lang='grc' dir='ltr'>προσκυνοῦσιν</span> <span class='ocrx_word' id='word_1_597' title='bbox 786 4688 1144 4760; x_wconf 87' lang='grc' dir='ltr'>εὑρίσκηται,</span> <span class='ocrx_word' id='word_1_598' title='bbox 1201 4688 1386 4752; x_wconf 91' lang='grc' dir='ltr'>δοῦλος</span> <span class='ocrx_word' id='word_1_599' title='bbox 1444 4687 1596 4743; x_wconf 74' lang='grc' dir='ltr'>ἔσται</span> <span class='ocrx_word' id='word_1_600' title='bbox 1644 4687 1882 4755; x_wconf 81' lang='grc' dir='ltr'>πάντως,</span> 
     </span>
    </p>
   </div>
   <div class='ocr_carea' id='block_1_82' title="bbox 303 4773 1884 4846">
    <p class='ocr_par' dir='ltr' id='par_1_82' title="bbox 303 4773 1884 4846">
     <span class='ocr_line' id='line_1_82' title="bbox 303 4773 1884 4846; baseline 0.003 -22"><span class='ocrx_word' id='word_1_601' title='bbox 303 4773 395 4825; x_wconf 73' lang='grc' dir='ltr'>καὶ</span> <span class='ocrx_word' id='word_1_602' title='bbox 440 4774 493 4826; x_wconf 85' lang='grc' dir='ltr'><strong>εί</strong></span> <span class='ocrx_word' id='word_1_603' title='bbox 521 4775 693 4827; x_wconf 88' lang='grc' dir='ltr'>νοοῖτο</span> <span class='ocrx_word' id='word_1_604' title='bbox 714 4775 1093 4846; x_wconf 81' lang='grc' dir='ltr'>προσκυνητὴς</span> <span class='ocrx_word' id='word_1_605' title='bbox 1119 4773 1412 4846; x_wconf 79' lang='grc' dir='ltr'>ἐξαίρετος,</span> <span class='ocrx_word' id='word_1_606' title='bbox 1458 4777 1644 4830; x_wconf 89' lang='grc' dir='ltr'>διοίσει</span> <span class='ocrx_word' id='word_1_607' title='bbox 1682 4776 1739 4830; x_wconf 83' lang='grc' dir='ltr'>δὲ</span> <span class='ocrx_word' id='word_1_608' title='bbox 1774 4774 1884 4830; x_wconf 87' lang='grc' dir='ltr'><strong>τῶν</strong></span> 
     </span>
    </p>
   </div>
   <div class='ocr_carea' id='block_1_83' title="bbox 302 4857 1884 4935">
    <p class='ocr_par' dir='ltr' id='par_1_83' title="bbox 302 4857 1884 4935">
     <span class='ocr_line' id='line_1_83' title="bbox 302 4857 1884 4935; baseline 0.003 -23"><span class='ocrx_word' id='word_1_609' title='bbox 302 4860 626 4932; x_wconf 81' lang='grc' dir='ltr'>κτισμάτων</span> <span class='ocrx_word' id='word_1_610' title='bbox 683 4863 823 4915; x_wconf 86' lang='grc' dir='ltr'><strong>κατά</strong></span> <span class='ocrx_word' id='word_1_611' title='bbox 886 4862 986 4932; x_wconf 84' lang='grc' dir='ltr'>μὲν</span> <span class='ocrx_word' id='word_1_612' title='bbox 1039 4861 1101 4914; x_wconf 81' lang='grc' dir='ltr'><strong>τὸ</strong></span> <span class='ocrx_word' id='word_1_613' title='bbox 1139 4857 1275 4916; x_wconf 77' lang='grc' dir='ltr'>εἶναι</span> <span class='ocrx_word' id='word_1_614' title='bbox 1338 4863 1562 4933; x_wconf 79' lang='grc' dir='ltr'>γενητὸς</span> <span class='ocrx_word' id='word_1_615' title='bbox 1614 4862 1884 4935; x_wconf 77' lang='grc' dir='ltr'>οὐδαμῶς,</span> 
     </span>
    </p>
   </div>
   <div class='ocr_carea' id='block_1_84' title="bbox 304 4949 1888 5024">
    <p class='ocr_par' dir='ltr' id='par_1_84' title="bbox 304 4949 1888 5024">
     <span class='ocr_line' id='line_1_84' title="bbox 304 4949 1888 5024; baseline 0 -20"><span class='ocrx_word' id='word_1_616' title='bbox 304 4951 606 5022; x_wconf 56' lang='grc' dir='ltr'>ὖπροχαῖς</span> <span class='ocrx_word' id='word_1_617' title='bbox 631 4950 687 5003; x_wconf 81' lang='grc' dir='ltr'>δὲ</span> <span class='ocrx_word' id='word_1_618' title='bbox 731 4949 889 5020; x_wconf 89' lang='grc' dir='ltr'>μόνον</span> <span class='ocrx_word' id='word_1_619' title='bbox 913 4952 1032 5014; x_wconf 88' lang='grc' dir='ltr'>ταῖς</span> <span class='ocrx_word' id='word_1_620' title='bbox 1064 4949 1272 5016; x_wconf 70' lang='grc' dir='ltr'>ἄλλαις,</span> <span class='ocrx_word' id='word_1_621' title='bbox 1306 4951 1495 5024; x_wconf 83' lang='grc' dir='ltr'>ὥσπερ</span> <span class='ocrx_word' id='word_1_622' title='bbox 1526 4951 1829 5023; x_wconf 82' lang='grc' dir='ltr'>ἀνθρώπων</span> <span class='ocrx_word' id='word_1_623' title='bbox 1858 4952 1888 5004; x_wconf 86' lang='grc' dir='ltr'><strong>ὁ</strong></span> 
     </span>
    </p>
   </div>
   <div class='ocr_carea' id='block_1_85' title="bbox 299 5036 1890 5111">
    <p class='ocr_par' dir='ltr' id='par_1_85' title="bbox 299 5036 1890 5111">
     <span class='ocr_line' id='line_1_85' title="bbox 299 5036 1890 5111; baseline 0 -19"><span class='ocrx_word' id='word_1_624' title='bbox 299 5037 552 5109; x_wconf 73' lang='grc' dir='ltr'>Μιχαὴλ,</span> <span class='ocrx_word' id='word_1_625' title='bbox 600 5036 634 5107; x_wconf 81' lang='grc' dir='ltr'><strong>ἢ</strong></span> <span class='ocrx_word' id='word_1_626' title='bbox 683 5038 777 5090; x_wconf 75' lang='grc' dir='ltr'><strong>καὶ</strong></span> <span class='ocrx_word' id='word_1_627' title='bbox 823 5039 985 5110; x_wconf 80' lang='grc' dir='ltr'>ἑτέρα</span> <span class='ocrx_word' id='word_1_628' title='bbox 1027 5056 1112 5102; x_wconf 88' lang='grc' dir='ltr'><strong>τις</strong></span> <span class='ocrx_word' id='word_1_629' title='bbox 1163 5038 1269 5092; x_wconf 90' lang='grc' dir='ltr'><strong>τῶν</strong></span> <span class='ocrx_word' id='word_1_630' title='bbox 1317 5038 1512 5108; x_wconf 79' lang='grc' dir='ltr'>ἁγίων,</span> <span class='ocrx_word' id='word_1_631' title='bbox 1555 5039 1650 5093; x_wconf 75' lang='grc' dir='ltr'><strong>καὶ</strong></span> <span class='ocrx_word' id='word_1_632' title='bbox 1696 5039 1890 5111; x_wconf 76' lang='grc' dir='ltr'>λογικὴ</span> 
     </span>
    </p>
   </div>
   <div class='ocr_carea' id='block_1_86' title="bbox 290 5119 1888 5199">
    <p class='ocr_par' dir='ltr' id='par_1_86' title="bbox 290 5119 1888 5199">
     <span class='ocr_line' id='line_1_86' title="bbox 290 5119 1888 5199; baseline 0 -20"><span class='ocrx_word' id='word_1_633' title='bbox 290 5126 561 5196; x_wconf 76' lang='grc' dir='ltr'>δύναμις,</span> <span class='ocrx_word' id='word_1_634' title='bbox 585 5119 703 5199; x_wconf 87' lang='grc' dir='ltr'><strong>τδ</strong></span> <span class='ocrx_word' id='word_1_635' title='bbox 726 5125 824 5196; x_wconf 83' lang='grc' dir='ltr'>μὲν</span> <span class='ocrx_word' id='word_1_636' title='bbox 847 5125 1049 5197; x_wconf 78' lang='grc' dir='ltr'>προῦχε</span> <span class='ocrx_word' id='word_1_637' title='bbox 1060 5144 1106 5181; x_wconf 89' lang='grc' dir='ltr'><strong>ιν</strong></span> <span class='ocrx_word' id='word_1_638' title='bbox 1126 5127 1234 5180; x_wconf 86' lang='grc' dir='ltr'><strong>τῶν</strong></span> <span class='ocrx_word' id='word_1_639' title='bbox 1255 5128 1346 5181; x_wconf 72' lang='grc' dir='ltr'><strong>ἐπὶ</strong></span> <span class='ocrx_word' id='word_1_640' title='bbox 1371 5126 1470 5196; x_wconf 80' lang='grc' dir='ltr'>τῆς</span> <span class='ocrx_word' id='word_1_641' title='bbox 1491 5126 1596 5197; x_wconf 82' lang='grc' dir='ltr'>γῆς</span> <span class='ocrx_word' id='word_1_642' title='bbox 1618 5126 1888 5190; x_wconf 83' lang='grc' dir='ltr'>οὒσιωδῶς</span> 
     </span>
    </p>
   </div>
   <div class='ocr_carea' id='block_1_87' title="bbox 287 5212 1905 5286">
    <p class='ocr_par' dir='ltr' id='par_1_87' title="bbox 287 5212 1905 5286">
     <span class='ocr_line' id='line_1_87' title="bbox 287 5212 1905 5286; baseline -0.001 -20"><span class='ocrx_word' id='word_1_643' title='bbox 287 5215 506 5286; x_wconf 80' lang='grc' dir='ltr'>ὁρᾶται</span> <span class='ocrx_word' id='word_1_644' title='bbox 532 5216 941 5284; x_wconf 77' lang='grc' dir='ltr'>προσπεφυκὺς,</span> <span class='ocrx_word' id='word_1_645' title='bbox 965 5216 997 5286; x_wconf 79' lang='grc' dir='ltr'>ἢ</span> <span class='ocrx_word' id='word_1_646' title='bbox 1023 5215 1164 5270; x_wconf 86' lang='grc' dir='ltr'><strong>κατά</strong></span> <span class='ocrx_word' id='word_1_647' title='bbox 1183 5214 1275 5268; x_wconf 85' lang='grc' dir='ltr'><strong>τὸν</strong></span> <span class='ocrx_word' id='word_1_648' title='bbox 1295 5213 1394 5284; x_wconf 82' lang='grc' dir='ltr'>τῆς</span> <span class='ocrx_word' id='word_1_649' title='bbox 1415 5213 1697 5282; x_wconf 79' lang='grc' dir='ltr'>ἁγιότητος</span> <span class='ocrx_word' id='word_1_650' title='bbox 1717 5212 1873 5280; x_wconf 83' lang='grc' dir='ltr'>λόγον</span> <span class='ocrx_word' id='word_1_651' title='bbox 1889 5249 1905 5276; x_wconf 92' lang='grc'><strong>,</strong></span> 
     </span>
    </p>
   </div>
   <div class='ocr_carea' id='block_1_88' title="bbox 280 5297 1900 5374">
    <p class='ocr_par' dir='ltr' id='par_1_88' title="bbox 280 5297 1900 5374">
     <span class='ocr_line' id='line_1_88' title="bbox 280 5297 1900 5374; baseline -0.002 -19"><span class='ocrx_word' id='word_1_652' title='bbox 280 5303 331 5374; x_wconf 75' lang='grc' dir='ltr'><strong>ἥ</strong></span> <span class='ocrx_word' id='word_1_653' title='bbox 392 5302 488 5355; x_wconf 83' lang='grc' dir='ltr'><strong>καί</strong></span> <span class='ocrx_word' id='word_1_654' title='bbox 538 5317 647 5354; x_wconf 87' lang='grc' dir='ltr'>τινι</span> <span class='ocrx_word' id='word_1_655' title='bbox 685 5299 843 5372; x_wconf 80' lang='grc' dir='ltr'>δόξης</span> <span class='ocrx_word' id='word_1_656' title='bbox 883 5301 1225 5372; x_wconf 85' lang='grc' dir='ltr'>πλεονασμῷ,</span> <span class='ocrx_word' id='word_1_657' title='bbox 1273 5299 1430 5366; x_wconf 80' lang='grc' dir='ltr'>δόξαν</span> <span class='ocrx_word' id='word_1_658' title='bbox 1458 5299 1602 5354; x_wconf 75' lang='grc' dir='ltr'>οὕτω</span> <span class='ocrx_word' id='word_1_659' title='bbox 1646 5299 1724 5371; x_wconf 86' lang='grc' dir='ltr'><strong>τῷ</strong></span> <span class='ocrx_word' id='word_1_660' title='bbox 1761 5297 1900 5355; x_wconf 78' lang='grc' dir='ltr'>πάν-</span> 
     </span>
    </p>
   </div>
   <div class='ocr_carea' id='block_1_89' title="bbox 277 5389 1894 5463">
    <p class='ocr_par' dir='ltr' id='par_1_89' title="bbox 277 5389 1894 5463">
     <span class='ocr_line' id='line_1_89' title="bbox 277 5389 1894 5463; baseline -0.004 -17"><span class='ocrx_word' id='word_1_661' title='bbox 277 5407 416 5446; x_wconf 75' lang='grc' dir='ltr'><strong>των</strong></span> <span class='ocrx_word' id='word_1_662' title='bbox 464 5389 864 5463; x_wconf 83' lang='grc' dir='ltr'>ἀριστοτέχνῃ,</span> <span class='ocrx_word' id='word_1_663' title='bbox 912 5390 1033 5443; x_wconf 89' lang='grc' dir='ltr'>τότε</span> <span class='ocrx_word' id='word_1_664' title='bbox 1089 5391 1197 5460; x_wconf 78' lang='grc' dir='ltr'>μὴν</span> <span class='ocrx_word' id='word_1_665' title='bbox 1255 5393 1368 5452; x_wconf 87' lang='grc' dir='ltr'>τοῖς</span> <span class='ocrx_word' id='word_1_666' title='bbox 1414 5389 1660 5459; x_wconf 85' lang='grc' dir='ltr'>γενητοῖς</span> <span class='ocrx_word' id='word_1_667' title='bbox 1713 5405 1894 5441; x_wconf 83' lang='grc' dir='ltr'>συντε-</span> 
     </span>
    </p>
   </div>
   <div class='ocr_carea' id='block_1_90' title="bbox 1981 3173 3548 3248">
    <p class='ocr_par' dir='ltr' id='par_1_90' title="bbox 1981 3173 3548 3248">
     <span class='ocr_line' id='line_1_90' title="bbox 1981 3173 3548 3248; baseline -0.005 -14"><span class='ocrx_word' id='word_1_668' title='bbox 1981 3185 2101 3248; x_wconf 88' lang='lat' dir='ltr'><strong>get:</strong></span> <span class='ocrx_word' id='word_1_669' title='bbox 2124 3176 2272 3232; x_wconf 70' lang='lat' dir='ltr'><strong>«Noli</strong></span> <span class='ocrx_word' id='word_1_670' title='bbox 2291 3176 2625 3233; x_wconf 89' lang='lat' dir='ltr'><strong>commoveri</strong></span> <span class='ocrx_word' id='word_1_671' title='bbox 2639 3190 2763 3230; x_wconf 92' lang='lat' dir='ltr'><strong>cum</strong></span> <span class='ocrx_word' id='word_1_672' title='bbox 2782 3174 2982 3229; x_wconf 88' lang='lat' dir='ltr'><strong>Filium</strong></span> <span class='ocrx_word' id='word_1_673' title='bbox 2999 3173 3230 3228; x_wconf 86' lang='lat' dir='ltr'><strong>adorare</strong></span> <span class='ocrx_word' id='word_1_674' title='bbox 3245 3173 3502 3230; x_wconf 90' lang='lat' dir='ltr'><strong>dicimus.</strong></span> <span class='ocrx_word' id='word_1_675' title='bbox 3527 3194 3548 3226; x_wconf 75' lang='grc' dir='ltr'><strong>ι</strong></span> 
     </span>
    </p>
   </div>
   <div class='ocr_carea' id='block_1_91' title="bbox 1978 3259 3556 3333">
    <p class='ocr_par' dir='ltr' id='par_1_91' title="bbox 1978 3259 3556 3333">
     <span class='ocr_line' id='line_1_91' title="bbox 1978 3259 3556 3333; baseline -0.004 -11"><span class='ocrx_word' id='word_1_676' title='bbox 1978 3267 2092 3322; x_wconf 86' lang='lat' dir='ltr'><strong>Nec</strong></span> <span class='ocrx_word' id='word_1_677' title='bbox 2133 3265 2282 3321; x_wconf 89' lang='lat' dir='ltr'><strong>enim</strong></span> <span class='ocrx_word' id='word_1_678' title='bbox 2327 3265 2664 3320; x_wconf 86' lang='lat' dir='ltr'><strong>arbitramur</strong></span> <span class='ocrx_word' id='word_1_679' title='bbox 2693 3263 2873 3333; x_wconf 90' lang='lat' dir='ltr'><strong>ipsum</strong></span> <span class='ocrx_word' id='word_1_680' title='bbox 2919 3263 3155 3318; x_wconf 86' lang='lat' dir='ltr'><strong>adorare</strong></span> <span class='ocrx_word' id='word_1_681' title='bbox 3196 3259 3414 3316; x_wconf 88' lang='lat' dir='ltr'><strong>Patrem</strong></span> <span class='ocrx_word' id='word_1_682' title='bbox 3451 3262 3556 3316; x_wconf 84' lang='lat' dir='ltr'><strong>de-</strong></span> 
     </span>
    </p>
   </div>
   <div class='ocr_carea' id='block_1_92' title="bbox 1981 3351 3555 3425">
    <p class='ocr_par' dir='ltr' id='par_1_92' title="bbox 1981 3351 3555 3425">
     <span class='ocr_line' id='line_1_92' title="bbox 1981 3351 3555 3425; baseline -0.005 -11"><span class='ocrx_word' id='word_1_683' title='bbox 1981 3359 2112 3414; x_wconf 87' lang='lat' dir='ltr'><strong>bere</strong></span> <span class='ocrx_word' id='word_1_684' title='bbox 2142 3357 2334 3414; x_wconf 90' lang='lat' dir='ltr'><strong>eodem</strong></span> <span class='ocrx_word' id='word_1_685' title='bbox 2365 3355 2530 3411; x_wconf 91' lang='lat' dir='ltr'><strong>modo</strong></span> <span class='ocrx_word' id='word_1_686' title='bbox 2564 3369 2673 3425; x_wconf 84' lang='lat' dir='ltr'><strong>quo</strong></span> <span class='ocrx_word' id='word_1_687' title='bbox 2701 3362 2796 3408; x_wconf 92' lang='lat' dir='ltr'><strong>aut</strong></span> <span class='ocrx_word' id='word_1_688' title='bbox 2821 3353 2989 3410; x_wconf 90' lang='lat' dir='ltr'><strong>etiam</strong></span> <span class='ocrx_word' id='word_1_689' title='bbox 3017 3352 3196 3422; x_wconf 79' lang='lat' dir='ltr'><strong>angeli</strong></span> <span class='ocrx_word' id='word_1_690' title='bbox 3227 3351 3386 3408; x_wconf 90' lang='lat' dir='ltr'><strong>verbi</strong></span> <span class='ocrx_word' id='word_1_691' title='bbox 3428 3367 3555 3423; x_wconf 56' lang='lat' dir='ltr'><strong>gra»</strong></span> 
     </span>
    </p>
   </div>
   <div class='ocr_carea' id='block_1_93' title="bbox 1979 3443 3558 3516">
    <p class='ocr_par' dir='ltr' id='par_1_93' title="bbox 1979 3443 3558 3516">
     <span class='ocr_line' id='line_1_93' title="bbox 1979 3443 3558 3516; baseline -0.004 -11"><span class='ocrx_word' id='word_1_692' title='bbox 1979 3450 2097 3516; x_wconf 90' lang='lat' dir='ltr'><strong>tia;</strong></span> <span class='ocrx_word' id='word_1_693' title='bbox 2130 3449 2224 3504; x_wconf 89' lang='lat' dir='ltr'><strong>sed</strong></span> <span class='ocrx_word' id='word_1_694' title='bbox 2272 3447 2530 3504; x_wconf 79' lang='lat' dir='ltr'><strong>eximiam</strong></span> <span class='ocrx_word' id='word_1_695' title='bbox 2569 3444 2862 3516; x_wconf 87' lang='lat' dir='ltr'><strong>quamdam</strong></span> <span class='ocrx_word' id='word_1_696' title='bbox 2909 3443 3286 3498; x_wconf 84' lang='lat' dir='ltr'><strong>adorationem</strong></span> <span class='ocrx_word' id='word_1_697' title='bbox 3320 3458 3463 3508; x_wconf 88' lang='lat' dir='ltr'><strong>esse,</strong></span> <span class='ocrx_word' id='word_1_698' title='bbox 3499 3453 3558 3499; x_wconf 78' lang='lat' dir='ltr'><strong>et</strong></span> 
     </span>
    </p>
   </div>
   <div class='ocr_carea' id='block_1_94' title="bbox 1979 3534 3552 3611">
    <p class='ocr_par' dir='ltr' id='par_1_94' title="bbox 1979 3534 3552 3611">
     <span class='ocr_line' id='line_1_94' title="bbox 1979 3534 3552 3611; baseline -0.005 -13"><span class='ocrx_word' id='word_1_699' title='bbox 1979 3550 2170 3599; x_wconf 89' lang='lat' dir='ltr'><strong>nostra</strong></span> <span class='ocrx_word' id='word_1_700' title='bbox 2203 3542 2362 3611; x_wconf 88' lang='lat' dir='ltr'><strong>longe</strong></span> <span class='ocrx_word' id='word_1_701' title='bbox 2393 3539 2848 3611; x_wconf 66' lang='lat' dir='ltr'><strong>praestantiorem.</strong></span> <span class='ocrx_word' id='word_1_702' title='bbox 2879 3536 3027 3602; x_wconf 80' lang='lat' dir='ltr'><strong>Quid</strong></span> <span class='ocrx_word' id='word_1_703' title='bbox 3081 3534 3252 3605; x_wconf 84' lang='lat' dir='ltr'><strong>igitur</strong></span> <span class='ocrx_word' id='word_1_704' title='bbox 3309 3534 3375 3588; x_wconf 89' lang='lat' dir='ltr'><strong>ad</strong></span> <span class='ocrx_word' id='word_1_705' title='bbox 3435 3535 3552 3590; x_wconf 80' lang='lat' dir='ltr'><strong>haec</strong></span> 
     </span>
    </p>
   </div>
   <div class='ocr_carea' id='block_1_95' title="bbox 1981 3623 3559 3697">
    <p class='ocr_par' dir='ltr' id='par_1_95' title="bbox 1981 3623 3559 3697">
     <span class='ocr_line' id='line_1_95' title="bbox 1981 3623 3559 3697; baseline -0.007 -8"><span class='ocrx_word' id='word_1_706' title='bbox 1981 3647 2200 3689; x_wconf 91' lang='lat' dir='ltr'><strong>rursum</strong></span> <span class='ocrx_word' id='word_1_707' title='bbox 2223 3629 2516 3687; x_wconf 85' lang='lat' dir='ltr'><strong>dicemus?</strong></span> <span class='ocrx_word' id='word_1_708' title='bbox 2545 3627 2770 3697; x_wconf 86' lang='lat' dir='ltr'><strong>Nempe,</strong></span> <span class='ocrx_word' id='word_1_709' title='bbox 2802 3641 2836 3681; x_wconf 90' lang='grc' dir='ltr'><strong>ο</strong></span> <span class='ocrx_word' id='word_1_710' title='bbox 2875 3624 3132 3696; x_wconf 84' lang='lat' dir='ltr'><strong>quisquis</strong></span> <span class='ocrx_word' id='word_1_711' title='bbox 3159 3639 3242 3689; x_wconf 90' lang='lat' dir='ltr'><strong>es,</strong></span> <span class='ocrx_word' id='word_1_712' title='bbox 3299 3623 3559 3693; x_wconf 83' lang='lat' dir='ltr'><strong>imposita</strong></span> 
     </span>
    </p>
   </div>
   <div class='ocr_carea' id='block_1_96' title="bbox 1980 3713 3555 3794">
    <p class='ocr_par' dir='ltr' id='par_1_96' title="bbox 1980 3713 3555 3794">
     <span class='ocr_line' id='line_1_96' title="bbox 1980 3713 3555 3794; baseline -0.008 -15"><span class='ocrx_word' id='word_1_713' title='bbox 1980 3721 2275 3794; x_wconf 89' lang='lat' dir='ltr'><strong>Unigenito</strong></span> <span class='ocrx_word' id='word_1_714' title='bbox 2308 3720 2592 3784; x_wconf 90' lang='lat' dir='ltr'><strong>servitute,</strong></span> <span class='ocrx_word' id='word_1_715' title='bbox 2631 3725 2686 3774; x_wconf 91' lang='lat' dir='ltr'><strong>et</strong></span> <span class='ocrx_word' id='word_1_716' title='bbox 2715 3716 2958 3773; x_wconf 88' lang='lat' dir='ltr'><strong>versutis</strong></span> <span class='ocrx_word' id='word_1_717' title='bbox 2986 3714 3339 3771; x_wconf 89' lang='lat' dir='ltr'><strong>sermonibus</strong></span> <span class='ocrx_word' id='word_1_718' title='bbox 3374 3713 3555 3784; x_wconf 85' lang='lat' dir='ltr'><strong>digni-</strong></span> 
     </span>
    </p>
   </div>
   <div class='ocr_carea' id='block_1_97' title="bbox 1981 3805 3551 3880">
    <p class='ocr_par' dir='ltr' id='par_1_97' title="bbox 1981 3805 3551 3880">
     <span class='ocr_line' id='line_1_97' title="bbox 1981 3805 3551 3880; baseline -0.008 -11"><span class='ocrx_word' id='word_1_719' title='bbox 1981 3822 2096 3870; x_wconf 90' lang='lat' dir='ltr'><strong>tate</strong></span> <span class='ocrx_word' id='word_1_720' title='bbox 2130 3813 2322 3868; x_wconf 80' lang='lat' dir='ltr'><strong>i&#39;amuli</strong></span> <span class='ocrx_word' id='word_1_721' title='bbox 2349 3813 2614 3868; x_wconf 87' lang='lat' dir='ltr'><strong>deaurata</strong></span> <span class='ocrx_word' id='word_1_722' title='bbox 2657 3824 2854 3880; x_wconf 86' lang='lat' dir='ltr'><strong>speras</strong></span> <span class='ocrx_word' id='word_1_723' title='bbox 2883 3815 2938 3863; x_wconf 91' lang='lat' dir='ltr'><strong>te</strong></span> <span class='ocrx_word' id='word_1_724' title='bbox 2990 3820 3091 3860; x_wconf 92' lang='lat' dir='ltr'><strong>nos</strong></span> <span class='ocrx_word' id='word_1_725' title='bbox 3122 3805 3551 3859; x_wconf 73' lang='lat' dir='ltr'><strong>ludificaturum.</strong></span> 
     </span>
    </p>
   </div>
   <div class='ocr_carea' id='block_1_98' title="bbox 1983 3893 3558 3976">
    <p class='ocr_par' dir='ltr' id='par_1_98' title="bbox 1983 3893 3558 3976">
     <span class='ocr_line' id='line_1_98' title="bbox 1983 3893 3558 3976; baseline -0.008 -16"><span class='ocrx_word' id='word_1_726' title='bbox 1983 3906 2183 3962; x_wconf 88' lang='lat' dir='ltr'><strong>Desine</strong></span> <span class='ocrx_word' id='word_1_727' title='bbox 2212 3904 2408 3959; x_wconf 81' lang='lat' dir='ltr'><strong>Filium</strong></span> <span class='ocrx_word' id='word_1_728' title='bbox 2438 3901 2741 3976; x_wconf 84' lang='lat' dir='ltr'><strong>ignominia</strong></span> <span class='ocrx_word' id='word_1_729' title='bbox 2782 3900 3069 3960; x_wconf 81' lang='lat' dir='ltr'><strong>decorare,</strong></span> <span class='ocrx_word' id='word_1_730' title='bbox 3111 3902 3172 3949; x_wconf 93' lang='lat' dir='ltr'><strong>ut</strong></span> <span class='ocrx_word' id='word_1_731' title='bbox 3203 3893 3426 3948; x_wconf 89' lang='lat' dir='ltr'><strong>Patrem</strong></span> <span class='ocrx_word' id='word_1_732' title='bbox 3458 3894 3558 3949; x_wconf 79' lang='lat' dir='ltr'><strong>ho-</strong></span> 
     </span>
    </p>
   </div>
   <div class='ocr_carea' id='block_1_99' title="bbox 1983 3987 3555 4067">
    <p class='ocr_par' dir='ltr' id='par_1_99' title="bbox 1983 3987 3555 4067">
     <span class='ocr_line' id='line_1_99' title="bbox 1983 3987 3555 4067; baseline -0.01 -12"><span class='ocrx_word' id='word_1_733' title='bbox 1983 4013 2182 4056; x_wconf 88' lang='lat' dir='ltr'><strong>norare</strong></span> <span class='ocrx_word' id='word_1_734' title='bbox 2210 4010 2442 4067; x_wconf 88' lang='lat' dir='ltr'><strong>pergas:</strong></span> <span class='ocrx_word' id='word_1_735' title='bbox 2483 4013 2503 4048; x_wconf 79' lang='grc' dir='ltr'>ι</span> <span class='ocrx_word' id='word_1_736' title='bbox 2536 3993 2641 4060; x_wconf 86' lang='lat' dir='ltr'><strong>Qui</strong></span> <span class='ocrx_word' id='word_1_737' title='bbox 2668 3991 2813 4047; x_wconf 89' lang='lat' dir='ltr'><strong>enim</strong></span> <span class='ocrx_word' id='word_1_738' title='bbox 2838 4006 2950 4045; x_wconf 89' lang='lat' dir='ltr'><strong>non</strong></span> <span class='ocrx_word' id='word_1_739' title='bbox 2971 3988 3300 4043; x_wconf 82' lang='lat' dir='ltr'><strong>honoriﬁcat</strong></span> <span class='ocrx_word' id='word_1_740' title='bbox 3330 3987 3555 4050; x_wconf 90' lang='lat' dir='ltr'><strong>Filium,</strong></span> 
     </span>
    </p>
   </div>
   <div class='ocr_carea' id='block_1_100' title="bbox 1983 4078 3562 4162">
    <p class='ocr_par' dir='ltr' id='par_1_100' title="bbox 1983 4078 3562 4162">
     <span class='ocr_line' id='line_1_100' title="bbox 1983 4078 3562 4162; baseline -0.011 -14"><span class='ocrx_word' id='word_1_741' title='bbox 1983 4105 2162 4162; x_wconf 88' lang='lat' dir='ltr'><strong>neque</strong></span> <span class='ocrx_word' id='word_1_742' title='bbox 2177 4089 2391 4144; x_wconf 87' lang='lat' dir='ltr'><strong>Patrem</strong></span> <span class='ocrx_word' id='word_1_743' title='bbox 2415 4084 2762 4150; x_wconf 79' lang='lat' dir='ltr'><strong>honorificat,</strong></span> <span class='ocrx_word' id='word_1_744' title='bbox 2795 4101 2817 4135; x_wconf 74' lang='grc' dir='ltr'><strong>ι</strong></span> <span class='ocrx_word' id='word_1_745' title='bbox 2843 4091 2903 4138; x_wconf 91' lang='lat' dir='ltr'><strong>ut</strong></span> <span class='ocrx_word' id='word_1_746' title='bbox 2925 4081 3190 4150; x_wconf 88' lang='lat' dir='ltr'><strong>scriptum</strong></span> <span class='ocrx_word' id='word_1_747' title='bbox 3211 4089 3297 4136; x_wconf 91' lang='lat' dir='ltr'><strong>est</strong></span> <span class='ocrx_word' id='word_1_748' title='bbox 3317 4079 3385 4136; x_wconf 74' lang='grc'>⁸⁷.</span> <span class='ocrx_word' id='word_1_749' title='bbox 3417 4078 3562 4145; x_wconf 84' lang='lat' dir='ltr'><strong>Quid</strong></span> 
     </span>
    </p>
   </div>
   <div class='ocr_carea' id='block_1_101' title="bbox 1984 4171 3561 4254">
    <p class='ocr_par' dir='ltr' id='par_1_101' title="bbox 1984 4171 3561 4254">
     <span class='ocr_line' id='line_1_101' title="bbox 1984 4171 3561 4254; baseline -0.011 -13"><span class='ocrx_word' id='word_1_750' title='bbox 1984 4183 2156 4251; x_wconf 88' lang='lat' dir='ltr'><strong>enim,</strong></span> <span class='ocrx_word' id='word_1_751' title='bbox 2184 4196 2392 4254; x_wconf 60' lang='lat' dir='ltr'><strong>quaso,</strong></span> <span class='ocrx_word' id='word_1_752' title='bbox 2434 4179 2502 4235; x_wconf 89' lang='lat' dir='ltr'><strong>ad</strong></span> <span class='ocrx_word' id='word_1_753' title='bbox 2552 4179 2860 4246; x_wconf 87' lang='lat' dir='ltr'><strong>libertatem</strong></span> <span class='ocrx_word' id='word_1_754' title='bbox 2917 4172 3164 4245; x_wconf 89' lang='lat' dir='ltr'><strong>proderit</strong></span> <span class='ocrx_word' id='word_1_755' title='bbox 3217 4171 3380 4236; x_wconf 87' lang='lat' dir='ltr'><strong>Filio,</strong></span> <span class='ocrx_word' id='word_1_756' title='bbox 3415 4171 3561 4241; x_wconf 87' lang='lat' dir='ltr'><strong>quod</strong></span> 
     </span>
    </p>
   </div>
   <div class='ocr_carea' id='block_1_102' title="bbox 1986 4255 3563 4342">
    <p class='ocr_par' dir='ltr' id='par_1_102' title="bbox 1986 4255 3563 4342">
     <span class='ocr_line' id='line_1_102' title="bbox 1986 4255 3563 4342; baseline -0.01 -11"><span class='ocrx_word' id='word_1_757' title='bbox 1986 4255 2110 4332; x_wconf 87' lang='lat' dir='ltr'><strong>eum</strong></span> <span class='ocrx_word' id='word_1_758' title='bbox 2144 4273 2344 4330; x_wconf 87' lang='lat' dir='ltr'><strong>eximia</strong></span> <span class='ocrx_word' id='word_1_759' title='bbox 2385 4269 2621 4342; x_wconf 89' lang='lat' dir='ltr'><strong>quadam</strong></span> <span class='ocrx_word' id='word_1_760' title='bbox 2657 4267 2875 4322; x_wconf 88' lang='lat' dir='ltr'><strong>ratione</strong></span> <span class='ocrx_word' id='word_1_761' title='bbox 2924 4263 3268 4320; x_wconf 88' lang='lat' dir='ltr'><strong>adoramus?</strong></span> <span class='ocrx_word' id='word_1_762' title='bbox 3307 4262 3563 4329; x_wconf 87' lang='lat' dir='ltr'><strong>Quandiu</strong></span> 
     </span>
    </p>
   </div>
   <div class='ocr_carea' id='block_1_103' title="bbox 1987 4355 3565 4428">
    <p class='ocr_par' dir='ltr' id='par_1_103' title="bbox 1987 4355 3565 4428">
     <span class='ocr_line' id='line_1_103' title="bbox 1987 4355 3565 4428; baseline -0.006 -8"><span class='ocrx_word' id='word_1_763' title='bbox 1987 4364 2134 4421; x_wconf 83' lang='lat' dir='ltr'><strong>enim</strong></span> <span class='ocrx_word' id='word_1_764' title='bbox 2166 4363 2310 4419; x_wconf 91' lang='lat' dir='ltr'><strong>inter</strong></span> <span class='ocrx_word' id='word_1_765' title='bbox 2368 4361 2690 4417; x_wconf 86' lang='lat' dir='ltr'><strong>adoratores</strong></span> <span class='ocrx_word' id='word_1_766' title='bbox 2741 4357 3070 4428; x_wconf 85' lang='lat' dir='ltr'><strong>reperietur,</strong></span> <span class='ocrx_word' id='word_1_767' title='bbox 3122 4355 3316 4426; x_wconf 91' lang='lat' dir='ltr'><strong>utique</strong></span> <span class='ocrx_word' id='word_1_768' title='bbox 3369 4369 3565 4410; x_wconf 81' lang='lat' dir='ltr'><strong>servus</strong></span> 
     </span>
    </p>
   </div>
   <div class='ocr_carea' id='block_1_104' title="bbox 1916 4449 3570 4528">
    <p class='ocr_par' dir='ltr' id='par_1_104' title="bbox 1916 4449 3570 4528">
     <span class='ocr_line' id='line_1_104' title="bbox 1916 4449 3570 4528; baseline -0.008 -16"><span class='ocrx_word' id='word_1_769' title='bbox 1916 4468 1964 4528; x_wconf 81' lang='grc' dir='ltr'>υ</span> <span class='ocrx_word' id='word_1_770' title='bbox 1989 4456 2113 4521; x_wconf 86' lang='lat' dir='ltr'><strong>erit,</strong></span> <span class='ocrx_word' id='word_1_771' title='bbox 2153 4455 2282 4509; x_wconf 90' lang='lat' dir='ltr'><strong>licet</strong></span> <span class='ocrx_word' id='word_1_772' title='bbox 2313 4451 2555 4509; x_wconf 83' lang='lat' dir='ltr'><strong>eximius</strong></span> <span class='ocrx_word' id='word_1_773' title='bbox 2613 4449 2871 4506; x_wconf 88' lang='lat' dir='ltr'><strong>adorator</strong></span> <span class='ocrx_word' id='word_1_774' title='bbox 2927 4463 3052 4504; x_wconf 90' lang='lat' dir='ltr'><strong>esse</strong></span> <span class='ocrx_word' id='word_1_775' title='bbox 3085 4454 3413 4502; x_wconf 84' lang='lat' dir='ltr'><strong>censeatur:</strong></span> <span class='ocrx_word' id='word_1_776' title='bbox 3467 4460 3570 4500; x_wconf 87' lang='lat' dir='ltr'><strong>ne-</strong></span> 
     </span>
    </p>
   </div>
   <div class='ocr_carea' id='block_1_105' title="bbox 1991 4539 3567 4618">
    <p class='ocr_par' dir='ltr' id='par_1_105' title="bbox 1991 4539 3567 4618">
     <span class='ocr_line' id='line_1_105' title="bbox 1991 4539 3567 4618; baseline -0.006 -16"><span class='ocrx_word' id='word_1_777' title='bbox 1991 4559 2264 4618; x_wconf 75' lang='lat' dir='ltr'><strong>quaquam</strong></span> <span class='ocrx_word' id='word_1_778' title='bbox 2293 4553 2479 4600; x_wconf 88' lang='lat' dir='ltr'><strong>autem</strong></span> <span class='ocrx_word' id='word_1_779' title='bbox 2517 4541 2790 4599; x_wconf 86' lang='lat' dir='ltr'><strong>creaturis</strong></span> <span class='ocrx_word' id='word_1_780' title='bbox 2836 4539 3119 4611; x_wconf 88' lang='lat' dir='ltr'><strong>praestabit</strong></span> <span class='ocrx_word' id='word_1_781' title='bbox 3177 4553 3289 4610; x_wconf 92' lang='lat' dir='ltr'><strong>qua</strong></span> <span class='ocrx_word' id='word_1_782' title='bbox 3344 4545 3567 4593; x_wconf 89' lang='lat' dir='ltr'><strong>creatus</strong></span> 
     </span>
    </p>
   </div>
   <div class='ocr_carea' id='block_1_106' title="bbox 1990 4629 3566 4704">
    <p class='ocr_par' dir='ltr' id='par_1_106' title="bbox 1990 4629 3566 4704">
     <span class='ocr_line' id='line_1_106' title="bbox 1990 4629 3566 4704; baseline -0.009 -8"><span class='ocrx_word' id='word_1_783' title='bbox 1990 4647 2090 4704; x_wconf 88' lang='lat' dir='ltr'><strong>est,</strong></span> <span class='ocrx_word' id='word_1_784' title='bbox 2132 4638 2228 4694; x_wconf 87' lang='lat' dir='ltr'><strong>sed</strong></span> <span class='ocrx_word' id='word_1_785' title='bbox 2258 4637 2364 4691; x_wconf 89' lang='lat' dir='ltr'><strong>alia</strong></span> <span class='ocrx_word' id='word_1_786' title='bbox 2407 4636 2675 4691; x_wconf 76' lang='lat' dir='ltr'><strong>duntaxat</strong></span> <span class='ocrx_word' id='word_1_787' title='bbox 2727 4634 3076 4698; x_wconf 85' lang='lat' dir='ltr'><strong>excellentia,</strong></span> <span class='ocrx_word' id='word_1_788' title='bbox 3105 4629 3566 4702; x_wconf 86' lang='lat' dir='ltr'><strong>quemadmodum</strong></span> 
     </span>
    </p>
   </div>
   <div class='ocr_carea' id='block_1_107' title="bbox 1993 4718 3564 4794">
    <p class='ocr_par' dir='ltr' id='par_1_107' title="bbox 1993 4718 3564 4794">
     <span class='ocr_line' id='line_1_107' title="bbox 1993 4718 3564 4794; baseline -0.008 -10"><span class='ocrx_word' id='word_1_789' title='bbox 1993 4729 2314 4786; x_wconf 90' lang='lat' dir='ltr'><strong>hominibus</strong></span> <span class='ocrx_word' id='word_1_790' title='bbox 2341 4726 2592 4790; x_wconf 85' lang='lat' dir='ltr'><strong>Michael,</strong></span> <span class='ocrx_word' id='word_1_791' title='bbox 2627 4734 2721 4780; x_wconf 89' lang='lat' dir='ltr'><strong>aut</strong></span> <span class='ocrx_word' id='word_1_792' title='bbox 2751 4725 2860 4779; x_wconf 87' lang='lat' dir='ltr'><strong>alia</strong></span> <span class='ocrx_word' id='word_1_793' title='bbox 2889 4722 3137 4794; x_wconf 75' lang='lat' dir='ltr'><strong>quzedam</strong></span> <span class='ocrx_word' id='word_1_794' title='bbox 3175 4729 3365 4776; x_wconf 85' lang='lat' dir='ltr'><strong>sancta</strong></span> <span class='ocrx_word' id='word_1_795' title='bbox 3393 4728 3447 4774; x_wconf 91' lang='lat' dir='ltr'><strong>et</strong></span> <span class='ocrx_word' id='word_1_796' title='bbox 3479 4718 3564 4772; x_wconf 87' lang='lat' dir='ltr'><strong>in-</strong></span> 
     </span>
    </p>
   </div>
   <div class='ocr_carea' id='block_1_108' title="bbox 1992 4812 3564 4890">
    <p class='ocr_par' dir='ltr' id='par_1_108' title="bbox 1992 4812 3564 4890">
     <span class='ocr_line' id='line_1_108' title="bbox 1992 4812 3564 4890; baseline -0.009 -13"><span class='ocrx_word' id='word_1_797' title='bbox 1992 4821 2320 4890; x_wconf 87' lang='lat' dir='ltr'><strong>tellectualis</strong></span> <span class='ocrx_word' id='word_1_798' title='bbox 2343 4820 2541 4885; x_wconf 88' lang='lat' dir='ltr'><strong>virtus,</strong></span> <span class='ocrx_word' id='word_1_799' title='bbox 2572 4833 2696 4888; x_wconf 68' lang='lat' dir='ltr'><strong>quae</strong></span> <span class='ocrx_word' id='word_1_800' title='bbox 2743 4825 2942 4873; x_wconf 89' lang='lat' dir='ltr'><strong>natura</strong></span> <span class='ocrx_word' id='word_1_801' title='bbox 2974 4829 3074 4872; x_wconf 87' lang='lat' dir='ltr'><strong>sua</strong></span> <span class='ocrx_word' id='word_1_802' title='bbox 3108 4812 3434 4868; x_wconf 88' lang='lat' dir='ltr'><strong>mortalibus</strong></span> <span class='ocrx_word' id='word_1_803' title='bbox 3464 4826 3564 4864; x_wconf 62' lang='lat' dir='ltr'><strong>ano</strong></span> 
     </span>
    </p>
   </div>
   <div class='ocr_carea' id='block_1_109' title="bbox 1997 4902 3566 4980">
    <p class='ocr_par' dir='ltr' id='par_1_109' title="bbox 1997 4902 3566 4980">
     <span class='ocr_line' id='line_1_109' title="bbox 1997 4902 3566 4980; baseline -0.011 -10"><span class='ocrx_word' id='word_1_804' title='bbox 1997 4916 2222 4980; x_wconf 90' lang='lat' dir='ltr'><strong>tecellit,</strong></span> <span class='ocrx_word' id='word_1_805' title='bbox 2255 4923 2350 4969; x_wconf 91' lang='lat' dir='ltr'><strong>aut</strong></span> <span class='ocrx_word' id='word_1_806' title='bbox 2380 4914 2597 4969; x_wconf 87' lang='lat' dir='ltr'><strong>ratione</strong></span> <span class='ocrx_word' id='word_1_807' title='bbox 2621 4909 2957 4974; x_wconf 82' lang='lat' dir='ltr'><strong>sanctitatis,</strong></span> <span class='ocrx_word' id='word_1_808' title='bbox 2998 4913 3094 4962; x_wconf 90' lang='lat' dir='ltr'><strong>aut</strong></span> <span class='ocrx_word' id='word_1_809' title='bbox 3119 4903 3356 4976; x_wconf 90' lang='lat' dir='ltr'><strong>quadam</strong></span> <span class='ocrx_word' id='word_1_810' title='bbox 3387 4902 3566 4956; x_wconf 87' lang='lat' dir='ltr'><strong>abun-</strong></span> 
     </span>
    </p>
   </div>
   <div class='ocr_carea' id='block_1_110' title="bbox 1994 4991 3562 5079">
    <p class='ocr_par' dir='ltr' id='par_1_110' title="bbox 1994 4991 3562 5079">
     <span class='ocr_line' id='line_1_110' title="bbox 1994 4991 3562 5079; baseline -0.012 -15"><span class='ocrx_word' id='word_1_811' title='bbox 1994 5008 2178 5064; x_wconf 87' lang='lat' dir='ltr'><strong>dantia</strong></span> <span class='ocrx_word' id='word_1_812' title='bbox 2231 5008 2440 5079; x_wconf 62' lang='lat' dir='ltr'><strong>gloriae,</strong></span> <span class='ocrx_word' id='word_1_813' title='bbox 2495 5006 2572 5059; x_wconf 85' lang='lat' dir='ltr'><strong>ita</strong></span> <span class='ocrx_word' id='word_1_814' title='bbox 2624 5004 2840 5059; x_wconf 89' lang='lat' dir='ltr'><strong>volente</strong></span> <span class='ocrx_word' id='word_1_815' title='bbox 2898 4996 3278 5055; x_wconf 88' lang='lat' dir='ltr'><strong>universitatis</strong></span> <span class='ocrx_word' id='word_1_816' title='bbox 3323 4991 3562 5062; x_wconf 78' lang='lat' dir='ltr'><strong>upilice:</strong></span> 
     </span>
    </p>
   </div>
   <div class='ocr_carea' id='block_1_111' title="bbox 1995 5085 3570 5168">
    <p class='ocr_par' dir='ltr' id='par_1_111' title="bbox 1995 5085 3570 5168">
     <span class='ocr_line' id='line_1_111' title="bbox 1995 5085 3570 5168; baseline -0.013 -12"><span class='ocrx_word' id='word_1_817' title='bbox 1995 5107 2371 5156; x_wconf 88' lang='lat' dir='ltr'><strong>verumtamen</strong></span> <span class='ocrx_word' id='word_1_818' title='bbox 2403 5105 2678 5168; x_wconf 88' lang='lat' dir='ltr'><strong>quatenus</strong></span> <span class='ocrx_word' id='word_1_819' title='bbox 2735 5100 2918 5149; x_wconf 87' lang='lat' dir='ltr'><strong>creata</strong></span> <span class='ocrx_word' id='word_1_820' title='bbox 2957 5099 3072 5155; x_wconf 88' lang='lat' dir='ltr'><strong>est,</strong></span> <span class='ocrx_word' id='word_1_821' title='bbox 3121 5087 3178 5143; x_wconf 88' lang='lat' dir='ltr'><strong>id</strong></span> <span class='ocrx_word' id='word_1_822' title='bbox 3232 5085 3396 5140; x_wconf 87' lang='lat' dir='ltr'><strong>habet</strong></span> <span class='ocrx_word' id='word_1_823' title='bbox 3443 5097 3570 5137; x_wconf 91' lang='lat' dir='ltr'><strong>cum</strong></span> 
     </span>
    </p>
   </div>
   <div class='ocr_carea' id='block_1_112' title="bbox 1995 5178 3577 5254">
    <p class='ocr_par' dir='ltr' id='par_1_112' title="bbox 1995 5178 3577 5254">
     <span class='ocr_line' id='line_1_112' title="bbox 1995 5178 3577 5254; baseline -0.012 -6"><span class='ocrx_word' id='word_1_824' title='bbox 1995 5192 2214 5250; x_wconf 65' lang='lat' dir='ltr'><strong>ceteris</strong></span> <span class='ocrx_word' id='word_1_825' title='bbox 2251 5203 2564 5254; x_wconf 89' lang='lat' dir='ltr'><strong>commune,</strong></span> <span class='ocrx_word' id='word_1_826' title='bbox 2597 5197 2658 5241; x_wconf 90' lang='lat' dir='ltr'><strong>ut</strong></span> <span class='ocrx_word' id='word_1_827' title='bbox 2685 5187 2740 5240; x_wconf 89' lang='lat' dir='ltr'><strong>in</strong></span> <span class='ocrx_word' id='word_1_828' title='bbox 2773 5193 3151 5240; x_wconf 88' lang='lat' dir='ltr'><strong>creaturarum</strong></span> <span class='ocrx_word' id='word_1_829' title='bbox 3193 5178 3385 5234; x_wconf 90' lang='lat' dir='ltr'><strong>ordine</strong></span> <span class='ocrx_word' id='word_1_830' title='bbox 3417 5189 3577 5246; x_wconf 54' lang='lat' dir='ltr'><strong>repov</strong></span> 
     </span>
    </p>
   </div>
   <div class='ocr_carea' id='block_1_113' title="bbox 1999 5269 3576 5355">
    <p class='ocr_par' dir='ltr' id='par_1_113' title="bbox 1999 5269 3576 5355">
     <span class='ocr_line' id='line_1_113' title="bbox 1999 5269 3576 5355; baseline -0.011 -17"><span class='ocrx_word' id='word_1_831' title='bbox 1999 5281 2368 5355; x_wconf 86' lang='lat' dir='ltr'><strong>natur.lgitur</strong></span> <span class='ocrx_word' id='word_1_832' title='bbox 2391 5279 2505 5335; x_wconf 82' lang='lat' dir='ltr'><strong>ﬁeri</strong></span> <span class='ocrx_word' id='word_1_833' title='bbox 2528 5294 2634 5333; x_wconf 90' lang='lat' dir='ltr'><strong>non</strong></span> <span class='ocrx_word' id='word_1_834' title='bbox 2656 5284 2836 5349; x_wconf 84' lang='lat' dir='ltr'><strong>potest</strong></span> <span class='ocrx_word' id='word_1_835' title='bbox 2857 5282 2916 5330; x_wconf 92' lang='lat' dir='ltr'><strong>ut</strong></span> <span class='ocrx_word' id='word_1_836' title='bbox 2932 5273 3173 5329; x_wconf 77' lang='lat' dir='ltr'><strong>Verbum</strong></span> <span class='ocrx_word' id='word_1_837' title='bbox 3197 5285 3306 5326; x_wconf 92' lang='lat' dir='ltr'><strong>non</strong></span> <span class='ocrx_word' id='word_1_838' title='bbox 3329 5269 3399 5324; x_wconf 86' lang='lat' dir='ltr'><strong>sit</strong></span> <span class='ocrx_word' id='word_1_839' title='bbox 3420 5282 3576 5322; x_wconf 64' lang='lat' dir='ltr'><strong>creao</strong></span> 
     </span>
    </p>
   </div>
   <div class='ocr_carea' id='block_1_114' title="bbox 2000 5359 3576 5434">
    <p class='ocr_par' dir='ltr' id='par_1_114' title="bbox 2000 5359 3576 5434">
     <span class='ocr_line' id='line_1_114' title="bbox 2000 5359 3576 5434; baseline -0.015 -1"><span class='ocrx_word' id='word_1_840' title='bbox 2000 5389 2116 5434; x_wconf 91' lang='lat' dir='ltr'><strong>tum</strong></span> <span class='ocrx_word' id='word_1_841' title='bbox 2140 5377 2195 5431; x_wconf 93' lang='lat' dir='ltr'><strong>in</strong></span> <span class='ocrx_word' id='word_1_842' title='bbox 2212 5375 2374 5429; x_wconf 88' lang='lat' dir='ltr'><strong>Patre</strong></span> <span class='ocrx_word' id='word_1_843' title='bbox 2395 5381 2449 5429; x_wconf 90' lang='lat' dir='ltr'><strong>et</strong></span> <span class='ocrx_word' id='word_1_844' title='bbox 2465 5388 2530 5428; x_wconf 87' lang='lat' dir='ltr'><strong>ex</strong></span> <span class='ocrx_word' id='word_1_845' title='bbox 2555 5371 2717 5424; x_wconf 86' lang='lat' dir='ltr'><strong>Patre</strong></span> <span class='ocrx_word' id='word_1_846' title='bbox 2736 5366 3068 5423; x_wconf 89' lang='lat' dir='ltr'><strong>naturaliter</strong></span> <span class='ocrx_word' id='word_1_847' title='bbox 3094 5361 3420 5434; x_wconf 88' lang='lat' dir='ltr'><strong>procedens,</strong></span> <span class='ocrx_word' id='word_1_848' title='bbox 3450 5359 3576 5414; x_wconf 81' lang='lat' dir='ltr'><strong>licet</strong></span> 
     </span>
    </p>
   </div>
   <div class='ocr_carea' id='block_1_115' title="bbox 277 5451 1874 5548">
    <p class='ocr_par' dir='ltr' id='par_1_115' title="bbox 277 5451 1874 5548">
     <span class='ocr_line' id='line_1_115' title="bbox 277 5451 1874 5548; baseline -0.001 -16"><span class='ocrx_word' id='word_1_849' title='bbox 277 5451 534 5548; x_wconf 59' lang='grc' dir='ltr'>τάχθαι,</span> <span class='ocrx_word' id='word_1_850' title='bbox 561 5477 702 5531; x_wconf 88' lang='grc' dir='ltr'><strong>κατά</strong></span> <span class='ocrx_word' id='word_1_851' title='bbox 722 5451 926 5530; x_wconf 47' lang='grc' dir='ltr'>τὸξτοῦ</span> <span class='ocrx_word' id='word_1_852' title='bbox 955 5451 1282 5547; x_wconf 69' lang='grc' dir='ltr'>πεποιῆσθαι</span> <span class='ocrx_word' id='word_1_853' title='bbox 1310 5451 1486 5544; x_wconf 79' lang='grc' dir='ltr'>λόγον,</span> <span class='ocrx_word' id='word_1_854' title='bbox 1518 5451 1653 5548; x_wconf 76' lang='grc' dir='ltr'>πρὸς</span> <span class='ocrx_word' id='word_1_855' title='bbox 1673 5475 1742 5528; x_wconf 87' lang='grc' dir='ltr'>τὰ</span> <span class='ocrx_word' id='word_1_856' title='bbox 1763 5475 1874 5530; x_wconf 70' lang='grc' dir='ltr'>ἄλλ(</span> 
     </span>
    </p>
   </div>
   <div class='ocr_carea' id='block_1_116' title="bbox 1975 5451 3574 5548">
    <p class='ocr_par' dir='ltr' id='par_1_116' title="bbox 2002 5451 3574 5544">
     <span class='ocr_line' id='line_1_116' title="bbox 2002 5451 3574 5544; baseline -0.016 -18"><span class='ocrx_word' id='word_1_857' title='bbox 2002 5470 2280 5544; x_wconf 68' lang='lat' dir='ltr'><strong>praecipuo</strong></span> <span class='ocrx_word' id='word_1_858' title='bbox 2323 5466 2474 5537; x_wconf 78' lang='lat'><strong>[87</strong></span> <span class='ocrx_word' id='word_1_859' title='bbox 2517 5460 2754 5534; x_wconf 87' lang='lat' dir='ltr'><strong>quodam</strong></span> <span class='ocrx_word' id='word_1_860' title='bbox 2811 5457 2976 5513; x_wconf 88' lang='lat' dir='ltr'><strong>modo</strong></span> <span class='ocrx_word' id='word_1_861' title='bbox 3041 5456 3271 5511; x_wconf 87' lang='lat' dir='ltr'><strong>adorare</strong></span> <span class='ocrx_word' id='word_1_862' title='bbox 3334 5451 3574 5506; x_wconf 87' lang='lat' dir='ltr'><strong>dicatur.</strong></span> 
     </span>
    </p>
   </div>
   <div class='ocr_carea' id='block_1_117' title="bbox 281 5562 1898 5641">
    <p class='ocr_par' dir='ltr' id='par_1_117' title="bbox 281 5562 1898 5641">
     <span class='ocr_line' id='line_1_117' title="bbox 281 5562 1898 5641; baseline -0.003 -16"><span class='ocrx_word' id='word_1_863' title='bbox 281 5562 753 5625; x_wconf 51' lang='grc' dir='ltr'>κοινόνίυὺκοῦν</span> <span class='ocrx_word' id='word_1_864' title='bbox 778 5568 1076 5640; x_wconf 72' lang='grc' dir='ltr'>οὐδαμόθεν</span> <span class='ocrx_word' id='word_1_865' title='bbox 1105 5568 1165 5622; x_wconf 79' lang='grc' dir='ltr'><strong>τὸ</strong></span> <span class='ocrx_word' id='word_1_866' title='bbox 1196 5565 1336 5624; x_wconf 83' lang='grc' dir='ltr'>εἶναι</span> <span class='ocrx_word' id='word_1_867' title='bbox 1359 5570 1585 5641; x_wconf 80' lang='grc' dir='ltr'>γενητὸς</span> <span class='ocrx_word' id='word_1_868' title='bbox 1622 5570 1679 5624; x_wconf 83' lang='grc' dir='ltr'>ὲν</span> <span class='ocrx_word' id='word_1_869' title='bbox 1703 5569 1898 5641; x_wconf 74' lang='grc' dir='ltr'>Πατρὶ,</span> 
     </span>
    </p>
   </div>
   <div class='ocr_carea' id='block_1_118' title="bbox 368 5747 1463 5818">
    <p class='ocr_par' dir='ltr' id='par_1_118' title="bbox 368 5747 1463 5818">
     <span class='ocr_line' id='line_1_118' title="bbox 368 5747 1463 5818; baseline -0.001 -16"><span class='ocrx_word' id='word_1_870' title='bbox 368 5751 419 5783; x_wconf 73' lang='grc'><strong>⁸⁸</strong></span> <span class='ocrx_word' id='word_1_871' title='bbox 458 5748 704 5818; x_wconf 82' lang='lat' dir='ltr'><strong>Philipp.</strong></span> <span class='ocrx_word' id='word_1_872' title='bbox 734 5764 794 5816; x_wconf 82' lang='grc' dir='ltr'><strong>ιι,</strong></span> <span class='ocrx_word' id='word_1_873' title='bbox 832 5748 883 5814; x_wconf 86' lang='lat'><strong>7,</strong></span> <span class='ocrx_word' id='word_1_874' title='bbox 909 5750 960 5806; x_wconf 90' lang='lat'><strong>8.</strong></span> <span class='ocrx_word' id='word_1_875' title='bbox 1040 5750 1080 5781; x_wconf 79' lang='grc'><strong>’³⁷</strong></span> <span class='ocrx_word' id='word_1_876' title='bbox 1111 5747 1268 5804; x_wconf 78' lang='lat' dir='ltr'><strong>Joan.</strong></span> <span class='ocrx_word' id='word_1_877' title='bbox 1295 5764 1344 5815; x_wconf 66' lang='grc' dir='ltr'><strong>ι’,</strong></span> <span class='ocrx_word' id='word_1_878' title='bbox 1380 5747 1463 5801; x_wconf 74' lang='lat'><strong>9.5.</strong></span> 
     </span>
    </p>
   </div>
   <div class='ocr_carea' id='block_1_119' title="bbox 2009 5548 3582 5636">
    <p class='ocr_par' dir='ltr' id='par_1_119' title="bbox 2009 5548 3582 5636">
     <span class='ocr_line' id='line_1_119' title="bbox 2009 5548 3582 5636; baseline -0.017 -14"><span class='ocrx_word' id='word_1_879' title='bbox 2009 5565 2075 5622; x_wconf 75' lang='lat' dir='ltr'><strong>At</strong></span> <span class='ocrx_word' id='word_1_880' title='bbox 2092 5559 2372 5636; x_wconf 90' lang='lat' dir='ltr'><strong>quomodo</strong></span> <span class='ocrx_word' id='word_1_881' title='bbox 2401 5574 2490 5616; x_wconf 89' lang='lat' dir='ltr'><strong>res</strong></span> <span class='ocrx_word' id='word_1_882' title='bbox 2519 5553 2785 5629; x_wconf 85' lang='lat' dir='ltr'><strong>producta</strong></span> <span class='ocrx_word' id='word_1_883' title='bbox 2803 5550 2976 5608; x_wconf 82' lang='lat' dir='ltr'><strong>Filius</strong></span> <span class='ocrx_word' id='word_1_884' title='bbox 3003 5563 3122 5606; x_wconf 81' lang='lat' dir='ltr'><strong>esse</strong></span> <span class='ocrx_word' id='word_1_885' title='bbox 3141 5553 3338 5619; x_wconf 89' lang='lat' dir='ltr'><strong>potest,</strong></span> <span class='ocrx_word' id='word_1_886' title='bbox 3361 5548 3455 5600; x_wconf 89' lang='lat' dir='ltr'><strong>aut</strong></span> <span class='ocrx_word' id='word_1_887' title='bbox 3472 5554 3582 5612; x_wconf 79' lang='lat' dir='ltr'><strong>quo</strong></span> 
     </span>
    </p>
   </div>
  </div>
