4040 6214
495 311 600 366 307

1464 301 1522 356 S.
1551 295 1832 358 CYRILLl
1860 290 2328 350 ALEXANDBINI
2360 291 2682 352 ARCHlEP.

3644 298 3750 355 308

499 435 663 499 pacto
694 425 959 487 Dominus
991 423 1098 480 erit
1120 461 1135 487 ,
1182 419 1278 492 qui
1314 432 1514 475 servus
1556 427 1613 472 et
1645 416 1910 472 adorator
1939 411 2072 470 est?

2180 411 2269 465 καὶ
2303 411 2368 465 ἐκ
2409 411 2624 484 Πατρὸς
2664 415 2909 484 φυσικῶς
2945 414 3286 488 διαφεύξεται
3326 419 3355 473 6
3406 419 3602 489 Λόγος,
3647 421 3750 476 κᾶν

498 519 634 576 Nam
664 533 786 576 mea
829 517 1055 590 quidem
1098 511 1374 570 sententia
1420 511 1569 582 regis
1618 524 1682 564 ac
1725 506 1938 564 domini
1989 504 2074 559 di-

497 613 678 685 gnitas
722 613 777 667 in
809 625 875 666 eo
908 609 1108 672 elucet,
1158 606 1306 678 quod
1353 605 1482 676 quis
1522 604 1824 669 adoratur;
1880 597 2074 655 famuli

502 719 630 761 vero
657 718 723 758 ac
749 701 895 758 servi
933 699 1212 766 conditio,
1247 699 1304 754 in
1341 713 1407 754 eo
1435 696 1586 768 quod
1621 696 1752 767 quis
1787 691 2072 750 adoratio-

499 812 622 852 ueni
654 803 710 851 et
740 793 951 849 cultum
984 791 1149 851 alicui
1180 790 1376 847 defert.
1406 787 1846 846 Existimandum
1872 785 2076 855 quippe

500 888 662 944 nobis
703 893 789 942 est
834 900 1108 941 summam
1158 885 1306 938 illam
1352 891 1407 940 et
1460 894 1774 952 supremam
1829 877 2074 933 omnium

476 981 754 1036 naturam
791 977 1016 1035 subdito
1051 977 1287 1032 similem
1323 976 1462 1031 fore.
1487 973 1756 1041 Quocirca
1775 968 1977 1042 Moysis
2011 967 2076 1021 il-

501 1073 608 1128 lius
634 1069 1030 1142 sapientissimi
1059 1084 1154 1124 ore
1184 1069 1392 1123 dictum
1423 1075 1510 1123 est
1543 1074 1818 1120 creatura:
1850 1060 2074 1115 univer-

501 1179 617 1219 sae:
651 1182 668 1216 ι
705 1162 999 1216 Dominum
1030 1159 1201 1216 Deum
1233 1168 1386 1214 tuum
1417 1158 1679 1214 adorabis
1701 1196 1716 1221 ,
1746 1163 1800 1210 et
1833 1153 1938 1224 ipsi
1971 1149 2074 1207 soli

501 1256 710 1313 servies
758 1254 826 1309 ⁸⁸.
856 1271 877 1306 ι
908 1253 1142 1322 Ideoque
1176 1251 1546 1323 quodcunque
1589 1262 1811 1305 servum
1859 1253 1943 1298 est
1977 1256 2076 1297 na-

501 1360 623 1404 tura
665 1357 722 1404 et
763 1347 988 1403 deitatis
1032 1346 1163 1415 jugo
1205 1343 1484 1406 subditur,
1517 1341 1646 1395 huic
1679 1334 1950 1393 adorandi
1981 1332 2075 1387 Dei

501 1441 809 1496 necessitas
839 1437 1146 1500 incumbit,
1181 1442 1235 1488 et
1263 1432 1578 1488 adoratoris
1607 1443 1898 1502 personam
1931 1427 1986 1480 in
2017 1439 2076 1480 se

501 1528 1014 1601 suscipiendi.Nam
1045 1544 1170 1583 cum
1204 1526 1415 1598 Moyses
1449 1524 1738 1580 Dominum
1757 1521 1891 1576 dicit
1913 1559 1928 1585 ,
1955 1533 2075 1574 ser-

500 1639 628 1679 vum
663 1622 965 1686 discernit,
999 1629 1052 1675 et
1093 1628 1438 1696 creaturam,
1481 1632 1608 1672 cum
1653 1614 1845 1668 Deum.
1901 1609 2075 1665 Simul

499 1715 646 1770 enim
698 1711 1111 1784 quodammodo
1165 1710 1571 1780 intelliguntur,
1616 1705 1850 1760 invicem
1902 1715 2072 1772 oppo-

501 1811 706 1859 nuntur
759 1801 994 1856 naturali
1048 1799 1283 1854 Domino
1330 1797 1554 1870 quidem
1609 1811 1847 1860 servus,
1898 1801 1953 1848 et
1992 1792 2075 1845 in-

500 1902 702 1948 creatae
734 1892 963 1952 deitati,
998 1905 1085 1945 res
1135 1897 1340 1944 creata.
1381 1887 1558 1942 Filius
1592 1894 1776 1940 autem
1798 1925 1812 1949 ,
1847 1897 1974 1938 cum
2007 1881 2076 1934 ab

501 1995 707 2040 :eterno
730 1983 807 2038 sit
832 1982 886 2036 in
912 1979 1094 2044 Patre,
1133 1992 1187 2036 et
1215 1980 1476 2034 Dominus
1507 1979 1763 2043 exsistat,
1798 1985 1858 2030 ut
1897 1975 2073 2036 Deus,

503 2075 779 2131 undenam
813 2073 1048 2128 adorare
1089 2073 1319 2135 debeat,
1367 2086 1471 2141 ego
1515 2070 1734 2140 quidem
1782 2066 2078 2123 ostendere

503 2184 614 2222 non
648 2181 896 2237 possum.
927 2163 1034 2219 Sed
1065 2164 1246 2219 denuo
1280 2178 1459 2232 nugas
1497 2176 1627 2216 suas
1663 2159 1744 2214 illi
1772 2157 2073 2230 proferant.

502 2256 768 2312 Adorabit
792 2295 807 2318 ,
838 2253 1132 2324 inquiunt,
1163 2252 1379 2308 Patrem
1410 2251 1741 2322 Unigenitus
1766 2291 1779 2313 ,
1811 2264 1988 2318 neque
2018 2255 2078 2302 ut

501 2363 729 2411 servus,
765 2361 944 2416 neque
976 2352 1037 2398 ut
1069 2351 1327 2398 creatura
1359 2361 1372 2396 :
1410 2342 1505 2397 sed
1559 2349 1619 2395 ut
1666 2341 1810 2394 filius
1864 2338 2078 2408 genito-

499 2453 614 2495 rem
653 2453 838 2495 suum.
871 2436 1056 2492 Posita
1088 2443 1175 2491 est
1208 2435 1379 2504 igitur
1405 2433 1458 2487 in
1493 2433 1757 2487 ﬁliatione
1789 2428 2077 2485 adorantis

507 2531 647 2585 ratio
677 2549 692 2597 ;
735 2528 1076 2598 omninoque
1118 2527 1368 2582 dicemus
1403 2523 1740 2580 adorandum
1769 2537 1895 2578 esse
1936 2521 2077 2575 Filio

475 2659 477 2662 ι
505 2621 722 2676 Patrem
746 2659 761 2685 ,
795 2626 853 2672 ut
885 2619 980 2688 qui
1021 2619 1078 2673 in
1118 2617 1226 2672 hoc
1259 2631 1385 2672 esse
1426 2624 1621 2670 nactus
1651 2615 1756 2676 sit,
1789 2612 1954 2668 sicuti
1985 2626 2082 2666 no-

502 2713 590 2768 bis
621 2728 844 2783 quoque
874 2709 1219 2766 adorandum
1259 2708 1532 2764 incumbit
1567 2723 1635 2762 ex
1669 2720 1735 2761 eo
1768 2705 1914 2775 quod
1959 2704 2078 2758 ani~

503 2804 664 2858 malia
700 2818 894 2858 sumus
928 2803 1144 2856 ratione
1178 2798 1437 2870 praedicta
1458 2838 1472 2863 ,
1511 2805 1565 2852 et
1599 2796 1851 2850 mortalia
1875 2835 1890 2859 ,
1922 2809 2076 2849 men-

2176 500 2470 574 ἐξαιρέτως
2515 502 2742 576 λέγηται
2789 511 3132 578 προσκυνεῖν.
3185 504 3318 564 Εἶτα
3370 509 3488 573 πῶς
3516 510 3644 574 Υῖὸς
3667 509 3750 566 ετι

2173 593 2235 648 τὸ
2260 595 2506 666 ποιηθὲν,
2535 597 2569 670 ἢ
2599 598 2718 664 πῶς
2745 599 2825 653 ἐτι
2861 600 3064 674 Κύριος
3093 606 3122 657 6
3145 602 3348 668 δοῦλος,
3379 605 3476 657 καὶ¹
3503 603 3707 675 λάτρης
3731 621 3749 671 ;

2176 681 2344 758 Οἶμαι
2373 687 2481 761 γὰρ
2507 689 2683 760 ἔγωγε
2703 693 2765 746 τὸ
2795 693 2896 765 μὲν
2919 695 3198 766 βασιλικόν
3219 712 3279 749 τε
3317 695 3412 750 καὶ
3433 695 3753 750 δεσποτικὸν

2175 780 2235 832 ἐν
2277 781 2354 851 τῷ
2405 785 2834 853 προσκυνεῖσθαι
2892 787 3221 858 διαλάμπειν
3283 787 3530 860 ἀξίωμα·
3581 788 3645 841 τὸ
3695 789 3754 844 δᾶ

2175 871 2444 925 οἰκετικόν
2495 889 2556 926 τε
2609 875 2703 929 καὶ
2751 875 3151 948 δουλοπρεπὲς,
3209 879 3267 932 ἐν
3298 877 3376 948 τῷ
3427 881 3754 948 προσκυνεῖν

2175 963 2456 1034 ὁρίζεσθαι
2479 967 2699 1039 μέτρον.
2729 967 2820 1039 Τῷ
2843 969 2954 1041 γὰρ
2979 970 3340 1024 ὑποπίπτοντι
3371 970 3519 1040 ἡμᾶς
3544 969 3755 1024 οἴεσθαι

2175 1056 2258 1109 δεῖ
2287 1057 2386 1128 τὴν
2425 1058 2829 1132 ὑπερκειμένην
2861 1063 2955 1116 καὶ
2988 1063 3174 1116 ἐπάνω
3209 1063 3428 1116 πάντων
3459 1063 3754 1132 ὁμολογου-

2181 1149 2348 1220 μένην
2393 1150 2573 1220 φύσιν.
2615 1152 2902 1225 Τοιγάρτοι
2933 1155 3028 1209 καὶ
3056 1154 3204 1226 πάσῃ
3229 1157 3294 1226 τῇ
3323 1154 3498 1208 κτίσει
3536 1153 3627 1207 διὰ
3655 1151 3751 1208 τοῦ

2177 1242 2455 1310 πανσόφου
2487 1248 2886 1313 προσεφωνεῖτο
2906 1246 3167 1310 Μωσέως,
3204 1265 3223 1298 ι
3255 1245 3463 1316 Κύριον
3493 1245 3586 1298 τὸν
3617 1244 3750 1298 Θεόν

2178 1351 2273 1387 σου
2303 1337 2737 1406 προσκυνήσεις,
2789 1339 2883 1391 καὶ
2925 1338 3075 1409 αὑτῷ
3122 1339 3270 1409 μόνῳ
3327 1338 3644 1409 λατρεύσεις
3668 1355 3683 1368 ·
3722 1357 3742 1390 ι

2177 1427 2316 1481 ὥστε
2349 1428 2456 1498 ὃτῳ
2489 1428 2630 1482 κατὰ
2663 1428 2824 1498 φύσιν
2856 1431 3004 1483 ἐστὶν
3052 1432 3086 1501 ἡ
3128 1431 3359 1495 δουλεία,
3395 1430 3490 1484 καὶ⁵
3526 1431 3631 1484 ὑπὸ
3654 1430 3748 1484 τὸν

2175 1523 2275 1589 τῆς
2305 1520 2555 1590 θεότητος
2593 1521 2782 1574 πίπτει
2813 1521 2976 1590 ζυγὸν
2995 1561 3010 1586 ,
3052 1520 3213 1575 τοῦτο
3259 1521 3322 1594 δὴ
3374 1522 3590 1585 πάντως
3609 1564 3623 1586 ,
3654 1523 3749 1575 καὶ

2179 1613 2390 1682 ἀνάγκη
2421 1617 2765 1683 προσκυνεῖν,
2795 1615 2888 1668 καὶ
2911 1615 2988 1684 τῷ
3016 1614 3116 1684 τῆς
3153 1613 3408 1684 λατρείας
3432 1613 3747 1667 ὑποκεῖσθαι

2180 1705 2441 1774 σχήματι.
2491 1705 2578 1758 Ἐν
2605 1705 2704 1776 μὲν
2736 1705 2846 1777 γὰρ
2877 1705 2956 1776 τῷ
2985 1707 3158 1759 εἰπεῖν
3188 1705 3411 1778 Κύριον,
3444 1705 3665 1777 διορίζει
3688 1706 3750 1758 τὸ

2176 1793 2380 1858 δοῦλον,
2414 1795 2471 1847 ἐν
2506 1794 2564 1847 δὲ
2593 1793 2670 1864 τῷ
2707 1794 2858 1860 Θεὸν,
2898 1795 2960 1848 τὸ
2995 1795 3380 1865 πεποιημένον.
3415 1796 3751 1848 Συνεπινοεῖ-

2175 1905 2264 1940 ται
2303 1887 2412 1958 γάρ
2459 1904 2577 1950 πως
2619 1886 2715 1940 καὶ
2770 1885 3298 1951 ἀντιδιαστέλλεται,
3333 1885 3414 1956 τῷ
3457 1886 3556 1957 μὲν
3608 1886 3751 1939 κατά

2179 1972 2340 2041 φύσιν
2373 1973 2564 2044 Κυρίῳ
2605 1974 2668 2026 τὸ
2707 1973 2920 2039 δοῦλον,
2969 1976 3034 2044 τῇ
3068 1974 3126 2027 δέ
3167 1975 3416 2046 ἀγενήτῳ
3449 1975 3661 2046 θεότητι
3688 1975 3752 2027 τὸ

2178 2064 2459 2136 παραχθέν
2527 2067 2608 2129 είς
2665 2066 2896 2134 γένεσιν.
2951 2065 3008 2119 '0
3051 2067 3109 2120 δέ
3155 2067 3282 2132 Υἱὸς
3337 2068 3519 2131 ἀῖδίως
3569 2066 3646 2120 ὢν
3691 2069 3752 2121 ἐν

2178 2158 2370 2227 Πατρὶ,
2412 2158 2504 2211 καὶ
2538 2156 2742 2228 Κύριός
2791 2175 2851 2211 τε
2909 2160 3170 2233 ὑπάρχων
3211 2159 3288 2223 ὡς
3317 2159 3480 2222 Θεὸς,
3533 2158 3656 2212 ὅθεν
3684 2160 3751 2213 ἂν

2177 2243 2419 2313 φαίνοιτο
2455 2244 2514 2297 τὸ
2549 2249 2878 2315 προσκυνεῖν
2903 2247 3224 2316 ἐποφείλων,
3260 2248 3452 2320 ἀπορῶ
3495 2249 3593 2319 μὲν
3627 2250 3750 2301 ἐπι-

2175 2333 2440 2387 δεικνύειν
2465 2334 2596 2402 ἐγώ·
2632 2335 3016 2407 φλυαρούντων
3052 2337 3108 2390 δέ
3135 2337 3297 2391 πάλιν
3329 2337 3544 2389 ἐκεῖνοι.
3569 2337 3748 2406 Προσ-

2177 2427 2439 2496 κυνησει,
2489 2427 2686 2497 φησὶν,
2726 2429 2754 2480 6
2799 2429 3110 2499 Μονογενὴς
3145 2428 3222 2499 τῷ
3259 2429 3433 2498 Πατρὶ
3458 2469 3473 2490 ,
3517 2427 3641 2480 οὔτε
3673 2426 3751 2489 ὡς

2175 2516 2359 2580 δοῦλος
2382 2557 2397 2582 ,
2441 2517 2565 2571 οὔτε
2595 2517 2672 2582 ὡς
2712 2520 2957 2590 ποίημα,
3007 2521 3123 2574 ἀλλ’
3157 2521 3234 2584 ὡς
3279 2520 3405 2582 Υἱὸς
3446 2518 3525 2590 τῷ
3557 2520 3749 2588 γεννήο

2179 2626 2352 2663 σαντι.
2380 2609 2775 2681 Παραληπτέον
2799 2609 2891 2667 οῦν
2921 2613 3032 2684 ἄρα
3058 2612 3158 2683 τὴν
3184 2611 3554 2684 προσκύνησιν
3589 2612 3648 2665 ἐν
3670 2610 3751 2680 τῷ

2174 2701 2275 2772 τῆς
2307 2703 2554 2773 υίότητος
2585 2704 2694 2774 ὅρῳ
2713 2745 2728 2768 ,
2775 2704 2870 2757 καὶ
2915 2705 3110 2776 χρῆναι
3139 2705 3357 2768 πάντως
3384 2703 3617 2776 ἐροῦμεν
3657 2704 3750 2758 τὸν

2177 2794 2307 2848 Υίὸν
2338 2797 2664 2866 προσκυνεῖν
2695 2795 2774 2866 τῷ
2806 2796 2983 2866 Πατρὶ
3005 2837 3021 2862 ,
3069 2795 3144 2859 ὡς
3194 2799 3252 2851 ἐν
3301 2795 3476 2868 τούτῳ
3519 2795 3582 2848 τὸ
3613 2791 3752 2849 εἶναι

504 2897 578 2951 tis
605 2901 661 2949 et
690 2893 1002 2964 disciplina:
1051 2890 1312 2960 capacia,
1363 2888 1549 2960 potius
1591 2903 1756 2959 quam
1803 2887 1971 2942 animi
2014 2901 2080 2942 ac

2180 2886 2431 2957 λαχόντα,
2461 2887 2712 2958 καθάπερ
2736 2883 2829 2941 οῦν
2858 2888 2954 2941 καὶ
2981 2889 3140 2958 ἡμεῖς
3174 2887 3232 2942 ἐν
3252 2885 3330 2957 τῷ
3351 2884 3494 2940 εἶναι
3524 2885 3638 2950 ζῶα
3662 2886 3752 2940 λο-

507 2983 810 3039 voluntatis
852 2989 1028 3037 motu.
1077 2980 1216 3038 Nam
1271 2981 1318 3036 si
1380 2988 1578 3035 natura
1628 2979 1957 3050 Unigenitus
2011 2993 2076 3034 ac

2180 2979 2330 3049 γικὰ,
2366 2980 2461 3034 καὶ
2492 2979 2684 3050 θνητὰ,
2713 2979 2806 3034 νοῦ
2841 2981 2935 3033 καὶ
2965 2981 3276 3052 ἐπιστήμης
3304 2979 3546 3045 δεκτικὰ,
3579 2981 3612 3051 ἢ
3637 2982 3752 3042 τοῖς

504 3077 654 3132 velut
687 3090 755 3131 ex
787 3075 1119 3153 necessitate
1166 3073 1401 3144 quadam
1450 3074 1684 3130 adorare
1733 3073 1930 3137 debet,
1975 3073 2076 3128 ita-

2180 3073 2375 3140 ἔξωθεν
2401 3073 2544 3128 κατά
2571 3073 2694 3128 νοῦν
2724 3074 3008 3143 κινήμασι,
3055 3073 3150 3126 καὶ
3190 3075 3308 3136 ταῖς
3337 3077 3402 3127 ἐκ
3431 3073 3752 3143 θελημάτων

505 3180 615 3237 que
674 3165 755 3220 illi
821 3163 1070 3221 sentiunt
1129 3175 1194 3218 ac
1249 3163 1594 3234 praedicant:
1639 3161 1916 3234 quomodo
1965 3175 2076 3214 non

507 3265 695 3328 aperte
750 3257 805 3312 in
871 3257 1056 3327 ipsum
1113 3255 1333 3311 Patrem
1388 3269 1620 3326 peccare
1668 3251 2080 3324 deprehenden-

508 3346 641 3402 tur‘l
670 3343 908 3402 Omnino
938 3345 1087 3401 eriim
1120 3357 1348 3400 necesse
1387 3353 1474 3399 est
1517 3343 1695 3413 ipsum
1739 3357 1960 3413 quoque
1997 3349 2080 3395 ta-

507 3437 614 3493 lem
643 3435 899 3500 censeri,
934 3433 1382 3505 quandoquidem
1424 3431 1548 3500 ejus
1589 3433 1771 3501 imago
1800 3440 1855 3486 et
1883 3431 2080 3485 chara-

509 3535 627 3586 cter
654 3537 740 3584 est
768 3524 944 3581 Filius
985 3525 1054 3590 ",
1105 3532 1160 3578 et
1187 3537 1532 3594 quaecunque
1579 3521 1832 3577 eamdem
1881 3529 1936 3576 et
1980 3535 2081 3590 per

508 3618 696 3675 omnia
755 3617 1024 3688 aequalem
1081 3613 1496 3670 similitudinem
1559 3612 1802 3678 habent,
1849 3625 1916 3668 ea
1975 3611 2084 3668 uti-

507 3728 614 3783 que
647 3711 799 3766 nullo
825 3709 988 3765 modo
1014 3706 1298 3762 differunt.
1343 3705 1501 3772 Quod
1544 3703 1592 3760 si
1632 3704 1687 3758 in
1735 3703 1853 3761 sola
1883 3704 2080 3760 volun-

511 3814 620 3860 tate
651 3800 768 3858 Filii
802 3803 1044 3873 positum
1077 3814 1205 3856 esse
1247 3799 1474 3862 dicunt,
1517 3795 1667 3866 quod
1723 3795 1941 3851 Patrem
1982 3795 2081 3850 ad-

509 3903 664 3958 oret,
701 3891 1036 3963 conjecturis
1071 3899 1357 3946 moventur
1381 3887 1741 3958 potiusquam
1769 3886 2080 3942 rationibus

511 3988 680 4044 veris.
708 3985 777 4039 At
806 3983 940 4054 quid
973 3983 1209 4038 vetuerit
1239 3983 1538 4051 quominus
1573 3979 1666 4034 alii
1704 3978 2080 4034 inconsidera-

511 4093 620 4137 tam
654 4094 765 4150 prze
817 4093 876 4132 se
909 4075 1146 4131 ferentes
1178 4074 1433 4144 pietatem
1476 4073 1695 4136 dicant,
1731 4069 1948 4126 Patrem
1987 4070 2084 4125 ad-

511 4188 672 4230 orare
719 4171 859 4226 velle
890 4167 1120 4228 Filium,
1149 4165 1402 4236 quamvis
1461 4165 1764 4220 secundum
1825 4175 2078 4217 naturam

512 4279 668 4321 suam
705 4278 816 4317 non
851 4263 924 4318 sit
975 4258 1282 4316 adorator?
1332 4255 1438 4316 Sed
1483 4263 1916 4313 consentaneum
1964 4265 2079 4321 est,

514 4354 694 4424 inquit
716 4391 731 4417 ,
769 4359 831 4406 ut
864 4365 1104 4421 persona
1136 4349 1318 4405 Patris
1340 4349 1411 4405 ab
1441 4349 1762 4404 adoratione
1781 4348 2078 4413 eximatur,

514 4423 685 4499 Filius
734 4449 920 4497 autem
950 4442 1001 4496 ei
1031 4440 1341 4495 adorationi
1377 4441 1449 4497 sit
1482 4440 1752 4497 obnoxius
1781 4441 1941 4511 eique
1973 4455 2080 4495 non
2115 4423 2159 4477 D

511 4533 673 4602 juvit.
706 4530 847 4598 Quid
879 4530 962 4584 ais
983 4568 997 4592 ,
1027 4544 1060 4584 ο
1085 4529 1227 4585 bone
1248 4530 1270 4582 ?
1295 4529 1448 4584 Tune
1479 4546 1698 4587 rursum
1726 4533 1886 4588 nobis
1919 4533 2085 4604 .188

515 4632 775 4690 tanquam
804 4636 870 4676 ex
905 4621 1083 4690 adytis
1127 4628 1222 4674 aut
1255 4619 1569 4674 Grecorum
1611 4623 1822 4692 tripode
1864 4625 2084 4692 profers

515 4711 775 4774 oracula,
825 4718 920 4765 aut
961 4711 1215 4780 exemplo
1256 4709 1466 4764 Sameae
1519 4711 1670 4767 illius
1721 4712 1965 4768 Elamitae
2015 4715 2084 4770 de

516 4801 681 4858 corde
715 4812 812 4857 tuo
841 4811 1088 4866 eructas,
1126 4815 1236 4856 non
1267 4816 1332 4856 ex
1363 4815 1459 4855 ore
1495 4799 1747 4856 Domini?
1778 4802 1843 4856 Et
1875 4803 1964 4868 hic
1994 4821 2087 4860 no-

519 4895 603 4950 bis
631 4902 1064 4950 consentaneum
1112 4891 1247 4946 illud
1301 4905 1576 4961 opponere
1618 4892 1768 4946 velut
1818 4893 2082 4951 invictum

517 4986 777 5057 quiddam
807 4999 916 5040 non
941 4984 1266 5040 erubescis?
1290 4982 1564 5053 Numquid
1606 4984 1751 5038 enim
1787 4972 2084 5042 consen’ta-

519 5092 682 5133 neum
735 5089 858 5132 esse
910 5073 1170 5146 putabis,
1223 5079 1284 5127 ut
1331 5072 1424 5142 qui
1474 5071 1775 5128 secundum
1827 5082 2086 5130 naturam

517 5169 662 5224 Deus
690 5173 810 5235 est,
843 5165 1012 5220 Deum
1047 5165 1244 5220 habeat
1272 5163 1508 5219 Verbum
1539 5179 1601 5219 ex
1635 5179 1692 5220 se
1722 5165 2000 5236 genitum,
2035 5175 2092 5222 et

519 5261 566 5314 is
618 5273 780 5328 quam
827 5257 1021 5312 adorat
1063 5257 1246 5312 omnis
1300 5265 1556 5311 creatura
1609 5255 1909 5312 adorabilis
1965 5256 2090 5313 Filii

520 5363 630 5403 non
660 5346 938 5402 adorantis
975 5345 1134 5402 Pater
1165 5352 1392 5401 vocetur
1423 5353 1479 5399 et
1521 5345 1594 5400 sit
1635 5346 1876 5400 natura?
1919 5345 2088 5418 Atqui

522 5447 576 5492 te
614 5437 750 5492 nibil
789 5437 1136 5508 sapientibus
1169 5437 1584 5492 dissentaneum
1617 5436 1892 5492 dicturum
1929 5449 2082 5508 puto.

522 5527 806 5592 Quomodo
834 5543 1001 5596 porro
1025 5537 1334 5585 statuemus
1367 5535 1797 5584 consentaneum
1830 5545 1988 5594 esse,
2027 5541 2088 5585 ut

596 5710 641 5742 ⁸³
671 5710 830 5765 Deut.
864 5727 939 5776 vr,
975 5712 1074 5780 1'5;
1103 5710 1292 5765 Matth.
1330 5724 1400 5774 Iv,
1447 5709 1533 5768 l0.
1604 5711 1646 5743 "
1683 5711 1798 5767 Col.
1834 5723 1877 5776 ι,
1915 5709 2000 5766 15.

2180 3168 2373 3236 ῥοπαῖς
2401 3164 2786 3236 ἐπιτρέψομεν.
2831 3166 2894 3219 El
2932 3164 3030 3236 μὲν
3073 3164 3183 3235 γάρ
3237 3163 3569 3237 ἐνέσπαρται
3609 3163 3754 3218 κατά

2179 3259 2340 3328 φύσιν
2367 3257 2446 3329 τῷ
2473 3259 2770 3326 Μονογενεῖ
2809 3256 2872 3310 τὸ
2915 3257 3110 3328 χρῆναι
3159 3257 3403 3322 πάντως,
3454 3261 3549 3311 καὶ
3574 3257 3651 3320 ὡς
3690 3255 3754 3322 ἐξ

2179 3347 2424 3418 ἀνάγκης
2454 3348 2778 3417 προσκυνεῖν
2801 3386 2818 3413 ,
2855 3345 3000 3399 οὑτω
3025 3363 3086 3399 τε
3120 3347 3301 3400 νοοῦσι
3361 3349 3478 3400 καὶι
3507 3347 3750 3414 λέγουσι,

2181 3435 2296 3500 πῶς
2325 3437 2398 3500 ,οὑ
2446 3436 2668 3507 γυμνῶς
2702 3438 2784 3500 είς
2830 3435 2992 3489 αὑτὸν
3029 3435 3413 3498 δυσσεϐοῦντες
3455 3436 3755 3490 ἁλώσονται

2177 3528 2269 3581 τὸν
2304 3528 2560 3600 Πατέρα;
2603 3529 2760 3583 Πᾶσα
2787 3527 2896 3599 γὰρ
2929 3528 3025 3582 καὶ
3067 3526 3230 3580 αὑτὸν
3276 3527 3489 3598 ἀνάγκη
3514 3527 3759 3582 νοεῖσθαι

2178 3619 2448 3685 τοιοῦτον,
2493 3620 2725 3692 ἐπείπερ
2755 3621 2849 3674 καὶ
2891 3618 3056 3674 είκὼν
3092 3618 3290 3684 αὑτοῦ,
3324 3621 3420 3674 καὶ
3465 3620 3758 3692 χαρακτήρ

2181 3711 2327 3764 ἐστιν
2357 3713 2386 3764 6
2419 3711 2569 3775 Υίὸς,
2597 3713 2694 3765 καὶ
2720 3712 2931 3782 ὅσαπερ
2963 3711 3030 3765 ἂν
3062 3713 3120 3765 ἐν
3158 3711 3598 3781 ἀπαραλλάκτως
3644 3711 3756 3764 ὑπο
3842 3760 3846 3764 .

2182 3803 2338 3876 άρχοι
2366 3805 2477 3866 τοῖς
2503 3803 2830 3874 ὁμοιώμασι,
2879 3804 3050 3858 ταῦτα
3106 3805 3172 3876 δὴ
3204 3806 3415 3868 πάντως
3444 3805 3564 3857 κατ’
3601 3802 3759 3857 οὐδὸν

2180 3893 2389 3947 διοίσει.
2420 3893 2484 3946 Et
2517 3893 2573 3946 δὲ
2601 3896 2658 3946 ἐν
2689 3894 2834 3965 μόνῳ
2878 3895 3091 3949 κεῖσθαί
3121 3913 3252 3965 φασι
3296 3896 3372 3966 τῷ
3414 3895 3636 3965 θελῆσαι
3663 3894 3761 3948 τὸν

2183 3982 2311 4036 Υίὸν
2347 3982 2642 4053 προσάγειν
2668 3983 2746 4055 τῷ
2779 3985 2954 4055 “arpi.
2986 3986 3086 4050 τὴν
3128 3986 3515 4056 προσκύνησιν,
3559 4002 3754 4055 στοχα-

2183 4072 2305 4126 σταὶ
2331 4072 2529 4142 μᾶλλόν
2557 4075 2724 4140 εἰσιν,
2758 4074 2791 4144 ἢ
2834 4075 2937 4143 τῆς
2977 4075 3230 4144 ἀληθείας
3273 4077 3647 4145 ἐπιστήμονες.
3684 4074 3754 4126 Τί

2181 4163 2225 4216 δ’
2251 4164 2317 4218 ἀν
2346 4166 2440 4218 καὶ
2480 4165 2698 4237 ἐτέρους
2727 4165 2969 4219 κωλύσαι
2998 4169 3190 4232 εἰπεῖν,
3236 4167 3606 4238 ῥιψοκίνδυνόν
3628 4183 3752 4220 τινα

2182 4255 2584 4326 πλαττομένους
2609 4256 2913 4322 εὐλάϐειαν,
2943 4259 3026 4312 ὅτι
3042 4259 3263 4327 θελητὸν
3289 4259 3364 4328 τῷ
3384 4260 3558 4330 Πατρὶ
3587 4275 3756 4329 προσ-

2183 4352 2366 4402 κυνεῖν
2404 4349 2482 4420 τῷ
2517 4349 2659 4420 Υίῷ,
2704 4349 2880 4404 καίτοι
2922 4351 3070 4417 κατὰ,
3099 4351 3260 4420 φύσιν
3299 4352 3397 4404 οὑκ
3439 4351 3552 4405 δντι
3590 4366 3759 4421 προσ-

2187 4441 2434 4509 κυνητῇ;
2493 4438 2632 4492 Ἀλλ’
2674 4439 2824 4504 αὑτὸ,
2876 4440 3031 4509 φησὶ,
3056 4440 3118 4493 τὸ
3158 4441 3388 4512 πρέπον,
3431 4441 3493 4494 τὸ
3528 4443 3626 4512 μὲν
3660 4440 3760 4495 τοῦ

2188 4531 2403 4602 Πατρὸς
2461 4528 2804 4594 ὑπεξελεῖται
2865 4531 3194 4598 πρόσωπον,
3249 4532 3512 4602 ὑποθήσει
3569 4533 3623 4585 δὲ
3677 4532 3763 4603 τῷ

2189 4621 2476 4692 πράγματι
2516 4621 2607 4674 τὸν
2631 4622 2778 4688 Υίὸν,
2805 4623 2904 4675 οὑκ
2938 4621 3234 4692 ἀϐούλητον
3272 4622 3464 4692 ἔχοντα
3493 4623 3554 4675 τὸ
3586 4639 3760 4694 προσ-

2188 4715 2370 4765 κυνεῖν
2416 4711 2494 4782 τῷ
2541 4713 2736 4783 Πατρί.
2782 4713 2846 4766 Τί
2899 4713 3037 4784 φῂς,
3085 4705 3131 4767 ὧ
3176 4709 3356 4777 οῦτοςς
3409 4714 3576 4767 Πάλιν
3627 4715 3765 4783 ἡμῖν

2187 4803 2262 4867 ὼς
2295 4803 2354 4868 ἐξ
2383 4803 2610 4870 ἀδύτων,
2650 4805 2768 4875 ἦτοι
2801 4809 3069 4876 τριπόδων
3108 4805 3436 4877 Ἑλληνικῶν
3468 4805 3765 4874 ἀναφέρεις

2190 4894 2289 4958 τὰς
2331 4895 2619 4965 μαντείας,
2655 4895 2687 4967 ἢ
2732 4898 2853 4950 κατ’
2895 4899 3100 4951 ἐκεῖνον
3145 4898 3278 4970 ἔρχῃ
3325 4899 3416 4951 τὸν
3465 4897 3766 4968 Ἐλαμίτην

2190 4986 2410 5056 Σημέαν
2436 4985 2504 5039 τὰ
2547 4986 2655 5039 ἀπὸ
2695 4988 2918 5058 καρδίας
2945 4989 3331 5060 ἐρευγόμενος,
3372 4990 3466 5042 καὶ
3504 4989 3604 5041 οὑκ
3653 4989 3768 5041 ἀπὸ

2190 5075 2455 5145 στόματος
2473 5075 2709 5146 Κυρίου;
2752 5077 2824 5130 Τὸ
2847 5077 2903 5130 δὲ
2945 5079 3149 5150 πρέπον
3173 5081 3323 5150 ἡμῖν,
3354 5080 3428 5142 ὡς
3468 5078 3765 5148 ἀκαταγώ-

2189 5184 2367 5222 νιστον
2391 5169 2449 5221 ἐν
2487 5168 2694 5233 τούτοις
2723 5170 3035 5238 ἀντεξάγων
3067 5170 3166 5224 οὑκ
3210 5171 3502 5241 ἐρυθριᾷς
3539 5171 3611 5222 ’Ἡ
3653 5169 3766 5240 γὰρ

2191 5263 2290 5316 οὑκ
2327 5264 2484 5335 οἰήσῃ
2515 5263 2744 5334 πρέπειν
2787 5264 2878 5316 τὸν
2917 5264 3047 5318 ὄντα
3077 5264 3220 5317 κατά
3262 5263 3424 5334 φύσιν
3448 5262 3602 5327 Θεὸν,
3630 5261 3768 5314 Θεὸν
3807 5267 3826 5292 ⁸

2192 5353 2336 5424 ἔχειν
2377 5355 2468 5407 τὸν
2514 5354 2572 5421 ἐξ
2616 5353 2780 5408 αὐτοῦ
2826 5355 3154 5428 γεννηθέντα
3181 5356 3392 5423 Λόγον,
3447 5355 3544 5408 καὶ
3589 5351 3680 5406 τὸν
3719 5345 3769 5419 ᾧ

2192 5447 2485 5514 προσκυνεῖ
2532 5447 2680 5498 πᾶσα
2729 5447 2761 5515 ἡ
2795 5446 2992 5512 κτίσις,
3026 5444 3500 5517 προσκυνουμένου
3537 5443 3765 5513 μᾶλλον,

2192 5534 2687 5607 ἢπροσκυνοῦντος
2735 5538 2956 5609 Πατέρα
3001 5538 3316 5602 καλεῖσθαι,
3374 5535 3468 5591 καὶ
3510 5529 3652 5590 εῖναι
3697 5535 3770 5603 τῇ
