4040 6214
261 271 371 330 309

1319 255 1386 312 IN
1419 252 1711 311 JOANNIS
1733 252 2185 311 EVANGELIUM
2223 251 2351 309 LIB.
2415 250 2482 306 ll.

3402 249 3517 308 διο

262 385 462 454 φύσεις
505 377 646 434 Ἀλλ’
681 371 835 446 οῐμαι
871 373 982 436 τοῖς
1018 371 1186 435 ὅντως
1210 370 1395 439 σοφοῖς
1427 371 1527 423 ούκ
1566 367 1839 440 ἀπᾴδοντα

1953 383 1973 423 ι
2015 381 2118 425 suo
2158 365 2434 439 genimine
2471 361 2633 418 Pater
2662 360 2946 426 adoretur,
2975 375 3102 418 cum
3136 360 3231 417 illa
3260 361 3329 417 de
3354 371 3510 419 utra-

263 479 470 546 λέγειν.
501 471 624 533 Πῶς
651 468 710 522 δι
763 466 858 522 καὶ
908 462 1139 535 πρέπειν
1171 459 1470 533 ὁριούμεθα
1517 459 1839 530 προσκυνεί-

265 567 393 621 σθαι
429 561 580 633 παρά
606 557 702 614 τοῦ
754 557 885 611 ιδίου
912 555 1249 626 γεννήματος
1277 551 1366 606 τὸν
1386 549 1625 621 Πατέρα,
1653 549 1842 604 τοσαύ-

263 674 365 727 την
389 650 766 724 ὑπομενούσης
793 647 995 720 ζημίαν
1018 645 1115 715 τῆς
1148 645 1236 696 ἐπ’
1259 643 1460 714 ἀμφοῖν
1485 641 1838 712 ὑπολήψεωςὶ

269 747 494 817 Πρῶτον
527 743 629 815 μὲν
655 742 766 812 γὰρ
796 738 922 792 οὔτε
954 739 1012 792 ὲν
1047 736 1254 807 ἰσότητι
1289 735 1392 805 τῆς
1422 732 1598 798 ἀξίας,
1631 731 1756 786 οὔτε
1783 734 1842 786 ὲν

267 835 678 910 ἀπαραλλάκτῳ
691 832 790 904 τῆς
819 831 1034 902 φύσεως
1060 825 1321 897 είκόνιτῷ
1345 826 1420 899 μὴ
1448 824 1842 897 προσκυνοῦντι

268 929 532 983 κείσεται.
567 924 873 996 Προσκυνεϊ
916 920 1026 992 γάρ
1063 918 1138 982 ὡς
1163 918 1422 984 ἐλάττων,
1453 916 1550 970 καὶ
1592 915 1653 970 ού
1682 915 1845 970 ποσό-

266 1035 390 1088 τητι
414 1017 704 1086 μετρητὸς,
734 1014 801 1084 τῇ
846 1009 990 1065 κατά
1018 1025 1070 1062 τι
1103 1007 1212 1061 τῶν
1253 1006 1718 1078 προσπεφυκότων
1739 1022 1752 1037 ο
1780 1005 1843 1058 οὐ

268 1111 375 1185 γάρ
429 1111 672 1166 ἐλάττων
705 1107 857 1161 ἔσται
894 1103 1026 1168 Θεὸς
1049 1144 1066 1170 ,
1117 1102 1151 1174 ἢ
1183 1100 1386 1172 Κύριος
1411 1116 1425 1132 ⁸
1468 1099 1584 1153 ἀλλ’
1617 1099 1694 1162 ὼς
1735 1100 1846 1170 ὅρῳ

267 1201 546 1274 διαφέρων
584 1198 661 1270 τῷ
708 1196 848 1252 κατά
887 1194 979 1248 τὸν
1013 1193 1107 1248 τοῦ
1146 1190 1266 1256 πῶς
1310 1189 1448 1245 εἶναι
1492 1189 1668 1258 λόγον.
1713 1185 1847 1244 Εἶτα

271 1293 387 1356 πῶς
415 1290 624 1362 ἀληθὴς
653 1288 1006 1358 ἀναφανεῖται
1035 1283 1239 1353 λέγων,
1275 1301 1293 1334 ι
1338 1282 1396 1336 '0
1430 1279 1689 1350 ἑωρακὼς
1721 1279 1844 1348 ἐμὲ,

270 1381 486 1453 ἑώρακε
544 1381 635 1434 τὸν
687 1377 922 1449 Πατέρα.
967 1395 986 1428 ι
1025 1374 1152 1437 Πῶς
1209 1373 1267 1426 δὲ
1327 1376 1523 1444 χρῆναι
1585 1373 1847 1444 τιμᾶσθαί

269 1491 439 1543 φησιν
473 1472 666 1526 ἑαυτὸν
695 1470 795 1524 οὐκ
834 1471 891 1521 ὲν
928 1467 1170 1522 ἐλάττονι
1203 1466 1366 1538 μοίρᾳ
1407 1464 1502 1519 τοῦ
1538 1464 1751 1537 [ἰατρὸς
1787 1465 1849 1518 τὸ

269 1561 390 1618 ῐσον
437 1565 542 1617 οὐκ
592 1562 729 1632 ἔχων
776 1561 835 1614 ὲν
864 1558 991 1631 δόξῃ
1039 1560 1181 1613 κατά
1217 1574 1279 1628 γε
1328 1557 1416 1611 τὸν
1465 1555 1554 1609 τοῦ
1607 1573 1848 1627 προσκυ-

272 1653 492 1717 νοῦντος
524 1655 722 1722 λόγον;
757 1647 890 1708 Εἶτα
920 1641 1063 1722 ’πρὸς
1089 1649 1284 1720 τούτῳ,
1333 1649 1427 1703 καὶ
1458 1647 1618 1710 αὐτὸς
1655 1648 1788 1718 ἡμῖν
1821 1648 1850 1699 ό

1939 472 2048 528 que
2097 457 2287 528 opinio
2332 463 2548 513 tantum
2589 454 2904 510 detrimenti
2938 454 3226 526 patiatur?
3259 450 3510 512 Primum

1940 550 2084 606 enim
2105 589 2121 615 ,
2151 563 2252 604 nec
2279 547 2548 619 dignitate
2573 546 2831 618 aequalis,
2860 561 2963 601 nec
2993 546 3173 618 imago
3198 561 3298 616 per
3322 547 3548 619 omnia.

1942 637 2143 693 similis
2168 637 2272 692 erit
2301 652 2410 692 non
2438 639 2713 693 adoranti.
2737 636 2948 692 Adorat
2972 636 3122 692 enim
3146 675 3162 703 ,
3191 645 3251 692 ut
3287 621 3508 694 minor}

1943 727 2108 798 idque
2138 743 2248 784 non
2287 730 2614 800 quantitatis
2651 728 3037 784 accidentarize
3070 743 3330 784 mensura
3369 724 3514 800 (nec

1942 821 2090 875 enim
2124 820 2307 876 minor
2334 835 2459 877 esse
2489 829 2670 892 potest
2717 835 2962 891 unquam
3001 819 3146 875 Deus
3191 831 3290 877 aut
3330 820 3516 879 Domi-

1943 915 2094 986 nus),
2131 915 2228 970 sed
2259 915 2545 971 essentiali
2577 914 2906 970 diﬁerentia.
2942 915 3011 969 At
3039 915 3316 984 quomodo
3346 930 3513 971 verax

1945 1005 2050 1060 erit
2076 1005 2309 1063 dicens:
2335 1026 2353 1058 ι
2383 1007 2487 1074 Qui
2507 1007 2646 1062 vidit
2677 1023 2784 1071 me,
2814 1006 2952 1061 vidit
2986 1017 3040 1063 et
3069 999 3286 1062 Patrem
3317 1006 3458 1065 ⁸⁸⁸³⁸.
3491 1026 3510 1060 ι

1947 1097 2014 1152 Et
2061 1099 2337 1168 quomodo
2381 1101 2624 1171 seipsum
2676 1099 3060 1154 honorandum
3108 1114 3232 1156 esse
3262 1099 3372 1165 ait,
3404 1113 3515 1155 non

1947 1190 2128 1246 minus
2158 1206 2322 1260 quam
2352 1189 2575 1246 Patrem
2598 1233 2613 1258 ,
2647 1191 2742 1261 qui
2774 1191 2964 1262 gloria:
3001 1191 3361 1260 aequalitatem
3405 1205 3516 1246 non

1949 1279 2110 1336 habet
2131 1320 2144 1344 ,
2175 1281 2323 1352 quod
2355 1280 2423 1336 ad
2457 1282 2728 1337 rationem
2775 1281 3060 1338 adorantis
3105 1281 3342 1338 attinet?
3372 1280 3522 1338 Pra-

1949 1378 2100 1426 terea
2121 1415 2135 1438 ,
2171 1373 2292 1442 ipse
2333 1373 2498 1428 Pater
2543 1390 2651 1429 non
2699 1375 2813 1430 leve
2847 1373 3088 1430 dedecus
3117 1374 3403 1429 incurrere
3433 1374 3518 1430 vi-

1948 1459 2184 1514 debitur.
2209 1460 2395 1515 Gloria
2419 1461 2619 1531 quippe
2644 1462 2694 1516 ei
2719 1470 2803 1517 est
2830 1461 2990 1516 talem
3019 1448 3274 1533 genuisse
3293 1504 3308 1527 ,
3334 1462 3519 1534 qualis

1950 1548 2020 1603 sit
2051 1548 2168 1619 ipse
2194 1559 2393 1604 natura
2419 1572 2432 1604 :
2467 1557 2661 1605 contra
2697 1565 2828 1606 vero
2858 1551 3093 1606 dedecus
3114 1568 3224 1608 non
3254 1567 3517 1623 parvum,

1951 1639 2184 1697 alterius
2233 1649 2447 1696 natura:
2501 1640 2700 1710 Filium
2758 1641 2993 1708 habere,
3041 1650 3098 1698 et
3151 1644 3258 1700 tale
3309 1644 3520 1715 aliquid

275 1743 465 1813 Πατὴρ
487 1742 547 1794 ού
577 1741 675 1809 τῆς
696 1740 964 1810 τυχούσης
985 1737 1254 1808 ἀκοσμίας
1278 1735 1408 1789 είσω
1433 1732 1670 1802 γεγονὼς
1689 1731 1852 1802 ὀφθή-

1953 1733 2093 1803 pati,
2128 1733 2292 1801 quale
2342 1748 2410 1787 ne
2453 1733 2574 1803 ipsa
2618 1733 2840 1804 quidem
2889 1742 3274 1790 creaturarum
3323 1743 3522 1790 natura

273 1849 450 1885 σεται.
499 1831 636 1896 Δόξα
690 1830 787 1901 μὲν
823 1830 932 1900 γὰρ
980 1827 1129 1898 αὐτῷ
1174 1827 1236 1880 τὺ
1284 1825 1540 1896 γεννῆσαι
1589 1824 1848 1886 τοιοῦτον,

271 1924 458 1986 ὁποῖός
491 1939 600 1992 περ
652 1922 716 1975 ἂν
777 1921 1012 1991 ὑπάρχοι
1056 1918 1200 1973 κατὰ
1257 1917 1418 1988 φύσιν
1463 1915 1657 1979 αὐτός·
1690 1917 1753 1967 ὲκ
1795 1913 1852 1966 δὲ

272 2011 382 2064 τῶν
421 2010 679 2065 ἐναντίων
733 2006 918 2080 αἶσχος
958 2009 1018 2062 ού
1064 2008 1256 2080 μικρὸν
1305 2005 1592 2078 ἑτερογενῆ
1635 2021 1697 2056 τε
1757 2004 1852 2056 καὶ

277 2097 510 2170 ἔκφυλον
537 2101 681 2170 ἔχειν
715 2101 806 2154 τὸν
835 2100 895 2164 ἐξ
923 2097 1114 2164 αὑτοῦ,
1150 2097 1243 2152 καὶ
1277 2096 1471 2170 παθεῖν
1506 2113 1557 2148 τι
1589 2092 1848 2159 τοιοῦτον,

273 2191 304 2244 ό
345 2192 443 2244 καὶ
491 2191 628 2260 αὑτὴ
680 2189 788 2244 τῶν
839 2187 1080 2260 γενητῶν
1137 2187 1520 2258 ἀπενάρκησεν
1573 2185 1606 2254 ή
1668 2183 1848 2252 φύσις.

277 2283 463 2336 Τὶκτει
515 2283 625 2352 7&9
671 2283 879 2336 ἑαυτῶν
927 2282 1028 2334 οὐκ
1092 2279 1340 2350 αἰσχίονα
1388 2278 1457 2331 τά
1494 2276 1591 2330 τοῦ
1648 2277 1852 2329 τίκτειν

276 2370 505 2439 λαχόντα
535 2369 636 2440 τὴν
663 2369 914 2440 δύναμιν,
947 2369 1059 2439 ὅρῳ
1089 2367 1183 2422 καὶ
1223 2365 1474 2438 βουλήσει
1511 2364 1606 2418 τοῦ
1637 2365 1853 2420 πάντων

276 2461 647 2532 Δημιουργοῦ.
685 2482 704 2514 ι
752 2461 1119 2530 Ἐξενεγκάτω
1148 2460 1256 2531 γὰρ
1279 2499 1296 2524 ,
1349 2477 1370 2510 r
1411 2457 1612 2530 φησὶν,
1663 2476 1681 2509 ι
1716 2458 1748 2528 ή
1781 2457 1852 2529 γῆ

278 2552 509 2623 βοτάνην
558 2554 790 2624 χόρτου,
844 2553 939 2606 καὶ
988 2552 1098 2604 πᾶν
1151 2550 1306 2617 ξύλον
1359 2549 1638 2620 κάρπιμον
1689 2549 1853 2619 φέρον

278 2642 503 2713 σπέρμα
529 2643 674 2696 κατά
697 2643 874 2712 γένος,
903 2642 997 2697 καὶ
1026 2641 1149 2696 καθ’
1195 2641 1474 2712 ὁμοίωσιν.
1511 2661 1532 2694 ι
1569 2640 1775 2694 υύκοῦν
1797 2643 1854 2694 ὲν

276 2733 554 2804 δευτέροις
600 2735 698 2804 μὲν
735 2733 845 2787 τῶν
890 2733 1131 2803 γενητῶν
1177 2731 1330 2786 ἔσται
1367 2735 1429 2786 τὸ
1465 2733 1642 2799 θεῖον,
1697 2733 1854 2805 εἴπερ

277 2826 462 2879 ἐκεῖνα
495 2827 593 2896 μὲν
619 2829 677 2880 ὲν
713 2826 944 2892 τούτοις,
973 2825 1037 2878 τὸ
1072 2825 1129 2879 δὲ
1170 2825 1422 2895 οὐδαμῶς
1449 2843 1462 2856 ο
1493 2823 1522 2877 ὃ
1544 2824 1600 2878 δὲ
1624 2825 1854 2896 πρέπειν

279 2932 337 2970 τε
375 2916 538 2987 ὁμοῦ,
563 2919 655 2972 καὶ
678 2917 958 2988 διωρίσθαι
987 2916 1168 2980 καλῶς
1198 2915 1291 2969 ἐπὶ
1317 2918 1437 2978 ταῖς
1466 2917 1531 2969 ὲκ
1554 2915 1662 2970 τῶν
1688 2915 1853 2970 όντων

278 3005 557 3076 διαδοχαῖς
586 3007 982 3077 ἐπεψηφίζετο,
1028 3005 1219 3058 τούτου
1259 3004 1357 3074 δὴ,
1387 3004 1483 3057 καὶ
1517 3001 1675 3074 μόνος
1710 3000 1851 3056 ἀλώ-

281 3114 432 3151 σεται
457 3097 794 3169 διαμαρτών.
821 3097 918 3160 Τίς
950 3097 1014 3151 ἂν
1040 3091 1155 3160 οὖν,
1184 3088 1229 3148 ὦ
1267 3093 1553 3164 βέλτιστοι,
1587 3091 1853 3161 λεγόντων

275 3188 606 3259 ἀνάσχοιτο,
645 3191 878 3261 πρέπειν
920 3188 998 3259 τῷ
1039 3189 1154 3259 ἰδίῳ
1195 3187 1480 3259 γεννήτορι
1532 3186 1856 3257 προσκυνεῖν

277 3280 371 3333 τὸν
398 3281 559 3349 Υίόν;
606 3282 822 3352 Ἐπειδὴ
858 3282 914 3335 δὲ
959 3282 1072 3344 τοῖς
1111 3279 1243 3350 παρ’
1271 3277 1426 3349 ὑμῶν
1475 3277 1857 3348 προστέθειται

1951 1822 2110 1878 ferat.
2144 1823 2258 1879 Nec
2287 1825 2433 1879 enim
2469 1825 2748 1880 deteriora
2793 1839 2854 1881 se
2894 1826 3310 1899 pariunt:qu:e
3344 1827 3524 1883 facul-

1952 1923 2062 1970 tate
2090 1916 2338 1984 pariendi
2367 1925 2497 1972 sunt
2523 1917 2749 1985 praedita
2771 1957 2786 1984 ,
2815 1918 2896 1973 sic
2918 1919 3134 1974 volente
3159 1934 3223 1973 ac
3247 1927 3527 1976 statuente

1953 2007 2196 2064 universi
2228 2007 2457 2077 Opiﬁce.
2488 2027 2506 2060 ι
2538 2007 2823 2064 Germinet
2867 2010 3015 2064 enim
3068 2017 3248 2076 terra,
3302 2011 3517 2081 inquit,

1953 2098 2177 2153 herbam
2209 2093 2432 2167 pabuli,
2460 2107 2514 2155 et
2547 2101 2753 2170 lignum
2785 2101 3128 2157 fructiferum
3159 2117 3283 2158 cum
3312 2103 3524 2160 habens

1953 2205 2139 2246 semen
2170 2190 2292 2260 ejus
2323 2194 2394 2247 sit
2433 2193 2489 2247 in
2525 2208 2591 2248 eo
2625 2195 2932 2250 secundum
2964 2211 3141 2268 genus
3172 2203 3226 2251 et
3261 2194 3525 2251 similitu-

1951 2281 2136 2335 dinem
2165 2281 2236 2338 ".
2274 2301 2292 2334 ι
2322 2282 2493 2354 Igitur
2521 2287 2796 2352 creaturis
2835 2286 2980 2343 Deus
3011 2287 3115 2343 erit
3166 2285 3418 2352 inferior,
3450 2289 3526 2344 si-

1951 2373 2175 2444 quidem
2217 2373 2326 2429 illaa
2353 2387 2484 2430 sunt
2527 2376 2879 2444 istiusmodi,
2907 2378 3000 2434 hic
3043 2393 3153 2434 non
3203 2379 3383 2435 item:
3427 2378 3526 2436 sed

1952 2463 2100 2534 quod
2145 2464 2212 2520 ad
2255 2479 2440 2520 rerum
2476 2467 2890 2525 vicissitudines
2920 2478 3070 2525 recte
3101 2471 3525 2526 convenienter-

1953 2569 2064 2624 que
2105 2555 2334 2622 statuit,
2370 2570 2437 2611 eo
2479 2565 2630 2613 certe
2659 2559 2813 2615 solus
2847 2559 2967 2630 ipse
2996 2560 3226 2616 carebit.
3259 2559 3396 2626 Quis
3428 2574 3526 2617 vos

1953 2648 2126 2717 igitur
2151 2645 2290 2702 ferat
2318 2646 2602 2714 dicentes,
2648 2664 2682 2704 ο
2726 2649 2889 2716 boni,
2935 2650 3234 2706 convenire
3277 2649 3420 2704 Filio
3465 2657 3528 2706 ut

1954 2738 2144 2793 adoret
2169 2737 2482 2794 Genitorem
2509 2740 2532 2794 i
2560 2738 2695 2795 Cum
2722 2748 2906 2796 autem
2931 2739 3254 2796 addideritis
3273 2782 3289 2809 ,
3317 2740 3371 2796 id
3401 2738 3530 2797 Uni-

1953 2829 2143 2899 genito
2175 2840 2374 2900 prater
2403 2831 2740 2887 voluntatem
2783 2847 2893 2888 non
2924 2834 3282 2904 contingere,
3327 2839 3382 2889 et
3422 2831 3528 2888 hoc

1953 2921 2115 2976 nobis
2140 2929 2400 2992 tanquam
2425 2922 2914 2980 indemonstrabile
2932 2931 3315 2996 argumentum
3348 2939 3378 2978 a
3408 2923 3530 2978 solo

1955 3009 2157 3066 decoro
2204 3010 2556 3082 desumptum
2617 3015 2938 3083 opponatis,
2987 3014 3218 3086 agedum
3270 3029 3301 3069 e
3355 3013 3531 3070 sacris
3644 3038 3654 3044 -

1954 3115 2175 3170 quoque
2220 3099 2444 3159 Litteris
2491 3101 2638 3158 istud
2685 3119 2881 3161 rursus
2922 3103 3331 3176 expendamus,
3385 3103 3532 3160 unde

1955 3189 2298 3258 singularum
2333 3207 2517 3247 rerum
2541 3204 2663 3263 quae
2688 3193 2743 3249 in
2781 3195 3141 3265 quaestionem
3169 3197 3396 3250 veniunt
3432 3195 3530 3250 de-

1960 3282 2415 3338 monstrationem
2448 3284 2634 3339 venari
2667 3285 3016 3355 potissimum
3047 3286 3334 3343 debemus.

277 3372 483 3440 λόγοις.
513 3374 590 3438 ὡς
610 3374 731 3428 οὐδὲ
749 3373 1067 3442 ἀνεθέλητον
1095 3371 1172 3442 τῷ
1207 3372 1505 3439 Μονογενεί
1566 3369 1628 3422 τὸ
1696 3371 1928 3441 πρᾶγμά
1961 3374 2101 3438 ἐστι,
2135 3374 2231 3427 καὶ
2253 3373 2457 3446 ταύτην
2479 3377 2611 3446 ἡμῖν
2642 3376 3001 3448 ὲπιτειχίζετε
3031 3378 3130 3451 τὴν
3149 3379 3537 3434 ἀναπόδεικτον

277 3462 568 3534 ἀφορμὴν,
600 3462 707 3516 ἀπὸ
737 3462 900 3532 μόνου
930 3461 1184 3525 λαϐόντες
1253 3459 1348 3512 τοῦ
1409 3458 1750 3532 πρέποντος,
1789 3459 1921 3531 φέρε
1960 3462 2121 3517 πάλιν
2161 3465 2227 3518 ὲκ
2267 3463 2376 3519 τῶν
2429 3466 2594 3538 ίερῶν
2643 3467 3014 3540 Γραμμάτων,
3063 3469 3159 3523 καὶ
3203 3470 3362 3526 τοῦτο
3430 3491 3533 3528 κα-

278 3553 700 3626 τασκεψώμεθα.
760 3553 920 3608 Ὅθεν
962 3549 1116 3625 οἴμαι
1185 3549 1422 3622 μάλιστα
1487 3551 1784 3622 προσήκειν
1822 3551 2090 3624 θηρᾶσθαι
2131 3555 2453 3620 σπουδάζειν
2483 3557 2583 3630 τὴν
2627 3559 2713 3630 ἐφ’
2761 3559 2977 3633 ἑκάστῳ
3022 3560 3132 3616 τῶν
3185 3561 3536 3635 ζητουμένων

279 3647 582 3712 ἀπόδειξιν.

351 3739 566 3794 Οὐκοῦν
593 3740 622 3792 ό
667 3739 767 3810 μὲν
805 3739 967 3812 νόμος
1023 3739 1391 3795 συντελεῖσθαι
1449 3738 1580 3809 παρ’
1626 3738 1857 3794 ἑκάστου

279 3830 393 3885 τῶν
435 3830 710 3885 Ἰουδαίων
761 3829 840 3902 τῷ
892 3829 985 3884 ἐπὶ
1019 3831 1224 3894 πάντας
1268 3830 1383 3884 όντι
1415 3829 1535 3900 Θεῷ
1583 3829 1644 3883 τὸ
1685 3829 1858 3900 ἥμισυ

280 3921 378 3976 τοῦ
424 3921 727 3993 διδράχμου
765 3921 1151 3992 προσέταττεν,
1185 3921 1283 3974 ούκ
1310 3919 1711 3992 ἀργυρολογίας
1743 3920 1862 3972 ἑπι-

281 4015 488 4084 νοήσας
520 4012 758 4084 εὕρεσιν,
799 4011 920 4066 οὐδὲ
953 4011 1252 4083 χρημάτων
1296 4013 1500 4066 είκατον
1543 4010 1858 4083 έρανισμδν,

2033 3737 2380 3810 1891gitur
2408 3738 2491 3796 lex
2507 3739 2554 3773 “
2575 3739 2642 3796 ab
2667 3747 2902 3812 utroque
2919 3714 3110 3799 Iudaeo
3131 3743 3418 3801 dimidium
3447 3746 3535 3803 di-

1959 3827 2125 3882 drach
2134 3832 2203 3883 mi
2220 3844 2475 3899 supremo
2487 3831 2600 3886 Deo
2612 3833 2852 3902 persolvi
2862 3833 3110 3902 iubebat,
3130 3849 3238 3889 non
3252 3836 3396 3906 quod
3413 3837 3534 3893 exi-

1957 3919 2145 3989 gendae
2166 3926 2262 3972 aut
2291 3922 2644 3992 corroganda
2667 3924 2913 3993 pecuniae
2942 3924 3210 3981 rationem
3239 3929 3534 3998 quamdam

1901 4064 1918 4078 .
1965 4008 2286 4074 invenisset,
2302 4008 2398 4064 sed
2415 4011 2561 4080 quod
2585 4010 3049 4069 manifestissimis
3068 4015 3258 4087 liguris
3279 4031 3380 4073 nos
3407 4018 3540 4074 cdo-

282 4105 423 4161 ἀλλά
443 4103 722 4158 παίδευσιν
741 4120 864 4157 τινα
893 4104 959 4158 δι’
975 4103 1386 4175 ὲναργεστάτων
1413 4104 1853 4174 ύπεμφαίνουσαν

1966 4106 2135 4164 ceret,
2178 4101 2413 4172 primum
2466 4101 2685 4170 quidem
2728 4104 3002 4160 neminem
3037 4106 3126 4161 sui
3173 4107 3370 4177 capitis
3411 4123 3538 4165 esse

282 4198 510 4250 τύπωνο
546 4193 767 4266 πρῶτον
801 4195 938 4265 μὲν,
988 4195 1070 4248 ὅτι
1125 4195 1312 4266 κύριος
1356 4195 1530 4258 οὐδεὶς
1577 4197 1676 4266 τῆς
1725 4194 1853 4258 ίδίας

1966 4189 2272 4252 dominum,
2303 4190 2395 4246 sed
2425 4193 2583 4248 nobis
2624 4193 2880 4251 omnibus
2923 4210 3092 4250 unum
3138 4210 3280 4261 esse,
3307 4198 3400 4268 qui
3439 4200 3538 4255 tri-

284 4291 405 4344 ιστὶ
443 4289 711 4359 κεφαλῆς,
749 4289 843 4341 ἕνα
880 4287 937 4342 δὲ
967 4288 1020 4341 οἱ
1058 4287 1257 4350 πάντες
1292 4286 1608 4358 κεκτήμεθα
1645 4289 1712 4356 τῇ
1750 4284 1853 4338 τῶν

1968 4281 2222 4338 butorum
2257 4283 2548 4339 collatione
2575 4284 2630 4340 in
2667 4285 2987 4342 servitutem
3037 4288 3261 4359 ascripti
3305 4304 3536 4360 sumus;

280 4381 639 4451 τελεσμάτων
695 4379 982 4452 καταθήκῃ
1038 4379 1175 4449 πρὸς
1223 4377 1466 4432 δουλείαν
1510 4378 1853 4450 καταγραφό‹

1965 4375 2161 4430 deinde
2188 4377 2336 4445 quod
2380 4375 2772 4431 fecunditatem
2812 4377 3237 4434 intellectualem
3265 4397 3330 4437 ac
3377 4382 3537 4453 spiri-

286 4489 443 4542 μενοι
466 4489 479 4502 ο
515 4467 634 4524 εἷτα
665 4471 801 4542 πρὸς
831 4470 1039 4533 τούτοις
1067 4473 1163 4535 τάς
1191 4473 1255 4525 ὲκ
1276 4471 1368 4525 νοῦ
1395 4488 1455 4525 τε
1489 4470 1583 4524 καὶ
1616 4489 1853 4542 πνευμα-

1967 4468 2128 4521 talem
2149 4468 2295 4522 velut
2325 4469 2379 4523 in
2407 4469 2612 4525 rudiori
2637 4470 2819 4524 tabula
2837 4471 3170 4542 depingeret.
3201 4491 3220 4526 ι
3246 4445 3481 4540 Honora,
3513 4493 3534 4527 ι

281 4564 446 4626 τικὰς
482 4563 892 4634 καρποφορίας.
931 4562 1006 4627 ὡς
1043 4564 1100 4618 ὲν
1139 4563 1430 4635 παχυτέρῳ
1459 4563 1620 4617 πάλιν
1651 4562 1862 4633 ζωγρα-

283 4655 496 4724 φοῦσαν
543 4653 832 4726 γράμματι
877 4671 936 4706 τε
976 4653 1070 4707 καὶ
1118 4655 1428 4726 πράγματι.
1483 4673 1502 4706 ι
1537 4654 1684 4726 Τίμα
1731 4653 1858 4724 γὰρ,

284 4745 462 4814 φησὶ,
513 4744 605 4798 τὸν
652 4744 855 4815 Κύριον
899 4744 1007 4798 ἀπὸ
1063 4744 1170 4799 σῶν
1225 4744 1449 4800 δικαίων
1503 4745 1718 4810 πόνων,
1769 4745 1863 4800 καὶ

285 4837 540 4907 ἀπάρχου
572 4835 720 4905 αύτῷ
751 4835 860 4890 ἀπὸ
891 4836 1000 4890 σῶν
1051 4837 1279 4909 καρπῶν
1311 4837 1658 4910 δικαιοσύνης
1702 4853 1715 4867 ·
1761 4855 1778 4889 ι
1835 4837 1864 4890 ὁ

285 4927 350 4998 δὴ
405 4929 502 4982 καὶ
553 4929 806 4996 γενέσθαι
860 4928 1174 5001 συμϐέϐηκε
1222 4931 1308 4985 διὰ
1351 4932 1450 5004 τῆς
1502 4929 1861 5002 εύαγγελικῆς

286 5020 671 5088 διδασκαλίας,
730 5024 830 5095 τῆς
869 5025 1012 5078 κατὰ
1052 5023 1216 5094 νόμον
1263 5024 1366 5095 ήδη
1425 5023 1679 5096 λατρείας
1741 5039 1866 5076 συν-

287 5113 650 5184 εσταλμένης.
701 5116 775 5168 Οὐ
833 5116 940 5188 γάρ
983 5117 1062 5171 ἔτι
1113 5120 1232 5180 ταῖς
1268 5115 1464 5181 ἔξωθεν
1509 5113 1867 5186 δωροφορίαις

287 5203 619 5275 θεραπεύειν
644 5205 867 5276 οἰόμεθα
899 5207 1008 5260 δεῖν
1035 5209 1126 5263 τὸν
1166 5207 1420 5262 ἁπάντων
1459 5204 1683 5275 Κύριον,
1715 5203 1776 5256 τὸ
1807 5202 1866 5268 ἐξ

281 5297 424 5367 ὕλης
487 5297 736 5368 φθαρτῆς
807 5287 1084 5353 συντέλείν
1133 5298 1475 5368 ἐπειγόμενοι
1532 5295 1862 5365 δίδραχμον·

278 5386 537 5459 ἀληθινοὶ
591 5388 649 5442 δὲ
697 5388 850 5453 ὄντες
896 5390 1304 5462 προσκυνηταὶ,
1351 5383 1761 5458 προσκυνοῦμεν
1809 5385 1865 5436 ὲν

277 5480 562 5551 πνεύματι
629 5483 720 5536 καὶ
755 5483 978 5556 ἀληθείᾳ
1022 5484 1098 5555 τῷ
1134 5483 1252 5555 Θεῷ
1291 5483 1382 5538 καὶ
1418 5479 1611 5552 Πατρί.
1650 5477 1866 5548 Ταύτην

1967 4555 2135 4621 enim,
2173 4556 2374 4628 inquit,
2411 4579 2429 4612 ι
2469 4559 2758 4614 Dominum
2795 4559 2860 4615 de
2888 4562 3000 4615 tuis
3027 4561 3196 4632 justis
3241 4563 3538 4633 laboribus,

1965 4656 2020 4703 et
2053 4649 2328 4719 primitias
2351 4653 2401 4706 ei
2426 4650 2625 4708 oﬂeras
2658 4651 2725 4708 de
2746 4653 2855 4709 tuis
2882 4653 3152 4709 fructibus
3171 4649 3484 4724 iustitiae".
3517 4675 3542 4708 ι.

1969 4741 2122 4806 Quod
2157 4751 2306 4797 certe
2339 4759 2558 4815 quoque
2587 4745 2838 4817 contigit,
2865 4747 3016 4801 cultu
3045 4747 3206 4818 legali
3241 4764 3336 4818 per
3376 4765 3540 4806 evan-

1969 4834 2198 4904 gclicam
2266 4833 2574 4891 doctrinam
2630 4838 2852 4892 tandem
2893 4853 3165 4909 represso.
3219 4839 3338 4895 Non
3396 4841 3546 4895 enim

1968 4927 2212 4982 externis
2241 4929 2560 4984 muneribus
2590 4929 2825 5000 amplius
2880 4931 3166 4985 colendum
3200 4947 3325 4986 esse
3381 4941 3540 5000 puta-

1972 5036 2094 5076 mus
2125 5021 2363 5076 universi
2392 5019 2582 5088 Dcum,
2610 5021 2988 5078 didracbmum
3019 5038 3050 5078 c
3072 5022 3411 5093 corruptibili
3429 5037 3542 5077 ma~

1974 5113 2109 5168 teria
2144 5113 2378 5182 pendere
2400 5113 2612 5167 coacti:
2645 5115 2741 5168 sed
2765 5129 2889 5168 cum
2923 5114 3098 5170 simus
3130 5117 3242 5169 veri
3285 5114 3540 5169 adorato-

1975 5220 2084 5268 res,
2112 5205 2410 5259 adoramus
2439 5207 2492 5259 in
2531 5204 2730 5274 spiritu
2774 5216 2826 5260 et
2861 5206 3095 5262 veritate
3127 5205 3296 5262 Deum
3332 5223 3397 5262 ac
3443 5207 3540 5263 Pa.

1975 5303 2133 5350 trem.
2168 5293 2320 5350 lianc
2359 5297 2414 5351 in
2444 5297 2626 5351 littera
2661 5297 2820 5368 legali
2848 5297 3176 5351 sententiam
3211 5297 3382 5351 latere
3409 5311 3541 5351 ceu-

1969 5387 2198 5444 sendum
2228 5396 2330 5442 est.
2361 5387 2498 5442 Cum
2536 5388 2704 5458 igitur
2740 5387 3001 5444 Dominus
3041 5395 3190 5444 esset
3231 5387 3543 5459 Hierosoly-

1972 5480 2096 5546 mis,
2127 5484 2411 5536 exactores
2449 5477 2757 5535 didrachmi
2799 5476 3021 5534 Petrum
3079 5480 3543 5550 percontabantur

349 5653 666 5712 "'"Joan.
707 5674 819 5728 xiv,
852 5657 906 5713 9.
984 5657 1027 5690 "
1060 5658 1194 5714 Gen.
1235 5674 1278 5727 l,
1321 5658 1407 5717 ll.
1483 5658 1526 5691 ’⁸
1557 5655 1730 5712 Exod.
1768 5673 1900 5724 xxx,
1932 5656 2155 5728 passim.
2232 5656 2272 5687 ”
2312 5649 2472 5710 Prov.
2500 5665 2582 5724 ιιι,
2609 5651 2664 5708 9.
