4040 6214
520 254 614 311 3H

1516 265 1575 318 S.
1600 263 1874 318 CYBILLI
1907 263 2374 320 ALEXANDBINI
2399 257 2718 322 ARCHIEP.

3667 277 3771 332 512

519 380 610 439 his
631 380 850 438 verbis:
882 400 900 432 ι
953 378 1208 451 Magister
1252 385 1433 433 vester
1479 394 1588 433 non
1637 379 1800 434 solvit
1833 379 2087 436 didrach-

2195 380 2571 454 ἐγκεκρύιρθαι
2639 382 2718 452 τῷ
2778 383 2988 455 νομικῷ
3053 384 3340 456 γράμματι
3387 386 3486 459 τὴν
3538 386 3772 446 διάνοιαν

520 492 669 531 mum
692 475 757 527 ".
790 492 809 524 ›
839 471 998 528 Jesus
1024 479 1200 525 autem
1224 469 1400 540 ipsum
1422 471 1476 526 in
1502 471 1646 528 aedes
1673 469 2088 542 ingredienlem,

521 571 581 618 ut
614 562 880 632 scriptum
912 568 1013 622 est,
1045 558 1307 628 praevenit
1332 558 1520 615 dicens
1549 580 1560 614 :
1607 580 1624 614 ι
1665 563 1844 632 Reges
1875 571 2034 617 terra:
2061 576 2092 616 a

518 657 718 727 quibus
752 653 1030 724 accipiunt
1088 653 1377 718 tributum,
1419 663 1514 708 aut
1563 655 1835 710 censum?
1883 655 1924 708 A
1967 655 2092 712 ﬁliis

518 748 656 811 suis,
703 761 772 800 an
814 746 883 799 ab
919 744 1222 799 alienis”?
1258 764 1276 795 ι
1321 745 1458 800 Cum
1494 747 1913 817 respondisset:
1952 768 1969 800 ι
2022 749 2092 802 ab

519 835 736 899 alienis,
763 833 904 891 dixit
931 833 1089 890 Jesus
1119 852 1130 886 :
1167 833 1354 890 Liberi
1395 851 1527 907 ergo
1561 844 1690 892 sunt
1731 836 1846 892 lilii.
1882 837 1987 893 Sed
2025 853 2091 892 ne

518 923 958 980 scandalizemus
1009 939 1141 988 eos,
1214 924 1425 981 vadens
1481 927 1548 980 ad
1615 942 1766 983 mare
1817 928 1939 998 jace
1994 929 2090 982 ha-

516 1034 687 1081 mum,
723 1025 780 1072 et
832 1017 1070 1088 primum
1112 1020 1202 1089 qui
1253 1020 1564 1075 ascenderit
1602 1020 1806 1090 piscem
1839 1021 1999 1085 tolle;
2038 1032 2092 1076 et

517 1109 770 1178 aperiens
807 1123 868 1163 os
905 1109 1025 1177 ejus
1065 1111 1311 1165 invenies
1347 1119 1630 1174 staterem,
1674 1127 1838 1180 quem
1875 1111 1958 1180 ~da
1992 1127 2090 1182 pro

516 1215 601 1252 me
631 1207 686 1254 et
725 1206 777 1254 te
801 1200 842 1252 ί.
878 1219 896 1249 ι
927 1200 1122 1256 Cernis
1150 1199 1349 1256 Filium
1393 1201 1535 1257 ferre
1571 1217 1679 1256 non
1714 1217 1878 1273 posse
1919 1211 1982 1257 ut
2019 1204 2091 1258 sit

514 1289 865 1354 tributarius,
908 1305 1085 1361 neque
1116 1291 1291 1346 instar
1324 1293 1488 1348 unius
1514 1308 1579 1348 ex
1621 1293 1691 1348 iis
1723 1294 1817 1363 qui
1839 1295 2089 1350 servituti

515 1387 645 1433 sunt
669 1379 915 1444 obnoxii,
945 1397 1061 1436 rem
1114 1383 1366 1438 servilem
1429 1385 1744 1440 sustinuere?
1797 1384 1932 1440 Nam
1965 1402 2090 1442 cum

514 1487 628 1526 suae
659 1480 868 1526 naturae
897 1473 1124 1528 liberam
1157 1473 1477 1541 dignitatem
1518 1491 1641 1530 esse
1684 1475 1851 1540 norit,
1889 1477 2090 1533 servile

515 1559 652 1614 nihil
685 1574 744 1614 se
784 1560 986 1615 debere
1019 1559 1128 1615 Deo
1165 1570 1219 1616 et
1287 1560 1437 1615 Patri
1492 1561 1769 1617 aﬂirmat:
1833 1584 1852 1616 ι
1907 1563 2091 1620 Liberi

513 1651 658 1705 enim
717 1660 848 1707 sunt
893 1651 1011 1719 ﬁlii,
1049 1671 1068 1702 ι
1112 1652 1310 1722 inquit.
1373 1652 1660 1719 Quomodo
1717 1669 1851 1727 ergo
1894 1656 2092 1710 adorat

2195 473 2581 544 ύποτοπητέον.
2628 475 2714 538 Ὠς
2738 471 2830 528 οὖν
2864 477 2920 528 ἐν
2948 477 3058 539 τοῖς
3106 476 3500 548 Ἰεροσολύμοις
3523 481 3552 532 ὁ
3571 479 3772 550 Κύριος

2191 558 2280 633 ἦν,
2312 565 2364 617 οἰ
2398 565 2493 618 τοῦ
2533 565 2827 637 διδράχμου
2863 571 3180 639 πρακτῆρες
3207 569 3639 624 ἀνεπυνθάνοντο
3677 573 3770 626 τοῦ

2193 652 2400 724 Πέτρου
2429 653 2702 723 λέγοντος·
2739 675 2757 708 ι
2807 658 2866 710 '0
2893 657 3208 722 διδάσκαλος
3241 659 3396 730 ὑμῶν
3437 662 3499 714 οὐ
3537 663 3683 716 τελεῖ
3713 665 3774 717 τὸ

2190 741 2502 814 δίδραχμον.
2543 762 2561 795 ι
2593 745 2914 800 Είσελθόντα
2957 747 3012 800 δέ
3058 749 3136 810 εἰς
3181 748 3280 817 τὴν
3319 749 3524 814 οίκίαν,
3565 752 3642 816 ὡς
3680 754 3775 822 γέ-

2191 850 2457 903 γραπται,
2503 835 2846 907 προέφθασεν
2891 837 3054 891 αὑτὸν
3099 840 3126 892 ὁ
3168 839 3378 909 Ἰησοῦς
3409 840 3621 911 λέγων,
3662 862 3682 896 ι
3708 845 3773 897 Ui

2195 926 2437 996 βασιλεῖς
2476 927 2575 998 τῆς
2620 929 2724 999 γῆς
2754 929 2862 982 ἀπὸ
2902 929 3066 983 τίνων
3122 929 3457 1002 λαμϐάνουσι
3503 933 3684 998 τέλος,
3735 937 3770 1006 ἢ

2192 1017 2428 1085 κῆνσον;
2497 1018 2629 1071 Ἄπὸ
2667 1019 2776 1072 τῶν
2824 1020 2956 1073 υίῶν
2989 1020 3199 1088 αὐτῶν,
3250 1022 3284 1093 ἢ
3323 1023 3432 1076 ἀπὸ
3459 1023 3570 1077 τῶν
3614 1026 3772 1079 ἀλλο-

2191 1106 2391 1178 τρίων;
2428 1126 2446 1158 ι
2475 1109 2732 1172 Εἰπόντος
2765 1109 2821 1162 δέ
2858 1109 3043 1173 αὑτοῦ,
3089 1129 3108 1161 ι
3154 1111 3293 1164 Ἀπὸ
3315 1112 3425 1168 τῶν
3451 1114 3770 1185 ἀλλοτρίων,

2191 1197 2295 1268 ἔφη
2317 1200 2346 1251 ὁ
2383 1198 2612 1267 Ἰησοῦςο
2665 1200 2809 1271 ’Ᾱρα
2849 1200 3126 1272 ἐλεύθεροί
3161 1203 3302 1257 εἰσιν
3331 1204 3382 1256 oi
3411 1205 3537 1261 υἱοί.
3567 1206 3685 1260 Ἵνα
3714 1208 3772 1262 δὲ

2195 1288 2270 1359 μὴ
2301 1289 2744 1362 σκανδαλίσωμεν
2774 1291 2992 1355 αὐτοὺς,
3023 1291 3311 1362 πορευθεὶς
3337 1295 3416 1357 είς
3442 1294 3543 1365 τὴν
3573 1294 3773 1350 θάλασ-

2192 1399 2290 1434 σαν
2346 1382 2476 1452 βάλε
2528 1382 2823 1455 ἄγκιστρον
2847 1425 2862 1450 ,
2902 1385 2994 1437 καὶ
3035 1384 3127 1437 τὸν
3165 1385 3523 1439 ἀναϐαίνοντα
3555 1388 3768 1458 πρῶτον

2195 1473 2345 1543 ίχθὺν
2376 1470 2509 1545 ἆρον
2537 1516 2550 1540 ,
2606 1475 2700 1528 καὶ
2731 1475 2950 1541 ἀνοίξας
2994 1475 3056 1529 τὸ
3101 1477 3275 1548 στόμα
3316 1477 3478 1531 αὐτοῦ
3517 1480 3767 1551 εὑρήσεις

2193 1565 2438 1636 στατῆρα
2463 1606 2477 1630 ,
2523 1567 2726 1620 ἐκεῖνον
2766 1566 2948 1620 λαϐὼν
2978 1567 3066 1631 δὺς
3102 1569 3287 1641 αὐτοῖς
3331 1571 3452 1624 ἀντὶ
3480 1570 3634 1639 ἐμοῦ,
3677 1572 3770 1627 καὶ

2194 1655 2309 1709 σοῦ.
2343 1676 2361 1706 ι
2411 1656 2574 1728 Ὁρᾷς
2617 1657 2718 1710 ούκ
2759 1658 3084 1729 ἀνεχόμενον
3122 1659 3354 1731 ὑποτελῆ
3387 1662 3638 1728 γενέσθαι
3677 1661 3769 1715 τὸν

515 1739 656 1793 servi
689 1753 863 1803 more,
887 1755 1064 1810 neque
1099 1739 1152 1794 id
1185 1741 1430 1796 invitus?
1458 1740 1562 1807 Qui
1593 1753 1776 1796 autem
1801 1743 1886 1797 vel
1911 1742 2085 1813 ipsam

2190 1747 2338 1810 Υίδν,
2374 1747 2494 1800 οὐδὲ
2524 1748 2599 1811 ὡς
2640 1747 2737 1802 ἕνα
2766 1749 2875 1802 τῶν
2911 1749 3017 1803 ὑπὸ
3044 1750 3136 1803 τὸν
3177 1751 3278 1821 τῆς
3307 1751 3548 1815 δουλείας
3583 1751 3768 1821 ζυγὸν,

515 1831 592 1887 rei
651 1830 879 1902 ﬁguram
921 1825 1168 1902 respuit,
1230 1833 1506 1901 quomodo
1568 1835 1853 1888 veritatem
1910 1835 2085 1905 ipsam

514 1924 863 1993 susceperit?
914 1924 1112 1978 Annon
1164 1925 1310 1979 enim
1387 1926 1764 1981 adorationem
1816 1925 2084 1982 tributum

515 2019 608 2064 aut
664 2009 996 2066 oblationem
1051 2012 1348 2082 quamdam
1406 2015 1708 2082 spiritalem
1747 2015 2086 2070 existimabi-

515 2115 659 2168 mus,
685 2111 738 2157 et
763 2101 1044 2157 servitutis
1066 2117 1239 2174 genus
1261 2102 1436 2172 ipsam
1459 2118 1582 2158 esse
1602 2104 1891 2160 dicemus?
1910 2104 2083 2170 Quam

513 2191 660 2245 enim
692 2193 762 2247 ob
793 2199 1016 2248 causam
1049 2195 1139 2248 lex
1167 2193 1477 2249 adorationi
1504 2195 1821 2251 servitutem
1850 2197 2086 2267 conjun-

513 2285 614 2348 xit,
658 2282 884 2339 dicens:
927 2304 945 2336 ι
981 2283 1272 2340 Dominum
1303 2285 1470 2341 Deum
1513 2293 1669 2342 tuum
1704 2288 1980 2352 adorabis,
2033 2299 2088 2345 et

511 2377 618 2446 ipsi
672 2375 831 2448 190
885 2378 986 2432 soli
1041 2379 1312 2434 servies'.
1377 2397 1396 2430 ι
1444 2379 1658 2435 Etenim
1705 2380 1875 2451 janua
1918 2381 2086 2437 veluti

512 2468 760 2538 quadam
799 2478 854 2525 et
884 2471 970 2524 via
993 2471 1244 2542 obsequii
1279 2472 1574 2543 praestandi
1623 2473 1889 2540 adoratio,
1929 2476 2086 2544 prin-

511 2560 718 2630 cipium
778 2560 987 2617 habens
1041 2563 1361 2618 servitutem
1417 2578 1546 2635 erga
1594 2563 1786 2620 Deum.
1851 2565 2087 2636 ideoque

509 2650 803 2706 Psalmista
843 2653 1137 2708 nonnullos
1173 2654 1464 2724 compellat
1497 2655 1584 2709 his
1610 2655 1790 2712 verbis
1838 2655 2082 2711 alicubi:

520 2761 537 2793 ι
573 2741 788 2810 Venite,
819 2744 1138 2810 adoremus,
1170 2753 1226 2799 et
1271 2746 1626 2814 procidamus
1669 2753 1795 2800 ante
1847 2760 1996 2810 eum,
2033 2753 2087 2800 et

509 2837 787 2910 ploremus
815 2851 999 2892 coram
1032 2836 1262 2892 Domino
1279 2838 1370 2907 qui
1397 2836 1523 2892 fecit
1547 2837 1706 2892 nos'.
1734 2855 1754 2888 ι
1772 2836 1937 2892 Vides
1960 2851 2086 2906 pro-

511 2930 694 2986 cidere
734 2930 888 3000 sequi
924 2941 978 2984 et
1025 2930 1382 2999 conjunctum
1425 2943 1548 2984 esse
1579 2928 1930 2983 adorationi?
1966 2927 2086 2994 Quo

511 3021 643 3094 quid
683 3023 853 3092 magis
887 3035 1045 3077 servo
1079 3022 1369 3078 conveniat
1418 3020 1559 3089 apud
1617 3035 1712 3076 eos
1759 3020 1852 3090 qui
1899 3035 2080 3075 rerum

511 3115 802 3189 qualitates
823 3121 972 3170 recte
991 3114 1286 3177 aestimant,
1312 3112 1495 3168 dicere
1523 3128 1630 3167 non
1661 3128 1909 3182 possum.
1931 3113 2085 3178 Quod

511 3209 557 3266 si
603 3216 958 3279 perseverant
1002 3205 1330 3269 adversarii,
1382 3205 1676 3276 praal‘racta
1742 3205 2087 3276 impudentia

512 3301 640 3355 elati
666 3340 683 3367 ,
715 3307 770 3356 et
801 3300 1013 3359 frivolis
1046 3299 1355 3354 rationibus
1397 3297 1514 3354 haec
1543 3306 1795 3354 astruere
1826 3313 1934 3353 non
1963 3312 2086 3354 ces-

513 3403 656 3454 sant.
699 3392 992 3447 ostendant
1058 3393 1218 3448 nobis
1251 3393 1507 3447 universa
1561 3389 1849 3461 Scriptura
1894 3398 2085 3446 sancta

513 3483 1042 3558 pervoluta,Filium
1081 3483 1250 3538 Deum
1280 3492 1336 3538 et
1376 3481 1591 3538 Patrem
1633 3482 1918 3543 adorasse,
1961 3495 2086 3534 cum

514 3573 720 3628 nudum
777 3573 960 3627 adhuc
1010 3582 1158 3628 esset
1212 3571 1479 3637 Verbum,
1516 3580 1642 3626 ante
1693 3571 2088 3626 incarnationis

512 3674 781 3735 tempora,
808 3673 863 3720 et
902 3664 1050 3720 illam
1091 3665 1240 3720 servi
1289 3663 1544 3720 formam.
1607 3663 1766 3718 Nunc
1797 3662 1944 3720 enim
1979 3677 2086 3732 qua

512 3758 679 3813 homo
704 3759 842 3812 citra
869 3757 1351 3828 reprehensionem
1400 3757 1617 3821 adorat,
1653 3756 1749 3812 sed
1792 3765 1942 3822 tunc,
1976 3769 2086 3810 non

513 3849 662 3903 item.
686 3848 795 3905 Sed
823 3864 888 3905 ex
917 3847 1120 3905 divinis
1151 3849 1435 3919 sacrisque
1457 3847 1682 3902 Litteris
1714 3847 1765 3900 id
1797 3846 2087 3902 ostendere

513 3956 795 4012 nunquam
828 3949 1109 4012 poterunt;
1141 3955 1332 3996 verum
1360 3955 1486 3995 cum
1524 3939 1682 3995 nobis
1713 3939 2085 4009 conjecturas,

513 4041 568 4086 et
615 4033 836 4104 putidas
899 4034 1198 4104 argutiolas
1238 4040 1586 4098 coacervent,
1634 4032 1758 4103 jure
1819 4031 2082 4086 audient:

519 4143 539 4176 ‹
579 4117 786 4179 Erratis
847 4126 1151 4179 nescientes
1199 4122 1562 4194 .Scripturas,
1596 4131 1772 4192 neque
1828 4122 2086 4176 virtutem

513 4215 608 4269 Dei
633 4215 674 4281 ⁸,
721 4233 740 4267 ι
767 4223 821 4271 et
844 4215 1071 4286 gloriam
1108 4213 1402 4286 Unigeniti.
1429 4211 1585 4278 Quod
1628 4212 1772 4266 enim
1811 4221 2085 4282 quatenus

511 4303 759 4360 Verbum
795 4321 860 4360 ac
890 4305 1034 4361 Deus
1079 4322 1188 4360 non
1241 4306 1452 4371 adoret,
1513 4303 1607 4361 sed
1665 4304 1842 4359 nostri
1887 4303 2086 4358 similis

2191 1840 2483 1909 ὑπομεῖναι
2547 1841 2782 1912 πρᾶγμα
2840 1841 3231 1913 δουλοπρεπές;
3281 1843 3452 1906 Εἰδὼς
3508 1844 3617 1914 γὰρ
3670 1843 3768 1912 τῆς

2190 1930 2384 1982 ἐαυτοῦ
2418 1930 2632 1998 φύσεως
2659 1931 2722 1984 τὸ
2741 1931 3024 2003 ἐλεύθερον
3055 1933 3292 2004 ἀξίωμα,
3319 1935 3588 1988 οἰκετικὸν
3615 1935 3770 1988 οὐδὲν

2188 2020 2494 2090 ἐποφείλειν
2519 2022 2597 2093 τῷ
2614 2021 2730 2094 Θεῷ
2754 2024 2846 2076 καὶ
2875 2024 3051 2095 Πατρὶ
3078 2023 3490 2095 διῖσχυρίςεται.
3527 2043 3548 2076 ι
3589 2023 3771 2077 Ἑλεύ‹

2189 2112 2336 2183 θεροι
2364 2113 2474 2184 γάρ
2495 2114 2634 2166 εἰσιν
2661 2115 2711 2166 οἰ
2745 2115 2871 2178 υἱοὶ,
2911 2134 2930 2167 ι
2965 2116 3151 2186 φησίν.
3180 2115 3303 2178 Πῶς
3325 2110 3416 2168 οὖν
3443 2116 3542 2169 οὐκ
3573 2115 3786 2169 ἀνεθέο,

2188 2202 2348 2275 λητον
2391 2203 2503 2274 ἔχει
2535 2205 2633 2277 τὴν
2659 2205 3002 2276 δουλοπρεπῆ
3037 2205 3447 2276 προσκύνησιν;
3492 2207 3551 2261 '0
3583 2207 3640 2259 δέ
3671 2223 3770 2260 και

2187 2291 2324 2364 πρὸς
2363 2295 2524 2364 μόνον
2553 2296 2942 2366 ἀποναρκήσας
2970 2296 3062 2349 τὸν
3091 2295 3182 2348 τοῦ
3223 2296 3547 2367 πράγματος
3575 2295 3764 2360 τύπον,

2188 2385 2305 2448 πῶς
2348 2385 2416 2438 ἂν
2464 2385 2632 2457 αὐτὴν
2681 2388 3038 2453 καταδέξαιτο
3079 2387 3179 2458 τὴν
3228 2387 3526 2458 ἁλήθειαν;
3559 2389 3629 2440 Ἦ
3654 2387 3765 2459 γὰρ

2185 2476 2283 2545 οὐχ
2311 2475 2387 2538 ὡς
2415 2475 2588 2541 τέλος,
2624 2477 2720 2530 καὶ
2749 2477 3127 2548 καρποφορίαν
3154 2476 3531 2547 πνευματικὴν
3558 2476 3770 2545 λογιού-

2189 2567 2329 2635 μεθα
2358 2567 2454 2637 τὴν
2481 2567 2877 2638 προσκύνησιν,
2914 2569 3008 2620 καὶ
3042 2567 3300 2638 λατρείας
3331 2561 3470 2630 εἶδος
3502 2566 3771 2636 ὑπάρχειν

2186 2657 2418 2728 ἐροῦμεν
2463 2657 2672 2728 αύτήν;
2730 2657 2882 2710 Ἐπεὶ
2921 2656 3011 2710 διὰ
3037 2657 3198 2710 ποίαν
3229 2658 3258 2708 ὁ
3285 2655 3449 2724 νόμος
3478 2655 3656 2707 αἰτίαν
3699 2661 3768 2729 τῇ

2189 2749 2557 2819 προσκυνήσει
2608 2748 2865 2820 συνέδησε
2909 2749 3008 2820 τὴν
3061 2748 3314 2818 λατρείαν
3349 2745 3538 2809 εἰπὼν,
3583 2765 3603 2798 ‹
3662 2745 3775 2800 Κύ-

2190 2856 2305 2909 ριον
2351 2839 2442 2891 τὸν
2493 2838 2626 2892 Θεὸν
2668 2856 2762 2892 σου
2813 2839 3244 2910 προσκυνήσεις,
3294 2837 3389 2890 καὶ
3435 2835 3584 2906 αὐτῷ
3621 2835 3773 2906 μόνῳ

2186 2931 2524 3003 λατρεύσεις.
2571 2953 2590 2985 ι
2625 2932 2775 3002 Πύλη
2805 2931 2915 3001 γὰρ
2944 2931 3133 3003 ῶσπερ
3177 2931 3264 2994 τίς
3313 2932 3452 2991 ἐστι,
3509 2929 3604 2982 καὶ
3649 2927 3772 2990 ὁδὸς

2187 3021 2288 3092 τῆς
2318 3025 2373 3075 ἐν
2403 3021 2584 3093 ἔργοις
2611 3022 2866 3092 λατρείας
2891 3023 2923 3094 ή
2945 3021 3334 3093 προσκύνησις,
3369 3021 3543 3092 ἀρχὴν
3568 3018 3770 3088 ἔχουσα

2113 3076 2155 3134 C
2188 3076 2660 3183 ocelsiav.rijv-tb;
2708 3076 3023 3182 ἐτρδξθῖςόᾷ.
3065 3111 3157 3165 Διὸ
3446 3076 3770 3181 ἰιῖιρόςῗτινεις

2187 3205 2215 3256 6
2247 3202 2498 3274 Μελῳδός
2546 3203 2646 3256 πού
2678 3220 2833 3273 φησι·
2877 3222 2897 3255 ι
2933 3202 3098 3254 Δεῦτε
3142 3201 3626 3272 προσκυνήσωμεν,
3670 3199 3770 3251 καὶ

2188 3294 2588 3367 προσπέσωμεν
2617 3294 2786 3366 αὐτῷ,
2823 3295 2914 3347 καὶ
2943 3293 3266 3364 κλαύσωμεν
3296 3291 3536 3345 ἐναντίον
3558 3289 3766 3360 Κυρίου

2185 3384 2277 3438 τοῦ
2312 3386 2635 3457 ποιήσαντος
2676 3385 2848 3454 ἡμᾶς.
2891 3402 2911 3435 ι
2960 3385 3122 3456 Ὁρᾷς
3169 3384 3549 3454 παρεπόμενόν
3587 3401 3643 3436 τε
3669 3383 3769 3435 καὶ

2188 3476 2617 3547 συνεζευγμένον
2665 3474 2744 3547 τῷ
2798 3480 3123 3546 προσκυνεῖν
3171 3478 3232 3530 τὸ
3280 3477 3476 3548 χρῆναι
3525 3474 3765 3546 προσπί-

2187 3588 2342 3626 πτειν
2369 3590 2384 3638 ;
2419 3565 2492 3626 OB
2521 3571 2574 3624 τί
2615 3571 2681 3624 ἂν
2705 3570 2914 3639 γένοιτο
2936 3568 3670 3642 δουλοπρεπέστεροννπαρά
3695 3585 3764 3636 γε

2185 3663 2298 3724 τοῖς
2337 3660 2513 3732 ὀρθῶς
2542 3659 2898 3730 δοκιμάζουσι
2944 3661 3043 3724 τὰς
3083 3661 3190 3714 τῶν
3231 3661 3570 3731 πραγμάτων
3611 3658 3765 3710 ποιό-

2185 3773 2392 3826 τητας,
2457 3759 2631 3809 εἰπεῖν
2677 3757 2778 3808 οὐκ
2827 3756 2954 3826 ἔχω.
3002 3757 3066 3809 Εἰ
3107 3756 3163 3808 δέ
3210 3754 3560 3826 ἐπιμένουσιν
3596 3753 3644 3804 οί
3691 3751 3766 3804 δι’

2186 3845 2434 3909 ἐναντίας
2459 3847 2545 3899 ἐπ’
2567 3845 2893 3916 ἀθραύστοις
2915 3845 2994 3898 ἔτι
3016 3848 3136 3907 ταῖς
3171 3844 3581 3914 ἀναισχυντίαις
3605 3840 3768 3894 σοϐα-

2190 3938 2509 4009 ρευόμενοι,
2563 3937 2655 3991 καὶ
2709 3937 2819 3991 τῶν
2878 3937 2971 3990 ἐπὶ
3023 3939 3235 4000 τούτοις
3299 3933 3640 3990 ἀπαιδεύτων
3699 3932 3768 3985 ού

2187 4029 2554 4099 καταλήγουσι
2579 4028 2879 4100 λογισμῶν,
2903 4029 3320 4084 ἐπιδεικνύντων
3349 4030 3480 4099 ἡμῖν
3513 4026 3637 4096 ὅλην
3662 4025 3770 4095 τὴν

2189 4121 2346 4190 ἁγίαν
2397 4121 2842 4192 περινοστοῦντες
2904 4121 3128 4193 Γραφὴν
3185 4121 3638 4191 προσκυνήσαντα
3684 4116 3770 4185 τῷ

2187 4212 2306 4283 Θεῷ
2336 4211 2433 4265 καὶ
2481 4211 2655 4282 Πατρί
2683 4211 2774 4264 τὸν
2803 4211 2964 4276 Υίὸν,
3004 4211 3091 4263 ὅτε
3120 4209 3323 4280 γυμνὸς
3354 4205 3422 4279 ἦν
3453 4209 3552 4274 ἐτι⁴
3572 4205 3766 4271 Λόγος,

2189 4301 2297 4370 πρὸ
2329 4301 2438 4355 τῶν
2470 4303 2570 4370 τῆς
2620 4301 3085 4372 ἐνανθρωπήσεως
3114 4300 3353 4370 χρόνων,
3408 4301 3502 4350 καὶ
3538 4294 3630 4348 τοῦ
3666 4293 3770 4362 τῆς

512 4394 678 4448 etiam
709 4395 950 4450 humano
983 4411 1134 4451 more
1165 4397 1216 4450 id
1249 4397 1574 4469 susceperit,
1609 4404 1835 4467 propter
1859 4395 2086 4465 dispen-

2191 4393 2439 4455 δουλείας
2465 4393 2766 4478 σχήματος.
2807 4389 2922 4444 Νῦν
2960 4390 3059 4461 μὲν
3089 4391 3196 4460 γὰρ
3224 4389 3298 4452 ὼς
3327 4387 3608 4454 ἄνθρωπος
3632 4386 3771 4478 ἀκα-

514 4485 788 4541 sationem
857 4499 978 4540 cum
1039 4501 1226 4552 carne,
1275 4503 1385 4542 non
1443 4487 1663 4542 aliunde
1710 4487 2087 4558 probationem

2197 4487 2516 4557 τηγορήτως
2552 4475 2878 4556 προσκυνεῖ,
2925 4483 3054 4539 τότε,
3093 4483 3186 4548 δέ,
3239 4481 3444 4535 οὐκέτι.
3487 4478 3624 4531 Ἀλλ’
3666 4476 3775 4546 οὐχ

515 4593 849 4647 (ιυτρῐοωυε,
871 4579 962 4633 sed
991 4594 1058 4632 ex
1087 4578 1210 4646 ejus
1239 4579 1425 4634 verbis
1452 4593 1674 4633 rursum
1705 4593 2085 4649 agnoscemus.

515 4669 658 4736 Quid
717 4669 864 4722 enim
911 4669 978 4722 ad
1026 4668 1433 4723 Samaritanam
1492 4669 1776 4723 mulierem
1829 4670 1904 4723 ait
1950 4684 2088 4740 prae-

514 4769 666 4816 terea
687 4760 712 4814 ’ἰ

2195 4575 2377 4642 ἕξουσι
2402 4575 2501 4646 μέν
2529 4577 2593 4629 ἐκ
2610 4576 2720 4629 τῶν
2753 4575 2912 4628 θείων
2940 4591 2999 4626 τε
3025 4575 3117 4627 καὶ
3145 4571 3306 4643 ἱερῶν
3335 4569 3591 4634 ἐπιδεῖξαι
3611 4566 3777 4620 τοῦτο

2196 4668 2573 4739 Γραμμὰτων·
2621 4667 2964 4738 στοχασμοὺς
2996 4665 3052 4718 δέ
3093 4667 3248 4736 ἡμῖν,
3293 4665 3389 4717 καὶ
3421 4660 3637 4733 σαθρῶν
3682 4660 3778 4712 ἐν-

2196 4760 2534 4829 θυμημάτων
2593 4759 2838 4825 ἐπινοίας
2897 4747 3266 4830 συνείροντες,
3319 4754 3554 4822 εὐλόγως
3607 4750 3778 4804 ἀκούε-

518 4872 735 4918 σονται,
772 4871 789 4902 ι
834 4850 1112 4904 Πλανᾶσθε
1159 4850 1235 4920 μὴ
1281 4849 1478 4913 εἰδότες
1512 4848 1611 4912 τὰς
1655 4848 1907 4918 Γραφὰς,
1963 4849 2096 4919 μηδὲ
2133 4849 2232 4918 τὴν
2270 4849 2497 4920 δύναμιν
2535 4849 2628 4902 τοῦ
2693 4849 2852 4916 Θεοῦ,
2895 4868 2914 4900 ›
2961 4849 3056 4903 καὶ
3096 4849 3193 4920 τὴν
3239 4845 3396 4912 δόξαν
3437 4842 3532 4897 τοῦ
3596 4842 3778 4895 Move-

516 4945 730 5017 γενοῦς.
757 4945 880 4999 Ὅτι
901 4943 1010 5014 γὰρ
1099 4941 1196 5012 μὲν
1221 4940 1391 5010 Λόγος
1413 4942 1506 4994 καὶ
1529 4940 1660 5004 Θεὸς
1683 4941 1743 4991 ού
1775 4943 2090 5012 προσκυνεῖ,
2130 4939 2373 5009 γεγονὼς
2404 4941 2461 4994 δὲ
2497 4941 2617 4994 καθ’
2648 4943 2825 5012 ἡμᾶς,
2870 4942 2964 4994 καὶ⁹
3031 4939 3188 4994 τοῦτο
3251 4938 3442 4992 παθεῖν
3487 4935 3778 5004 ἅνθρωπος

519 5037 745 5110 πρεπῶς
781 5035 1104 5100 κατεδέξατο
1149 5032 1237 5087 διὰ
1285 5033 1382 5105 τὴν
1433 5033 1746 5103 οἰκονομίαν
1798 5033 1898 5104 τὴν
1950 5032 2088 5103 μετὰ
2130 5033 2352 5104 σαρκὸς,
2383 5034 2443 5086 ού
2475 5033 2710 5102 θύραθεν
2736 5035 2919 5106 ήμῖνή
2984 5030 3323 5102 πληροφορία
3387 5027 3774 5098 ζητηθήσεται,

517 5129 604 5187 διὰ
633 5130 689 5183 δέ
721 5127 828 5182 τῶν
863 5125 1029 5184 αὑτοῦ
1067 5124 1231 5180 πάλιν
1262 5125 1521 5197 εἰσόμεθα
1553 5125 1749 5194 λόγων.
1795 5125 1860 5177 Τί
1890 5124 1998 5196 γὰρ
2025 5125 2088 5196 δὴ
2128 5127 2221 5180 καί
2252 5143 2384 5196 φησι
2410 5124 2546 5195 πρὸς
2569 5125 2668 5197 τὴν
2696 5127 2760 5179 ἐκ
2784 5124 2884 5192 τῆς
2915 5123 3219 5194 Σαμαρείας
3257 5121 3526 5189 γυναῖκα;

601 5222 703 5278 Vos
737 5223 975 5276 adoratis
1019 5221 1156 5294 quod
1189 5221 1440 5275 nescitis:
1487 5237 1581 5276 nos
1633 5222 1920 5274 adoramus
1953 5220 2091 5293 quod

518 5331 736 5372 δσιηιυε.

590 5405 783 5460 Nonne
808 5408 981 5463 cuivis
1011 5409 1176 5463 etiam
1211 5423 1275 5463 ex
1295 5408 1402 5463 hoc
1438 5405 1788 5462 manifestum
1813 5414 1918 5472 est,
1945 5405 2093 5476 quod

521 5509 646 5551 cum
684 5498 880 5566 plurali
935 5515 1069 5555 usus
1109 5501 1181 5555 sit
1236 5515 1504 5564 numero,
1562 5507 1616 5555 et
1661 5499 1902 5570 seipsum
1949 5499 2091 5554 inter

583 5662 641 5734 “,
665 5671 858 5728 Matth.
893 5691 1025 5740 xvtl,
1053 5676 1145 5731 25.
1231 5680 1275 5713 ⁸⁸
1309 5679 1439 5735 ibid.
1475 5678 1563 5733 24.
1649 5681 1662 5710 ¹
1703 5679 1837 5735 ibid.
1863 5679 1953 5744 25,
1979 5677 2067 5733 ‘26.

2198 5676 2351 5732 Deut.
2385 5693 2464 5742 vr,
2690 5676 2707 5708 '
2741 5675 2886 5732 Psal.
2919 5689 3060 5741 χειν,
3087 5673 3140 5729 6.

2280 5221 2474 5289 Ὑμεῖς
2508 5218 2902 5288 προσκυνεῖτε
2923 5217 2954 5271 ὃ
2989 5220 3100 5272 οὐκ
3131 5217 3350 5282 οἵδατε,
3387 5212 3559 5282 ἡμεῖς
3580 5228 3772 5280 προσ-

2200 5314 2522 5382 κυνοῦμεν,
2554 5313 2585 5366 ὃ
2615 5312 2878 5381 οἴδαμεν.

2267 5400 2394 5475 ⁷Λρ’
2428 5405 2548 5473 οὐχὶ
2576 5402 2736 5455 παντί
2768 5420 2843 5471 τῳ
2871 5402 2963 5454 καὶ
2995 5399 3080 5453 διὰ
3103 5399 3290 5453 τούτου
3323 5395 3650 5466 καταφανὲς,
3687 5394 3774 5445 ὅτι

2197 5495 2275 5567 τῷ
2298 5494 2640 5566 πληθυντικῷ
2661 5493 3003 5564 χρησάμενος
3021 5491 3256 5566 ἀριθμῷ,
3278 5491 3369 5544 καὶ
3393 5493 3507 5552 τοῖς
3531 5488 3589 5554 ἐξ
3613 5486 3786 5552 ἀνάγ-

3267 5672 3455 5728 Matth.
3495 5686 3603 5727 χιιι
3622 5709 3639 5738 ,
3671 5664 3772 5759 29:
