4038 6210
332 253 444 310 515

1394 262 1458 319 ΙΝ
1496 259 1782 319 JOANNIS
1815 261 2270 330 EVANGELIUM
2311 275 2444 333 LIB.
2485 277 2553 336 ll.

3490 297 3594 355 5H

333 386 439 440 κης
486 371 581 424 καὶ
627 369 871 437 δουλείας
915 374 1310 444 προσκυνοῦσιν
1346 378 1538 434 ἑαυτὸν
1588 383 1901 454 ὲναριθμῶν

2026 401 2122 442 eos
2151 391 2380 449 collocet
2418 395 2514 464 qui
2573 399 2922 458 necessitatis
2961 411 3016 461 et
3067 406 3350 464 servitutis
3381 411 3594 469 ratione

327 458 407 524 ὡς
452 461 512 514 ὲν
551 461 713 535 δούλῃ
757 466 823 535 τῇ
866 464 1248 537 ἀνθρωπότητι
1297 469 1538 538 γεγονὼς
1575 472 1644 525 τὰ
1691 475 1916 529 τοιαῦτά

332 571 510 625 φησις
541 554 608 606 Τί
648 555 758 625 γάρ
799 551 903 626 ἦν,
940 557 1060 610 εἰπέ
1100 575 1220 628 μοι,
1259 561 1320 613 τὸ
1369 561 1578 616 κωλύον
1623 564 1787 618 αὑτὸν
1834 567 1916 630 είς

329 651 531 702 οἰκεῖον
573 648 866 718 πρόσωπον
913 649 1135 704 ἐλκῦσαι
1177 654 1480 722 μοναδικῶς
1522 655 1622 727 τὴν
1667 658 1914 728 προσκύ-

327 755 507 808 νησιν,
531 741 580 792 εί
605 741 844 794 νοεῖσθαι
874 745 1006 813 παρ’
1028 745 1060 814 ἡ
1071 744 1185 813 μῶν
1209 745 1468 816 ἐπιθυμεῖ
1493 751 1910 821 προσκυνητήςς

331 831 481 884 Ἔδει
517 831 626 900 γὰρ
659 832 859 901 μᾶλλον
882 835 1077 886 εἰπεῖν·
1113 854 1132 886 ι
1175 835 1317 905 Ἐγὼ
1347 839 1640 907 προσκυνῶ
1667 839 1694 892 ὃ
1721 835 1854 905 οἶδα,
1883 860 1903 894 ι

327 923 417 974 ἵνα
445 925 564 986 τοῖς
601 923 783 988 ἄλλοις
811 925 1153 990 ἀσύντακτος
1177 925 1274 992 ὢν,
1319 929 1404 997 ἐφ’
1429 929 1606 1001 ἑαυτῷ
1639 931 1733 984 καὶ
1765 931 1911 1003 μόνῳ

323 1013 426 1082 τὴν
472 1015 581 1070 τῶν
636 1016 942 1087 εἰρημένων
999 1018 1221 1089 ἁρπάσῃ
1281 1019 1530 1090 δύναμιν.
1583 1023 1720 1076 Νυνὶ
1765 1024 1824 1077 δὲ
1849 1025 1911 1077 τὸ

331 1122 350 1155 ι
407 1105 620 1174 Ἡμεῖς,
662 1125 680 1157 ›
714 1107 914 1178 ἀριστά
940 1111 1000 1161 τέ
1031 1125 1166 1179 φησι
1208 1110 1302 1163 καὶ
1346 1111 1466 1164 λίαν
1513 1111 1793 1180 ἀσφαλῶς,
1835 1114 1912 1178 ὡς

322 1195 383 1246 ἐν
426 1195 636 1259 δούλοις
682 1197 782 1268 ἤδη
823 1201 1300 1271 κατατεταγμένος
1350 1201 1438 1254 διά
1478 1201 1577 1272 τὴν
1622 1201 1908 1273 ἀνθρωπό-

319 1305 485 1359 τητα,
509 1289 585 1353 ὡς
604 1293 717 1354 τοῖς
741 1289 1138 1362 προσκυνοῦσιν
1166 1293 1500 1364 ἐναρίθμιος,
1527 1292 1603 1356 ὡς
1636 1292 1909 1358 Ἰουδαίοις

318 1382 412 1436 διὰ
441 1382 544 1452 τὴν
574 1382 782 1452 χώραν.

410 1473 564 1529 Ἀλλ’
612 1475 846 1542 ἔρχεται
873 1473 1018 1542 ὥρα,
1045 1476 1142 1530 καὶ
1172 1476 1288 1530 νῦν
1318 1476 1505 1542 ἐστιν,
1531 1478 1629 1531 ὅτε
1668 1481 1721 1532 οι
1758 1478 1907 1546 ἀλη-

318 1565 478 1620 θινοὶ
517 1567 928 1633 προσκυνηταὶ
966 1567 1466 1635 προσκυνήσουσι
1507 1567 1586 1634 τῷ
1625 1571 1805 1637 Harp!
1839 1571 1908 1624 ἐν

2018 480 2271 547 adorant,
2303 483 2418 541 haec
2451 487 2546 550 ait,
2572 499 2832 560 tanquam
2867 495 2962 565 qui
2994 497 3048 550 in
3071 512 3230 554 serva
3249 499 3594 560 humanitate

2016 571 2291 627 exsistat?
2351 575 2492 642 Quid
2543 581 2713 645 enim,
2771 599 2991 654 quaeso,
3033 587 3361 657 impediebat
3413 591 3589 662 ipsum

2015 664 2312 730 quominus
2364 667 2430 721 ad
2466 685 2621 724 suam
2659 688 2952 743 personam
2989 677 3364 736 adorationem
3402 685 3593 755 singu-

2016 753 2208 809 lariter
2239 758 2584 826 transferret,
2616 763 2661 818 si
2688 779 2718 818 a
2749 768 2911 823 nobis
2943 769 3202 825 adorator
3229 774 3443 829 censeri
3471 753 3588 830 vel-

2014 841 2130 897 let?
2169 843 2472 904 Dicendum
2502 854 2648 907 enim
2680 864 2803 910 erat
2832 859 3038 926 patius,
3069 879 3088 912 ι
3119 859 3230 931 Ego
3248 862 3419 918 adoro
3441 865 3586 934 quod

2014 935 2151 1001 scio,
2195 954 2214 986 ›
2253 948 2313 992 ut
2346 955 2470 995 cum
2497 942 2556 998 in
2593 946 2825 1000 aliorum
2855 963 3088 1005 numero
3125 965 3234 1006 non
3267 961 3433 1022 esset,
3481 955 3585 1010 sibi

2015 1027 2107 1080 uni
2139 1027 2244 1082 vim
2279 1030 2425 1088 illius
2476 1033 2611 1089 dicti
2652 1047 2956 1108 arrogaret.
2993 1039 3150 1097 Nunc
3208 1052 3415 1110 autem,
3466 1061 3585 1101 eam

2011 1131 2202 1174 vocem
2245 1131 2394 1177 recte
2425 1133 2478 1178 et
2527 1127 2828 1195 prudenter
2877 1142 3127 1202 usurpat,
3173 1143 3234 1188 ut
3285 1137 3396 1206 jam
3444 1138 3588 1194 inter

2011 1223 2202 1265 servos
2244 1213 2569 1280 collocatus,
2603 1229 2827 1289 propter
2863 1223 3285 1294 humanitatem,
3331 1237 3386 1281 ut
3443 1229 3588 1285 inter

2010 1301 2306 1360 adorantes
2329 1318 2670 1376 numeratus,
2709 1323 2768 1368 ut
2800 1315 2944 1370 inter
2971 1315 3212 1385 Judaeos,
3240 1328 3463 1390 propter
3489 1335 3579 1378 rc-

2008 1407 2248 1464 glonem.

2084 1486 2236 1555 191
2274 1487 2364 1552 IV,
2399 1491 2490 1553 25,
2552 1491 2644 1546 24.
2704 1492 2804 1548 Sed
2839 1499 2974 1550 venit
3007 1500 3159 1564 hora,
3197 1508 3245 1554 et
3296 1518 3433 1555 nunc
3479 1513 3580 1569 est,

2007 1579 2218 1644 quando
2245 1580 2353 1633 veri
2387 1581 2693 1638 adoratores
2722 1586 3020 1642 adorabunt
3056 1589 3275 1644 Patrem
3303 1594 3359 1644 in
3390 1594 3582 1662 spiritu

318 1658 618 1726 πνεύματι
663 1658 761 1711 καὶ
796 1660 1066 1727 ἀληθείᾳ.
1115 1660 1226 1714 Καὶ
1257 1663 1367 1731 γὰρ
1415 1666 1447 1717 ό
1479 1663 1683 1732 Πατὴρ
1711 1663 1903 1716 τοιού-

2007 1674 2058 1719 et
2086 1669 2324 1725 veritate.
2355 1669 2498 1725 Nam
2519 1684 2569 1727 et
2602 1673 2767 1730 Pater
2800 1679 2931 1733 tales
2969 1681 3176 1749 quaerit,
3219 1683 3309 1750 qui
3361 1658 3582 1738 adorent

318 1766 469 1815 τους
517 1747 678 1816 ζητεῖ
707 1751 848 1818 τοὺς
885 1754 1383 1822 προσκυνοῦντας
1413 1759 1621 1811 αὐτόν.
1664 1755 1903 1824 Πνεῦμα

2007 1772 2144 1812 eum.
2177 1758 2408 1829 Spiritus
2435 1775 2511 1818 est
2537 1765 2675 1821 Deus
2697 1781 2718 1821 :
2745 1777 2794 1822 et
2825 1785 2913 1824 eos
2941 1747 3031 1840 qui
3079 1747 3307 1826 adorant
3355 1790 3494 1841 eum,
3527 1778 3583 1829 in

320 1845 356 1895 ὀ
392 1841 558 1908 Θεὸς,
579 1842 676 1896 καὶ
719 1844 861 1908 τοὺς
901 1847 1396 1914 προσκυνοῦντας
1420 1850 1606 1903 αὐτὸν
1630 1850 1700 1902 ἐν
1722 1851 1906 1903 πνεύ-

307 1947 460 2000 ματι
503 1932 602 1986 καί
650 1934 899 2002 ἀληθείᾳ
930 1935 1026 1990 δεῖ
1049 1939 1432 2006 προσκυνεῖν.
1460 1941 1629 2011 Λέγει
1667 1941 1827 2008 αὐτῷ
1866 1943 1903 2009 ἠ

319 2024 504 2094 γυνή.

393 2115 659 2186 Σημαίνει
692 2117 793 2188 μὲν
817 2119 916 2190 τῆς
946 2120 1138 2174 ἑαυτοῦ
1172 2123 1476 2192 παρουσίας
1509 2124 1598 2177 τὸν
1631 2125 1730 2197 ἤδη
1766 2143 1906 2198 παρ-

314 2222 449 2261 avra.
502 2210 734 2280 καιρὸν,
774 2214 1385 2286 μετασκευασθήσεσθαι
1438 2215 1494 2268 δὲ
1540 2218 1665 2280 τοὺς
1702 2217 1906 2290 τύπους

315 2301 490 2370 φησὶν
519 2304 600 2366 είς
629 2302 907 2374 ἀλήθειαν,
935 2306 1030 2359 καὶ
1068 2307 1167 2378 τὴν
1202 2308 1293 2361 τοῦ
1324 2308 1490 2378 νόμου
1517 2309 1674 2362 σκιὰν
1696 2312 1774 2374 εἰς
1807 2310 1904 2363 λα-

311 2394 513 2464 τρείαν
561 2397 960 2468 πνευματικήν.
991 2397 1089 2452 Διά
1134 2399 1191 2452 δὲ
1240 2400 1340 2470 τῆς
1383 2402 1746 2472 εὑαγγελικῆς
1779 2422 1906 2457 παι-

311 2483 558 2547 δεύσεως
579 2486 658 2547 εἰς
691 2485 986 2556 εὐάρεστον
1015 2487 1094 2558 τῷ
1116 2490 1290 2561 Πατρῒ⁹
1329 2492 1602 2546 πολιτείαν
1641 2512 1905 2565 χειραγωο

311 2574 664 2645 γηθήσεσθαι
716 2576 865 2644 λέγει
916 2576 1008 2630 τὸν
1047 2579 1297 2648 ἀληθινὸν
1354 2584 1770 2654 προσκυνητὴν,
1811 2585 1903 2638 τὸν

309 2661 612 2738 ἄνθρωπον
634 2666 876 2737 δηλονότι
893 2669 983 2723 τὸν
1004 2672 1393 2741 πνευματικὸν,
1425 2675 1766 2746 ἑτοιμότερόν
1787 2695 1903 2741 πως

247 2787 254 2794 ~
310 2759 403 2821 εἰς
435 2758 742 2830 οἰκειότητα
763 2761 1023 2830 τρέχοντα
1050 2779 1165 2826 πως
1205 2764 1304 2834 τὴν
1334 2765 1467 2834 πρὸς
1499 2765 1649 2820 Θεόν.
1679 2768 1904 2838 Πνεῦμα

310 2849 435 2920 γὰρ
455 2851 484 2901 ὁ
509 2849 657 2916 Θεὸς,
689 2851 766 2913 ὠς
809 2852 943 2922 πρὸς
973 2851 1226 2923 σώματος
1254 2859 1453 2908 νοεῖται
1485 2856 1644 2926 φύσιν
1667 2872 1678 2884 '
1708 2859 1796 2912 διά
1821 2876 1903 2912 τοι

237 2929 241 2932 ’
309 2937 487 2991 τοῦτο
516 2938 732 3003 δικαίως
781 2940 872 2994 τὸν
918 2942 1282 3012 πνευματικὸν
1310 2945 1630 3015 ἀποδέχεται
1670 2964 1903 3017 προσκυ-

2007 1850 2198 1918 spiritu
2230 1861 2280 1906 et
2314 1855 2529 1910 veritate
2555 1867 2755 1926 oportet
2787 1860 3036 1916 adorare.
3058 1862 3201 1918 Dicit
3225 1865 3273 1918 ei
3297 1866 3508 1919 mulier.

2078 2116 2363 2186 Signiﬁcat
2415 2118 2682 2176 adventus
2738 2122 2960 2192 quidem
3025 2124 3110 2180 sui
3160 2125 3272 2193 jam
3333 2141 3579 2195 praesens

2006 2213 2244 2274 tempus,
2277 2206 2372 2262 sed
2400 2216 2668 2263 mutatum
2700 2209 2768 2263 iri
2797 2211 2932 2268 dicit
2958 2211 3161 2283 ﬁguras
3193 2215 3248 2268 in
3272 2216 3576 2285 veritatem,

2004 2305 2058 2351 et
2091 2297 2226 2367 legis
2255 2300 2504 2354 umbram
2537 2301 2592 2354 in
2623 2303 2832 2355 cultum
2891 2303 3216 2372 spiritalem.
3269 2305 3372 2361 Per
3415 2322 3579 2362 evan-

2003 2389 2233 2459 gelicam
2265 2399 2446 2446 autem
2478 2391 2828 2474 disciplinam
2857 2394 3153 2449 deductum
3189 2396 3254 2450 iri
3288 2398 3365 2450 ait
3388 2413 3576 2453 verum

2004 2481 2371 2547 adoratorem,
2421 2484 2587 2539 idest
2627 2486 2931 2554 spiritalem
2963 2489 3263 2557 hominem,
3324 2493 3392 2546 ad
3444 2508 3576 2546 con-

2003 2575 2369 2630 versationem
2403 2575 2544 2630 Patri
2581 2577 2912 2648 placentem,
2933 2580 3141 2648 majore
3171 2583 3577 2650 quodammodo

2004 2666 2186 2721 studio
2226 2667 2292 2721 ad
2347 2667 2791 2736 conjunctionem
2841 2684 2966 2723 cum
3024 2669 3133 2726 Deo
3195 2671 3572 2729 festinantem.

2006 2755 2244 2826 Spiritus
2276 2757 2421 2811 enim
2460 2757 2604 2813 Deus
2638 2759 2965 2829 intelligitur
2989 2761 3033 2815 si
3063 2775 3187 2815 cum
3220 2773 3416 2817 natura
3452 2778 3576 2818 cor-

2004 2849 2153 2918 poris
2179 2858 2548 2919 comparetur,
2590 2851 2928 2921 proindeque
2960 2852 3266 2922 spiritalem
3315 2855 3574 2911 adorato-

2006 2953 2118 2992 rem
2147 2939 2363 3009 probat,
2397 2955 2504 2994 non
2533 2941 2626 3010 qui
2655 2941 2870 3010 pictatis
2901 2942 3133 2998 formam
3159 2943 3392 3001 Judaico
3422 2961 3576 3003 more

308 3031 496 3102 νητὴν
518 3072 531 3096 ,
557 3032 658 3086 οὐκ
688 3035 745 3086 ὲν
801 3034 1078 3104 μορφώσει
1135 3037 1229 3089 καὶ
1260 3035 1450 3101 τύποις
1495 3038 1763 3110 φοροῦντα
1801 3041 1898 3111 τῆς

2007 3030 2059 3082 ἱιι
2088 3029 2276 3100 ﬁguris
2302 3039 2356 3085 et
2383 3032 2526 3102 typis
2558 3031 2719 3100 ferat,
2765 3033 2860 3088 sed
2889 3035 2982 3104 qui
3018 3036 3300 3105 prmelaris
3344 3038 3574 3095 virtutis

309 3122 606 3187 εὐσεϐείας
658 3125 753 3195 τὴν
787 3125 1065 3196 μόρφωσιν
1109 3128 1417 3193 Ἰουδαϊκῶς
1440 3173 1454 3196 ,
1483 3131 1617 3184 ἀλλὰ
1647 3136 1760 3195 τοῖς
1803 3134 1898 3204 μὲν

310 3214 379 3278 ἐξ
410 3215 612 3284 ἀρετῆς
644 3215 1062 3287 κατορθώμασιν
1096 3217 1467 3286 εὐαγγελικῶς
1507 3221 1898 3290 διαλάμποντα,

309 3309 386 3378 τῇ
423 3307 480 3360 δὲ
507 3307 616 3359 τῶν
639 3308 797 3360 θείων
818 3307 1103 3378 δογμάτων
1132 3309 1382 3380 ὀρθότητι
1404 3311 1501 3381 τὴν
1529 3311 1696 3375 ὅντως
1725 3313 1900 3384 ἀληθῆ

310 3399 434 3466 πλη
443 3398 636 3468 ροῦντα
667 3399 1060 3469 προσκύνησιν.

384 3490 649 3559 οιδαμεν
673 3491 760 3544 ὅτι
787 3493 1061 3557 Μεσσίας
1079 3493 1310 3561 ἔρχεται
1339 3496 1374 3548 ὀ
1399 3496 1722 3566 λεγόμενος
1767 3498 1900 3565 Χρι-

307 3583 489 3649 στός.
511 3583 698 3637 Ὅταν
723 3583 870 3652 ἔλθῃ
895 3583 1145 3650 ἐκεῖνος,
1168 3585 1490 3656 ἀναγγελεῖ
1515 3587 1659 3656 ἡμῖν
1683 3587 1898 3640 πάντα.

389 3765 568 3834 ’Ὥραν
597 3762 882 3831 ἀφίξεσθαι
913 3763 1007 3817 καὶ
1045 3763 1254 3836 καιρὸν,
1290 3764 1492 3832 μᾶλλον
1518 3765 1574 3818 δὲ
1623 3765 1721 3837 ἥδη
1766 3783 1904 3838 παρ-

2001 3121 2256 3188 cperibus
2279 3123 2434 3190 juxta
2471 3138 2678 3180 morem
2709 3127 3086 3197 evangelicum
3119 3129 3462 3199 praefulgeat,
3517 3141 3574 3188 ct

2001 3221 2151 3268 recta
2197 3213 2510 3268 divinorum
2537 3216 2852 3287 dogmatum
2905 3219 3120 3275 ratione
3163 3235 3351 3276 veram
3385 3223 3570 3291 utique

2001 3306 2374 3362 adorationem
2411 3307 2620 3378 implet.

2073 3485 2160 3552 ιν,
2189 3487 2279 3542 25.
2310 3487 2516 3542 Scimus
2544 3490 2668 3557 quia
2703 3487 2934 3546 Messias
2963 3493 3133 3558 venit,
3194 3495 3285 3564 qui
3371 3494 3575 3548 dicitur

2001 3577 2266 3634 Christus.
2335 3578 2470 3634 Cum
2523 3582 2721 3634 uenerit
2785 3582 2910 3646 ille,
2988 3584 3332 3656 annuntiabit
3420 3586 3574 3641 nobis

2001 3685 2200 3724 omnia.

2073 3759 2314 3816 Docente
2337 3759 2562 3816 Christo
2594 3761 2784 3816 horam
2814 3763 3004 3819 adfore
3059 3771 3113 3818 et
3171 3773 3409 3833 tempus,
3463 3766 3574 3820 imo

304 3859 481 3922 εἶναι,
504 3855 847 3920 διδάσκοντος
893 3855 986 3909 τοῦ
1028 3855 1266 3926 Χριστοῦ
1288 3895 1303 3921 ,
1343 3857 1465 3910 καθ’
1497 3858 1554 3910 ὃν
1577 3860 1626 3911 οἱ
1661 3859 1903 3928 ἀληθινοὶ

2007 3854 2107 3923 iam
2135 3855 2350 3919 adesse,
2377 3870 2489 3924 quo
2515 3855 2628 3909 veri
2663 3855 2984 3912 adoratores
3025 3858 3326 3927 spiritalem
3364 3860 3572 3914 cultum

305 3947 700 4017 προσκυνηταὶ
735 3945 834 4015 τὴν
864 3945 922 3997 ὲν
951 3945 1224 4016 πνεύματι
1264 3946 1518 4019 λατρείαν
1551 3949 1901 4020 προσοίσουσι

304 4035 398 4106 τῷ
436 4033 555 4104 Θεῷ
595 4035 690 4086 καὶ
736 4034 930 4104 Πατρὶ,
964 4035 1308 4107 παραχρῆμα
1332 4035 1394 4090 τὸ
1429 4036 1648 4102 γύναιον
1690 4042 1770 4103 εἰς
1807 4039 1902 4111 τὴν

303 4126 660 4198 λαλουμένην
693 4128 844 4200 παρά
890 4131 1000 4194 τοῖς
1056 4129 1328 4192 Ἰουδαίοις
1381 4129 1574 4185 ἐλπίδα
1617 4133 1729 4194 τοῖς
1763 4131 1903 4202 ὑπὲρ

308 4217 432 4290 ἕξιν
459 4219 859 4291 ἀναπτεροῦται
887 4222 1169 4292 νοήμασιν.
1199 4221 1412 4276 Είδέναι
1438 4220 1494 4274 δὲ
1525 4222 1615 4275 τὸν
1634 4223 1898 4288 Μεσσίαν,

304 4317 395 4376 ὼς
422 4313 544 4383 ἥξει
588 4307 732 4366 κατᾶ
757 4313 948 4383 καιρὸν
992 4314 1189 4366 οἰκεῖον
1221 4314 1494 4384 ὁμολογεῖ,
1530 4315 1625 4368 καὶ
1653 4315 1769 4387 ἥξει
1804 4316 1901 4386 μὲν

305 4405 414 4458 ἐπὶ
462 4403 627 4470 τίσιν,
657 4402 900 4474 ἀκριϐῶς
940 4401 999 4455 οὗ
1050 4420 1213 4473 φησιν
1237 4445 1252 4469 ,
1281 4401 1751 4473 ἀπεριεργάστους
1776 4443 1790 4466 ,
1824 4403 1900 4468 ὼς

305 4499 486 4561 ἔοικε,
527 4497 651 4558 τοὺς
684 4495 773 4548 ἐπ’
806 4495 954 4565 αὐτῷ
998 4495 1346 4565 λαμϐάνουσα
1385 4495 1665 4567 θρύλλους,
1708 4496 1802 4549 ἆτε
1834 4495 1897 4566 δὴ

307 4588 618 4660 φιλόγελώς
630 4607 688 4642 τε
729 4590 822 4642 καὶ
846 4589 1245 4659 φιλοσαρκοῦσα
1262 4589 1396 4659 γυνή
1419 4603 1432 4618 ⁶
1453 4588 1514 4641 οὐ
1539 4588 1643 4659 μὴν
1664 4588 1898 4659 ἠγνόησε

307 4681 622 4745 παντελῶς,
668 4680 742 4745 ὼς
793 4681 1152 4750 ἀστειοτέρων
1208 4679 1548 4752 μαθημάτων
1601 4681 1900 4752 εἰσηγητὴς

309 4774 414 4830 ἐπὶ
436 4773 533 4827 τὸν
571 4759 782 4844 Ἰσρᾶὴλ
802 4772 1265 4843 ἀναδειχθήσεται,
1291 4773 1560 4826 καὶτοῦτο
1579 4772 1644 4844 δὴ
1680 4772 1898 4835 πάντως

312 4870 375 4920 ἐν
405 4867 519 4928 τοῖς
548 4866 674 4935 περὶ
698 4864 860 4918 αὐτοῦ
889 4864 1070 4932 λόγοις
1099 4865 1445 4935 εὐρίσκουσα.

388 4956 562 5025 Λέγει
586 4955 742 5024 αὐτῇ
767 4959 799 5010 ό
849 4956 1089 5024 Ἰησοῦς
1115 4973 1129 4986 ο
1173 4956 1312 5027 Ἐγώ
1338 4959 1455 5025 ειμι
1479 4959 1512 5011 ὁ
1542 4955 1750 5015 λαλῶν
1777 4972 1895 5011 σοι.

391 5133 468 5185 Οὐ
501 5134 622 5194 ταῖς
667 5131 1013 5195 ἀπαιδεύτοις
1048 5130 1267 5201 ψυχαῖς,
1303 5129 1336 5201 ἢ
1372 5130 1464 5182 κα)⁸
1497 5131 1732 5200 ἀμαθέσι
1764 5149 1900 5186 παν-

313 5223 491 5284 τελῶς
537 5203 731 5275 ἑαυτὸν
785 5222 1153 5276 ἀνακαλύπτει
1203 5221 1453 5292 Χριστὸς,
1503 5221 1618 5275 ἀλλ’
1664 5223 1901 5286 ἐκείναις

316 5317 528 5388 μᾶλλον
556 5315 857 5386 ἐπιλάμπει
907 5316 1003 5368 καὶ
1052 5315 1322 5384 φαίνεται,
1354 5314 1518 5385 αἴπερ
1557 5314 1624 5366 ἂν
1663 5309 1771 5368 εἷεν
1799 5314 1900 5386 ἤδη

314 5407 459 5476 πρὸς
492 5406 553 5458 τὸ
606 5405 887 5477 βούλεσθαί
931 5424 984 5459 τι
1029 5405 1218 5477 μαθεῖν
1268 5405 1627 5476 ὲτοιμότεραι,
1663 5406 1757 5460 καὶ
1799 5405 1901 5475 τῆς

317 5497 561 5561 πίστεως
584 5498 683 5570 τὴν
715 5497 888 5569 ἀρχὴν
919 5499 975 5551 ἐν
1001 5498 1190 5562 ἁπλοῖς
1225 5497 1508 5551 ὠδίνουσαι
1535 5497 1730 5566 λόγοις,
1762 5499 1899 5570 πρὸς

308 5589 424 5659 τὴν
447 5589 558 5643 τῶν
586 5589 934 5660 τελειοτέρων
973 5591 1278 5660 ἐπείγονται
1309 5591 1526 5660 γνῶσιν.
1554 5591 1786 5663 Τοιαύτη
1814 5609 1900 5656 τις

315 5683 456 5753 ἡμῖν
491 5683 586 5738 καὶ
629 5685 662 5756 ἡ
695 5684 1019 5756 Σαμαρεῖτις
1065 5685 1344 5756 ἀνεδείχθη
1399 5685 1555 5757 γυνὴ,
1592 5684 1896 5759 παχύτερον

2002 3946 2243 4002 oblaturi
2271 3954 2431 4000 erant
2453 3946 2560 4000 Deo
2590 3962 2654 4000 ac
2685 3946 2858 4011 Patri,
2883 3949 3083 4003 mulier
3125 3949 3416 4005 confestim
3473 3966 3574 4005 co-

2000 4035 2357 4110 gitationibus
2378 4036 2520 4092 elata
2549 4035 2770 4106 ingenio
2802 4052 2905 4090 suo
2939 4036 3242 4105 majoribus
3291 4038 3357 4092 ad
3417 4052 3573 4107 spem
3679 4073 3692 4084 ς

2002 4130 2182 4186 evolat
2218 4129 2423 4184 Judaais
2452 4129 2850 4198 pervulgatam.
2884 4127 3182 4184 Proﬁtetur
3213 4137 3393 4184 autem
3431 4131 3575 4186 scire

2005 4239 2064 4279 se
2091 4232 2381 4278 venturum
2424 4221 2679 4277 Messiam
2722 4237 2826 4277 suo
2855 4226 3140 4294 tempore;
3179 4222 3274 4276 sed
3330 4237 3470 4292 quas
3503 4224 3574 4277 ob

2005 4328 2094 4368 res
2124 4324 2388 4367 venturus
2423 4312 2516 4376 sit,
2563 4311 2754 4381 utique
2796 4306 2908 4367 non
2963 4313 3064 4376 ait,
3121 4329 3245 4367 cum
3301 4312 3369 4367 de
3402 4327 3467 4368 eo
3515 4321 3577 4367 ut

2003 4403 2239 4467 videtur,
2276 4417 2530 4457 rumores
2558 4402 2748 4458 nescio
2781 4418 2919 4473 quos
2970 4403 3294 4471 accepisset,
3343 4403 3575 4457 maxime

2004 4511 2128 4552 cum
2162 4495 2456 4564 voluptatis
2478 4495 2782 4566 carnisque
2808 4495 2993 4550 studio
3018 4495 3312 4550 duceretur
3335 4495 3531 4549 mulier
3557 4515 3572 4549 :

2005 4569 2114 4644 non
2152 4595 2336 4642 tamen
2372 4587 2590 4656 penitus
2623 4585 2936 4658 ignoravit:
2972 4597 3105 4656 puta
3133 4603 3252 4657 qua:
3284 4587 3453 4642 sciret
3481 4602 3578 4658 po-

2001 4681 2164 4735 tioris
2183 4679 2445 4735 doctrinae
2469 4680 2791 4750 magistrum
2809 4679 2999 4735 lsraeli
3041 4679 3384 4745 adiuturum,
3405 4676 3570 4748 idque

2005 4773 2061 4828 in
2095 4771 2165 4828 iis
2193 4785 2315 4842 quae
2354 4771 2558 4841 scripta
2589 4777 2748 4826 erant
2770 4770 2839 4826 de
2869 4770 2992 4841 ipso
3019 4770 3310 4826 inveniret.

2075 4949 2170 5016 IV,
2211 4948 2302 5004 26.
2352 4947 2490 5002 Dicit
2531 4946 2580 5001 ei
2634 4944 2851 5000 Iesus:
2908 4944 3022 5016 Ego
3075 4959 3192 5000 sum
3247 4943 3338 5012 qui
3392 4941 3576 5010 loquor

2008 5052 2199 5097 tecum.

2075 5131 2331 5188 Christus
2373 5131 2614 5200 seipsum
2655 5127 2885 5182 rudibus
2938 5134 2995 5181 ct
3054 5123 3321 5194 imperitis
3375 5120 3576 5176 animis

2004 5222 2153 5279 haud
2196 5237 2425 5292 prorsus
2457 5220 2683 5285 revelat,
2721 5217 2816 5274 sed
2871 5217 2978 5271 illis
3027 5215 3267 5270 maxime
3301 5213 3478 5268 lucem
3523 5220 3578 5267 et

2007 5314 2373 5386 cognitionem
2399 5310 2874 5379 iuiundit,quibus
2897 5307 2964 5362 ad
2989 5306 3307 5362 discendum
3334 5305 3578 5360 studium

2009 5414 2094 5464 est
2132 5404 2395 5467 alacrius,
2432 5411 2486 5458 et
2539 5403 2630 5472 qui
2671 5400 3017 5470 simplicibus
3075 5398 3430 5454 sermonibus
3472 5396 3582 5451 ini-

2009 5501 2148 5556 tium
2181 5496 2306 5552 tidei
2345 5496 2502 5567 192
2537 5495 2817 5567 parientes
2845 5493 2912 5548 ad
2951 5491 3340 5563 perfectiorum
3391 5490 3584 5560 cogni-

2009 5593 2213 5648 tionem
2240 5587 2550 5643 enituutur.
2583 5584 2770 5641 Talem
2799 5600 2861 5641 se
2888 5583 3050 5641 nobis
3072 5582 3293 5640 exhibet
3339 5579 3584 5636 Samari-

2007 5693 2156 5754 tana,
2185 5695 2306 5754 quae
2333 5680 2578 5738 crassius
2604 5679 2822 5751 quidem
2881 5693 3045 5752 quam
3096 5693 3193 5748 par
3229 5683 3348 5734 crat
3393 5673 3579 5732 divina
