4038 6210
462 245 569 304 315

1418 249 1477 306 S.
1508 249 1786 308 CYRILIJ
1823 249 2291 309 ALEXANDRINI
2329 251 2654 310 ARClllEP.

463 363 799 416 theoremata
839 362 1172 430 consideret,
1205 363 1255 420 ei
1277 371 1462 420 tamen
1496 366 1750 423 voluntas
1797 382 1906 422 non
1941 367 2033 423 de-

2140 367 2258 438 μὲν,
2276 369 2420 442 ἥπερ
2443 372 2633 443 ἐχρῆν,
2659 374 2766 439 τοῖς
2794 374 2964 438 ὅντως
2985 375 3153 444 θείοις
3178 380 3560 454 προσϐαλοῦσα
3585 387 3713 446 θεω-

465 452 590 518 fuit,
638 467 740 508 nec
778 452 1115 525 intelligendi
1159 455 1344 510 studio
1369 455 1531 526 plane
1564 459 1766 514 caruit.
1791 457 2034 516 Primum

461 543 613 599 enim
646 542 868 598 Christo
900 555 1088 614 potum
1119 547 1324 614 petenti
1359 562 1468 603 non
1495 550 1760 606 continuo
1791 550 2031 622 praebet:

466 635 562 690 sed
601 647 726 689 cum
791 634 1034 699 videret,
1088 648 1354 706 quantum
1423 638 1664 696 humano
1722 657 1875 699 more
1926 643 2036 700 dici

465 735 666 796 potest,
724 742 846 782 eum
903 727 1112 798 patrias
1167 739 1503 788 evertentem
1563 735 2032 803 consuetudines,

467 819 920 887 transgressionis
959 819 1115 889 prius
1138 823 1393 892 quaesivit
1425 825 1717 890 rationem,
1755 827 1859 882 hac
1887 829 2038 884 velut

465 908 837 964 admonitione
856 908 1148 968 Dominum
1179 913 1248 966 ad
1273 913 1326 969 id
1349 915 1737 984 explicandum
1768 918 2032 975 invitans.

465 1001 568 1066 Qui
602 1002 862 1065 litaenim,
900 1004 1096 1072 inquit,
1126 1013 1184 1059 ut
1216 1015 1297 1069 tu,
1328 1005 1553 1063 Judxus
1583 1024 1708 1062 cum
1744 1010 1846 1074 sis,
1879 1025 1910 1064 a
1943 1026 2036 1067 me

463 1104 650 1163 potum
677 1109 893 1164 quaeras
926 1093 1275 1150 Samaritana
1315 1099 1584 1156 muliere?
1606 1099 1741 1155 Cum
1767 1109 1946 1157 autem
1978 1103 2034 1157 in

463 1186 736 1241 sermonis
765 1201 1058 1256 progressu
1091 1189 1410 1258 prephetam
1447 1207 1571 1248 esse
1603 1208 1825 1263 quoque
1863 1193 2036 1249 conﬁ-

465 1283 692 1340 teretur,
723 1277 968 1332 salntare
1015 1278 1121 1332 sibi
1159 1280 1516 1349 pharmacum
1569 1284 1848 1354 arguendo
1881 1300 2034 1340 com-

462 1378 695 1433 parans,
739 1366 883 1420 aliud
917 1368 1233 1422 sciscitatur
1289 1369 1536 1427 discendi
1590 1373 1884 1438 desiderio,
1947 1374 2035 1431 his

465 1455 646 1510 verbis
680 1472 694 1510 :
733 1475 752 1508 ι
796 1457 989 1513 Patres
1036 1461 1211 1515 nostri
1253 1461 1307 1514 in
1341 1473 1525 1517 monte
1573 1464 1677 1518 hoc
1709 1463 2031 1533 adorarunt,

463 1556 517 1600 et
542 1561 640 1600 vos
683 1547 870 1603 dicitis
901 1564 1033 1604 “esse
1077 1551 1253 1604 locum
1281 1549 1660 1624 Jerosolymis,
1702 1555 1756 1609 in
1791 1570 1900 1624 quo
1939 1555 2036 1610 ad-

462 1650 625 1690 orare
667 1645 900 1704 oportet.
965 1656 984 1690 ι
1043 1636 1149 1692 Sed
1209 1654 1429 1695 rursum
1487 1642 1680 1696 didicit
1743 1653 2031 1700 venturqu

463 1726 811 1796 quandoque,
856 1727 966 1781 imo
991 1743 1124 1782 vero
1148 1727 1259 1798 jam
1288 1731 1483 1785 adesse
1515 1740 1752 1808 tempus,
1781 1749 1892 1802 quo
1917 1735 2033 1790 veri

464 1814 784 1871 adorator-es
819 1834 928 1872 non
983 1820 1222 1888 amplius
1258 1824 1313 1874 in
1344 1821 1578 1877 terrenis
1620 1825 1898 1879 montibus
1936 1825 2036 1880 ad-

463 1908 672 1962 oraturi
706 1917 855 1970 sunt.
873 1909 966 1964 sed
992 1911 1239 1964 altiorem
1261 1921 1316 1966 et
1343 1913 1641 1981 spiritalem
1671 1913 1781 1968 Deo
1806 1924 1860 1969 et
1887 1915 2034 1970 Patri

462 1999 669 2052 cultum
698 1999 950 2054 delatori.
985 2001 1082 2054 Illa
1117 2017 1244 2057 vero
1275 2002 1366 2056 uni
1395 2002 1614 2058 Christo
1650 2019 1950 2075 congruere
1981 2009 2035 2064 id

461 2091 668 2159 optime
708 2097 980 2153 statuens,
1029 2099 1084 2146 et
1134 2093 1417 2146 meliorem
1456 2095 1828 2162 cognitionem
1887 2097 2036 2154 illius

463 2183 802 2252 temporibus
850 2183 1160 2239 attribuens
1203 2202 1218 2238 :
1259 2202 1278 2236 ι
1338 2181 1592 2252 Scimus,
1631 2186 1854 2255 inquit,
1905 2189 2035 2258 quia

463 2271 695 2328 Messias
728 2275 894 2337 venit,
929 2275 1022 2343 qui
1055 2273 1260 2329 dicitur
1316 2273 1593 2332 Christus.
1651 2277 1788 2332 Cum
1824 2280 2036 2335 venerit

461 2363 572 2424 ille,
603 2367 951 2424 annuntiabit
979 2365 1139 2419 nobis
1169 2367 1373 2420 omnia.
1411 2385 1432 2419 ι
1486 2365 1677 2424 Cernis
1730 2384 1838 2439 quo
1875 2379 2035 2440 pacto

456 2452 570 2522 jam
595 2464 845 2524 prompta
875 2463 958 2510 est
989 2455 1058 2510 ad
1090 2455 1424 2511 credendum
1455 2459 1802 2524 muliercula,
1829 2469 1884 2516 et
1912 2462 2037 2532 qui-

460 2541 689 2596 busdam
717 2544 875 2613 quasi
905 2543 1169 2614 gradibus
1219 2560 1286 2598 ex
1318 2545 1504 2615 parvis
1533 2548 1932 2616 quaestionibus
1965 2550 2034 2605 ad

451 2632 836 2690 sublimiorem
859 2643 1063 2692 statum
1082 2635 1300 2692 demum
1327 2638 1565 2706 prosilit.
1594 2640 1783 2708 Operm
1798 2642 2032 2710 pretium

457 2734 577 2780 erat
609 2727 776 2798 igitur
822 2736 882 2783 ut
942 2729 992 2784 ei
1047 2730 1396 2798 planioribus
1452 2731 1684 2786 vocibus
1731 2733 2034 2801 explicaret

459 2817 607 2886 quod
644 2819 879 2887 petebat,
935 2827 990 2874 et
1035 2819 1180 2888 quod
1229 2819 1285 2872 in
1341 2821 1546 2888 optima
1582 2835 1679 2888 spe
1732 2822 2033 2890 repositum

457 2916 600 2971 erat,
641 2909 712 2962 ob
744 2909 937 2964 oculos
991 2909 1041 2965 ei
1095 2918 1324 2980 poneret
1369 2910 1643 2967 dicendo:
1685 2932 1704 2965 ι
1747 2911 1862 2982 Ego
1910 2929 2030 2968 sum

455 2997 555 3066 qui
591 2997 788 3066 loquor
821 3004 1023 3052 tecum.
1063 3015 1083 3049 ι
1121 2998 1201 3053 llli
1251 3014 1382 3071 ergo
1435 3000 1638 3070 quibus
1687 3001 1922 3058 docendi
1975 3003 2029 3058 in

461 3086 708 3144 ecclesiis
759 3101 893 3142 cura
920 3098 1003 3144 est
1045 3090 1384 3156 concredita,
1430 3094 1726 3165 neophytis
1755 3097 2030 3151 ruminari

458 3175 650 3232 sinant
679 3169 985 3234 doctrinam
1014 3183 1571 3254 catecheseos,atque
1598 3185 1670 3238 ita
1707 3184 1926 3241 demum
1951 3186 2033 3244 eis

458 3269 644 3324 Iesum
686 3271 1001 3339 ostendant,
1031 3288 1060 3327 a
1103 3276 1288 3345 parvis
1324 3275 1503 3331 initiis
1537 3277 1605 3332 ad
1653 3277 2033 3348 perfectiorem

461 3360 583 3415 lidei
612 3362 983 3431 cognitionem
1011 3379 1106 3420 eos
1137 3365 1455 3424 evehentes.
1489 3367 1596 3434 Qui
1623 3379 1807 3425 autem
1841 3371 2034 3427 alieni-

455 3465 650 3520 genam
689 3451 935 3523 adeoque
984 3457 1327 3528 proselytum
1379 3461 1624 3529 rapiunt,
1671 3470 1726 3517 et
1755 3461 1814 3517 in
1852 3461 2034 3519 taber-

456 3542 714 3596 naculum
764 3543 995 3602 interius
1050 3547 1316 3615 inferunt,
1363 3550 1646 3622 il|0tisque
1679 3553 1860 3608 adhuc
1911 3569 2029 3610 ma-

459 3633 620 3690 nibus
641 3650 840 3707 agnum
869 3639 1181 3697 sacriﬁcare
1205 3643 1554 3711 permittunt,
1577 3653 1744 3715 atque
1767 3646 2030 3718 dignitate

455 3725 785 3782 sacerdotali
822 3731 1066 3786 nondum
1112 3733 1166 3787 in
1195 3733 1303 3789 [ide
1329 3735 1608 3791 eruditum
1639 3749 1926 3805 coronant,
1959 3741 2028 3798 ad
2055 3807 2064 3815 ,

455 3829 680 3883 magnas
737 3820 985 3877 rationes
1015 3821 1327 3878 reddendas
1361 3823 1421 3880 in
1447 3825 1536 3881 die
1559 3826 1756 3898 judicii
1786 3844 1847 3886 se
1885 3845 2027 3901 prae-

455 3916 665 3974 parent.
702 3907 814 3966 Hoc
842 3912 988 3967 enim
1020 3914 1153 3969 mihi
1183 3915 1267 3972 vel
1297 3916 1505 3974 dixisse
1533 3920 1670 3975 satis
1703 3928 1810 3977 est.

2137 460 2398 532 ρήμασιν,
2432 462 2493 516 οὑ
2536 463 2644 534 μὴν
2673 464 2768 519 τοῦ
2815 465 3097 536 βούλεσθαί
3124 487 3178 524 τι
3219 472 3314 526 καὶ
3352 477 3496 530 νοεῖν
3524 476 3714 548 tiquit-

2138 549 2322 619 σμένη
2344 551 2642 642 παντελῶς.
2665 554 2890 626 Πρῶτον
2923 557 3024 628 μὲν
3045 559 3155 632 γὰρ
3177 561 3460 634 αἰτήσαντι
3491 567 3571 639 τῷ
3586 571 3715 642 Χρι-

2137 637 2248 708 στῷ
2272 638 2335 692 τὸ
2385 641 2569 708 ποτὸν,
2605 644 2912 717 προχείρως
2937 649 3000 701 οὑ
3042 649 3226 705 δίδωσι
3245 668 3261 684 ο
3290 637 3714 726 παραλύοντατδέ

2136 744 2274 792 πως,
2305 729 2427 783 ὅσον
2456 725 2592 803 ἧκεν
2633 734 2990 806 ἀνθρωπίνως
3018 740 3225 807 εἰπεῖν,
3256 742 3356 808 τὰς
3388 747 3716 821 ἐπιχωρίους

2134 816 2245 871 τῶν
2306 818 2572 877 Ἰουδαίων
2631 825 2920 894 συνηθείας
2969 829 3385 906 καταθεωμένη,
3430 816 3580 902 τάδε’
3615 840 3717 912 τῆς

2136 912 2502 984 παραϐάσεως
2529 916 2924 990 προσανεζήτει
2943 920 3154 987 λόγους,
3189 929 3473 999 μονονουχὶ
3502 929 3593 985 διὰ
3617 933 3719 1005 τῆς
3831 933 3838 938 ’

2136 1003 2498 1076 ὑπομνήσεως
2526 1009 2607 1072 είς
2631 1007 2891 1080 ἐξήγησιν
2923 1013 3161 1070 καλοῦσα
3207 1017 3299 1072 τὸν
3340 1019 3567 1093 Κύριον.
3592 1003 3718 1091 Πιῦς

2135 1098 2245 1166 γὰρ
2263 1097 2347 1161 σὺ,
2383 1099 2567 1166 φησὶν,
2617 1101 2871 1167 Ἰουδαῖος
2901 1103 2977 1158 ὣν
3005 1105 3136 1178 παρ’
3167 1108 3304 1176 ἐμοῦ
3343 1113 3488 1165 πιεῖν
3521 1114 3715 1181 αίτεῖς,

2135 1185 2392 1252 γυναικὸς
2440 1188 2828 1260 Σαμαρείτιδος
2879 1192 3080 1266 οὑσης;
3120 1196 3338 1269 Ἐπειδὴ
3387 1199 3446 1252 δὲ
3475 1201 3572 1255 τοῦ
3614 1203 3716 1274 τῆς

2137 1278 2490 1364 κατηχήσεως
2515 1282 2797 1352 προϊόντος
2817 1284 3002 1355 λόγου,
3023 1288 3120 1341 καὶ
3141 1293 3427 1363 προφήτην
3447 1294 3714 1364 ὡμολόγει

2137 1362 2274 1421 εἶναι
2309 1370 2527 1435 λοιπὸν,
2558 1373 2850 1444 φάρμακον
2897 1377 2976 1440 είς
3027 1380 3302 1450 σωτηρίαν
3350 1362 3594 1439 λαϐοῦσα
3623 1386 3728 1442 τὸν

2137 1457 2377 1528 ἔλεγχον,
2409 1460 2605 1532 ἑτέραν
2649 1464 2800 1534 αὑτῷ
2848 1467 3090 1538 προσῆγε
3127 1471 3227 1539 τὴν
3263 1470 3455 1526 πεῦσιν
3484 1474 3714 1543 λέγουσα

2139 1549 2480 1619 φιλομαθῶς·
2523 1571 2540 1603 ι
2583 1553 2647 1607 Ol
2703 1555 2940 1625 πατέρες
2978 1559 3133 1628 ἡμῶν
3172 1562 3230 1614 ὲν
3273 1561 3353 1632 τῷ
3393 1563 3510 1634 ὄρει
3546 1566 3714 1636 τούτῳ

2137 1639 2569 1711 προσεκύνησαν,
2600 1645 2694 1696 καὶ
2719 1646 2872 1714 ὑμεῖς
2897 1645 3104 1715 λέγετε,
3140 1649 3221 1703 ὅτι
3255 1652 3714 1725 ὲνἹεροσολύμοις

2137 1731 2282 1784 ἐστὶν
2307 1730 2336 1782 6
2360 1732 2543 1799 τόπος,
2573 1735 2707 1788 ὅπου
2727 1741 3048 1800 προσκυνεῖν
3077 1740 3176 1794 δεῖ.
3193 1761 3210 1793 ι
3253 1742 3393 1796 Ἀλλ’
3406 1745 3716 1800 ἐδιδάσκετο

2135 1821 2294 1876 τοῦτο
2321 1824 2503 1892 πάλιν,
2543 1826 2619 1890 ὡς
2649 1827 2768 1898 ήξει
2799 1831 2949 1895 ποτὲ,
2987 1832 3190 1900 μᾶλλον
3222 1834 3279 1887 δὲ
3306 1835 3406 1906 ἤδη
3448 1837 3714 1909 πάρεστιν

2135 1915 2164 1967 6
2203 1916 2428 1986 καιρὸς,
2468 1917 2591 1971 καθ’
2637 1918 2696 1972 ὃν
2745 1921 2796 1973 οἱ
2845 1921 3090 1990 ἀληθινοὶ
3135 1929 3511 1997 προσκυνηταὶ
3546 1929 3608 1982 τὸ
3653 1931 3714 1985 ὲν

2135 2005 2285 2076 ὄρεσι
2334 2008 2447 2070 τοῖς
2495 2009 2588 2061 ἐπὶ
2633 2009 2738 2077 γῆς
2785 2016 3110 2081 προσκυνεῖν
3158 2017 3580 2087 παρωσάμενοι,
3613 2019 3716 2091 τὴν

2137 2095 2472 2168 ὑψηλοτέραν
2510 2099 2604 2152 καὶ
2653 2101 2711 2154 ἐν
2759 2101 3030 2172 πνεύματι
3067 2104 3322 2175 λατρείαν
3365 2110 3714 2179 προσοίσουσι

2135 2185 2214 2256 τῷ
2251 2186 2370 2258 Θεῷ
2403 2188 2498 2242 καὶ
2529 2191 2726 2261 Πατρί.
2749 2192 2911 2262 Μόνῳ
2947 2193 3005 2247 δὲ
3035 2195 3266 2266 πρέπειν
3294 2199 3554 2254 ἀναθεῖσα
3591 2201 3717 2257 κάλρ

2135 2275 2292 2330 λιστα
2332 2278 2410 2350 τῷ
2436 2280 2678 2352 Χριστῷ,
2711 2282 2805 2335 καὶ
2832 2282 2931 2354 τὴν
2965 2286 3058 2338 ἐπὶ
3085 2289 3198 2350 τοῖς
3241 2288 3488 2359 ἀμείνοσι
3513 2291 3715 2361 γνῶσιν

2135 2369 2245 2432 τοῖς
2283 2371 2489 2426 ἐκείνου
2519 2373 2731 2442 χρόνοις
2761 2375 3069 2446 τηρήσασα,
3098 2398 3116 2430 ι
3143 2377 3402 2450 Οἴδαμεν,
3435 2383 3716 2453 φησὶνςότι

2135 2459 2380 2526 Μεσσίας
2426 2462 2644 2534 ἔρχεται
2678 2467 2707 2519 6
2759 2465 3050 2538 λεγόμενος
3076 2469 3332 2541 Χριστός.
3362 2473 3530 2527 Ὅταν
3584 2474 3714 2547 ἔλθῃ

2136 2552 2363 2637 ἐκεῖνος,
2396 2554 2690 2624 ἀναγγελεῖ
2725 2558 2854 2628 ἡμῖν
2885 2560 3081 2615 πάντα.
3105 2580 3125 2614 ι
3157 2562 3324 2634 Ὀρᾷς
3353 2564 3502 2630 ὅπως
3521 2566 3623 2637 ἤδη
3653 2567 3718 2620 τὸ

2135 2632 2354 2714 γύνᾶιον
2387 2647 2651 2719 εὑτρεπὲς
2685 2651 2767 2714 είς
2799 2650 2859 2705 τὸ
2893 2653 3167 2709 πιστεύειν
3194 2632 3462 2726 ἐγίγνετο,
3492 2632 3586 2713 καὶ
3607 2632 3716 2713 ιῗισ-

2135 2751 2241 2807 περ
2294 2739 2415 2792 me
2467 2739 2694 2811 βαθμῶν
2743 2743 3110 2800 ἀναϐαίνουσα
3164 2747 3330 2814 θέσιν,
3382 2750 3448 2804 ὲκ
3502 2751 3715 2822 μικρῶν

2135 2829 2504 2900 ἐρωτημάτων
2554 2833 2637 2897 είς
2682 2834 3020 2908 ὑψηλοτέραν
3077 2839 3190 2904 ἕξιν
3235 2841 3505 2913 ἀναπηδᾷ.
3564 2844 3715 2898 Ἔδει

2132 2919 2312 2973 τοίνυν
2339 2921 2476 2993 αὑτῇ
2495 2926 2869 3004 τρανωτέραις
2893 2929 2990 2998 μὲν
3015 2929 3116 3002 ήδη
3141 2935 3346 2999 φωναῖς
3365 2934 3717 3004 ἀπογυμνοῦν

2133 3012 2194 3065 τὸ
2245 2999 2599 3085 ποθούμενόν,
2633 3017 2692 3071 τὸ
2721 3019 2776 3072 δὲ
2807 3021 2865 3073 ὲν
2911 2999 3114 3076 ἐλπίσιν
3138 3022 3444 3094 σωζόμενον
3486 2999 3717 3093 ἀγαθαῖς

2131 3104 2488 3174 παρατιθέναι
2523 3106 2708 3162 λοιπὸν
2747 3111 2807 3165 ὲν
2849 3112 2969 3182 ὄψει
3002 3113 3230 3184 λέγοντα
3263 3133 3277 3147 ο
3309 3135 3328 3170 ι
3377 3117 3520 3187 Ἐγώ
3547 3117 3664 3188 εἰμι
3686 3120 3718 3173 6

2130 3195 2306 3250 λαλῶν
2329 3213 2432 3250 σοι.
2459 3215 2478 3249 ι
2529 3199 2964 3271 Ἐπιτρεπόντων
2997 3206 3289 3277 τοιγαροῦν
3310 3211 3422 3273 τοῖς
3439 3209 3714 3280 νεήλυσιν,

2129 3288 2179 3339 οί
2203 3285 2263 3340 τὸ
2287 3287 2663 3344 διδασκαλικὸν
2683 3292 2743 3344 ὲν
2763 3292 3083 3364 ἐκκλησίαις
3110 3297 3325 3368 ἔχοντες
3351 3299 3712 3370 ἐπιτήδευμα.

2129 3378 2221 3432 τὸν
2262 3379 2364 3449 τῆς
2416 3381 2774 3451 κατηχήσεως
2821 3385 3244 3456 ἀναμασσᾶσθαι
3282 3389 3459 3459 λόγον,
3487 3389 3714 3445 οῦτωτε

2129 3469 2311 3524 λοιπὸν
2342 3472 2802 3528 καταδεικνύντων
2835 3477 3019 3542 αὑτοῖς
3042 3480 3132 3534 τὸν
3168 3481 3396 3552 Ἰησοῦν,
3417 3484 3482 3537 ὲκ
3509 3484 3713 3554 μικρᾶς

2131 3561 2509 3633 παιδαγωγίας
2559 3563 2652 3618 ἐπὶ
2704 3565 2803 3637 τὴν
2861 3569 3250 3642 ἐντελεστέραν
3313 3573 3415 3643 τῆς
3475 3574 3713 3640 πίστεως

2128 3653 2552 3718 ἀνασιὸἀζοντες
2576 3654 2797 3723 γνῶσιν.
2823 3658 2887 3711 Οἱ
2921 3658 2978 3712 δὲ
3016 3658 3108 3713 τὸν
3138 3661 3402 3733 ἀλλογενῆ
3446 3665 3542 3717 καὶ
3566 3663 3713 3718 οὑτω

2131 3745 2470 3818 προσήλυτον
2517 3745 2890 3817 ἀρτιάζοντες,
2920 3750 3016 3804 καὶ
3065 3752 3274 3823 σκηνῆς
3324 3754 3422 3824 μὲν
3448 3756 3578 3808 εῖσω
3610 3756 3714 3827 τῆς

2129 3836 2404 3908 ἑσωτέρας
2433 3835 2769 3907 ποιούμενοι,
2800 3837 2948 3893 θύειν
2973 3839 3030 3894 δὲ
3058 3841 3303 3908 ἀνίπτοις
3331 3843 3414 3897 ἔτι
3437 3842 3593 3916 χερσὶ
3620 3842 3716 3898 τὸν

2131 3928 2304 3998 ἀμνὸν
2328 3929 2735 3999 ἐπιτρέποντες,
2762 3930 2955 4003 καὶτῷ
2975 3932 3075 4002 τῆς
3105 3933 3404 4006 ἱερωσύνης
3447 3934 3714 3989 καταστέ-

453 4017 643 4070 φοντες
674 4004 954 4077 ἀξιώματι·
979 4009 1071 4065 τὸν
1113 4009 1266 4066 οὔπω
1295 4014 1704 4086 κατηχούμενον
1727 4055 1742 4082 ,
1765 4019 1902 4090 πρὸς
1935 4022 2203 4091 μεγάλους
2262 4028 2322 4079 ὲν
2374 4026 2560 4099 ἡμέρᾳ
2627 4027 2861 4099 κρίσεως
2934 4004 3436 4100 εὑτρεπιζέσθωσαν
3495 4029 3717 4100 λόγους.

466 4093 650 4165 Ἀρκεῖ
687 4098 796 4169 γάρ
830 4117 918 4170 μοι
948 4102 1108 4158 τοῦτο
1153 4105 1246 4160 καὶ
1282 4108 1442 4177 μόνον
1470 4110 1665 4164 εἰπεῖν.

491 4187 647 4261 193
677 4191 766 4255 IV,
796 4194 886 4252 27.
927 4195 992 4251 Et
1020 4201 1267 4256 continuo
1295 4212 1541 4257 venerunt
1570 4203 1820 4273 discipuli
1855 4208 1990 4277 ejus.

524 4277 713 4334 Finem
749 4287 936 4339 attulit
982 4291 1259 4360 colloquio
1296 4307 1419 4346 cum
1465 4294 1695 4352 muliere
1727 4297 2031 4369 discipulo-

450 4383 575 4422 rum
612 4376 923 4438 praesentia.
972 4377 1106 4435 Silet
1138 4381 1285 4436 enim
1333 4384 1599 4455 deinceps
1647 4387 1924 4450 Christus,
1973 4401 2028 4444 et

453 4458 628 4512 calida
683 4459 808 4515 ﬁdei
857 4465 1096 4521 scintilla
1131 4469 1494 4530 Samaritanis
1531 4476 1725 4544 indita,
1769 4495 2023 4549 magnum

451 4551 655 4605 excitat
691 4553 1028 4614 incendium.
1072 4560 1183 4614 Hoc
1214 4565 1375 4618 modo
1405 4567 1732 4636 capiendum
1771 4582 1856 4626 est
1879 4574 2024 4640 quod

453 4640 524 4695 ab
560 4645 679 4712 ipso
707 4645 942 4700 dicitur:
977 4667 996 4700 ι
1041 4651 1225 4722 ignem
1264 4657 1391 4710 veni
1433 4659 1649 4714 mittere
1690 4660 1744 4716 in
1795 4670 2022 4728 terram,

453 4741 509 4790 et
535 4736 669 4806 quid
698 4738 822 4794 volo
858 4741 965 4797 nisi
993 4751 1054 4796 ut
1081 4745 1272 4799 ardeat
1303 4747 1364 4800 εἳ
1399 4767 1418 4799 υ

524 4910 616 4981 ιν,
643 4913 734 4971 27.
769 4914 840 4970 Et
863 4918 1202 4973 mirabantur
1227 4923 1358 4992 quia
1387 4939 1506 4977 cum
1532 4925 1751 4980 muliere
1781 4927 2026 4998 loqueba-

453 5012 564 5059 tur.

525 5093 762 5154 Rursum
836 5100 1092 5172 discipuli
1157 5102 1462 5163 Salvatoris
1520 5109 1914 5180 benignitatem
1976 5123 2030 5170 et

451 5185 841 5247 demissionem
883 5193 1030 5247 illam
1070 5199 1290 5252 attoniti
1353 5200 1645 5256 mirantur.
1703 5201 1823 5257 Non
1877 5204 2023 5260 enim

2205 4209 2313 4264 Καὶ
2343 4209 2442 4263 ἐπὶ
2473 4209 2664 4274 τούτῳ
2694 4205 2886 4279 ἦλθον
2911 4213 2966 4264 οἱ
2988 4208 3246 4278 μαθηταί
3272 4209 3481 4264 αὑτοῦ.

2206 4298 2372 4362 Τέλος
2400 4297 2508 4351 τῶν
2544 4296 2683 4368 πρὸς
2721 4293 2820 4367 τὴν
2848 4299 3079 4366 γυναῖκα
3120 4297 3316 4367 λόγων,
3341 4301 3374 4371 ἡ
3404 4299 3512 4354 τῶν
3539 4301 3715 4372 μαθη-

2061 4424 2104 4478 D
2131 4388 2240 4443 τῶν
2272 4388 2568 4459 παρουσία.
2594 4387 2784 4457 Σιωπᾷ
2810 4385 2919 4457 γὰρ
2938 4385 3129 4478 ,λοιπὸν
3155 4389 3183 4441 ὁ
3217 4388 3469 4460 Χριστὸς,
3507 4389 3713 4444 καὶτὸν

2135 4480 2334 4551 θερμὸν
2377 4480 2477 4550 τῆς
2517 4477 2754 4541 πίστεως
2797 4477 3069 4548 σπινθῆρα
3118 4478 3481 4550 Σαμαρείταις
3513 4478 3710 4544 ἐνθεὶς,

2133 4571 2418 4642 ἐπιτρέπει
2467 4571 2586 4633 ταῖς
2634 4570 2903 4623 ὲνδόσεσιν
2955 4571 3036 4632 είς
3095 4569 3337 4640 μεγάλην
3384 4569 3712 4636 ἐξάπτεσθαι

2132 4664 2326 4735 φλόγα.
2379 4661 2538 4716 Οὕτω
2595 4662 2807 4731 νοήσεις
2865 4661 2924 4715 τὸ
2984 4661 3113 4733 παρ’
3174 4661 3340 4715 αὑτοῦ
3400 4662 3710 4734 λεγόμενονο

2139 4776 2157 4808 ι
2189 4757 2304 4828 Πῦρ
2339 4744 2503 4827 ἦλθον
2533 4752 2716 4822 βαλεῖν
2754 4751 2848 4804 ἐπὶ
2883 4752 2984 4824 τὴν
3012 4754 3136 4825 γῆν,
3170 4753 3266 4809 καὶ
3288 4754 3342 4807 τί
3366 4753 3507 4810 θέλω
3535 4755 3583 4808 εί
3609 4756 3713 4828 ήδη

2132 4848 2345 4917 ἀνήφθη
2363 4864 2378 4912 ;
2417 4864 2434 4897 ι

2203 4939 2312 4993 Kal
2343 4935 2692 5007 ἐθαύμαζον,
2717 4937 2806 4990 ὅτι
2827 4935 2980 5007 μετὰ
3002 4935 3286 5007 γυναικὸς
3311 4937 3538 4994 ἐλάλει.

2196 5112 2680 5183 Καταπλήττονται
2727 5112 2890 5167 πάλιν
2936 5113 2987 5165 οἱ
3032 5112 3269 5185 μαθηταὶ
3316 5112 3412 5167 τοῦ
3461 5115 3714 5186 Σωτῆρος

2125 5205 2227 5276 τὴν
2265 5205 2577 5277 ἡμερότητα
2604 5243 2620 5269 ,
2654 5206 2748 5258 καὶ
2780 5205 2870 5257 τὸν
2926 5205 3216 5276 ὑφειμένον
3261 5202 3717 5277 ἀποθαυμάζουσι

455 5285 516 5332 ut
544 5284 793 5337 nonnulli
823 5285 1116 5344 immodice
1152 5290 1414 5361 religione
1442 5292 1652 5363 ell'erati
1681 5295 2020 5366 colloquium

2133 5299 2348 5368 τρόπον.
2387 5297 2461 5350 Οὑ
2500 5295 2608 5366 γὰρ
2637 5295 2700 5368 δὴ
2731 5295 2873 5350 κατά
2897 5313 3051 5360 τινας
3085 5296 3194 5350 τῶν
3223 5298 3309 5351 ἐπ’
3342 5298 3597 5369 ἀκράτοις
3620 5298 3718 5352 εὑ-

454 5381 580 5422 cum
635 5374 864 5430 muliere
917 5388 1224 5448 aversatur,
1277 5384 1374 5439 sed
1422 5385 1479 5440 in
1527 5403 1718 5444 omnes
1758 5389 2023 5460 expandit

2133 5389 2371 5453 λαϐείαις
2419 5389 2814 5458 ἠγριωμένων,
2867 5387 2964 5460 τὴν
3015 5389 3150 5460 πρὸς
3196 5391 3430 5458 γυναῖκα
3479 5387 3714 5453 διάλεξιν

455 5471 608 5512 suam
631 5466 1128 5537 mansuetudinem,
1154 5487 1327 5543 eaque
1357 5490 1417 5531 re
1447 5479 1686 5534 ostendit
1723 5481 1869 5551 quod
1893 5497 2017 5538 cum

2133 5480 2480 5552 ἁποφρίττειν
2513 5479 2673 5548 ἀξιοῖ,
2709 5478 2934 5545 ὲξαπλοῖ
2977 5480 3033 5534 δὲ
3063 5483 3142 5546 εἰς
3181 5481 3427 5544 ἅπαντας
3458 5481 3556 5551 τὴν
3585 5478 3712 5552 φιλ-

534 5619 554 5648 ⁸
587 5631 705 5690 Luc
762 5653 858 5702 xu,
881 5640 967 5696 49.
