4038 6210
332 227 441 284 517

1359 223 1428 282 IN
1465 223 1754 284 JOANNIS
1794 221 2248 287 EVANGELIUM
2288 227 2420 285 LIB.
2449 225 2518 285 ll.

3498 227 3606 285 318

330 337 690 412 ανθρωπίαν,
713 337 811 392 καὶ
855 337 923 390 δι’
957 335 1126 390 αὐτοῦ
1159 335 1395 392 δεικνύει
1431 336 1528 391 τοῦ
1574 338 1910 409 πράγματος,

2027 355 2172 398 unus
2215 315 2443 397 omnino
2481 339 2557 397 sit
2595 338 2776 410 opifex
2811 353 2923 395 non
2968 339 3105 396 solis
3132 338 3270 395 viris
3301 339 3470 407 vitam
3503 357 3606 413 per

327 431 413 484 δτι
459 429 526 499 δὴ
556 428 775 492 πάντως
827 420 909 490 εἷς
941 426 1203 496 ὑπάρχων
1232 425 1586 498 δημιουργὸς,
1630 427 1690 480 οὐ
1743 426 1922 497 μόνοις

327 521 563 593 ἀνδράσι
595 521 698 589 τὴν
737 518 826 574 διὰ
869 519 1108 582 πίστεως
1138 519 1403 590 ἀπονέμει
1455 518 1632 591 ζωὴν,
1664 518 1802 573 ἀλλὰ
1828 519 1924 574 καὶ

324 613 393 667 τὸ
425 613 562 684 θῆλυ
606 612 746 682 πρὸς
793 611 968 681 αὐτὴν
1013 609 1306 682 σαγηνεύει
1350 611 1527 679 γένος.
1581 609 1924 681 Κερδαινὲτω

328 703 499 758 πάλιν
546 705 644 758 καὶ
675 703 850 757 ’τοῦτο
902 703 1041 773 πρὸς
1091 702 1462 773 ὑπογραμμὸν
1493 703 1522 754 ὁ
1550 701 1818 756 διδάσκων
1863 703 1922 756 ὲν

324 793 676 863 ἐκκλησίαις,
722 791 816 846 καὶ
864 791 938 862 μὴ
974 791 1348 862 παραπείσθω
1380 792 1643 858 γυναῖκας
1667 789 1919 860 ὠφελεῖν.

325 885 404 939 Οὐ
445 885 555 955 γὰρ
595 885 864 953 θελήμασι
894 885 1006 946 τοῖς
1045 883 1218 946 ἰδίοις,
1249 881 1386 936 ἀλλὰ
1415 883 1481 952 τῇ
1508 881 1601 935 τοῦ
1631 881 1922 954 κηρύγμα-

324 993 420 1039 τος
457 976 618 1046 χρείᾳ
644 975 726 1026 δεῖ
754 974 975 1036 πάντως
1003 973 1337 1028 ἀκολουθεῖν.
1745 1016 1753 1024 κ

400 1067 617 1133 οὐδεὶς
660 1066 870 1136 μέντοι
920 1062 1051 1120 εἷπε
1075 1082 1089 1095 ·
1138 1065 1200 1120 Τί
1235 1064 1449 1132 λαλεῖς
1471 1107 1486 1132 ,
1521 1065 1560 1134 ἢ
1613 1065 1672 1120 τί
1731 1064 1920 1133 ζητεῖς

313 1159 450 1228 μετ’
475 1155 669 1224 αὐτῆς
694 1173 714 1218 ;
1698 1153 1706 1160 ’

397 1247 678 1317 Μαθητῶν
706 1243 773 1318 ἦν
798 1245 958 1317 ἔργον
994 1245 1402 1317 ἐπιστημόνων,
1427 1247 1523 1300 καὶ
1548 1246 1647 1317 τὴν
1678 1245 1920 1316 πρέπου-

320 1356 428 1392 σαν
479 1338 557 1406 τῷ
612 1337 918 1406 διδασκάλῳ
966 1337 1134 1407 τιμὴν
1177 1337 1503 1408 περισώζειν
1550 1337 1804 1401 εἰδότων,
1843 1337 1919 1408 μὴ

320 1433 646 1500 περιέργοις
677 1430 1011 1500 ἐρωτήσεσιν
1047 1431 1128 1492 εἰς
1160 1429 1425 1492 ἐκτύπους
1461 1429 1638 1482 δοκεῖν
1665 1429 1920 1491 ὑπονοίας

319 1520 656 1590 ἀποδημεῖν,
694 1520 777 1572 ὅτι
815 1519 955 1589 μετὰ
987 1520 1246 1586 γυναικὸς
1289 1519 1490 1583 ἐλάλει,
1518 1519 1657 1572 αἰδοῖ
1687 1521 1744 1573 δὲ
1779 1520 1918 1589 μᾶλ-

316 1611 437 1672 λον,
464 1611 558 1662 καί
588 1610 738 1680 φόϐῳ
769 1610 867 1680 τὴν
915 1610 1014 1680 μὲν
1039 1611 1290 1678 γλῶτταν
1321 1611 1526 1680 εἴργειν
1573 1611 1801 1666 ὀδόντων
1837 1613 1916 1664 ὲν·

2025 431 2186 488 iidem
2215 432 2428 499 tribuit,
2466 430 2574 488 sed-
2601 439 2656 486 et
2681 429 2979 487 femineum
3009 446 3183 502 genus
3215 431 3283 485 ad
3315 446 3436 486 eam
3463 446 3602 488 con-

2023 526 2211 580 vertit.
2270 522 2388 579 Hoc
2419 523 2521 580 sibi
2554 535 2750 578 rursus
2781 522 3092 593 exemplum
3137 522 3334 577 habeat
3367 523 3603 592 quicun-

2023 631 2131 685 que
2167 615 2412 671 doctoris
2441 621 2626 686 partes
2656 614 2769 684 agit
2805 614 2860 668 in
2897 613 3172 677 ecclesiis,
3212 628 3312 669 nec
3338 613 3604 683 prodesse

2023 712 2222 760 renuat
2277 705 2626 761 mulieribus.
2673 705 2791 760 Non
2839 705 2985 760 enim
3030 705 3368 760 voluntatem
3421 718 3601 774 suam,

2023 796 2120 852 sed
2156 797 2567 866 praedicationis
2600 797 2894 852 utilitatem
2925 796 3084 868 sequi
3111 803 3349 867 oportet.

2094 1064 2186 1131 IV,
2222 1064 2312 1119 27.
2344 1063 2514 1118 Nemo
2545 1073 2721 1119 tamen
2744 1063 2922 1119 dixit:
2960 1063 3104 1130 Quid
3143 1063 3336 1134 quieris
3363 1061 3601 1134 autquid

2022 1158 2249 1227 loqueris
2274 1174 2392 1210 cum
2424 1157 2520 1210 illa
2537 1158 2564 1211 ἶ)

2091 1249 2451 1304 Prudentium
2485 1249 2884 1318 discipulorum
2937 1256 3078 1314 erat,
3107 1256 3162 1303 et
3206 1247 3470 1318 magistro
3499 1246 3597 1303 de-

2020 1341 2196 1395 bitum
2247 1341 2510 1396 honorem
2547 1341 2910 1402 servantium,
2939 1355 3051 1394 non
3107 1340 3404 1409 superiluis
3449 1355 3600 1410 quae-

2021 1433 2295 1488 stionibus
2334 1434 2387 1486 in
2423 1432 2696 1488 absurdas
2739 1432 3084 1500 suspiciones
3115 1431 3268 1485 abire
3295 1431 3445 1501 quod
3473 1446 3601 1486 cum

2020 1527 2251 1581 muliere
2290 1526 2641 1594 loqueretur,
2691 1523 2787 1578 sed
2846 1523 3058 1592 pudore
3109 1524 3293 1592 potius
3342 1538 3407 1578 ac
3450 1530 3599 1578 metu

2021 1615 2266 1684 linguam
2325 1615 2469 1668 intra
2517 1614 2708 1668 dentes
2752 1613 3120 1678 concludere,
3173 1621 3228 1667 et
3277 1619 3601 1680 exspectare

317 1703 439 1765 τὸς,
469 1700 783 1771 περιμένειν
805 1701 860 1753 δὲ
893 1700 1093 1770 μᾶλλον
1123 1700 1526 1767 αὐτομολοῦντα
1558 1701 1692 1772 πρὸς
1723 1702 1910 1771 λόγους

2014 1707 2142 1759 dum
2193 1706 2456 1772 magister
2482 1705 2826 1772 loqueretur,
2865 1703 3095 1772 ejusque
3139 1702 3217 1757 rei
3257 1716 3482 1755 causam
3519 1701 3601 1754 ul-

313 1791 414 1844 τδν
450 1792 672 1861 κύριον,
706 1792 800 1843 καὶ
849 1790 1155 1844 ἐθελούσιον
1189 1792 1371 1854 αὐτοῖς
1423 1791 1766 1861 περιτιθέντα
1814 1791 1913 1864 τὴν

319 1884 608 1954 ἐξήγησιν.
661 1885 1014 1954 Θαυμαστέον
1070 1884 1360 1953 τοιγαροῦν
1426 1887 1514 1940 διὰ
1568 1887 1774 1942 τούτων
1826 1889 1913 1957 ἐφ’

316 1978 620 2047 ἡμερότητι
645 1977 744 2046 μὲν
767 1977 858 2029 τὸν
891 1977 1148 2046 Χριστὸν,
1167 1979 1258 2030 ἐπὶ
1290 1979 1344 2030 δὲ
1371 1979 1530 2050 σοφίᾳ
1574 1980 1668 2032 καὶ
1701 1980 1912 2034 συνέσει

315 2070 446 2130 τοὺς
482 2069 752 2138 μαθητὰς,
784 2068 877 2120 καὶ
919 2071 985 2138 τῇ
1017 2068 1109 2120 τοῦ
1139 2069 1444 2139 πρέποντος
1472 2069 1698 2139 γνώσει.

402 2159 666 2227 ’ἐφῆκεν
721 2156 837 2214 οὖν
884 2161 1000 2227 τὴν
1038 2161 1252 2229 ὑδρίαν
1280 2161 1472 2231 αὐτῆς
1510 2164 1548 2232 ή
1594 2163 1773 2232 γυνὴ,
1809 2165 1910 2218 καί

313 2249 597 2319 ἀπῆλθεν
618 2253 705 2316 εἰς
734 2250 849 2319 τὴν
871 2252 1072 2306 πόλιν.

389 2341 675 2412 Κρείττων
705 2342 807 2412 ἤδη
851 2344 945 2396 καὶ
977 2343 1284 2415 ὑψηλοτέρα
1318 2344 1567 2412 φαίνεται
1600 2346 1710 2400 τῶν
1742 2349 1825 2411 εἰς
1850 2348 1913 2402 τὸ

314 2432 483 2502 σῶμα
530 2433 831 2503 φροντίδων
854 2473 870 2499 ,
899 2436 930 2505 ἡ
983 2435 1126 2488 κατὰ
1156 2437 1254 2504 τὴν
1288 2436 1414 2506 χθὲς
1443 2441 1539 2490 καὶ
1569 2438 1760 2509 τρίτην
1811 2457 1910 2493 πο-

311 2526 579 2597 λύανδρος
606 2522 740 2580 οὖσα
760 2526 916 2597 γυνὴ,
954 2528 1105 2598 καὶὴ
1138 2528 1375 2600 ψυχραῖς
1410 2530 1672 2594 πολλάκις
1705 2533 1911 2588 εὐάλω-

311 2636 409 2682 τος
472 2617 728 2688 ἡδοναῖς,
777 2619 1095 2672 πλεονεκτεῖ
1156 2623 1255 2691 τῆς
1315 2622 1519 2692 σαρκὸς
1567 2624 1666 2693 τὴν
1719 2624 1796 2687 ὡς
1852 2624 1913 2689 ἐξ

315 2711 567 2779 ἀνάγκης
601 2709 812 2780 χρείαν,
841 2710 1000 2781 δίψης
1053 2728 1109 2764 τε
1151 2711 1289 2782 ὁμοῦ
1310 2754 1325 2775 ,
1358 2714 1451 2766 καὶ
1482 2715 1663 2768 ποτῶν
1716 2715 1914 2788 ἀλογήο

317 2819 484 2868 σασα,
498 2803 635 2873 πρὸς
656 2802 848 2872 ἑτέραν
870 2802 981 2868 ἕξιν
1001 2803 1089 2856 διὰ
1115 2803 1216 2872 τῆς
1241 2805 1476 2869 πίστεως
1494 2806 1907 2876 ἀνεχαλκεῦετο.

330 2893 582 2964 Ἀγάπην
619 2894 676 2946 δὲ
724 2879 1068 2965 παραχρῆμα
1106 2897 1206 2963 τὴν
1235 2897 1528 2967 καλλίστην
1559 2901 1748 2953 πασῶν
1783 2903 1913 2972 ἀρε-

311 2985 438 3057 τὴν,
469 2985 672 3038 καὶτὸν
703 2985 1030 3056 φιλάλληλον
1061 2987 1344 3056 μελετῶσα
1371 2989 1590 3061 τρόπον,
1612 2992 1749 3062 ὅπερ
1772 2995 1908 3063 αὐτῇ

317 3075 562 3144 πέφηνεν
615 3075 838 3142 ἀγαθὸν,
891 3075 1052 3130 τοῦτο
1109 3078 1203 3131 καὶ
1253 3079 1462 3151 ἑτέροις
1511 3081 1909 3150 ἐξαγγέλλουσα

315 3167 532 3237 γοργῶς
561 3166 747 3239 δρόμῳ
771 3167 850 3237 τῷ
889 3168 1026 3239 πρὸς
1056 3169 1154 3240 τὴν
1201 3170 1355 3223 πόλιν
1383 3173 1732 3227 συντείνεται.
1777 3175 1910 3227 ’Υπ-

316 3255 515 3324 εφὼνει
544 3256 652 3326 γὰρ
678 3257 736 3307 ἐν
761 3257 924 3328 αὐτῇ.
953 3259 1095 3312 κατά
1125 3275 1188 3326 γε
1226 3259 1286 3311 τὸ
1323 3259 1490 3324 εἰκός,
1518 3264 1545 3314 ὁ
1570 3263 1780 3335 Σωτὴρ,
1815 3265 1910 3318 καὶ
1939 3273 1942 3282 ’

315 3343 657 3414 λεληθότως,
687 3345 830 3398 κατὰ
874 3346 964 3399 τὸν
1007 3346 1132 3398 νοῦν
1170 3347 1448 3419 ὲψιθύριζε
1481 3351 1657 3419 λέγων
1682 3370 1695 3384 ο
1737 3373 1754 3404 ι
1796 3357 1910 3408 Δω-

317 3439 449 3504 ρεάν
483 3434 728 3497 ἐλάϐετε,
755 3436 963 3508 δωρεὰν
993 3438 1132 3492 δότε.
1171 3458 1189 3489 ι
1244 3441 1622 3512 Μανθάνωμεν
1655 3444 1743 3498 διὰ
1787 3445 1911 3499 τοῦ-

305 3544 430 3592 του,
462 3529 540 3597 μὴ
592 3526 790 3599 ζηλοῦν
839 3529 938 3598 μὲν
968 3531 1174 3584 ἐκεῖνον
1215 3531 1306 3584 τὸν
1337 3533 1622 3602 ὸκνόφιλον
1646 3536 1736 3590 τὸν
1761 3539 1910 3592 οἰκέ-

309 3635 434 3689 την,
465 3619 557 3672 διά
581 3636 643 3672 τε
679 3618 838 3674 τοῦτο
860 3622 939 3685 εἰς
969 3622 1071 3692 γῆν
1095 3624 1517 3692 καταχωννύντα
1545 3627 1606 3680 τὺ
1625 3627 1905 3694 τάλαντον,

313 3707 726 3779 ὲηργάςεσθαι
768 3709 824 3762 δὲ
861 3710 1062 3780 μᾶλλον
1108 3712 1240 3764 αὐτὸ
1286 3714 1696 3787 σπουδάζωμεν.
1745 3721 1808 3772 Ὃ
1841 3720 1905 3793 δὴ

309 3800 402 3852 καὶ
438 3798 627 3868 δρῶσα
671 3799 844 3862 καλῶς
876 3801 908 3870 ή
938 3801 1374 3874 πολυθρύλλητος
1405 3804 1542 3877 αῦτη
1591 3807 1758 3880 γυνὴ,
1792 3827 1906 3863 κοι-

310 3892 612 3942 νοποιεῖται
659 3893 770 3952 τοῖς
816 3891 997 3954 ἄλλοις
1034 3891 1093 3945 τὸ
1126 3895 1435 3964 προσπεσὸν
1473 3897 1698 3972 ἀγαθὸν,
1755 3899 1906 3973 ,ὕδωρ

313 3983 434 4052 μὲν,
451 3984 594 4053 ὅπερ
612 3978 680 4053 ἦν
701 3983 1042 4053 ἀρυσαμένη,
1057 3983 1168 4037 τῶν
1193 3987 1444 4054 πηγαίων
1467 3989 1650 4042 οὐκέτι
1669 3972 1904 4044 λαϐοῦσα

311 4074 562 4144 μαστῶν,
585 4074 707 4127 οὐδὲ
732 4073 825 4145 τὴν
855 4075 920 4127 ὲκ
957 4075 1060 4144 γῆς
1091 4077 1279 4144 ὑδρίαν
1323 4079 1462 4131 οίκοι
1497 4081 1659 4134 πάλιν
1706 4083 1910 4137 ἀποκο-

307 4164 583 4235 μίζουσα,
620 4163 741 4234 θείᾳ
783 4163 839 4216 δὲ
890 4164 1089 4235 μᾶλλον
1142 4167 1235 4218 καὶ
1266 4167 1503 4238 οὐρανίῳ
1551 4171 1774 4242 χάριτι,
1811 4174 1904 4226 καὶ

306 4256 577 4326 πανσόφῳ
612 4256 704 4309 τοῦ
741 4256 996 4326 Σωτῆρος
1032 4258 1355 4330 διδασκαλίᾳ
1400 4261 1500 4324 τὰς
1533 4261 1632 4330 τῆς
1665 4263 1904 4330 διανοίας

2016 1804 2104 1848 tro
2147 1794 2405 1863 aperiret.
2463 1793 2646 1846 Mirari
2701 1809 2833 1862 ergo
2872 1793 3136 1848 debemus
3196 1793 3284 1846 hic
3315 1792 3600 1846 Christum

2013 1886 2084 1944 ob
2127 1884 2649 1951 mansuetudinem;
2703 1885 3007 1954 discipulos
3043 1892 3225 1938 autem
3274 1885 3346 1938 ob
3377 1884 3600 1954 sapien-

2015 1978 2145 2032 tiam
2180 1987 2342 2048 atque
2373 1978 2746 2048 prudentiam,
2779 1987 2831 2033 et
2860 1977 3045 2034 decori
3076 1978 3351 2034 notitiam.

2085 2158 2174 2223 IV,
2215 2158 2306 2212 28.
2360 2157 2590 2229 Reliquit
2631 2175 2754 2229 ergo
2797 2157 3044 2228 hydriam
3080 2174 3236 2212 suam
3283 2157 3496 2225 mulier,
3546 2166 3598 2213 et

2013 2253 2145 2306 abiit
2171 2253 2222 2306 in
2261 2253 2548 2306 civitatem.

2085 2343 2295 2398 Victrix
2338 2357 2616 2412 corporeae
2654 2357 2801 2397 cura:
2833 2341 2945 2411 jam
2986 2341 3208 2396 videtur
3241 2341 3334 2395 illa
3375 2341 3490 2396 beri
3532 2356 3598 2397 ac

2013 2435 2417 2492 nudiustertius
2448 2434 2744 2488 multorum
2768 2435 3010 2487 virorum
3045 2448 3206 2498 uxor,
3230 2442 3283 2488 et
3313 2449 3434 2504 quae
3455 2433 3596 2489 stul-

2012 2530 2085 2585 tis
2119 2527 2496 2597 voluptatibus
2544 2541 2687 2595 saepe
2739 2526 3132 2583 succubuerat.
3193 2528 3380 2580 carnis
3432 2540 3595 2580 usum

2011 2620 2388 2675 necessarium
2412 2616 2722 2681 defraudat,
2741 2617 3015 2686 simulque
3040 2615 3187 2670 sitim
3213 2623 3267 2670 et
3293 2623 3480 2684 potum
3498 2630 3595 2670 as-

2012 2721 2240 2782 pernata
2265 2713 2320 2765 in
2343 2711 2507 2764 alium
2529 2719 2731 2765 statum
2757 2724 2854 2780 per
2879 2710 3038 2763 iidem
3061 2708 3222 2780 194.
3236 2708 3594 2762 reformatur.

2015 2801 2215 2858 Statim
2265 2817 2398 2856 vero
2451 2801 2780 2855 charitatem
2835 2800 3105 2853 virtutum
3156 2799 3442 2869 optimam,
3477 2813 3601 2852 mu-

2015 2905 2281 2964 tuumque
2311 2908 2552 2947 amorem
2595 2893 2866 2962 amplexa,
2899 2892 3045 2961 quod
3079 2891 3182 2946 sibi
3215 2892 3460 2944 oblatum
3511 2898 3598 2947 est

2015 2987 2241 3051 bonum,
2278 2987 2446 3039 citato
2476 2985 2529 3038 in
2564 2984 2754 3039 urbem
2795 2998 2963 3036 cursu
3000 2982 3248 3037 studiose
3277 2981 3594 3036 annuntiat.

2013 3077 2514 3133 lnclamabatenim
2539 3078 2610 3141 ei,
2636 3084 2695 3129 ut
2730 3075 2998 3130 credibile
3036 3083 3144 3137 est,
3179 3082 3234 3129 et
3264 3065 3317 3128 iii
3349 3075 3596 3130 animum

2013 3172 2152 3226 clam
2204 3153 2630 3232 insusurrahat,
2667 3168 2898 3222 dicens:
2951 3184 2970 3218 ι
3033 3165 3218 3221 Gratis
3275 3167 3595 3236 accepistis,

2012 3264 2186 3333 gratis
2211 3262 2337 3317 date
2363 3263 2405 3317 ⁸.
2437 3283 2455 3312 ι
2491 3260 2628 3315 llinc
2659 3261 2942 3316 discamus
2967 3276 3076 3314 non
3113 3274 3236 3315 esse
3271 3260 3432 3314 nobis
3467 3259 3595 3315 imi-

2011 3358 2236 3420 tandum
2271 3357 2524 3426 ignavum
2561 3356 2711 3410 illum
2743 3370 2960 3410 servum
2996 3353 3090 3423 qui
3147 3355 3414 3408 talentum
3438 3351 3594 3407 humi

2011 3448 2242 3512 defodit,
2273 3448 2370 3503 sed
2416 3448 2548 3501 illud
2587 3462 2848 3503 exercere
2880 3461 3147 3501 conemur
3171 3446 3210 3499 ⁷.
3256 3444 3415 3512 Quod
3450 3443 3596 3500 cele-

2009 3541 2246 3596 berrima
2298 3539 2412 3595 haec
2454 3540 2652 3595 mulier
2681 3539 2899 3610 egregie
2934 3545 3179 3608 praestat,
3233 3553 3356 3607 quae
3386 3537 3593 3590 bonum

2011 3635 2119 3690 sibi
2166 3634 2410 3688 oblatum
2461 3634 2584 3690 aliis
2626 3634 3060 3698 communicat,
3103 3647 3268 3703 quam
3322 3632 3594 3684 hactenus

2009 3726 2273 3781 hauserat
2303 3740 2502 3794 aquam
2551 3740 2660 3779 non
2701 3725 2816 3794 jam
2866 3739 2898 3778 e
2933 3723 3270 3793 scaturigine
3303 3719 3589 3786 hauriens,

2008 3834 2184 3888 neque
2233 3824 2550 3870 terrestrem
2594 3815 2844 3886 hydriam
2895 3814 3118 3868 domum
3169 3812 3352 3866 denuo
3401 3824 3583 3880 repor-

2005 3917 2152 3972 tans,
2207 3908 2302 3963 sed
2351 3909 2537 3961 divina
2572 3908 2758 3976 potius
2797 3921 2862 3962 ac
2894 3904 3107 3961 caelesti
3134 3907 3332 3975 gratia,
3370 3904 3592 3972 sapien-

2005 3999 2333 4068 tissimaque
2387 3996 2693 4053 Salvatoris
2757 3995 3012 4050 doctrina
3065 4001 3304 4049 mentem
3369 3992 3587 4063 plenam

2006 4105 2222 4160 gerens.
2274 4087 2415 4144 Hinc
2466 4103 2665 4143 rursus
2717 4095 2982 4156 tanquam
3022 4085 3076 4140 in
3116 4086 3288 4156 ligura
3319 4091 3372 4138 et
3404 4081 3590 4136 tabula

2007 4182 2411 4236 observandum
2459 4189 2564 4244 cst,
2603 4179 2815 4248 exiguis
2849 4177 3142 4233 admodum
3200 4183 3256 4233 et
3305 4172 3589 4245 corporeis

2009 4271 2278 4341 neglectis
2323 4271 2500 4324 multo
2546 4269 2862 4339 copiosiora
2895 4275 2951 4322 et
2991 4267 3221 4322 meliora
3270 4279 3372 4319 nos
3415 4277 3446 4316 a
3477 4259 3590 4316 Deo

304 4347 596 4416 ὑποθήκας
618 4348 967 4418 ὲμπλήσασα.
1010 4348 1205 4402 ’ἰστέον
1235 4350 1508 4416 ἐντεῦθεν,
1545 4353 1620 4415 ὡς
1648 4355 1706 4406 ἐν
1745 4354 1901 4427 τύπῳ

2013 4371 2389 4433 percepturos.
2443 4359 2584 4426 Quid
2625 4359 2770 4414 enim
2800 4368 2884 4413 est
2912 4373 3052 4427 aqua
3083 4357 3151 4412 de
3182 4366 3349 4420 terra,
3378 4354 3424 4408 si
3463 4363 3590 4406 cum

302 4441 474 4494 πάλιν
500 4441 596 4493 καὶ
626 4443 833 4512 γραφῇ,
863 4442 946 4494 δτι
988 4442 1200 4512 μικρῶν
1233 4443 1296 4514 δὴ
1331 4443 1450 4496 λίαν
1494 4445 1902 4517 ὑπερφρονοῦν-

2011 4453 2378 4524 intelligentia
2410 4468 2533 4522 qua:
2589 4465 2828 4520 superne
2854 4450 3028 4512 venit,
3060 4443 3452 4516 comparetur?

303 4553 422 4603 τες,
470 4537 568 4590 καὶ
613 4538 961 4606 σωματικῶν,
997 4539 1436 4595 πολλαπλασίονα
1465 4559 1521 4596 τε
1549 4544 1644 4597 καὶ
1685 4545 1894 4622 ἀμείνω
1933 4550 2084 4622 παρὰ
2117 4549 2250 4604 Θεοῦ
2279 4549 2581 4622 ληψόμεθα.
2607 4547 2671 4600 Τί
2704 4545 2812 4617 γὰρ
2848 4543 2992 4615 ὕδωρ
3025 4543 3086 4595 τὸ
3117 4541 3226 4596 ἀπὸ
3293 4539 3394 4610 τῆς
3461 4539 3588 4620 γῆς,

304 4631 381 4692 ὼς
416 4629 556 4701 πρὸς
574 4628 674 4699 τὴν
696 4629 903 4683 ἄνωθεν
937 4631 1154 4686 σύνεσιν
1181 4647 1196 4694 ;
1909 4681 1914 4686 .

376 4725 493 4784 Καὶ
525 4725 687 4791 λέγει
723 4727 846 4791 τοῖς
869 4727 1220 4794 ἀνθρώποις*
1257 4727 1453 4792 Δεῦτε,
1489 4729 1645 4784 ἴδετε
1674 4731 1899 4799 ἅνθρω-

305 4833 448 4878 πον,
480 4817 552 4880 ὃς
598 4812 728 4870 εἷπε
773 4817 972 4872 πάντα
996 4859 1010 4883 ,
1039 4819 1156 4872 ὅσα
1202 4820 1463 4888 ἐποίησα
1485 4839 1499 4854 ·
1527 4822 1674 4891 μήτι
1723 4820 1900 4890 οὗτός

307 4909 482 4961 ἐστιν
511 4910 546 4961 d
572 4909 825 4975 Χριστός
844 4925 863 4973 ;

379 5001 447 5052 Ὦ
479 5000 784 5071 παραδόξου
844 5002 1166 5072 μεταὸολῆς,
1199 5001 1244 5054 ῶ
1296 5003 1537 5074 μεγάλης
1571 5005 1772 5072 ὅντως,
1804 5009 1900 5061 καὶ

311 5090 652 5162 θεοπρεποῦς
687 5092 888 5162 ἰσχύος,
928 5095 1015 5146 ἐπ’
1052 5093 1283 5164 άρρήτῳ
1327 5093 1616 5161 διαφανοῦς
1653 5099 1731 5168 τῷ
1766 5100 1900 5154 θαύ-

307 5196 443 5248 ματι
477 5181 490 5232 !
517 5181 779 5252 Τεχνίτης
808 5185 905 5254 ἤδη
948 5183 1085 5256 πρὸς
1119 5185 1311 5252 λόγους
1332 5186 1425 5238 καὶ
1453 5191 1834 5258 μυσταγωγὸς,
1864 5193 1896 5262 ἡ

305 5275 554 5325 συνιεῖσα
605 5276 702 5343 μὲν
733 5276 885 5329 οὐδὲν
927 5277 1034 5330 τῶν
1065 5279 1124 5329 ὲν
1172 5279 1314 5348 ἀρχῇ
1361 5278 1688 5349 λεγομένων,
1725 5283 1811 5337 διὰ
1840 5285 1897 5336 δὲ

298 5359 466 5414 τοῦτο
518 5362 746 5427 δικαίως
777 5367 1060 5420 ἀκούσασα
1105 5383 1119 5397 ’
1162 5387 1180 5418 ι
1227 5369 1463 5436 Ὕπαγε,
1505 5369 1753 5440 φώνησόν
1802 5391 1895 5427 σου

300 5453 398 5507 τὸν
430 5454 623 5524 ἄνδρα,
651 5458 747 5510 καὶ
774 5458 893 5512 ὲλθὲ
938 5460 1146 5515 ἐνθάδε.
1186 5479 1203 5511 ι
1239 5463 1382 5532 Ὅρα
1412 5463 1521 5533 γάρ
1554 5464 1702 5529 ὅπως
1741 5468 1891 5522 ἐντέ-

371 5627 391 5657 ⁶
431 5634 628 5692 Matth.
663 5654 720 5699 κ,
750 5637 804 5692 8.
882 5639 900 5659 '
931 5637 1118 5695 Matth.
1156 5656 1283 5706 xxv,
1314 5641 1380 5695 ἐῢ
1410 5637 1565 5712 εείιιι.

2077 4732 2171 4797 IV,
2216 4732 2305 4787 ‘29.
2342 4729 2410 4784 Et
2455 4729 2584 4782 dicit
2625 4727 2736 4781 illis
2766 4721 3098 4779 hominibus:
3137 4719 3318 4774 Venite
3347 4726 3396 4771 et
3425 4717 3586 4771 videte

2011 4827 2314 4888 hominem,
2355 4824 2445 4895 qui
2493 4823 2632 4875 dixit
2675 4818 2805 4872 mihi
2852 4816 3031 4870 omnia
3073 4826 3395 4884 quwcunque
3445 4809 3590 4877 Ieci:

2006 4918 2260 4989 numquid
2287 4920 2395 4985 ipse
2426 4924 2504 4970 est
2541 4912 2831 4969 Christus?

2077 5011 2122 5067 Ο
2151 5011 2486 5080 inOpinatam
2529 5003 2926 5060 mutationem!
2971 5015 3004 5054 ο
3042 5010 3295 5069 magnam
3336 4990 3596 5063 profecto

2006 5104 2360 5171 divinamque
2391 5101 2669 5162 virtutem,
2701 5113 2824 5167 qua:
2868 5092 3129 5150 ineffabili
3184 5087 3448 5144 miraculo
3486 5102 3582 5157 pa-

2003 5197 2194 5252 tescitl
2232 5194 2645 5248 Docetdemum
2672 5198 2726 5245 et
2753 5189 2894 5243 alios
2926 5186 3107 5242 initiat
3136 5184 3250 5248 illa,
3289 5194 3410 5252 qua:
3442 5177 3590 5233 nihii

2004 5286 2276 5355 capiebat,
2308 5299 2498 5338 eorum
2524 5297 2644 5351 quae
2674 5279 2948 5350 principio
2981 5275 3328 5337 dicebantur,
3350 5283 3593 5342 quaeque

2003 5377 2212 5432 idcirco
2246 5376 2372 5448 jure
2410 5374 2698 5428 audierat:
2734 5389 2752 5422 ι
2801 5367 2975 5433 Vade,
3016 5381 3146 5421 voca
3190 5365 3366 5419 virum
3397 5371 3586 5421 tuum,

2000 5475 2056 5522 et
2099 5467 2227 5523 veni
2272 5466 2399 5522 huc.
2440 5483 2459 5517 ι
2499 5463 2740 5522 Observa
2772 5463 2917 5518 enim
2961 5468 3164 5532 quanta
3204 5451 3480 5514 industria
3517 5453 3590 5507 et
