4038 6210
485 257 585 314 519

1429 255 1485 312 S.
1517 251 1796 313 CYRILLI
1833 250 2310 355 εχιΕΧΑΝυιιιΝι
2345 253 2666 312 ARCHIE’.

3615 263 3730 320 5'20

483 383 601 430 arte
645 372 1023 430 Samaritanos
1069 373 1398 444 alloquatur.
1431 372 1551 429 Non
1593 373 1860 428 continuo
1910 369 2038 425 dicit

2146 386 2288 438 χνως
2327 369 2427 442 τὴν
2475 371 2614 443 πρὸς
2658 373 2998 446 Σαμαρείτας
3043 373 3280 428 ἐποιεῖτο
3317 374 3572 440 διάλεξιν.
3605 379 3718 433 Οὐκ

483 480 544 520 se
583 463 862 520 Christum
895 465 1190 529 invenisse,
1216 479 1315 520 nec
1344 465 1528 520 statim
1573 466 1642 522 de
1681 463 1814 520 Jesu
1859 480 2049 519 narra-

481 556 683 611 tionem
715 572 869 612 suam
897 557 1150 613 orditur:
1194 567 1343 613 certe
1370 559 1516 614 enim
1546 559 1805 630 despecta
1830 558 2044 626 fuisset,

481 662 584 702 nec
620 649 917 712 immerito,
947 656 1005 702 ut
1035 664 1155 719 quae
1181 649 1338 720 longe
1377 657 1522 705 ultra
1560 666 1725 721 quam
1755 649 1876 720 ejus
1909 667 2048 707 con-

481 737 744 792 ditionem
798 738 1028 794 decebat
1077 749 1340 809 saperet,
1397 756 1497 797 nec
1547 757 1760 797 morum
1817 757 2045 798 suorum

482 828 700 897 ignaros
749 829 1027 886 auditores
1063 831 1308 888 haberet.
1352 831 1516 889 Prius
1555 847 1686 905 ergo
1731 830 1924 888 faciles
1948 848 2043 889 eos

480 916 550 971 ad
593 917 924 973 credendum
972 919 1155 975 reddit
1195 921 1486 986 miraculo,
1539 921 1720 991 iisque
1777 921 2045 977 inusitato

478 1015 677 1061 eventu
723 1009 1010 1076 attonitis,
1049 1011 1266 1081 planius
1315 1011 1721 1082 quodammodo
1769 1011 1894 1068 fidei
1942 1013 2045 1068 iter

480 1097 664 1153 efficit.
727 1117 746 1150 ‹
785 1099 996 1169 Venite,
1021 1110 1076 1158 et
1112 1102 1292 1158 videte
1333 1121 1379 1170 ι,
1409 1103 1611 1174 inquit,
1642 1103 2042 1159 vehementiori

479 1203 612 1244 voce
652 1198 862 1244 tantum
905 1208 1016 1247 non
1048 1194 1376 1249 inclamans.
1432 1194 1514 1248 Ad
1552 1193 1733 1259 fidem,
1774 1195 1909 1252 satis
1939 1196 2048 1251 erit

477 1281 564 1336 vel
619 1282 791 1351 ipsius
838 1284 918 1339 rei
971 1285 1265 1355 inspectio,
1300 1284 1717 1355 majoribusque
1763 1287 2045 1364 miraculis

479 1383 776 1442 praesentes
815 1375 1298 1431 confirmabimini.
1340 1377 1475 1432 Nam
1525 1378 1618 1448 qui
1663 1378 1910 1434 cordium
1956 1395 2045 1435 se-

478 1471 628 1518 creta
670 1465 842 1531 novit,
873 1474 928 1522 et
965 1467 1070 1521 hac
1107 1467 1315 1538 ingenti
1348 1483 1412 1523 ac
1447 1469 1633 1524 divina
1659 1470 1926 1541 dignitate
1961 1479 2047 1527 est
2094 1513 2096 1516 μ

479 1553 761 1622 praeditus,
793 1557 1069 1624 quomodo
1109 1572 1220 1610 non
1249 1558 1444 1628 plenis,
1476 1568 1536 1614 ut
1573 1560 1751 1626 aiunt,
1786 1563 1922 1619 velis
1965 1563 2046 1620 fe-

477 1650 628 1697 retur
665 1644 733 1697 ad
765 1660 828 1699 ea
860 1647 1165 1717 peragenda
1193 1663 1314 1718 qua:
1345 1651 1522 1705 velit?

551 1735 708 1804 195
737 1734 827 1801 IV,
869 1736 957 1793 50.
992 1736 1250 1793 Exierunt
1279 1756 1400 1811 ergo
1433 1741 1498 1796 de
1525 1744 1758 1812 civitate,
1789 1756 1840 1803 et
1871 1751 2040 1806 venie-
2073 1738 2119 1794 Β

477 1823 602 1878 bant
637 1828 706 1880 ad
730 1844 868 1885 eum.

539 1917 855 1976 Judaeorum
891 1923 1147 1982 duritiem
1184 1929 1657 1988 Samaritanorum
1685 1933 1924 1991 facilitas
1953 1949 2047 1988 ar-

473 2007 611 2076 guit,
645 2019 699 2065 et
731 2011 950 2068 illorum
1001 2019 1300 2078 crudelitas
1349 2023 1405 2078 in
1445 2025 1677 2082 istorum
1707 2027 2047 2086 humanitate

470 2100 673 2156 elucet.
730 2102 830 2160 Hic
878 2123 1101 2165 rursum
1155 2113 1404 2170 discendi
1453 2117 1740 2175 studiosus
1793 2120 2049 2176 observet

471 2200 674 2258 quanta
700 2194 772 2248 sit
800 2196 854 2249 in
885 2199 1130 2270 utrisque
1153 2219 1364 2258 morum
1390 2205 1788 2277 discrepantia,
1815 2218 1878 2264 ut
1898 2219 2046 2267 certe

471 2295 584 2335 non
620 2283 893 2343 immerito
915 2290 1144 2347 miretur
1171 2293 1357 2351 Jesum
1385 2299 1731 2356 recedentem
1767 2316 1798 2356 a
1826 2301 2042 2359 Judaeu-

469 2387 590 2426 rum
620 2373 928 2448 Synagoga,
975 2392 1029 2436 et
1061 2384 1382 2456 alienigenis
1422 2389 1664 2460 seipsum
1697 2391 2040 2463 largientem.

469 2459 629 2526 Quod
677 2466 822 2520 enim
873 2467 1079 2526 Judaais
1127 2483 1398 2532 venturus
1455 2459 1603 2535 esset
1652 2459 1929 2548 Christus,
1987 2491 2044 2538 et

467 2567 607 2621 quas
634 2554 704 2609 ob
735 2572 823 2612 res
856 2564 1207 2630 appariturus
1243 2575 1414 2633 esset,
1452 2569 1690 2626 Mosaica
1715 2573 1802 2628 lex
1835 2575 2046 2630 denun-

467 2645 659 2714 tiabat,
713 2657 767 2704 et
819 2654 1178 2722 gravissimus
1243 2659 1338 2714 ille
1394 2661 1784 2731 prophetarum
1836 2666 2042 2723 chorus

465 2740 814 2808 praedicabat,
837 2750 1002 2815 atque
1027 2745 1166 2815 ipsis
1191 2752 1586 2818 propemodum
1609 2751 1820 2808 foribus
1847 2755 2042 2813 adesse

464 2828 898 2900 demonstrabat,
929 2836 1159 2893 dicens:
1199 2857 1218 2890 ι
1270 2841 1410 2896 Ecce
1460 2841 1607 2900 Deus
1653 2853 1864 2910 noster,
1912 2864 2041 2905 ecce

464 2916 729 2975 Dominus
757 2923 799 2977 ⁸.
839 2942 858 2975 ι
903 2923 969 2978 Ει
1011 2938 1320 2994 postremus
1367 2933 1616 2987 omnium
1670 2950 1902 3007 magnus
1946 2939 2040 2995 ille

463 3006 608 3063 inter
643 3018 804 3067 natos
837 3015 1128 3071 mulierum
1159 3018 1422 3087 Joannes,
1457 3006 1782 3094 praesentem
1813 3028 1924 3098 jam
1984 3041 2039 3088 et

461 3111 878 3159 conversantem
919 3111 1285 3176 monstrabat,
1318 3113 1506 3170 dicens
1539 3134 1553 3170 :
1594 3135 1613 3169 ι
1659 3116 1800 3175 Ecce
1847 3123 2036 3193 Agnus

462 3191 578 3257 Dei,
621 3194 712 3264 qui
749 3197 889 3250 tollit
929 3207 1209 3267 peccatum
1252 3205 1442 3260 mundi
1472 3206 1517 3262 ⁸.
1561 3225 1580 3259 ι
1621 3208 1686 3263 Ει
1729 3211 1874 3281 quod
1902 3191 2036 3268 tom-

459 3296 586 3337 nem
624 3284 1046 3343 admirationem
1091 3301 1339 3362 superat,
1379 3296 1677 3352 multorum
1716 3315 1944 3370 operum
1981 3304 2034 3361 vi

459 3387 526 3427 ac
576 3383 845 3444 potestate
895 3379 1081 3436 divina
1141 3386 1382 3454 seipsum
1437 3387 1688 3444 Salvator
1733 3395 2030 3451 revelabat.

458 3468 599 3534 Quid
629 3470 793 3541 igitur
828 3473 907 3526 illi
941 3474 1006 3528 ad
1049 3476 1257 3532 nefaria
1295 3482 1527 3538 consilia
1564 3486 1871 3557 prazcipites
1914 3505 2032 3545 ma-

459 3559 792 3616 chinantur?
812 3562 1040 3619 Mortem
1069 3568 1190 3637 ejus
1220 3569 1423 3640 injuste
1446 3568 1729 3646 appetunt,
1757 3580 2032 3636 insidian-

458 3659 550 3705 tur
583 3651 768 3722 impie,
818 3657 1018 3711 cazdem
1078 3661 1376 3718 crudeliter
1412 3667 1823 3736 machinantur,
1866 3680 1922 3727 et
1965 3673 2033 3730 de

459 3750 606 3796 terra
636 3759 700 3799 ac
731 3746 956 3802 civitate
989 3764 1087 3805 sua
1127 3753 1358 3821 ejiciunt
1398 3757 1588 3825 vitam,
1630 3759 1834 3827 lumen,
1883 3763 2031 3820 illam

457 3835 704 3890 omnium
752 3840 1007 3906 salutem,
1043 3843 1189 3898 viam
1243 3847 1419 3916 regni,
1467 3857 1522 3903 et
1549 3860 1896 3918 peccatorum
1945 3872 2032 3912 re-

457 3927 798 3994 missionem,
842 3940 1008 4002 atque
1053 3935 1364 4007 adoptionis
1407 3939 1464 3993 in
1502 3939 1593 3996 Dei
1638 3943 1778 4001 filios
1808 3945 2032 4018 largito-

455 4029 590 4070 rem.
647 4017 916 4083 Quocirca
969 4021 1217 4079 Salvator
1269 4028 1394 4095 jure
1444 4029 1702 4089 dicebat:
1747 4053 1766 4086 ι
1805 4017 2032 4094 Jerusa-

455 4107 584 4172 lem,
619 4107 941 4180 Jerusalem,
977 4131 1099 4185 qua;
1126 4118 1334 4174 occidis
1367 4123 1684 4192 prophetas,
1719 4135 1774 4181 et
1818 4130 2026 4200 lapidas

454 4199 550 4250 eos
583 4197 675 4265 qui
703 4199 771 4253 ad
802 4208 855 4256 te
892 4203 1046 4259 missi
1074 4215 1238 4262 sunt:
1271 4210 1489 4278 quoties
1518 4213 1666 4267 volui
1693 4197 2027 4290 congregare

454 4284 597 4341 filios
621 4294 773 4377 tuos,
818 4295 1092 4360 quombdo
1131 4299 1333 4366 gallina
1361 4314 1657 4375 congregat
1692 4284 1866 4377 pullos
1894 4284 2024 4369 suos

2146 464 2306 528 εὐθὺς
2343 465 2632 536 εὑρηκέναι
2665 467 2798 536 φησὶ
2832 466 2923 520 τὸν
2961 467 3216 538 Χριστὸν,
3243 467 3366 521 οὐδὲ
3397 469 3455 522 ἐν
3483 469 3718 540 πρώτοις

2145 555 2346 626 ἑαυτῆς
2371 557 2611 627 εἰσφέρει
2641 557 2890 629 διήγησιν
2911 559 3002 612 τὸν
3047 558 3254 628 Ἰησοῦν
3287 577 3301 590 ·
3326 554 3363 631 ἦ
3390 561 3500 633 γὰρ
3525 562 3592 616 ἂν
3621 567 3715 619 καὶ

2144 647 2437 718 διεπτύσθη
2463 647 2707 712 δικαίως,
2731 650 2806 714 ὡς
2831 650 2966 704 πολὺ
3002 650 3100 721 μὲν
3125 651 3187 704 τὺ
3221 655 3418 723 μέτρον
3447 653 3556 706 τῶν
3577 655 3714 727 αὐτῇ

2145 740 2462 810 πρεπόντων
2490 741 2852 796 ἀναϐαίνουσα
2889 741 3083 811 λόγων,
3115 744 3216 796 οὐκ
3249 745 3499 812 ἀγνῶτας
3523 746 3580 800 δὲ
3609 747 3719 800 τῶν

2145 832 2316 900 αὐτῆς
2345 832 2559 902 τρόπων
2610 835 2738 897 τοὺς
2767 833 3150 905 ἀκροωμένους
3193 834 3539 908 εὑρίσκουσα.
3574 840 3717 909 Προ-

2144 921 2489 993 εξευμαρίζει
2536 924 2822 996 τοιγαροῦν
2865 926 2944 996 τῷ
2977 927 3251 998 θαύματι,
3288 929 3382 982 καὶ
3430 931 3508 1001 τῷ
3541 949 3722 1002 παραυ

2143 1014 2280 1084 δόξῳ
2324 1015 2847 1087 προκαταπλήξασα,
2891 1019 3170 1090 λειοτέραν
3202 1019 3391 1093 ὥσπερ
3437 1026 3502 1095 τῇ
3538 1024 3716 1077 πίστει

2143 1106 2243 1177 τὴν
2275 1106 2393 1180 ὁδὸν
2431 1108 2824 1180 ἀπεργάζεται.
2863 1128 2883 1163 ι
2922 1111 3085 1165 Δεῦτε
3108 1151 3123 1177 ,
3165 1113 3259 1166 καὶ⁵
3304 1114 3443 1167 ῐδετε
3467 1155 3482 1179 ,
3515 1134 3536 1168 ι
3581 1117 3716 1187 φησι

2147 1197 2402 1263 συνετῶς,
2433 1201 2714 1270 μονονουχὶ
2741 1201 3099 1273 θερμοτέραις
3128 1204 3306 1274 βοῶσα
3340 1209 3549 1276 φωναῖς
3571 1223 3585 1237 ο
3613 1211 3714 1278 ἀρ-

2145 1288 2295 1343 κέσει
2322 1290 2415 1344 καὶ
2443 1293 2579 1362 μόνη
2611 1293 2749 1364 πρὸς
2781 1293 2964 1347 πίστιν
2987 1296 3019 1364 ή
3043 1295 3160 1358 Θέα,
3189 1297 3284 1349 καί
3307 1297 3713 1370 πληροφορήσει

2146 1380 2417 1450 παρόντας
2454 1381 2895 1454 ἀξιολογωτέροις
2921 1388 3034 1448 τοῖς
3077 1384 3364 1456 θαύμασιν.
3403 1387 3464 1440 '0
3493 1389 3600 1460 γάρ
3632 1407 3714 1458 γιο

2145 1470 2369 1526 νώσκων
2393 1472 2462 1526 τὰ
2495 1475 2868 1545 κεκρυμμένα,
2899 1476 2993 1530 καὶ
3022 1477 3083 1530 τὸ
3113 1477 3257 1547 μέγα
3295 1479 3452 1534 τοῦτο
3480 1482 3574 1535 καὶ
3599 1482 3713 1536 θεο-

2146 1561 2354 1631 πρεπὲς
2381 1562 2597 1633 ἀξίωμα
2622 1565 2829 1636 λαχὼν,
2848 1568 2964 1629 πῶς
2993 1568 3093 1621 οὐκ
3126 1567 3184 1633 ἐξ
3211 1568 3458 1641 ὲξουρίας
3489 1572 3712 1643 δραμεῖο

2146 1671 2236 1708 ται
2259 1653 2393 1724 πρὸς
2425 1653 2523 1725 τὴν
2545 1648 2619 1708 ὧν
2645 1655 2711 1709 ἀν
2738 1655 2977 1726 βούλοιτο
3009 1659 3322 1731 πλήρωσιν;

2227 1742 2514 1811 Ἐξῆλθον
2541 1739 2653 1800 οὖν
2677 1744 2745 1799 ἐκ
2761 1745 2873 1816 τῆς
2895 1748 3144 1815 πόλεως,
3163 1750 3259 1804 καί
3285 1750 3542 1822 ἤρχοντο
3566 1756 3714 1824 πρὸς

2147 1836 2351 1890 αὐτόν.

2220 1925 2480 1996 Ἔλεγχος
2527 1927 2629 2000 τῆς
2671 1926 2934 1984 Ἰουδαίων
2973 1931 3400 2005 σκληροκαρδίας
3454 1936 3492 2006 ἡ
3530 1937 3717 2010 Σαμα-

2147 2021 2340 2092 ρειτῶν
2381 2022 2694 2090 εὐπείθεια,
2744 2027 2838 2080 καὶ
2877 2028 2938 2080 τὸ
2975 2029 3032 2082 ἐν
3076 2029 3307 2094 ἐκείνοις
3353 2033 3717 2105 ἀπάνθρωπον

2144 2113 2204 2165 ὲν
2247 2116 2314 2183 τῇ
2351 2114 2556 2168 τούτων
2607 2117 2904 2188 ήμερότητι
2951 2119 3313 2189 διαφαίνεται.
3378 2124 3489 2177 Καὶ
3532 2125 3718 2197 δράτω

2146 2203 2308 2258 πάλιν
2333 2206 2361 2258 6
2405 2205 2706 2278 φιλομαθὴς
2742 2208 2844 2279 τῆς
2878 2211 2936 2262 έν
2969 2211 3172 2281 ἀμφοῖν
3211 2213 3378 2280 ἕξεως
3402 2216 3499 2286 τὴν
3528 2217 3714 2286 διαφο-

2149 2295 2280 2367 ράν,
2319 2296 2408 2351 Eva
2429 2297 2494 2367 δὴ
2524 2299 2616 2351 καὶ
2659 2299 2803 2370 μάλα
2833 2301 3055 2364 δικαίως
3080 2304 3446 2380 ἀποθαυμάζῃ
3480 2308 3574 2362 τὸν
3607 2311 3715 2381 Ἰη-
3794 2359 3800 2365 .

2146 2384 2272 2440 σοῦν
2295 2389 2396 2456 τῆς
2425 2387 2524 2458 μὲν
2539 2388 2647 2442 τῶν
2662 2389 2926 2445 Ἰουδαίων
2942 2393 3326 2465 ἀποδημοῦντα
3356 2398 3714 2470 Συναγωγῆς,

2145 2477 2334 2530 ἑαυτὸν
2401 2479 2458 2532 δὲ
2531 2479 2732 2551 μᾶλλον
2795 2485 2908 2546 τοῖς
2973 2484 3284 2554 ἀλλογενέσι
3351 2488 3712 2561 δωρούμενον.

2155 2567 2429 2633 Ἰουδαίοις
2459 2568 2558 2639 μὲν
2595 2571 2705 2643 γὰρ
2735 2573 2817 2626 ὅτι
2846 2573 2964 2644 ἥξει
2997 2576 3091 2629 καὶ
3129 2578 3222 2631 ἐπὶ
3250 2579 3392 2632 τίσιν
3421 2582 3717 2651 ἀναφανεῖ-

2141 2673 2230 2710 ται
2261 2658 2512 2745 Χριστὺς,
2541 2660 2568 2712 6
2600 2660 2688 2714 διὰ
2713 2663 2954 2727 Μωσέως
2981 2665 3266 2737 διήγγελλε
3288 2669 3469 2740 νόμος,
3501 2690 3718 2745 προφη-

2140 2745 2250 2799 τῶν
2275 2746 2334 2800 δὲ
2369 2742 2741 2822 ότπάνσεμνος
2770 2753 2936 2821 ἀνεκή
2948 2772 3103 2826 ρυττε
3135 2759 3296 2829 χορὸς
3317 2801 3333 2824 ,
3388 2763 3482 2814 καὶ
3521 2742 3713 2833 μονονο

2141 2839 2261 2907 ουχὶ⁵
2287 2840 2530 2910 παρόντα
2570 2841 2754 2896 λοιπὸν
2785 2845 2877 2897 ἐπὶ
2915 2846 3106 2917 θύραις
3152 2850 3462 2906 ἐπεδείκνυε
3496 2853 3669 2923 λέγων
3693 2873 3710 2887 ’

2147 2947 2166 2980 ‹
2205 2929 2336 2984 Ἰδοὺ
2365 2934 2394 2985 ό
2423 2932 2554 2996 Θεὸς
2581 2934 2769 3004 ἡμῶν,
2808 2936 2916 2990 ἰδοὺ
2945 2938 3167 3010 Κύριος.
3200 2959 3220 2993 t
3268 2943 3376 2996 Kal.
3403 2944 3711 3012 τελευταῖος

2141 3018 2233 3072 ἐπὶ
2259 3021 2424 3073 πᾶσιν
2459 3023 2487 3074 6
2516 3023 2688 3092 μέγας
2716 3027 2772 3078 ἐν
2798 3031 3077 3098 γεννητοῖς
3117 3034 3388 3098 γυναικῶν
3433 3034 3708 3109 Ἰωάννης,

2139 3107 2238 3178 ἥδη
2271 3110 2575 3179 πεφηνότα,
2607 3112 2700 3166 καὶ
2725 3114 3179 3186 συνδιαιτώμενον
3212 3120 3446 3191 φανερὸν
3474 3107 3707 3195 καθίστη

2136 3200 2326 3270 λέγων,
2367 3221 2385 3255 ι
2413 3204 2516 3258 Ἴδε
2549 3206 2576 3257 6
2605 3205 2802 3277 Ἀμνδς
2831 3208 2925 3261 τοῦ
2965 3209 3098 3264 Θεοῦ
3129 3213 3157 3264 ό
3189 3211 3361 3284 αῐρων
3396 3216 3497 3286 τὴν
3523 3217 3708 3288 ἀμαρ-

2135 3291 2253 3344 τίαν
2285 3294 2380 3346 τοῦ
2407 3295 2631 3366 κόσμου.
2653 3315 2672 3348 ι
2709 3297 2818 3351 Kal.
2852 3299 2973 3352 τότε
2999 3300 3214 3356 πάντων
3253 3306 3702 3378 παραδοξότερον,

2134 3383 2222 3438 διὰ
2251 3385 2459 3439 πολλῶν
2508 3390 2849 3460 πραγμάτων
2871 3432 2885 3457 ,
2933 3392 3218 3464 δυνάμεως
3244 3413 3302 3448 τε
3341 3398 3434 3451 καὶ
3459 3398 3708 3463 ἐξουσίας

2135 3475 2472 3550 θεοπρεποῦς
2505 3481 2695 3535 ἑαυτὸν
2731 3484 2760 3535 6
2781 3484 2972 3556 Σωτὴρ
3002 3485 3354 3552 ὲξεκάλυπτε.
3407 3490 3474 3543 Τί
3503 3491 3564 3561 δὴ
3593 3490 3708 3544 λοιε-

2134 3564 2234 3618 πδν
2258 3567 2351 3620 ἐπὶ
2375 3567 2586 3634 τούτοις
2611 3571 2662 3622 οἱ
2701 3571 2839 3641 πρὸς
2871 3575 3134 3639 ὲκτόπους
3169 3575 3412 3646 άχάλινοι
3439 3578 3706 3648 μελετῶσι

2134 3657 2366 3727 βουλάς;
2416 3660 2652 3715 Φονῶσιν
2701 3663 2922 3730 ἀδίκως,
2955 3666 3362 3722 ἐπιϐουλεύουσι
3404 3670 3702 3737 δυσσεϐῶς,

2133 3749 2351 3819 φονοῦσι
2389 3751 2738 3825 δυστρόπως,
2773 3757 2877 3828 γῆς
2905 3775 2964 3810 τε
2995 3758 3087 3812 καὶ
3127 3760 3336 3825 πόλεως
3368 3765 3466 3834 τῆς
3495 3760 3705 3816 ἑαυτῶν

2130 3844 2472 3910 ἐξελαύνουσι
2505 3848 2603 3919 τὴν
2633 3847 2808 3920 ζωὴν,
2836 3851 2896 3904 τὸ
2929 3851 3045 3921 φῶς
3067 3892 3082 3918 ,
3115 3853 3215 3925 τὴν
3244 3854 3500 3910 ἀπάντων
3527 3873 3705 3928 σωτη-

2131 3936 2271 4008 ρίαν,
2297 3938 2396 4008 τὴν
2420 3939 2501 4001 είς
2519 3938 2794 4009 βασιλείαν
2824 3941 2962 4006 ὁδὸν,
2983 3943 3076 3997 καὶ
3098 3943 3207 3997 τῶν
3241 3944 3706 4016 πλημμελούντων

2128 4026 2225 4098 τὴν
2269 4028 2494 4096 ἄφεσιν,
2535 4030 2634 4101 τῆς
2667 4031 2939 4098 υἱοθεσίας
2973 4035 3065 4088 τὸν
3098 4037 3351 4107 χορηγόν.
3411 4037 3512 4091 Διά
3541 4038 3704 4092 τοῦτο

2127 4118 2349 4184 δικαίως
2380 4120 2614 4191 ἔφασκεν
2649 4124 2677 4177 6
2708 4125 2899 4196 Σωτήρ
2921 4143 2935 4158 ⁸
2973 4146 2993 4178 ι
3029 4128 3403 4200 Ἰερουσαλὴμ,
3429 4131 3700 4200 Ἰερουσα-

2126 4209 2257 4282 λὴμ,
2281 4213 2313 4285 ἡ
2340 4216 2733 4270 ἀποκτείνουσα
2754 4218 2878 4282 τοὺς
2901 4220 3207 4290 προφήτας,
3230 4221 3324 4274 καὶ
3346 4220 3698 4276 λιθοϐολοῦσα

2125 4304 2250 4366 τοὺς
2286 4305 2726 4376 ἀπεσταλμένους
2771 4308 2906 4378 πρὸς
2943 4308 3113 4379 αὐτὴν
3135 4348 3150 4373 ,
3195 4311 3426 4375 ποσάκις
3457 4312 3697 4381 ἠθέλησα

453 4375 558 4432 sub
584 4376 722 4440 alas,
756 4387 810 4432 et
849 4383 1109 4439 noluisti?
1150 4386 1290 4445 Ecce
1332 4375 1707 4464 relinquetur;
1733 4399 1890 4456 vobis
1928 4403 2028 4458 do-

2136 4399 2550 4468 ὲπισυναγαγεῖν
2577 4399 2644 4453 τά
2664 4375 2828 4455 τέκνα
2853 4419 2966 4466 σου,
2993 4401 3052 4454 ὃν
3070 4375 3268 4471 τρόπον
3289 4402 3439 4474 ὅρνις
3469 4375 3696 4457 ἐπισυν-

453 4483 578 4522 nius
605 4477 779 4522 vestra
811 4470 1026 4527 deserta
1050 4476 1113 4528 ¹⁰.
1150 4495 1168 4529 ι
1202 4479 1531 4539 Samaritani
1555 4502 1686 4541 vero
1708 4487 2022 4550 Judaaorum

456 4558 706 4613 vecordia
735 4561 992 4617 videntur
1027 4569 1286 4636 potiores,
1320 4588 1552 4642 quorum
1584 4579 1838 4637 duritiem
1883 4583 2022 4640 faci-

450 4648 607 4702 litate
636 4664 734 4705 sua
769 4652 1071 4721 vincentes,
1105 4674 1214 4712 uno
1235 4660 1508 4719 duntaxat
1536 4668 1723 4722 audito
1754 4671 2022 4729 miraculo

451 4739 741 4796 confestim
794 4745 862 4799 ad
909 4743 1098 4803 Jesum
1158 4764 1474 4821 accurrunt,
1536 4773 1647 4812 non
1702 4769 2019 4819 sanctorum

449 4829 840 4900 prophetarum
863 4837 1089 4895 vocibus
1123 4841 1356 4906 inducti,
1384 4860 1493 4901 non
1523 4846 1776 4906 Mosaicis
1811 4867 2022 4921 praco-

449 4919 578 4986 niis,
617 4932 708 4976 aut
749 4923 978 4983 Joannis
1033 4930 1390 4999 indicatione,
1439 4936 1534 4991 sed
1583 4939 1748 4996 unius
1795 4919 2022 5014 ejusque

446 5015 772 5081 peccatricis
824 5018 1156 5076 mulierculae
1213 5025 1551 5082 narratione.
1622 5027 1754 5086 Jure
1835 5034 2022 5106 itaque

450 5101 756 5163 Servaloris
792 5109 845 5163 in
875 5125 969 5167 eos
999 5113 1337 5170 admirantes
1364 5121 1714 5190 sententiam,
1748 5128 2022 5187 exclame-

447 5207 610 5248 mus:
647 5213 664 5245 ι
695 5195 886 5256 Justus
937 5217 1018 5267 es,
1059 5201 1318 5273 Domine,
1375 5219 1426 5264 et
1468 5222 1677 5268 rectum
1744 5216 2015 5286 judicium

447 5289 595 5335 tuum
631 5285 694 5337 ”.
738 5303 756 5338 ο

2127 4488 2249 4558 ἀγει
2280 4489 2348 4543 τά
2382 4491 2570 4545 νοσσία
2596 4492 2794 4563 ἑαυτῆς
2826 4491 2930 4544 ὑπὸ
2963 4491 3060 4555 τὰς
3094 4492 3398 4564 πτέρυγας,
3453 4494 3547 4547 καὶ
3595 4494 3700 4549 οὐκ

2121 4579 2422 4652 ἠθελήσατε
2445 4582 2606 4647 ;Ἰδοὺ
2635 4582 2853 4650 ἀφίεται
2882 4583 3011 4653 ὑμῖν
3035 4579 3222 4646 ὁοῒκος
3245 4583 3399 4655 ὑμῶν
3417 4583 3646 4656 ἔρημος.
3670 4603 3690 4636 ι

2122 4672 2453 4745 Σαμαρεῖται
2475 4673 2529 4726 δὲ
2557 4672 2666 4727 τῶν
2693 4674 2958 4727 Ἰουδαίων
3011 4674 3266 4740 ἀπονοίας
3309 4675 3699 4744 ἀναφαίνονται

2122 4763 2429 4834 κρείττονες
2451 4804 2466 4829 ,
2494 4765 2589 4816 καὶ
2618 4763 2717 4836 τὴν
2747 4765 2972 4820 ἐνοῦσαν
2998 4767 3182 4832 αὐτοῖς
3212 4767 3542 4835 δυσμάθειαν
3572 4769 3697 4831 ταῖς

2123 4851 2455 4916 εὐπειθείαις
2479 4853 2800 4923 νικήσαντες
2819 4898 2832 4920 ,
2865 4855 2982 4919 ὲνὺς
3011 4857 3104 4910 καὶ
3132 4857 3294 4928 μόνου
3322 4857 3697 4913 κατακούσαν-

2120 4961 2212 5008 τες
2257 4942 2560 5014 θαύματος,
2605 4944 2851 5017 δρομαῖοι
2878 4946 3181 5017 βαδίζουσιν
3209 4949 3302 5003 ἐπὶ
3332 4950 3421 5004 τὸν
3461 4951 3691 5020 Ἰησοῦν,

2120 5036 2182 5088 οὐ
2205 5037 2326 5098 ταῖς
2348 5033 2456 5088 τῶν
2482 5036 2650 5104 ἁγίων
2669 5039 2961 5110 προφητῶν
2977 5039 3436 5109 ἀναπεπεισμένοι
3462 5044 3690 5110 φωναῖς,

2119 5127 2180 5180 ού
2213 5128 2526 5190 δίωσαῖκοῖς
2559 5127 2936 5200 κηρύγμασιν,
2987 5130 3020 5201 ἢ
3058 5133 3178 5196 ταῖς
3215 5132 3461 5186 Ἰωάννου
3486 5134 3693 5188 δακτυ-

2119 5219 2428 5286 λοδειξίαις,
2501 5221 2637 5274 ἀλλά
2692 5224 2820 5292 μιᾶς
2887 5223 3072 5287 αὐτοῖς
3131 5223 3533 5296 ἐξηγουμένης,
3594 5226 3691 5280 καὶ

2120 5312 2284 5366 τοῦτο·
2312 5313 2632 5383 ἀμαρτωλοῦ
2666 5315 2940 5382 γυναικός.
3000 5315 3250 5384 Εὑλόγως
3275 5317 3559 5389 τοιγαροῦν
3587 5319 3691 5388 τὴν

444 5371 529 5482 in:
560 5375 755 5440 αὐτοὺς
787 5381 879 5435 τοῦ
908 5384 1160 5456 Σωτῆρος
1191 5387 1668 5462 ἀποθαυμάζοντες
1691 5396 1887 5469 ψῆφον,
1919 5403 2014 5457 καὶ
2048 5406 2207 5476 ἡμεῖς
2235 5371 2717 5478 ἀναφθεγξὼμεθαο
2768 5429 2786 5462 ι
2809 5371 3023 5475 Δίκαιος
3053 5371 3338 5482 εῐ,.Κύριε
3435 5371 3527 5466 καὶ
3591 5371 3688 5469 εύ-

446 5459 564 5514 θεῖα
595 5467 629 5534 ὴ
670 5469 850 5537 κρίσις
877 5489 991 5528 σου.
1025 5495 1043 5528 ι

505 5636 527 5668 ⁸
563 5636 668 5696 lsa.
704 5658 791 5710 ιιι,
827 5645 880 5701 9.
957 5650 979 5681 ’
1009 5648 1165 5707 Joan.
1199 5670 1235 5720 ι,
1264 5655 1352 5710 29.
1436 5659 1477 5690 ιο
1508 5660 1697 5718 Matth.
1725 5681 1880 5733 χχιιι,
1903 5670 1990 5739 37,
2021 5674 2038 5729 ἓ

2191 5678 2227 5710 ¹¹
2263 5677 2405 5734 Psal.
2439 5692 2638 5747 CXVIII,
2681 5680 2798 5735 137.
