4040 6214
296 339 399 395 321

1333 328 1400 384 ΙΝ
1439 327 1732 385 JOANNIS
1753 324 2215 394 EVANGELIUM
2253 323 2383 380 LIB.
2419 323 2488 380 ll.

3441 323 3550 376 32‘!

387 451 493 504 Ἐν
508 446 576 500 δὲ
585 443 666 511 τῷ
671 438 901 514 μεταξὺ
912 439 1156 509 ἠρώτων
1167 440 1352 495 αὐτὸν
1364 444 1419 494 οι
1430 441 1685 510 μαθηταί
1696 441 1879 496 αὑτοῦ

2055 437 2144 504 IV,
2178 438 2266 492 5i.
2303 436 2516 490 Interea
2560 433 2817 505 rogabant
2859 448 2978 487 eum
3022 429 3274 502 discipuli
3311 429 3447 502 ejus,
3475 435 3552 486 di-

293 539 586 607 λέγοιοτες
605 550 621 567 ·
668 531 880 595 Ῥαϐϐὶ,
907 531 1080 600 φάγε.
1122 529 1184 582 Ὀ
1214 528 1282 582 δὲ
1303 531 1472 583 εἶπεν
1497 529 1720 596 αὐτοῖς.

373 627 665 697 Οἰκονομεῖ
697 623 795 695 μὲν
829 622 1027 693 ἄριστα
1068 620 1164 674 τοῦ
1195 619 1400 690 βιϐλίου
1426 620 1522 692 τὴν
1555 621 1877 693 συγγραφὴν

295 723 328 774 ό
356 717 645 778 θεσπέσιος
689 709 1110 781 εὐαγγελιστὴς,
1160 708 1568 781 παραλιμπάνει
1619 709 1677 761 δὲ
1725 709 1878 763 οὐδὲν

295 810 408 863 τῶν
437 810 539 862 ὅσα
578 806 643 877 δὴ
681 805 898 867 πάντως
929 805 1042 864 τοῖς
1086 800 1487 870 ἐντευξομένοις
1535 799 1754 854 ἔσεσθαι
1787 817 1879 853 πι-

299 898 486 950 στεύει
506 892 782 963 λυσιτελῆ.
821 893 1019 944 Ἀκουε
1044 889 1221 943 τοίνυν
1245 890 1394 952 ὅπως
1423 891 1556 961 ἡμῖν
1585 889 1878 958 ἀξιολογω-

294 991 464 1044 τάτου
504 987 831 1060 πράγματος
865 983 1128 1053 γεγονότα
1165 981 1327 1036 πάλιν
1370 981 1737 1054 ὑπογραμμὸν
1767 985 1880 1036 είσ-

297 1082 459 1152 φέρει
480 1079 572 1132 τὸν
609 1075 838 1147 Ἰησοῦν.
872 1074 1037 1128 Οὐδὲν
1069 1073 1176 1144 γὰρ
1205 1068 1358 1143 οἶμαι
1391 1072 1665 1126 τεθεῖσθαι
1700 1074 1878 1144 μάτην

295 1174 356 1225 ἰν
385 1174 506 1232 ταῖς
535 1169 644 1222 τῶν
667 1167 838 1235 ἁγίων
873 1166 1234 1235 συγγραφαῖς,
1269 1163 1403 1217 ἀλλά
1424 1165 1516 1216 καὶ
1543 1164 1679 1234 ὅπερ
1705 1164 1770 1217 ἀν
1796 1181 1877 1227 τις

295 1263 481 1332 οίηται
512 1258 706 1330 μικρὸν
725 1298 741 1325 ,
789 1257 887 1309 οὐκ
928 1254 1398 1326 εὐκαταφρόνητον
1427 1253 1613 1307 ὠδῖνον
1651 1253 1763 1306 ἐσθ’
1788 1253 1876 1305 ὅτε

294 1353 400 1425 τὴν
422 1351 692 1421 ὠφέλειαν
720 1348 1053 1418 εὑρίσκεται.
1114 1345 1441 1416 ’Δρξάμενος
1465 1341 1754 1414 τοιγαροῦν
1778 1343 1876 1412 τῆς

298 1438 658 1512 Σαμαρειτῶν
688 1437 1041 1508 ἐπιστροφῆς,
1057 1435 1151 1489 καὶ
1172 1436 1295 1489 ὅσον
1321 1433 1532 1488 οὐδέπω
1569 1432 1877 1503 προσδοκω-

300 1534 483 1604 μένων
510 1529 685 1586 αὐτῶν
707 1545 722 1560 ι
769 1528 885 1598 ᾔδει
910 1527 1019 1597 γὰρ
1058 1525 1286 1597 ἥξοντας
1325 1525 1400 1588 ὡς
1423 1519 1552 1587 Θεός
1575 1543 1588 1556 ·
1635 1523 1753 1588 ὅλος
1777 1524 1874 1596 μὲν

295 1620 362 1687 ἐξ
389 1622 520 1678 ὅλου
538 1619 679 1690 πρὸς
709 1618 808 1688 τὴν
839 1617 946 1670 τῶν
973 1615 1323 1687 κεκλημένων
1365 1615 1638 1686 σωτηρίαν
1671 1614 1872 1668 συντεί-

296 1727 484 1774 νεται,
533 1712 768 1762 ποιεῖται
809 1708 866 1761 δὲ
912 1707 1070 1777 λόγον
1113 1707 1303 1761 οὐδένα
1343 1709 1442 1779 τῆς
1488 1707 1583 1759 τοῦ
1628 1705 1876 1777 σώματος

1977 540 2149 584 centes
2173 546 2191 583 :
2225 527 2413 591 Rubbi,
2444 526 2734 580 manduca.
2766 524 2868 580 Ille
2894 535 3070 578 autem
3105 523 3232 575 dicit
3273 523 3372 576 eis.

2053 621 2211 691 196
2251 619 2480 675 Divinus
2508 619 2843 689 evangelista
2879 615 3142 686 praeclaro
3165 615 3363 668 librum
3390 629 3552 669 suum

1977 713 2170 768 ordine
2202 713 2502 782 componit,
2535 711 2782 780 nihilque
2809 707 3174 778 praetermittit
3211 721 3400 761 eorum
3432 722 3553 776 qua:

1976 801 2280 857 lectoribus
2313 802 2436 856 usui
2462 801 2579 857 fore
2611 800 2910 857 existimat.
2934 798 3074 852 Audi
3101 812 3231 866 ergo
3261 812 3372 867 quo
3393 808 3553 866 pacto

1975 895 2054 950 rei
2092 893 2524 964 praeclarissima:
2553 891 2738 948 Jesum
2788 891 2949 947 nobis
2999 890 3308 959 exemplum
3356 903 3554 944 rursus

1975 994 2200 1042 statuat.
2241 985 2388 1040 Nihil
2422 986 2568 1041 enim
2608 984 2815 1039 frustra
2842 983 2896 1037 in
2921 993 3241 1039 sanctorum
3279 981 3434 1036 libris
3460 981 3552 1050 po-

1975 1078 2142 1134 situm
2187 1093 2310 1134 esse
2337 1084 2490 1147 puto,
2530 1076 2625 1131 sed
2655 1075 2804 1146 quod
2848 1088 3076 1144 parvum
3107 1073 3412 1139 existimas,
3444 1087 3553 1126 non

1975 1167 2344 1238 ptenitendam
2381 1167 2709 1238 quandoque
2755 1165 3049 1220 utilitatem
3093 1166 3368 1234 parturire
3409 1177 3554 1218 com-

1976 1260 2175 1329 peries.
2207 1259 2539 1329 Auspicatus
2562 1257 2728 1328 igitur
2756 1271 2787 1310 a
2815 1255 3291 1310 Samaritanorum
3319 1269 3554 1309 conver-

1976 1352 2152 1415 sione,
2179 1361 2233 1405 et
2260 1366 2382 1405 cum
2404 1350 2629 1420 jamjam
2653 1356 3107 1418 exspectarentur
3136 1347 3237 1416 ipsi
3272 1349 3554 1414 (venturos

1975 1442 2122 1496 enim
2152 1450 2406 1504 noverat,
2437 1448 2496 1495 ut
2520 1439 2708 1508 Deus),
2736 1446 2883 1499 totus
2914 1440 2970 1493 in
3005 1439 3234 1493 salutem
3252 1439 3554 1492 electorum

1976 1533 2266 1596 incumbit,
2308 1532 2586 1588 nutriendi
2641 1545 2771 1586 vero
2819 1531 3066 1600 corporis
3117 1545 3303 1584 curam
3351 1529 3554 1583 nullam

1978 1623 2157 1688 habet,
2201 1625 2330 1680 licet
2373 1625 2537 1678 etiam
2585 1638 2652 1677 ex
2698 1623 2892 1677 itinere
2931 1620 3286 1691 defatigatus,
3322 1627 3382 1673 ut
3417 1620 3556 1675 scri-

1980 1723 2134 1785 ptum
2193 1725 2279 1772 est
2309 1717 2388 1780 ",
2448 1730 2558 1785 quo
2611 1715 2870 1770 nimirum
2922 1712 3178 1767 Ecclesiae
3237 1712 3557 1769 doctoribus

295 1800 510 1872 τροφῆς
527 1840 542 1865 ,
569 1799 747 1854 καίτοι
775 1799 869 1852 καὶ
896 1797 1194 1870 κεκμηκὼς
1227 1799 1292 1851 ὲκ
1312 1797 1412 1868 τῆς
1442 1797 1774 1868 ὁδοιπορίας,
1801 1797 1876 1860 ὡς

1980 1805 2158 1861 denuo
2186 1806 2380 1876 prosit,
2415 1813 2470 1860 et
2510 1806 2754 1860 laborem
2787 1803 3073 1875 aspernari
3121 1804 3339 1867 doceat,
3381 1801 3557 1872 majo-

295 1896 630 1963 γέγραπται,
661 1892 749 1945 ίνα
774 1890 861 1943 διὰ
885 1889 1075 1942 τούτου
1110 1889 1271 1943 πάλιν
1293 1891 1419 1952 τοὺς
1449 1890 1506 1943 ὲν
1540 1892 1658 1952 ταῖς
1678 1887 1877 1957 ἐκκλη-

296 1985 442 2048 σίαις
486 1983 746 2056 ὠφελήσῃ
771 1982 1125 2045 διδασκάλους
1144 2021 1159 2046 ,
1204 1982 1298 2035 καὶ
1329 1982 1577 2052 καμάτου
1611 1981 1709 2051 μὲν
1735 1995 1875 2032 παν-

295 2078 388 2142 τὸς
409 2075 681 2148 ἀναπείσῃ
725 2075 1025 2146 περιορᾷν,
1071 2074 1356 2146 κρείττονα
1393 2074 1448 2127 δὲ
1495 2073 1596 2142 τῆς
1634 2074 1763 2143 περὶ
1814 2071 1875 2124 τὺ

296 2169 462 2238 σῶμα
492 2167 771 2238 φροντίδος
823 2167 922 2236 τὴν
954 2168 1046 2220 tm
1083 2169 1198 2231 τοῖς
1248 2165 1577 2236 σωζομένοις
1604 2163 1873 2219 ποιεῖσθαι

297 2259 557 2328 σπουδήνο
591 2277 611 2310 ι
641 2258 778 2312 Οὐαὶ
799 2257 926 2329 γὰρ,
953 2258 1116 2328 φησὶν
1135 2259 1164 2310 ὁ
1187 2259 1491 2329 προφήτης,
1519 2258 1570 2310 οἱ
1598 2255 1878 2320 ποιοῦντες

293 2351 355 2404 τὸ
387 2351 550 2421 ἔργον
579 2349 786 2422 Κυρίου
820 2350 1057 2421 ἀμελῶς.
1093 2367 1114 2403 ι
1153 2349 1269 2404 Ἵνα
1291 2349 1471 2404 τοίνυν
1517 2348 1878 2421 μανθάνωμεν

293 2443 354 2495 ὲν
403 2443 519 2504 τοῖς
556 2439 818 2504 τοιούτοις
865 2439 1098 2511 μάλιστα
1132 2441 1346 2512 καιροῖς
1391 2440 1599 2494 ἀσιτεῖν
1648 2439 1876 2493 εἰωθότα

293 2534 386 2588 τὸν
409 2533 648 2604 Κύριον,
693 2531 1013 2603 ἐρωτῶντας
1039 2531 1280 2604 εἰσφέρει
1313 2533 1437 2594 τοὺς
1465 2531 1740 2603 μαθητὰς,
1786 2531 1882 2584 καὶ

298 2624 586 2695 μονονουχὶ
626 2623 1213 2694 προκυλινδουμένους,
1264 2625 1352 2678 ἵνα
1392 2623 1454 2694 δή
1489 2642 1540 2677 τι
1571 2624 1744 2694 βραχὺ
1770 2621 1880 2674 τῶν

1975 1911 2201 1965 remque
2234 1896 2428 1951 salutis
2455 1897 2828 1965 proximorum
2864 1910 3028 1965 quam
3055 1895 3141 1948 sui
3173 1895 3428 1963 corporis
3460 1907 3558 1948 cu-

1973 2001 2089 2040 ram
2125 2001 2338 2055 gerere.
2369 2005 2387 2038 (
2421 1985 2513 2040 ναξ
2532 1987 2699 2052 enim,
2732 1987 2915 2055 inquit
2938 1985 3224 2056 propheta,
3247 1987 3340 2054 qui
3376 1985 3558 2040 tacitis

1978 2090 2116 2144 opus
2150 2073 2366 2128 Domini
2406 2074 2744 2145 negligenter
2781 2074 2844 2127 ¹³.
2887 2072 3006 2137 ιῆυι
3034 2089 3164 2144 ergo
3201 2074 3480 2128 discamus
3503 2074 3556 2127 in

1977 2164 2292 2220 istiusmodi
2337 2164 2572 2219 maxime
2601 2165 2937 2234 temporibus
2969 2163 3264 2219 Dominum
3303 2164 3558 2235 jejunare

1977 2255 2222 2317 solitum,
2257 2254 2664 2324 interrogantes
2711 2255 2922 2310 inducit
2967 2255 3288 2324 discipulos,
3338 2270 3404 2310 ac
3436 2263 3554 2308 tan-

1976 2354 2089 2402 tum
2124 2362 2234 2401 non
2285 2345 2518 2416 genibus
2570 2345 2864 2400 advolutus
2922 2353 3128 2414 petere,
3185 2353 3247 2398 ut
3283 2344 3558 2398 modicum

1976 2439 2106 2509 quid
2126 2453 2314 2493 eorum
2338 2451 2460 2507 quae
2491 2437 2848 2506 suppetebant
2883 2436 2938 2489 in
2972 2436 3343 2491 necessarium
3375 2436 3558 2490 cibum

1986 2536 2228 2600 caperet.
2265 2527 2541 2582 Petierant
2572 2529 2770 2597 quippe
2801 2526 2990 2581 urbem
3027 2536 3086 2580 ut
3115 2526 3268 2582 cibos
3296 2532 3559 2592 emerent,

1986 2635 2190 2690 eosque
2214 2617 2329 2691 jam
2372 2617 2690 2672 attulerant.
3097 2612 3104 2618 ’

293 2718 754 2789 πεπορισμένων,
804 2718 878 2782 ὡς
921 2719 1294 2790 ἀπαραίτητόν
1328 2737 1387 2773 τε
1435 2720 1530 2773 καὶ
1572 2718 1876 2788 ἀναγκαίαν
1915 2716 2201 2787 ποιήσαιτο
2246 2715 2473 2785 τροφήν.
2510 2711 2884 2784 Ἀπελύθησαν
2923 2712 3031 2782 γὰρ
3076 2713 3156 2776 είς
3221 2713 3321 2783 τὴν
3385 2711 3560 2770 πόλινι

295 2814 382 2867 ἵνα
418 2813 628 2884 τροφὰς
673 2813 1017 2886 ἀγοράσωσιν
1039 2855 1056 2884 ,
1101 2815 1168 2877 ἀς
1201 2815 1296 2869 καὶ
1318 2815 1572 2887 παρῆσαν
1601 2815 1702 2886 ήδη
1733 2812 2216 2883 συγκομισάμενοι.
2275 2854 2287 2864 .

384 2905 789 2986 Ἑτὼβρῶσιν
805 2907 923 2976 ἔχω
943 2906 1154 2978 φαγεῖν
1173 2949 1188 2976 ,
1216 2905 1297 2975 ἦν
1323 2907 1492 2977 ὑμεῖς
1519 2909 1631 2961 οὐκ
1658 2905 1877 2960 οἴδατε.

2055 2901 2262 2968 1V,52.
2300 2900 2412 2972 Ego
2464 2902 2638 2956 cibum
2682 2900 2847 2956 habeo
2889 2901 3230 2966 manducare,
3274 2915 3426 2970 quem
3473 2916 3561 2956 eos

1985 2995 2217 3048 nescitis.

370 3081 684 3152 Χαριέντως
718 3081 819 3152 μὲν
850 3083 1098 3174 ό.Σωτὴρ
1141 3085 1249 3140 ἀπὸ
1277 3085 1384 3139 τῶν
1421 3085 1480 3140 ὲν
1515 3087 1672 3159 χερσὶ
1696 3103 1877 3157 πραγ-

2054 3085 2202 3140 Scite
2232 3083 2486 3140 Salvator
2523 3099 2554 3140 e
2579 3099 2646 3140 re
2669 3083 2925 3154 praesenti
2961 3081 3378 3152 responsionem
3401 3085 3565 3141 texit.

303 3174 494 3244 μάτων
537 3173 815 3244 ὲξυφαίνει
841 3165 940 3246 τῆν
991 3177 1298 3248 ἀπόκρισιν.
1335 3179 1512 3232 Μόνον
1541 3179 1598 3232 δὲ
1625 3179 1744 3249 οὐχί
1775 3196 1877 3250 φη-

301 3281 389 3318 σιν
419 3266 871 3335 ὲπεσκιασμένως
895 3306 910 3332 ,
956 3267 1031 3331 ὡς
1059 3269 1215 3341 εῐπερ
1253 3269 1441 3322 εἰδεῖεν
1467 3270 1620 3323 αὐτοὶ
1644 3270 1743 3341 τὴν
1773 3271 1878 3323 Σα-

303 3357 582 3427 μαρειτῶν
612 3359 703 3410 ἐπὶ
736 3357 906 3429 θύρας
935 3355 1102 3413 οὖσαν
1133 3359 1491 3432 ἐπιστροφὴν,
1517 3360 1734 3431 ἐκείνης
1760 3359 1880 3431 ἔχε-

300 3446 429 3499 σθαι
464 3447 666 3516 μᾶλλον
692 3448 767 3513 ὡς
789 3449 1004 3519 τρυφῆς
1022 3490 1035 3515 ,
1062 3450 1094 3529 ή
1125 3451 1303 3521 σάρκα
1326 3450 1546 3521 τρέφειν
1573 3450 1878 3505 ἀνέπειθον.

315 3536 414 3590 Ἐκ
439 3537 499 3590 δὲ
534 3537 600 3609 δὴ
621 3537 815 3592 τούτου
843 3539 1007 3592 πάλιν
1037 3540 1166 3610 ὅσην
1190 3539 1302 3610 ἔχει
1328 3540 1428 3610 τὴν
1452 3540 1534 3602 είς
1561 3537 1880 3608 ἀνθρώπους

300 3627 527 3698 ἀγάπην
574 3631 609 3698 ή
659 3628 780 3682 θεία
827 3629 988 3698 φύσις
1020 3628 1198 3694 ἔξεστι
1250 3629 1476 3699 μαθεῖν’
1531 3629 1735 3700 τροφὴν
1773 3628 1882 3699 γὰρ

301 3718 495 3791 ὥσπερ
525 3720 741 3790 ήγεῖται
790 3721 882 3774 καὶ
910 3720 1121 3792 τρυφὴν
1151 3721 1259 3775 τῶν
1284 3719 1639 3775 ἀπολωλότων
1668 3719 1766 3790 τὴν
1801 3721 1884 3784 είς

303 3810 584 3882 σωτηρίαν
604 3811 936 3883 ἀναδρομὴν.

374 3903 637 3972 Ἔλεγον
653 3899 767 3958 οὖν
785 3905 838 3957 οι
855 3903 1114 3974 μαθηταί
1137 3903 1285 3972 πρὸς
1307 3904 1622 3971 ἀλλήλους
1647 3919 1662 3934 ’
1695 3901 1884 3972 Μῆτις

302 3991 566 4063 ἤνεγκεν
601 3994 760 4060 αὐτῷ
793 3995 1006 4065 φαγεῖν
1025 3995 1229 4066 ;Λέγει
1257 3996 1460 4063 αὐτοῖς
1487 3999 1520 4050 ὀ
1561 3996 1810 4065 Ἰησοῦς.

371 4086 657 4139 Σκοτεινὸν
693 4086 822 4141 ὄντα
854 4086 944 4140 τὸν
972 4085 1127 4155 λόγον
1161 4086 1313 4142 ούπω
1347 4088 1600 4151 συνέντες
1637 4089 1687 4141 οί
1719 4086 1887 4160 μαθη-

301 4180 416 4244 ταὶ,
438 4178 508 4231 τά
546 4177 806 4241 πολλάκις
851 4178 1109 4248 γεγονότα
1153 4179 1275 4232 καθ’
1304 4180 1528 4243 ἑαυτοὺς
1558 4179 1881 4248 ἐλογίζοντο,

301 4271 402 4324 καὶ⁸
440 4272 574 4341 πρὸς
598 4271 698 4333 τὰς
729 4269 978 4339 συνήθεις
1011 4269 1430 4324 καταϐαίνουσιν
1461 4271 1688 4337 ὲννοίας,
1719 4289 1886 4342 προσ-

300 4362 471 4432 ῆχθαι
508 4362 611 4431 μὲν
647 4361 750 4414 ὑπό
786 4379 878 4415 του
911 4360 1116 4434 τροφὴν
1146 4362 1546 4426 ὑποπτεύοντες
1579 4363 1757 4432 αὐτῷ,
1803 4380 1887 4418 τι-

1982 3177 2216 3232 Tantum
2253 3193 2364 3232 non
2426 3186 2608 3232 autem
2668 3178 2978 3242 subinnuit,
3026 3177 3175 3248 quod
3231 3177 3279 3233 si
3336 3186 3560 3235 nossent

1983 3267 2458 3324 Samaritanorum
2518 3269 2937 3324 conversionem
2984 3270 3122 3339 ipsis
3171 3271 3561 3340 propemodum

1981 3362 2277 3418 instantem
2331 3361 2566 3425 foribus,
2600 3361 2651 3416 ei
2693 3361 2876 3430 potius
2921 3362 3240 3416 incumbere
3291 3377 3391 3416 ceu
3426 3362 3563 3416 deli-

1979 3452 2084 3507 ciis
2136 3451 2623 3521 persuaderentur,
2681 3466 2843 3521 quam
2905 3451 3209 3508 nutrienda:
3262 3452 3415 3506 carni
3470 3466 3563 3507 va-

1981 3557 2129 3597 care.
2163 3542 2301 3598 Hinc
2334 3557 2466 3598 vero
2520 3543 2704 3599 denuo
2755 3545 2970 3602 discere
3030 3545 3163 3598 licet
3210 3551 3471 3612 quantam
3507 3544 3562 3598 in

1983 3631 2232 3687 homines
2267 3632 2466 3688 habeat
2511 3642 2711 3688 natura
2745 3634 2927 3688 divina
2981 3633 3306 3688 cbaritatem
3341 3649 3356 3686 :
3408 3633 3562 3686 cibo-

1982 3739 2103 3778 rum
2140 3725 2284 3778 enim
2321 3735 2375 3781 et
2406 3725 2733 3780 deliciarum
2779 3725 2900 3780 loco
2928 3725 2979 3781 ei
3005 3732 3093 3780 est
3129 3722 3467 3793 perditorum
3495 3721 3561 3777 ad

1983 3815 2216 3870 salutem
2244 3817 2508 3870 reversio.

2053 3904 2146 3969 IV,
2178 3906 2266 3959 55.
2313 3905 2570 3959 Dicebant
2596 3919 2716 3976 ergo
2743 3904 2990 3971 discipuli
3011 3904 3078 3958 ad
3100 3904 3317 3959 invicem
3338 3921 3357 3959 :
3387 3903 3563 3958 Num-

1983 3997 2107 4067 quid
2142 3998 2334 4066 aliquis
2369 3997 2552 4052 attulit
2600 3999 2648 4052 ei
2682 3997 3043 4054 manducare?
3081 3997 3223 4051 Dicit
3261 3999 3338 4052 eis
3379 3998 3562 4053 Jesus.

2057 4085 2360 4141 Obscurum
2394 4101 2699 4142 sermonem
2743 4101 2869 4142 cum
2907 4087 3163 4157 discipuli
3201 4087 3445 4142 nondum
3475 4089 3562 4142 in-

1983 4179 2316 4249 telligerent,
2365 4194 2489 4250 qua:
2521 4193 2664 4250 saepe
2697 4180 3039 4252 contigerant
3081 4181 3220 4250 apud
3265 4197 3324 4236 se
3349 4182 3560 4252 cogita-

1983 4271 2138 4334 bant,
2173 4281 2225 4326 et
2254 4271 2324 4326 de
2353 4286 2504 4326 more
2527 4272 2955 4342 suspicabantur
2989 4287 3018 4324 a
3039 4271 3274 4342 quodam
3299 4272 3348 4326 ei
3377 4272 3558 4327 cibum

1985 4363 2234 4426 allatum,
2270 4361 2640 4418 delicatiorem
2683 4364 2942 4417 nimirum
2991 4374 3046 4420 et
3094 4364 3377 4421 meliorem
3421 4379 3561 4437 quo-

301 4452 584 4522 μιωτέραδ
607 4450 663 4503 δέ
692 4467 832 4517 πως,
864 4452 898 4522 ἢ
927 4452 1022 4505 καὶ
1051 4451 1236 4524 ἡδίονα
1261 4453 1361 4522 τῆς
1395 4453 1525 4524 παρ’
1556 4453 1737 4508 αὐτῶν
1757 4455 1879 4508 συλ-

1987 4450 2278 4506 dammodo
2307 4469 2373 4508 eo
2403 4468 2561 4524 quem
2597 4461 2975 4525 corrogarant.

298 4543 559 4610 λεγείσης
584 4543 849 4614 ὑπάρχειν
881 4542 1070 4615 αὐτήν.
1178 4585 1184 4590 .

385 4636 567 4704 Ἐμὸν
597 4633 809 4704 βρῶμά
857 4635 1028 4690 ἐστιν
1050 4676 1065 4702 ,
1125 4636 1225 4690 ἵνα
1271 4637 1504 4705 ποιήσω
1555 4636 1622 4692 τὸ
1656 4639 1884 4708 θέλημα

300 4727 412 4780 τοῦ
447 4723 798 4794 πέμψαντός
820 4741 916 4793 με,
940 4723 1036 4778 καὶ
1065 4725 1354 4779 τελειώσω
1376 4725 1564 4780 αὐτοῦ
1593 4726 1660 4780 τὸ
1684 4726 1880 4796 ἔργον.

375 4817 544 4871 Ὀλον
595 4815 912 4887 ἀπορρήξας
958 4815 1053 4868 τοῦ
1083 4814 1240 4885 λόγου
1279 4817 1340 4870 τὸ
1381 4818 1712 4889 κατάλυμμα

304 4911 579 4980 κάλυμμα
633 4917 729 4962 aut
784 4905 1154 4979 καταλύμμα]
1204 4909 1640 4983 διαφανεστάτην
1701 4912 1888 4974 αὐτοῖς

305 5002 562 5070 ἀπέδειξε
584 5002 683 5073 τὴν
714 5000 995 5072 ἀλήθειαν,
1019 5000 1094 5064 ὼς
1121 5000 1176 5054 δὲ
1208 5001 1332 5055 ὅσον
1351 5003 1561 5056 οὐδέπω
1587 5004 1686 5073 τῆς
1709 5004 1886 5057 οίκου-

310 5097 480 5167 μένης
522 5093 802 5164 ἐσομένοις
838 5092 1178 5156 διδασκάλοις
1203 5091 1372 5146 τύπον
1394 5093 1586 5147 ἑαυτὸν
1617 5095 1880 5165 εἰσφέρει,

306 5184 564 5237 συντόνου
604 5199 663 5234 τε
710 5181 806 5234 καὶ⁵
845 5179 967 5234 λίαν
996 5179 1224 5252 ἀρίστης
1253 5180 1489 5251 σπουδῆς
1507 5220 1522 5245 ,
1577 5180 1675 5250 τῆς
1701 5180 1793 5232 ἐπὶ
1821 5179 1883 5234 τὸ

291 5274 507 5349 χρῆναι
528 5272 800 5326 διδάσκειν
827 5270 1052 5340 δηλαδὴ,
1078 5271 1170 5324 καὶ
1197 5270 1296 5340 τῆς
1325 5269 1626 5337 ἀναγκαίας
1653 5271 1745 5323 τοῦ
1779 5269 1884 5323 σώ-

293 5379 483 5437 ματος
514 5361 701 5432 χρείας
730 5359 990 5428 δευτέραν
1016 5357 1246 5428 ἐχούσης
1287 5355 1376 5409 διὰ
1403 5355 1562 5409 τοῦτο
1587 5356 1684 5427 τὴν
1717 5374 1882 5428 φρον-

285 5455 449 5509 τίδα.
505 5452 710 5522 Βρῶμα
752 5451 860 5522 γὰρ
895 5445 1034 5502 εἶναι
1066 5449 1237 5516 λέγων
1275 5445 1452 5518 ἐαυτῷ
1476 5446 1885 5520 θυμηρέστατον

285 5547 364 5600 τὸ
393 5544 621 5614 ποιῆσαι
655 5541 716 5595 τὸ
739 5541 949 5613 θέλημα
979 5539 1073 5594 τοῦ
1109 5538 1422 5609 πέμψαντος
1452 5538 1633 5605 αὐτὸν,
1679 5539 1774 5595 καὶ
1795 5557 1887 5594 τε·

383 5737 428 5767 "
459 5732 620 5790 Joan.
657 5748 732 5801 tv,
755 5732 806 5788 6.
889 5732 931 5765 "
957 5729 1156 5789 Jerem.
1184 5742 1351 5785 vam
1382 5768 1398 5797 ,
1438 5726 1525 5783 lO.

2067 4627 2345 4699 191W,
2385 4629 2474 4685 54.
2517 4629 2666 4685 Meus
2707 4630 2854 4685 cibus
2884 4639 2984 4697 est,
3031 4640 3088 4686 ut
3127 4631 3322 4701 faciam
3375 4635 3563 4690 solun-

1995 4727 2160 4774 tatem
2183 4719 2296 4789 ejus
2329 4721 2421 4791 qui
2460 4722 2604 4777 misit
2632 4738 2731 4786 me,
2764 4731 2811 4776 et
2837 4724 3109 4792 perﬁciam
3144 4741 3273 4793 opus
3311 4725 3445 4794 ejus.

2062 4806 2226 4888 Omni
2263 4809 2531 4866 velamine
2561 4812 2834 4867 sermonis
2863 4811 3113 4882 disrupto
3155 4814 3561 4881 apertissimam

1991 4901 2239 4956 ostendit
2283 4900 2364 4956 eis
2419 4902 2738 4968 veritatem,
2799 4910 2855 4956 et
2902 4902 3016 4971 jam
3068 4901 3309 4971 seipsum
3362 4901 3562 4958 futuris

1991 4993 2144 5049 orbis
2172 4995 2455 5064 magistris
2483 4994 2790 5066 exemplum
2829 4995 3022 5050 statuit
3052 4994 3306 5048 acerrimi
3336 5001 3392 5047 et
3428 5007 3563 5062 pra»

1989 5082 2122 5136 clari
2157 5084 2222 5136 ad
2251 5082 2556 5137 docendum
2594 5082 2762 5137 studii
2789 5121 2804 5147 ,
2848 5081 2952 5136 cui'
2984 5082 3290 5136 necessaria
3313 5080 3562 5150 corporis

1987 5172 2152 5227 etiam
2202 5171 2585 5241 praeferantur.
2636 5171 2770 5225 Nam
2831 5186 2955 5224 cum
3003 5170 3395 5226 suavissimum
3453 5171 3561 5225 sibi

1987 5275 2113 5316 eum
2148 5261 2329 5315 cibum
2355 5275 2478 5315 esse
2504 5261 2674 5326 dicit,
2713 5260 2972 5316 nimirum
3003 5259 3185 5314 lacere
3216 5259 3560 5316 voluntatem

1987 5353 2109 5424 ejus
2143 5367 2172 5406 a
2204 5367 2313 5422 quo
2336 5353 2540 5406 missus
2565 5360 2681 5415 est,
2705 5361 2758 5406 et
2792 5350 3055 5421 perlicere
3075 5351 3194 5420 ejus
3225 5366 3393 5421 opus,
3429 5365 3562 5422 apo-

1991 5445 2171 5502 stolici
2202 5443 2491 5499 ministerii
2523 5459 2723 5500 munus
2741 5442 3024 5498 describit.
3045 5441 3322 5508 Quantum
3353 5456 3482 5497 vero
3506 5440 3561 5497 in

1993 5538 2104 5596 illis
2133 5535 2377 5594 studium
2405 5537 2531 5595 es'se
2558 5535 2794 5604 debeat,
2842 5534 2990 5592 clare
3027 5533 3291 5592 ostendit.
3325 5532 3564 5590 Βορεηῶ

3405 5638 3442 5663 Β
