4038 6210
509 316 614 375 39.3

1487 311 1543 366 S.
1571 307 1848 365 CYRILLI
1875 309 2349 368 ALEXANDRIN‘I
2386 311 2702 368 ARCIIIEP.

3649 314 3756 370 325

509 433 655 488 enim
689 444 837 485 curae
864 428 1107 484 intentos
1138 424 1261 479 illos
1295 437 1419 478 esse
1448 421 1712 476 duntaxat
1741 428 1953 491 oportet
1975 461 1991 486 ,
2022 429 2077 476 et

2184 424 2399 478 λειῶσαι
2442 424 2607 479 αὑτοῦ
2652 423 2713 476 τὸ
2743 422 2938 492 ἔργον,
2989 421 3086 490 τῆς
3126 420 3223 491 μὲν
3263 420 3626 490 ἀπστολικῆς
3649 422 3762 474 λει-

511 537 538 576 a
565 521 747 576 carnis
771 519 986 574 deliciis
1017 519 1068 571 in
1093 526 1303 570 tantum
1334 512 1623 576 recedere,
1656 520 1714 567 ut
1745 527 1813 567 ne
1837 527 2084 567 necessa-

511 616 654 666 rium
691 609 910 679 quidem
942 607 1268 675 obsequium
1313 605 1607 658 admittant
1648 601 1794 673 quod
1822 602 1890 657 ad
1917 603 2082 656 vitam

509 699 937 759 conservandam
968 698 1277 752 exhibetur.
1321 697 1501 765 Atque
1539 696 1654 749 haec
1684 695 1830 749 dicta
1859 693 2079 764 quidem

508 795 622 846 sint
664 789 1142 857 inpraesentiarum
1198 795 1458 854 tanquam
1497 784 1565 838 ad
1595 794 1784 854 typum
1815 793 1868 838 et
1897 799 2084 838 exem-

510 885 658 953 plutu
688 881 1005 949 apostolicae
1045 881 1169 933 vitze
1205 878 1552 948 pertinentia.
1601 875 1757 942 Quod
1791 877 1837 932 si
1873 873 2082 946 aliquid

511 975 681 1041 magis
711 972 1078 1042 dogmatieum
1109 966 1422 1025 addendum
1456 977 1540 1024 est
1572 970 1640 1024 iis
1669 984 1791 1038 quae
1819 969 2078 1029 diximus.

507 1067 584 1118 ait
619 1066 846 1118 missum
875 1077 934 1116 se
963 1077 992 1113 a
1023 1059 1133 1114 Deo
1163 1071 1217 1114 et
1244 1060 1438 1124 Patre,
1476 1061 1557 1113 vel
1588 1059 1798 1113 ratione
1828 1059 2083 1112 incarna-

509 1157 675 1208 tionis
709 1170 805 1224 per
829 1168 992 1222 quam
1020 1152 1224 1206 mundo
1246 1166 1369 1205 cum
1398 1165 1565 1205 carne
1597 1150 1794 1214 illuxit,
1826 1147 2081 1216 benepla-

509 1246 618 1299 cito
664 1253 718 1299 et
757 1255 894 1297 nutu
933 1243 1117 1297 Patris
1144 1281 1160 1306 ,
1207 1242 1290 1294 vel
1330 1250 1392 1294 ut
1438 1239 1672 1295 Verbum
1712 1255 1776 1295 ex
1813 1237 2080 1309 genitoris

513 1346 692 1392 mente
721 1337 982 1407 prodiens
1009 1333 1415 1406 quodammodo
1437 1373 1453 1397 ,
1482 1340 1536 1386 et
1568 1335 1906 1387 voluntatem
1925 1344 2080 1385 suam

511 1429 862 1499 adimplens,
923 1443 1030 1482 non
1082 1435 1140 1480 ut
1196 1427 1388 1480 aliena:
1442 1424 1742 1478 voluntatis
1787 1429 2082 1476 exsecutor

509 1527 847 1589 assumptus,
881 1519 975 1574 sed
1011 1519 1126 1587 ipse
1148 1533 1272 1572 cum
1309 1517 1381 1570 sit
1407 1523 1462 1569 et
1493 1513 1732 1571 Verbum
1760 1516 1953 1568 vivens
1975 1552 1990 1576 ,
2028 1521 2084 1568 et

509 1611 963 1667 manifestissima
1011 1609 1191 1664 Patris
1231 1608 1486 1662 voluntas
1513 1647 1527 1672 ,
1571 1614 1824 1677 prompte
1856 1619 2083 1661 servans

506 1718 605 1757 eos
635 1703 727 1772 qui
759 1703 1060 1771 perierunt.
1105 1699 1379 1766 Quocirca
1412 1713 1552 1768 Opus
1595 1697 1717 1768 ejus
1745 1714 1776 1751 a
1805 1713 1916 1768 quo
1948 1697 2083 1752 mis-

508 1810 606 1851 sus
629 1803 732 1857 est,
767 1809 891 1847 eum
928 1808 988 1848 se
1012 1792 1286 1858 dixisset,
1327 1791 1445 1859 ipse
1467 1788 1748 1860 perfector
1777 1804 1900 1844 esse
1932 1787 2074 1842 video
2113 1785 2157 1845 Β

509 1896 617 1941 tur.
668 1883 864 1940 Omnia
911 1884 1057 1938 enim
1105 1899 1143 1958 aI
1187 1880 1352 1935 Patre
1380 1897 1474 1950 per
1517 1879 1716 1933 Filium
1759 1881 1814 1934 in
1852 1878 2080 1948 Spiritu.

400 1964 404 1968 ’
508 1977 706 2032 Filium
740 1978 940 2048 quippe
980 1975 1216 2031 Verbum
1239 2013 1254 2037 ,
1291 1973 1584 2027 consilium
1609 2011 1625 2038 ,
1661 1971 1991 2026 voluntatem
2029 1977 2085 2025 et

508 2067 768 2122 virtutem
793 2080 916 2120 esse
939 2064 1120 2118 Patris
1144 2063 1211 2128 “,
1231 2061 1460 2127 nemini,
1483 2062 1696 2132 opinor,
1725 2069 1938 2116 nonest
1969 2075 2084 2114 ma.

507 2157 770 2212 nifestum
808 2171 823 2210 :
854 2154 949 2209 sed
982 2154 1080 2210 abs
1111 2168 1172 2208 re
1218 2168 1329 2208 non
1353 2153 1460 2208 erit
1494 2151 1546 2205 id
1583 2152 1748 2207 etiam
1793 2167 1863 2206 ex
1899 2151 2085 2205 divina

508 2247 810 2318 Scriptura
828 2245 1213 2316 comprobare.
1247 2244 1417 2314 Igitur
1462 2243 1676 2299 videbis
1694 2242 1934 2299 Verbum
1962 2257 2086 2299 esse

506 2353 577 2392 ex
607 2339 708 2391 hoc
749 2337 868 2390 loco
894 2352 908 2387 :
951 2352 968 2386 ι
1000 2333 1056 2387 In
1088 2335 1363 2406 principio
1393 2341 1512 2388 erat
1543 2332 1774 2388 Verbum
1802 2372 1817 2397 ,
1862 2341 1918 2387 et
1948 2331 2084 2399 Ver-

511 2429 639 2482 bum
677 2437 796 2483 erat
834 2429 979 2498 apud
1007 2425 1209 2489 Deum,
1247 2434 1302 2481 et
1336 2424 1480 2480 Deus
1523 2432 1643 2479 erat
1687 2423 1926 2479 Verbum
1958 2425 2022 2477 ¹⁵.
2061 2441 2079 2475 ι

510 2520 731 2575 Videbis
765 2521 1050 2574 consilium
1072 2557 1087 2582 ,
1133 2519 1188 2573 in
1233 2533 1300 2574 eo
1333 2518 1480 2588 quod
1516 2519 1592 2571 ait
1625 2518 1913 2574 Psalmista
1961 2532 2086 2572 ora-

509 2613 658 2668 tione
689 2610 754 2665 ad
784 2611 949 2666 Deum
988 2619 1042 2665 et
1076 2608 1292 2664 Patrem
1327 2623 1638 2665 conversa:
1699 2626 1718 2660 ‹
1761 2610 1818 2663 ln
1853 2609 2085 2664 consilio

506 2711 604 2758 tuo
636 2703 919 2757 deduxisti
946 2716 1032 2755 me
1057 2701 1122 2758 η.
1157 2718 1177 2752 ι
1205 2699 1434 2756 Videbis
1467 2701 1803 2754 voluntatem
1833 2715 1990 2762 esse,
2028 2699 2082 2752 in

509 2807 576 2848 co
622 2793 770 2862 quod
819 2794 932 2861 ipse
969 2791 1105 2846 dicit
1154 2813 1166 2845 :
1227 2810 1244 2841 ι
1283 2790 1542 2855 Domine,
1589 2791 1642 2845 in
1677 2791 1958 2844 voluntate
1988 2800 2083 2842 tua

510 2882 814 2952 praestitisti
845 2880 1029 2936 decori
1067 2894 1190 2935 meo
1229 2881 1489 2935 virtutem
1515 2881 1581 2936 ".
1612 2900 1631 2933 ο
1663 2879 1908 2936 Roborat
1938 2882 2082 2935 enim

511 2979 829 3028 sanctorum
871 2971 1146 3035 decorem,
1172 2970 1227 3025 id
1276 2979 1360 3025 est
1393 2987 1610 3026 omnem
1638 2972 1858 3026 virtutis
1886 2973 2082 3024 bonam

514 3063 898 3121 habitudinem
947 3064 1138 3119 vivens
1164 3077 1228 3117 ac
1253 3064 1564 3120 subsistens
1593 3065 1772 3120 Patris
1797 3066 2048 3119 voluntas
2065 3104 2080 3128 ,

514 3157 620 3211 hoc
645 3164 729 3211 est
750 3153 944 3209 Filius.
962 3152 1230 3208 Virtutem
1255 3155 1458 3225 quippe
1485 3156 1637 3210 illum
1660 3171 1784 3211 esse
1807 3157 1935 3212 hinc
1964 3173 2087 3213 rur-

515 3261 638 3302 sum
671 3247 979 3316 intelliges:
1030 3244 1191 3314 198
1233 3263 1251 3296 ι
1281 3245 1492 3312 Blanda,
1523 3245 1687 3311 Deus,
1720 3247 1904 3302 virtuti
1941 3257 2084 3314 tuze,

513 3335 777 3390 confirma
809 3336 952 3402 hoc,
995 3334 1168 3399 Deus,
1194 3338 1339 3404 quod
1373 3336 1649 3406 perfecisti
1691 3337 1748 3391 in
1778 3340 1938 3394 nobis
1970 3340 2038 3392 “.
2063 3358 2081 3390 ι

518 3424 682 3481 Vides
717 3425 776 3480 in
816 3424 902 3480 bis
931 3425 1121 3495 utique
1171 3425 1266 3480 Dei
1314 3440 1379 3479 ac
1416 3424 1596 3482 Patris
1629 3427 1972 3498 beneplacito
2005 3431 2089 3484 in-

515 3526 801 3574 carnatam
830 3519 954 3588 ejus
983 3519 1245 3574 virtutem
1267 3557 1282 3583 ,
1321 3519 1425 3573 hoc
1452 3529 1535 3574 est
1579 3518 1777 3575 Filium
1807 3561 1823 3586 ,
1865 3529 1923 3576 ut
1955 3537 2089 3577 con-

514 3613 756 3668 firmaret
775 3612 880 3666 hoc
907 3612 1053 3682 quod
1084 3613 1244 3667 nobis
1278 3610 1509 3680 perfecit
1537 3627 1762 3683 corpus.
1787 3614 1901 3670 Nisi
1940 3615 2085 3669 enim

513 3705 816 3760 habitasset
847 3706 904 3758 in
935 3704 1116 3768 nobis,
1145 3685 1390 3774 profecto
1420 3719 1489 3759 ne
1517 3705 1633 3774 ipsa
1663 3705 1880 3775 quidem
1903 3707 2088 3762 carnis

515 3805 710 3850 natura
737 3795 1110 3851 infirmitatem
1135 3810 1202 3848 ex
1233 3797 1592 3865 corruptione
1622 3797 1926 3866 profectam
1955 3813 2090 3852 exu-

513 3883 668 3944 iSset.
699 3887 836 3943 Cum
875 3903 1007 3959 ergo
1051 3886 1226 3944 Filius
1276 3890 1348 3944 sit
1398 3890 1543 3944 bona
1582 3889 1756 3945 Patris
1789 3891 2042 3945 voluntas
2069 3930 2086 3958 ,

515 3979 729 4052 perficit
757 3995 892 4050 opus
917 3982 1078 4050 ejus,
1110 3981 1342 4036 salutem
1371 3981 1620 4037 tribuens
1651 3981 2002 4037 credentibus
2031 3983 2088 4037 in

512 4087 660 4128 eum.
701 4070 809 4127 Sed
841 4072 1063 4142 objiciet
1112 4072 1297 4130 forsan
1337 4074 1587 4144 aliquis:
1644 4073 1700 4127 Si
1752 4073 1924 4130 Filius
1970 4076 2089 4144 ipse

513 4173 600 4219 est
625 4162 882 4219 voluntas
908 4151 1109 4230 Patris,
1141 4181 1305 4235 quam
1337 4167 1674 4220 voluntatem
1702 4165 1879 4221 Patris
1905 4166 2087 4237 perfe-

515 4264 708 4310 cturus
739 4257 941 4314 missus
972 4259 1088 4313 est?
1118 4259 1280 4313 Aliud
1317 4259 1464 4313 enim
1497 4273 1619 4314 esse
1661 4258 1823 4315 debet
1865 4260 1916 4313 id
1942 4260 2084 4330 quod

517 4345 798 4415 perficitur
849 4349 918 4401 ab
969 4364 1034 4403 eo
1075 4351 1171 4419 qui
1217 4351 1453 4420 perficit.
1479 4350 1618 4416 Quid
1665 4351 1829 4420 igitur
1866 4353 1930 4407 ad
1977 4353 2079 4407 hoc
2116 4336 2160 4391 θ

515 4435 782 4489 dicimus?
808 4435 988 4508 Exigit
1020 4439 1238 4508 quidem
1277 4443 1558 4496 nominum
1590 4442 1868 4511 impositio
1901 4458 2085 4497 rerum

517 4526 942 4597 signiticatarum
990 4530 1362 4587 diversitatem
1388 4575 1403 4598 ,
1453 4533 1546 4587 sed
1591 4533 1646 4587 in
1701 4533 1814 4589 Deo
1851 4550 1993 4605 saepe
2030 4535 2085 4590 id
2128 4604 2134 4612 κ

516 4617 844 4687 negligitur,
877 4625 933 4673 et
959 4629 1170 4675 natura:
1201 4637 1472 4691 supremae
1500 4625 1642 4678 ratio
1675 4629 2085 4683 accurationem

515 4707 666 4765 itlatn
702 4709 934 4780 respuit.
977 4709 1088 4765 Nec
1139 4712 1284 4766 enim
1325 4728 1387 4767 ea
1434 4727 1555 4782 qua:
1590 4715 1658 4770 de
1684 4717 1802 4784 ipsa
1831 4717 2088 4772 dicuntur

520 4810 580 4854 ut
607 4814 739 4855 vere
768 4815 828 4857 se
861 4801 1064 4857 habent
1097 4803 1287 4872 utique
1323 4803 1728 4874 exprimuntur,
1770 4807 1866 4862 sed
1902 4823 1999 4878 pro
2023 4824 2090 4866 eo

515 4905 581 4946 ac
619 4898 800 4963 potest
844 4906 1105 4948 enarrare
1150 4892 1333 4962 lingua
1357 4933 1372 4960 ,
1418 4900 1472 4948 et
1509 4895 1661 4950 auris
1699 4896 1937 4952 hominis
1991 4913 2088 4953 au-

515 4983 655 5039 dire.
690 4982 794 5050 Qui
832 4985 977 5038 enim
1027 4984 1175 5040 videt
1226 4984 1281 5039 i'n
1327 4984 1645 5056 aenigmate,
1695 4986 1751 5043 in
1798 4988 2089 5059 aenigmate

514 5089 732 5146 quoque
760 5076 1017 5146 loquitur.
1047 5074 1191 5142 Quid
1219 5076 1365 5131 enim
1396 5075 1586 5143 facies,
1613 5092 1739 5132 cum
1765 5078 1813 5135 is
1841 5081 1934 5151 qui
1961 5083 2088 5135 sim-

516 5172 638 5240 plex
681 5179 804 5236 est,
845 5182 1042 5226 natura
1077 5170 1275 5242 duplex
1319 5172 1604 5242 apparebit
1635 5173 1868 5231 dicendo
1899 5175 1967 5232 de
2005 5175 2082 5232 ls—

516 5266 764 5320 raelitis:
818 5283 838 5317 ι
879 5264 946 5320 Et
992 5266 1136 5324 filios
1189 5283 1321 5326 suos
1371 5271 1644 5328 ducebant
1694 5284 1789 5340 per
1842 5270 2082 5343 ,ignem,

518 5358 663 5427 quod
713 5372 826 5412 non
869 5359 1123 5415 mandavi
1173 5362 1284 5429 eis,
1321 5371 1377 5419 et
1425 5379 1535 5420 non
1584 5361 1832 5420 ascendit
1877 5363 1931 5417 in
1987 5377 2086 5418 cor

520 5461 700 5502 meum
731 5449 794 5501 η.
827 5467 845 5500 ι
883 5452 1078 5507 Annon
1112 5454 1257 5508 enim
1286 5470 1512 5512 necesse
1545 5463 1628 5512 est
1660 5470 1754 5511 cor
1786 5455 1932 5510 aliud
1963 5468 2086 5510 esse

513 5538 586 5592 ab
618 5551 684 5592 eo
723 5539 780 5592 in
811 5555 920 5610 quo
952 5543 1080 5597 est?
1123 5542 1189 5600 Et
1218 5548 1494 5616 quomodo
1522 5547 1638 5618 jam
1669 5548 1899 5618 simplex
1940 5545 2086 5604 Deus

663 5645 910 5733 [ΨΥ-..η
951 5653 1036 5717 ίθι
1067 5654 1156 5708 24·
1236 5657 1278 5690 ’⁸
1308 5655 1468 5714 Joan.
1500 5675 1541 5724 ι,
1573 5659 1642 5715 ,1.
1720 5662 1762 5694 ¹⁶
1785 5661 1926 5718 Psal.
1967 5679 2136 5733 Lxxn,
2174 5662 2265 5718 24.

520 5729 658 5772 rem.
697 5731 812 5781 xix,
838 5717 892 5778 5.

2183 515 2465 588 τουργείας
2484 514 2792 586 -διαγράφει
2823 513 2884 566 τὸ
2917 512 3272 582 ἐπιτήδευμα.
3307 511 3552 566 Ποταποὶ
3575 511 3632 564 δὲ
3657 514 3758 584 τὴν

2184 606 2296 674 ἕξιν
2322 609 2588 677 ὑπάρχειν
2633 605 2908 675 ὀφείλουσι
2948 603 3284 673 καταμηνύει
3326 604 3534 672 σαφῶς.
3563 604 3756 656 Συντεο

2182 697 2376 750 τάσθαι
2408 696 2515 765 γὰρ
2540 695 2604 764 δὴ
2632 695 2770 746 κατὰ
2797 694 2858 744 τὸ
2881 691 3027 756 εἰκὸς
3046 730 3061 755 ,
3115 693 3411 760 ἀναγκαῖον
3443 691 3642 754 αὐτοὺς
3663 693 3758 745 ἐπὶ

2187 788 2367 858 μόνοις
2395 789 2506 849 τοῖς
2539 784 2932 846 διδασκαλικοίς
2955 782 3465 854 φροντίσμασι,δείν
3495 783 3552 836 δὲ
3577 783 3760 836 τοσοῦ-

2181 898 2278 934 τον
2300 881 2597 950 ἀποφοιτᾴν
2616 879 2717 948 τῆς
2741 879 2820 940 είς
2853 877 3034 947 σάρκα
3065 875 3305 946 τρυφῆς,
3334 875 3409 938 ὡς
3437 875 3561 945 μηδ’
3592 877 3760 946 αὑτὴν

2183 972 2502 1045 προσίεσθαι
2533 971 2631 1042 τὴν
2661 971 2736 1033 ὡς
2767 971 2826 1036 ὲξ
2853 971 3099 1039 ἀνάγκης
3130 967 3448 1038 θεραπείαν,
3473 967 3562 1020 διὰ
3591 968 3759 1037 μόνην

2182 1063 2607 1134 ἐπιτελουμένην
2657 1063 2756 1133 τὴν
2798 1061 2893 1114 τοῦ
2939 1059 3190 1114 τεθνάναι
3235 1059 3595 1129 παραίτησιν.
3653 1058 3761 1110 Καὶ

2181 1159 2352 1213 ταῦτα
2382 1160 2479 1228 μὲν
2507 1155 2741 1227 εἰρήσθω
2761 1158 2896 1224 πρὸς
2931 1152 2992 1204 τὸ
3016 1151 3212 1221 παρὸν,
3243 1151 3318 1212 ὼς
3344 1153 3423 1212 εἰς
3445 1150 3636 1211 τύπον,
3669 1149 3760 1201 καὶ

2184 1249 2546 1320 ὑπογραμμὸν
2587 1244 2950 1313 ἀποπολικῆς
2991 1241 3332 1294 συντείνοντα
3354 1239 3649 1303 πολιτείας.
3698 1240 3758 1292 Εἰ

2181 1340 2238 1394 δὲ
2290 1339 2396 1410 χρὴ
2438 1341 2550 1405 τοῖς
2594 1335 2906 1407 εἰρημένοις
2951 1334 3046 1386 καὶ
3086 1331 3559 1401 δογματικώτερον
3588 1348 3755 1402 προσ-

2183 1435 2442 1495 ϐαλόντας
2475 1433 2666 1492 εἰπεῖν,
2699 1426 3036 1482 ἀπεστάλθαι
3065 1427 3219 1495 φησι,
3249 1425 3406 1494 δῆλον
3425 1425 3482 1478 δὲ
3510 1425 3590 1477 ὅτι
3610 1424 3754 1494 παρά

2180 1525 2276 1580 τοῦ
2297 1524 2430 1579 Θεοῦ
2459 1523 2552 1576 καὶ
2575 1523 2805 1591 Πατρὸς,
2829 1520 2861 1589 ἢ
2887 1517 3027 1571 κατά
3051 1517 3140 1570 τὸν
3163 1518 3261 1585 τῆς
3289 1517 3753 1587 ὲνανθρωπήσεως

2182 1620 2417 1689 τρόπον,
2465 1614 2586 1669 καθ’
2621 1614 2680 1666 ὃν
2715 1611 2991 1682 ἐπέλαμψε
3021 1609 3099 1680 τῷ
3131 1613 3322 1679 κόσμῳ
3357 1609 3495 1679 μετά
3530 1607 3750 1677 σαρκὸς,

2184 1709 2400 1780 εὐδοκία
2435 1713 2526 1762 καὶ
2566 1705 2868 1760 συναινέσει
2901 1701 3268 1773 τοῦπατρὸς,
3317 1700 3350 1772 ἢ
3384 1700 3458 1762 ὼς
3489 1699 3662 1767 Λόγος
3693 1699 3755 1752 ὲκ

2183 1802 2278 1858 τοῦ
2307 1802 2667 1872 γεννήσαντος
2693 1796 2784 1850 νοῦ
2815 1795 3146 1867 προκύπτων
3169 1793 3369 1861 τρόπον
3391 1791 3513 1845 τινὰ
3534 1831 3548 1854 ,
3576 1791 3674 1844 καὶ
3697 1791 3758 1844 τὸ

2183 1893 2340 1958 δόξαν
2367 1890 2700 1961 ἀποπληρῶν
2717 1930 2733 1956 ,
2760 1889 2859 1958 οὑχ
2879 1887 2954 1950 ὡς
2987 1886 3282 1957 ἀλλοτρίων
3309 1884 3436 1954 θελη
3446 1885 3632 1954 μάτων
3657 1899 3756 1936 πα·

2186 1983 2478 2058 ραληφθεὶς
2510 1981 2802 2052 ὑπουργὸς,
2833 1979 2948 2033 ἀλλ’
2981 1979 3141 2043 αὑτὸς
3173 1977 3436 2048 ὑπάρχων
3472 1977 3565 2030 καὶ
3589 1975 3760 2044 Λόγος

2182 2078 2211 2129 6
2237 2075 2346 2140 ζῶν
2364 2117 2379 2141 ,
2420 2073 2516 2126 καὶ
2551 2072 2760 2143 θέλημα
2789 2069 2882 2124 τοῦ
2913 2070 3120 2140 Πατρὸς
3147 2069 3543 2139 ἐναργέστατον
3564 2109 3579 2133 ,
3623 2069 3761 2121 ἑτοί-

2188 2187 2316 2254 μως
2330 2165 2609 2231 διασώζων
2642 2165 2768 2227 τοὺς
2805 2162 3171 2225 ἀπολωλότας.
3221 2162 3319 2215 Διά
3345 2161 3454 2233 γάρ
3471 2177 3552 2214 τοι
3579 2159 3758 2222 τοῦτο,

2184 2249 2303 2315 καὶν
2331 2259 2422 2313 τοῦ
2465 2255 2815 2327 πεπομφότος
2866 2254 3029 2307 αὑτὸν
3063 2249 3200 2306 εἶναι
3245 2251 3308 2304 τὸ
3357 2251 3519 2322 ἔργον
3565 2249 3757 2310 εἰπὼν,

2185 2353 2346 2416 αὑτὸς
2377 2352 2572 2422 ὁρᾶται
2595 2347 2908 2416 τελειωτής.
2940 2345 3122 2399 Πάντα
3141 2343 3250 2414 γὰρ
3274 2344 3424 2414 παρά
3453 2341 3667 2412 Πατρὸς
3689 2341 3760 2394 δι’

2185 2443 2316 2497 Υίοῦ
2343 2444 2400 2495 ὲν
2429 2439 2710 2511 Πνεύματι
2732 2453 2748 2468 ⁸
2803 2438 2887 2490 ὅτι
2918 2437 3028 2506 γὰρ
3057 2437 3151 2489 καὶ
3197 2435 3388 2503 λόγος,
3443 2434 3538 2488 καὶ
3569 2432 3757 2504 βουλὴ,

2183 2537 2279 2588 καὶ
2319 2533 2563 2602 θέλημα,
2614 2531 2709 2585 καὶ
2741 2530 2969 2599 δύναμις
2998 2527 3094 2581 τοῦ
3119 2529 3332 2598 Πατρός
3374 2528 3521 2580 ἐστιν
3556 2526 3586 2577 6
3608 2525 3759 2588 Υἱὸς,

2185 2623 2322 2679 εἶναι
2353 2623 2452 2694 μὲν
2487 2625 2658 2678 ἆπασι
2696 2620 2903 2692 νομίζω
2927 2620 3268 2689 καταφανές·
3315 2619 3475 2672 λυπεῖ
3509 2619 3565 2671 δὲ
3606 2617 3761 2671 οὐδὲν

2185 2718 2279 2772 καὶ
2319 2716 2426 2770 ἀπὸ
2468 2716 2568 2787 τῆς
2623 2714 2773 2777 θείας
2827 2711 3200 2765 πιστώσασθαι
3243 2697 3486 2781 Γραῖρῆς.
3549 2707 3761 2762 Οὐκοῦν

2183 2811 2362 2882 ὁράτω
2391 2809 2488 2880 μέν
2531 2825 2616 2870 τις
2641 2806 2953 2876 ὑπάρχοντα
2981 2804 3152 2871 Λόγον
3191 2806 3248 2855 ὲν
3271 2802 3349 2871 τῷ
3373 2817 3387 2831 ·
3439 2818 3458 2851 ι
3501 2801 3586 2853 Ἐν
3616 2800 3759 2870 ἀρχῇ

2180 2899 2251 2974 ἦν
2281 2904 2309 2955 6
2336 2901 2505 2968 Λόγος
2522 2939 2536 2962 ,
2573 2899 2664 2952 καὶ
2688 2898 2717 2950 6
2749 2897 2920 2965 Λόγος
2945 2890 3013 2966 ἦν
3040 2895 3175 2963 πρὸς
3200 2893 3290 2945 τὸν
3313 2891 3446 2944 Θεὸν
3464 2929 3478 2954 ,
3509 2891 3602 2944 καὶ
3627 2889 3764 2952 Θεὸς

2186 2990 2254 3065 ἦν
2277 2996 2304 3046 6
2333 2992 2522 3060 Λόγος.
2552 3009 2570 3041 r
2619 2990 2834 3062 Ὀράτω
2867 2987 3062 3058 βουλὴν
3087 2987 3144 3038 ἐν
3174 2985 3252 3055 τῷ
3284 2984 3486 3051 λέγειν,
3516 2984 3592 3045 ὼς
3619 2982 3760 3052 πρὸς

2113 3119 2155 3175 c
2187 3085 2318 3138 Θεὸν
2344 3085 2437 3138 καὶ
2459 3083 2710 3156 Πατέρα,
2754 3082 2846 3134 τὸν
2871 3079 3153 3150 Μελῳδόν·
3188 3095 3207 3129 ι
3243 3077 3334 3130 Ἐν
3358 3080 3425 3147 τῇ
3459 3076 3619 3145 βουλῇ
3655 3092 3758 3144 μου

2187 3177 2474 3248 ὼδήγησάς
2507 3192 2595 3246 με.
2626 3193 2645 3226 r
2709 3173 2922 3244 Ὀράτω
2957 3170 3166 3240 θέλημα
3195 3168 3358 3222 πάλιν
3389 3168 3448 3221 ὲν
3475 3167 3551 3236 τῷ
3576 3167 3759 3235 λέγειν

2187 3266 2347 3319 αὑτόν
2370 3283 2384 3297 ο
2441 3283 2461 3314 ι
2485 3263 2655 3334 Κύριε
2675 3302 2691 3327 ,
2751 3263 2808 3314 ὲν
2835 3261 2914 3331 τῷ
2947 3259 3213 3331 θελήματὶ
3247 3276 3343 3312 σου
3369 3258 3648 3328 παράσχου
3680 3256 3760 3326 τῷ

2188 3356 2371 3409 κάλλει
2398 3372 2498 3426 μου
2526 3353 2774 3422 δύναμιν.
2803 3371 2821 3404 ι
2865 3352 3064 3421 Νευροῖ
3087 3350 3194 3422 γὰρ
3221 3349 3328 3403 τῶν
3352 3350 3521 3416 ἁγίων
3551 3348 3614 3399 τὸ
3635 3346 3758 3400 κάλα

2187 3452 2298 3516 λος,
2327 3449 2471 3502 τοῦτ’
2503 3446 2620 3500 ἔστι
2645 3485 2660 3510 ,
2703 3443 2801 3516 τὴν
2825 3444 3040 3498 ἃπασαν
3063 3442 3264 3514 ἀρετῆς
3291 3439 3502 3505 εὐεξίαν
3521 3481 3534 3504 ,
3562 3439 3626 3491 τὸ
3650 3438 3759 3502 ζῶν

2187 3560 2245 3596 τε
2277 3543 2368 3596 καὶ
2397 3539 2755 3593 ὲνυπόστατον
2783 3537 2994 3606 θέλημα
3017 3535 3109 3588 τοῦ
3130 3534 3363 3605 Πατρὸς,
3394 3532 3534 3585 τοῦτ’
3557 3532 3706 3610 ἔστιν
3731 3533 3759 3582 ὁ

2190 3633 2336 3696 Υἱός.
2381 3633 2501 3684 Ὅτι
2530 3629 2636 3700 γάρ
2678 3631 2792 3682 ἐστι
2836 3628 2931 3681 καὶ
2978 3627 3236 3695 δύναμις,
3298 3625 3460 3678 πάλιν
3509 3623 3760 3677 ἐντεῦθεν

2189 3721 2437 3790 συνήσεις
2459 3734 2471 3747 ·
2527 3737 2544 3768 ι
2579 3718 2880 3781 Ἔντειλαι,
2932 3717 3123 3788 φησιν,
3174 3718 3202 3769 6
3231 3715 3393 3779 Θεὸς,
3431 3716 3496 3785 τῇ
3531 3715 3760 3786 δυνάμει

2191 3829 2304 3875 σου,
2336 3810 2670 3880 δυνάμωσον,
2701 3811 2728 3862 6
2752 3809 2905 3872 Θεὸς,
2938 3807 3111 3868 τοῦτο,
3146 3807 3174 3859 6
3201 3808 3547 3877 κατειργάσω
3567 3808 3756 3878 ἡμῖν.»

2199 3903 2361 3975 Ὁρᾷς
2393 3903 2450 3955 ὲν
2479 3902 2687 3965 τούτοις
2713 3901 2956 3973 ἀκριϐῶς
2985 3900 3203 3970 εὐδοκία
3236 3899 3328 3952 τοῦ
3360 3899 3496 3952 Θεοῦ
3521 3903 3616 3952 καὶ
3644 3900 3760 3952 Πα-

2185 3995 2346 4067 τρὸς,
2385 3995 2763 4066 σαρκωθεῐσαν
2804 3992 2969 4046 αὑτοῦ
3014 3993 3114 4062 τὴν
3151 3992 3412 4062 δύναμιν,
3468 3992 3611 4044 τοῦτ’
3642 3992 3759 4046 ἔστι

2186 4090 2277 4143 τὸν
2290 4089 2438 4156 Υίὸν,
2467 4089 2556 4143 ἵνα
2581 4087 2872 4158 δυναμὼσῃ
2895 4087 3070 4153 τοῦτο,
3090 4087 3223 4156 ὅπερ
3241 4087 3371 4156 ἡμῖν
3393 4103 3532 4155 κατη
3543 4085 3761 4156 ρτίσατο

2189 4182 2367 4252 σῶμα.
2412 4182 2474 4234 Εἰ
2509 4179 2584 4252 μὴ
2618 4179 2726 4250 γὰρ
2761 4179 3067 4248 ἐσκήνωσεν
3091 4179 3148 4230 ὲν
3175 4179 3335 4248 ἡμῖν,
3382 4177 3492 4230 οὐδ’
3527 4177 3596 4230 ἂν
3622 4176 3758 4238 ὅλως
3865 4240 3886 4260 I

2185 4272 2283 4344 τὴν
2321 4272 2430 4327 ἀπὸ
2451 4272 2654 4342 φθορᾶς
2684 4269 2967 4324 ἀσθένειαν
3010 4271 3044 4340 ἡ
3074 4271 3172 4340 τῆς
3211 4270 3414 4340 σαρκὸς
3451 4269 3758 4324 ἀπεδύσατο

2190 4365 2369 4434 φύσις.
2423 4363 2592 4426 Αὐτὸς
2626 4361 2912 4434 τοιγαροῦν
2941 4352 3200 4432 ὑπάρχων
3231 4361 3260 4413 6
3290 4362 3416 4424 Υἱὸς
3455 4362 3518 4414 τὸ
3552 4361 3757 4429 ἀγαθὸν

2189 4456 2284 4510 τοῦ
2298 4455 2511 4527 Πατρὸς
2544 4455 2772 4525 θέλημα,
2787 4454 2985 4507 τελειοῖ
3009 4453 3069 4506 τὸ
3091 4452 3248 4525 ἔργον
3269 4453 3456 4517 αὑτοῦ,
3484 4453 3758 4525 σωτηρίαν

2191 4548 2302 4610 τοῖς
2355 4545 2699 4598 πιστεύουσιν
2731 4547 2810 4608 είς
2841 4544 3002 4598 αὑτὸν
3038 4545 3394 4618 δωρούμενος.
3458 4545 3597 4598 Ἀλλ’
3640 4547 3760 4616 ὲριῖ

2189 4655 2274 4702 τις
2314 4638 2451 4708 πρὸς
2480 4637 2636 4690 τοῦτο
2666 4638 2825 4708 τυχόν
2847 4653 2860 4668 °
2907 4639 2970 4690 Ei
2995 4637 3156 4700 αὑτός
3179 4639 3327 4692 ἐστιν
3361 4640 3390 4693 6
3425 4638 3553 4706 Υἱὸς
3577 4639 3638 4692 τὸ
3669 4638 3762 4695 θέ-

2191 4731 2256 4799 λη
2266 4749 2340 4801 μα
2361 4731 2454 4784 τοῦ
2471 4731 2701 4802 Πατρὸς,
2722 4733 2875 4784 ποῖον
2888 4731 3168 4802 ἀπεστάλη
3193 4732 3298 4804 πλη
3306 4731 3496 4804 ρώσων
3509 4731 3724 4802 θέλημα
3743 4751 3759 4798 ;

2187 4823 2280 4874 Δεῖ
2302 4821 2412 4892 γάρ
2438 4821 2624 4890 ἕτερον
2645 4817 2781 4875 εἶναι
2804 4822 2956 4893 παρὰ
2975 4822 3066 4876 τὸν
3094 4822 3198 4894 πλη
3209 4823 3403 4894 ροῦντα
3430 4824 3489 4877 τὸ
3518 4823 3762 4894 πληρού-

2188 4930 2367 4984 μενον.
2405 4912 2468 4965 Τί
2497 4908 2588 4966 οῦν
2617 4912 2722 4984 ἄρα
2761 4915 2896 4984 πρὸς
2917 4914 3075 4969 τοῦτό
3106 4932 3288 4987 φαμεν
3314 4932 3328 4982 ;
3384 4915 3632 4969 ’Λπαιτεῐ
3658 4917 3762 4986 μὲν

2183 5003 2354 5065 ὄντως
2375 5003 2487 5056 τῶν
2519 5002 2797 5075 ὀνομάτων
2826 5008 2858 5076 ἡ
2892 5007 3040 5070 θέσις
3075 5007 3181 5060 τῶν
3217 5007 3631 5078 σημαινομένων
3659 5009 3764 5078 τὴν

2184 5093 2479 5164 ἑτερότητα
2497 5135 2512 5158 ,
2540 5094 2824 5168 ἀδιαφορεῖ
2871 5096 2927 5150 δὲ
2972 5097 3230 5160 πολλάκις
3257 5099 3351 5151 ἐπὶ
3384 5097 3518 5152 Θεοῦ
3539 5141 3554 5163 ,
3581 5100 3680 5153 καὶ
3703 5101 3764 5152 τὸ

2189 5183 2412 5255 ἀκριϐὲς
2441 5185 2500 5239 ὲν
2528 5185 2735 5249 τούτοις
2758 5188 2786 5238 6
2824 5188 2922 5256 τῆς
2948 5189 3208 5242 ἀνωτάτω
3237 5188 3453 5258 φύσεως
3479 5195 3763 5262 παραιτεῖ-

2190 5295 2281 5334 ται
2309 5277 2483 5345 λόγος.
2527 5277 2781 5332 Λαλεῖται
2803 5281 2911 5349 γὰρ
2944 5278 3015 5332 τὰ
3047 5281 3172 5352 περὶ
3199 5281 3391 5353 αὐτῆς.
3415 5284 3513 5354 οὐχ
3538 5283 3615 5346 ὡς
3644 5286 3762 5356 ἔχει

2190 5366 2407 5429 πάντως
2428 5365 2704 5436 ἀληθείας,
2735 5367 2849 5420 ἀλλ’
2870 5369 3018 5432 ὅπως
3051 5369 3116 5424 ἂν
3149 5369 3362 5425 δύναιτο
3385 5371 3762 5445 διερμηνεύειν

2189 5457 2222 5525 ὴ
2251 5455 2482 5523 γλῶττα,
2517 5456 2609 5510 καὶ
2646 5451 2740 5520 οῦς
2761 5459 3166 5531 κατακροᾶσθαι
3195 5462 3254 5514 τὸ
3293 5462 3654 5533 ἀνθρώπινον.
3705 5466 3760 5517 ⁸ο

2190 5546 2298 5619 γὰρ
2331 5548 2389 5600 ὲν
2423 5547 2705 5618 αἰνίγματι
2741 5549 2983 5619 βλέπων,
3041 5554 3096 5606 ὲν
3137 5555 3418 5624 αίνίγματι
3452 5558 3546 5610 καὶ
3585 5557 3754 5612 λαλεῐ.

2362 5662 2402 5694 ⁸⁷
2437 5661 2582 5721 Psal.
2613 5680 2764 5730 χχιχ,
2805 5666 2856 5721 8.
2965 5669 3009 5701 ¹⁸
3037 5668 3186 5729 Psal.
3220 5688 3392 5741 vatt,
3423 5673 3515 5733 29.
3594 5669 3762 5732 "Je-
