4040 6214
321 343 436 400 3‘35

1382 341 1449 399 IN
1487 342 1775 400 JOANNIS
1807 341 2262 399 EVANGELIUM
2297 341 2426 397 LIB.
2461 341 2527 397 11.

3477 337 3582 394 596

333 456 490 509 Ἐπεὶ
514 452 566 506 τί
599 453 842 524 ποιήσεις
865 454 992 508 ὅταν
1016 456 1043 508 ό
1063 452 1266 519 ἁπλοῦς
1295 455 1425 527 ἡμῖν
1461 457 1562 525 τὴν
1600 456 1761 526 φύσιν
1793 458 1896 511 είσ-

2007 472 2129 512 esse
2158 455 2520 512 censebitur?
2548 454 2735 526 Itaque
2769 456 3008 511 humano
3036 457 3254 528 quidem
3297 471 3450 511 more
3492 456 3576 512 di-

319 549 486 620 σαίνῃ
512 545 758 610 διπλοῦς,
807 545 898 600 διὰ
924 547 1018 600 τοῦ
1062 548 1241 617 λέγειν
1272 549 1514 620 περὶτοῦ
1549 549 1607 613 ἐξ
1647 550 1896 621 Ἰσραήλ⁸

325 657 345 691 ι
377 638 568 693 Καὶτᾶ
587 638 753 692 τέκνα
779 638 958 692 αὐτῶν
977 639 1163 709 διῆγον
1189 640 1278 694 διὰ
1310 641 1503 711 πυρὸς,
1523 642 1551 694 ὂ
1577 642 1678 694 οὐκ
1699 644 1900 694 ἐνετει-

319 731 728 801 λάμηνίαὐτοίς,
764 731 858 783 καὶ
888 730 986 783 οὐκ
1016 731 1185 801 ἀνέϐη
1219 734 1310 786 ἐπὶ
1336 732 1433 803 τὴν
1463 733 1693 802 καρδίαν
1724 749 1844 801 μου.
1875 751 1893 783 ι

315 813 397 875 Ἦ
425 821 534 890 γάρ
552 823 651 874 οὐκ
664 822 872 893 ἀνάγκη
890 822 988 893 τὴν
1007 823 1232 894 καρδίαν
1255 825 1446 894 ἑτέραν
1463 824 1730 894 ὑπάρχειν
1753 823 1901 894 παρὰ

317 916 410 968 τὸν
439 916 497 969 ὲν
535 909 687 987 ᾧπερ
716 915 870 979 ὲστί;
915 915 1028 969 Καὶ
1069 915 1188 979 πῶς
1219 915 1425 980 ἀπλοῦς
1466 915 1547 968 ἔτι
1578 916 1900 988 νοηθήσεται

314 1005 488 1072 Θεός;
549 1005 758 1058 Οὐκοῦν
816 1006 1171 1078 ἀνθρωπίνως
1231 1008 1332 1077 μὲν
1375 1007 1614 1062 λαλεῖται
1666 1009 1733 1061 τὰ
1772 1008 1899 1080 περὶ

312 1096 453 1150 Θεοῦ
473 1116 487 1130 ’
517 1101 717 1152 νοεῖται
746 1099 801 1151 δὲ
832 1097 1024 1164 οὔτως,
1047 1098 1123 1162 ὼς
1155 1098 1221 1152 ἂν
1249 1099 1514 1170 ἀρμόττοι
1545 1098 1684 1170 Θεῷ,
1715 1100 1812 1152 καὶ
1837 1099 1899 1153 τὸ

315 1190 514 1261 μέτρον
555 1191 653 1261 τῆς
688 1191 966 1262 ἡμετέρας
994 1191 1274 1262 γλώττης,
1314 1191 1411 1263 τὴν
1441 1191 1532 1244 ἐπὶ
1565 1193 1773 1256 πάντας
1799 1193 1899 1246 οὑκ

310 1282 564 1352 ἀδικήσει
604 1282 784 1351 φύσιν.
827 1282 944 1336 Κᾶν
995 1283 1319 1355 εὑρίσκηται
1364 1283 1650 1357 τοιγαροῦν
1691 1285 1720 1336 ό
1749 1283 1897 1351 Υἱὸς,

309 1368 391 1433 ὡς
421 1369 550 1439 περί
584 1386 726 1433 τινος
758 1371 946 1442 ἐτέρου
981 1370 1155 1440 λέγων
1198 1371 1293 1424 τοῦ
1320 1371 1629 1442 θελήματος
1658 1373 1750 1427 τοῦ
1779 1374 1864 1427 Πα
1883 1404 1894 1414 -

308 1461 463 1531 τρδς,
495 1462 882 1534 ἀδιαφορήσεις
913 1463 1275 1534 οἰκονομικῶς
1301 1466 1368 1536 τῇ
1399 1465 1507 1518 τῶν
1543 1465 1718 1534 λόγων
1750 1464 1904 1518 ἀσθε-

309 1551 436 1622 νείᾳ
482 1552 780 1624 περιτιθεὶς
828 1551 890 1605 τὸ
933 1553 1008 1624 μὴ
1050 1552 1309 1607 δύνασθαί
1356 1571 1411 1606 τι
1465 1552 1649 1624 μεῖζον
1696 1553 1899 1618 εἰπεῖν,

311 1644 459 1714 μήτε
496 1645 601 1716 μὴν
639 1645 842 1717 ἑτέρως
874 1646 1258 1717 καταημῆναι
1286 1645 1348 1699 τὸ
1385 1645 1734 1718 δηλούμενον.
1790 1645 1901 1699 Καὶ

2007 560 2206 605 cuntur
2233 565 2354 620 quae
2387 550 2454 603 de
2483 547 2591 604 Deo
2623 551 2918 620 loquimur,
2956 552 3049 606 sed
3083 567 3148 606 eo
3183 549 3344 605 modo
3378 550 3582 604 intelli~

2005 648 2211 712 guntur
2235 656 2344 711 quo
2373 639 2484 695 Deo
2515 642 2866 709 conveniunt,
2901 651 2954 696 et
2982 643 3178 712 linguae
3206 651 3406 698 nostrae
3431 643 3581 695 intir-

2005 732 2172 784 mitas
2205 747 2477 800 supremae
2501 731 2576 785 illi
2614 743 2824 788 natura:
2857 734 2988 787 nihil
3021 735 3241 788 otliciet.
3276 735 3427 788 Licet
3449 748 3580 804 ergo

2007 820 2204 876 Filium
2238 823 2304 877 de
2347 823 2628 879 voluntate
2665 823 2845 880 Patris
2879 827 3027 896 loqui
3071 828 3411 895 comperias,
3459 836 3579 880 tan-

2005 927 2169 983 quam
2203 913 2271 969 de
2297 915 2401 967 alia
2429 915 2687 984 quadam,
2717 932 2875 986 aequo
2905 921 3092 971 animo
3119 919 3170 972 id
3207 919 3370 982 feres,
3404 919 3576 972 imbe-

2004 1003 2218 1057 cillitati
2278 1004 2553 1059 sermonis
2609 1006 2857 1060 consulte
2912 1007 3208 1062 tribuendo
3261 1008 3406 1076 quod
3466 1023 3576 1063 non

2004 1095 2178 1166 possit
2216 1095 2394 1164 majus
2425 1097 2706 1167 quidpiam
2747 1097 2963 1162 dicere,
3000 1115 3178 1169 neque
3221 1100 3380 1154 aliter
3428 1107 3579 1155 certe

2005 1198 2118 1237 rem
2152 1183 2512 1255 signiﬁcatam
2544 1188 2869 1256 exprimere.
2922 1192 3100 1259 Atque
3140 1191 3254 1243 haec
3277 1190 3423 1243 dicta
3455 1191 3578 1259 qui-

2004 1273 2124 1328 dem
2157 1285 2320 1330 sunto
2342 1293 2536 1332 rursus
2559 1279 2625 1332 ad
2648 1280 3135 1334 demonstrandum
3166 1279 3362 1336 Filium
3388 1283 3578 1337 volun-

1998 1373 2167 1420 tatem
2202 1366 2384 1423 Patris
2435 1371 2650 1424 censeri
2701 1387 2921 1440 quoque
2966 1382 3221 1443 oportere
3267 1393 3278 1427 :
3324 1373 3383 1428 In
3426 1376 3579 1431 dicto

1996 1474 2128 1513 vero
2155 1461 2436 1528 proposito
2460 1499 2474 1522 ,
2517 1463 2668 1516 nulla
2700 1464 2839 1516 ratio
2867 1473 3026 1532 coget
3061 1466 3365 1536 intelligere
3395 1466 3577 1526 Patris

2000 1551 2378 1618 voluntatem,
2435 1552 2533 1607 sed
2579 1553 2961 1609 indin‘erenter
3006 1557 3205 1611 bonam
3242 1560 3573 1616 voluntatem

1999 1659 2130 1715 erga
2160 1659 2258 1699 eos
2291 1645 2384 1715 qui
2413 1646 2695 1714 perierunt
2725 1648 3113 1717 intelligemus.

307 1734 490 1789 ταῦτα
521 1737 620 1807 μὲν
653 1737 893 1809 εἰρήσθω
929 1736 1091 1790 πάλιν
1121 1739 1202 1799 είς
1239 1736 1512 1800 ἀπόδειξιν
1560 1736 1653 1789 τοῦ
1677 1735 1913 1789 νοεῖσθαι
1961 1735 2056 1787 καὶ
2086 1733 2299 1806 θέλημα
2343 1735 2438 1788 τοῦ
2475 1735 2691 1807 Πατρὸς
2721 1736 2813 1790 τὸν
2843 1737 2988 1791 Υίόν.
3031 1738 3118 1790 Ἐν
3150 1737 3208 1790 δέ
3233 1755 3296 1806 γε
3327 1738 3406 1808 τῷ
3436 1745 3574 1809 προ-

311 1831 557 1903 κειμένῳ
589 1832 737 1905 ρητῷ
757 1871 770 1896 ,
805 1832 964 1901 λόγος
1002 1832 1099 1903 μὲν
1123 1831 1301 1896 οὐδεὶς
1327 1832 1632 1901 ἀναγκάσει
1661 1830 1871 1902 θέλημα
1909 1829 2150 1884 νοεῖσθαι
2173 1828 2268 1883 τοῦ
2295 1831 2508 1903 Πατρός
2538 1831 2628 1885 τὸν
2667 1831 2795 1885 Υἰὸν
2815 1872 2830 1899 ,
2871 1831 3144 1902 διαφόρως
3187 1825 3300 1900 [ισ.
3345 1835 3572 1905 ἀδιαφό-

509 1925 566 1980 δὲ
601 1925 801 1996 μᾶλλον
837 1923 1251 1998 παραδεξόμεθα
1281 1927 1378 1999 τὴν
1407 1929 1500 1981 ἐπὶ
1530 1930 1644 1991 τοῖς
1669 1927 1976 1982 ἀπολωλόσι
2005 1925 2206 1998 βουλὴν
2228 1925 2468 1997 ἀγαθήν.

385 2020 511 2087 Οὐχ
544 2017 712 2088 ὑμεῖς
746 2016 974 2087 λέγετε,
1009 2016 1098 2071 ὅτι
1136 2017 1502 2090 τετράμηνός
1547 2018 1698 2084 ἐστι,
1733 2019 1832 2074 καὶ
1865 2021 1896 2073 ό

2073 2017 2177 2084 ιν,
2232 2018 2321 2073 55.
2381 2016 2573 2074 Nonne
2613 2035 2702 2073 vos
2747 2019 2926 2076 dicitis
2973 2021 3114 2094 quod
3145 2020 3317 2076 adhuc
3345 2031 3576 2094 quatuor

309 2110 595 2180 θερισμὸς
621 2108 856 2178 ἔρχεται
879 2125 897 2174 ;

381 2202 612 2273 Δέχεται
652 2200 814 2255 πάλιν
848 2200 942 2256 τοῦ
971 2200 1132 2270 λόγου
1170 2200 1269 2266 τάς
1299 2199 1582 2273 ἀφορμὰς,
1630 2201 1738 2256 ἀπὸ
1769 2219 1892 2256 και-

311 2292 442 2366 ροῦ,
501 2292 598 2346 καὶ
634 2291 958 2364 πράγματος
985 2332 1000 2358 ,
1047 2292 1142 2346 καὶ
1164 2291 1272 2345 ἀπὸ
1313 2292 1421 2344 τῶν
1455 2293 1512 2345 ἐν
1535 2292 1780 2363 αἰσθήσει
1827 2295 1892 2364 τῇ

308 2384 636 2456 παχυτέρα,
693 2383 1084 2455 πνευματικῶν
1143 2383 1519 2454 θεωρημάτων
1566 2383 1895 2440 ἀναπλάττει

306 2478 587 2548 διήγησιν.
635 2475 773 2545 Ὦρα
807 2475 905 2546 μὲν
934 2474 1040 2546 γάρ
1069 2469 1137 2545 ἦν
1165 2473 1433 2544 χειμῶνος
1463 2472 1542 2528 ἔτι
1572 2476 1692 2527 κατ’
1721 2477 1897 2529 ἐκεῖνο

306 2568 529 2640 καιροῦ,
562 2567 858 2640 ἀρτιθαλὴς
894 2567 972 2631 δὲ,
995 2569 1088 2620 καὶ
1116 2567 1236 2632 νέος
1261 2566 1370 2620 τῶν
1400 2567 1728 2638 σπερμάτων
1750 2570 1777 2621 ό
1806 2568 1898 2622 κά-

305 2663 486 2733 λαμος
515 2661 674 2731 μόγις
705 2660 800 2731 μὲν
851 2659 953 2729 τῆς
987 2658 1228 2730 ἀρούρας
1260 2657 1540 2730 ὲξέφριττε
1560 2676 1574 2690 ·
1613 2657 1806 2729 καιροῦ
1837 2656 1896 2710 δὲ

305 2753 597 2825 τεσσάρων
628 2750 816 2824 μηνῶν
841 2749 1288 2815 διῖππεύσαντος,
1320 2751 1400 2813 είς
1425 2749 1524 2818 τὴν
1545 2747 1637 2801 τοῦ
1656 2746 1896 2820 θερίζον-

306 2862 406 2909 τος
432 2849 592 2918 χεῖρα
640 2843 927 2898 πεσεῖσθαι
969 2842 1352 2913 προσεδοκᾶτο.
1408 2860 1426 2892 ι
1455 2842 1567 2912 Οὐχ
1597 2842 1752 2913 ὑμεῖς
1779 2834 1892 2902 οῦν,

310 2936 502 3005 φησιν,
540 2935 589 2986 οἱ
611 2932 910 3004 ἄνθρωποι,
943 2931 1130 3001 λέγετε
1157 2933 1238 2985 ὅτι
1266 2931 1602 3003 τετράμηνός
1632 2933 1772 2999 ἐστι,
1802 2930 1898 2983 καὶ

308 3027 339 3078 δ
366 3024 626 3097 θερισμὸς
657 3024 876 3096 ἔρχεται
903 3042 918 3090 ;
949 3043 968 3076 ι

397 3116 553 3172 Ἰδοὺ
605 3116 760 3186 λέγω
802 3114 964 3185 Quir-
1022 3113 1304 3183 Ἐπάρατε
1347 3111 1492 3179 τοὺς
1546 3112 1894 3182 ὀφθαλμοὺς

309 3207 500 3278 ὑμῶν,
529 3207 628 3261 καί
665 3205 965 3260 θεάσασθε
999 3205 1104 3272 τὰς
1152 3203 1368 3274 χώρας,
1405 3204 1495 3258 ὅτι
1532 3205 1750 3260 λευκαί
1775 3207 1895 3259 εισι

310 3298 463 3367 πρὸς
489 3298 798 3368 θερισμόν.

385 3389 677 3443 Τουτέστιν
707 3387 885 3478 ὀλίγον
912 3385 1022 3478 τῶν
1058 3386 1152 3478 ἐπὶ
1180 3385 1284 3458 γῆς
1317 3386 1659 3457 πραγμάτων
1684 3386 1776 3440 τδν
1795 3385 1895 3478 τῆς
1922 3421 1963 3478 C

1995 2125 2200 2164 menses
2228 2118 2389 2174 sunt,
2419 2120 2468 2165 et
2497 2113 2681 2166 messis
2709 2113 2885 2167 venit!

2067 2203 2425 2258 Occasionem
2444 2202 2660 2260 dicendi
2687 2221 2904 2261 rursum
2925 2220 2955 2260 a
2985 2213 3229 2276 tempore
3252 2215 3306 2262 et
3325 2221 3382 2262 re
3403 2207 3570 2279 capit,

1997 2299 2052 2348 et
2085 2293 2153 2348 ab
2187 2294 2255 2348 iis
2282 2309 2402 2363 quae
2433 2294 2536 2348 sub
2568 2309 2787 2349 sensum
2821 2295 2981 2366 199
3005 2297 3207 2352 cadunt
3239 2300 3570 2369 Spiritalium

1998 2384 2517 2454 contemplationum
2542 2385 2958 2455 explicationem
2993 2386 3242 2443 adornat.
3273 2387 3401 2442 Erat
3425 2389 3573 2442 enim

1997 2481 2112 2529 tum
2148 2475 2329 2530 adhuc
2367 2475 2563 2530 hiemis
2598 2486 2928 2546 tempestas,
2968 2485 3021 2532 et
3048 2479 3248 2535 virides
3283 2495 3346 2534 ac
3381 2495 3572 2536 recen-

1997 2575 2080 2623 tes
2113 2567 2280 2621 culmi
2316 2568 2556 2621 nondum
2598 2567 2653 2621 in
2693 2569 2902 2637 campis
2942 2569 3438 2624 inhorrescebant:
3475 2569 3573 2626 sed

1995 2641 2184 2728 elapso
2233 2659 2625 2729 quadrimestri
2674 2662 2854 2730 spatio
2912 2661 2966 2715 in
3016 2677 3320 2718 messorum
3376 2677 3572 2717 manus

1998 2751 2284 2805 deventuri
2315 2759 2494 2806 erant.
2525 2770 2544 2803 ι
2583 2751 2778 2807 Nonne
2808 2767 2906 2810 vos
2939 2754 3127 2824 igitur,
3156 2754 3352 2826 inquit,
3385 2753 3572 2810 dicitis

1997 2844 2143 2913 quod
2177 2843 2357 2900 adhuc
2381 2854 2616 2916 quatuor
2649 2860 2868 2917 menses
2925 2855 3099 2912 sunt,
3144 2855 3199 2902 et
3235 2848 3433 2903 messis
3473 2862 3570 2902 ve-

1997 2935 2114 2990 nit?
2146 2953 2166 2988 ι

2068 3109 2160 3175 IV,
2208 3109 2296 3165 35.
2343 3109 2476 3164 Ecce
2524 3127 2618 3182 ego
2659 3112 2781 3166 dico
2823 3111 3220 3168 vobis:Levate
3261 3112 3442 3168 acutos
3483 3129 3571 3169 oe-

1998 3211 2159 3267 stros,
2180 3211 2228 3256 et
2252 3201 2417 3256 videte
2450 3203 2706 3273 regiones,
2727 3205 2852 3274 quia
2875 3204 3012 3260 alba:
3034 3205 3157 3276 jam
3186 3215 3308 3259 sunt
3339 3204 3408 3260 ad
3433 3222 3572 3260 mes-

1997 3308 2128 3346 sem.

2068 3383 2195 3440 Hoc
2220 3393 2325 3449 est,
2370 3401 2399 3441 a
2430 3387 2595 3444 rebus
2629 3390 2868 3446 terrenis
2902 3389 3212 3448 intellectus
3251 3392 3408 3448 oculo
3439 3407 3574 3464 pau-

311 3477 557 3542 διανοίας
609 3475 886 3548 ὀφθαλμὸν
928 3475 1332 3547 ἀνοχλίσαντες,
1382 3477 1474 3532 τὸν
1526 3477 1893 3548 πνευματικὸν

2001 3474 2112 3528 lum
2139 3474 2358 3529 sublato
2379 3475 2649 3546 spiritalia
2673 3485 2793 3532 sata
2816 3478 3246 3550 circumspicite,
3269 3478 3573 3538 ﬂavescen-

311 3569 602 3642 ὰναθρεῖτε
651 3569 870 3641 σπόρον,
924 3568 1006 3621 ὅτι
1047 3567 1486 3624 λελευκάνθισται
1531 3571 1629 3642 μὲν
1669 3573 1761 3625 ἐπὶ
1797 3571 1893 3642 τὴν

312 3662 497 3718 ἅλωνα
541 3662 891 3734 βαδιούμενος
932 3660 1058 3733 ἤδη·
1101 3661 1256 3715 καλεῖ
1283 3662 1340 3716 δὲ
1385 3662 1570 3716 λοιπὸν
1596 3665 1681 3734 ἐφ’
1716 3664 1892 3736 ἑαυτῷ

309 3756 404 3808 τὸν
433 3755 697 3826 ἀμητῆρα
745 3755 983 3825 σίδηρον.
1031 3753 1162 3808 Ἀπὸ
1206 3754 1264 3808 δὲ
1308 3755 1410 3825 τῆς
1450 3755 1763 3826 ὁμοιότητος
1786 3757 1892 3811 τῶν

309 3847 368 3899 ἐν
435 3846 649 3917 ἱστορίᾳ
697 3849 1035 3918 πραγμάτων
1074 3847 1376 3918 θεωρήσεις
1425 3845 1484 3899 τὸ
1545 3845 1890 3917 δηλούμενον.

311 3935 525 4007 Σπόρον
579 3934 680 4006 μὲν
729 3936 836 4008 γάρ
879 3939 1096 4008 νοήσεις
1135 3937 1227 3990 τὸν
1269 3935 1491 4007 νοητὸν,
1538 3936 1632 3989 καὶ
1683 3935 1893 4007 πληθὺν

309 4027 605 4098 ἀσταχύων
632 4029 1042 4099 πνευματικῶν,
1062 4029 1189 4093 τοὺς
1213 4027 1301 4082 διὰ
1322 4028 1423 4098 τῆς
1450 4027 1559 4081 τῶν
1597 4028 1893 4102 προφητῶν

311 4119 803 4192 προγεωρηθέντας
825 4121 1008 4192 φωνῆς
1036 4122 1115 4184 είς
1130 4120 1227 4191 τὴν
1255 4119 1552 4191 μέλλουσαν
1574 4120 1893 4192 ἀναδειχθή-

312 4211 503 4266 σεσθαι
531 4213 714 4266 πίστιν
738 4211 829 4266 διὰ
875 4211 1134 4284 Χριστοῦ.
1163 4210 1520 4266 Δευκαίνεται
1551 4211 1607 4264 δὲ
1635 4209 1892 4280 πέπειρός

308 4325 369 4361 τε
405 4308 500 4362 καὶ
541 4307 758 4378 ἕτοιμος
789 4308 888 4378 ήδη
919 4307 1058 4379 πρὸς
1092 4304 1155 4358 τὸ
1203 4303 1477 4358 πιστεύειν
1506 4305 1890 4376 γεγενημένος,

308 4397 409 4450 καὶ
452 4396 919 4467 ωμπεπηγμένος
963 4396 1042 4460 είς
1094 4395 1400 4449 εὐλάϐειαν.
1446 4395 1502 4448 '0
1527 4393 1585 4447 δὲ
1619 4394 1714 4448 τοῦ
1741 4394 1890 4465 θερί-

310 4486 503 4551 ζοντος
537 4487 774 4557 σίδηρος,
829 4489 856 4540 ό
885 4485 1138 4558 λαμπρός
1180 4485 1242 4538 τέ
1280 4486 1396 4538 ἐστι
1430 4485 1525 4538 καὶ
1576 4484 1891 4556 τομώτατος

307 4577 424 4632 τῶν
451 4577 765 4633 ἀποστόλων
793 4577 969 4646 λόγος,
997 4577 1098 4648 τῆς
1145 4577 1244 4648 μὲν
1279 4575 1420 4630 κατὰ
1454 4575 1616 4646 νόμον
1643 4575 1893 4649 λατρείας

313 4668 624 4740 ἀποκείρων
649 4670 775 4732 τοὺς
805 4668 1206 4740 ἀκροωμένους,
1253 4668 1347 4721 ἐπὶ
1369 4667 1426 4721 δὲ
1443 4666 1544 4739 τὴν
1581 4667 1695 4721 ἅλω
1721 4684 1890 4740 μετα-

1999 3567 2072 3620 tia
2117 3565 2262 3636 jam,
2317 3575 2371 3622 et
2425 3569 2480 3622 in
2517 3582 2703 3624 aream
2734 3585 2858 3624 mox
2907 3579 3176 3638 ventura,
3209 3581 3263 3626 et
3305 3575 3571 3631 messoris

1997 3657 2207 3714 ferrum
2239 3659 2457 3714 tandem
2491 3664 2831 3732 appetentia.
2891 3661 2932 3714 Α
2981 3663 3341 3719 similitudine
3389 3674 3570 3720 autem

1995 3765 2181 3805 rerum
2220 3768 2340 3820 quae
2372 3752 2461 3806 hic
2495 3761 2999 3808 commemorantur
3035 3755 3308 3823 spectabis
3341 3754 3392 3808 id
3424 3755 3569 3825 quod

1996 3841 2369 3912 signiﬁcatur.
2404 3841 2535 3896 Sata
2575 3843 2720 3897 enim
2755 3844 3026 3913 spiritalia
3059 3845 3152 3898 hic
3183 3843 3484 3915 intelliges,
3515 3853 3570 3900 et

1996 3933 2273 4002 spicarum
2325 3916 2657 4003 spiritalium
2703 3935 3144 4000 multitudinem,
3177 3951 3273 3992 eos
3303 3937 3398 4002 qui
3439 3954 3568 4007 pro-

1996 4023 2283 4092 phetarum
2339 4037 2473 4076 voce
2537 4021 2690 4092 prius
2747 4023 2952 4077 exculti
3014 4032 3144 4079 sunt
3201 4024 3269 4079 ad
3324 4024 3564 4080 futuram

1995 4113 2199 4169 Christi
2245 4113 2406 4169 [idem
2442 4112 2787 4169 instituendi.
2830 4111 3107 4168 Flavescit
3162 4129 3316 4180 vero,
3365 4117 3462 4186 qui
3513 4125 3569 4172 et

1995 4216 2246 4265 maturus
2278 4213 2335 4263 et
2368 4217 2592 4277 paratus
2619 4207 2732 4277 jam
2767 4215 2853 4263 est
2890 4207 2956 4260 ad
2991 4205 3347 4273 credendum,
3395 4215 3450 4263 et
3498 4210 3566 4262 ad

1996 4299 2319 4370 religionem
2373 4299 2752 4354 contirmatus.
2800 4296 3063 4354 Messoris
3103 4307 3283 4354 autem
3330 4298 3564 4365 ferrum,

1995 4391 2281 4461 splendida
2316 4399 2399 4445 est
2453 4401 2507 4445 et
2560 4391 2881 4446 acutissima
2923 4391 3242 4462 praedicatio
3289 4395 3568 4464 apostolo-

1994 4497 2139 4546 rum,
2177 4482 2458 4537 auditores
2487 4481 2709 4551 quidem
2749 4497 2779 4536 a
2807 4483 2957 4537 cultu
2998 4483 3155 4554 legali
3187 4498 3467 4550 resecans,
3513 4494 3568 4541 et

1994 4573 2050 4628 in
2084 4587 2266 4628 aream
2307 4572 2669 4641 transferens,
2717 4573 2823 4630 hoc
2873 4585 2955 4631 est
2993 4575 3048 4630 in
3091 4574 3395 4632 Ecclesiam
3447 4576 3566 4641 Dei,

1994 4665 2087 4720 ubi
2129 4665 2394 4720 virtutum
2438 4666 2725 4721 laboribus
2777 4667 3001 4723 contriti
3045 4683 3216 4738 purus
3248 4668 3407 4725 cibus
3452 4669 3568 4724 ειη-

309 4759 503 4832 τιθεῖς,
534 4759 676 4814 τοῦτ’
701 4759 868 4825 ἔστιν,
894 4761 988 4814 ἐπὶ
1011 4758 1109 4830 τὴν
1127 4758 1454 4832 Ἐκκλησίαν
1473 4756 1565 4812 τοῦ
1590 4757 1745 4812 Θεοῦ·
1766 4757 1894 4812 ἔνθα

1998 4759 2230 4824 cientur,
2261 4758 2574 4816 collectoris
2606 4759 2807 4816 horreo
2843 4760 3222 4832 dignissimus.

310 4854 375 4922 δὴ
408 4853 718 4927 τριϐόμενοι
763 4873 824 4909 τε
857 4857 952 4910 καὶ
1002 4855 1184 4918 πόνοις
1229 4854 1448 4924 ἀγαθῶν
1495 4853 1888 4924 ἑνθλιὸόμενοι,
1927 4852 2164 4925 καθαρὸς
2201 4853 2684 4927 ἀποδειχθήσονται
2727 4857 2871 4919 σῖτος
2930 4854 3029 4926 τῆς
3097 4855 3190 4909 τοῦ
3244 4855 3570 4924 συνάγοντος

312 4945 603 5017 ἀποθήκης
631 4947 873 5014 ὲπάξιος.

388 5040 537 5110 Ἤδη
557 5044 592 5096 ὀ
615 5042 874 5112 θερίζων,
907 5041 1130 5112 μισθὸν
1163 5039 1477 5110 λαμϐάνει,
1509 5039 1609 5093 καί
1637 5039 1889 5110 συνάγει

315 5133 555 5203 καρπὸν
599 5135 687 5201 είς
721 5132 876 5202 ζωὴν
919 5131 1189 5197 αἰώνιον,
1238 5132 1340 5185 ινα
1377 5133 1409 5185 d
1442 5131 1704 5198 σπείρων
1741 5131 1888 5201 ὁμοῦ

310 5228 520 5294 χαίρῃ,
563 5225 666 5280 και
700 5229 734 5281 ὀ
777 5224 1031 5295 θερίζων.
1089 5224 1186 5278 Ἐν
1239 5222 1351 5292 τὰρ
1396 5223 1584 5286 τούτῳ
1625 5225 1658 5277 ὀ
1709 5224 1892 5294 λόγος

305 5315 857 5384 ἀληθινόςὲστῃότι
867 5313 1233 5384 ἀλλος-ἐστὶν
1243 5316 1276 5368 ὁ
1291 5311 1574 5382 σπείρων,
1593 5311 1688 5367 καί
1703 5311 1893 5378 ἄλλος

303 5413 344 5469 ό
367 5407 629 5478 θερίζων.

382 5499 588 5569 Λόγου,
623 5501 807 5573 φησὶν,
847 5503 878 5556 ό
905 5501 1100 5568 καιρὸς
1127 5497 1222 5553 τοῦ
1260 5495 1551 5561 καλοῦντος
1573 5495 1652 5560 εἰς
1674 5495 1854 5549 πίστιν
1872 5533 1890 5559 ,

302 5591 407 5645 καὶ
456 5588 568 5642 τῶν
604 5590 842 5660 νομικῶν
882 5608 942 5645 τε
995 5591 1090 5644 καὶ
1131 5587 1482 5662 προφητικῶν
1521 5585 1891 5656 κηρυγμάτων

304 5683 416 5752 τὴν
441 5681 523 5743 είς
559 5677 710 5744 τέλος
740 5681 920 5750 ἄφιξιν
952 5683 1065 5745 τοῖς
1109 5678 1480 5750 ἀκροωμένοις
1521 5674 1891 5730 ἐπιδεικνύον-

305 5787 427 5836 τος.
469 5769 532 5825 ’0
559 5771 660 5842 μιν
686 5771 796 5844 γὰρ
833 5773 1014 5844 νόμος,
1065 5771 1140 5836 ὡς
1178 5771 1237 5826 ὲν
1265 5769 1594 5844 σκιαῖςῆταῖς
1641 5769 1699 5824 ἐν
1735 5765 1892 5837 τύπῳ

2065 5036 2158 5103 IV,
2189 5034 2380 5091 '56-'57.
2419 5029 2546 5084 1am
2579 5030 2670 5100 qui
2714 5029 2882 5093 metit,
2929 5027 3216 5081 mercedem
3259 5028 3468 5096 accipit,
3513 5037 3566 5083 et

1997 5137 2271 5201 congregat
2295 5127 2526 5194 fraetum
2560 5124 2613 5176 in
2637 5121 2795 5174 vitam
2824 5129 3074 5174 (sternam
3099 5135 3119 5172 :
3142 5129 3198 5171 ut
3223 5128 3272 5171 et
3299 5119 3388 5188 qui
3405 5120 3567 5172 semi-

1997 5233 2091 5278 nat
2129 5218 2288 5274 simul
2328 5214 2590 5286 gaudeat,
2635 5221 2686 5266 et
2733 5211 2822 5282 qui
2857 5210 3023 5264 metit.
3074 5207 3141 5263 In
3173 5209 3271 5263 hoc
3317 5209 3454 5263 enim
3483 5221 3565 5264 est

1998 5313 2207 5370 verbum
2245 5323 2451 5372 reruni,
2491 5305 2620 5375 quia
2659 5302 2797 5357 alius
2832 5311 2910 5356 est
2947 5301 3038 5371 qui
3074 5301 3320 5368 seminat,
3346 5308 3397 5355 et
3425 5300 3564 5356 otius

1996 5415 2073 5462 est
2093 5402 2182 5471 qui
2211 5400 2379 5454 metit.

2067 5492 2328 5564 Tempus,
2355 5478 2558 5560 inquit,
2603 5493 2686 5544 est
2717 5483 2869 5541 verbi
2905 5485 3153 5542 vocantis
3196 5485 3262 5540 ad
3310 5483 3468 5541 (idem
3511 5493 3566 5541 et

1998 5582 2532 5642 consummationem
2567 5577 2823 5650 legalium
2857 5585 2912 5633 et
2944 5577 3392 5648 propheticorum
3425 5591 3566 5647 pm-

2000 5675 2289 5733 coniorum
2320 5671 2669 5728 auditoribus
2697 5668 3060 5724 ostendentis.
3107 5665 3213 5725 Lex
3244 5669 3390 5725 enim
3419 5669 3570 5724 velut

2002 5769 2058 5824 in
2078 5765 2288 5822 umbris
2343 5764 2525 5835 typico
2583 5760 2733 5818 cultu
2785 5769 3070 5818 venturum
3128 5757 3566 5829 praenuntiabat,
