4040 6214
497 277 602 334 5‘21

1491 266 1550 322 S.
1585 263 1862 320 CYRILLI
1892 262 2360 321 ALEXANDRINI
2395 263 2712 320 ARCHIEP.

3623 265 3726 322 328

497 388 780 446 Christum
824 383 1085 441 videlicet
1132 398 1144 434 :
1195 376 1477 450 propheta:
1521 389 1653 430 vero
1685 381 1810 446 post
1856 375 2058 444 ipsum,

2174 377 2469 447 λατρείαις,
2516 375 2814 448 προεδήλου
2867 376 2958 430 τὸν
3009 376 3362 448 ἀφιξόμενον,
3416 375 3560 430 τοῦτ’
3615 378 3728 432 ἐστι

499 478 890 535 annuntiantes
946 474 1188 545 Spiritus
1231 481 1547 533 sermones,
1585 465 1811 537 jamjam
1839 464 2062 520 adfutu-

498 588 621 628 rum
664 568 1086 642 praesignabant.
1127 562 1264 618 Cum
1305 568 1486 614 autem
1526 563 1715 627 portas
1766 555 2062 623 introierit,

500 680 652 736 spem
701 677 810 717 non
857 659 1070 714 diﬂ‘eret
1102 656 1156 710 in
1187 655 1409 724 longum
1446 660 1662 720 tempus
1691 648 2064 720 apostolorum

497 753 836 827 prazdicatio,
887 748 982 805 sed
1026 749 1139 819 jam
1182 751 1504 816 prmsentcm
1534 757 1659 796 eum
1690 739 1942 796 ostendet
1971 738 2066 809 qui

498 843 968 915 exspectabatur:
1005 846 1059 894 et
1094 837 1256 907 200
1291 840 1456 890 metet
1509 831 1731 903 quidem
1781 845 1849 886 ex
1903 828 2066 899 legali

500 934 652 989 cultu
683 946 783 986 eos
833 929 929 1000 qui
975 927 1155 981 adhuc
1195 925 1299 994 legi
1346 923 1620 989 serviunt,
1655 927 1711 976 et
1742 919 1846 976 soli
1875 919 2067 974 litterae

499 1025 788 1086 incubant,
820 1028 983 1091 atque
1025 1020 1210 1073 instar
1233 1015 1638 1087 manipulorum
1684 1009 1979 1068 transferet
2010 1010 2066 1064 in

499 1132 682 1174 mores
707 1125 762 1171 et
793 1113 1270 1170 conversationem
1291 1107 1686 1178 evangelicam,
1717 1111 1772 1158 et
1797 1101 2068 1158 resecabit

498 1209 751 1267 similiter
817 1207 886 1262 ab
955 1217 1144 1260 errore
1203 1202 1296 1273 qui
1359 1197 1764 1254 multitudinem
1839 1193 2064 1249 deorum

499 1302 700 1357 astruit
727 1298 996 1354 idolorum
1028 1295 1318 1358 cultorem,
1355 1305 1592 1360 eumque
1622 1288 1690 1342 ad
1729 1285 2066 1360 agnitionem

497 1389 618 1445 veri
663 1387 758 1442 Dei
793 1385 1076 1458 perducet,
1127 1390 1182 1438 et
1231 1389 1291 1436 ut
1337 1381 1397 1435 in
1449 1392 1666 1435 summa
1713 1376 1891 1447 quoad
1941 1375 2068 1429 licet

498 1483 770 1544 dicamus,
803 1495 898 1534 eos
943 1477 1038 1546 qui
1067 1485 1280 1531 terrena
1316 1473 1496 1528 adhuc
1522 1470 1772 1541 sapiunt,
1802 1468 1870 1523 ad
1900 1482 2068 1539 ange-

499 1573 678 1627 lorum
716 1571 886 1624 vitam
935 1584 1032 1640 per
1090 1565 1253 1620 ﬁdem
1313 1563 1367 1617 in
1415 1561 1696 1617 Christum
1750 1559 2063 1617 transferet.

501 1663 654 1717 lianc
687 1671 892 1728 autem,
926 1659 1129 1728 inquit,
1161 1653 1479 1727 praedicatio
1508 1665 1817 1708 messorum
1851 1650 2061 1705 eﬂiciet.

499 1752 706 1807 Merces
754 1765 885 1806 vero
947 1764 1060 1803 non
1105 1746 1279 1802 deerit
1317 1763 1332 1798 :
1373 1741 1730 1812 congregabit
1783 1741 1930 1796 enim
1983 1739 2065 1795 eis

502 1843 741 1897 fructum
773 1840 866 1911 qui
893 1840 948 1894 in
969 1839 1137 1894 vitam
1165 1843 1423 1891 arternam
1447 1834 1654 1887 nutriat
1683 1848 1699 1898 ;
1729 1846 1907 1900 neque
1937 1844 2066 1886 vero

500 1935 594 2005 qui
650 1932 994 2004 perceperint
1045 1928 1147 1984 soli
1202 1927 1259 1982 in
1315 1926 1512 1996 seipsis
1560 1923 1910 1995 gaudebunt,
1969 1921 2068 1978 sed

501 2033 763 2095 tanquam
817 2023 912 2093 qui
963 2018 1249 2092 prophetis
1311 2016 1788 2079 adlaboraverint,
1837 2021 1892 2069 et
1945 2022 2067 2070 sata

501 2118 654 2188 prius
709 2117 778 2171 ab
827 2115 895 2171 iis
948 2113 1164 2169 exculta
1195 2109 1573 2174 'messuerint,
1613 2103 1777 2162 unam
1831 2122 1957 2162 cum
2001 2107 2070 2163 iis

501 2206 879 2262 celebritatem
922 2209 1208 2275 peragent.
1260 2201 1380 2267 Quo
1419 2199 1650 2263 factum,
1702 2198 1962 2264 arbitror,
2007 2205 2070 2254 ut

499 2296 704 2352 Paulus
729 2295 1196 2366 sapientissimus,
1231 2292 1324 2362 qui
1350 2306 1536 2346 rerum
1575 2290 1884 2344 futurarum
1911 2297 2070 2359 typos

402 2415 410 2420 -
501 2387 749 2457 apprime
782 2392 1031 2448 noverat,
1066 2384 1133 2439 de
1162 2383 1371 2438 sanctis
1404 2381 1656 2452 patribus
1693 2395 1756 2435 ac
1787 2380 2069 2450 prophetis

501 2479 748 2534 dixerit:
781 2498 800 2530 ι
837 2477 949 2538 Hos
996 2475 1256 2530 nimirum
1301 2488 1494 2530 omnes
1540 2471 1815 2544 perfectos
1849 2471 1871 2545 [
1915 2471 2066 2542 Vulg.

500 2568 812 2641 probatos]
850 2585 946 2639 per
979 2566 1140 2622 ﬁdem
1188 2581 1298 2622 non
1352 2565 1631 2636 accepisse
1683 2563 2072 2636 repromissio-

501 2677 625 2716 nem
649 2700 664 2726 ,
702 2659 813 2716 Deo
849 2675 948 2730 pro
981 2659 1142 2716 nobis
1172 2658 1366 2714 melius
1408 2656 1616 2727 aliquid
1644 2655 1986 2726 providente,
2014 2664 2074 2712 ut

502 2769 613 2808 non
631 2751 752 2807 sine
776 2751 934 2806 nobis
959 2759 1476 2806 consummarentur
1504 2748 1550 2780 ²⁰
1579 2766 1626 2800 ι.
1651 2747 1901 2803 Salvator
1925 2747 2072 2804 enim

503 2857 806 2899 messorem
837 2843 1008 2898 voluit
1033 2857 1142 2896 una
1167 2841 1404 2913 gaudere
1437 2855 1562 2895 cum
1591 2845 1796 2894 satore.

2165 473 2419 544 Χριστόν⁶
2467 473 2741 544 προφῆται
2778 470 2835 524 δέ
2886 473 3002 541 μετ’
3046 471 3228 538 αὑτὸν,
3275 472 3402 535 τοὺς
3443 471 3594 542 παρὰ
3634 473 3727 527 τοῦ
3752 507 3766 518 κ

2166 564 2477 635 Πνεύματος
2503 561 2987 633 διαπορθμεὺοντες
3025 561 3216 630 λόγους
3263 561 3456 634 μικρὸν
3482 562 3605 616 ὅσον
3638 563 3731 617 καὶ

2164 656 2240 731 ῶς
2300 657 2398 727 ἤδη
2448 655 2817 726 παρεσόμενόν
2861 672 2923 708 τε
2971 655 3064 707 καὶ
3121 655 3320 725 ἥξοντα
3369 656 3727 725 προεμήνυον.

2179 747 2480 819 Ἐπειδὴδέ
2509 748 2638 801 εἴσω
2673 746 2868 818 βέϐηκε
2903 745 3101 817 θυρῶν,
3141 746 3240 799 οὐκ
3281 747 3360 810 είς
3396 746 3588 799 ἐλπίδα
3629 764 3734 817 μα-

2166 838 2302 910 κρὰν
2329 839 2588 910 ἀναθήσει
2626 839 2685 892 τὸ
2726 837 3090 907 προσδοκηθέν
3120 837 3230 890 τῶν
3258 838 3569 891 ἀποστόλων
3595 841 3624 892 ὁ
3649 839 3734 891 λό-

2166 950 2280 1002 γος,
2314 932 2427 986 ἀλλ’
2449 932 2548 1002 ἤδη
2571 931 2740 1002 παρὸν
2768 929 3043 994 ἐπιδείξει’
3081 929 3175 982 καὶ
3203 929 3406 999 θερίσει
3436 930 3532 1000 μὲν
3564 931 3630 985 ἐκ
3650 947 3736 984 νο-

2171 1023 2337 1095 μικῆς
2360 1023 2614 1093 λατρείας
2634 1021 2760 1086 τοὺς
2781 1021 2859 1074 ἐτι
2888 1021 3035 1091 νόμῳ
3059 1021 3426 1085 δουλεύοντας,
3466 1023 3558 1075 καὶ
3589 1024 3734 1094 μόνῳ

2101 1155 2113 1169 .
2168 1111 2649 1184 προσκαθημένους
2686 1111 2762 1182 τῷ
2795 1111 3101 1182 γράμματι,
3139 1111 3430 1182 μεταθήσει
3476 1113 3531 1166 δὲ
3577 1114 3733 1184 δίκην

2166 1203 2494 1276 δραγμάτων
2537 1205 2617 1266 είς
2659 1203 2852 1270 ἐξιντε
2889 1203 2983 1256 καὶ
3031 1201 3302 1257 πολιτείαν
3354 1205 3731 1277 εὐαγγελικὴν,

2167 1300 2427 1368 ἀποκερεῖ
2453 1289 2509 1349 δὲ
2554 1296 2754 1366 ὁμοίως
2795 1295 3055 1349 πολυθέου
3103 1295 3201 1366 μὲν
3251 1296 3455 1367 πλάνης
3501 1298 3593 1350 τὸν
3627 1299 3733 1352 τῶν

2168 1386 2398 1442 εἰδώλων
2443 1387 2842 1461 προσκυνητὴν,
2891 1386 3128 1457 μετοίσει
3177 1387 3233 1439 δὲ
3267 1373 3404 1458 πρὸς
3439 1388 3730 1456 ἐπίγνωσιν

2165 1481 2258 1536 τοῦ
2295 1481 2415 1535 κατ’
2459 1479 2722 1551 ἀλήθειαν
2769 1479 2920 1542 ὄντος
2969 1477 3126 1542 Θεοῦ,
3172 1479 3265 1532 καὶ
3303 1479 3362 1532 τὸ
3395 1479 3634 1549 σύμπαν,
3659 1480 3732 1544 ὡς

2167 1573 2266 1639 ἔνι,
2297 1573 2389 1627 καὶ
2435 1571 2732 1644 συλλήϐδην
2771 1572 2963 1633 εἰπεῖν,
3009 1571 3135 1633 τοὺς
3181 1570 3506 1640 φρονοῦντας
3544 1569 3624 1624 ἔτι
3669 1573 3736 1624 τά

2168 1665 2261 1718 ἐπὶ
2301 1663 2400 1732 τῆς
2451 1662 2556 1731 γῆς
2607 1662 2742 1732 πρὸς
2790 1661 2890 1733 τὴν
2943 1660 3051 1714 τῶν
3105 1659 3350 1729 ἀγγέλων
3409 1661 3736 1730 μεταστήσει

2171 1754 2312 1825 ζωὴν
2337 1754 2424 1807 διὰ
2461 1754 2693 1815 πίστεως
2725 1751 2822 1823 τῆς
2857 1753 2938 1816 είς
2979 1751 3232 1823 Χριστόν.
3275 1750 3489 1822 Ταύτην
3525 1751 3623 1822 μὲν
3648 1752 3735 1822 δὴ,

2171 1846 2356 1916 φησὶν,
2389 1847 2417 1898 ὁ
2440 1844 2549 1897 τῶν
2581 1843 2843 1915 θεριστῶν
2874 1841 3226 1915 ἐξεργάσεται
3263 1843 3438 1910 λόγος.
3473 1843 3663 1896 Ἔσται
3690 1843 3736 1896 δ’

2169 1933 2261 1992 οῦν
2303 1938 2450 2007 ὅμως
2485 1936 2585 1988 οὐκ
2618 1935 2877 2006 ἀμισθής⁸
2925 1933 3141 2000 συνάξει
3167 1935 3275 2007 γὰρ
3309 1935 3372 2004 δὴ
3404 1937 3618 1999 πάντως
3642 1935 3738 1988 αὐ-
3806 1923 3821 1934 ’

2169 2029 2284 2088 τοῖς
2310 2027 2400 2080 τὸν
2426 2028 2504 2088 είς
2533 2025 2675 2097 ζωὴν
2717 2025 2932 2080 αἰώνιον
2969 2027 3342 2097 ἀποτρέφοντα
3372 2027 3600 2096 καρπόν·
3645 2028 3740 2082 καὶ

2173 2118 2233 2171 ού
2265 2117 2327 2189 δή
2375 2133 2476 2170 που
2513 2115 2769 2179 λαϐόντες
2803 2115 2952 2186 μόνοι
2995 2115 3117 2168 καθ’
3158 2115 3382 2178 ἑαυτοὺς
3435 2115 3741 2187 εὐφρανθή-

2175 2221 2373 2264 σονται,
2408 2204 2522 2257 ἀλλ’
2545 2203 2622 2265 ὡς
2672 2205 2782 2266 τοῖς
2810 2203 2918 2256 τῶν
2962 2203 3259 2274 προφητῶν
3306 2203 3741 2274 ἐπικεκμηκότες

2174 2296 2376 2362 πόνοις,
2409 2297 2500 2348 καὶ
2527 2295 2617 2348 τὸν
2657 2296 2786 2368 παρ’
2814 2295 3034 2349 ἐκείνων
3074 2295 3565 2366 πρδγεωργηθὲντα
3597 2294 3742 2367 θερί.

2175 2403 2366 2450 σαντες
2395 2385 2616 2456 σπόρον,
2650 2385 2778 2456 μίαν
2819 2386 3000 2449 αὐτοῖς
3039 2386 3409 2439 ἐτῗιτελέσουσι
3430 2385 3527 2455 τὴν
3571 2387 3743 2456 πανή-

2171 2494 2349 2550 γυριν.
2398 2474 2564 2547 Οἶμαι
2605 2477 2649 2530 δ’
2677 2476 2849 2545 ἔγωγε
2877 2477 2967 2532 τὸν
3007 2476 3314 2546 σοφώτατον
3342 2476 3569 2540 Παῦλον,
3617 2477 3743 2540 τοὺς

2172 2571 2264 2623 ἐπὶ
2291 2570 2400 2632 τοῖς
2429 2568 2676 2640 μέλλουσι
2710 2567 2911 2631 τύπους
2939 2567 3366 2638 ἐκμεμαθηκότα
3417 2567 3623 2636 σαφῶς,
3654 2569 3743 2620 ἐν-

2172 2659 2361 2714 τεῦθεν
2406 2661 2579 2713 εἰπεῖν
2605 2659 2731 2730 περί
2765 2678 2824 2712 τε
2847 2659 2955 2714 τῶν
2991 2659 3160 2730 ἁγίων
3209 2660 3460 2730 πατέρων
3489 2660 3583 2713 καὶ
3611 2676 3746 2730 προ-

2175 2751 2378 2823 φητῶν,
2407 2751 2488 2804 ὅτι
2519 2769 2538 2803 ι
2583 2752 2694 2804 Καὶ
2719 2744 2863 2804 οῦτοι
2890 2751 3091 2815 πάντες
3118 2751 3494 2814 τελειωθέντες
3537 2750 3624 2804 διὰ
3647 2751 3747 2820 τῆς

2182 2843 2414 2906 πίστεως
2445 2843 2546 2896 οὐκ
2587 2843 2907 2912 ἐκομίσαντο
2958 2843 3056 2914 τὴν
3086 2843 3439 2913 ἐπαγγελίαν,
3485 2842 3578 2895 τοῦ
3609 2841 3746 2893 Θεοῦ

503 2934 634 3007 περὶ
654 2934 810 3006 ήμῶν
839 2933 1081 3005 κρεῖττόν
1102 2950 1154 2986 τι
1179 2929 1649 3003 προϐλεψαμένου,
1722 2930 1810 2983 ἵνα
1866 2929 1943 3002 μὴ
2006 2932 2172 3004 χωρὶς
2211 2932 2368 3004 ἡμῶν
2416 2932 2790 2988 τελειωθῶσιν.
2829 2951 2849 2986 ι
2911 2931 3076 3004 Ὁμοῦ
3135 2932 3242 3004 γὰρ
3292 2932 3484 3004 χρῆναι
3540 2933 3749 3003 χαίρειν

501 3025 822 3100 ἐδοκίμασεν
894 3027 922 3078 ὁ
978 3026 1168 3098 Σωτὴρ
1215 3025 1292 3096 τῷ
1350 3023 1756 3096 προεσπαρκότι
1820 3024 1913 3079 τδν
1977 3025 2251 3100 θεριστήν.

575 3116 667 3184 IV,
705 3116 794 3171 58.
840 3115 948 3187 Ego
980 3117 1102 3169 misi
1150 3133 1237 3171 vos
1263 3125 1450 3170 metere
1484 3116 1624 3187 quod
1659 3132 1750 3170 vos
1788 3131 1895 3172 non
1920 3116 2069 3174 labo-

2253 3119 2402 3190 Ἐγὼ
2431 3120 2759 3175 ἀπέστειλα
2780 3118 2936 3190 ὑμᾶς
2955 3117 3221 3188 θερίζειν,
3259 3119 3291 3173 ὃ
3321 3122 3433 3189 οὐχ
3462 3120 3630 3190 ὑμεῖς
3654 3136 3750 3173 κε-

503 3208 711 3262 rastis:
743 3207 838 3262 alii
885 3207 1289 3275 laboraverunt,
1331 3217 1381 3262 et
1425 3224 1514 3262 vos
1558 3209 1614 3262 in
1647 3206 1852 3262 labores
1897 3223 2078 3262 eorum

505 3299 797 3356 introistis.

577 3389 778 3445 Totum
804 3389 886 3445 eis
909 3388 1122 3445 tandem
1153 3389 1360 3446 revelat
1388 3390 1733 3461 mysterium,
1758 3397 1814 3446 et
1838 3389 2079 3446 obscuro

507 3480 750 3537 circuitu
797 3480 1091 3552 verborum
1150 3481 1369 3536 sublato
1435 3480 1941 3537 manifestissimam
1999 3482 2080 3536 rei

509 3575 836 3648 signiﬁcata:
863 3576 1192 3631 sententiam
1224 3575 1465 3632 exhibet.
1496 3573 1630 3631 Cum
1661 3583 1843 3630 autem
1888 3573 2082 3628 Salva-

509 3677 599 3725 tor
627 3668 930 3739 prophetas
967 3674 1022 3722 et
1059 3667 1340 3738 apostolos
1379 3666 1658 3736 diligeret,
1710 3680 1812 3721 nec
1861 3665 2080 3720 illorum

509 3760 698 3816 labore
725 3774 915 3815 carere
942 3760 1062 3814 vult
1088 3759 1389 3830 apostolos,
1424 3773 1529 3814 nec
1571 3758 1782 3813 sanctis
1819 3755 2082 3827 apostolis

510 3861 679 3910 totam
720 3852 952 3924 gloriam
997 3851 1189 3907 tribuit
1230 3866 1422 3906 eorum
1479 3849 1577 3921 qui
1627 3849 1873 3904 salvandi
1925 3855 2084 3903 erant

509 3957 608 4012 per
636 3941 796 3998 ﬁdem
829 3943 884 3997 in
917 3942 1096 4012 ipsum
1133 3960 1146 3997 :
1182 3941 1277 3998 sed
1313 3950 1624 4012 temperans
1652 3939 2080 4013 quodammodo,

511 4040 565 4088 et
597 4041 787 4088 mutua
817 4035 1134 4104 operatione
1169 4036 1504 4107 permiscens
1537 4043 1896 4104 utrorumque
1926 4032 2082 4086 labo-

510 4139 649 4190 rem,
689 4140 860 4180 unum
892 4125 1016 4180 fore
1059 4125 1134 4180 ait
1179 4125 1236 4178 in
1282 4125 1533 4195 utrisque
1577 4124 1765 4194 gloriae
1815 4122 2082 4177 studium.

511 4215 777 4272 introisse
804 4223 987 4271 tamen
1031 4213 1313 4287 apostolos
1341 4214 1396 4268 in
1425 4221 1745 4269 sanctorum
1795 4211 2084 4282 propheta-

514 4321 636 4360 rum
662 4306 880 4361 labores
897 4307 1116 4373 asserit,
1145 4320 1254 4362 non
1283 4306 1609 4378 permittens
1641 4304 1904 4360 insultare
1933 4303 2083 4373 prio-

511 4409 636 4450 rum
682 4395 982 4460 nobilitati,
1033 4395 1131 4452 sed
1180 4411 1277 4452 eos
1335 4395 1540 4450 honore
1594 4394 1850 4464 prosequi
1901 4394 2083 4463 potius

515 4484 894 4555 persuadens,
944 4491 1004 4539 ut
1048 4486 1146 4557 qui
1199 4486 1387 4541 labore
1439 4494 1493 4541 et
1531 4493 1774 4556 tempore
1825 4492 2082 4554 praeeaut.

514 4571 792 4642 Optimum
838 4581 1016 4628 autem
1060 4573 1208 4629 istud
1247 4574 1408 4628 nobis
1438 4589 1657 4643 quoque
1697 4573 2086 4628 documentum

517 4659 654 4725 fore,
691 4661 816 4730 quis
844 4676 1087 4716 annuere
1109 4661 1476 4716 detrectabit?

2179 3210 2521 3266 κοπιάκατεο
2551 3212 2727 3267 ἄλλοι
2754 3210 3166 3278 κεκοπιάκασι,
3193 3210 3287 3265 καὶ
3313 3214 3400 3278 εἰς
3421 3211 3527 3265 τὸν
3558 3213 3752 3265 κόπον

2177 3302 2377 3358 αὐτῶν
2409 3303 2856 3370 εἰσεληλύθατε.

2251 3393 2395 3464 Ἤδη
2427 3393 2488 3446 τὸ
2519 3392 2737 3463 σύμπαν
2765 3391 2948 3455 αὐτοῖς
2993 3390 3362 3446 ἀνακαλύπτει
3420 3395 3749 3464 μυστήριον,

2180 3484 2272 3537 καὶ
2298 3485 2396 3554 τὴν
2421 3482 2794 3554 αἰνιγματώδη
2824 3482 2932 3536 τῶν
2959 3482 3132 3552 λόγων
3190 3484 3504 3556 ἀποστήσας
3534 3486 3760 3556 περιϐο-

2179 3573 2297 3643 λὴν,
2331 3573 2733 3644 ἐναργεστάτην
2767 3571 2861 3626 τοῦ
2893 3573 3290 3644 σημαινομένου
3321 3575 3615 3645 παρίστησι
3649 3576 3754 3644 τὴν

2179 3658 2437 3714 διάνοιαν.
2473 3659 2885 3732 Φιλοπροφήτης
2915 3659 2971 3713 δέ
3001 3660 3074 3714 ῶν
3097 3663 3124 3714 ὁ
3157 3663 3367 3734 Σωτὴρ,
3404 3664 3497 3717 καὶ
3526 3665 3757 3734 φιλαπό-

2184 3751 2388 3816 στολος,
2418 3741 2542 3805 οὕτε
2570 3751 2660 3805 τὸν
2689 3751 2914 3805 ἐκείνων
2944 3751 3100 3806 πόνον
3138 3753 3242 3820 ἔξω
3269 3757 3368 3826 τῆς
3387 3755 3494 3809 τῶν
3525 3756 3760 3809 ἀποστό-

2183 3843 2291 3895 λων
2322 3841 2503 3911 τίθησι
2543 3841 2748 3912 χειρὸς,
2788 3840 2912 3895 οὔτε
2976 3843 3084 3914 μὴν
3135 3843 3441 3916 ὁλοκλήρως
3489 3846 3760 3917 ἀπονέμει

2182 3935 2294 3996 τοῖς
2324 3931 2494 4000 ἁγίοις
2525 3931 2842 3995 ἀποστόλοις
2879 3931 2940 3985 τὸ
2959 3933 3050 3985 ἐπὶ
3079 3935 3193 3996 τοῖς
3227 3932 3510 4004 μέλλουσιν
3539 3935 3760 3988 ἀνασω-

2184 4020 2445 4092 θήσεσθαι
2473 4021 2733 4091 καύχημα
2763 4019 2852 4073 διὰ
2899 4021 3136 4086 πίστεως
3159 4023 3259 4093 τῆς
3291 4024 3370 4086 είς
3397 4025 3580 4077 αὐτόν·
3625 4025 3760 4078 ἀνα-

2184 4113 2425 4184 κεράσας
2469 4112 2524 4165 δέ
2565 4113 2754 4183 ὥσπερ
2801 4111 2894 4164 καὶ
2916 4114 3036 4176 ταῖς
3060 4114 3118 4167 ἐν
3159 4113 3415 4185 ἀλλήλαις
3459 4115 3760 4187 ἐνεργείαις

2185 4201 2284 4276 [αί.
2317 4201 2681 4274 συνεργείαις]
2697 4202 2965 4271 ἀναμίξας
2995 4203 3084 4256 τὸν
3107 4205 3382 4276 ἑκατέρων
3413 4205 3594 4266 πόνον,
3626 4206 3760 4276 μίαν

2185 4295 2405 4348 ἔσεσθαί
2433 4312 2586 4366 φησι,
2621 4284 2714 4347 καῖ
2755 4295 2898 4364 μάλα
2929 4295 3171 4360 εἰκότως,
3202 4297 3286 4348 ἐπ’
3317 4297 3517 4365 ἀμφοῖν
3545 4295 3639 4368 τὴν
3667 4312 3760 4364 φι-

2185 4387 2454 4458 λοτιμίαν.
2502 4386 2889 4458 Είσὸεόηκέναι
2936 4403 3000 4454 γε
3054 4387 3158 4457 μὴν
3193 4388 3285 4440 ἐπὶ
3313 4390 3425 4451 τοῖς
3454 4387 3559 4440 τῶν
3587 4389 3761 4455 ἁγίων

2191 4477 2488 4548 προφητῶν
2537 4478 2664 4540 τοὺς
2711 4476 3039 4539 ἀποστόλους
3103 4473 3501 4530 διαϐεϐαιοῦται
3554 4478 3761 4544 πόνοις,

2189 4570 2312 4638 ταῖς
2362 4568 2470 4622 τῶν
2533 4567 2910 4639 προλαϐόντων
2977 4567 3247 4632 εὐκλείαις
3301 4570 3401 4623 οὐκ
3452 4569 3766 4641 ἐπιτρέπων

2192 4660 2525 4724 ἐνάλλεσθαι,
2557 4662 2719 4732 τιμᾷν
2763 4659 2819 4712 δέ
2865 4659 3062 4730 μᾶλλον
3102 4657 3411 4713 ἀναπείθων
3438 4657 3651 4728 αὖτοὺς,
3683 4659 3771 4726 ὡς

514 4755 895 4826 ἡγησαμένους
927 4754 984 4808 ἐν
1011 4772 1071 4808 τε
1115 4754 1282 4825 πόνῳ,
1325 4754 1421 4812 κα)⁸
1451 4753 1650 4825 χρόνῳ,
1681 4753 1982 4808 Κάλλιστον
2024 4755 2078 4809 δέ
2114 4755 2176 4828 δή
2204 4774 2304 4810 που
2330 4757 2424 4810 καὶ
2452 4757 2581 4827 ἡμῖν
2609 4755 2689 4808 δτι
2729 4753 2792 4825 δὴ
2821 4754 3035 4818 πάντως
3061 4752 3212 4807 ἐσται
3236 4753 3297 4807 τὺ
3359 4752 3613 4825 μάθημα,
3676 4754 3772 4818 τίς

513 4846 544 4900 ὁ
580 4848 849 4899 συναινεῖν
878 4846 1310 4916 παραιτούμενος
1337 4861 1353 4912 ;

585 4939 742 5010 201
763 4937 864 5005 IV,
891 4939 981 5013 '59.
1015 4937 1098 4992 Ea:
1118 4939 1328 4992 civitate
1357 4947 1531 4992 autem
1563 4938 1659 4992 illa
1677 4937 1830 4992 multi
1859 4939 2091 4994 credide-

519 5037 639 5082 runt
681 5032 736 5082 in
772 5044 891 5084 eum
920 5029 1388 5084 Samaritanorum
1411 5069 1428 5095 ,
1460 5038 1670 5100 propter
1711 5029 1919 5083 verbum
1971 5047 2091 5084 ηιιι-

491 5121 663 5206 ρίἱενὶδ
693 5122 1046 5176 testimonium
1071 5112 1424 5193 perhibentis;
1449 5121 1587 5189 Quia
1608 5121 1744 5175 dixit
1765 5120 1894 5174 mihi
1911 5122 2092 5176 omnia

517 5232 835 5288 quacunque
863 5215 984 5285 feci.

593 5305 685 5362 His
722 5307 904 5361 verbis
943 5320 1164 5381 rursum
1213 5307 1386 5363 Israel
1429 5306 1866 5372 condemnatur,
1911 5312 1967 5360 et
2021 5319 2090 5360 ex

521 5397 996 5453 Samaritanorum
1033 5399 1297 5454 facilitate
1326 5399 1500 5455 durus
1530 5406 1583 5454 et
1613 5397 1938 5469 praefractus
1965 5396 2088 5466 ejus

523 5489 739 5542 animus
772 5489 1043 5557 arguitur.
1085 5489 1454 5548 Vehementer
1475 5491 1622 5547 enim
1657 5491 1888 5545 miratur
1921 5503 2086 5543 evan-

611 5667 656 5698 "
681 5664 846 5720 lleur.
875 5679 928 5719 ιι
949 5705 962 5732 ,
993 5665 1082 5732 59,
1116 5667 1208 5724 40.

2277 4940 2378 4992 Ἐκ
2397 4935 2467 4990 δὲ
2489 4933 2600 5003 τῆς
2631 4935 2861 4999 πόλεως
2885 4932 3120 4999 ἐκείνης
3145 4932 3362 4986 πολλοὶ
3393 4932 3776 4987 ἐπίστευσαν

2194 5032 2280 5097 είς
2304 5027 2490 5084 αὐτὸν
2518 5023 2638 5079 τῶν
2659 5021 3031 5092 Σαμαρειτῶν
3061 5021 3158 5075 διὰ
3181 5021 3290 5075 τὸν
3313 5023 3499 5092 λόγον
3527 5022 3635 5091 τῆς
3657 5043 3773 5092 γυ-

2193 5123 2402 5188 ναικὸς
2446 5117 2890 5191 μαρτυρούσηςο
2929 5116 3058 5169 Ὅτι
3094 5110 3225 5168 εἶπέ
3263 5131 3366 5183 μοι
3398 5112 3611 5180 πάντα,
3645 5113 3775 5169 ὅσα

2195 5211 2471 5279 ἐποίησα.

2268 5299 2669 5371 Κατακρίνεται
2705 5297 2864 5351 πάλιν
2883 5297 2977 5350 καὶ
3005 5296 3092 5349 διὰ
3118 5295 3322 5349 τούτων
3350 5296 3378 5348 δ
3412 5293 3650 5364 Ἰσραὴλ,
3669 5295 3774 5348 καὶ

2173 5393 2279 5447 ’διὰ
2338 5394 2436 5462 τῆς
2493 5387 2842 5461 Σαμαρειτῶν
2910 5387 3252 5452 εὐπειθείας,
3304 5385 3645 5456 ἀφιλομαθής
3707 5402 3773 5436 τε

2191 5483 2327 5555 ὁμοῦ
2361 5485 2455 5538 καὶ
2484 5482 2696 5552 ἀπηνὴς
2741 5479 3102 5549 ἐξελέγχεται.
3157 5478 3435 5548 Θαυμάζει
3478 5477 3586 5548 γὰρ
3644 5474 3778 5529 λίαν
