4038 6210
288 220 398 275 59.9

1335 231 1400 290 ΙΝ
1442 229 1727 286 JOANNIS
1767 228 2213 289 EVANGELIUM
2258 233 2390 288 LIB.
2430 232 2494 288 ll.

3430 239 3538 302 350

290 340 320 392 ό
343 338 741 410 εὐαγγελιστὴς
777 341 1000 406 πολλοὺς
1037 345 1113 408 είς
1143 345 1377 415 Χριστὸν
1419 343 1858 408 πεπιστευκέναι,

1964 345 2159 415 gellsta
2192 348 2399 403 multos
2436 316 2517 401 in,
2540 346 2823 402 Christum
2862 348 3195 418 credidi.se,
3243 367 3370 408 cum
3418 355 3539 411 ait:

290 428 494 495 λέγων,
526 447 546 480 s
572 428 673 483 Διὰ
704 430 796 485 τὸν
837 432 995 501 λόγον
1021 434 1120 505 τῆς
1143 433 1418 504 γυναικὸς,
1459 456 1479 490 s
1537 437 1715 491 καίτοι
1759 437 1866 495 τῶν

289 519 381 573 διὰ
436 520 602 589 νόμου
654 522 1188 595 παιδαγωγουμένων
1245 528 1326 590 είς
1392 527 1490 599 τὴν
1545 527 1638 581 ἐπὶ
1693 529 1866 599 τούτῳ

291 610 516 678 γνῶσιν,
553 610 677 663 οὔτε
714 610 815 676 τὰς
857 614 1097 678 Μωσέως
1147 616 1605 689 παραδεξαμένων
1658 620 1863 690 φωνὰς,

287 699 414 753 οὔτε
454 703 568 764 τοῖς
605 704 899 774 προφητῶν
925 705 1007 759 ὅτι
1057 706 1336 761 πείθεσθαι
1364 709 1470 780 χρὴ
1499 709 1866 780 διεγνωκότων

287 797 635 870 κηρύγμασι.
657 801 1175 871 Προκατασκευάζει
1202 804 1259 857 δὲ
1284 804 1372 858 διὰ
1396 805 1621 872 τούτων,
1666 807 1865 879 μᾶλλον

285 889 344 942 δὲ
377 891 839 962 προαπολογείται
871 894 1069 962 σοφῶς,
1101 895 1184 948 ὅτι
1213 896 1434 967 χάριτός
1453 913 1512 950 τε
1533 900 1625 952 καὶ
1652 899 1866 963 ἐλπίδος

284 982 386 1050 τῆς
408 984 490 1045 εἰς
516 983 755 1053 Χριστὸν
784 983 1150 1057 ὲξωσθήσεται
1186 987 1284 1057 μὲν
1310 987 1543 1058 εὐλόγως
1563 990 1593 1042 ό
1628 989 1862 1062 Ἰσραὴλ,

284 1074 708 1145 ἀντεισεήσεται
736 1073 795 1128 δὲ
821 1074 929 1129 τῶν
974 1075 1163 1144 ἐθνῶν,
1200 1078 1319 1149 ἦτοι
1342 1079 1450 1133 τῶν
1475 1080 1797 1151 ἀλλογενῶν,
1828 1084 1861 1154 ἡ

284 1166 685 1237 εὐπειθεστέρα
708 1165 936 1238 πληθύς.

368 1258 464 1319 Ὡς
522 1253 637 1312 οὖν
693 1253 886 1327 ἦλθον
946 1259 1097 1327 πρὸς
1151 1259 1339 1314 αὐτόν
1383 1263 1439 1316 οι
1490 1261 1860 1332 Σαμαρεῖται,

281 1346 532 1413 ἠρώτων
577 1348 767 1401 αὑτὸν
798 1348 996 1417 μεῖναι
1037 1351 1172 1419 παρ’
1221 1351 1444 1417 αὐτοῖς’
1479 1354 1579 1407 καὶ
1631 1354 1864 1423 ἔμεινεν

278 1438 411 1491 ἐκεῖ
439 1438 549 1493 δύο
572 1438 815 1508 ἡμέρας.
844 1440 952 1494 Καὶ
992 1440 1202 1507 πολλῷ
1233 1442 1480 1508 πλειους
1493 1443 1863 1517 ἐπίστευσαν

279 1531 385 1583 διὰ
414 1531 521 1582 τὸν
549 1532 737 1600 λόγον
756 1532 970 1588 αὑτοῦ.

372 1619 680 1693 Ἐξηγείται
718 1622 817 1693 μὲν
862 1626 939 1689 ὡς
986 1627 1045 1680 ὲν
1092 1626 1354 1699 ἁπλότητι
1378 1628 1574 1698 λόγων,
1609 1629 1639 1683 ὃ
1667 1629 1730 1701 δὴ
1764 1646 1860 1700 γε·

281 1688 901 1786 νέσοαιψσυμόέέηκεν·
945 1717 1141 1789 ἑτέραν
1171 1720 1229 1773 δὲ
1258 1688 1730 1796 ῶσπερ-ἐξαρτύεί
1753 1688 1861 1779 τὲά.
1899 1688 1939 1743 Β

282 1802 373 1856 λιν
403 1802 689 1871 ἀπαίδειξιν,
716 1805 806 1861 τοῦ
830 1810 1024 1881 χρῆναι
1050 1809 1273 1879 δικαίως
1310 1814 1739 1888 ἀπορῤίπτεσθαι
1766 1816 1863 1887 μὲν

281 1900 388 1966 τῆς
435 1899 649 1962 ἐλπίδος
681 1899 775 1953 τὸν
829 1902 1062 1974 Ἰσραὴλ.
1110 1897 1687 1977 μεταμοσχεύεσθαιδέ
1735 1911 1860 1971 τοὺς

282 1988 596 2055 ἀλλογενείς
656 1990 744 2044 ἐπ’
793 1993 981 2064 αὐτήν.
1028 1993 1264 2049 Ἰουδαῖοι
1316 1997 1415 2068 μὲν
1463 1999 1571 2070 γὰρ
1615 1999 1861 2071 θαυματ-

280 2079 617 2149 ουργοῦντα,
645 2083 902 2147 ποικίλως
952 2085 1044 2139 τὸν
1088 2087 1317 2159 Ἰησοῦν,
1370 2092 1465 2145 καὶ
1508 2094 1565 2145 ἐν
1622 2092 1746 2165 δόξῃ
1794 2098 1858 2165 τῇ

283 2171 591 2239 θεοπρεπεί
637 2173 1029 2247 διαλάμποντα,
1079 2182 1303 2250 πικραῖς
1341 2198 1403 2234 τε
1430 2184 1523 2236 καὶ
1567 2184 1862 2256 ἀφορήτοις

282 2262 568 2325 ὑπονοίαις
596 2263 894 2334 ὑϐρίζουσι,
939 2270 1031 2321 καὶ
1061 2270 1313 2340 τοσοῦτον
1366 2276 1714 2345 ἐμπαροινεῖν
1759 2277 1859 2330 οὐκ

279 2353 652 2424 ἑρυθριῶντες
680 2356 1009 2418 ἁλίσκονται.
1031 2360 1104 2424 ὡς
1127 2361 1332 2426 ἔξοικόν
1356 2381 1423 2417 τε·
1445 2366 1736 2434 ποιεῖσθαι,
1770 2371 1862 2422 καὶ

280 2445 496 2507 πόλεως
525 2449 624 2516 τῆς
646 2448 911 2521 σφετέρας
930 2450 1172 2507 ἐλαύνειν
1195 2455 1511 2524 ἐπείγεσθαι
1525 2457 1618 2512 τὸν
1636 2459 1861 2531 ἁπάσης

276 2538 472 2599 abaci;
495 2537 759 2608 εὐθυμίας
778 2540 1052 2610 πρόξενον.
1089 2545 1419 2616 Σαμαρεῖται
1441 2548 1499 2603 δέ
1523 2566 1587 2619 γε
1620 2553 1750 2622 μιᾶς
1768 2571 1862 2623 γυ-

278 2629 466 2692 ναικὸς
487 2630 948 2701 ἀναπεπεισμένοι
983 2632 1180 2702 λόγοις,
1212 2636 1500 2709 δρομαίους
1525 2642 1623 2712 μὲν
1647 2643 1728 2698 ὅτι
1754 2645 1858 2717 χρὴ

278 2724 421 2792 πρὸς
444 2722 608 2776 αὐτὸν
643 2724 986 2791 ἀφικνεῖσθαι
1015 2725 1336 2795 λογίζονται.
1364 2731 1582 2806 Ἐπειδὴ
1611 2734 1668 2788 δὲ
1703 2730 1856 2808 ἧκον,

277 2813 616 2883 ἐκλιπαροῦν
646 2814 994 2883 ἐσπούδαζον,
1022 2819 1101 2881 εῐς
1130 2836 1189 2871 τε
1211 2818 1272 2872 τὸ
1288 2820 1422 2875 ἄστυ
1441 2825 1749 2896 παρελθεῖν,
1766 2829 1861 2881 καὶ

277 2905 374 2957 τὸν
403 2906 670 2975 σωτήριον
693 2907 874 2970 αὐτοῖς
890 2907 1397 2977 ὲπιδαψιλεύσασθαι
1424 2914 1599 2984 λόγον’
1623 2917 1859 2971 ἐπινεύει

279 2993 341 3047 δὲ
371 2993 678 3066 προχείρως
722 2998 802 3061 εἰς
836 2998 1004 3068 ἄμφω
1034 3001 1289 3071 Χριστὸς,
1327 3004 1428 3058 οὐκ
1471 3005 1719 3077 ἄκαρπον
1746 3007 1858 3061 ἕσε-
1886 3034 1928 3091 c

279 3085 412 3139 σθαι
451 3087 551 3155 τὴν
572 3085 734 3156 χάριν
764 3087 938 3151 εἰδώς.
962 3090 1151 3144 Πολλοὶ
1177 3093 1285 3164 γὰρ
1312 3095 1636 3151 ἐπίστευσαν
1659 3099 1747 3153 διὰ
1766 3100 1859 3154 τὸν

276 3176 441 3246 λόγον
477 3179 668 3233 αὑτοῦ.
703 3177 862 3234 Ἰστω
890 3182 1051 3236 πάλιν
1101 3184 1190 3237 διὰ
1225 3188 1427 3241 τούτων
1459 3190 1486 3241 ό
1532 3187 1774 3258 φιλόθεός
1799 3208 1859 3244 τε

277 3270 381 3321 καὶ
404 3269 757 3340 φιλευλαϐὴς,
805 3271 886 3325 ὅτι
916 3273 1024 3327 τῶν
1075 3275 1171 3345 μὲν
1209 3275 1522 3332 λυπούντων
1547 3279 1707 3334 αὐτὸν
1747 3282 1857 3334 ἀπ-

275 3359 569 3412 ανίσταται
604 3361 859 3431 Χριστὸς,
896 3361 1215 3428 ἐνοικίζεται
1255 3365 1311 3419 δὲ
1356 3369 1469 3432 τοίς
1511 3369 1858 3440 εὐφραίνουσι

276 3448 349 3503 δι’
372 3451 621 3520 ὑπακοῆς
650 3469 707 3504 τε
733 3452 827 3505 καὶ
854 3453 1085 3517 πίστεως
1102 3455 1332 3526 ἀγαθῆς.

355 3541 437 3611 Τῇ
460 3560 528 3595 τε
552 3544 784 3612 γυναικί
827 3544 1060 3614 ἔλεγον,
1085 3547 1174 3600 ὅτι
1211 3548 1420 3603 Οὐκέτι
1453 3550 1551 3605 διὰ
1580 3551 1694 3621 τὴν
1734 3553 1859 3622 σὴν

272 3636 508 3689 λαλιὰν
557 3637 938 3705 πιστεύομεν
980 3637 1149 3691 αὐτοὶ
1197 3639 1311 3708 γὰρ
1354 3642 1699 3714 ἀκηκόαμεν
1758 3646 1859 3700 καὶ

271 3725 553 3793 οιδαμεν,
589 3725 677 3779 ὅτι
709 3722 886 3792 οὗτός
934 3726 1106 3780 ἐστιν
1150 3729 1387 3799 ἀληθῶς
1416 3735 1450 3786 ὁ
1496 3736 1699 3805 Σωτὴρ
1752 3737 1856 3792 τοῦ

266 3818 516 3884 κόσμου
546 3820 580 3871 ὁ
606 3819 877 3886 Χριστός.

364 3908 506 3963 ’Δπὺ
528 3908 640 3962 τῶν
673 3908 933 3980 μειζόνων
962 3914 1329 3985 Σαμαρείταις
1355 3918 1388 3987 ή
1411 3916 1610 3983 πίστις.
1644 3920 1738 3974 καὶ
1756 3922 1857 3974 οὐκ
1934 3927 1941 3931 ’

269 3999 334 4065 ἑξ
362 3995 441 4052 ὧν
475 3999 557 4052 ἔτι
579 4001 706 4070 παρ’
741 4001 928 4074 ἐτέρου
976 4004 1370 4074 μανθάνουσιν,.
1390 4006 1503 4061 ἀλλ’
1541 4007 1602 4072 ἐξ
1622 4002 1696 4063 ὧν
1723 4009 1856 4063 αὖτ-

270 4093 434 4163 ήκοοι
463 4091 749 4159 γεγονότες
795 4093 1184 4164 θαυμάζουσιν.
1228 4097 1554 4165 Ἐγνωκέναι
1571 4099 1629 4152 δέ
1658 4116 1820 4168 φασιν
1839 4139 1855 4164 ,

272 4186 470 4256 ὅτιπερ
514 4184 603 4254 εἴη
647 4182 834 4254 σαφῶς
866 4186 1026 4251 αὐτὸς
1054 4188 1083 4240 ό
1127 4186 1221 4241 τοῦ
1265 4189 1470 4259 κόσμου
1523 4190 1734 4261 Σωτὴρ,
1765 4190 1856 4243 πί-

272 4292 448 4337 στεως
475 4275 736 4347 ἐνέχυρον
765 4277 863 4349 τῆς
894 4279 972 4343 είς
997 4279 1158 4333 αὐτὸν
1189 4280 1402 4345 ἐλπίδος
1438 4281 1538 4353 τὴν
1566 4281 1856 4353 ὁμολογίαν

271 4367 432 4421 ποιοῦ
442 4384 599 4437 μενοι
608 4408 622 4422 .

341 4460 513 4513 Μετὰ
575 4460 644 4512 δὲ
700 4461 808 4528 τὰς
852 4461 963 4517 δύο
1016 4464 1237 4532 ἡμέρας
1297 4464 1560 4534 ἐξῆλθεν
1622 4466 1851 4523 ἐκεῖθεν

269 4554 358 4618 εὶς
396 4553 517 4619 τὴν
543 4553 902 4608 Γαλιλαίαν.
934 4556 1129 4620 Αὐτὸς
1165 4556 1275 4625 γὰρ
1324 4557 1563 4625 Ἰησοῦς
1604 4559 1851 4629 ἐμαρτύ-

264 4656 490 4709 ρησεν,
533 4641 623 4695 ὅτι
668 4643 980 4713 προφήτης
1015 4646 1087 4700 ἐν
1142 4646 1217 4716 τῇ
1246 4647 1367 4715 ὶδιᾳ
1398 4648 1633 4717 πατρίδι
1675 4650 1851 4719 τιμὴν

272 4735 389 4787 οὐκ
410 4734 558 4802 ἔχει.

351 4821 567 4886 Ἐξεισι
601 4823 703 4893 μὲν
726 4824 836 4877 ἀπὸ
868 4827 965 4897 τῇς
990 4826 1326 4903 Σαμαρείας,
1353 4828 1725 4899 κατασπείρας
1746 4827 1849 4900 ήδη

273 4914 367 4968 ὢν
410 4917 679 4986 σωτήριον
701 4915 876 4983 λόγον,
916 4918 1011 4972 καὶ
1049 4919 1298 4991 γεωργοῦ
1320 4937 1464 4982 τινος
1500 4920 1656 4992 δίκην
1683 4922 1850 4989 ἐγκα-

273 5005 562 5075 τακρύψας
607 5007 706 5076 τὴν
743 5009 925 5064 πίστιν
972 5013 1085 5073 τοῖς
1135 5010 1373 5064 οἰκοῦσιν
1414 5010 1601 5083 αὐτὴν,
1634 5013 1732 5083 οὐχ
1761 5012 1849 5066 ἴνα

274 5098 398 5158 ταῖς
429 5096 539 5149 τῶν
566 5097 838 5153 λαϐόντων
866 5101 1254 5172 καταδεσμοῑτο
1282 5104 1532 5166 σιωπαὴ,
1568 5102 1849 5174 ὴρεμοῧσα

272 5187 478 5256 τρόπον
504 5190 628 5244 τινὰ
648 5192 742 5245 καὶ
768 5194 1255 5265 κατακεχωσμὲνη,
1297 5194 1410 5248 ἀλλ’
1442 5194 1529 5249 ἵνα
1547 5195 1610 5265 δὴ
1647 5196 1849 5264 μᾶλλον

266 5278 398 5339 ταῖς
431 5279 683 5333 ἁπάντων
721 5281 1119 5350 ὲγκαταφύοιτο
1144 5282 1361 5353 ψυχαῖς,
1402 5281 1648 5354 ἕρπουσὰ
1672 5298 1734 5335 τε
1755 5283 1849 5336 καὶ

263 5369 624 5442 διῖκνουμένη
678 5372 813 5441 πρὸς
855 5372 915 5425 τὸ
948 5371 1132 5442 μεῖζον
1180 5373 1287 5438 ἀεὶ,
1318 5374 1412 5427 καὶ
1448 5371 1585 5443 πρὸς
1626 5371 1724 5444 τὴν
1757 5374 1850 5426 ὲκ-

264 5461 617 5534 ιρανεστέραν
637 5464 902 5535 τρέχουσα
937 5464 1183 5534 δύναμιν.
1227 5464 1442 5535 Ἐπειδὴ
1477 5463 1533 5516 δὲ
1562 5463 1649 5518 διὰ
1682 5462 1847 5534 μέσου

266 5553 539 5624 κειμένην
582 5556 919 5625 παρατρέχει
973 5555 1071 5626 τὴν
1101 5555 1370 5625 Ναζαρὲτ,
1410 5558 1467 5609 ἐν
1492 5549 1635 5629 ᾗπερ
1685 5556 1846 5609 αὐτὸν

266 5646 720 5714 ωτατετράφθαι
768 5646 944 5714 λόγος,
974 5646 1049 5710 ὡς
1093 5645 1337 5699 ἐντεῦθεν
1382 5646 1507 5717 ἥδη,
1541 5647 1634 5700 καὶ
1684 5646 1846 5702 ἀστὸν
1900 5721 1902 5724 ν

558 5742 833 5803 Ρλτιιοι..
878 5742 990 5801 Gn.
1039 5740 1297 5800 LXXIII.

1975 452 1993 485 ο
2036 434 2269 508 Propter
2297 437 2527 493 verbum
2561 436 2810 492 mulieris
2831 477 2847 504 ,
2890 456 2911 489 ι
2945 439 3197 509 quamvis
3241 442 3278 496 ii
3319 445 3413 514 qui
3443 460 3543 516 per

1968 526 2144 599 legem
2193 529 2259 584 ad
2312 529 2474 585 istius
2523 529 2861 598 agnitionem
2914 530 3332 600 erudiebantur,
3362 551 3547 607 neque

1967 621 2175 693 Moysis
2202 623 2369 679 verba
2399 623 2763 693 susceperim,
2781 638 2960 693 neque
2972 625 3366 696 prophetarum
3396 646 3540 700 prae-

1968 714 2147 770 coniis
2180 713 2521 769 credendum
2567 729 2691 770 esse
2735 718 3072 774 censuerint.
3114 719 3325 776 Astruit
3369 738 3540 794 porro

1968 802 2057 859 bis
2109 803 2296 868 verbis
2359 811 2414 858 et
2479 803 2537 858 in
2602 814 2953 861 antecessum
3009 796 3542 883 sapienter.probat

1966 890 2225 949 lsraelem
2257 893 2435 963 gratia
2468 901 2524 948 et
2561 909 2658 964 spe
2704 894 2798 948 illa
2848 894 2906 950 in
2953 896 3234 954 Christum
3278 902 3402 971 jure
3441 904 3542 960 de-

1968 984 2246 1039 turbatum
2292 984 2399 1050 iri,
2444 992 2499 1040 et
2532 985 2587 1039 in
2622 988 2744 1055 ejus
2786 987 2966 1043 locum
2998 990 3241 1059 gentium
3277 1002 3381 1047 aut
3410 995 3542 1051 alie-

1964 1075 2286 1147 nigenarum
2325 1076 2731 1135 multitudinem
2763 1080 3239 1153 obsequentiorem
3286 1083 3541 1144 introdu-

1964 1164 2235 1221 cendam.
2752 1206 2753 1211 η
2794 1190 2797 1193 π
3304 1234 3307 1241 _

2035 1253 2104 1310 IV
2125 1296 2140 1324 ,
2177 1257 2269 1325 40,
2298 1257 2387 1311 41.
2430 1258 2565 1313 Cum
2593 1275 2715 1331 ergo
2736 1262 2999 1317 venissent
3031 1264 3101 1317 ad
3133 1280 3255 1320 eum
3283 1265 3535 1322 Samari-

1964 1350 2101 1413 tani,
2142 1361 2455 1419 rogaverunt
2491 1367 2610 1406 eum
2636 1364 2694 1407 ut
2727 1354 2800 1408 ibi
2832 1364 3105 1411 maneret:
3144 1366 3197 1411 et
3230 1360 3425 1413 mansit
3463 1359 3539 1414 ibi

1964 1439 2097 1495 duos
2121 1440 2254 1496 dies.
2290 1440 2361 1496 Et
2394 1442 2561 1497 multo
2584 1444 2761 1514 plures
2792 1446 3131 1504 crediderunt
3169 1448 3227 1503 in
3258 1466 3378 1505 eum
3412 1448 3539 1521 pro-

1963 1542 2079 1602 pter
2111 1550 2405 1590 sermonem
2429 1535 2565 1606 ejus.
3158 1558 3161 1561 ν
3216 1566 3225 1575 ο
3254 1576 3285 1582 ..
3362 1552 3363 1555 η

2039 1624 2394 1697 Simplicibus
2425 1627 2607 1684 verbis
2639 1628 2699 1684 id
2724 1629 2869 1705 quod
2909 1630 3117 1686 factum
3150 1640 3236 1689 est
3270 1637 3537 1705 exponit;

1969 1717 2066 1774 sed
2106 1695 2269 1773 aliam
2317 1733 2511 1776 rursus
2559 1695 3540 1792 demonstrationem'quodammodo

1970 1818 2281 1881 praeparat,
2317 1811 2581 1865 nimirum
2611 1810 2868 1867 lsraelem
2898 1814 3094 1869 merito
3119 1829 3215 1884 spe
3247 1814 3408 1886 dejici
3432 1854 3451 1882 ,
3483 1824 3540 1874 et

1970 1902 2025 1955 in
2076 1917 2198 1958 eam
2253 1901 2592 1973 alienigenas
2641 1904 3058 1973 transplantari.
3104 1904 3277 1962 Judaei
3330 1899 3537 1979 quippe

1968 1992 2238 2049 miracula
2272 1993 2443 2049 variis
2469 1992 2651 2048 modis
2675 2002 2982 2063 patrantem
3012 1994 3235 2069 Jesum,
3264 2007 3321 2054 et
3346 2000 3535 2056 divina

1969 2085 2145 2162 gloria
2168 2082 2578 2155 praefulgentem
2608 2088 2891 2142 acerbo-et
2921 2088 3145 2143 immani
3177 2078 3362 2147 furore
3407 2107 3537 2162 pro—

1969 2158 2295 2251 sequuntur,
2326 2186 2382 2235 et
2411 2192 2479 2233 eo
2516 2177 2958 2248 intemperiarum
2990 2179 3277 2249 devenisse
3315 2199 3536 2256 compa-

1968 2272 2225 2339 riuntnr,
2270 2276 2329 2326 ut
2368 2277 2641 2326 extorrem
2691 2281 2747 2325 et
2798 2286 2830 2327 e
2880 2271 3101 2329 civitate
3147 2289 3247 2329 sua
3290 2278 3534 2335 exsulem

1969 2362 2152 2418 facere
2199 2370 2470 2417 conentur
2527 2362 2708 2418 omnis
2762 2348 3532 2429 feliCitatis..conciliatorem.

1969 2456 2299 2511 Samaritani
2349 2469 2503 2519 vero,
2560 2454 2724 2510 unius
2780 2454 3117 2510 muliercula:
3183 2458 3533 2514 sermonibus

1968 2549 2256 2620 persuasi,
2298 2546 2616 2603 existimant
2662 2559 2859 2615 magno
2911 2560 3079 2601 cursu
3123 2547 3191 2602 ad
3243 2563 3369 2603 eum
3409 2564 3534 2605 esse

1967 2638 2389 2711 properandum.
2421 2638 2556 2717 Cum
2592 2647 2773 2691 autem
2814 2636 3127 2705 venissent,
3175 2638 3336 2711 enixe
3366 2652 3531 2708 roga-

1965 2735 2097 2790 bant
2131 2740 2192 2786 ut
2236 2730 2291 2789 in
2322 2730 2513 2785 urbem
2554 2729 2833 2798 migraret,
2874 2735 2928 2784 et
2952 2729 3244 2786 salutarem
3286 2731 3367 2787 eis
3409 2745 3530 2787 ser-

1966 2840 2188 2881 moncm
2233 2822 2441 2878 affatim
2482 2822 2821 2891 largiretur;
2858 2822 3079 2891 utrique
3112 2837 3243 2877 vero
3279 2829 3533 2894 prompte

1965 2917 2218 2974 Christus
2264 2896 2488 2979 annuit,
2539 2926 2661 2967 cum
2704 2911 2935 2982 gratiam
2977 2927 3086 2967 non
3128 2912 3528 2970 infructuosam

1967 3008 2083 3063 fore
2110 3011 2321 3062 nosset.
2349 3001 2502 3056 Multi
2524 3002 2670 3056 enim
2694 3000 3052 3056 crediderunt
3078 3002 3134 3056 in
3153 3017 3282 3069 eum
3307 3012 3533 3073 propter

1964 3111 2274 3156 sermonem
2316 3093 2455 3165 ejus.
2488 3074 2899 3147 Animadvertat
2938 3106 3134 3147 rursus
3186 3092 3244 3147 in
3288 3092 3374 3150 his
3407 3108 3531 3150 ver-

1959 3192 2046 3248 bis
2095 3189 2190 3261 ἢεί
2239 3201 2304 3242 ac
2343 3184 2623 3249 religionis
2672 3182 2923 3253 quisquis
2968 3188 3055 3238 est
3098 3196 3322 3250 amans,
3371 3183 3531 3257 Chri-

1961 3292 2107 3340 stum
2142 3280 2210 3334 ab
2249 3278 2334 3333 liis
2367 3277 2587 3347 quidem
2627 3275 2883 3333 recedere
2928 3275 3023 3346 qui
3058 3290 3182 3331 eum
3210 3275 3529 3344 oll'endunt,

1960 3377 2013 3431 in
2047 3374 2114 3429 iis
2147 3378 2326 3427 autem
2348 3367 2597 3424 habitare
2625 3368 2719 3437 qui
2762 3382 2887 3423 eum
2920 3365 3230 3437 exhilarant
3267 3358 3367 3437 per
3401 3368 3531 3425 obe.

1957 3467 2219 3524 dientiam
2250 3472 2304 3519 et
2329 3477 2479 3535 spem
2497 3462 2718 3517 bonam.
3333 3504 3337 3512 ,

2027 3560 2189 3630 202
2227 3555 2318 3623 IV,
2346 3555 2436 3610 42.
2472 3552 2542 3608 Et
2578 3551 2791 3607 mulieri
2824 3550 3096 3616 dicebant,
3121 3551 3243 3622 quia
3267 3549 3390 3605 Non
3407 3550 3528 3620 jam

1956 3663 2169 3723 propter
2220 3659 2367 3705 tuam
2412 3645 2673 3717 loquelam
2726 3642 2985 3698 credimus
3021 3660 3039 3697 :
3091 3643 3191 3711 ipsi
3242 3646 3380 3696 enim
3429 3658 3529 3695 au-

1956 3745 2222 3808 divimus,
2259 3749 2310 3795 et
2351 3739 2548 3793 scimus
2590 3736 2718 3806 quia
2768 3751 2881 3789 vere
2921 3743 3000 3788 est
3024 3732 3292 3817 ‘Salvator
3340 3732 3527 3807 mundi

1959 3833 2223 3891 Christus.

2027 3924 2075 3978 A
2102 3920 2403 3993 majoribus
2442 3918 2609 3975 rebus
2648 3914 2981 3972 Samaritani
3011 3915 3278 3979 credunt,
3322 3923 3377 3969 et
3409 3929 3524 3969 non

1957 4032 2021 4072 ex
2062 4015 2129 4070 iis
2160 4025 2284 4083 qua
2315 4006 2539 4064 aliunde
2567 4007 2681 4076 jam
2724 4004 3038 4074 accipiunt,
3085 4003 3180 4059 sed
3212 4019 3275 4059 ex
3309 4003 3378 4059 iis
3403 4019 3527 4075 qua

1958 4108 2262 4163 hauserunt
2307 4101 2412 4173 ipsi
2454 4095 3019 4154 auribus-mirantur.
3068 4095 3239 4150 Aiunt
3286 4110 3417 4151 vero
3463 4111 3526 4152 se

1957 4212 2122 4254 nosse
2150 4196 2329 4266 ipsum
2364 4188 2488 4249 esse
2523 4186 2714 4244 mundi
2746 4184 3118 4249 Salvatorem,
3160 4185 3360 4255 pignus
3396 4185 3523 4242 ﬁdei

1957 4288 2361 4346 confessionem
2395 4283 2512 4354 spei
2538 4282 2594 4336 in
2620 4281 2800 4350 ipsum
2833 4277 3119 4333 iacientes.

2029 4466 2131 4531 IV,
2167 4464 2356 4520 4544.
2397 4459 2528 4517 Post
2571 4458 2704 4513 duos
2749 4465 2927 4512 autem
2973 4454 3087 4510 dies
3123 4456 3253 4510 exiit
3300 4457 3420 4512 inde
3470 4462 3527 4515 in

1958 4558 2260 4616 Galilaeam.
2312 4553 2433 4623 Ipse
2459 4552 2599 4607 enim
2637 4548 2795 4604 Iesus
2830 4548 3185 4603 testimonium
3220 4548 3522 4619 perhibuit,

1955 4653 2079 4723 quia
2105 4648 2357 4721 propheta
2382 4647 2439 4701 in
2469 4660 2570 4700 sua
2599 4642 2779 4712 patria
2808 4639 3056 4694 honorem
3079 4655 3186 4695 non
3222 4639 3393 4694 habet.

2031 4823 2268 4881 Discedit
2295 4837 2361 4877 ex
2395 4818 2645 4875 Samaria
2674 4824 2961 4889 postquam
2989 4812 3284 4870 salutarem
3314 4826 3525 4870 sermo-

1954 4932 2078 4974 nem
2105 4913 2520 4987 proseminavit,
2545 4920 2598 4967 et
2627 4910 2801 4965 instar
2828 4907 3078 4978 agricola
3099 4905 3260 4960 ﬁdem
3287 4905 3343 4959 in
3371 4904 3521 4959 illius

1955 5008 2258 5063 incolarum
2289 5003 2566 5059 mentibus
2594 4998 2830 5062 defodit,
2866 5013 2973 5053 non
3023 5007 3083 5052 ut
3124 4995 3346 5051 silentio
3384 5009 3522 5049 con-

1953 5100 2318 5169 stringeretur
2349 5096 2527 5151 otiosa
2559 5106 2623 5147 ac
2646 5088 3048 5160 quodammodo
3069 5087 3265 5142 obruta
3287 5125 3303 5151 ,
3335 5084 3430 5142 sed
3463 5092 3521 5142 ut

1955 5193 2012 5246 in
2056 5190 2301 5245 omnium
2353 5183 2557 5240 animis
2594 5184 2961 5244 insereretur,
3014 5180 3187 5249 magis
3229 5191 3293 5232 ac
3340 5177 3513 5246 magis

1953 5295 2239 5344 crescens,
2268 5287 2435 5348 atque
2461 5275 2526 5330 ad
2559 5274 2818 5344 majorem
2849 5272 2955 5325 vim
3012 5282 3337 5340 properans.
3369 5268 3517 5337 Quo_

1955 5376 2101 5431 niam
2129 5380 2309 5427 autem
2343 5368 2755 5438 interjacentem
2778 5362 3049 5418 Nazareth
3080 5361 3513 5430 praeterveliitur.

1955 5467 2011 5520 in
2042 5479 2149 5535 qua
2180 5461 2445 5518 educatus
2484 5459 2657 5514 fuisse
2702 5455 3063 5527 perhibetur,
3109 5454 3183 5508 ita
3235 5460 3293 5507 ut
3340 5468 3407 5508 ex
3452 5467 3518 5510 ea

1953 5558 2090 5613 urbe
2110 5552 2375 5611 oriundus
2396 5559 2450 5607 et
2474 5551 2620 5607 illius
2643 5549 2781 5604 civis
2812 5554 3052 5619 putetur,
3085 5554 3139 5601 et
3164 5546 3219 5600 in
3241 5544 3519 5602 Galilaeam

1954 5646 2257 5711 descendit,
2277 5643 2541 5698 rationem
2567 5639 2723 5698 aﬂ‘crt
2749 5637 3064 5696 necessario
3082 5651 3181 5690 cur
3201 5636 3274 5693 sit
3298 5646 3521 5708 praeter.

3090 5728 3155 5792 11
