  <div class='ocr_page' id='page_1' title='image "/cluster/home/n/w/nwhite01/storage/ocr_20150623/73/hvd.32044073502023/171.png"; bbox 0 0 4040 6214; ppageno 0'>
   <div class='ocr_carea' id='block_1_1' title="bbox 436 242 575 298">
    <p class='ocr_par' dir='ltr' id='par_1_1' title="bbox 436 242 575 298">
     <span class='ocr_line' id='line_1_1' title="bbox 436 242 575 298; baseline -0.014 0"><span class='ocrx_word' id='word_1_1' title='bbox 436 242 438 245; x_wconf 75' lang='grc'><em>’</em></span> <span class='ocrx_word' id='word_1_2' title='bbox 475 242 575 298; x_wconf 75' lang='grc'><strong>531</strong></span> 
     </span>
    </p>
   </div>
   <div class='ocr_carea' id='block_1_2' title="bbox 1453 226 2691 288">
    <p class='ocr_par' dir='ltr' id='par_1_2' title="bbox 1453 226 2691 288">
     <span class='ocr_line' id='line_1_2' title="bbox 1453 226 2691 288; baseline -0.002 0"><span class='ocrx_word' id='word_1_3' title='bbox 1453 233 1523 288; x_wconf 73' lang='lat'><strong>&quot;3.</strong></span> <span class='ocrx_word' id='word_1_4' title='bbox 1560 230 1836 288; x_wconf 72' lang='lat' dir='ltr'><strong>CYRIL&#39;IJ</strong></span> <span class='ocrx_word' id='word_1_5' title='bbox 1875 226 2344 288; x_wconf 64' lang='lat' dir='ltr'><strong>ALEXANDRINl</strong></span> <span class='ocrx_word' id='word_1_6' title='bbox 2372 230 2691 288; x_wconf 75' lang='lat' dir='ltr'><strong>ARCHIEP.</strong></span> 
     </span>
    </p>
   </div>
   <div class='ocr_carea' id='block_1_3' title="bbox 3624 234 3730 295">
    <p class='ocr_par' dir='ltr' id='par_1_3' title="bbox 3624 234 3730 295">
     <span class='ocr_line' id='line_1_3' title="bbox 3624 234 3730 295; baseline 0.028 -3"><span class='ocrx_word' id='word_1_7' title='bbox 3624 234 3730 295; x_wconf 72' lang='lat'><strong>332</strong></span> 
     </span>
    </p>
   </div>
   <div class='ocr_carea' id='block_1_4' title="bbox 475 339 2065 422">
    <p class='ocr_par' dir='ltr' id='par_1_4' title="bbox 475 345 2054 422">
     <span class='ocr_line' id='line_1_4' title="bbox 475 345 2054 422; baseline -0.008 -13"><span class='ocrx_word' id='word_1_8' title='bbox 475 361 692 418; x_wconf 87' lang='lat' dir='ltr'><strong>vectus,</strong></span> <span class='ocrx_word' id='word_1_9' title='bbox 725 351 908 422; x_wconf 99' lang='lat' dir='ltr'><strong>aitque</strong></span> <span class='ocrx_word' id='word_1_10' title='bbox 939 349 1124 406; x_wconf 85' lang='lat' dir='ltr'><strong>Jesum</strong></span> <span class='ocrx_word' id='word_1_11' title='bbox 1163 347 1342 416; x_wconf 88' lang='lat' dir='ltr'><strong>ipsum</strong></span> <span class='ocrx_word' id='word_1_12' title='bbox 1367 353 1634 400; x_wconf 90' lang='lat' dir='ltr'><strong>testatum</strong></span> <span class='ocrx_word' id='word_1_13' title='bbox 1662 359 1785 400; x_wconf 91' lang='lat' dir='ltr'><strong>esse</strong></span> <span class='ocrx_word' id='word_1_14' title='bbox 1818 345 2054 416; x_wconf 88' lang='lat' dir='ltr'><strong>prophe-</strong></span> 
     </span>
    </p>
   </div>
   <div class='ocr_carea' id='block_1_5' title="bbox 2168 339 3727 422">
    <p class='ocr_par' dir='ltr' id='par_1_5' title="bbox 2168 339 3727 413">
     <span class='ocr_line' id='line_1_5' title="bbox 2168 339 3727 413; baseline -0.001 -15"><span class='ocrx_word' id='word_1_15' title='bbox 2168 341 2297 399; x_wconf 73' lang='grc' dir='ltr'>εἶναι</span> <span class='ocrx_word' id='word_1_16' title='bbox 2333 345 2530 409; x_wconf 78' lang='grc' dir='ltr'><strong>δοκεῖν,</strong></span> <span class='ocrx_word' id='word_1_17' title='bbox 2558 342 2807 413; x_wconf 82' lang='grc' dir='ltr'>καταίρει</span> <span class='ocrx_word' id='word_1_18' title='bbox 2837 339 2892 394; x_wconf 80' lang='grc' dir='ltr'>δὲ</span> <span class='ocrx_word' id='word_1_19' title='bbox 2923 340 3120 411; x_wconf 81' lang='grc' dir='ltr'>μᾶλλον</span> <span class='ocrx_word' id='word_1_20' title='bbox 3163 343 3240 406; x_wconf 86' lang='grc' dir='ltr'><strong>εἰς</strong></span> <span class='ocrx_word' id='word_1_21' title='bbox 3281 341 3376 413; x_wconf 75' lang='grc' dir='ltr'>τὴν</span> <span class='ocrx_word' id='word_1_22' title='bbox 3423 341 3727 397; x_wconf 81' lang='grc' dir='ltr'>Γαλιλαίανο</span> 
     </span>
    </p>
   </div>
   <div class='ocr_carea' id='block_1_6' title="bbox 478 433 2060 515">
    <p class='ocr_par' dir='ltr' id='par_1_6' title="bbox 478 433 2060 515">
     <span class='ocr_line' id='line_1_6' title="bbox 478 433 2060 515; baseline -0.007 -15"><span class='ocrx_word' id='word_1_23' title='bbox 478 459 589 500; x_wconf 87' lang='lat' dir='ltr'><strong>tam</strong></span> <span class='ocrx_word' id='word_1_24' title='bbox 625 444 680 498; x_wconf 87' lang='lat' dir='ltr'><strong>in</strong></span> <span class='ocrx_word' id='word_1_25' title='bbox 715 443 898 515; x_wconf 87' lang='lat' dir='ltr'><strong>patria</strong></span> <span class='ocrx_word' id='word_1_26' title='bbox 931 456 1028 496; x_wconf 90' lang='lat' dir='ltr'><strong>sua</strong></span> <span class='ocrx_word' id='word_1_27' title='bbox 1057 441 1266 494; x_wconf 85' lang='lat' dir='ltr'><strong>honore</strong></span> <span class='ocrx_word' id='word_1_28' title='bbox 1297 451 1508 494; x_wconf 83' lang='lat' dir='ltr'><strong>carere.</strong></span> <span class='ocrx_word' id='word_1_29' title='bbox 1535 435 1614 490; x_wconf 86' lang='lat' dir='ltr'><strong>ita</strong></span> <span class='ocrx_word' id='word_1_30' title='bbox 1647 437 1792 510; x_wconf 85' lang='lat' dir='ltr'><strong>enim</strong></span> <span class='ocrx_word' id='word_1_31' title='bbox 1823 433 1936 490; x_wconf 77' lang='lat' dir='ltr'><strong>fere</strong></span> <span class='ocrx_word' id='word_1_32' title='bbox 1963 451 2060 490; x_wconf 85' lang='lat' dir='ltr'><strong>na-</strong></span> 
     </span>
    </p>
   </div>
   <div class='ocr_carea' id='block_1_7' title="bbox 478 524 2056 604">
    <p class='ocr_par' dir='ltr' id='par_1_7' title="bbox 478 524 2056 604">
     <span class='ocr_line' id='line_1_7' title="bbox 478 524 2056 604; baseline -0.008 -14"><span class='ocrx_word' id='word_1_33' title='bbox 478 547 601 590; x_wconf 86' lang='lat' dir='ltr'><strong>tura</strong></span> <span class='ocrx_word' id='word_1_34' title='bbox 629 532 934 604; x_wconf 89' lang='lat' dir='ltr'><strong>comparati</strong></span> <span class='ocrx_word' id='word_1_35' title='bbox 953 545 1165 591; x_wconf 87' lang='lat' dir='ltr'><strong>sumus,</strong></span> <span class='ocrx_word' id='word_1_36' title='bbox 1199 535 1256 581; x_wconf 91' lang='lat' dir='ltr'><strong>ut</strong></span> <span class='ocrx_word' id='word_1_37' title='bbox 1281 529 1423 598; x_wconf 90' lang='lat' dir='ltr'><strong>quod</strong></span> <span class='ocrx_word' id='word_1_38' title='bbox 1457 525 1730 581; x_wconf 76' lang='lat' dir='ltr'><strong>familiare</strong></span> <span class='ocrx_word' id='word_1_39' title='bbox 1765 524 1922 580; x_wconf 89' lang='lat' dir='ltr'><strong>nobis</strong></span> <span class='ocrx_word' id='word_1_40' title='bbox 1947 532 2056 590; x_wconf 90' lang='lat' dir='ltr'><strong>est,</strong></span> 
     </span>
    </p>
   </div>
   <div class='ocr_carea' id='block_1_8' title="bbox 480 615 2056 691">
    <p class='ocr_par' dir='ltr' id='par_1_8' title="bbox 480 615 2056 691">
     <span class='ocr_line' id='line_1_8' title="bbox 480 615 2056 691; baseline -0.007 -11"><span class='ocrx_word' id='word_1_41' title='bbox 480 629 607 682; x_wconf 90' lang='lat' dir='ltr'><strong>licet</strong></span> <span class='ocrx_word' id='word_1_42' title='bbox 645 624 904 680; x_wconf 78' lang='lat' dir='ltr'><strong>eximium</strong></span> <span class='ocrx_word' id='word_1_43' title='bbox 953 629 1006 676; x_wconf 89' lang='lat' dir='ltr'><strong>et</strong></span> <span class='ocrx_word' id='word_1_44' title='bbox 1054 621 1352 691; x_wconf 89' lang='lat' dir='ltr'><strong>pretiosum</strong></span> <span class='ocrx_word' id='word_1_45' title='bbox 1405 618 1519 684; x_wconf 87' lang='lat' dir='ltr'><strong>sit,</strong></span> <span class='ocrx_word' id='word_1_46' title='bbox 1569 616 1728 671; x_wconf 87' lang='lat' dir='ltr'><strong>nihili</strong></span> <span class='ocrx_word' id='word_1_47' title='bbox 1770 615 2056 672; x_wconf 88' lang='lat' dir='ltr'><strong>ducamus.</strong></span> 
     </span>
    </p>
   </div>
   <div class='ocr_carea' id='block_1_9' title="bbox 479 706 2061 787">
    <p class='ocr_par' dir='ltr' id='par_1_9' title="bbox 479 706 2061 787">
     <span class='ocr_line' id='line_1_9' title="bbox 479 706 2061 787; baseline -0.007 -15"><span class='ocrx_word' id='word_1_48' title='bbox 479 718 664 787; x_wconf 83' lang='lat' dir='ltr'><strong>Neque</strong></span> <span class='ocrx_word' id='word_1_49' title='bbox 703 729 832 769; x_wconf 88' lang='lat' dir='ltr'><strong>vero</strong></span> <span class='ocrx_word' id='word_1_50' title='bbox 869 713 1080 767; x_wconf 88' lang='lat' dir='ltr'><strong>volebat</strong></span> <span class='ocrx_word' id='word_1_51' title='bbox 1126 711 1380 765; x_wconf 83' lang='lat' dir='ltr'><strong>Salvator</strong></span> <span class='ocrx_word' id='word_1_52' title='bbox 1417 709 1660 764; x_wconf 83' lang='lat' dir='ltr'><strong>honores</strong></span> <span class='ocrx_word' id='word_1_53' title='bbox 1705 707 1808 762; x_wconf 85' lang='lat' dir='ltr'><strong>sibi</strong></span> <span class='ocrx_word' id='word_1_54' title='bbox 1845 706 1913 761; x_wconf 91' lang='lat' dir='ltr'><strong>ab</strong></span> <span class='ocrx_word' id='word_1_55' title='bbox 1952 706 2061 761; x_wconf 80' lang='lat' dir='ltr'><strong>illis</strong></span> 
     </span>
    </p>
   </div>
   <div class='ocr_carea' id='block_1_10' title="bbox 479 798 2060 870">
    <p class='ocr_par' dir='ltr' id='par_1_10' title="bbox 479 798 2060 870">
     <span class='ocr_line' id='line_1_10' title="bbox 479 798 2060 870; baseline -0.006 -8"><span class='ocrx_word' id='word_1_56' title='bbox 479 822 602 862; x_wconf 88' lang='lat' dir='ltr'><strong>cum</strong></span> <span class='ocrx_word' id='word_1_57' title='bbox 636 805 778 860; x_wconf 85' lang='lat' dir='ltr'><strong>fastu</strong></span> <span class='ocrx_word' id='word_1_58' title='bbox 805 811 857 859; x_wconf 84' lang='lat' dir='ltr'><strong>et</strong></span> <span class='ocrx_word' id='word_1_59' title='bbox 894 803 1194 858; x_wconf 87' lang='lat' dir='ltr'><strong>ambitione</strong></span> <span class='ocrx_word' id='word_1_60' title='bbox 1222 801 1445 866; x_wconf 82' lang='lat' dir='ltr'><strong>venari,</strong></span> <span class='ocrx_word' id='word_1_61' title='bbox 1483 799 1580 856; x_wconf 86' lang='lat' dir='ltr'><strong>sed</strong></span> <span class='ocrx_word' id='word_1_62' title='bbox 1617 798 1866 870; x_wconf 86' lang='lat' dir='ltr'><strong>apprime</strong></span> <span class='ocrx_word' id='word_1_63' title='bbox 1893 812 2060 852; x_wconf 55' lang='lat' dir='ltr'><strong>nove.</strong></span> 
     </span>
    </p>
   </div>
   <div class='ocr_carea' id='block_1_11' title="bbox 480 889 2059 968">
    <p class='ocr_par' dir='ltr' id='par_1_11' title="bbox 480 889 2059 968">
     <span class='ocr_line' id='line_1_11' title="bbox 480 889 2059 968; baseline -0.008 -14"><span class='ocrx_word' id='word_1_64' title='bbox 480 908 565 956; x_wconf 88' lang='lat' dir='ltr'><strong>rat</strong></span> <span class='ocrx_word' id='word_1_65' title='bbox 610 897 758 968; x_wconf 84' lang='lat' dir='ltr'><strong>quod</strong></span> <span class='ocrx_word' id='word_1_66' title='bbox 802 897 946 967; x_wconf 89' lang='lat' dir='ltr'><strong>apud</strong></span> <span class='ocrx_word' id='word_1_67' title='bbox 1002 911 1097 950; x_wconf 87' lang='lat' dir='ltr'><strong>eos</strong></span> <span class='ocrx_word' id='word_1_68' title='bbox 1156 895 1252 966; x_wconf 89' lang='lat' dir='ltr'><strong>qui</strong></span> <span class='ocrx_word' id='word_1_69' title='bbox 1298 909 1368 949; x_wconf 89' lang='lat' dir='ltr'><strong>ne</strong></span> <span class='ocrx_word' id='word_1_70' title='bbox 1405 891 1796 948; x_wconf 91' lang='lat' dir='ltr'><strong>honorandum</strong></span> <span class='ocrx_word' id='word_1_71' title='bbox 1838 889 2059 962; x_wconf 88' lang='lat' dir='ltr'><strong>quidem</strong></span> 
     </span>
    </p>
   </div>
   <div class='ocr_carea' id='block_1_12' title="bbox 481 985 2062 1063">
    <p class='ocr_par' dir='ltr' id='par_1_12' title="bbox 481 985 2062 1063">
     <span class='ocr_line' id='line_1_12' title="bbox 481 985 2062 1063; baseline -0.009 -14"><span class='ocrx_word' id='word_1_72' title='bbox 481 993 804 1063; x_wconf 78' lang='lat' dir='ltr'><strong>magistrum</strong></span> <span class='ocrx_word' id='word_1_73' title='bbox 843 989 1132 1059; x_wconf 80' lang='lat' dir='ltr'><strong>putabant,</strong></span> <span class='ocrx_word' id='word_1_74' title='bbox 1161 998 1421 1058; x_wconf 89' lang='lat' dir='ltr'><strong>acceptus</strong></span> <span class='ocrx_word' id='word_1_75' title='bbox 1457 994 1510 1041; x_wconf 90' lang='lat' dir='ltr'><strong>et</strong></span> <span class='ocrx_word' id='word_1_76' title='bbox 1543 985 1732 1040; x_wconf 85' lang='lat' dir='ltr'><strong>suavis</strong></span> <span class='ocrx_word' id='word_1_77' title='bbox 1771 998 1878 1038; x_wconf 92' lang='lat' dir='ltr'><strong>non</strong></span> <span class='ocrx_word' id='word_1_78' title='bbox 1914 987 2062 1038; x_wconf 85' lang='lat' dir='ltr'><strong>esset</strong></span> 
     </span>
    </p>
   </div>
   <div class='ocr_carea' id='block_1_13' title="bbox 482 1074 2060 1145">
    <p class='ocr_par' dir='ltr' id='par_1_13' title="bbox 482 1074 2060 1145">
     <span class='ocr_line' id='line_1_13' title="bbox 482 1074 2060 1145; baseline -0.008 -5"><span class='ocrx_word' id='word_1_79' title='bbox 482 1085 609 1140; x_wconf 84' lang='lat' dir='ltr'><strong>tidei</strong></span> <span class='ocrx_word' id='word_1_80' title='bbox 669 1097 851 1138; x_wconf 83' lang='lat' dir='ltr'><strong>sermo</strong></span> <span class='ocrx_word' id='word_1_81' title='bbox 910 1079 1150 1135; x_wconf 79' lang='lat' dir='ltr'><strong>futurus.</strong></span> <span class='ocrx_word' id='word_1_82' title='bbox 1215 1077 1640 1132; x_wconf 60' lang='lat' dir='ltr'><strong>Praetervehitur</strong></span> <span class='ocrx_word' id='word_1_83' title='bbox 1688 1077 1876 1145; x_wconf 84' lang='lat' dir='ltr'><strong>itaque</strong></span> <span class='ocrx_word' id='word_1_84' title='bbox 1933 1074 2060 1144; x_wconf 86' lang='lat' dir='ltr'><strong>jure</strong></span> 
     </span>
    </p>
   </div>
   <div class='ocr_carea' id='block_1_14' title="bbox 482 1157 2062 1237">
    <p class='ocr_par' dir='ltr' id='par_1_14' title="bbox 482 1157 2062 1237">
     <span class='ocr_line' id='line_1_14' title="bbox 482 1157 2062 1237; baseline -0.007 -6"><span class='ocrx_word' id='word_1_85' title='bbox 482 1176 679 1231; x_wconf 89' lang='lat' dir='ltr'><strong>merito</strong></span> <span class='ocrx_word' id='word_1_86' title='bbox 711 1213 726 1237; x_wconf 95' lang='lat'><strong>,</strong></span> <span class='ocrx_word' id='word_1_87' title='bbox 791 1187 892 1228; x_wconf 89' lang='lat' dir='ltr'><strong>nec</strong></span> <span class='ocrx_word' id='word_1_88' title='bbox 948 1157 1163 1225; x_wconf 87' lang='lat' dir='ltr'><strong>inanem</strong></span> <span class='ocrx_word' id='word_1_89' title='bbox 1224 1171 1282 1223; x_wconf 89' lang='lat' dir='ltr'><strong>in</strong></span> <span class='ocrx_word' id='word_1_90' title='bbox 1335 1184 1430 1224; x_wconf 91' lang='lat' dir='ltr'><strong>eos</strong></span> <span class='ocrx_word' id='word_1_91' title='bbox 1482 1168 1729 1222; x_wconf 84' lang='lat' dir='ltr'><strong>laborem</strong></span> <span class='ocrx_word' id='word_1_92' title='bbox 1785 1167 2062 1221; x_wconf 90' lang='lat' dir='ltr'><strong>insumere</strong></span> 
     </span>
    </p>
   </div>
   <div class='ocr_carea' id='block_1_15' title="bbox 483 1258 2057 1338">
    <p class='ocr_par' dir='ltr' id='par_1_15' title="bbox 483 1258 2057 1338">
     <span class='ocr_line' id='line_1_15' title="bbox 483 1258 2057 1338; baseline -0.006 -17"><span class='ocrx_word' id='word_1_93' title='bbox 483 1268 740 1338; x_wconf 76' lang='lat' dir='ltr'><strong>dignatur</strong></span> <span class='ocrx_word' id='word_1_94' title='bbox 767 1309 780 1332; x_wconf 94' lang='lat'><strong>,</strong></span> <span class='ocrx_word' id='word_1_95' title='bbox 814 1265 907 1335; x_wconf 88' lang='lat' dir='ltr'><strong>qui</strong></span> <span class='ocrx_word' id='word_1_96' title='bbox 943 1264 1080 1318; x_wconf 88' lang='lat' dir='ltr'><strong>nihil</strong></span> <span class='ocrx_word' id='word_1_97' title='bbox 1109 1271 1296 1318; x_wconf 84' lang='lat' dir='ltr'><strong>essent</strong></span> <span class='ocrx_word' id='word_1_98' title='bbox 1340 1260 1596 1315; x_wconf 85' lang='lat' dir='ltr'><strong>utilitatis</strong></span> <span class='ocrx_word' id='word_1_99' title='bbox 1631 1258 1760 1314; x_wconf 88' lang='lat' dir='ltr'><strong>inde</strong></span> <span class='ocrx_word' id='word_1_100' title='bbox 1797 1258 2016 1329; x_wconf 88' lang='lat' dir='ltr'><strong>capturi</strong></span> <span class='ocrx_word' id='word_1_101' title='bbox 2046 1276 2057 1310; x_wconf 92' lang='lat'>:</span> 
     </span>
    </p>
   </div>
   <div class='ocr_carea' id='block_1_16' title="bbox 484 1348 2061 1428">
    <p class='ocr_par' dir='ltr' id='par_1_16' title="bbox 484 1348 2061 1428">
     <span class='ocr_line' id='line_1_16' title="bbox 484 1348 2061 1428; baseline -0.008 -14"><span class='ocrx_word' id='word_1_102' title='bbox 484 1368 538 1414; x_wconf 91' lang='lat' dir='ltr'><strong>ct</strong></span> <span class='ocrx_word' id='word_1_103' title='bbox 573 1373 668 1428; x_wconf 91' lang='lat' dir='ltr'><strong>per</strong></span> <span class='ocrx_word' id='word_1_104' title='bbox 711 1358 812 1410; x_wconf 89' lang='lat' dir='ltr'><strong>hoc</strong></span> <span class='ocrx_word' id='word_1_105' title='bbox 849 1357 1082 1426; x_wconf 79' lang='lat' dir='ltr'><strong>gratiam</strong></span> <span class='ocrx_word' id='word_1_106' title='bbox 1125 1352 1600 1422; x_wconf 85' lang='lat' dir='ltr'><strong>contemptoribus</strong></span> <span class='ocrx_word' id='word_1_107' title='bbox 1649 1358 1894 1420; x_wconf 68' lang='lat' dir='ltr'><strong>praestat.</strong></span> <span class='ocrx_word' id='word_1_108' title='bbox 1942 1348 2061 1403; x_wconf 85' lang='lat' dir='ltr'><strong>Non</strong></span> 
     </span>
    </p>
   </div>
   <div class='ocr_carea' id='block_1_17' title="bbox 483 1439 2061 1514">
    <p class='ocr_par' dir='ltr' id='par_1_17' title="bbox 483 1439 2061 1514">
     <span class='ocr_line' id='line_1_17' title="bbox 483 1439 2061 1514; baseline -0.008 -9"><span class='ocrx_word' id='word_1_109' title='bbox 483 1451 628 1506; x_wconf 88' lang='lat' dir='ltr'><strong>enim</strong></span> <span class='ocrx_word' id='word_1_110' title='bbox 670 1448 936 1503; x_wconf 83' lang='lat' dir='ltr'><strong>credibile</strong></span> <span class='ocrx_word' id='word_1_111' title='bbox 973 1453 1094 1502; x_wconf 88' lang='lat' dir='ltr'><strong>erat</strong></span> <span class='ocrx_word' id='word_1_112' title='bbox 1132 1460 1232 1500; x_wconf 89' lang='lat' dir='ltr'><strong>eos</strong></span> <span class='ocrx_word' id='word_1_113' title='bbox 1279 1444 1372 1514; x_wconf 85' lang='lat' dir='ltr'><strong>qui</strong></span> <span class='ocrx_word' id='word_1_114' title='bbox 1419 1450 1574 1496; x_wconf 89' lang='lat' dir='ltr'><strong>tanto</strong></span> <span class='ocrx_word' id='word_1_115' title='bbox 1608 1443 1841 1496; x_wconf 88' lang='lat' dir='ltr'><strong>crimine</strong></span> <span class='ocrx_word' id='word_1_116' title='bbox 1870 1455 1930 1494; x_wconf 90' lang='lat' dir='ltr'><strong>se</strong></span> <span class='ocrx_word' id='word_1_117' title='bbox 1959 1439 2061 1494; x_wconf 80' lang='lat' dir='ltr'><strong>ob-</strong></span> 
     </span>
    </p>
   </div>
   <div class='ocr_carea' id='block_1_18' title="bbox 481 1527 2063 1609">
    <p class='ocr_par' dir='ltr' id='par_1_18' title="bbox 481 1527 2063 1609">
     <span class='ocr_line' id='line_1_18' title="bbox 481 1527 2063 1609; baseline -0.008 -15"><span class='ocrx_word' id='word_1_118' title='bbox 481 1541 817 1609; x_wconf 78' lang='lat' dir='ltr'><strong>stringerent</strong></span> <span class='ocrx_word' id='word_1_119' title='bbox 860 1537 1081 1605; x_wconf 87' lang='lat' dir='ltr'><strong>impune</strong></span> <span class='ocrx_word' id='word_1_120' title='bbox 1129 1535 1180 1588; x_wconf 88' lang='lat' dir='ltr'><strong>id</strong></span> <span class='ocrx_word' id='word_1_121' title='bbox 1221 1533 1500 1597; x_wconf 82' lang='lat' dir='ltr'><strong>facturos,</strong></span> <span class='ocrx_word' id='word_1_122' title='bbox 1542 1546 1668 1585; x_wconf 87' lang='lat' dir='ltr'><strong>cum</strong></span> <span class='ocrx_word' id='word_1_123' title='bbox 1710 1531 1764 1584; x_wconf 90' lang='lat' dir='ltr'><strong>in</strong></span> <span class='ocrx_word' id='word_1_124' title='bbox 1811 1527 2063 1584; x_wconf 78' lang='lat' dir='ltr'><strong>confesso</strong></span> 
     </span>
    </p>
   </div>
   <div class='ocr_carea' id='block_1_19' title="bbox 479 1627 2061 1704">
    <p class='ocr_par' dir='ltr' id='par_1_19' title="bbox 479 1627 2061 1704">
     <span class='ocr_line' id='line_1_19' title="bbox 479 1627 2061 1704; baseline -0.007 -21"><span class='ocrx_word' id='word_1_125' title='bbox 479 1631 556 1684; x_wconf 84' lang='lat' dir='ltr'><strong>sit</strong></span> <span class='ocrx_word' id='word_1_126' title='bbox 602 1627 744 1698; x_wconf 90' lang='lat' dir='ltr'><strong>apud</strong></span> <span class='ocrx_word' id='word_1_127' title='bbox 779 1640 1010 1691; x_wconf 88' lang='lat' dir='ltr'><strong>omnes,</strong></span> <span class='ocrx_word' id='word_1_128' title='bbox 1062 1633 1364 1704; x_wconf 73' lang='lat' dir='ltr'><strong>extremam</strong></span> <span class='ocrx_word' id='word_1_129' title='bbox 1414 1635 1631 1691; x_wconf 84' lang='lat' dir='ltr'><strong>poenam</strong></span> <span class='ocrx_word' id='word_1_130' title='bbox 1685 1627 2061 1689; x_wconf 88' lang='lat' dir='ltr'><strong>reportaturos</strong></span> 
     </span>
    </p>
   </div>
   <div class='ocr_carea' id='block_1_20' title="bbox 2161 433 3727 506">
    <p class='ocr_par' dir='ltr' id='par_1_20' title="bbox 2161 433 3727 506">
     <span class='ocr_line' id='line_1_20' title="bbox 2161 433 3727 506; baseline -0.002 -16"><span class='ocrx_word' id='word_1_131' title='bbox 2161 437 2476 506; x_wconf 77' lang='grc' dir='ltr'><strong>ἀναγκαίως</strong></span> <span class='ocrx_word' id='word_1_132' title='bbox 2519 437 2753 490; x_wconf 83' lang='grc' dir='ltr'>ποιεῖται</span> <span class='ocrx_word' id='word_1_133' title='bbox 2776 435 2874 506; x_wconf 76' lang='grc' dir='ltr'>τὴν</span> <span class='ocrx_word' id='word_1_134' title='bbox 2896 433 3190 502; x_wconf 82' lang='grc' dir='ltr'>ἀπολογίαν</span> <span class='ocrx_word' id='word_1_135' title='bbox 3223 435 3320 505; x_wconf 80' lang='grc' dir='ltr'>τῆς</span> <span class='ocrx_word' id='word_1_136' title='bbox 3353 435 3727 506; x_wconf 77' lang='grc' dir='ltr'><strong>παραδρομῆς,</strong></span> 
     </span>
    </p>
   </div>
   <div class='ocr_carea' id='block_1_21' title="bbox 2161 525 3731 598">
    <p class='ocr_par' dir='ltr' id='par_1_21' title="bbox 2161 525 3731 598">
     <span class='ocr_line' id='line_1_21' title="bbox 2161 525 3731 598; baseline -0.001 -17"><span class='ocrx_word' id='word_1_137' title='bbox 2161 528 2254 583; x_wconf 80' lang='grc' dir='ltr'>καί</span> <span class='ocrx_word' id='word_1_138' title='bbox 2283 545 2468 598; x_wconf 81' lang='grc' dir='ltr'>φησιν,</span> <span class='ocrx_word' id='word_1_139' title='bbox 2513 529 2594 580; x_wconf 79' lang='grc' dir='ltr'>ὅτι</span> <span class='ocrx_word' id='word_1_140' title='bbox 2626 527 3051 598; x_wconf 78' lang='grc' dir='ltr'><strong>μεμαρτύρηκεν</strong></span> <span class='ocrx_word' id='word_1_141' title='bbox 3102 525 3263 588; x_wconf 81' lang='grc' dir='ltr'>αὑτὸς</span> <span class='ocrx_word' id='word_1_142' title='bbox 3315 526 3344 577; x_wconf 98' lang='lat'><strong>6</strong></span> <span class='ocrx_word' id='word_1_143' title='bbox 3381 525 3606 596; x_wconf 78' lang='grc' dir='ltr'>Ἰησοῦς,</span> <span class='ocrx_word' id='word_1_144' title='bbox 3650 527 3731 580; x_wconf 77' lang='grc' dir='ltr'>ὅτι</span> 
     </span>
    </p>
   </div>
   <div class='ocr_carea' id='block_1_22' title="bbox 2163 615 3731 689">
    <p class='ocr_par' dir='ltr' id='par_1_22' title="bbox 2163 615 3731 689">
     <span class='ocr_line' id='line_1_22' title="bbox 2163 615 3731 689; baseline -0.002 -18"><span class='ocrx_word' id='word_1_145' title='bbox 2163 620 2449 689; x_wconf 78' lang='grc' dir='ltr'><strong>προφήτης</strong></span> <span class='ocrx_word' id='word_1_146' title='bbox 2491 620 2550 670; x_wconf 84' lang='grc' dir='ltr'>ὲν</span> <span class='ocrx_word' id='word_1_147' title='bbox 2579 621 2645 689; x_wconf 78' lang='grc' dir='ltr'>τῇ</span> <span class='ocrx_word' id='word_1_148' title='bbox 2709 617 2812 689; x_wconf 74' lang='grc' dir='ltr'>ἰδίᾳ</span> <span class='ocrx_word' id='word_1_149' title='bbox 2863 616 3080 688; x_wconf 86' lang='grc' dir='ltr'>πατρίδι</span> <span class='ocrx_word' id='word_1_150' title='bbox 3121 618 3287 687; x_wconf 85' lang='grc' dir='ltr'>τιμὴν</span> <span class='ocrx_word' id='word_1_151' title='bbox 3317 617 3415 669; x_wconf 82' lang='grc' dir='ltr'><strong>οὑκ</strong></span> <span class='ocrx_word' id='word_1_152' title='bbox 3460 615 3592 686; x_wconf 76' lang='grc' dir='ltr'>ἔχει.</span> <span class='ocrx_word' id='word_1_153' title='bbox 3626 618 3731 670; x_wconf 80' lang='grc' dir='ltr'><strong>Πε-</strong></span> 
     </span>
    </p>
   </div>
   <div class='ocr_carea' id='block_1_23' title="bbox 2163 707 3732 780">
    <p class='ocr_par' dir='ltr' id='par_1_23' title="bbox 2163 707 3732 780">
     <span class='ocr_line' id='line_1_23' title="bbox 2163 707 3732 780; baseline -0.001 -18"><span class='ocrx_word' id='word_1_154' title='bbox 2163 710 2413 780; x_wconf 79' lang='grc' dir='ltr'>φύκαμεν</span> <span class='ocrx_word' id='word_1_155' title='bbox 2445 709 2554 780; x_wconf 90' lang='grc' dir='ltr'><strong>γάρ</strong></span> <span class='ocrx_word' id='word_1_156' title='bbox 2598 728 2714 773; x_wconf 88' lang='grc' dir='ltr'><strong>πως</strong></span> <span class='ocrx_word' id='word_1_157' title='bbox 2747 709 2899 763; x_wconf 82' lang='grc' dir='ltr'>ούδὲν</span> <span class='ocrx_word' id='word_1_158' title='bbox 2942 708 3192 780; x_wconf 82' lang='grc' dir='ltr'>ἡγεῖσθαι</span> <span class='ocrx_word' id='word_1_159' title='bbox 3229 707 3290 761; x_wconf 81' lang='grc' dir='ltr'>τὸ</span> <span class='ocrx_word' id='word_1_160' title='bbox 3343 707 3590 777; x_wconf 76' lang='grc' dir='ltr'>σύνηθες,</span> <span class='ocrx_word' id='word_1_161' title='bbox 3628 709 3732 761; x_wconf 72' lang='grc' dir='ltr'><strong>κᾶν</strong></span> 
     </span>
    </p>
   </div>
   <div class='ocr_carea' id='block_1_24' title="bbox 2163 799 3732 874">
    <p class='ocr_par' dir='ltr' id='par_1_24' title="bbox 2163 799 3732 874">
     <span class='ocr_line' id='line_1_24' title="bbox 2163 799 3732 874; baseline -0.003 -18"><span class='ocrx_word' id='word_1_162' title='bbox 2163 804 2396 873; x_wconf 88' lang='grc' dir='ltr'>ὑπάρχοι</span> <span class='ocrx_word' id='word_1_163' title='bbox 2441 803 2583 874; x_wconf 83' lang='grc' dir='ltr'><strong>μέγα</strong></span> <span class='ocrx_word' id='word_1_164' title='bbox 2613 803 2708 856; x_wconf 74' lang='grc' dir='ltr'><strong>καὶ</strong></span> <span class='ocrx_word' id='word_1_165' title='bbox 2756 801 2956 872; x_wconf 88' lang='grc' dir='ltr'>τίμιον.</span> <span class='ocrx_word' id='word_1_166' title='bbox 2995 802 3104 854; x_wconf 73' lang='grc' dir='ltr'><strong>Καὶ</strong></span> <span class='ocrx_word' id='word_1_167' title='bbox 3139 801 3200 854; x_wconf 90' lang='grc' dir='ltr'><strong>οὑ</strong></span> <span class='ocrx_word' id='word_1_168' title='bbox 3231 800 3401 871; x_wconf 75' lang='grc' dir='ltr'>δήπου</span> <span class='ocrx_word' id='word_1_169' title='bbox 3453 799 3553 862; x_wconf 76' lang='grc' dir='ltr'><strong>τάς</strong></span> <span class='ocrx_word' id='word_1_170' title='bbox 3604 800 3732 870; x_wconf 79' lang='grc' dir='ltr'>παρ’</span> 
     </span>
    </p>
   </div>
   <div class='ocr_carea' id='block_1_25' title="bbox 2162 891 3733 964">
    <p class='ocr_par' dir='ltr' id='par_1_25' title="bbox 2162 891 3733 964">
     <span class='ocr_line' id='line_1_25' title="bbox 2162 891 3733 964; baseline -0.003 -16"><span class='ocrx_word' id='word_1_171' title='bbox 2162 895 2384 948; x_wconf 76' lang='grc' dir='ltr'><strong>ἐκείνων</strong></span> <span class='ocrx_word' id='word_1_172' title='bbox 2417 895 2498 947; x_wconf 85' lang='grc' dir='ltr'>ὅτι</span> <span class='ocrx_word' id='word_1_173' title='bbox 2543 894 2724 964; x_wconf 83' lang='grc' dir='ltr'>δεήσοι</span> <span class='ocrx_word' id='word_1_174' title='bbox 2763 893 3031 964; x_wconf 78' lang='grc' dir='ltr'><strong>θηρᾶσθαι</strong></span> <span class='ocrx_word' id='word_1_175' title='bbox 3065 892 3229 962; x_wconf 82' lang='grc' dir='ltr'>τιμὰς</span> <span class='ocrx_word' id='word_1_176' title='bbox 3268 893 3296 945; x_wconf 91' lang='lat'><strong>6</strong></span> <span class='ocrx_word' id='word_1_177' title='bbox 3330 893 3521 964; x_wconf 79' lang='grc' dir='ltr'>Σωτὴρ</span> <span class='ocrx_word' id='word_1_178' title='bbox 3560 891 3733 944; x_wconf 76' lang='grc' dir='ltr'>ὲδοκίο</span> 
     </span>
    </p>
   </div>
   <div class='ocr_carea' id='block_1_26' title="bbox 2166 983 3733 1056">
    <p class='ocr_par' dir='ltr' id='par_1_26' title="bbox 2166 983 3733 1056">
     <span class='ocr_line' id='line_1_26' title="bbox 2166 983 3733 1056; baseline -0.001 -17"><span class='ocrx_word' id='word_1_179' title='bbox 2166 985 2357 1056; x_wconf 79' lang='grc' dir='ltr'>μαζεν,</span> <span class='ocrx_word' id='word_1_180' title='bbox 2392 987 2449 1039; x_wconf 86' lang='grc' dir='ltr'>ὲν</span> <span class='ocrx_word' id='word_1_181' title='bbox 2479 986 2672 1056; x_wconf 75' lang='grc' dir='ltr'>ἀνδρὸς</span> <span class='ocrx_word' id='word_1_182' title='bbox 2694 985 2966 1054; x_wconf 78' lang='grc' dir='ltr'>φιλοδόξου</span> <span class='ocrx_word' id='word_1_183' title='bbox 3002 985 3144 1047; x_wconf 70' lang='grc' dir='ltr'>τινος</span> <span class='ocrx_word' id='word_1_184' title='bbox 3178 983 3327 1049; x_wconf 81' lang='grc' dir='ltr'>τάξει</span> <span class='ocrx_word' id='word_1_185' title='bbox 3350 986 3444 1038; x_wconf 75' lang='grc' dir='ltr'><strong>καὶ</strong></span> <span class='ocrx_word' id='word_1_186' title='bbox 3471 985 3733 1055; x_wconf 82' lang='grc' dir='ltr'>φιλοκομ-</span> 
     </span>
    </p>
   </div>
   <div class='ocr_carea' id='block_1_27' title="bbox 2165 1075 3736 1147">
    <p class='ocr_par' dir='ltr' id='par_1_27' title="bbox 2165 1075 3736 1147">
     <span class='ocr_line' id='line_1_27' title="bbox 2165 1075 3736 1147; baseline 0 -18"><span class='ocrx_word' id='word_1_187' title='bbox 2165 1077 2393 1143; x_wconf 78' lang='grc' dir='ltr'><strong>παστοῦ,</strong></span> <span class='ocrx_word' id='word_1_188' title='bbox 2435 1077 2548 1130; x_wconf 84' lang='grc' dir='ltr'>ἀλλ’</span> <span class='ocrx_word' id='word_1_189' title='bbox 2601 1078 2869 1146; x_wconf 75' lang='grc' dir='ltr'>ἠπίστατο</span> <span class='ocrx_word' id='word_1_190' title='bbox 2923 1077 3141 1146; x_wconf 83' lang='grc' dir='ltr'>σαφῶς,</span> <span class='ocrx_word' id='word_1_191' title='bbox 3194 1079 3276 1130; x_wconf 75' lang='grc' dir='ltr'>ὅτι</span> <span class='ocrx_word' id='word_1_192' title='bbox 3326 1079 3438 1139; x_wconf 85' lang='grc' dir='ltr'>τοῖς</span> <span class='ocrx_word' id='word_1_193' title='bbox 3496 1075 3736 1147; x_wconf 83' lang='grc' dir='ltr'>μηδόλως</span> 
     </span>
    </p>
   </div>
   <div class='ocr_carea' id='block_1_28' title="bbox 2163 1167 3732 1240">
    <p class='ocr_par' dir='ltr' id='par_1_28' title="bbox 2163 1167 3732 1240">
     <span class='ocr_line' id='line_1_28' title="bbox 2163 1167 3732 1240; baseline -0.002 -19"><span class='ocrx_word' id='word_1_194' title='bbox 2163 1170 2451 1239; x_wconf 82' lang='grc' dir='ltr'>οἰομένοις,</span> <span class='ocrx_word' id='word_1_195' title='bbox 2480 1171 2561 1224; x_wconf 83' lang='grc' dir='ltr'>ὅτι</span> <span class='ocrx_word' id='word_1_196' title='bbox 2612 1172 2876 1240; x_wconf 77' lang='grc' dir='ltr'>προσήκοι</span> <span class='ocrx_word' id='word_1_197' title='bbox 2906 1171 3072 1240; x_wconf 84' lang='grc' dir='ltr'>τιμᾷν</span> <span class='ocrx_word' id='word_1_198' title='bbox 3119 1169 3210 1222; x_wconf 83' lang='grc' dir='ltr'>τὸν</span> <span class='ocrx_word' id='word_1_199' title='bbox 3251 1169 3590 1231; x_wconf 78' lang='grc' dir='ltr'><strong>διδάσκοντα,</strong></span> <span class='ocrx_word' id='word_1_200' title='bbox 3628 1167 3732 1219; x_wconf 68' lang='grc' dir='ltr'>οὐδ’</span> 
     </span>
    </p>
   </div>
   <div class='ocr_carea' id='block_1_29' title="bbox 2163 1257 3734 1330">
    <p class='ocr_par' dir='ltr' id='par_1_29' title="bbox 2163 1257 3734 1330">
     <span class='ocr_line' id='line_1_29' title="bbox 2163 1257 3734 1330; baseline -0.001 -20"><span class='ocrx_word' id='word_1_201' title='bbox 2163 1257 2229 1310; x_wconf 85' lang='grc' dir='ltr'>ἂν</span> <span class='ocrx_word' id='word_1_202' title='bbox 2275 1257 2350 1310; x_wconf 78' lang='grc' dir='ltr'>ἔτι</span> <span class='ocrx_word' id='word_1_203' title='bbox 2377 1257 2579 1327; x_wconf 82' lang='grc' dir='ltr'>γλυκύς</span> <span class='ocrx_word' id='word_1_204' title='bbox 2610 1276 2669 1311; x_wconf 87' lang='grc' dir='ltr'><strong>τε</strong></span> <span class='ocrx_word' id='word_1_205' title='bbox 2712 1259 2807 1322; x_wconf 41' lang='grc' dir='ltr'>,καὶ</span> <span class='ocrx_word' id='word_1_206' title='bbox 2854 1257 3252 1330; x_wconf 84' lang='grc' dir='ltr'>εὑπαράδεκτος</span> <span class='ocrx_word' id='word_1_207' title='bbox 3283 1259 3311 1311; x_wconf 89' lang='lat'><strong>6</strong></span> <span class='ocrx_word' id='word_1_208' title='bbox 3354 1258 3451 1328; x_wconf 83' lang='grc' dir='ltr'>τῆς</span> <span class='ocrx_word' id='word_1_209' title='bbox 3504 1257 3734 1318; x_wconf 77' lang='grc' dir='ltr'>πίστεως</span> 
     </span>
    </p>
   </div>
   <div class='ocr_carea' id='block_1_30' title="bbox 2164 1349 3735 1422">
    <p class='ocr_par' dir='ltr' id='par_1_30' title="bbox 2164 1349 3735 1422">
     <span class='ocr_line' id='line_1_30' title="bbox 2164 1349 3735 1422; baseline -0.002 -21"><span class='ocrx_word' id='word_1_210' title='bbox 2164 1349 2369 1418; x_wconf 83' lang='grc' dir='ltr'>γένοιτο</span> <span class='ocrx_word' id='word_1_211' title='bbox 2413 1351 2588 1419; x_wconf 85' lang='grc' dir='ltr'>λόγος.</span> <span class='ocrx_word' id='word_1_212' title='bbox 2649 1350 2983 1422; x_wconf 88' lang='grc' dir='ltr'>Παρελαύνει</span> <span class='ocrx_word' id='word_1_213' title='bbox 3025 1349 3312 1418; x_wconf 78' lang='grc' dir='ltr'>τοιγαροῦν</span> <span class='ocrx_word' id='word_1_214' title='bbox 3363 1350 3605 1410; x_wconf 76' lang='grc' dir='ltr'><strong>εἰκότως,</strong></span> <span class='ocrx_word' id='word_1_215' title='bbox 3659 1349 3735 1408; x_wconf 78' lang='lat' dir='ltr'><strong>ei;</strong></span> 
     </span>
    </p>
   </div>
   <div class='ocr_carea' id='block_1_31' title="bbox 2165 1438 3734 1513">
    <p class='ocr_par' dir='ltr' id='par_1_31' title="bbox 2165 1438 3734 1513">
     <span class='ocr_line' id='line_1_31' title="bbox 2165 1438 3734 1513; baseline -0.001 -21"><span class='ocrx_word' id='word_1_216' title='bbox 2165 1441 2575 1513; x_wconf 74' lang='grc' dir='ltr'>ὠφελουμένους</span> <span class='ocrx_word' id='word_1_217' title='bbox 2612 1443 2765 1497; x_wconf 80' lang='grc' dir='ltr'>οὐδὲν</span> <span class='ocrx_word' id='word_1_218' title='bbox 2808 1443 3051 1505; x_wconf 79' lang='grc' dir='ltr'>εἰκαίους</span> <span class='ocrx_word' id='word_1_219' title='bbox 3097 1441 3371 1495; x_wconf 84' lang='grc' dir='ltr'>ἀναλῶσαι</span> <span class='ocrx_word' id='word_1_220' title='bbox 3402 1441 3594 1502; x_wconf 87' lang='grc' dir='ltr'>πόνους</span> <span class='ocrx_word' id='word_1_221' title='bbox 3637 1438 3734 1490; x_wconf 83' lang='grc' dir='ltr'><strong>οὑκ</strong></span> 
     </span>
    </p>
   </div>
   <div class='ocr_carea' id='block_1_32' title="bbox 2165 1530 3734 1606">
    <p class='ocr_par' dir='ltr' id='par_1_32' title="bbox 2165 1530 3734 1606">
     <span class='ocr_line' id='line_1_32' title="bbox 2165 1530 3734 1606; baseline -0.002 -22"><span class='ocrx_word' id='word_1_222' title='bbox 2165 1531 2352 1598; x_wconf 82' lang='grc' dir='ltr'>άξιῶν,</span> <span class='ocrx_word' id='word_1_223' title='bbox 2387 1536 2478 1587; x_wconf 72' lang='grc' dir='ltr'>καὶ</span> <span class='ocrx_word' id='word_1_224' title='bbox 2496 1536 2654 1606; x_wconf 81' lang='grc' dir='ltr'>χάριν</span> <span class='ocrx_word' id='word_1_225' title='bbox 2681 1535 2738 1587; x_wconf 77' lang='grc' dir='ltr'>δὲ</span> <span class='ocrx_word' id='word_1_226' title='bbox 2764 1535 2850 1588; x_wconf 83' lang='grc' dir='ltr'><strong>διὰ</strong></span> <span class='ocrx_word' id='word_1_227' title='bbox 2870 1533 3060 1588; x_wconf 86' lang='grc' dir='ltr'>τούτου</span> <span class='ocrx_word' id='word_1_228' title='bbox 3082 1537 3192 1597; x_wconf 87' lang='grc' dir='ltr'>τοῖς</span> <span class='ocrx_word' id='word_1_229' title='bbox 3218 1530 3609 1602; x_wconf 69' lang='grc' dir='ltr'>καταφρονοῦσι</span> <span class='ocrx_word' id='word_1_230' title='bbox 3636 1547 3734 1582; x_wconf 85' lang='grc' dir='ltr'>κα-</span> 
     </span>
    </p>
   </div>
   <div class='ocr_carea' id='block_1_33' title="bbox 2163 1623 3737 1698">
    <p class='ocr_par' dir='ltr' id='par_1_33' title="bbox 2163 1623 3737 1698">
     <span class='ocr_line' id='line_1_33' title="bbox 2163 1623 3737 1698; baseline -0.002 -22"><span class='ocrx_word' id='word_1_231' title='bbox 2163 1625 2423 1690; x_wconf 87' lang='grc' dir='ltr'>τατιθείς.</span> <span class='ocrx_word' id='word_1_232' title='bbox 2447 1628 2521 1680; x_wconf 92' lang='grc' dir='ltr'>Οὑ</span> <span class='ocrx_word' id='word_1_233' title='bbox 2553 1626 2662 1698; x_wconf 74' lang='grc' dir='ltr'>γὰρ</span> <span class='ocrx_word' id='word_1_234' title='bbox 2687 1623 2754 1698; x_wconf 72' lang='grc' dir='ltr'>ἦν</span> <span class='ocrx_word' id='word_1_235' title='bbox 2780 1627 2924 1690; x_wconf 76' lang='grc' dir='ltr'>εἰκὸς</span> <span class='ocrx_word' id='word_1_236' title='bbox 2952 1628 3030 1689; x_wconf 77' lang='grc' dir='ltr'>εἰς</span> <span class='ocrx_word' id='word_1_237' title='bbox 3059 1625 3308 1678; x_wconf 76' lang='grc' dir='ltr'>τοσοῦτον</span> <span class='ocrx_word' id='word_1_238' title='bbox 3337 1623 3737 1693; x_wconf 76' lang='grc' dir='ltr'>ἐξαμαρτάνον-</span> 
     </span>
    </p>
   </div>
   <div class='ocr_carea' id='block_1_34' title="bbox 483 1709 2065 1791">
    <p class='ocr_par' dir='ltr' id='par_1_34' title="bbox 483 1709 2058 1791">
     <span class='ocr_line' id='line_1_34' title="bbox 483 1709 2058 1791; baseline -0.008 -17"><span class='ocrx_word' id='word_1_239' title='bbox 483 1723 576 1791; x_wconf 84' lang='grc' dir='ltr'>ιιιιί</span> <span class='ocrx_word' id='word_1_240' title='bbox 607 1718 1041 1788; x_wconf 84' lang='lat' dir='ltr'><strong>contempserint</strong></span> <span class='ocrx_word' id='word_1_241' title='bbox 1067 1730 1214 1780; x_wconf 91' lang='lat' dir='ltr'><strong>eum,</strong></span> <span class='ocrx_word' id='word_1_242' title='bbox 1250 1729 1315 1770; x_wconf 90' lang='lat' dir='ltr'><strong>ac</strong></span> <span class='ocrx_word' id='word_1_243' title='bbox 1347 1721 1457 1768; x_wconf 89' lang='lat' dir='ltr'><strong>tam</strong></span> <span class='ocrx_word' id='word_1_244' title='bbox 1491 1711 1820 1766; x_wconf 88' lang='lat' dir='ltr'><strong>admirabile</strong></span> <span class='ocrx_word' id='word_1_245' title='bbox 1854 1709 2058 1764; x_wconf 89' lang='lat' dir='ltr'><strong>donum</strong></span> 
     </span>
    </p>
   </div>
   <div class='ocr_carea' id='block_1_35' title="bbox 2168 1709 3738 1791">
    <p class='ocr_par' dir='ltr' id='par_1_35' title="bbox 2168 1711 3738 1788">
     <span class='ocr_line' id='line_1_35' title="bbox 2168 1711 3738 1788; baseline -0.001 -22"><span class='ocrx_word' id='word_1_246' title='bbox 2168 1729 2260 1777; x_wconf 82' lang='grc' dir='ltr'><strong>τας</strong></span> <span class='ocrx_word' id='word_1_247' title='bbox 2290 1717 2507 1786; x_wconf 74' lang='grc' dir='ltr'>νηποινὶ</span> <span class='ocrx_word' id='word_1_248' title='bbox 2531 1715 2689 1770; x_wconf 75' lang='grc' dir='ltr'>τοῦτο</span> <span class='ocrx_word' id='word_1_249' title='bbox 2716 1717 2935 1788; x_wconf 78' lang='grc' dir='ltr'>δράσειν</span> <span class='ocrx_word' id='word_1_250' title='bbox 2975 1717 3188 1780; x_wconf 73' lang='grc' dir='ltr'>αὐτοὺς,</span> <span class='ocrx_word' id='word_1_251' title='bbox 3225 1713 3650 1786; x_wconf 82' lang='grc' dir='ltr'>ὁμολογουμένου</span> <span class='ocrx_word' id='word_1_252' title='bbox 3674 1711 3738 1780; x_wconf 77' lang='grc' dir='ltr'>δὴ</span> 
     </span>
    </p>
   </div>
   <div class='ocr_carea' id='block_1_36' title="bbox 485 1811 820 1885">
    <p class='ocr_par' dir='ltr' id='par_1_36' title="bbox 485 1811 820 1885">
     <span class='ocr_line' id='line_1_36' title="bbox 485 1811 820 1885; baseline -0.009 -18"><span class='ocrx_word' id='word_1_253' title='bbox 485 1811 820 1885; x_wconf 86' lang='lat' dir='ltr'><strong>respuerint.</strong></span> 
     </span>
    </p>
   </div>
   <div class='ocr_carea' id='block_1_37' title="bbox 2164 1802 3740 1879">
    <p class='ocr_par' dir='ltr' id='par_1_37' title="bbox 2164 1802 3740 1879">
     <span class='ocr_line' id='line_1_37' title="bbox 2164 1802 3740 1879; baseline -0.001 -22"><span class='ocrx_word' id='word_1_254' title='bbox 2164 1805 2400 1871; x_wconf 88' lang='grc' dir='ltr'>πάντως,</span> <span class='ocrx_word' id='word_1_255' title='bbox 2443 1809 2538 1860; x_wconf 74' lang='grc' dir='ltr'><strong>καὶ</strong></span> <span class='ocrx_word' id='word_1_256' title='bbox 2570 1809 3069 1879; x_wconf 78' lang='grc' dir='ltr'>ἀναμφισϐητήτως</span> <span class='ocrx_word' id='word_1_257' title='bbox 3116 1807 3353 1877; x_wconf 74' lang='grc' dir='ltr'>ἔχοντος,</span> <span class='ocrx_word' id='word_1_258' title='bbox 3401 1806 3476 1868; x_wconf 85' lang='grc' dir='ltr'>ὡς</span> <span class='ocrx_word' id='word_1_259' title='bbox 3506 1803 3604 1875; x_wconf 78' lang='grc' dir='ltr'>τὴν</span> <span class='ocrx_word' id='word_1_260' title='bbox 3649 1802 3740 1855; x_wconf 71' lang='grc' dir='ltr'><strong>ἐπὶ</strong></span> 
     </span>
    </p>
   </div>
   <div class='ocr_carea' id='block_1_38' title="bbox 484 1897 3738 1977">
    <p class='ocr_par' dir='ltr' id='par_1_38' title="bbox 484 1897 3738 1977">
     <span class='ocr_line' id='line_1_38' title="bbox 484 1897 3738 1977; baseline -0.003 -17"><span class='ocrx_word' id='word_1_261' title='bbox 484 1906 850 1977; x_wconf 81' lang='grc' dir='ltr'>τοῖςὲσχάτοις</span> <span class='ocrx_word' id='word_1_262' title='bbox 867 1902 1180 1960; x_wconf 86' lang='grc' dir='ltr'>άποίσονται</span> <span class='ocrx_word' id='word_1_263' title='bbox 1207 1899 1428 1957; x_wconf 81' lang='grc' dir='ltr'>κόλασιν</span> <span class='ocrx_word' id='word_1_264' title='bbox 1451 1899 1499 1954; x_wconf 81' lang='grc' dir='ltr'>οἱ</span> <span class='ocrx_word' id='word_1_265' title='bbox 1517 1900 1880 1972; x_wconf 83' lang='grc' dir='ltr'>καταφρονεῖν</span> <span class='ocrx_word' id='word_1_266' title='bbox 1903 1897 2203 1968; x_wconf 76' lang='grc' dir='ltr'>ἐγνωκότες</span> <span class='ocrx_word' id='word_1_267' title='bbox 2237 1901 2424 1966; x_wconf 81' lang='grc' dir='ltr'>αὑτοῦ,</span> <span class='ocrx_word' id='word_1_268' title='bbox 2459 1904 2552 1959; x_wconf 70' lang='grc' dir='ltr'>καὶ</span> <span class='ocrx_word' id='word_1_269' title='bbox 2578 1904 2677 1976; x_wconf 76' lang='grc' dir='ltr'>τὴν</span> <span class='ocrx_word' id='word_1_270' title='bbox 2741 1904 2914 1970; x_wconf 71' lang='grc' dir='ltr'>οὑτως</span> <span class='ocrx_word' id='word_1_271' title='bbox 2981 1904 3410 1976; x_wconf 57' lang='lat' dir='ltr'><strong>dignabor-sparum</strong></span> <span class='ocrx_word' id='word_1_272' title='bbox 3474 1897 3738 1973; x_wconf 83' lang='grc' dir='ltr'>περιπτύ-</span> 
     </span>
    </p>
   </div>
   <div class='ocr_carea' id='block_1_39' title="bbox 491 2002 892 2074">
    <p class='ocr_par' dir='ltr' id='par_1_39' title="bbox 491 2002 892 2074">
     <span class='ocr_line' id='line_1_39' title="bbox 491 2002 892 2074; baseline -0.007 -16"><span class='ocrx_word' id='word_1_273' title='bbox 491 2021 633 2067; x_wconf 72' lang='grc' dir='ltr'>νντες</span> <span class='ocrx_word' id='word_1_274' title='bbox 661 2002 892 2074; x_wconf 81' lang='grc' dir='ltr'>δωρεάν.</span> 
     </span>
    </p>
   </div>
   <div class='ocr_carea' id='block_1_40' title="bbox 552 2089 2059 2162">
    <p class='ocr_par' dir='ltr' id='par_1_40' title="bbox 552 2089 2059 2162">
     <span class='ocr_line' id='line_1_40' title="bbox 552 2089 2059 2162; baseline -0.005 -14"><span class='ocrx_word' id='word_1_275' title='bbox 552 2093 644 2160; x_wconf 81' lang='lat' dir='ltr'><strong>IV,</strong></span> <span class='ocrx_word' id='word_1_276' title='bbox 675 2093 761 2148; x_wconf 72' lang='grc'><strong>45.</strong></span> <span class='ocrx_word' id='word_1_277' title='bbox 795 2091 928 2148; x_wconf 88' lang='lat' dir='ltr'><strong>Cum</strong></span> <span class='ocrx_word' id='word_1_278' title='bbox 955 2107 1075 2162; x_wconf 90' lang='lat' dir='ltr'><strong>ergo</strong></span> <span class='ocrx_word' id='word_1_279' title='bbox 1096 2093 1315 2146; x_wconf 84' lang='lat' dir='ltr'><strong>venisset</strong></span> <span class='ocrx_word' id='word_1_280' title='bbox 1345 2089 1398 2144; x_wconf 85' lang='lat' dir='ltr'><strong>in</strong></span> <span class='ocrx_word' id='word_1_281' title='bbox 1421 2089 1726 2155; x_wconf 78' lang='lat' dir='ltr'><strong>Galilwam,</strong></span> <span class='ocrx_word' id='word_1_282' title='bbox 1748 2096 2059 2155; x_wconf 76' lang='lat' dir='ltr'><strong>exceperunt</strong></span> 
     </span>
    </p>
   </div>
   <div class='ocr_carea' id='block_1_41' title="bbox 482 2178 2058 2250">
    <p class='ocr_par' dir='ltr' id='par_1_41' title="bbox 482 2178 2058 2250">
     <span class='ocr_line' id='line_1_41' title="bbox 482 2178 2058 2250; baseline -0.006 -8"><span class='ocrx_word' id='word_1_283' title='bbox 482 2202 598 2242; x_wconf 88' lang='lat' dir='ltr'><strong>eum</strong></span> <span class='ocrx_word' id='word_1_284' title='bbox 625 2185 856 2246; x_wconf 65' lang='lat' dir='ltr'><strong>Galilei,</strong></span> <span class='ocrx_word' id='word_1_285' title='bbox 885 2199 1003 2236; x_wconf 87' lang='lat' dir='ltr'><strong>cum</strong></span> <span class='ocrx_word' id='word_1_286' title='bbox 1038 2183 1215 2236; x_wconf 80' lang='lat' dir='ltr'><strong>omnia</strong></span> <span class='ocrx_word' id='word_1_287' title='bbox 1245 2181 1493 2236; x_wconf 78' lang='lat' dir='ltr'><strong>vidissent</strong></span> <span class='ocrx_word' id='word_1_288' title='bbox 1522 2179 1681 2250; x_wconf 66' lang='lat'><strong>203</strong></span> <span class='ocrx_word' id='word_1_289' title='bbox 1707 2195 1828 2249; x_wconf 77' lang='lat' dir='ltr'><strong>qua:</strong></span> <span class='ocrx_word' id='word_1_290' title='bbox 1862 2178 2058 2243; x_wconf 77' lang='lat' dir='ltr'><strong>fecerat</strong></span> 
     </span>
    </p>
   </div>
   <div class='ocr_carea' id='block_1_42' title="bbox 486 2267 2060 2346">
    <p class='ocr_par' dir='ltr' id='par_1_42' title="bbox 486 2267 2060 2346">
     <span class='ocr_line' id='line_1_42' title="bbox 486 2267 2060 2346; baseline -0.006 -14"><span class='ocrx_word' id='word_1_291' title='bbox 486 2277 868 2346; x_wconf 72' lang='lat' dir='ltr'><strong>Hierosolymis</strong></span> <span class='ocrx_word' id='word_1_292' title='bbox 923 2275 979 2329; x_wconf 82' lang='lat' dir='ltr'><strong>in</strong></span> <span class='ocrx_word' id='word_1_293' title='bbox 1020 2276 1104 2330; x_wconf 86' lang='lat' dir='ltr'><strong>die</strong></span> <span class='ocrx_word' id='word_1_294' title='bbox 1147 2274 1328 2342; x_wconf 76' lang='lat' dir='ltr'><strong>festo:</strong></span> <span class='ocrx_word' id='word_1_295' title='bbox 1396 2284 1445 2327; x_wconf 85' lang='lat' dir='ltr'><strong>et</strong></span> <span class='ocrx_word' id='word_1_296' title='bbox 1493 2267 1591 2342; x_wconf 84' lang='lat' dir='ltr'><strong>ipsi</strong></span> <span class='ocrx_word' id='word_1_297' title='bbox 1628 2271 1767 2326; x_wconf 84' lang='lat' dir='ltr'><strong>enim</strong></span> <span class='ocrx_word' id='word_1_298' title='bbox 1817 2278 2060 2324; x_wconf 78' lang='lat' dir='ltr'><strong>venerant</strong></span> 
     </span>
    </p>
   </div>
   <div class='ocr_carea' id='block_1_43' title="bbox 482 2366 966 2435">
    <p class='ocr_par' dir='ltr' id='par_1_43' title="bbox 482 2366 966 2435">
     <span class='ocr_line' id='line_1_43' title="bbox 482 2366 966 2435; baseline -0.008 -13"><span class='ocrx_word' id='word_1_299' title='bbox 482 2368 552 2422; x_wconf 72' lang='lat' dir='ltr'><strong>ad</strong></span> <span class='ocrx_word' id='word_1_300' title='bbox 582 2368 720 2422; x_wconf 85' lang='lat' dir='ltr'><strong>diem</strong></span> <span class='ocrx_word' id='word_1_301' title='bbox 753 2366 966 2435; x_wconf 78' lang='lat' dir='ltr'><strong>festum.</strong></span> 
     </span>
    </p>
   </div>
   <div class='ocr_carea' id='block_1_44' title="bbox 555 2450 2066 2524">
    <p class='ocr_par' dir='ltr' id='par_1_44' title="bbox 555 2450 2066 2524">
     <span class='ocr_line' id='line_1_44' title="bbox 555 2450 2066 2524; baseline -0.006 -11"><span class='ocrx_word' id='word_1_302' title='bbox 555 2459 674 2513; x_wconf 82' lang='lat' dir='ltr'><strong>Non</strong></span> <span class='ocrx_word' id='word_1_303' title='bbox 697 2466 902 2512; x_wconf 89' lang='lat' dir='ltr'><strong>temere</strong></span> <span class='ocrx_word' id='word_1_304' title='bbox 919 2453 1130 2511; x_wconf 86' lang='lat' dir='ltr'><strong>Galilaei</strong></span> <span class='ocrx_word' id='word_1_305' title='bbox 1158 2453 1468 2524; x_wconf 88' lang='lat' dir='ltr'><strong>suscipiunt</strong></span> <span class='ocrx_word' id='word_1_306' title='bbox 1497 2450 1710 2518; x_wconf 73' lang='lat' dir='ltr'><strong>Iesum,</strong></span> <span class='ocrx_word' id='word_1_307' title='bbox 1740 2451 1836 2508; x_wconf 89' lang='lat' dir='ltr'><strong>sed</strong></span> <span class='ocrx_word' id='word_1_308' title='bbox 1866 2451 2066 2521; x_wconf 86' lang='lat' dir='ltr'><strong>partim</strong></span> 
     </span>
    </p>
   </div>
   <div class='ocr_carea' id='block_1_45' title="bbox 481 2547 2070 2624">
    <p class='ocr_par' dir='ltr' id='par_1_45' title="bbox 481 2547 2070 2624">
     <span class='ocr_line' id='line_1_45' title="bbox 481 2547 2070 2624; baseline -0.008 -11"><span class='ocrx_word' id='word_1_309' title='bbox 481 2558 552 2614; x_wconf 90' lang='lat' dir='ltr'><strong>ob</strong></span> <span class='ocrx_word' id='word_1_310' title='bbox 582 2555 850 2610; x_wconf 90' lang='lat' dir='ltr'><strong>miracula</strong></span> <span class='ocrx_word' id='word_1_311' title='bbox 893 2567 1017 2624; x_wconf 63' lang='lat' dir='ltr'><strong>qua:</strong></span> <span class='ocrx_word' id='word_1_312' title='bbox 1057 2551 1171 2622; x_wconf 89' lang='lat' dir='ltr'><strong>jam</strong></span> <span class='ocrx_word' id='word_1_313' title='bbox 1209 2551 1276 2605; x_wconf 87' lang='lat' dir='ltr'><strong>ab</strong></span> <span class='ocrx_word' id='word_1_314' title='bbox 1319 2565 1386 2606; x_wconf 91' lang='lat' dir='ltr'><strong>eo</strong></span> <span class='ocrx_word' id='word_1_315' title='bbox 1434 2549 1644 2620; x_wconf 88' lang='lat' dir='ltr'><strong>patrari</strong></span> <span class='ocrx_word' id='word_1_316' title='bbox 1667 2547 1918 2603; x_wconf 89' lang='lat' dir='ltr'><strong>viderant</strong></span> <span class='ocrx_word' id='word_1_317' title='bbox 1942 2547 2070 2616; x_wconf 87' lang='lat' dir='ltr'><strong>jure</strong></span> 
     </span>
    </p>
   </div>
   <div class='ocr_carea' id='block_1_46' title="bbox 484 2638 2068 2718">
    <p class='ocr_par' dir='ltr' id='par_1_46' title="bbox 484 2638 2068 2718">
     <span class='ocr_line' id='line_1_46' title="bbox 484 2638 2068 2718; baseline -0.008 -14"><span class='ocrx_word' id='word_1_318' title='bbox 484 2650 727 2713; x_wconf 89' lang='lat' dir='ltr'><strong>attoniti,</strong></span> <span class='ocrx_word' id='word_1_319' title='bbox 766 2645 971 2718; x_wconf 87' lang='lat' dir='ltr'><strong>partim</strong></span> <span class='ocrx_word' id='word_1_320' title='bbox 1000 2645 1072 2700; x_wconf 93' lang='lat' dir='ltr'><strong>ob</strong></span> <span class='ocrx_word' id='word_1_321' title='bbox 1118 2644 1376 2714; x_wconf 83' lang='lat' dir='ltr'><strong>pietatem</strong></span> <span class='ocrx_word' id='word_1_322' title='bbox 1425 2641 1482 2696; x_wconf 90' lang='lat' dir='ltr'><strong>in</strong></span> <span class='ocrx_word' id='word_1_323' title='bbox 1527 2643 1711 2712; x_wconf 90' lang='lat' dir='ltr'><strong>ipsum</strong></span> <span class='ocrx_word' id='word_1_324' title='bbox 1755 2638 2068 2694; x_wconf 67' lang='lat' dir='ltr'><strong>Judaaorum</strong></span> 
     </span>
    </p>
   </div>
   <div class='ocr_carea' id='block_1_47' title="bbox 487 2731 2071 2800">
    <p class='ocr_par' dir='ltr' id='par_1_47' title="bbox 487 2731 2071 2800">
     <span class='ocr_line' id='line_1_47' title="bbox 487 2731 2071 2800; baseline -0.008 -4"><span class='ocrx_word' id='word_1_325' title='bbox 487 2741 920 2796; x_wconf 86' lang='lat' dir='ltr'><strong>condemnantes</strong></span> <span class='ocrx_word' id='word_1_326' title='bbox 991 2734 1330 2800; x_wconf 79' lang='lat' dir='ltr'><strong>vecordiam,</strong></span> <span class='ocrx_word' id='word_1_327' title='bbox 1391 2741 1448 2788; x_wconf 88' lang='lat' dir='ltr'><strong>et</strong></span> <span class='ocrx_word' id='word_1_328' title='bbox 1497 2733 1668 2787; x_wconf 85' lang='lat' dir='ltr'><strong>animi</strong></span> <span class='ocrx_word' id='word_1_329' title='bbox 1717 2731 1962 2786; x_wconf 87' lang='lat' dir='ltr'><strong>candore</strong></span> <span class='ocrx_word' id='word_1_330' title='bbox 2006 2744 2071 2784; x_wconf 89' lang='lat' dir='ltr'><strong>ac</strong></span> 
     </span>
    </p>
   </div>
   <div class='ocr_carea' id='block_1_48' title="bbox 469 2821 2026 2903">
    <p class='ocr_par' dir='ltr' id='par_1_48' title="bbox 469 2821 2026 2903">
     <span class='ocr_line' id='line_1_48' title="bbox 469 2821 2026 2903; baseline -0.01 -14"><span class='ocrx_word' id='word_1_331' title='bbox 469 2832 837 2903; x_wconf 76' lang='lat' dir='ltr'><strong>simplicitate</strong></span> <span class='ocrx_word' id='word_1_332' title='bbox 861 2828 976 2883; x_wconf 87' lang='lat' dir='ltr'><strong>illis</strong></span> <span class='ocrx_word' id='word_1_333' title='bbox 1004 2827 1060 2882; x_wconf 90' lang='lat' dir='ltr'><strong>in</strong></span> <span class='ocrx_word' id='word_1_334' title='bbox 1097 2827 1214 2898; x_wconf 81' lang='lat' dir='ltr'><strong>lege</strong></span> <span class='ocrx_word' id='word_1_335' title='bbox 1241 2824 1481 2881; x_wconf 86' lang='lat' dir='ltr'><strong>eruditis</strong></span> <span class='ocrx_word' id='word_1_336' title='bbox 1525 2824 1770 2894; x_wconf 83' lang='lat' dir='ltr'><strong>potiores</strong></span> <span class='ocrx_word' id='word_1_337' title='bbox 1802 2821 2026 2892; x_wconf 89' lang='lat' dir='ltr'><strong>reperti.</strong></span> 
     </span>
    </p>
   </div>
   <div class='ocr_carea' id='block_1_49' title="bbox 553 2995 2069 3073">
    <p class='ocr_par' dir='ltr' id='par_1_49' title="bbox 553 2995 2069 3073">
     <span class='ocr_line' id='line_1_49' title="bbox 553 2995 2069 3073; baseline -0.007 -13"><span class='ocrx_word' id='word_1_338' title='bbox 553 3004 645 3072; x_wconf 75' lang='grc' dir='ltr'>Π,</span> <span class='ocrx_word' id='word_1_339' title='bbox 693 3005 784 3060; x_wconf 72' lang='grc'><strong>46.</strong></span> <span class='ocrx_word' id='word_1_340' title='bbox 849 3001 998 3057; x_wconf 82' lang='lat' dir='ltr'><strong>Venit</strong></span> <span class='ocrx_word' id='word_1_341' title='bbox 1028 3017 1148 3073; x_wconf 83' lang='lat' dir='ltr'><strong>ergo</strong></span> <span class='ocrx_word' id='word_1_342' title='bbox 1173 3002 1362 3054; x_wconf 83' lang='lat' dir='ltr'><strong>iterum</strong></span> <span class='ocrx_word' id='word_1_343' title='bbox 1393 3000 1448 3055; x_wconf 74' lang='lat' dir='ltr'><strong>in</strong></span> <span class='ocrx_word' id='word_1_344' title='bbox 1484 2997 1637 3054; x_wconf 77' lang='lat' dir='ltr'><strong>Caua</strong></span> <span class='ocrx_word' id='word_1_345' title='bbox 1692 2995 1956 3062; x_wconf 70' lang='lat' dir='ltr'><strong>Galilwa’,</strong></span> <span class='ocrx_word' id='word_1_346' title='bbox 1980 2996 2069 3050; x_wconf 83' lang='lat' dir='ltr'><strong>ubi</strong></span> 
     </span>
    </p>
   </div>
   <div class='ocr_carea' id='block_1_50' title="bbox 484 3096 1064 3173">
    <p class='ocr_par' dir='ltr' id='par_1_50' title="bbox 484 3096 1064 3173">
     <span class='ocr_line' id='line_1_50' title="bbox 484 3096 1064 3173; baseline -0.014 -18"><span class='ocrx_word' id='word_1_347' title='bbox 484 3100 607 3173; x_wconf 79' lang='lat' dir='ltr'><strong>fecit</strong></span> <span class='ocrx_word' id='word_1_348' title='bbox 639 3112 833 3168; x_wconf 85' lang='lat' dir='ltr'><strong>aquam</strong></span> <span class='ocrx_word' id='word_1_349' title='bbox 867 3096 1064 3150; x_wconf 82' lang='lat' dir='ltr'><strong>vinum.</strong></span> 
     </span>
    </p>
   </div>
   <div class='ocr_carea' id='block_1_51' title="bbox 554 3179 2138 3268">
    <p class='ocr_par' dir='ltr' id='par_1_51' title="bbox 554 3179 2138 3268">
     <span class='ocr_line' id='line_1_51' title="bbox 554 3179 2138 3268; baseline -0.008 -22"><span class='ocrx_word' id='word_1_350' title='bbox 554 3192 701 3248; x_wconf 90' lang='lat' dir='ltr'><strong>Inter</strong></span> <span class='ocrx_word' id='word_1_351' title='bbox 721 3187 990 3246; x_wconf 90' lang='lat' dir='ltr'><strong>candidos</strong></span> <span class='ocrx_word' id='word_1_352' title='bbox 1013 3184 1262 3241; x_wconf 84' lang='lat' dir='ltr'><strong>homines</strong></span> <span class='ocrx_word' id='word_1_353' title='bbox 1282 3182 1494 3239; x_wconf 84' lang='lat' dir='ltr'><strong>’lubens</strong></span> <span class='ocrx_word' id='word_1_354' title='bbox 1511 3189 1767 3238; x_wconf 84' lang='lat' dir='ltr'><strong>versatur</strong></span> <span class='ocrx_word' id='word_1_355' title='bbox 1791 3179 2067 3244; x_wconf 82' lang='lat' dir='ltr'><strong>Christus,</strong></span> <span class='ocrx_word' id='word_1_356' title='bbox 2095 3211 2138 3268; x_wconf 63' lang='grc' dir='ltr'>ε</span> 
     </span>
    </p>
   </div>
   <div class='ocr_carea' id='block_1_52' title="bbox 464 3271 2064 3354">
    <p class='ocr_par' dir='ltr' id='par_1_52' title="bbox 464 3271 2064 3354">
     <span class='ocr_line' id='line_1_52' title="bbox 464 3271 2064 3354; baseline -0.009 -15"><span class='ocrx_word' id='word_1_357' title='bbox 464 3293 784 3354; x_wconf 71' lang='lat' dir='ltr'><strong>.gratosque</strong></span> <span class='ocrx_word' id='word_1_358' title='bbox 805 3289 858 3337; x_wconf 91' lang='lat' dir='ltr'><strong>et</strong></span> <span class='ocrx_word' id='word_1_359' title='bbox 879 3278 1277 3336; x_wconf 71' lang='lat' dir='ltr'><strong>beneficiorum</strong></span> <span class='ocrx_word' id='word_1_360' title='bbox 1310 3289 1603 3339; x_wconf 89' lang='lat' dir='ltr'><strong>memores,</strong></span> <span class='ocrx_word' id='word_1_361' title='bbox 1632 3274 1827 3343; x_wconf 84' lang='lat' dir='ltr'><strong>eisque</strong></span> <span class='ocrx_word' id='word_1_362' title='bbox 1854 3271 2064 3341; x_wconf 85' lang='lat' dir='ltr'><strong>majora</strong></span> 
     </span>
    </p>
   </div>
   <div class='ocr_carea' id='block_1_53' title="bbox 483 3364 2068 3442">
    <p class='ocr_par' dir='ltr' id='par_1_53' title="bbox 483 3364 2068 3442">
     <span class='ocr_line' id='line_1_53' title="bbox 483 3364 2068 3442; baseline -0.011 -10"><span class='ocrx_word' id='word_1_363' title='bbox 483 3379 626 3432; x_wconf 89' lang='lat' dir='ltr'><strong>bona</strong></span> <span class='ocrx_word' id='word_1_364' title='bbox 661 3373 868 3429; x_wconf 83' lang='lat' dir='ltr'><strong>aﬂ&#39;atim</strong></span> <span class='ocrx_word' id='word_1_365' title='bbox 921 3371 1176 3442; x_wconf 71' lang='lat' dir='ltr'><strong>largitur.</strong></span> <span class='ocrx_word' id='word_1_366' title='bbox 1208 3367 1372 3424; x_wconf 74' lang='lat' dir='ltr'><strong>Venit</strong></span> <span class='ocrx_word' id='word_1_367' title='bbox 1397 3381 1531 3437; x_wconf 74' lang='lat' dir='ltr'><strong>ergo</strong></span> <span class='ocrx_word' id='word_1_368' title='bbox 1569 3365 1838 3420; x_wconf 87' lang='lat' dir='ltr'><strong>miracula</strong></span> <span class='ocrx_word' id='word_1_369' title='bbox 1888 3364 2068 3418; x_wconf 81' lang='lat' dir='ltr'><strong>factu-</strong></span> 
     </span>
    </p>
   </div>
   <div class='ocr_carea' id='block_1_54' title="bbox 482 3455 2068 3529">
    <p class='ocr_par' dir='ltr' id='par_1_54' title="bbox 482 3455 2068 3529">
     <span class='ocr_line' id='line_1_54' title="bbox 482 3455 2068 3529; baseline -0.009 -6"><span class='ocrx_word' id='word_1_370' title='bbox 482 3484 582 3524; x_wconf 90' lang='lat' dir='ltr'><strong>rus</strong></span> <span class='ocrx_word' id='word_1_371' title='bbox 634 3467 690 3520; x_wconf 91' lang='lat' dir='ltr'><strong>in</strong></span> <span class='ocrx_word' id='word_1_372' title='bbox 721 3465 894 3529; x_wconf 89' lang='lat' dir='ltr'><strong>Cana,</strong></span> <span class='ocrx_word' id='word_1_373' title='bbox 955 3464 1279 3518; x_wconf 78' lang='lat' dir='ltr'><strong>existimans</strong></span> <span class='ocrx_word' id='word_1_374' title='bbox 1328 3460 1557 3529; x_wconf 87' lang='lat' dir='ltr'><strong>insuper</strong></span> <span class='ocrx_word' id='word_1_375' title='bbox 1607 3471 1733 3512; x_wconf 91' lang='lat' dir='ltr'><strong>esse</strong></span> <span class='ocrx_word' id='word_1_376' title='bbox 1794 3455 2068 3525; x_wconf 80' lang='lat' dir='ltr'><strong>juvandos</strong></span> 
     </span>
    </p>
   </div>
   <div class='ocr_carea' id='block_1_55' title="bbox 481 3547 2068 3628">
    <p class='ocr_par' dir='ltr' id='par_1_55' title="bbox 481 3547 2068 3628">
     <span class='ocr_line' id='line_1_55' title="bbox 481 3547 2068 3628; baseline -0.009 -16"><span class='ocrx_word' id='word_1_377' title='bbox 481 3558 604 3628; x_wconf 88' lang='lat' dir='ltr'><strong>ejus</strong></span> <span class='ocrx_word' id='word_1_378' title='bbox 643 3557 874 3621; x_wconf 86' lang='lat' dir='ltr'><strong>incolas,</strong></span> <span class='ocrx_word' id='word_1_379' title='bbox 907 3554 1169 3624; x_wconf 90' lang='lat' dir='ltr'><strong>opinione</strong></span> <span class='ocrx_word' id='word_1_380' title='bbox 1200 3552 1254 3606; x_wconf 90' lang='lat' dir='ltr'><strong>in</strong></span> <span class='ocrx_word' id='word_1_381' title='bbox 1288 3548 1742 3612; x_wconf 76' lang='lat' dir='ltr'><strong>eorum‘animis,</strong></span> <span class='ocrx_word' id='word_1_382' title='bbox 1787 3561 1885 3615; x_wconf 90' lang='lat' dir='ltr'><strong>per</strong></span> <span class='ocrx_word' id='word_1_383' title='bbox 1915 3547 2068 3614; x_wconf 60' lang='lat' dir='ltr'><strong>signa</strong></span> 
     </span>
    </p>
   </div>
   <div class='ocr_carea' id='block_1_56' title="bbox 483 3637 2070 3721">
    <p class='ocr_par' dir='ltr' id='par_1_56' title="bbox 483 3637 2070 3721">
     <span class='ocr_line' id='line_1_56' title="bbox 483 3637 2070 3721; baseline -0.008 -17"><span class='ocrx_word' id='word_1_384' title='bbox 483 3665 606 3721; x_wconf 73' lang='lat' dir='ltr'><strong>qua:</strong></span> <span class='ocrx_word' id='word_1_385' title='bbox 639 3649 695 3704; x_wconf 89' lang='lat' dir='ltr'><strong>in</strong></span> <span class='ocrx_word' id='word_1_386' title='bbox 731 3649 823 3702; x_wconf 87' lang='lat' dir='ltr'><strong>illa</strong></span> <span class='ocrx_word' id='word_1_387' title='bbox 854 3646 968 3716; x_wconf 87' lang='lat' dir='ltr'><strong>jam</strong></span> <span class='ocrx_word' id='word_1_388' title='bbox 1001 3645 1229 3709; x_wconf 83' lang='lat' dir='ltr'><strong>fecerat,</strong></span> <span class='ocrx_word' id='word_1_389' title='bbox 1267 3638 1678 3712; x_wconf 85' lang='lat' dir='ltr'><strong>quodammodo</strong></span> <span class='ocrx_word' id='word_1_390' title='bbox 1706 3637 1895 3702; x_wconf 90' lang='lat' dir='ltr'><strong>insita,</strong></span> <span class='ocrx_word' id='word_1_391' title='bbox 1933 3652 2070 3692; x_wconf 90' lang='lat' dir='ltr'><strong>cun-</strong></span> 
     </span>
    </p>
   </div>
   <div class='ocr_carea' id='block_1_57' title="bbox 485 3738 1160 3808">
    <p class='ocr_par' dir='ltr' id='par_1_57' title="bbox 485 3738 1160 3808">
     <span class='ocr_line' id='line_1_57' title="bbox 485 3738 1160 3808; baseline -0.01 -12"><span class='ocrx_word' id='word_1_392' title='bbox 485 3749 574 3797; x_wconf 88' lang='lat' dir='ltr'><strong>cta</strong></span> <span class='ocrx_word' id='word_1_393' title='bbox 601 3756 726 3798; x_wconf 90' lang='lat' dir='ltr'><strong>eum</strong></span> <span class='ocrx_word' id='word_1_394' title='bbox 761 3738 942 3795; x_wconf 82' lang='lat' dir='ltr'><strong>facere</strong></span> <span class='ocrx_word' id='word_1_395' title='bbox 978 3752 1160 3808; x_wconf 87' lang='lat' dir='ltr'><strong>posse.</strong></span> 
     </span>
    </p>
   </div>
   <div class='ocr_carea' id='block_1_58' title="bbox 556 3907 2070 3982">
    <p class='ocr_par' dir='ltr' id='par_1_58' title="bbox 556 3907 2070 3982">
     <span class='ocr_line' id='line_1_58' title="bbox 556 3907 2070 3982; baseline -0.007 -12"><span class='ocrx_word' id='word_1_396' title='bbox 556 3913 651 3982; x_wconf 83' lang='lat' dir='ltr'><strong>IV,</strong></span> <span class='ocrx_word' id='word_1_397' title='bbox 689 3913 875 3969; x_wconf 65' lang='lat'><strong>46-48.</strong></span> <span class='ocrx_word' id='word_1_398' title='bbox 941 3910 1010 3964; x_wconf 84' lang='lat' dir='ltr'><strong>Et</strong></span> <span class='ocrx_word' id='word_1_399' title='bbox 1039 3919 1154 3966; x_wconf 84' lang='lat' dir='ltr'><strong>erat</strong></span> <span class='ocrx_word' id='word_1_400' title='bbox 1193 3909 1409 3980; x_wconf 83' lang='lat' dir='ltr'><strong>quidam</strong></span> <span class='ocrx_word' id='word_1_401' title='bbox 1456 3908 1690 3979; x_wconf 77' lang='lat' dir='ltr'><strong>regulus,</strong></span> <span class='ocrx_word' id='word_1_402' title='bbox 1734 3909 1886 3978; x_wconf 86' lang='lat' dir='ltr'><strong>cujus</strong></span> <span class='ocrx_word' id='word_1_403' title='bbox 1925 3907 2070 3977; x_wconf 80' lang='lat' dir='ltr'><strong>ﬁlius</strong></span> 
     </span>
    </p>
   </div>
   <div class='ocr_carea' id='block_1_59' title="bbox 484 3999 2074 4076">
    <p class='ocr_par' dir='ltr' id='par_1_59' title="bbox 484 3999 2074 4076">
     <span class='ocr_line' id='line_1_59' title="bbox 484 3999 2074 4076; baseline -0.006 -15"><span class='ocrx_word' id='word_1_404' title='bbox 484 4006 865 4076; x_wconf 81' lang='lat' dir='ltr'><strong>inﬁrmabatur</strong></span> <span class='ocrx_word' id='word_1_405' title='bbox 910 4001 1310 4073; x_wconf 86' lang='lat' dir='ltr'><strong>Capharnaum.</strong></span> <span class='ocrx_word' id='word_1_406' title='bbox 1353 3999 1455 4054; x_wconf 84' lang='lat' dir='ltr'><strong>Hic</strong></span> <span class='ocrx_word' id='word_1_407' title='bbox 1502 4016 1620 4054; x_wconf 84' lang='lat' dir='ltr'><strong>cum</strong></span> <span class='ocrx_word' id='word_1_408' title='bbox 1664 3999 1897 4055; x_wconf 77' lang='lat' dir='ltr'><strong>audisset</strong></span> <span class='ocrx_word' id='word_1_409' title='bbox 1947 3999 2074 4069; x_wconf 85' lang='lat' dir='ltr'><strong>quia</strong></span> 
     </span>
    </p>
   </div>
   <div class='ocr_carea' id='block_1_60' title="bbox 487 4089 2070 4156">
    <p class='ocr_par' dir='ltr' id='par_1_60' title="bbox 487 4089 2070 4156">
     <span class='ocr_line' id='line_1_60' title="bbox 487 4089 2070 4156; baseline -0.006 -4"><span class='ocrx_word' id='word_1_410' title='bbox 487 4095 640 4152; x_wconf 82' lang='lat' dir='ltr'><strong>Iesus</strong></span> <span class='ocrx_word' id='word_1_411' title='bbox 672 4097 937 4150; x_wconf 83' lang='lat' dir='ltr'><strong>adveniret</strong></span> <span class='ocrx_word' id='word_1_412' title='bbox 969 4111 1002 4146; x_wconf 91' lang='lat' dir='ltr'><strong>a</strong></span> <span class='ocrx_word' id='word_1_413' title='bbox 1029 4091 1225 4146; x_wconf 78' lang='lat' dir='ltr'><strong>ludam</strong></span> <span class='ocrx_word' id='word_1_414' title='bbox 1250 4093 1302 4146; x_wconf 84' lang='lat' dir='ltr'><strong>in</strong></span> <span class='ocrx_word' id='word_1_415' title='bbox 1332 4089 1638 4156; x_wconf 66' lang='lat' dir='ltr'><strong>Galilaeam,</strong></span> <span class='ocrx_word' id='word_1_416' title='bbox 1668 4091 1800 4146; x_wconf 87' lang='lat' dir='ltr'><strong>abiit</strong></span> <span class='ocrx_word' id='word_1_417' title='bbox 1823 4090 1891 4145; x_wconf 87' lang='lat' dir='ltr'><strong>ad</strong></span> <span class='ocrx_word' id='word_1_418' title='bbox 1928 4106 2070 4153; x_wconf 86' lang='lat' dir='ltr'><strong>eum,</strong></span> 
     </span>
    </p>
   </div>
   <div class='ocr_carea' id='block_1_61' title="bbox 423 4183 2070 4259">
    <p class='ocr_par' dir='ltr' id='par_1_61' title="bbox 423 4183 2070 4259">
     <span class='ocr_line' id='line_1_61' title="bbox 423 4183 2070 4259; baseline -0.005 -15"><span class='ocrx_word' id='word_1_419' title='bbox 423 4239 432 4250; x_wconf 90' lang='lat'><strong>,</strong></span> <span class='ocrx_word' id='word_1_420' title='bbox 484 4200 534 4244; x_wconf 90' lang='lat' dir='ltr'><strong>et</strong></span> <span class='ocrx_word' id='word_1_421' title='bbox 563 4189 780 4259; x_wconf 79' lang='lat' dir='ltr'><strong>rogabat</strong></span> <span class='ocrx_word' id='word_1_422' title='bbox 815 4203 932 4241; x_wconf 83' lang='lat' dir='ltr'><strong>eum</strong></span> <span class='ocrx_word' id='word_1_423' title='bbox 963 4194 1019 4239; x_wconf 88' lang='lat' dir='ltr'><strong>ut</strong></span> <span class='ocrx_word' id='word_1_424' title='bbox 1046 4183 1381 4240; x_wconf 79' lang='lat' dir='ltr'><strong>descenderet</strong></span> <span class='ocrx_word' id='word_1_425' title='bbox 1405 4194 1456 4238; x_wconf 88' lang='lat' dir='ltr'><strong>et</strong></span> <span class='ocrx_word' id='word_1_426' title='bbox 1479 4193 1693 4238; x_wconf 83' lang='lat' dir='ltr'><strong>sanaret</strong></span> <span class='ocrx_word' id='word_1_427' title='bbox 1723 4183 1894 4252; x_wconf 78' lang='lat' dir='ltr'><strong>ﬁlium</strong></span> <span class='ocrx_word' id='word_1_428' title='bbox 1918 4183 2070 4251; x_wconf 84' lang='lat' dir='ltr'><strong>ejus;</strong></span> 
     </span>
    </p>
   </div>
   <div class='ocr_carea' id='block_1_62' title="bbox 485 4271 1938 4347">
    <p class='ocr_par' dir='ltr' id='par_1_62' title="bbox 485 4271 1938 4347">
     <span class='ocr_line' id='line_1_62' title="bbox 485 4271 1938 4347; baseline -0.003 -15"><span class='ocrx_word' id='word_1_429' title='bbox 485 4279 770 4347; x_wconf 83' lang='lat' dir='ltr'><strong>incipiebat</strong></span> <span class='ocrx_word' id='word_1_430' title='bbox 799 4278 940 4331; x_wconf 86' lang='lat' dir='ltr'><strong>enim</strong></span> <span class='ocrx_word' id='word_1_431' title='bbox 974 4276 1132 4330; x_wconf 83' lang='lat' dir='ltr'><strong>mori.</strong></span> <span class='ocrx_word' id='word_1_432' title='bbox 1174 4274 1324 4330; x_wconf 74' lang='lat' dir='ltr'><strong>Dixit</strong></span> <span class='ocrx_word' id='word_1_433' title='bbox 1352 4290 1476 4344; x_wconf 82' lang='lat' dir='ltr'><strong>ergo</strong></span> <span class='ocrx_word' id='word_1_434' title='bbox 1513 4271 1673 4328; x_wconf 70' lang='lat' dir='ltr'><strong>Iesus</strong></span> <span class='ocrx_word' id='word_1_435' title='bbox 1704 4273 1772 4326; x_wconf 88' lang='lat' dir='ltr'><strong>ad</strong></span> <span class='ocrx_word' id='word_1_436' title='bbox 1799 4288 1938 4328; x_wconf 85' lang='lat' dir='ltr'><strong>eum.</strong></span> 
     </span>
    </p>
   </div>
   <div class='ocr_carea' id='block_1_63' title="bbox 557 4451 2074 4526">
    <p class='ocr_par' dir='ltr' id='par_1_63' title="bbox 557 4451 2074 4526">
     <span class='ocr_line' id='line_1_63' title="bbox 557 4451 2074 4526; baseline -0.004 -15"><span class='ocrx_word' id='word_1_437' title='bbox 557 4455 938 4511; x_wconf 79' lang='lat' dir='ltr'><strong>Proﬂciscitur</strong></span> <span class='ocrx_word' id='word_1_438' title='bbox 973 4456 1194 4526; x_wconf 83' lang='lat' dir='ltr'><strong>quidem</strong></span> <span class='ocrx_word' id='word_1_439' title='bbox 1219 4454 1331 4510; x_wconf 88' lang='lat' dir='ltr'><strong>&#39;ille</strong></span> <span class='ocrx_word' id='word_1_440' title='bbox 1380 4454 1628 4526; x_wconf 77' lang='lat' dir='ltr'><strong>regulus,</strong></span> <span class='ocrx_word' id='word_1_441' title='bbox 1680 4459 1948 4523; x_wconf 85' lang='lat' dir='ltr'><strong>tanquam</strong></span> <span class='ocrx_word' id='word_1_442' title='bbox 2004 4451 2074 4506; x_wconf 89' lang='lat' dir='ltr'><strong>ad</strong></span> 
     </span>
    </p>
   </div>
   <div class='ocr_carea' id='block_1_64' title="bbox 2242 2085 3739 2160">
    <p class='ocr_par' dir='ltr' id='par_1_64' title="bbox 2242 2085 3739 2160">
     <span class='ocr_line' id='line_1_64' title="bbox 2242 2085 3739 2160; baseline 0.005 -20"><span class='ocrx_word' id='word_1_443' title='bbox 2242 2088 2380 2141; x_wconf 75' lang='grc' dir='ltr'>Ὅτε</span> <span class='ocrx_word' id='word_1_444' title='bbox 2405 2085 2518 2144; x_wconf 81' lang='grc' dir='ltr'><strong>οὖν</strong></span> <span class='ocrx_word' id='word_1_445' title='bbox 2553 2085 2738 2160; x_wconf 77' lang='grc' dir='ltr'><em>ἦλθεν</em></span> <span class='ocrx_word' id='word_1_446' title='bbox 2785 2091 2872 2153; x_wconf 76' lang='grc' dir='ltr'>εἰς</span> <span class='ocrx_word' id='word_1_447' title='bbox 2911 2089 3028 2156; x_wconf 84' lang='grc' dir='ltr'><strong>τὴν</strong></span> <span class='ocrx_word' id='word_1_448' title='bbox 3052 2089 3408 2154; x_wconf 69' lang='grc' dir='ltr'>Γαλιλαίαν,</span> <span class='ocrx_word' id='word_1_449' title='bbox 3457 2089 3739 2155; x_wconf 76' lang='grc' dir='ltr'>ἐδέξαντο</span> 
     </span>
    </p>
   </div>
   <div class='ocr_carea' id='block_1_65' title="bbox 2167 2179 3740 2250">
    <p class='ocr_par' dir='ltr' id='par_1_65' title="bbox 2167 2179 3740 2250">
     <span class='ocr_line' id='line_1_65' title="bbox 2167 2179 3740 2250; baseline 0.003 -18"><span class='ocrx_word' id='word_1_450' title='bbox 2167 2180 2352 2234; x_wconf 79' lang='grc' dir='ltr'>αὐτὸν</span> <span class='ocrx_word' id='word_1_451' title='bbox 2379 2183 2431 2233; x_wconf 80' lang='grc' dir='ltr'>οὶ</span> <span class='ocrx_word' id='word_1_452' title='bbox 2459 2179 2767 2234; x_wconf 73' lang='grc' dir='ltr'>Γαλιλαῖοι</span> <span class='ocrx_word' id='word_1_453' title='bbox 2803 2179 2997 2234; x_wconf 79' lang='grc' dir='ltr'>πάντα</span> <span class='ocrx_word' id='word_1_454' title='bbox 3024 2180 3366 2247; x_wconf 74' lang='grc' dir='ltr'>ἑωρακότες,</span> <span class='ocrx_word' id='word_1_455' title='bbox 3397 2181 3514 2234; x_wconf 84' lang='grc' dir='ltr'>ὅσα</span> <span class='ocrx_word' id='word_1_456' title='bbox 3542 2183 3740 2250; x_wconf 62' lang='lat' dir='ltr'><strong>euolu-</strong></span> 
     </span>
    </p>
   </div>
   <div class='ocr_carea' id='block_1_66' title="bbox 2167 2268 3739 2344">
    <p class='ocr_par' dir='ltr' id='par_1_66' title="bbox 2167 2268 3739 2344">
     <span class='ocr_line' id='line_1_66' title="bbox 2167 2268 3739 2344; baseline 0.001 -18"><span class='ocrx_word' id='word_1_457' title='bbox 2167 2285 2280 2326; x_wconf 79' lang='grc' dir='ltr'><strong>σεν</strong></span> <span class='ocrx_word' id='word_1_458' title='bbox 2299 2271 2368 2324; x_wconf 78' lang='grc' dir='ltr'><strong>ἐν</strong></span> <span class='ocrx_word' id='word_1_459' title='bbox 2407 2272 2844 2340; x_wconf 72' lang='grc' dir='ltr'>Ἰεροσολύμοις</span> <span class='ocrx_word' id='word_1_460' title='bbox 2873 2273 2942 2324; x_wconf 81' lang='grc' dir='ltr'><strong>ἐν</strong></span> <span class='ocrx_word' id='word_1_461' title='bbox 2971 2268 3046 2338; x_wconf 81' lang='grc' dir='ltr'>τῇ</span> <span class='ocrx_word' id='word_1_462' title='bbox 3072 2270 3267 2339; x_wconf 72' lang='grc' dir='ltr'>ἑορτῇο</span> <span class='ocrx_word' id='word_1_463' title='bbox 3301 2271 3399 2325; x_wconf 75' lang='grc' dir='ltr'>καὶ</span> <span class='ocrx_word' id='word_1_464' title='bbox 3429 2274 3596 2327; x_wconf 78' lang='grc' dir='ltr'>αὐτοὶ</span> <span class='ocrx_word' id='word_1_465' title='bbox 3635 2275 3739 2344; x_wconf 71' lang='grc' dir='ltr'>γὰρ</span> 
     </span>
    </p>
   </div>
   <div class='ocr_carea' id='block_1_67' title="bbox 2168 2361 2871 2434">
    <p class='ocr_par' dir='ltr' id='par_1_67' title="bbox 2168 2361 2871 2434">
     <span class='ocr_line' id='line_1_67' title="bbox 2168 2361 2871 2434; baseline -0.001 -17"><span class='ocrx_word' id='word_1_466' title='bbox 2168 2361 2360 2434; x_wconf 79' lang='grc' dir='ltr'>ἦλθον</span> <span class='ocrx_word' id='word_1_467' title='bbox 2377 2366 2464 2429; x_wconf 80' lang='grc' dir='ltr'>εὶς</span> <span class='ocrx_word' id='word_1_468' title='bbox 2490 2363 2602 2432; x_wconf 80' lang='grc' dir='ltr'><strong>τὴν</strong></span> <span class='ocrx_word' id='word_1_469' title='bbox 2639 2363 2871 2431; x_wconf 69' lang='grc' dir='ltr'><strong>ἑορτήν.</strong></span> 
     </span>
    </p>
   </div>
   <div class='ocr_carea' id='block_1_68' title="bbox 2239 2452 3740 2527">
    <p class='ocr_par' dir='ltr' id='par_1_68' title="bbox 2239 2452 3740 2527">
     <span class='ocr_line' id='line_1_68' title="bbox 2239 2452 3740 2527; baseline 0 -17"><span class='ocrx_word' id='word_1_470' title='bbox 2239 2456 2354 2510; x_wconf 86' lang='grc' dir='ltr'><strong>Οὐκ</strong></span> <span class='ocrx_word' id='word_1_471' title='bbox 2385 2455 2806 2524; x_wconf 82' lang='grc' dir='ltr'>ἀπερισκέπτως</span> <span class='ocrx_word' id='word_1_472' title='bbox 2839 2456 2887 2506; x_wconf 83' lang='grc' dir='ltr'>οἱ</span> <span class='ocrx_word' id='word_1_473' title='bbox 2916 2453 3190 2508; x_wconf 83' lang='grc' dir='ltr'>Γαλιλαῖοι</span> <span class='ocrx_word' id='word_1_474' title='bbox 3221 2452 3465 2524; x_wconf 85' lang='grc' dir='ltr'>δέχονται</span> <span class='ocrx_word' id='word_1_475' title='bbox 3490 2455 3582 2509; x_wconf 78' lang='grc' dir='ltr'><strong>τὸν</strong></span> <span class='ocrx_word' id='word_1_476' title='bbox 3633 2456 3740 2527; x_wconf 58' lang='grc' dir='ltr'>ἰη’</span> 
     </span>
    </p>
   </div>
   <div class='ocr_carea' id='block_1_69' title="bbox 2175 2537 3744 2615">
    <p class='ocr_par' dir='ltr' id='par_1_69' title="bbox 2175 2537 3744 2615">
     <span class='ocr_line' id='line_1_69' title="bbox 2175 2537 3744 2615; baseline 0.002 -17"><span class='ocrx_word' id='word_1_477' title='bbox 2175 2543 2324 2609; x_wconf 83' lang='grc' dir='ltr'>σοῦν,</span> <span class='ocrx_word' id='word_1_478' title='bbox 2352 2544 2488 2598; x_wconf 82' lang='grc' dir='ltr'>ἀλλὰ</span> <span class='ocrx_word' id='word_1_479' title='bbox 2517 2547 2612 2598; x_wconf 75' lang='grc' dir='ltr'><strong>καὶ</strong></span> <span class='ocrx_word' id='word_1_480' title='bbox 2637 2545 2791 2598; x_wconf 73' lang='grc' dir='ltr'>αὑτοὶ</span> <span class='ocrx_word' id='word_1_481' title='bbox 2818 2545 2884 2597; x_wconf 78' lang='grc' dir='ltr'>δι’</span> <span class='ocrx_word' id='word_1_482' title='bbox 2909 2537 2984 2597; x_wconf 79' lang='grc' dir='ltr'>ὧν</span> <span class='ocrx_word' id='word_1_483' title='bbox 3001 2544 3101 2615; x_wconf 67' lang='grc' dir='ltr'>ἤδη</span> <span class='ocrx_word' id='word_1_484' title='bbox 3121 2543 3635 2615; x_wconf 85' lang='grc' dir='ltr'>θαυματουργοῦντα</span> <span class='ocrx_word' id='word_1_485' title='bbox 3656 2562 3744 2601; x_wconf 69' lang='grc' dir='ltr'><strong>τι·</strong></span> 
     </span>
    </p>
   </div>
   <div class='ocr_carea' id='block_1_70' title="bbox 2171 2636 3746 2707">
    <p class='ocr_par' dir='ltr' id='par_1_70' title="bbox 2171 2636 3746 2707">
     <span class='ocr_line' id='line_1_70' title="bbox 2171 2636 3746 2707; baseline -0.001 -15"><span class='ocrx_word' id='word_1_486' title='bbox 2171 2637 2391 2692; x_wconf 81' lang='grc' dir='ltr'>θέανται</span> <span class='ocrx_word' id='word_1_487' title='bbox 2411 2638 2633 2700; x_wconf 76' lang='grc' dir='ltr'>δικαίως</span> <span class='ocrx_word' id='word_1_488' title='bbox 2678 2636 3209 2707; x_wconf 80' lang='grc' dir='ltr'>καταπληττόμενοι,</span> <span class='ocrx_word' id='word_1_489' title='bbox 3259 2638 3354 2690; x_wconf 80' lang='grc' dir='ltr'><strong>καὶ</strong></span> <span class='ocrx_word' id='word_1_490' title='bbox 3408 2637 3494 2690; x_wconf 74' lang='grc' dir='ltr'>διὰ</span> <span class='ocrx_word' id='word_1_491' title='bbox 3539 2637 3638 2707; x_wconf 78' lang='grc' dir='ltr'>τῆς</span> <span class='ocrx_word' id='word_1_492' title='bbox 3663 2639 3746 2700; x_wconf 83' lang='grc' dir='ltr'><strong>είς</strong></span> 
     </span>
    </p>
   </div>
   <div class='ocr_carea' id='block_1_71' title="bbox 2170 2727 3747 2792">
    <p class='ocr_par' dir='ltr' id='par_1_71' title="bbox 2170 2727 3747 2792">
     <span class='ocr_line' id='line_1_71' title="bbox 2170 2727 3747 2792; baseline -0.001 -8"><span class='ocrx_word' id='word_1_493' title='bbox 2170 2731 2330 2784; x_wconf 81' lang='grc' dir='ltr'>αὑτὸν</span> <span class='ocrx_word' id='word_1_494' title='bbox 2360 2729 2644 2792; x_wconf 79' lang='grc' dir='ltr'>εὐλαϐείας</span> <span class='ocrx_word' id='word_1_495' title='bbox 2687 2729 2788 2792; x_wconf 76' lang='grc' dir='ltr'><strong>τὰς</strong></span> <span class='ocrx_word' id='word_1_496' title='bbox 2813 2729 2922 2782; x_wconf 83' lang='grc' dir='ltr'><strong>τῶν</strong></span> <span class='ocrx_word' id='word_1_497' title='bbox 2966 2727 3238 2782; x_wconf 78' lang='grc' dir='ltr'>Ἰουδαίων</span> <span class='ocrx_word' id='word_1_498' title='bbox 3270 2729 3529 2792; x_wconf 84' lang='grc' dir='ltr'>ἀπονοίας</span> <span class='ocrx_word' id='word_1_499' title='bbox 3572 2746 3747 2783; x_wconf 85' lang='grc' dir='ltr'>κατα-</span> 
     </span>
    </p>
   </div>
   <div class='ocr_carea' id='block_1_72' title="bbox 2168 2820 3747 2892">
    <p class='ocr_par' dir='ltr' id='par_1_72' title="bbox 2168 2820 3747 2892">
     <span class='ocr_line' id='line_1_72' title="bbox 2168 2820 3747 2892; baseline -0.002 -16"><span class='ocrx_word' id='word_1_500' title='bbox 2168 2823 2502 2886; x_wconf 80' lang='grc' dir='ltr'>δικάζοντες,</span> <span class='ocrx_word' id='word_1_501' title='bbox 2547 2823 2640 2875; x_wconf 63' lang='grc' dir='ltr'><strong>κα)⁷</strong></span> <span class='ocrx_word' id='word_1_502' title='bbox 2681 2822 2813 2874; x_wconf 85' lang='grc' dir='ltr'>πολὺ</span> <span class='ocrx_word' id='word_1_503' title='bbox 2850 2821 2986 2892; x_wconf 82' lang='grc' dir='ltr'>πρὸς</span> <span class='ocrx_word' id='word_1_504' title='bbox 3025 2820 3448 2892; x_wconf 76' lang='grc' dir='ltr'>εὐγνωμοσύνην</span> <span class='ocrx_word' id='word_1_505' title='bbox 3485 2820 3747 2890; x_wconf 76' lang='grc' dir='ltr'>ἀμείνους</span> 
     </span>
    </p>
   </div>
   <div class='ocr_carea' id='block_1_73' title="bbox 2168 2911 3062 2982">
    <p class='ocr_par' dir='ltr' id='par_1_73' title="bbox 2168 2911 3062 2982">
     <span class='ocr_line' id='line_1_73' title="bbox 2168 2911 3062 2982; baseline -0.001 -17"><span class='ocrx_word' id='word_1_506' title='bbox 2168 2914 2278 2965; x_wconf 84' lang='grc' dir='ltr'><strong>τῶν</strong></span> <span class='ocrx_word' id='word_1_507' title='bbox 2304 2911 2627 2982; x_wconf 85' lang='grc' dir='ltr'>νομομαθῶν</span> <span class='ocrx_word' id='word_1_508' title='bbox 2654 2911 3062 2982; x_wconf 87' lang='grc' dir='ltr'>εὑρισκόμενοι.</span> 
     </span>
    </p>
   </div>
   <div class='ocr_carea' id='block_1_74' title="bbox 2238 2999 3747 3069">
    <p class='ocr_par' dir='ltr' id='par_1_74' title="bbox 2238 2999 3747 3069">
     <span class='ocr_line' id='line_1_74' title="bbox 2238 2999 3747 3069; baseline -0.002 -13"><span class='ocrx_word' id='word_1_509' title='bbox 2238 2999 2464 3057; x_wconf 75' lang='grc' dir='ltr'><strong>*Ηλθεν</strong></span> <span class='ocrx_word' id='word_1_510' title='bbox 2490 2999 2603 3057; x_wconf 76' lang='grc' dir='ltr'><strong>οὖν</strong></span> <span class='ocrx_word' id='word_1_511' title='bbox 2621 3000 2808 3055; x_wconf 74' lang='grc' dir='ltr'>πάλιν</span> <span class='ocrx_word' id='word_1_512' title='bbox 2823 3003 2911 3066; x_wconf 82' lang='grc' dir='ltr'>εἰς</span> <span class='ocrx_word' id='word_1_513' title='bbox 2939 3001 3053 3068; x_wconf 75' lang='grc' dir='ltr'><strong>τὴν</strong></span> <span class='ocrx_word' id='word_1_514' title='bbox 3080 2999 3247 3057; x_wconf 78' lang='grc' dir='ltr'><strong>Κανᾶ</strong></span> <span class='ocrx_word' id='word_1_515' title='bbox 3263 3000 3372 3069; x_wconf 80' lang='grc' dir='ltr'>τῆς</span> <span class='ocrx_word' id='word_1_516' title='bbox 3392 3001 3747 3069; x_wconf 71' lang='grc' dir='ltr'>Γαλιλαίας,</span> 
     </span>
    </p>
   </div>
   <div class='ocr_carea' id='block_1_75' title="bbox 2173 3088 3112 3156">
    <p class='ocr_par' dir='ltr' id='par_1_75' title="bbox 2173 3088 3112 3156">
     <span class='ocr_line' id='line_1_75' title="bbox 2173 3088 3112 3156; baseline 0.001 -14"><span class='ocrx_word' id='word_1_517' title='bbox 2173 3089 2324 3142; x_wconf 79' lang='grc' dir='ltr'>ὅπου</span> <span class='ocrx_word' id='word_1_518' title='bbox 2348 3090 2596 3156; x_wconf 80' lang='grc' dir='ltr'>ἐποίησε</span> <span class='ocrx_word' id='word_1_519' title='bbox 2649 3089 2717 3142; x_wconf 82' lang='grc' dir='ltr'>τὸ</span> <span class='ocrx_word' id='word_1_520' title='bbox 2737 3089 2894 3156; x_wconf 79' lang='grc' dir='ltr'>ὕδωρ</span> <span class='ocrx_word' id='word_1_521' title='bbox 2924 3088 3112 3143; x_wconf 71' lang='grc' dir='ltr'><strong>οἶνον.</strong></span> 
     </span>
    </p>
   </div>
   <div class='ocr_carea' id='block_1_76' title="bbox 2253 3179 3749 3252">
    <p class='ocr_par' dir='ltr' id='par_1_76' title="bbox 2253 3179 3749 3252">
     <span class='ocr_line' id='line_1_76' title="bbox 2253 3179 3749 3252; baseline 0.001 -20"><span class='ocrx_word' id='word_1_522' title='bbox 2253 3179 2650 3251; x_wconf 82' lang='grc' dir='ltr'>Ἐμφιλοχωρεῖ</span> <span class='ocrx_word' id='word_1_523' title='bbox 2667 3183 2778 3243; x_wconf 91' lang='grc' dir='ltr'>τοῖς</span> <span class='ocrx_word' id='word_1_524' title='bbox 2813 3179 3151 3250; x_wconf 84' lang='grc' dir='ltr'>εὑγνώμοσιν</span> <span class='ocrx_word' id='word_1_525' title='bbox 3187 3182 3216 3233; x_wconf 94' lang='lat'><strong>6</strong></span> <span class='ocrx_word' id='word_1_526' title='bbox 3244 3179 3498 3252; x_wconf 81' lang='grc' dir='ltr'>Χριστὸς,</span> <span class='ocrx_word' id='word_1_527' title='bbox 3520 3183 3612 3235; x_wconf 84' lang='grc' dir='ltr'><strong>καὶ</strong></span> <span class='ocrx_word' id='word_1_528' title='bbox 3633 3185 3749 3246; x_wconf 85' lang='grc' dir='ltr'>τοῖς</span> 
     </span>
    </p>
   </div>
   <div class='ocr_carea' id='block_1_77' title="bbox 2172 3265 3752 3342">
    <p class='ocr_par' dir='ltr' id='par_1_77' title="bbox 2172 3265 3752 3342">
     <span class='ocr_line' id='line_1_77' title="bbox 2172 3265 3752 3342; baseline 0.002 -20"><span class='ocrx_word' id='word_1_529' title='bbox 2172 3271 2512 3341; x_wconf 81' lang='grc' dir='ltr'>ἑτοιμότερόν</span> <span class='ocrx_word' id='word_1_530' title='bbox 2544 3288 2660 3332; x_wconf 88' lang='grc' dir='ltr'><strong>πως</strong></span> <span class='ocrx_word' id='word_1_531' title='bbox 2691 3271 2829 3324; x_wconf 79' lang='grc' dir='ltr'>ἰοῦσι</span> <span class='ocrx_word' id='word_1_532' title='bbox 2869 3270 3003 3342; x_wconf 81' lang='grc' dir='ltr'>πρὸς</span> <span class='ocrx_word' id='word_1_533' title='bbox 3040 3270 3140 3341; x_wconf 85' lang='grc' dir='ltr'>τὴν</span> <span class='ocrx_word' id='word_1_534' title='bbox 3169 3265 3243 3325; x_wconf 81' lang='grc' dir='ltr'>ὧν</span> <span class='ocrx_word' id='word_1_535' title='bbox 3297 3272 3362 3325; x_wconf 83' lang='grc' dir='ltr'>ἂν</span> <span class='ocrx_word' id='word_1_536' title='bbox 3419 3269 3477 3326; x_wconf 78' lang='grc' dir='ltr'>εὖ</span> <span class='ocrx_word' id='word_1_537' title='bbox 3516 3269 3752 3327; x_wconf 83' lang='grc' dir='ltr'>πάθοιεν</span> 
     </span>
    </p>
   </div>
   <div class='ocr_carea' id='block_1_78' title="bbox 2169 3361 3748 3433">
    <p class='ocr_par' dir='ltr' id='par_1_78' title="bbox 2169 3361 3748 3433">
     <span class='ocr_line' id='line_1_78' title="bbox 2169 3361 3748 3433; baseline 0.002 -18"><span class='ocrx_word' id='word_1_538' title='bbox 2169 3361 2419 3433; x_wconf 80' lang='grc' dir='ltr'>αἴσθησίν</span> <span class='ocrx_word' id='word_1_539' title='bbox 2453 3379 2510 3414; x_wconf 89' lang='grc' dir='ltr'><strong>τε</strong></span> <span class='ocrx_word' id='word_1_540' title='bbox 2547 3364 2642 3415; x_wconf 73' lang='grc' dir='ltr'>καὶ</span> <span class='ocrx_word' id='word_1_541' title='bbox 2667 3362 2889 3431; x_wconf 82' lang='grc' dir='ltr'>γνῶσιν,</span> <span class='ocrx_word' id='word_1_542' title='bbox 2943 3364 3036 3415; x_wconf 72' lang='grc' dir='ltr'><strong>καὶ</strong></span> <span class='ocrx_word' id='word_1_543' title='bbox 3073 3364 3331 3433; x_wconf 77' lang='grc' dir='ltr'>μειζόνων</span> <span class='ocrx_word' id='word_1_544' title='bbox 3375 3363 3592 3432; x_wconf 83' lang='grc' dir='ltr'>ἀγαθῶν</span> <span class='ocrx_word' id='word_1_545' title='bbox 3625 3366 3748 3419; x_wconf 74' lang='grc' dir='ltr'>ἑπι-</span> 
     </span>
    </p>
   </div>
   <div class='ocr_carea' id='block_1_79' title="bbox 2169 3453 3748 3528">
    <p class='ocr_par' dir='ltr' id='par_1_79' title="bbox 2169 3453 3748 3528">
     <span class='ocr_line' id='line_1_79' title="bbox 2169 3453 3748 3528; baseline 0.001 -20"><span class='ocrx_word' id='word_1_546' title='bbox 2169 3453 2510 3524; x_wconf 65' lang='grc' dir='ltr'>δαψιλεύεται</span> <span class='ocrx_word' id='word_1_547' title='bbox 2539 3455 2844 3526; x_wconf 85' lang='grc' dir='ltr'>χορηγίαις.</span> <span class='ocrx_word' id='word_1_548' title='bbox 2879 3457 3135 3526; x_wconf 81' lang='grc' dir='ltr'>Ἔρχεται</span> <span class='ocrx_word' id='word_1_549' title='bbox 3167 3455 3346 3509; x_wconf 83' lang='grc' dir='ltr'>τοίνυν</span> <span class='ocrx_word' id='word_1_550' title='bbox 3390 3458 3748 3528; x_wconf 83' lang='grc' dir='ltr'>τερατοποιή-</span> 
     </span>
    </p>
   </div>
   <div class='ocr_carea' id='block_1_80' title="bbox 2173 3547 3748 3618">
    <p class='ocr_par' dir='ltr' id='par_1_80' title="bbox 2173 3547 3748 3618">
     <span class='ocr_line' id='line_1_80' title="bbox 2173 3547 3748 3618; baseline 0.001 -20"><span class='ocrx_word' id='word_1_551' title='bbox 2173 3563 2280 3598; x_wconf 91' lang='grc' dir='ltr'><strong>σων</strong></span> <span class='ocrx_word' id='word_1_552' title='bbox 2309 3547 2366 3598; x_wconf 83' lang='grc' dir='ltr'>ἐν</span> <span class='ocrx_word' id='word_1_553' title='bbox 2391 3547 2563 3617; x_wconf 73' lang='grc' dir='ltr'>Κανᾷ,</span> <span class='ocrx_word' id='word_1_554' title='bbox 2597 3547 2966 3617; x_wconf 83' lang='grc' dir='ltr'>προσωφελεῖν</span> <span class='ocrx_word' id='word_1_555' title='bbox 2998 3547 3094 3617; x_wconf 82' lang='grc' dir='ltr'>μὲν</span> <span class='ocrx_word' id='word_1_556' title='bbox 3124 3548 3206 3599; x_wconf 85' lang='grc' dir='ltr'>ὅτι</span> <span class='ocrx_word' id='word_1_557' title='bbox 3251 3551 3513 3618; x_wconf 78' lang='grc' dir='ltr'>προσήκοι</span> <span class='ocrx_word' id='word_1_558' title='bbox 3536 3549 3658 3610; x_wconf 69' lang='grc' dir='ltr'>τοὺς</span> <span class='ocrx_word' id='word_1_559' title='bbox 3686 3551 3748 3601; x_wconf 81' lang='grc' dir='ltr'>ὲν</span> 
     </span>
    </p>
   </div>
   <div class='ocr_carea' id='block_1_81' title="bbox 2171 3635 3747 3710">
    <p class='ocr_par' dir='ltr' id='par_1_81' title="bbox 2171 3635 3747 3710">
     <span class='ocr_line' id='line_1_81' title="bbox 2171 3635 3747 3710; baseline 0.002 -22"><span class='ocrx_word' id='word_1_560' title='bbox 2171 3635 2310 3706; x_wconf 78' lang='grc' dir='ltr'>αὑτῇ</span> <span class='ocrx_word' id='word_1_561' title='bbox 2360 3635 2704 3706; x_wconf 81' lang='grc' dir='ltr'>λογιζόμενος</span> <span class='ocrx_word' id='word_1_562' title='bbox 2739 3678 2754 3703; x_wconf 95' lang='grc'><strong>,</strong></span> <span class='ocrx_word' id='word_1_563' title='bbox 2798 3638 3361 3709; x_wconf 84' lang='grc' dir='ltr'>προκατεσπαρμένην</span> <span class='ocrx_word' id='word_1_564' title='bbox 3418 3638 3473 3691; x_wconf 82' lang='grc' dir='ltr'>δὲ</span> <span class='ocrx_word' id='word_1_565' title='bbox 3521 3638 3747 3710; x_wconf 84' lang='grc' dir='ltr'>ὣσπερ,</span> 
     </span>
    </p>
   </div>
   <div class='ocr_carea' id='block_1_82' title="bbox 2171 3726 3749 3799">
    <p class='ocr_par' dir='ltr' id='par_1_82' title="bbox 2171 3726 3749 3799">
     <span class='ocr_line' id='line_1_82' title="bbox 2171 3726 3749 3799; baseline 0.001 -20"><span class='ocrx_word' id='word_1_566' title='bbox 2171 3726 2258 3779; x_wconf 78' lang='grc' dir='ltr'><strong>διὰ</strong></span> <span class='ocrx_word' id='word_1_567' title='bbox 2277 3726 2385 3780; x_wconf 78' lang='grc' dir='ltr'>τῶν</span> <span class='ocrx_word' id='word_1_568' title='bbox 2413 3728 2512 3798; x_wconf 70' lang='grc' dir='ltr'>ήδη</span> <span class='ocrx_word' id='word_1_569' title='bbox 2541 3727 3050 3798; x_wconf 83' lang='grc' dir='ltr'>προτετελεσμένων</span> <span class='ocrx_word' id='word_1_570' title='bbox 3085 3729 3142 3779; x_wconf 86' lang='grc' dir='ltr'>ὲν</span> <span class='ocrx_word' id='word_1_571' title='bbox 3174 3729 3308 3799; x_wconf 81' lang='grc' dir='ltr'>αὑτῇ</span> <span class='ocrx_word' id='word_1_572' title='bbox 3341 3728 3597 3799; x_wconf 77' lang='grc' dir='ltr'>σημείων,</span> <span class='ocrx_word' id='word_1_573' title='bbox 3643 3727 3749 3799; x_wconf 76' lang='grc' dir='ltr'>τὴν</span> 
     </span>
    </p>
   </div>
   <div class='ocr_carea' id='block_1_83' title="bbox 2172 3816 3404 3889">
    <p class='ocr_par' dir='ltr' id='par_1_83' title="bbox 2172 3816 3404 3889">
     <span class='ocr_line' id='line_1_83' title="bbox 2172 3816 3404 3889; baseline 0.003 -21"><span class='ocrx_word' id='word_1_574' title='bbox 2172 3816 2265 3869; x_wconf 77' lang='grc' dir='ltr'>τοῦ</span> <span class='ocrx_word' id='word_1_575' title='bbox 2297 3816 2472 3870; x_wconf 86' lang='grc' dir='ltr'>πάντα</span> <span class='ocrx_word' id='word_1_576' title='bbox 2500 3816 2757 3871; x_wconf 85' lang='grc' dir='ltr'>δύνασθαι</span> <span class='ocrx_word' id='word_1_577' title='bbox 2787 3818 2921 3888; x_wconf 79' lang='grc' dir='ltr'>δρᾷν</span> <span class='ocrx_word' id='word_1_578' title='bbox 2954 3817 3220 3888; x_wconf 77' lang='grc' dir='ltr'>ὑπόληψιν</span> <span class='ocrx_word' id='word_1_579' title='bbox 3243 3819 3404 3889; x_wconf 78' lang='grc' dir='ltr'>ἔχων.</span> 
     </span>
    </p>
   </div>
   <div class='ocr_carea' id='block_1_84' title="bbox 2241 3904 3753 3980">
    <p class='ocr_par' dir='ltr' id='par_1_84' title="bbox 2241 3904 3753 3980">
     <span class='ocr_line' id='line_1_84' title="bbox 2241 3904 3753 3980; baseline 0 -18"><span class='ocrx_word' id='word_1_580' title='bbox 2241 3904 2361 3963; x_wconf 80' lang='grc' dir='ltr'><strong>Ἦν</strong></span> <span class='ocrx_word' id='word_1_581' title='bbox 2386 3908 2452 3963; x_wconf 85' lang='grc' dir='ltr'>δέ</span> <span class='ocrx_word' id='word_1_582' title='bbox 2473 3925 2561 3975; x_wconf 87' lang='grc' dir='ltr'><strong>τις</strong></span> <span class='ocrx_word' id='word_1_583' title='bbox 2587 3909 2931 3975; x_wconf 75' lang='grc' dir='ltr'>βασιλικὸς,</span> <span class='ocrx_word' id='word_1_584' title='bbox 2963 3905 3034 3966; x_wconf 83' lang='grc' dir='ltr'>οὗ</span> <span class='ocrx_word' id='word_1_585' title='bbox 3055 3913 3087 3964; x_wconf 84' lang='grc' dir='ltr'><strong>ό</strong></span> <span class='ocrx_word' id='word_1_586' title='bbox 3113 3911 3243 3976; x_wconf 75' lang='grc' dir='ltr'>υἱὸς</span> <span class='ocrx_word' id='word_1_587' title='bbox 3267 3910 3509 3980; x_wconf 78' lang='grc' dir='ltr'>ἠσθένει</span> <span class='ocrx_word' id='word_1_588' title='bbox 3532 3911 3600 3964; x_wconf 77' lang='grc' dir='ltr'><strong>ὲν</strong></span> <span class='ocrx_word' id='word_1_589' title='bbox 3627 3911 3753 3963; x_wconf 83' lang='lat' dir='ltr'><strong>Ka-</strong></span> 
     </span>
    </p>
   </div>
   <div class='ocr_carea' id='block_1_85' title="bbox 2173 3999 3756 4073">
    <p class='ocr_par' dir='ltr' id='par_1_85' title="bbox 2173 3999 3756 4073">
     <span class='ocr_line' id='line_1_85' title="bbox 2173 3999 3756 4073; baseline -0.001 -20"><span class='ocrx_word' id='word_1_590' title='bbox 2173 4002 2483 4070; x_wconf 75' lang='grc' dir='ltr'>φαρναούμ</span> <span class='ocrx_word' id='word_1_591' title='bbox 2514 4000 2673 4073; x_wconf 84' lang='lat' dir='ltr'><strong>[uulg.</strong></span> <span class='ocrx_word' id='word_1_592' title='bbox 2704 4001 3125 4073; x_wconf 83' lang='grc' dir='ltr'>Καπερναούμ].</span> <span class='ocrx_word' id='word_1_593' title='bbox 3157 3999 3344 4068; x_wconf 81' lang='grc' dir='ltr'>Οὗτος</span> <span class='ocrx_word' id='word_1_594' title='bbox 3361 4003 3630 4066; x_wconf 79' lang='grc' dir='ltr'>ἀκούσας</span> <span class='ocrx_word' id='word_1_595' title='bbox 3651 3999 3756 4054; x_wconf 75' lang='grc' dir='ltr'>ὅτι</span> 
     </span>
    </p>
   </div>
   <div class='ocr_carea' id='block_1_86' title="bbox 2187 4090 3753 4160">
    <p class='ocr_par' dir='ltr' id='par_1_86' title="bbox 2187 4090 3753 4160">
     <span class='ocr_line' id='line_1_86' title="bbox 2187 4090 3753 4160; baseline -0.001 -16"><span class='ocrx_word' id='word_1_596' title='bbox 2187 4091 2425 4158; x_wconf 82' lang='grc' dir='ltr'>Ἰησοῦς</span> <span class='ocrx_word' id='word_1_597' title='bbox 2457 4091 2670 4158; x_wconf 70' lang='grc' dir='ltr'>ι’ξκειέκ</span> <span class='ocrx_word' id='word_1_598' title='bbox 2697 4091 2808 4160; x_wconf 83' lang='grc' dir='ltr'>τῆς</span> <span class='ocrx_word' id='word_1_599' title='bbox 2829 4090 3125 4158; x_wconf 77' lang='grc' dir='ltr'>Ἰουδαίας</span> <span class='ocrx_word' id='word_1_600' title='bbox 3157 4094 3242 4157; x_wconf 81' lang='grc' dir='ltr'><strong>εις</strong></span> <span class='ocrx_word' id='word_1_601' title='bbox 3274 4091 3387 4160; x_wconf 72' lang='grc' dir='ltr'><strong>τὴν</strong></span> <span class='ocrx_word' id='word_1_602' title='bbox 3411 4091 3753 4145; x_wconf 69' lang='grc' dir='ltr'>Γαλιλαίαν</span> 
     </span>
    </p>
   </div>
   <div class='ocr_carea' id='block_1_87' title="bbox 2173 4180 3744 4251">
    <p class='ocr_par' dir='ltr' id='par_1_87' title="bbox 2173 4180 3744 4251">
     <span class='ocr_line' id='line_1_87' title="bbox 2173 4180 3744 4251; baseline 0.001 -14"><span class='ocrx_word' id='word_1_603' title='bbox 2173 4180 2410 4250; x_wconf 73' lang='grc' dir='ltr'>ἀπῆλθε</span> <span class='ocrx_word' id='word_1_604' title='bbox 2441 4182 2590 4250; x_wconf 83' lang='grc' dir='ltr'>πρὸς</span> <span class='ocrx_word' id='word_1_605' title='bbox 2613 4183 2821 4246; x_wconf 79' lang='grc' dir='ltr'>αὑτὸν,</span> <span class='ocrx_word' id='word_1_606' title='bbox 2861 4183 2960 4236; x_wconf 77' lang='grc' dir='ltr'>καὶ</span> <span class='ocrx_word' id='word_1_607' title='bbox 2983 4183 3176 4251; x_wconf 75' lang='grc' dir='ltr'>ἠρώτα</span> <span class='ocrx_word' id='word_1_608' title='bbox 3215 4183 3318 4238; x_wconf 80' lang='grc' dir='ltr'><strong>ἵνα</strong></span> <span class='ocrx_word' id='word_1_609' title='bbox 3346 4181 3592 4250; x_wconf 73' lang='grc' dir='ltr'>καταϐῇ,</span> <span class='ocrx_word' id='word_1_610' title='bbox 3637 4183 3744 4238; x_wconf 74' lang='grc' dir='ltr'>καὶ</span> 
     </span>
    </p>
   </div>
   <div class='ocr_carea' id='block_1_88' title="bbox 2175 4272 3742 4343">
    <p class='ocr_par' dir='ltr' id='par_1_88' title="bbox 2175 4272 3742 4343">
     <span class='ocr_line' id='line_1_88' title="bbox 2175 4272 3742 4343; baseline -0.001 -16"><span class='ocrx_word' id='word_1_611' title='bbox 2175 4274 2418 4342; x_wconf 78' lang='grc' dir='ltr'>ιὰσηται</span> <span class='ocrx_word' id='word_1_612' title='bbox 2464 4273 2648 4328; x_wconf 84' lang='grc' dir='ltr'>αὐτοῦ</span> <span class='ocrx_word' id='word_1_613' title='bbox 2688 4272 2797 4327; x_wconf 76' lang='grc' dir='ltr'><strong>τὸν</strong></span> <span class='ocrx_word' id='word_1_614' title='bbox 2843 4273 3002 4336; x_wconf 77' lang='grc' dir='ltr'><strong>υἱὸν.</strong></span> <span class='ocrx_word' id='word_1_615' title='bbox 3049 4276 3267 4343; x_wconf 72' lang='grc' dir='ltr'>ἔμελλε</span> <span class='ocrx_word' id='word_1_616' title='bbox 3317 4273 3428 4343; x_wconf 64' lang='grc' dir='ltr'><strong>γὰρ</strong></span> <span class='ocrx_word' id='word_1_617' title='bbox 3479 4273 3742 4339; x_wconf 80' lang='grc' dir='ltr'>ἀποθνή-</span> 
     </span>
    </p>
   </div>
   <div class='ocr_carea' id='block_1_89' title="bbox 2173 4356 3488 4430">
    <p class='ocr_par' dir='ltr' id='par_1_89' title="bbox 2173 4356 3488 4430">
     <span class='ocr_line' id='line_1_89' title="bbox 2173 4356 3488 4430; baseline -0.001 -15"><span class='ocrx_word' id='word_1_618' title='bbox 2173 4376 2366 4416; x_wconf 80' lang='grc' dir='ltr'>σκειν.</span> <span class='ocrx_word' id='word_1_619' title='bbox 2393 4357 2581 4416; x_wconf 75' lang='grc' dir='ltr'>Εἶπεν</span> <span class='ocrx_word' id='word_1_620' title='bbox 2614 4356 2727 4416; x_wconf 84' lang='grc' dir='ltr'><strong>οὖν</strong></span> <span class='ocrx_word' id='word_1_621' title='bbox 2755 4364 2787 4415; x_wconf 86' lang='lat' dir='ltr'><strong>d</strong></span> <span class='ocrx_word' id='word_1_622' title='bbox 2845 4361 3084 4430; x_wconf 86' lang='grc' dir='ltr'>Ἰησοῦς</span> <span class='ocrx_word' id='word_1_623' title='bbox 3107 4362 3256 4430; x_wconf 83' lang='grc' dir='ltr'>πρὸς</span> <span class='ocrx_word' id='word_1_624' title='bbox 3281 4363 3488 4416; x_wconf 75' lang='grc' dir='ltr'>αὐτόν.</span> 
     </span>
    </p>
   </div>
   <div class='ocr_carea' id='block_1_90' title="bbox 2246 4452 3752 4526">
    <p class='ocr_par' dir='ltr' id='par_1_90' title="bbox 2246 4452 3752 4526">
     <span class='ocr_line' id='line_1_90' title="bbox 2246 4452 3752 4526; baseline -0.005 -16"><span class='ocrx_word' id='word_1_625' title='bbox 2246 4455 2502 4526; x_wconf 81' lang='grc' dir='ltr'>Πρόσεισι</span> <span class='ocrx_word' id='word_1_626' title='bbox 2544 4455 2642 4526; x_wconf 82' lang='grc' dir='ltr'>μὲν</span> <span class='ocrx_word' id='word_1_627' title='bbox 2695 4456 2724 4508; x_wconf 93' lang='lat'><strong>6</strong></span> <span class='ocrx_word' id='word_1_628' title='bbox 2772 4454 3066 4523; x_wconf 80' lang='grc' dir='ltr'>βασιλικὸς,</span> <span class='ocrx_word' id='word_1_629' title='bbox 3117 4456 3192 4518; x_wconf 85' lang='grc' dir='ltr'><strong>ὡς</strong></span> <span class='ocrx_word' id='word_1_630' title='bbox 3245 4455 3383 4526; x_wconf 79' lang='grc' dir='ltr'>πρὸς</span> <span class='ocrx_word' id='word_1_631' title='bbox 3423 4452 3752 4525; x_wconf 84' lang='grc' dir='ltr'>θεραπεύειν</span> 
     </span>
    </p>
   </div>
   <div class='ocr_carea' id='block_1_91' title="bbox 486 4540 2065 4621">
    <p class='ocr_par' dir='ltr' id='par_1_91' title="bbox 486 4540 2065 4614">
     <span class='ocr_line' id='line_1_91' title="bbox 486 4540 2065 4614; baseline -0.006 -11"><span class='ocrx_word' id='word_1_632' title='bbox 486 4559 615 4603; x_wconf 83' lang='lat' dir='ltr'><strong>eum</strong></span> <span class='ocrx_word' id='word_1_633' title='bbox 647 4545 734 4601; x_wconf 92' lang='lat' dir='ltr'><strong>cui</strong></span> <span class='ocrx_word' id='word_1_634' title='bbox 775 4545 848 4600; x_wconf 88' lang='lat' dir='ltr'><strong>sit</strong></span> <span class='ocrx_word' id='word_1_635' title='bbox 897 4544 1129 4600; x_wconf 85' lang='lat' dir='ltr'><strong>sanandi</strong></span> <span class='ocrx_word' id='word_1_636' title='bbox 1166 4551 1413 4614; x_wconf 86' lang='lat' dir='ltr'><strong>potestas</strong></span> <span class='ocrx_word' id='word_1_637' title='bbox 1443 4561 1458 4598; x_wconf 90' lang='lat'><strong>:</strong></span> <span class='ocrx_word' id='word_1_638' title='bbox 1490 4544 1588 4598; x_wconf 87' lang='lat' dir='ltr'><strong>sed</strong></span> <span class='ocrx_word' id='word_1_639' title='bbox 1619 4541 1864 4597; x_wconf 89' lang='lat' dir='ltr'><strong>nondum</strong></span> <span class='ocrx_word' id='word_1_640' title='bbox 1906 4540 2065 4595; x_wconf 89' lang='lat' dir='ltr'><strong>intel-</strong></span> 
     </span>
    </p>
   </div>
   <div class='ocr_carea' id='block_1_92' title="bbox 2168 4540 3755 4621">
    <p class='ocr_par' dir='ltr' id='par_1_92' title="bbox 2179 4545 3755 4621">
     <span class='ocr_line' id='line_1_92' title="bbox 2179 4545 3755 4621; baseline -0.005 -19"><span class='ocrx_word' id='word_1_641' title='bbox 2179 4550 2430 4621; x_wconf 70' lang='grc' dir='ltr'>ἰσχύοντα</span> <span class='ocrx_word' id='word_1_642' title='bbox 2461 4564 2474 4578; x_wconf 86' lang='lat'><strong><em>°</em></strong></span> <span class='ocrx_word' id='word_1_643' title='bbox 2511 4551 2622 4603; x_wconf 90' lang='grc' dir='ltr'>νοεῖ</span> <span class='ocrx_word' id='word_1_644' title='bbox 2654 4547 2712 4602; x_wconf 75' lang='grc' dir='ltr'>δὲ</span> <span class='ocrx_word' id='word_1_645' title='bbox 2744 4547 2900 4601; x_wconf 79' lang='grc' dir='ltr'>οὑπω</span> <span class='ocrx_word' id='word_1_646' title='bbox 2924 4548 3064 4601; x_wconf 83' lang='grc' dir='ltr'>κατά</span> <span class='ocrx_word' id='word_1_647' title='bbox 3091 4547 3251 4617; x_wconf 84' lang='grc' dir='ltr'>φύσιν</span> <span class='ocrx_word' id='word_1_648' title='bbox 3285 4546 3420 4600; x_wconf 79' lang='grc' dir='ltr'>Θεὸν</span> <span class='ocrx_word' id='word_1_649' title='bbox 3449 4545 3577 4599; x_wconf 68' lang='grc' dir='ltr'>ὄντα</span> <span class='ocrx_word' id='word_1_650' title='bbox 3606 4561 3619 4574; x_wconf 77' lang='grc'><strong><em>⁸</em></strong></span> <span class='ocrx_word' id='word_1_651' title='bbox 3649 4545 3755 4596; x_wconf 55' lang='grc' dir='ltr'><strong>κοιλ⁵</strong></span> 
     </span>
    </p>
   </div>
   <div class='ocr_carea' id='block_1_93' title="bbox 488 4631 2071 4706">
    <p class='ocr_par' dir='ltr' id='par_1_93' title="bbox 488 4631 2071 4706">
     <span class='ocr_line' id='line_1_93' title="bbox 488 4631 2071 4706; baseline -0.004 -15"><span class='ocrx_word' id='word_1_652' title='bbox 488 4637 610 4706; x_wconf 75' lang='lat' dir='ltr'><strong>ligit</strong></span> <span class='ocrx_word' id='word_1_653' title='bbox 651 4635 958 4691; x_wconf 87' lang='lat' dir='ltr'><strong>secundum</strong></span> <span class='ocrx_word' id='word_1_654' title='bbox 993 4644 1245 4690; x_wconf 83' lang='lat' dir='ltr'><strong>naturam</strong></span> <span class='ocrx_word' id='word_1_655' title='bbox 1280 4648 1403 4690; x_wconf 86' lang='lat' dir='ltr'><strong>esse</strong></span> <span class='ocrx_word' id='word_1_656' title='bbox 1444 4633 1657 4688; x_wconf 82' lang='lat' dir='ltr'><strong>Deum:</strong></span> <span class='ocrx_word' id='word_1_657' title='bbox 1691 4641 1746 4686; x_wconf 85' lang='lat' dir='ltr'><strong>et</strong></span> <span class='ocrx_word' id='word_1_658' title='bbox 1783 4631 2071 4686; x_wconf 89' lang='lat' dir='ltr'><strong>Dominum</strong></span> 
     </span>
    </p>
   </div>
   <div class='ocr_carea' id='block_1_94' title="bbox 487 4722 2075 4798">
    <p class='ocr_par' dir='ltr' id='par_1_94' title="bbox 487 4722 2075 4798">
     <span class='ocr_line' id='line_1_94' title="bbox 487 4722 2075 4798; baseline -0.003 -16"><span class='ocrx_word' id='word_1_659' title='bbox 487 4728 713 4797; x_wconf 89' lang='lat' dir='ltr'><strong>quidem</strong></span> <span class='ocrx_word' id='word_1_660' title='bbox 757 4742 881 4782; x_wconf 89' lang='lat' dir='ltr'><strong>eum</strong></span> <span class='ocrx_word' id='word_1_661' title='bbox 913 4727 1172 4798; x_wconf 87' lang='lat' dir='ltr'><strong>appellat,</strong></span> <span class='ocrx_word' id='word_1_662' title='bbox 1205 4725 1301 4781; x_wconf 90' lang='lat' dir='ltr'><strong>sed</strong></span> <span class='ocrx_word' id='word_1_663' title='bbox 1333 4739 1518 4779; x_wconf 80' lang='lat' dir='ltr'><strong>veram</strong></span> <span class='ocrx_word' id='word_1_664' title='bbox 1552 4722 1955 4778; x_wconf 89' lang='lat' dir='ltr'><strong>dominationis</strong></span> <span class='ocrx_word' id='word_1_665' title='bbox 1999 4723 2075 4777; x_wconf 88' lang='lat' dir='ltr'><strong>di-</strong></span> 
     </span>
    </p>
   </div>
   <div class='ocr_carea' id='block_1_95' title="bbox 488 4813 2075 4888">
    <p class='ocr_par' dir='ltr' id='par_1_95' title="bbox 488 4813 2075 4888">
     <span class='ocr_line' id='line_1_95' title="bbox 488 4813 2075 4888; baseline 0.001 -18"><span class='ocrx_word' id='word_1_666' title='bbox 488 4817 749 4888; x_wconf 77' lang='lat' dir='ltr'><strong>gnitatem</strong></span> <span class='ocrx_word' id='word_1_667' title='bbox 778 4831 1124 4888; x_wconf 88' lang='lat' dir='ltr'><strong>nequaquam</strong></span> <span class='ocrx_word' id='word_1_668' title='bbox 1161 4815 1210 4871; x_wconf 89' lang='lat' dir='ltr'><strong>ei</strong></span> <span class='ocrx_word' id='word_1_669' title='bbox 1243 4815 1463 4870; x_wconf 88' lang='lat' dir='ltr'><strong>tribuit.</strong></span> <span class='ocrx_word' id='word_1_670' title='bbox 1502 4814 1722 4884; x_wconf 82' lang='lat' dir='ltr'><strong>Alioqui</strong></span> <span class='ocrx_word' id='word_1_671' title='bbox 1743 4813 1892 4870; x_wconf 89' lang='lat' dir='ltr'><strong>enim</strong></span> <span class='ocrx_word' id='word_1_672' title='bbox 1925 4815 2075 4871; x_wconf 90' lang='lat' dir='ltr'><strong>illico</strong></span> 
     </span>
    </p>
   </div>
   <div class='ocr_carea' id='block_1_96' title="bbox 488 4900 2072 4980">
    <p class='ocr_par' dir='ltr' id='par_1_96' title="bbox 488 4900 2072 4980">
     <span class='ocr_line' id='line_1_96' title="bbox 488 4900 2072 4980; baseline -0.001 -17"><span class='ocrx_word' id='word_1_673' title='bbox 488 4907 557 4963; x_wconf 85' lang='lat' dir='ltr'><strong>ad</strong></span> <span class='ocrx_word' id='word_1_674' title='bbox 586 4923 764 4980; x_wconf 73' lang='lat' dir='ltr'><strong>genua</strong></span> <span class='ocrx_word' id='word_1_675' title='bbox 789 4900 911 4977; x_wconf 81' lang='lat' dir='ltr'><strong>ejus</strong></span> <span class='ocrx_word' id='word_1_676' title='bbox 933 4907 1230 4972; x_wconf 86' lang='lat' dir='ltr'><strong>accideret,</strong></span> <span class='ocrx_word' id='word_1_677' title='bbox 1260 4915 1591 4977; x_wconf 80' lang='lat' dir='ltr'><strong>rogaretque</strong></span> <span class='ocrx_word' id='word_1_678' title='bbox 1620 4920 1728 4960; x_wconf 91' lang='lat' dir='ltr'><strong>non</strong></span> <span class='ocrx_word' id='word_1_679' title='bbox 1761 4914 1820 4960; x_wconf 92' lang='lat' dir='ltr'><strong>ut</strong></span> <span class='ocrx_word' id='word_1_680' title='bbox 1850 4907 2072 4961; x_wconf 89' lang='lat' dir='ltr'><strong>domum</strong></span> 
     </span>
    </p>
   </div>
   <div class='ocr_carea' id='block_1_97' title="bbox 487 4997 2064 5068">
    <p class='ocr_par' dir='ltr' id='par_1_97' title="bbox 487 4997 2064 5068">
     <span class='ocr_line' id='line_1_97' title="bbox 487 4997 2064 5068; baseline -0.003 -14"><span class='ocrx_word' id='word_1_681' title='bbox 487 5012 548 5054; x_wconf 84' lang='lat' dir='ltr'><strong>se</strong></span> <span class='ocrx_word' id='word_1_682' title='bbox 586 4997 884 5060; x_wconf 82' lang='lat' dir='ltr'><strong>conferret,</strong></span> <span class='ocrx_word' id='word_1_683' title='bbox 943 5007 996 5053; x_wconf 90' lang='lat' dir='ltr'><strong>et</strong></span> <span class='ocrx_word' id='word_1_684' title='bbox 1046 5012 1234 5052; x_wconf 91' lang='lat' dir='ltr'><strong>secum</strong></span> <span class='ocrx_word' id='word_1_685' title='bbox 1297 4997 1365 5051; x_wconf 91' lang='lat' dir='ltr'><strong>ad</strong></span> <span class='ocrx_word' id='word_1_686' title='bbox 1417 5005 1774 5068; x_wconf 64' lang='lat' dir='ltr'><strong>aegrotantem</strong></span> <span class='ocrx_word' id='word_1_687' title='bbox 1830 5012 2064 5068; x_wconf 87' lang='lat' dir='ltr'><strong>puerum</strong></span> 
     </span>
    </p>
   </div>
   <div class='ocr_carea' id='block_1_98' title="bbox 484 5088 2067 5160">
    <p class='ocr_par' dir='ltr' id='par_1_98' title="bbox 484 5088 2067 5160">
     <span class='ocr_line' id='line_1_98' title="bbox 484 5088 2067 5160; baseline -0.003 -15"><span class='ocrx_word' id='word_1_688' title='bbox 484 5089 870 5155; x_wconf 84' lang='lat' dir='ltr'><strong>descenderet,</strong></span> <span class='ocrx_word' id='word_1_689' title='bbox 913 5088 1008 5145; x_wconf 87' lang='lat' dir='ltr'><strong>sed</strong></span> <span class='ocrx_word' id='word_1_690' title='bbox 1048 5090 1234 5159; x_wconf 87' lang='lat' dir='ltr'><strong>potius</strong></span> <span class='ocrx_word' id='word_1_691' title='bbox 1287 5097 1346 5144; x_wconf 90' lang='lat' dir='ltr'><strong>ut</strong></span> <span class='ocrx_word' id='word_1_692' title='bbox 1399 5104 1500 5160; x_wconf 90' lang='lat' dir='ltr'><strong>pro</strong></span> <span class='ocrx_word' id='word_1_693' title='bbox 1551 5104 1650 5144; x_wconf 91' lang='lat' dir='ltr'><strong>sua</strong></span> <span class='ocrx_word' id='word_1_694' title='bbox 1704 5098 1976 5160; x_wconf 85' lang='lat' dir='ltr'><strong>potestate</strong></span> <span class='ocrx_word' id='word_1_695' title='bbox 2011 5095 2067 5142; x_wconf 90' lang='lat' dir='ltr'><strong>et</strong></span> 
     </span>
    </p>
   </div>
   <div class='ocr_carea' id='block_1_99' title="bbox 486 5181 2064 5254">
    <p class='ocr_par' dir='ltr' id='par_1_99' title="bbox 486 5181 2064 5254">
     <span class='ocr_line' id='line_1_99' title="bbox 486 5181 2064 5254; baseline -0.002 -16"><span class='ocrx_word' id='word_1_696' title='bbox 486 5193 625 5238; x_wconf 87' lang='lat' dir='ltr'><strong>nutu</strong></span> <span class='ocrx_word' id='word_1_697' title='bbox 657 5182 844 5239; x_wconf 87' lang='lat' dir='ltr'><strong>divino</strong></span> <span class='ocrx_word' id='word_1_698' title='bbox 880 5182 1130 5238; x_wconf 89' lang='lat' dir='ltr'><strong>morbum</strong></span> <span class='ocrx_word' id='word_1_699' title='bbox 1158 5181 1420 5238; x_wconf 79' lang='lat' dir='ltr'><strong>infestum</strong></span> <span class='ocrx_word' id='word_1_700' title='bbox 1446 5183 1711 5254; x_wconf 79' lang='lat' dir='ltr'><strong>abigeret.</strong></span> <span class='ocrx_word' id='word_1_701' title='bbox 1746 5182 1892 5249; x_wconf 88' lang='lat' dir='ltr'><strong>Quid</strong></span> <span class='ocrx_word' id='word_1_702' title='bbox 1919 5181 2064 5237; x_wconf 90' lang='lat' dir='ltr'><strong>enim</strong></span> 
     </span>
    </p>
   </div>
   <div class='ocr_carea' id='block_1_100' title="bbox 484 5274 2062 5345">
    <p class='ocr_par' dir='ltr' id='par_1_100' title="bbox 484 5274 2062 5345">
     <span class='ocr_line' id='line_1_100' title="bbox 484 5274 2062 5345; baseline -0.001 -17"><span class='ocrx_word' id='word_1_703' title='bbox 484 5289 717 5331; x_wconf 88' lang='lat' dir='ltr'><strong>necesse</strong></span> <span class='ocrx_word' id='word_1_704' title='bbox 748 5285 865 5329; x_wconf 91' lang='lat' dir='ltr'><strong>erat</strong></span> <span class='ocrx_word' id='word_1_705' title='bbox 905 5281 1112 5345; x_wconf 61' lang='lat' dir='ltr'><strong>aegroto</strong></span> <span class='ocrx_word' id='word_1_706' title='bbox 1148 5282 1333 5330; x_wconf 90' lang='lat' dir='ltr'><strong>astare</strong></span> <span class='ocrx_word' id='word_1_707' title='bbox 1363 5292 1486 5330; x_wconf 87' lang='lat' dir='ltr'><strong>eum</strong></span> <span class='ocrx_word' id='word_1_708' title='bbox 1526 5275 1615 5330; x_wconf 89' lang='lat' dir='ltr'><strong>cui</strong></span> <span class='ocrx_word' id='word_1_709' title='bbox 1651 5275 1816 5330; x_wconf 89' lang='lat' dir='ltr'><strong>etiam</strong></span> <span class='ocrx_word' id='word_1_710' title='bbox 1847 5274 2062 5328; x_wconf 87' lang='lat' dir='ltr'><strong>absenti</strong></span> 
     </span>
    </p>
   </div>
   <div class='ocr_carea' id='block_1_101' title="bbox 486 5361 2065 5432">
    <p class='ocr_par' dir='ltr' id='par_1_101' title="bbox 486 5361 2065 5432">
     <span class='ocr_line' id='line_1_101' title="bbox 486 5361 2065 5432; baseline -0.001 -16"><span class='ocrx_word' id='word_1_711' title='bbox 486 5363 652 5418; x_wconf 83' lang='lat' dir='ltr'><strong>facile</strong></span> <span class='ocrx_word' id='word_1_712' title='bbox 694 5370 911 5432; x_wconf 87' lang='lat' dir='ltr'><strong>poterat</strong></span> <span class='ocrx_word' id='word_1_713' title='bbox 965 5361 1197 5418; x_wconf 85' lang='lat' dir='ltr'><strong>reddere</strong></span> <span class='ocrx_word' id='word_1_714' title='bbox 1244 5365 1579 5420; x_wconf 77' lang='lat' dir='ltr'><strong>sanitatem?</strong></span> <span class='ocrx_word' id='word_1_715' title='bbox 1616 5362 1905 5430; x_wconf 85' lang='lat' dir='ltr'><strong>Quomodo</strong></span> <span class='ocrx_word' id='word_1_716' title='bbox 1933 5377 2065 5418; x_wconf 83' lang='lat' dir='ltr'><strong>vero</strong></span> 
     </span>
    </p>
   </div>
   <div class='ocr_carea' id='block_1_102' title="bbox 486 5455 2063 5526">
    <p class='ocr_par' dir='ltr' id='par_1_102' title="bbox 486 5455 2063 5526">
     <span class='ocr_line' id='line_1_102' title="bbox 486 5455 2063 5526; baseline 0 -19"><span class='ocrx_word' id='word_1_717' title='bbox 486 5469 593 5509; x_wconf 92' lang='lat' dir='ltr'><strong>non</strong></span> <span class='ocrx_word' id='word_1_718' title='bbox 621 5455 779 5508; x_wconf 87' lang='lat' dir='ltr'><strong>valde</strong></span> <span class='ocrx_word' id='word_1_719' title='bbox 811 5455 1038 5510; x_wconf 89' lang='lat' dir='ltr'><strong>stultum</strong></span> <span class='ocrx_word' id='word_1_720' title='bbox 1073 5463 1159 5510; x_wconf 90' lang='lat' dir='ltr'><strong>est</strong></span> <span class='ocrx_word' id='word_1_721' title='bbox 1195 5457 1517 5511; x_wconf 78' lang='lat' dir='ltr'><strong>existimare</strong></span> <span class='ocrx_word' id='word_1_722' title='bbox 1547 5456 1726 5526; x_wconf 90' lang='lat' dir='ltr'><strong>ipsum</strong></span> <span class='ocrx_word' id='word_1_723' title='bbox 1757 5462 1934 5509; x_wconf 92' lang='lat' dir='ltr'><strong>morte</strong></span> <span class='ocrx_word' id='word_1_724' title='bbox 1963 5469 2063 5524; x_wconf 88' lang='lat' dir='ltr'><strong>po-</strong></span> 
     </span>
    </p>
   </div>
   <div class='ocr_carea' id='block_1_103' title="bbox 485 5543 2055 5614">
    <p class='ocr_par' dir='ltr' id='par_1_103' title="bbox 485 5543 2055 5614">
     <span class='ocr_line' id='line_1_103' title="bbox 485 5543 2055 5614; baseline 0.002 -17"><span class='ocrx_word' id='word_1_725' title='bbox 485 5548 682 5598; x_wconf 85' lang='lat' dir='ltr'><strong>tiorem</strong></span> <span class='ocrx_word' id='word_1_726' title='bbox 729 5543 866 5608; x_wconf 81' lang='lat' dir='ltr'><strong>fore,</strong></span> <span class='ocrx_word' id='word_1_727' title='bbox 897 5555 950 5599; x_wconf 89' lang='lat' dir='ltr'><strong>et</strong></span> <span class='ocrx_word' id='word_1_728' title='bbox 973 5559 1097 5599; x_wconf 90' lang='lat' dir='ltr'><strong>eum</strong></span> <span class='ocrx_word' id='word_1_729' title='bbox 1129 5546 1219 5614; x_wconf 91' lang='lat' dir='ltr'><strong>qui</strong></span> <span class='ocrx_word' id='word_1_730' title='bbox 1257 5547 1498 5614; x_wconf 91' lang='lat' dir='ltr'><strong>repletus</strong></span> <span class='ocrx_word' id='word_1_731' title='bbox 1532 5549 1604 5601; x_wconf 91' lang='lat' dir='ltr'><strong>sit</strong></span> <span class='ocrx_word' id='word_1_732' title='bbox 1641 5546 1822 5602; x_wconf 87' lang='lat' dir='ltr'><strong>divina</strong></span> <span class='ocrx_word' id='word_1_733' title='bbox 1851 5546 2055 5601; x_wconf 82' lang='lat' dir='ltr'><strong>virtute</strong></span> 
     </span>
    </p>
   </div>
   <div class='ocr_carea' id='block_1_104' title="bbox 486 5633 1460 5702">
    <p class='ocr_par' dir='ltr' id='par_1_104' title="bbox 486 5633 1460 5702">
     <span class='ocr_line' id='line_1_104' title="bbox 486 5633 1460 5702; baseline 0.004 -16"><span class='ocrx_word' id='word_1_734' title='bbox 486 5644 831 5700; x_wconf 84' lang='lat' dir='ltr'><strong>nequaquam</strong></span> <span class='ocrx_word' id='word_1_735' title='bbox 875 5633 1045 5687; x_wconf 87' lang='lat' dir='ltr'><strong>Deum</strong></span> <span class='ocrx_word' id='word_1_736' title='bbox 1077 5647 1200 5688; x_wconf 90' lang='lat' dir='ltr'><strong>esse</strong></span> <span class='ocrx_word' id='word_1_737' title='bbox 1230 5637 1460 5702; x_wconf 85' lang='lat' dir='ltr'><strong>putare?</strong></span> 
     </span>
    </p>
   </div>
   <div class='ocr_carea' id='block_1_105' title="bbox 2173 4636 3778 4714">
    <p class='ocr_par' dir='ltr' id='par_1_105' title="bbox 2173 4636 3778 4714">
     <span class='ocr_line' id='line_1_105' title="bbox 2173 4636 3778 4714; baseline -0.006 -17"><span class='ocrx_word' id='word_1_738' title='bbox 2173 4643 2377 4714; x_wconf 81' lang='grc' dir='ltr'>Κύριον</span> <span class='ocrx_word' id='word_1_739' title='bbox 2409 4643 2508 4713; x_wconf 84' lang='grc' dir='ltr'>μὲν</span> <span class='ocrx_word' id='word_1_740' title='bbox 2545 4640 2829 4706; x_wconf 84' lang='grc' dir='ltr'>ἀποκαλεῖ,</span> <span class='ocrx_word' id='word_1_741' title='bbox 2869 4639 2929 4693; x_wconf 78' lang='grc' dir='ltr'>τὸ</span> <span class='ocrx_word' id='word_1_742' title='bbox 2957 4639 3001 4692; x_wconf 84' lang='grc' dir='ltr'>δ’</span> <span class='ocrx_word' id='word_1_743' title='bbox 3051 4638 3249 4708; x_wconf 84' lang='grc' dir='ltr'>ἀληθὲς</span> <span class='ocrx_word' id='word_1_744' title='bbox 3291 4638 3390 4708; x_wconf 82' lang='grc' dir='ltr'>τῆς</span> <span class='ocrx_word' id='word_1_745' title='bbox 3429 4636 3778 4706; x_wconf 22' lang='grc' dir='ltr'>κυριότητος,</span> 
     </span>
    </p>
   </div>
   <div class='ocr_carea' id='block_1_106' title="bbox 2173 4705 3784 4812">
    <p class='ocr_par' dir='ltr' id='par_1_106' title="bbox 2173 4705 3784 4812">
     <span class='ocr_line' id='line_1_106' title="bbox 2173 4705 3784 4812; baseline -0.009 -21"><span class='ocrx_word' id='word_1_746' title='bbox 2173 4705 2388 4806; x_wconf 79' lang='grc' dir='ltr'>ἀξίωμα</span> <span class='ocrx_word' id='word_1_747' title='bbox 2409 4705 2632 4787; x_wconf 62' lang='grc' dir='ltr'><strong>⁷δίδωσιν</strong></span> <span class='ocrx_word' id='word_1_748' title='bbox 2659 4731 2929 4802; x_wconf 81' lang='grc' dir='ltr'>οὐδαμῶς.</span> <span class='ocrx_word' id='word_1_749' title='bbox 2986 4731 3055 4782; x_wconf 87' lang='grc' dir='ltr'><em>Ἢ</em></span> <span class='ocrx_word' id='word_1_750' title='bbox 3104 4705 3212 4799; x_wconf 78' lang='grc' dir='ltr'><strong>γάρ</strong></span> <span class='ocrx_word' id='word_1_751' title='bbox 3255 4705 3528 4790; x_wconf 20' lang='grc' dir='ltr'>ἂννεὺθὺς</span> <span class='ocrx_word' id='word_1_752' title='bbox 3578 4705 3784 4812; x_wconf 56' lang='grc' dir='ltr'>ὲδεῖτοί</span> 
     </span>
    </p>
   </div>
   <div class='ocr_carea' id='block_1_107' title="bbox 2173 4813 3759 4898">
    <p class='ocr_par' dir='ltr' id='par_1_107' title="bbox 2173 4813 3759 4898">
     <span class='ocr_line' id='line_1_107' title="bbox 2173 4813 3759 4898; baseline -0.009 -17"><span class='ocrx_word' id='word_1_753' title='bbox 2173 4824 2521 4898; x_wconf 87' lang='grc' dir='ltr'>προσπεσὼν,</span> <span class='ocrx_word' id='word_1_754' title='bbox 2561 4824 2656 4892; x_wconf 89' lang='grc' dir='ltr'><strong>οὑχ</strong></span> <span class='ocrx_word' id='word_1_755' title='bbox 2702 4823 2788 4875; x_wconf 80' lang='grc' dir='ltr'><strong>ἵνα</strong></span> <span class='ocrx_word' id='word_1_756' title='bbox 2835 4822 2898 4891; x_wconf 82' lang='grc' dir='ltr'>δὴ</span> <span class='ocrx_word' id='word_1_757' title='bbox 2951 4821 3169 4882; x_wconf 86' lang='grc' dir='ltr'>πάντως</span> <span class='ocrx_word' id='word_1_758' title='bbox 3199 4819 3292 4871; x_wconf 67' lang='grc' dir='ltr'><strong>ειπλ⁸</strong></span> <span class='ocrx_word' id='word_1_759' title='bbox 3321 4816 3419 4886; x_wconf 72' lang='grc' dir='ltr'>τὴν</span> <span class='ocrx_word' id='word_1_760' title='bbox 3453 4815 3632 4869; x_wconf 81' lang='grc' dir='ltr'>ἑστίαν</span> <span class='ocrx_word' id='word_1_761' title='bbox 3655 4813 3759 4882; x_wconf 65' lang='grc' dir='ltr'><strong>βα-</strong></span> 
     </span>
    </p>
   </div>
   <div class='ocr_carea' id='block_1_108' title="bbox 2172 4904 3761 4982">
    <p class='ocr_par' dir='ltr' id='par_1_108' title="bbox 2172 4904 3761 4982">
     <span class='ocr_line' id='line_1_108' title="bbox 2172 4904 3761 4982; baseline -0.007 -11"><span class='ocrx_word' id='word_1_762' title='bbox 2172 4919 2328 4982; x_wconf 78' lang='grc' dir='ltr'>δίζοι,</span> <span class='ocrx_word' id='word_1_763' title='bbox 2357 4916 2452 4968; x_wconf 72' lang='grc' dir='ltr'><strong>καὶ</strong></span> <span class='ocrx_word' id='word_1_764' title='bbox 2477 4913 2796 4968; x_wconf 75' lang='grc' dir='ltr'>καταϐαίνοι</span> <span class='ocrx_word' id='word_1_765' title='bbox 2825 4912 2922 4964; x_wconf 77' lang='grc' dir='ltr'>σὺν</span> <span class='ocrx_word' id='word_1_766' title='bbox 2955 4910 3102 4980; x_wconf 85' lang='grc' dir='ltr'>αὑτῷ</span> <span class='ocrx_word' id='word_1_767' title='bbox 3128 4910 3264 4980; x_wconf 87' lang='grc' dir='ltr'>πρὸς</span> <span class='ocrx_word' id='word_1_768' title='bbox 3323 4909 3384 4961; x_wconf 84' lang='grc' dir='ltr'>τὸ</span> <span class='ocrx_word' id='word_1_769' title='bbox 3432 4904 3761 4979; x_wconf 77' lang='grc' dir='ltr'>άῤῥωστοῦν</span> 
     </span>
    </p>
   </div>
   <div class='ocr_carea' id='block_1_109' title="bbox 2177 4997 3762 5078">
    <p class='ocr_par' dir='ltr' id='par_1_109' title="bbox 2177 4997 3762 5078">
     <span class='ocr_line' id='line_1_109' title="bbox 2177 4997 3762 5078; baseline -0.008 -18"><span class='ocrx_word' id='word_1_770' title='bbox 2177 5009 2478 5078; x_wconf 85' lang='grc' dir='ltr'>μειράκιον,</span> <span class='ocrx_word' id='word_1_771' title='bbox 2511 5003 2626 5056; x_wconf 85' lang='grc' dir='ltr'>ἀλλ’</span> <span class='ocrx_word' id='word_1_772' title='bbox 2673 5003 2761 5056; x_wconf 81' lang='grc' dir='ltr'><strong>ἵνα</strong></span> <span class='ocrx_word' id='word_1_773' title='bbox 2796 5002 2860 5072; x_wconf 81' lang='grc' dir='ltr'>δὴ</span> <span class='ocrx_word' id='word_1_774' title='bbox 2916 5002 3116 5070; x_wconf 81' lang='grc' dir='ltr'>μᾶλλον</span> <span class='ocrx_word' id='word_1_775' title='bbox 3166 4997 3610 5063; x_wconf 80' lang='grc' dir='ltr'>ἐξουσιαστικῶς,</span> <span class='ocrx_word' id='word_1_776' title='bbox 3654 4997 3762 5048; x_wconf 69' lang='grc' dir='ltr'><strong>καὶ</strong></span> 
     </span>
    </p>
   </div>
   <div class='ocr_carea' id='block_1_110' title="bbox 2168 5087 3761 5169">
    <p class='ocr_par' dir='ltr' id='par_1_110' title="bbox 2168 5087 3761 5169">
     <span class='ocr_line' id='line_1_110' title="bbox 2168 5087 3761 5169; baseline -0.007 -16"><span class='ocrx_word' id='word_1_777' title='bbox 2168 5099 2462 5169; x_wconf 83' lang='grc' dir='ltr'>θεοπρεπεῖ</span> <span class='ocrx_word' id='word_1_778' title='bbox 2509 5098 2888 5167; x_wconf 81' lang='grc' dir='ltr'>προστάγματι</span> <span class='ocrx_word' id='word_1_779' title='bbox 2933 5093 3032 5164; x_wconf 78' lang='grc' dir='ltr'>τὴν</span> <span class='ocrx_word' id='word_1_780' title='bbox 3069 5091 3451 5162; x_wconf 73' lang='grc' dir='ltr'>ἐπισκήψασαν</span> <span class='ocrx_word' id='word_1_781' title='bbox 3500 5087 3761 5152; x_wconf 78' lang='grc' dir='ltr'>ἐξελάσαι</span> 
     </span>
    </p>
   </div>
   <div class='ocr_carea' id='block_1_111' title="bbox 2168 5173 3761 5259">
    <p class='ocr_par' dir='ltr' id='par_1_111' title="bbox 2168 5173 3761 5259">
     <span class='ocr_line' id='line_1_111' title="bbox 2168 5173 3761 5259; baseline -0.006 -17"><span class='ocrx_word' id='word_1_782' title='bbox 2168 5190 2341 5242; x_wconf 85' lang='grc' dir='ltr'>νόσον.</span> <span class='ocrx_word' id='word_1_783' title='bbox 2374 5187 2438 5240; x_wconf 89' lang='grc' dir='ltr'>Τί</span> <span class='ocrx_word' id='word_1_784' title='bbox 2487 5188 2600 5259; x_wconf 81' lang='grc' dir='ltr'><strong>γάρ</strong></span> <span class='ocrx_word' id='word_1_785' title='bbox 2633 5186 2739 5239; x_wconf 74' lang='grc' dir='ltr'>ἔδει</span> <span class='ocrx_word' id='word_1_786' title='bbox 2765 5187 3020 5257; x_wconf 83' lang='grc' dir='ltr'>παρεῖναι</span> <span class='ocrx_word' id='word_1_787' title='bbox 3052 5183 3130 5252; x_wconf 80' lang='grc' dir='ltr'>τῷ</span> <span class='ocrx_word' id='word_1_788' title='bbox 3183 5182 3445 5252; x_wconf 82' lang='grc' dir='ltr'>κάμνοντι</span> <span class='ocrx_word' id='word_1_789' title='bbox 3477 5180 3567 5233; x_wconf 82' lang='grc' dir='ltr'>τὸν</span> <span class='ocrx_word' id='word_1_790' title='bbox 3597 5173 3761 5251; x_wconf 81' lang='grc' dir='ltr'>ᾧπερ</span> 
     </span>
    </p>
   </div>
   <div class='ocr_carea' id='block_1_112' title="bbox 2165 5271 3761 5351">
    <p class='ocr_par' dir='ltr' id='par_1_112' title="bbox 2165 5271 3761 5351">
     <span class='ocr_line' id='line_1_112' title="bbox 2165 5271 3761 5351; baseline -0.004 -19"><span class='ocrx_word' id='word_1_791' title='bbox 2165 5276 2232 5351; x_wconf 78' lang='grc' dir='ltr'>ἦν</span> <span class='ocrx_word' id='word_1_792' title='bbox 2269 5279 2524 5333; x_wconf 80' lang='grc' dir='ltr'>δύνασθαι</span> <span class='ocrx_word' id='word_1_793' title='bbox 2571 5276 2876 5340; x_wconf 77' lang='grc' dir='ltr'>διασώζειν,</span> <span class='ocrx_word' id='word_1_794' title='bbox 2909 5275 3005 5329; x_wconf 75' lang='grc' dir='ltr'><strong>καὶ</strong></span> <span class='ocrx_word' id='word_1_795' title='bbox 3031 5275 3246 5336; x_wconf 85' lang='grc' dir='ltr'>ἀπόντι,</span> <span class='ocrx_word' id='word_1_796' title='bbox 3275 5273 3509 5345; x_wconf 68' lang='grc' dir='ltr'>ῥαδίως-ς</span> <span class='ocrx_word' id='word_1_797' title='bbox 3540 5271 3664 5334; x_wconf 81' lang='grc' dir='ltr'>Πῶς</span> <span class='ocrx_word' id='word_1_798' title='bbox 3696 5272 3761 5326; x_wconf 84' lang='grc' dir='ltr'>δὲ</span> 
     </span>
    </p>
   </div>
   <div class='ocr_carea' id='block_1_113' title="bbox 2167 5364 3762 5440">
    <p class='ocr_par' dir='ltr' id='par_1_113' title="bbox 2167 5364 3762 5440">
     <span class='ocr_line' id='line_1_113' title="bbox 2167 5364 3762 5440; baseline -0.006 -15"><span class='ocrx_word' id='word_1_799' title='bbox 2167 5373 2286 5425; x_wconf 84' lang='grc' dir='ltr'>λίαν</span> <span class='ocrx_word' id='word_1_800' title='bbox 2315 5373 2416 5424; x_wconf 90' lang='grc' dir='ltr'><strong>οὑκ</strong></span> <span class='ocrx_word' id='word_1_801' title='bbox 2461 5369 2696 5440; x_wconf 83' lang='grc' dir='ltr'>ἀμαθὲς,</span> <span class='ocrx_word' id='word_1_802' title='bbox 2740 5367 2949 5436; x_wconf 82' lang='grc' dir='ltr'>ὅτιμὲν</span> <span class='ocrx_word' id='word_1_803' title='bbox 2999 5367 3150 5419; x_wconf 82' lang='grc' dir='ltr'>ἔσται</span> <span class='ocrx_word' id='word_1_804' title='bbox 3201 5364 3430 5418; x_wconf 79' lang='grc' dir='ltr'>Θανάτου</span> <span class='ocrx_word' id='word_1_805' title='bbox 3486 5364 3762 5434; x_wconf 84' lang='grc' dir='ltr'>κρείττων</span> 
     </span>
    </p>
   </div>
   <div class='ocr_carea' id='block_1_114' title="bbox 2170 5452 3765 5531">
    <p class='ocr_par' dir='ltr' id='par_1_114' title="bbox 2170 5452 3765 5531">
     <span class='ocr_line' id='line_1_114' title="bbox 2170 5452 3765 5531; baseline -0.004 -17"><span class='ocrx_word' id='word_1_806' title='bbox 2170 5461 2574 5531; x_wconf 71' lang='grc' dir='ltr'>ὑπολαμϐάνειν</span> <span class='ocrx_word' id='word_1_807' title='bbox 2602 5457 2788 5521; x_wconf 78' lang='grc' dir='ltr'>αὑτὸν,</span> <span class='ocrx_word' id='word_1_808' title='bbox 2819 5456 2950 5508; x_wconf 84' lang='grc' dir='ltr'>Θεὸν</span> <span class='ocrx_word' id='word_1_809' title='bbox 2973 5456 3030 5508; x_wconf 82' lang='grc' dir='ltr'>δὲ</span> <span class='ocrx_word' id='word_1_810' title='bbox 3061 5455 3326 5525; x_wconf 84' lang='grc' dir='ltr'>ὑπάρχειν</span> <span class='ocrx_word' id='word_1_811' title='bbox 3351 5454 3556 5508; x_wconf 75' lang='grc' dir='ltr'>οἴεσθαι</span> <span class='ocrx_word' id='word_1_812' title='bbox 3586 5452 3765 5526; x_wconf 72' lang='grc' dir='ltr'>μηδα-</span> 
     </span>
    </p>
   </div>
   <div class='ocr_carea' id='block_1_115' title="bbox 2173 5545 3502 5621">
    <p class='ocr_par' dir='ltr' id='par_1_115' title="bbox 2173 5545 3502 5621">
     <span class='ocr_line' id='line_1_115' title="bbox 2173 5545 3502 5621; baseline -0.005 -18"><span class='ocrx_word' id='word_1_813' title='bbox 2173 5550 2287 5621; x_wconf 80' lang='grc' dir='ltr'><strong>μῶς</strong></span> <span class='ocrx_word' id='word_1_814' title='bbox 2317 5551 2409 5602; x_wconf 72' lang='grc' dir='ltr'><strong>τὸν</strong></span> <span class='ocrx_word' id='word_1_815' title='bbox 2442 5547 2783 5618; x_wconf 71' lang='grc' dir='ltr'>θεοπρεποῦς</span> <span class='ocrx_word' id='word_1_816' title='bbox 2818 5545 3001 5617; x_wconf 77' lang='grc' dir='ltr'>ἰσχύος</span> <span class='ocrx_word' id='word_1_817' title='bbox 3034 5545 3502 5615; x_wconf 71' lang='grc' dir='ltr'>πεπληρωμένονς</span> 
     </span>
    </p>
   </div>
  </div>
