4040 6214
282 300 395 361 533

1343 296 1409 358 IN
1449 296 1731 360 somnus
1766 294 2219 388 svmceuun
2259 295 2390 359 ue.
2417 298 2481 359 ιι.

3430 304 3537 369 33%

356 422 506 476 Ἐὰν
545 418 632 487 μὴ
654 416 872 486 σημεῖα
901 415 999 469 καί
1040 416 1250 485 τέρατα
1293 418 1475 488 ἴδητε,
1502 422 1581 474 οὐ
1626 418 1710 488 μὴ
1768 433 1866 471 πι-

2044 416 2132 483 ιν,
2162 418 2250 473 48.
2305 417 2428 474 Nisi
2457 420 2607 490 signa
2640 428 2691 474 et
2717 421 2957 492 prodigia
2990 423 3248 493 videritis,
3287 441 3388 480 non
3432 444 3541 483 cre-

287 515 608 579 στεύσητε.
640 509 809 578 Λέγει
841 509 991 577 πρὸς
1024 508 1210 563 αὑτὸν
1233 512 1266 563 ό
1291 510 1637 576 βασιλικός.

373 603 612 675 ’Δπηνὴς
671 604 768 673 μὲν
814 602 895 655 ἔτι
935 606 1050 668 τοῖς
1104 603 1478 674 πλανωμένοις
1530 600 1868 665 ἐναυλίζεται

280 697 438 762 νοῦς,
471 697 632 764 λόγου
656 695 714 748 δέ
744 713 862 759 πως
884 694 1037 749 ἔσται
1078 696 1172 750 τοῦ
1224 694 1517 758 καλοῦντος
1561 696 1641 756 εἰς
1687 693 1869 745 πίστιν

289 793 539 862 κρεῖττον
562 788 623 842 τὸ
652 789 1209 860 θαυματουργότερον.
1236 789 1335 842 Διά
1360 804 1425 856 γε
1443 780 1600 839 τοῦτο
1627 783 1881 856 τεράτων

288 881 499 936 δεῖσθαι
534 880 737 951 μᾶλλον
770 881 970 944 αὐτοὺς
996 880 1233 951 ἔφασκεν
1253 882 1283 933 ὁ
1312 877 1501 949 Σωτὴρ
1524 878 1603 940 εἰς
1627 875 1688 928 τὸ
1709 875 1870 929 δύνα-

287 973 417 1028 σθαι
453 971 651 1045 ῥᾳδίως
681 972 814 1043 πρὸς
837 972 899 1025 τὸ
923 972 1203 1044 συμφέρον
1237 966 1747 1042 μεταπαιδεύεσθαι,
1777 964 1869 1019 καὶ

288 1068 380 1121 τὸν
397 1067 530 1120 ὄντα
568 1064 709 1119 κατὰ
736 1063 899 1133 φύσιν
929 1061 1315 1131 ἐπιγινώσκειν
1336 1061 1492 1118 Θεόν.

361 1159 577 1226 Κύριε,
630 1153 918 1223 κατάϐηθι
960 1153 1106 1223 πρὶν
1147 1152 1473 1209 ἀποθανεῖν
1509 1151 1575 1207 τὸ
1626 1151 1870 1206 παιδίον

286 1264 429 1316 μου.

372 1338 586 1407 Ὀλίγος
609 1335 708 1406 μὲν
736 1333 935 1406 κομιδῆ
967 1333 1104 1405 πρὸς
1131 1333 1349 1389 σύνεσιν
1376 1333 1405 1389 ὁ
1436 1333 1737 1407 βασιλικὸς,
1771 1351 1868 1405 νη-

286 1433 479 1500 πιάζει
513 1433 571 1488 δέ
629 1449 746 1497 πως
794 1430 922 1503 περὶ
971 1431 1072 1500 τὴν
1100 1431 1201 1501 τῆς
1237 1430 1460 1501 χάριτος
1508 1429 1744 1500 αἴτησιν,
1773 1426 1870 1480 καὶ

288 1528 477 1598 ἠρέμα
508 1523 839 1596 παραληρῶν
875 1523 976 1577 οὐκ
1004 1521 1340 1577 αἰσθάνεται.
1396 1521 1470 1575 Οὐ
1501 1520 1611 1592 γὰρ
1648 1521 1730 1574 ὅτι
1772 1519 1869 1591 μ’ό-

285 1634 381 1669 νον
429 1614 637 1685 ίσχύσει
678 1612 890 1683 παρὼν,
949 1610 1064 1666 ἀλλ’
1100 1612 1181 1666 ὅτι
1230 1612 1296 1684 δὴ
1335 1611 1553 1675 πάντως
1582 1610 1675 1666 καὶ
1713 1610 1870 1665 ἀπὼν

286 1707 580 1778 ἐνεργήσει
621 1703 1039 1768 πεπιστευκὼς.
1098 1703 1606 1776 ἀξιοπρεπεστάτην
1666 1702 1732 1757 ἂν
1781 1701 1867 1755 ἐπ’

1970 510 2124 565 detis.
2158 509 2300 564 Dicit
2339 511 2550 582 regulus
2577 511 2645 564 ad
2678 528 2819 568 eum.
3216 566 3221 570 .

2042 601 2223 657 Durus
2266 603 2486 673 quidem
2533 603 2712 659 adhuc
2742 604 2795 659 in
2838 605 2906 661 iis
2931 612 3013 661 est
3045 605 3281 671 animus,
3312 607 3409 665 sed
3443 625 3541 665 ex-

1972 691 2282 747 hortatione
2307 693 2376 748 ad
2410 693 2570 748 tidem
2610 696 2825 765 potiora
2867 696 3052 753 futura
3096 708 3226 755 sunt
3252 698 3538 760 miracula.

1969 780 2316 854 Proindcque
2336 784 2610 855 prodigiis
2631 802 2771 856 opus
2792 785 2907 843 illis
2930 803 3049 845 esse
3074 789 3325 846 Salvator
3341 793 3540 859 aiebat,

1970 870 2133 947 20a.
2173 883 2230 929 ut
2264 874 2424 930 facile
2466 885 2692 946 possent
2739 876 2808 931 ad
2851 879 3129 933 meliorem
3160 878 3373 950 frugem
3414 897 3542 938 eru-

1970 966 2102 1031 diri,
2137 976 2190 1022 et
2216 982 2520 1041 agnoscere
2562 965 2737 1024 Deum
2765 976 2889 1025 esse
2917 971 3220 1028 secundum
3264 978 3541 1030 naturam.

2041 1141 2133 1211 IV,
2171 1146 2260 1202 49.
2319 1144 2563 1214 Domine,
2617 1146 2869 1204 descende
2920 1150 3231 1222 priusquam
3280 1155 3546 1208 moriatur

1968 1237 2116 1307 ﬁlius
2149 1254 2314 1293 meus.

2040 1330 2321 1399 Angustus
2353 1329 2510 1386 valde
2536 1339 2623 1386 est
2658 1330 2833 1403 reguli
2872 1331 3112 1399 animus,
3142 1333 3274 1404 quin
3310 1325 3542 1406 puerum

1971 1434 2031 1475 se
2065 1421 2251 1491 prodit
2278 1423 2333 1475 ln
2368 1422 2601 1489 petenda
2634 1423 2834 1493 gratia,
2877 1438 2978 1478 nec
3025 1427 3191 1480 sentit
3235 1441 3295 1482 se
3339 1428 3545 1484 sensim

1970 1508 2226 1566 delirare.
2260 1507 2397 1565 Nam
2440 1512 2487 1568 si
2519 1526 2630 1566 non
2660 1511 2822 1567 modo
2853 1523 3177 1583 prmsentem
3205 1560 3219 1584 ,
3254 1518 3349 1573 sed
3376 1519 3546 1574 etiam

1970 1601 2258 1658 absentem
2302 1600 2584 1659 Christum
2621 1603 2729 1658 vim
2761 1619 2916 1660 suam
2952 1622 3208 1664 exserere
3232 1625 3395 1680 posse
3425 1626 3548 1667 cre-

1971 1693 2224 1762 didisset,
2256 1694 2324 1749 de
2354 1694 2450 1749 illo
2497 1710 2597 1765 pro
2628 1710 2693 1750 eo
2727 1709 2792 1750 ac
2840 1697 2999 1752 decet
3043 1700 3333 1756 sensisset.
3388 1701 3548 1759 Nunc

286 1797 446 1868 αύτῷ
476 1798 577 1868 τὴν
607 1795 861 1867 διάληψιν
902 1795 1219 1866 ἐποιήσατο.
1261 1793 1399 1847 Νυνὶ
1434 1792 1495 1846 δὲ
1545 1791 1761 1863 φρονῶν
1809 1807 1869 1842 τε

1974 1794 2159 1840 autem
2196 1784 2599 1841 absurdissime
2639 1786 2804 1841 sentit
2852 1802 2916 1842 ac
2967 1787 3099 1843 facit
3146 1792 3238 1861 qui
3286 1794 3546 1851 virtutem

286 1889 386 1943 καὶ
420 1889 676 1959 πράττων
703 1884 1158 1956 παραλογώτατα,
1186 1883 1285 1956 τὴν
1327 1882 1445 1955 Θεῷ
1489 1883 1590 1954 μὲν
1623 1881 1866 1955 πρέπου-

286 1993 391 2031 σαν
422 1977 578 2048 ίσχὺν
609 1978 849 2042 ἀπαιτεῖ,
882 1975 959 2039 ὡς
990 1974 1049 2028 δὲ
1075 1972 1208 2028 Θεὸν
1241 1973 1342 2027 οὐκ
1370 1973 1542 2027 οἴεται
1581 1971 1651 2027 τὰ
1690 1971 1868 2025 πάντα

285 2066 559 2138 πληροῦν,
590 2066 704 2120 ἀλλ’
733 2065 854 2119 οὐδὲ
886 2062 1117 2119 θανάτου
1164 2061 1496 2133 γενήσεσθαι
1560 2062 1867 2132 κρείττονα,

216 2222 223 2227 _
286 2151 469 2208 καίτοι
489 2152 568 2225 τῷ
603 2154 839 2226 πλείστῳ
854 2152 1194 2226 κρατηθέντα
1226 2150 1666 2206 πλεονεκτεῖσθαι
1694 2166 1871 2221 παρα-

287 2245 475 2301 καλῶν
506 2262 521 2277 ⁸
550 2245 741 2317 ἔμελλε
774 2246 885 2316 γὰρ
913 2243 1280 2316 ἀποθνήσκειν
1305 2244 1333 2296 ὸ
1359 2244 1512 2305 παῖς.

358 2338 532 2407 Λέγει
552 2336 714 2403 αὐτῷ
738 2339 774 2391 ό
819 2336 1058 2404 Ἰησοῦς
1080 2351 1094 2367 ·
1122 2333 1409 2401 Πορεύου,
1431 2337 1464 2388 ό
1478 2330 1608 2399 vid;-
1630 2349 1747 2388 σου
1778 2324 1867 2401 ζῆ.

359 2429 552 2494 Οὕτως
584 2429 693 2483 ἔδει
718 2424 1042 2483 πιστεύοντα
1068 2424 1418 2498 προσελθεῖν,
1466 2424 1582 2478 ἀλλ’
1639 2425 1700 2477 οὐ
1750 2426 1871 2488 ταῖς

285 2522 451 2593 ἡμῶν
478 2521 741 2592 ἀμαθίαις
769 2519 1086 2589 φιλονεικῶν
1150 2520 1343 2588 ὁρᾶται
1390 2517 1623 2587 Χριστός
1652 2531 1666 2544 ·
1712 2515 1870 2588 εὐερ-

285 2615 443 2681 γετεῖ
471 2611 529 2664 δὲ
563 2610 725 2665 πάλιν
755 2610 851 2663 καὶ
893 2608 1209 2672 πταίοντας,
1246 2608 1323 2671 ὡς
1364 2606 1515 2671 Θεός.
1562 2608 1740 2677 Ὅπερ
1777 2601 1871 2659 οὖν

285 2701 399 2757 ἔδει
429 2703 642 2775 δρῶντα
668 2698 1067 2772 θαυμάζεσθαι,
1106 2699 1265 2753 τοῦτο
1307 2699 1403 2753 καὶ
1442 2696 1519 2770 μὴ
1571 2697 1872 2769 δεδρακότα

286 2795 532 2849 διδάσκει
565 2791 657 2847 τὸν
679 2793 984 2865 ἄνθρωπον,
1006 2790 1142 2861 ὁμοῦ
1172 2791 1263 2844 καὶ
1285 2791 1394 2844 τῶν
1425 2789 1727 2845 καλλίστων
1757 2792 1871 2844 sla-

288 2885 507 2957 ηγητὴς
529 2925 545 2947 ,
570 2884 668 2938 καὶ
713 2883 827 2937 τῶν
855 2885 913 2936 ὲν
955 2882 1142 2953 εὐχαῖς
1192 2880 1412 2950 ἀγαθῶν
1453 2880 1689 2953 χορηγὸς
1741 2882 1872 2935 ἀνα-

286 2971 665 3045 δεικνύμενος.
712 2974 801 3027 Ἐν
837 2973 938 3042 μὲν
995 2971 1106 3042 γὰρ
1160 2969 1242 3042 τῷ
1291 2990 1309 3022 ι
1344 2971 1583 3041 Πορεύου
1618 2989 1637 3022 ι
1674 2970 1735 3024 τὸ
1781 2988 1873 3025 πι-

290 3068 510 3122 στεύειν
533 3066 701 3131 ὲστὶν,
729 3068 787 3119 ὲν
822 3065 880 3119 δὲ
900 3062 979 3136 τῷ
1003 3082 1022 3118 ι
1046 3063 1051 3067 ’
1072 3062 1134 3117 ὐ
1161 3064 1274 3127 υἱός
1297 3079 1391 3117 σου
1427 3062 1516 3134 ζῇ,
1561 3080 1581 3116 s
1614 3061 1725 3116 τῶν
1772 3079 1870 3116 πο-

288 3156 572 3227 θουμένων
596 3156 630 3225 ἠ
662 3128 962 3225 πλήρωσις.
992 3152 1133 3224 μετὰ
1172 3152 1375 3223 πολλῆς
1416 3128 1564 3216 τινος
1607 3151 1703 3205 καὶ
1746 3151 1865 3205 θεο-
1893 3128 1936 3185 c

290 3246 537 3321 πρεποῦς
563 3245 809 3310 ἐξουσίας
834 3243 1221 3315 ἐκφαινομένη.

374 3340 769 3393 Ἐπίστευσεν
794 3338 826 3391 δ
853 3336 1162 3405 ἄνθρωπος
1181 3332 1261 3399 τῷ
1281 3330 1463 3404 λόγῳ,
1488 3325 1535 3400 ᾧ
1562 3325 1732 3388 εἶπεν
1757 3332 1866 3387 αὐ-

290 3431 374 3499 τῷ
400 3436 434 3487 d
456 3429 721 3500 Ἰησοῦς,
743 3428 840 3483 καὶ
867 3429 1205 3496 ἐπορεύετο.
1248 3425 1402 3494 Ἤδη
1442 3424 1511 3478 δὲ
1548 3424 1737 3479 αὐτοῦ
1766 3436 1870 3477 κα-

289 3524 702 3587 ταϐαίνοντος,
741 3523 797 3574 οἱ
829 3517 1038 3574 δοῦλοι
1067 3517 1254 3573 αὑτοῦ
1281 3516 1646 3586 ἀπήντησαν
1685 3512 1867 3581 αὐτῷ,

291 3616 391 3670 καί
413 3614 789 3685 ἀπήγγειλαν
814 3612 1121 3683 λέγοντες,
1141 3610 1231 3664 ὅτι
1270 3612 1305 3664 ό
1329 3608 1460 3675 υἱός
1480 3625 1596 3663 σου
1635 3606 1725 3677 ζῇ.

368 3708 467 3761 Ἓν
490 3705 587 3759 τοῦ
612 3704 864 3774 Σωτῆρος
894 3701 1173 3773 ἐπίταγμα
1207 3700 1303 3755 δύο
1329 3698 1623 3771 θεραπεύει
1667 3698 1866 3769 ψυχάς.

292 3795 386 3867 Τῷ
413 3796 521 3866 μὲν
548 3793 658 3864 γὰρ
687 3790 951 3864 βασιλικῷ
983 3790 1083 3861 τὴν
1126 3788 1366 3861 ἀσυνήθη
1418 3788 1601 3842 πίστιν
1647 3786 1872 3859 ἐνεργά-

291 3888 469 3953 (erat,
510 3885 744 3939 θανάτου
772 3874 833 3938 δὲ
865 3883 924 3937 τὸ
956 3881 1239 3955 μειράκων
1285 3880 1494 3948 ὲξέλκει
1534 3877 1870 3952 σωματικοῦ.

292 3976 392 4043 Τίς
439 3977 499 4031 δὲ
543 3975 650 4048 πρὸ
695 3975 841 4040 τίνος
890 3974 1029 4039 ὅλως
1055 3972 1339 4043 ὑγιάζεται
1370 3966 1605 4043 χαλεπὸν
1645 3972 1819 4026 εἰπεῖν
1854 3985 1869 4001 ⁸

291 4074 463 4143 ἄμφω
496 4067 626 4142 γὰρ,
653 4063 826 4139 οἶμαι,
855 4066 997 4121 κατὰ
1037 4062 1233 4120 ταυτδν
1277 4060 1595 4136 σύνδρομον,
1629 4062 1741 4127 τοῖς
1775 4060 1873 4116 τοῦ

292 4163 549 4235 Σωτῆρος
572 4159 732 4232 ἡμῶν
769 4158 1107 4229 ἐπιτάγμασι
1134 4156 1236 4230 τῆς
1263 4156 1419 4211 νόσου
1453 4154 1730 4226 λαϐούσης
1774 4154 1873 4225 τὴν

291 4252 464 4307 λύσιν.
500 4249 931 4320 ’Δπαγγέλλουσι
975 4246 1032 4301 δὲ
1058 4246 1158 4318 τὴν
1201 4244 1296 4300 τοῦ
1354 4245 1541 4308 παιδὸς
1576 4243 1874 4316 θεραπείαν

291 4341 642 4404 ὑπαντῶντες
666 4338 874 4394 οίκίται
902 4336 1060 4409 ὁμοῦ,
1114 4337 1209 4392 καὶ
1236 4335 1345 4390 τῶν
1374 4334 1535 4389 θείων
1564 4332 1873 4404 ἐπιταγμά-

292 4449 405 4487 των
434 4429 918 4491 ἁπολευκαίνοντες
935 4426 1035 4498 τὴν
1046 4425 1278 4497 ὀξύτητα
1297 4442 1312 4457 ·
1338 4422 1610 4478 καὶτοῦτο
1632 4422 1697 4520 δη
1729 4423 1872 4495 μάλα
1903 4464 1948 4520 D

295 4522 488 4594 σαφῶς
508 4520 918 4592 οἰκονομοῦντες
939 4516 1199 4591 Χριστοῦ,
1230 4518 1326 4572 καὶ
1351 4515 1429 4588 τῷ
1459 4515 1599 4570 τέλει
1635 4510 1735 4587 τῆς
1787 4517 1874 4571 ἐλ-

296 4615 453 4678 πίὼς
486 4615 624 4685 ταχῦ
671 4611 1015 4684 βεϐαιοῦντος
1047 4612 1129 4676 είς
1173 4606 1360 4665 πίστιν
1402 4606 1730 4663 ἀσθενοῦντα
1782 4602 1874 4662 τὸν

293 4705 592 4774 δεσπότην.

377 4794 665 4851 ’ἐπύθετο
697 4788 810 4851 οὖν
827 4794 964 4864 παρ’
986 4792 1186 4849 αὐτῶν
1220 4791 1336 4860 τὴν
1360 4790 1542 4860 ὥραν,
1562 4792 1633 4845 ἐν
1660 4784 1703 4863 ᾗ
1725 4807 1871 4861 κομ-

298 4888 565 4958 ψότερον
607 4886 775 4955 ἔσχε.
822 4885 933 4939 Kal
958 4880 1132 4938 εἶπον
1157 4879 1317 4947 αὐτῷ
1367 4882 1489 4946 ὅτι,
1524 4880 1674 4947 Χθὲς
1712 4880 1873 4949 ἄγραν

297 4975 562 5047 ἑϐδόμην
590 4972 825 5046 ἀφῆκεν
856 4975 1044 5031 αὐτὸν
1082 4978 1115 5030 ό
1145 4973 1416 5042 πυρετός.
1461 4973 1649 5042 Ἔγνω
1693 4963 1809 5028 οὖν
1838 4974 1872 5026 ό

297 5067 507 5135 Πατὴρ
524 5108 539 5129 ,
576 5067 665 5120 ὅτι
690 5066 975 5134 ὲνέκείνῃ
1003 5064 1076 5134 τῇ
1100 5064 1218 5132 ὥρᾳ
1242 5102 1257 5129 ,
1291 5063 1360 5116 ἐν
1385 5056 1426 5134 ᾗ
1457 5059 1627 5117 εἷπεν
1657 5062 1817 5129 αὐτῷ
1839 5064 1873 5116 ό

308 5154 567 5225 Ἰησοῦς,
596 5155 683 5209 ὅτι
716 5155 769 5208 '0
793 5157 923 5221 υἱός
954 5171 1071 5209 σου
1110 5150 1179 5220 ζῇ
1200 5167 1213 5183 ο
1248 5151 1344 5205 καί
1378 5151 1742 5205 ἐπίστευσεν
1761 5148 1871 5205 αὐ·

283 5248 426 5315 τὸς,
452 5248 547 5301 καὶ
577 5247 615 5314 ἠ
632 5247 789 5300 οἰκία
814 5245 1000 5300 αὑτοῦ
1022 5242 1155 5312 ὅλη.
1185 5243 1365 5297 Τοῦτο
1388 5239 1574 5296 πάλιν
1590 5240 1873 5309 δεύτερον

280 5338 556 5409 σημεῖον
588 5339 876 5405 ἐποίησεν
913 5340 947 5391 d
987 5336 1223 5406 Ἰησοῦς
1257 5332 1453 5389 ἐλθὼν
1482 5334 1550 5386 ἐκ
1588 5331 1699 5400 τῆς
1739 5332 1876 5387 Ἰου-

276 5434 478 5496 δαίας
501 5433 588 5495 εις
605 5430 721 5498 τὴν
738 5428 1091 5484 Γαλιλαίαν.

376 5523 843 5585 ’Δναπυνθάνεται
870 5521 969 5594 τὴν
990 5521 1138 5594 ὥραν
1171 5521 1270 5593 τῆς
1294 5521 1386 5574 ἐπὶ
1421 5518 1481 5574 τὸ
1510 5519 1755 5588 κρεῖττον
1781 5509 1874 5570 τοῦ

279 5615 585 5677 νοσοῦντος
632 5615 836 5685 ῥοπῆς.
894 5615 939 5666 εί
992 5613 1272 5683 συντρέχει
1314 5608 1624 5680 δοκιμάζων
1667 5605 1746 5677 τῷ
1775 5606 1877 5677 τῆς

284 5707 522 5778 χάριτος
549 5704 744 5775 χρόνῳ.
789 5702 1004 5773 Ἐπειδὴ
1029 5701 1084 5757 δὲ
1109 5701 1279 5767 οὕτως
1304 5701 1447 5771 ἔχειν
1465 5741 1481 5766 ,
1508 5700 1600 5755 καὶ
1631 5699 1729 5769 οὐχ
1755 5696 1872 5751 ἑτέ-

1974 1874 2084 1931 Deo
2136 1877 2355 1948 quidem
2403 1878 2818 1933 convenientem
2857 1882 3117 1949 postulat,
3157 1882 3252 1938 sed
3287 1891 3345 1938 ut
3375 1883 3547 1941 Deum

1974 1970 2202 2042 implere
2263 1982 2466 2028 cuncta
2530 1974 2710 2045 ipsum
2771 1992 2883 2032 non
2940 1977 3240 2043 existimat,
3293 1976 3390 2032 sed
3444 1992 3549 2034 nec

1973 2071 2206 2117 mortem
2235 2072 2644 2135 superaturum,
2689 2067 2815 2125 licet
2839 2068 2952 2139 jam
2989 2069 3103 2125 fere
3146 2069 3420 2124 morituro
3463 2069 3550 2140 ip-

1973 2168 2094 2208 sum
2157 2155 2418 2226 opitulari
2481 2168 2702 2231 rogaret
2756 2179 2772 2217 :
2841 2160 3143 2232 incipiebat
3195 2160 3345 2217 enim
3405 2161 3548 2218 mori

1972 2261 2128 2316 puer.

2042 2333 2133 2402 ιν,
2171 2336 2261 2393 50.
2321 2338 2467 2394 Dicit
2487 2340 2536 2394 ei
2559 2338 2715 2395 Jesus
2737 2355 2756 2394 :
2787 2338 2949 2401 Vade.
2975 2344 3121 2415 (ilius
3153 2354 3273 2401 tuus
3296 2346 3438 2402 vivit.

2045 2425 2136 2484 Sic
2163 2432 2451 2502 Oportebat
2482 2434 2795 2491 credentem
2833 2441 3136 2503 accedere,
3169 2438 3265 2494 sed
3297 2445 3548 2493 nostram

1972 2522 2307 2592 imperitiam
2349 2522 2607 2582 Christus
2661 2542 2770 2582 non
2819 2528 3024 2597 rejicit.
3075 2529 3208 2598 quin
3257 2538 3548 2599 peccantes

1926 2644 1931 2647 -
1972 2614 2134 2667 etiam
2173 2612 2452 2671 beneﬁciis
2480 2611 2664 2682 allicit,
2700 2625 2761 2671 ut
2802 2614 2969 2672 Deus.
3010 2614 3165 2683 Quod
3197 2617 3367 2687 igitur
3395 2614 3548 2672 laudi

1972 2713 2120 2759 esset
2150 2703 2382 2767 homini,
2415 2705 2461 2759 si
2491 2704 2715 2774 faceret,
2749 2706 2852 2761 hoc
2883 2705 3050 2761 etiam
3081 2723 3190 2762 non
3225 2707 3423 2764 iecisse
3447 2705 3548 2763 do-

1950 2804 2060 2850 lcet
2141 2796 2304 2855 simul
2358 2797 2624 2853 virtutum
2678 2798 2938 2870 magister
2995 2808 3050 2855 et
3096 2799 3366 2854 bonorum
3423 2812 3548 2871 quae

1972 2895 2235 2959 petuntur
2266 2889 2490 2958 largitor
2520 2890 2875 2947 constitutus.
2914 2889 3050 2945 Nam
3078 2891 3133 2946 in
3165 2907 3230 2947 eo
3255 2891 3404 2963 quod
3445 2892 3547 2960 ait,

1978 2997 1997 3031 ι
2027 2977 2200 3047 Vade,
2237 3000 2256 3033 ι
2286 2980 2423 3037 ﬁdes
2453 2988 2534 3039 est
2560 3000 2574 3050 ;
2603 2983 2657 3037 in
2687 2999 2754 3039 eo
2781 2998 2910 3039 vero
2936 2983 3083 3055 quod
3113 2981 3267 3052 dicit,
3322 3004 3341 3038 ι
3371 2981 3548 3042 Filius

1971 3078 2103 3128 tuus
2141 3071 2298 3139 vivit,
2338 3092 2358 3127 ι
2392 3074 2471 3128 rei
2511 3083 2712 3145 optatae
2744 3079 3150 3132 consummatio
3184 3093 3309 3133 cum
3341 3075 3550 3150 ingenti

1967 3161 2206 3232 quadam
2232 3169 2288 3219 et
2316 3161 2428 3220 Deo
2461 3164 2809 3223 convenienti
2841 3175 3112 3238 potestate
3138 3167 3338 3224 elucet.

2038 3332 2129 3405 ιγ,
2179 3335 2269 3404 50,
2303 3338 2391 3393 5i.
2428 3336 2667 3395 Credidit
2697 3342 2851 3397 homo
2882 3341 3114 3425 sermoni
3152 3362 3303 3416 quem
3334 3347 3471 3402 dixit
3496 3345 3549 3404 ei

1967 3427 2146 3493 Jesus,
2178 3435 2228 3482 et
2255 3426 2388 3482 ibat.
2418 3427 2544 3484 lam
2579 3439 2754 3485 autem
2799 3449 2857 3486 eo
2880 3433 3240 3500 descendente,
3290 3436 3425 3491 servi
3455 3452 3549 3492 oc-

1968 3529 2250 3575 currerunt
2289 3521 2358 3587 ei,
2410 3531 2460 3577 et
2498 3524 2895 3592 nuntiaverunt,
2943 3525 3194 3593 dicentes,
3235 3530 3361 3598 quia
3402 3530 3546 3598 [ilius

1966 3610 2080 3677 ejus
2119 3610 2328 3665 viveret.

2041 3698 2223 3756 Unum
2258 3702 2567 3759 Salvatoris
2603 3704 2918 3760 mandatum
2947 3705 3088 3761 duas
3121 3713 3281 3761 sanat
3306 3707 3543 3765 animas.

1970 3785 2030 3844 in
2065 3792 2259 3861 regulo
2301 3793 2506 3864 quippe
2549 3793 2829 3848 insolitam
2872 3794 3032 3848 [idem
3072 3802 3358 3864 operatur,
3395 3805 3450 3850 et
3478 3812 3547 3853 ex

1971 3894 2235 3951 corporea
2268 3890 2445 3937 morte
2468 3882 2938 3937 adolescentulum
2967 3884 3153 3954 eripit.
3193 3882 3325 3940 Uter
3360 3894 3543 3941 autem

1972 3971 2126 4043 prior
2180 3978 2407 4026 sanetur
2452 3971 2670 4028 diliicile
2721 3974 2866 4029 dictu
2891 3983 3007 4043 est;
3067 3977 3229 4031 amho
3274 3977 3444 4037 enim.
3485 3985 3548 4031 ut

1972 4077 2119 4130 reor,
2150 4061 2341 4119 eodem
2369 4073 2615 4136 tempore
2637 4063 2943 4122 Salvatoris
2974 4068 3148 4122 nostri
3168 4068 3329 4138 jussu
3349 4069 3550 4125 morbo

1973 4157 2155 4213 soluto
2216 4158 2394 4213 sanati
2446 4156 2691 4214 fuerunt.
2745 4156 2903 4215 Servi
2956 4167 3136 4214 autem
3166 4170 3546 4229 occurrentes,

1974 4248 2127 4317 pueri
2168 4247 2505 4304 curationem
2537 4248 2864 4304 annuntiant
2901 4248 3059 4319 juxta
3091 4257 3147 4305 et
3183 4249 3353 4307 divini
3386 4268 3547 4309 man-

1974 4339 2088 4393 dati
2111 4339 2470 4407 celeritatem,
2494 4340 2714 4397 Christo
2746 4340 2801 4396 id
2831 4342 3021 4412 utique
3044 4331 3224 4413 palam
3250 4344 3545 4403 ordinante

1973 4435 2029 4483 et
2057 4427 2335 4482 inﬁrmum
2368 4429 2651 4485 dominum
2697 4429 2850 4486 illum
2878 4432 2993 4502 spei
3040 4442 3238 4491 eventu
3270 4434 3338 4490 ad
3384 4433 3543 4490 tidem
3640 4462 3645 4467 -

1975 4519 2088 4574 cito
2125 4517 2501 4576 conﬂrmante.

2040 4770 2131 4844 ιν,
2180 4775 2369 4835 52-54.
2423 4774 2793 4854 lutet-rogabat
2834 4795 2954 4855 ergo
3000 4778 3189 4839 lteram
3250 4780 3317 4838 ab
3357 4784 3432 4839 eis
3487 4784 3543 4838 in

1968 4880 2072 4938 qua
2100 4871 2289 4928 melius
2308 4872 2569 4929 habuerit.
2609 4873 2678 4929 Et
2703 4875 2948 4930 dixerunt
2978 4877 3027 4930 ei
3072 4876 3218 4945 quia,
3252 4876 3381 4928 Heri
3414 4875 3546 4929 hora

1977 4968 2199 5037 septima
2230 4966 2442 5036 reliquit
2503 4983 2624 5021 eum
2677 4966 2860 5034 febris.
2915 4964 3168 5035 Cognovit
3213 4964 3372 5033 205
3422 4973 3545 5033 ergo

1974 5069 2128 5129 pater
2168 5062 2294 5132 quia
2333 5058 2431 5113 illa
2475 5058 2608 5113 liora
2661 5068 2777 5112 erat
2829 5058 2884 5110 in
2935 5073 3039 5125 qua
3082 5057 3215 5108 dixit
3263 5056 3311 5107 ei
3347 5052 3544 5106 Iesus.-

1980 5150 2158 5206 Filius
2189 5159 2310 5203 tuus
2361 5149 2506 5203 vivit.
2561 5146 2628 5203 Et
2660 5147 2881 5201 credidit
2923 5148 3051 5214 ipse,
3092 5154 3140 5197 et
3190 5143 3377 5194 domus
3431 5142 3546 5210 ejus

1980 5251 2110 5297 tota.
2140 5240 2252 5295 Hoc
2284 5242 2473 5294 iterum
2512 5239 2795 5294 secundum
2821 5240 3027 5309 signum
3063 5236 3183 5305 fecit
3212 5232 3390 5299 Jesus,
3428 5246 3546 5288 cum

1978 5336 2198 5392 venisset
2226 5350 2260 5388 a
2284 5332 2478 5388 Iudaea
2506 5333 2561 5386 in
2588 5331 2889 5388 Galilaam.

2053 5510 2384 5567 Sciscitatur
2415 5525 2523 5580 qua
2555 5510 2693 5564 hora
2734 5514 2972 5579 aegrotus
3008 5506 3402 5560 convalescere
3437 5516 3553 5558 eos;

1978 5612 2157 5675 perat,
2194 5610 2254 5658 ut
2305 5602 2623 5673 exploraret
2674 5616 2742 5656 an
2788 5606 3128 5654 momentum
3180 5596 3315 5653 illud
3361 5596 3556 5668 gratiae

1982 5695 2216 5766 tempori
2247 5700 2597 5769 congrueret:
2632 5693 2932 5767 Postquam
2960 5699 3144 5749 autem
3172 5689 3248 5748 ita
3290 5704 3403 5747 rem
3428 5696 3553 5745 esss
