4044 6200
487 272 595 327 ὄὸὕ

1476 263 1533 315 S.
1563 260 1838 317 CYRILLI
1863 259 2337 317 ALEXANDBINI
2379 262 2702 318 ARCHIEP.

3622 265 3725 324 556

482 380 774 450 comperit,
797 394 922 435 cum
965 385 1077 434 tota
1106 376 1268 431 domo
1298 373 1561 440 Salvator,
1593 372 1841 427 miraculi
1878 358 2051 427 virtu-

2155 390 2265 443 ρως
2298 373 2622 440 ἐδιδάσκετο,
2654 370 2882 436 σώζεται
2910 372 3147 439 πανοικὶ,
3171 372 3268 445 τὴν
3295 371 3391 428 τοῦ
3430 375 3726 448 παραδόξου

485 484 594 531 tem
653 473 874 527 Christo
921 469 1204 533 tribuens,
1243 476 1296 521 et
1347 466 1637 536 quemdam
1696 464 1864 520 veluti
1912 466 2050 535 grati

487 563 656 620 animi
692 562 950 624 fructum,
982 556 1275 612 ﬁrmiorem
1310 571 1505 626 nempe
1537 555 1723 621 ﬁdem,
1755 555 2012 614 oﬂ‘erens.

554 740 619 804 ν,
650 739 763 794 1-4.
800 738 931 791 Post
970 736 1080 790 lucc
1119 744 1234 788 erat
1273 735 1384 788 dies
1426 734 1590 803 [estus
1629 731 1962 800 Judworum,
2000 741 2051 787 et

485 826 720 883 ascendit
753 824 906 880 Iesus
957 822 1401 893 Hierosolymam.
1435 821 1532 877 Est
1579 832 1755 876 autem
1792 821 2051 877 Hieroso-

486 921 641 992 lymis
672 918 946 987 probatica
978 916 1202 986 piscina,
1225 930 1342 984 qua:
1365 913 1764 983 cognominatur
1794 911 2054 967 Hebraice

484 1008 794 1070 Bethsaida,
820 1008 1043 1076 quinque
1086 1007 1321 1075 porticus
1372 1005 1588 1061 habens.
1618 1002 1687 1058 In
1718 1004 1800 1059 Itis
1839 1003 2054 1074 jacebat

485 1102 768 1158 multitudo
818 1116 1009 1170 magna
1059 1100 1441 1169 languentium,
1495 1112 1777 1160 caecorum,
1831 1096 2053 1152 claudo-

486 1213 625 1262 rum,
645 1192 941 1257 aridorum,
961 1192 1377 1261 exspectantium
1404 1204 1556 1261 aquae
1580 1197 1802 1244 motum.
1820 1187 2053 1259 Angelus

484 1288 625 1344 enim
654 1285 870 1340 Domini
901 1281 1247 1338 descendebat
1279 1281 1566 1355 secundum
1595 1290 1791 1349 tempus
1815 1279 1869 1333 in
1893 1279 2056 1348 pisci-

485 1392 630 1442 nam,
662 1383 710 1429 et
751 1371 1056 1427 movebatur
1086 1385 1246 1441 aqua.
1280 1368 1350 1423 Et
1401 1370 1490 1439 qui
1522 1369 1672 1440 prior
1701 1367 2054 1422 descendisset

483 1469 540 1523 in
574 1466 837 1536 piscinam
886 1470 1002 1532 post
1050 1461 1332 1516 motionem
1386 1470 1558 1530 aqute,
1600 1475 1763 1515 sanus
1811 1457 1972 1528 ﬁebat
2019 1474 2054 1513 α

483 1572 787 1630 quacunque
816 1552 1147 1610 detinebatur
1171 1552 1502 1624 inﬁrmitate.

2153 464 2383 536 δύναμιν
2411 465 2631 528 ἀναθεὶς
2660 463 2736 535 τῷ
2756 465 2974 536 Σωτῆρι
3002 464 3243 536 Χριστῷ,
3274 465 3370 519 καὶ
3393 465 3583 538 ῶσπερ
3606 472 3726 523 τινὰ

2165 558 2253 625 ;ἦς
2299 556 2392 609 ἐπὶ
2431 556 2637 620 τούτοις
2674 556 3024 628 εὐχαριστίας
3067 556 3278 626 καρπὸν
3320 557 3726 633 ἀσφαλεστέραν

2154 650 2448 719 προσάγων
2477 648 2575 720 τὴν
2608 649 2809 703 πίστιν.
3722 679 3727 684 ~

2224 741 2385 795 Μετὰ
2416 741 2601 796 ταῦτα
2628 738 2709 812 ἦν
2731 741 2769 808 ή
2801 740 2977 809 ἑορτὴ
3002 739 3122 796 τῶν
3155 741 3478 809 Ἰουδαίων,
3502 742 3600 798 καὶ
3625 744 3727 799 ἁν-

2152 832 2257 900 έϐη
2295 835 2329 887 ὁ
2382 833 2611 901 Ἰησοῦς
2651 836 2738 899 είς
2774 833 3173 903 Ἱεροσόλυμα.
3217 836 3384 889 Ἔστι
3408 834 3476 889 δὲ
3509 836 3581 890 ἑν
3604 837 3726 901 τοῖς

2165 924 2594 993 Ἰεροσοαύμοις
2636 923 2733 976 ἐπὶ
2759 922 2835 992 τῇ
2861 922 3189 993 προϐατικῇ
3227 926 3609 998 κολυμϐήθρᾳ
3629 965 3646 992 ,
3685 929 3722 996 ή

2152 1014 2547 1085 ἐπιλεγομένη
2601 1015 2891 1084 Ἐϐραϊστὶ
2939 1012 3217 1084 Βηθεσδὰ
3237 1057 3251 1082 ,
3312 1015 3491 1070 πέντε
3540 1019 3725 1084 στοὰς

2152 1109 2404 1176 ἔχουσα.
2448 1110 2545 1162 Ἐν
2574 1109 2817 1173 ταύταις
2846 1106 3145 1162 κατέκειτο
3165 1105 3396 1174 πλῆθος
3429 1106 3586 1162 πολὺ
3608 1106 3725 1161 τῶν

2153 1198 2593 1266 ἀσθενούντων,
2617 1199 2883 1269 τυφλῶν,
2910 1197 3142 1269 χωλῶν,
3170 1198 3386 1267 ξηρῶν,
3411 1198 3722 1269 ἐκδεχομέ-

2152 1305 2278 1344 νων
2304 1288 2419 1358 τὴν
2457 1290 2562 1345 τοῦ
2592 1289 2809 1355 ὕδατος
2841 1289 3108 1360 κίνησιν.
3158 1289 3433 1360 Ἀγγελος
3471 1288 3580 1361 τὰρ
3607 1293 3721 1345 Ku-

2146 1379 2286 1448 ρίου
2317 1380 2467 1435 κατὰ
2494 1379 2701 1450 καιρὸν
2724 1380 3068 1435 κατέϐαινεν
3101 1380 3170 1435 ἐν
3217 1378 3294 1450 τῇ
3321 1380 3716 1450 κολυμϐήθρᾳ,

2156 1469 2253 1524 καὶ
2276 1468 2575 1539 ἐτάρασσε
2601 1471 2666 1525 τὸ
2690 1469 2865 1539 ὕδωρ.
2892 1470 2947 1522 '0
2977 1463 3091 1524 οὖν
3120 1467 3348 1538 πρῶτος
3374 1469 3554 1538 ἐμϐὰς
3571 1470 3717 1539 μετὰ

2156 1561 2558 1632 τὴνβαραχὴν
2584 1561 2690 1617 τοῦ
2712 1561 2951 1629 ὕδατος,
2975 1561 3152 1633 ὑγιὴς
3164 1560 3414 1633 ἐγίνετο,
3429 1560 3477 1626 ᾧ
3499 1560 3716 1630 δήποτε

2157 1653 2461 1724 κατείχετο
2489 1654 2804 1723 νοσήματι.

528 1721 671 1781 ‘Non
717 1734 926 1780 temere
974 1725 1167 1780 beatus
1216 1723 1557 1795 evangelista
1610 1724 1888 1796 praedictis
1919 1739 2051 1781 con-

2225 1744 2301 1799 Οὐ
2322 1710 2505 1816 μάτην
2525 1710 2684 1809 εὐθύς
2711 1744 3066 1800 ἑπισυνάπτει
3090 1746 3202 1809 τοῖς
3227 1710 3531 1818 εἰρημένοις
3550 1743 3580 1795 ὁ
3608 1752 3717 1813 μα-

482 1821 663 1892 jungit
704 1816 1007 1872 Salvatoris
1041 1817 1095 1870 in
1130 1816 1322 1872 urbem
1364 1814 1870 1887 Hierosolymorum
1927 1817 2054 1873 red-

487 1920 645 1979 itum;
671 1910 765 1967 sed
795 1910 843 1965 ei
872 1909 1218 1980 propositum
1246 1915 1363 1963 erat
1394 1907 1711 1974 ostendere,
1730 1918 1789 1963 ut
1812 1908 2051 1977 videtur,

485 2011 753 2075 quantum
807 2001 1127 2071 alienigenae
1179 1996 1382 2059 Judaeis
1434 1998 1726 2054 obedieudi
1792 1998 2053 2056 facultate

483 2100 835 2167 praestarent,
875 2098 930 2145 et
971 2094 1181 2160 quanta
1227 2094 1550 2143 cerneretur
1586 2088 1642 2142 in
1671 2088 1927 2158 utrisque
1964 2088 2051 2142 in-

484 2185 634 2258 genii
677 2199 741 2239 ac
771 2195 984 2237 morum
1029 2176 1366 2235 dilierentia.
1411 2177 1526 2234 Hoc
1558 2179 1708 2234 enim
1751 2186 1915 2249 pacto
1964 2178 2053 2234 di-

483 2291 642 2335 scere
682 2274 902 2339 licebat,
935 2272 1088 2341 justo
1127 2270 1557 2339 cunetipolentis
1594 2270 1688 2325 Dei
1730 2268 1961 2340 judicio,
1998 2277 2052 2325 et

482 2380 777 2441 personam
831 2364 1083 2432 accipere
1114 2361 1419 2417 nescientis
1466 2358 1722 2416 lsraelem
1769 2376 1863 2431 spe
1905 2361 2054 2416 exci-

484 2464 636 2527 dere,
674 2466 727 2515 et
758 2460 811 2514 iu
846 2457 968 2528 ejus
1007 2456 1191 2510 locum
1231 2454 1474 2522 gentium
1521 2454 1929 2509 multitudinem
1968 2455 2054 2509 in-

483 2553 633 2608 duci.
664 2551 841 2605 Grave
886 2553 1069 2603 autem
1100 2560 1211 2600 non
1240 2546 1344 2601 erit
1380 2544 1674 2601 collatione
1706 2546 1943 2616 capitum
1988 2561 2053 2603 ea

482 2661 604 2717 quae
626 2646 888 2700 dicuntur
911 2640 1237 2714 expendere.
1262 2636 1515 2695 Ostendit
1543 2638 1713 2709 igitur
1740 2639 1916 2709 ipsum
1945 2653 2053 2693 uno

481 2735 700 2806 quidem
733 2732 1008 2789 miraculo
1045 2729 1521 2784 Samaritanorum
1555 2729 1744 2783 urbem
1776 2743 2051 2795 servasse.

480 2828 592 2881 alio
640 2824 825 2880 itidem
881 2824 1033 2876 illum
1076 2820 1350 2892 regulum,
1381 2829 1436 2874 et
1484 2835 1584 2890 per
1620 2820 1753 2874 illud
1792 2820 1913 2889 ejus
1958 2822 2055 2877 do-

484 2919 599 2973 mui
631 2916 916 2989 suppetias
944 2913 1170 2969 omnino
1210 2912 1423 2968 tulisse.
1456 2910 1720 2968 Testatus
1749 2921 1931 2966 autem
1965 2911 2054 2967 bis

479 3008 669 3065 verbis
717 3004 1192 3079 promptissimum
1241 3015 1367 3056 esse
1417 3000 1743 3072 alienigenis
1796 3001 1865 3056 ad
1917 3002 2050 3057 obe-

484 3100 743 3158 diendum
779 3096 1049 3161 studium,
1082 3106 1307 3148 rursum
1347 3090 1725 3164 Hierosolyma
1760 3092 1913 3147 illum
1951 3093 2054 3148 mi-

484 3192 799 3250 raculorum
850 3188 1119 3244 editorem
1171 3185 1421 3250 reducit,
1460 3196 1515 3240 et
1550 3200 1663 3241 rem
1703 3183 1814 3242 Deo
1850 3200 2059 3242 conve-

485 3284 725 3340 uientem
777 3280 960 3335 facere
1014 3277 1274 3333 ostendit.
1315 3275 1626 3331 lnveterato
1669 3277 1815 3332 enim
1865 3278 2055 3332 morbo

440 3388 454 3403 ί
484 3375 843 3448 paralyticum
894 3371 1116 3437 liberat,
1147 3369 1308 3425 sicuti
1363 3367 1625 3421 nimirum
1668 3368 2053 3424 moribundum

484 3467 660 3539 reguli
693 3464 889 3520 illium.
923 3461 1029 3516 Sed
1058 3461 1148 3516 hic
1173 3475 1295 3513 eum
1323 3459 1580 3516 universa
1610 3457 1773 3516 domo
1797 3460 2052 3527 credidit,

485 3567 540 3613 et
592 3556 762 3613 Deum
825 3556 1113 3610 confessus
1173 3559 1260 3607 est
1308 3548 1497 3608 Jesum
1546 3571 1559 3606 :
1609 3552 1712 3616 illi,
1765 3568 1890 3608 cum
1930 3570 2053 3609 eum

485 3650 651 3722 206
699 3646 961 3703 admirari
1017 3646 1299 3710 deberent,
1341 3645 1489 3699 illico
1522 3644 1591 3699 ad
1640 3642 1843 3698 caedem
1889 3644 2055 3716 depo-

484 3750 670 3806 scunt,
702 3749 755 3795 et
787 3737 1193 3795 benefactorem
1238 3751 1423 3800 suum,
1455 3750 1556 3791 ceu
1582 3735 1856 3807 iniquum,
1890 3737 2056 3808 impie

484 3839 914 3905 persequuntur,
946 3829 1051 3903 i'psi
1085 3846 1145 3886 se
1180 3829 1520 3901 turpissimae
1558 3831 1638 3885 rei
1682 3829 2055 3886 condemnan-

484 3934 591 3989 tes,
626 3937 723 3993 per
754 3936 915 3993 quam
952 3921 1387 3991 alienigenarum
1443 3920 1728 3990 sapientia:
1759 3927 1815 3975 et
1862 3920 2056 3992 pietati

483 4017 539 4071 in
574 4014 858 4072 Christum
892 4014 1054 4084 longe
1082 4011 1371 4083 postpositi
1401 4012 1844 4082 comperiuntur.
1878 4012 2056 4084 Atque

483 4110 590 4166 hoc
614 4117 700 4166 est
731 4115 881 4164 certe
907 4106 1052 4178 quod
1077 4105 1135 4160 iu
1162 4103 1400 4159 Psalmis
1429 4103 1637 4158 dicitur
1661 4103 1736 4160 de
1767 4104 1900 4174 ipsis
1930 4118 2056 4159 ora-

2153 1835 2342 1908 κάριος
2390 1835 2779 1909 εὐαγγελιστὴς
2838 1836 2939 1907 τὴν
2974 1836 3220 1890 ἐντεῦθεν
3265 1838 3345 1900 είς
3381 1835 3718 1907 Ἱεροσόλυμα

2152 1928 2245 1981 τοῦ
2278 1912 2806 2000 Σωτῆροςὲπάνοδον
2826 1944 2841 1960 ο
2866 1928 2982 1983 ἀλλ’
3011 1924 3276 2000 ἦναύτῷ,
3304 1927 3448 2019 κατα
3470 1926 3530 1981 τὸ
3553 1926 3715 1990 είκὸς,

2153 2018 2411 2084 ἐπιδεῖξαι
2444 2020 2644 2083 σκοπὸς
2665 2061 2678 2084 ,
2725 2023 2857 2091 ὅσον⁴
2873 2020 2969 2091 μὲν
3007 2019 3262 2090 ἀμείνους
3294 2020 3372 2081 είς
3415 2017 3721 2071 εὐπείθειαν

2164 2108 2433 2163 Ἰουδαίων
2481 2108 2812 2179 ἀλλογενεῖς,
2855 2109 2995 2180 πόση
3027 2109 3085 2162 δὲ
3119 2109 3175 2161 ἐν
3217 2109 3426 2183 ’ἀμφοῖν
3472 2104 3637 2171 ἒξεώς
3661 2122 3721 2158 τε

2151 2200 2247 2253 καὶ
2276 2200 2494 2270 τρόπων
2528 2202 2721 2271 ὁρᾶται
2751 2201 3003 2271 διαφορά.
3052 2196 3161 2253 Ἦν
3205 2201 3314 2271 γὰρ
3346 2198 3516 2263 οὕτως
3553 2200 3721 2269 ἡμᾶς.

2152 2287 2247 2341 καλ⁸
2275 2287 2374 2357 οὐχ
2396 2288 2597 2359 ἑτέρως
2624 2288 2883 2359 ἐκμαθεῖν
2903 2329 2919 2353 ,
2945 2289 3028 2341 ὅτι
3048 2287 3212 2358 ψήφῳ
3239 2288 3423 2358 δικαία
3456 2287 3549 2341 τοῦ
3583 2287 3722 2341 πάν-

2151 2393 2260 2429 των
2322 2378 2646 2446 κρατοῦντος
2708 2377 2880 2443 Θεοῦ,
2934 2378 3028 2430 καὶ
3091 2376 3378 2450 ἀνθρώπου
3434 2378 3725 2448 πρόσωπον

2151 2469 2253 2521 οὐκ
2276 2467 2481 2530 εἰδότος
2506 2469 2711 2535 λαϐεῖν,
2743 2470 3043 2523 ἀποπίπτει
3074 2469 3172 2540 μὲν
3205 2470 3428 2532 εἰκότως
3451 2470 3550 2541 τῆς
3575 2471 3728 2523 ἑλπί-

2151 2559 2236 2622 δος
2258 2560 2287 2611 ὁ
2325 2558 2557 2631 Ἰσραὴλ,
2586 2560 2995 2633 ἀντεισφέρεται
3014 2559 3069 2612 δὲ
3102 2559 3211 2616 τῶν
3239 2560 3408 2616 ἐθνῶν
3439 2562 3472 2634 ἡ
3496 2560 3725 2634 πληθύς.

2152 2652 2401 2707 Χαλεπὸν
2431 2653 2487 2706 δὲ
2518 2654 2667 2707 οὐδὲν
2703 2657 2767 2726 τῇ
2810 2655 2917 2708 τῶν
2956 2654 3264 2730 κεφαλαίων
3299 2656 3728 2727 ἀντιπαραθέσει

2156 2742 2590 2812 προσϐλέποντας
2617 2743 2715 2814 τὴν
2749 2745 2839 2797 ίὲπλ⁸
2867 2746 2978 2806 τοῖς
3000 2744 3312 2814 λεγομένοις
3333 2744 3602 2798 ποιεῖσθαι
3638 2744 3730 2815 βά-

2157 2850 2334 2888 σανον.
2364 2833 2573 2900 Ἔδειξε
2595 2836 2772 2890 τοίνυν
2793 2834 2954 2888 αὐτὸν
2977 2834 3058 2888 ἑνὶ
3078 2834 3179 2904 μὲν
3196 2834 3403 2904 σημείῳ
3425 2830 3730 2905 τὴνΣαμαο

2158 2925 2350 2997 ρειτῶν
2376 2925 2732 2982 ἀνασώσαντα
2773 2927 2925 2982 πόλιν
2946 2967 2961 2991 ,
2988 2926 3069 2979 ἐνὶ
3095 2924 3153 2978 δὲ
3177 2926 3438 2989 ὡσαύτως
3462 2925 3552 2979 τὸν
3580 2925 3729 2995 βασι-

2154 3015 2327 3084 λικὸν,
2352 3018 2445 3071 καὶ
2471 3018 2539 3071 δι’
2560 3019 2769 3073 ἐκείνου
2790 3020 2917 3082 τούς
2948 3019 3005 3073 ἐν
3028 3019 3167 3090 αὐτῇ
3197 3018 3410 3080 πάντως
3438 3017 3611 3087 δήπου
3633 3016 3731 3071 καὶ

2155 3106 2274 3160 λίαν
2305 3108 2649 3180 ὠφεληκότα.
2668 3110 3153 3183 Ἐπιμαρτυρήσας
3175 3110 3233 3163 δὲ
3253 3109 3341 3163 διὰ
3362 3108 3565 3163 τούτων
3590 3109 3729 3164 πολύ

2153 3200 2215 3254 τὸ
2244 3201 2531 3273 πρόχειρον
2567 3204 2678 3266 τοῖς
2718 3202 3059 3271 ἁλλογενέσιν
3092 3203 3171 3265 είς
3200 3201 3540 3262 εὐπείθειαν,
3593 3204 3731 3254 ἁναο

2155 3290 2314 3361 φέρει
2380 3290 2542 3345 πάλιν
2587 3293 2665 3356 είς
2732 3292 3082 3363 Ἰεροσόλυμα
3139 3291 3232 3345 τὸν
3290 3290 3725 3360 θαυματουργὺν,

2156 3383 2390 3454 πρᾶγμα
2415 3383 2471 3436 δὲ
2502 3383 2802 3455 θεοπρεπὲς
2831 3384 3180 3438 ἐπιτελοῦντα
3209 3382 3458 3437 δεικνύει.
3496 3381 3731 3435 ἰῖαλαιο-

2154 3473 2322 3544 τάτης
2355 3473 2473 3547 γὰρ.
2494 3475 2813 3545 παραδόξως
2851 3474 3128 3544 ἐλευθεροῖ
3158 3473 3248 3527 τὸν
3288 3472 3599 3545 παραλύτην
3636 3472 3731 3525 νό-

2156 3581 2273 3628 σου,
2297 3564 2486 3636 ὥσπερ
2513 3561 2606 3619 οὖν
2625 3566 2817 3636 ἀμέλει
2846 3565 3178 3621 θανατοῦντα
3202 3565 3296 3620 τοῦ
3328 3562 3601 3637 βασιλικοῦ
3633 3561 3728 3616 τὸν

2155 3653 2304 3708 Υίόν.
2344 3654 2483 3706 Ἀλλ’
2516 3656 2544 3707 ὁ
2577 3657 2674 3727 μὲν
2699 3656 2987 3710 ἐπίστευσε
3016 3657 3271 3721 πανοικὶ,
3300 3657 3395 3710 καὶ
3418 3655 3549 3708 Θεὸν
3577 3655 3728 3723 ὡμο-

2154 3746 2302 3813 λόγει
2333 3745 2424 3800 τὸν
2447 3746 2679 3818 Ἰησοῦψ
2718 3749 2768 3802 ot
2793 3748 2870 3812 δὲ,
2895 3746 3370 3818 καταπλήττεσθαι
3393 3746 3530 3808 δέον,
3547 3743 3729 3815 φονῶα

2159 3856 2242 3892 σιν
2265 3839 2426 3902 εὐθὺς
2447 3878 2461 3904 ,
2505 3839 2599 3893 καὶ
2622 3839 2877 3893 διώκουσι
2898 3838 3171 3901 δυσσεϐῶς
3208 3838 3283 3901 ὡς
3312 3834 3732 3908 παρανομοῦντα

2155 3927 2248 3982 τὸν
2267 3926 2580 3998 εὐεργέτην,
2600 3928 2756 3983 αὐτοὶ
2778 3928 2897 3983 καθ’
2923 3927 3133 3982 ἑαυτῶν
3160 3927 3259 3999 τὴν
3278 3927 3369 3980 ἐπὶ
3389 3928 3499 3986 τοῖς
3518 3924 3733 3994 αἰσχίο-

2159 4035 2243 4072 σιν
2277 4019 2548 4091 ὁρίζοντες
2585 4019 2792 4090 ψῆφον,
2820 4021 2906 4087 ,δι’
2937 4013 3014 4073 ὧν
3058 4019 3156 4089 τῆς
3192 4020 3249 4072 ὲν
3282 4020 3393 4082 τοῖς
3420 4015 3732 4091 ἀλλογενέσι

2160 4107 2443 4172 συνέσεως,
2462 4108 2556 4162 καὶ
2586 4109 2685 4178 τῆς
2715 4110 2795 4173 εἰς
2825 4108 3060 4180 Χριστὸν
3096 4107 3379 4170 εὐλαϐείας
3420 4092 3594 4159 ὀπίσω
3624 4120 3728 4158 πε-

482 4203 632 4256 tione
674 4199 743 4254 ad
798 4197 1083 4254 Dominum
1138 4193 1325 4251 Jesum
1367 4208 1635 4249 conversa
1671 4212 1683 4249 :
1724 4213 1744 4247 ι
1781 4194 2051 4262 Quoniam

2159 4199 2343 4263 σόντες
2378 4200 2710 4256 ἁλίσκονται.
2749 4200 2861 4256 Καὶ
2893 4200 3052 4256 τοῦτο
3068 4196 3137 4272 ἦν
3166 4201 3275 4272 ἄρα
3303 4200 3366 4253 τὺ
3391 4182 3516 4270 περὶ
3545 4195 3728 4252 αὐτῶν

481 4307 655 4364 pones
681 4305 778 4344 eos
815 4291 1043 4343 dorsum
1076 4288 1145 4341 ἰ.
1193 4306 1214 4340 ι
1251 4285 1387 4340 Nam
1412 4286 1508 4357 qui
1536 4287 1700 4357 primi
1725 4286 1798 4342 ob
1828 4288 2051 4344 electio-

2157 4291 2216 4345 ὲν
2246 4290 2496 4362 Ψαλμοῖς
2524 4292 2811 4365 εἰρημένον
2829 4332 2844 4356 ,
2871 4292 2948 4356 ὡς
2972 4292 3109 4363 πρὸς
3135 4292 3227 4346 τὸν
3249 4290 3452 4364 Κύριον
3486 4287 3724 4360 ἰησοῦνο

482 4397 605 4436 nem
640 4388 857 4450 patrum
915 4377 1207 4434 constituti
1256 4384 1408 4443 sunt,
1452 4377 1633 4432 ultimi
1664 4388 1722 4433 et
1770 4387 1896 4450 post
1924 4395 2051 4451 gen-

2164 4400 2182 4434 ι
2207 4382 2328 4437 Ὅτι
2359 4382 2545 4454 θήσεις
2587 4383 2784 4447 αὐτοὺς
2820 4382 3007 4440 νῶτον.
3047 4402 3067 4436 ι
3099 4384 3162 4437 Οἱ
3194 4381 3303 4453 γὰρ
3326 4380 3532 4453 πρῶτοι
3557 4395 3729 4434 κατα-

480 4473 617 4525 ιὶιιιη
645 4468 991 4524 vocationem
1040 4467 1267 4523 venient
1300 4483 1319 4521 :
1358 4486 1376 4519 ι
1423 4466 1563 4522 Cum
1592 4469 1739 4524 enim
1770 4470 2051 4540 plenitudo

2155 4474 2476 4546 τεταγμένοι
2510 4475 2604 4530 διὰ
2626 4475 2726 4547 τὴν
2750 4475 2860 4529 τῶν
2893 4473 3144 4546 πατέρων
3172 4471 3449 4543 ὲπιλογὴν,
3485 4469 3726 4541 ὕστεροι,

480 4562 727 4636 gentium
798 4559 1118 4622 intraverit,
1178 4566 1311 4614 tunc
1377 4561 1560 4615 omnis
1633 4559 1804 4617 Israel
1866 4562 2051 4621 salvus

2155 4568 2251 4620 καὶ
2293 4568 2524 4622 κατόπιν
2567 4567 2670 4638 τῆς
2722 4566 2832 4621 τῶν
2880 4566 3049 4621 ἐθνῶν
3080 4564 3390 4637 βαδιοῦνται
3439 4562 3683 4634 κλήσεως
3706 4575 3724 4588 ·

484 4658 577 4710 [iet
614 4656 681 4706 ”.
725 4671 744 4705 ι
805 4651 962 4707 Hunc
1013 4651 1175 4706 nobis
1244 4651 1770 4720 contemplationum
1822 4669 2051 4726 scopum

2159 4658 2357 4713 «Ὅταν
2383 4659 2491 4731 γὰρ
2511 4659 2572 4712 τὺ
2595 4658 2866 4730 πλήρωμα
2886 4659 2991 4712 τῶν
3013 4657 3182 4712 ἐθνῶν
3206 4656 3441 4730 εἰσέλθῃ,
3469 4655 3590 4708 τότε
3615 4653 3732 4717 πᾶς

485 4746 627 4817 parit
658 4742 964 4799 concinnus
1000 4742 1093 4796 ille
1128 4741 1368 4810 capitum
1396 4741 1538 4797 ordo
1569 4755 1636 4797 ac
1681 4757 1990 4804 consensus
2032 4766 2046 4804 :

482 4835 761 4908 sigillatim
816 4846 946 4887 vero
995 4830 1395 4887 versiculorum
1451 4832 1780 4890 sententiam
1845 4851 2049 4908 expen-

372 4954 379 4959 θ
480 4928 701 4984 deuius.

550 5106 619 5175 V,
644 5108 698 5177 5,
722 5107 775 5165 6.
818 5106 953 5161 Erat
991 5115 1165 5162 autem
1204 5106 1421 5178 quidam
1461 5108 1616 5164 homo
1647 5108 1719 5163 ibi
1758 5112 1978 5182 triginta
1997 5123 2050 5167 et

480 5211 597 5254 octo
626 5217 791 5256 annos
828 5198 1022 5254 habens
1061 5199 1115 5252 in
1150 5199 1464 5267 inﬁrmitate
1489 5216 1611 5255 sua.
1641 5199 1797 5256 IIunc
1832 5219 1951 5257 cum
1979 5205 2049 5259 ui-

478 5290 645 5344 disset
672 5289 828 5346 Jesus
861 5292 1147 5361 jacentem,
1170 5299 1220 5345 et
1260 5307 1380 5345 cum
1419 5294 1744 5362 cognovisset
1775 5295 1898 5362 quia
1928 5296 2044 5364 jam

479 5379 701 5432 multum
735 5390 932 5447 tempus
970 5379 1203 5435 haberet.

547 5469 874 5539 Azymorum
932 5469 1069 5525 festo
1118 5484 1151 5523 a
1206 5466 1412 5523 iudicis
1465 5470 1763 5536 celebrato,
1819 5473 1876 5527 in
1932 5488 2042 5542 quo

550 5639 593 5672 ’³
644 5640 785 5697 Psni.
824 5658 911 5703 xx,
946 5643 1024 5695 l5.
1102 5640 1146 5671 ²¹
1176 5638 1330 5694 Rom.
1368 5656 1443 5703 xl,
1478 5642 1569 5707 9.5,
1606 5643 1693 5696 ‘26.

2164 4748 2379 4818 Ἰσραὴλ
2410 4748 2738 4819 σωθήσεταυ
2778 4768 2796 4801 ι
2825 4748 3015 4802 τοῦτον
3052 4748 3185 4819 ἡμῖν
3216 4746 3326 4799 τῶν
3351 4743 3733 4815 θεωρημάτων

2154 4837 2332 4892 ὠδίνει
2363 4834 2454 4892 τὸν
2488 4837 2688 4892 σκοπὸν
2728 4841 2827 4911 τῆς
2872 4839 2979 4893 τῶν
3015 4836 3325 4906 κεφαλαίων
3373 4834 3644 4905 συνθήκης
3690 4833 3733 4904 ἠ

2160 4928 2431 5002 εὔρυθμος
2458 4930 2639 4996 τάξις·
2682 4930 3022 5002 ποιησόμεθα
3045 4930 3104 4983 δὲ
3136 4928 3278 4983 κατὰ
3309 4927 3474 5000 μέρος
3502 4924 3597 4980 καὶ
3623 4924 3732 4996 τῆς

2158 5022 2216 5076 ὲν
2239 5024 2351 5085 τοῖς
2372 5021 2572 5092 στίχοις
2590 5022 2833 5086 διανοίας
2855 5020 3053 5093 ἀκριϐῆ
3080 5018 3174 5090 τὴν
3194 5019 3441 5090 ζήτησιν.

2226 5109 2338 5168 Ἦν
2359 5111 2427 5166 δέ
2474 5130 2567 5180 τις
2591 5113 2900 5183 ἇνθραλτος
2935 5112 3062 5166 ἐκεῖ
3091 5110 3404 5180 τριάκοντα
3433 5107 3532 5161 καὶ
3571 5105 3734 5160 ὀκτὼ

2151 5204 2255 5271 ἐτη
2287 5202 2445 5274 ἔχων
2472 5204 2544 5258 ἐν
2589 5203 2664 5273 τῇ
2696 5204 2981 5270 ἀσθενείᾳ
3021 5201 3228 5257 αὐτοῦ.
3278 5200 3498 5255 Τοῦτον
3522 5196 3663 5252 ίδὼν
3692 5199 3732 5253 ὀ

2165 5295 2396 5363 Ἰησοῦς
2422 5297 2851 5366 κατακείμενον
2868 5334 2883 5361 ,
2924 5293 3023 5348 καί
3046 5292 3231 5363 γνοὺς
3258 5291 3349 5345 ὅτι
3376 5288 3577 5344 πολὺν
3600 5285 3729 5356 ἤδη

2150 5386 2374 5455 χρόνον
2400 5384 2543 5453 ἔχει.

2219 5475 2330 5547 Τὴν
2370 5476 2460 5529 ἐπὶ
2504 5477 2616 5540 τοῖς
2654 5475 2885 5548 ἀζύμοις
2912 5472 3103 5546 ἑορτὴν
3144 5468 3569 5526 ἐπιτελεσάντων
3612 5467 3730 5522 τῶν
