4038 6210
533 295 640 356 339

1521 303 1580 360 S.
1621 301 1902 369 ογιιιιιι
1928 302 2402 361 ALEXANDRINI
2436 303 2754 360 ARCHlEP.

3691 306 3794 364 340

604 409 671 476 ν,
711 413 837 481 7,8.
874 415 1134 482 Domine,
1171 415 1436 486 hominem
1482 434 1588 473 non
1636 419 1831 488 habeo,
1877 430 1937 474 ut
1990 438 2073 476 cui

2179 464 2186 483 ι
2284 422 2477 491 Κύριε,
2497 419 2811 488 ἄνθρωπον
2839 417 2947 472 οὐκ
2977 417 3094 488 ἔχω
3115 419 3236 486 ἵνα,
3266 419 3412 474 ὅταν
3432 419 3698 489 ταραχθῇ
3727 421 3794 474 τι)

533 505 746 561 turbata
780 508 944 578 fuerit
979 525 1138 580 aqua,
1176 509 1354 564 mittat
1406 526 1487 564 me
1531 512 1585 565 in
1625 512 1893 581 piscinam
1928 530 1946 568 :
1986 515 2073 568 du:

2219 513 2397 584 ὕδωρ,
2427 511 2653 582 ἐμϐάλῃ
2683 528 2759 581 με
2779 511 2861 577 είς
2889 509 3002 578 τὴν
3031 511 3453 580 κολυμϐήθραν
3473 527 3485 540 ο
3506 511 3574 563 ἐν
3605 505 3653 578 ᾧ
3686 514 3795 582 γὰρ

528 597 674 650 venio
714 601 852 653 enim
890 617 1016 671 ego,
1062 601 1204 656 alius
1245 611 1372 657 ante
1411 619 1494 658 me
1537 602 1828 660 descendit.
1877 603 2020 660 Dicit
2063 627 2073 661 ι

2215 604 2457 674 ἔρχομαι
2494 603 2637 672 ἐγὼ,
2672 603 2862 678 ἄλλος
2891 601 3004 670 πρὸ
3046 602 3191 673 ἐμοῦ
3215 604 3575 658 καταϐαίνει.
3625 605 3789 673 Λέγει

525 684 684 740 Iesus
712 702 732 741 :
772 685 962 758 Surge.

595 777 756 833 Circa
787 779 936 834 diem
976 790 1182 836 sanetae
1230 779 1587 839 Pentecostes
1642 783 1823 856 angeli
1873 785 2107 843 descen-

2211 695 2373 762 αὐτῷ
2392 699 2426 750 o'
2467 695 2696 764 Ἰησοῦς
2721 713 2733 725 ·
2761 698 3032 764 Ἐγειραι.

2284 787 2440 842 Κατὰ
2461 788 2558 858 τὴν
2593 787 2809 858 ἡμέραν
2848 789 2945 856 τῆς
2983 786 3141 855 ἁγίας
3179 786 3586 856 Πεντηκοστῆς,
3623 788 3787 854 ἄγγε·

521 870 715 926 dentes
745 871 814 928 de
840 874 983 928 cualo
1009 874 1232 944 piscina
1265 889 1465 945 aquam
1489 875 1810 945 turbabant,
1841 894 1904 933 ex
1929 895 2069 951 eoqn

2208 881 2289 934 λοι
2323 878 2756 946 καταφοιτῶντες
2797 877 2855 942 ἐξ
2900 877 3126 948 ούρανοῦ
3171 877 3231 930 τὸ
3274 880 3372 946 τῆς
3403 876 3787 946 κολυμϐήθρας

521 977 718 1016 sonum
749 965 990 1020 edebant
1016 967 1070 1021 in
1105 966 1326 1035 signum
1359 983 1472 1024 sua
1504 971 1830 1039 praesentiae.
1865 971 1932 1027 Et
1958 987 2102 1044 aqua

518 1065 584 1104 ex
616 1054 826 1108 sanctis
860 1055 1157 1125 spiritibus
1183 1057 1659 1113 sanetiiicabatur.
1705 1059 1864 1125 Quod
1896 1061 1942 1117 si
1975 1065 2101 1133 quis

464 1192 473 1207 ,
518 1155 581 1197 ex
617 1148 1009 1213 aegrotandum
1062 1148 1223 1204 turba
1254 1149 1412 1219 prius
1450 1165 1616 1222 quam
1645 1153 1828 1208 caeteri
1867 1152 2101 1210 descen-

517 1235 713 1301 disset,
739 1239 904 1309 208
929 1239 1182 1310 deposito
1204 1240 1404 1298 infesto
1433 1243 1626 1298 morbo
1657 1257 1828 1300 sanus
1859 1245 2096 1312 redibat,

516 1329 614 1384 sed
648 1332 960 1387 sanationis
1009 1333 1092 1388 vis
1129 1339 1186 1388 et
1231 1333 1372 1399 ratio
1402 1334 1454 1389 ei
1490 1343 1705 1389 tantum
1757 1337 2097 1406 congruebat

515 1420 610 1490 qui
660 1421 812 1492 prior
859 1431 1219 1495 occupasset;
1249 1423 1397 1496 quod
1449 1425 1666 1496 signum
1711 1441 1932 1496 quoque
1975 1437 2095 1484 erat

514 1513 711 1570 auxilii
750 1515 904 1571 illius
937 1517 1128 1587 legalis
1167 1532 1268 1587 per
1303 1524 1526 1572 sanctos
1562 1519 1791 1589 angelos
1821 1519 1891 1574 ad
1925 1535 2090 1575 unam

513 1623 579 1664 ac
609 1609 780 1665 solam
809 1607 1126 1663 Judaaorum
1159 1618 1376 1680 gentem
1409 1610 1760 1680 pertinentis,
1791 1627 1857 1668 ac
1883 1613 2089 1668 nullam

2205 969 2561 1040 ἐξετάραττον
2612 968 2796 1039 ὓδωρ,
2863 963 2979 1021 εἶτα
3033 969 3123 1020 τὸν
3189 967 3437 1020 ἐντεῦθεν
3503 967 3786 1022 ἐποιοῦντο

2204 1061 2410 1116 κτύπον
2435 1062 2534 1132 τῆς
2571 1059 2782 1114 ἑαυτῶν
2809 1060 3132 1124 ἐπιστασίας
3169 1060 3262 1113 τὸν
3292 1062 3528 1130 κήρυκα.
3589 1061 3698 1113 Καὶ
3725 1062 3784 1114 τὸ

2204 1152 2304 1222 μὲν
2347 1152 2489 1223 ’ύδωρ
2523 1151 2581 1218 ἐξ
2617 1151 2791 1219 ἁγίων
2819 1150 3145 1220 πνευμάτων
3183 1150 3444 1221 ἠγιάζετο
3467 1164 3480 1175 ‘
3521 1152 3572 1206 ei
3604 1152 3661 1204 δέ
3699 1169 3784 1215 τις

2198 1243 2338 1315 ἔφθη
2381 1240 2766 1315 προκατελθεῖν
2799 1241 2894 1315 τῆς
2937 1240 3046 1294 τῶν
3073 1239 3375 1294 νοσούντων
3409 1240 3684 1310 πληθύος,
3719 1243 3779 1296 τὸ

2199 1331 2480 1404 συντρῖϐον
2525 1332 2687 1387 αὑτὸν
2729 1330 3237 1402 άποφορτισάμενος
3288 1331 3538 1385 ἀνέϐαινε
3583 1333 3776 1396 πάθος,

2194 1426 2274 1489 είς
2305 1425 2402 1482 ἐνα
2445 1423 2501 1478 δὲ
2557 1425 2716 1496 μόνον
2771 1423 2863 1477 τὸν
2915 1422 3342 1494 προαρπάζοντα
3397 1427 3777 1495 συνεμετρεῖτο

2191 1516 2292 1586 τῆς
2316 1515 2611 1587 θεραπείας
2641 1517 2674 1587 η
2701 1514 2951 1585 δύναμις.
2981 1515 3121 1592 Ἀλλξ
3147 1509 3216 1588 ἦν
3243 1515 3519 1570 καὶτοῦτο
3549 1520 3772 1586 σημεῖον

2189 1610 2290 1682 τῆς
2337 1609 2403 1663 δι’
2437 1609 2684 1678 ἀγγέλων
2711 1609 2938 1680 νομικῆς
2966 1609 3229 1679 ὠφελείας
3267 1609 3352 1678 ἐφ’
3393 1608 3452 1666 ἓν
3489 1611 3583 1663 καὶ
3615 1610 3777 1680 μόνον

513 1708 779 1769 praeterea
810 1702 1086 1756 curantis.
1117 1700 1162 1754 A
1194 1701 1312 1756 Dan
1333 1704 1482 1757 etiim
1521 1719 1696 1774 usque
1722 1704 1790 1758 ad
1815 1704 2073 1761 Bersabet

2187 1703 2248 1756 τὸ
2293 1702 2402 1756 τῶν
2445 1701 2714 1756 Ἰουδαίων
2746 1701 2900 1770 γένος
2928 1701 3310 1772 ἐκτεινομένης
3330 1742 3345 1768 ,
3389 1702 3573 1772 ἕτερον
3604 1701 3661 1754 δὲ
3686 1702 3772 1756 ἐπ’

514 1789 757 1846 Mosaica
809 1800 1085 1862 praecepta
1136 1793 1583 1860 praedicabantur
1621 1795 1936 1850 ministrata
1993 1811 2073 1866 pet

2191 1794 2373 1858 αὐτοῖς
2394 1792 2801 1866 θεραπευούσης
2815 1793 3026 1848 οὐδένα.
3045 1794 3177 1847 Ἀπὸ
3201 1793 3310 1864 γὰρ
3329 1793 3436 1846 Δάν
3459 1794 3554 1864 τῆς
3577 1793 3773 1846 καλου-

511 1884 741 1955 angelos
787 1885 845 1939 in
900 1892 1083 1939 monte
1113 1883 1246 1940 Sina
1285 1886 1432 1940 circa
1473 1886 1594 1942 dies
1647 1895 1854 1943 sanctae
1892 1886 2090 1942 Pente-

510 1984 696 2033 costes
742 1977 940 2031 ultimo
985 1978 1322 2033 constitutae.
1374 1977 1610 2048 Ideoque
1664 1979 1892 2050 piscinae
1941 1992 2086 2048 aqua

505 2065 616 2122 alio
656 2077 904 2138 tempore
941 2083 1049 2122 non
1106 2069 1458 2133 turbabatur,
1509 2069 1830 2140 significans
1861 2080 2086 2126 sancto-

506 2173 630 2213 rum
682 2159 1000 2230 angelorum
1032 2157 1086 2212 in
1131 2175 1192 2214 se
1220 2160 1570 2216 descensum.
1603 2159 1948 2231 Paralyticus
1979 2161 2084 2214 ita-

504 2264 612 2318 que
642 2264 768 2304 cum
799 2265 905 2304 non
937 2250 1168 2305 haberet
1198 2266 1228 2305 a
1269 2267 1379 2321 quo
1409 2253 1466 2307 in
1496 2267 1692 2322 aquam
1724 2252 2078 2322 dejiceretur,

503 2349 614 2394 tam
643 2341 893 2396 morbum
914 2357 1076 2413 quam
1105 2342 1350 2413 inopiam
1381 2359 1537 2400 suam
1565 2343 1819 2406 deﬂebat,
1847 2344 2075 2401 dicens:

506 2450 526 2483 ι
573 2430 868 2489 Bominetu
895 2450 1008 2490 non
1043 2435 1240 2501 habeo,
1265 2438 1360 2508 qui
1387 2452 1473 2492 me
1504 2437 1764 2492 nimirum
1790 2437 1847 2490 in
1877 2450 2077 2506 aquam

502 2523 776 2580 demittat.
821 2545 840 2579 ι
876 2526 1245 2600 Exspectabat
1283 2530 1430 2587 enim
1463 2531 1572 2587 sibi
1608 2530 1678 2586 ab
1709 2529 1839 2586 Iesu
1885 2527 2078 2585 datum

501 2617 575 2672 iri
602 2619 920 2676 consilium.

2193 1886 2393 1958 μένης,
2440 1886 2534 1940 καὶ
2566 1887 2670 1948 ἕως
2699 1885 2979 1958 Βηρσαϐεέ
3017 1886 3086 1939 τὰ
3132 1885 3218 1939 διὰ
3253 1886 3494 1949 Μωσέως
3530 1885 3772 1938 ἐλαλεῖτο

2188 1979 2613 2052 προστάγματα,
2653 1978 3041 2047 διακονηθέντα
3071 1978 3136 2031 δι’
3155 1978 3401 2047 ἀγγέλων
3428 1980 3484 2031 ἐν
3513 1978 3770 2048 δρειΣινᾷ

2189 2073 2334 2128 κατὰ
2390 2072 2489 2136 τὰς
2537 2072 2751 2143 ἡμέρας
2799 2072 2899 2142 τῆς
2961 2071 3186 2141 ὕστερον
3244 2069 3554 2142 ὁρισθείσης
3608 2071 3769 2136 ἁγίας

2189 2165 2588 2238 Πεντηκοστῆς.
2645 2165 2744 2218 Διὰ
2773 2164 2881 2234 γάρ
2905 2181 2986 2217 τοι
3013 2163 3202 2228 τοῦτο,
3233 2163 3326 2217 καὶ
3361 2161 3460 2232 τῆς
3491 2161 3769 2232 κολυμϐή-

2188 2255 2324 2326 θρας
2354 2255 2416 2308 τὸ
2447 2253 2590 2325 ὕδωρ
2633 2253 2732 2308 οὐκ
2765 2256 2822 2308 ἐν
2871 2253 3043 2324 ἑτέρῳ
3092 2253 3520 2323 συνεταράττετο
3568 2251 3767 2322 καιρῷ,

2184 2347 2284 2418 τὴν
2311 2347 2420 2400 τῶν
2449 2346 2618 2411 ἁγίων
2644 2344 2890 2413 ἀγγέλων
2929 2345 3008 2406 είς
3042 2344 3201 2397 ἐαυτὸ
3229 2346 3492 2413 σημαῖνον
3524 2343 3610 2395 διὰ
3642 2341 3764 2394 τού-

2184 2457 2277 2493 του
2315 2438 2683 2509 καταδρομήν.
2745 2438 2860 2490 Οὐκ
2906 2437 3043 2506 ἔχων
3070 2435 3358 2506 τοιγαροῦν
3401 2439 3430 2489 ὁ
3458 2433 3767 2504 παράλυτος

2183 2531 2274 2587 τὸν
2305 2532 2385 2593 είς
2412 2530 2472 2582 τὸ
2507 2528 2650 2599 ὕδωρ
2678 2527 3112 2592 ἐξακοντίζοντα,
3149 2527 3287 2597 μετὰ
3320 2526 3414 2580 τοῦ
3450 2526 3766 2595 συνέχοντος

2187 2623 2410 2687 πάθους,
2445 2622 2538 2676 καὶ
2565 2620 2664 2692 τὴν
2696 2621 2804 2674 τῶν
2834 2620 3248 2690 θεραπευόντων
3277 2619 3511 2689 ἐρημίαν
3547 2619 3763 2689 ἐθρήνει

498 2705 674 2776 λέγων
695 2723 712 2740 ⁶
745 2728 770 2762 ι.
787 2711 1110 2782 ’Ἄνθρωπον
1140 2713 1240 2766 οὐκ
1267 2712 1396 2784 ἔχω,
1431 2713 1522 2767 τὸν
1549 2715 1629 2778 είς
1663 2713 1727 2767 τὸ
1768 2714 1912 2786 ὕδωρ
1942 2711 2382 2784 κατακομίζοντα
2429 2711 2651 2782 δηλαδή.
2688 2731 2706 2764 ι
2748 2710 2918 2765 Τοῦτο
2963 2709 3074 2781 γάρ
3107 2710 3324 2773 πάντως
3357 2712 3504 2780 ἐρεῖν
3545 2726 3603 2763 τε
3667 2711 3766 2766 καὶ

500 2801 888 2873 συμϐουλεύειν
913 2807 1064 2877 αύτῷ
1093 2808 1461 2879 προσεδόκησε
1482 2809 1575 2862 τὸν
1615 2809 1844 2880 Ἰησοῦν.

567 2895 635 2962 ν,
675 2895 792 2952 8-9.
835 2897 982 2954 Tolle
1005 2902 1286 2970 grabatum
1313 2911 1483 2966 tuum,
1514 2912 1562 2956 et
1589 2903 1826 2957 ambula.
1856 2902 1924 2957 Et
1953 2912 2069 2958 sta-

2245 2893 2425 2964 ⁷Αρον
2453 2895 2562 2950 τὸν
2596 2895 2933 2964 κράϐϐατόγ
2965 2909 3112 2961 σου,
3143 2893 3240 2947 καὶ
3273 2892 3601 2961 περιπάτει.
3646 2894 3760 2948 Kal

496 2988 594 3042 tim
620 3005 784 3044 sanus
825 2989 999 3060 factus
1025 3003 1106 3046 est
1131 2993 1286 3048 homo
1310 2994 1421 3055 ille,
1455 3003 1505 3047 et
1543 2995 1759 3048 sustulit
1785 2993 2068 3064 grabatum

2179 2988 2392 3054 εὐθέως
2431 2987 2670 3058 ἐγένετο
2707 2986 2883 3058 ὑγιὴς
2927 2989 2960 3040 ό
2985 2985 3328 3052 ἄνθρωπος,
3379 2985 3474 3037 καὶ
3519 2981 3626 3053 ἦρε
3651 2984 3760 3038 τὸν

494 3093 670 3146 suum,
702 3089 754 3134 et
797 3079 1129 3136 ambulabat.
1173 3080 1308 3136 Erat
1341 3090 1516 3136 autem
1547 3081 1840 3137 Sabbatum
1894 3081 1953 3134 in
1985 3081 2070 3134 die

2179 3080 2504 3148 κράϐὅατον
2529 3079 2720 3134 αὐτοῦ
2737 3119 2752 3144 ,
2797 3078 2893 3132 καὶ
2921 3075 3276 3146 περιεπάτει.
3300 3071 3412 3132 Ἦν
3443 3074 3510 3128 δὲ
3529 3075 3756 3132 Edwa-

491 3169 608 3224 itte.

559 3258 676 3316 Deo
717 3261 1054 3318 conveniens
1080 3269 1168 3317 est
1207 3261 1340 3317 illud
1386 3263 1630 3333 iussum,
1664 3269 1719 3318 et
1748 3261 1972 3318 virtutis
2003 3276 2068 3317 ac

489 3355 788 3422 potestatis
815 3355 1114 3409 humanam
1140 3355 1578 3411 mediocritatem
1604 3355 1922 3412 excedentis
1951 3367 2068 3408 ma-

491 3441 918 3500 nifestissimum
946 3444 1110 3502 habet
1145 3456 1554 3517 argumentum.
1601 3445 1720 3502 Non
1759 3446 1905 3502 enim
1938 3459 2063 3514 pre-

487 3542 649 3588 catur
695 3536 991 3591 sanitatem
1047 3552 1214 3608 :rgro,
1261 3554 1330 3594 ne
1363 3539 1574 3596 sanctis
1612 3539 1888 3608 aliquibus
1936 3553 2064 3608 pro-

488 3625 676 3696 phetis.
701 3629 818 3699 ipse
865 3644 1088 3700 quoque
1123 3631 1321 3687 similis
1351 3632 1626 3698 videatur,
1657 3633 1755 3687 sed
1800 3641 2058 3701 tanquam

485 3719 753 3775 virtutum
789 3719 1055 3777 Dominus
1092 3737 1192 3793 pro
1217 3731 1351 3778 nutu
1371 3738 1434 3779 ac
1469 3732 1744 3794 potestate
1775 3724 1890 3778 ﬁeri
1921 3738 2061 3794 prat-

483 3812 640 3883 cipit,
677 3811 878 3881 iubens
908 3823 969 3867 ut
1007 3815 1163 3870 Ianus
1195 3815 1420 3870 domum
1451 3815 1662 3880 redeat,
1689 3824 1745 3871 et
1797 3815 2056 3870 lectulum

471 3903 729 3975 humeris
774 3906 954 3970 tollat,
990 3914 1050 3961 ut
1098 3916 1440 3978 spectatores
1493 3908 1758 3964 virtutem
1796 3908 1917 3978 ejus
1962 3908 2057 3977 qui

480 3997 698 4052 sanavit
738 3997 869 4053 inde
912 3999 1257 4070 colligerent.
1306 3999 1472 4056 Jussa
1515 4009 1698 4056 autem
1748 3999 1880 4054 facit
1913 4015 2057 4071 aeger

478 4087 652 4154 illico,
681 4095 738 4144 et
766 4105 863 4159 per
912 4089 1287 4148 obedientiam
1319 4104 1384 4146 ac
1439 4091 1598 4146 ﬁdem
1650 4091 2052 4161 optatissimam

477 4180 584 4236 sibi
627 4181 861 4250 gratiam
895 4181 1178 4238 conciliat.
1211 4181 1488 4248 Quoniam
1530 4190 1712 4238 autem
1761 4183 1816 4236 in
1851 4197 2057 4252 praece-

475 4271 738 4326 dentibus
792 4273 973 4342 ipsum
1024 4275 1078 4326 in
1121 4275 1350 4345 llguram
1401 4285 1455 4330 et
1487 4282 1676 4345 typum
1711 4276 1896 4344 populi
1954 4273 2052 4328 Ju-

2171 3188 2280 3225 τον
2306 3171 2376 3223 ἐν
2403 3170 2607 3237 ἐκείνῃ
2648 3167 2722 3238 τῇ
2747 3169 2956 3238 ἡμέρᾳ.

2242 3260 2556 3334 Θεοπρεπὲς
2595 3261 2656 3313 τὸ
2688 3259 2999 3328 ἐπίταγμα,
3039 3259 3132 3313 καὶ
3161 3259 3261 3329 τῆς
3291 3259 3433 3329 ὑπὲρ
3461 3257 3755 3330 ἄνθρωπον

2167 3351 2452 3424 δυνάμεώς
2495 3368 2558 3406 τε
2603 3350 2696 3403 καὶ
2745 3350 2991 3416 ἐξουσίας
3041 3349 3445 3420 ἐναργεστάτην
3482 3349 3621 3418 ἔχων
3654 3350 3753 3419 τὴν

2167 3441 2459 3507 ἀπόδειξιν.
2517 3441 2590 3494 Ού
2629 3439 2737 3510 γὰρ
2785 3438 3077 3509 ἐπεύχεται
3120 3438 3198 3509 τῷ
3236 3438 3476 3510 κειμένῳ
3516 3440 3615 3508 τῆς
3651 3440 3749 3510 ἁρ-

2169 3535 2401 3606 ρωστίας
2450 3533 2548 3600 τὴν
2579 3530 2732 3584 λύσιν
2753 3569 2768 3594 ,
2814 3530 2901 3584 ἵνα
2933 3530 3007 3601 μὴ
3039 3530 3180 3584 κατά
3204 3547 3355 3594 τινας
3389 3529 3628 3598 φαίνοιτο
3656 3532 3752 3585 καὶ

2163 3627 2328 3688 αὐτὸς
2363 3623 2472 3677 τῶν
2497 3621 2670 3691 ἁγίων
2697 3621 3025 3692 προφητῶν,
3074 3622 3130 3675 ά)
3142 3621 3189 3674 λ’
3219 3621 3295 3684 ὡς
3330 3621 3439 3674 τῶν
3465 3621 3750 3691 δυνάμεων

2163 3717 2367 3789 Κύριος
2413 3713 2841 3782 ἐξουσιαστικῶς
2870 3713 3149 3768 ἐπιτάττει
3177 3712 3462 3780 γενέσθαι,
3491 3713 3749 3783 χαίροντα

2165 3811 2262 3882 μὲν
2294 3809 2476 3863 οἶκαδε
2505 3805 2740 3879 βαδίζειν
2769 3805 2958 3869 εἰπὼν,
2983 3805 3291 3875 ἐπωμάδιον
3317 3805 3372 3859 δὲ
3398 3804 3666 3857 ποιεῖσθαι
3687 3804 3750 3856 τὸ

2160 3900 2410 3956 κλινίδιον
2432 3939 2446 3964 ,
2491 3899 2789 3970 ὑπόμνημα
2827 3896 2926 3966 τῆς
2954 3895 3050 3949 τοῦ
3084 3896 3524 3968 θεραπεύσαντος
3560 3895 3747 3964 ἰσχύος

2156 3993 2268 4054 τοῖς
2291 3989 2488 4060 ὁρῶσιν
2505 3989 2783 4058 ἐσόμενον.
2808 3989 3040 4059 Πράττει
3062 3986 3119 4040 δὲ
3143 3987 3488 4059 παραχρῆμα
3503 3986 3562 4038 τὸ
3588 4002 3748 4056 προσο

2155 4082 2354 4153 ταχθὲν
2375 4085 2403 4136 ὁ
2423 4080 2614 4146 νοσῶν,
2634 4081 2729 4134 καὶ
2748 4080 2815 4134 δι’
2847 4079 3116 4149 ὑπακοῆς,
3141 4081 3235 4134 καὶ
3256 4079 3491 4142 πίστεως
3512 4078 3608 4150 τὴν
3634 4095 3747 4148 τρι-

2155 4173 2391 4245 πόθητον
2417 4173 2596 4243 ἐαυτῷ
2625 4171 3073 4244 πραγματεύεται
3095 4172 3277 4242 χάριν.
3321 4171 3537 4240 Ἐπειδὴ
3565 4171 3622 4224 δὲ
3654 4171 3744 4224 διὰ

2153 4265 2262 4319 τῶν
2292 4264 2672 4336 προλαϐόντων
2713 4264 2794 4326 είς
2829 4263 3012 4316 είκόνα
3040 4263 3134 4316 καὶ
3163 4263 3332 4315 τύπον
3359 4263 3456 4332 τῆς
3480 4263 3589 4318 τῶν
3613 4263 3748 4316 Ἰου-

476 4359 621 4416 daici
656 4362 1012 4430 protulimus,
1042 4368 1200 4433 quasi
1236 4363 1292 4419 in
1333 4364 1544 4420 ultimis
1577 4365 1918 4434 temporibus
1961 4377 2050 4418 sa-

2179 4359 2316 4414 ὶαίων
2349 4355 2588 4428 πληθύος
2611 4355 2774 4408 αὑτὸν
2805 4355 3203 4425 είσηγάγομεν,
3257 4355 3332 4417 ὡς
3361 4353 3659 4424 μελλούσης
3680 4354 3744 4406 ἐν

478 4449 645 4506 nandi
681 4469 694 4504 :
725 4450 980 4520 agedum,
1012 4467 1209 4509 rursus
1243 4457 1624 4527 excogilemus
1668 4456 1872 4525 aliquid
1903 4455 2052 4524 quod

2179 4450 2404 4520 ιστὲροις
2437 4445 2835 4520 θεραπεύεσθαι
2860 4449 3072 4518 καιροῖς
3091 4463 3106 4479 ·
3128 4446 3258 4516 φέρε
3284 4446 3347 4518 δή
3367 4463 3420 4498 τι
3440 4445 3600 4500 πάλιν
3619 4446 3748 4498 ἐπι-

472 4540 757 4611 prioribus
811 4542 924 4596 illis
974 4544 1267 4600 sententiis
1319 4546 1668 4617 respondeat.
1708 4548 1765 4601 In
1810 4545 2051 4602 Sabbato

2179 4544 2440 4612 νοήσωμεν
2468 4545 2588 4605 ταῖς
2619 4541 2698 4606 εἰς
2739 4539 2897 4594 τοῦτο
2929 4540 3225 4610 συμϐαῖνον
3267 4539 3498 4604 ἐννοίαις
3542 4537 3740 4592 ἀναλό-

473 4633 731 4690 Christus
758 4633 1034 4690 hominem
1064 4649 1242 4702 sanat,
1278 4648 1532 4695 sanatum
1562 4655 1693 4694 vero
1729 4640 1916 4693 statim
1949 4640 2050 4694 ob-

2179 4655 2268 4701 νως
2291 4640 2403 4700 τοῖς
2435 4637 2950 4707 προεξητασμένοις.
2995 4637 3080 4689 Ἐν
3116 4635 3378 4707 Σαϐϐάτῳ
3408 4635 3498 4690 τὸν
3527 4635 3741 4707 άνθρω-

473 4724 843 4780 servationcm
877 4726 1104 4797 legalem
1141 4730 1355 4786 solvere
1390 4731 1569 4799 jubet,
1619 4730 1865 4786 suadens
1899 4738 1960 4784 ut
1991 4731 2046 4786 in

2179 4749 2257 4787 τον
2285 4729 2498 4797 ὑγιάζει,
2528 4729 2792 4798 Χριστὸς,
2817 4726 3145 4796 ύγιασθέντα
3173 4726 3230 4780 δὲ
3265 4727 3606 4798 παραχρῆμα
3635 4727 3737 4798 τὴν

473 4811 716 4869 Sabbato
749 4816 854 4871 iter
905 4816 1100 4885 iaciat,
1134 4821 1297 4889 idque
1351 4820 1552 4874 lectulo
1603 4829 1886 4884 oneratus,
1923 4820 2049 4875 licet

2179 4822 2384 4893 ιομικὴν
2435 4821 2712 4874 ἐπιτάττει
2769 4819 3066 4892 παραλύειν
3117 4819 3443 4890 συνήθειαν,
3497 4836 3736 4889 περιπα-

470 4917 662 4979 aperte
697 4910 900 4968 clamet
940 4913 1145 4967 alicubi
1205 4927 1302 4982 per
1331 4927 1502 4967 unum
1554 4921 1872 4976 sancton
1917 4930 2048 4985 pro-

2179 4916 2265 4967 :er
2294 4912 2602 4967 ἀναπείθων
2635 4912 2696 4965 ἐν
2724 4911 3019 4981 Σαϐϐάτῳ,
3066 4911 3160 4964 καὶ
3197 4910 3357 4964 τοῦτο
3387 4910 3463 4982 τῷ
3491 4911 3737 4986 κλινιδίῳ

468 5001 756 5072 phetarum
791 5001 934 5058 Deus
966 5023 979 5059 :
1016 5024 1038 5056 ι
1074 5003 1258 5075 Neque
1293 5005 1657 5075 exportabitis
1686 5005 1774 5061 die
1819 5005 2042 5064 Sabbati

2179 5005 2619 5078 tetpopttottévov,
2651 5005 2824 5059 καίτοι
2856 5002 3152 5075 διαρρήδην
3189 5003 3420 5072 βοῶντος
3469 5003 3564 5057 τοῦ
3593 5004 3735 5058 Θεοῦ

467 5092 714 5161 pondera
745 5107 775 5147 e
806 5091 1067 5150 domibus
1095 5096 1380 5152 vestris".
1410 5116 1430 5148 ι
1460 5095 1652 5169 Neque
1678 5113 1811 5153 vero
1839 5099 2043 5154 dixerit

2182 5100 2216 5152 t‘
2261 5099 2380 5162 ἑνός
2413 5114 2517 5150 που
2557 5096 2666 5150 τῶν
2702 5095 2870 5164 ἁγίων
2911 5093 3244 5166 προφητῶν
3309 5113 3329 5145 ι
3360 5096 3469 5149 Καὶ
3499 5096 3601 5148 οὐκ
3646 5095 3736 5163 ἐξ·
3805 5158 3810 5161 _

466 5184 724 5254 quisquis
757 5200 904 5241 sana:
928 5202 1160 5259 usquam
1205 5191 1279 5244 sit
1312 5191 1534 5255 mentis,
1569 5191 1742 5262 209.
1763 5192 2039 5247 hominem

2183 5191 2323 5245 ίσετε
2368 5189 2728 5260 βαστάγματα
2775 5188 2834 5252 ἐξ
2876 5186 3065 5244 οἰκιῶν
3105 5188 3258 5258 ὑμῶν
3305 5192 3372 5260 τῇ
3414 5189 3601 5263 ἡμέρᾳ
3636 5189 3731 5242 τοῦ

463 5273 618 5329 illum
667 5275 982 5334 divinorum
1044 5282 1429 5338 mandatorum
1485 5285 1641 5340 reddi
1697 5292 2041 5354 contempto-

460 5377 578 5418 rem
612 5382 626 5419 :
659 5365 917 5426 Christus
956 5373 1098 5426 enim
1135 5376 1285 5430 velut
1335 5377 1389 5430 in
1443 5385 1574 5448 typo
1603 5375 1810 5432 Iudaeis
1853 5386 2042 5430 osten-

463 5450 625 5509 debat
650 5471 746 5510 eos
777 5461 998 5527 quidem
1037 5475 1294 5520 sanatum
1333 5468 1400 5522 iri
1441 5483 1537 5538 per
1567 5468 1938 5524 obedientiam
1978 5483 2042 5524 ac

2150 5283 2452 5338 Σαϐϐάτου.
2484 5301 2503 5334 ι
2552 5282 2660 5335 Καὶ
2689 5282 2747 5333 ού
2789 5281 2853 5350 δή
2903 5297 3006 5334 που
3049 5281 3272 5350 φήσειεν
3317 5281 3382 5334 ἄν
3411 5299 3523 5346 τις,
3573 5281 3634 5345 ὃς
3669 5298 3730 5350 γε

2151 5374 2492 5445 σωφρονοίη,
2540 5373 2958 5444 καταφρονητήν
3009 5389 3171 5436 τινα,
3224 5372 3317 5426 καὶ
3365 5371 3577 5443 ἐξηνιον
3624 5373 3731 5424 τῶν

2150 5468 2308 5524 θείων
2329 5468 2678 5540 ἐνταλμάτων
2715 5466 3212 5527 ἁποτελεῖσθαι,τδν
3254 5467 3564 5537 ἄνθρωπον·
3609 5467 3729 5521 ἀλλ’

389 5546 398 5550 ’
464 5539 624 5595 ﬁdem
682 5543 737 5596 in
772 5552 1035 5606 extremis
1070 5556 1258 5610 steculi
1301 5557 1641 5627 temporibus
1683 5576 1696 5612 :
1732 5558 1835 5613 hoc
1877 5559 2023 5615 enim

2181 5578 2210 5625 ,ς
2245 5561 2302 5616 ἐν
2341 5539 2503 5631 τύπω
2525 5561 2636 5622 τοῖς
2686 5556 2958 5622 Ἰουδαίοις
2998 5557 3232 5630 φανερὸν
3269 5559 3442 5615 ἐποίει
3468 5557 3726 5634 Χριστὸς,

553 5711 600 5745 ’³
627 5717 834 5779 Jerem.
873 5738 1013 5795 xvn,
1037 5728 1132 5788 2t.
