4044 6200
338 303 442 360 31!
1403 318 1471 372 IN
1510 317 1798 374 JOANNIS
1821 317 2275 375 EVANGEUUM
2311 319 2438 376 LIB.
2471 319 2539 375 ll.
3492 327 3628 382 362‘

337 420 425 474 δτι
461 422 962 496 θεραπευθήσονται
1003 429 1100 499 μὲν
1139 430 1205 484 δι’
1252 434 1497 504 ὑπακοῆς
1538 436 1629 490 καὶ
1682 434 1893 488 πίστεως

2019 437 2261 490 arbitror
2284 436 2599 507 signiﬁcare
2630 435 2961 508 Sabbatum,
2984 440 3080 512 qui
3109 439 3229 498 dies
3259 450 3342 498 est
3368 441 3598 502 ultimus

338 513 400 566 ἑν
428 513 676 584 ἐσχάτοις
720 516 815 570 τοῦ
870 518 1067 583 αἰῶνος
1105 526 1349 597 καιροῖς
1403 527 1563 581 τοῦτο
1604 527 1713 597 γὰρ
1763 522 1893 598 οἶμα

2024 527 2407 586 hebdomadis.
2441 529 2545 584 Per
2580 527 2741 585 iidem
2783 545 2913 587 vero
2945 540 3170 591 sanatos
3201 542 3256 590 et
3288 535 3343 590 in
3379 536 3595 592 novita-

336 606 403 659 τὸ
446 606 726 665 Σάϐϐατον
765 610 983 681 δηλοῦν,
1014 613 1523 680 τελευταὶαιιοῦσαν
1556 620 1656 691 τῆς
1686 620 1890 691 ἐϐδομά

2022 630 2129 676 tem
2153 621 2280 678 vita:
2304 620 2631 677 reformatus
2654 623 2853 679 litterae
2879 624 3101 695 quidem
3128 626 3319 697 legalis
3352 636 3595 684 vetusta-

336 697 427 791 δος
448 701 680 771 ἡμέραν.
720 704 1140 778 Κομισαμένους
1162 709 1219 762 δὲ
1250 710 1397 778 ἅπαξ
1425 710 1523 782 τὴν
1559 712 1647 766 διὰ
1679 712 1893 768 πίστεως

2022 717 2127 763 tem
2159 724 2383 769 necesse
2405 718 2491 766 est
2517 712 2780 783 abjicere.
2813 724 2869 771 et
2894 716 3103 772 cultum
3133 718 3376 789 typicum
3409 723 3589 791 repel-

336 790 673 862 θεραπείαν,
710 796 804 851 καὶ
857 798 938 862 εἰς
990 802 1287 873 καινότητα
1338 804 1893 877 μταρῤυθμισθὲνται

2019 798 2151 855 lere.
2181 798 2319 857 Hinc
2347 800 2636 858 occasione
2668 811 2911 874 sumpta,
2936 805 3157 863 beatum
3187 790 3407 880 quoque
3447 790 3591 865 Pau-

333 882 504 953 ζωῆς,
538 884 638 957 τὴν
673 886 774 957 μὲν
818 888 912 943 τοῦ
957 891 1182 963 νομικοῦ
1213 895 1541 967 γράμματος
1574 895 1893 967 παλαιότητα

2019 888 2131 944 lum
2164 890 2361 961 opinor
2392 892 2682 964 scripsisse
2708 894 2779 952 iis
2804 896 2901 964 qui
2930 904 3054 967 post
3092 898 3250 955 Iidem
3275 908 3589 971 susceptam

331 976 466 1045 παρ’
499 976 654 1032 οὐδὲν
698 979 912 1053 ἀνάγκη
969 983 1254 1052 ποιεῖσθαι,
1308 987 1691 1059 παραιτεῖσθαι
1722 987 1779 1042 δὲ
1814 986 1893 1058 τὴη

2016 993 2371 1061 revertuntur
2400 985 2469 1041 ad
2497 986 2710 1057 legem:
2746 1006 2765 1040 ι
2803 988 2936 1044 Dico
2957 999 3141 1045 autem
3175 992 3331 1048 vobis
3351 993 3505 1063 quia,
3539 994 3587 1049 si

326 1067 411 1132 ὡς
437 1070 496 1123 ἐν
527 1074 705 1135 σκιαῖς
733 1073 1103 1147 αίνιγματώδη
1127 1075 1404 1150 λατρείαν.
1448 1077 1731 1133 Ἐντεῦθεν
1754 1074 1893 1149 οἶμαι

2013 1073 2511 1143 circumcidamini,
2541 1075 2798 1134 Christus
2846 1079 3008 1135 vobis
3054 1081 3191 1136 nihil
3243 1081 3520 1153 proderit;
3563 1100 3583 1134 ι

325 1156 564 1213 λαϐόντα
607 1160 701 1215 τοῦ
752 1162 910 1232 λόγου
955 1165 1057 1228 τάς
1101 1166 1358 1238 ἀφορμὰς
1382 1167 1477 1220 καὶ
1506 1167 1600 1221 τὸν
1638 1166 1893 1239 μακάριοι

2014 1163 2176 1218 item:
2209 1183 2229 1217 ι
2261 1164 2518 1220 Evacuati
2551 1168 2684 1225 estis
2712 1183 2741 1223 a
2766 1168 3011 1237 Christo,
3044 1171 3140 1242 qui
3164 1172 3221 1226 in
3253 1171 3374 1244 lege
3417 1170 3587 1241 justi-

324 1251 635 1308 ἐπιστεῖλαι
682 1254 896 1310 Παῦλον
941 1259 1053 1321 τοῖς
1098 1257 1239 1328 μετὰ
1267 1258 1365 1329 τὴν
1407 1260 1588 1313 πίστιν
1615 1258 1901 1328 παλινδρορ
2010 1254 2275 1321 ﬂcamini,
2311 1269 2340 1308 a
2366 1256 2540 1326 gratia
2574 1259 2862 1315 excidistis
2890 1263 2956 1315 ⁸⁵.
2997 1280 3017 1313 ι
3046 1324 3051 1329 ¹

328 1345 530 1415 μοῦσιν
557 1349 651 1403 ἐπὶ
672 1350 763 1403 τὸν
790 1350 982 1420 νόμον·
1055 1368 1073 1402 ι
1104 1351 1261 1422 Λέγω
1295 1352 1355 1407 δὲ
1385 1353 1536 1424 ὑμῖν,
1607 1354 1690 1409 ὅτι
1752 1351 1850 1407 ἐὰν
1908 1347 2343 1418 περιτέμνησθε,
2390 1350 2625 1420 Χριστὸς
2672 1349 2817 1422 ὑμᾶς
2867 1353 3018 1413 οὐδὲν
3063 1352 3359 1427 ὠφελήσει’
3416 1375 3435 1409 ι
3492 1358 3585 1412 καὶ

323 1440 530 1494 πάλινο
578 1461 596 1494 ι
638 1442 1043 1516 Κατηργήθητε
1098 1445 1207 1498 ἀπὸ
1260 1445 1529 1517 Χριστοῦ,
1588 1446 1788 1508 οἵτινες
1836 1443 1894 1495 ἐν
1931 1438 2081 1510 νόμῳ
2111 1437 2439 1505 δικαιοῦσθε.
2470 1439 2572 1510 τῆς
2608 1442 2826 1512 χάριτος
2863 1443 3175 1509 ἐξεπέσατε.
3211 1465 3231 1497 ι

404 1534 662 1602 Ἔλεγον
696 1529 810 1590 οὖν
842 1537 899 1590 οι
957 1535 1232 1591 ἰουδαῖοι
1269 1535 1351 1603 τῷ
1381 1536 1864 1609 τεθεραπευμένῳ
1880 1552 1893 1567 ·

2077 1528 2146 1597 ν,
2182 1529 2268 1583 10.
2312 1529 2566 1589 Dicebant
2592 1548 2715 1603 ergo
2746 1531 2927 1589 Judaei
2957 1535 3041 1589 illi
3074 1537 3164 1606 qui
3200 1548 3426 1594 sanatus
3459 1541 3581 1610 {ue-

318 1624 636 1680 Σὰὄὸατόν
684 1626 848 1695 ἐστι,
906 1626 1007 1683 καὶ
1053 1630 1166 1683 οὐκ
1211 1628 1419 1695 ἔξεστι
1463 1603 1567 1684 σοι
1615 1603 1752 1698 ἆραι
1798 1627 1893 1681 τὸν

2009 1630 2095 1676 rat
2124 1638 2142 1677 :
2176 1620 2470 1679 Sabbatum
2498 1631 2599 1688 est,
2642 1640 2747 1679 non
2797 1623 2917 1680 licet
2949 1624 3043 1680 tibi
3079 1603 3265 1689 tollere
3296 1603 3582 1702 grabatum

317 1716 660 1786 κράϐϐατόν
694 1734 835 1773 σου.
945 1752 961 1766 κ

410 1807 857 1878 Ἐπικαιρότατον
909 1803 1061 1881 οἶμαι
1098 1808 1226 1883 βοᾷν
1284 1810 1377 1865 tu!
1422 1808 1665 1874 τούτοις⁸
1703 1827 1723 1862 ι
1771 1808 1903 1862 ’ἰδοῦ

313 1895 454 1959 λαὸς
481 1897 684 1970 μωρὸς,
716 1900 815 1954 καὶ
851 1900 1110 1972 ἀκάρδιος
1129 1915 1144 1930 ο
1180 1900 1452 1971 ὀφθαλμοὶ
1480 1902 1684 1967 αὐτοῖς,
1714 1899 1809 1954 καὶ
1840 1899 1901 1953 ού

316 1986 604 2056 βλέπουσι.
643 2007 665 2041 ι
697 1990 762 2043 Τί
801 1990 911 2062 γάρ
959 1990 1027 2063 ἂν
1068 1991 1280 2060 γένοιτο
1315 1991 1425 2045 τῶν
1447 1990 1703 2045 τοιούτων
1737 1990 1903 2046 ἀπαι-

312 2076 667 2150 δευτότερον,
702 2078 736 2151 ἢ
780 2072 834 2136 τί
884 2082 1018 2153 πρὸς
1062 2080 1418 2151 ἀναισθησίαν
1458 2081 1519 2134 τὸ
1559 2078 1745 2152 μεῖζον
1776 2092 1792 2142 ;
1825 2078 1901 2133 Τὸ

317 2169 427 2239 μὲν
458 2170 568 2241 γὰρ
611 2171 695 2225 ὅτι
740 2174 1007 2244 προσήκει
1057 2172 1359 2245 θαυμάζειν
1411 2171 1629 2236 αὐτοὺς,
1672 2172 1770 2242 τὴν
1802 2169 1898 2223 τοῦ

313 2262 761 2334 θεραπεύσαντος
794 2262 1023 2335 δύναμιν
1067 2266 1126 2319 οὐ
1154 2265 1397 2337 δέχονται
1428 2264 1571 2319 κατά
1609 2262 1773 2316 νοῦν.’
1808 2278 1894 2314 πι-

312 2352 446 2422 κροὶ
477 2351 535 2406 δὲ
567 2352 720 2415 ὄντες
761 2353 1105 2425 ἑπιτιμηταὶ,
1148 2344 1251 2411 ¹καὶ
1294 2356 1454 2426 μόνον
1506 2354 1708 2419 είδότες
1739 2351 1899 2406 τοῦτο

309 2440 535 2506 καλῶς,
590 2443 940 2512 παρανομίας
1006 2442 1312 2514 ἐγκλήματι
1366 2443 1754 2514 περιὸάλ).ουσι
1804 2441 1896 2494 τὸν

308 2533 445 2602 ἄρτι
476 2532 569 2584 καὶ
594 2530 873 2601 μόλις-τῆς
904 2533 1127 2603 μακρᾶς
1170 2532 1522 2601 ἀνακύψαντα
1559 2531 1737 2597 νόσου,
1777 2531 1894 2583 κεῖ-

310 2621 445 2676 σθαι
490 2621 545 2676 δὲ
584 2621 744 2677 πάλιν
785 2621 1164 2679 ἐπιτάττουσιν
1204 2622 1460 2693 ἀμαθῶς,
1502 2622 1577 2687 ὼς
1605 2622 1699 2676 καὶ
1728 2622 1786 2674 ὲν
1814 2619 1896 2690 τῷ

308 2714 518 2789 χρῆναι
567 2715 743 2768 νοσεῖν
792 2713 892 2784 τῆς
949 2716 1030 2779 είς
1084 2714 1145 2768 τὸ
1190 2713 1466 2770 Σάϐϐατον
1506 2713 1895 2784 πληρουμένης

307 2809 504 2878 τιμῆς.

398 2895 462 2949 ’0
501 2896 568 2951 δὲ
596 2898 885 2968 ἀπεκρίθη
922 2895 1129 2961 αὐτοῖς
1157 2912 1171 2926 '
1218 2896 1282 2949 '0
1324 2894 1587 2963 ποιήσας
1611 2911 1687 2964 με
1722 2893 1887 2964 ὑγιῆ,

303 2987 551 3057 ἐκεῖνος
574 3008 675 3060 μοι
701 2987 871 3046 εἶπεν
886 3006 901 3024 ο
926 2984 1114 3057 1r.Apor
1139 2988 1245 3043 τὸν
1265 2986 1597 3056 κρὰϐὄατόν
1619 3001 1757 3054 σου,
1794 2985 1893 3041 καί

306 3081 639 3150 περιπάτει.
685 3082 1027 3152 Ἡρώτησαν
1058 3076 1174 3138 οὖν
1199 3080 1406 3134 αὐτόν.

386 3171 716 3245 Σοφωτάτην
756 3175 783 3228 ό
831 3174 989 3245 λόγος
1029 3172 1212 3228 ὠδίνει
1256 3170 1355 3243 τὴν
1396 3168 1604 3225 ἔννοιαν
1623 3208 1638 3233 ,
1674 3169 1767 3222 καὶ
1793 3170 1895 3240 τῆς

316 3262 596 3318 Ἰουδαίων
639 3264 970 3338 δυστροπίας
1013 3265 1475 3336 ἀποκρουστικήν.
1529 3260 1747 3332 Ἐπειδὴ
1783 3258 1894 3330 γὰρ

302 3352 415 3409 οὐκ
438 3351 649 3417 ἔξεστιν
682 3356 739 3407 ὲν
782 3353 1046 3425 Σαδδάτῳ
1071 3397 1085 3420 ,
1126 3354 1310 3424 φησὶν,
1349 3352 1529 3406 οἶκαδε
1560 3352 1661 3424 τὴν
1702 3351 1893 3422 κλίνην

303 3445 507 3499 ἑλόντα
560 3445 843 3516 βαδίζειν,
902 3447 1244 3520 παρανομίας
1299 3443 1377 3516 τῷ
1434 3443 1894 3517 τεθεραπευμένῳ

303 3539 617 3609 ράπτοντες
660 3541 913 3611 γραφὴν,
959 3539 1273 3608 ἀναγκαίως
1324 3539 1508 3600 αὐτοῖς
1558 3536 1893 3608 γοργοτέραν

302 3626 604 3696 ἀντεξάγει
651 3628 750 3697 τὴν
781 3627 1106 3695 ἀπολογίαν,
1149 3628 1355 3679 ἐκεῖνον
1386 3623 1537 3694 αὐτῷ
1570 3627 1892 3696 περιπατεῖν

297 3717 630 3771 ἐντετάλθαι
688 3717 897 3787 λέγων,
958 3717 1017 3780 ὃς
1067 3717 1160 3769 καὶ
1220 3716 1320 3786 τῆς
1366 3715 1555 3784 ὑγείας
1612 3714 1890 3787 ἀνεδείχθη

295 3808 500 3881 δοτὴρ,
532 3808 691 3878 μόνον
718 3809 775 3862 δὲ
798 3808 921 3878 οὐχὶ
964 3807 1206 3861 τοιοῦτόν
1237 3807 1290 3860 τί
1320 3823 1484 3877 φησιν
1504 3821 1519 3835 '
1576 3805 1893 3876 ’Ᾱξιολογώ-

298 3916 497 3964 τατον,
525 3891 570 3952 ὧ
602 3891 781 3963 οὗτοι,
813 3896 954 3970 φημὶ
984 3898 1119 3969 πρὸς
1141 3896 1201 3952 τὸ
1234 3896 1431 3969 χρῆναι
1459 3897 1757 3968 τιμᾶσθαι,
1799 3898 1893 3950 καὶ

294 3991 505 4046 λυπεῖν
536 3990 843 4045 ἐπιτάττειν
878 3989 978 4056 τὰς
1024 3988 1118 4043 τοῦ
1176 3988 1456 4043 Σαϐόάτου
1507 3989 1693 4060 τιμὰς,
1726 3989 1820 4044 τὸν

295 4081 551 4154 τοσαύτη
585 4082 876 4154 πρόσεστιν
912 4082 1101 4151 ἰσχὺς,
1148 4080 1264 4135 ἐστι
1307 4082 1402 4135 καὶ
1448 4083 1643 4152 χάρις,
1690 4081 1766 4145 ὡς
1794 4080 1893 4157 τὴν

296 4169 455 4238 ἐμὴν
478 4167 729 4235 ἐξελάσαι
758 4168 933 4223 νόσον.
969 4169 1033 4221 El
1063 4166 1173 4239 γὰρ
1194 4166 1290 4222 τοῦ
1319 4170 1574 4245 τυχόντος
1604 4170 1718 4222 ἐστὶ
1742 4169 1803 4222 τὸ
1835 4171 1892 4222 ὲν

1920 2936 1992 2994 Co

2008 1719 2177 1763 tuum.

2076 1797 2247 1854 Valde
2291 1808 2623 1871 opportune,
2662 1809 2724 1856 ut
2757 1818 2900 1868 reor,
2934 1804 3029 1861 hic
3066 1808 3227 1865 nobis
3268 1810 3589 1869 exclaman-

2004 1889 2135 1946 dum
2175 1898 2299 1947 est:
2333 1909 2352 1944 ι
2381 1890 2521 1951 Ecce
2554 1896 2790 1964 populus
2824 1897 3025 1953 stultus
3047 1910 3102 1954 et
3127 1915 3321 1958 vecors
3364 1918 3378 1955 :
3418 1904 3578 1969 ,oculi

2004 1990 2135 2039 sunt
2183 1982 2342 2053 ipsis,
2373 1993 2429 2043 et
2473 2000 2586 2041 non
2620 1986 2807 2045 vident
2825 1989 2891 2040 ".
2932 2009 2950 2042 ι
2979 1990 3121 2057 Quid
3150 1993 3295 2048 enim
3336 1993 3426 2050 bis
3454 2005 3577 2052 stu-

2002 2073 2190 2144 pidius
2218 2084 2311 2128 aut
2354 2073 2591 2132 inertius
2629 2090 2753 2133 esse
2793 2079 3011 2148 potest?
3037 2078 3156 2136 Non
3195 2084 3340 2137 enim
3366 2082 3578 2139 intelli-

2001 2172 2137 2235 gunt
2169 2164 2580 2234 suspiciendam
2618 2167 2723 2223 sibi
2744 2183 2867 2224 esse
2890 2169 2999 2224 vim
3030 2178 3083 2226 et
3109 2180 3434 2241 potestatem
3454 2175 3576 2245 ejus

2000 2256 2096 2327 qui
2132 2256 2386 2312 sanavit:
2423 2247 2521 2314 sed
2551 2257 2657 2318 hoc
2686 2274 2875 2315 unum“
2901 2262 3108 2327 sciunt,
3140 2264 3342 2320 acerbe
3395 2265 3577 2321 incre-

1999 2361 2152 2417 pare,
2183 2346 2429 2418 adeoque
2444 2347 2664 2403 violata:
2689 2348 2829 2420 legis
2858 2351 3069 2406 crimen
3099 2346 3375 2409 intentant
3401 2356 3452 2411 ei
3477 2356 3571 2426 qui

1997 2454 2195 2496 recens
2216 2453 2282 2493 ac
2310 2439 2403 2495 vix
2431 2438 2696 2497 diuturno
2722 2441 2914 2497 morbo
2944 2443 3163 2499 solutus
3188 2442 3389 2512 fuerat,
3414 2460 3572 2500 eum-

1996 2544 2104 2602 que
2135 2545 2355 2591 rursum
2377 2530 2710 2588 decumbere
2743 2531 2909 2587 stulte
2943 2533 3292 2604 praecipiunt,
3324 2535 3487 2604 quasi
3515 2537 3571 2590 in

1994 2622 2297 2696 aagrotandi
2327 2622 2665 2683 necessitate
2701 2622 2931 2681 Sabbati
2963 2624 3144 2680 honor
3174 2624 3473 2684 consistat.

2068 2886 2134 2954 ν,
2161 2888 2248 2945 ll.
2289 2888 2389 2946 Ille
2428 2902 2606 2953 autem
2646 2892 2917 2961 respondit
2947 2891 3024 2947 eis
3060 2908 3079 2947 :
3111 2891 3217 2959 Qui
3250 2908 3330 2948 me
3372 2908 3566 2948 sanum

1997 2980 2142 3050 fecit,
2174 2982 2263 3037 ille
2292 2983 2418 3036 mihi
2453 2984 2630 3038 dixit:
2660 2983 2809 3039 Tolle
2845 2983 3132 3055 grabatum
3165 2994 3334 3050 tuum,
3368 2995 3417 3040 et
3451 3001 3565 3040 ant-

1997 3071 2143 3127 bula.
2180 3071 2645 3145 Inlerrogaverunt
2673 3092 2795 3146 ergo
2828 3092 2967 3130 eum.

2066 3164 2546 3241 Sapientissimam
2588 3169 2705 3222 hac
2734 3167 2901 3222 verba
2944 3166 3280 3229 sententiam
3318 3166 3567 3237 pariunt,

1994 3271 2104 3328 qua
2134 3253 2453 3312 ludarorum
2490 3257 2829 3328 perversitas
2873 3257 3208 3329 exploditur.
3242 3255 3381 3315 Cum
3415 3258 3566 3313 enim

1994 3349 2185 3406 dicant
2223 3363 2332 3405 non
2363 3349 2531 3406 licere
2554 3349 2609 3403 in
2650 3346 2919 3415 Sabbato,
2949 3349 3167 3408 sublato
3187 3351 3441 3424 grabato.
3470 3349 3579 3407 do--

1994 3457 2143 3497 mum
2173 3442 2468 3513 proﬁcisci,
2496 3443 2971 3513 praevaricationis
2993 3444 3199 3499 crimen
3219 3444 3266 3498 ei
3293 3448 3384 3514 qui
3407 3459 3571 3500 sanae

1995 3540 2087 3588 tus
2119 3530 2295 3587 fuerat
2319 3533 3024 3598 intentantes,necessario
3055 3533 3142 3589 his
3177 3534 3451 3590 acriorem
3471 3535 3569 3590 de-

1996 3624 2303 3679 fensionem
2318 3625 2568 3696 opponit,
2587 3625 2778 3681 dicens
2795 3626 2863 3681 ab
2881 3626 2977 3680 illo
3000 3640 3057 3681 se
3075 3625 3392 3679 ambulandi
3413 3640 3570 3680 inan-

1994 3714 2181 3769 datum
2215 3718 2519 3785 accepisse,
2549 3732 2579 3770 a
2611 3732 2719 3786 quo
2746 3718 3037 3772 sanitatem
3058 3716 3223 3771 etiam
3255 3717 3486 3785 accepit,
3512 3728 3569 3771 et

1996 3806 2309 3862 istiusmodi
2340 3807 2597 3877 quiddam
2634 3814 2847 3861 tantum
2873 3822 2981 3860 non
3013 3806 3089 3859 ait
3115 3822 3128 3858 :
3152 3805 3435 3860 Summam
3469 3823 3568 3862 au-

1994 3898 2304 3953 ctoritatem
2357 3912 2469 3967 qua
2514 3896 2815 3952 Sabbatum
2868 3897 3032 3966 210
3067 3896 3175 3951 coli
3221 3906 3318 3950 aut
3368 3898 3566 3954 violari

1991 3988 2183 4060 jubeat
2215 3971 2272 4043 i'n
2315 4002 2382 4043 co
2423 4003 2546 4044 esse
2584 3987 2731 4050 dico.
2778 3988 2868 4043 cui
2920 3995 3071 4043 tanta
3111 3988 3193 4043 vis
3227 3987 3371 4045 inest
3401 3997 3568 4061 atque

1993 4080 2190 4153 gratia,
2216 4089 2277 4134 ut
2306 4095 2490 4134 meum
2527 4080 2778 4135 morbum
2810 4079 3074 4150 abegerit.
3101 4076 3239 4133 Nam
3277 4081 3321 4136 si
3352 4096 3415 4136 ea
3445 4082 3564 4137 laus

1997 4188 2028 4224 ει
2049 4170 2245 4241 quovis
2269 4171 2449 4225 aliena
2495 4179 2602 4234 est,
2631 4171 2941 4241 virtutique
2978 4185 3041 4224 ac
3075 4171 3337 4241 potestati
3367 4171 3568 4229 divina:

295 4258 525 4322 τούτοις
574 4258 898 4329 διαπρέπειν
943 4258 1258 4331 ἀλλότριον,
1308 4260 1538 4331 ἁρμόσει
1588 4259 1646 4311 δὲ
1693 4258 1891 4329 μᾶλλον

1997 4264 2276 4326 convenit,
2316 4262 2595 4332 quomodo
2626 4278 2691 4316 ea
2728 4262 2968 4327 excidet,
3006 4261 3207 4333 inquit,
3242 4262 3334 4333 qui
3369 4278 3567 4335 opera-

292 4347 571 4421 ἰνεργείᾳ
609 4350 701 4402 καὶ
737 4348 966 4419 δυνάμει
1004 4349 1329 4421 θεοπρεπεῐ,
1375 4348 1493 4413 πῶς
1523 4348 1591 4404 ἂν
1632 4350 1887 4421 ἁμάρτοι,

293 4443 503 4513 φησιν,
544 4442 575 4494 ό
617 4440 821 4495 τούτων
852 4441 1121 4513 ὲργάτης;
1152 4443 1185 4513 ἢ
1234 4442 1353 4506 πῶς
1396 4440 1465 4496 ἂν
1486 4442 1549 4495 ού
1574 4442 1792 4505 πάντως
1823 4442 1890 4495 τά

294 4531 687 4603 κεχαρισμένα
720 4532 842 4602 Θεῷ
885 4532 1336 4604 ωμῦουλεύσειεν
1378 4534 1407 4587 ό
1458 4532 1737 4604 θεοπρεπῆ
1790 4531 1891 4602 τὴν

293 4625 542 4695 δύναμιν
584 4625 758 4694 ἔχωνς
795 4624 997 4697 Τρέφει
1048 4625 1228 4680 τοίνυν
1272 4626 1332 4679 ὲν
1383 4624 1563 4697 ἑαυτῷ
1614 4624 1818 4696 πικρὰν
1862 4626 1898 4679 ό.

290 4717 471 4787 λόγος
496 4714 598 4787 τὴν
618 4715 877 4787 ἔμφασιν.

383 4809 487 4874 Τις
515 4808 688 4863 ἐστιν
711 4811 744 4864 ὁ
771 4809 1081 4878 ἅνθρωπος
1118 4811 1151 4863 ὁ
1193 4810 1374 4864 ειπών
1403 4826 1500 4865 σοι
1523 4826 1536 4841 ·
1569 4806 1753 4879 *Δρον
1784 4807 1891 4865 τὸν

293 4898 650 4970 κρόσσατόν
674 4913 815 4964 σου,
851 4900 947 4954 καὶ
972 4900 1323 4969 περιπάτει;
1372 4901 1425 4954 '0
1451 4901 1518 4955 δὲ
1553 4901 1741 4969 ἰαθεὶς
1776 4902 1889 4956 οὐκ

296 4989 443 5060 ᾔδει
469 4990 565 5057 τίς
598 4990 771 5044 ἐστιν
792 5006 805 5018 ·
855 4993 887 5046 ό
923 4992 1032 5061 γὰρ
1071 4991 1309 5060 Ἰησοῦς
1354 4991 1678 5058 ἐξένευσεν
1701 4991 1890 5061 ὄχλου

293 5082 492 5150 ὄντος
518 5082 590 5136 ἐν
614 5081 695 5148 τῷ
736 5084 912 5147 τόπῳ.
947 5084 1108 5138 Μετὰ
1151 5082 1338 5137 ταῦτα
1380 5085 1647 5153 εὑρίσκει
1702 5084 1892 5140 αὑτὸν

288 5177 336 5230 δ
387 5173 631 5242 Ἰησοῦς
657 5175 730 5229 ἐν
756 5173 836 5241 τῷ
863 5174 1016 5243 ἱερῷ,
1066 5176 1166 5229 καὶ
1194 5171 1363 5230 εἶπεν
1391 5175 1570 5242 αὐτῷ.

384 5263 701 5335 Ἀπληστος
735 5266 817 5328 εἰς
869 5265 1187 5336 μιαιφονίαν
1230 5266 1339 5319 τῶν
1395 5267 1662 5322 Ἰουδαίων
1689 5270 1718 5322 ὁ
1748 5270 1892 5339 νοῦς.

1993 4368 2090 4408 rur
2118 4353 2347 4409 isthaec?
2370 4362 2465 4407 aut
2497 4353 2778 4424 quomodo
2804 4368 2912 4408 non
2945 4362 3000 4408 et
3023 4362 3249 4424 accepta
3278 4352 3394 4409 Deo
3427 4370 3564 4411 con-

1990 4444 2156 4509 sulet,
2193 4444 2286 4514 qui
2309 4444 2498 4499 divina
2527 4450 2802 4515 potestate
2836 4443 3101 4515 praeditus
3130 4446 3254 4501 est?
3281 4444 3338 4501 In
3374 4461 3433 4503 se
3460 4447 3593 4532 ἰαισή

1991 4552 2100 4608 que
2129 4536 2245 4592 haec
2278 4537 2449 4593 verba
2473 4536 2761 4592 continent
2798 4551 2982 4592 acrem
3014 4536 3355 4607 emphasim.

2062 4816 2129 4885 ν,
2169 4817 2352 4875 12-”.
2384 4816 2513 4891 Quis
2554 4826 2630 4873 est
2669 4818 2759 4873 ille
2787 4815 2941 4872 homo
2958 4816 3050 4887 qui
3088 4816 3225 4869 dixit
3250 4815 3345 4869 tibi
3375 4831 3394 4868 :
3421 4814 3567 4870 Tolle

1988 4909 2272 4981 grabatum
2330 4920 2501 4974 tuum,
2544 4918 2592 4967 et
2634 4908 2891 4969 ambula?
2930 4906 2987 4961 ls
3029 4906 3120 4977 qui
3166 4920 3330 4961 sanus
3386 4903 3563 4971 fuerat

1989 5001 2229 5071 eiectus,
2261 5002 2523 5061 nesciebat
2549 5001 2666 5070 quis
2700 5008 2833 5055 esset
2862 5014 2879 5052 :
2920 4994 3077 5052 Iesus
3111 4996 3252 5050 enim
3280 4994 3564 5050 declinavit

1993 5108 2025 5145 a
2054 5091 2210 5145 turba
2232 5093 2522 5147 constituta
2553 5090 2760 5147 inloco.
2794 5088 2990 5143 Postea
3020 5086 3215 5147 invenit
3248 5101 3366 5143 eum
3405 5082 3565 5140 Jesus

1995 5181 2048 5235 in
2085 5180 2297 5249 templo,
2332 5192 2382 5237 et
2414 5181 2552 5235 dixit
2581 5181 2687 5236 illi.

2067 5266 2390 5338 lnesplebili
2440 5266 2609 5324 caedis
2659 5266 2960 5337 cupiditate
3025 5264 3180 5331 ardet
3249 5262 3567 5325 Judtcorum

281 5356 642 5428 Ascpsuwbat
670 5357 761 5412 τὸν
789 5356 1139 5423 ἐπιτάξαντα,
1187 5358 1603 5413 συνεπιπλέκειν
1632 5361 1793 5416 αὐτὸν
1818 5363 1893 5433 τῷ

2004 5358 2240 5413 animus.
2262 5355 2530 5427 lndagant
2544 5372 2669 5412 eum
2694 5357 2789 5428 qui
2815 5370 3025 5427 aegrum
3055 5354 3227 5427 jussit
3257 5356 3568 5419 ambulare,

279 5446 634 5519 καραδόεως
666 5450 979 5518 ὐγιασθέντι
1012 5449 1404 5522 βουλευόμενοι.
1446 5452 1623 5517 Μόνος
1662 5453 1789 5526 γὰρ,
1819 5454 1895 5519 ὡς

278 5538 484 5605 εἰκὸς,
518 5540 843 5597 κινδυνεύων
871 5540 1062 5597 ἐλύπει
1081 5542 1248 5596 διὰτὸ
1276 5542 1576 5613 Σάδδατον,
1606 5545 1635 5598 δ
1666 5544 1892 5619 βρόχους

388 5717 445 5749 ⁸⁸
474 5720 656 5776 Galat.
687 5737 743 5791 v,
773 5720 828 5788 2,
865 5720 921 5778 4.
1001 5723 1047 5756 ’³
1081 5719 1283 5777 Jercm.
1314 5738 1368 5788 ν,
1403 5722 1492 5777 2L

2002 5457 2310 5509 statuentes
2338 5450 2520 5523 ipsum
2542 5465 2649 5509 una
2670 5465 2796 5506 cum
2831 5464 2897 5506 eo
2927 5448 3019 5521 qui
3042 5446 3373 5505 mirabiliter
3402 5462 3566 5505 sana-

2000 5553 2091 5602 tus
2121 5543 2303 5602 iucrat
2342 5543 2583 5603 irretire.
2617 5542 2974 5616 Angebantur
3002 5544 3171 5609 enim,
3208 5551 3270 5599 ut
3321 5548 3587 5627 apparet,
