4038 6210
507 355 612 412 δλῖἷ

1501 355 1556 409 S.
1600 355 1876 410 CYRILLI
1917 352 2393 409 ALEXANDRIM
2427 348 2746 404 ARCHIEP.

3649 343 3752 398 344

507 469 653 538 quod
710 467 862 521 solus
910 464 1338 534 periclitaretur,
1378 471 1605 534 propter
1647 463 1968 530 Sabbatum,
2022 463 2069 518 is

2190 464 2303 534 ἱρτι
2349 463 2442 515 καὶ
2471 460 2704 529 παγίδας
2748 455 3020 527 ἀφύκτους
3060 452 3368 527 διαδραμὼν
3395 493 3410 518 ,
3443 456 3536 507 καὶ
3577 456 3752 510 αὐτῶν

465 577 472 580 ·
504 560 599 629 qui
630 559 790 612 modo
816 559 1040 627 laqueos
1070 555 1413 611 inevitabiles
1439 555 1752 630 aufugerat,
1776 566 1830 612 et
1853 572 1915 612 ex
1938 556 2071 628 ipsis

460 666 462 668 '
503 651 701 704 mortis
741 648 927 718 januis
959 647 1194 702 eductus
1225 645 1425 702 fuerat.
1452 645 1721 701 Medicum
1755 662 1886 701 vero
1924 646 2070 701 indi-

503 755 636 795 care
669 755 777 793 non
812 747 1016 809 potest,
1066 739 1319 809 quamvis
1348 753 1472 794 eum
1533 738 1781 794 studiose
1825 739 2074 809 inquire-

504 839 650 896 rent,
673 832 898 886 Christo
926 832 1171 902 seipsum
1198 831 1465 902 singulari
1485 832 1724 887 consilio
1755 833 1990 899 celante,
2014 839 2074 886 ut

501 939 696 1002 eorum
746 925 1100 992 intemperies
1131 924 1456 979 declinaret.
1498 923 1687 994 Neque
1722 939 1852 978 vero
1889 923 2072 994 fugam

504 1016 770 1087 suscipit,
817 1017 973 1087 quasi
1019 1017 1133 1086 pati
1185 1015 1397 1087 aliquid
1444 1016 1590 1072 velut
1630 1031 1696 1070 ex
1747 1015 2076 1070 necessitate

503 1109 710 1179 possit,
750 1108 856 1164 nisi
904 1108 1021 1178 pati
1066 1108 1200 1163 velit
1233 1147 1276 1184 ,γ
1314 1107 1408 1163 sed
1457 1108 1620 1162 nobis
1661 1106 1827 1162 etiam
1877 1107 1932 1161 in
1975 1105 2075 1160 hoc

466 1209 478 1212 ”
505 1201 814 1268 exemplum
851 1198 1094 1271 seipsum
1125 1215 1321 1255 rursus
1350 1199 1566 1254 statuit.

576 1289 644 1355 ν,
678 1290 764 1345 14.
797 1290 930 1346 Ecce
968 1307 1131 1345 sanus
1171 1307 1248 1352 es,
1280 1291 1395 1362 jam
1438 1291 1548 1344 noli
1572 1305 1806 1357 peccare,
1845 1305 1907 1342 ne
1943 1287 2078 1341 dete-

508 1382 623 1434 rius
656 1382 751 1435 tibi
789 1380 992 1451 aliquid
1041 1383 1337 1450 contingat.

579 1471 681 1539 Qui
713 1472 901 1528 divino
930 1472 1167 1527 consilio
1195 1472 1436 1548 primum
1472 1471 1656 1535 latuit,
1692 1468 1888 1525 eodem
1932 1483 2078 1523 nunc

507 1577 732 1617 rursum
791 1571 1041 1634 apparet,
1104 1563 1433 1632 congruenti
1479 1563 1781 1632 unicuique
1837 1572 2080 1630 tempore

475 1659 483 1682 ³
510 1661 750 1708 servato.
805 1652 917 1708 Nec
946 1655 1092 1709 enim
1123 1654 1426 1725 quidquam
1467 1654 1536 1709 ab
1567 1669 1632 1709 eo
1663 1653 1755 1724 qui
1793 1664 2078 1724 peceatum

510 1742 690 1796 nescit
753 1742 871 1797 ﬁeri
928 1751 1109 1813 potest
1165 1747 1376 1816 absque
1437 1744 1783 1800 convenienti
1842 1743 2077 1798 ratione.

2180 551 2598 622 ἐξειλκυσμένος
2645 548 2756 602 τῶν
2791 547 2885 600 τοῦ
2931 545 3160 600 θανάτου
3216 545 3420 599 πυλῶν.
3469 544 3662 598 Εἰπεῖν
3699 523 3788 600 δὲ,ῐ

2177 647 2269 700 τὸν
2311 645 2493 716 ἰατρὸν
2535 643 2725 697 καίτοι
2749 637 3196 705 φιλοπευστοῢσιν
3241 638 3342 692 οὐκ
3395 637 3531 707 ἔχει,
3577 639 3756 702 καλῶς

2179 755 2238 791 τε
2270 738 2363 791 καὶ
2403 734 2762 805 οἰκονομικῶς
2791 729 3242 803 κατακρύψαντος
3271 730 3464 783 ἐαυτὸν
3491 730 3584 783 τοῦ
3626 731 3670 783 Χ
3681 749 3758 802 ρι-

2183 828 2340 895 στοῦ,
2382 828 2468 881 ἵνα
2495 827 2557 880 τὸ
2598 823 2913 895 παραυτίκα
2952 822 3153 894 θερμὸν
3192 821 3294 891 τῆς
3319 821 3543 874 ἐκείνων
3576 821 3754 891 ὀργῆς

2181 922 2385 989 διεξίοι.
2411 920 2523 973 Καὶ
2559 919 2656 988 οὐχ
2693 916 2769 980 ὥς
2809 933 2860 968 τι
2891 914 3083 968 παθεῖν
3119 914 3195 976 ὡς
3228 912 3289 976 ἐξ
3321 913 3572 982 ἀνάγκης
3601 913 3755 966 δυνά-

2186 1030 2364 1086 μενος,
2391 1013 2438 1064 εἰ
2463 1010 2538 1081 μὴ
2573 1008 2810 1079 βούλοιτο
2837 1001 3392 1074 παθεῖν,λέπιτηδεύει
3428 1004 3528 1074 τὴν
3553 1005 3758 1074 φυγὴν,

2183 1104 2297 1158 ἀλλ’
2341 1105 2473 1174 ἡμῖν
2513 1098 2880 1171 ὑπογραμμὸν
2926 1097 3020 1150 καὶ
3056 1094 3228 1168 τούτῳ
3266 1095 3331 1167 δὴ
3372 1094 3534 1150 πάλιν
3567 1094 3761 1150 ἐαυτὸν

2184 1193 2468 1255 καθιστάς.

2256 1283 2380 1337 Ἴδε
2413 1281 2589 1351 ὑγιὴς
2625 1281 2899 1349 γέγονας,
2933 1274 3147 1346 μηκέτι
3183 1274 3508 1345 ἁμάρτανε,
3534 1275 3638 1330 ἵνα
3671 1274 3757 1343 μὴ

2186 1375 2389 1445 χεῖρόν
2425 1373 2526 1427 σοί
2559 1389 2613 1424 τι
2638 1374 2899 1440 γένηται.

2256 1464 2628 1537 Οἰκονομικῶς
2657 1462 2726 1516 τὰ
2765 1461 2956 1533 πρῶτα
2998 1458 3174 1514 λαθὼν
3209 1458 3565 1530 ἐμφανίζεται
3599 1457 3758 1519 πάλιν

2185 1556 2571 1630 οἰκονομικῶς,
2608 1555 2698 1608 τὸν
2734 1552 2990 1625 ἁρμόδιον
3032 1539 3245 1620 ἑκάστῳ
3273 1550 3518 1619 τηρήσας
3546 1547 3754 1618 καιρόν.

2187 1655 2260 1708 Οὐ
2285 1653 2394 1723 γάρ
2413 1647 2480 1723 ἦν
2498 1667 2552 1702 τι
2573 1645 2827 1717 γενέσθαι
2864 1643 3015 1715 παρὰ
3039 1641 3132 1696 τοῦ
3179 1640 3255 1712 μὴ
3290 1639 3490 1702 εἰδότος
3517 1639 3760 1709 ἐξαμαρ-

2185 1749 2316 1808 τεῖν,
2345 1743 2374 1796 ὃ
2415 1741 2490 1813 μὴ
2523 1740 2738 1801 πάντως
2791 1736 2902 1807 ἔχει
2945 1735 3098 1802 λόγον
3133 1733 3223 1801 ὑφ’
3273 1729 3449 1800 ἐαυτῷ
3495 1730 3588 1782 τὸν
3633 1730 3761 1799 πρέ-

467 1851 483 1912 χ
510 1830 871 1886 Occasionem
919 1835 1087 1905 igitur
1136 1851 1260 1890 eum
1307 1837 1623 1906 alloquendi
1675 1836 1941 1892 salutaris
1988 1835 2081 1889 illa

2190 1851 2371 1889 ποντα.
2392 1832 2676 1902 Πρόφασιν
2712 1827 2892 1881 τοίνυν
2914 1825 3013 1895 τῆς
3036 1824 3183 1904 πρὸς⁴
3202 1821 3365 1905 αὐτὸν
3386 1819 3674 1884 διαλέξεως
3700 1821 3760 1873 τὸ

512 1921 816 1979 admonitio
847 1927 1103 1995 praebuit,
1129 1943 1236 1997 qua
1269 1927 1381 1998 jam
1425 1945 1533 1983 non
1571 1929 1805 1998 amplius
1844 1943 2082 1998 peccan-

511 2015 643 2070 dum
673 2017 833 2081 dixit,
885 2033 955 2073 ne
991 2019 1362 2076 deterioribus
1397 2036 1561 2088 quam
1595 2021 1747 2090 prius
1782 2021 1943 2075 malis
1979 2020 2083 2072 im-

477 2107 767 2178 ‘plicetur.
816 2107 958 2163 Hinc
989 2125 1154 2179 porro
1187 2112 1349 2165 docet
1394 2095 1505 2166 non
1541 2112 1718 2166 solum
1754 2112 1809 2166 in
1840 2112 2085 2165 futurum

507 2201 778 2271 judicium
811 2203 1192 2270 peccatoribus
1242 2201 1409 2257 Deum
1459 2219 1746 2259 reservare
1793 2203 2084 2272 supplicia,

517 2291 618 2348 sed
643 2292 698 2346 in
733 2293 1063 2362 corporibus
1100 2294 1278 2348 adhuc
1312 2294 1576 2367 degentes
1608 2296 1772 2350 etiam
1806 2305 1934 2349 ante
1967 2308 2085 2347 ma-

514 2398 682 2453 gnum
723 2393 778 2437 et
823 2383 1176 2439 manifestum
1233 2387 1384 2440 illum
1413 2387 1649 2441 'Judieis
1702 2386 2085 2441 universorum

515 2473 660 2528 diem
699 2474 869 2528 variis
912 2476 1089 2531 modis
1123 2479 1338 2546 punire.
1365 2477 1524 2543 Quod
1558 2489 1738 2531 autem
1785 2492 1928 2546 szepe
1959 2476 2087 2531 feri-

518 2567 640 2616 mur
663 2565 1034 2634 percutientes
1083 2573 1137 2619 et
1183 2566 1521 2622 oﬂ‘endentcs
1570 2567 1766 2630 Deum,
1799 2565 2089 2622 testabitur

517 2670 682 2724 porro
735 2657 1189 2727 sapientissimus
1243 2659 1450 2715 Paulus
1487 2661 1574 2716 his
1633 2661 1821 2715 verbis
1856 2678 1868 2713 :
1909 2678 1926 2709 ι
1959 2657 2087 2712 ldeo

516 2746 660 2798 inter
689 2759 788 2800 vos
821 2747 976 2801 multi
1016 2748 1215 2804 infirmi
1245 2757 1300 2804 et
1348 2751 1669 2815 imbecilles,
1711 2761 1764 2805 et
1810 2749 2090 2803 dormiunt

517 2835 710 2889 multi:
736 2836 882 2906 quod
903 2837 948 2892 si
975 2840 1347 2910 nosmetipsos
1363 2840 1436 2909 dij
1448 2841 1820 2906 udicaremus,
1841 2855 1948 2894 non
1979 2841 2089 2894 uti-

517 2943 625 2996 que
656 2927 1057 2996 iudicaremur.
1090 2929 1227 2984 Dum
1256 2932 1574 3008 iudicamur
1609 2934 1765 3004 211
1814 2940 2019 2995 autem,
2059 2946 2089 2985 a

521 3017 754 3075 Domino
797 3023 1151 3092 corripimur,
1177 3033 1236 3078 ut
1274 3040 1382 3078 non
1411 3040 1535 3079 cum
1569 3024 1671 3078 hoc
1697 3023 1902 3078 mundo
1932 3023 2088 3077 dam-

521 3126 715 3167 ncmur
733 3113 798 3167 ".
835 3132 854 3165 ι

589 3225 658 3292 ν,
691 3226 779 3282 15.
808 3226 953 3280 Abiit
987 3229 1148 3298 igitur
1175 3228 1262 3282 ille
1292 3228 1534 3293 Itomo,et
1576 3231 1837 3285 nuntiavit
1883 3229 2088 3285 Judazis

518 3314 650 3388 quia
675 3314 831 3369 Iesus
867 3325 1000 3371 esset
1033 3319 1122 3384 qui
1144 3317 1265 3386 fecit
1297 3335 1414 3372 eum
1443 3336 1652 3374 sanum.

589 3403 799 3461 Judmis
834 3407 1042 3462 indicat
1067 3407 1277 3473 Jesum,
1311 3426 1421 3465 non
1454 3422 1509 3465 ut
1551 3412 1679 3465 mali
1717 3410 1998 3481 quidpiam
2035 3412 2092 3465 in

525 3501 709 3571 ipsum
748 3501 1051 3555 machinari
1080 3501 1368 3568 audentes,
1401 3503 1552 3573 impii
1572 3519 1694 3559 esse
1709 3488 2092 3574 deprehende;

525 3603 738 3660 rentur,
807 3594 900 3652 sed
984 3606 1044 3649 ut
1118 3595 1497 3650 admirabilem
1570 3596 1735 3649 istum
1819 3594 2092 3650 medicum

523 3696 909 3765 agnoscerent,
962 3689 1008 3743 si
1071 3688 1196 3758 quis
1234 3688 1401 3742 etiam
1449 3703 1641 3742 eorum
1690 3690 1871 3743 curari
1909 3688 2090 3742 vellet.

523 3780 912 3835 Animadverte
940 3779 1084 3834 enim
1109 3794 1218 3851 quo
1245 3786 1406 3849 pacto
1446 3778 1500 3836 id
1539 3779 1589 3834 ei
1617 3781 1960 3849 propositum
1999 3780 2090 3834 sit.

527 3868 644 3926 Non
672 3873 840 3938 enim,
877 3879 938 3926 ut
971 3871 1380 3942 vitilitigatores
1430 3872 1682 3927 nonnulli
1715 3871 2093 3939 volunt,nun-

525 3960 628 4016 tiat
676 3958 864 4018 Iesum
902 3977 1027 4017 esse
1060 3977 1183 4017 eum
1219 3961 1310 4032 qui
1347 3961 1632 4017 ambulare
1674 3961 1843 4032 jussit
1875 3962 1930 4016 in
1960 3959 2096 4017 Sab-

530 4053 673 4117 bato,
715 4051 812 4107 sed
864 4053 958 4121 qui
1014 4067 1210 4107 sanum
1266 4067 1327 4108 se
1376 4052 1525 4108 fecit.
1579 4051 1694 4108 Hoc
1741 4061 1926 4108 autem
1975 4059 2095 4108 erat

521 4143 664 4198 nihil
716 4142 864 4198 aliud
901 4158 1064 4214 agere
1111 4157 1276 4215 quam
1321 4144 1593 4199 medicum
1631 4142 1900 4200 duntaxat
1948 4145 2094 4200 indi—

526 4250 586 4291 εει
593 4250 671 4290 re.

595 4342 661 4408 ν,
696 4343 784 4397 16.
811 4345 1097 4414 Propterea
1140 4349 1582 4419 persequebantur
1606 4347 1786 4403 Judwi
1813 4345 2021 4413 Iesum,
2045 4355 2094 4402 et

526 4434 830 4500 quwtebant
887 4450 1006 4490 eum
1057 4437 1374 4508 interﬁcere,
1409 4442 1537 4510 quia
1589 4439 1700 4494 hac
1757 4439 1988 4508 faciebat
2037 4439 2094 4494 in

530 4520 782 4579 Sabbato.
813 4525 970 4580 Iesus
1001 4537 1176 4582 autem
1216 4532 1481 4598 respondit
1506 4533 1604 4586 eis.

595 4661 717 4715 Non
753 4661 1079 4731 simpliciter
1100 4665 1190 4720 hic
1218 4665 1534 4722 Iudaeorum
1567 4667 1724 4724 furor
1749 4669 2094 4725 ostenditur:

529 4767 636 4808 non
669 4751 814 4807 enim
844 4753 992 4822 quod
1023 4753 1209 4809 Jesum
1242 4765 1650 4827 persequuntur
1684 4756 1974 4825 duntaxat,
2001 4759 2100 4814 sed

527 4859 691 4915 quam
748 4844 819 4899 ob
875 4858 1097 4899 causam
1159 4847 1213 4901 id
1261 4846 1440 4903 facere
1505 4847 1772 4913 audeant,
1825 4850 2099 4923 significat

531 4953 730 4994 rursus
767 4938 1128 5008 evangelista,
1167 4956 1293 4995 cum
1335 4941 1582 5012 emphasi
1636 4942 1860 5010 dicens,
1889 4963 1908 4995 ι
1953 4944 2094 5010 Quia

530 5033 647 5110 tunc
672 5029 906 5084 faciebat
937 5030 992 5084 in
1028 5029 1290 5087 Sabbato.
1329 5052 1348 5085 ι
1376 5031 1722 5091 lusectantur
1749 5037 1895 5091 enim
1929 5037 2096 5093 stu-Ite

525 5128 581 5172 et
611 5121 794 5189 impie,
829 5119 986 5190 quasi
1027 5120 1114 5175 lex
1141 5121 1280 5177 bene
1309 5138 1468 5194 agere
1518 5124 1572 5179 in
1621 5125 1864 5182 Sabbato
1904 5127 2094 5198 prohi-

528 5209 676 5273 beat,
710 5211 1073 5282 nequelieeat
1099 5214 1231 5284 :egri
1265 5214 1537 5283 misereri,
1567 5224 1622 5271 et
1658 5219 1818 5288 quasi
1849 5227 2098 5289 oporteat

530 5300 702 5369 legem
749 5316 966 5356 omnem
1017 5304 1324 5370 charitatis,
1359 5305 1723 5366 fraternitatis
1765 5311 2002 5377 laudem,
2044 5322 2095 5366 et

531 5393 890 5448 humanitatis
936 5397 1167 5465 gratiam
1225 5399 1520 5467 deponere.
1567 5399 1752 5456 Multis
1807 5410 1988 5456 autem
2033 5417 2096 5455 ac

527 5483 698 5536 variis
745 5484 1060 5540 rationibus
1111 5487 1404 5542 ostendere
1453 5491 1577 5559 quis
1625 5499 1839 5559 posset,
1876 5489 2094 5546 Judzeos

531 5569 665 5622 nihil
696 5587 804 5624 non
845 5573 972 5627 boni
1004 5579 1346 5644 repudiasse,
1381 5581 1716 5650 legislatoris
1749 5582 1818 5638 de
1851 5582 2092 5638 Sabbato

601 5724 645 5757 '°
679 5722 698 5776 ι
731 5722 858 5780 Cor.
892 5739 968 5788 ιιι,
1002 5726 1192 5782 50-59..

2115 3180 2162 3240 C

2181 1923 2503 1996 ψυχωφελές
2524 1923 2762 1974 ἐποιεῖτο
2782 1915 3168 1989 παράγγελμα,
3201 1903 3397 1984 μηκέτι
3420 1910 3763 1980 πλημμελεῖν

2183 2021 2379 2091 χρῆναι
2434 2015 2647 2084 λέγων,
2703 2013 2789 2065 ἵνα
2842 2010 2915 2081 μὴ
2955 2009 3163 2080 χείροσι
3185 2007 3294 2059 τῶν
3352 2003 3762 2075 παρῳχηκότων

2183 2109 2538 2178 ὲπαλγύνοιτο
2579 2107 2790 2168 κακοῖς.
2823 2102 3073 2155 Διδάσκει
3119 2098 3176 2152 δέ
3219 2097 3308 2151 διὰ
3339 2096 3563 2160 τούτων,
3594 2095 3669 2157 ὡς
3701 2094 3759 2146 οὐ

2187 2204 2345 2274 μόνον
2371 2203 2452 2266 εἰς
2469 2199 2568 2271 τὴν
2590 2197 2886 2269 μέλλουσαν
2909 2192 3126 2247 ἔσεσθαι
3159 2191 3341 2262 κρίσιν
3372 2187 3750 2258 ἀποθησαυρί-

2186 2296 2267 2361 ζει
2290 2293 2422 2355 Θεὸς
2450 2293 2560 2354 τοῖς
2582 2288 2890 2359 ἀνθρώποις
2911 2285 2979 2339 τά
3000 2282 3472 2354 πλημμελήματα,
3509 2279 3762 2350 μαστιγοῖ

2185 2387 2242 2440 δὲ
2285 2385 2545 2446 ποικίλως
2579 2382 2658 2435 ἔτι
2700 2379 2908 2444 ζῶντας
2963 2380 3020 2431 ἐν
3079 2376 3331 2446 σώμασι,
3387 2373 3481 2426 καὶ
3527 2371 3633 2442 πρὸ
3667 2371 3763 2440 τῆς

2189 2476 2429 2548 μεγάλης
2453 2474 2546 2528 καὶ
2569 2470 2864 2542 ἐπιφανοῦς
2894 2469 3109 2540 ἡμέρας
3142 2464 3235 2519 τοῦ
3268 2465 3402 2518 πᾶσι
3428 2463 3760 2524 δικάσοντος.

2189 2571 2311 2623 Ὅτι
2349 2569 2405 2620 δὲ
2444 2566 2701 2628 πολλάκις
2740 2560 3088 2633 πληττόμεθα
3129 2557 3419 2620 πταίοντές
3448 2572 3510 2608 τε
3550 2553 3643 2607 καὶ
3673 2550 3766 2602 λυ-

2189 2660 2413 2723 ποῦντες
2440 2658 2532 2711 τὸν
2561 2657 2724 2721 Θεὸν,
2755 2652 3196 2725 ἐπιμαρτυρήσει
3230 2649 3368 2718 βοῶν
3397 2651 3424 2702 6
3453 2645 3766 2714 σοφώτατος

2189 2752 2430 2815 Παῦλοςο
2479 2770 2495 2802 ι
2552 2749 2649 2802 Διὰ
2687 2746 2845 2801 τοῦτο
2891 2749 2948 2798 ὲν
2983 2745 3111 2814 ὑμῖν
3163 2741 3346 2794 πολλοὶ
3374 2739 3642 2802 ἀσθενεῖς,
3675 2736 3767 2788 καὶ

2189 2847 2495 2916 ἄρρωστοι,
2549 2841 2644 2895 καὶ
2684 2837 2984 2908 κοιμῶνται
3032 2834 3239 2888 ἱκανοίο
3298 2832 3346 2884 εἰ
3391 2831 3502 2902 γὰρ
3544 2828 3769 2890 ἑαυτοὺς

2191 2935 2515 3005 ἐκρίνομεν,
2560 2931 2660 2983 οὒκ
2702 2929 2767 2982 ἂν
2817 2925 3166 2999 ἐκρινόμεθα.
3196 2923 3529 2994 Κρινόμενοι
3573 2919 3630 2972 δέ
3665 2918 3770 2971 ὑπὸ

2191 3025 2398 3096 Κυρίου
2419 3019 2805 3090 παιδευόμεθα,
2829 3018 2917 3071 ἵνα
2953 3016 3028 3088 μὴ
3054 3017 3151 3070 σὺν
3177 3015 3254 3085 τῷ
3281 3014 3473 3084 κόσμῳ
3501 3027 3769 3081 κατακρι-

2194 3118 2399 3188 θῶμεν.
2433 3135 2451 3166 ›

2269 3227 2575 3300 Ἀπῆλθεν
2599 3221 2713 3282 οὖν
2743 3231 2775 3280 ὀ
2801 3225 3133 3291 ἄνθρωπος,
3165 3219 3265 3273 καὶ
3289 3213 3420 3272 εἶπε
3458 3215 3583 3280 τοῖς
3621 3215 3769 3270 Ἰου-

2194 3325 2386 3389 δαίοις
2417 3299 2504 3376 ὅτι
2556 3317 2796 3387 Ἰησοῦς
2815 3317 2986 3371 ἐστιν
3017 3316 3048 3366 ὀ
3074 3312 3336 3380 ποιήσας
3379 3299 3567 3376 αὑτὸν
3609 3301 3768 3374 ὑγιῆ.
3838 3373 3843 3381 Ι

2265 3410 2620 3483 Καταμηνύει
2664 3411 2721 3463 δὲ
2767 3410 2878 3469 τοῖς
2930 3403 3203 3465 Ἰουδαίοις
3246 3401 3338 3455 τὸν
3383 3397 3614 3469 Ἰησοῦν,
3671 3395 3770 3465 οὺχ

2199 3508 2286 3562 ἵνα
2313 3523 2366 3558 τι
2403 3505 2539 3574 δρᾷν
2583 3502 2663 3564 εἰς
2703 3499 2862 3553 αὐτὸν
2914 3492 3329 3565 ἀποτολμῶντες
3373 3489 3542 3543 δεινὸν
3582 3488 3772 3540 δυσσε-

2196 3596 2416 3658 6οῦντες
2446 3593 2796 3655 ἁλίσκωνται,
2841 3588 2955 3643 ἀλλ’
2991 3588 3057 3640 ἵν’
3082 3625 3097 3651 ,
3147 3585 3303 3654 εἴπερ
3358 3581 3629 3652 βούλοιντο
3680 3579 3774 3630 καί⁸

2195 3687 2350 3742 αὐτοὶ
2388 3680 2816 3755 θεραπεύεσθαι,
2849 3679 2941 3733 τὸν
2979 3674 3418 3744 ἀξιοθαύμαστόν
3453 3671 3644 3724 εἰδεῖεν
3692 3670 3775 3721 ἰα-

2195 3780 2341 3851 τρόν.
2391 3776 2674 3846 Ἐπιτήρει
2707 3775 2817 3843 γὰρ
2857 3772 3005 3834 ὅπως
3042 3763 3195 3830 οὗτος
3221 3762 3289 3836 ἧν
3323 3763 3516 3834 ἐκείνῳ
3549 3761 3772 3824 σκοπός.

2197 3873 2270 3928 Οὐ
2304 3872 2412 3942 γὰρ
2461 3867 2603 3922 κατά
2645 3882 2768 3921 τινα
2800 3862 2908 3917 τῶν
2940 3857 3390 3930 φιλεγκλημόνων
3438 3853 3778 3921 ἀπαγγέλλει

2195 3962 2537 4039 προσελθὼν,
2550 3963 2632 4014 ὅτι
2657 3957 2864 4030 Ἰησοῦς
2880 3957 3026 4009 ἐστιν
3041 3955 3070 4008 6
3086 3951 3410 4039 περιπατεῖν
3427 3947 3689 4039 ἐπιτάξας
3711 3948 3777 4039 ἐν

2196 4031 2482 4126 Σαϐϐάτῳ,
2516 4051 2630 4107 ἀλλ’
2660 4051 2718 4103 Ὀ
2741 4046 3003 4113 ποιήσας
3028 4042 3216 4099 αὐτὸν
3237 4037 3395 4110 ὑγιῆ.
3425 4037 3597 4091 Τοῦτο
3621 4037 3678 4089 δὲ
3708 4031 3778 4106 ἦν

2196 4151 2384 4222 ἕτερόν
2417 4165 2472 4202 τι
2503 4143 2784 4206 ποιοῦντος
2828 4139 2982 4194 οὐδὲν
3001 4176 3016 4203 ,
3050 4135 3170 4191 ἀλλ’
3199 4132 3234 4204 ἦ
3276 4132 3436 4203 μόνον
3467 4130 3556 4184 τὸν
3594 4127 3774 4200 ἰατρὸν

2198 4241 2580 4316 σημαίνοντος.

2268 4355 2377 4412 Καὶ
2406 4354 2505 4407 διὰ
2525 4349 2700 4406 τοῦτο
2728 4345 2974 4401 ἐδίωκον
2987 4341 3094 4396 τὸν
3126 4337 3372 4408 Ἰησοῦν
3391 4337 3444 4389 ot
3479 4330 3772 4394 Ἰουδαῖοι,

2199 4448 2300 4504 καὶ
2330 4445 2578 4514 ἐζήτουν
2602 4438 2791 4496 αὑτὸν
2823 4433 3201 4495 ἀποκτεῖναι,
3239 4429 3329 4483 ὅτι
3358 4426 3546 4482 ταῦτα
3590 4422 3780 4514 ἐποίει

2124 4523 2177 4583 Ῑ)
2199 4541 2268 4594 ἐν
2297 4513 2636 4600 Σαϐϐάτσις.
2693 4532 2758 4584 '0
2785 4528 2856 4582 δὲ
2893 4523 3127 4594 Ἰησοῦς
3156 4521 3520 4589 ἁπεκρίνατο
3547 4513 3777 4578 αὐτοῖς.

2273 4670 2387 4739 Οὐχ
2418 4665 2594 4736 ἁπλῆν
2627 4666 2655 4716 6
2681 4662 2838 4731 λόγος
2884 4659 2997 4730 ἔχει
3025 4658 3082 4711 ἐν
3111 4654 3321 4717 τούτοις
3357 4651 3455 4722 τῆς
3505 4645 3781 4739 Ἰουδαίων

2201 4737 2503 4832 παρανοίας
2527 4757 2626 4828 τὴν
2650 4755 2910 4825 ἐξήγησιν
2929 4767 2943 4782 ⁸
2978 4748 3040 4802 οὐ
3067 4748 3175 4819 γὰρ
3204 4747 3286 4799 ὃτι
3307 4741 3564 4798 διώκουσι
3594 4737 3778 4810 μόνον,

2201 4852 2315 4909 ἀλλ’
2341 4849 2432 4904 ἐπὶ
2465 4848 2574 4900 τίσι
2603 4844 2760 4899 τοῦτο
2795 4845 2928 4914 δρᾷν
2970 4841 3069 4894 οὐκ
3122 4838 3491 4908 αἰσχύνονται,
3532 4847 3780 4900 καταση-

2207 4947 2386 5020 μαίνει
2416 4943 2578 4997 πάλιν
2607 4942 2634 4994 ὁ
2660 4935 3049 5008 εὐαγγελιστὴς
3081 4927 3540 5004 ἐμφαντικώτατα
3566 4924 3744 4992 λέγων
3763 4940 3777 4953 ·

2209 5016 2229 5092 ἓ
2263 5041 2384 5093 Ὅτι
2414 5035 2587 5091 ταῦτα
2633 5034 2806 5088 ἐποίει
2862 5034 2920 5086 ἐν
2960 5027 3243 5096 Σαϐϐάτῳ.
3295 5043 3313 5076 ι
3367 5021 3632 5075 Διώκουσι
3666 5016 3779 5087 γὰρ

2201 5127 2428 5200 ἀμαθῶς
2471 5144 2529 5180 τε
2570 5123 2662 5178 καὶ
2705 5119 3000 5182 δυσσεϐῶς,
3035 5117 3110 5179 ὡς
3149 5111 3509 5183 ἀγαθοεργεῖν
3541 5109 3598 5200 ἐν
3633 5105 3777 5158 Σαϐ-

2206 5199 2356 5290 ϐάτῳ
2387 5217 2480 5273 τοῦ
2514 5217 2677 5287 νόμου
2709 5211 3119 5272 διακωλύοντος,
3146 5207 3220 5269 ὼς
3245 5205 3344 5258 οὐκ
3374 5201 3491 5264 ἐξὸν
3523 5199 3696 5251 ἐλεεῖν
3721 5213 3774 5248 τε

2205 5318 2300 5368 καὶ
2338 5310 2731 5379 κατοικτείρειν
2778 5306 2901 5369 τοὺς
2935 5301 3258 5371 κάμνοντας,
3296 5296 3372 5358 ὡς
3403 5289 3777 5379 ἀποδύσασθαι

2204 5401 2321 5452 δέον
2367 5398 2455 5451 τὸν
2508 5378 2859 5466 τῆςίάγάπης
2909 5389 3128 5458 θεσμὸν,
3169 5386 3260 5439 τὸν
3292 5384 3386 5453 τῆς
3426 5378 3778 5450 φιλαδελφίας

2205 5492 2453 5552 ἔπαινον,
2516 5488 2612 5558 τὴν
2665 5487 2763 5556 τῆς
2811 5481 3148 5553 ἡμερότητος
3193 5478 3374 5547 χάριν.
3424 5471 3534 5526 Καὶ
3579 5471 3634 5522 τί
3673 5468 3780 5540 γὰρ

2203 5584 2321 5651 οὐχὶ
2370 5580 2477 5634 τῶν
2526 5576 2746 5645 ἀγαθῶν
2793 5571 3098 5626 ἀποπτύσαι
3151 5567 3288 5622 κατὰ
3347 5562 3622 5624 ποικίλους
3678 5558 3788 5631 μὲν.
