4044 6200
327 339 439 394 3ιὸ

1388 331 1454 386 IN
1497 327 1782 386 JOANNIS
1810 322 2260 383 EVANGELiUM
2297 319 2428 376 LIB.
2470 319 2531 376 II.

3477 319 3581 374 316

329 453 446 523 ἔχοι
472 467 555 512 τις
579 446 656 501 ἂν
685 441 964 508 ἀποδεῖξαι
989 442 1240 514 τρόπους,
1266 441 1366 494 οὐκ
1391 441 1595 504 είδότας
1623 439 1909 501 Ἰουδαίους

2023 435 2354 490 voluntatem
2407 433 2746 505 ignorantes,
2787 444 2842 488 et
2885 431 3182 488 vanissime
3224 429 3353 484 illud
3389 431 3575 486 obser.

329 543 425 595 τὸν
463 539 590 610 περὶ
620 537 681 590 τὸ
700 535 974 589 Σάϐϐατον
1011 531 1104 585 τοῦ
1131 531 1422 601 νομοθέτου
1453 532 1672 596 σκοπὸν,
1704 531 1907 582 εἰκαιο-

330 632 504 701 τάτην
558 626 771 682 τελείαν
825 625 910 679 ἐπ’
967 623 1118 694 αὐτῷ
1170 621 1524 692 ποιουμένους
1564 621 1664 690 τὴν
1715 618 1906 688 ἐπιτή-

333 741 516 796 ρησιν.
549 722 658 774 Καὶ
687 719 814 790 γὰρ,
843 719 919 780 ὠς
952 717 1112 780 αὐτὸς
1134 715 1236 786 ἔφη
1269 731 1372 767 που
1398 712 1650 784 Χριστὸς,
1680 712 1908 775 ἕκαστος

332 813 515 868 αὐτῶν
546 811 637 864 τὸν
675 811 808 863 ἴδιον
853 807 978 878 βοῦν
998 847 1014 870 ,
1045 806 1163 877 ἦτοι
1205 805 1266 857 τὸ
1298 803 1572 873 πρόϐατον
1604 801 1910 869 ἀπαγαγὼν

333 901 568 964 ποτίςει,
602 901 695 952 καὶ
725 887 1025 967 περιτομὴν
1053 894 1320 965 λαμϐάνει
1365 893 1650 964 ἄνθρωπος
1677 893 1735 944 ἐν
1768 889 1909 942 Σαϐ-

332 991 510 1060 ϐάτῳ,
551 990 639 1042 ἴνα
674 987 750 1058 μὴ
784 986 917 1057 λυθῇ
959 988 986 1038 ὁ
1008 985 1169 1055 νόμος
1196 982 1456 1044 Μωσέως.
1493 979 1626 1035 Εἶτα
1657 979 1908 1051 χολῶσιν,

333 1082 420 1134 ὅτι
449 1081 569 1134 ὅλον
605 1078 890 1149 ἄνθρωπον
935 1076 1065 1146 ὑγιῆ
1109 1074 1366 1144 ἐποίησεν
1404 1073 1462 1125 ἐν
1504 1071 1787 1140 Σαϐϐάτῳ,
1821 1068 1912 1122 διὰ

333 1171 537 1241 πολλὴν
569 1169 715 1240 ήθῶν
759 1167 1090 1238 δυστροπίαν
1136 1183 1193 1218 τε
1225 1163 1358 1234 ὁμοῦ
1406 1162 1501 1216 καὶ
1531 1160 1910 1224 ἀπαιδευσίαν,

331 1263 457 1317 οὐδὲ
480 1261 587 1315 τῶν
617 1259 828 1328 ἀλόγων
862 1259 952 1311 τὸν
988 1257 1108 1312 κατ’
1135 1256 1321 1310 εἰκόνα
1351 1253 1450 1324 τὴν
1480 1253 1630 1306 Θείαν
1653 1251 1915 1319 γεγονότα

335 1352 753 1424 προτάττοντες,
787 1348 901 1402 ἀλλ’
931 1347 1137 1412 ἐξεῖναι
1167 1347 1263 1416 μὲν
1300 1343 1568 1417 πρόϐατον
1603 1341 1772 1395 ἐλεεῖν
1810 1341 1916 1394 οἰό-

338 1461 496 1514 μενοι
532 1442 640 1495 δεῖν
682 1442 740 1494 ἐν
771 1440 1054 1510 Σαϐϐάτῳ,
1089 1438 1182 1492 καὶ
1209 1437 1366 1508 λιμοῦ
1414 1437 1505 1489 καὶ
1539 1435 1700 1504 δίψης
1742 1432 1918 1488 ἀπαλ-

336 1536 557 1590 λάττειν
601 1531 982 1602 ἀνεγκλήτως,
1029 1529 1396 1601 παρανομίαις
1443 1527 1500 1581 δὲ
1540 1526 1634 1580 καὶ
1666 1527 1785 1587 ταῖς
1825 1523 1917 1576 ἐπὶ

337 1629 453 1690 τοῖς
481 1625 730 1696 ἐσχάτοις
759 1620 1082 1675 ὑποκεῖσθαι
1132 1622 1409 1691 γραφαῖς,
1461 1619 1588 1681 τοὺς
1637 1617 1796 1686 οἵπερ
1852 1613 1918 1667 ἂν

338 1717 581 1785 γένοιντο
610 1712 836 1784 χρηστοί
862 1729 922 1765 τε
961 1711 1055 1764 καλ⁸
1079 1710 1274 1778 ἀγαθοὶ
1305 1710 1431 1780 περὶ
1463 1708 1553 1762 τὸν
1579 1707 1746 1770 πέλας
1778 1704 1918 1759 κατὰ

339 1781 400 1859 τὸ
443 1781 743 1858 Σάϐϐατόν.
790 1804 908 1855 Ἵνα
944 1803 1007 1871 δὴ
1058 1801 1222 1854 πάλιν
1268 1799 1563 1870 θεωρῶμεν
1611 1799 1808 1860 αὐτοὺς
1857 1796 1916 1848 ού

343 1896 584 1967 μετρίως
608 1894 1044 1965 ἀνοηταίνοντας,
1072 1892 1161 1946 διά
1185 1909 1244 1944 τε
1265 1891 1424 1943 τοῦτο
1448 1889 1674 1951 δικαίως
1703 1887 1921 1941 ἀκούειν

339 1987 684 2058 ὀφείλονταςσ
726 2005 743 2036 ι
783 1983 1065 2038 Πλανᾶσθε
1114 1982 1188 2053 μὴ
1232 1983 1430 2044 εἰδότες
1467 1981 1566 2044 τάς
1612 1981 1860 2051 Γραφάς,
1895 1996 1914 2028 ι

342 2081 473 2149 φέρε
499 2079 566 2149 δὴ
596 2079 689 2131 καὶ
720 2079 785 2132 ἐκ
812 2078 921 2130 τῶν
955 2075 1117 2147 ἱερῶν
1139 2074 1395 2137 λαϐόντες
1419 2072 1767 2144 Γραμμάτων
1801 2071 1921 2123 ἐπι-

341 2169 675 2238 δεικνύωμεν
705 2169 984 2241 ἐναργῶς,
1039 2166 1133 2220 καὶ
1176 2164 1345 2217 πάλαι
1387 2159 1920 2234 προαναζωγραφού-

347 2276 507 2329 μενον
538 2258 614 2322 ὡς
640 2260 700 2312 ἐν
727 2258 883 2328 τύπῳ
913 2258 1003 2310 τὸν
1039 2255 1245 2326 Ἰησοῦν
1285 2252 1689 2325 ἀδιαφοροῦντα.
1714 2250 1841 2322 περὶ⁵
1861 2250 1923 2303 τὸ

345 2349 642 2402 Σάϐϐατον.
679 2349 887 2403 Οὐκοῦν
925 2349 984 2401 ἐν
1033 2349 1178 2418 γήρα
1222 2331 1452 2417 μακρῷ,
1503 2343 1684 2406 καθὼς
1716 2343 1921 2413 γέγρα-

345 2455 495 2502 πται,
531 2439 642 2492 τῶν
665 2437 1016 2508 ἀνθρωπίνων
1040 2437 1493 2507 ἀποδημήσαντος
1519 2433 1614 2486 τοῦ
1644 2432 1921 2500 πανσόφου

343 2531 624 2597 Μωσέως,
673 2531 766 2586 καὶ
812 2532 892 2594 είς
921 2531 1017 2593 τὰς
1065 2529 1177 2583 ἄνω
1228 2526 1686 2598 μεθορμισθέντος
1734 2525 1918 2595 μονὰς,

344 2624 521 2695 κρίσει
553 2623 647 2677 καὶ
683 2622 850 2693 ψήφῳ
877 2621 971 2674 τοῦ
1008 2621 1224 2675 πάντων
1257 2619 1584 2690 κρατοῦντος
1615 2617 1773 2681 Θεοῦ,
1822 2617 1923 2686 τὴν

343 2716 642 2788 ἡγεμονίαν
664 2716 760 2786 τὴν
783 2714 875 2768 ἐπὶ
905 2715 995 2766 τὸν
1035 2713 1252 2784 Ἰσραὴλ
1281 2711 1436 2781 ἔλαχέ
1468 2728 1524 2764 τε
1561 2710 1655 2765 καὶ
1682 2708 1924 2780 ἐκληρώ-

347 2827 478 2864 σατο
511 2812 643 2871 παῖς
669 2810 698 2860 ό
733 2805 828 2860 τοῦ
862 2807 1016 2877 Ναυῆ
1053 2804 1281 2878 Ἰησοῦς,
1331 2803 1549 2874 Ἐπειδὴ
1586 2803 1642 2855 δὲ
1690 2801 1919 2872 μυριάν-

344 2900 502 2969 δρους
570 2899 803 2952 όπλιτῶν
871 2897 1137 2969 ἀριθμοὺς
1179 2896 1364 2966 κύκλῳ
1431 2893 1769 2964 περιστήσας
1825 2893 1925 2963 τῆς

358 2990 653 3060 Ἱεριχοῦς,
719 2989 859 3042 ἑλεῖν
902 3006 963 3042 τε
1014 2989 1117 3058 ἤδη
1163 2988 1258 3041 καὶ
1306 2985 1702 3056 καταστρέφειν
1754 2983 1924 3052 αὐτὴν

2009 535 2227 582 vantes.
2271 525 2425 591 Nam,
2455 535 2514 578 ut
2548 527 2665 595 ipse
2716 525 2970 580 Christus
3008 523 3147 578 dixit
3186 521 3408 588 alicubi,
3460 523 3582 592 qui-

2007 617 2140 672 libet
2182 631 2376 672 corum
2411 617 2580 670 boves
2632 630 2695 670 ac
2715 630 2844 670 oves
2874 630 3002 670 suas
3033 613 3356 682 adaquat",
3387 621 3442 667 et.
3472 615 3585 666 cir.

1993 706 2409 762 ‘cumcisionem
2468 707 2632 760 homo
2672 706 2908 774 suscipit
2957 705 3013 758 in
3065 704 3330 771 Sabbato,
3377 712 3437 757 ut
3473 719 3581 759 non

2010 799 2260 854 solvatur
2303 796 2388 850 lex
2440 795 2666 865 Moysis.
2715 795 2784 847 At
2836 794 3194 863 indignantur
3224 794 3372 864 quod
3410 794 3585 848 homi-

2010 903 2140 944 nem
2178 889 2234 942 in
2255 888 2346 942 die
2371 885 2598 940 Sabbati
2619 892 2795 939 totum
2821 887 3048 939 sanitati
3071 886 3332 951 restituit,
3358 895 3586 954 propter

2012 994 2286 1037 summam
2345 993 2561 1032 morum
2612 978 3029 1045 perversitatem
3069 977 3234 1032 simul
3266 985 3320 1031 et
3374 956 3584 1032 rudita-

2012 1079 2147 1136 tem,
2177 1086 2247 1126 ne
2282 1071 2460 1126 brutis
2490 1069 2711 1139 quidem
2745 1069 2880 1138 ipsis
2912 1069 3315 1138 mquiparantes
3342 1084 3467 1123 eum
3487 1069 3583 1138 qui

2014 1165 2080 1220 ad
2114 1164 2408 1234 imaginem
2442 1161 2535 1217 Dei
2574 1161 2757 1216 factus
2786 1168 2891 1226 est,
2925 1159 3022 1216 sed
3056 1161 3112 1213 in
3142 1158 3388 1213 Sabbato
3420 1161 3585 1214 licere

2013 1255 2234 1326 quidem
2277 1255 2399 1310 ovis
2457 1252 2843 1308 misericordia
2883 1252 3095 1318 teneri,
3153 1267 3389 1321 eamque
3444 1252 3586 1305 citra

2014 1347 2233 1414 culpam
2269 1344 2410 1400 fame
2439 1359 2504 1399 ac
2544 1344 2638 1400 siti
2673 1343 2899 1398 libera-ri
2932 1357 3096 1412 posse
3117 1341 3426 1406 credentes,
3447 1357 3586 1411 prae-

2015 1435 2252 1490 varicari
2281 1449 2413 1488 vero
2443 1441 2497 1487 et
2537 1432 2801 1487 extremis
2829 1431 3121 1502 suppliciis
3151 1431 3419 1486 obnoxios
3459 1445 3586 1487 esse

2017 1524 2332 1594 quicunque
2361 1521 2613 1577 bonitate
2642 1529 2696 1575 et
2725 1522 2929 1590 pietate
2952 1535 3080 1589 erga
3113 1520 3426 1588 proximum
3459 1528 3584 1573 ulc-

2017 1625 2209 1675 rentur
2239 1618 2296 1671 in
2330 1615 2589 1671 Sabbato.
2623 1613 2696 1668 Ut
2729 1621 2880 1669 certe
2909 1613 3195 1669 videamus
3241 1628 3335 1668 eos
3392 1627 3587 1667 rursus

2021 1726 2133 1765 non
2177 1708 2536 1764 mediocriter
2572 1705 2840 1778 insanire,
2881 1713 3043 1772 atque
3082 1704 3288 1758 idcirco
3323 1704 3446 1772 jure
3478 1703 3586 1758 illis

2020 1799 2353 1857 audiendum
2395 1799 2556 1871 212
2585 1812 2708 1851 esse
2735 1815 2748 1850 :
2780 1814 2798 1846 ι
2833 1795 3043 1849 Erratis
3083 1794 3396 1848 nescientes
3433 1791 3584 1846 Serio

2018 1902 2214 1965 pturas
2233 1891 2300 1955 '3,
2337 1909 2356 1942 ι
2381 1905 2480 1960 age
2503 1905 2636 1959 ergo
2661 1887 2848 1942 allatis
2867 1902 3090 1957 quoque
3119 1899 3402 1941 sacrarum
3435 1882 3586 1937 Scri-

2019 1993 2307 2056 pturarum
2354 1981 2688 2036 testimoniis
2718 1979 2866 2033 clare
2920 1976 3278 2032 ostendamus
3310 1973 3588 2044 quondam

2019 2077 2185 2132 etiam
2236 2073 2416 2144 typice
2465 2070 2872 2147 praaﬁguratu‘m
2918 2068 3093 2123 fuisse
3143 2065 3328 2122 Jesum
3362 2062 3589 2118 Sabbati

2019 2166 2462 2223 observationem
2521 2171 2901 2217 contemnere.
2954 2159 3128 2229 Igitur
3179 2153 3590 2226 sapientissime

2020 2258 2226 2328 Moyse,
2263 2263 2324 2309 ut
2358 2253 2623 2322 scriptum
2654 2258 2758 2316 est,
2793 2251 2847 2303 in
2894 2257 3140 2304 extrema
3180 2252 3464 2302 senectute
3502 2256 3589 2296 re-

2020 2349 2126 2403 bus
2161 2345 2418 2400 humanis
2443 2341 2728 2404 del‘uncto,
2765 2347 2818 2395 et
2845 2339 2911 2393 ad
2967 2351 3237 2406 supernas
3272 2335 3590 2390 mansiones

2022 2437 2308 2501 translato,
2348 2433 2560 2504 judicio
2607 2447 2671 2486 ac
2706 2430 2983 2486 sententia
3017 2424 3446 2496 cunctipotentis
3483 2421 3582 2476 Dei

2020 2529 2190 2585 Iosue
2221 2527 2368 2597 [ilius
2396 2524 2544 2591 Nave
2562 2522 2935 2592 Israelitarum
2968 2518 3220 2586 regimen
3254 2514 3498 2569 obtinuit
3519 2512 3585 2566 ι’.

2023 2620 2127 2687 Qui
2181 2634 2308 2672 cum
2359 2611 2854 2670 innumerabilibus
2904 2615 3242 2663 armatorum
3281 2604 3456 2672 copiis
3503 2600 3592 2656 Je-

2023 2709 2335 2764 richuntem
2389 2704 2721 2766 obsedisset,
2750 2715 2980 2770 eamque
3021 2699 3074 2753 vi
3118 2709 3434 2766 expugnare
3479 2700 3594 2746 sta-

2022 2801 2243 2865 luisset,
2281 2799 2499 2868 signum
2541 2796 2690 2850 dedit
2723 2792 2930 2846 Levitis
2985 2799 3043 2842 ut
3098 2789 3354 2841 totiS'sex
3397 2783 3591 2838 diebus

2024 2891 2470 2958 circumurbem
2525 2901 2707 2943 arcam
2758 2883 3056 2946 deferrent,
3087 2881 3318 2949 septima
3352 2889 3504 2938 vero,
3541 2873 3594 2927 id

2013 2957 2112 3044 est
2149 2975 2890 3043 Sabbato,innumerabilem
2918 2973 3152 3026 militum
3185 2966 3594 3025 multitudinem

344 3057 619 3145 ἐϐούλετο,
656 3080 906 3152 σύνθημα
941 3057 1045 3149 μὲν
1069 3057 1191 3142 ,τοῖς
1232 3077 1470 3140 λευίταις
1509 3077 1700 3141 ἐδίδου,
1737 3074 1922 3145 κύκλῳ

2026 3076 2172 3130 tubis
2202 3075 2458 3143 clangere
2486 3069 2652 3125 simul
2679 3066 2870 3137 jussit,
2901 3071 3067 3132 atque
3102 3062 3176 3114 ita
3215 3057 3502 3114 concussis
3533 3070 3598 3109 ac

348 3172 640 3243 περιάγειν
685 3173 784 3242 τὴν
832 3171 1062 3225 κιϐωτὸν
1091 3211 1106 3235 ,
1141 3170 1226 3238 ἐφ’
1271 3169 1420 3233 ὅλαις
1461 3168 1522 3235 ἐξ
1553 3169 1647 3221 τὸν
1687 3166 1920 3236 ἀριθμὸν

2028 3167 2232 3223 dirutis
2288 3163 2564 3219 mmuibus
2618 3158 2856 3228 ingressi
2906 3156 3098 3218 urbem
3149 3161 3435 3221 ceperunt,
3485 3162 3596 3200 non

346 3263 618 3336 ἡμέραις,
646 3266 713 3334 τῇ
742 3263 800 3316 δὲ
826 3262 1056 3332 ἑϐδόμη,
1087 3259 1234 3313 τοῦτ’
1264 3259 1378 3312 ἐστι
1397 3297 1412 3322 ,
1441 3257 1580 3313 κατά
1615 3257 1677 3310 τὸ
1711 3256 1923 3310 Σάϐϐα-

347 3371 458 3418 τον,
496 3353 887 3418 συναλαλάζειν
935 3354 1054 3415 ταῖς
1099 3350 1355 3419 σάλπιγξι
1393 3349 1491 3420 τὴν
1533 3348 1769 3418 ἄμετρον
1812 3345 1922 3400 τῶν

352 3446 779 3518 στρατευμάτων
812 3445 1064 3499 ἐκέλευσε
1088 3443 1320 3516 πληθὺν,
1351 3442 1445 3496 καὶ
1469 3439 1794 3508 κατεσείσθη
1828 3439 1928 3509 μὲν

349 3539 493 3593 οὕτω
525 3539 588 3592 τὸ
624 3541 801 3608 τεῖχος
822 3578 836 3600 ,
890 3536 1273 3606 εἰσδραμόντες
1315 3534 1372 3588 δὲ
1405 3534 1537 3586 είσω
1557 3573 1572 3597 ,
1619 3529 1928 3603 χειροῦνται

349 3631 448 3702 τὴν
478 3629 640 3684 πόλιν
665 3669 678 3693 ,
727 3628 786 3680 οὐ
819 3626 918 3697 τὴν
955 3625 1181 3696 ἄκαιρον
1225 3623 1318 3678 τοῦ
1353 3622 1630 3676 Σαϐϐάτου
1658 3619 1928 3692 τιμῶντες

351 3722 573 3793 ἀργίαν,
607 3720 725 3773 οὐδὲ
747 3718 811 3771 τὸ
839 3719 995 3788 νικᾷν
1013 3720 1069 3770 ὲν
1100 3715 1246 3786 αὐτῷ
1267 3713 1692 3785 παραιτούμενοι
1717 3711 1806 3765 διὰ
1835 3710 1927 3766 τὸν

349 3814 665 3883 ἐξείργοντα
694 3811 891 3880 νόμον,
945 3808 1060 3863 ἀλλ’
1088 3807 1208 3861 οὐδὲ
1247 3808 1359 3869 τοῖς
1414 3803 1588 3875 Ἰησοῦ
1625 3799 1929 3874 στρατηγή-

354 3921 542 3974 μασιν
569 3903 1024 3972 ἀντιπράττοντες
1056 3899 1176 3952 τότε
1196 3941 1210 3964 ,
1259 3897 1524 3967 λοιδορίας
1551 3896 1608 3950 δὲ
1649 3895 1932 3960 παντελῶς

351 3995 649 4065 ἐλευθέραν
692 3991 786 4046 τοῦ
829 3991 1025 4061 ἀνδρὸς
1066 3989 1163 4061 τὴν
1211 3987 1507 4061 ἡγεμονίαν
1565 3988 1928 4059 τηρήσαντες.

353 4089 463 4142 Καὶ
509 4089 540 4140 ό
586 4085 687 4157 μὲν
737 4083 907 4146 τύπος
950 4083 1008 4136 ἐν
1054 4081 1288 4145 τούτοις.
1335 4079 1554 4149 Ἐπειδὴ
1592 4078 1650 4132 δὲ
1691 4078 1928 4149 παρῆνή

353 4178 620 4250 ἀλήθεια,
673 4174 816 4229 τοῦτ’
860 4174 974 4228 ἐστι
1031 4173 1285 4245 Χριστὸς,
1321 4171 1424 4246 ⁴τὴν
1467 4171 1934 4241 ἐπιτειχισθείσαν

354 4272 495 4325 κατὰ
541 4263 641 4322 ’τοῦ
705 4266 992 4338 ἀνθρώπου
1049 4264 1200 4336 παρά
1256 4265 1351 4318 τοῦ
1420 4263 1671 4318 διαϐόλου
1729 4262 1935 4334 φθορὰν

2029 3261 2388 3334 observantes
2419 3253 2868 3324 intempestivum
2905 3243 3133 3301 Sabbati
3176 3243 3374 3305 otium,
3419 3252 3599 3308 neque

2029 3329 2318 3406 victoriam
2368 3346 2464 3401 illo
2497 3344 2585 3398 die
2619 3348 2944 3397 recusantes
2976 3336 3049 3390 ob
3096 3332 3233 3403 legis
3268 3329 3596 3402 prohibitio-

2032 3459 2195 3506 nem,
2248 3438 2344 3495 sed
2389 3452 2492 3492 nec
2535 3434 2622 3491 sui
2665 3419 2825 3488 ducis
2869 3429 3162 3499 imperium
3207 3424 3598 3480 detrectantes,

2034 3535 2284 3604 adeoque
2319 3532 2498 3601 ipsum
2535 3526 2688 3582 omni
2727 3525 2891 3594 plane
2921 3519 3176 3575 convicio
3209 3516 3510 3588 liberalitas
3533 3510 3599 3561 ³ο.

2029 3598 2208 3696 Atque
2239 3598 2356 3677 haec
2383 3622 2616 3691 ﬁgurate
2649 3613 2888 3684 quidem.
2917 3608 3188 3675 Quoniam
3225 3613 3408 3658 autem
3456 3598 3602 3653 veri-

2013 3719 2114 3774 tas
2165 3714 2423 3777 advenit,
2467 3711 2519 3764 id
2549 3716 2634 3764 est
2655 3706 2938 3767 Christus,
2974 3704 3286 3769 expugnata
3327 3701 3383 3746 et
3411 3702 3604 3777 eversa

2029 3802 2386 3872 corruptione
2425 3814 2455 3851 a
2490 3795 2714 3850 diabolo
2755 3791 3027 3845 adversus
3058 3792 3310 3838 naturam
3361 3774 3603 3832 hominis

2029 3865 2245 3960 erecta,
2281 3903 2521 3959 cumque
2561 3882 2848 3953 idl‘acere
2893 3878 3143 3933 videatur
3195 3871 3341 3926 circa
3395 3865 3607 3920 Sabba-

2031 3995 2148 4043 tum
2174 4024 2192 4050 ,
2220 3983 2376 4056 velut
2409 3982 2465 4035 in
2496 3973 2804 4049 primordio
2829 3979 2884 4026 et
2908 3968 2987 4024 rei
3019 3962 3317 4037 principio,
3345 3959 3408 4022 in
3446 3969 3607 4026 para-

2018 4046 2204 4151 ,lytico
2251 4046 2549 4135 nimirum,
2609 4065 2777 4122 stulte
2842 4060 3222 4128 indignantur,
3278 4046 3605 4118 obsequium

2036 4138 2258 4242 patrum
2288 4163 2682 4237 condemnant,
2715 4173 2828 4212 non
2875 4155 3120 4210 ferentes
3153 4147 3474 4203 morborum
3503 4138 3607 4193 do-

2019 4235 2214 4326 Iorem
2255 4257 2314 4310 in
2351 4235 2595 4308 Sabbato
2631 4247 3199 4318 superari,quatenus
3224 4236 3293 4292 ad
3327 4235 3607 4290 insectan-

354 4359 602 4415 καθελὼν
653 4375 716 4412 τε
761 4357 857 4412 καὶ⁸
905 4356 1343 4428 χειρωσάμενος,
1389 4349 1511 4407 εἶτα
1557 4351 1715 4406 τοῦτο
1757 4343 1925 4407 ’ποιῶν

2039 4350 2170 4406 dum
2202 4346 2392 4403 Jesum
2423 4346 2479 4399 in
2505 4334 2748 4397 Sabbato
2781 4339 2923 4394 bene
2952 4339 3252 4389 merentem
3286 4326 3607 4396 adiguntur.

355 4455 551 4523 ὁρᾶται
603 4451 748 4524 κατὰ
810 4451 872 4505 τὸ
905 4420 1220 4514 homo},
1278 4449 1352 4511 ὡς
1398 4449 1456 4501 ἐν
1509 4445 1780 4517 προοιμίῳ
1829 4446 1924 4500 καὶ
1979 4445 2123 4516 ἀρχῇ
2161 4441 2270 4516 *τοῦ
2318 4440 2659 4510 πράγματος,
2708 4436 2765 4487 ἐν
2801 4431 2880 4502 τῷ
2930 4422 3378 4500 παραλελυμένῳ,
3416 4420 3610 4486 δυσφο-

359 4511 548 4618 ρδῦσιν
577 4521 938 4608 ἀπαιδεύτως,
967 4542 1060 4596 καὶ
1084 4544 1184 4612 τῆς
1205 4511 1316 4594 τῶν
1341 4511 1593 4609 πατέρων
1638 4511 1974 4600 εύπειθείας
1999 4511 2442 4604 καταδικάζουσι,
2483 4527 2582 4598 τὴν
2633 4527 2697 4579 ἐκ
2725 4523 2842 4589 τῶν,
2864 4515 3313 4593 ἀρρωστημάτων
3336 4511 3614 4616 ,ἐπήρειαν

355 4599 513 4708 ῦιγκᾷν
543 4637 602 4688 ὲν
631 4599 1019 4700 Σαϐϐάτῳντὴν
1053 4599 1211 4698 φύσιν
1237 4629 1338 4684 οὐκ
1371 4599 1780 4699 ἐπιτρέποντες,
1811 4599 1941 4681 ὅσον
1969 4601 2049 4689 είς
2073 4624 2134 4677 τὸ
2175 4623 2374 4695 χρῆναι
2439 4616 2656 4672 διώκειν
2699 4610 3018 4682 ἐπείγεσθαι
3060 4605 3150 4661 τδν
3189 4601 3397 4676 Ἰησοῦν
3461 4599 3618 4669 εὐερ-

357 4729 619 4800 γετοῦντα
651 4725 791 4779 κατά
825 4723 886 4776 τὸ
923 4721 1214 4776 Σάϐϐατον.
2483 4763 2486 4766 .
3278 4757 3280 4760 ν

441 4821 506 4873 Ὀ
538 4815 743 4884 Πατήρ
769 4832 889 4884 μου
921 4813 1033 4879 ἕως
1061 4813 1193 4882 ἄρτι
1226 4809 1546 4882 ἐργάζεται,
1580 4808 1747 4880 κάγὼ.
1777 4807 1920 4877 ἐργά

2023 4859 2026 4862 .
2122 4805 2188 4871 ν,
2222 4805 2311 4860 l7.
2348 4801 2509 4856 Pater
2554 4813 2696 4852 meus
2747 4808 2910 4864 usque
2963 4786 3118 4843 modo
3146 4790 3416 4855 operatur,
3444 4787 3494 4832 et
3525 4793 3616 4846 ego

320 4940 322 4942 τ
363 4908 552 4979 (optat.

2027 4957 2032 4961 ,
2051 4912 2255 4967 operor.
2875 4925 2880 4934 .
3014 4928 3016 4930 τ

467 4998 788 5066 Διαλέγεται
832 4996 931 5066 μὲν
977 4994 1053 5057 ὡς
1085 4993 1143 5046 ἐν
1182 4991 1442 5059 Σαϐϐάτῳ
1477 4989 1730 5060 Χριστός.
1774 4988 1945 5044 Τοῦτο

367 5095 470 5164 γὰρ
506 5092 722 5160 ἀνάγκη
769 5096 830 5142 τὸ
870 5108 888 5139 ι
923 5087 1026 5150 ἕως
1055 5086 1180 5156 ἄρτι
1217 5082 1490 5150 ι-δηλοῦν,
1528 5081 1615 5135 ἵνα
1649 5081 1740 5133 τὸν
1774 5082 1939 5152 ἑαυτῇ

369 5185 647 5256 πρέποντα
673 5182 830 5249 λόγον
866 5181 900 5250 ἡ
932 5177 1025 5231 τοῦ
1061 5176 1415 5247 θεωρήματος
1439 5173 1663 5241 δέχηται
1690 5172 1939 5243 δύναμις.

381 5274 764 5335 Ἀπαιδεύιους
820 5272 878 5324 δὲ
922 5259 1102 5332 ὄντας
1133 5268 1260 5328 τοὺς
1332 5264 1654 5328 Ἰουδαίους,
1717 5264 1811 5317 καὶ
1861 5263 1945 5325 τίς

374 5367 470 5437 μέν
521 5367 641 5418 ἐστι
696 5363 836 5417 κατά
897 5362 1058 5432 φύσιν
1111 5359 1210 5412 οὐκ
1266 5356 1474 5420 εἰδότας
1527 5357 1554 5407 ὁ
1605 5354 1940 5424 Μονογενὴς,

376 5458 520 5528 μόνῳ
564 5457 622 5509 δέ
670 5455 1018 5516 ἀνατιθέντας
1059 5450 1137 5521 τῷ
1183 5449 1301 5519 Θεῷ
1353 5448 1446 5501 καὶ
1499 5448 1672 5517 Πατρὶ
1723 5445 1814 5498 τοῦ
1859 5445 1946 5497 διὰ

373 5548 615 5607 Μωσέως
678 5547 843 5616 νόμου
907 5545 1001 5597 τὸν
1074 5541 1329 5613 ὁρισμὸν,
1406 5539 1555 5609 αὐτῷ
1623 5556 1680 5591 τε
1747 5538 1944 5608 χρῆναι

377 5637 786 5693 καὶ’πείθεσθαι
841 5637 984 5708 μόνῳ
1039 5632 1585 5702 διαϐεϐαιουμένους,
1637 5627 1949 5684 ἀναπείθειν

2122 4986 2354 5043 Disserit
2401 4981 2624 5053 quidem
2673 4973 2932 5031 Christus
2967 4977 3025 5021 ut
3060 4966 3117 5019 in
3165 4959 3425 5036 Sabbato.
3465 4950 3616 5007 Istud

2021 5063 2196 5136 'enim
2238 5050 2466 5132 necesse
2519 5077 2605 5125 est
2655 5059 2956 5134 significari
3003 5056 3093 5110 his
3144 5050 3348 5110 verbis,
3387 5063 3405 5096 ι
3441 5058 3617 5111 usque

2049 5171 2239 5234 modo,
2295 5148 2314 5220 ί
2361 5173 2421 5219 ιιι
2469 5158 2890 5216 convenientem
2931 5147 3036 5204 sibi
3091 5152 3401 5198 sermonem
3444 5135 3527 5189 vis
3565 5142 3618 5188 et

2051 5223 2602 5319 ratio'theorematis
2639 5245 2893 5313 accipiat.
2942 5231 3230 5306 Imperitos
3278 5235 3462 5284 autem
3517 5223 3620 5278 Ju-

2052 5352 2222 5412 daeos,
2254 5356 2308 5403 et
2334 5342 2645 5400 nescientes
2673 5337 2836 5407 plane
2865 5331 2988 5400 quis
3021 5321 3329 5381 secundum
3362 5328 3617 5372 naturam

2053 5444 2126 5499 sit
2166 5407 2509 5508 Unigenitus,
2553 5428 2648 5485 sed
2695 5425 2786 5480 uni
2837 5423 2946 5475 Deo
2996 5433 3060 5471 ac
3097 5414 3244 5468 Patri
3297 5407 3618 5508 prmscripta

2053 5495 2305 5586 Mosaicae
2323 5524 2457 5594 legis
2487 5520 2817 5579 tribuentes,
2845 5512 3008 5580 eique
3037 5507 3130 5562 uni
3154 5500 3458 5574 parendum
3484 5495 3619 5550 allir.

2056 5632 2290 5688 mantcs,
2322 5611 2656 5689 persuadere
2707 5607 2857 5661 clare
2895 5609 3127 5657 conatur
3177 5594 3360 5652 omnia
3413 5605 3472 5648 sc
3512 5603 3618 5644 una

451 5753 494 5790 ⁸⁷
535 5752 671 5811 Luc.
701 5767 822 5816 xui,
852 5751 936 5805 15.
1013 5749 1057 5779 ²⁸
1087 5746 1273 5801 Matth.
1308 5759 1446 5810 xx”,
1477 5743 1566 5798 29.
1649 5743 1692 5774 ²¹³
1726 5739 1882 5795 Deut.
1913 5755 1925 5792 ι

2025 5753 2095 5800 ιν,
2127 5733 2180 5796 8,
2214 5733 2266 5788 9.
2346 5730 2388 5761 ³ο
2417 5725 2583 5783 Josuc
2611 5737 2696 5787 tu,
2725 5719 2758 5774 5
2789 5729 2950 5786 seqq.
