4038 6210
375 233 489 288 349

1432 226 1498 282 lN
1531 225 1820 284 JOANNIS
1847 224 2296 285 EVANGELIUM
2328 223 2458 281 LIB.
2491 222 2551 278 ll.

3514 210 3621 271 550

374 347 475 404 τοῦ
528 349 695 435 ,ἁγίου
751 349 1084 420 Πνεδματος.
1137 348 1229 410 Είς
1290 346 1389 419 τὴν
1442 346 1622 419 σάρκα
1661 345 1950 419 τοιγαροῦν

2064 347 2138 401 bis
2171 360 2269 417 per
2301 352 2556 401 sanctum
2585 340 2858 414 Spiritum
2884 338 2947 391 θ’.
2981 336 3119 397 Cum
3146 345 3282 406 ergo
3308 330 3480 390 solam
3508 344 3625 384 car-

377 438 691 512 ἀφορῶντες
732 438 924 511 μόνην,
970 438 1063 493 τὸν
1101 436 1158 491 δὲ
1183 439 1241 492 έν
1286 440 1354 510 τῇ
1403 437 1565 511 σαρκὶ
1596 436 1952 494 κατοικοῦντα

375 528 513 583 Θεὸν
557 528 657 582 οῦκ
704 528 1176 596 ἐπιγινώσκοντες,
1225 528 1326 582 οὐκ
1377 529 1655 599 ἀνέχονται
1714 529 1848 602 πρὸς
1888 526 1952 581 τὸ

377 620 708 693 ὑπερέκεινα
734 620 835 690 τῆς
860 618 1147 689 ἀνθρώπου
1177 619 1390 689 φύσεως
1439 620 1820 691 ἀναπηδῶντος
1855 619 1952 690 μέ-

376 729 527 780 τρον,
574 711 663 766 διά
711 711 806 766 τοῦ
858 712 1075 783 Πατέρα
1120 710 1295 780 λέγειν
1341 711 1532 766 ἑαυτοῦ
1561 712 1651 767 τὸν
1679 712 1831 767 Θεόν.
1861 710 1952 782 Τῷ

374 803 490 875 γὰρ
511 805 705 869 εἰπεῖν,
741 822 760 855 ι
803 801 866 858 '0
910 804 1099 875 Πατήρ
1154 819 1276 874 μου,
1314 822 1333 855 ι
1367 805 1570 875 ταύτην
1618 804 1684 858 ἂν
1728 803 1952 868 εἰκότως

377 891 621 961 εἰσφέροι
641 891 741 962 τὴν
773 890 979 947 ἔννοιαν
998 907 1011 920 ·
1039 889 1240 944 οἴονται
1270 889 1324 946 δὲ
1361 891 1470 945 δεῖν
1502 891 1594 944 τὸν
1615 883 1766 963 ᾧπερ
1802 888 1950 943 ἐστὶν

379 983 691 1050 ἰδιαζόντως
739 984 928 1055 Πατὴρ
982 984 1010 1036 ὀ
1056 982 1207 1049 Θεὸς,
1260 981 1373 1038 ἴσον
1422 980 1560 1041 εἶναι
1607 981 1746 1037 κατά
1790 981 1950 1055 φύσιν

376 1073 549 1144 αὐτῷ,
594 1072 750 1128 τοῦτο
801 1072 866 1145 δὴ
916 1073 1075 1144 μόνον
1127 1070 1374 1136 νοοῦντες
1426 1070 1629 1144 ὀρθῶς·
1678 1070 1791 1141 ἔχει
1840 1071 1951 1143 γὰρ

374 1164 575 1231 οὕτως,
597 1164 692 1221 καὶ
712 1164 814 1235 οὐχ
841 1163 1064 1236 ἑτέρως.
1105 1164 1193 1227 Ὠς
1237 1158 1330 1217 οὖν
1363 1162 1457 1216 καὶ
1487 1160 1690 1233 ταύτην
1728 1160 1824 1215 τοῦ
1865 1160 1952 1215 λό-

374 1275 480 1329 γου
508 1257 609 1330 τὴν
638 1256 844 1313 ῑννοιαν
873 1255 1301 1327 παρεισάγοντες
1323 1293 1340 1319 ,
1377 1252 1743 1325 ἀγανακτοῦσι
1773 1250 1952 1323 μειζό-

376 1367 487 1414 νως
514 1348 606 1403 τὸν
632 1347 789 1421 ὀρθὸν
807 1348 909 1421 τῆς
939 1345 1195 1418 ἀληθείας
1230 1344 1615 1418 ἐκτρεπόμενοι
1647 1344 1821 1412 λόγον.

982 1461 1233 1517 ΚΕΦΑΛ.
1266 1463 1359 1531 ς’.

380 1576 506 1628 ὀτι
530 1575 642 1629 οὐκ
663 1571 929 1628 ἐλάττων
952 1574 1103 1628 κατὰ
1134 1573 1391 1640 δύναμιν
1418 1571 1458 1640 ἢ

450 1643 565 1711 τὴν
590 1645 689 1698 ἐπί
718 1658 879 1698 τισιν
906 1645 940 1698 ό
977 1642 1108 1710 Υἱὸς
1134 1642 1241 1696 τοῦ
1262 1631 1513 1710 ἡατρὸς,
1539 1631 1953 1709 ἀλλ’ᾷὶὶγὸσθε-

450 1712 564 1781 νής
595 1729 659 1767 τε
695 1712 794 1766 καὶ
829 1711 1051 1782 ὅμοιος,
1083 1714 1162 1778 ὡς
1184 1712 1253 1777 ἐξ
1280 1712 1468 1766 αὐτοῦ
1494 1711 1644 1766 κατὰ
1670 1710 1879 1781 φύσιν.

450 1804 826 1874 Ἀπεκρίνατο
857 1800 972 1861 οὖν
1015 1806 1049 1859 ό
1103 1803 1351 1872 Ἰησοῦς,
1382 1802 1480 1859 καὶ
1516 1798 1684 1857 εἶπεν
1710 1799 1947 1867 αὐτοῖς·

389 1894 593 1965 Ἀμὴν,
614 1895 777 1965 ἀμὴν
796 1894 950 1965 ,λέγω
972 1892 1136 1964 ὑμῖν,
1161 1896 1233 1948 οὐ
1258 1893 1509 1949 δύναται
1533 1896 1566 1948 ὀ
1601 1893 1732 1959 Υἱὸς
1752 1891 1951 1948 ποιεῖν

371 1984 478 2055 ἀφ’
504 1984 722 2041 ἑαυτοῦ
747 1983 946 2050 οὐδὲν,
974 1985 1085 2040 ἐὰν
1118 1984 1204 2054 μή
1249 2001 1305 2039 τι
1344 1983 1549 2054 ,ϐλέπῃ
1578 1984 1687 2040 τὸν
1723 1981 1955 2051 Πατέρα

372 2076 695 2134 ποιοῦντα·
731 2074 771 2131 ἆ
816 2075 926 2147 γὰρ
970 2074 1049 2132 ἂν
1085 2076 1316 2143 ἐκεῖνος
1363 2074 1526 2145 ποιῇ,
1558 2074 1745 2129 ταῦτα
1786 2073 1886 2129 καὶ
1917 2076 1951 2130 ό

384 2172 520 2237 Υἱὸς
557 2171 771 2239 ὁμοίως
801 2168 975 2224 ποιεῖ.
1353 2225 1361 2233 _

451 2264 632 2333 Ὅπερ
658 2264 717 2316 ὲν
737 2265 850 2326 τοῖς
873 2260 1234 2334 προλαϐοῦσιν
1258 2261 1575 2334 εἰρήκαμεν,
1606 2258 1764 2314 τοῦτο
1792 2257 1954 2312 πάλιν

374 2355 553 2428 ἑτέρῳ
578 2351 920 2426 διερμηνεῦει
958 2355 1177 2427 τρόπῳ,
1209 2353 1546 2423 πανταχόθεν
1587 2353 1681 2407 ἐπὶ
1712 2351 1812 2423 τὴν
1851 2348 1951 2419 τῆς

374 2447 640 2520 ἀληθείας
673 2445 887 2518 εῦρεσιν
920 2445 1234 2517 σαγηνεύων
1260 2446 1385 2508 τοὺς
1419 2443 1832 2515 ἀκροωμένους*
1863 2443 1953 2497 τὸν

370 2540 433 2597 δὲ
464 2540 525 2593 ἐν
564 2535 800 2608 πρώτοις
823 2536 885 2589 οὑ
931 2534 1335 2606 παραδεχθέντα
1377 2533 1554 2603 λόγον,
1582 2533 1672 2587 διὰ
1707 2532 1805 2605 τὴν
1844 2532 1957 2587 τῶν

375 2630 623 2689 συνιέναι
668 2627 742 2699 μὴ
774 2624 1105 2698 δυνηθέντων
1133 2624 1437 2689 ἀσθένειαν,
1478 2625 1679 2697 ἑτέρως
1714 2626 1955 2697 ἀναμορ-

374 2724 493 2791 quot,
523 2722 619 2775 καὶ
639 2719 727 2774 διὰ
754 2719 862 2775 τῶν
883 2717 1062 2772 αὐτῶν
1100 2718 1249 2771 ἰόντα
1286 2717 1678 2790 θεωρημάτων,
1713 2716 1955 2787 εἰσφέρει

374 2814 660 2877 ποικίλως.
693 2812 892 2884 Ἔργον
936 2811 982 2865 δ’
1027 2810 1093 2865 ἀν
1140 2808 1227 2882 εἴη
1279 2807 1436 2863 τοῦτο
1475 2809 1575 2879 τῆς
1619 2807 1955 2863 διδασκάλων

375 2904 698 2980 πρεπούσης
746 2901 981 2975 ἀρετῆς,
1024 2901 1085 2955 τὸ
1127 2900 1206 2972 μὴ
1246 2901 1509 2972 τρέχοντα
1539 2900 1816 2972 δηλονότι,
1863 2899 1957 2953 καὶΙ

374 3000 796 3069 παριπτάμενον
835 2992 945 3047 τῶν
976 2991 1372 3062 διδασκομένων
1408 2991 1506 3064 τὴν
1546 2991 1748 3061 γνῶσιν
1787 2992 1958 3046 ποιεῖ-

1488 1572 1617 1627 uat‘
1648 1532 1955 1641 ἐνέργειαν

2050 453 2174 494 ηοω
2227 443 2478 508 spectent
2532 442 2588 488 et
2643 432 2814 489 Deum
2844 431 2900 486 in
2930 444 3096 485 carne
3144 425 3482 481 habitantem
3522 435 3632 474 non

2050 535 2384 600 agnoscant,
2411 541 2519 580 non
2551 524 2738 580 ferunt
2758 521 2945 578 Iesum
2970 519 3116 575 ultra
3146 522 3355 571 natura:
3378 512 3634 566 humanae

2049 618 2424 675 conditionem
2457 615 2644 671 eﬁ'erri
2675 630 2741 669 ex
2773 628 2841 693 eo
2874 609 3020 682 quod
3047 606 3267 661 Patrem
3300 618 3461 660 suum
3494 600 3631 655 dicit

2049 709 2242 765 Deum.
2275 708 2332 773 In
2365 724 2431 764 eo
2463 707 2610 762 enim
2647 704 2794 776 quod
2826 703 2985 767 dicit,
3017 721 3035 751 ι
3068 698 3231 753 Pater
3265 710 3444 754 meus.
3471 712 3491 745 ι
3526 695 3629 747 ista

2048 800 2326 856 sententia
2346 799 2472 870 jure
2500 795 2851 867 exprimitur.
2888 791 3216 846 Existimant
3245 794 3427 841 autem
3463 799 3586 837 eum
3611 821 3627 848 ,

2049 892 2139 947 cui
2162 892 2381 962 proprie
2401 905 2467 944 ac
2487 886 2839 961 peculiariter
2855 883 3018 938 Pater
3050 890 3136 936 est
3171 878 3337 945 Deus,
3365 876 3629 945 aequalem
3742 888 3747 895 ν

2049 999 2176 1041 esse
2203 984 2253 1040 ei
2287 981 2593 1040 secundum
2629 984 2922 1040 naturam;
2955 971 3105 1043 quod
3140 983 3309 1024 unum
3344 966 3448 1038 ipsi
3481 972 3632 1019 recte

2043 1073 2341 1145 iudicant:
2371 1074 2448 1128 ita
2475 1072 2625 1128 enim
2669 1084 2761 1124 res
2803 1073 2924 1131 est,
2965 1079 3032 1119 ae
3075 1076 3187 1116 non
3232 1059 3420 1113 aliter.
3455 1053 3630 1123 Quasi

2049 1182 2185 1240 ergo
2213 1168 2364 1222 hunc
2394 1177 2622 1222 sensum
2655 1159 2954 1216 verberum
2990 1165 3222 1210 suorum
3260 1149 3378 1219 ipse
3421 1146 3476 1200 in
3513 1159 3631 1198 me—

2048 1236 2205 1318 dium
2234 1257 2464 1321 afferat,
2497 1254 2863 1324 indignantur
2897 1246 3099 1319 magis,
3131 1249 3345 1299 rectum
3374 1236 3630 1295 veritatis

2050 1363 2362 1409 sermonem
2392 1347 2501 1403 alio
2525 1345 2943 1413 detorquentes.

2699 1452 2853 1509 CAP.
2892 1449 2981 1505 Vl.

2053 1574 2209 1645 Quod
2240 1588 2349 1645 non
2371 1571 2545 1645 minor
2565 1563 2851 1645 secundum
2877 1562 3127 1645 virtutem
3148 1552 3629 1645 rant‘opcrationent

2226 1624 2395 1699 Paire
2415 1639 2591 1695 Filius
2611 1677 2628 1702 ,
2654 1635 2745 1691 sed
2786 1633 3008 1703 azquaiis
3041 1624 3353 1697 potestatis,
3384 1626 3531 1695 eique
3557 1624 3633 1678 si-

1980 1713 2027 1771 B
2124 1716 2301 1778 milis,
2338 1721 2394 1766 ut
2427 1725 2492 1765 ea:
2520 1710 2634 1778 ipso
2667 1710 2951 1760 secundum
2978 1710 3251 1755 naturam.

2128 1807 2193 1864 ν.
2238 1807 2327 1874 18,
2356 1803 2443 1860 i9.
2489 1797 2775 1869 Respondit
2816 1797 2994 1864 itaque
3023 1790 3211 1854 Iesus,
3253 1795 3303 1843 et
3338 1785 3476 1839 dixit
3511 1784 3585 1839 eis
3610 1822 3627 1838 .

2051 1903 2252 1966 Amen,
2288 1913 2439 1954 amen
2478 1894 2597 1949 dico
2630 1890 2773 1946 vobis
2796 1928 2815 1957 ,
2845 1903 2948 1941 non
2980 1892 3147 1955 potest
3186 1880 3361 1935 Filius
3395 1895 3427 1932 α
3456 1894 3512 1932 se
3543 1876 3632 1945 fa-

2050 2009 2165 2049 cere
2192 1991 2480 2062 quidquam
2499 2025 2515 2051 ,
2547 1984 2652 2039 nisi
2680 1979 2818 2052 quod
2844 1977 3033 2032 viderit
3061 1973 3277 2028 Patrem
3308 1968 3582 2039 facientem
3610 1980 3629 2018 :

2049 2058 2370 2159 quwcnnque
2399 2079 2538 2135 enim
2585 2076 2675 2131 ille
2709 2072 2922 2145 Ῑεεετὶι,
2952 2069 3063 2125 lucc
3091 2075 3140 2122 et
3182 2061 3357 2120 Filius
3385 2058 3633 2115 similiter

2052 2176 2207 2247 facit.

2124 2262 2282 2331 Quod
2323 2261 2380 2317 in
2429 2255 2873 2331 praecedentibus
2914 2251 3191 2315 diximus,
3238 2248 3342 2303 hoc
3385 2243 3495 2299 alia
3539 2254 3632 2294 ra-

2051 2357 2207 2412 tione
2244 2367 2445 2409 rursus
2473 2350 2749 2420 explicat,
2788 2344 3072 2401 auditores
3110 2354 3248 2396 suos
3284 2336 3351 2391 ad
3394 2332 3632 2406 agnitio-

2051 2463 2179 2504 nem
2207 2445 2454 2501 veritatis
2482 2453 2876 2512 usquequaque
2907 2434 3181 2490 irretiens.
3210 2429 3384 2483 Porro
3418 2422 3630 2480 doctri-

2053 2552 2343 2609 nam,quai
2387 2535 2630 2606 primum
2653 2534 2908 2598 suscepta
2934 2540 3044 2580 non
3067 2531 3184 2587 est,
3211 2520 3281 2575 ob
3304 2530 3496 2573 eorum
3526 2514 3634 2567 im-

2054 2606 2412 2693 becillitatem
2459 2629 2568 2683 alio
2597 2623 2763 2680 modo
2792 2619 3013 2690 reﬁngit
3035 2659 3051 2684 ,
3100 2622 3155 2671 et
3184 2626 3311 2668 cum
3343 2611 3397 2663 in
3431 2606 3633 2662 iisdem

2054 2730 2312 2793 versetur
2345 2714 2706 2775 theorematis
2733 2752 2749 2778 ,
2806 2710 2957 2767 varie
3010 2715 3195 2761 tamen
3240 2714 3361 2757 eam
3406 2701 3635 2752 tractat.

2056 2812 2222 2869 Probi
2262 2817 2445 2865 autem
2479 2805 2731 2878 magistri
2766 2800 3007 2856 oﬂicium
3048 2803 3176 2860 est,
3226 2807 3340 2849 non
3390 2788 3635 2851 cursim,

2057 2920 2239 2976 neque
2264 2898 2640 2973 perfunctorie
2656 2894 2879 2956 docere,
2898 2891 2999 2947 sed
3027 2885 3265 2958 eleganti
3298 2896 3425 2938 cum
3456 2879 3634 2933 varie-

2056 2972 2171 3059 tate
2194 2972 2511 3053 distinctam
2534 2992 2845 3047 doctrinam
2870 2984 3110 3046 tradere,
3138 2980 3462 3050 plerumque
3478 2972 3637 3027 theo-

376 3066 510 3145 σθαι
536 3066 839 3157 τὸνλόγον,
861 3084 975 3139 ἀλλ’
998 3083 1312 3156 εὐπάρυφόν
1344 3101 1404 3138 τε
1431 3085 1527 3139 καὶ
1571 3084 1841 3157 διαφόρως
1875 3083 1959 3151 ἐξ·

2064 3097 2334 3146 rematutn
2367 3082 2529 3159 215
2552 3079 2928 3136 diﬂicultatem
2958 3072 3160 3131 eximio
3188 3066 3408 3126 dicendi
3439 3076 3637 3137 genere

373 3179 730 3252 ορχούμενον,
754 3178 849 3232 καὶ
879 3177 957 3249 τῷ
988 3177 1086 3247 τῆς
1108 3175 1358 3248 φράσεως
1380 3174 1784 3247 ἐξηλλαγμένῳ,
1824 3173 1954 3228 πολ-

374 3275 543 3338 λάκις
573 3274 671 3344 τὴν
711 3273 769 3327 έν
808 3272 920 3335 τοῖς
964 3270 1282 3342 θεωρήμασι
1325 3267 1582 3339 ψιλοῦντα
1623 3267 1961 3338 δυσχέρειαν.

390 3364 689 3436 Ἀναμίξας
727 3362 908 3416 τοίνυν
937 3361 1015 3432 τῷ
1041 3360 1333 3431 θεοπρεπεῖ
1371 3358 1433 3412 τὸ
1472 3357 1832 3429 ἀνθρώπινον,
1871 3359 1966 3419 καὶ

380 3460 551 3532 μέσον
581 3456 639 3525 ἐξ
669 3456 871 3529 ἀμφοῖν
914 3453 1010 3507 ἕνα
1058 3446 1299 3521 κεράσας
1345 3449 1524 3520 λόγον,
1558 3448 1634 3515 ὡς
1659 3448 1842 3521 ἡρέμα
1868 3449 1968 3519 μὲν

377 3549 638 3621 ὒφιζάνει
668 3547 729 3600 τὸ
767 3544 845 3616 τῷ
876 3544 1170 3610 Μονογενεῖ
1217 3540 1426 3611 πρέπον
1472 3540 1708 3611 ἀξίωμα,
1732 3539 1964 3594 ἀναδαι-

364 3657 465 3698 ιει
530 3638 588 3692 δὲ
645 3636 745 3708 τὴν
802 3631 1091 3706 ἀνθρώπου
1145 3631 1328 3703 φύσιν,
1375 3630 1452 3696 ὡς
1507 3631 1782 3702 Δεσπότης
1827 3630 1964 3702 ἅμα,

372 3730 479 3787 καὶ
510 3728 571 3781 ὲν
606 3724 813 3788 δούλοις
859 3720 1349 3792 κατατεταγμένος,
1398 3721 1598 3792 φησίνο
1637 3739 1655 3771 ι
1689 3720 1763 3774 Οὐ
1809 3718 1968 3773 δύνα-

374 3836 475 3874 ται
512 3818 689 3869 ποιεῖν
713 3815 743 3867 ὁ
770 3812 898 3874 Υἱὸς
931 3811 1024 3881 ἀφ’
1054 3809 1249 3865 ἑαυτοῦ
1299 3810 1470 3875 οὐδὲν,
1504 3810 1597 3865 ἐὰν
1629 3810 1758 3882 μήτι
1793 3809 1966 3881 βλέπῃ

376 3910 476 3965 τὸν
510 3905 733 3976 Πατέρα
761 3902 1017 3958 ποιοῦντα
1035 3920 1046 3933 ·
1087 3902 1124 3956 ἃ
1152 3902 1260 3975 γάρ
1287 3900 1353 3971 ἂν
1381 3904 1584 3965 ἐκεῖνος
1617 3905 1767 3974 ποιῇ,
1800 3902 1969 3956 ταῦτα

377 4000 486 4057 καὶ
506 4006 537 4059 ὁ
566 3998 697 4061 Υἱὸς
726 3995 928 4066 ὁμοίως
964 3995 1126 4048 ποιεῖ.
1163 4011 1181 4045 ι
1224 3993 1312 4046 Ἐν
1350 3993 1447 4062 μὲν
1480 3992 1587 4063 γὰρ
1614 3991 1690 4063 τῷ
1715 3990 1968 4046 δύνασθαι

378 4094 561 4149 ποιεῖν
595 4088 1028 4161 ἀπαραλλάκτως
1055 4084 1127 4139 τὰ
1173 4083 1264 4138 τοῦ
1302 4082 1437 4139 Θεοῦ
1479 4084 1572 4137 καὶ
1619 4083 1848 4153 Πατρδς,
1877 4082 1970 4135 καὶ

376 4184 590 4255 ὁμοίως
637 4182 879 4253 ἐνεργεῖν
910 4177 986 4250 τῷ
1019 4177 1358 4249 γεννήσαντι,
1392 4175 1491 4243 τῆς
1533 4173 1720 4236 οὐσίας
1762 4173 1969 4228 έαυτῶν

384 4276 659 4348 μαρτυρεῖ
690 4273 788 4341 τὴν
821 4269 1144 4341 ταυτότητα.
1187 4266 1500 4337 Ἐνεργήσει
1542 4263 1650 4335 γὰρ
1676 4262 1876 4332 ὁμοίως
1902 4262 1975 4319 τά

378 4370 487 4442 τὴν
525 4366 696 4438 αὐτὴν
725 4363 975 4434 ἀλλήλοις
998 4361 1229 4432 λαχόντα
1260 4356 1442 4427 φύσιν,
1473 4350 1553 4419 οἷς
1590 4354 1645 4407 δὲ
1672 4354 1700 4407 ὁ
1731 4354 1824 4407 τοῦ
1857 4354 1972 4423 πῶς

378 4418 528 4519 εἶναι
552 4418 708 4525 λόγος
738 4418 1157 4526 ἐξηλλαγμένῦς,
1204 4418 1543 4512 τοῦτοιςγᾶνῗ
1565 4444 1649 4518 εἴη
1688 4447 1781 4499 καὶ⁵
1812 4446 1840 4498 ὁ
1871 4418 1971 4517 τῆς
2002 4418 2047 4483 Β

380 4556 472 4623 ιφ’
500 4552 703 4607 ἅπασιν
730 4545 1008 4618 ἐνεργείας
1033 4543 1231 4614 τρόπος
1269 4543 1368 4613 οὐχ
1400 4542 1428 4594 ό
1461 4539 1640 4603 αὑτός.
1669 4538 1881 4595 Οὐκοῦν
1897 4539 1972 4605 ὼς

383 4644 524 4707 Θεὸς
564 4639 813 4712 ἀληθινὸς
857 4639 923 4692 ἐκ
959 4633 1094 4689 9εοῦ
1126 4633 1339 4713 Πανὸς
1380 4631 1653 4705 ἀληθινοῦ,
1686 4630 1858 4685 ταῦτα
1884 4630 1972 4685 δύ-

384 4734 585 4790 νασθαι
639 4732 810 4784 ποιεῖν
873 4726 1073 4798 ὁμοίως
1121 4724 1312 4795 ἐκείνῳ
1360 4723 1551 4794 φησὶν,
1606 4720 1721 4776 ἀλλ’
1767 4721 1853 4779 ἵνα
1894 4720 1969 4793 μὴ

388 4828 571 4898 μόνως
617 4820 716 4896 [οι.
751 4817 931 4893 μόνον]
978 4815 1094 4880 ἶσος
1139 4815 1212 4870 ὢν
1250 4817 1307 4868 ὲν
1352 4814 1577 4887 δυνάμει
1614 4813 1868 4885 φαίνηται
1894 4809 1973 4883 τῷ

384 4914 590 4987 Πατρὶ,
624 4910 957 4983 ὁμογνώμων
1001 4908 1058 4963 δὲ
1108 4906 1251 4963 κατά
1295 4906 1489 4969 πάντα,
1540 4904 1633 4957 καὶ
1678 4904 1807 4975 μίαν
1836 4902 1973 4973 έχων

383 5011 484 5081 τὴν
514 5007 601 5074 ἐφ’
636 5005 809 5060 ἅπασι
837 5003 1075 5074 θέλησιν,
1113 5000 1187 5073 μὴ
1230 4997 1486 5055 δύνασθαι
1522 4996 1672 5065 λέγει
1711 4999 1891 5055 ποιεῖν
1915 4994 1978 5072 ἐξ

385 5095 595 5152 ἑαυτοῦ.
623 5094 808 5168 μηδὲν,
834 5093 931 5149 ἐὰν
964 5093 1094 5164 μήτι
1124 5089 1297 5162 βλέπῃ
1320 5087 1410 5141 τὸν
1446 5087 1664 5158 Πατέρα
1693 5087 1975 5145 ποιοῦντα.

388 5190 627 5262 Ὅμοιον
646 5188 702 5245 δὲ
729 5186 804 5250 ὡς
832 5187 881 5243 εί
913 5185 1060 5254 λέγοι
1090 5180 1426 5257 τρανὼτερον
1454 5178 1590 5253 πρὸς
1618 5182 1742 5246 τοὺς
1765 5180 1985 5237 διώκειν.

385 5279 879 5353 ἐπιχειρήσαντας,
916 5276 1108 5351 ἀνδρὸς
1155 5275 1213 5328 ὲν
1260 5272 1525 5344 Σαὸϐάτῳ
1571 5272 1978 5344 τεθεραπευμέ-

385 5390 488 5429 νου
507 5387 525 5404 θ
592 5369 1007 5426 Καταλελύσθαι
1083 5365 1331 5439 νομίζετε
1369 5364 1468 5437 τὴν
1535 5362 1630 5418 τοῦ
1699 5365 1977 5421 Σαὸὁάτου

385 5459 584 5533 τιμὴν,
614 5458 729 5513 ἀλλ’
751 5458 853 5511 οὐκ
902 5457 969 5512 ἂν
1022 5456 1224 5531 ἔδρασα
1263 5454 1420 5510 τοῦτό
1462 5471 1593 5511 ποτε
1628 5456 1703 5528 μὴ
1732 5456 1853 5529 οὐχὶ
1888 5458 1979 5511 τὸν

387 5553 594 5623 ὅμοιον
615 5548 851 5621 ὲργάτην
889 5548 1032 5620 ὁρῶν
1078 5548 1168 5601 τὸν
1212 5548 1467 5619 Πατέραο
1514 5548 1727 5620 ἐνεργεῖ
1768 5549 1875 5619 γὰρ
1910 5550 1976 5603 τὰ

466 5667 511 5703 υ
544 5663 853 5736 Romam,
884 5660 968 5717 Η..
1045 5660 1088 5693 ³²
1118 5659 1277 5717 Joan.
1308 5677 1363 5727 ν,
1394 5660 1487 5730 l9,
1513 5661 1602 5718 20.

2066 3178 2414 3253 explicando.
2469 3174 2711 3230 Miscens
2748 3171 2932 3240 itaque
2969 3165 3158 3221 divino
3197 3161 3496 3216 humanum
3525 3195 3541 3221 ,
3581 3161 3638 3209 et

2066 3272 2307 3333 medium
2333 3285 2400 3326 ex
2433 3266 2702 3323 ambobus
2733 3276 2904 3319 unum
2942 3268 3254 3314 sermonem
3288 3260 3635 3320 temperans.

2066 3358 2476 3436 quodammodo
2529 3354 2770 3413 subsidit
2813 3351 3052 3421 dignitas
3102 3343 3398 3415 Unigcnito
3450 3353 3639 3395 conve—

2067 3457 2267 3525 piens;
2329 3451 2559 3512 effertur
2611 3462 2775 3510 vero,
2828 3440 3008 3514 quoad
3062 3436 3302 3493 hominis
3362 3442 3640 3494 naturam,

2066 3555 2130 3611 ut
2186 3545 2452 3601 Dominus
2512 3537 2678 3596 simul
2734 3542 2789 3590 et
2859 3533 3005 3588 inter
3053 3541 3247 3584 servos
3297 3522 3640 3585 collocatus,

2068 3609 2248 3710 inquit
2278 3654 2291 3691 :
2318 3653 2341 3687 ι
2373 3633 2494 3690 Non
2533 3636 2716 3701 potest
2757 3626 2934 3680 Filius
2969 3638 2999 3676 a
3036 3620 3219 3688 seipse
3262 3615 3443 3668 iacere
3481 3609 3643 3680 quid-

2068 3700 2233 3801 quam
2260 3767 2277 3792 ,
2310 3725 2423 3782 nisi
2457 3700 2609 3793 quod
2645 3717 2846 3774 viderit
2885 3716 3103 3769 Patrem
3148 3707 3466 3762 facientem.
3509 3700 3645 3766 Quae

2067 3790 2215 3887 enim
2263 3790 2378 3871 ine
2441 3790 2602 3878 facit,
2659 3810 2850 3866 eadem
2907 3810 2964 3859 et
3012 3800 3189 3856 Filius
3242 3794 3495 3851 similiter
3561 3790 3643 3845 fa-

2069 3910 2145 3965 cit
2167 3908 2233 3960 “ﬁ.
2262 3924 2280 3957 ι
2315 3904 2375 3959 In
2400 3917 2466 3960 eo
2499 3901 2647 3957 enim
2681 3894 2828 3968 quod
2872 3897 3059 3965 potest
3102 3888 3291 3945 eadem
3322 3899 3417 3956 per
3457 3881 3645 3937 omnia

2071 3999 2254 4059 facere
2282 4009 2404 4066 quas
2431 4000 2565 4049 sunt
2594 3988 2688 4045 Dei
2719 4002 2782 4044 ac
2810 3984 2994 4041 Patris
3016 4023 3030 4048 ,
3064 3990 3115 4036 et
3140 3977 3360 4051 operari
3389 3972 3647 4030 similiter
3752 3986 3773 4011 ι

2072 4105 2136 4155 ac
2168 4062 2351 4152 Pater,
2382 4083 2728 4140 identitatem
2762 4076 2961 4148 prohat
2996 4087 3108 4135 suae
3139 4064 3480 4124 substantiae.
3515 4062 3647 4127 Qua:
3732 4062 3745 4067 “

2072 4182 2219 4238 enim
2243 4177 2491 4234 eamdem
2523 4172 2721 4230 sortita
2750 4176 2880 4224 sunt
2913 4173 3168 4221 naturam
3192 4201 3208 4227 ,
3242 4159 3498 4217 similiter
3525 4170 3648 4225 ope-

2074 4280 2272 4343 rantur
2303 4287 2319 4324 :
2351 4266 2553 4342 quibus
2586 4269 2771 4317 autem
2806 4256 3029 4314 essendi
3076 4252 3220 4307 ratio
3262 4258 3346 4305 est
3391 4247 3646 4310 diversa,

2075 4364 2164 4420 his
2190 4360 2381 4429 utique
2414 4371 2525 4411 non
2556 4354 2662 4408 erit
2694 4350 2836 4405 idem
2866 4348 2921 4402 in
2947 4344 3208 4400 omnibus
3237 4336 3505 4410 Operandi
3535 4348 3649 4388 mo-

2075 4457 2204 4511 dus.
2238 4450 2416 4525 Igitur
2447 4456 2506 4503 ut
2539 4446 2685 4500 Deus
2714 4455 2879 4496 verus
2910 4454 2977 4494 ex
3018 4436 3127 4491 Deo
3159 4432 3319 4487 Patre
3355 4443 3512 4494 vero,
3557 4440 3649 4482 ea-

2074 4547 2202 4603 dem
2237 4522 2368 4605 cum
2400 4539 2497 4595 illo
2531 4535 2716 4607 facere
2748 4547 2807 4589 se
2837 4543 3005 4601 posse
3037 4527 3150 4590 ait,
3188 4522 3284 4579 sed
3321 4529 3380 4574 ut
3415 4534 3525 4572 non
3558 4530 3655 4571 so-

2076 4640 2191 4695 lum
2222 4636 2437 4695 virtute
2467 4627 2699 4701 aequalis
2728 4640 2851 4681 esse
2878 4619 3034 4687 Patri
3070 4617 3344 4677 videatur,
3380 4611 3475 4667 sed
3504 4610 3654 4679 ejus-

2076 4733 2201 4791 dem
2226 4747 2321 4802 ρει·
2344 4726 2532 4784 omnia
2558 4718 2849 4780 sententiae
2870 4756 2885 4784 ,
2911 4724 2966 4770 et
3000 4727 3166 4767 unam
3202 4710 3258 4765 in
3291 4705 3507 4761 cunctis
3544 4701 3643 4755 ha-

2080 4824 2211 4885 bere
2226 4794 2573 4876 soluntatein
2594 4856 2611 4880 ,
2635 4814 2711 4868 ait
2732 4827 2791 4869 se
2815 4825 2925 4865 non
2950 4821 3114 4879 posse
3139 4804 3321 4861 facere
3350 4794 3654 4866 quidquam

2081 4930 2114 4980 a
2148 4915 2360 4985 seipso,
2389 4910 2501 4967 nisi
2528 4907 2729 4964 viderit
2754 4903 2971 4959 Patrem
3000 4896 3322 4953 facientem.
3352 4887 3494 4939 Idem
3524 4895 3655 4937 vero

2080 4968 2167 5073 est
2202 4968 2359 5060 sesi
2388 5001 2539 5057 dicat
2570 4996 2790 5068 planius
2825 4990 2893 5045 ad
2926 5003 3024 5044 eos
3056 4984 3150 5055 qui
3182 4981 3252 5036 ob
3282 4975 3559 5033 hominem
3598 4968 3663 5043 iri

2081 5066 2172 5153 die
2201 5059 2433 5149 sabbati
2482 5059 2741 5142 sanatum
2796 5082 2977 5151 ipsum
3029 5069 3489 5130 insectabantur:
3524 5059 3657 5115 Exi-

2084 5186 2327 5261 stimatis
2361 5180 2590 5239 Sahbati
2625 5178 2888 5233 honorem
2911 5184 3035 5229 esse
3055 5164 3358 5227 violatum;
3387 5157 3485 5213 sed
3521 5170 3656 5211 nus-

2083 5243 2248 5351 quam
2282 5273 2433 5337 istud
2467 5269 2721 5326 fecissem
2744 5304 2760 5331 ,
2805 5262 2925 5336 {nisi
2970 5258 3215 5316 viderem
3245 5250 3469 5308 Patrem
3502 5243 3662 5301 simia

2087 5336 2214 5427 liter
2249 5336 2468 5431 facere,
2519 5361 2615 5432 qui
2667 5374 2791 5431 quae
2843 5353 2913 5411 ad
2964 5345 3418 5408 constitutionem
3464 5336 3673 5395 mundi

2086 5460 2370 5535 pertinent
2397 5455 2566 5514 etiam
2601 5450 2866 5512 Sabhato,
2898 5454 3217 5518 quanquam
3252 5451 3350 5510 per
3381 5447 3469 5495 me
3489 5470 3504 5496 ,
3526 5443 3666 5534 per»

2085 5520 2218 5624 agit.
2270 5520 2414 5607 Fieri
2466 5560 2579 5602 non
2614 5548 2791 5616 potest
2822 5538 3012 5611 igitur,
3063 5531 3282 5605 inquit,
3332 5535 3394 5583 ut
3445 5520 3551 5597 qui
3590 5535 3687 5587 ex
