4032 6200
420 319 519 376 351

1436 317 1490 373 8.
1540 316 1820 374 CYI’JLLI
1857 318 2328 376 ALEXANDRINI
2358 318 2678 377 ARCIIIEP.

3565 312 3678 368 552

422 435 544 503 ipso
576 433 880 489 secundum
913 439 1163 486 naturam
1221 439 1309 486 est
1368 432 1570 500 Filius,
1631 451 1738 489 non
1804 435 1992 505 utique

2110 437 2230 507 rrpr
2270 435 2528 489 σύστασιν
2576 434 2780 504 κόσμου
2823 429 2920 485 καὶ
2963 428 3103 483 κατά
3158 427 3453 490 Σάϐϐατον,
3488 425 3540 479 εἰ
3586 419 3678 480 καὶ

421 527 479 581 in
539 528 798 582 omnibus
861 540 983 595 qua:
1015 523 1195 580 Patris
1225 533 1353 581 sunt
1419 535 1679 597 operetur
1724 542 1789 582 ac
1827 528 1990 597 velit,

420 634 532 672 non
570 602 726 688 quasi
779 617 1000 670 aliunde
1054 626 1313 686 tanquam
1351 633 1381 671 a
1429 619 1695 689 magistro
1747 620 1992 676 faciendi

422 708 734 776 exemplum
775 706 1050 776 accipiat,
1083 715 1176 760 aut
1213 707 1385 762 etiam
1420 710 1723 767 voluntatis
1753 711 1993 781 impulsu

425 806 486 852 ut
532 799 722 852 eadem
756 809 880 848 cum
924 796 1085 854 Patre
1114 799 1246 853 velit
1279 799 1552 869 adigatur,
1586 800 1682 856 sed
1718 801 1866 871 quod
1897 816 1994 855 na-

423 895 564 942 turae
601 888 959 943 immutabilis
994 890 1212 960 legibus
1242 891 1311 944 ad
1342 892 1593 946 eamdem
1620 908 1745 947 cum
1779 893 1890 949 Deo
1927 909 1992 950 ac

422 978 584 1035 Patre
616 981 953 1035 voluntatem
981 988 1034 1036 et
1065 982 1334 1037 actionem
1367 982 1647 1038 efferatur.
1680 984 1799 1039 Non
1828 1001 1994 1056 posse

421 1071 567 1124 enim
595 1086 624 1124 a
654 1073 835 1140 seipso
869 1071 1044 1127 facere
1069 1074 1366 1143 quidquam
1388 1115 1402 1139 ,
1432 1075 1517 1131 his
1547 1075 1786 1132 maxime
1811 1077 1994 1131 conti-

423 1171 606 1217 netur.
639 1163 718 1216 lta
750 1165 835 1233 pie
868 1165 1242 1234 cogitantibus
1275 1166 1517 1221 arbitror
1555 1187 1573 1219 ι
1601 1168 1993 1238 captivandum

421 1266 546 1305 esse
572 1265 789 1306 omnem
819 1253 1159 1308 intellectum
1193 1256 1246 1310 in
1279 1255 1604 1328 obsequium
1636 1257 1842 1314 Christi
1875 1259 1942 1324 ³³,
1971 1278 1989 1310 ι

423 1341 570 1396 sicut
594 1343 865 1412 scriptum
893 1352 1001 1401 est.

495 1602 600 1658 Sed
634 1604 958 1658 reclamabit
987 1603 1174 1661 forsan
1206 1607 1461 1665 veritatis
1491 1609 1703 1675 hostis,
1733 1619 1787 1667 et
1813 1628 2000 1669 amen-

423 1695 514 1749 tia:
549 1711 662 1750 sua:
694 1696 958 1765 pabulum
993 1699 1162 1752 veluti
1199 1700 1476 1769 quoddam
1517 1703 1568 1756 id
1605 1704 1751 1773 quod
1789 1705 1997 1762 dictum

2096 525 2162 578 δι’
2192 524 2358 596 ἐμοῦ]
2381 523 2666 578 Ἀδύνατον
2709 515 2801 574 οῦν
2846 519 2983 590 ἐμὲ,
3035 515 3231 587 φησὶν,
3268 516 3359 567 τὸν
3409 513 3470 577 ἐξ
3513 513 3678 566 αὐτοῦ

2047 645 2057 656 η
2099 616 2239 670 κατά
2266 615 2426 684 φύσιν
2469 615 2619 681 Υἰὸν,
2656 613 2730 684 μὴ
2763 612 2884 682 οὐχί
2927 611 3143 670 πάντως
3188 608 3246 660 ὲν
3291 608 3424 660 πᾶσι
3467 605 3538 658 τὰ
3585 603 3680 658 τοῦ

2100 703 2313 774 Πατρός
2354 704 2593 773 ὲνεργεῖν
2645 718 2704 754 τε
2747 700 2840 753 καὶ
2895 696 3195 769 βούλεσθαι,
3229 695 3327 764 οὐχ
3362 695 3438 758 ὡς
3486 693 3683 759 ἔξωθεν

2099 793 2332 848 λαϐόντα
2363 792 2623 856 διδακτῶς
2653 791 2744 845 τὸν
2777 789 2871 845 τοῦ
2899 791 3074 842 ποιεῖν
3117 786 3502 861 ὑπογραμμὸν,
3527 785 3562 855 ἢ
3592 787 3685 840 καὶ

2100 886 2165 938 ὲκ
2188 883 2573 956 προαιρετικοῦ
2603 883 2903 953 κινήματος
2931 880 3021 933 ἐπὶ
3045 879 3106 932 τὸ
3129 877 3198 931 τά
3230 876 3368 930 αὐτὰ
3394 875 3683 946 βούλεσθαι

2099 973 2178 1045 τῷ
2216 975 2392 1045 Πατρὶ
2430 973 2787 1044 κεκλημένον,
2824 973 2939 1028 ἀλλ’
2976 971 3052 1034 ὡς
3084 969 3297 1040 φύσεως
3335 969 3684 1040 ἀπαραποιή·

2100 1084 2193 1120 του
2229 1067 2412 1137 νόμοις
2453 1067 2546 1120 ἐπὶ
2593 1067 2692 1138 τὴν
2735 1066 2854 1137 ἴσην
2901 1064 3259 1118 ἀναϐαίνοντα
3299 1062 3378 1133 τῷ
3425 1062 3544 1133 Θεῷ
3590 1063 3685 1116 καὶ

2102 1157 2278 1229 Πατρὶ
2335 1156 2528 1227 βουλήν
2579 1173 2640 1210 τε
2702 1157 2796 1210 καὶ⁴
2852 1155 3067 1226 πρᾶξιν.
3125 1155 3199 1207 Tb
3250 1155 3358 1225 γὰρ
3425 1154 3684 1207 δύνασθαι

2104 1251 2276 1302 ποιεῖν
2310 1250 2404 1318 ἀφ’
2433 1248 2625 1301 ἑαυτοῦ
2669 1248 2852 1318 μηδὲν,
2886 1249 2944 1301 ἐν
2988 1247 3198 1309 τούτοις
3242 1242 3300 1300 εὖ
3349 1245 3489 1316 μάλα
3527 1263 3682 1317 περι-

2103 1339 2362 1409 ορίζεται.
2418 1341 2603 1405 Οῦτως
2654 1338 2806 1412 οἶμαι
2863 1342 3060 1412 χρῆναι
3107 1339 3361 1403 νοοῦντας
3422 1339 3676 1404 εὐσεϐῶς,

2111 1450 2130 1483 ι
2173 1431 2590 1502 αἰχμαλωτίζειν
2638 1433 2746 1485 πᾶν
2799 1433 2979 1502 νόημα
3025 1434 3103 1496 εἰς
3156 1433 3255 1504 τὴν
3295 1431 3540 1501 ὑπακοὴν
3585 1431 3677 1482 τοῦ

2105 1522 2362 1592 Χριστοῦ,
2401 1540 2418 1572 ι
2450 1522 2590 1576 καθά
2624 1523 2953 1593 γέγραπται.

2175 1610 2488 1680 Ἀπειθήσει
2519 1610 2576 1664 δὲ
2615 1609 2742 1674 ἴσως
2788 1613 2816 1663 6
2858 1613 2921 1682 τῇ
2971 1610 3196 1681 ἀληθείᾳ
3231 1612 3553 1683 μαχόμενος,
3590 1611 3684 1664 καὶ

2107 1702 2308 1774 τροφὴν
2337 1701 2523 1774 ὥσπερ
2557 1702 2676 1755 τινὰ
2703 1704 2800 1773 τῆς
2827 1701 3018 1755 ἑαυτοῦ
3053 1702 3369 1766 δυσϐουλίας
3401 1705 3683 1775 ποιήσεται

423 1791 508 1837 est
538 1786 801 1852 arripiet,
835 1794 1001 1856 atque
1032 1789 1116 1844 his
1149 1805 1250 1844 nos
1283 1791 1498 1860 urgebit
1528 1811 1539 1846 :
1572 1792 1628 1847 Si
1660 1805 1743 1848 est
1769 1797 1998 1866 aequalis

2110 1791 2161 1844 rb
2187 1791 2473 1863 εἰρημένον
2494 1807 2507 1820 ⁸
2543 1791 2712 1863 Εἴπερ
2745 1787 2812 1860 ἦν
2842 1793 2899 1844 ὲν
2933 1792 3158 1862 ἰσότητι,
3201 1791 3394 1860 λέγων,
3425 1791 3518 1844 τοῦ
3567 1793 3679 1844 Πα-

424 1874 572 1929 Patri
610 1876 807 1941 Filius,
839 1881 1044 1934 nullam
1073 1883 1121 1936 ei
1153 1883 1532 1938 excellentiam
1563 1890 1878 1943 necessario
1908 1891 2005 1944 tri-

426 1966 634 2033 buens,
676 1981 904 2041 propter
944 1983 1155 2028 natum
1208 1991 1322 2030 suze
1361 1976 1660 2042 defectum,
1714 1980 1844 2049 quid
1881 1997 2005 2036 eum

428 2060 616 2130 adegit
656 2072 715 2116 ut
755 2073 866 2118 tam
908 2076 1096 2133 aperte
1135 2067 1350 2123 diceret
1402 2086 1511 2123 non
1555 2086 1720 2139 posse
1756 2088 1783 2124 a
1822 2073 2006 2140 seipso

428 2150 611 2208 facere
666 2157 1004 2227 quidquam,
1066 2160 1174 2214 nisi
1225 2161 1423 2215 viderit
1476 2160 1697 2217 Patrem
1732 2164 1896 2235 216
1930 2165 2007 2217 fa-

427 2245 715 2299 cientem?
752 2247 911 2303 Clare
940 2250 1086 2304 enim
1130 2251 1186 2304 in
1217 2250 1338 2317 his,
1378 2253 1598 2322 inquit,
1632 2252 1836 2308 fatetur
1870 2255 2007 2312 nihil

426 2336 590 2405 plane
624 2353 690 2393 ex
726 2341 911 2410 seipso
947 2340 1127 2397 facere
1171 2359 1333 2413 posse
1356 2383 1372 2409 ,
1422 2353 1482 2398 ut
1520 2346 1614 2414 qui
1657 2347 2009 2415 prtestantio-

425 2443 546 2482 rem
581 2437 634 2483 et
665 2432 1111 2486 excellentiorcm
1148 2444 1432 2504 agnoscat.
1465 2436 1544 2490 Tu
1581 2452 1712 2492 vero
1743 2439 1808 2492 ad
1841 2453 2006 2509 argu-

427 2519 536 2575 tias
587 2529 712 2577 tuas
769 2523 952 2578 denuo
999 2528 1316 2582 reverteris.
1371 2526 1513 2594 Quid
1565 2529 1737 2600 igitur
1781 2532 1846 2583 ad
1895 2531 2009 2585 haac

427 2625 594 2680 porro
623 2613 920 2670 dicemus?
956 2615 1013 2669 In
1053 2618 1425 2688 blasphemias
1460 2620 1668 2675 Christi
1711 2622 1888 2677 hostis
1920 2623 2007 2676 in-

428 2702 696 2768 valescit,
729 2721 907 2775 neque
947 2722 1014 2762 ex
1057 2708 1334 2779 imperitia
1373 2712 1587 2765 ebrium
1631 2728 1690 2766 se
1725 2713 2002 2782 intelligit.

429 2791 668 2848 Decebat
693 2797 897 2865 quippe
918 2836 932 2860 ,
958 2811 990 2850 ο
1022 2797 1166 2851 boue
1189 2839 1202 2861 ,
1231 2799 1341 2851 vim
1370 2807 1424 2852 et
1461 2801 1788 2854 sententiam
1816 2815 2007 2855 eorum

430 2898 553 2952 qua:
595 2884 861 2938 dicuntur
911 2889 1236 2956 exquirere,
1293 2904 1404 2943 non
1450 2900 1656 2946 temere
1704 2892 2003 2956 insultare,

430 2974 744 3029 rationibus
775 2977 1068 3046 imperitis.
1099 2978 1388 3044 Quomodo
1418 2981 1564 3035 enim
1597 2983 1664 3038 de
1695 2982 2007 3052 aequalitate

432 3080 556 3119 cum
583 3065 744 3120 Patre
772 3067 1186 3123 deturbandqu
1220 3086 1343 3125 esse
1378 3070 1577 3125 Filium
1616 3082 1777 3142 putas
1801 3115 1814 3135 ,
1845 3088 1911 3127 ex
1940 3088 2006 3128 eo

432 3154 580 3222 quod
617 3154 751 3208 dicit
808 3171 921 3209 non
958 3172 1122 3226 posse
1160 3175 1186 3212 a
1233 3161 1419 3229 seipso
1449 3161 1629 3216 facere
1661 3162 1960 3232 quidquam
1988 3201 2003 3226 ,
2035 3143 2076 3200 ο

434 3243 541 3300 nisi
583 3245 788 3300 viderit
830 3246 1046 3302 Patrem
1093 3249 1430 3306 facientem?
1479 3253 1560 3306 An
1615 3255 1762 3308 enim
1817 3255 2008 3308 isthaec

435 3337 703 3406 loquitur,
745 3340 906 3409 quasi
953 3355 1060 3394 non
1107 3343 1181 3396 sit
1228 3345 1426 3413 aequali
1461 3345 1668 3401 virtute
1701 3346 2010 3416 praeditus?

434 3429 598 3497 Atqui
639 3430 726 3483 vel
766 3447 832 3484 ex
870 3431 1052 3487 verbis
1109 3436 1407 3503 propositis
1463 3437 1647 3505 p0tius
1689 3437 1875 3492 videre
1922 3445 2008 3493 est

434 3516 634 3572 Filium
671 3520 920 3590 ejusdem
955 3537 1077 3578 esse
1108 3539 1233 3578 cum
1267 3524 1410 3580 Filio
1443 3519 1661 3583 virtutis
1684 3569 1697 3590 ,
1731 3516 2010 3598 quamdié

435 3611 562 3664 vina
596 3626 790 3668 carere
825 3613 1048 3670 virtute.
1085 3615 1204 3670 Non
1233 3617 1379 3672 enim
1411 3617 1596 3674 dicere
1627 3620 1863 3682 videtur,
1892 3619 2009 3675 Non

435 3710 617 3771 potest
646 3701 823 3759 Filius
852 3719 881 3758 a
913 3706 1096 3776 seipso
1127 3707 1310 3762 facere
1343 3709 1644 3778 quidquam
1666 3750 1680 3775 ,
1714 3710 1820 3766 nisi
1852 3726 2011 3767 acce-

435 3793 581 3861 perit
614 3800 943 3862 potestatem
986 3811 1015 3848 a
1043 3794 1207 3851 Patre
1239 3797 1383 3866 (hoc
1417 3799 1563 3854 enim
1612 3799 1832 3864 dicere,
1880 3816 2011 3870 pro-

435 3882 585 3936 fecto
624 3896 773 3940 esset
801 3886 1012 3941 viribus
1041 3887 1280 3958 defecti)
1307 3906 1322 3956 ;
1350 3889 1478 3953 sed,
1511 3907 1529 3941 ι
1559 3890 1666 3945 nisi
1699 3883 1892 3946 viderit
1921 3891 2014 3944 Pa;

435 3984 572 4030 trem
605 3975 920 4034 facientem.
949 3998 965 4030 ι
992 3979 1149 4046 Quod
1178 3989 1360 4038 autem
1389 3981 1606 4038 videndi
1631 3998 1796 4039 sensu
1829 3983 1896 4038 ad
1923 3999 2013 4040 res

433 4070 856 4140 perspiciendas
888 4087 1173 4137 vocemur,
1207 4088 1317 4128 nou
1354 4084 1535 4130 autem
1585 4075 1822 4144 majores
1864 4075 2013 4131 vires

433 4163 806 4232 accipiamus,
851 4165 1226 4220 iuliciaturum
1265 4167 1466 4238 opinor
1502 4169 1798 4223 neminem.
1839 4169 2014 4237 igitur

435 4246 562 4308 cum
591 4253 762 4311 Filius
792 4256 930 4311 dicit
959 4273 1016 4312 se
1045 4257 1226 4314 Patris
1255 4274 1422 4329 opera
1447 4259 1634 4315 videre
1658 4300 1672 4322 ,
1696 4276 1802 4314 non
1835 4259 2013 4330 signi-

435 4346 562 4400 ficat
587 4361 644 4400 se
666 4347 1000 4402 imbecillum
1021 4365 1166 4416 esse,
1185 4351 1280 4407 sed
1308 4353 1637 4409 imitatorem
1665 4353 1851 4424 potius
1874 4394 1889 4419 ,
1917 4365 2014 4410 aut

434 4444 800 4507 spectatorem
823 4477 837 4500 ,
874 4450 1040 4508 prout
1076 4443 1131 4496 in
1167 4446 1529 4514 sequentibus
1568 4447 1888 4502 accuratius
1925 4448 2013 4502 di-

437 4543 643 4582 cemus.
684 4526 841 4595 Quod
873 4538 1057 4584 autem
1093 4548 1190 4601 per
1219 4535 1462 4589 eamdem
1499 4543 1552 4590 et
1585 4538 1920 4592 simillimam
1955 4538 2012 4594 in

434 4618 696 4674 omnibus
728 4620 1103 4690 operationem
1126 4625 1354 4692 'equalis
1385 4640 1508 4680 esse
1527 4634 1795 4694 potestate
1824 4628 2014 4683 videa-

438 4717 548 4773 tur,
577 4709 696 4778 ipse
724 4711 876 4765 clare
909 4710 1133 4766 docebit
1160 4716 1213 4767 in
1237 4717 1599 4784 sequentibus
1631 4718 1699 4772 de
1729 4735 1830 4774 suo
1849 4718 2013 4778 Patre

438 4792 684 4857 Subdens
716 4821 728 4856 :
761 4821 780 4854 ι
813 4803 1170 4874 Quaecunque
1201 4805 1348 4859 enim
1380 4806 1476 4860 ille
1508 4805 1734 4870 fecerit,
1790 4809 1908 4864 haec
1957 4817 2012 4866 et

438 4890 611 4947 Filius
645 4893 902 4950 similiter
947 4893 1098 4950 facit.
1140 4914 1158 4946 ι
1188 4893 1476 4962 Quomodo
1504 4912 1636 4966 ergo
1683 4898 1863 4952 minor
1891 4908 1976 4956 est
1998 4941 2013 4965 ,

440 4984 532 5052 qui
553 4983 868 5054 aequalibus
896 5001 1021 5040 cum
1057 4985 1166 5042 Deo
1201 5001 1263 5043 ac
1295 4987 1458 5042 Patre
1486 4989 1902 5058 operationibus
1934 4998 2020 5048 est

440 5076 818 5144 conspicuus?
849 5075 1111 5148 Nunquid
1158 5079 1303 5134 enim
1339 5080 1479 5150 ignis
1515 5079 1666 5134 aliud
1699 5082 2019 5151 operabitur

439 5181 602 5234 quam
659 5168 842 5238 ignis,
899 5170 1050 5224 nulla
1098 5171 1151 5225 in
1202 5172 1483 5242 operando
1536 5170 1847 5228 mutatione
1895 5189 2019 5243 per-

439 5258 644 5327 cepta?
676 5261 780 5325 Qui
819 5277 1057 5332 namque
1089 5262 1142 5316 id
1172 5263 1288 5318 ﬁeri
1321 5264 1540 5332 possit?
1569 5262 1858 5330 Quomodo
1888 5280 2018 5336 ergo

440 5349 633 5405 eadem
671 5356 996 5420 operabitur
1027 5372 1151 5426 qua:
1196 5355 1404 5422 Filius,
1443 5359 1487 5412 si
1528 5357 1736 5412 idcirco
1779 5359 2014 5413 minoris

443 5439 667 5510 virtutis
694 5458 819 5498 esse
852 5449 1156 5503 censetur?
1198 5448 1374 5520 Atque
1417 5449 1533 5504 lucc
1577 5451 1799 5520 quidem
1851 5449 2011 5528 nobis

446 5546 510 5586 ex
555 5531 702 5588 dicto
752 5537 1032 5605 proposito
1074 5539 1237 5594 allata
1284 5548 1415 5596 sunt
1461 5541 2008 5611 impraesentiarum;

524 5709 568 5745 "
590 5709 630 5765 ll
659 5710 782 5782 Cor.
828 5730 880 5780 χ,
899 5720 949 5772 7;.

2106 1884 2233 1956 τρὸς
2281 1887 2309 1937 6
2361 1885 2523 1948 Υἱὸς,
2568 1883 2822 1955 οὐδεμίαν
2875 1884 3160 1954 ἀπονέμων
3209 1884 3283 1949 ὠς
3336 1885 3396 1950 ἐξ
3441 1886 3685 1957 ἀνάγκης

2107 1975 2254 2047 αὐτῷ
2279 1975 2376 2046 τὴν
2412 1976 2703 2046 ὑπεροχὴν,
2724 1975 2811 2028 διὰ
2833 1977 2893 2028 τὸ
2918 1976 3016 2046 τῆς
3037 1977 3240 2040 οἰκείας
3272 1976 3485 2046 φύσεως
3509 1995 3686 2047 μειον-

2107 2065 2237 2137 έκτη
2248 2084 2342 2137 μα,
2365 2066 2416 2119 τί
2456 2067 2514 2119 τὸ
2543 2066 2800 2130 πεπεικὸς
2829 2065 3001 2129 οὕτως
3033 2067 3194 2120 αὐτὸν
3218 2068 3684 2132 ἀκατακαλύπτως

2107 2157 2301 2222 εἰπεῖν,
2336 2156 2409 2228 μὴ
2455 2157 2710 2209 δύνασθαι
2758 2159 2928 2210 ποιεῖν
2974 2157 3066 2224 ἀφ’
3120 2157 3313 2210 ἑαυτοῦ
3359 2157 3542 2228 μηδὲν,
3591 2157 3686 2212 ἐὰν

2111 2249 2240 2319 μήτι
2281 2237 2452 2322 βλέπῃ
2496 2247 2588 2301 τὸν
2634 2249 2853 2318 Πατέρα
2905 2247 3194 2316 ποιοῦντα;
3236 2250 3428 2318 Σαφῶς
3473 2249 3580 2323 γὰρ
3626 2250 3686 2302 ὲν

2106 2338 2334 2406 τούτοις,
2384 2339 2566 2409 φησὶν,
2616 2339 2868 2409 ὁμολογεῖ
2906 2340 3068 2410 μηδὲν
3099 2340 3234 2406 ὅλως
3273 2340 3333 2405 ἐξ
3362 2341 3553 2395 ἑαυτοῦ
3591 2342 3686 2394 δύ-

2108 2429 2297 2483 νασθαι
2339 2433 2542 2493 ποιεῖν,
2586 2429 2659 2493 ὡς
2712 2429 2869 2492 εἰδὼς
2916 2430 3156 2500 δηλονότι
3206 2431 3296 2484 τὸν
3343 2433 3552 2503 ἀμείνω
3593 2433 3685 2486 καὶ

2109 2519 2461 2590 ὑπερέχοντα.
2501 2519 2571 2571 Σὺ
2622 2518 2678 2570 δὲ
2734 2513 2800 2570 αὖ
2851 2517 3012 2570 πάλιν
3051 2519 3181 2589 ἡμῖν
3219 2519 3555 2589 κατασοφίζῃ
3594 2518 3688 2571 τὸν

2107 2610 2279 2678 λόγον.
2313 2609 2377 2662 Τί
2416 2605 2507 2662 οὖν
2544 2609 2678 2680 πρὸς
2718 2609 2914 2676 ταῦτα,
2955 2609 3050 2663 καὶ
3091 2613 3218 2681 παρ’
3250 2611 3437 2682 ήμῶνς
3480 2608 3687 2681 Ἀνδρί-

2109 2699 2258 2764 ζεται
2287 2700 2445 2753 πάλιν
2496 2701 2576 2764 εἰς
2614 2700 2925 2770 δυσφημίας
2961 2702 2988 2752 6
3021 2701 3406 2772 χριστομάχος,
3456 2703 3550 2754 καὶ
3589 2719 3687 2771 με·

2109 2792 2250 2844 θύων
2285 2791 2342 2856 ἐξ
2379 2791 2734 2854 ἀπαιδευσίας
2773 2792 2872 2844 οὐκ
2921 2791 3257 2844 αἰσθάνεται.
3291 2793 3442 2863 Χρῆν
3480 2792 3607 2864 γάρ,
3639 2785 3686 2845 ὦ

2110 2881 2381 2952 βέλτιστε,
2435 2881 2745 2953 δοκιμάζειν
2791 2882 3035 2954 ἀκριϐῶς
3075 2883 3182 2936 τῶν
3229 2884 3535 2955 εἰρημένων
3584 2884 3686 2954 τὴν

2107 2972 2354 3042 δύναμιν,
2393 2972 2484 3024 καὶ
2525 2973 2598 3044 μὴ
2636 2974 2940 3044 προχείρως
2989 2973 3257 3045 ὲπιπηδᾷν
3301 2976 3415 3036 τοῖς
3454 2975 3511 3039 ἐξ
3543 2976 3688 3044 ἀμας

2109 3063 2228 3126 θεας
2270 3064 2595 3117 εἰσϐαίνουσι
2638 3065 2936 3134 λογισμοῖς.
2989 3067 3145 3119 Κατά
3181 3065 3300 3118 τίνα
3334 3066 3442 3136 γὰρ
3485 3068 3688 3136 τρόπον

2108 3158 2207 3228 τῆς
2256 3158 2496 3226 ἰσότητος
2545 3158 2644 3227 τῆς
2700 3158 2835 3228 πρὸς
2875 3159 2967 3210 τὸν
3024 3158 3242 3228 Πατέρα
3298 3159 3688 3227 κατακομίζειν

2108 3245 2208 3298 οἴει
2256 3247 2448 3316 χρῆναι
2499 3247 2591 3299 τὸν
2644 3246 2793 3309 Υἱὸν,
2843 3247 2928 3299 διὰ
2976 3245 3069 3299 τοῦ
3107 3247 3269 3316 φάναι
3316 3248 3390 3318 μὴ
3428 3247 3692 3302 δύνασθαι

2109 3340 2282 3392 ποιεῖν
2311 3339 2403 3407 ἀφ’
2426 3337 2615 3404 ἑαυτοῦ
2652 3339 2834 3409 μηδὲν,
2862 3338 2953 3391 ἐὰν
2989 3340 3117 3410 μήτι
3150 3338 3320 3409 βλέπῃ
3350 3339 3441 3391 τὸν
3468 3338 3691 3408 Πατέρα

2109 3426 2396 3495 ποιοῦντα;
2439 3425 2584 3500 Ἀρα
2617 3430 2723 3500 γὰρ
2752 3428 2826 3493 ὡς
2852 3429 2950 3483 οὐκ
2980 3429 3118 3500 ἔχων
3141 3431 3196 3485 ὲν
3223 3429 3446 3500 δύναμει
3483 3429 3542 3481 τὺ
3570 3424 3692 3482 ἴσον

2108 3521 2178 3574 τά
2203 3520 2425 3575 τοιαῦτά
2450 3539 2610 3591 φησι;
2645 3521 2817 3574 καίτοι
2848 3521 2940 3573 καὶ
2968 3521 3025 3586 ἐξ
3052 3520 3228 3573 αὐτῶν
3257 3520 3365 3573 τῶν
3394 3519 3692 3591 προκειμέ-

2111 3632 2215 3668 νων
2252 3613 2378 3667 ἰδεῖν
2405 3612 2550 3665 ἔστιν
2580 3613 2956 3666 ἰσοσθενοῦντα
3002 3612 3078 3684 τῷ
3131 3612 3359 3681 φύσαντι
3394 3613 3484 3665 τὸν
3539 3612 3689 3675 Υἰὸν,

2110 3707 2256 3776 ἢπερ
2285 3703 2465 3773 ἰσχύος
2502 3705 2599 3774 τῆς
2631 3700 2967 3774 θεοπρεποῦς
2997 3703 3205 3757 ἐπιδεᾶ.
3248 3705 3321 3756 Οὐ
3352 3703 3460 3775 γὰρ
3507 3703 3694 3772 φαῖνε-

2110 3815 2203 3852 ται
2229 3797 2426 3861 λέγων,
2461 3796 2533 3849 Οὐ
2566 3794 2786 3848 δύναται
2818 3798 2845 3848 6
2885 3795 3010 3859 Υἱὸς
3043 3798 3214 3850 ποιεῖν
3255 3798 3348 3866 ἀφ’
3372 3796 3565 3850 ἑαυτοῦ
3598 3796 3697 3852 οὐ·

2111 3889 2236 3955 δὲν,
2283 3888 2376 3941 ἐὰν
2419 3886 2493 3958 μὴ
2534 3887 2674 3961 λάὅῃ
2717 3887 2778 3940 τὺ
2817 3887 3073 3941 δύνασθαι
3118 3887 3268 3958 παρὰ
3311 3889 3404 3941 τοῦ
3444 3891 3696 3960 Πατρόςο

2111 3981 2270 4034 τοῦτο
2297 3980 2409 4054 γὰρ
2447 3975 2514 4052 ἦν
2539 3979 2706 4043 ὅντως
2721 3978 3074 4042 ἀσθενοῦντος
3090 3981 3263 4032 εἰπεῖν
3282 3997 3295 4011 ο
3341 3981 3475 4045 ἀλλ’,
3505 3999 3522 4031 ι
3567 3981 3698 4034 Ἐὰν

2117 4072 2189 4143 μή
2218 4089 2270 4125 τι
2310 4070 2481 4144 βλέπῃ
2513 4071 2601 4124 τὸν
2623 4069 2841 4140 Πατέρα
2873 4068 3154 4125 ποιοῦντα.
3189 4089 3209 4122 ι
3239 4071 3358 4123 Ὅτι
3388 4070 3443 4122 δὲ
3473 4070 3560 4123 διά
3591 4071 3697 4141 τῆς

2113 4161 2346 4233 ὀπτικῆς
2379 4161 2681 4233 αἰσθήσεως
2712 4160 2812 4214 οὐκ
2845 4163 2924 4224 εἰς
2963 4161 3023 4215 τὸ
3058 4160 3421 4233 δυναμοῦσθαι
3470 4164 3694 4233 μαλλον,

2113 4253 2229 4311 ἀλλ’
2271 4256 2350 4318 εἰς
2393 4253 2625 4325 θεωρίαν
2668 4253 2767 4323 τὴν
2813 4251 2974 4305 τινῶν
3019 4252 3299 4307 καλεῖσθαι
3347 4254 3692 4325 πεφύκαμεν,

2115 4347 2527 4418 ἀντιστατήσειν
2556 4341 2708 4416 οῒμαι
2740 4344 2959 4415 μηδένα.
2989 4345 3197 4398 Οὐκοῦν
3225 4347 3338 4408 τοῖς
3381 4345 3473 4399 τοῦ
3499 4341 3695 4416 γεννήτ-

2121 4417 2311 4504 σαντος
2349 4417 2529 4510 ἔργοις
2565 4436 2891 4501 ὲνατενίζειν
2912 4437 3100 4490 ἑαυτὸν
3124 4436 3356 4509 εἰρηκὼς
3383 4440 3410 4490 6
3444 4437 3570 4501 Υἱὸς
3593 4438 3694 4490 οὐκ

2119 4531 2446 4586 ἀσθενοῦντα
2478 4530 2733 4594 δεικνύει,
2785 4528 3028 4600 ζηλωτὴν
3071 4529 3129 4582 δὲ
3175 4530 3394 4600 μᾶλλον,
3411 4531 3537 4614 ,ἦτοι
3567 4531 3695 4614 Θεαῖ-

2118 4623 2239 4692 τὴν,
2280 4623 2374 4675 καὶ
2420 4622 2566 4684 ὅπως
2617 4621 3006 4693 ἀκριϐέστερον
3055 4622 3184 4692 ἡμῖν
3233 4623 3290 4675 ὲν
3337 4609 3451 4686 τοῖς
3500 4609 3699 4702 ἐφεξῆς

2120 4713 2418 4784 εἰρήσεται.
2445 4711 2565 4764 Ὅτι
2592 4711 2648 4764 δὲ
2675 4711 2762 4765 διὰ
2801 4704 2896 4782 τῆς
2923 4711 3340 4781 ἀπαραλλάκτου
3385 4714 3477 4765 καὶ
3515 4713 3700 4783 ὁμοιο-

2120 4805 2286 4873 τάτης
2309 4802 2608 4873 ἐνεργείας,
2635 4805 2734 4873 τῆς
2775 4804 2855 4868 εἰς
2889 4803 3102 4858 ἅπαντα
3124 4822 3195 4874 φη
3208 4805 3289 4874 μὶ,
3313 4803 3374 4856 τὸ
3409 4799 3528 4858 ἶσον
3560 4803 3703 4874 ἔχων

2123 4897 2181 4950 ὲν
2215 4897 2280 4965 τῇ
2321 4892 2545 4963 δυνάμει
2587 4893 2856 4960 φαίνεται,
2899 4894 3097 4959 διδάξει
3145 4894 3333 4964 σαφῶς
3375 4897 3432 4949 ἐν
3463 4898 3575 4959 τοῖς
3611 4898 3705 4961 ἐφ-

2124 4986 2253 5057 εξῆς
2271 4984 2538 5053 ἐπιλέγων
2565 4985 2725 5049 αὐτὸς
2747 4985 2822 5049 ὡς
2854 4986 2980 5058 περὶ
3006 4987 3098 5039 τοῦ
3133 4986 3262 5039 ἰδίου
3296 4987 3511 5057 Πατρός
3531 5005 3544 5018 ·
3575 5005 3593 5038 ε
3634 4989 3706 5042 "A

2126 5081 2234 5152 γὰρ
2253 5080 2318 5134 ἂν
2349 5080 2556 5144 ἐκεῖνος
2583 5081 2735 5150 ποιῇ,
2766 5077 2937 5131 ταῦτα
2960 5077 3054 5131 καὶ
3079 5078 3106 5129 ὁ
3128 5077 3253 5141 Tib;
3279 5077 3480 5148 ὁμοίως
3501 5081 3662 5131 ποιεῖ.
3679 5099 3702 5130 ι

2129 5171 2253 5234 Πῶς
2276 5164 2368 5224 οὖν
2393 5168 2630 5222 ἐλάττων
2681 5166 2848 5230 ἐστὶν,
2873 5167 2901 5218 ὁ
2943 5168 3066 5228 ταῖς
3112 5165 3423 5237 ἰσορῤόποις
3463 5166 3542 5236 τῷ
3584 5168 3710 5228 Θεῷ

2127 5263 2220 5317 καὶ
2262 5263 2436 5334 Πατρὶ
2484 5260 2786 5332 διαπρεπὴς
2842 5258 3174 5330 ἐνεργείαις;
3241 5259 3556 5331 Ἐνεργήσει
3596 5263 3712 5330 γὰρ

2124 5356 2232 5425 ἄρα
2293 5354 2360 5408 τὰ
2407 5353 2576 5425 πυρὸς
2614 5351 2800 5422 ’έτερόν
2841 5369 2892 5404 τι
2941 5350 3092 5420 παρά
3133 5349 3193 5401 τὸ
3253 5350 3402 5420 πῦρ,
3451 5350 3713 5420 οὐδεμιᾶς

2124 5446 2245 5500 κατ’
2287 5446 2568 5515 ἐνέργειαν
2619 5442 2999 5513 θεωρουμένης
3059 5440 3396 5510 ὲξαλλαγῆς;
3440 5442 3551 5494 Καὶ
3588 5440 3708 5503 πῶς

2123 5538 2187 5592 ἂν
2229 5536 2439 5606 γένοιτο
2477 5536 2635 5590 τοῦτό
2686 5551 2855 5600 ποτε;
2889 5534 3014 5598 Πῶς
3061 5527 3152 5587 οῦν
3181 5533 3380 5604 ὁμοίως
3413 5526 3709 5604 ἐργάσεται
