4044 6200
321 260 435 316 355
1404 258 1467 312 IN
1521 257 1810 312 JOANNIS
1853 256 1901 310 Ε

2001 254 2298 314 NGELIUM
2343 258 2468 312 LIB.
2503 257 2566 314 ΙΙ.
3179 306 3193 322 .
3476 265 3584 323 554

321 372 394 425 τά
419 369 515 425 τοῦ
548 368 758 440 Πατρὸς
780 371 808 423 6
833 369 976 432 Υἱὸς,
1005 371 1052 423 εί
1091 368 1177 421 διὰ
1202 368 1360 422 τοῦτο
1388 370 1605 425 ἔλαττον
1637 372 1780 441 ἔχειν
1809 371 1901 442 τῆς

2009 372 2424 427 consideremus
2455 383 2643 428 autem
2680 390 2873 431 rursus
2908 377 3066 433 aliter
3094 392 3165 432 an
3211 376 3329 432 Filii
3382 389 3583 435 natura

324 459 451 534 θσης
486 462 562 526 ὡς
614 462 749 533 πρὸς
800 461 960 515 αὑτὸν
1019 462 1200 533 ἰσχύος
1268 462 1741 533 ἁπολιμπάνεται;
1800 463 1901 514 Καῑ

2015 456 2178 516 Patre
2208 463 2384 530 possit
2415 477 2538 517 esse
2569 463 2815 532 inferior,
2837 465 3061 522 virtutis
3092 477 3146 522 et
3174 469 3462 537 potestatis
3491 486 3581 524 ra-

319 554 499 608 ταῦτα
539 553 637 624 μὲν
671 554 824 625 ἡμῖν,
872 554 948 617 ὡς
1003 556 1067 605 ἐκ
1122 553 1215 607 τοῦ
1263 554 1625 625 προκειμένου
1674 554 1812 625 πρὸς
1848 554 1901 607 τὸ

2015 552 2164 607 tione
2196 553 2454 608 similiter
2490 556 2651 611 nobis
2682 559 2991 628 proposita.
3026 561 3110 614 An
3141 559 3309 614 Deum
3359 561 3427 615 de
3470 558 3586 616 Deo

323 644 502 716 παρὸν
533 642 736 715 ἐλήφθη
768 643 935 714 ῥητοῦ
956 661 970 675 ·
1002 645 1202 719 ἴδωμεν
1229 646 1285 699 δὲ
1308 645 1468 699 πάλιν
1490 644 1583 698 καὶ
1610 645 1676 698 δι’
1706 646 1901 713 ἐτέρων

2013 644 2320 698 secundum
2371 654 2628 700 naturam
2677 662 2742 702 ac
2790 664 3015 710 verum,
3062 657 3116 703 et
3163 650 3231 703 de
3280 649 3585 704 substantia

327 732 496 795 ίόντες
513 732 902 802 θεωρημάτων,
930 733 977 784 εἰ
1001 732 1307 802 ἐπιδέχεται
1340 750 1430 786 ποι
1460 731 1521 785 τὸ
1552 733 1611 785 ἐν
1636 733 1901 802 δευτέροις

2009 729 2193 788 Patris
2253 749 2443 789 revera
2504 750 2629 791 esse
2690 736 2933 794 fatentur
2980 738 3216 803 Filium,
3275 749 3368 793 aut
3415 739 3584 794 Deum

321 818 463 877 εἶναι
511 821 607 875 τοῦ
657 823 870 893 Πατρὸς
923 826 957 894 ή
1008 824 1101 877 τοῦ
1152 823 1282 876 Υἱοῦ
1335 824 1534 893 φύσιςο
1595 822 1901 894 προκείσθω

2010 822 2232 901 quidem
2271 841 2395 881 esse
2422 827 2650 894 dicunt,
2690 830 2784 885 sed
2840 845 2869 884 a
2923 831 3107 888 Patris
3163 832 3404 888 alienum
3459 845 3585 889 esse

317 913 377 967 δέ
420 914 625 983 ὁμοίως
651 916 784 984 ἡμῖν
828 915 858 966 6
905 914 1033 985 περὶ
1073 914 1356 985 δυνάμεως
1386 915 1565 984 λόγος.
1592 910 1740 986 ’Ᾱρα
1772 911 1901 968 Θεὸν

2009 914 2319 971 substantia
2352 919 2518 989 impie
2551 919 2814 975 addunt?

319 1007 386 1060 ἐκ
413 1007 546 1061 Θεοῦ
578 1007 719 1062 κατὰ
748 1007 1024 1076 φύσινκαὶ
1064 1008 1335 1078 ἀληθινὸν,
1360 1009 1455 1063 καὶ
1497 1010 1559 1062 ἐκ
1598 1010 1696 1079 τῆς
1718 1006 1906 1070 οὐσίας
1946 1006 2118 1072 ὅντως
2164 1011 2261 1063 τοῦ
2314 1012 2528 1083 Πατρὸς
2567 1013 2919 1085 ὁμολογοῦσιν
2969 1018 3238 1088 ὑπάρχειν
3301 1017 3391 1072 τὸν
3431 999 3592 1082 Υίὸν,

317 1103 354 1174 ἢ
394 1101 527 1154 Θεὸν
559 1101 658 1172 μὲν
686 1097 825 1155 εἶναι
858 1102 1011 1171 φασὶ,
1045 1102 1105 1154 τὸ
1154 1102 1209 1155 δὲ
1242 1102 1561 1173 ἐξῳκεῖσθαι
1588 1104 1686 1174 τῆς
1712 1101 1898 1164 οὐσίας
1934 1100 2030 1154 τοῦ
2059 1104 2292 1176 Πατρὸς,
2327 1106 2732 1172 δυσσεϐοῦντες,
2759 1109 3186 1179 προσάπτουσιν.

390 1195 456 1249 El
483 1195 581 1266 μὲν
606 1189 698 1248 οὖν
727 1194 827 1248 οὐκ
859 1197 923 1248 ἐκ
950 1198 1048 1266 τῆς
1068 1194 1256 1259 οὐςίας
1277 1195 1368 1248 τοῦ
1403 1196 1616 1267 [ἰατρὸς
1646 1191 1787 1249 εἶναι
1812 1193 1901 1246 λέ-

2080 1195 2239 1263 Quod
2273 1199 2317 1254 si
2361 1199 2430 1255 de
2476 1200 2789 1255 substantia
2841 1199 3024 1254 Patris
3068 1199 3248 1269 ipsum
3297 1214 3407 1253 non
3458 1215 3583 1255 esse

318 1304 512 1356 γουσιν
536 1287 714 1352 αὑτὸν,
745 1285 867 1339 οὔτε
897 1286 1027 1348 Θεὸς
1057 1286 1208 1339 ἔσται
1235 1287 1375 1340 κατὰ
1403 1286 1586 1355 φύσιν,
1618 1285 1742 1339 οὔτε
1769 1286 1901 1349 Θεὸς

2005 1283 2198 1341 dicunt
2217 1327 2230 1349 ,
2262 1288 2425 1358 217
2453 1303 2632 1358 neque
2658 1287 2800 1344 Deus
2826 1289 2932 1343 erit
2959 1289 3261 1344 secundum
3292 1297 3577 1357 naturam,

318 1377 595 1448 ἀληθινός.
646 1376 704 1431 '0
731 1375 840 1448 γὰρ
874 1376 949 1448 μὴ
985 1379 1047 1430 ἐκ
1076 1376 1210 1430 Θεοῦ
1259 1377 1400 1431 κατὰ
1433 1376 1594 1446 φύσιν
1620 1376 1897 1447 ὑπάρχων,

2006 1392 2182 1446 neque
2232 1376 2379 1434 Deus
2427 1395 2613 1436 verus.
2660 1379 2763 1445 Qui
2809 1381 2954 1434 enim
2988 1379 3054 1435 de
3086 1378 3198 1434 Deo
3234 1394 3344 1433 non
3378 1389 3462 1436 est
3494 1397 3581 1437 se-

316 1469 517 1522 οὐδ’ἂν
542 1468 677 1532 ὅλως
697 1470 870 1521 νοοῖτο
894 1467 1034 1521 κατὰ
1063 1469 1223 1536 φύσιν
1252 1468 1407 1534 Θεὸς,
1429 1468 1551 1522 οὑδὲ
1574 1467 1720 1532 Υίὸς,
1745 1468 1795 1520 εί
1823 1465 1899 1538 μὴ

2003 1466 2246 1521 cundum
2275 1477 2570 1536 naturam,
2606 1484 2706 1523 nec
2735 1467 2881 1524 Deus
2914 1469 3105 1539 utique
3139 1471 3456 1526 censebitur
3487 1486 3578 1527 se-

318 1559 391 1612 ἐκ
418 1560 516 1631 τῆς
556 1558 739 1621 οὐσίας
785 1557 1047 1630 ἐγεννήθη
1090 1558 1185 1612 τοῦ
1230 1560 1464 1630 Πατρός
1493 1559 1654 1630 ,νόθον
1681 1559 1738 1613 δὲ
1767 1560 1901 1629 ήμῖν

2001 1557 2244 1613 cundum
2278 1568 2533 1613 naturam
2555 1601 2571 1626 ,
2608 1576 2787 1631 neque
2819 1559 3028 1626 Filius,
3062 1561 3167 1617 nisi
3208 1577 3274 1617 ex
3313 1563 3577 1618 substan-

320 1651 423 1704 καὶ
456 1651 761 1721 πρόσφατόν
799 1668 919 1703 τινα
949 1651 1342 1722 παρεισάγουσι
1369 1650 1520 1705 Θεόν.
1561 1652 1625 1705 El
1658 1651 1715 1705 δέ
1742 1649 1900 1704 τοῦτο

2001 1648 2075 1703 tia
2106 1647 2289 1704 Patris
2317 1651 2391 1705 sit
2418 1650 2672 1720 genitus,
2723 1650 2820 1706 sed
2864 1650 3208 1707 adulterinus
3250 1653 3469 1721 quidam
3512 1668 3578 1708 ac

324 1744 428 1814 μὲν
470 1715 570 1796 οῦκ
608 1715 814 1814 ἐροῦσι,
856 1742 953 1814 τὴν
987 1715 1045 1796 ἐν
1076 1715 1444 1807 τοῖς-οἰκείοις
1480 1742 1744 1813 δόγμασιν
1776 1742 1900 1796 ἀτο-

2001 1755 2180 1797 novus
2212 1739 2359 1797 Deus
2389 1743 2550 1799 nobis
2583 1743 2653 1798 ab
2685 1743 2823 1814 ipsis
2855 1725 3154 1798 invehitur:
3189 1742 3350 1808 Quod
3386 1744 3434 1798 si
3471 1743 3578 1799 hoc

318 1835 461 1887 πίσν
498 1832 940 1904 ἐρυθριάσαντες,
989 1832 1219 1886 δώσουσι
1250 1833 1305 1885 δὲ
1348 1832 1563 1903 άληθῶς
1592 1836 1656 1885 ὲκ
1688 1831 1900 1901 Πατρὸς

363 1926 593 1994 πὰρχειν
626 1924 717 1978 τὸν
757 1923 1057 1994 Μονογενῆ,
1103 1924 1197 1977 καὶ
1232 1918 1374 1978 εἶναι
1403 1923 1535 1976 Θεὸν
1564 1923 1706 1976 κατὰ
1737 1923 1898 1991 φύσιν

319 2014 418 2068 καὶ
444 2012 710 2089 ἀληθινῶς
735 2029 751 2045 ·
783 2014 899 2077 πῶς
923 2014 980 2067 ἐν
1006 2013 1280 2068 ἐλάττοσιν
1309 2012 1460 2067 ἔσται
1486 2012 1578 2066 τοῦ
1610 2010 1897 2084 Πατρός,ἢ

320 2106 443 2167 πῶς
491 2105 738 2175 ἁτονήσει
785 2104 911 2175 περί
957 2121 1031 2169 τι,
1080 2104 1174 2158 καὶ
1218 2103 1339 2174 οὐχὶ
1381 2105 1480 2173 τῆς
1518 2102 1609 2156 τοῦ
1647 2103 1901 2165 τεκόντος

318 2195 512 2259 οὐσίας
542 2196 909 2266 κατηγορήσει
934 2194 996 2246 τὸ
1034 2196 1300 2266 πρᾶγμα;
1350 2194 1414 2246 Ei
1444 2193 1551 2264 γὰρ
1576 2192 1712 2254 ὅλως
1741 2192 1901 2246 ἀσθε-

319 2289 437 2339 νεῖν
467 2287 736 2357 ὲνδέχεται
766 2285 857 2340 τὸν
892 2285 1031 2339 κατὰ
1066 2284 1228 2354 φύσιν
1264 2285 1393 2338 ὅντα
1420 2283 1572 2346 Θεὸν,
1605 2282 1658 2336 τί
1694 2282 1754 2335 τὸ
1787 2300 1897 2335 κω·

315 2371 454 2431 ’λύον
478 2378 594 2430 ἐστὶ
615 2377 773 2430 τοῦτο
802 2377 992 2430 παθεῖν
1026 2376 1117 2430 τὸν
1150 2376 1387 2449 Πατέρα,
1409 2374 1637 2447 ἐχούσης
1664 2374 1811 2439 ἅπαξ
1838 2374 1900 2426 τὸ

317 2468 585 2522 δύνασθαι
627 2468 820 2521 παθεῖν
851 2474 950 2538 τῆς
979 2468 1129 2531 θείας
1154 2468 1249 2521 καὶ
1277 2470 1517 2539 ἀρρήτου
1546 2467 1778 2537 φύσεως,
1806 2465 1900 2520 καὶ

321 2558 498 2622 οὕτως
539 2559 639 2629 ήδη
675 2557 1002 2629 φαινομένης
1043 2560 1099 2610 ἐν
1130 2556 1243 2628 Υίῷ
1276 2557 1417 2611 κατὰ
1448 2558 1537 2611 τὸν
1567 2557 1788 2611 ἐκείνων
1812 2557 1901 2610 λό-

320 2668 458 2719 γον;
507 2650 713 2703 Οὑκοῦν
747 2650 869 2703 οὐδὲ
911 2649 1120 2714 ἀπαθὲς
1166 2650 1254 2704 διὰ
1287 2650 1444 2703 τοῦτο
1484 2650 1544 2704 τὸ
1576 2649 1738 2715 θεῖον,
1784 2649 1900 2703 ἀλλ’

320 2744 449 2796 ούδέ
478 2744 535 2794 ἐν
562 2743 848 2813 ταυτότητι
898 2743 990 2796 καὶ
1022 2741 1382 2815 ἀμεταϐλήτῳ
1413 2743 1652 2796 κείσεται
1684 2743 1899 2807 πάντως

328 2833 710 2904 μακαριότητι.
765 2829 898 2886 Εἶτα
934 2832 1039 2898 τίς,
1090 2833 1211 2886 εἰπέ
1262 2850 1373 2903 μοι,
1416 2833 1525 2886 τῶν
1570 2835 1637 2887 τά
1679 2834 1900 2887 τοιαῦτα

321 2926 654 2990 δοξαζόντων
681 2924 962 2990 ἀνέξεται;
996 2925 1092 2987 Τίς
1118 2924 1194 2990 δὲ,
1228 2925 1327 2996 τῆς
1348 2924 1494 2989 θείας
1519 2924 1728 2996 βοώσης
1755 2925 1898 2997 Γρα-

2000 1831 2227 1887 minime
2257 1833 2479 1903 quidem
2512 1834 2711 1888 dicturi
2769 1841 2936 1900 sunt,
2982 1830 3425 1891 veriti’suerum
3479 1835 3579 1890 do-

2000 1932 2241 1992 gmatum
2272 1923 2668 1979 absurditatem
2691 1963 2706 1989 ,
2734 1924 2829 1979 sed
2853 1922 3158 1979 concedent
3182 1938 3307 1979 vere
3329 1939 3393 1978 ex
3416 1922 3578 1979 Patre

2002 2008 2698 2084 Unigenitum'exsistere,
2743 2023 2798 2069 et
2845 2015 3150 2069 secundum
3200 2022 3458 2069 naturam
3509 2029 3577 2070 ac

1999 2119 2128 2160 vere
2158 2103 2330 2159 Deum
2368 2120 2528 2160 esse:
2565 2105 2843 2176 quomodo
2870 2103 3030 2160 Patre
3065 2106 3249 2160 minor
3292 2107 3434 2173 erit,
3480 2115 3577 2161 aut

2000 2196 2303 2264 quomodo,
2336 2198 2383 2250 si
2416 2198 2602 2252 minus
2630 2198 2750 2267 ipse
2779 2213 2942 2266 quam
2970 2196 3210 2252 Paterin
3236 2197 3422 2267 aliquo
3451 2213 3576 2267 posc

2000 2286 2103 2349 sit,
2136 2287 2538 2343 imbecillitatis
2567 2296 2753 2343 notam
2786 2288 2896 2345 Deo
2924 2276 3325 2360 norfaflinget?
3357 2289 3491 2345 Nam
3523 2292 3573 2346 si

1999 2377 2273 2431 naturalis
2300 2377 2441 2433 Deus
2468 2378 2765 2434 imbecillis
2790 2379 2905 2434 fieri
2936 2388 3137 2450 potest,
3159 2382 3289 2450 quid
3317 2382 3575 2452 prohibet

1999 2466 2217 2523 Patrem
2253 2469 2307 2523 in
2341 2485 2399 2524 se
2429 2485 2651 2540 quoque
2680 2471 2736 2525 id
2773 2473 3092 2541 suscipere,
3139 2488 3263 2527 cum
3307 2475 3494 2529 divina
3521 2485 3577 2529 et

2000 2560 2298 2617 ineﬂabilis
2347 2568 2540 2615 natura
2589 2562 2643 2616 id
2692 2562 2863 2617 semel
2908 2562 3108 2617 habeat
3137 2571 3194 2616 ut
3226 2565 3338 2632 pati
3366 2564 3573 2632 possit,

2003 2660 2169 2720 atque
2197 2652 2272 2705 ita
2295 2651 2411 2720 jam
2437 2690 2450 2715 ,
2485 2659 2544 2704 ut
2576 2652 2654 2706 illi
2686 2653 2876 2707 volunt
2897 2691 2911 2715 ,
2965 2662 3231 2722 appareat
3280 2653 3334 2707 in
3383 2652 3530 2709 Filio
3551 2653 3577 2707 ?

2001 2741 2175 2812 Igitur
2202 2757 2301 2796 nec
2330 2741 2473 2797 Deus
2508 2743 2831 2813 impatibilis
2855 2744 2996 2807 erit,
3029 2759 3131 2797 nec
3164 2759 3380 2813 semper
3406 2745 3571 2810 idem,

2000 2847 2105 2888 nec
2151 2832 2495 2887 infelicitate
2527 2833 2859 2888 immutabili
2909 2833 3260 2903 constitutus.
3311 2834 3381 2886 At
3427 2834 3572 2903 quis,

2001 2923 2259 2988 obsecro,
2302 2926 2477 2979 sanus
2515 2924 2629 2978 haec
2680 2923 2859 2978 feret?
2891 2922 3048 2989 Quis,
3083 2923 3268 2977 divina
3298 2923 3575 2978 clamante

317 3016 474 3088 φῆς,
521 3017 597 3070 δτι
636 3015 838 3086 Κύριος
885 3015 993 3068 τῶν
1031 3015 1312 3087 δυνάμεών
1358 3008 1503 3070 ἐστιν
1546 3016 1574 3068 6
1622 3016 1780 3081 Υἱὸς,
1837 3017 1897 3069 οὑ

2005 3015 2329 3084 Scriptura,
2382 3014 2672 3069 Dominum
2718 3014 2984 3069 virtutum
3022 3029 3143 3069 esse
3173 3013 3408 3079 Filium,
3462 3031 3574 3070 non

323 3109 734 3180 atavapxﬁaa
781 3108 987 3176 λέγων,
1037 3107 1403 3179 δυναμοῦσθαι
1447 3107 1668 3179 χρῄζειν
1716 3108 1897 3172 αὑτὸν,

320 3201 423 3254 καὶ
451 3201 618 3271 ἀτελῆ
647 3201 790 3254 κατὰ
814 3198 1289 3271 τοῦτοηὺπάρχειν,
1323 3200 1352 3254 δ
1380 3201 1587 3271 κυρίως
1628 3200 1722 3253 καὶ¹
1758 3199 1902 3270 μόνῳ

324 3291 619 3362 πρόσεστιν
648 3291 796 3361 αὑτῷ
825 3290 963 3362 μετὰ
989 3291 1199 3362 Πατρὸς
1228 3293 1323 3345 καὶ
1351 3292 1507 3359 ἁγίου
1544 3290 1860 3360 Πνεύματος
1883 3304 1898 3355 ;

337 3382 491 3452 Ἐρεῖ
512 3382 566 3434 δέ
588 3382 748 3436 πάλιν
764 3383 894 3451 ἡμῖν
925 3384 951 3434 6
973 3381 1040 3433 δι’
1062 3382 1328 3445 ἐναντίας
1362 3380 1519 3435 Κατὰ
1538 3380 1697 3436 τοῦτό
1721 3398 1901 3450 φαμεν

324 3471 687 3541 ὑπερκεῖσθαι
719 3470 813 3523 τοῦ
845 3470 974 3523 Υἱοῦ
1003 3469 1094 3524 τὸν
1123 3471 1387 3546 Πατέρα,
1412 3472 1472 3525 'O
1512 3471 1619 3543 μὲν
1641 3470 1748 3541 γάρ
1785 3471 1900 3522 ἐστι

315 3561 435 3615 τῶν
463 3560 637 3632 ἔργων
665 3561 1155 3634 προκαταρκτικὸς,
1176 3580 1183 3584 ·
1205 3562 1280 3624 ὼς
1314 3561 1452 3632 ἔχων
1482 3561 1539 3615 ἐν
1565 3579 1624 3614 τε
1653 3563 1716 3632 τῇ
1747 3560 1902 3616 δυνά-

325 3669 421 3723 μει
448 3652 543 3705 καὶ
570 3654 625 3705 ἐν
652 3652 730 3723 τῷ
762 3648 938 3705 πάντα
978 3645 1177 3705 ε’ίδέναι
1210 3651 1271 3704 τὸ
1295 3652 1499 3706 τέλειον
1527 3668 1540 3681 ·
1568 3654 1596 3705 6
1615 3651 1671 3705 δὲ
1703 3652 1899 3722 πρότε-

324 3762 420 3816 ρον
466 3745 674 3811 γίνεται
726 3742 954 3815 θεατὴς,
1008 3739 1108 3796 εἷθ’
1166 3742 1341 3807 οὑτως
1390 3744 1626 3815 ἐργάτης
1675 3747 1773 3816 τῆς
1804 3743 1900 3798 τοῦ

318 3835 540 3906 Πατρὸς
572 3836 849 3906 ἐνεργείας
885 3835 1322 3907 άναματτόμενος
1347 3839 1425 3901 εἰς
1460 3837 1650 3890 ἑαυτὸν
1678 3836 1776 3907 τὴν
1812 3835 1903 3904 μί-

324 3943 516 3999 μησιν,
547 3927 636 3980 ἵνα
666 3928 752 3983 διὰ
777 3929 875 3998 τῆς
905 3927 1015 3983 τῶν
1045 3927 1222 4000 ἔργων
1249 3929 1585 4000 ὁμοιότητος,
1614 3929 1710 3982 καὶ
1739 3927 1903 3991 αὑτὸς

328 4020 513 4090 ,νοῆται
545 4019 698 4083 Θεός.
732 4019 902 4074 Τοῦτο
934 4021 1039 4093 γὰρ
1076 4021 1225 4092 ἡμᾶς
1262 4020 1567 4074 ἐκδιδάσκει
1596 4019 1792 4090 λέγων,
1824 4017 1901 4090 μὴ

320 4111 583 4166 δύνασθαι
612 4115 784 4166 ποιεῖν
826 4112 918 4181 ἀφ’
947 4112 1138 4167 ἐαυτοῦ
1172 4113 1358 4184 μηδὲν,
1403 4112 1497 4166 ἐὰν
1530 4094 1681 4184 μήτι
1727 4111 1899 4183 βλέπῃ

330 4202 415 4256 τὸν
436 4203 659 4273 Πατέρα
693 4202 967 4257 ποιοῦντα.
1002 4203 1068 4257 Τί
1101 4203 1228 4275 φὴς,
1255 4197 1300 4257 ὧ
1330 4204 1600 4275 πάντολμε
1634 4202 1740 4268 ad;
1788 4203 1901 4274 Τῆς

321 4292 417 4346 τοῦ
448 4294 658 4364 Πατρὸς
704 4293 981 4364 ἐνεργείας
1015 4278 1381 4365 άναμάττεται
1420 4294 1549 4359 τοὺς
1591 4292 1795 4356 τύπους
1821 4293 1901 4356 είς

2002 3108 2320 3179 gravabitur
2348 3107 2535 3163 dicere
2570 3107 2748 3176 ipsum
2781 3105 3134 3161 corroborari
3179 3113 3468 3176 oportere.
3517 3113 3574 3161 et

2000 3200 2145 3270 quod
2183 3197 2403 3268 proprie
2430 3206 2484 3251 et
2511 3197 2618 3267 ipsi
2649 3196 2753 3251 soli
2784 3196 2929 3251 inest
2959 3210 3085 3250 cum
3115 3194 3277 3250 Patre
3301 3203 3356 3251 et
3381 3203 3573 3251 sancto

2003 3290 2248 3359 Spiritu,
2279 3288 2405 3344 ideo
2436 3276 2817 3359 imperfectum
2852 3288 3020 3344 esse?
3045 3287 3152 3342 Sed
3202 3303 3422 3343 rursum
3471 3303 3574 3343 no-

2000 3379 2085 3435 bis
2120 3378 2512 3434 adversarius:
2559 3378 2688 3435 ldeo
2735 3377 3040 3432 asserimus
3081 3378 3421 3446 superiorem
3450 3393 3575 3433 esse

1998 3470 2138 3526 Filio
2162 3470 2402 3526 Patrem.
2437 3468 2540 3523 llic
2565 3467 2714 3523 enim
2759 3468 2939 3538 prima
2977 3482 3145 3523 causa
3185 3477 3271 3523 est
3308 3482 3532 3538 operum
3555 3509 3570 3533 ,

1999 3571 2192 3632 utpote
2252 3577 2377 3616 cum
2433 3560 2712 3631 perfectus
2770 3560 2842 3616 sit
2895 3558 3112 3614 virtute‘
3153 3567 3208 3614 et
3256 3559 3575 3631 cognitione

1999 3668 2224 3708 rerum:
2257 3652 2350 3708 ille
2387 3666 2523 3707 vero
2573 3651 2732 3721 prius
2778 3650 2836 3704 fit
2878 3658 3175 3719 spectator,
3213 3656 3329 3703 tum
3374 3648 3577 3704 deinde

1998 3748 2286 3811 operatur,
2315 3739 2651 3808 operationis
2680 3735 2865 3792 Patris
2900 3737 3262 3790 imitationem
3299 3735 3356 3789 in
3389 3749 3448 3790 se
3478 3748 3575 3789 ex-

1998 3834 2245 3903 primens
2269 3871 2283 3895 ,
2322 3838 2382 3884 ut
2398 3826 2509 3899 'per
2540 3828 2957 3883 similitudinem
2992 3841 3220 3896 operum
3256 3826 3421 3879 etiam
3458 3825 3578 3895 ipse

2000 3924 2335 3993 intelligatur
2384 3921 2550 3976 Deus.
2605 3917 2723 3972 Hoc
2772 3917 2920 3972 enim
2962 3932 3063 3972 nos
3098 3916 3291 3981 docet,
3341 3928 3465 3968 cum
3497 3914 3576 3967 ait

1999 4028 2110 4069 non
2138 4027 2306 4083 posse
2332 4026 2363 4065 a
2389 4025 2449 4067 se
2479 4009 2665 4066 facere
2693 4008 3020 4079 quidquam,
3049 4007 3155 4061 nisi
3193 4005 3343 4074 quod
3372 4005 3575 4060 viderit

1998 4106 2216 4162 Patrem
2250 4103 2561 4159 facientem.
2597 4100 2741 4170 Quid
2776 4102 2893 4164 ais,
2928 4098 3340 4154 audacissime?
3369 4096 3574 4167 Opera-

1999 4198 2168 4254 tionis
2197 4195 2380 4250 Patris
2411 4194 2619 4249 formas
2647 4193 2704 4247 in
2736 4208 2797 4249 se
2824 4189 3087 4261 exprimit
3130 4187 3335 4253 Filius,
3365 4195 3426 4241 ut
3467 4187 3574 4243 hoc

2001 4297 2166 4361 pacto
2198 4287 2344 4342 Deus
2378 4283 2759 4355 intelligatur?
2792 4280 3093 4350 Disciplina
3127 4293 3260 4349 ergo
3286 4277 3429 4333 Deus
3458 4285 3572 4343 est,

320 4383 518 4436 ἐαυτὸν
545 4384 573 4435 6
602 4383 749 4450 Υἱὸς,
781 4383 867 4437 ῖνα
891 4383 980 4438 διὰ
998 4384 1185 4437 τούτου
1218 4383 1408 4455 νοῆται
1431 4384 1596 4449 Θεός;
1630 4382 1901 4446 Διδακτῶς

2008 4396 2120 4436 non
2159 4388 2341 4435 autem
2385 4384 2624 4432 natura:
2657 4382 2712 4430 et
2740 4373 2904 4429 sicuti
2940 4373 2997 4427 in
3040 4370 3202 4427 nobis
3228 4369 3580 4426 est‘scientia

317 4471 417 4530 οὖν
447 4476 566 4528 ἐστι
592 4475 742 4542 Θεὸς,
776 4475 872 4529 καὶ
899 4474 1079 4529 οὑκέτι
1102 4475 1246 4531 κατὰ
1273 4476 1434 4547 φύσιν
1454 4492 1468 4506 ⁸
1518 4475 1708 4546 ὥσπερ
1749 4474 1805 4527 δέ
1843 4475 1902 4527 ἐν

319 4569 460 4639 ἡμῖν
489 4568 767 4639 ἐπιστήμη
801 4568 897 4622 καὶ
919 4567 1084 4639 τέχνη
1119 4569 1298 4640 τυχὸν,
1328 4566 1500 4632 οὑτως
1526 4568 1636 4639 ἄρα
1667 4568 1725 4621 ἐν
1753 4565 1901 4637 αὑτῷ

321 4663 442 4714 ἐστι
487 4660 549 4713 τὸ
588 4657 826 4731 ἀξίωμα,
873 4658 969 4712 καὶ
999 4659 1252 4730 τεχνίτης
1285 4658 1485 4731 μᾶλλόν
1522 4659 1638 4712 ἐστι
1662 4656 1770 4711 τῶν
1803 4656 1904 4726 τῆς

322 4752 583 4823 θεότητος
608 4750 806 4822 ἔργων,
844 4748 878 4821 ἢ
912 4748 1043 4813 Θεὸς
1070 4749 1321 4820 ἀληθινός
1350 4767 1365 4781 ·
1417 4749 1603 4821 ἔτερος
1642 4749 1698 4802 δέ
1728 4748 1902 4819 δήπου

325 4844 547 4907 πάντως
570 4840 732 4905 αὐτὸς
756 4842 907 4912 παρὰ
930 4842 1030 4913 τὴν
1050 4842 1108 4894 ἐν
1133 4840 1282 4912 αὐτῷ
1308 4841 1523 4913 τέχνην,
1548 4841 1656 4896 κᾶν
1682 4840 1904 4913 ὑπάρχῃ

327 4933 663 5008 θεοπρεπής.
696 4932 821 4997 Πῶς
844 4927 937 4987 οὖν
968 4932 1079 5005 ἄρα
1104 4931 1198 4984 τὸν
1225 4930 1334 4985 τῶν
1357 4931 1459 5001 τῆς
1487 4930 1736 5001 θεότητος
1761 4931 1904 5002 ὅρων

327 5026 668 5097 ἐκϐεϐηκότα
693 5066 709 5092 ,
757 5023 853 5078 καὶ
893 5024 954 5076 ἐν
1001 5022 1138 5095 μόνῃ
1178 5023 1245 5092 τῇ
1293 5021 1456 5092 τέχνῃ
1497 5020 1766 5093 φοροῦντα
1804 5020 1904 5094 τὴν

325 5120 487 5185 δόξαν
517 5115 884 5189 προσκυνοῦσι
915 5116 1015 5186 μὲν
1047 5112 1267 5184 ἄγγελοι
1299 5114 1420 5167 κατ’
1449 5113 1702 5184 οὐρανὸν,
1734 5130 1905 5184 προσ-

334 5208 621 5279 κυνοῦμεν
652 5206 712 5260 δὲ
746 5205 843 5258 καὶ
885 5205 1047 5275 ήμεῖς
1093 5201 1464 5271 ἀνεγκλήτως,
1513 5202 1574 5256 τὸ
1605 5202 1678 5273 μὴ
1706 5203 1902 5274 χρῆναι

318 5299 608 5372 λατρεύειν
636 5296 808 5368 ἑτέρῳ
835 5294 989 5366 παρὰ
1016 5295 1106 5348 τὸν
1133 5294 1300 5356 ὅντως
1322 5294 1448 5346 ὄντα
1475 5291 1606 5346 Θεὸν
1626 5293 1725 5363 τῆς
1745 5293 1905 5362 άγίας

318 5390 722 5462 νομοθετούσης
749 5388 882 5458 ἡμῖν
910 5386 1169 5456 Γραφῆς;
1219 5404 1237 5437 ι
1262 5384 1485 5455 Κύριον,
1529 5402 1548 5435 ι
1589 5383 1699 5454 γὰρ
1748 5386 1903 5455 φησὶ,

328 5504 351 5536 σ
379 5484 473 5537 τὸν
498 5482 627 5534 Θεόν
656 5497 751 5533 σου
780 5479 1196 5551 προσκυνήσεις,
1224 5478 1318 5530 καὶ
1341 5475 1489 5548 αὑτῷ
1517 5476 1662 5547 μόνῳ
1688 5474 1909 5546 λατρεύὲ

402 5661 451 5696 ⁸⁸
477 5658 666 5718 Matth.
703 5680 776 5728 tv,
806 5663 901 5728 10.;
940 5661 1096 5715 Deut.
1133 5673 1205 5724 vt,
1239 5655 1291 5713 '5.

2002 4481 2058 4530 et
2089 4487 2181 4527 ars
2203 4510 2219 4537 ,
2255 4471 2332 4524 ita
2357 4475 2444 4525 est
2472 4468 2530 4522 in
2562 4468 2686 4538 ipso
2714 4465 2996 4536 dignitas;
3028 4461 3329 4518 et‘deitatis
3355 4476 3580 4532 operum

2003 4563 2187 4635 potius
2216 4568 2303 4625 est
2329 4558 2529 4615 artifex
2550 4597 2567 4623 ,
2595 4571 2760 4629 quam
2793 4554 2935 4610 Deus
2957 4567 3123 4609 verus
3145 4561 3201 4607 et
3225 4551 3371 4606 alius
3395 4551 3584 4620 utique

2002 4657 2123 4727 ipse
2163 4669 2194 4708 a
2242 4668 2341 4709 sua
2371 4647 2493 4707 arte
2513 4691 2528 4716 ,
2560 4642 2816 4721 quamvis
2846 4646 2959 4703 Deo
2989 4645 3063 4701 sit
3095 4644 3189 4698 illa
3220 4644 3581 4699 conveniens.

2004 4747 2291 4815 Quomodo
2317 4745 2487 4817 igitur
2513 4742 2735 4814 angeli,
2768 4752 2979 4810 nosque
3007 4752 3133 4793 cum
3162 4735 3273 4791 illis
3300 4735 3438 4791 citra
3471 4732 3584 4786 cul-

2004 4854 2132 4911 pam
2160 4838 2456 4894 adoramus
2484 4849 2609 4891 eum
2646 4832 2740 4903 qui
2774 4831 3001 4886 deitatis
3042 4826 3301 4883 terminis
3341 4822 3583 4887 excidit,

2004 4938 2062 4986 et
2090 4929 2294 4985 iu'sola
2324 4936 2443 4982 arte
2476 4924 2707 4997 gloriam
2740 4922 2975 4992 positam
3007 4917 3208 4981 habet,
3239 4928 3362 4970 cum
3390 4918 3584 4969 sancta

2007 5016 2298 5087 Scriptura
2342 5021 2571 5068 cautum
2603 5009 2766 5065 nobis
2812 5008 2885 5063 sit
2926 5022 2999 5062 ne
3030 5005 3199 5058 alium
3245 5015 3410 5072 quam
3456 5013 3584 5055 eum

2004 5109 2100 5178 qui
2132 5119 2324 5162 revera
2355 5105 2503 5159 Deus
2524 5108 2609 5157 est
2629 5098 2926 5153 adoremus
2946 5095 2970 5149 ἲ
2991 5112 3011 5146 ι
3035 5092 3327 5147 Dominum
3358 5107 3377 5141 ι
3399 5089 3545 5143 enim
3563 5125 3583 5152 ,

2009 5198 2191 5270 inquit
2211 5236 2227 5262 ,
2258 5214 2288 5247 «ο
2311 5195 2481 5250 Deum
2513 5201 2670 5246 tuum
2708 5186 2997 5247 adorabis,
3048 5192 3101 5239 et
3151 5182 3256 5252 ipsi
3288 5179 3390 5235 soli
3422 5179 3588 5249 218

2010 5290 2219 5346 servies
2250 5287 2347 5339 “.i
2378 5283 2486 5339 Sed
2517 5299 2546 5336 a
2577 5282 2780 5337 decoro
2809 5293 2922 5334 non
2954 5277 3175 5332 aberrat
3200 5280 3390 5328 sancta
3423 5272 3589 5342 potis-

2013 5385 2211 5440 simum
2239 5378 2557 5448 angelorum
2591 5373 2780 5437 turba,
2807 5370 2903 5426 sed
2926 5367 3121 5422 Filium
3152 5365 3345 5419 adorat
3365 5403 3379 5425 ,
3406 5369 3589 5419 etno-

2015 5475 2226 5531 biscum
2260 5484 2385 5527 eum
2427 5467 2562 5523 colit
2591 5478 2752 5537 quem
2787 5459 3095 5519 secundum
3126 5465 3381 5513 naturam
3415 5452 3587 5509 Deum
