4044 6200
475 295 583 354 355

1461 295 1520 349 S.
1565 290 1843 349 CYRILLI
1875 286 2352 346 ALEXANDRINI
2378 284 2699 345 ARCHIEP.

3622 287 3724 346 356

472 421 628 474 novit
654 431 813 482 esSe,
846 432 1023 486 neque
1050 415 1341 486 disciplina
1360 455 1375 479 ,
1403 423 1461 468 ut
1490 415 1568 468 illi
1599 425 1876 483 nugantur
1901 431 1916 470 :
1945 427 2038 466 nec

2148 428 2314 474 σειςδ
2365 409 2501 462 Ἀλλ’
2533 409 2630 462 οὐκ
2661 407 2725 460 ἂν
2760 403 3048 474 ἀπεσφάλη
3078 405 3170 458 τοῦ
3205 405 3504 476 πρέποντος
3535 407 3569 475 ἡ
3601 406 3728 474 ἀγία

471 511 620 584 enim
645 551 661 574 ,
684 517 744 564 ut
774 518 1034 579 apparet,
1061 507 1307 561 sentiunt
1329 515 1564 576 quantas
1593 507 1648 559 in
1679 505 2048 560 absurditates

474 601 602 657 inde
635 600 1010 670 prolabuntur-
1053 597 1294 650 Primum
1328 597 1532 651 etenim
1564 595 1738 650 Filius
1772 595 2050 648 alteratio-

473 709 598 747 ncm
631 699 685 744 et
718 691 1076 743 mutationem
1109 689 1162 742 in
1197 687 1378 756 majus
1423 703 1453 741 a
1497 687 1700 742 minori
1743 685 2046 756 suscipiet,

473 781 725 852 quamvis
758 795 854 849 per
886 779 1207 848 prophetam
1254 779 1373 848 ipse
1417 777 1564 831 dicat
1592 795 1604 830 :
1639 796 1655 829 ι
1689 775 1918 841 Videte,
1965 775 2046 829 vi-

472 873 594 926 dete
626 873 752 939 quia
797 886 897 940 ego
943 886 1094 934 sum,
1131 880 1184 924 et
1226 887 1334 924 non
1386 879 1570 924 mutor
1603 869 1671 923 ³⁸.
1705 889 1722 922 ι
1755 869 1860 924 Sed
1895 885 2050 925 men-

472 961 640 1013 tietur
672 960 859 1027 utique
886 957 1178 1012 Psalmista
1209 961 1458 1012 clamans
1491 960 1545 1012 in
1592 958 1800 1028 Spiritu
1843 959 1911 1012 ad
1960 957 2049 1012 Fi-

471 1051 604 1104 lium
631 1069 640 1100 τ
671 1050 781 1102 «Tu
810 1061 996 1103 autem
1025 1051 1166 1103 idem
1199 1050 1314 1118 ipse
1339 1065 1399 1104 es
1421 1050 1515 1102 ³⁸.»
1541 1049 1839 1118 Exspectat
1863 1050 2006 1104 enim
2031 1087 2048 1115 ,

473 1153 535 1196 ut
567 1143 642 1195 illi
673 1147 930 1195 asserunt
959 1183 972 1205 ,
1005 1140 1132 1194 dum
1170 1139 1332 1194 Pater
1365 1141 1510 1194 circa
1545 1141 1752 1210 aliquid
1787 1149 2048 1210 operetur

475 1243 738 1302 tanquam
771 1233 881 1285 dux
929 1240 979 1286 et
1035 1233 1318 1301 magister,
1351 1240 1432 1295 ut,
1455 1246 1521 1286 eo
1563 1241 1893 1300 conspecto,
1926 1231 2048 1299 ejus

473 1325 721 1378 imitator
750 1324 861 1376 ﬁat.
893 1326 960 1377 At
988 1325 1081 1393 qui
1113 1323 1229 1377 ﬁeri
1262 1332 1441 1392 potest
1485 1331 1541 1376 ut
1584 1322 1674 1391 qui
1725 1321 2047 1390 hujusmodi

469 1425 557 1470 cst
611 1431 719 1468 non
771 1415 1023 1467 videatur
1068 1430 1131 1468 ex
1185 1415 1536 1484 ignoratione
1588 1413 1655 1467 ad
1709 1414 2044 1484 agnitionem

473 1507 839 1577 quorumdam
878 1506 1032 1560 evelli
1055 1546 1068 1570 ,
1103 1513 1156 1559 et
1187 1521 1217 1558 a
1252 1505 1513 1559 deteriori
1548 1507 1602 1559 in
1638 1507 1832 1559 melius
1863 1515 2047 1560 trans-

471 1601 710 1660 mutari,
761 1599 806 1651 si
848 1598 980 1650 boni
1028 1597 1316 1665 cujusdam
1365 1597 1652 1651 scientiam
1703 1597 2049 1666 ignoratione

471 1689 932 1760 praestabiliorem
977 1703 1100 1742 esse
1138 1687 1497 1757 judiccmus?
1540 1687 1608 1740 At
1649 1688 1910 1758 quidnam
1955 1689 2044 1742 in-

2151 503 2384 572 μάλιστα
2430 501 2538 554 τῶν
2591 501 2838 570 ἀγγέλων
2888 499 3131 570 πληθὺς,
3183 501 3484 567 προσκυνεῖ
3538 498 3594 551 δὲ
3638 500 3728 552 τὸν

2149 595 2298 656 Υἰὸν,
2333 592 2427 645 καὶ
2450 593 2698 663 λατρεύει
2731 591 2850 662 μεθ’
2883 591 3061 662 ἡμῶν,
3095 590 3236 644 κατὰ
3268 589 3429 658 φύσιν
3447 589 3577 643 ὄντα
3600 591 3729 644 Θεὸν

2148 684 2606 754 ὲπιγινώσκουσα,
2641 683 2735 737 καὶ
2761 684 2821 736 ού
2856 682 3140 746 διδακτῶς,
3169 681 3244 744 ὡς
3271 684 3466 735 ἐκεῖνοι
3504 681 3731 752 ληροῦν-

2147 776 2238 839 τές
2266 793 2426 845 φασιν
2451 793 2465 806 ο
2509 777 2568 828 ού
2596 776 2704 846 γὰρ
2735 774 3098 836 αἰσθάνονται,
3135 773 3274 826 κατά
3303 770 3364 825 τὸ
3398 775 3562 836 εἰκὶς,
3589 775 3730 837 ὅσοις

2148 866 2396 919 ἐντεῦθεν
2421 866 2840 938 περιπεσοῦνται
2870 868 2981 927 τοῖς
3007 864 3340 933 ἀτοπήμασι.
3381 864 3604 933 Πρῶτον
3631 864 3727 932 μὲν

2147 959 2254 1033 γὰρ
2280 962 2308 1013 6
2334 960 2460 1022 Υἰὸς
2492 959 2776 1013 ἀλλοίωσίν
2805 975 2863 1010 τε
2895 959 2986 1010 καὶ
3010 956 3220 1027 τροπὴν
3259 957 3358 1025 τὴν
3390 957 3482 1008 ἐπὶ
3512 955 3571 1008 τὸ
3611 957 3728 1026 μεῖ-

2149 1053 2237 1116 ζον
2270 1051 2343 1116 ὡς
2372 1050 2430 1115 ἐξ
2455 1051 2734 1112 ἐλάττονος
2768 1049 3095 1115 ὲπιδέξεται,
3143 1049 3320 1101 καίτοι
3357 1047 3447 1100 διά
3471 1047 3564 1100 τοῦ
3596 1064 3732 1119 προ-

2147 1144 2314 1214 φήτου
2341 1143 2512 1210 λέγων
2539 1141 2699 1205 αὑτός
2723 1158 2736 1171 ·
2779 1161 2797 1192 ι
2826 1141 3013 1202 Ἴδετε,
3046 1139 3180 1193 ἴδετε
3207 1141 3290 1192 ὅτι
3323 1136 3433 1207 ἐγὼ
3463 1139 3602 1208 εἰμὶ,
3635 1137 3731 1191 καὶ

2145 1235 2246 1286 ούκ
2273 1233 2596 1302 ὴλλοίωμαι.
2624 1251 2642 1288 ι
2686 1228 3042 1299 Διαψεύσεται
3072 1229 3128 1282 δὲ
3159 1229 3373 1292 πάντως
3401 1230 3494 1281 καὶ
3519 1229 3548 1280 6
3574 1229 3728 1281 Ψαλ-

2151 1325 2322 1396 μῳδὸς
2359 1329 2414 1378 ὲν
2445 1323 2744 1394 Πνεύματι,
2785 1323 2884 1374 «Σὺ
2920 1322 2976 1374 δὲ
3005 1324 3031 1374 ὁ
3059 1321 3218 1384 αὐτὸς
3251 1315 3320 1380 εἰ.
3353 1339 3371 1371 ι
3423 1319 3558 1390 βοῶν
3594 1319 3728 1390 πρὸς

2148 1418 2237 1470 τὸν
2281 1418 2429 1471 Υἰόν.
2480 1417 2771 1487 Περιμένει
2822 1414 2950 1486 γὰρ,
3000 1413 3074 1477 ὡς
3123 1413 3317 1466 ἐκεῖνοί
3357 1429 3540 1482 φασιν,
3580 1415 3725 1483 ἐνερ-

2146 1510 2346 1579 γοῦντα
2377 1511 2467 1562 τὸν
2499 1508 2718 1579 Πατέρα
2750 1506 2876 1578 περί
2907 1523 2958 1557 τι
2991 1505 3097 1558 τῶν
3139 1504 3327 1568 ὄντων,
3361 1505 3525 1557 οἱονεὶ
3558 1502 3724 1572 καθηο

2147 1603 2320 1671 γητήν
2366 1617 2486 1653 τινα
2535 1599 2628 1652 καὶ
2663 1597 3004 1660 διδάσκαλον,
3054 1596 3140 1648 ἵνα
3172 1595 3458 1667 θεωρήσας
3501 1597 3726 1664 γένηται

2155 1692 2412 1763 μιμητής.
2446 1687 2579 1742 Εἶτα
2612 1688 2727 1752 πῶς
2751 1691 2778 1742 6
2803 1687 3041 1750 τοιοῦτος
3065 1687 3163 1740 ούκ
3187 1686 3249 1740 ἄν
3277 1704 3354 1757 τῳ
3375 1686 3524 1752 δόξαι,
3546 1685 3726 1739 λοιπὸν

473 1800 640 1854 super
685 1781 910 1836 alisurdi
955 1788 1238 1851 sequatur,
1287 1779 1475 1833 dicant
1525 1780 1683 1834 nobis
1725 1781 1817 1849 qui
1873 1779 2038 1850 magi-

2154 1760 2463 1852 ξιξ-ἀγνοίας
2495 1783 2593 1853 τῆς
2625 1798 2785 1833 τινων
2819 1778 3128 1832 ἀναϐαίνειν
3155 1781 3234 1842 εἰς
3258 1778 3477 1847 γνῶσιν,
3504 1779 3596 1831 καὶ
3622 1771 3728 1830 ἀπὸ

471 1885 644 1930 strum
691 1875 874 1942 potius
907 1889 1070 1943 quam
1115 1871 1331 1926 Patrem
1378 1871 1550 1925 Deum
1579 1887 1702 1926 esse
1751 1880 2044 1927 statuunt:

471 1978 657 2020 utrum
691 1965 864 2020 Filius
894 1967 1159 2036 ignorans
1191 1963 1375 2019 Patris
1406 1979 1571 2033 opera
1599 1973 1888 2034 exspectat
1914 1964 2046 2018 dum

470 2058 686 2119 videat,
717 2073 782 2110 an
813 2057 1226 2111 exactissimam
1256 2071 1449 2110 eorum
1495 2055 1748 2109 notitiam
1791 2069 1904 2108 non
1950 2053 2048 2107 ita-

393 2195 400 2204 .
451 2152 654 2206 vbens?
688 2150 822 2204 Nam
857 2151 901 2204 si
937 2151 1122 2204 dicent
1155 2159 1510 2219 exspectare,
1538 2147 1791 2218 quamvis
1831 2147 1922 2202 illa
1955 2161 2048 2202 co-

471 2251 738 2310 gnoscat,
771 2242 919 2295 clare
949 2241 1240 2296 ostendent
1273 2240 1518 2294 inaniter
1545 2239 1758 2302 facere,
1791 2246 1845 2293 et
1875 2241 2048 2294 vanis-

471 2334 624 2388 sima-
655 2333 734 2388 rei
768 2348 989 2401 operam
1022 2332 1154 2386 dare
1185 2330 1425 2386 Patrem.
1459 2331 1554 2385 llle
1586 2331 1732 2385 enim
1765 2329 1914 2400 quod
1947 2347 2045 2401 ap-

471 2426 646 2495 prime
697 2427 882 2490 novit,
937 2433 996 2478 ut
1051 2425 1314 2494 ignorans
1362 2423 1718 2478 considerat:
1761 2423 1851 2477 hic
1897 2424 2046 2479 illius

469 2533 704 2588 gnarum
735 2516 934 2571 docere
965 2516 1302 2587 aggreditur.
1337 2515 1570 2569 Cuinam
1599 2525 1781 2570 autem
1814 2517 2044 2572 dubium

469 2622 593 2661 esse
621 2615 798 2676 potest
829 2610 960 2675 quin
998 2607 1112 2660 haec
1143 2607 1304 2677 plane
1337 2606 1577 2660 ridicula
1612 2607 1769 2661 sint?
1799 2606 1906 2662 Sed
1941 2609 2046 2664 hoc

469 2696 656 2753 forsan
681 2697 881 2754 dicturi
909 2715 1016 2752 non
1047 2709 1210 2765 sunt,
1244 2699 1353 2754 imo
1377 2700 1710 2754 contrariam
1745 2701 1800 2754 in
1833 2711 2040 2771 partem

466 2788 652 2859 potius
686 2804 745 2844 se
780 2788 1141 2844 transferant.
1170 2790 1436 2844 Asscreut
1463 2790 1608 2844 enim
1636 2791 1814 2862 ipsum
1849 2808 2041 2849 neces-

469 2867 621 2931 sario
648 2889 978 2946 exspectare
1008 2879 1137 2932 dum
1169 2877 1335 2934 Pater
1371 2890 1652 2949 cperetur,
1683 2890 1741 2934 ut
1785 2897 1852 2936 ex
1893 2883 2042 2939 illius

467 2969 940 3037 contemplatione
969 2969 1148 3024 discat
1180 2971 1421 3040 operari.
1448 2970 1736 3036 Quomodo
1761 2988 1892 3042 ergo
1923 2974 2042 3029 uni-

2147 1877 2242 1931 τοῦ
2288 1878 2530 1950 χείρονος
2585 1874 3024 1946 μετατρέπεσθαι
3077 1875 3215 1945 πρὸς
3258 1874 3514 1944 ἄμεινον,
3569 1873 3725 1943 εἴπερ

2149 1965 2287 2023 εἰναι
2318 1968 2647 2038 λογιούμεθα
2679 1969 2740 2021 τὸ
2771 1967 2968 2021 εἰδέναι
3006 1984 3059 2020 τι
3100 1965 3209 2020 τῶν
3242 1965 3483 2033 ἀγαθῶν,
3523 1965 3616 2017 τοῦ
3651 1963 3725 2034 μὴ

2149 2060 2346 2114 εἰδέναι
2396 2058 2650 2124 κάλλιον;
2718 2053 2848 2111 Εἶτα
2895 2075 2948 2112 τι
2995 2056 3133 2126 πρὸς
3175 2056 3385 2119 τούτοις
3431 2057 3618 2126 ὁρᾶται
3667 2051 3728 2106 τὸ

2147 2151 2369 2217 ἄτοπον,
2400 2150 2662 2220 λεγόντων
2689 2151 2822 2220 ἡμῖν
2852 2151 2900 2202 οἰ
2929 2147 3240 2220 παιδευτὴν,
3271 2147 3304 2216 ἢ
3338 2147 3554 2218 Πατέρα
3591 2147 3722 2216 μᾶλο

2146 2246 2238 2300 λον
2276 2243 2619 2315 εἰσφέροντες
2650 2240 2740 2296 τὸν
2779 2243 2942 2296 Θεόνδ
2981 2241 3210 2313 πότερόν
3243 2258 3372 2293 ποτε
3409 2239 3518 2292 τῶν
3550 2239 3726 2311 ἔργων

2146 2337 2240 2390 τοῦ
2273 2337 2481 2407 Πατρὸς
2513 2338 2570 2389 ὲν
2606 2335 2798 2407 ἀγνοίᾳ
2835 2332 3190 2405 καθεστηκὼς
3218 2335 3246 2386 6
3274 2332 3401 2395 Υἱὸς
3444 2333 3726 2402 περιμένει

2144 2427 2206 2481 τὸ
2242 2428 2392 2491 ἰδεῖν,
2426 2426 2459 2498 ἢ
2492 2425 2591 2496 τὴν
2618 2425 2710 2478 ε’πὶ
2738 2423 2948 2483 τούτοις
2971 2423 3172 2491 γνῶσιν
3201 2423 3302 2476 ούκ
3335 2423 3470 2492 ἔχων
3502 2422 3727 2492 ἀκριϐε-

2148 2520 2384 2591 στάτην;
2414 2519 2478 2571 Εἰ
2507 2517 2605 2588 μὲν
2624 2511 2717 2570 οὖν
2747 2515 2924 2568 εἰδότα
2950 2514 3266 2585 περιμένειν
3297 2512 3510 2585 ἐροῦσιν
3539 2512 3724 2578 αὑτὸν,

2144 2607 2528 2681 περιττότατόν
2573 2625 2626 2661 τι
2675 2605 2936 2661 ποιοῦντα
2981 2602 3169 2675 σαφῶς
3215 2604 3572 2671 ἐπιδείξουσι,
3628 2603 3724 2656 καὶ

2143 2700 2480 2755 εἰκαιοτάτου
2511 2699 2837 2770 πράγματος
2869 2696 3224 2769 ἐπιτηδευτὴν
3255 2695 3345 2748 τὸν
3376 2695 3616 2766 Πατέρα.
3663 2694 3723 2746 Ὀ

2146 2794 2246 2864 μὲν
2291 2792 2422 2864 γὰρ,
2470 2791 2608 2862 ὅπερ
2652 2786 2793 2845 οἶδεν
2824 2789 3085 2858 ἀκριϐῶς,
3124 2788 3200 2851 ὡς
3249 2786 3459 2856 ἀγνοῶν
3501 2784 3724 2838 ἐπισκέ-

2145 2898 2362 2947 πτεται,
2392 2885 2420 2936 6
2450 2880 2508 2935 δὲ
2534 2881 2625 2934 τὸν
2657 2881 2832 2935 εἰδότα
2857 2880 3125 2934 διδάσκειν
3157 2881 3442 2950 ἐπιχειρεῖ.
3477 2879 3587 2930 Καὶ
3615 2877 3721 2930 τίνι

2141 2973 2250 3027 τῶν
2275 2973 2441 3026 ὄντων
2464 2973 2564 3024 οὐκ
2587 2969 2736 3024 ἔσται
2763 2971 3092 3041 καταφανὲς,
3114 2970 3196 3024 ὅτι
3217 2969 3316 3038 τῆς
3348 2968 3584 3038 ἐσχάτης
3621 2982 3684 3035 γε
3699 2995 3717 3007 ο

467 3075 628 3115 versa
661 3061 811 3115 novit
842 3069 1136 3130 antequam
1174 3063 1308 3117 ﬁant
1341 3063 1420 3118 ³τῖ
1447 3071 1542 3118 aut
1587 3066 1865 3135 quomodo
1913 3083 2038 3124 vere

2139 3064 2410 3135 λοιὸτητος
2432 3063 2562 3116 εἵσω
2585 3062 2916 3117 κείσεταιτά
2935 3061 3157 3116 τοιαῦτα
3185 3078 3200 3126 ;
3249 3061 3408 3114 Ἀλλά
3433 3060 3588 3114 τοῦτο
3619 3060 3718 3130 μὲν

467 3152 614 3206 dicet
665 3152 783 3220 ipse
830 3152 900 3207 de
949 3153 1172 3226 seipse;
1207 3170 1228 3206 ι
1259 3154 1402 3212 Deus
1441 3157 1892 3227 appropinquans
1939 3174 2040 3230 ego

467 3258 590 3299 sum
611 3284 625 3307 ,
658 3243 792 3297 dicit
825 3243 1124 3307 Dominus,
1158 3255 1211 3300 et
1237 3262 1346 3300 non
1376 3246 1518 3304 Deus
1547 3248 1616 3303 de
1660 3249 1817 3320 longe
1845 3265 1858 3300 :
1905 3267 2039 3306 num

468 3335 840 3390 abscondetur
866 3336 998 3406 quid
1033 3353 1062 3389 a
1093 3353 1180 3393 me
1215 3339 1257 3370 ³⁸
1280 3339 1336 3392 ἲ»
1363 3339 1652 3406 Quomodo
1689 3357 1801 3396 non
1844 3343 2040 3398 absur-

467 3426 597 3480 dtun
627 3436 682 3480 et
715 3428 983 3482 insulsum
1023 3429 1128 3483 erit
1178 3429 1408 3500 Spiritui
1453 3433 1712 3498 credere,
1757 3443 1810 3488 et
1855 3435 2040 3505 inqui-

467 3531 590 3572 rere
635 3532 700 3571 ac
728 3519 870 3573 scire
902 3518 1168 3589 profunda
1201 3521 1289 3577 Dei
1312 3563 1328 3586 ,
1358 3524 1675 3580 existimare
1711 3533 1891 3580 autem
1921 3527 2038 3582 lar-

467 3609 695 3680 gitorem
739 3610 978 3680 Spiritus
1000 3612 1258 3682 ignorare
1281 3612 1462 3670 Patris
1494 3631 1682 3686 opera,
1711 3625 1764 3672 et
1785 3633 1891 3674 suo
1923 3617 2042 3690 Spi-

465 3700 578 3756 ritu
604 3702 787 3771 quoad
815 3702 1186 3774 cognitionem
1216 3705 1533 3763 inl‘eriorem
1559 3711 1728 3766 esse?
1773 3709 2036 3783 Nunquid

464 3793 612 3847 enim
660 3793 834 3850 Filius
886 3811 1107 3866 quoque
1139 3794 1424 3868 Sapientia
1453 3814 1576 3855 esse
1619 3802 1860 3870 desinet,
1905 3821 2034 3862 cum

465 3883 659 3952 utique
700 3887 951 3956 ignoret,
985 3888 1362 3960 discendoque
1395 3893 1708 3963 percipiat?
1741 3893 2036 3966 Sapientiae

463 3974 610 4027 enim
643 3985 826 4043 potius
855 3993 1031 4048 capax
1071 3979 1211 4043 erit,
1243 3995 1409 4050 quant
1457 3983 1692 4052 ipsamet
1729 3987 2034 4042 secundum

463 4072 713 4118 naturam
744 4065 1046 4138 Sapientia.
1078 4067 1357 4139 Sapientia
1399 4074 1605 4143 quippe
1646 4083 1732 4132 est
1784 4077 1839 4133 id
1887 4079 2035 4148 quod

463 4155 789 4225 sapientiam
822 4159 1073 4228 largitur,
1107 4175 1218 4215 non
1252 4163 1398 4230 quod
1431 4165 1761 4234 sapientiam
1795 4171 2029 4242 accipit,

465 4247 932 4313 quemadmodum
987 4263 1182 4316 nempe
1232 4250 1395 4304 etiam
1453 4252 1640 4309 lumen
1693 4268 1778 4314 est
1830 4261 2034 4317 illumi-

462 4347 632 4396 ttans,
691 4337 857 4404 219
903 4351 1014 4391 non
1059 4337 1205 4407 quod
1245 4339 1608 4401 illuminatur.
1660 4346 1827 4419 Igitur
1881 4352 2027 4407 aliud

2142 3158 2243 3211 οὐκ
2271 3155 2458 3228 ἐροῦσι
2477 3154 2637 3226 τυχόν
2657 3171 2671 3184 ο
2712 3155 3108 3226 μεταϐήσονται
3128 3154 3182 3208 δὲ
3200 3154 3334 3226 πρὸς
3369 3152 3430 3206 τὸ
3456 3153 3718 3207 ἐναντίον.

2143 3249 2465 3322 Περιμένειν
2492 3247 2601 3318 γὰρ
2638 3248 2801 3300 αὑτὸν
2832 3248 3143 3316 ἀναγκαίως
3187 3245 3512 3318 ἐνεργοῦντα
3539 3244 3722 3297 διαϐεο

2142 3338 2467 3392 ϐαιώσονται
2495 3336 2585 3389 τὸν
2618 3336 2838 3407 Πατέρα
2866 3337 3001 3408 πρὸς
3028 3336 3087 3390 τὸ
3118 3336 3468 3406 θεωρήσαντα
3504 3335 3717 3405 μαθεῖν.

2141 3429 2266 3494 Πῶς
2298 3425 2391 3483 οὖν
2423 3421 2532 3482 οἰδε
2565 3427 2634 3481 τὰ
2682 3427 2880 3491 πάντα,
2930 3427 3058 3500 πρὶν
3101 3429 3368 3496 Υ⁶νέ⁶εως
3415 3427 3632 3493 “tam;
3682 3423 3718 3497 ἦ

2097 3533 2104 3539 '
2141 3521 2260 3585 πῶς
2284 3519 2574 3591 ἀληθεύσει
2611 3518 2786 3588 λέγων
2811 3519 2974 3584 αὐτὸς
3007 3520 3134 3593 περὶ
3164 3519 3358 3574 ἑαυτοῦ
3378 3535 3391 3548 ·
3436 3519 3596 3580 (Θεὸς
3625 3520 3720 3585 ὲγα

2140 3612 2311 3682 γίζων
2337 3613 2450 3682 ἐγώ
2480 3614 2618 3686 εἰμι,
2651 3613 2800 3682 λέγει
2841 3611 3066 3684 Κύριος,
3107 3613 3202 3666 καὶ⁸
3233 3611 3351 3683 οὐχὶ
3389 3610 3670 3682 πόρρωθεν
3697 3623 3712 3642 ⁶

2141 3707 2219 3778 μὴ
2253 3705 2346 3760 ἀπ’
2374 3706 2508 3777 ἐμοῦ
2542 3706 2874 3778 κρυϐήσεταί
2905 3722 2990 3771 τις
3021 3725 3040 3760 ι
3081 3705 3203 3770 Πῶς
3224 3706 3281 3759 δὲ
3310 3707 3410 3759 οὐκ
3429 3705 3627 3760 ἄτοπόν
3654 3716 3718 3758 τε

2138 3798 2234 3852 καὶ
2266 3796 2476 3868 ἀμαθὲς
2508 3799 2588 3869 τῷ
2626 3798 2724 3869 μὲν
2759 3796 3038 3868 Πνεύματι
3075 3797 3371 3861 πιστεύειν,
3401 3799 3627 3868 ὲρευνᾷν
3654 3813 3716 3850 τε

2136 3886 2232 3940 καὶ
2259 3886 2453 3940 εἰδέναι
2483 3888 2551 3940 τὰ
2575 3886 2711 3958 βάθη
2741 3886 2836 3940 τοῦ
2863 3885 3018 3950 Θεοῦ,
3063 3887 3155 3940 τὸν
3183 3885 3240 3940 δὲ
3272 3887 3367 3940 τοῦ
3402 3889 3717 3957 Πνεύματος

2135 3979 2369 4050 χορηγὸν
2406 3979 2464 4032 ὲν
2513 3980 2707 4050 ἀγνοίᾳ
2735 3978 3065 4033 καθεστάναι
3107 3979 3347 4051 νομίζειν
3384 3980 3489 4034 τῶν
3535 3979 3716 4051 ἔργων

2134 4069 2228 4124 τοῦ
2252 4069 2485 4142 Πατρὸς,
2513 4071 2608 4125 καὶ
2631 4070 2726 4124 τοῦ
2752 4070 2879 4125 ἰδίου
2910 4071 3245 4142 Πνεύματος,
3267 4071 3388 4126 ὅσον
3412 4075 3492 4137 εἰς
3510 4072 3715 4141 γνῶσιν

2132 4161 2655 4235 ἀπολιμπάνεσθαις
2704 4159 2853 4234 Ἀρα
2897 4163 3006 4236 γὰρ
3059 4163 3159 4217 οὑκ
3203 4164 3467 4218 ἀποϐαλεῖ
3512 4165 3607 4219 καὶ
3650 4165 3714 4218 τὸ

2134 4253 2272 4309 εἶναι
2301 4256 2462 4327 σοφία
2489 4256 2674 4310 λοιπὸν
2709 4257 2739 4311 6
2783 4255 2932 4320 Υἰὸς,
2966 4255 3198 4327 ἐπείπερ
3227 4257 3362 4320 ὅλως
3386 4258 3587 4325 ἀγνοεῖ,
3616 4256 3713 4311 καὶ

2134 4345 2401 4418 λαμϐάνει
2430 4348 2518 4402 διὰ
2554 4347 2879 4420 μαθήσεωςς
2926 4346 3126 4417 Σοφίας
3159 4347 3268 4419 γάρ
3317 4347 3516 4419 μᾶλλον
3555 4347 3709 4402 ἔσται

461 4427 722 4497 quiddam
773 4430 893 4499 ipse
936 4445 1130 4487 rursus
1176 4433 1282 4487 erit
1328 4435 1397 4492 ab
1441 4452 1504 4492 ea
1557 4454 1678 4510 qua:
1708 4442 1761 4497 in
1795 4443 1916 4514 ipso
1945 4457 2033 4500 est

2139 4439 2398 4508 δεκτικὸς,
2424 4441 2565 4512 ἢπερ
2596 4440 2727 4495 αὐτὸ
2749 4440 2887 4495 κατά
2908 4440 3068 4511 φύσιν
3109 4440 3287 4509 σοφία.
3323 4442 3492 4510 Σοφία
3518 4441 3624 4514 γὰρ
3649 4441 3708 4494 τὸ

460 4518 772 4589 sapientia:
830 4527 885 4575 et
931 4521 1170 4591 primum
1205 4525 1425 4596 quidem
1473 4546 1581 4586 non
1633 4533 1884 4604 simplex,
1931 4538 2027 4592 sed

457 4610 802 4678 compositus
832 4625 896 4665 ex
937 4611 1192 4682 duobus;
1241 4615 1439 4673 deinde
1484 4620 1627 4676 Deus
1653 4638 1775 4679 esse
1809 4640 2030 4696 quoque

458 4700 714 4755 desinet:
751 4700 919 4756 Deum
971 4715 1149 4760 autem
1181 4707 1308 4764 dico
1341 4713 1640 4766 secundum
1678 4722 1928 4769 naturam
1975 4727 2030 4771 et

459 4785 924 4845 substantialiter.
961 4790 1182 4850 Discere
1209 4811 1444 4866 namque
1483 4799 1550 4853 ab
1581 4800 1789 4870 aliquo,
1837 4813 1892 4858 et
1927 4805 2029 4860 du-

456 4877 653 4949 plicem
687 4895 813 4936 esse
842 4890 1005 4952 atque
1038 4887 1425 4955 compositum,
1459 4889 1700 4946 alienmn
1745 4901 1830 4949 est
1865 4897 2022 4964 peni-

456 4977 604 5025 tusa
644 4970 866 5028 deitatis
919 4982 1134 5038 natura,
1186 4977 1276 5030 cui
1320 4985 1580 5048 tauquam
1636 4985 1915 5052 proprium
1968 4995 2024 5042 et

453 5062 916 5131 perfectissimum
953 5066 1158 5121 bonum
1189 5069 1513 5138 simplicitas
1547 5071 1710 5128 inest.
1767 5075 1922 5143 Quod
1973 5082 2020 5135 si

454 5151 596 5209 Deus
625 5170 732 5209 non
764 5165 850 5210 est
877 5157 1182 5213 secundum
1211 5169 1462 5217 naturam
1517 5161 1708 5233 Filius,
1743 5175 2020 5238 quomodo

453 5257 712 5313 operatur
749 5254 804 5301 et
854 5256 1078 5316 praestat
1117 5264 1178 5305 ea
1218 5267 1342 5321 qua:
1385 5254 1484 5308 soli
1520 5253 1628 5309 Deo
1660 5266 2020 5329 congruunt?

451 5333 533 5389 An
564 5337 712 5393 enim
745 5335 944 5393 dicturi
976 5349 1107 5394 sunt
1139 5345 1188 5394 ei
1231 5341 1480 5399 suﬂicere
1509 5344 1576 5398 ad
1621 5347 1876 5404 virtutem
1913 5351 2020 5409 Deo

450 5427 861 5482 convenientem
893 5430 1039 5498 quod
1071 5434 1446 5489 tantummodo
1487 5435 1657 5492 Deum
1694 5453 2013 5510 operantem

451 5516 701 5584 aspiciat,
727 5525 781 5571 et
810 5520 928 5574 solo
949 5535 1170 5590 aspectu
1198 5524 1250 5578 id
1277 5525 1497 5593 haberc,
1523 5539 1578 5583 ut
1611 5533 1682 5584 sit
1712 5536 2012 5590 secundum

2130 4527 2348 4596 σοφοῦν,
2375 4529 2436 4582 οὐ
2459 4528 2519 4581 τὸ
2550 4528 2843 4598 σοφοῦσθαι
2869 4529 3131 4598 πεφυκὸς,
3171 4529 3358 4602 ῶσπερ
3394 4527 3487 4585 οὖν
3514 4532 3709 4603 ἀμέλει

2128 4618 2224 4672 καὶ⁸
2265 4619 2383 4688 φῶς
2430 4618 2490 4672 τὸ
2535 4618 2803 4687 φωτίζον,
2849 4620 2909 4672 ού
2959 4619 3021 4672 τὸ
3067 4619 3395 4698 φωτίζεσθαι
3441 4621 3707 4690 πεφυκός.

2125 4708 2332 4761 Οὐκοῦν
2362 4709 2546 4778 ἔτερόν
2574 4726 2624 4761 τι
2663 4709 2824 4763 πάλιν
2861 4709 3022 4775 αὐτὸς
3049 4713 3201 4784 παρὰ
3229 4713 3326 4783 τὴν
3350 4715 3409 4766 ὲν
3433 4713 3582 4784 αύτῷ
3615 4731 3709 4767 σο-

2128 4800 2276 4868 φίαν,
2309 4800 2402 4854 καὶ
2440 4800 2654 4873 πρῶτον
2701 4803 2797 4873 μὲν
2828 4804 2925 4875 οὐχ
2958 4805 3184 4870 ἁπλοῦς,
3226 4805 3337 4860 ἀλλ’
3366 4807 3430 4859 ὲκ
3465 4806 3558 4858 δύο
3592 4807 3707 4859 λοι-

2128 4890 2228 4943 πὸν
2261 4891 2608 4961 συγκείμενος
2633 4909 2646 4923 ·
2683 4890 2800 4948 εἶτα
2827 4895 2960 4966 πρὸς
2988 4895 3166 4960 τοῦτο,
3198 4898 3292 4951 καὶ
3317 4898 3379 4951 τὸ
3407 4893 3546 4951 εἶναι
3570 4897 3707 4962 Θεὸς

2128 4981 2404 5046 ἀπολέσει,
2437 4981 2566 5035 Θεὸν
2595 4984 2652 5036 δέ
2688 5003 2828 5055 φημι
2879 4989 3020 5042 κατά
3058 4988 3219 5058 φύσιν
3263 4991 3357 5044 καὶ
3405 4985 3701 5055 ούσιωδῶς.

2128 5073 2432 5144 Μαθήσεως
2461 5074 2568 5146 γὰρ
2595 5075 2692 5146 τῆς
2722 5078 2828 5131 ἀπό
2851 5096 2994 5142 τινος
3027 5081 3184 5146 ὅλως,
3225 5083 3320 5136 καὶ
3349 5082 3572 5154 διπλόης
3601 5083 3705 5152 τῆς

2129 5166 2270 5220 κατά
2313 5166 2620 5238 σύνθεσινή
2661 5167 2780 5223 θεία
2828 5169 2987 5240 φύσις
3032 5174 3132 5227 οὐκ
3174 5174 3444 5246 ἀνέχεται,
3493 5177 3591 5231 καὶ
3640 5179 3703 5231 τὸ

2128 5257 2329 5310 ἁπλοῦν
2355 5256 2429 5321 ὼς
2475 5258 2602 5312 ἴδιον
2630 5260 2852 5328 ἀγαθὸν,
2904 5263 2996 5316 καὶ
3033 5262 3093 5317 τὸ
3135 5266 3448 5320 παντέλειον
3482 5267 3697 5337 ἔχουσα.

2128 5348 2238 5399 Καὶ
2262 5348 2310 5400 εἰ
2337 5347 2410 5417 μὴ
2441 5347 2557 5400 ἔστι
2585 5347 2716 5412 Θεὸς
2742 5351 2883 5403 κατά
2907 5352 3066 5420 φύσιν
3085 5353 3112 5406 6
3139 5354 3284 5421 Υἱὸς,
3321 5356 3440 5420 πῶς
3463 5356 3529 5409 τὰ
3554 5354 3700 5426 μόνῳ

2128 5438 2404 5502 πρέποντα
2449 5436 2567 5506 Θεῷ
2613 5437 2706 5490 καὶ
2743 5439 2974 5509 ἐνεργεῖ.
3028 5443 3120 5496 καὶ
3164 5445 3494 5514 spatiis-tat;
3550 5440 3699 5516 *Δρα

2121 5528 2230 5596 γάρ
2261 5526 2575 5596 ἐξαρκέσειν
2608 5528 2822 5599 ἐροῦσιν
2855 5531 3020 5602 αὐτῷ,
3055 5535 3147 5588 καὶ
3179 5536 3312 5612 πρὸς
3347 5536 3574 5616 δύναμιν
3597 5536 3699 5610 τὴν

521 5664 821 5722 "Malaclt.
867 5685 956 5739 ttt,
995 5673 1047 5725 6.
1093 5675 1134 5705 "
1166 5674 1306 5730 Psal.
1345 5694 1418 5744 cr,
1459 5681 1538 5735 l5.
1620 5684 1662 5716 ³¹
1692 5685 1826 5739 Dan.
1870 5706 1990 5757 xm,
2034 5692 2121 5748 69..
2207 5697 2247 5727 ³⁸
2277 5696 2475 5753 Jcrcm.
2515 5715 2668 5765 um,
2709 5699 2798 5769 25,
2833 5701 2922 5755 24,
