4044 6200
350 253 533 317 357.

1422 255 1489 314 1N
1525 253 1808 312 JOANNIS
1849 250 2317 314 EVANGELIUM.
2355 259 2484 316 LIB.
2508 259 2574 315 11.

3515 257 3621 315 339

349 365 662 437 θεοπρεπῆ,
688 366 748 420 τὸ
772 365 932 437 μόνον
965 366 1094 423 ίδεῖν
1114 367 1440 440 ἐνεργοῦντα
1462 369 1551 421 τδν
1567 368 1807 441 Πατέρα,
1838 384 1910 421 κα

2036 374 2288 422 naturam
2323 367 2489 434 Deus,
2531 376 2586 426 et
2615 375 2725 423 tam
2755 368 2926 424 multa
2958 368 3174 426 efﬁcere
3198 369 3376 440 possit
3405 382 3611 440 quanta

345 457 439 511 διὰ
457 456 616 527 ψιλῆς
658 457 842 529 ὅψεως
876 458 1290 530 ἀποκερδαίνειν
1322 458 1382 514 τὺ
1417 454 1555 512 εἶναι
1598 458 1740 513 κατά
1770 458 1930 528 φύσιν

2032 459 2082 516 is
2119 460 2301 525 etiam
2328 460 2421 531 qui
2456 461 2508 516 ei
2544 460 2820 518 ostendit?
2853 460 3003 516 Nihil
3035 477 3168 532 ergo
3194 460 3452 533 prohibet
3472 477 3612 534 quo-

345 550 506 613 Θεὸς,
532 549 627 603 καὶ
648 547 886 602 τοσαῦτα
918 550 1177 604 δύνασθαι
1218 552 1410 617 ποιεῖν,
1445 551 1657 622 ὅσαπερ
1684 549 1752 605 ἂν
1782 550 1876 605 καὶ
1904 571 1911 602 ι

2032 553 2217 610 minus
2241 555 2399 608 multi
2434 555 2525 609 alii
2555 570 2776 626 quoque
2806 554 2881 608 dii
2906 554 3163 620 evadant,
3183 556 3228 611 si
3256 554 3421 611 Pater
3442 560 3608 612 etiam

343 640 611 694 δεικνύων
640 641 820 712 αὑτῷ;
870 643 1037 697 Οὐδὲν
1080 639 1174 697 οὖν
1196 644 1307 713 ἄρα
1337 643 1400 696 τὸ
1425 642 1634 696 κωλῦον
1664 644 1802 708 ἐστὶ,
1837 644 1911 698 καὶ

2033 644 2150 714 ipse
2176 646 2413 700 voluerit
2463 658 2693 702 suorum
2723 662 2953 717 operum
2987 648 3129 700 viam
3167 647 3436 713 indicare,
3468 658 3524 704 et
3553 649 3610 704 in

345 732 581 796 πολλοὺς
625 734 756 802 ἡμῖν
805 733 1027 804 ἐτέρους
1087 733 1470 803 ἀναδειχθῆναι
1519 733 1694 798 θεοὺς,
1744 732 1930 804 ἐθελή-

345 837 541 886 σαντος
574 824 669 876 καὶ
697 823 863 877 αὑτοῦ
899 825 1161 889 ἐπιδεῖξαι
1190 825 1285 878 τοῦ
1323 825 1533 893 Πατρὺς
1559 826 1670 879 τῶν
1712 825 1928 878 οἰκείων

342 912 526 983 ἔργων
550 914 649 986 τὴν
673 914 809 978 ὁδὸν,
838 915 931 967 καὶ
955 916 1011 966 ὲν
1037 913 1113 984 τῷ
1140 913 1331 984 μαθεῖν
1356 932 1409 966 τι
1437 914 1688 985 περιττὸν
1711 913 1812 983 τῆς
1832 913 1926 966 τοῦ

341 1004 563 1074 Harpe;
591 1005 777 1066 οὒσξας
818 1006 1061 1057 κείσεται
1091 1005 1152 1057 τὸ
1184 1005 1460 1073 ἐξαίρετον
1486 1021 1499 1036 ·
1524 1007 1585 1059 οὐ
1615 1003 1723 1073 γάρ
1748 1004 1928 1058 διδακ-

339 1097 475 1163 τῶς,
498 1097 574 1159 ὡς
603 1097 800 1150 ἐκεῖνοί
824 1114 1007 1165 φασιν,
1044 1100 1122 1160 είς
1152 1097 1370 1166 ἀξίωμα
1391 1096 1452 1150 τὸ
1479 1098 1574 1168 τῆς
1597 1097 1737 1150 κατά
1763 1096 1925 1165 φύσιν

337 1190 596 1263 θεότητος
628 1191 955 1262 ἀναδραμὼν
992 1191 1305 1262 εὑρίσκεται
1348 1191 1520 1259 λέγων
1546 1207 1558 1220 ⁸
1605 1210 1623 1243 ι
1661 1191 1802 1259 Ἐγὼ
1831 1191 1925 1244 καὶ

333 1286 367 1338 ὁ
415 1285 608 1356 Πατὴρ
654 1283 713 1336 ἓν
758 1285 944 1353 ἐσμεν.
1008 1283 1068 1335 '0
1114 1283 1372 1352 ἑωρακὼς
1415 1282 1535 1351 ἐμὲ,
1574 1280 1786 1352 ἑώρακε
1831 1283 1921 1335 τὸν

334 1378 588 1447 Πατέρα.
609 1396 626 1428 ι
666 1375 1183 1445 Ἀναμετρείτωσαν
1216 1372 1394 1428 τοίνυν
1423 1376 1545 1437 ὅσος
1583 1376 1767 1437 αὐτοῖς
1795 1375 1922 1427 δυσ-

332 1460 557 1536 φηᾷἱας
605 1466 759 1537 ὄχλος
817 1469 881 1519 ἐκ
922 1466 1019 1519 τοῦ
1066 1465 1287 1519 τοιῶσδε
1341 1468 1482 1520 νοεῖν
1539 1466 1743 1520 ἐθέλειν
1801 1468 1919 1519 ὲπι-

333 1560 665 1630 σωρεύεται,
707 1558 800 1612 καὶ
847 1558 1211 1630 φρονείτωσαν
1255 1559 1428 1630 ἀληθῆ
1483 1560 1608 1630 περὶ
1644 1558 1738 1613 τοῦ
1786 1560 1918 1614 Υίοῦ

329 1652 487 1704 καθά
518 1651 848 1720 γέγραπται.
902 1649 1041 1703 Οὔτε
1073 1649 1184 1722 γάρ
1216 1650 1279 1703 ἐκ
1319 1650 1550 1721 θεωρίας
1580 1649 1681 1722 τῆς
1718 1651 1774 1704 ὲν
1805 1654 1917 1716 τοῖς

329 1743 741 1813 ἀποτελέσμασι
776 1741 870 1796 τοῦ
906 1742 1118 1815 Πατρὸς
1142 1781 1157 1805 ,
1222 1740 1344 1797 οὔτε
1398 1743 1505 1814 μὴν
1546 1743 1622 1806 ὡς
1671 1761 1908 1815 προκατ-
1949 1727 1990 1783 Β

326 1837 611 1909 αρκτικῶς
646 1840 703 1891 ὲν
729 1841 843 1899 τοῖς
897 1836 1077 1910 ἔργοις
1107 1836 1243 1906 ἔχων
1275 1836 1456 1901 αὐτὸν,
1485 1838 1715 1908 ποιητής
1743 1840 1912 1900 ἐστιν,

324 1931 363 1999 ῆ
406 1929 841 2000 θαυματουργδς,
882 1931 975 1983 καὶ
1015 1927 1103 1982 διά
1133 1927 1289 1981 τοῦτό
1330 1930 1476 1983 ἐστιν
1501 1928 1648 1995 Υἱὸς,
1686 1929 1800 1982 ἀλλ’
1832 1930 1916 1984 ὅτι

325 2022 561 2091 φυσικὸς
592 2023 782 2094 ὥσπερ
801 2039 885 2096 τις
915 2021 1077 2075 αὐτὸν
1107 2021 1371 2090 ἀποφέρει
1395 2021 1557 2090 νόμος
1587 2020 1679 2074 ἐπὶ
1699 2021 1797 2092 τὴν
1820 2020 1914 2075 τοῦ

322 2115 692 2183 γεννήσαντος
727 2115 1145 2185 ἀπαράλλακτον
1173 2113 1489 2185 ὁμοιότητα,
1519 2115 1568 2166 εί
1596 2112 1706 2186 [ῖσ.
1729 2113 1788 2186 ἢ]
1819 2114 1913 2168 καὶ

322 2203 421 2257 διὰ
446 2205 544 2274 τῆς
569 2204 675 2257 τῶν
702 2204 879 2273 ἔργων
905 2203 1226 2267 ἀνελ).ιποῦς
1256 2204 1555 2275 έμφερείας
1577 2205 1908 2274 ἀναλάμπει,

323 2297 430 2349 καὶ
470 2297 741 2365 φαίνεται.
794 2296 1141 2367 Παραθέντες
1166 2296 1221 2349 δὲ
1251 2297 1345 2351 καὶ
1370 2297 1631 2361 εἰσαῦθις,
1665 2300 1713 2351 εί
1742 2299 1908 2366 δοκεῖ,

2029 749 2437 804 supervacanea
2461 752 2520 793 re
2542 739 2808 794 discenda
2838 747 3085 810 paterna:
3118 741 3441 795 substantia:
3473 757 3611 809 pra!-

2028 830 2231 884 stautia
2252 832 2638 885 collocabitur.
2671 830 2791 885 Non
2829 831 2975 886 enim
3010 831 3288 896 doctrina,
3318 840 3381 887 ut
3406 832 3483 887 illi
3520 833 3607 887 di-

2028 929 2179 987 cunt,
2212 922 2280 976 ad
2331 914 2655 993 dignitatem
2701 926 2973 978 naturalis
3025 925 3247 980 deitatis
3288 927 3608 981 ascendisse

2026 1014 2386 1082 comperitur,
2440 1030 2563 1068 cum
2601 1016 2717 1069 ait:
2771 1034 2790 1067 ι
2843 1014 2956 1086 Ego
2997 1023 3052 1070 et
3094 1015 3259 1069 Pater
3303 1032 3471 1069 unqu
3513 1031 3606 1070 su-

2026 1117 2152 1158 mus
2182 1105 2250 1158 ’°.
2282 1105 2387 1171 Qui
2422 1106 2557 1159 vidit
2585 1122 2691 1173 me,
2720 1107 2853 1161 vidit
2890 1115 2944 1162 et
2977 1106 3186 1161 Patrem
3222 1107 3290 1161 ιθ.
3328 1124 3348 1159 ι
3392 1106 3606 1176 Expen-

2024 1194 2157 1250 dant
2185 1198 2347 1268 igitur
2377 1207 2640 1267 quantam
2670 1200 2774 1253 vim
2806 1200 3276 1268 blasphemiarum
3306 1214 3369 1252 ex
3410 1200 3604 1265 hujus—

2024 1287 2171 1341 modi
2201 1292 2476 1343 sententia
2511 1291 2798 1360 colligant,
2828 1299 2883 1344 et
2913 1306 3041 1344 vera
3071 1290 3139 1345 de
3171 1289 3309 1344 Filio
3339 1293 3600 1352 sentiant,

2024 1388 2085 1434 ut
2131 1385 2396 1451 scriptum
2434 1388 2542 1437 est.
2588 1379 2779 1451 Neque
2826 1383 2973 1437 enim
3020 1399 3087 1437 ex
3139 1385 3605 1449 contemplatione

2022 1482 2380 1542 paternorum
2421 1489 2670 1543 operum,
2706 1490 2880 1537 neque
2915 1484 3065 1529 certe
3107 1481 3165 1527 ut
3201 1477 3293 1543 qui
3330 1475 3506 1543 ipsum
3531 1478 3600 1543 _iu

2021 1562 2281 1632 operibus
2309 1564 2503 1617 ducem
2539 1576 2603 1617 ac
2633 1565 2958 1633 magistrum
3002 1565 3223 1630 habeat,
3258 1564 3482 1620 eﬂ‘ector
3519 1539 3603 1621 est

1976 1720 1981 1725 ἢ
2023 1660 2117 1708 aut
2164 1663 2413 1725 patrator
2450 1656 2890 1723 miraculorum,
2930 1666 3095 1725 atque
3159 1658 3371 1713 idcirco
3428 1658 3599 1715 Filius

2018 1755 2123 1812 est,
2164 1747 2257 1804 sed
2291 1750 2551 1818 quoniam
2584 1750 2851 1805 naturalis
2879 1750 3045 1804 veluti
3077 1749 3326 1819 quaedam
3367 1751 3449 1804 lex
3474 1764 3597 1805 eum

2019 1841 2086 1895 ad
2132 1840 2381 1895 eamdem
2438 1856 2537 1910 per
2582 1841 2768 1895 omnia
2814 1856 2939 1895 cum
2975 1840 3137 1896 Patre
3180 1841 3597 1896 similitudinem

2017 1931 2207 1996 infert,
2228 1947 2350 2002 qua:
2382 1933 2545 1988 etiam
2582 1947 2679 2002 per
2710 1948 2936 2002 operum
2965 1934 3273 1988 absolutam
3304 1933 3598 2003 imaginem

2017 2024 2195 2081 elucet
2220 2036 2273 2080 et
2304 2035 2545 2095 apparet.
2581 2023 2688 2079 Sed
2718 2025 3002 2094 proposito
3040 2040 3241 2080 rursus
3283 2032 3458 2089 textu,
3501 2038 3598 2079 eo-

2016 2128 2123 2188 que
2173 2117 2391 2170 acutius
2415 2114 2806 2184 pervestigato,
2851 2112 3146 2183 diligenter
3180 2115 3597 2171 consideremus

2017 2220 2269 2280 quaenam
2310 2209 2384 2261 sit
2415 2205 2691 2260 dictorum
2723 2209 3018 2272 sententia,
3044 2214 3097 2261 et
3128 2221 3235 2277 qua
3270 2207 3475 2277 pietate
3509 2206 3597 2261 in-

2017 2300 2260 2368 telligere
2290 2296 2447 2351 decet
2479 2296 2904 2369 perspiciamus.

320 2387 394 2440 τὸ
448 2387 543 2439 τοῦ
580 2388 743 2455 λόγου
792 2388 1107 2453 κεφάλαιον,
1156 2389 1251 2441 καὶ
1294 2387 1649 2459 δριμυτέραις
1694 2389 1943 2461 ὲρεύναις
1996 2392 2127 2450 αὐτὸ
2174 2388 2574 2462 βασανίζοντες,
2620 2388 2916 2459 θεωρῶμεν
2943 2386 3212 2463 ἀκριϐῶς,
3264 2390 3351 2457 τίς
3395 2391 3462 2447 ἂν
3508 2390 3595 2465 εἴη

321 2475 520 2528 λοιπὸν
556 2476 664 2528 τῶν
690 2474 999 2544 λεγομένων
1025 2475 1069 2546 ἢ
1087 2475 1335 2547 δύναμις,
1369 2477 1466 2529 καὶ
1503 2477 1650 2541 ὅπως
1686 2484 1954 2553 προσήκει
1985 2482 2238 2544 νοοῦντας
2269 2478 2535 2546 εὐσεϐεῖν,
2569 2479 2671 2550 ἢδη
2706 2480 3224 2553 περισκεπτώμεθα.

401 2566 631 2630 Οὐκοῦν,
677 2565 884 2636 Ἀμὴν,
930 2565 1094 2635 ἀμὴν
1131 2566 1286 2635 λέγω
1326 2568 1485 2636 ὑμῖν,
1526 2570 1599 2623 οὐ
1636 2568 1908 2640 δύναται,

321 2661 519 2730 φησιν,
548 2656 579 2710 ό
613 2652 746 2724 Υἱὸς
775 2656 968 2711 ποιεῖν
1000 2657 1100 2726 ἀφ’
1132 2656 1349 2713 ἑαυτοῦ
1374 2657 1573 2725 οὐδὲν,
1617 2661 1727 2715 ἐὰν
1747 2662 1832 2733 μή
1855 2674 1910 2719 τι

313 2752 533 2820 ,βλέπῃ
561 2752 670 2804 τὸν
709 2748 941 2818 Πατέρα
983 2751 1275 2805 ποιοῦντα
1299 2767 1314 2783 ο
1361 2751 1401 2806 ἀ
1431 2752 1539 2823 γὰρ
1578 2753 1655 2807 ἂν
1678 2756 1908 2824 ἐκεῖνος

319 2841 498 2911 ποιῇ,
532 2842 721 2896 ταῦτα
741 2840 840 2894 καί
864 2845 896 2895 ὁ
932 2840 1064 2908 Υἱὸς
1097 2841 1313 2910 ὁμοίως
1344 2843 1517 2897 ποιεῖ.
1564 2845 1726 2916 Ὁρᾷς
1758 2848 1908 2911 ὅπως

317 2936 427 2989 καὶ
451 2934 542 2988 διὰ
564 2935 662 3004 τῆς
688 2936 745 2987 ὲν
764 2937 876 2996 τοῖς
905 2932 1086 3004 ἔργοις
1109 2932 1531 3003 ἀπαραλλάκτου
1559 2937 1906 3008 ταυτότητος,
1937 2969 1979 3026 C

316 3026 517 3097 ὅμοιον
545 3024 733 3079 ἑαυτὸν
758 3023 899 3078 κατά
932 3025 1110 3078 πάντα
1139 3025 1373 3079 δεικνύει
1405 3026 1482 3098 τῷ
1510 3028 1704 3099 Πατρὶ,
1733 3029 1821 3083 ἵνα
1845 3029 1908 3101 δὴ

321 3120 587 3191 φαίνηται
616 3118 705 3172 διὰ
740 3118 930 3171 τούτου
971 3119 1066 3171 καὶ
1096 3118 1197 3189 τῆς
1239 3120 1428 3183 οὐσίας
1456 3120 1620 3174 αὐτοῦ
1653 3122 1909 3193 κληρονό-

323 3229 432 3285 μσς
458 3228 473 3243 ⁹
504 3212 579 3276 ὡς
599 3213 708 3281 γὰρ
733 3209 1045 3279 ἀναγκαίως
1074 3228 1132 3263 τε
1159 3211 1254 3264 καὶ
1277 3213 1684 3283 ἀναπιρρήτως
1709 3214 1903 3285 νοηοη-

321 3304 556 3377 σομένου
581 3302 715 3358 Θεοῦ
754 3303 897 3358 κατὰ
930 3302 1089 3372 φύσιν
1125 3304 1388 3374 ὑπάρχειν
1415 3303 1508 3356 τοῦ
1540 3304 1637 3375 τὴν
1669 3305 1789 3375 ῖσην
1822 3308 1908 3360 ὲν-

317 3396 549 3467 ἐργειαν
575 3394 786 3465 ἔχοντος
813 3392 891 3463 τῷ
916 3392 1035 3464 Θεῷ
1060 3393 1155 3447 καὶ
1181 3393 1376 3461 Πατρὶ,
1402 3393 1471 3447 τά
1491 3395 1718 3448 τοιαῦτά
1740 3412 1905 3465 φησιν

315 3493 349 3543 ὁ
400 3488 613 3558 Σωτήρ.
662 3485 1103 3551 Σκανδαλιξέσθω
1141 3485 1199 3538 δὲ
1235 3485 1446 3556 μηδεὶς,
1490 3486 1618 3540 ὅταν
1646 3487 1904 3559 φαίνηται

316 3582 500 3651 λέγων
534 3579 920 3651 οἰκονομικῶς,
972 3579 1047 3648 μὴ
1088 3577 1347 3632 δύνασθαι
1381 3582 1556 3632 ποιεῖν
1584 3579 1676 3648 ἀφ’
1709 3579 1903 3634 ἑαυτοῦ

321 3673 517 3744 μηδὲν,
549 3671 644 3725 ἐὰν
689 3674 762 3742 μή
807 3687 858 3724 τι
889 3670 1060 3742 βλέπῃ
1091 3667 1183 3722 τὸν
1226 3669 1443 3741 Πατέρα
1482 3669 1739 3724 ποιοῦντα
1763 3687 1779 3701 ο
1827 3671 1903 3735 ὡς

316 3764 434 3835 γὰρ
458 3761 559 3833 ήδη
591 3760 689 3832 τὴν
720 3759 816 3813 τοῦ
842 3759 1028 3813 δούλου
1061 3759 1274 3830 μορφὴν
1315 3759 1696 3831 περικείμενος
1723 3760 1810 3814 διὰ
1841 3759 1902 3814 τὸ

317 3853 594 3924 ἑνωθῆναι
650 3851 846 3923 σαρκὶ,
906 3852 1007 3904 οὐκ
1060 3849 1385 3921 ἐλευθέραν,
1440 3852 1561 3905 οὐδὲ
1612 3852 1902 3923 ἀνειμένην

317 3943 605 4006 παντελῶς
635 3943 714 4006 είς
740 3939 1017 4011 θεοπρεπῆ
1050 3939 1362 4011 παρρησίαν
1394 3940 1631 3994 ἐποιεῖτο
1657 3942 1755 4010 τὴν
1789 3939 1903 3993 διά-

315 4036 499 4103 λεξινο
536 4035 731 4106 ἐχρῆτο
771 4033 829 4086 δὲ
866 4031 1064 4103 μᾶλλον
1090 4030 1317 4103 τοιαύτῃ
1342 4029 1407 4085 δι’
1438 4032 1746 4102 οίκονομίαν
1788 4031 1900 4085 ἔσθ’

316 4131 434 4193 ὅτε,
481 4129 626 4200 ἢπερ
676 4127 743 4180 ἂν
774 4125 974 4197 πρέποι
1019 4121 1139 4194 Θεῷ
1181 4138 1241 4176 τε
1287 4122 1422 4193 ὁμοῦ
1466 4122 1562 4177 καὶ
1606 4121 1898 4195 ἀνθρώπῳ.

318 4223 435 4277 Καὶ
475 4220 586 4291 γάρ
618 4215 684 4290 ἦν
709 4218 879 4281 ὅντως
915 4215 1057 4271 κατά
1089 4213 1287 4269 ταυτὸν
1317 4215 1601 4285 ἀμφότερα
1627 4230 1641 4246 ο
1690 4210 1770 4279 εἷς
1802 4215 1900 4287 μὲν

2091 2572 2263 2642 lgltur
2302 2585 2316 2621 :
2351 2571 2541 2635 Amen,
2587 2584 2738 2623 amen
2784 2552 2902 2624 dico
2944 2571 3109 2635 vobis,
3150 2588 3253 2626 non
3288 2582 3477 2640 potest,
3508 2573 3598 2629 in-

2018 2664 2158 2734 quit,
2190 2659 2364 2715 Filius
2407 2676 2439 2714 a
2476 2677 2531 2714 se
2560 2661 2736 2729 facere
2759 2663 3070 2732 quidquam,
3100 2664 3203 2716 nisi
3231 2664 3370 2733 quod
3410 2664 3596 2722 viderit

2017 2751 2236 2807 Patrem
2261 2752 2575 2821 facientem:
2614 2766 2936 2822 qua-ermque
2964 2752 3218 2806 enimille
3243 2754 3447 2823 fecerit.
3485 2754 3597 2813 luas

2015 2854 2064 2899 et
2098 2841 2271 2897 Filius
2298 2843 2547 2896 similiter
2579 2840 2735 2911 facit.
2771 2841 2969 2896 Cernis
3003 2850 3063 2896 ut
3091 2842 3257 2897 etiam
3292 2859 3391 2913 per
3427 2844 3597 2899 abso-

2015 2936 2343 2991 lutissimam
2377 2946 2610 3003 operum
2662 2932 3010 2987 ldentitatem
3060 2934 3295 2988 similem
3337 2950 3397 2990 se
3446 2933 3595 2990 Patri

2016 3028 2073 3082 in
2103 3026 2364 3083 omnibus
2396 3024 2655 3089 ostendit,
2697 3032 2756 3078 ut
2796 3038 2893 3094 per
2949 3024 3054 3078 hoc
3090 3036 3240 3081 certe
3272 3027 3596 3082 substantia:

2014 3134 2236 3189 quoque
2260 3116 2443 3171 Patris
2478 3116 2653 3170 hares
2693 3124 2975 3185 appareat.
3010 3112 3266 3169 Salvator
3304 3116 3448 3170 enim
3480 3117 3595 3173 lich

2014 3210 2109 3270 ait,
2161 3206 2320 3277 quasi
2350 3208 2669 3261 necessario
2691 3214 2746 3260 et
2782 3206 2925 3259 citra
2956 3207 3392 3261 controversiam
3430 3207 3592 3264 intel-

2013 3301 2265 3372 ligendus
2298 3299 2371 3354 sit
2400 3297 2543 3354 Deus
2571 3297 2875 3354 secundum
2909 3308 3162 3353 naturam
3185 3299 3475 3363 exsistere,
3503 3300 3592 3354 cui

2011 3392 2241 3464 aqualis
2269 3393 2342 3446 sit
2369 3407 2493 3447 cum
2528 3391 2643 3446 Deo
2662 3398 2718 3446 et
2744 3390 2908 3460 220
2929 3389 3091 3445 Patre
3120 3391 3392 3461 operatio.
3422 3390 3592 3447 Nemo

2012 3497 2191 3542 autem
2230 3485 2663 3551 scandalizetur,
2699 3501 2824 3540 cum
2873 3500 2969 3557 per
2995 3486 3467 3555 dispensationem
3508 3485 3592 3540 di-

2011 3594 2137 3636 cere
2161 3580 2379 3635 videtur
2402 3577 2577 3633 Filius
2606 3592 2716 3632 non
2740 3591 2905 3647 posse
2937 3592 2966 3631 a
2985 3592 3042 3632 se
3062 3575 3243 3632 facere
3266 3579 3588 3648 quidquam,

2009 3672 2118 3727 nisi
2165 3671 2315 3743 quod
2364 3670 2568 3726 viderit
2616 3668 2835 3724 Patrem
2889 3668 3223 3723 facientem:
3281 3684 3404 3722 nam
3460 3669 3589 3739 quia

2010 3767 2154 3821 servi
2189 3764 2421 3820 formam
2447 3763 2748 3832 aSSumpsit
2770 3760 2912 3824 “'“,
2945 3768 2999 3815 et
3028 3760 3192 3814 homo
3224 3758 3402 3814 factus
3431 3767 3515 3814 est
3540 3758 3589 3792 “

2006 3865 2232 3927 propter
2269 3855 2457 3909 carnis
2487 3852 2961 3921 conjunctionem,
2990 3863 3099 3905 non
3129 3863 3347 3917 semper
3368 3863 3430 3903 ea
3466 3864 3588 3918 qua:

2009 3948 2120 4002 Deo
2180 3945 2439 4000 convenit
2491 3944 2743 3998 libertate
2795 3932 2964 4012 atq'ue
3012 3941 3343 3996 auctoritate
3396 3941 3448 3994 in
3508 3942 3588 3994 lo.

2007 4037 2226 4109 quendo
2265 4036 2546 4102 utebatur,
2589 4035 2723 4104 quin
2754 4034 2942 4105 potius
2982 4047 3079 4104 per
3114 4032 3585 4103 dispensationem

2006 4144 2128 4185 eam
2173 4127 2444 4183 interdum
2487 4126 2803 4192 adhibebat,
2846 4141 2969 4196 qua:
3019 4124 3131 4181 Deo
3162 4124 3370 4195 pariter
3397 4135 3452 4180 et
3482 4126 3586 4180 lio-

2007 4220 2145 4277 mini
2171 4218 2480 4276 conveniat.
2513 4217 2642 4272 Erat
2665 4217 2812 4274 enim
2846 4224 3145 4287 utrumque
3176 4216 3341 4272 simul
3370 4232 3583 4273 revera.

318 4315 385 4387 δὴ
416 4314 577 4382 λόγος
597 4305 751 4374 οὗτος
776 4308 1003 4380 ἀληθής-
1027 4302 1183 4379 οἶμαι
1209 4306 1268 4360 δὲ
1291 4307 1402 4360 δεῖν
1422 4307 1517 4360 καὶ
1544 4305 1715 4378 ἑτέρῳ
1738 4305 1900 4361 πάλιν

2012 4312 2134 4368 Haec
2172 4311 2393 4383 quidem
2431 4310 2686 4366 doctrina
2731 4323 2860 4366 vera
2901 4316 3019 4375 est;
3071 4307 3320 4364 sed.alio
3365 4324 3588 4381 quoque

318 4402 706 4473 ἐπεξηγεῖσθαι
756 4399 946 4472 τρόπῳ
975 4398 1039 4451 τὸ
1084 4396 1467 4469 προκείμενον,
1512 4397 1605 4450 καὶ
1647 4395 1901 4468 ὀξύτερόν

319 4513 441 4560 πως
471 4497 542 4567 τῇ
569 4493 664 4548 τοῦ
690 4492 1043 4565 θεωρήματος
1073 4488 1330 4562 ἀκριϐείᾳ
1360 4487 1738 4561 προσϐάλλειν.
1780 4507 1800 4542 ι
1823 4488 1899 4542 Οὐ

316 4587 570 4649 δύναται,
591 4604 611 4636 ι
645 4583 830 4655 φησιν,
855 4602 874 4635 ι
897 4580 1064 4644 mh;
1086 4582 1263 4635 ποιεῖν
1280 4577 1372 4649 ἀφ’
1400 4575 1594 4632 ἑαυτοῦ
1620 4577 1898 4641 οὐδὲν,ὲάν

321 4681 398 4753 μή
412 4696 468 4731 τι
491 4676 667 4749 βλέπῃ
682 4676 770 4728 τὸν
784 4674 1005 4745 Πατέρα
1021 4670 1296 4727 ποιοῦντα.
1323 4689 1342 4721 ι
1364 4669 1457 4734 Τὸ,
1482 4688 1501 4719 ι
1521 4669 1584 4723 οὐ
1609 4667 1850 4734 δύναται,
1873 4685 1893 4720 t

318 4774 442 4842 ἢτοι
467 4768 530 4824 τὸ
557 4768 815 4822 ἀδύνατον
834 4767 1221 4837 κατηγορεῖται
1240 4760 1423 4828 τινῶν,
1455 4762 1573 4833 ἤτοι
1601 4760 1710 4815 τῶν
1731 4760 1900 4815 ὄντων

317 4862 462 4913 τισὶν
493 4859 829 4930 ἐπιφέρεται.
868 4856 1039 4911 Τοῦτο
1084 4856 1192 4926 γάρ
1232 4855 1318 4926 δὴ,
1347 4853 1411 4909 τὸ
1454 4852 1896 4929 κατηγορεῖσθαι,

318 4951 524 5020 φαμὲν,
558 4949 679 5020 οὐχὶ
711 4949 928 5011 πάντως
959 4947 1239 5018 ἀνάγκης,
1292 4945 1416 4998 οὐδὲ
1459 4944 1741 5009 ἀσθενείας
1782 4944 1900 4997 ἐστὶ

317 5042 677 5110 σημαντικόν’
705 5038 944 5094 διδάσκει
963 5038 1021 5092 δὲ
1047 5037 1305 5099 πολλάκις
1328 5036 1425 5090 καὶ
1452 5037 1666 5105 φύσεων
1689 5036 1895 5108 ἑδραιό-

308 5149 482 5202 τητα,
528 5130 865 5186 καὶροὺσιῶν
896 5130 1191 5202 ἀκλόνητον
1237 5128 1447 5193 στάσιν,
1481 5127 1581 5199 τὴν
1624 5129 1708 5196 ἐφ’
1752 5122 1896 5200 οἷςῆ

303 5227 487 5288 ἔστιν,
514 5224 547 5296 ἢ
570 5224 791 5294 γέγονεν
816 5224 1017 5295 ἑκάστη
1038 5222 1146 5276 τῶν
1175 5221 1608 5293 σημαινομένων,
1634 5220 1729 5273 καί
1754 5218 1898 5290 ἆπερ

296 5317 424 5375 οἶδε
460 5318 702 5389 φυσικῶς
748 5334 808 5370 τε
854 5316 949 5370 καὶ
984 5314 1339 5387 ἀμεταθέτως
1380 5314 1642 5385 ἐνεργεῖν.
1686 5310 1896 5364 Ἦκέτω

298 5412 386 5481 δὲ,
420 5413 472 5465 εί
497 5410 665 5473 δοκεῖ,
706 5409 802 5463 καὶ
832 5408 919 5463 διὰ
958 5407 1416 5480 παραδειγμάτων
1447 5408 1475 5460 ὁ
1509 5405 1687 5475 λόγος.
1723 5404 1895 5457 ’Ὅταν

371 5662 426 5695 ³⁹
452 5672 616 5729 Joan.
649 5689 679 5727 x
707 5715 721 5739 ,
753 5673 842 5729 50.
922 5675 968 5706 δ’
998 5672 1157 5729 Joan.
1192 5692 1304 5741 xiv,
1333 5675 1387 5729 9.
1462 5675 1578 5707 ἰι-δ’
1612 5673 1806 5744 Philip.
1850 5688 1926 5737 11,

2007 4403 2174 4459 modo
2219 4418 2333 4457 rem
2370 4402 2709 4472 propositam
2761 4400 2989 4470 insuper
3035 4398 3418 4471 explicandam
3460 4417 3586 4458 esse

2006 4510 2152 4563 reor,
2191 4500 2247 4551 et
2278 4494 2496 4549 acutius
2526 4492 2675 4548 illius
2719 4491 3081 4548 theorematis
3120 4493 3391 4548 rationem
3430 4493 3580 4549 intu-

2006 4585 2224 4641 endam.
2258 4602 2277 4637 ι
2303 4583 2419 4640 Non
2451 4592 2656 4655 potest,
2706 4603 2725 4637 ι
2755 4584 2959 4656 inquit,
2988 4603 3006 4636 ι
3042 4581 3215 4639 Filius
3237 4600 3267 4639 a
3307 4601 3367 4641 se
3401 4582 3583 4642 facere

2006 4676 2329 4748 quidquam,
2359 4677 2463 4732 nisi
2499 4676 2667 4748 quod.
2691 4674 2893 4732 viderit
2933 4673 3149 4731 Patrem
3203 4674 3514 4731 facientem.
3555 4693 3577 4729 ι

2006 4768 2145 4829 Illud
2179 4788 2198 4822 ι
2237 4765 2358 4823 Non
2390 4775 2593 4839 potest,
2642 4787 2662 4820 ι
2698 4768 2814 4825 sive
2851 4767 3177 4839 impossibile
3219 4778 3319 4834 est,
3350 4768 3417 4825 de
3455 4770 3577 4839 qui-

2006 4858 2238 4914 busdam
2262 4859 2615 4931 praedicatur,
2640 4860 2758 4916 sive
2787 4860 3072 4916 nonnullis
3096 4860 3263 4916 rebus
3296 4860 3578 4914 tribuitur.

2003 4949 2140 5006 Illud
2165 4954 2334 5016 enim,
2368 4952 2681 5023 praedicari,
2712 4970 2820 5008 non
2851 4954 3040 5024 utique
3068 4952 3451 5008 necessitatem
3484 4958 3581 5005 aut

2004 5040 2435 5097 imbecillitatem
2478 5042 2796 5113 signiﬁcare
2828 5044 3085 5109 dicimus,
3122 5042 3217 5099 sed
3260 5043 3580 5112 plerumque

2001 5131 2224 5187 denotat
2262 5142 2589 5188 naturarum
2620 5135 3002 5201 stabilitatem,
3051 5143 3105 5189 et
3143 5135 3576 5190 substantiarum

1999 5231 2202 5279 statum
2234 5225 2629 5279 inconcussum
2663 5226 2846 5294 quoad
2877 5225 3206 5293 essentiam,
3246 5232 3301 5281 et
3352 5233 3579 5279 natura-

2002 5315 2108 5371 lem
2160 5322 2327 5383 atque
2367 5314 2765 5371 immutabilem
2814 5317 3187 5386 operationem
3222 5315 3578 5388 uniuscujus-

2001 5420 2126 5476 que.
2145 5404 2274 5469 Sed,
2304 5404 2349 5460 si
2374 5404 2551 5476 juvat,
2584 5405 2750 5461 etiam
2776 5405 3043 5476 exemplis
3073 5421 3188 5463 rem
3218 5406 3577 5481 explicemus.

1961 5674 2013 5727 τ.
2095 5674 2136 5705 ⁸³
2161 5672 2319 5728 Joan.
2354 5687 2394 5741 ι,
2431 5674 2515 5729 14.
