4044 6200
475 201 578 260 359.

1492 201 1544 253 s.
1585 181 1862 252 Cvmw
1902 197 2367 253 annxaxnnm
2409 197 2724 252 ARClllEl‘.

3607 199 3710 256 360

477 315 532 370 Si
559 314 704 385 quis,
749 313 983 382 exempli
1015 311 1212 384 gratia,
1261 313 1411 365 dicat
1440 328 1497 366 se
1533 328 1638 366 non
1681 329 1842 382 posse
1869 328 2036 382 grave

2149 315 2417 385 ἰνθρωπος
2447 315 2576 386 εἴπῃ
2601 313 2779 383 τυχὸν,
2827 314 3006 382 ἇπηχύ
3037 330 3095 365 τε
3132 307 3242 380 [ῗσ.
3271 310 3503 384 ἀπηχὲς]
3543 313 3710 379 εἰκὸς,

474 418 638 476 atque
689 414 904 474 portatu
949 404 1166 458 diflicile
1216 403 1421 472 lignum
1471 412 1706 472 gestare,
1735 419 1888 460 suam
1934 405 2038 457 im-

477 497 830 550 becillitatem
877 495 1079 563 prodit.
1135 492 1231 547 Sin
1267 504 1447 549 autem
1477 495 1618 550 alius
1649 496 1834 549 dicat:
1869 494 2042 550 [Ionio

476 586 706 640 rationis
751 597 972 652 compos
1005 597 1128 636 cum
1159 583 1288 646 siin,
1332 593 1384 637 et
1433 584 1690 637 rationali
1741 591 2040 654 prognatus

475 686 647 746 patre,
683 690 790 728 non
817 689 1040 744 possum
1073 673 1254 730 facere
1283 676 1564 744 proprium
1590 676 1758 731 veluti
1780 674 2040 746 quiddam

473 777 527 821 et
567 782 596 820 a
632 767 860 835 meipso,
892 765 1038 835 quod
1087 782 1196 820 non
1232 767 1442 821 videam
1490 767 1669 824 inesse
1695 775 1908 822 natura:
1949 766 2044 821 Pa-

475 859 615 922 tris;
653 866 783 912 tunc
825 857 958 912 illud
994 877 1013 908 ι
1053 857 1168 912 Νοη
1208 873 1430 928 possum
1487 878 1505 910 ι
1542 859 1906 915 substantiam
1947 858 2042 912 ﬁr-

476 965 617 1004 mam
639 965 784 1011 esse,
807 957 862 1003 et
891 950 1090 1003 mutari
1121 966 1232 1004 non
1264 967 1423 1020 pOSse
1449 952 1504 1004 in
1532 952 1678 1005 aliud
1704 953 1772 1006 ab
1800 967 1866 1006 eo
1895 951 2042 1020 quod

473 1046 578 1100 est,
606 1038 900 1108 signiﬁcat.
937 1037 1053 1091 Non
1090 1054 1312 1108 possum
1333 1039 1501 1104 enim,
1535 1040 1733 1110 inquit,
1769 1056 1799 1093 a
1833 1041 2042 1110 meipso

475 1145 582 1184 non
629 1145 752 1186 esse
797 1131 1000 1184 animal
1031 1131 1283 1185 rationis
1329 1146 1576 1202 compos,
1621 1131 1927 1203 profligatis
1974 1133 2041 1187 iis

473 1238 595 1293 quae
645 1231 852 1276 naturae
889 1223 1076 1276 insunt
1121 1222 1516 1291 praarogativis.
1557 1221 1675 1278 Non
1710 1224 1858 1279 enim
1885 1223 2042 1278 video

477 1325 637 1378 posse
661 1310 764 1362 hoc
784 1309 895 1378 pati
923 1310 977 1362 in
1009 1311 1183 1379 patris
1207 1318 1424 1364 natura.
1450 1310 1654 1367 Eodem
1676 1314 1858 1384 itaque
1880 1311 2042 1368 modo

473 1401 752 1462 Christum
799 1399 1069 1455 dicentem
1101 1400 1410 1472 intelliges:
1446 1420 1464 1454 ι
1497 1402 1616 1458 Non
1662 1413 1841 1474 potest
1869 1403 2042 1460 Filius

474 1506 504 1542 a
549 1505 608 1544 se
657 1489 836 1544 facere
882 1491 1208 1561 quidquam,
1246 1492 1354 1548 nisi
1387 1493 1535 1564 quod
1577 1495 1774 1551 viderit
1820 1494 2040 1551 Patrem

475 1581 792 1636 facientem.
849 1601 866 1633 ι
920 1581 1096 1636 Nolite
1132 1582 1278 1636 enim
1307 1625 1322 1648 ,
1371 1584 1589 1654 inquit,
1637 1586 2044 1656 reprehendere

2144 406 2236 458 καὶ
2263 404 2401 473 βαρὺ
2438 404 2512 474 μὴ
2533 403 2787 456 δύνασθαι
2808 401 3142 472 διακομίζειν
3167 400 3340 465 ξύλον,
3370 401 3468 470 τῆς
3491 401 3713 472 ἐνούσης

2143 497 2320 548 αὐτῶν
2350 495 2458 566 [ῑσ.
2483 493 2653 565 αὐτῷ]
2693 493 2978 557 ἀσθενείας
3009 495 3305 563 κατηγορεῖ
3331 509 3343 520 ·
3387 494 3517 546 ὅταν
3549 492 3605 545 δέ
3633 510 3714 555 τις

2142 587 2325 656 ἕτερος
2354 585 2505 658 εἴπῃ,
2545 585 2865 656 Ἀνθρωπος
2886 584 2961 637 ὢν
2989 584 3205 652 λογικὸς
3237 582 3378 636 κατά
3413 582 3594 653 φύσιν,
3623 585 3715 636 καὶ

2143 679 2206 731 ἐκ
2249 677 2466 746 λογικοῦ
2519 677 2658 729 κατὰ
2703 677 2865 746 φύσιν
2914 676 3312 745 γεγεννημένος
3359 674 3601 743 πατρὸς,
3656 675 3716 727 of.

2142 768 2376 838 δύναμαι
2408 770 2580 821 ποιεῖν
2608 766 2796 837 ὥσπερ
2826 766 2955 820 ῐδιόν
2979 783 3032 819 τι
3059 767 3152 820 καὶ
3177 767 3269 819 ἀπ’
3302 765 3563 835 ἐμαυτοῦ,
3589 764 3617 816 δ
3643 765 3718 834 μὴ

2145 857 2354 925 βλέπων
2378 856 2761 926 προσπεφυκδς
2783 858 2848 926 τῇ
2879 855 2974 908 τοῦ
3000 857 3362 925 γεννήσαντος
3392 853 3571 923 φύσει,
3595 855 3719 906 τότε

2142 947 2202 1000 τὸ
2229 965 2246 996 ι
2270 947 2344 999 Οὑ
2377 945 2650 1015 δύναμαι»
2683 946 2781 1014 τὴν
2806 945 2905 1014 τῆς
2931 945 3117 1007 οὐσίας
3152 944 3493 1015 ἑδραιότητα,
3525 943 3620 997 καὶ
3657 943 3718 995 τδ

2142 1040 2534 1110 ἀμετάπτωτον
2563 1040 2640 1103 είς
2663 1037 2851 1106 ἐτερόν
2875 1053 2928 1088 τι
2960 1035 3089 1106 παρ’
3121 1036 3258 1105 ὅπερ
3289 1035 3519 1105 ὑπάρχει
3546 1033 3713 1104 δηλοῖ.

2144 1131 2218 1184 Οὑ
2245 1130 2475 1200 δύναμαι
2517 1127 2650 1197 γάρ,
2679 1128 2863 1196 φησὶν,
2895 1125 2992 1180 ἀπ’
3025 1124 3264 1195 ἐμαυτοῦ
3299 1123 3371 1194 μὴ
3401 1121 3538 1176 εἶναι
3579 1121 3716 1186 ζῶον

2143 1221 2378 1289 λογικὸν,
2422 1219 2531 1272 τῶν
2561 1221 2626 1290 τῇ
2676 1218 2834 1286 φύσει
2881 1216 3191 1287 προσόντων
3236 1213 3716 1285 κατευμεγεθήσας

2143 1309 2648 1382 πλεονεκτημάτων.
2675 1310 2747 1362 Οὑ
2775 1309 2882 1380 γὰρ
2907 1307 3018 1379 ὁρῶ
3044 1306 3106 1359 τὸ
3138 1304 3394 1360 δύνασθαι
3423 1305 3580 1359 τοῦτο
3611 1323 3714 1359 πα-

2143 1401 2256 1456 θεῖν
2281 1403 2338 1454 ἐν
2363 1404 2429 1472 τῇ
2459 1399 2553 1454 τοῦ
2579 1399 2826 1462 τεκόντος
2862 1398 3040 1467 φύσει.
3084 1399 3238 1452 Κατά
3270 1397 3457 1450 τοῦτον
3487 1393 3578 1451 οῦν
3607 1398 3710 1468 ἄρα

2141 1496 2233 1550 τὸν
2259 1495 2460 1566 τρόπον
2483 1492 2691 1564 ἀκούσῃ
2715 1492 2966 1560 λέγοντος
2991 1490 3086 1543 τοῦ
3115 1489 3350 1562 Χριστοῦ
3367 1505 3381 1518 ο
3423 1507 3441 1540 ι
3461 1489 3534 1541 Οὑ
3555 1488 3709 1542 δύνα-

2143 1605 2232 1640 ται
2254 1589 2282 1640 6
2314 1587 2442 1650 Υἱὸς
2473 1588 2648 1638 ποιεῖν
2678 1585 2770 1653 ἀφ’
2796 1583 2989 1638 ἐαυτοῦ
3026 1582 3196 1648 οὐδὲν,
3226 1581 3319 1634 ἐὰν
3353 1582 3426 1652 μή
3455 1598 3504 1633 τι
3540 1580 3712 1653 βλέπῃ

475 1689 640 1744 epera
683 1671 806 1726 Filii
839 1691 854 1728 :
888 1672 1162 1728 Genitoris
1209 1676 1411 1745 quippe
1445 1677 1528 1733 sui
1560 1678 1860 1732 essentiam
1896 1678 2044 1732 velut

2149 1677 2234 1731 τὸν
2264 1677 2483 1746 Πατέρα
2522 1675 2802 1730 ποιοῦντα.
2843 1694 2862 1726 ι
2915 1674 3007 1745 Μὴ
3052 1673 3340 1743 ἐπιτιμᾶτε
3387 1671 3511 1742 γὰρ.
3557 1671 3710 1741 φησὶ,

476 1765 532 1820 in
589 1766 708 1820 suis
759 1765 1190 1835 cogitationibus
1241 1768 1358 1823 sive
1403 1769 1754 1824 naturalibus
1801 1769 2042 1825 motibus

478 1857 874 1926 contemplans,
915 1873 1146 1928 quarum
1185 1875 1367 1914 rerum
1415 1861 1666 1931 opificem
1710 1861 2044 1916 convenien-

478 1953 561 2001 ter
609 1964 731 2004 esse
786 1952 952 2016 videt,
996 1952 1095 2005 has
1156 1952 1344 2021 utique
1391 1951 1543 2018 facit,
1572 1969 1635 2010 ac
1688 1954 1828 2007 nihil
1870 1954 2042 2021 aliud,

479 2055 604 2093 cum
667 2057 773 2094 non
831 2043 1007 2112 possit
1049 2045 1253 2112 aliquid
1303 2061 1492 2099 eorum
1543 2062 1666 2116 qua:
1709 2054 1906 2116 praeter
1948 2062 2046 2101 na-

481 2137 661 2183 turam
717 2147 870 2185 suam
918 2141 1047 2187 sunt
1101 2135 1236 2203 pati,
1280 2144 1568 2205 pr0pterea
1617 2137 1763 2206 quod
1813 2151 1880 2192 ex
1926 2136 2045 2207 ipsa

481 2223 586 2277 est.
637 2222 877 2292 Exempli
909 2226 1121 2294 gratia:
1175 2234 1372 2279 natura
1424 2225 1602 2281 Patris
1664 2227 1825 2281 habet
1872 2236 1930 2281 ut
1974 2229 2048 2283 sit

481 2316 802 2371 misericors
829 2318 981 2392 ;.hoc
1017 2325 1168 2372 certo
1204 2317 1377 2373 Filius
1417 2333 1539 2372 cum
1583 2319 1631 2372 ei
1684 2334 1905 2388 quoque
1958 2320 2045 2374 in-

482 2420 603 2459 esse
644 2407 844 2467 videat,
882 2415 940 2459 ut
991 2408 1083 2475 qui
1131 2408 1204 2461 sit
1257 2423 1324 2461 ex
1385 2407 1525 2477 ipso,
1583 2411 1909 2462 naturaliter
1942 2410 2046 2464 mi-

483 2499 720 2552 sericors
750 2507 854 2559 est,
889 2514 989 2552 nec
1018 2507 1199 2570 potest
1237 2499 1385 2553 aliud
1425 2515 1547 2554 esse
1573 2516 1736 2571 quam
1771 2502 1915 2571 quod
1955 2503 2048 2557 illa

481 2588 639 2657 221
673 2596 778 2642 est.
811 2587 982 2642 liabet
1026 2589 1170 2641 enim
1208 2604 1273 2642 ex
1307 2588 1486 2654 Patre,
1526 2599 1583 2643 ut
1633 2593 1945 2656 essentiam,
1975 2593 2049 2646 ita

483 2694 700 2748 quoque
756 2679 1006 2733 essentia:
1045 2681 1186 2732 bona
1223 2696 1236 2732 :
1280 2679 1601 2748 simpliciter
1649 2681 1945 2746 nimirum,
1994 2691 2050 2736 et

482 2772 619 2825 citra
668 2771 1141 2839 compositionem,
1193 2781 1249 2824 ut
1284 2770 1727 2840 Deuszideoque
1775 2773 2050 2840 sapienter

484 2861 669 2917 statim
723 2861 944 2929 subiicit
979 2877 1043 2934 τι
1079 2860 1428 2930 Quaecunque
1483 2861 1625 2914 enim
1687 2861 1776 2914 ille
1823 2859 2047 2922 fecerit,

485 2953 599 3007 haec
637 2960 691 3006 et
728 2951 897 3006 Filius
925 2952 1174 3006 similiter
1208 2951 1358 3014 facit,
1402 2971 1432 3014 ι,
1455 2960 1642 3015 totam,
1668 2961 1727 3006 ut
1750 2953 1804 3006 in
1836 2966 2048 3006 summa

483 3042 686 3110 dicam,
727 3042 1176 3112 signiﬁcationem
1207 3029 1740 3106 borum-verborum,
1762 3057 1865 3097 non
1889 3057 2050 3111 posse

485 3147 515 3187 ε
574 3135 865 3202 semetipso
918 3132 1096 3188 facere
1141 3133 1463 3202 quidquam,
1515 3134 1620 3186 nisi
1651 3133 1799 3203 quod
1849 3133 2051 3188 viderit

481 3224 699 3279 Patrem
735 3224 1044 3287 facientem,
1075 3223 1164 3276 hic
1210 3223 1497 3292 colligens.
1531 3223 1682 3287 Quod
1721 3223 1766 3276 si
1800 3237 2046 3288 causam,

483 3317 553 3369 ob
591 3331 754 3384 quam
780 3316 891 3367 ιιωο
926 3314 1094 3369 Filius
1120 3314 1272 3377 dicit,
1318 3315 1584 3384 inquiras,
1627 3315 1938 3369 accuratius
1969 3315 2053 3369 di-

485 3407 592 3460 ctis
631 3407 870 3459 animum
912 3407 1182 3461 advertes.
1216 3405 1383 3476 Igitur
1413 3407 1673 3476 quoniam
1701 3405 1788 3460 die
1825 3407 2050 3462 Sabbati

487 3497 770 3568 paralytici
803 3499 1058 3553 misertus
1075 3507 1212 3560 erat,
1255 3483 1426 3552 Judaei
1457 3499 1633 3566 ipsum
1656 3498 1912 3552 insectari
1941 3514 2052 3553 cm-

488 3595 724 3655 perunt:
760 3587 852 3642 sed
901 3587 1154 3642 Christus
1207 3601 1302 3640 eos
1339 3585 1692 3651 3confundit,
1755 3585 2051 3641 ostendens

488 3677 654 3732 Deum
681 3693 743 3730 ac
771 3676 984 3733 Patrem
1031 3678 1278 3732 misereri
1312 3677 1571 3732 Sabbato.
1612 3675 1721 3731 Nec
1756 3678 1897 3731 enim
1928 3693 2052 3748 pro-

482 3769 718 3824 hibenda
753 3770 966 3824 censuit
990 3785 1111 3838 qua:
1133 3770 1197 3823 ad
1217 3770 1446 3823 salutem
1472 3777 1714 3824 nostram
1736 3768 2047 3824 conferunt.

487 3858 552 3912 Et
575 3869 721 3914 certe
750 3861 906 3914 initio
931 3861 1101 3915 dixit:
1128 3879 1145 3913 ‹
1170 3860 1331 3915 Pater
1353 3875 1507 3915 meus
1539 3876 1714 3930 usque
1737 3861 1900 3914 modo
1918 3875 2048 3930 o_pe-

485 3962 659 4017 ratur,
711 3963 762 4007 et
827 3968 928 4022 ego
987 3968 1204 4022 operor.
1243 3971 1262 4004 ›
1296 3951 1402 4007 Sed
1435 3954 1690 4022 quoniam
1741 3967 1852 4022 pra:
1881 3953 2053 4006 multa

485 4044 729 4102 vecordia
764 4052 985 4112 gravate
1031 4045 1144 4097 haec
1184 4045 1326 4098 ferre
1354 4043 1697 4105 videbantur,
1717 4042 1901 4098 subdit
1927 4059 2052 4097 rur-

483 4151 604 4190 sum
633 4151 646 4187 :
685 4153 703 4185 ι
743 4135 859 4189 Non
889 4142 1067 4204 potest
1091 4133 1262 4188 Filius
1293 4149 1322 4186 a
1367 4135 1658 4204 semetipso
1689 4133 1872 4188 facere
1895 4133 2054 4202 quid-

484 4239 668 4293 quam,
713 4224 818 4278 nisi
863 4223 1007 4292 quod
1061 4223 1258 4277 viderit
1297 4222 1510 4276 Patrem
1553 4221 1866 4277 facientem.
1892 4221 2053 4286 Qua:-

2143 1769 2256 1830 τοῖς
2280 1765 2462 1838 ἔργοις
2489 1765 2580 1819 τοῦ
2609 1763 2740 1819 Υίοῦ
2767 1781 2782 1796 ⁸
2825 1763 2924 1835 τὴν
2946 1763 3053 1834 γὰρ
3072 1761 3166 1815 τοῦ
3188 1761 3432 1824 τεκόντος
3452 1761 3612 1813 αὑτὸν
3639 1761 3714 1822 ὼς

2145 1861 2202 1914 ἐν
2227 1860 2382 1924 ἰδίαις
2400 1859 2648 1925 ἐννοίαις,
2672 1860 2785 1928 ἢτοι
2811 1858 3054 1928 φυσικοῖς
3077 1855 3368 1926 κινήμασιν
3392 1853 3713 1924 ἀναθεωρῶν

2145 1953 2353 2020 οὐσίαν,
2373 1945 2554 2023 ὧνπερ
2567 1951 2631 2005 ἃν
2649 1950 2746 2003 ἴδοι
2767 1949 3078 2020 πρεπόντως
3093 1947 3314 2018 ἐργάτιν
3345 1945 3530 2015 αὑτὴν,
3546 1943 3716 1996 ταῦτα

2145 2046 2210 2117 δὴ
2227 2045 2572 2118 πράττει,καὶ
2587 2044 2769 2115 ἓτερον
2783 2042 2953 2105 οὑδέν,
2968 2040 3156 2094 παθεῖν
3172 2058 3225 2093 τι
3240 2039 3348 2093 τῶν
3370 2037 3520 2108 παρά
3534 2037 3714 2104 φύσιν,

2147 2135 2234 2189 διὰ
2256 2135 2318 2188 τὸ
2347 2133 2406 2198 ἐξ
2423 2133 2591 2203 αὑτῆς
2619 2132 2903 2202 ὑπάρχειν,
2925 2131 2985 2182 ού
3008 2129 3322 2199 δυνάμενος.
3343 2122 3487 2192 Οἷον,
3517 2127 3628 2196 ἐχει
3657 2125 3716 2178 τὸ

2149 2225 2324 2280 θέλειν
2347 2225 2567 2294 ἐλεεῖνή
2590 2222 2683 2276 τοῦ
2709 2222 2918 2294 Πατρὸς
2951 2220 3110 2290 φύσις
3131 2237 3145 2250 ο
3189 2221 3345 2273 τοῦτο
3379 2219 3441 2289 δὴ
3473 2220 3564 2271 καὶ
3594 2220 3716 2270 ἐνυ-

2150 2316 2358 2388 πάρχον
2385 2316 2520 2386 αὑτῇ
2557 2314 2777 2386 θεωρῶν
2799 2315 2827 2366 6
2865 2313 3007 2376 Υἱὸς,
3046 2313 3121 2374 ὡς
3153 2310 3213 2375 ἐξ
3250 2309 3436 2376 αὑτοῦ,
3475 2309 3716 2380 φυσικῶς

2149 2408 2394 2478 ἐλεήμων
2418 2407 2585 2468 ἐστὶν,
2603 2407 2664 2459 οὑ
2684 2405 2977 2475 δυνάμενος
2991 2404 3075 2456 ἐτε
3085 2403 3173 2474 ρόν
3189 2420 3240 2456 τι
3266 2405 3394 2473 παρ’
3415 2403 3550 2470 ὅπερ
3571 2400 3718 2453 ἐστὶν

2149 2498 2332 2568 ἐκείνη
2360 2497 2630 2566 γενέσθαι.
2670 2495 2820 2566 Ἔχει
2865 2496 2972 2567 γάρ
3008 2497 3070 2548 ἐκ
3104 2495 3336 2566 Πατρὸς,
3379 2493 3566 2564 ὥσπερ
3618 2493 3718 2564 τήν

2149 2589 2355 2651 οὑσίαν,
2391 2587 2531 2642 οὕτω
2558 2589 2652 2642 καὶ
2702 2589 2770 2640 τὰ
2818 2588 2916 2658 τῆς
2962 2587 3149 2650 οὑσίας
3198 2585 3409 2654 ἀγαθάο
3453 2585 3635 2648 ἁπλῶς
3661 2585 3719 2638 δὲ

2149 2680 2308 2748 δῆλον
2339 2681 2420 2732 ὅτι
2453 2681 2545 2732 καὶ
2569 2678 2875 2740 ἀσυνθέτως
2905 2678 2979 2741 ὡς
3023 2677 3184 2740 Θεός·
3218 2676 3387 2730 διάτοι
3421 2673 3580 2726 τοῦτο
3607 2674 3720 2736 τοῖς

2151 2772 2386 2844 πρώτοις
2413 2772 2651 2840 ἐπιλέγει
2685 2771 2861 2840 σοφῶς
2883 2786 2896 2801 ·
2929 2789 2946 2821 ι
2983 2772 3050 2822 Ἃ
3090 2770 3196 2838 γὰρ
3240 2768 3304 2822 ἂν
3337 2769 3540 2829 ἐκεῖνος
3568 2765 3716 2834 ποιῇ,

2149 2864 2321 2918 ταῦτα
2345 2865 2438 2918 καὶ
2457 2867 2485 2917 6
2512 2864 2640 2927 Υἱὸς
2669 2863 2867 2934 ὁμοίως
2890 2865 3080 2915 ποιεῖ’»
3105 2862 3253 2932 ὃλην,
3280 2860 3355 2918 ὡς
3381 2859 3509 2922 έπος
3525 2857 3716 2920 εἰπεῖν,

2149 2955 2249 3027 τὴν
2284 2950 2558 3024 περίνοιαν
2597 2954 2690 3007 τοῦ
2747 2954 2820 3025 μὴ
2863 2953 3122 3007 δύνασθαι
3168 2957 3339 3006 ποιεῖν
3390 2953 3481 3020 ἀφ’
3524 2948 3718 3004 ἐαυτοῦ

2155 3046 2340 3116 μηδὲν,
2375 3045 2468 3098 ἐὰν
2504 3047 2576 3115 μή
2616 3062 2667 3098 τι
2705 3045 2875 3118 βλέπῃ
2908 3045 2997 3097 τὸν
3042 3044 3256 3115 Πατέρα
3292 3042 3566 3108 ποιοῦντα,
3597 3041 3743 3094 συν-’

2151 3137 2298 3204 ἁγων
2329 3135 2383 3188 ἐν
2417 3135 2645 3198 τούτοις.
2692 3135 3165 3205 Ἀναλογιζόμενος
3191 3134 3245 3186 δὲ
3270 3133 3368 3203 τὴν
3395 3133 3597 3196 αἰτίαν,
3632 3132 3723 3200 ἐφ’

2151 3221 2185 3300 ᾖ
2217 3227 2286 3279 τὰ
2315 3225 2537 3280 τοιαῦτά
2577 3243 2738 3296 φησιν
2785 3228 2812 3278 6
2846 3228 2991 3294 Υἱὸς,
3027 3225 3413 3297 ἀκριϐέστερον
3445 3227 3557 3286 τοῖς
3588 3222 3722 3294 παρ’

2151 3315 2330 3370 αὐτῶν
2363 3316 2672 3387 εἰρημένοις
2725 3318 3038 3385 ἐπιστήσεις
3063 3316 3153 3368 τὸν
3179 3315 3321 3368 νοῦν.
3346 3314 3555 3369 Οὐκοῦν
3577 3317 3721 3365 ἐπει-

2150 3407 2325 3478 δήπερ
2381 3409 2438 3460 ὲν
2485 3407 2666 3478 ἡμέρᾳ
2705 3406 2983 3460 Σαϐϐάτου
3037 3407 3126 3459 τὸν
3165 3405 3484 3476 παράλυπον
3548 3404 3716 3474 ἠλέει,

2151 3498 2365 3550 διώκειν
2410 3497 2572 3551 αὑτὸν
2628 3499 2944 3568 ἐπεχείρουν
2988 3498 3037 3550 oi
3079 3497 3352 3549 Ἰουδαῖοι·
3397 3493 3722 3547 δυσωπεῖεδὲ

2151 3592 2349 3654 αὑτοὺς
2396 3592 2424 3644 6
2472 3589 2725 3661 Χριστὸς,
2786 3589 3038 3641 ἐλεοῦντα
3086 3587 3298 3650 δεικνὺς
3338 3586 3428 3638 τὸν
3467 3585 3599 3636 Θεὸν
3631 3584 3724 3638 καὶ

2153 3683 2370 3754 Πατέρα
2403 3683 2543 3736 κατά
2589 3684 2650 3736 τὸ
2693 3681 2988 3734 Σάϐϐατον.
3022 3681 3096 3734 Οὑ
3135 3681 3241 3750 γὰρ
3283 3679 3432 3749 ᾠήθη
3460 3675 3568 3728 δεῖν
3597 3677 3731 3727 ἀπο-

2152 3776 2392 3830 κωλῦσαί
2425 3792 2554 3828 ποτε
2593 3774 2661 3827 τὰ
2707 3775 2805 3827 ὅσα
2851 3774 2954 3845 πέρ
2990 3774 3135 3825 ἐστιν
3176 3774 3255 3834 είς
3309 3770 3580 3840 σωτηρίαν
3624 3767 3725 3837 τὴν

2153 3865 2423 3938 ἡμετέραν
2466 3866 2834 3920 συντείνοντα.
2871 3866 2982 3917 Καὶ
3025 3863 3087 3935 δὴ
3123 3864 3217 3916 καὶ
3254 3862 3487 3931 ἔφασκεν
3524 3862 3582 3914 ἐν
3627 3861 3726 3927 ἀρ-

2153 3961 2303 4028 χαῖς·
2346 3977 2364 4008 ι
2414 3958 2470 4010 Ὁ
2514 3958 2705 4029 Πατήρ
2756 3975 2856 4027 μου
2908 3957 3012 4019 ἓως
3051 3958 3172 4028 ἄρτι
3213 3955 3524 4025 ἐργάζεται,
3568 3951 3724 4020 κάγὼ

2152 4049 2474 4120 ἐργάζομαι.
2515 4066 2532 4098 ι
2563 4047 2781 4116 Ἐπειδὴ
2811 4047 2867 4099 δέ
2891 4049 2982 4100 καὶ
3005 4047 3359 4115 ἀσχάλλοντες
3379 4044 3514 4114 πρὸς
3548 4043 3724 4096 ταῦτα

2152 4141 2238 4194 διά
2257 4139 2454 4210 πολλὴν
2470 4139 2750 4208 ἐφαίνοντο
2771 4137 3105 4204 δυσϐουλίαν,
3137 4137 3377 4205 ἐπιλέγει
3405 4136 3586 4188 πάλιν*
3619 4135 3719 4188 ιΟὑ

2152 4232 2373 4284 δύναται
2425 4233 2453 4284 6
2480 4229 2608 4293 Υἱὸς
2641 4233 2814 4283 ποιεῖν
2868 4231 2960 4298 ἀφ’
2989 4230 3180 4283 ἐαυτοῦ
3230 4229 3405 4292 οὐδὲν,
3442 4229 3535 4281 ἐὰν
3567 4229 3641 4298 μή
3668 4244 3721 4280 τι

485 4325 700 4376 cunque
729 4312 871 4366 enim
903 4313 990 4365 ille
1009 4311 1155 4377 facit,
1175 4312 1290 4366 haec
1315 4321 1367 4366 et
1395 4312 1564 4367 Filius
1591 4312 1843 4366 similiter
1865 4310 2045 4366 facit.»

2157 4323 2330 4396 βλέπῃ
2360 4323 2449 4376 τὸν
2477 4321 2697 4392 Πατέρα
2724 4319 2998 4373 ποιοῦντα.
3033 4320 3098 4372 Ἀ
3123 4320 3232 4390 γὰρ
3249 4319 3311 4372 ἂν
3337 4322 3539 4380 ἐκεῖνος
3571 4320 3720 4388 ποιῇ,

433 4408 438 4414 ’
486 4402 750 4469 Quoniam
790 4402 936 4456 enim
973 4400 1134 4457 Pater
1169 4419 1278 4458 non
1325 4413 1560 4468 recusat,
1597 4403 1795 4474 inquit,
1826 4402 1880 4456 in
1919 4401 2053 4456 Sab-

483 4495 616 4549 bato
635 4492 904 4559 misereri,
924 4510 1050 4548 cum
1067 4510 1190 4549 eum
1224 4510 1616 4565 usquequaque
1643 4494 2050 4549 misericordem

487 4600 609 4640 esse
640 4585 872 4647 videam,
907 4585 1112 4639 idcirco
1141 4587 1304 4640 etiam
1336 4601 1437 4656 ego
1460 4601 1852 4655 usquequaque
1885 4586 2050 4640 mise-

488 4689 631 4736 reor,
661 4674 754 4744 qui
785 4673 963 4728 Patris
992 4676 1284 4729 essentiam
1313 4677 1368 4730 in
1394 4676 1602 4744 meipso
1622 4676 1912 4732 immutare
1939 4693 2051 4733 non

488 4781 734 4836 possum,
777 4765 851 4819 ita
886 4776 945 4820 ut
978 4781 1086 4819 non
1117 4765 1299 4820 videar
1321 4773 1375 4820 et
1413 4766 1513 4821 sim
1553 4767 1696 4832 talis,
1730 4769 1908 4838 qualis
1936 4769 2054 4840 ipse

486 4865 571 4912 est
603 4858 903 4913 secundum
929 4865 1199 4911 naturam.
1225 4855 1580 4926 Quaecunque
1595 4859 1740 4913 enim
1767 4859 1887 4930 ejus
1924 4870 2051 4917 sunt

485 4963 705 5018 operor,
739 4959 796 5002 ut
820 4947 1093 5004 exsistens
1126 4964 1192 5004 ex
1233 4948 1383 5017 ipso.
1407 4947 1596 5004 Dicere
1625 4958 1804 5004 autem
1830 4949 2052 5008 Patrem

484 5055 650 5109 Opera
677 5040 828 5110 prius
886 5040 1165 5105 inchoare,
1222 5048 1464 5096 extrema
1495 5056 1602 5094 non
1637 5049 1786 5096 caret
1809 5041 2049 5100 inscitia.

487 5131 769 5196 Quomodo
796 5133 940 5185 enim
978 5131 1093 5200 ipse
1131 5133 1357 5188 seorsini
1393 5147 1456 5188 ac
1504 5134 1654 5189 scius
1687 5133 2049 5207 inchoaverit,

485 5236 607 5274 cum
636 5222 812 5276 virtus
835 5223 954 5291 ejus
982 5237 1088 5291 qua
1113 5223 1166 5276 in
1187 5223 1446 5278 omnibus
1479 5233 1736 5294 operatur
1762 5225 1832 5278 sit
1855 5223 2050 5298 Filius,

486 5309 577 5378 qui
611 5310 679 5364 ab
733 5321 934 5368 aeterno
985 5313 1205 5382 quidem
1255 5313 1303 5367 ei
1349 5313 1508 5376 inest,
1538 5313 1872 5368 voluntatem
1924 5330 2053 5368 vero

486 5401 606 5468 ejus
644 5413 696 5454 et
726 5405 1014 5459 motionem
1039 5405 1094 5458 in
1129 5405 1341 5471 agendo
1361 5403 1777 5472 exprimitJam
1811 5406 1854 5457 si
1887 5405 2055 5459 stulte

489 5491 821 5545 contendunt
851 5495 1026 5562 ipsum
1070 5507 1388 5564 exspectare
1436 5495 1490 5547 in
1531 5509 1862 5564 unoquoque
1887 5511 2052 5564 opere

491 5577 819 5649 singularem
849 5584 1026 5640 Patris
1059 5588 1452 5656 operationem,
1500 5594 1555 5639 ut
1583 5586 1833 5644 similiter
1872 5588 2050 5642 imite-

2156 4411 2323 4465 ταῦτα
2351 4412 2486 4464 καὶὸ
2518 4411 2644 4472 Υἱὸς
2663 4409 2863 4480 ὁμοίως
2900 4411 3061 4461 ποιεῖ.
3097 4427 3114 4457 ι
3146 4408 3295 4460 Ἐπεὶ
3315 4407 3421 4476 γὰρ
3443 4407 3502 4459 ού
3527 4422 3722 4475 παραις

2154 4504 2352 4566 τεῖται,
2389 4501 2573 4570 φησιν,
2622 4501 2650 4552 6
2704 4497 2893 4568 Πατὴρ
2922 4499 3089 4550 ἐλεεῖν
3115 4498 3172 4549 ἐν
3195 4495 3476 4566 Σαϐϐάτῳ,
3511 4497 3728 4566 βλέπων

2153 4591 2284 4646 ὄντα
2335 4591 2424 4644 διά
2484 4589 2682 4652 παντὸς
2749 4588 3193 4658 φιλοικτίρμονα,
3253 4587 3510 4661 ταύτῃτοι
3569 4585 3729 4652 κάγὼ

2153 4681 2241 4735 διὰ
2271 4681 2468 4741 παντὸς
2502 4679 2658 4742 ἐλεῶ,
2687 4679 3075 4748 καινοτομῆσαί
3121 4695 3236 4740 πως
3264 4677 3358 4730 τοῦ
3388 4676 3596 4746 Πατρὸς
3628 4679 3729 4746 τὴν

2153 4772 2339 4826 οὑσίαν
2368 4773 2423 4823 ἐν
2449 4769 2670 4839 ἐμαυτῷ
2709 4769 2784 4840 μὴ
2827 4769 3140 4839 δυνάμενος,
3171 4769 3258 4822 διά
3290 4767 3381 4822 τοῦ
3433 4767 3505 4838 μὴ
3537 4769 3729 4836 φαίνε-

2155 4862 2279 4916 σθαι
2309 4861 2403 4914 καὶ
2438 4855 2578 4912 εἶναι
2606 4858 2862 4922 τοιοῦτος,
2901 4859 3082 4922 ὁποῖός
3129 4859 3245 4912 ἐστι
3275 4863 3414 4914 κατά
3438 4858 3596 4928 φύσιν
3631 4861 3730 4913 αύ-

2153 4952 2262 5014 τός.
2306 4949 2575 5020 Ἐνεργῶν
2613 4947 2722 5018 γὰρ
2762 4946 2998 5010 πάντως.
3027 4947 3102 5010 ὼς
3141 4944 3200 5008 ἐξ
3233 4946 3418 5011 αὑτοῦ,
3440 4945 3508 4999 τά
3535 4945 3725 4999 αὑτοῦ.

2152 5043 2225 5096 Τὸ
2252 5042 2308 5094 δὲ
2337 5039 2514 5108 λέγειν
2539 5037 3010 5110 προκαταρκτικὸν
3038 5037 3145 5090 τῶν
3173 5037 3348 5108 ἔργων
3378 5038 3467 5090 τδν
3506 5037 3726 5107 Πατέρα

2154 5134 2437 5204 ὑπάρχειν,
2477 5131 2715 5200 ἀμαθίας
2754 5129 2987 5200 ἐσχάτης
3033 5129 3132 5181 οὐκ
3172 5131 3411 5200 ἀμοιρεῖ.
3453 5128 3576 5192 Πῶς
3620 5130 3723 5198 γὰρ

2153 5227 2220 5278 ἂν
2247 5224 2405 5288 αὑτὸς
2438 5223 2541 5294 ἰδίᾳ
2561 5223 2652 5276 καὶ
2685 5221 2840 5292 μόνος
2864 5220 3298 5291 προκατάρξαιτὸ
3321 5237 3473 5283 ποτε,
3497 5220 3722 5288 δύναμιν

2152 5317 2289 5385 ἔχων
2340 5314 2423 5382 ἐφ’
2465 5313 2665 5366 ἅπασιν
2714 5312 3067 5382 ἐνεργητικὴν
3111 5310 3201 5363 τὸν
3241 5312 3404 5377 Υίὸν,
3451 5312 3723 5380 συνυπάρ-

2153 5423 2316 5476 χοντα
2351 5406 2448 5475 μὲν
2477 5405 2656 5464 άῖδίως
2698 5403 2866 5473 αύτῷ,
2899 5403 3168 5472 θελήσεως
3201 5403 3257 5456 δὲ
3301 5403 3398 5472 τῆς
3431 5401 3524 5454 ἐπί
3553 5418 3606 5453 τι
3636 5401 3725 5452 καῖ⁸

2154 5497 2416 5567 κινήσεως
2435 5499 2531 5566 τῆς
2553 5496 2670 5546 κατ’
2693 5494 2972 5563 ἐνέργειαν
2989 5494 3085 5562 τὴν
3102 5493 3193 5546 ἐπί
3210 5509 3350 5546 τισιν
3379 5491 3722 5560 ἐκφαντικόν.

2153 5588 2263 5640 Καὶ
2297 5589 2344 5639 εί
2369 5585 2680 5656 περιμένειν
2721 5587 2881 5638 αὑτὸν
2908 5586 3003 5656 τὴν
3048 5587 3133 5658 ἐφ’
3163 5586 3378 5656 ἑκάστῳ
3410 5583 3518 5638 τῶν
3548 5583 3726 5655 ἔργων
