4044 6200
470 251 576 305 363

1459 251 1515 306 S.
1549 249 1836 305 CYRILLI
1870 251 2342 308 ALEXANDRIN!
2380 252 2704 313 ARCIIIEP.

3618 257 3722 308 ΖΜ

473 373 657 441 seipso
681 367 897 436 Filium,
927 383 990 423 ac
1022 367 1259 424 vicissim
1285 365 1460 422 Filius
1498 368 1556 420 in
1605 368 1788 437 seipso
1808 368 2047 424 Patrem.

2156 372 2316 443 τέρου
2349 372 2552 440 γνῶσις
2577 372 2636 424 ού
2685 371 2966 434 διδακτῶς,
3007 372 3140 425 ἀλλὰ
3189 371 3463 441 φυσικῶς·
3506 376 3600 427 καὶ
3629 377 3730 445 ὁρᾷ

474 459 680 515 Idcirco
709 464 782 515 ait
809 479 821 516 :
854 479 872 512 ι
907 459 1018 530 Ego
1045 461 1098 513 in
1130 458 1308 522 Patre,
1337 469 1391 513 et
1419 457 1580 513 Pater
1608 459 1662 512 in
1696 474 1782 513 me
1813 469 1897 514 est
1929 461 1993 512 ".
2021 481 2040 513 ι

475 546 608 600 Illud
639 555 841 611 autem,
876 547 1047 601 videre
1073 554 1127 601 et
1174 546 1360 610 videri,
1402 545 1511 601 Deo
1542 548 1930 604 convenienter
1959 549 2049 605 hic

389 695 399 699 _
475 653 668 694 rursus
697 638 1021 708 capiendum
1055 644 1162 692 est.

544 904 624 970 γ,
659 905 750 960 9.0.
796 904 860 958 Et
890 905 1097 974 majora
1130 906 1210 959 his
1249 905 1632 961 demonstrabit
1671 910 1720 962 ei
1758 925 1915 976 Opera
1939 949 1952 974 ,
1992 921 2048 963 ut

473 1013 562 1051 vos
587 997 872 1050 miremini.

546 1089 604 1144 In
647 1088 1026 1159 superioribus
1057 1087 1224 1144 refert
1240 1088 1434 1144 beatus
1467 1091 1799 1162 evangelista
1828 1090 2050 1148 Iudaeos

474 1179 663 1234 Jesum
711 1178 1154 1234 interﬁciendum
1189 1194 1465 1249 quaerere,
1511 1181 1770 1249 quoniam
1813 1197 1921 1237 non
1957 1198 2049 1237 so-

475 1273 586 1326 lum
611 1272 854 1327 solvebat
903 1270 1239 1336 Sabbatum,
1291 1270 1387 1326 sed
1432 1278 1486 1326 et
1512 1270 1729 1328 Patrem
1773 1289 1934 1328 suum
1967 1275 2050 1329 di-

471 1361 842 1424 eebatDeum,
867 1362 1130 1430 aequalem
1161 1362 1405 1430 seipsum
1436 1360 1645 1418 faciens
1677 1363 1786 1418 Deo
1821 1364 1916 1416 δυ’.
1944 1365 2052 1419 Ac-

474 1453 810 1506 eusationem
846 1452 1012 1522 igitur
1031 1452 1219 1507 violati
1256 1451 1483 1506 Sabbati
1514 1453 1774 1509 refutavit
1801 1493 1816 1518 ,
1859 1462 2050 1510 osten-

473 1545 614 1599 dens
655 1544 833 1615 ipsum
879 1558 1104 1613 quoque
1144 1542 1359 1598 Patrem
1409 1545 1628 1614 operari
1680 1545 1735 1598 in
1778 1544 2050 1611 Sabbato,

477 1637 639 1707 longa
698 1637 754 1691 in
809 1637 862 1691 id
910 1637 1160 1691 oratione
1204 1644 1548 1706 consumpta.
1583 1637 1826 1692 Conatur
1871 1647 2051 1694 autem

2154 463 2293 532 μὲνό
2312 463 2446 526 Θεὸς
2469 464 2562 516 καὶ
2589 463 2778 532 Πατὴρ
2819 465 2875 515 ὲν
2921 463 3099 531 ἐαυτῷ
3128 462 3216 515 τὸν
3249 463 3396 528 Υίδν,
3441 464 3545 535 ὁρᾷ
3575 465 3629 518 δὲ
3663 465 3726 520 αὖ

2149 554 2310 607 πάλιν
2354 555 2383 606 6
2433 554 2558 617 Υἱὸς
2603 556 2661 608 ὲν
2707 553 2881 624 ἑαυτῷ
2913 552 3003 605 τὸν
3052 553 3296 624 Πατέρα.
3322 554 3420 606 Διά
3451 572 3533 607 τοι
3572 557 3728 609 τοῦτό

2150 661 2334 714 φησιν’
2383 643 2524 712 Ἐγὼ
2547 645 2604 699 ὲν
2641 644 2720 714 τῷ
2747 643 2940 714 Πατρὶ,
2965 646 3059 696 καὶ
3080 646 3108 696 6
3136 644 3321 715 Πατὴρ
3353 647 3409 697 ὲν
3440 647 3560 716 ἐμοί
3591 651 3725 703 ἐστι.

2149 738 2223 790 Τὸ
2250 737 2304 791 δὲ
2336 735 2483 805 ὁρᾷν
2499 753 2578 801 τε,
2602 738 2692 789 καὶ
2716 733 2987 803 ὁρᾶσθαι,
3013 734 3178 787 πάλιν
3201 736 3257 787 ὲν
3279 734 3488 801 τούτοις
3505 739 3731 793 νοείσθω

2153 828 2500 897 θεοπρεπῶς.
2595 867 2600 880 .
2967 872 2981 885 ,
3426 819 3432 825 ’

2220 919 2330 973 Καὶ
2343 918 2583 988 μείζονα
2603 917 2826 971 τούτων
2853 918 2994 987 ἔργα
3019 918 3200 982 δείξει
3224 915 3385 982 αὐτῷ
3406 959 3420 985 ,
3442 919 3544 972 ἵνα
3564 917 3732 986 ὑμεῖς

2151 1007 2498 1079 θαυμάζητε.

2235 1100 2322 1153 Ἐν
2348 1101 2462 1162 τοῖς
2483 1099 2737 1170 ἀνωτέρω
2763 1096 2968 1166 φησὶνὸ
2999 1096 3286 1167 Μακάριος
3315 1091 3727 1164 εὖαγγελιστὴς,

2152 1189 2226 1252 ὡς
2260 1190 2485 1260 ἐζήτουν
2526 1189 2576 1240 οἱ
2620 1188 2859 1240 Ἰουδαῖοι
2899 1185 2989 1240 τὸν
3031 1184 3237 1256 Ἰησοῦν
3269 1185 3609 1246 ἀποκτεῖναι,
3647 1184 3729 1236 ὅτι

2151 1280 2211 1332 ού
2254 1278 2412 1349 μόνον
2457 1277 2578 1330 ἔλυε
2612 1277 2674 1331 τὸ
2724 1276 3019 1339 Σάδδατον,
3045 1275 3178 1328 ἀλλὰ
3227 1275 3321 1327 καὶ
3352 1275 3567 1343 Πατέρα
3599 1275 3732 1345 [διον-

2153 1367 2305 1436 ἐλεγε
2334 1366 2426 1420 τὸν
2465 1366 2617 1430 Θεὸν,
2657 1368 2770 1419 ῖσον
2801 1363 2989 1418 ἑαυτὸν
3017 1362 3182 1415 ποιῶν
3208 1361 3285 1432 τῷ
3315 1362 3452 1432 Θεῷ.
3491 1363 3598 1433 Τὴν
3632 1364 3726 1432 μὲν

2153 1453 2245 1510 οὖν
2283 1457 2375 1508 ἐπὶ
2407 1457 2484 1526 τῷ
2511 1455 2771 1526 Σαὸσᾶτῳ
2811 1454 3146 1523 κατηγορίαν
3177 1454 3600 1517 ἀπεσκευάζετο,
3635 1456 3724 1507 καὶ

2154 1547 2316 1600 αὐτὸν
2364 1548 2668 1610 ἐπιδεικνὺς
2698 1545 2918 1614 ἐνεργὸν
2963 1546 3020 1597 ὲν
3063 1533 3324 1614 Σαϐϐάτῳ
3367 1545 3456 1598 τὸν
3489 1545 3722 1615 Πατέρα,

2155 1637 2250 1690 καὶ
2278 1638 2492 1708 μακρὸν
2526 1639 2616 1690 ἐπὶ
2653 1636 2830 1708 τούτῳ
2856 1635 3278 1707 προσαναλώσας
3312 1634 3486 1705 λόγον.
3519 1636 3640 1689 Ὅτι
3671 1635 3727 1688 δέ

476 1729 859 1782 demonsu‘are
897 1728 1065 1781 etiam
1099 1728 1356 1796 quamvis
1389 1735 1613 1797 propter
1647 1743 1749 1783 nos
1787 1728 1951 1783 homo
1984 1728 2054 1784 sit

2161 1732 2307 1782 ἐστιν
2341 1731 2398 1783 ὲν
2440 1730 2643 1799 ἰσότητι
2671 1732 2736 1800 τῇ
2768 1728 2906 1800 πρὸς
2935 1728 3022 1781 τὸν
3053 1727 3292 1798 Πατέρα,
3327 1728 3422 1780 καὶ
3448 1727 3727 1798 ἄνθρωπος

473 1819 693 1884 factus,
735 1819 1001 1889 aqualem
1042 1828 1222 1873 tamen
1260 1834 1384 1874 esse
1416 1818 1587 1874 Patri.
1627 1819 1739 1876 Hoc
1782 1820 1929 1876 enim
1963 1820 2054 1875 di-

469 1912 709 1967 cendum
745 1912 1005 1967 restabat.
1032 1911 1269 1982 Ideoque
1295 1913 1406 1965 ait:
1434 1931 1454 1964 ι
1479 1913 1686 1982 Majora
1709 1913 1793 1969 his
1821 1917 2055 1969 demon-

477 2005 677 2060 strabit
699 2005 746 2059 ei
770 2019 933 2074 opera
953 2043 969 2068 ,
994 2011 1056 2057 ut
1085 2018 1182 2057 vos
1211 2004 1504 2058 miremini.
1533 2023 1551 2054 ι
1581 2005 1648 2058 At
1677 2004 1807 2073 quid
1835 2020 2052 2060 rursum

480 2098 566 2153 his
597 2096 778 2152 verbis
807 2095 914 2151 sibi
940 2095 1097 2150 vult?
1133 2094 1374 2150 Sanatus
1401 2105 1485 2150 est
1506 2135 1520 2159 ,
1555 2094 1765 2165 inquit,
1795 2096 2055 2167 paralyti-

463 2203 611 2254 -cus,
664 2187 888 2258 triginta
934 2195 988 2242 et
1023 2195 1149 2241 octo
1188 2200 1366 2248 annos
1402 2185 1609 2241 habens
1644 2187 1699 2240 in
1736 2185 2056 2241 inﬁrmitate

480 2295 600 2335 sua.
628 2281 692 2334 Et
722 2282 856 2334 mira
883 2288 968 2335 est
999 2291 1132 2334 sane
1155 2276 1338 2332 virtus
1367 2275 1491 2342 ejus
1520 2276 1612 2346 qui
1645 2277 1893 2344 sanavit,
1917 2278 2055 2332 divi-

471 2387 659 2442 naque
693 2371 851 2440 plane
891 2377 1159 2440 potestas.
1192 2365 1297 2422 Sed
1341 2376 1450 2422 tam
1493 2367 1829 2421 mirabilium
1867 2383 2052 2423 rerum
2086 2406 2091 2410 -

477 2472 810 2534 patratorem
837 2504 851 2528 ,
885 2477 1044 2518 nemo
1080 2475 1229 2517 sana:
1256 2461 1454 2515 mentis
1475 2500 1489 2524 ,
1521 2459 1738 2530 Opinor.
1769 2460 2057 2530 reprehen-

477 2555 639 2620 derit,
676 2569 737 2609 se
772 2552 944 2607 Deum
980 2566 1104 2607 esse
1133 2550 1442 2617 dicentem,
1472 2557 1527 2602 et
1561 2548 1688 2619 quia
1720 2546 1897 2604 Filius
1930 2555 2050 2615 est,

477 2662 574 2717 per
606 2646 790 2701 omnia
829 2643 976 2698 Patri
1017 2642 1304 2713 aequalem.
1348 2641 1622 2708 Quoniam
1659 2648 1838 2697 autem
1878 2642 2052 2712 pessi-

479 2752 569 2792 me
596 2751 659 2790 ac
690 2735 1017 2792 stultissime
1050 2732 1361 2800 sentiendo,
1394 2733 1589 2803 inquit,
1621 2744 1840 2803 propter
1861 2732 2054 2804 fragile

477 2832 584 2883 hoc
620 2842 822 2897 corpus
869 2824 1357 2888 scandalizamini,
1407 2826 1723 2880 necessario
1763 2825 2048 2880 sciendum

477 2917 634 2972 vobis
662 2922 770 2981 est,
797 2915 942 2969 hunc
978 2928 1086 2968 non
1123 2913 1240 2968 fore
1269 2912 1559 2982 potestatis
1583 2926 1648 2967 ac
1678 2913 1897 2967 virtutis
1921 2927 2052 2968 meae

467 3006 774 3063 terminum
803 3024 816 3060 :
850 3005 1058 3075 majora
1080 3018 1342 3074 namque,
1374 3003 1460 3064 vel
1495 3002 1675 3067 inviti,
1704 3003 2048 3073 spectabitis,

477 3106 820 3154 mortuorum
850 3097 1062 3153 scilicet
1091 3095 1552 3151 resurrectionem
1577 3114 1590 3150 ε
1621 3102 1848 3165 tumque
1880 3095 2053 3164 magis

471 3187 846 3255 mirabimini,
891 3186 1137 3242 divinam
1178 3185 1409 3258 gloriam
1451 3201 1518 3240 ac
1550 3186 1811 3241 virtutem
1869 3185 1928 3240 in
1973 3201 2059 3242 me

470 3288 769 3338 cernentes
787 3322 802 3346 ,
827 3293 988 3348 quem
1016 3277 1371 3349 blasphemiae
1391 3278 1626 3334 crimine
1650 3293 1797 3332 nunc
1826 3277 2058 3334 involvi-

474 3371 571 3434 tis,
593 3379 658 3426 et
689 3369 939 3440 persequi
972 3383 1079 3422 non
1108 3369 1411 3437 veremini,
1447 3377 1744 3440 propterea
1779 3370 1924 3441 quod
1965 3385 2057 3426 50--

482 3464 593 3514 lum
622 3460 759 3524 dixi,
782 3473 869 3514 me
889 3457 983 3513 Dei
1011 3457 1208 3515 Filium
1238 3476 1386 3518 esse.
1411 3461 1532 3528 Quo
1555 3469 1718 3531 pacto
1745 3477 1876 3518 vero
1915 3462 2057 3518 Deus

481 3568 547 3608 ae
588 3551 748 3607 Pater
787 3563 954 3620 opera
998 3549 1143 3608 Filio
1185 3552 1568 3619 demonstret,
1619 3554 1847 3623 copiose
1897 3563 2057 3610 antea

475 3647 740 3704 diximus.

549 3909 620 3974 ν,
645 3910 735 3965 ει.
772 3909 920 3966 Sicut
946 3910 1084 3965 enim
1116 3909 1280 3964 Pater
1307 3911 1534 3965 suscitat
1563 3920 1820 3976 mortuos,
1838 3921 1896 3967 et
1928 3914 2067 3968 vivi—

481 4005 640 4072 ﬁcat'.
671 4005 748 4056 sic
776 4012 826 4057 et
864 4001 1040 4057 Filius
1065 4018 1194 4071 quos
1225 4001 1342 4060 vult
1365 4002 1616 4071 viviﬁcat.

557 4091 691 4148 Vide
713 4107 908 4147 rursus
938 4092 1303 4162 mqualitatem
1329 4091 1416 4145 his
1443 4091 1623 4147 verbis
1651 4094 1801 4150 clare
1826 4095 2057 4151 demon-

483 4184 668 4239 strari.
689 4183 792 4249 Qui
813 4185 958 4238 enim
979 4183 1267 4250 aequaliter
1285 4182 1338 4235 in
1366 4183 1704 4239 suscitandis
1731 4185 1894 4257 224
1917 4203 2059 4240 mor-

2156 1821 2394 1890 γεγονὼς
2419 1821 2485 1873 δι’
2511 1822 2657 1892 ἡμᾶς
2677 1863 2690 1885 ,
2727 1821 2983 1891 πειρᾶται
3008 1812 3298 1872 διδάσκειν.
3326 1818 3495 1871 Τοῦτο
3522 1817 3631 1888 γὰρ
3658 1813 3727 1886 ἦν

2157 1914 2250 1966 ἐπὶ
2281 1912 2357 1984 τῷ
2405 1913 2546 1983 λόγῳ
2573 1912 2634 1966 τὸ
2687 1912 2890 1964 λεῖπον.
2929 1911 3036 1963 Καὶ
3091 1910 3180 1964 διὰ
3213 1911 3370 1963 τοῦτό
3419 1926 3619 1980 φησιν,
3649 1909 3730 1962 ὅτι

2161 2022 2182 2055 ί
2217 2004 2453 2067 Μείζονα
2484 2002 2689 2054 τούτων
2717 2001 2879 2066 δείξει
2914 2001 3062 2072 αὑτῷ
3093 2001 3248 2072 ἔργα,
3290 2001 3377 2053 ἵνα
3408 2000 3563 2069 ὑμεῖς
3603 1999 3732 2053 Θαυ-

2159 2091 2388 2164 μάζητε.
2425 2110 2443 2140 ι
2482 2092 2592 2145 Καὶ
2635 2093 2688 2144 τί
2747 2094 2906 2146 πάλιν
2947 2093 3076 2162 ἡμῖν
3114 2091 3362 2161 βούλεται
3405 2091 3492 2143 διὰ
3545 2089 3731 2143 τούτου

2155 2183 2346 2252 δηλοῦν
2383 2199 2397 2248 ;
2426 2183 2828 2253 Τεθερὰπευται
2856 2223 2870 2245 ,
2899 2186 3062 2253 φησιν
3086 2223 3101 2248 ,
3133 2182 3162 2235 6
3210 2182 3542 2252 παράλυτος,
3577 2181 3733 2254 τριάο

2155 2291 2321 2326 κοντα
2351 2273 2444 2327 καὶ
2477 2273 2620 2328 ὀκτὼ
2649 2274 2742 2345 ἐτη
2774 2273 2913 2344 ἔχων
2947 2273 3005 2324 ὲν
3025 2275 3088 2343 τῇ
3125 2273 3377 2342 ἀσθενείᾳ
3409 2269 3592 2326 αὐτοῦ.
3625 2272 3734 2324 Καὶ

2157 2370 2442 2440 θαυμαστὴ
2486 2368 2585 2439 μὲν
2618 2368 2786 2432 ὅντως
2823 2370 2855 2438 ἡ
2903 2367 2996 2420 τοῦ
3031 2367 3460 2438 θεραπεύσαντος
3486 2366 3734 2436 δύναμις,

2154 2460 2467 2532 θεοπρεπὴς
2483 2476 2541 2512 τε
2560 2459 2679 2512 λίαν
2704 2461 2736 2530 ἡ
2759 2457 2994 2523 ἐξουσία,
3018 2458 3120 2510 Τὸν
3148 2458 3204 2510 δὲ
3223 2457 3366 2510 οὕτω
3390 2457 3733 2528 θαυματουρ-

2154 2551 2249 2620 γὸν
2273 2591 2288 2614 ,
2320 2552 2420 2604 οὐκ
2460 2551 2526 2605 ἄν
2555 2566 2670 2615 τις,
2701 2546 2853 2620 οἴμαι
2875 2590 2888 2615 ,
2925 2546 3218 2618 σωφρονῶν
3253 2547 3554 2602 αἰτιάσαιτο
3602 2547 3737 2600 Θεὸν

2152 2642 2343 2696 ἑαυτὸν
2381 2637 2519 2694 εἶναι
2551 2641 2780 2709 λέγοντα
2807 2683 2822 2708 ,
2852 2640 2944 2694 καὶ
2978 2639 3206 2712 ἐπείπερ
3241 2640 3387 2692 ἐστὶν
3418 2639 3546 2703 Υἱὸς
3565 2681 3578 2703 ,
3620 2640 3735 2692 ἴσον

2154 2733 2296 2787 κατὰ
2324 2733 2502 2788 πάντα
2532 2733 2610 2803 τῷ
2642 2733 3021 2803 Γεγεννηκότι.
3067 2731 3283 2802 Ἐπειδὴ
3311 2731 3365 2784 δὲ
3393 2730 3737 2802 φρονοῦντες,

2154 2825 2306 2896 φησὶ,
2357 2825 2592 2880 κάκιστά
2619 2842 2676 2877 τε
2721 2825 2816 2878 καὶ
2861 2823 3199 2891 ἀλογώτατα,
3236 2822 3326 2876 διὰ
3379 2822 3441 2876 τὸ
3473 2821 3738 2894 ἐπίκηρον

2152 2919 2302 2972 τουτὶ
2327 2916 2745 2981 σκανδαλίζεσθε
2773 2917 3262 2986 σῶμα,ἁναγκαῖον
3293 2915 3434 2985 ὑμᾶς
3455 2913 3735 2983 ἐκμαθεῖν,

2153 3010 2229 3074 ὡς
2245 3010 2306 3062 ού
2331 3009 2490 3080 μέχρι
2518 3007 2721 3061 τούτων
2741 3007 2809 3060 τὰ
2833 3007 2930 3076 τῆς
2946 3005 3086 3076 ἐμῆς
3101 3005 3347 3072 ἐξουσίας
3362 3019 3422 3056 τε
3441 3005 3534 3057 καὶ
3558 3001 3740 3073 ἰσχύος

2163 3104 2418 3174 στήσεται
2447 3118 2461 3134 ο
2495 3100 2760 3172 μειζόνων
2797 3097 2906 3168 γὰρ
2935 3095 3121 3149 ἔσεσθε
3160 3095 3492 3166 παραδόξων,
3529 3093 3630 3147 κᾶν
3665 3093 3740 3163 μὴ

2162 3195 2448 3266 βούλησθε,
2487 3192 2717 3263 θεωροὶ,
2750 3191 2851 3259 τῆς
2881 3188 2989 3242 τῶν
3022 3188 3232 3258 νεκρῶν
3264 3189 3610 3248 ἀναστάσεως
3648 3185 3741 3253 δη-

2158 3285 2291 3356 λαδὴ
2315 3327 2330 3352 ,
2358 3286 2454 3339 καὶ
2501 3284 2622 3336 τότε
2663 3281 2925 3353 μειζόνως
2957 3277 3445 3350 καταπλαγήσεσθε
3467 3316 3482 3341 ,
3517 3277 3618 3348 τὴν
3660 3275 3740 3346 τῷ

2158 3377 2278 3450 Θεῷ
2308 3378 2622 3448 πρέπουσαν
2663 3376 2814 3447 ἰσχύν
2849 3393 2907 3427 τε
2940 3375 3035 3428 καὶ
3063 3372 3222 3438 δόξαν
3247 3373 3303 3425 ἐν
3335 3372 3455 3441 ἐμοὶ
3480 3369 3738 3440 κειμένην

2158 3472 2422 3542 ὁρῶντες,
2448 3470 2507 3524 ὃν
2551 3469 2861 3539 δυσφημίας
2895 3467 3197 3537 ἐγκλήματι
3241 3463 3591 3534 περισάλλετε
3619 3460 3735 3523 νῦν,

2156 3562 2251 3616 καὶ
2279 3560 2492 3616 διώκειν
2531 3561 2632 3614 ούκ
2666 3557 3007 3629 αἰσχύνεσθε,
3037 3557 3126 3610 διὰ
3147 3557 3209 3609 τὸ
3232 3557 3390 3626 μόνον
3427 3556 3598 3608 εἰπεῖν
3616 3596 3630 3618 ,
3656 3554 3739 3606 ὅτι

2159 3653 2286 3716 Υἰδς
2342 3651 2478 3706 Θεοῦ
2531 3653 2668 3723 εἰμι.
2704 3651 2948 3703 Δεικνύει
2989 3648 3045 3701 δὲ
3086 3649 3235 3710 ὅπως
3266 3648 3294 3700 6
3329 3646 3462 3709 Θεὸς
3501 3649 3596 3698 καὶ
3623 3645 3740 3697 Πα-

2155 3745 2262 3817 τὴρ
2303 3744 2373 3799 τὰ
2404 3744 2545 3817 ἔργα
2584 3743 2663 3815 τῷ
2697 3743 2844 3814 Υίῷ,
2876 3740 3238 3812 προλαϐόντες
3275 3739 3375 3810 ήδη
3410 3739 3499 3792 διὰ
3530 3736 3744 3791 πολλῶν

2159 3839 2354 3908 εῖρήκα
2363 3852 2482 3907 μεν.

2231 3928 2458 3996 ’Ὠσπερ
2485 3926 2594 3996 γὰρ
2617 3927 2649 3980 ὁ
2681 3925 2881 3993 Πατὴρ
2917 3922 3131 3994 ἐγείρει
3167 3921 3308 3988 τοὺς
3339 3920 3591 3989 νεκροὺς
3642 3921 3740 3972 καί

2161 4017 2439 4082 ζωοποιεῖ,
2465 4019 2648 4083 οὕτως
2684 4017 2782 4071 καί
2806 4021 2838 4071 ό
2873 4017 3008 4082 Υἱὸς
3037 4015 3142 4082 οὓς
3167 4015 3326 4069 θέλει
3353 4011 3633 4074 ζωοποιεῖ.

2229 4109 2339 4164 Θέα
2366 4109 2429 4181 δὴ
2463 4108 2626 4162 πάλιν
2668 4109 2725 4162 ὲν
2770 4108 2981 4170 τούτοις
3026 4107 3174 4177 σαφῆ
3204 4107 3304 4177 τὴν
3346 4107 3445 4176 τῆς
3499 4104 3743 4175 ἰσότητος

2158 4196 2448 4263 ἀπόδειξιν.
2481 4198 2538 4250 '0
2573 4197 2679 4267 γὰρ
2705 4197 2838 4259 ἴσως
2871 4194 3090 4267 ἐνεργὸς
3123 4196 3252 4266 περὶ
3273 4193 3371 4264 τὴν
3396 4192 3503 4244 τῶν
3532 4191 3746 4260 νεκρῶν

482 4277 594 4329 tuis
622 4286 918 4343 operatur,
955 4275 1380 4354 quomodo'ulla
1422 4275 1475 4329 in
1516 4290 1576 4331 re
1609 4285 1756 4332 esset
1792 4279 2054 4334 inferiori

2159 4289 2474 4356 ἀναϐίωσιν,
2511 4289 2628 4352 πῶς
2658 4288 2723 4342 ἂν
2763 4287 2876 4358 ἔχοι
2914 4288 3054 4341 κατά
3083 4305 3134 4339 τι
3163 4285 3223 4339 τὸ
3263 4286 3482 4339 ἔλαττον
3513 4301 3527 4348 ;
3559 4284 3592 4354 ἢ
3625 4284 3744 4346 πῶς

482 4373 575 4418 aut
606 4365 878 4435 quomodo
904 4367 1136 4422 diversae
1159 4376 1308 4422 esset
1338 4381 1368 4420 a
1395 4366 1556 4424 Patre
1588 4370 1930 4438 substantiae,
1959 4371 2054 4443 qui

2160 4381 2226 4435 ἂν
2248 4382 2333 4450 εἴη
2361 4381 2498 4452 πρὸς
2527 4381 2618 4434 τὸν
2662 4379 2879 4450 Πατέρα
2908 4378 3095 4432 λοιπὸν
3133 4377 3427 4449 ἑτεροφυὴς
3452 4377 3544 4429 καὶ
3573 4376 3744 4443 ἐκφύς

484 4455 680 4510 iisdem
705 4455 940 4526 refulget
973 4457 1441 4526 proprietatibus?
1486 4458 1718 4530 Propria
1759 4470 1940 4517 autem
1975 4473 2054 4520 est

2161 4471 2249 4533 λος
2278 4473 2305 4524 6
2330 4474 2444 4535 τοῖς
2466 4472 2648 4534 αὐτοῖς
2667 4470 2989 4539 διαλάμπων
3021 4467 3338 4538 ίδιώμασιν;
3375 4467 3533 4519 ’ῐδιον
3561 4465 3616 4517 δὲ
3641 4463 3744 4531 τῆς

484 4546 683 4600 divinae
717 4546 1042 4601 substantia:
1075 4548 1386 4602 vi'vilicandi
1418 4559 1663 4618 potestas
1683 4591 1696 4615 ,
1729 4568 1850 4622 qua:
1874 4569 2058 4624 aequa-

486 4639 610 4692 liter
635 4635 783 4690 Patri
817 4652 883 4691 ac
906 4635 1238 4694 Filioinest.
1267 4638 1402 4694 Item
1425 4680 1440 4704 ,
1473 4656 1580 4695 non
1611 4657 1710 4711 per
1741 4659 1799 4698 se
1826 4647 2056 4700 seorsim

484 4725 751 4796 quosdam
785 4725 943 4781 Pater
971 4727 1236 4792 viviﬁcat,
1284 4743 1348 4782 ac
1390 4731 1627 4784 seorsim
1675 4731 1884 4788 Filius:
1932 4751 2057 4791 cum

485 4814 628 4869 enim
664 4814 863 4869 habeat.
905 4815 960 4868 in
997 4816 1177 4885 seipse
1203 4815 1418 4870 Patrem
1457 4819 1814 4883 naturaliter,
1857 4834 2058 4879 cuncta

483 4911 761 4974 Operatur,
785 4911 837 4958 et
863 4901 994 4957 facit
1015 4911 1213 4958 cuncta
1241 4903 1402 4959 Pater
1421 4920 1520 4976 per
1546 4905 1765 4962 Filium.
1793 4908 1900 4966 Sed
1929 4928 2053 4968 cum

483 4994 794 5051 vivilicandi
824 5002 1148 5065 potestatem
1175 4995 1374 5050 habeat
1405 4995 1569 5054 Pater
1600 4999 1655 5054 in
1691 5015 1791 5056 sua
1831 5012 2054 5070 natura,

483 5085 946 5157 quemadmodum
1009 5095 1062 5142 et
1127 5088 1244 5160 ipse
1277 5129 1292 5154 ,
1362 5089 1483 5145 ideo
1548 5090 1829 5150 viviﬁcare
1894 5112 2056 5166 posse

483 5185 734 5232 mortuos
768 5178 986 5248 utrique
1028 5180 1222 5235 tribuit
1261 5181 1418 5250 quasi
1456 5181 1681 5253 utrique
1729 5189 1958 5254 seorsim
2000 5189 2052 5242 id

483 5268 632 5324 insit.

546 5449 592 5480 "
621 5417 780 5504 Joan.
817 5465 928 5515 xw,
962 5451 1046 5505 il.
1089 5451 1153 5484 *δ’
1181 5449 1344 5508 Joan.
1377 5469 1432 5519 ν,
1467 5454 1558 5508 l8.

2163 4560 2314 4624 Θείας
2357 4562 2546 4624 οὐσίας
2603 4560 2666 4613 τὸ
2723 4558 2984 4612 δύνασθαι
3043 4557 3364 4626 ζωογονεῖν,
3410 4557 3546 4626 ὅπερ
3598 4554 3748 4606 ἐστὶν

2161 4653 2361 4722 ὁμοίως
2391 4654 2448 4704 ὲν
2513 4652 2688 4722 Πατρὶ
2728 4651 2822 4704 καὶ
2854 4648 2988 4720 Υἱῷ.
3041 4651 3310 4717 Ζωογονεῖ
3357 4648 3414 4700 δὲ
3444 4646 3607 4702 πάλιν
3644 4646 3748 4696 οὐκ

2165 4739 2308 4802 ίδίως
2337 4741 2435 4809 μέν
2471 4756 2623 4801 τινας
2661 4737 2782 4791 καθ’
2809 4736 3002 4790 ἑαυτὸν
3029 4739 3056 4790 6
3093 4737 3304 4808 Πατὴρ,
3340 4735 3479 4797 ἰδίως
3505 4735 3560 4786 δέ
3593 4750 3748 4796 τινας

2161 4829 2581 4899 κεχωρισμένως
2606 4830 2635 4881 6
2669 4829 2831 4892 Υίός·
2873 4828 3011 4899 ἔχων
3048 4829 3154 4899 γὰρ
3194 4830 3251 4882 ἐν
3293 4826 3470 4896 ἑαυτῷ
3500 4824 3750 4894 φυσικῶς

2156 4921 2248 4972 τὸν
2286 4919 2535 4990 Πατέρα,
2567 4920 2634 4974 τὰ
2686 4921 2862 4974 πάντα
2908 4920 3200 4991 ἐργάζεται
3226 4960 3240 4984 ,
3267 4918 3361 4971 καὶ
3415 4918 3630 4986 ἐνεργεῖ
3679 4915 3748 4968 δι’

2161 5009 2290 5064 Υίοῦ
2318 5011 2388 5064 τὰ
2418 5011 2594 5066 πάντα
2619 5011 2648 5062 6
2675 5012 2890 5083 Πατήρ.
2932 5011 3068 5064 Ἀλλ’
3095 5009 3327 5080 ἐπείπερ
3355 5008 3468 5078 ἔχει
3499 5007 3558 5061 τδ
3583 5004 3744 5058 δύνα-

2160 5103 2280 5156 σθαι
2330 5103 2617 5172 ζωογονεῖν
2646 5105 2674 5157 ό
2709 5104 2896 5175 Πατὴρ
2931 5105 2988 5156 ὲν
3037 5106 3104 5174 τῇ
3144 5103 3248 5172 ίδίᾳ
3279 5101 3458 5170 φύσει,
3493 5097 3743 5167 καθάπερ

2155 5189 2248 5246 οὖν
2281 5195 2375 5247 καὶ
2403 5195 2585 5261 αὐτὸς,
2619 5196 2694 5260 ὡς
2725 5197 2818 5250 καὶ
2851 5195 2994 5258 ἰδίως
3028 5194 3272 5264 ἑκατέρῳ
3311 5190 3510 5264 προσὸν
3545 5190 3739 5245 ἀπονέ-

2168 5301 2257 5354 μει
2285 5285 2347 5338 τὸ
2383 5264 2639 5343 δύνασίῖαι
2667 5286 2951 5364 ζωογονεῖν
2981 5287 3105 5350 τοὺς
3130 5283 3375 5358 νεκρούς·
