4032 6200
308 289 313 293 _
331 212 446 274 383

942 323 1187 377 ΚΕΦΑᾹ.
1240 321 1311 373 Z'.

335 417 473 470 Ὀτι
498 413 616 468 τῶν
642 411 988 483 θεοπρεαῶν
1010 409 1373 483 ἀξιωμάτων,
1394 410 1909 483 ἤτοι-πλεονεκτη-

403 484 629 555 μάτων,
658 477 840 536 οὐδὲν
874 482 941 535 ἐκ
966 477 1227 550 μετοχῆς
1257 480 1295 548 ἢ
1329 477 1589 533 ἐπακτὸν
1611 477 1682 530 ἐν
1709 477 1840 541 Υίῷ.

410 597 568 653 Οὐδὲ
610 595 722 667 γὰρ
754 598 787 650 ό
834 594 1037 663 Πατὴρ
1083 594 1273 662 κρίνει
1319 592 1569 655 οὐδένα,
1597 589 1758 645 ἀλλὰ
1797 588 1913 656 τὴν

337 690 547 759 κρίσιν
586 687 795 750 πᾶσαν
828 684 1048 739 δέδωκε
1083 681 1165 750 τῷ
1197 683 1326 750 Υἱῷ.

412 781 637 851 Ἕτερον
674 777 919 849 εἰσφέρει
956 778 1189 848 πρᾶγμα
1215 775 1514 846 θεοπρεπὲς
1543 792 1605 829 τε
1639 774 1731 829 καὶ
1760 772 1909 837 ἐξαί-

338 883 476 931 σιον,
506 867 595 920 διὰ
638 865 850 919 πολλῶν
876 863 1205 932 ἀναπείθων,
1236 864 1320 917 ὃτι
1347 863 1479 927 Θεός
1502 865 1619 917 ἐστι
1647 862 1788 917 κατὰ
1811 861 1911 930 φύ-

338 973 425 1010 σιν
483 954 578 1009 καί
604 952 890 1023 ἀληθινῶς.
919 952 1037 1007 Τίνι
1057 951 1167 1023 γὰρ
1200 951 1267 1006 ἂν
1307 952 1401 1007 καὶ
1429 952 1601 1023 ἑτέρῳ
1632 952 1831 1022 πρέποι
1853 950 1913 1003 τὸ

334 1050 522 1119 κρῖναι
549 1045 645 1118 τὴν
693 1045 1113 1117 οἰκουμένην,εἰ
1165 1045 1240 1117 μὴ
1266 1045 1414 1115 μόνῳ
1439 1045 1517 1116 τῷ
1569 1045 1663 1099 ἐπὶ
1706 1045 1912 1108 πάντας

333 1141 453 1193 ὄντι
499 1138 639 1209 Θεῷ,
674 1137 733 1191 δν
784 1136 851 1208 δὴ
898 1137 993 1191 καὶ
1025 1136 1161 1208 πρὸς
1200 1134 1358 1189 τοῦτο
1398 1133 1656 1197 καλοῦσιν
1682 1134 1740 1189 αἰ
1771 1133 1911 1188 θεῖαι

332 1231 591 1298 λέγουσαι
624 1228 855 1299 Γραφαὶ,
883 1226 1014 1280 ποτὲ
1045 1228 1164 1297 μὲν,
1190 1245 1208 1277 ι
1230 1227 1462 1282 ’Δνάστα
1492 1227 1523 1279 6
1550 1224 1707 1291 Θεὸς,
1728 1226 1912 1296 κρῖνον

303 1320 439 1392 ’τὴν
468 1323 608 1392 τῆνο
645 1339 666 1372 ι
701 1319 830 1375 ποτέ
860 1318 918 1373 δὲ
954 1315 1023 1373 αὖ
1053 1318 1233 1383 πάλιν,
1267 1336 1286 1370 ι
1323 1318 1449 1372 Ὀτι
1486 1320 1514 1372 6
1547 1317 1681 1380 Θεὸς
1718 1317 1913 1395 κριτής

336 1414 458 1465 ἐστι
486 1450 501 1474 ,
532 1411 721 1464 τοῦτον
766 1411 1028 1474 ταπεινοῖ,
1062 1409 1155 1463 καὶ
1189 1407 1376 1463 τοῦτον
1417 1408 1560 1479 ὑψυί.
1601 1426 1622 1460 ι
1660 1407 1912 1462 Δεδόσθαι.

332 1518 401 1570 γε
442 1502 547 1573 μὴν
570 1502 668 1571 τὴν
686 1499 865 1573 κρίσιν
887 1500 1066 1571 ἐαυτῷ
1094 1517 1227 1571 φησι
1258 1499 1411 1571 παρὰ
1438 1497 1531 1553 τοῦ
1565 1498 1796 1570 [ἰατρὸς.
1813 1498 1914 1570 οὐχ

336 1595 416 1657 ὠς
448 1592 552 1658 ἔξω
586 1595 685 1663 τῆς
724 1593 819 1645 ἐπὶ
864 1591 1038 1662 τούτῳ
1070 1591 1319 1662 κείμενος
1360 1588 1642 1656 ἐξουσίας,
1672 1588 1795 1643 ἀλλ’
1835 1589 1913 1652 ὡς

1382 202 1452 258 ΙΝ
1485 197 1771 258 JOANNIS
1809 194 2255 253 EVANGELIUM
2317 193 2446 250 LIB.
2481 195 2546 250 ll.

1941 320 1985 376 Α

2752 246 2768 263 ,
3480 193 3584 249 566

2633 306 2787 363 CAP.
2816 305 2930 364 VII.

2014 401 2163 471 Quod
2198 400 2347 455 nulla
2377 399 2611 469 dignitas
2640 407 2733 471 aut
2761 395 3077 471 excellentia
3100 395 3279 471 dicina
3314 413 3379 451 ex
3414 405 3583 468 ραι-ιδ-

2283 464 2563 538 ripatione,
2595 468 2673 523 vel
2705 467 2940 521 ascititia
2965 469 3034 520 sit
3058 467 3111 520 in
3143 464 3308 523 Filio.

2082 579 2149 649 Υ,
2180 582 2272 637 22.
2311 581 2491 652 Neque
2515 582 2656 635 enim
2683 578 2846 635 Pater
2863 579 3075 650 judicat
3113 596 3459 651 quemquam,
3493 586 3584 637 sed

2011 689 2162 728 omne
2177 673 2445 743 judicium
2483 672 2625 727 dedit
2662 669 2827 725 Filio.

2078 763 2241 820 Aliud
2282 764 2543 835 quiddam
2592 762 2839 820 divinum
2891 776 2958 818 ac
3006 763 3338 834 stupendum
3383 764 3585 832 aﬂ‘ert,

2010 855 2174 927 longo
2219 869 2477 912 sermone
2509 869 2570 911 se
2610 862 2807 909 natura
2850 860 2906 908 et
2936 868 3065 909 vere
3105 853 3276 909 Deam
3303 868 3428 910 esse
3460 870 3585 926 pcr-

2011 946 2271 1004 suadens.
2313 947 2415 1003 Cui
2460 944 2611 1003 enim
2660 944 2755 1000 alii
2792 951 3067 1002 terrarum
3106 945 3301 1000 orbem
3334 945 3588 1016 judicare

2010 1036 2342 1103 conveniat,
2387 1036 2495 1092 nisi
2543 1034 2638 1090 uni
2678 1047 2849 1105 supra
2883 1048 3076 1089 omnes
3109 1033 3398 1091 exsistenti
3436 1034 3585 1106 Deo,

2009 1141 2173 1196 quem
2195 1141 2329 1183 sane
2356 1127 2555 1183 divinae
2586 1126 2890 1201 Scriptura
2915 1125 2982 1181 ad
3011 1126 3118 1181 hoc
3150 1127 3316 1185 etiam
3348 1136 3549 1183 vocant
3569 1167 3586 1191 ,

2010 1216 2177 1272 modo
2207 1217 2429 1289 quidem
2485 1219 2569 1274 his
2600 1216 2785 1274 verbis
2812 1235 2827 1273 :
2862 1236 2883 1271 ι
2918 1218 3093 1289 Surge
3114 1256 3131 1282 ,
3186 1215 3331 1273 Deus
3353 1257 3371 1283 ,
3394 1218 3585 1286 judica

2013 1313 2217 1361 terram
2242 1308 2319 1374 “;
2341 1327 2361 1361 ι
2385 1317 2441 1365 et
2466 1324 2663 1364 rursus
2696 1325 2713 1364 :
2748 1327 2767 1361 ι
2797 1308 3068 1375 Quoniam
3104 1309 3249 1367 Deus
3270 1310 3442 1380 judex
3466 1319 3584 1367 est:

2011 1398 2158 1454 hunc
2189 1400 2474 1466 bumiliat,
2506 1410 2563 1457 et
2589 1401 2738 1457 hunc
2767 1401 2976 1457 exaltat
2999 1401 3090 1457 ιν.
3117 1420 3136 1454 ι
3178 1400 3370 1455 Datum
3394 1413 3580 1459 autem

2012 1490 2117 1546 sibi
2138 1504 2168 1545 a
2199 1489 2361 1548 Patre
2386 1491 2465 1544 ait
2486 1490 2778 1563 judicium,
2799 1507 2907 1547 non
2939 1493 3101 1561 quasi
3128 1494 3196 1549 ab
3217 1510 3282 1549 ea
3312 1503 3588 1565 potesta:e

2013 1579 2086 1635 sit
2108 1580 2355 1646 alienus,
2386 1580 2482 1637 sed
2515 1581 2663 1652 quod
2692 1581 2857 1638 homo
2883 1596 3010 1637 cum
3046 1583 3118 1638 sit
3159 1600 3255 1663 per
3295 1586 3587 1658 dispensa-

338 1656 651 1756 ἄνθρωπος’
671 1656 1028 1754 οἰκονομικῶς
1048 1723 1064 1748 ,
1097 1656 1541 1753 πρεπωδέστερον
1600 1667 1914 1736 ἀνακεῖσθαί

2019 1672 2247 1735 tionem,
2269 1679 2482 1728 natura:
2516 1672 2715 1729 divinae
2752 1656 3590 1745 congruentius"omniaﬁtribui

333 1780 402 1847 τῇ
440 1775 560 1847 θείᾳ
582 1774 743 1844 φύσει
768 1773 838 1828 τὰ
863 1775 1040 1828 πάντα
1070 1773 1353 1839 διδάσκων,
1385 1768 1453 1845 ἦς
1484 1772 1577 1827 καὶ
1599 1771 1759 1833 αὐτὸς
1786 1771 1920 1825 είσω

337 1862 613 1935 βεϐηκὼς,
657 1855 691 1936 ᾖ
739 1861 840 1932 μὲν
873 1862 991 1916 ἔστι
1032 1862 1203 1930 Λόγος
1235 1861 1331 1915 καὶ
1372 1860 1503 1924 Θεὸς
1527 1902 1542 1927 ,
1570 1860 1778 1914 οἴκοθεν
1807 1858 1917 1929 ἔχει

332 1938 443 2024 τὴν
472 1952 561 2019 ἐφ’
602 1949 806 2005 ἅπασιν
846 1947 1094 2015 ἐξουσίαν
1128 1964 1144 1979 ’
1168 1942 1203 2022 ᾖ
1230 1949 1288 2003 δέ
1324 1947 1548 2018 γέγονεν
1592 1947 1915 2017 ἄνθρωπος,

334 2043 476 2114 πρὸς
499 2040 563 2094 ὃν
584 2041 801 2113 εἴρηταί
826 2058 951 2096 που’
989 2059 1009 2093 ‹
1046 2040 1111 2094 Τί
1146 2038 1256 2111 γὰρ
1280 2038 1443 2109 ἔχεις,
1469 2037 1501 2091 δ
1522 2039 1623 2091 οὐκ
1653 2036 1843 2101 ἔλαϐες
1862 2055 1913 2104 ;a

333 2131 585 2203 δεδέχθαι
624 2129 1239 2202 πρεπόντωςλόμολογεῖ.
1273 2130 1414 2200 Πρὸς
1445 2127 1511 2199 δὴ
1543 2126 1717 2182 ταῦτα
1755 2127 1918 2182 πάλιν

334 2225 457 2295 ἐρεῖ
482 2241 568 2287 τις
617 2223 778 2294 τυχὸν
805 2223 913 2277 τῶν
944 2223 1011 2276 δι’
1059 2221 1329 2285 ἐναντίας·
1377 2221 1508 2275 Ἰδοὺ
1552 2218 1849 2291 διαρρήδην
1887 2219 1919 2272 6

337 2316 468 2378 Υἱὸς
516 2315 616 2384 τὴν
664 2313 843 2386 κρίσιν
884 2313 1127 2385 δεδέχθαι
1169 2312 1303 2382 φησί
1350 2311 1503 2383 παρὰ
1543 2310 1637 2365 τοῦ
1684 2309 1913 2382 Πατρός.

337 2405 627 2475 Λαμῦάνει
660 2405 738 2470 δὲ,
767 2405 842 2468 ὡς
870 2404 973 2461 οὐκ
1017 2403 1156 2474 ἔχων
1204 2402 1429 2475 δηλαδή.
1457 2400 1582 2465 Πῶς
1604 2396 1696 2455 οὖν
1724 2400 1824 2454 οὐκ
1850 2399 1916 2453 ἂν

335 2497 425 2567 εἴη
455 2496 680 2567 μείζων,
719 2497 813 2549 καὶ
842 2493 1340 2565 μεγαλοφυέστερος
1368 2496 1396 2547 6
1422 2491 1594 2555 διδοὺς
1622 2490 1741 2562 μετ’
1769 2490 1917 2556 ἐξου-

340 2590 483 2652 σίας,
517 2588 613 2642 τοῦ
641 2587 894 2658 δεομένου
928 2587 1145 2653 λαὸεἰνς
1171 2586 1237 2639 Τί
1265 2585 1331 2658 δὴ
1360 2580 1452 2639 οὖν
1474 2583 1584 2655 ἄρα
1604 2583 1739 2654 πρὸς
1761 2580 1917 2637 τοῦτό

338 2694 525 2748 φαμεν
560 2693 576 2743 ;
633 2677 693 2732 Ὃ
736 2677 835 2748 μὲν
868 2676 1027 2746 λόγος
1076 2677 1206 2747 ἡμῖν
1254 2676 1284 2728 6
1313 2673 1780 2745 προτεταγμένος,
1813 2672 1916 2729 οὐκ

336 2767 626 2839 ἀκόμψως,
673 2769 749 2833 ὡς
777 2764 929 2839 οἶμαι
959 2809 975 2833 ,
1000 2767 1304 2839 διήρτισται
1322 2806 1337 2832 ,
1366 2765 1601 2836 θεωρίαν
1648 2763 1916 2836 εἰσφέρων

336 2863 440 2935 τὴν
471 2863 550 2934 τῷ
592 2860 769 2933 καιρῷ
814 2861 1045 2932 μάλιστα
1086 2859 1402 2930 πρέπουσαν
1438 2858 1538 2928 τῆς
1567 2855 1917 2927 ἐνανθρωπή-

2019 1764 2251 1829 doceat;
2275 1778 2381 1834 qua
2397 1779 2521 1819 cum
2550 1763 2623 1820 sit
2648 1764 2767 1835 ipse
2795 1765 3059 1835 praeditus
3078 1807 3092 1833 ,
3128 1767 3183 1822 in
3214 1777 3479 1839 quantum
3504 1777 3590 1826 est

2018 1850 2258 1908 Verbum
2286 1867 2352 1908 ac
2383 1851 2555 1919 Deus,
2590 1866 2621 1907 a
2651 1868 2710 1910 se
2738 1853 2902 1909 habet
2929 1855 3177 1909 omnium
3213 1864 3538 1926 potestatem
3569 1877 3586 1911 :

2017 1951 2291 2014 quatenus
2321 1951 2502 1999 autem
2527 1943 2691 1999 homo
2716 1943 2899 1999 factus
2930 1951 3051 2012 est,
3092 1945 3158 2002 ad
3192 1963 3354 2018 quem
3387 1948 3591 2005 alicubi

2017 2034 2227 2089 dictum
2262 2043 2379 2090 est:
2426 2052 2445 2086 ι
2470 2033 2611 2100 Quid
2653 2036 2799 2091 enim
2832 2035 3003 2092 babes
3042 2038 3185 2108 quod
3220 2054 3330 2093 non
3372 2039 3589 2110 accepi-

2018 2126 2088 2181 sti
2113 2125 2244 2179 δηνι
2292 2139 2354 2182 se
2400 2128 2679 2197 accepisse
2703 2168 2719 2192 ,
2759 2135 2820 2182 ut
2857 2128 3049 2196 decet,
3090 2130 3312 2185 fatetur.
3351 2132 3432 2188 Ad
3469 2132 3590 2188 hac

2018 2231 2239 2273 rursum
2278 2216 2423 2273 dicet
2454 2216 2641 2275 forsan
2682 2217 3128 2276 adversariorum
3160 2223 3361 2294 aliquis
3390 2243 3404 2278 :
3446 2224 3590 2280 Ecce

2015 2318 2203 2379 aperte
2243 2306 2417 2365 Filius
2447 2309 2524 2364 ait
2576 2325 2638 2366 se
2682 2310 2954 2380 judicium
3000 2328 3033 2367 a
3080 2313 3246 2370 Patre
3281 2317 3583 2386 accepisse.

2014 2401 2229 2471 Accipit
2259 2408 2442 2457 autem
2465 2440 2481 2467 ,
2528 2411 2589 2458 ut
2632 2404 2726 2473 qui
2759 2419 2871 2458 non
2902 2403 3101 2460 habeat
3128 2406 3397 2462 videlicet.
3434 2406 3587 2473 Quo-

2014 2489 2179 2546 modo
2213 2505 2344 2564 ergo
2378 2490 2555 2560 major
2591 2507 2702 2547 non
2747 2493 2855 2548 erit
2899 2508 2965 2547 ac
3011 2493 3450 2564 magniﬁcentior
3491 2497 3589 2566 qui

2014 2594 2139 2634 cum
2178 2588 2449 2651 potestate
2482 2582 2617 2647 dat,
2657 2598 2828 2654 quam
2869 2584 2964 2640 cui
3002 2585 3253 2655 accipere
3293 2595 3381 2642 est
3403 2585 3590 2657 opus?

2014 2669 2156 2735 Quid
2186 2670 2351 2741 igitur
2383 2672 2512 2727 huic
2548 2673 2981 2743 respondemus?
3008 2673 3183 2731 Antea
3217 2675 3435 2747 quidem
3475 2693 3589 2734 non.

2016 2763 2248 2829 inscite,
2284 2771 2343 2820 ut
2375 2765 2650 2831 arbitror,
2682 2781 2746 2821 ea
2788 2765 2857 2824 de
2892 2773 2952 2822 re
2995 2766 3391 2835 disseruimus,
3424 2770 3586 2826 allata

2012 2856 2398 2913 observatione
2466 2857 2704 2912 maxime
2774 2857 3123 2914 convenienti
3183 2858 3586 2919 incarnationis

339 2970 487 3018 σεως
538 2951 738 3024 δηλαδὴ
760 2990 777 3015 ,
807 2951 902 3004 καὶ
953 2948 1232 3020 οἰκονομίᾳ
1278 2951 1343 3020 τῇ
1387 2945 1526 3019 μετὰ
1568 2946 1770 3016 σαρκὸς
1815 2945 1914 3016 ἁρ-

2015 2947 2245 3017 tempori
2274 2948 2558 3014 nimirum,
2586 2957 2639 3004 et
2661 2947 3057 3018 dispensationi
3084 2963 3210 3006 cum
3237 2964 3404 3006 carne
3425 2951 3591 3020 aptis-
3626 2962 3630 2967 ‘

342 3046 713 3117 μοδιωτάτην,
764 3044 853 3098 ὅτε
912 3041 1097 3107 δοῦλος
1147 3039 1512 3113 ἐχρημάτισεν
1540 3078 1556 3103 ,
1601 3039 1690 3091 ὅτε
1752 3053 1913 3091 τετα-

336 3138 610 3191 πείνιοκεν
668 3135 898 3198 ἑαυτὸν,
929 3134 989 3187 ἐν
1040 3130 1351 3204 ὁμοιώματι
1404 3128 1482 3201 τῷ
1530 3128 1787 3201 ἡμετέρῳ
1821 3143 1916 3197 γε·

335 3227 584 3296 νόμενος.
631 3223 851 3294 Ἐπειδὴ
881 3222 938 3275 δέ
971 3236 1054 3276 σοι
1088 3222 1234 3275 δοκεῖ
1266 3219 1375 3274 τῶν
1405 3220 1503 3289 μὲν
1535 3218 1917 3290 ἁπλουστέρων

335 3312 1186 3384 κατασοϐαρεύεσθαιδογμάτων,
1204 3310 1626 3384 περιεργοτέραν
1643 3310 1700 3364 δὲ
1719 3309 1916 3381 μᾶλλον

338 3408 613 3464 ποιεῖσθαι
646 3407 747 3477 τὴν
775 3407 1022 3479 ζήτησιν,
1063 3406 1163 3473 ἄγε
1188 3404 1254 3475 δὴ
1282 3404 1442 3458 πάλιν
1475 3406 1588 3467 τοῖς
1620 3404 1732 3467 σοῖς
1768 3403 1917 3457 ἐναν-

334 3497 472 3561 τίως
524 3496 693 3559 ἰόντες
743 3495 1110 3567 προϐλήμασι,
1144 3492 1362 3564 πρῶτον
1411 3494 1587 3545 ἐκεῖνο
1633 3491 1910 3563 λέγωμεν

336 3588 478 3659 Οὐχὶ
508 3588 745 3652 πάντως,
776 3586 896 3640 οὐδὲ
936 3584 1269 3655 ἀναγκαίως,
1290 3577 1335 3637 ὧ
1382 3578 1559 3646 οὗτος,
1591 3582 1620 3634 6
1654 3580 1836 3636 δοῦναί
1860 3598 1914 3635 τι

335 3679 657 3747 λεγόμενος,
700 3677 777 3740 ὡς
802 3677 902 3730 οὐκ
925 3675 1100 3746 ἔχοντι
1143 3673 1222 3745 τῷ
1268 3673 1539 3744 δεχομένῳ
1593 3671 1912 3743 προσνέμει,

331 3771 453 3825 ἀλλ’
482 3770 606 3823 οὐδὲ
630 3768 837 3840 ’μείζων
866 3767 951 3822 ἀεὶ
970 3767 1065 3821 τοῦ
1085 3765 1455 3836 λαμϐάνοντος
1472 3766 1500 3818 ὀ
1526 3763 1722 3828 διδούς.
1763 3762 1916 3816 Ἐπεὶ

332 3862 392 3916 τί
420 3863 691 3934 ποιήσεις,
720 3860 849 3912 ὅταν
877 3858 992 3930 ἴδῃς
1013 3859 1070 3911 ἐν
1097 3855 1373 3926 Πνεύματι
1403 3854 1491 3907 τὸν
1521 3853 1665 3924 ἰερὸν
1690 3851 1916 3920 λέγοντα

335 3951 667 4023 Ψαλμῳδὺν,
694 3970 713 4002 ‹
754 3949 885 4004 Δότε
905 3949 1064 4017 δόξαν
1091 3947 1232 4018 Sed);
1276 3965 1294 3998 ι
1324 3945 1492 4015 Δόξης
1514 3945 1622 4018 ἄρα
1647 3942 1925 3999 καθεστά-

333 4061 424 4096 ναι
455 4043 547 4095 τὸν
577 4040 711 4094 Θεὸν
756 4040 946 4093 ἐπιδεᾶ
992 4037 1341 4109 λογιούμεθα,
1368 4036 1401 4108 ἢ
1430 4037 1541 4091 καὶ,
1561 4035 1781 4105 μείζους
1822 4033 1914 4087 τοῦ

2015 3038 2175 3103 sima,
2194 3054 2317 3094 cum
2344 3053 2536 3095 servus
2557 3046 2909 3110 nuncupatus
2931 3046 3034 3105 est,
3057 3054 3182 3095 cum
3211 3040 3454 3110 seipsum
3477 3041 3593 3096 exi-

2014 3130 2243 3197 nauivit,
2262 3131 2319 3186 in
2341 3130 2701 3187 similitudine
2733 3141 2924 3187 nostra
2950 3131 3112 3202 235
3134 3131 3314 3187 iactus
3328 3132 3394 3188 ⁵⁸.
3479 3131 3591 3190 Sed

1986 3225 2272 3309 quoniam
2314 3225 2651 3297 simpliciora
2687 3226 2947 3298 dogmata
2976 3214 3215 3297 superbe
3243 3226 3503 3299 despicis,
3533 3235 3593 3285 et

2013 3313 2349 3386 exquisitius
2377 3330 2439 3371 ea
2470 3315 2556 3373 vis
2578 3316 2909 3383 examinari,
2944 3331 3048 3389 age
3077 3316 3261 3373 denuo
3287 3324 3411 3374 tuas
3435 3318 3589 3390 obje-

2013 3408 2226 3465 ctiones
2250 3407 2576 3476 refutantes,
2613 3408 2855 3479 primum
2881 3407 3156 3465 dicamus.
3203 3404 3326 3463 Non
3369 3424 3590 3480 semper

2014 3513 2196 3570 neque
2229 3500 2549 3556 necessario
2590 3514 2716 3556 eum
2764 3500 2860 3571 qui
2903 3500 3037 3555 dare
3096 3498 3307 3570 aliquid
3357 3499 3587 3564 dicitur,

2014 3589 2303 3660 accipienti
2338 3591 2582 3647 tribuere
2611 3590 2770 3662 quasi
2816 3605 2925 3646 non
2978 3590 3228 3657 babenti,
3259 3590 3357 3645 sed
3410 3606 3591 3660 neque

2013 3679 2235 3753 dantem
2270 3680 2576 3752 accipiente
2617 3696 2834 3752 semper
2861 3696 2985 3738 esse
3029 3681 3319 3753 majorem.
3369 3681 3589 3750 Alioqui

2012 3770 2181 3836 enim,
2236 3770 2368 3839 quid
2416 3770 2585 3827 facies
2634 3783 2760 3824 cum
2796 3769 3005 3827 videbis
3061 3778 3311 3825 sanctum
3357 3768 3591 3825 Psalmi-

2015 3868 2155 3916 stam
2188 3861 2463 3918 dicentem
2494 3863 2549 3917 in
2582 3860 2831 3931 Spiritu:
2857 3880 2877 3913 ι
2901 3860 3035 3917 Date
3061 3861 3290 3933 gloriam
3324 3862 3435 3921 Deo
3451 3862 3535 3916 ”?
3561 3883 3583 3917 ι

2013 3949 2171 4007 Anne
2193 3951 2369 4023 gloria
2393 3967 2534 4023 opus
2567 3967 2692 4008 esse
2724 3951 2835 4008 Deo
2863 3952 3203 4024 putabimus,
3235 3962 3330 4008 aut
3348 3953 3588 4023 majores

2014 4041 2278 4099 Creatore
2308 4058 2413 4100 nos
2456 4058 2579 4100 esse
2617 4044 2712 4114 qui
2764 4043 2907 4099 hanc
2955 4044 3007 4100 ei
3036 4042 3256 4100 deferre
3293 4044 3593 4115 jubemur?

335 4136 627 4197 κτίσαντος
673 4131 761 4186 διὰ
785 4130 944 4184 τοῦτο
974 4130 1190 4192 πάντως
1235 4129 1416 4198 ἡμεῖς,
1447 4128 1496 4180 οἱ
1520 4125 1725 4195 ταύτην
1766 4123 1915 4194 αὐτῷ

2016 4134 2181 4205 Atqui
2212 4142 2268 4189 tu
2304 4134 2357 4189 id
2382 4133 2631 4206 proferre
2662 4150 2775 4190 non
2807 4132 3060 4200 audebis,
3092 4134 3220 4190 licet
3246 4136 3302 4190 in
3333 4136 3592 4207 blasphe-

333 4222 642 4292 προσάγειν
679 4219 1126 4289 ἐπιταττόμενοι;
1168 4216 1308 4269 Ἀλλ’
1339 4215 1446 4268 οὐδ’
1499 4213 1565 4267 ἂν
1591 4212 1752 4275 αὐτὸς
1781 4212 1915 4265 ἀπο-

2016 4226 2144 4282 miis
2169 4227 2388 4297 egregie
2433 4226 2767 4283 exercitatus
2798 4244 2812 4280 :
2840 4226 2985 4283 Deus
3012 4226 3158 4283 enim
3189 4227 3363 4299 gloria
3392 4229 3590 4300 plenus
3674 4248 3693 4265 ι

330 4314 635 4384 τολμήσεις
660 4311 857 4371 εἰπεῖν,
883 4311 912 4362 6
935 4309 1025 4362 τὸν
1058 4309 1150 4362 ἐπὶ
1168 4308 1286 4370 ταῖς
1318 4302 1648 4376 δυσφημίαις
1679 4302 1833 4392 ὄκνον
1853 4302 1915 4356 οὐ

2019 4326 2126 4382 est,
2155 4319 2407 4389 quamvis
2425 4333 2546 4376 eam
2573 4335 2605 4374 a
2629 4320 2789 4377 nobis
2810 4335 2921 4376 non
2946 4321 3204 4392 accipiat.
3227 4321 3385 4387 Quod
3407 4331 3591 4378 autem

338 4398 797 4471 παραιτούμενος
826 4397 1028 4468 πλῆρες
1054 4395 1162 4466 γὰρ
1197 4394 1354 4465 δόξης
1388 4394 1450 4447 τὸ
1476 4391 1786 4483 Θείονηῗκᾶν
1839 4391 1913 4463 μὴ

2022 4423 2053 4463 a
2090 4424 2151 4465 se
2201 4409 2396 4477 habet,
2432 4411 2480 4467 si
2519 4412 2573 4468 id
2615 4412 2843 4469 honoris
2900 4411 3026 4468 loco
3070 4391 3305 4483 accipit,
3353 4428 3462 4468 non
3509 4420 3595 4471 est

334 4489 563 4559 ἔχηται
591 4487 719 4558 παρ’
760 4485 938 4557 ἡμῶν.
974 4488 1038 4540 Ὃ
1062 4485 1119 4539 δὲ
1168 4484 1377 4539 οἰκοθεν
1407 4483 1518 4554 ἔχει
1538 4481 1831 4554 λαμϐάνων
1857 4483 1915 4536 ἐν

335 4582 493 4645 τάξει
526 4580 713 4650 τιμῆς,
735 4580 835 4633 οὐκ
870 4580 935 4633 ἂν
956 4578 1190 4632 ἐλάττων
1229 4576 1554 4654 νοοῖτόιποτε
1592 4574 1724 4637 τῶν,
1757 4575 1916 4646 οἵπερ

339 4671 491 4741 αὐτῷ
516 4672 619 4741 τὴν
646 4670 802 4737 δόξαν
843 4669 918 4733 ὡς
939 4668 1110 4739 δῶρον
1141 4667 1526 4738 προσάγουσιν.
1565 4667 1719 4719 Ἔστι
1738 4665 1917 4720 τοίνυν

249 4813 256 4818 .
338 4766 474 4836 ὀρᾷν
504 4762 600 4817 τὸν
640 4761 897 4831 εἰληφότα
946 4777 998 4815 τι
1025 4759 1119 4814 τοῦ
1168 4758 1459 4823 δεδωκότος
1500 4760 1601 4813 οὐκ
1650 4756 1918 4827 αἰσχίονα,

340 4855 435 4908 καὶ
500 4854 562 4907 οὐ
615 4853 703 4908 διὰ
748 4852 907 4907 τοῦτο
962 4852 1463 4923 μεγαλοφυέστερος
1512 4852 1542 4905 6
1590 4850 1779 4922 Πατὴρ
1824 4847 1919 4903 τοῦ

346 4945 477 4998 ἰδίου
534 4944 913 5016 Γεννήματος,
974 4944 1098 4997 ἐπεὶ⁵
1146 4944 1325 4995 πᾶσαν
1377 4941 1526 5012 αὐτῷ
1575 4941 1773 4996 δέδωκε
1819 4941 1919 5012 τὴν

340 5036 545 5106 κρίσιν.
584 5031 717 5088 Εἶτα
749 5035 882 5106 πρὸς
922 5034 1097 5105 τούτῳ
1149 5035 1370 5087 κάκεῖνο
1407 5032 1818 5103 περισκεπτέοψ
1859 5033 1920 5087 τὸ

336 5129 572 5200 κρίνειν,
604 5128 722 5198 ἦτοι
773 5126 1035 5191 δικάζειν,
1090 5125 1359 5195 ἐνέργειαι
1403 5123 1601 5195 μᾶλλόν
1653 5126 1758 5177 εἰσι
1829 5125 1922 5179 καὶ⁸

333 5220 648 5292 πράγματα
692 5215 799 5271 τῶν
841 5218 969 5290 περὶ
1012 5216 1113 5281 τὰς
1139 5217 1326 5280 οὐσίας
1374 5214 1753 5286 νοουμένων,ἢ
1792 5214 1925 5269 αὐτὸ

328 5313 459 5368 κατ’
485 5310 742 5381 ἀλήθειαν
760 5309 958 5364 οὐσίαι.
1001 5307 1360 5380 Ἐνεργοῦμεν
1389 5309 1497 5377 γάρ
1519 5324 1572 5360 τι
1592 5305 1924 5373 δικάζοντες,

331 5401 656 5468 ἰδιαζόντως
681 5400 1018 5471 ὕπάρχοντες
1057 5401 1195 5471 ὅπερ
1215 5398 1401 5470 ἐσμέν.
1428 5400 1489 5452 Εἰ
1515 5398 1572 5451 δὲ
1601 5397 1662 5450 τὸ
1691 5396 1917 5470 κρίνειν,

2021 4497 2248 4555 inferior
2285 4501 2493 4557 idcirco
2534 4503 2844 4561 censendus
2870 4502 2940 4558 iis
2968 4504 3063 4575 qui
3092 4505 3321 4576 gloriam
3355 4505 3459 4574 ipsi
3491 4519 3595 4560 ceu

2023 4590 2226 4646 donum
2248 4590 2509 4649 oderunt.
2539 4592 2693 4651 Licet
2719 4610 2848 4668 ergo
2882 4596 3070 4653 videre
3096 4611 3222 4652 eum
3263 4597 3354 4667 qui
3389 4596 3596 4667 aliquid

2025 4681 2235 4751 accepit
2267 4682 2441 4740 nihilo
2471 4684 2789 4742 inferiorem
2833 4700 2959 4743 esse
2995 4702 3063 4743 eo
3088 4690 3181 4756 qui
3215 4688 3383 4753 dedit,
3420 4703 3597 4758 neque

2020 4769 2252 4839 proinde
2301 4771 2830 4843 magniﬁcentiorem
2876 4774 3097 4841 Patrem
3154 4790 3257 4831 suo
3282 4775 3592 4836 Genimine,

2021 4859 2169 4930 quod
2200 4861 2251 4919 ei
2281 4862 2496 4918 dederit
2524 4879 2688 4922 omne
2704 4865 3000 4935 judicium.
3032 4865 3257 4927 Deinde,
3295 4866 3429 4919 illud
3457 4882 3595 4937 quo-

2020 4965 2129 5021 que
2162 4951 2623 5008 considerandum
2658 4961 2775 5020 est,
2810 4954 3060 5023 judicare
3093 4955 3209 5009 sive
3254 4954 3347 5024 jus
3374 4954 3592 5021 dicere,

2020 5042 2370 5111 operationes
2400 5042 2584 5111 potius
2611 5058 2738 5099 esse
2775 5053 2868 5098 aut
2890 5051 3048 5098 actus
3074 5058 3263 5098 eorum
3300 5060 3420 5113 qua:
3445 5046 3594 5101 circa

2022 5133 2365 5189 substantias
2402 5133 2528 5188 esse
2580 5133 2982 5204 intelliguntur,
3010 5148 3175 5203 quam
3215 5135 3364 5205 ipsas
3404 5151 3596 5193 revera

2023 5221 2381 5277 substantias.
2398 5220 2618 5290 Aliquid
2639 5221 2787 5276 enim
2812 5219 3046 5277 facimus
3065 5222 3197 5276 dum
3214 5221 3309 5292 jus
3331 5223 3592 5293 dicimus,

2024 5312 2190 5368 iidem
2218 5326 2451 5383 prorsus
2474 5310 2774 5369 secundum
2804 5312 3167 5369 substantiam
3189 5330 3593 5385 permanentes.

2027 5402 2184 5469 Quod
2233 5402 2281 5459 si
2324 5402 2575 5473 judicare
2613 5402 2983 5460 substantiam
3036 5419 3161 5461 esse
3206 5409 3595 5481 cont-edemus,

402 5592 451 5625 “
486 5588 635 5646 Psal.
666 5602 855 5657 um,
887 5589 939 5644 8.
1016 5589 1081 5623 “'
1108 5587 1250 5645 Psal.
1289 5603 1471 5654 valv,
1505 5585 1561 5644 8.
1634 5586 1677 5619 ⁸⁷
1716 5585 1730 5640 Ι
1770 5584 1895 5641 Cor.

2062 5587 2112 5643 7.
2190 5585 2235 5618 ⁸⁸
2268 5583 2467 5656 Philip.
2505 5601 2566 5653 ιι,
2595 5587 2650 5643 7.
2727 5587 2772 5620 δ’
2809 5549 2957 5642 Psal.
2986 5601 3163 5656 LXVII,
3195 5587 3287 5644 ὃὸ.
