4032 6200
471 271 584 328 367

1462 262 1519 319 S.
1562 260 1839 317 CYRILLI
1879 260 2347 317 ALEXANDRINI
2387 260 2708 317 ABCHIEP.

3629 263 3737 320 368

477 387 756 460 quomodo
785 400 1014 440 necesse
1053 398 1160 438 non
1211 389 1294 438 est
1344 389 1403 436 ut
1433 383 1518 437 vel
1569 383 1728 438 inviti
1760 383 2051 452 fateamur,

2159 385 2274 454 ῆτοι
2300 381 2752 449 δικάζειν,ούσίαν
2779 374 2916 433 εἶναι
2941 378 3205 450 δώσομεν,
3241 379 3356 442 πῶς
3387 380 3486 433 οὐκ
3527 381 3742 454 ἀνάγκη

481 479 759 535 neminem
815 477 973 545 plane
1015 474 1283 528 exsistere
1320 487 1484 542 posse
1533 472 1591 528 in
1631 489 1816 529 rerum
1857 485 2058 530 natura

485 571 592 624 nisi
631 577 756 623 actu
789 567 1044 636 judicare
1082 563 1354 627 videatur,
1385 570 1440 617 et
1477 577 1605 618 cum
1644 565 1772 634 quis
1805 563 2060 634 judicare

476 659 707 721 desinit,
769 669 876 709 una
912 669 1133 724 quoque
1187 668 1409 709 cessare
1472 654 1593 725 ejus
1653 655 2060 710 substantiam?

419 733 421 735 1
478 749 590 804 Sed
654 749 728 801 ita
805 746 1008 800 sentire
1082 753 1162 800 est
1251 746 1732 801 absurdissimum.
1807 745 2060 801 Judicare

477 839 646 909 igitur
713 835 862 890 actio
923 835 1174 905 quaedam
1235 843 1359 902 est,
1435 850 1501 890 ac
1566 846 1829 905 praeterea
1896 835 2053 889 nihil.

475 928 622 996 Quid
661 941 790 998 ergo
827 925 979 982 dedit
1022 926 1186 982 Pater
1237 924 1420 980 Filio?
1471 923 1686 980 Nullam
1735 925 1952 997 quidem
1990 940 2059 980 ex

477 1036 580 1078 sua
617 1029 812 1075 natura
858 1019 1273 1084 excellentiam,
1308 1019 1364 1073 in
1411 1033 1477 1073 eo
1523 1017 1670 1088 quod
1717 1032 1881 1073 omne
1907 1017 2055 1086 judi-

471 1113 624 1167 cium
661 1111 711 1166 ei
756 1110 1001 1175 tradidit,
1035 1109 1131 1165 sed
1171 1110 1442 1164 actionem
1480 1110 1662 1178 potius
1713 1108 1768 1163 in
1819 1122 1916 1163 eos
1964 1107 2057 1177 qui

473 1203 812 1273 iudicantur.
846 1199 1133 1267 Quomodo
1163 1199 1331 1270 igitur
1363 1199 1420 1254 in
1453 1199 1558 1254 hoc
1589 1198 1766 1268 major
1801 1199 1925 1261 erit,
1965 1205 2060 1251 aut

477 1293 937 1364 magnificentior,
968 1292 1231 1348 nonnullo
1279 1292 1467 1347 addito
1513 1291 1658 1362 quod
1703 1307 1813 1346 non
1859 1300 1976 1346 erat
2003 1291 2059 1343 in

479 1381 622 1438 Filio
665 1384 760 1452 qui
805 1382 982 1437 dicit:
1027 1399 1045 1432 ι
1090 1380 1286 1436 Omnia
1323 1397 1445 1452 qua:
1493 1381 1884 1448 habetPater,
1937 1395 2059 1436 mea

471 1476 706 1532 sunt”.
769 1494 787 1526 ι
837 1473 1120 1540 Quomodo
1181 1473 1350 1542 igitur
1395 1472 1531 1527 illud
1588 1472 1723 1528 dare
1767 1475 1839 1528 sit
1896 1473 2059 1527 intel-

476 1568 794 1638 ligendum,
845 1566 1086 1628 attende,
1119 1567 1343 1633 'quteso.
1389 1564 1860 1630 Quemadmodum
1916 1565 2057 1621 Deus

487 1674 552 1711 ac
582 1658 742 1711 Pater
785 1655 1014 1710 creandi
1057 1656 1631 1736 potestate-praeditus
1675 1663 1876 1710 cuncta
1905 1661 2058 1710 creat

2161 475 2258 528 καὶ
2283 473 2383 543 οὐχ
2404 474 2625 534 ἑκόντας
2648 468 2949 540 ὁμολογεῖν,
2983 467 3119 538 μηδὲ
3139 466 3402 537 ὑπάρχειν
3423 465 3560 530 ὅλως
3585 468 3741 522 δύνα-

2162 562 2286 615 σθαι
2317 563 2426 614 τῶν
2455 561 2622 613 ὅντων
2667 559 2840 621 τινας,
2869 559 2916 610 εἰ
2953 556 3026 627 μὴ
3062 556 3334 624 φαίνοιντο
3369 557 3575 627 κριταὶ,
3607 575 3740 628 συγ-

2159 653 2492 723 καταλήγειν
2519 669 2577 704 τε
2631 651 2848 713 πάντως
2881 650 3062 710 αὐτοῖς
3095 647 3172 716 τῷ
3200 647 3343 700 τέλει
3376 647 3475 716 τῆς
3509 649 3743 719 κρίσεως

2158 744 2257 814 τὴν
2284 743 2501 806 οὑσίαν;
2539 742 2680 795 Ἀλλ’
2699 742 2812 794 ἔστι
2835 740 2901 793 τὸ
2935 738 3107 802 οὕτως
3131 742 3270 792 νοεῖν
3304 738 3438 798 τῶν,
3457 739 3742 795 ἀτοπωτά-

2157 852 2286 890 των.
2330 833 2612 904 Ἐνέργειά
2643 849 2729 894 τις
2774 830 3060 902 τοιγαροῦν
3107 830 3169 883 τὸ
3215 829 3420 901 κρίνειν
3475 831 3612 894 ἐστὶ,
3652 833 3745 884 καὶ

2159 925 2346 996 ἕτερον
2371 923 2544 978 οὐδέν.
2591 923 2656 976 Τί
2687 918 2780 976 σῦν
2807 923 2914 992 ἄρα
2945 921 3177 974 δέδωκεν
3211 921 3240 974 6
3271 919 3459 990 Πατὴρ
3489 919 3569 990 τῷ
3593 917 3742 992 Υίῴ;

2158 1016 2546 1086 Πλεονέκτημα
2573 1014 2670 1085 μὲν
2699 1013 2774 1076 ὡς
2799 1013 2858 1078 ἐξ
2884 1013 3017 1076 ἰδίας
3047 1013 3262 1082 φύσεως
3283 1012 3455 1078 οὐδὲν,
3484 1012 3542 1067 ἐν
3582 1030 3642 1066 τε
3665 1015 3745 1083 τῷ

2155 1108 2258 1179 τὴν
2307 1107 2490 1176 κρίσιν
2543 1105 2832 1177 ἐπιτρέψαι
2894 1106 3074 1158 πᾶσαν
3129 1103 3314 1174 αὐτῷ,
3349 1104 3632 1176 ἐνέργειαν
3685 1105 3744 1159 δὲ

2162 1197 2360 1270 μᾶλλον
2390 1197 2490 1267 τὴν
2542 1197 2682 1250 κατὰ
2727 1196 2834 1250 τῶν
2883 1195 3244 1267 κρινομένων.
3285 1194 3409 1258 Πῶς
3453 1192 3547 1249 οὗν
3590 1195 3740 1248 ἔσται

2157 1286 2301 1341 κατὰ
2327 1285 2486 1340 τοῦτο
2518 1285 2740 1356 μείζων,
2775 1286 2809 1356 ἢ
2848 1284 3385 1356 μεγαλοφυέστερος;
3417 1285 3472 1336 τί
3511 1301 3738 1354 προστεο

2158 1374 2374 1441 θεικὼς,
2403 1377 2538 1447 ὅπερ
2595 1377 2696 1430 οὐκ
2727 1371 2795 1447 ἦν
2841 1377 2900 1428 δν
2945 1375 3059 1446 Υίῷ
3089 1375 3168 1446 τῷ
3213 1374 3454 1443 λέγοντι·
3498 1393 3517 1427 ι
3558 1376 3738 1429 Πάντα

2161 1465 2264 1520 ὅσα
2284 1467 2398 1536 ἔχει
2425 1469 2453 1520 6
2477 1468 2687 1539 Πατὴρ,
2706 1466 2814 1536 ἐμά
2842 1467 2982 1530 ἐστι;
3008 1484 3026 1514 ι
3053 1465 3177 1528 Πῶς
3199 1461 3291 1518 οὖν
3319 1466 3426 1534 ἄρα
3457 1466 3518 1518 τὸ
3557 1465 3737 1520 δοῦναι

2158 1558 2397 1628 νοητέον,
2429 1559 2594 1612 ἄκουε
2621 1559 2826 1613 λοιπόνο
2859 1559 3068 1630 Ὠσπερ
3095 1557 3232 1627 ἔχων
3264 1557 3324 1610 τὸ
3357 1557 3615 1612 δύνασθαι
3642 1558 3737 1628 δη-

2167 1653 2444 1721 μιουργεῖν
2471 1653 2500 1703 6
2536 1649 2666 1712 Θεὸς
2731 1650 2824 1702 καὶ⁹
2848 1648 3054 1721 Πατὴρ,
3075 1648 3139 1702 δι’
3165 1647 3296 1701 Υίοῦ
3329 1647 3398 1702 τὰ
3429 1649 3604 1701 πάντα
3641 1648 3735 1716 δηο

474 1763 581 1818 .per
611 1747 830 1810 Filium,
856 1753 1112 1815 tanquam
1145 1761 1240 1815 per
1271 1729 1528 1800 virtutem
1561 1754 1616 1801 et
1646 1747 1816 1801 robur
1844 1761 2006 1800 suum
2038 1765 2052 1802 :

2162 1713 2412 1810 μιουργεῖ
2463 1741 2538 1804 ὼς
2562 1740 2651 1792 διὰ
2693 1713 3122 1809 δυνάμεωςηκαὶ
3171 1739 3352 1808 ἰσχύος
3382 1738 3538 1800 ἰδίας·
3563 1713 3740 1800 οῦτῶς

485 1839 585 1903 ita,
617 1853 742 1892 eum
777 1852 944 1907 penes
972 1851 1096 1892 eum
1119 1838 1191 1891 sit
1218 1835 1506 1905 judicandi
1534 1844 1796 1906 potestas,
1840 1837 1892 1891 id
1919 1851 2058 1907 quo-

472 1945 596 2000 aque
634 1929 918 1998 praestabit
959 1943 1053 1997 per
1100 1926 1300 1982 Filium
1346 1935 1609 1997 tanquam
1649 1943 1748 1997 per
1789 1927 2058 1998 justitiam

485 2031 642 2071 suam
675 2035 688 2070 :
727 2028 787 2069 ut
823 2016 869 2070 si
902 2015 1117 2070 dicatur
1143 2016 1285 2086 ignis
1323 2017 1559 2070 naturali
1592 2030 1705 2070 suae
1740 2017 1925 2070 virtuti
1953 2017 2058 2070 ali-

483 2106 614 2176 quid
646 2107 1076 2161 comburendum
1125 2107 1460 2171 concedere,
1496 2123 1619 2162 cum
1662 2122 1750 2162 res
1797 2107 1850 2162 id
1899 2108 2055 2162 ferat.

485 2197 602 2254 lloc
630 2199 793 2253 modo
822 2198 910 2266 pie
948 2198 1380 2268 interpretantes
1411 2199 1567 2263 illud,
1601 2217 1620 2250 ι
1651 2199 1825 2265 dedit,
1867 2217 1884 2250 ι
1924 2199 2059 2252 vita-

486 2289 670 2344 bimus
717 2289 880 2358 226
925 2289 1180 2358 laqueum
1234 2288 1456 2344 diaboli.
1509 2289 1667 2356 Quod
1719 2290 1765 2346 si
1819 2297 2063 2360 perstant

486 2379 831 2449 impudenter
884 2394 1136 2435 asserere
1193 2381 1434 2436 additam
1477 2382 1525 2437 ei
1576 2397 1700 2438 esse
1747 2383 1976 2453 gloriam
2031 2398 2060 2437 a

486 2471 665 2538 Patre,
696 2487 763 2526 ex
792 2485 856 2526 eo
899 2472 1043 2541 quod
1096 2481 1257 2526 terra:
1300 2473 1465 2541 judex
1501 2473 1781 2537 statuitur,
1830 2475 2062 2528 doceant

484 2577 588 2617 nos
621 2577 729 2632 quo
781 2572 942 2632 pacto
991 2562 1102 2631 jam
1155 2563 1492 2634 intelligatur
1532 2563 1828 2626 Dominus,
1863 2564 1955 2633 qui
2008 2571 2062 2619 et

478 2653 544 2709 in
583 2653 838 2710 extremis
872 2654 1213 2724 temporibus
1243 2655 1346 2710 hoc
1376 2656 1588 2711 honore
1613 2663 1932 2712 coronatur.

1108 2847 1260 2904 CAP.
1291 2846 1428 2902 Vlll.

478 2960 641 3027 Quod
695 2957 835 3010 Deus
882 2966 929 3011 et
969 2974 1033 3011 ea:
1069 2959 1174 3013 Deo
1225 2958 1510 3027 secundum
1539 2966 1787 3012 naturam
1830 2976 1948 3013 cum
1991 2961 2062 3014 sit

2161 1829 2301 1900 ἔχων
2333 1834 2425 1882 καὶ
2468 1831 2531 1882 τὸ
2581 1829 2843 1883 δύνασθαι
2882 1828 3110 1899 κρίνειν,
3152 1829 3443 1899 ἐνεργήσει
3486 1829 3582 1881 καὶ
3608 1828 3743 1881 αὐτὸ

2158 1922 2226 1975 δι’
2252 1921 2404 1986 Υίοῦ,
2430 1921 2506 1984 ὡς
2531 1921 2618 1975 διὰ
2649 1920 2994 1990 δικαιοσύνης
3027 1919 3187 1983 ίδίαςο
3219 1919 3404 1990 ὥσπερ
3455 1919 3522 1974 ἂν
3567 1922 3614 1972 εί
3655 1919 3744 1973 λέ-

2160 2029 2308 2081 γοιτο
2329 2013 2440 2084 πῦρ
2461 2015 2526 2082 τῇ
2551 2013 2608 2078 ἐξ
2641 2012 2801 2065 αὐτοῦ
2826 2012 2967 2064 κατὰ
2993 2009 3153 2079 φύσιν
3187 2011 3438 2082 ἐνεργείᾳ
3469 2011 3528 2063 τὸ
3544 2009 3745 2064 καῦσαί

2158 2122 2213 2157 τι
2246 2105 2600 2175 παραχωρεῖν
2631 2141 2646 2165 ,
2684 2104 2889 2175 ταύτην
2934 2104 3146 2174 ἔχοντος
3179 2103 3274 2156 τοῦ
3304 2104 3626 2172 πράγματος
3647 2102 3747 2174 τὴν

2159 2197 2296 2251 ὁδόν.
2325 2195 2481 2248 Οὕτω
2504 2196 2587 2262 τὸ,
2637 2213 2656 2248 ι
2687 2195 2919 2250 δέδωκεν
2941 2235 2956 2259 ,
2992 2215 3010 2247 ι
3043 2195 3282 2253 εὐσεϐῶς
3331 2194 3744 2264 ἑρμηνεύοντες,

2160 2289 2259 2360 τὴν
2284 2287 2378 2341 τοῦ
2409 2287 2658 2341 διαϐόλου
2692 2288 2894 2356 παγίδα
2929 2286 3350 2358 διαφευξόμεθα.
3375 2287 3436 2340 El
3465 2286 3523 2339 δὲ
3552 2287 3748 2356 Empt-

2161 2398 2345 2434 νουσιν
2384 2379 2618 2443 ἀναιδῶς
2647 2380 3065 2452 προστεθεῖσθαι
3102 2379 3258 2444 δόξαν
3287 2378 3435 2449 αὑτῷ
3467 2379 3622 2449 παρὰ
3648 2379 3745 2433 τοῦ

2162 2469 2377 2543 Πατρδς
2429 2469 2897 2540 διαϐεϐαιούμενοι
2928 2511 2943 2535 ,
2977 2469 3064 2523 διὰ
3095 2468 3189 2523 τοῦ
3229 2469 3420 2540 κριτὴν
3451 2467 3747 2538 ἀναφαίνε-

2164 2560 2285 2613 σθαι
2315 2559 2414 2628 τῆς
2435 2559 2558 2629 γῆς,
2593 2559 2953 2614 διδασκόντων
2984 2563 3134 2631 ἡμᾶς
3153 2602 3167 2627 ,
3201 2560 3317 2624 πῶς
3348 2560 3412 2614 ἂν
3452 2559 3532 2612 ἔτι
3573 2562 3748 2612 νοοῖτο

2162 2650 2384 2722 Κύριος,
2408 2651 2436 2702 6
2464 2650 2556 2702 καὶ
2581 2652 2640 2702 ὲν
2671 2653 2918 2721 ἐσχάτοις
2944 2653 3156 2722 καιροῖς
3182 2655 3299 2716 ταῖς
3338 2652 3430 2704 ἐπὶ
3460 2651 3634 2722 τούτῳ
3662 2668 3747 2705 τι-

2164 2744 2294 2812 μαῖς
2318 2741 2750 2814 στεφανούμενος
2785 2759 2799 2807 ;

2759 2857 3010 2911 ΚΕΦΑΛ,
3062 2858 3143 2910 Il'.

2162 2970 2291 3024 Ὅτι
2339 2971 2482 3038 Θεὸς
2520 2973 2616 3026 καὶ
2665 2972 2731 3025 ἐκ
2765 2973 2912 3026 Θεοῦ
2946 2973 3094 3026 κατὰ
3133 2972 3328 3039 φύσιν
3375 2969 3661 3038 ὑπάρχων
3705 2971 3741 3022 ὀ

555 3029 752 3107 Filius.
783 3036 829 3078 et
864 3027 1266 3114 Pcrfectisaima.
1286 3026 1545 3114 Geniiort's
1577 3030 1772 3101 imago,
1806 3030 2055 3102 wqualem

2236 3041 2372 3114 Υἱὸς
2399 3082 2413 3106 ,
2457 3026 2564 3095 ’καὶ
2611 3043 2786 3096 εἰκὼν
2833 3042 2937 3096 τοῦ
2991 3026 3742 3114 γεννῖθσαντος-ἀξξρὶϐὴς,

553 3116 673 3154 cum
711 3098 826 3164 ipso
860 3097 1107 3153 honorem
1137 3110 1184 3152 et
1214 3100 1438 3170 gloriam
1463 3104 1677 3154 obtinet.

553 3193 622 3260 γ,
655 3193 744 3249 25.
796 3188 862 3243 Ut
893 3207 1070 3246 omnes
1101 3193 1450 3261 honori/iacnt
1480 3192 1526 3244 F
1530 3193 1700 3256 ilium,
1733 3193 1868 3247 sicut
1900 3192 2064 3249 Itono-

478 3287 696 3356 riﬁcan‘t
749 3287 1010 3340 Patrem:
1047 3285 1136 3353 qui
1171 3300 1274 3338 non
1319 3284 1634 3352 honoriﬁcat
1683 3282 1882 3338 Filium
1905 3325 1920 3351 ,
1959 3303 2064 3342 non

483 3376 799 3446 honoriﬁcat
825 3375 1063 3435 Patrem,
1087 3375 1176 3444 qui
1206 3375 1349 3428 misit
1373 3375 1546 3430 illum.

557 3468 735 3522 Causa
766 3477 819 3522 et
854 3466 998 3520 ratio
1029 3481 1221 3521 eorum
1258 3481 1380 3535 quae
1406 3468 1562 3537 prius
1587 3468 1749 3522 allata
1784 3476 1913 3524 sunt
1943 3483 2064 3525 esse

482 3559 722 3622 videtur,
765 3559 1024 3613 nimirum
1077 3559 1390 3628 aequalitate
1431 3567 1486 3614 et
1542 3561 1905 3616 similitudine
1937 3575 2062 3616 cum

478 3649 646 3704 Patre
692 3648 894 3702 Filium
936 3664 1061 3704 esse
1115 3649 1524 3706 honorandum.
1579 3651 1738 3717 Quod
1793 3653 1839 3707 si
1897 3654 2062 3722 paulo

483 3738 649 3794 altius
676 3747 913 3809 repetas,
942 3746 996 3792 et
1019 3737 1086 3793 ad
1113 3739 1215 3793 loci
1243 3740 1564 3796 memoriam
1601 3740 1818 3807 redeas,
1846 3753 2062 3796 sermo-

476 3831 570 3885 nis
629 3831 738 3886 vim
795 3845 859 3884 ac
915 3844 1140 3885 sensum
1196 3837 1457 3885 accurate
1504 3829 1826 3900 perspicies.
1888 3831 2058 3902 igitur

483 3924 695 3978 Patrem
728 3938 889 3978 suum
919 3923 1104 3978 aiebat
1145 3921 1316 3978 Deum
1349 3939 1492 3990 esse,
1523 3924 1764 3995 seipsum
1793 3926 2054 3994 aqualem

480 4015 692 4070 faciens
724 4013 852 4070 Deo.
885 4013 1154 4070 Praeterea
1183 4014 1610 4084 aequipotentem
1646 4022 1703 4070 et
1736 4015 2054 4086 coopilicem

481 4107 724 4176 seipsum
760 4105 1121 4170 ostendebat,
1155 4104 1348 4160 dicens
1387 4123 1402 4160 :
1442 4122 1461 4156 ι
1505 4104 1860 4176 Quaecunque
1906 4107 2052 4162 enim

478 4195 568 4249 ille
613 4194 767 4260 facit,
816 4195 931 4248 haec
963 4201 1018 4249 et
1050 4191 1224 4248 Filius
1277 4193 1535 4249 similiter
1569 4193 1700 4250 facit
1731 4194 1799 4249 ⁸¹.
1839 4214 1858 4248 ι
1891 4192 2050 4262 Quod

478 4295 662 4340 autem
692 4285 804 4338 vita
838 4287 906 4340 sit
935 4292 990 4340 et
1021 4283 1272 4340 vivificus
1296 4285 1597 4341 secundum
1630 4295 1905 4352 naturam,
1938 4303 2047 4341 non

2233 3112 2378 3178 ἴσην
2414 3113 2536 3180 ἔχει
2567 3113 2716 3181 πρὸς
2747 3114 2936 3167 αὐτὸν
2961 3111 3056 3166 καὶ
3085 3113 3263 3181 τιμὴν
3287 3112 3383 3164 καὶ
3410 3111 3616 3174 δόξαν.

2237 3202 2370 3257 Ἵνα
2390 3203 2612 3268 πάντες
2635 3203 2843 3273 τιμῶσι
2873 3205 2980 3258 τὸν
3010 3204 3166 3268 Υὶὸν,
3193 3202 3385 3267 καθὼς
3407 3199 3614 3269 τιμῶσι
3635 3198 3748 3253 τὸν

2164 3293 2392 3361 Πατέρα
2415 3310 2427 3322 ”
2454 3297 2486 3347 ὁ
2519 3295 2605 3363 μὴ
2638 3292 2824 3363 τιμῶν
2860 3295 2964 3348 τὸν
3009 3294 3146 3348 Flor
3189 3295 3260 3348 οὐ
3299 3290 3434 3364 τιμᾷ
3474 3293 3579 3345 τὸν
3625 3294 3744 3344 Πα-

2161 3387 2300 3452 τέρα
2340 3385 2448 3438 τὸν
2491 3386 2812 3455 πέμψαντα
2871 3389 3078 3442 αὐτόν.

2230 3475 2388 3528 Αίτία
2416 3476 2510 3529 καὶ
2554 3477 2824 3548 πρόφασις
2857 3478 2958 3550 ἤδη
2996 3478 3106 3531 τῶν
3141 3476 3746 3550 προκατηριθμημένων

2159 3567 2369 3637 ὁρᾶται,
2404 3567 2465 3620 τὸ
2498 3568 2695 3638 χρῆναι
2735 3569 2996 3638 τιμᾶσθαι
3030 3570 3120 3622 τὸν
3155 3570 3279 3622 Υἱὸν
3304 3571 3360 3622 ὲν
3405 3570 3609 3638 ἰσότητι
3645 3568 3747 3622 καὶ

2159 3657 2435 3728 ὁμοιότητι
2467 3661 2530 3728 τῇ
2568 3659 2704 3728 πρὸς
2738 3659 2827 3712 τὸν
2871 3659 3105 3731 Πατέρα.
3143 3662 3323 3732 Βραχὺ
3348 3662 3402 3714 δὲ
3438 3661 3742 3725 ἀναλαϐὼν,

2159 3747 2254 3798 καὶ
2301 3747 2378 3810 είς
2434 3747 2532 3817 τὴν
2583 3748 2725 3802 κατά
2779 3754 2940 3803 τόπον
2990 3751 3457 3821 ἀνακομιζόμενος
3493 3753 3744 3822 μνήμην,

2159 3836 2506 3908 περιαθρήσῃ
2540 3837 2785 3908 ἀκριϐῶς
2815 3839 2908 3892 τοῦ
2944 3839 3101 3909 λόγου
3132 3841 3229 3913 τὴν
3255 3843 3498 3911 δύναμιν.
3529 3841 3750 3894 Οὐκοῦν

2157 3926 2290 3979 ἴδιον
2337 3925 2435 3996 μὲν
2481 3927 2687 3996 ἔφασκε
2718 3931 2937 4002 Πατέρα
2977 3932 3068 3985 τὸν
3111 3933 3244 3986 Θεὸν
3299 3933 3586 4005 ὑπάρχειν,
3627 3935 3752 3988 ἴσον

2156 4019 2346 4073 ἑαυτὸν
2401 4019 2572 4074 ποιῶν
2639 4021 2718 4092 τῷ
2769 4022 2925 4093 Θεῷ,
2968 4019 3088 4079 εἶτα
3145 4025 3306 4079 πάλιν
3359 4027 3602 4097 ίσοσθενῆ
3646 4033 3754 4085 καὶ

2154 4108 2446 4179 ὁμότεχνον
2503 4110 2821 4165 ἀπεδείκνυε
2861 4111 3036 4180 λέγων
3067 4129 3082 4145 ο
3108 4131 3127 4166 ι
3163 4116 3229 4167 Ἀ
3261 4115 3370 4186 γὰρ
3422 4115 3488 4168 ἂν
3537 4115 3752 4182 ἐκεῖνος

2154 4202 2281 4272 ποιῇ
2307 4241 2320 4264 ,
2357 4200 2529 4256 ταῦτα
2559 4203 2653 4255 καὶ
2677 4205 2705 4257 6
2733 4203 2862 4266 Υἱὸς
2906 4205 3108 4276 ὁμοίως
3151 4208 3314 4260 ποιεῖ.
3341 4226 3358 4259 ι
3404 4207 3527 4261 ’Ότι
3556 4209 3612 4261 δὲ
3645 4211 3752 4263 καὶ

2155 4289 2271 4370 ζωὴ
2303 4291 2398 4344 καὶ
2442 4292 2704 4357 ζωοποιὸς
2732 4295 2874 4347 κατὰ
2902 4295 3066 4364 φύσιν
3106 4297 3275 4362 ἐστὶν,
3297 4296 3486 4370 ὥσπερ
3519 4295 3612 4352 οὖν
3645 4303 3748 4354 καὶ

477 4390 637 4431 secus
675 4389 740 4428 ac
778 4371 961 4439 Pater,
1009 4375 1330 4431 declarabat
1357 4376 1565 4433 addens
1596 4396 1610 4432 :
1646 4397 1664 4430 ι
1698 4376 1857 4433 Sicut
1897 4379 2045 4434 enim

2159 4369 2179 4420 5
2225 4383 2493 4453 γεννήσας
2545 4383 2742 4450 αὐτὸν,
2791 4386 3034 4456 διεσάφει
3087 4388 3399 4460 προστιθείς
3429 4405 3444 4418 ·
3482 4410 3500 4442 ι
3530 4390 3753 4463 Ὥσπερ

477 4465 641 4520 Pater
671 4467 902 4520 suscitat
950 4475 1232 4529 mortuos,
1269 4474 1324 4522 et
1352 4468 1626 4534 vivificat,
1664 4469 1739 4524 ita
1773 4480 1826 4525 et
1875 4469 2049 4528 Filius

477 4572 617 4626 quos
652 4556 767 4609 vult
813 4555 1055 4610 viviﬁcat
1074 4557 1142 4610 ⁸⁸.
1181 4573 1202 4608 ι
1238 4555 1344 4612 Sed
1379 4559 1525 4628 quod
1563 4558 1784 4617 futurus
1815 4562 1889 4617 sit
1914 4579 2051 4633 quo-

476 4661 584 4717 que
627 4647 1007 4701 universorum
1048 4647 1240 4716 judex,
1273 4647 1436 4703 Patre
1465 4650 1520 4704 in
1570 4653 1832 4708 omnibus
1883 4655 2050 4708 simul

477 4738 812 4793 assentiente
837 4743 890 4792 et
917 4745 1215 4803 annuente,
1235 4739 1545 4808 exponebat
1568 4740 1760 4796 dicens
1785 4760 1798 4797 :
1823 4759 1841 4792 ι
1865 4741 2050 4812 Neque

473 4829 622 4885 enim
646 4827 804 4883 Pater
830 4828 1043 4895 judieat
1073 4844 1429 4900 quemquam,
1455 4829 1554 4886 sed
1587 4845 1751 4885 omne
1778 4831 2048 4899 judicium

474 4921 623 4976 dedit
658 4918 793 4973 Filio
815 4919 881 4974 ⁸³.
913 4939 934 4972 ι
968 4921 1228 4987 Quaenam
1258 4936 1389 4992 ergo
1421 4921 1653 4978 istorum
1709 4937 1877 4978 causa
1924 4926 2051 4980 est!

473 5016 581 5069 Ant
626 5012 759 5084 quid
791 5011 1146 5082 Unigenitum
1191 5013 1400 5085 adegit,
1450 5023 1511 5068 ut
1559 5013 1874 5071 istiusmodi
1927 5031 2048 5072 scr—

475 5120 636 5160 mone
701 5103 930 5159 utatur?
963 5121 982 5154 ι
1040 5102 1112 5158 Ut
1167 5118 1384 5169 omnes,
1447 5105 1644 5175 inquit,
1688 5105 2051 5162 honoriﬁcent

475 5194 694 5259 Filium,
731 5197 872 5251 sicut
909 5195 1277 5250 honoriﬁcam
1303 5195 1545 5252 Patrem.
1581 5217 1600 5250 ο
1629 5196 1762 5252 Nam
1791 5199 1838 5254 si
1865 5200 2050 5254 omnia

475 5294 561 5341 est
605 5303 950 5357 quaecunque
997 5286 1192 5354 Pater,
1253 5287 1401 5357 quod
1451 5287 1518 5341 ad
1569 5289 1890 5357 dignitatem
1943 5290 2050 5346 Deo

477 5378 892 5432 convenientem
914 5386 1148 5448 spectat,
1181 5378 1462 5448 quomodo
1482 5394 1588 5434 non
1610 5380 1826 5436 decebit
1856 5382 2048 5437 iisdem

484 5464 778 5522 honoribus
813 5485 938 5524 eum
973 5471 1260 5535 coronari,
1303 5472 1394 5526 cui
1430 5471 1563 5524 nihil
1598 5471 1665 5526 ad
1701 5472 2046 5529 identitatem

2154 4473 2263 4543 γὰρ
2295 4475 2322 4526 6
2374 4473 2564 4546 Πατὴρ
2613 4476 2819 4548 ἐγείρει
2860 4479 2987 4542 τοὺς
3041 4481 3270 4551 νεκροὺς
3319 4483 3415 4535 κού⁵
3460 4481 3751 4546 ζωοποιεῖ,

2154 4565 2296 4619 οὕτω
2330 4568 2424 4620 καὶ
2458 4569 2485 4620 6
2509 4568 2634 4632 Υἱὸς
2666 4568 2758 4632 οὓς
2789 4568 2932 4622 θέλει
2962 4567 3234 4634 ζωοποιεῖ.
3257 4591 3276 4624 ι
3311 4573 3451 4625 Ἀλλ’
3469 4574 3543 4638 ὡς
3567 4573 3758 4629 ἔσοιτο

2154 4660 2246 4711 καὶ
2276 4659 2494 4713 πάντων
2541 4660 2764 4731 κριτὴς,
2799 4660 3245 4725 συνευδοκοῦντος
3286 4663 3372 4732 ἐφ’
3406 4664 3575 4717 ἆπασι
3596 4704 3607 4724 ,
3643 4666 3756 4719 καὶ

2155 4749 2645 4816 συγκατανεύοντος
2675 4749 2767 4802 τοῦ
2796 4750 3031 4822 Πατρὺς,
3052 4751 3300 4822 ἐξηγεῖτο
3329 4753 3501 4821 λέγων
3523 4771 3535 4783 ·
3561 4773 3580 4805 ι
3609 4755 3753 4809 οὐδὲ

2153 4839 2262 4910 γὰρ
2290 4841 2318 4891 6
2340 4839 2528 4908 Πατὴρ
2563 4839 2738 4910 κρίνει
2771 4841 2979 4905 οὐδένα,
3015 4842 3149 4895 ἀλλὰ
3195 4842 3293 4914 τὴν
3329 4845 3511 4914 κρίσιν
3561 4847 3750 4899 πᾶσαν

2155 4929 2351 4982 δέδωκε
2377 4927 2452 4998 τῷ
2487 4929 2614 5000 Υίῷ.
2653 4949 2672 4982 ι
2701 4931 2796 4994 Τίς
2823 4928 2915 4986 οὖν
2939 4935 2972 5003 ἡ
3002 4931 3209 4986 τούτων
3245 4935 3422 4999 αἰτίας
3473 4935 3524 4987 τί
3551 4936 3606 4988 δὲ
3635 4937 3749 5008 ἄρα

2154 5019 2216 5072 τὸ
2238 5019 2501 5083 πεπεικδς
2526 5019 2618 5074 διὰ
2656 5021 2916 5077 τοιούτων
2956 5023 3211 5095 ἔρχεσθαι
3234 5025 3410 5093 λόγων
3439 5026 3531 5078 τὸν
3566 5027 3747 5081 Μονο-

2157 5110 2327 5181 γενῆ;
2357 5129 2374 5162 ι
2422 5112 2538 5164 Ἵνα
2571 5111 2792 5177 πάντες,
2821 5115 2975 5185 φησι,
3009 5115 3211 5184 τιμῶσι
3239 5115 3331 5170 τὸν
3374 5116 3522 5181 Υίὸν,
3560 5116 3747 5181 καθὼς

2157 5203 2355 5275 τιμῶσι
2377 5205 2468 5257 τὸν
2493 5206 2730 5276 Πατέρα.
2763 5225 2781 5256 ›
2816 5208 2877 5259 Εἰ
2903 5206 3012 5279 γὰρ
3047 5207 3223 5261 πάντα
3265 5208 3432 5275 ἐστὶν,
3465 5210 3567 5263 ὅσα
3590 5210 3688 5262 καὶ
3719 5213 3744 5264 6

2157 5295 2369 5366 Πατὴρ,
2399 5296 2521 5350 ὅσον
2554 5292 2688 5367 ἧκεν
2713 5298 2793 5359 εξς
2823 5297 3040 5369 ἀξίωμα
3067 5300 3385 5374 θεοπρεπὲς,
3409 5300 3525 5363 πῶς
3550 5301 3650 5353 οὐκ
3681 5301 3743 5354 ἂν

2157 5385 2242 5455 εἴη
2283 5387 2489 5457 πρέπον
2525 5388 2868 5459 ίσοστάϐμοις
2889 5391 3082 5461 ἐκείνῳ
3115 5391 3510 5461 στεφανοῦσθαι
3559 5394 3744 5462 τιμαῖς

2156 5478 2270 5541 τὸν,
2298 5469 2448 5550 ᾧπερ
2492 5480 2643 5533 οὐδὲν
2683 5482 2760 5544 εἰς
2791 5481 3091 5551 ταυτότητα
3118 5481 3217 5552 τῆς
3253 5481 3442 5545 οὐσίας
3462 5481 3644 5550 ἐνδεῖς
3680 5479 3746 5534 τί

543 5641 595 5676 ⁸⁸
617 5641 785 5698 Joan.
821 5659 930 5709 xvr,
972 5645 1060 5700 i5.
1135 5646 1181 5680 ⁶¹
1220 5645 1418 5717 Supra,
1453 5665 1504 5718 v,
1539 5650 1628 5705 19.
1705 5650 1750 5683 ⁵³
1785 5650 1916 5707 ibid.
1951 5651 2040 5708 2|.

2159 5652 2167 5684 ⁸
2207 5652 2336 5708 ibid.
2367 5651 2456 5704 22.
