4032 6200
271 295 352 353 πο

1274 292 1339 346 ΙΝ
1381 291 1673 349 JOANNIS
1717 291 2172 350 EVANGELIUM
2229 295 2356 352 LIB.
2396 295 2458 351 ΙΙ.

3391 306 3526 361 ὖῗῦ·

267 407 342 467 οὖν
391 407 496 476 ἄρα
546 405 708 459 πάλιν
738 405 994 476 καὶπρὸς
1050 405 1204 460 τοῦτό
1250 423 1413 476 φασιν
1458 408 1506 459 οἱ
1546 410 1720 460 πάντα
1745 408 1804 460 τὰ

1915 408 2241 465 substantia
2282 409 2476 466 deest?
2501 411 2642 477 Quid
2694 411 2860 483 igitur
2900 412 2968 468 ad
3011 412 3127 469 hac
3161 418 3496 484 respondent

267 498 378 570 ὁρθά
404 494 838 565 διαστρέφοντες,
876 494 953 558 ὡς
979 495 1008 545 ὁ
1037 496 1323 566 προφήτης
1347 496 1512 565 φησὶν
1558 497 1818 561 Ἡσαῖας;

1921 515 2145 554 rursum
2192 501 2284 570 qui
2336 502 2522 557 omnia
2571 513 2716 556 recta
2751 511 3088 571 pervertunt,
3125 513 3184 559 ut
3217 505 3294 560 ait
3325 506 3496 564 Isaias

265 591 316 646 Εί
347 589 427 642 διά
448 589 508 641 τὸ
533 585 810 655 λέγεσθαι,
848 585 1012 656 φησιν
1033 601 1045 614 °
1088 603 1106 638 ι
1152 586 1268 640 Ἵνα
1301 588 1478 641 πάντα
1505 589 1704 658 τιμῶσι
1730 588 1804 640 τοι

1923 593 2187 659 propheta
2211 590 2372 646 “‘lSi
2403 606 2471 646 ex
2502 607 2567 646 eo
2589 593 2736 663 quod
2763 595 3028 663 scriptum
3055 603 3162 657 est,
3201 597 3500 667 inquiunt:

265 681 389 741 Υίδν,
414 677 555 730 καθά
598 678 803 750 τιμῶσι
857 678 948 729 τὸν
985 677 1225 748 Πατέρα,
1265 696 1284 729 ι
1325 677 1573 747 νομίζετε
1618 679 1816 750 χρῆναι

266 772 338 825 τδν
363 771 481 824 Υίδν
513 769 818 840 ἶσομέτροις
849 767 926 837 τῷ
948 769 1121 841 Πατρὶ
1152 769 1580 838 κατασεμνύνειν
1609 774 1814 840 τιμαῖς,

262 864 480 930 ἀγνοεῖτε
508 860 606 930 τῆς
628 859 883 928 ἀληθείας
913 859 1128 930 μακράν
1157 877 1255 913 που
1279 859 1599 929 βαδίζοντες.
1619 862 1692 914 Οὺ
1710 862 1824 932 γὰρ

263 954 452 1016 πάντως
476 953 538 1004 τὸ
576 971 595 1002 ι
641 950 823 1013 καθὼς
860 971 878 1003 ι
917 951 1134 1022 ἰσότητα
1185 952 1524 1025 πραγμάτων
1552 952 1815 1020 είσφέρει,

261 1038 458 1099 καθ’ὧν
499 1044 565 1096 ἂν
610 1044 853 1112 φαίνοιτο
882 1043 1066 1106 τεθὲν,
1106 1043 1365 1109 ὁμοίωσιν
1405 1043 1462 1095 δέ
1499 1059 1620 1095 τινα
1648 1059 1818 1114 χαρα-

261 1132 486 1206 κτηρίζει
539 1134 818 1199 πολλάκις,
849 1129 980 1197 οἷον,
1009 1134 1196 1204 φησὶν,
1225 1133 1254 1184 6
1285 1135 1477 1204 Σωτήρ
1526 1151 1627 1186 που
1680 1149 1818 1204 συμ-

259 1227 500 1290 ϐουλεύει,
533 1227 706 1293 λέγων
739 1242 752 1256 ο
790 1243 809 1276 ι
847 1225 1066 1278 Γίνεσθε
1099 1225 1473 1294 οἰκτίρμονες,
1503 1222 1684 1287 καθὼς
1721 1225 1815 1276 καὶ

261 1318 490 1388 δΠατὴρ
543 1317 696 1386 ὑμῶν
742 1317 771 1368 6
821 1314 1068 1385 οὐράνιος
1111 1315 1407 1384 οἰκτίρμων
1435 1313 1600 1366 ἐστίν.
1638 1332 1656 1364 ι
1696 1308 1816 1384 'Ap‘

256 1403 336 1461 οὖν
356 1406 586 1476 ἐσόμεθα
611 1406 1044 1475 φιλοικτίρμονες
1079 1404 1250 1467 οὓτως
1269 1444 1284 1469 ,
1311 1405 1386 1466 ὡς
1423 1406 1452 1457 6
1480 1404 1692 1474 Πατὴρ,
1727 1403 1815 1456 διὰ

198 1556 231 1572 η
257 1498 310 1551 τὸ
338 1516 356 1550 ι
389 1497 601 1562 καθὼςς
642 1516 660 1550 ι
698 1497 807 1550 Καὶ
834 1496 994 1550 πάλιν
1027 1498 1055 1549 6
1097 1496 1328 1566 Χριστὸς
1349 1495 1499 1563 λέγει
1539 1495 1675 1564 πρὸς
1723 1493 1814 1546 τὸν

256 1587 433 1642 ἑαυτοῦ
469 1589 689 1659 Πατέρα
734 1585 1006 1658 περὶτῶν
1060 1583 1350 1656 μαθητῶν·
1423 1603 1441 1633 ι
1496 1583 1815 1651 Ἠγάπησας

255 1681 450 1742 αὐτοὺς,
476 1678 659 1742 καθὼς
685 1679 786 1749 ἐμὲ
817 1678 1133 1748 ἠγάπησας.
1170 1695 1189 1728 ι
1231 1675 1374 1729 Ἀλλ’
1401 1675 1502 1745 οὐχ
1531 1673 1674 1728 οὕτω
1709 1671 1810 1726 δὼ-

221 1786 403 1839 ῖσομεν
429 1767 746 1839 ἡγαπῆσθαι
785 1768 909 1830 τοὺς
947 1766 1212 1838 μαθητὰς,
1243 1766 1318 1828 ὡς
1339 1764 1429 1818 τὸν
1462 1763 1588 1817 Υίδν
1620 1764 1804 1828 πάλιν,

217 1851 330 1912 ὶδιά
352 1859 409 1912 τὸ
440 1878 458 1910 ι
502 1857 705 1920 καθώς.
746 1875 764 1909 ι
795 1857 860 1910 Τί
895 1851 986 1910 οὖν
1016 1855 1396 1926 εὑρεσιλογείς,
1416 1853 1510 1908 καὶ
1535 1852 1807 1922 ἀποϐιάζῃ

252 1950 345 2019 τὴν·
362 1948 499 2014 λέξιν
527 1951 610 2021 εἰς
639 1947 970 2018 δυσφημίαν,
1000 1946 1256 2017 οὐδεμίαν
1283 1947 1397 2007 τοῖς
1435 1943 1806 2014 ἀκροωμένοις

254 2041 476 2110 ἀνάγκην
501 2039 882 2109 είσφέρουσαν,
917 2039 996 2102 είς
1029 2037 1089 2091 τὸ
1121 2037 1321 2108 χρῆναι
1348 2037 1512 2106 τιμᾷν
1541 2035 1630 2088 τὸν
1655 2035 1803 2101 Υίδν,

252 2131 300 2183 ιν
327 2131 418 2200 (etp
452 2129 640 2200 μέτρῳ
686 2127 764 2198 τῷ
810 2126 1078 2197 φύσαντι;
1107 2125 1172 2178 Τί
1203 2121 1296 2179 οὖν
1328 2125 1461 2196 πρὸς
1493 2123 1665 2176 ταῦτα
1710 2124 1804 2176 καὶ

251 2221 365 2291 παρ’
382 2219 576 2292 ήμῶν;
610 2221 830 2290 Πικροίς
864 2219 962 2288 μὲν
1006 2217 1162 2289 ἡμῶν
1192 2216 1592 2274 καθυλακτοῦσι
1627 2216 1804 2284 λόγοις

250 2313 287 2364 οί
316 2311 586 2380 θεομάχοι,
607 2309 719 2364 ἀλλ’
742 2310 846 2373 ἔξω
867 2310 994 2373 τοὺς
1020 2309 1297 2373 κύνας,ὠς
1319 2310 1347 2362 6
1378 2307 1585 2374 Παῦλος
1617 2325 1798 2380 φησιν,

249 2400 338 2466 ἔξω
359 2403 484 2465 τοὺς
537 2401 743 2464 κακοὺς
784 2401 1023 2471 ἐργάτας
1047 2439 1062 2463 ,
1097 2400 1201 2466 ἔξω
1230 2401 1329 2467 τῆς
1360 2399 1524 2470 ὀρθῆς
1568 2400 1804 2463 πίστεως

249 2492 330 2564 τὴν
356 2493 699 2563 κατατομήν’
724 2493 887 2562 ἡμεῖς
919 2492 1029 2563 γάρ
1073 2493 1239 2561 ἐσμεν
1269 2491 1526 2560 ἀληθείας
1550 2491 1676 2552 υἱοὶ,
1709 2491 1802 2544 καὶ

246 2584 391 2638 τέκνα
414 2585 613 2653 φωτός.
638 2583 822 2638 Διάτοι
850 2583 1008 2637 τοῦτο
1041 2583 1131 2638 τὸν
1163 2583 1440 2651 Μονογενῆ
1467 2580 1544 2651 τῷ
1568 2580 1686 2651 Θεῷ
1708 2581 1802 2633 καὶ

247 2673 403 2744 Ilath
453 2673 868 2743 συνδοξὰζομεν,
896 2673 957 2726 οὐ
1004 2672 1147 2726 κατά
1192 2688 1315 2725 τινα
1360 2670 1656 2739 διαφορὰν,
1684 2670 1798 2723 ἀλλ’

244 2765 295 2816 ἐν
322 2765 520 2834 ἰσότητι
554 2765 720 2836 τιμῆς
745 2782 803 2818 τε
832 2764 926 2817 καὶ
957 2763 1133 2832 δόξης,
1159 2763 1234 2825 ὡς
1266 2761 1397 2814 Θεὸν
1424 2763 1488 2814 ὲκ
1521 2760 1677 2824 Θεοῦ,
1707 2758 1800 2814 καὶ

245 2853 345 2921 φῶς
369 2857 430 2909 ὲκ
463 2855 667 2926 φωτὸς,
700 2856 796 2909 καὶ
829 2854 973 2926 ζωὴν
1001 2857 1064 2908 ὲκ
1108 2853 1272 2923 ζωῆς.
1301 2853 1412 2906 Καὶ
1439 2852 1798 2923 περιεργάζε-

1842 1740 1885 1795 Β

1925 700 1943 731 ι
1985 679 2054 735 Ut
2094 680 2458 736 honoriﬁcent
2507 681 2727 745 Filium,
2773 684 2921 738 sicut
2971 684 3339 742 honoriﬁcant
3389 686 3494 740 Pa-

1918 782 2081 841 trem,
2125 792 2144 826 r
2179 775 2512 830 existimatis
2558 773 2759 830 Filium
2809 776 3115 846 aqualibus
3169 793 3290 831 cum
3334 778 3496 832 Patre

1920 865 2222 920 honoribus
2270 880 2395 921 esse
2445 865 2851 927 decorandum,
2911 867 3139 923 nescitis
3183 881 3214 920 a
3267 868 3496 923 veritate

1920 955 2080 1026 longe
2103 968 2201 1008 vos
2237 955 2450 1009 abesse.
2481 952 2600 1008 Non
2631 953 2778 1008 enim
2807 968 2940 1009 sane
2972 953 3142 1009 dictio
3179 955 3304 1016 ista,
3334 974 3352 1004 ι
3378 957 3492 1010 sic-

1918 1055 2000 1112 ut,
2042 1064 2061 1098 ι
2104 1045 2472 1115 aequalitatem
2512 1058 2701 1100 earum
2752 1058 2935 1098 rerum
2969 1044 3036 1100 de
3065 1045 3266 1114 quibus
3293 1044 3496 1100 dicitur

1917 1136 2211 1206 signiﬁcat,
2241 1135 2337 1191 sed
2359 1134 2654 1206 quamdam
2680 1134 2840 1204 227
2866 1134 3284 1190 similitudinem
3310 1136 3495 1204 potius

1915 1225 2146 1289 indicat,
2186 1225 2461 1296 quomodo
2490 1223 2763 1291 Salvator,
2801 1225 3083 1292 inquiunt,
3117 1225 3318 1280 alicubi
3357 1240 3494 1280 con-

1916 1317 2068 1380 sulit,
2093 1317 2286 1373 dicens
2321 1336 2332 1371 :
2366 1334 2386 1367 ι
2417 1315 2608 1371 Estote
2637 1317 3056 1382 misericordes,
3088 1317 3232 1372 sicut
3259 1326 3312 1372 et
3334 1317 3497 1372 Pater

1914 1418 2099 1465 vester
2147 1409 2239 1464 ille
2273 1408 2520 1464 caelestis
2551 1417 2636 1463 cst
2660 1409 2729 1461 ".
2773 1431 2792 1460 ι
2821 1409 2905 1462 An
2940 1423 3069 1478 ergo
3099 1409 3496 1464 misericordia

1914 1507 2165 1556 amantes
2187 1499 2420 1562 erimus,
2453 1498 2682 1568 perinde
2715 1507 2882 1568 atque
2924 1497 3110 1561 Pater,
3151 1507 3374 1570 propter
3407 1498 3493 1553 div

1913 1591 2158 1646 ctionem
2195 1591 2366 1654 illam,
2404 1607 2424 1640 ι
2470 1589 2654 1644 sicut?
2689 1609 2707 1642 ι
2745 1590 2902 1654 Item,
2941 1589 3198 1645 Christus
3227 1590 3296 1644 ad
3329 1605 3513 1645 suum.-

1913 1682 2130 1736 Patrem
2154 1680 2223 1736 de
2242 1679 2534 1750 discipulis
2556 1680 2669 1734 ait:
2703 1697 2722 1731 ι
2752 1678 3001 1736 Dilexisti
3023 1695 3143 1743 eos.
3169 1682 3310 1735 sicut
3327 1691 3381 1734 et
3409 1697 3496 1734 me

1912 1773 2151 1828 dilexisti
2183 1773 2250 1824 “.
2289 1790 2308 1822 ι
2342 1774 2412 1824 At
2472 1785 2821 1840 nequaquam
2862 1771 3232 1826 concedemus
3260 1769 3495 1826 dilectos

1911 1877 2034 1918 esse
2094 1861 2398 1932 discipulos
2453 1861 2682 1931 perinde
2737 1875 2802 1915 ac
2858 1858 3058 1916 Filium
3133 1868 3354 1932 propter
3406 1861 3499 1916 di-

1911 1953 2148 2008 ctionem
2207 1953 2388 2017 illam,
2443 1970 2462 2004 ι
2523 1951 2689 2006 sicut.
2737 1969 2755 2003 ›
2803 1950 2945 2016 Quid
3003 1965 3132 2020 ergo
3188 1949 3390 2005 frustra
3443 1961 3500 2006 te

1910 2043 2088 2112 augis,
2118 2049 2172 2096 et
2213 2040 2510 2095 dictionem
2546 2040 2597 2094 vi
2627 2044 2923 2110 detorques
2971 2039 3027 2093 in
3073 2039 3504 2109 blasphemiam,

1909 2148 2034 2203 qua
2073 2133 2281 2187 nullam
2313 2131 2664 2187 auditoribus
2713 2132 3106 2186 necessitatem
3159 2131 3318 2187 all‘ert
3368 2129 3492 2184 Filii

1907 2217 2193 2288 aqualiter
2240 2233 2366 2272 cum
2418 2217 2582 2272 Patre
2613 2217 2960 2273 honorandi!
3003 2217 3144 2283 Quid
3188 2219 3358 2289 igitur
3404 2218 3498 2274 his

1909 2307 2278 2376 reponimus?
2326 2305 2558 2361 Acerbis
2611 2305 2835 2376 quidem
2891 2305 2946 2359 in
2997 2320 3097 2360 nos
3141 2307 3344 2361 latrant
3395 2305 3494 2362 Dei

1908 2397 2098 2452 hostes
2137 2397 2485 2452 sermonibus
2529 2415 2544 2451 :
2586 2396 2681 2452 sed
2729 2396 2877 2450 foras
2927 2409 3133 2460 canes,
3172 2407 3232 2451 ut
3279 2395 3488 2452 Paulus

1906 2487 1985 2542 ait
2007 2488 2075 2553 ⁸⁷,
2107 2487 2254 2542 foras
2285 2487 2418 2541 mali
2453 2487 2714 2557 operarii,
2756 2485 2906 2541 foras
2940 2495 3104 2540 recta
3142 2487 3264 2542 ﬁdei
3301 2486 3494 2557 depra-

1905 2579 2053 2633 vatio
2085 2597 2098 2632 :
2126 2593 2227 2633 nos
2253 2579 2400 2632 enim
2433 2579 2684 2634 veritatis
2717 2577 2814 2632 ﬁlii
2841 2594 3058 2641 sumus,
3090 2587 3145 2632 et
3177 2578 3318 2632 lucis
3350 2592 3487 2647 pro~

1906 2670 2007 2726 les.
2067 2670 2274 2726 Idcirco
2313 2668 2665 2740 Unigenitum
2729 2685 2837 2724 una
2893 2685 3020 2724 cum
3070 2669 3182 2724 Deo
3220 2677 3276 2724 et
3323 2669 3488 2724 Patre

1905 2759 2409 2828 congloriﬁcamus,
2430 2775 2541 2814 non
2574 2758 2879 2831 secundum
2904 2760 3070 2814 ullam
3105 2759 3510 2814 differentiam.-

1905 2849 1999 2904 sed
2038 2847 2351 2918 aequalitate
2381 2849 2609 2904 honoris
2647 2856 2701 2904 et
2727 2847 2936 2918 gloria,
2969 2857 3030 2902 ut
3059 2847 3231 2904 Deum
3255 2848 3323 2904 de
3355 2848 3490 2914 Deo,

245 2945 351 2999 σθαι
375 2948 470 3016 μὲν
500 2948 567 3001 τὸ
599 2948 777 3001 πίστει
808 2947 1166 3018 παραδεκτὸν,
1208 2945 1280 3008 ὡς
1311 2945 1404 2998 ἐπὶ
1430 2944 1675 2998 πλεῖστον
1699 2944 1799 2997 οὐκ

1907 2949 1958 2996 et
1989 2941 2167 2996 lumen
2197 2939 2265 2995 de
2304 2941 2532 3004 lumine.
2568 2947 2624 2996 et
2648 2942 2812 2996 vitam
2841 2957 2906 2998 ex
2937 2942 3072 2995 vita.
3105 2939 3169 2993 Et
3197 2947 3347 2994 certe
3397 2953 3492 2994 cu-

242 3038 466 3107 ἀσφαλές
484 3055 497 3069 ’
535 3037 889 3109 βασανιστέον
915 3037 961 3090 δ’
979 3032 1072 3090 οὗν
1102 3037 1249 3106 ὅμως
1275 3036 1366 3090 καὶ
1388 3035 1482 3088 τοῦ
1513 3053 1532 3087 ι
1568 3033 1750 3098 καθὼς
1775 3053 1792 3086 ι

1913 3031 2116 3086 riosius
2142 3031 2378 3086 scrutari
2413 3031 2563 3102 quod
2604 3029 2710 3086 ﬁde
2755 3031 3062 3102 suscipitur
3089 3037 3148 3085 ut
3195 3029 3493 3101 plurimum

238 3127 326 3198 τήν
370 3129 604 3200 δύναμιν
629 3167 644 3192 ,
673 3129 760 3182 ἵνα
803 3130 879 3199 μὴ
921 3127 1061 3198 μέγα
1094 3126 1364 3197 φρονῶσιν
1396 3126 1482 3195 ἐφ’
1505 3127 1719 3189 ἑαυτοῖς
1751 3124 1800 3177 οί

1907 3130 2080 3176 lutum
2144 3137 2256 3176 non
2307 3129 2434 3189 est;
2472 3132 2863 3177 verumtamen
2903 3121 3276 3178 examinanda
3327 3120 3496 3176 nobis

237 3219 295 3271 δι’
321 3221 592 3283 ἐναντίας.

296 3391 496 3445 Οὐκοῦν
529 3392 628 3443 ἐπὶ
655 3394 753 3460 μὲν
775 3388 881 3442 τῶν
907 3387 1172 3458 ἀνομοίων
1208 3387 1349 3440 κατὰ
1371 3388 1470 3458 τὴν
1501 3387 1664 3456 φύσιν
1701 3387 1792 3439 ὅτε

231 3479 468 3534 τάττεται
517 3480 588 3533 τὸ
638 3499 657 3531 ι
699 3478 899 3545 καθὼς,
936 3496 954 3528 ι
1017 3479 1077 3532 οὑ
1117 3480 1335 3542 πάντως
1386 3477 1802 3548 ἀπαράλλακτον

231 3573 349 3640 ἡμιν
373 3572 624 3641 εἰσφέρει
654 3570 753 3642 τὴν
782 3571 1025 3640 ίσὸτητα,
1055 3571 1350 3640 ὁμοιότητα
1375 3569 1432 3622 δὲ
1460 3569 1659 3639 μᾶλλον
1708 3568 1804 3622 καὶ

225 3662 548 3734 είκονισμὸν,
589 3663 664 3726 ὡς
697 3662 792 3716 καὶ
825 3662 977 3716 αὐτοὶ
1000 3662 1365 3733 προλαϐόντες
1389 3660 1799 3732 ὡμολογήκατε.

226 3756 338 3809 Ἐπὶ
391 3757 447 3810 δὲ
505 3756 625 3809 τῶν
683 3753 934 3826 ἀλλήλοις
979 3753 1118 3807 κατά
1171 3753 1350 3808 πάντα
1405 3753 1802 3825 προσεοικότων

223 3844 364 3920 εἴπερ
412 3848 604 3918 ὁριῖιτο
656 3846 831 3911 τεθὶν,
875 3846 968 3900 καὶ
1008 3845 1230 3916 ἰσότητα
1281 3845 1378 3916 τὴν
1430 3845 1489 3899 ὲν
1539 3847 1673 3899 πᾶσι
1709 3845 1804 3898 καὶ

223 3937 501 4008 ὁμοιότητα
541 3938 720 4010 δηλοῖ,
767 3938 862 3991 καὶ
911 3938 963 3990 εί
1001 3955 1054 3991 τι
1089 3937 1296 4000 τούτοις
1325 3937 1512 4009 ἕτερον
1561 3937 1804 3990 ἰσοδυνα-

225 4029 347 4097 μοῦν
367 4030 717 4101 εὑρίσκεται.
745 4024 870 4082 υἶόν
902 4028 953 4082 τί
970 4037 1112 4099 φημι
1135 4046 1148 4059 ·
1176 4029 1440 4100 Λαμπρὸς
1491 4029 1588 4098 μὲν
1617 4031 1646 4081 6
1681 4029 1802 4082 κατ’

221 4122 435 4190 οὐρανόν
470 4125 629 4175 ἐστιν
658 4121 831 4191 ἥλιος,
861 4119 1110 4190 λαμπρὸς
1131 4119 1187 4173 δὲ
1206 4120 1410 4188 ὁμοίως
1439 4120 1534 4173 καὶ
1583 4122 1610 4173 6
1637 4119 1803 4190 γῆθεν

221 4211 469 4286 ἄργυρος,
506 4214 631 4268 ἀλλ’
656 4214 690 4283 ὴ
725 4213 824 4283 μὲν
855 4212 1015 4282 φύσις
1041 4212 1148 4266 τῶν
1173 4212 1481 4284 εἰρημένων
1521 4212 1801 4284 διάφορος.

221 4305 449 4357 Noaian
478 4305 540 4357 δέ
561 4322 650 4367 τις
675 4305 837 4372 τυχὸν
863 4303 970 4356 τῶν
985 4304 1078 4356 ἐπὶ
1106 4303 1209 4373 γῆς
1236 4303 1648 4368 πλουσίων,τοίς
1677 4305 1800 4356 κατ’

1901 3223 1988 3270 est
2020 3214 2104 3269 vis
2139 3213 2288 3269 illius
2325 3213 2586 3268 dictionis
2618 3232 2636 3264 ι
2678 3214 2848 3282 sicut,
2895 3231 2914 3264 ι
2960 3229 3028 3269 ne
3069 3211 3374 3267 adversarii
3405 3212 3493 3266 ni-

1902 3305 2045 3360 mios
2076 3304 2184 3359 sibi
2211 3303 2444 3374 spiritus
2472 3311 2785 3360 assumant.
2889 3373 2896 3380 ο

1973 3395 2163 3466 Igitur,
2198 3410 2324 3450 cum
2359 3395 2450 3449 illa
2479 3395 2668 3459 dictio,
2717 3416 2735 3448 ι
2773 3397 2940 3461 sicut,
2980 3415 2998 3448 ι
3053 3394 3121 3452 de
3153 3408 3354 3452 natura
3387 3395 3478 3450 di-

1901 3487 2078 3543 versis
2103 3485 2352 3552 eﬂ‘ertur,
2385 3494 2517 3542 tunc
2548 3502 2656 3541 non
2691 3487 3063 3542 omnimodam
3086 3489 3490 3559 aequalitatem,

1903 3579 2000 3635 sed
2030 3577 2456 3636 similitudinem
2491 3579 2676 3649 potius
2715 3587 2770 3634 et
2822 3581 3112 3650 imaginem
3177 3580 3490 3650 significat,

1903 3676 1964 3723 ut
1990 3676 2044 3723 et
2069 3669 2174 3739 ipsi
2218 3669 2375 3739 prius
2403 3668 2650 3725 confessi
2684 3669 2842 3725 estis.
2869 3668 3028 3735 Quod
3052 3671 3095 3725 si
3124 3669 3191 3724 de
3217 3670 3284 3724 iis
3309 3669 3487 3737 posita

1903 3759 2152 3814 videatur
2182 3774 2308 3830 qua
2343 3759 2716 3814 omnimodam
2775 3761 2920 3814 inter
2952 3775 3011 3814 se
3065 3759 3494 3812 similitudinem

1904 3851 2130 3917 habent,
2171 3858 2227 3906 et
2255 3850 2626 3921 aequalitatem
2659 3851 2715 3904 in
2747 3851 3025 3912 omnibus,
3050 3861 3105 3903 et
3157 3848 3480 3904 similitudi-

1904 3955 2026 3995 nem
2053 3939 2349 4009 signiﬁcat,
2368 3947 2422 3993 et
2446 3940 2494 3993 si
2526 3937 2654 4008 quid
2683 3938 2771 3992 his
2793 3939 2936 3992 aliud
2968 3938 3249 4006 cujusdam
3267 3937 3488 3990 virtutis

1903 4031 2196 4102 reperitur.
2245 4030 2497 4102 Exempli
2553 4030 2772 4100 gratia:
2809 4032 2890 4085 sol
2953 4033 3009 4086 in
3039 4031 3181 4085 calo
3241 4031 3406 4101 nitet,
3434 4039 3489 4084 ct

1905 4129 2192 4192 argentum
2232 4121 2301 4177 de
2326 4132 2474 4176 terra
2508 4123 2802 4178 similiter:
2839 4121 2934 4178 sed
2988 4122 3130 4177 inter
3192 4137 3251 4176 se
3290 4131 3482 4177 natura

1904 4213 2244 4282 discrepant.
2281 4211 2583 4283 Fingamus
2611 4223 2794 4270 autem
2842 4215 3079 4284 aliquem
3117 4213 3335 4267 divitem
3367 4213 3483 4266 suis

1905 4304 2224 4360 domesticis
2258 4304 2450 4360 forsan
2475 4305 2701 4359 dicere:
2737 4303 2965 4376 Fulgcat
3005 4311 3290 4373 argentum
3341 4302 3484 4356 sicut

222 4387 353 4447 οἷκον
378 4395 661 4457 οίκέταις.
702 4394 1002 4464 Λαμπέτω,
1039 4394 1232 4462 λέγων,
1263 4394 1291 4446 6
1319 4395 1586 4464 ἄργυρος,
1623 4394 1804 4458 καθὼς

1910 4397 1992 4452 sol
2021 4413 2037 4462 ;
2065 4396 2190 4464 jure
2228 4395 2454 4464 quidem
2515 4403 2630 4450 tum
2666 4396 2917 4452 dicemus
2977 4396 3258 4448 materiam
3311 4403 3485 4447 tcrrc-

219 4484 346 4537 καὶό
366 4487 546 4554 ἣλιος·
580 4488 642 4538 ὲν
670 4485 844 4555 τούτῳ
877 4485 942 4556 δὴ
973 4486 1121 4556 μάλα
1161 4484 1384 4548 δικαίως
1430 4485 1532 4538 οὐκ
1573 4486 1652 4550 εἰς
1701 4485 1802 4556 τὴν

222 4573 329 4647 [σην
373 4577 708 4631 ἀναϐαίνειν
760 4575 1121 4648 λαμπρότητα
1154 4576 1235 4648 τῷ
1287 4576 1423 4646 ἡλίῳ
1462 4575 1562 4647 τὴν
1600 4578 1665 4630 ἐκ
1700 4579 1803 4648 γῆς

218 4663 334 4736 ὓλην
360 4667 576 4737 φαμὲν,
612 4665 730 4720 ἀλλ’
759 4667 838 4729 είς
855 4665 1111 4735 ὁμοίωσίν
1133 4681 1258 4720 τινα
1331 4667 1428 4718 καὶ
1479 4666 1802 4738 ἐμφέρειαν,

218 4755 299 4808 καὶ
319 4759 629 4830 είφέροιτο
650 4757 769 4811 κατ’
801 4756 968 4810 αὐτοῦ
995 4756 1057 4810 τδ
1095 4775 1113 4808 ι
1149 4756 1352 4821 καθώς.
1400 4777 1421 4812 ι
1469 4758 1679 4830 Πέτρου
1720 4759 1800 4823 δὲ,

216 4849 296 4900 καὶ
316 4849 579 4905 Ἰωάννου
617 4849 780 4918 τυχὸν
799 4848 906 4903 τῶν
929 4849 1100 4917 ἁγίων
1131 4849 1392 4919 μαθητῶν
1439 4851 1797 4922 παρενεχθέν-

213 4953 311 4993 των
339 4943 420 5006 είς
447 4943 649 5014 μέσον,
680 4943 728 4995 οἳ
758 4944 854 4996 καὶ
885 4941 966 5012 τῷ
991 4941 1092 5010 τῆς
1139 4941 1354 5009 φύσεως
1391 4943 1554 5012 λόγῳ,
1604 4945 1697 4996 καὶ
1729 4946 1792 5014 τῇ

209 5030 286 5092 είς
321 5032 456 5086 Θεὸν
491 5033 760 5103 εὐσεϐείᾳ
777 5033 874 5102 τῆς
907 5033 1042 5104 πρὸς
1061 5032 1322 5102 ἀλλήλους
1341 5033 1599 5104 ἀκριϐοῦς
1617 5035 1798 5105 ὁμοιό-

205 5133 358 5188 τητος
385 5123 492 5177 οὐκ
524 5122 1029 5193 ἁπολιμπὰνονται,
1077 5121 1323 5192 τετάχθω
1365 5122 1426 5175 τὸ
1477 5141 1494 5174 ι
1533 5123 1734 5188 καθὼς,
1773 5145 1790 5176 ι

201 5210 445 5279 λέγοντός
464 5230 631 5277 τινος
659 5214 786 5285 περὶ
809 5214 1011 5277 αὐτῶν,
1042 5213 1119 5275 ὡς
1155 5215 1214 5265 ὲν
1231 5213 1591 5286 ὑποκειμένῳ·
1627 5217 1797 5286 Τιμά-

204 5297 310 5350 σθω
348 5301 510 5370 παρὰ
541 5302 770 5355 πάντων
798 5303 1078 5372 Ἰωάννης,
1123 5301 1306 5364 καθὼς
1353 5302 1448 5356 καὶ
1483 5303 1512 5356 6
1556 5305 1759 5375 Πέτρος
1780 5325 1794 5339 ο

202 5383 301 5457 ἄρα
328 5392 394 5444 τὸ
439 5413 458 5443 ι
495 5390 696 5456 καθὼς
739 5411 758 5444 ι
788 5393 1041 5462 ἀτονήσει
1077 5391 1237 5446 πάλιν
1271 5393 1350 5454 εἰς
1377 5393 1438 5444 τὸ
1474 5394 1547 5463 μὴ
1575 5395 1684 5447 δεῖν
1709 5398 1794 5447 ἐπ’

207 5481 397 5549 appoti:
439 5482 544 5551 τὴν
580 5481 709 5550 ἴσην
736 5483 962 5550 ἄγεσθαι
1007 5485 1205 5552 τιμήνς
1271 5482 1407 5535 Ἀλλ’
1443 5483 1539 5536 οὐκ
1583 5485 1668 5550 ἂν,
1727 5483 1795 5538 οἷο

298 5660 346 5690 n
389 5662 509 5715 ιηιυ
549 5659 830 5724 Μῂκιωιι,
862 5664 914 5716 9-

1906 4496 2074 4544 strem
2107 4486 2172 4541 ad
2204 4487 2471 4556 aqualem
2494 4502 2618 4542 cum
2653 4488 2770 4543 sole
2805 4487 3158 4556 splendorem
3189 4501 3297 4540 non
3330 4502 3486 4539 accc—

1907 4576 2058 4644 dere,
2094 4576 2190 4632 sed
2220 4576 2287 4630 ad
2327 4576 2749 4632 similitudinem
2778 4577 3076 4648 quamdam
3127 4583 3181 4630 ct
3229 4574 3483 4644 elligicm,

1906 4669 2124 4725 etiamsi
2157 4673 2223 4726 de
2262 4670 2383 4740 ipso
2417 4669 2681 4726 ell‘eratur
2711 4670 2803 4725 illa
2837 4657 3028 4731 dictio.
3063 4690 3079 4721 ι
3121 4668 3284 4726 sicut.
3329 4685 3348 4718 ›
3412 4667 3486 4721 De

1905 4761 2068 4816 Petro
2101 4775 2230 4816 vero
2255 4769 2309 4815 et
2341 4759 2558 4817 Joanne
2595 4762 2806 4816 sanctis
2836 4760 3131 4830 discipulis
3154 4798 3168 4823 ,
3209 4759 3304 4830 qni
3353 4775 3479 4812 cum

1907 4863 2115 4910 natura
2144 4855 2377 4915 ratione,
2434 4862 2550 4907 tum
2616 4854 2818 4923 pietate
2879 4855 2931 4907 in
2970 4851 3139 4906 Deum
3179 4851 3480 4921 perfectam

1904 4946 2051 4999 inter
2079 4959 2140 5000 se
2171 4943 2584 4999 similitudinem
2611 4944 2837 5008 habent,
2867 4942 3125 4998 eﬂeratur
3160 4940 3251 4995 illa
3285 4939 3477 4998 dictio.

1912 5056 1930 5089 ι
1972 5037 2137 5099 sicut,
2177 5054 2194 5084 ι
2231 5042 2287 5089 et
2333 5035 2480 5089 dicat
2509 5034 2804 5103 quispiam,
2842 5032 3078 5102 exempli
3125 5045 3292 5086 causa
3323 5047 3336 5084 :
3373 5028 3481 5083 llo-

1909 5137 2134 5180 noretur
2163 5125 2231 5178 ab
2265 5123 2527 5178 omnibus
2573 5121 2814 5177 Joannes
2857 5121 3004 5177 sicut
3043 5130 3097 5174 et
3130 5118 3364 5183 Petrus;
3408 5136 3476 5171 an

1904 5215 1996 5267 illa
2027 5212 2218 5272 dictio,
2249 5230 2266 5261 ι
2310 5213 2476 5270 sicut,
2518 5227 2535 5258 ι
2571 5210 2889 5279 neutiquam
2925 5207 3261 5278 significabit
3299 5221 3480 5273 aqua-

1907 5306 2010 5360 lem
2045 5303 2263 5368 utrique
2295 5316 2418 5356 csse
2451 5299 2800 5354 tribuendum
2839 5299 3004 5369 228
3039 5298 3340 5352 honorem?
3371 5295 3475 5353 Sed

1903 5409 2084 5457 nemo,
2121 5401 2179 5445 ut
2227 5406 2370 5454 reor,
2417 5391 2558 5444 istud
2598 5391 2838 5444 dixerit:
2895 5389 3032 5444 nihil
3083 5388 3230 5444 enim
3270 5390 3478 5448 videbit

1843 5537 1848 5544 ,
1905 5483 2047 5556 quod
2085 5483 2373 5555 prohibeat
2406 5483 2450 5537 si
2510 5481 2649 5536 ratio
2692 5481 3113 5550 signiﬁcationis
3175 5490 3472 5554 spectetur.

993 5664 1035 5694 ⁵³
1076 5662 1206 5717 Luc.
1243 5677 1313 5725 vi,
1350 5660 1435 5714 36.
1513 5659 1556 5691 ⁵⁵
1599 5656 1755 5714 Joun.
1788 5677 1920 5728 xvn,
1956 5660 2045 5716 25.

2126 5660 2168 5690 ⁸⁷
2205 5657 2439 5731 Philipp.
2479 5676 2535 5714 tu
2567 5701 2580 5725 ,
2622 5661 2694 5725 ‘3;
2731 5659 2904 5727 Apoc.
2939 5678 3074 5725 ult,
3106 5660 3195 5718 15.
