4032 6200
507 311 604 366 ’571

1504 307 1560 362 5.
1600 303 1878 362 CYIiILLI
1901 295 2373 361 ALEXANDRINI
2405 301 2727 362 ARCHIEI‘.

3647 308 3742 364 572

503 425 644 480 Cum
675 439 805 496 ergo
827 424 892 481 de
924 423 1059 480 Filio
1109 432 1163 480 et
1212 423 1377 479 Patre
1411 423 1580 479 dictio
1614 424 1731 488 illa,
1793 442 1812 476 ι
1847 421 2009 485 sicut,
2052 437 2069 470 ι

2181 440 2313 494 μαι,
2370 424 2453 488 τίς
2493 425 2555 478 τὸ
2599 423 2837 477 τοιοῦτον
2885 422 3001 494 ἐρεῖ
3029 438 3042 453 '
3106 421 3372 494 Θεωρήσει
3427 423 3537 494 γὰρ
3581 423 3646 494 δὴ
3692 424 3744 476 τὸ

505 515 784 580 eil‘eratur,
810 530 972 585 quam
999 514 1068 571 ob
1096 529 1317 570 causam
1346 516 1646 585 aequalibus
1679 514 1871 570 ambos
1903 513 2077 567 hono-

503 605 660 660 ribus
695 620 894 660 ornare
923 605 1351 660 cunctabimur?
1376 603 1510 660 Nam
1549 603 1731 658 futura
1770 602 2075 674 praevidens

505 701 566 747 ut
593 693 758 757 Deus,
791 700 845 746 et
878 693 1175 763 malignam
1205 701 1310 748 tute
1345 693 1636 764 imperitia:
1679 691 2076 748 contradictio-

505 800 630 839 nem
664 800 772 839 non
807 784 1094 853 ignorans,
1121 799 1230 838 non
1250 784 1453 839 nudam
1476 784 1684 845 statim,
1724 799 1903 852 neque
1941 797 2074 838 con-

503 875 741 930 venienti
782 875 886 930 sibi
918 875 1174 945 praesidio
1199 875 1517 931 destitutam
1551 875 1851 930 dictionem
1897 874 2072 941 illam,

511 987 529 1019 ι
577 966 742 1032 sicut,
781 985 800 1017 ι
837 966 1041 1031 intulit,
1097 965 1191 1022 sed
1226 981 1346 1022 eam
1379 965 1594 1021 idoneis
1644 965 1912 1019 firmatam
1943 979 2072 1034 pro-

501 1057 859 1122 bationibus;
893 1063 946 1112 et
994 1071 1119 1110 cum
1170 1055 1323 1126 prius
1376 1054 1679 1111 ostenderit
1737 1069 1797 1109 se
1855 1069 2074 1124 quoque

504 1147 672 1203 Deum
713 1163 836 1204 esse
871 1147 1173 1202 secundum
1200 1157 1454 1202 naturam
1509 1146 1705 1215 (suum
1737 1145 1881 1200 enim
1913 1143 2076 1200 facie-

499 1239 597 1295 bat
649 1237 862 1294 Patrem
900 1237 1132 1309 Deum),
1170 1236 1629 1307 aflirmaveritque
1692 1251 1752 1290 se
1801 1245 1856 1291 et
1903 1235 2072 1290 Deum

429 1317 438 1334 ι
501 1331 776 1401 Opificem,
812 1340 868 1386 et
891 1331 1162 1386 viventem
1197 1343 1384 1385 revera
1408 1343 1550 1392 esse,
1581 1337 1766 1398 atque,
1807 1337 1865 1381 ut
1895 1327 1970 1381 ita
1988 1325 2073 1380 di-

501 1439 646 1490 catn,
709 1422 802 1477 Dei
851 1437 915 1476 ac
953 1421 1132 1476 Patris
1195 1422 1630 1492 proprietatibus
1683 1419 2070 1488 conspicuum,

501 1521 808 1581 opportune
861 1509 1079 1564 tandem
1141 1509 1344 1564 infert:
1414 1529 1432 1560 ‹
1491 1506 1558 1564 Ut
1609 1522 1802 1563 omnes
1847 1505 2073 1561 honori—

500 1605 666 1658 ﬁcent
719 1586 950 1667 Filium,
986 1601 1132 1654 sicut
1172 1599 1539 1654 honorificant
1591 1598 1830 1654 Patrem.
1869 1615 1886 1648 ›
1929 1596 2070 1663 Quid

500 1698 682 1744 autem
745 1704 893 1743 nunc
958 1688 1239 1742 adversari
1291 1687 1560 1742 videtur?
1605 1690 1674 1740 At
1751 1685 1883 1756 quid
1946 1699 2070 1754 pro-

497 1780 709 1835 hibebit
753 1779 1048 1849 quominus
1098 1779 1170 1842 is,
1237 1779 1328 1832 cui
1386 1778 1830 1833 substantialiter
1881 1778 2071 1832 insunt
2104 1757 2146 1812 Β

497 1887 837 1950 quaecunque
879 1871 1061 1931 Patris
1095 1872 1393 1942 peculiaria
1451 1879 1504 1926 et
1539 1871 1736 1925 eximia
1782 1881 1946 1936 sunt,
1999 1871 2070 1926 ad

496 1966 765 2036 aequalem
829 1963 1056 2018 honoris
1120 1964 1382 2017 ascendat
1457 1962 1831 2018 mensuram?
1891 1960 2068 2030 Ipsam

497 2056 700 2128 quippe
754 2053 847 2110 Dei
887 2069 951 2110 ac
1000 2052 1180 2109 Patris
1214 2054 1494 2108 honorare
1532 2060 1790 2107 naturam
1844 2066 2067 2121 compe-

494 2147 704 2200 rietnur
739 2145 794 2200 in
825 2143 960 2200 Filio
999 2145 1218 2215 egregie
1275 2145 1632 2200 relucentem.
1660 2142 1869 2196 Idcirco
1921 2141 2066 2196 enim

497 2237 760 2308 subjicit:
803 2257 820 2290 ι
854 2236 957 2302 Qui
995 2252 1105 2291 non
1130 2236 1458 2291 honorificat
1493 2233 1716 2298 Filium,
1746 2248 1855 2288 non
1890 2234 2067 2286 hono-

495 2328 676 2382 rilicat
702 2325 942 2392 Patrem,
971 2327 1064 2397 qui
1097 2326 1246 2382 misit
1295 2326 1469 2380 illum.
1513 2343 1532 2376 ι
1562 2322 1686 2379 Filii
1719 2324 1866 2380 enim
1931 2339 2065 2377 con-

497 2425 735 2488 temptus
763 2426 858 2473 aut
897 2417 1253 2489 blasphemiae
1288 2417 1374 2474 vis
1403 2427 1456 2473 et
1492 2417 1633 2472 ratio
1659 2417 1726 2472 ad
1756 2418 1924 2471 alium
1958 2431 2064 2472 non

491 2510 809 2580 pertinebit,
853 2525 1020 2581 quam
1076 2510 1143 2564 ad
1207 2509 1386 2579 ipsum
1426 2509 1668 2572 Patrem,
1735 2511 1826 2580 qui
1884 2526 1913 2564 a
1967 2525 2064 2566 sua

493 2611 692 2659 natura
729 2611 987 2672 tanquam
1017 2618 1048 2657 a
1099 2601 1251 2657 fonte
1284 2600 1485 2656 Filium
1515 2601 1708 2666 edidit,
1761 2603 1884 2658 licet
1915 2603 1962 2658 ei
1996 2604 2065 2659 ab

492 2704 699 2768 aeterno
759 2693 1103 2749 coexsistens
1162 2692 1367 2762 ubique
1417 2691 1474 2748 in
1560 2691 1847 2760 Scriptura
1905 2707 2062 2746 sacra

495 2784 844 2853 prazdicetur.
881 2783 986 2839 Sed
1026 2792 1168 2848 esto,
1195 2785 1374 2851 inquit
1403 2783 1776 2849 adversarius,
1811 2791 2061 2838 contem-

495 2884 623 2943 ptus
653 2873 775 2929 Filii
801 2889 910 2944 quo
949 2875 1085 2930 velis
1125 2874 1421 2945 pertineat,
1458 2874 1569 2928 imo
1597 2889 1727 2928 vero
1761 2874 1828 2928 ad
1879 2875 2059 2944 ipsum

496 2966 666 3020 Deum
701 2980 763 3022 ac
790 2965 1007 3021 Patrem
1060 2968 1354 3037 pertingat.
1399 2963 1722 3036 Indignatur
1761 2963 1907 3019 enim
1939 2965 2062 3034 jure

494 3053 714 3119 merito,
747 3069 855 3108 non
894 3063 1076 3109 tamen
1106 3055 1263 3124 quasi
1296 3053 1485 3109 eadem
1519 3061 1715 3108 natura
1745 3054 1974 3108 laniatur
2003 3055 2058 3110 in

493 3143 654 3210 Filio,
686 3151 745 3200 ut
767 3145 928 3201 modo
953 3145 1338 3213 disseruimus;
1369 3145 1462 3200 sed
1484 3144 1742 3214 quoniam
1769 3155 1853 3200 est
1887 3145 2067 3216 imago

493 3233 617 3304 ejus
647 3242 700 3290 et
726 3236 1014 3290 character
1029 3235 1099 3300 ⁸⁸,
1135 3233 1203 3290 ad
1233 3235 1476 3291 divinam
1497 3243 1550 3291 et
1589 3234 1918 3291 ineffabilem
1947 3236 2067 3307 ejus

497 3332 751 3378 naturam
789 3326 993 3396 optime
1021 3325 1312 3390 formatus,
1332 3327 1458 3397 jure
1484 3325 1704 3396 quidem
1730 3327 2065 3398 indignatur,

497 3421 552 3467 et
588 3413 643 3468 in
682 3429 742 3468 se
779 3417 1005 3469 omnino
1040 3415 1295 3486 injuriam
1346 3415 1533 3471 refert.
1595 3415 2066 3471 Ahsurdissimum

496 3503 699 3574 quippe
750 3514 895 3559 esset
949 3519 1095 3571 eum,
1137 3506 1232 3576 qui
1283 3504 1485 3560 divinis
1535 3505 1949 3561 characteribus
1981 3507 2066 3561 in-

495 3595 683 3660 sultat,
716 3596 925 3666 peccati
964 3597 1020 3651 in
1065 3597 1424 3669 archetypum
1458 3595 1689 3652 admissi
1727 3611 1921 3667 poenas
1953 3611 2068 3652 non

494 3686 670 3743 luere.
703 3686 1173 3756 Quemadmodum
1204 3703 1422 3758 nempe,
1459 3689 1505 3744 si
1546 3690 1669 3759 quis
1723 3700 2066 3746 terrenarum

494 3793 687 3849 regum
710 3774 975 3850 imagines
1004 3780 1242 3835 ludibrio
1267 3780 1543 3846 habuerit,
1571 3769 1869 3837 nonaliter
1895 3797 2060 3853 quam

497 3870 544 3924 si
573 3873 627 3924 in
663 3886 848 3942 regem
885 3871 1061 3942 ipsum
1105 3871 1414 3942 peccaverit
1452 3873 1703 3942 punitur.
1752 3873 1883 3929 Tale
1938 3889 2067 3930 vero

499 3961 762 4030 quiddam
794 3977 825 4016 a
860 3961 973 4018 Deo
1006 3979 1225 4034 quoque
1264 3964 1332 4019 de
1360 3964 1520 4020 nobis
1551 3973 1819 4020 statutum
1856 3981 2072 4036 compe-

497 4055 727 4112 riemus.
761 4076 780 4108 ι
821 4054 924 4122 Qui
992 4056 1136 4112 enim
1177 4057 1503 4128 sanguinem
1547 4057 1810 4122 hominis,
1871 4059 2067 4129 inquit,

493 4144 763 4212 effuderit,
825 4161 925 4216 pro
977 4147 1246 4216 sanguine
1315 4147 1478 4218 229
1546 4147 1669 4217 ejus
1722 4145 2067 4214 effundatur,

499 4237 630 4304 quia
682 4239 739 4292 in
788 4237 1028 4308 imagine
1085 4237 1180 4294 Dei
1247 4238 1353 4294 feci
1403 4238 1680 4294 hominem
1701 4239 1768 4291 ⁸⁸.
1821 4256 1840 4289 ι
1901 4235 2071 4294 Vides

495 4326 666 4397 igitur
698 4341 764 4380 ex
794 4327 916 4394 hoc,
962 4329 1162 4400 inquit,
1215 4328 1506 4386 manifeste
1538 4327 1703 4386 Deum
1757 4343 1821 4384 ac
1851 4328 2068 4385 Patrem

2179 515 2384 568 κωλῦον
2425 515 2575 570 οὐδὲν
2617 515 2739 570 κατ’
2793 513 2962 585 αὐτὴν
3023 513 3118 567 τοῦ
3164 515 3430 585 νοήματος
3484 513 3584 584 τὴν
3627 514 3743 566 ἀνα-

2176 605 2380 675 λογίαν.
2417 607 2582 661 Ὄταν
2607 607 2692 674 ἐφ’
2725 603 2856 658 Υίοῦ
2899 604 2990 658 καὶ
3017 603 3228 674 Πατρὸς
3263 606 3491 674 φέρηται
3517 604 3577 657 τὸ
3607 623 3626 655 ι
3657 621 3745 657 κα-

2177 696 2313 760 θὼς,
2366 715 2384 748 ι
2457 696 2544 750 διὰ
2601 697 2762 751 ποίαν
2813 695 2988 748 αἰτίαν
3058 695 3515 766 ἀποναρκήσομεν
3572 694 3742 764 ἰσομέ-

2173 803 2322 856 τροις
2361 787 2526 856 ἄμφω
2548 784 2907 853 καταστέφειν
2927 785 3110 854 τιμαῖς
3135 800 3148 848 ;
3192 782 3741 854 Προανασκεψάμενος

2175 877 2281 949 γάρ
2325 877 2401 941 ὡς
2448 877 2582 940 Θεὸς
2628 876 2696 930 τὰ
2739 877 2990 946 ἐσόμενα,
3027 875 3122 927 καὶ
3170 876 3267 945 τὴν
3321 873 3591 945 βάσκανον
3651 875 3743 943 τῆς

2175 969 2273 1038 σῆς
2304 967 2543 1038 ἀμαθίας
2596 966 2969 1038 περιαθρήσας
2995 966 3323 1033 ἀντιλογίαν,
3347 965 3407 1019 οὐ
3436 965 3642 1034 γυμνὸν
3668 965 3745 1019 εὐ⁸

2175 1059 2290 1126 θύς,
2333 1059 2452 1113 οὐδέ
2484 1059 2582 1129 τῆς
2640 1059 2789 1130 αὐτῷ
2823 1058 3135 1129 πρεπούσης
3175 1059 3378 1131 ἔρημον
3405 1058 3737 1128 ἐπικουρίας,
3787 1043 3796 1057 ⁴

2172 1151 2234 1204 τὸ
2274 1171 2291 1203 ι
2325 1152 2507 1215 καθὼς
2535 1171 2553 1203 ι
2607 1154 2965 1222 εἰσενήνοχεν,
2993 1150 3126 1205 ἀλλά
3170 1153 3292 1213 ταῖς
3339 1151 3438 1219 μὲν
3480 1152 3748 1220 καθηκού-

2175 1261 2298 1306 σαις
2325 1243 2716 1314 προοχυρὼσας
2761 1243 3172 1314 πληροφορίαις,
3231 1242 3633 1314 προαποδείξας
3685 1243 3740 1297 δὲ

2175 1333 2255 1386 ὅτι
2295 1333 2386 1385 καί
2422 1333 2554 1396 Θεὸς
2587 1332 2822 1403 ὐπάρχοι
2856 1331 2998 1385 κατά
3033 1331 3193 1400 φύσιν
3227 1347 3242 1361 ο
3279 1332 3411 1384 ίδιον
3441 1331 3551 1401 γάρ
3605 1333 3742 1384 ἐποιο

2176 1427 2287 1478 εϊτο
2315 1423 2535 1495 Πατέρα
2577 1423 2670 1476 τὸν
2701 1423 2832 1477 Θεόν
2855 1435 2870 1451 ·
2916 1423 3436 1494 προκατασκευάσας
3470 1422 3527 1475 δὲ
3561 1423 3734 1486 πάλιν,

2173 1519 2253 1570 ὅτι
2283 1517 2374 1570 καὶ
2393 1516 2526 1579 Θεὸς
2539 1515 2873 1587 δημιουργὸς
2912 1515 3006 1568 καὶ
3036 1514 3144 1579 ζῶν
3173 1515 3293 1568 κατ’
3320 1514 3580 1584 ἀλήθειάν
3605 1517 3733 1579 ἐστι,

2175 1610 2266 1664 καὶ
2303 1610 2461 1673 ὅλως,
2499 1610 2569 1661 ἵν’
2593 1609 2766 1672 οὕτως
2787 1607 2948 1671 εἴπω,
2985 1609 3098 1670 τοῖς
3131 1606 3226 1660 τοῦ
3255 1606 3387 1660 Θεοῦ
3417 1606 3511 1659 καὶ
3529 1605 3737 1676 Πατρὸς

2175 1700 2636 1771 ἐπαγλαῖζόμενον
2681 1699 2932 1769 ἰδιώμασι
2979 1697 3431 1768 προεισενεγκὼν,
3472 1697 3737 1768 εὐκαίρως

2177 1793 2368 1861 ἐπάγει
2404 1791 2608 1845 λοιπόν·
2645 1791 2794 1844 «Ἵνα
2825 1790 3024 1853 πάντες
3047 1789 3248 1860 τιμῶσι
3278 1789 3368 1843 τὸν
3387 1789 3534 1851 Υίὸν,
3559 1785 3738 1850 καθὼς

2175 1882 2375 1952 τιμῶσι
2397 1882 2488 1935 τὸν
2515 1880 2760 1951 Πατέρα.
2794 1899 2815 1932 ι
2871 1875 3006 1934 Εἶτα
3041 1880 3095 1932 τί
3127 1879 3186 1932 τὸ
3227 1879 3580 1933 ἀντιστατοῦν
3616 1880 3739 1932 ἀνα-

2176 1974 2424 2041 φανεῖται
2477 1969 2693 2035 λοιπόν;
2739 1968 2794 2023 τί
2850 1969 2909 2022 δὲ
2949 1970 3012 2022 τὸ
3046 1969 3252 2022 κωλῦον
3281 1968 3397 2021 ἐστί
3440 1970 3553 2032 τὸν,
3588 1963 3740 2039 ᾧπερ

2174 2061 2445 2125 οὐσιωδῶς
2503 2061 2795 2132 ἐνυπάρχει
2833 2060 2900 2114 τὰ
2952 2059 3046 2113 τοῦ
3087 2061 3448 2128 γεννήσαντος
3497 2059 3605 2113 ίδια
3647 2059 3742 2113 καὶ

2174 2149 2443 2219 ἐξαίρετα,
2467 2149 2675 2220 πρὸςτὸ
2710 2148 2824 2201 ἴσον
2849 2148 2946 2218 τῆς
2975 2147 3138 2218 τιμῆς
3165 2147 3474 2202 ἀναϐαίνειν
3503 2147 3701 2218 μέτρον
3723 2164 3738 2211 ;

2173 2243 2353 2311 Αὐτὴν
2376 2241 2485 2313 γὰρ
2510 2240 2611 2311 ἤδη
2656 2240 2920 2310 τιμῶντες
2946 2239 3044 2310 τὴν
3077 2238 3170 2293 τοῦ
3197 2239 3330 2293 Θεοῦ
3379 2239 3473 2293 καλ⁸
3529 2237 3741 2310 Πατρὸς

2172 2333 2492 2402 ἀλωσόμεθα
2517 2331 2698 2401 φύσιν,
2733 2330 2912 2394 καλῶς
2932 2331 2989 2383 ἐν
3021 2329 3135 2399 Υίῴ
3174 2329 3601 2398 διαλάμπουσαν.
3643 2327 3741 2382 Διά

2172 2425 2282 2496 γὰρ
2311 2424 2467 2477 τοῦτό
2493 2439 2655 2492 φησιν
2683 2421 2900 2491 ἐφεξῆςο
2938 2440 2956 2472 ι
3013 2422 3072 2473 '0
3100 2421 3173 2491 μὴ
3201 2419 3372 2490 τιμῶν
3394 2419 3485 2474 τὸν
3501 2420 3648 2481 Υἱὸν,
3677 2419 3740 2474 οὐ

2171 2517 2304 2586 τιμᾷ
2326 2515 2416 2568 τὸν
2440 2515 2656 2584 Πατέρα
2691 2512 2782 2566 τὸν
2817 2512 3108 2581 πέμψαντα
3145 2511 3325 2565 αὐτόν.
3377 2529 3395 2563 ο
3443 2510 3740 2578 Ἀναδήσε-

2169 2625 2258 2660 ται
2319 2605 2426 2676 γὰρ
2469 2605 2569 2657 οὐκ
2613 2603 2696 2671 ἐφ’
2729 2603 2917 2671 ἕτερόν
2973 2619 3095 2655 τινα
3133 2601 3330 2672 μᾶλλον
3372 2603 3470 2672 τῆς
3503 2602 3582 2664 εἰς
3612 2601 3743 2654 Υἱὸν

2171 2699 2394 2770 ἀτιμίας
2423 2699 2482 2752 τὸ
2501 2696 2774 2767 ἔγκλημα,
2803 2696 2898 2749 καὶ
2939 2696 3038 2766 τῆς
3073 2694 3380 2765 δυσφημίας
3426 2695 3459 2762 ή
3487 2693 3736 2763 δύναμις,

2169 2791 2202 2863 ἢ
2237 2792 2314 2854 εἰς
2335 2789 2498 2844 αὐτὸν
2523 2788 2884 2860 ἀληθέστερον
2933 2789 3024 2841 τὸν
3054 2788 3294 2857 Πατέρα,
3333 2785 3581 2855 καθάπερ
3630 2785 3740 2838 ἀπὸ

2171 2881 2352 2951 πηγῆς
2395 2880 2493 2951 τῆς
2540 2877 2746 2942 οἰκείας
2777 2877 2991 2948 φύσεως
3022 2876 3216 2930 ἀνέντα
3259 2875 3351 2929 τὸν
3393 2875 3542 2936 Υίὸν,
3570 2875 3621 2925 εἰ
3644 2873 3740 2926 καὶ

2173 2972 2532 3042 συνυπάρχων
2587 2970 2772 3032 ἀϊδίως
2827 2969 2973 3040 αὐτῷ
3018 2967 3108 3021 διὰ
3153 2968 3333 3037 πάσης
3394 2967 3587 3036 ὁρᾶται
3637 2965 3740 3032 τῆς

2093 3097 2136 3156 c
2168 3063 2327 3132 ἀγίας
2351 3062 2592 3133 Γραφῆς.
2633 3059 2792 3114 Ἀλλά
2817 3059 2925 3123 ναὶ,
2945 3058 3106 3128 φησὶν
3135 3059 3163 3110 6
3190 3051 3740 3156 δι’ἐναντίαςζήξέτξ»

2167 3152 2268 3222 τῆς
2296 3153 2374 3214 εἰς
2414 3151 2542 3204 Υίὸν
2571 3148 2794 3220 ἀτιμίας
2814 3147 2874 3200 τὸ
2904 3146 3152 3216 ἔγκλημα
3183 3141 3320 3212 πρὸς
3353 3141 3489 3210 ὅπερ
3520 3139 3585 3192 ἃν
3611 3137 3741 3207 βού-

2166 3243 2298 3305 λοιο,
2334 3240 2532 3312 μᾶλλον
2559 3239 2616 3292 δὲ
2654 3240 2732 3302 εἰς
2770 3236 2943 3291 αὐτὸν.
2973 3231 3304 3303 ἀφικνείσθω
3332 3231 3424 3284 τὸν
3461 3229 3592 3282 Θεὸν
3645 3228 3742 3282 καὶ

2166 3331 2406 3402 Πατέρα.
2462 3329 2858 3398 Ἀγανακτήσει
2891 3326 3001 3397 γὰρ
3047 3324 3110 3394 δὴ
3149 3323 3240 3376 καὶ
3289 3321 3434 3392 μάλα
3488 3319 3738 3385 εέκῦτως.

2167 3423 2282 3476 ἀλλ’
2315 3422 2436 3492 οὐχὶ
2463 3423 2699 3483 πάντως,
2730 3419 2806 3482 ὡς
2835 3419 2931 3488 τῆς
2957 3415 3123 3485 αὐτῆς
3148 3413 3362 3482 φύσεως
3401 3410 3742 3481 ὑϐρισμένης

2167 3517 2225 3568 ὲν
2247 3512 2382 3584 Υἱῷ,
2410 3511 2554 3567 κατὰ
2580 3511 2670 3564 τὸν
2689 3509 2888 3581 ἀρτίως
2920 3508 3050 3577 ἡμῖν
3073 3501 3518 3574 φιλοτεχνηθέντα
3550 3500 3736 3567 λόγον·

2169 3605 2286 3660 ἀλλ’
2312 3605 2541 3673 ἐπείπερ
2574 3602 2720 3656 ἐστὶν
2767 3599 2928 3651 είκὼν
2959 3593 3123 3650 αὐτοῦ
3165 3595 3259 3648 καὶ
3305 3591 3612 3664 χαρακτὴρ,
3660 3590 3744 3652 ὡς

2169 3697 2306 3768 πρὸς
2323 3695 2421 3766 τὴν
2456 3693 2603 3747 Θείαν
2625 3709 2683 3744 τε
2716 3691 2811 3744 καὶ
2851 3689 3087 3761 ἄρρητον
3130 3684 3293 3740 αὐτοῦ
3339 3684 3498 3754 φύσιν
3537 3682 3744 3752 ἄριστα

2173 3784 2624 3858 μεμορφωμένος,
2676 3779 2990 3852 χαλεπαίνει
3017 3778 3114 3848 μὲν
3148 3774 3405 3843 εὐλόγως,
3432 3772 3636 3826 ἀνοίσει
3681 3770 3745 3824 δὲ

2171 3875 2386 3937 πάντως
2409 3873 2488 3936 εἰς
2533 3871 2725 3926 ἑαυτὸν
2755 3870 2814 3924 τὸ
2845 3865 3104 3938 ἀδίκημα.
3149 3865 3260 3918 Καὶ
3305 3863 3416 3933 γὰρ
3460 3858 3528 3932 ἦν
3567 3862 3749 3922 ὅντως

2167 3966 2275 4020 τῶν
2302 3961 2685 4025 ἀτοπωτάτων,
2722 3961 2814 4014 τὸν
2845 3960 2957 4022 τοῖς
2989 3957 3155 4020 θείοις
3199 3955 3573 4024 χαρακτῆρσιν
3634 3951 3743 4019 ἐμ-

2172 4057 2601 4130 παροινήσαντα,
2644 4052 2718 4123 μὴ
2743 4052 2863 4122 οὐχὶ
2910 4050 3128 4112 πάντως
3169 4049 3266 4118 τῆς
3314 4047 3394 4108 εἰς
3433 4043 3747 4115 ἀρχέτυπον

2172 4146 2445 4219 ἁμαρτίας
2508 4141 2854 4198 ἀποτιννύναι
2896 4141 3072 4203 δίκας.
3115 4139 3327 4208 Ὥσπερ
3375 4130 3468 4190 οὖν
3523 4134 3741 4204 ἀμέλει,

2170 4238 2266 4293 καὶ
2295 4239 2322 4291 6
2345 4237 2464 4300 ταῖς
2483 4234 2653 4288 εἰκόσι
2682 4232 2789 4287 τῶν
2817 4232 2910 4284 ἐπὶ
2960 4230 3062 4299 γῆς
3105 4227 3366 4297 βασιλέων
3404 4223 3746 4296 ἐμπαροινή-

2173 4345 2292 4391 σας,
2358 4327 2433 4391 ὡς
2488 4326 2568 4389 είς
2613 4323 2775 4378 αὐτὸν
2826 4322 2926 4392 ήδη
2973 4314 3456 4388 πεπλημμεληκὼς
3479 4313 3569 4368 τὸν
3603 4331 3745 4384 κρα-

499 4415 814 4471 existimarc
867 4417 1143 4490 indignari
1197 4420 1394 4476 debere
1442 4422 1573 4476 Izesa
1635 4421 1890 4492 imagine,
1957 4438 2068 4477 non

2171 4415 2365 4468 τοῦντα
2395 4413 2702 4477 κολάζεται.
2776 4409 3092 4479 Ὠρισμένον
3141 4406 3198 4460 δέ
3240 4422 3291 4458 τι
3329 4403 3568 4457 τοιοῦτον
3631 4420 3746 4456 πα.-

500 4515 683 4559 autem
715 4505 897 4560 divina
930 4523 1028 4562 sua
1062 4521 1280 4565 natura.
1315 4510 1428 4566 Hoc
1477 4512 1662 4581 itaque
1697 4514 1863 4568 modo
1894 4529 2066 4584 expo-

382 4655 395 4666 ,
498 4597 739 4652 nendum
769 4608 852 4652 est
880 4598 1015 4653 illud
1040 4600 1183 4666 quod
1207 4601 1414 4655 dictum
1447 4611 1532 4657 est
1555 4618 1583 4655 a
1603 4602 1828 4660 Christo
1860 4625 1874 4661 :
1915 4626 1932 4658 ‹
1963 4605 2068 4672 Qui

426 4732 433 4770 ξ
503 4705 609 4744 non
647 4689 972 4743 honorificat
993 4688 1212 4754 Filium,
1231 4706 1410 4760 neque
1430 4693 1644 4755 Patrem
1673 4695 2017 4751 honorificat.
2045 4715 2063 4748 ι

424 4776 431 4834 Ξ
499 4783 581 4834 An
616 4779 784 4848 igitur
809 4795 838 4833 a
862 4778 1053 4835 Patris
1082 4782 1393 4837 substantia
1417 4783 1630 4839 alienus
1651 4786 1756 4839 erit
1782 4787 2068 4843 nobiscum

498 4871 868 4942 Unigenitus?
899 4871 1184 4938 Quomodo
1229 4889 1359 4942 ergo
1401 4873 1514 4944 jam
1555 4876 1857 4931 secundum
1910 4887 2069 4933 natu-

496 4977 615 5017 ram
652 4961 794 5019 Deus
827 4969 932 5029 est,
959 4964 1005 5018 si
1033 4961 1100 5018 dc
1133 4964 1444 5020 rationibus
1488 4965 1709 5022 deitatis
1747 4968 1975 5034 excidit,
2013 4970 2067 5026 in

499 5052 722 5125 propria
753 5054 988 5125 quadam
1035 5061 1088 5109 et
1135 5056 1240 5109 alia
1289 5071 1450 5125 quam
1497 5057 1551 5112 in
1591 5073 1701 5128 qua
1754 5059 1915 5115 Pater
1961 5071 2067 5128 est,

499 5153 695 5199 natura
729 5145 1058 5200 constitutus
1082 5145 1104 5197 ?
1125 5143 1301 5216 Iniqui
1329 5161 1456 5202 vero
1487 5163 1679 5204 sumus
1708 5150 1940 5217 scilicet,
1973 5154 2068 5224 qui

497 5236 553 5289 in
596 5251 758 5290 unam
792 5237 1013 5293 deitatis
1039 5237 1306 5292 rationem
1341 5239 1878 5299 sanctae-Trinitatis
1908 5247 2070 5302 unio-

500 5341 621 5381 nem
675 5327 1024 5384 adducimus.
1078 5327 1326 5384 Adorare
1377 5330 1582 5402 quippe
1638 5349 1735 5389 nos
1792 5346 2070 5406 oporteret

504 5425 740 5481 patrem,
773 5428 833 5473 ut
864 5421 1028 5475 Deum
1055 5439 1067 5474 :
1103 5421 1331 5490 gloriam
1361 5430 1540 5476 autem
1578 5425 1868 5494 quamdam
1903 5444 2070 5498 pecu-

503 5507 689 5565 liarem
725 5525 787 5564 ac
822 5513 1091 5582 prepriam
1137 5511 1277 5567 Filio
1316 5529 1379 5568 ac
1413 5514 1641 5584 Spiritui
1693 5519 1950 5588 tribuere,
2009 5522 2062 5577 in

585 5655 630 5687 "
659 5661 701 5715 ιι
739 5661 864 5736 Cor.
902 5679 973 5728 tv,
1006 5665 1058 5721 4.
1137 5667 1178 5695 ”
1219 5666 1354 5721 Gen.
1398 5683 1471 5733 Ix,
1513 5670 1566 5726 G.

2174 4506 2242 4577 ρά
2261 4505 2396 4559 Θεοῦ
2424 4505 2517 4558 καὶ
2541 4503 2622 4572 ἐφ’
2649 4501 2807 4573 ήμῶν
2845 4499 3020 4553 αὐτῶν
3077 4498 3395 4568 εὑρήσομεν.
3449 4515 3467 4546 ι
3527 4495 3584 4548 Ὁ
3632 4493 3749 4564 γὰρ

2171 4595 2394 4666 ἐκχέων,
2454 4593 2637 4665 φησὶν,
2680 4586 2818 4661 αἷμα
2860 4584 3168 4657 ἀνθρώπου,
3213 4582 3336 4636 ἀντὶ
3380 4581 3476 4634 τοῦ
3511 4581 3749 4650 αἵματος

2172 4686 2337 4743 αὐτοῦ
2389 4685 2773 4755 ἐκχυθήσεταιο
2823 4681 2904 4734 δτι
2939 4680 2996 4732 ἐν
3063 4677 3231 4730 εἰκόνι
3302 4673 3439 4727 Θεοῦ
3505 4672 3750 4741 ἐποίησα

2171 4778 2262 4830 τὸν
2294 4776 2600 4845 ἄνθρωπον.
2637 4793 2655 4825 ι
2705 4773 2866 4843 Ὁρᾷς
2900 4766 3013 4836 οὖν,
3055 4768 3242 4838 φησὶν,
3277 4765 3375 4837 ἤδη
3403 4764 3493 4817 διὰ
3517 4762 3748 4824 τούτου,

2174 4865 2268 4918 καί
2297 4863 2440 4934 μάλα
2483 4863 2686 4931 σαφῶς,
2730 4862 2812 4914 ὅτι
2845 4861 2944 4931 τῆς
2971 4859 3177 4920 εἰκόνος
3216 4853 3614 4923 ἀδικουμένης,
3648 4854 3746 4905 καὶ

2172 4955 2291 5026 οὐχὶ
2334 4954 2550 5017 πάντως
2583 4955 2681 5022 τῆς
2717 4952 2867 5016 θείας
2909 4949 3074 5005 αὐτοῦ
3107 4947 3322 5018 φύσεως
3347 4987 3362 5012 ,
3404 4947 3747 5008 ἀγανακτεῖν

2173 5047 2344 5100 οἴεται
2383 5045 2491 5099 δεῖν
2530 5048 2559 5099 6
2585 5045 2718 5108 Θεὸς
2755 5045 2848 5098 καὶ
2889 5045 3098 5113 Πατήρ.
3129 5038 3337 5092 Οὐκοῦν
3370 5035 3513 5089 κατά
3551 5034 3753 5087 τοῦτον

2173 5138 2400 5193 νοείσθω
2428 5155 2485 5190 τε
2508 5137 2602 5190 καὶ
2628 5135 3014 5206 ἐσχηματίσθω
3041 5134 3130 5187 τὸν
3151 5132 3348 5203 τρόπον
3370 5129 3429 5182 τὸ
3452 5128 3750 5198 εἰρημένον

2174 5231 2325 5302 παρὰ
2369 5229 2625 5301 Χριστοῦ*
2679 5246 2697 5279 ι
2746 5229 2804 5279 '0
2831 5226 2904 5296 μὴ
2949 5223 3125 5295 τιμῶν
3160 5223 3251 5276 τὸν
3302 5220 3461 5281 Υἰὸν,
3488 5218 3611 5272 οὐδέ
3651 5219 3748 5271 τὸν

2178 5321 2392 5393 Πατέρα
2419 5322 2570 5391 τιμᾷ.
2607 5338 2624 5370 ι
2661 5315 2786 5388 ’Ἆρ’
2810 5313 2902 5370 οὖν
2923 5315 3027 5381 ἔξω
3049 5315 3287 5368 κείσεται
3313 5312 3431 5382 μεθ’
3456 5310 3616 5379 ἡμῶν
3642 5308 3746 5377 τῆς

2178 5421 2268 5474 τοῦ
2300 5420 2508 5492 Πατρὸς
2542 5419 2728 5482 οὐσίας
2755 5417 2782 5468 6
2809 5416 3118 5484 Μονογενής
3144 5431 3158 5479 ;
3202 5412 3326 5474 Πῶς
3360 5406 3452 5464 οὖν
3491 5408 3571 5461 ἔτι
3601 5408 3746 5462 κατὰ

2174 5521 2331 5591 φύσιν
2376 5521 2505 5584 Θεός
2563 5522 2743 5582 ἐστιν,
2802 5518 2958 5588 εἴπερ
3000 5515 3132 5581 ὅλως
3183 5511 3434 5581 ὲξώλισθε
3489 5508 3599 5564 τῶν
3649 5511 3752 5577 τῇς
