  <div class='ocr_page' id='page_1' title='image "/cluster/home/n/w/nwhite01/storage/ocr_20150623/73/hvd.32044073502023/193.png"; bbox 0 0 4044 6200; ppageno 0'>
   <div class='ocr_carea' id='block_1_1' title="bbox 431 322 536 389">
    <p class='ocr_par' dir='ltr' id='par_1_1' title="bbox 431 322 536 389">
     <span class='ocr_line' id='line_1_1' title="bbox 431 322 536 389; baseline 0.019 -12"><span class='ocrx_word' id='word_1_1' title='bbox 431 322 536 389; x_wconf 70' lang='lat'><strong>575</strong></span> 
     </span>
    </p>
   </div>
   <div class='ocr_carea' id='block_1_2' title="bbox 1417 324 2653 383">
    <p class='ocr_par' dir='ltr' id='par_1_2' title="bbox 1417 324 2653 383">
     <span class='ocr_line' id='line_1_2' title="bbox 1417 324 2653 383; baseline 0 -2"><span class='ocrx_word' id='word_1_2' title='bbox 1417 325 1472 381; x_wconf 90' lang='lat' dir='ltr'><strong>S.</strong></span> <span class='ocrx_word' id='word_1_3' title='bbox 1509 324 1784 381; x_wconf 73' lang='lat' dir='ltr'><strong>CYRILLI</strong></span> <span class='ocrx_word' id='word_1_4' title='bbox 1813 324 2280 383; x_wconf 75' lang='lat' dir='ltr'><strong>ALEXANDRINI</strong></span> <span class='ocrx_word' id='word_1_5' title='bbox 2317 325 2653 383; x_wconf 77' lang='lat' dir='ltr'><strong>ARCHIEP-</strong></span> 
     </span>
    </p>
   </div>
   <div class='ocr_carea' id='block_1_3' title="bbox 3573 326 3671 382">
    <p class='ocr_par' dir='ltr' id='par_1_3' title="bbox 3573 326 3671 382">
     <span class='ocr_line' id='line_1_3' title="bbox 3573 326 3671 382; baseline 0 0"><span class='ocrx_word' id='word_1_6' title='bbox 3573 326 3671 382; x_wconf 77' lang='lat'><strong>376</strong></span> 
     </span>
    </p>
   </div>
   <div class='ocr_carea' id='block_1_4' title="bbox 435 430 2026 514">
    <p class='ocr_par' dir='ltr' id='par_1_4' title="bbox 435 430 2011 509">
     <span class='ocr_line' id='line_1_4' title="bbox 435 430 2011 509; baseline 0.004 -22"><span class='ocrx_word' id='word_1_7' title='bbox 435 430 735 503; x_wconf 84' lang='lat' dir='ltr'><strong>Unigenito</strong></span> <span class='ocrx_word' id='word_1_8' title='bbox 763 435 1110 491; x_wconf 88' lang='lat' dir='ltr'><strong>tribuendam</strong></span> <span class='ocrx_word' id='word_1_9' title='bbox 1139 451 1260 492; x_wconf 87' lang='lat' dir='ltr'><strong>esse</strong></span> <span class='ocrx_word' id='word_1_10' title='bbox 1283 446 1498 506; x_wconf 90' lang='lat' dir='ltr'><strong>putent,</strong></span> <span class='ocrx_word' id='word_1_11' title='bbox 1532 447 1700 509; x_wconf 85' lang='lat' dir='ltr'><strong>atque</strong></span> <span class='ocrx_word' id='word_1_12' title='bbox 1732 438 1808 492; x_wconf 90' lang='lat' dir='ltr'><strong>ita</strong></span> <span class='ocrx_word' id='word_1_13' title='bbox 1830 437 2011 494; x_wconf 89' lang='lat' dir='ltr'><strong>Patrls</strong></span> 
     </span>
    </p>
   </div>
   <div class='ocr_carea' id='block_1_5' title="bbox 2128 430 3678 514">
    <p class='ocr_par' dir='ltr' id='par_1_5' title="bbox 2128 441 3678 514">
     <span class='ocr_line' id='line_1_5' title="bbox 2128 441 3678 514; baseline 0 -19"><span class='ocrx_word' id='word_1_14' title='bbox 2128 443 2207 495; x_wconf 67' lang='grc' dir='ltr'>ταὶ</span> <span class='ocrx_word' id='word_1_15' title='bbox 2235 442 2529 509; x_wconf 79' lang='grc' dir='ltr'>ἀναλογίαν</span> <span class='ocrx_word' id='word_1_16' title='bbox 2555 457 2568 470; x_wconf 86' lang='grc'>·</span> <span class='ocrx_word' id='word_1_17' title='bbox 2599 442 2680 494; x_wconf 85' lang='grc' dir='ltr'><strong>δεῖ</strong></span> <span class='ocrx_word' id='word_1_18' title='bbox 2704 441 2810 512; x_wconf 83' lang='grc' dir='ltr'>γὰρ</span> <span class='ocrx_word' id='word_1_19' title='bbox 2834 442 2933 514; x_wconf 68' lang='grc' dir='ltr'><strong>ἤδη</strong></span> <span class='ocrx_word' id='word_1_20' title='bbox 2971 441 3272 512; x_wconf 78' lang='grc' dir='ltr'>συλλήϐδην</span> <span class='ocrx_word' id='word_1_21' title='bbox 3303 442 3494 496; x_wconf 80' lang='grc' dir='ltr'>εἰπεῖν.</span> <span class='ocrx_word' id='word_1_22' title='bbox 3526 442 3678 495; x_wconf 87' lang='grc' dir='ltr'>Διδα-</span> 
     </span>
    </p>
   </div>
   <div class='ocr_carea' id='block_1_6' title="bbox 432 526 2010 601">
    <p class='ocr_par' dir='ltr' id='par_1_6' title="bbox 432 526 2010 601">
     <span class='ocr_line' id='line_1_6' title="bbox 432 526 2010 601; baseline 0.003 -21"><span class='ocrx_word' id='word_1_23' title='bbox 432 526 726 596; x_wconf 79' lang='lat' dir='ltr'><strong>imaginem</strong></span> <span class='ocrx_word' id='word_1_24' title='bbox 761 542 886 583; x_wconf 82' lang='lat' dir='ltr'><strong>esse</strong></span> <span class='ocrx_word' id='word_1_25' title='bbox 915 527 1100 582; x_wconf 91' lang='lat' dir='ltr'><strong>dicant</strong></span> <span class='ocrx_word' id='word_1_26' title='bbox 1133 527 1372 584; x_wconf 81' lang='lat' dir='ltr'><strong>Verbum</strong></span> <span class='ocrx_word' id='word_1_27' title='bbox 1410 530 1547 585; x_wconf 90' lang='lat' dir='ltr'><strong>illud</strong></span> <span class='ocrx_word' id='word_1_28' title='bbox 1581 529 1730 601; x_wconf 91' lang='lat' dir='ltr'><strong>quod</strong></span> <span class='ocrx_word' id='word_1_29' title='bbox 1793 545 1858 585; x_wconf 85' lang='lat' dir='ltr'><strong>ex</strong></span> <span class='ocrx_word' id='word_1_30' title='bbox 1889 530 2010 600; x_wconf 87' lang='lat' dir='ltr'><strong>ipso</strong></span> 
     </span>
    </p>
   </div>
   <div class='ocr_carea' id='block_1_7' title="bbox 433 618 2009 692">
    <p class='ocr_par' dir='ltr' id='par_1_7' title="bbox 433 618 2009 692">
     <span class='ocr_line' id='line_1_7' title="bbox 433 618 2009 692; baseline 0.003 -22"><span class='ocrx_word' id='word_1_31' title='bbox 433 618 654 686; x_wconf 81' lang='lat' dir='ltr'><strong>prodiit,</strong></span> <span class='ocrx_word' id='word_1_32' title='bbox 680 619 842 674; x_wconf 88' lang='lat' dir='ltr'><strong>sicuti</strong></span> <span class='ocrx_word' id='word_1_33' title='bbox 876 620 1139 674; x_wconf 89' lang='lat' dir='ltr'><strong>nimirum</strong></span> <span class='ocrx_word' id='word_1_34' title='bbox 1170 619 1302 675; x_wconf 83' lang='lat' dir='ltr'><strong>Abel</strong></span> <span class='ocrx_word' id='word_1_35' title='bbox 1336 636 1403 676; x_wconf 82' lang='lat' dir='ltr'><strong>ex</strong></span> <span class='ocrx_word' id='word_1_36' title='bbox 1441 622 1637 687; x_wconf 82' lang='lat' dir='ltr'><strong>Adam,</strong></span> <span class='ocrx_word' id='word_1_37' title='bbox 1687 621 1780 692; x_wconf 89' lang='lat' dir='ltr'><strong>qui</strong></span> <span class='ocrx_word' id='word_1_38' title='bbox 1841 630 2009 676; x_wconf 87' lang='lat' dir='ltr'><strong>totam</strong></span> 
     </span>
    </p>
   </div>
   <div class='ocr_carea' id='block_1_8' title="bbox 433 707 2011 781">
    <p class='ocr_par' dir='ltr' id='par_1_8' title="bbox 433 707 2011 781">
     <span class='ocr_line' id='line_1_8' title="bbox 433 707 2011 781; baseline 0.001 -20"><span class='ocrx_word' id='word_1_39' title='bbox 433 708 490 762; x_wconf 91' lang='lat' dir='ltr'><strong>in</strong></span> <span class='ocrx_word' id='word_1_40' title='bbox 523 723 583 762; x_wconf 91' lang='lat' dir='ltr'><strong>se</strong></span> <span class='ocrx_word' id='word_1_41' title='bbox 609 707 788 762; x_wconf 92' lang='lat' dir='ltr'><strong>Patris</strong></span> <span class='ocrx_word' id='word_1_42' title='bbox 827 716 1014 764; x_wconf 88' lang='lat' dir='ltr'><strong>servat</strong></span> <span class='ocrx_word' id='word_1_43' title='bbox 1053 718 1326 777; x_wconf 83' lang='lat' dir='ltr'><strong>naturam,</strong></span> <span class='ocrx_word' id='word_1_44' title='bbox 1361 719 1416 765; x_wconf 90' lang='lat' dir='ltr'><strong>et</strong></span> <span class='ocrx_word' id='word_1_45' title='bbox 1446 711 1715 781; x_wconf 74' lang='lat' dir='ltr'><strong>integram</strong></span> <span class='ocrx_word' id='word_1_46' title='bbox 1753 709 2011 766; x_wconf 57' lang='lat' dir='ltr'><strong>humani.</strong></span> 
     </span>
    </p>
   </div>
   <div class='ocr_carea' id='block_1_9' title="bbox 433 799 2008 874">
    <p class='ocr_par' dir='ltr' id='par_1_9' title="bbox 433 799 2008 874">
     <span class='ocr_line' id='line_1_9' title="bbox 433 799 2008 874; baseline 0.002 -23"><span class='ocrx_word' id='word_1_47' title='bbox 433 799 566 853; x_wconf 85' lang='lat' dir='ltr'><strong>tatis</strong></span> <span class='ocrx_word' id='word_1_48' title='bbox 607 799 662 853; x_wconf 91' lang='lat' dir='ltr'><strong>in</strong></span> <span class='ocrx_word' id='word_1_49' title='bbox 687 814 748 854; x_wconf 79' lang='lat' dir='ltr'><strong>se</strong></span> <span class='ocrx_word' id='word_1_50' title='bbox 786 801 1057 854; x_wconf 89' lang='lat' dir='ltr'><strong>rationem</strong></span> <span class='ocrx_word' id='word_1_51' title='bbox 1103 801 1310 857; x_wconf 80' lang='lat' dir='ltr'><strong>habet?</strong></span> <span class='ocrx_word' id='word_1_52' title='bbox 1336 801 1417 856; x_wconf 82' lang='lat' dir='ltr'><strong>An</strong></span> <span class='ocrx_word' id='word_1_53' title='bbox 1448 817 1592 874; x_wconf 74' lang='lat' dir='ltr'><strong>aegre</strong></span> <span class='ocrx_word' id='word_1_54' title='bbox 1620 801 1767 858; x_wconf 84' lang='lat' dir='ltr'><strong>istud</strong></span> <span class='ocrx_word' id='word_1_55' title='bbox 1808 800 2008 864; x_wconf 78' lang='lat' dir='ltr'><strong>ferent,</strong></span> 
     </span>
    </p>
   </div>
   <div class='ocr_carea' id='block_1_10' title="bbox 436 888 2010 958">
    <p class='ocr_par' dir='ltr' id='par_1_10' title="bbox 436 888 2010 958">
     <span class='ocr_line' id='line_1_10' title="bbox 436 888 2010 958; baseline 0.002 -16"><span class='ocrx_word' id='word_1_56' title='bbox 436 888 636 958; x_wconf 86' lang='lat' dir='ltr'><strong>quippe</strong></span> <span class='ocrx_word' id='word_1_57' title='bbox 665 889 758 958; x_wconf 90' lang='lat' dir='ltr'><strong>qui</strong></span> <span class='ocrx_word' id='word_1_58' title='bbox 783 889 949 944; x_wconf 90' lang='lat' dir='ltr'><strong>Deum</strong></span> <span class='ocrx_word' id='word_1_59' title='bbox 981 906 1169 946; x_wconf 88' lang='lat' dir='ltr'><strong>revera</strong></span> <span class='ocrx_word' id='word_1_60' title='bbox 1195 891 1262 946; x_wconf 92' lang='lat' dir='ltr'><strong>de</strong></span> <span class='ocrx_word' id='word_1_61' title='bbox 1288 891 1396 947; x_wconf 89' lang='lat' dir='ltr'><strong>Deo</strong></span> <span class='ocrx_word' id='word_1_62' title='bbox 1421 892 1726 947; x_wconf 89' lang='lat' dir='ltr'><strong>secundum</strong></span> <span class='ocrx_word' id='word_1_63' title='bbox 1757 899 2010 946; x_wconf 90' lang='lat' dir='ltr'><strong>naturam</strong></span> 
     </span>
    </p>
   </div>
   <div class='ocr_carea' id='block_1_11' title="bbox 437 980 2010 1054">
    <p class='ocr_par' dir='ltr' id='par_1_11' title="bbox 437 980 2010 1054">
     <span class='ocr_line' id='line_1_11' title="bbox 437 980 2010 1054; baseline 0.001 -18"><span class='ocrx_word' id='word_1_64' title='bbox 437 997 558 1038; x_wconf 85' lang='lat' dir='ltr'><strong>esse</strong></span> <span class='ocrx_word' id='word_1_65' title='bbox 589 980 786 1035; x_wconf 86' lang='lat' dir='ltr'><strong>Filium</strong></span> <span class='ocrx_word' id='word_1_66' title='bbox 820 981 981 1036; x_wconf 84' lang='lat' dir='ltr'><strong>fateri</strong></span> <span class='ocrx_word' id='word_1_67' title='bbox 1047 992 1331 1054; x_wconf 78' lang='lat' dir='ltr'><strong>cogantur,</strong></span> <span class='ocrx_word' id='word_1_68' title='bbox 1398 999 1612 1054; x_wconf 88' lang='lat' dir='ltr'><strong>suoque</strong></span> <span class='ocrx_word' id='word_1_69' title='bbox 1673 998 1821 1038; x_wconf 90' lang='lat' dir='ltr'><strong>more</strong></span> <span class='ocrx_word' id='word_1_70' title='bbox 1885 998 2010 1038; x_wconf 82' lang='lat' dir='ltr'><strong>cum</strong></span> 
     </span>
    </p>
   </div>
   <div class='ocr_carea' id='block_1_12' title="bbox 437 1073 2013 1148">
    <p class='ocr_par' dir='ltr' id='par_1_12' title="bbox 437 1073 2013 1148">
     <span class='ocr_line' id='line_1_12' title="bbox 437 1073 2013 1148; baseline 0.004 -23"><span class='ocrx_word' id='word_1_71' title='bbox 437 1073 668 1128; x_wconf 84' lang='lat' dir='ltr'><strong>veritate</strong></span> <span class='ocrx_word' id='word_1_72' title='bbox 701 1081 1030 1144; x_wconf 89' lang='lat' dir='ltr'><strong>pugnantes,</strong></span> <span class='ocrx_word' id='word_1_73' title='bbox 1073 1075 1141 1128; x_wconf 92' lang='lat' dir='ltr'><strong>ad</strong></span> <span class='ocrx_word' id='word_1_74' title='bbox 1193 1076 1494 1131; x_wconf 89' lang='lat' dir='ltr'><strong>secundum</strong></span> <span class='ocrx_word' id='word_1_75' title='bbox 1526 1092 1698 1148; x_wconf 81' lang='lat' dir='ltr'><strong>genus</strong></span> <span class='ocrx_word' id='word_1_76' title='bbox 1757 1075 2013 1146; x_wconf 73' lang='lat' dir='ltr'><strong>imaginis</strong></span> 
     </span>
    </p>
   </div>
   <div class='ocr_carea' id='block_1_13' title="bbox 439 1165 2014 1234">
    <p class='ocr_par' dir='ltr' id='par_1_13' title="bbox 439 1165 2014 1234">
     <span class='ocr_line' id='line_1_13' title="bbox 439 1165 2014 1234; baseline 0 -14"><span class='ocrx_word' id='word_1_77' title='bbox 439 1180 561 1220; x_wconf 88' lang='lat' dir='ltr'><strong>sese</strong></span> <span class='ocrx_word' id='word_1_78' title='bbox 593 1165 909 1229; x_wconf 83' lang='lat' dir='ltr'><strong>conferent,</strong></span> <span class='ocrx_word' id='word_1_79' title='bbox 946 1165 1091 1234; x_wconf 91' lang='lat' dir='ltr'><strong>quod</strong></span> <span class='ocrx_word' id='word_1_80' title='bbox 1164 1166 1218 1220; x_wconf 92' lang='lat' dir='ltr'><strong>in</strong></span> <span class='ocrx_word' id='word_1_81' title='bbox 1264 1167 1380 1222; x_wconf 89' lang='lat' dir='ltr'><strong>sola</strong></span> <span class='ocrx_word' id='word_1_82' title='bbox 1435 1165 1634 1231; x_wconf 87' lang='lat' dir='ltr'><strong>forma,</strong></span> <span class='ocrx_word' id='word_1_83' title='bbox 1694 1167 2014 1220; x_wconf 84' lang='lat' dir='ltr'><strong>charactere</strong></span> 
     </span>
    </p>
   </div>
   <div class='ocr_carea' id='block_1_14' title="bbox 439 1256 2010 1327">
    <p class='ocr_par' dir='ltr' id='par_1_14' title="bbox 439 1256 2010 1327">
     <span class='ocr_line' id='line_1_14' title="bbox 439 1256 2010 1327; baseline 0.002 -17"><span class='ocrx_word' id='word_1_84' title='bbox 439 1264 492 1310; x_wconf 91' lang='lat' dir='ltr'><strong>et</strong></span> <span class='ocrx_word' id='word_1_85' title='bbox 522 1256 692 1327; x_wconf 77' lang='lat' dir='ltr'><strong>figura</strong></span> <span class='ocrx_word' id='word_1_86' title='bbox 725 1265 1024 1325; x_wconf 85' lang='lat' dir='ltr'><strong>spectatur.</strong></span> <span class='ocrx_word' id='word_1_87' title='bbox 1070 1256 1176 1311; x_wconf 86' lang='lat' dir='ltr'><strong>Sed</strong></span> <span class='ocrx_word' id='word_1_88' title='bbox 1226 1259 1462 1314; x_wconf 87' lang='lat' dir='ltr'><strong>arbitror</strong></span> <span class='ocrx_word' id='word_1_89' title='bbox 1493 1274 1588 1314; x_wconf 89' lang='lat' dir='ltr'><strong>eos</strong></span> <span class='ocrx_word' id='word_1_90' title='bbox 1625 1259 1715 1313; x_wconf 89' lang='lat' dir='ltr'><strong>hic</strong></span> <span class='ocrx_word' id='word_1_91' title='bbox 1745 1259 2010 1313; x_wconf 72' lang='lat' dir='ltr'><strong>haesuros.</strong></span> 
     </span>
    </p>
   </div>
   <div class='ocr_carea' id='block_1_15' title="bbox 439 1345 2012 1421">
    <p class='ocr_par' dir='ltr' id='par_1_15' title="bbox 439 1345 2012 1421">
     <span class='ocr_line' id='line_1_15' title="bbox 439 1345 2012 1421; baseline 0.003 -21"><span class='ocrx_word' id='word_1_92' title='bbox 439 1345 609 1402; x_wconf 88' lang='lat' dir='ltr'><strong>Nemo</strong></span> <span class='ocrx_word' id='word_1_93' title='bbox 661 1346 805 1402; x_wconf 89' lang='lat' dir='ltr'><strong>enim</strong></span> <span class='ocrx_word' id='word_1_94' title='bbox 841 1355 950 1401; x_wconf 88' lang='lat' dir='ltr'><strong>tam</strong></span> <span class='ocrx_word' id='word_1_95' title='bbox 987 1349 1184 1404; x_wconf 89' lang='lat' dir='ltr'><strong>stultus</strong></span> <span class='ocrx_word' id='word_1_96' title='bbox 1241 1359 1326 1406; x_wconf 92' lang='lat' dir='ltr'><strong>est</strong></span> <span class='ocrx_word' id='word_1_97' title='bbox 1356 1352 1448 1421; x_wconf 91' lang='lat' dir='ltr'><strong>qui</strong></span> <span class='ocrx_word' id='word_1_98' title='bbox 1499 1352 1602 1407; x_wconf 85' lang='lat' dir='ltr'><strong>sibi</strong></span> <span class='ocrx_word' id='word_1_99' title='bbox 1653 1352 1709 1406; x_wconf 93' lang='lat' dir='ltr'><strong>in</strong></span> <span class='ocrx_word' id='word_1_100' title='bbox 1769 1352 2012 1406; x_wconf 90' lang='lat' dir='ltr'><strong>animum</strong></span> 
     </span>
    </p>
   </div>
   <div class='ocr_carea' id='block_1_16' title="bbox 441 1432 2011 1512">
    <p class='ocr_par' dir='ltr' id='par_1_16' title="bbox 441 1432 2011 1512">
     <span class='ocr_line' id='line_1_16' title="bbox 441 1432 2011 1512; baseline 0.002 -23"><span class='ocrx_word' id='word_1_101' title='bbox 441 1437 686 1500; x_wconf 89' lang='lat' dir='ltr'><strong>inducat,</strong></span> <span class='ocrx_word' id='word_1_102' title='bbox 722 1436 890 1493; x_wconf 89' lang='lat' dir='ltr'><strong>Deum</strong></span> <span class='ocrx_word' id='word_1_103' title='bbox 917 1432 1224 1508; x_wconf 83' lang='lat' dir='ltr'><strong>quantitate</strong></span> <span class='ocrx_word' id='word_1_104' title='bbox 1250 1451 1344 1494; x_wconf 89' lang='lat' dir='ltr'><strong>aut</strong></span> <span class='ocrx_word' id='word_1_105' title='bbox 1373 1441 1544 1512; x_wconf 83' lang='lat' dir='ltr'><strong>ﬁgura</strong></span> <span class='ocrx_word' id='word_1_106' title='bbox 1599 1441 2011 1506; x_wconf 86' lang='lat' dir='ltr'><strong>circumscribi,</strong></span> 
     </span>
    </p>
   </div>
   <div class='ocr_carea' id='block_1_17' title="bbox 440 1528 2015 1599">
    <p class='ocr_par' dir='ltr' id='par_1_17' title="bbox 440 1528 2015 1599">
     <span class='ocr_line' id='line_1_17' title="bbox 440 1528 2015 1599; baseline 0.003 -19"><span class='ocrx_word' id='word_1_107' title='bbox 440 1533 494 1580; x_wconf 92' lang='lat' dir='ltr'><strong>et</strong></span> <span class='ocrx_word' id='word_1_108' title='bbox 521 1528 840 1581; x_wconf 86' lang='lat' dir='ltr'><strong>charactere</strong></span> <span class='ocrx_word' id='word_1_109' title='bbox 867 1528 1278 1596; x_wconf 88' lang='lat' dir='ltr'><strong>comprehendi,</strong></span> <span class='ocrx_word' id='word_1_110' title='bbox 1311 1537 1405 1583; x_wconf 89' lang='lat' dir='ltr'><strong>aut</strong></span> <span class='ocrx_word' id='word_1_111' title='bbox 1435 1529 1670 1599; x_wconf 88' lang='lat' dir='ltr'><strong>denique</strong></span> <span class='ocrx_word' id='word_1_112' title='bbox 1715 1544 1802 1585; x_wconf 92' lang='lat' dir='ltr'><strong>res</strong></span> <span class='ocrx_word' id='word_1_113' title='bbox 1833 1530 2015 1584; x_wconf 76' lang='lat' dir='ltr'><strong>incor-</strong></span> 
     </span>
    </p>
   </div>
   <div class='ocr_carea' id='block_1_18' title="bbox 440 1620 2016 1692">
    <p class='ocr_par' dir='ltr' id='par_1_18' title="bbox 440 1620 2016 1692">
     <span class='ocr_line' id='line_1_18' title="bbox 440 1620 2016 1692; baseline 0.004 -22"><span class='ocrx_word' id='word_1_114' title='bbox 440 1631 636 1684; x_wconf 76' lang='lat' dir='ltr'><strong>porcas</strong></span> <span class='ocrx_word' id='word_1_115' title='bbox 661 1632 781 1686; x_wconf 76' lang='lat' dir='ltr'><strong>quae</strong></span> <span class='ocrx_word' id='word_1_116' title='bbox 809 1633 1097 1687; x_wconf 84' lang='lat' dir='ltr'><strong>corporum</strong></span> <span class='ocrx_word' id='word_1_117' title='bbox 1153 1629 1283 1674; x_wconf 89' lang='lat' dir='ltr'><strong>sunt</strong></span> <span class='ocrx_word' id='word_1_118' title='bbox 1327 1621 1462 1690; x_wconf 88' lang='lat' dir='ltr'><strong>pati.</strong></span> <span class='ocrx_word' id='word_1_119' title='bbox 1499 1620 1581 1674; x_wconf 82' lang='lat' dir='ltr'><strong>An</strong></span> <span class='ocrx_word' id='word_1_120' title='bbox 1633 1637 1764 1692; x_wconf 87' lang='lat' dir='ltr'><strong>ergo</strong></span> <span class='ocrx_word' id='word_1_121' title='bbox 1802 1622 2016 1685; x_wconf 81' lang='lat' dir='ltr'><strong>ratione</strong></span> 
     </span>
    </p>
   </div>
   <div class='ocr_carea' id='block_1_19' title="bbox 443 1708 2014 1782">
    <p class='ocr_par' dir='ltr' id='par_1_19' title="bbox 443 1708 2014 1782">
     <span class='ocr_line' id='line_1_19' title="bbox 443 1708 2014 1782; baseline 0.003 -20"><span class='ocrx_word' id='word_1_122' title='bbox 443 1708 612 1762; x_wconf 76' lang='lat' dir='ltr'><strong>Studii</strong></span> <span class='ocrx_word' id='word_1_123' title='bbox 647 1722 711 1762; x_wconf 91' lang='lat' dir='ltr'><strong>ac</strong></span> <span class='ocrx_word' id='word_1_124' title='bbox 756 1724 968 1763; x_wconf 89' lang='lat' dir='ltr'><strong>morum</strong></span> <span class='ocrx_word' id='word_1_125' title='bbox 1029 1710 1263 1767; x_wconf 81' lang='lat' dir='ltr'><strong>similem</strong></span> <span class='ocrx_word' id='word_1_126' title='bbox 1313 1726 1435 1766; x_wconf 88' lang='lat' dir='ltr'><strong>esse</strong></span> <span class='ocrx_word' id='word_1_127' title='bbox 1472 1711 1664 1766; x_wconf 88' lang='lat' dir='ltr'><strong>dicunt</strong></span> <span class='ocrx_word' id='word_1_128' title='bbox 1724 1713 1930 1782; x_wconf 90' lang='lat' dir='ltr'><strong>ipsum,</strong></span> <span class='ocrx_word' id='word_1_129' title='bbox 1959 1719 2014 1769; x_wconf 91' lang='lat' dir='ltr'><strong>et</strong></span> 
     </span>
    </p>
   </div>
   <div class='ocr_carea' id='block_1_20' title="bbox 444 1786 2088 1872">
    <p class='ocr_par' dir='ltr' id='par_1_20' title="bbox 444 1786 2088 1872">
     <span class='ocr_line' id='line_1_20' title="bbox 444 1786 2088 1872; baseline 0.006 -20"><span class='ocrx_word' id='word_1_130' title='bbox 444 1800 588 1853; x_wconf 85' lang='lat' dir='ltr'><strong>hanc</strong></span> <span class='ocrx_word' id='word_1_131' title='bbox 635 1799 683 1854; x_wconf 91' lang='lat' dir='ltr'><strong>ei</strong></span> <span class='ocrx_word' id='word_1_132' title='bbox 751 1799 1040 1871; x_wconf 81' lang='lat' dir='ltr'><strong>imaginem</strong></span> <span class='ocrx_word' id='word_1_133' title='bbox 1102 1801 1358 1872; x_wconf 83' lang='lat' dir='ltr'><strong>allingere</strong></span> <span class='ocrx_word' id='word_1_134' title='bbox 1389 1818 1497 1858; x_wconf 92' lang='lat' dir='ltr'><strong>non</strong></span> <span class='ocrx_word' id='word_1_135' title='bbox 1531 1805 1837 1860; x_wconf 85' lang='lat' dir='ltr'><strong>verentur?</strong></span> <span class='ocrx_word' id='word_1_136' title='bbox 1870 1804 2016 1870; x_wconf 88' lang='lat' dir='ltr'><strong>Quo-</strong></span> <span class='ocrx_word' id='word_1_137' title='bbox 2044 1786 2088 1842; x_wconf 73' lang='grc' dir='ltr'><strong>Β</strong></span> 
     </span>
    </p>
   </div>
   <div class='ocr_carea' id='block_1_21' title="bbox 444 1889 2015 1976">
    <p class='ocr_par' dir='ltr' id='par_1_21' title="bbox 444 1889 2015 1976">
     <span class='ocr_line' id='line_1_21' title="bbox 444 1889 2015 1976; baseline 0.007 -36"><span class='ocrx_word' id='word_1_138' title='bbox 444 1889 609 1941; x_wconf 86' lang='lat' dir='ltr'><strong>modo</strong></span> <span class='ocrx_word' id='word_1_139' title='bbox 635 1905 765 1960; x_wconf 86' lang='lat' dir='ltr'><strong>ergo</strong></span> <span class='ocrx_word' id='word_1_140' title='bbox 796 1891 1097 1976; x_wconf 74' lang='lat' dir='ltr'><strong>secundum</strong></span> <span class='ocrx_word' id='word_1_141' title='bbox 1132 1901 1386 1947; x_wconf 91' lang='lat' dir='ltr'><strong>naturam</strong></span> <span class='ocrx_word' id='word_1_142' title='bbox 1419 1892 1564 1950; x_wconf 85' lang='lat' dir='ltr'><strong>Deus</strong></span> <span class='ocrx_word' id='word_1_143' title='bbox 1607 1907 1728 1951; x_wconf 91' lang='lat' dir='ltr'><strong>esse</strong></span> <span class='ocrx_word' id='word_1_144' title='bbox 1758 1903 2015 1952; x_wconf 85' lang='lat' dir='ltr'><strong>censetur</strong></span> 
     </span>
    </p>
   </div>
   <div class='ocr_carea' id='block_1_22' title="bbox 443 1979 2016 2055">
    <p class='ocr_par' dir='ltr' id='par_1_22' title="bbox 443 1979 2016 2055">
     <span class='ocr_line' id='line_1_22' title="bbox 443 1979 2016 2055; baseline 0.007 -23"><span class='ocrx_word' id='word_1_145' title='bbox 443 1980 513 2044; x_wconf 86' lang='lat' dir='ltr'><strong>is,</strong></span> <span class='ocrx_word' id='word_1_146' title='bbox 549 1979 642 2047; x_wconf 87' lang='lat' dir='ltr'><strong>qui</strong></span> <span class='ocrx_word' id='word_1_147' title='bbox 697 1981 812 2035; x_wconf 92' lang='lat' dir='ltr'><strong>sola</strong></span> <span class='ocrx_word' id='word_1_148' title='bbox 842 1983 1121 2040; x_wconf 85' lang='lat' dir='ltr'><strong>voluntate</strong></span> <span class='ocrx_word' id='word_1_149' title='bbox 1169 1994 1256 2040; x_wconf 90' lang='lat' dir='ltr'><strong>est</strong></span> <span class='ocrx_word' id='word_1_150' title='bbox 1308 1985 1412 2055; x_wconf 89' lang='lat' dir='ltr'><strong>ipsi</strong></span> <span class='ocrx_word' id='word_1_151' title='bbox 1445 1985 1661 2052; x_wconf 85' lang='lat' dir='ltr'><strong>similis,</strong></span> <span class='ocrx_word' id='word_1_152' title='bbox 1696 2001 1822 2042; x_wconf 90' lang='lat' dir='ltr'><strong>cum</strong></span> <span class='ocrx_word' id='word_1_153' title='bbox 1867 1987 2016 2043; x_wconf 85' lang='lat' dir='ltr'><strong>aliud</strong></span> 
     </span>
    </p>
   </div>
   <div class='ocr_carea' id='block_1_23' title="bbox 443 2070 2019 2145">
    <p class='ocr_par' dir='ltr' id='par_1_23' title="bbox 443 2070 2019 2145">
     <span class='ocr_line' id='line_1_23' title="bbox 443 2070 2019 2145; baseline 0.008 -23"><span class='ocrx_word' id='word_1_154' title='bbox 443 2070 704 2139; x_wconf 84' lang='lat' dir='ltr'><strong>quiddam</strong></span> <span class='ocrx_word' id='word_1_155' title='bbox 787 2072 840 2125; x_wconf 89' lang='lat' dir='ltr'><strong>in</strong></span> <span class='ocrx_word' id='word_1_156' title='bbox 911 2088 972 2128; x_wconf 91' lang='lat' dir='ltr'><strong>se</strong></span> <span class='ocrx_word' id='word_1_157' title='bbox 1042 2076 1263 2145; x_wconf 84' lang='lat' dir='ltr'><strong>proprie</strong></span> <span class='ocrx_word' id='word_1_158' title='bbox 1341 2075 1616 2131; x_wconf 72' lang='lat' dir='ltr'><strong>exsistat?</strong></span> <span class='ocrx_word' id='word_1_159' title='bbox 1699 2075 2019 2135; x_wconf 84' lang='lat' dir='ltr'><strong>Subsistere</strong></span> 
     </span>
    </p>
   </div>
   <div class='ocr_carea' id='block_1_24' title="bbox 443 2161 2019 2240">
    <p class='ocr_par' dir='ltr' id='par_1_24' title="bbox 443 2161 2019 2240">
     <span class='ocr_line' id='line_1_24' title="bbox 443 2161 2019 2240; baseline 0.006 -25"><span class='ocrx_word' id='word_1_160' title='bbox 443 2161 650 2231; x_wconf 88' lang='lat' dir='ltr'><strong>quippe</strong></span> <span class='ocrx_word' id='word_1_161' title='bbox 729 2161 910 2232; x_wconf 91' lang='lat' dir='ltr'><strong>ipsum</strong></span> <span class='ocrx_word' id='word_1_162' title='bbox 993 2165 1186 2234; x_wconf 87' lang='lat' dir='ltr'><strong>utique</strong></span> <span class='ocrx_word' id='word_1_163' title='bbox 1269 2164 1609 2222; x_wconf 85' lang='lat' dir='ltr'><strong>fatebuntur.</strong></span> <span class='ocrx_word' id='word_1_164' title='bbox 1703 2169 1859 2240; x_wconf 74' lang='lat'><strong>231</strong></span> <span class='ocrx_word' id='word_1_165' title='bbox 1949 2169 2019 2225; x_wconf 85' lang='lat' dir='ltr'><strong>At</strong></span> 
     </span>
    </p>
   </div>
   <div class='ocr_carea' id='block_1_25' title="bbox 443 2253 2016 2332">
    <p class='ocr_par' dir='ltr' id='par_1_25' title="bbox 443 2253 2016 2332">
     <span class='ocr_line' id='line_1_25' title="bbox 443 2253 2016 2332; baseline 0.006 -25"><span class='ocrx_word' id='word_1_166' title='bbox 443 2253 579 2324; x_wconf 84' lang='lat' dir='ltr'><strong>quid</strong></span> <span class='ocrx_word' id='word_1_167' title='bbox 639 2257 692 2308; x_wconf 89' lang='lat' dir='ltr'><strong>in</strong></span> <span class='ocrx_word' id='word_1_168' title='bbox 737 2269 802 2310; x_wconf 88' lang='lat' dir='ltr'><strong>eo</strong></span> <span class='ocrx_word' id='word_1_169' title='bbox 837 2257 960 2325; x_wconf 87' lang='lat' dir='ltr'><strong>plus</strong></span> <span class='ocrx_word' id='word_1_170' title='bbox 1013 2256 1238 2312; x_wconf 91' lang='lat' dir='ltr'><strong>demum</strong></span> <span class='ocrx_word' id='word_1_171' title='bbox 1295 2273 1420 2315; x_wconf 87' lang='lat' dir='ltr'><strong>esse</strong></span> <span class='ocrx_word' id='word_1_172' title='bbox 1487 2259 1798 2326; x_wconf 84' lang='lat' dir='ltr'><strong>videbitur,</strong></span> <span class='ocrx_word' id='word_1_173' title='bbox 1848 2277 2016 2332; x_wconf 90' lang='lat' dir='ltr'><strong>quam</strong></span> 
     </span>
    </p>
   </div>
   <div class='ocr_carea' id='block_1_26' title="bbox 445 2346 2022 2422">
    <p class='ocr_par' dir='ltr' id='par_1_26' title="bbox 445 2346 2022 2422">
     <span class='ocr_line' id='line_1_26' title="bbox 445 2346 2022 2422; baseline 0.005 -22"><span class='ocrx_word' id='word_1_174' title='bbox 445 2347 734 2400; x_wconf 85' lang='lat' dir='ltr'><strong>creatura?</strong></span> <span class='ocrx_word' id='word_1_175' title='bbox 800 2346 1059 2417; x_wconf 89' lang='lat' dir='ltr'><strong>Nunquid</strong></span> <span class='ocrx_word' id='word_1_176' title='bbox 1117 2350 1262 2404; x_wconf 86' lang='lat' dir='ltr'><strong>enim</strong></span> <span class='ocrx_word' id='word_1_177' title='bbox 1331 2351 1555 2420; x_wconf 75' lang='lat' dir='ltr'><strong>angelos</strong></span> <span class='ocrx_word' id='word_1_178' title='bbox 1612 2366 1832 2422; x_wconf 88' lang='lat' dir='ltr'><strong>quoque</strong></span> <span class='ocrx_word' id='word_1_179' title='bbox 1903 2368 2022 2408; x_wconf 64' lang='lat' dir='ltr'><strong>creo</strong></span> 
     </span>
    </p>
   </div>
   <div class='ocr_carea' id='block_1_27' title="bbox 447 2436 2022 2517">
    <p class='ocr_par' dir='ltr' id='par_1_27' title="bbox 447 2436 2022 2517">
     <span class='ocr_line' id='line_1_27' title="bbox 447 2436 2022 2517; baseline 0.008 -29"><span class='ocrx_word' id='word_1_180' title='bbox 447 2436 642 2492; x_wconf 88' lang='lat' dir='ltr'><strong>demus</strong></span> <span class='ocrx_word' id='word_1_181' title='bbox 668 2438 855 2492; x_wconf 83' lang='lat' dir='ltr'><strong>conari</strong></span> <span class='ocrx_word' id='word_1_182' title='bbox 886 2438 954 2492; x_wconf 91' lang='lat' dir='ltr'><strong>ad</strong></span> <span class='ocrx_word' id='word_1_183' title='bbox 996 2439 1336 2496; x_wconf 80' lang='lat' dir='ltr'><strong>voluntatem</strong></span> <span class='ocrx_word' id='word_1_184' title='bbox 1381 2442 1623 2499; x_wconf 81' lang='lat' dir='ltr'><strong>divinam</strong></span> <span class='ocrx_word' id='word_1_185' title='bbox 1657 2447 1868 2516; x_wconf 87' lang='lat' dir='ltr'><strong>seipsos</strong></span> <span class='ocrx_word' id='word_1_186' title='bbox 1898 2462 2022 2517; x_wconf 84' lang='lat' dir='ltr'><strong>per-</strong></span> 
     </span>
    </p>
   </div>
   <div class='ocr_carea' id='block_1_28' title="bbox 449 2527 2022 2602">
    <p class='ocr_par' dir='ltr' id='par_1_28' title="bbox 449 2527 2022 2602">
     <span class='ocr_line' id='line_1_28' title="bbox 449 2527 2022 2602; baseline 0.008 -25"><span class='ocrx_word' id='word_1_187' title='bbox 449 2528 632 2593; x_wconf 78' lang='lat' dir='ltr'><strong>ﬁcere,</strong></span> <span class='ocrx_word' id='word_1_188' title='bbox 659 2541 784 2581; x_wconf 91' lang='lat' dir='ltr'><strong>cum</strong></span> <span class='ocrx_word' id='word_1_189' title='bbox 815 2527 963 2582; x_wconf 89' lang='lat' dir='ltr'><strong>aliud</strong></span> <span class='ocrx_word' id='word_1_190' title='bbox 991 2529 1254 2599; x_wconf 88' lang='lat' dir='ltr'><strong>quiddam</strong></span> <span class='ocrx_word' id='word_1_191' title='bbox 1291 2539 1489 2588; x_wconf 90' lang='lat' dir='ltr'><strong>natura</strong></span> <span class='ocrx_word' id='word_1_192' title='bbox 1518 2533 1630 2589; x_wconf 90' lang='lat' dir='ltr'><strong>sint</strong></span> <span class='ocrx_word' id='word_1_193' title='bbox 1656 2549 1685 2588; x_wconf 89' lang='lat' dir='ltr'><strong>a</strong></span> <span class='ocrx_word' id='word_1_194' title='bbox 1715 2534 1861 2591; x_wconf 89' lang='lat' dir='ltr'><strong>Deo?</strong></span> <span class='ocrx_word' id='word_1_195' title='bbox 1881 2536 2022 2602; x_wconf 86' lang='lat' dir='ltr'><strong>Quid</strong></span> 
     </span>
    </p>
   </div>
   <div class='ocr_carea' id='block_1_29' title="bbox 443 2615 2024 2696">
    <p class='ocr_par' dir='ltr' id='par_1_29' title="bbox 443 2615 2024 2696">
     <span class='ocr_line' id='line_1_29' title="bbox 443 2615 2024 2696; baseline 0.008 -28"><span class='ocrx_word' id='word_1_196' title='bbox 443 2629 612 2680; x_wconf 87' lang='lat' dir='ltr'><strong>vero,</strong></span> <span class='ocrx_word' id='word_1_197' title='bbox 652 2616 699 2672; x_wconf 89' lang='lat' dir='ltr'><strong>si</strong></span> <span class='ocrx_word' id='word_1_198' title='bbox 729 2615 798 2672; x_wconf 90' lang='lat' dir='ltr'><strong>de</strong></span> <span class='ocrx_word' id='word_1_199' title='bbox 833 2616 995 2674; x_wconf 92' lang='lat' dir='ltr'><strong>nobis</strong></span> <span class='ocrx_word' id='word_1_200' title='bbox 1025 2618 1190 2675; x_wconf 85' lang='lat' dir='ltr'><strong>etiam</strong></span> <span class='ocrx_word' id='word_1_201' title='bbox 1241 2620 1448 2677; x_wconf 90' lang='lat' dir='ltr'><strong>dictum</strong></span> <span class='ocrx_word' id='word_1_202' title='bbox 1483 2624 1617 2678; x_wconf 92' lang='lat' dir='ltr'><strong>illud</strong></span> <span class='ocrx_word' id='word_1_203' title='bbox 1649 2625 2024 2696; x_wconf 84' lang='lat' dir='ltr'><strong>intelligatur?</strong></span> 
     </span>
    </p>
   </div>
   <div class='ocr_carea' id='block_1_30' title="bbox 447 2705 2024 2783">
    <p class='ocr_par' dir='ltr' id='par_1_30' title="bbox 447 2705 2024 2783">
     <span class='ocr_line' id='line_1_30' title="bbox 447 2705 2024 2783; baseline 0.007 -24"><span class='ocrx_word' id='word_1_204' title='bbox 447 2705 530 2761; x_wconf 78' lang='lat' dir='ltr'><strong>An</strong></span> <span class='ocrx_word' id='word_1_205' title='bbox 553 2709 699 2762; x_wconf 85' lang='lat' dir='ltr'><strong>enim</strong></span> <span class='ocrx_word' id='word_1_206' title='bbox 753 2725 842 2764; x_wconf 90' lang='lat' dir='ltr'><strong>res</strong></span> <span class='ocrx_word' id='word_1_207' title='bbox 890 2725 1060 2781; x_wconf 82' lang='lat' dir='ltr'><strong>supra</strong></span> <span class='ocrx_word' id='word_1_208' title='bbox 1107 2719 1358 2767; x_wconf 86' lang='lat' dir='ltr'><strong>naturam</strong></span> <span class='ocrx_word' id='word_1_209' title='bbox 1408 2722 1617 2771; x_wconf 88' lang='lat' dir='ltr'><strong>temere</strong></span> <span class='ocrx_word' id='word_1_210' title='bbox 1656 2715 1934 2783; x_wconf 86' lang='lat' dir='ltr'><strong>invadere,</strong></span> <span class='ocrx_word' id='word_1_211' title='bbox 1969 2725 2024 2770; x_wconf 85' lang='lat' dir='ltr'><strong>et</strong></span> 
     </span>
    </p>
   </div>
   <div class='ocr_carea' id='block_1_31' title="bbox 451 2801 2024 2875">
    <p class='ocr_par' dir='ltr' id='par_1_31' title="bbox 451 2801 2024 2875">
     <span class='ocr_line' id='line_1_31' title="bbox 451 2801 2024 2875; baseline 0.009 -26"><span class='ocrx_word' id='word_1_212' title='bbox 451 2815 570 2867; x_wconf 67' lang='lat' dir='ltr'><strong>qum</strong></span> <span class='ocrx_word' id='word_1_213' title='bbox 597 2801 710 2856; x_wconf 77' lang='lat' dir='ltr'><strong>fieri</strong></span> <span class='ocrx_word' id='word_1_214' title='bbox 743 2817 852 2856; x_wconf 91' lang='lat' dir='ltr'><strong>non</strong></span> <span class='ocrx_word' id='word_1_215' title='bbox 881 2810 1116 2873; x_wconf 90' lang='lat' dir='ltr'><strong>possunt</strong></span> <span class='ocrx_word' id='word_1_216' title='bbox 1138 2813 1394 2874; x_wconf 83' lang='lat' dir='ltr'><strong>appetere</strong></span> <span class='ocrx_word' id='word_1_217' title='bbox 1422 2807 1538 2875; x_wconf 89' lang='lat' dir='ltr'><strong>ipse</strong></span> <span class='ocrx_word' id='word_1_218' title='bbox 1571 2823 1672 2864; x_wconf 90' lang='lat' dir='ltr'><strong>nos</strong></span> <span class='ocrx_word' id='word_1_219' title='bbox 1700 2807 1859 2864; x_wconf 89' lang='lat' dir='ltr'><strong>docet</strong></span> <span class='ocrx_word' id='word_1_220' title='bbox 1889 2806 2024 2863; x_wconf 90' lang='lat' dir='ltr'><strong>Uni-</strong></span> 
     </span>
    </p>
   </div>
   <div class='ocr_carea' id='block_1_32' title="bbox 449 2892 2025 2963">
    <p class='ocr_par' dir='ltr' id='par_1_32' title="bbox 449 2892 2025 2963">
     <span class='ocr_line' id='line_1_32' title="bbox 449 2892 2025 2963; baseline 0.005 -19"><span class='ocrx_word' id='word_1_221' title='bbox 449 2893 669 2960; x_wconf 76' lang='lat' dir='ltr'><strong>genitus</strong></span> <span class='ocrx_word' id='word_1_222' title='bbox 699 2892 784 2948; x_wconf 90' lang='lat' dir='ltr'><strong>his</strong></span> <span class='ocrx_word' id='word_1_223' title='bbox 810 2895 990 2949; x_wconf 86' lang='lat' dir='ltr'><strong>verbis</strong></span> <span class='ocrx_word' id='word_1_224' title='bbox 1015 2909 1031 2948; x_wconf 84' lang='lat'><strong>:</strong></span> <span class='ocrx_word' id='word_1_225' title='bbox 1061 2912 1078 2946; x_wconf 75' lang='grc' dir='ltr'><strong>ι</strong></span> <span class='ocrx_word' id='word_1_226' title='bbox 1111 2893 1303 2952; x_wconf 89' lang='lat' dir='ltr'><strong>Estote</strong></span> <span class='ocrx_word' id='word_1_227' title='bbox 1343 2897 1755 2963; x_wconf 89' lang='lat' dir='ltr'><strong>misericordes,</strong></span> <span class='ocrx_word' id='word_1_228' title='bbox 1797 2898 1942 2954; x_wconf 91' lang='lat' dir='ltr'><strong>sicut</strong></span> <span class='ocrx_word' id='word_1_229' title='bbox 1968 2907 2025 2955; x_wconf 90' lang='lat' dir='ltr'><strong>et</strong></span> 
     </span>
    </p>
   </div>
   <div class='ocr_carea' id='block_1_33' title="bbox 451 2984 2025 3047">
    <p class='ocr_par' dir='ltr' id='par_1_33' title="bbox 451 2984 2025 3047">
     <span class='ocr_line' id='line_1_33' title="bbox 451 2984 2025 3047; baseline 0.008 -11"><span class='ocrx_word' id='word_1_230' title='bbox 451 2984 614 3040; x_wconf 85' lang='lat' dir='ltr'><strong>Pater</strong></span> <span class='ocrx_word' id='word_1_231' title='bbox 639 2986 920 3042; x_wconf 82' lang='lat' dir='ltr'><strong>vesterille</strong></span> <span class='ocrx_word' id='word_1_232' title='bbox 941 2987 1184 3043; x_wconf 71' lang='lat' dir='ltr'><strong>cmlestis</strong></span> <span class='ocrx_word' id='word_1_233' title='bbox 1234 2988 1558 3046; x_wconf 88' lang='lat' dir='ltr'><strong>misericors</strong></span> <span class='ocrx_word' id='word_1_234' title='bbox 1605 2998 1692 3046; x_wconf 90' lang='lat' dir='ltr'><strong>est</strong></span> <span class='ocrx_word' id='word_1_235' title='bbox 1717 2992 1802 3045; x_wconf 75' lang='lat'><strong>&quot;?</strong></span> <span class='ocrx_word' id='word_1_236' title='bbox 1845 3011 1864 3044; x_wconf 73' lang='grc' dir='ltr'><strong>ι</strong></span> <span class='ocrx_word' id='word_1_237' title='bbox 1911 2990 2025 3047; x_wconf 89' lang='lat' dir='ltr'><strong>Hoc</strong></span> 
     </span>
    </p>
   </div>
   <div class='ocr_carea' id='block_1_34' title="bbox 2117 532 3678 604">
    <p class='ocr_par' dir='ltr' id='par_1_34' title="bbox 2117 532 3678 604">
     <span class='ocr_line' id='line_1_34' title="bbox 2117 532 3678 604; baseline 0 -17"><span class='ocrx_word' id='word_1_238' title='bbox 2117 532 2398 588; x_wconf 82' lang='grc' dir='ltr'>σκέτωσαν</span> <span class='ocrx_word' id='word_1_239' title='bbox 2429 532 2610 587; x_wconf 83' lang='grc' dir='ltr'>τοίνυν</span> <span class='ocrx_word' id='word_1_240' title='bbox 2643 533 2692 586; x_wconf 83' lang='grc' dir='ltr'>οἱ</span> <span class='ocrx_word' id='word_1_241' title='bbox 2725 536 2825 604; x_wconf 83' lang='grc' dir='ltr'><strong>τῆς</strong></span> <span class='ocrx_word' id='word_1_242' title='bbox 2861 532 3008 596; x_wconf 88' lang='grc' dir='ltr'>θείας</span> <span class='ocrx_word' id='word_1_243' title='bbox 3057 533 3264 596; x_wconf 77' lang='grc' dir='ltr'><strong>εἰκόνος</strong></span> <span class='ocrx_word' id='word_1_244' title='bbox 3295 532 3678 604; x_wconf 77' lang='grc' dir='ltr'>ἀκριϐέστατοι</span> 
     </span>
    </p>
   </div>
   <div class='ocr_carea' id='block_1_35' title="bbox 2113 623 3682 697">
    <p class='ocr_par' dir='ltr' id='par_1_35' title="bbox 2113 623 3682 697">
     <span class='ocr_line' id='line_1_35' title="bbox 2113 623 3682 697; baseline -0.001 -18"><span class='ocrx_word' id='word_1_245' title='bbox 2113 626 2384 697; x_wconf 77' lang='grc' dir='ltr'>ζητηταὶ,</span> <span class='ocrx_word' id='word_1_246' title='bbox 2442 625 2668 696; x_wconf 87' lang='grc' dir='ltr'>πότερόν</span> <span class='ocrx_word' id='word_1_247' title='bbox 2703 641 2833 678; x_wconf 86' lang='grc' dir='ltr'>ποτε</span> <span class='ocrx_word' id='word_1_248' title='bbox 2877 623 2976 695; x_wconf 83' lang='grc' dir='ltr'>τὴν</span> <span class='ocrx_word' id='word_1_249' title='bbox 3019 623 3249 694; x_wconf 81' lang='grc' dir='ltr'>ούσιὼδη</span> <span class='ocrx_word' id='word_1_250' title='bbox 3296 623 3392 677; x_wconf 69' lang='grc' dir='ltr'>καὶ</span> <span class='ocrx_word' id='word_1_251' title='bbox 3448 625 3682 697; x_wconf 79' lang='grc' dir='ltr'>φυσικὴν</span> 
     </span>
    </p>
   </div>
   <div class='ocr_carea' id='block_1_36' title="bbox 2113 713 3682 788">
    <p class='ocr_par' dir='ltr' id='par_1_36' title="bbox 2113 713 3682 788">
     <span class='ocr_line' id='line_1_36' title="bbox 2113 713 3682 788; baseline -0.004 -17"><span class='ocrx_word' id='word_1_252' title='bbox 2113 718 2410 788; x_wconf 83' lang='grc' dir='ltr'><strong>ἀπονέμειν</strong></span> <span class='ocrx_word' id='word_1_253' title='bbox 2461 717 2719 786; x_wconf 83' lang='grc' dir='ltr'>ὁμοίωσιν</span> <span class='ocrx_word' id='word_1_254' title='bbox 2747 715 2946 768; x_wconf 71' lang='grc' dir='ltr'>οἴονται</span> <span class='ocrx_word' id='word_1_255' title='bbox 2974 715 3084 767; x_wconf 83' lang='grc' dir='ltr'>δεῖν</span> <span class='ocrx_word' id='word_1_256' title='bbox 3117 713 3194 783; x_wconf 83' lang='grc' dir='ltr'>τῷ</span> <span class='ocrx_word' id='word_1_257' title='bbox 3222 714 3519 782; x_wconf 87' lang='grc' dir='ltr'>Μονογενεῖ</span> <span class='ocrx_word' id='word_1_258' title='bbox 3541 752 3555 778; x_wconf 87' lang='grc'><strong>,</strong></span> <span class='ocrx_word' id='word_1_259' title='bbox 3587 714 3682 766; x_wconf 75' lang='grc' dir='ltr'>καὶ</span> 
     </span>
    </p>
   </div>
   <div class='ocr_carea' id='block_1_37' title="bbox 2113 797 3684 878">
    <p class='ocr_par' dir='ltr' id='par_1_37' title="bbox 2113 797 3684 878">
     <span class='ocr_line' id='line_1_37' title="bbox 2113 797 3684 878; baseline -0.003 -16"><span class='ocrx_word' id='word_1_260' title='bbox 2113 809 2286 871; x_wconf 78' lang='grc' dir='ltr'>οὕτως</span> <span class='ocrx_word' id='word_1_261' title='bbox 2336 808 2520 862; x_wconf 91' lang='grc' dir='ltr'>εἰκόνα</span> <span class='ocrx_word' id='word_1_262' title='bbox 2566 808 2730 878; x_wconf 75' lang='grc' dir='ltr'>φασὶν</span> <span class='ocrx_word' id='word_1_263' title='bbox 2777 808 3042 878; x_wconf 77' lang='grc' dir='ltr'>ὑπάρχειν</span> <span class='ocrx_word' id='word_1_264' title='bbox 3086 805 3178 860; x_wconf 87' lang='grc' dir='ltr'><strong>τοῦ</strong></span> <span class='ocrx_word' id='word_1_265' title='bbox 3222 797 3448 877; x_wconf 84' lang='grc' dir='ltr'>Πατρὸς</span> <span class='ocrx_word' id='word_1_266' title='bbox 3477 805 3568 858; x_wconf 86' lang='grc' dir='ltr'><strong>τὸν</strong></span> <span class='ocrx_word' id='word_1_267' title='bbox 3625 805 3684 871; x_wconf 77' lang='grc' dir='ltr'>ἐξ</span> 
     </span>
    </p>
   </div>
   <div class='ocr_carea' id='block_1_38' title="bbox 2113 895 3686 971">
    <p class='ocr_par' dir='ltr' id='par_1_38' title="bbox 2113 895 3686 971">
     <span class='ocr_line' id='line_1_38' title="bbox 2113 895 3686 971; baseline -0.004 -17"><span class='ocrx_word' id='word_1_268' title='bbox 2113 900 2279 956; x_wconf 83' lang='grc' dir='ltr'>αὑτοῦ</span> <span class='ocrx_word' id='word_1_269' title='bbox 2315 897 2644 971; x_wconf 84' lang='grc' dir='ltr'>προελθόντα</span> <span class='ocrx_word' id='word_1_270' title='bbox 2678 898 2849 966; x_wconf 86' lang='grc' dir='ltr'>Λόγον</span> <span class='ocrx_word' id='word_1_271' title='bbox 2869 939 2882 962; x_wconf 96' lang='grc'><strong>,</strong></span> <span class='ocrx_word' id='word_1_272' title='bbox 2915 897 3223 969; x_wconf 72' lang='grc' dir='ltr'>ὡσπερανεὶ</span> <span class='ocrx_word' id='word_1_273' title='bbox 3257 897 3352 950; x_wconf 75' lang='grc' dir='ltr'>καὶ</span> <span class='ocrx_word' id='word_1_274' title='bbox 3391 897 3486 949; x_wconf 88' lang='grc' dir='ltr'><strong>τὸν</strong></span> <span class='ocrx_word' id='word_1_275' title='bbox 3519 895 3686 948; x_wconf 80' lang='grc' dir='ltr'>Ἀθελ</span> 
     </span>
    </p>
   </div>
   <div class='ocr_carea' id='block_1_39' title="bbox 2114 986 3687 1060">
    <p class='ocr_par' dir='ltr' id='par_1_39' title="bbox 2114 986 3687 1060">
     <span class='ocr_line' id='line_1_39' title="bbox 2114 986 3687 1060; baseline -0.004 -16"><span class='ocrx_word' id='word_1_276' title='bbox 2114 993 2176 1058; x_wconf 78' lang='grc' dir='ltr'><strong>ἐξ</strong></span> <span class='ocrx_word' id='word_1_277' title='bbox 2217 990 2411 1059; x_wconf 73' lang='grc' dir='ltr'>’Δδᾶμ,</span> <span class='ocrx_word' id='word_1_278' title='bbox 2445 989 2575 1060; x_wconf 84' lang='grc' dir='ltr'>ὅλην</span> <span class='ocrx_word' id='word_1_279' title='bbox 2603 988 2960 1053; x_wconf 79' lang='grc' dir='ltr'>ἀποσώζοντα</span> <span class='ocrx_word' id='word_1_280' title='bbox 2987 986 3083 1040; x_wconf 88' lang='grc' dir='ltr'><strong>τοῦ</strong></span> <span class='ocrx_word' id='word_1_281' title='bbox 3117 988 3367 1050; x_wconf 85' lang='grc' dir='ltr'>τεκόντος</span> <span class='ocrx_word' id='word_1_282' title='bbox 3395 987 3493 1058; x_wconf 83' lang='grc' dir='ltr'>τὴν</span> <span class='ocrx_word' id='word_1_283' title='bbox 3525 987 3687 1056; x_wconf 75' lang='grc' dir='ltr'>φύσιν</span> 
     </span>
    </p>
   </div>
   <div class='ocr_carea' id='block_1_40' title="bbox 2114 1078 3686 1156">
    <p class='ocr_par' dir='ltr' id='par_1_40' title="bbox 2114 1078 3686 1156">
     <span class='ocr_line' id='line_1_40' title="bbox 2114 1078 3686 1156; baseline -0.003 -19"><span class='ocrx_word' id='word_1_284' title='bbox 2114 1085 2174 1136; x_wconf 80' lang='grc' dir='ltr'>ἐν</span> <span class='ocrx_word' id='word_1_285' title='bbox 2199 1084 2398 1156; x_wconf 76' lang='grc' dir='ltr'>ἑαυτῷ,</span> <span class='ocrx_word' id='word_1_286' title='bbox 2422 1082 2516 1156; x_wconf 77' lang='grc' dir='ltr'>καὶ</span> <span class='ocrx_word' id='word_1_287' title='bbox 2538 1079 2729 1151; x_wconf 83' lang='grc' dir='ltr'>ὁλόκλη</span> <span class='ocrx_word' id='word_1_288' title='bbox 2738 1097 2829 1150; x_wconf 89' lang='grc' dir='ltr'><strong>ρον</strong></span> <span class='ocrx_word' id='word_1_289' title='bbox 2852 1081 2949 1151; x_wconf 86' lang='grc' dir='ltr'><strong>τῆς</strong></span> <span class='ocrx_word' id='word_1_290' title='bbox 2972 1079 3389 1149; x_wconf 82' lang='grc' dir='ltr'>ἀνθρωπότητος</span> <span class='ocrx_word' id='word_1_291' title='bbox 3417 1078 3686 1149; x_wconf 74' lang='grc' dir='ltr'>φοροῦντα</span> 
     </span>
    </p>
   </div>
   <div class='ocr_carea' id='block_1_41' title="bbox 2114 1169 3683 1244">
    <p class='ocr_par' dir='ltr' id='par_1_41' title="bbox 2114 1169 3683 1244">
     <span class='ocr_line' id='line_1_41' title="bbox 2114 1169 3683 1244; baseline -0.004 -17"><span class='ocrx_word' id='word_1_292' title='bbox 2114 1174 2206 1227; x_wconf 92' lang='grc' dir='ltr'><strong>τὸν</strong></span> <span class='ocrx_word' id='word_1_293' title='bbox 2241 1175 2433 1241; x_wconf 86' lang='grc' dir='ltr'>λόγον;</span> <span class='ocrx_word' id='word_1_294' title='bbox 2481 1173 2553 1226; x_wconf 86' lang='grc' dir='ltr'><strong><em>Ἦ</em></strong></span> <span class='ocrx_word' id='word_1_295' title='bbox 2632 1170 3012 1244; x_wconf 83' lang='grc' dir='ltr'>δυσχερανοῦσι</span> <span class='ocrx_word' id='word_1_296' title='bbox 3058 1171 3155 1240; x_wconf 84' lang='grc' dir='ltr'>μὲν</span> <span class='ocrx_word' id='word_1_297' title='bbox 3205 1170 3299 1223; x_wconf 73' lang='grc' dir='ltr'><strong>ἐπὶ</strong></span> <span class='ocrx_word' id='word_1_298' title='bbox 3335 1169 3513 1240; x_wconf 86' lang='grc' dir='ltr'>τούτῳ</span> <span class='ocrx_word' id='word_1_299' title='bbox 3540 1169 3683 1235; x_wconf 84' lang='grc' dir='ltr'><strong>λίαν⁹</strong></span> 
     </span>
    </p>
   </div>
   <div class='ocr_carea' id='block_1_42' title="bbox 2115 1260 3687 1330">
    <p class='ocr_par' dir='ltr' id='par_1_42' title="bbox 2115 1260 3687 1330">
     <span class='ocr_line' id='line_1_42' title="bbox 2115 1260 3687 1330; baseline -0.004 -10"><span class='ocrx_word' id='word_1_300' title='bbox 2115 1267 2192 1329; x_wconf 87' lang='grc' dir='ltr'><strong>ὡς</strong></span> <span class='ocrx_word' id='word_1_301' title='bbox 2221 1266 2353 1320; x_wconf 82' lang='grc' dir='ltr'>Θεὸν</span> <span class='ocrx_word' id='word_1_302' title='bbox 2410 1265 2579 1327; x_wconf 76' lang='grc' dir='ltr'>ὅντως</span> <span class='ocrx_word' id='word_1_303' title='bbox 2623 1264 2688 1316; x_wconf 79' lang='grc' dir='ltr'>ἐκ</span> <span class='ocrx_word' id='word_1_304' title='bbox 2742 1261 2877 1317; x_wconf 90' lang='grc' dir='ltr'>Θεοῦ</span> <span class='ocrx_word' id='word_1_305' title='bbox 2955 1260 3098 1316; x_wconf 85' lang='grc' dir='ltr'>κατὰ</span> <span class='ocrx_word' id='word_1_306' title='bbox 3168 1261 3330 1329; x_wconf 84' lang='grc' dir='ltr'>φύσιν</span> <span class='ocrx_word' id='word_1_307' title='bbox 3402 1261 3687 1330; x_wconf 84' lang='grc' dir='ltr'>ὁμολογεῖν</span> 
     </span>
    </p>
   </div>
   <div class='ocr_carea' id='block_1_43' title="bbox 2115 1352 3685 1428">
    <p class='ocr_par' dir='ltr' id='par_1_43' title="bbox 2115 1352 3685 1428">
     <span class='ocr_line' id='line_1_43' title="bbox 2115 1352 3685 1428; baseline -0.006 -15"><span class='ocrx_word' id='word_1_308' title='bbox 2115 1357 2550 1428; x_wconf 76' lang='grc' dir='ltr'>ἀναγκαζόμενοι</span> <span class='ocrx_word' id='word_1_309' title='bbox 2583 1357 2675 1410; x_wconf 91' lang='grc' dir='ltr'><strong>τὸν</strong></span> <span class='ocrx_word' id='word_1_310' title='bbox 2696 1355 2844 1423; x_wconf 84' lang='grc' dir='ltr'>Υίὸν,</span> <span class='ocrx_word' id='word_1_311' title='bbox 2868 1355 2958 1409; x_wconf 74' lang='grc' dir='ltr'><strong>ἐπὶ</strong></span> <span class='ocrx_word' id='word_1_312' title='bbox 2987 1354 3045 1408; x_wconf 84' lang='grc' dir='ltr'>δὲ</span> <span class='ocrx_word' id='word_1_313' title='bbox 3073 1354 3132 1406; x_wconf 82' lang='grc' dir='ltr'><strong>τὸ</strong></span> <span class='ocrx_word' id='word_1_314' title='bbox 3157 1352 3428 1424; x_wconf 79' lang='grc' dir='ltr'>μάχεσθαι</span> <span class='ocrx_word' id='word_1_315' title='bbox 3455 1355 3518 1424; x_wconf 84' lang='grc' dir='ltr'><strong>τῇ</strong></span> <span class='ocrx_word' id='word_1_316' title='bbox 3553 1353 3685 1424; x_wconf 75' lang='grc' dir='ltr'>ἀληο</span> 
     </span>
    </p>
   </div>
   <div class='ocr_carea' id='block_1_44' title="bbox 2116 1443 3684 1520">
    <p class='ocr_par' dir='ltr' id='par_1_44' title="bbox 2116 1443 3684 1520">
     <span class='ocr_line' id='line_1_44' title="bbox 2116 1443 3684 1520; baseline -0.003 -19"><span class='ocrx_word' id='word_1_317' title='bbox 2116 1449 2236 1520; x_wconf 76' lang='grc' dir='ltr'>θείᾳ</span> <span class='ocrx_word' id='word_1_318' title='bbox 2309 1448 2556 1519; x_wconf 79' lang='grc' dir='ltr'>συνήθως</span> <span class='ocrx_word' id='word_1_319' title='bbox 2609 1445 2939 1512; x_wconf 87' lang='grc' dir='ltr'>ὲκνεύοντες,</span> <span class='ocrx_word' id='word_1_320' title='bbox 3003 1445 3095 1499; x_wconf 75' lang='grc' dir='ltr'><strong>ἐπὶ</strong></span> <span class='ocrx_word' id='word_1_321' title='bbox 3138 1444 3229 1498; x_wconf 89' lang='grc' dir='ltr'><strong>τὸν</strong></span> <span class='ocrx_word' id='word_1_322' title='bbox 3279 1443 3530 1515; x_wconf 85' lang='grc' dir='ltr'>δεύτερον</span> <span class='ocrx_word' id='word_1_323' title='bbox 3587 1443 3684 1512; x_wconf 78' lang='grc' dir='ltr'><strong>τῆς</strong></span> 
     </span>
    </p>
   </div>
   <div class='ocr_carea' id='block_1_45' title="bbox 2116 1536 3682 1610">
    <p class='ocr_par' dir='ltr' id='par_1_45' title="bbox 2116 1536 3682 1610">
     <span class='ocr_line' id='line_1_45' title="bbox 2116 1536 3682 1610; baseline -0.004 -15"><span class='ocrx_word' id='word_1_324' title='bbox 2116 1541 2324 1605; x_wconf 76' lang='grc' dir='ltr'>εἰκόνος</span> <span class='ocrx_word' id='word_1_325' title='bbox 2388 1539 2690 1610; x_wconf 84' lang='grc' dir='ltr'>βαδιοῦνται</span> <span class='ocrx_word' id='word_1_326' title='bbox 2766 1539 3004 1609; x_wconf 85' lang='grc' dir='ltr'>τρόπον,</span> <span class='ocrx_word' id='word_1_327' title='bbox 3071 1536 3132 1600; x_wconf 83' lang='grc' dir='ltr'>ὃς</span> <span class='ocrx_word' id='word_1_328' title='bbox 3185 1539 3242 1590; x_wconf 78' lang='grc' dir='ltr'>ἐν</span> <span class='ocrx_word' id='word_1_329' title='bbox 3306 1536 3439 1607; x_wconf 80' lang='grc' dir='ltr'>μόνῃ</span> <span class='ocrx_word' id='word_1_330' title='bbox 3490 1537 3682 1588; x_wconf 82' lang='grc' dir='ltr'>νοεῖται</span> 
     </span>
    </p>
   </div>
   <div class='ocr_carea' id='block_1_46' title="bbox 2121 1618 3684 1702">
    <p class='ocr_par' dir='ltr' id='par_1_46' title="bbox 2121 1618 3684 1702">
     <span class='ocr_line' id='line_1_46' title="bbox 2121 1618 3684 1702; baseline -0.006 -18"><span class='ocrx_word' id='word_1_331' title='bbox 2121 1634 2342 1702; x_wconf 80' lang='grc' dir='ltr'>μορφῇ,</span> <span class='ocrx_word' id='word_1_332' title='bbox 2378 1632 2471 1682; x_wconf 71' lang='grc' dir='ltr'>καὶ</span> <span class='ocrx_word' id='word_1_333' title='bbox 2513 1629 2862 1700; x_wconf 86' lang='grc' dir='ltr'>χαρακτῆρι,</span> <span class='ocrx_word' id='word_1_334' title='bbox 2910 1626 3004 1680; x_wconf 75' lang='grc' dir='ltr'>καὶ</span> <span class='ocrx_word' id='word_1_335' title='bbox 3045 1627 3304 1696; x_wconf 85' lang='grc' dir='ltr'>σχήματι.</span> <span class='ocrx_word' id='word_1_336' title='bbox 3360 1623 3495 1675; x_wconf 85' lang='grc' dir='ltr'>Ἀλλ’</span> <span class='ocrx_word' id='word_1_337' title='bbox 3530 1618 3684 1692; x_wconf 82' lang='grc' dir='ltr'>οἶμαι</span> 
     </span>
    </p>
   </div>
   <div class='ocr_carea' id='block_1_47' title="bbox 2121 1712 3684 1794">
    <p class='ocr_par' dir='ltr' id='par_1_47' title="bbox 2121 1712 3684 1794">
     <span class='ocr_line' id='line_1_47' title="bbox 2121 1712 3684 1794; baseline -0.006 -19"><span class='ocrx_word' id='word_1_338' title='bbox 2121 1723 2219 1794; x_wconf 84' lang='grc' dir='ltr'>μὲν</span> <span class='ocrx_word' id='word_1_339' title='bbox 2275 1721 2432 1775; x_wconf 90' lang='grc' dir='ltr'>τοῦτο</span> <span class='ocrx_word' id='word_1_340' title='bbox 2483 1720 2660 1788; x_wconf 81' lang='grc' dir='ltr'>λέγειν</span> <span class='ocrx_word' id='word_1_341' title='bbox 2717 1719 3119 1788; x_wconf 86' lang='grc' dir='ltr'>ἀποναρκήσειν</span> <span class='ocrx_word' id='word_1_342' title='bbox 3177 1714 3394 1778; x_wconf 82' lang='grc' dir='ltr'>αὐτούς.</span> <span class='ocrx_word' id='word_1_343' title='bbox 3446 1713 3521 1768; x_wconf 82' lang='grc' dir='ltr'><strong>Οὐ</strong></span> <span class='ocrx_word' id='word_1_344' title='bbox 3575 1712 3684 1784; x_wconf 79' lang='grc' dir='ltr'><strong>γὰρ</strong></span> 
     </span>
    </p>
   </div>
   <div class='ocr_carea' id='block_1_48' title="bbox 2119 1805 3684 1879">
    <p class='ocr_par' dir='ltr' id='par_1_48' title="bbox 2119 1805 3684 1879">
     <span class='ocr_line' id='line_1_48' title="bbox 2119 1805 3684 1879; baseline -0.006 -11"><span class='ocrx_word' id='word_1_345' title='bbox 2119 1811 2469 1868; x_wconf 85' lang='grc' dir='ltr'>πεποσῶσθαι</span> <span class='ocrx_word' id='word_1_346' title='bbox 2500 1812 2560 1864; x_wconf 89' lang='grc' dir='ltr'><strong>τὸ</strong></span> <span class='ocrx_word' id='word_1_347' title='bbox 2600 1811 2785 1874; x_wconf 78' lang='grc' dir='ltr'>Θεῖον,</span> <span class='ocrx_word' id='word_1_348' title='bbox 2824 1809 2858 1879; x_wconf 80' lang='grc' dir='ltr'><strong>ἢ</strong></span> <span class='ocrx_word' id='word_1_349' title='bbox 2885 1809 2978 1862; x_wconf 76' lang='grc' dir='ltr'>καὶ</span> <span class='ocrx_word' id='word_1_350' title='bbox 3008 1809 3248 1878; x_wconf 84' lang='grc' dir='ltr'>σχήματι</span> <span class='ocrx_word' id='word_1_351' title='bbox 3287 1805 3684 1878; x_wconf 86' lang='grc' dir='ltr'>περιγραπτὸν,</span> 
     </span>
    </p>
   </div>
   <div class='ocr_carea' id='block_1_49' title="bbox 2119 1897 3689 1974">
    <p class='ocr_par' dir='ltr' id='par_1_49' title="bbox 2119 1897 3689 1974">
     <span class='ocr_line' id='line_1_49' title="bbox 2119 1897 3689 1974; baseline -0.006 -15"><span class='ocrx_word' id='word_1_352' title='bbox 2119 1906 2215 1960; x_wconf 72' lang='grc' dir='ltr'><strong>καὶ</strong></span> <span class='ocrx_word' id='word_1_353' title='bbox 2242 1903 2550 1974; x_wconf 79' lang='grc' dir='ltr'>χαρακτῆρι</span> <span class='ocrx_word' id='word_1_354' title='bbox 2583 1901 2966 1973; x_wconf 89' lang='grc' dir='ltr'>μετρούμενον,</span> <span class='ocrx_word' id='word_1_355' title='bbox 2996 1901 3029 1970; x_wconf 86' lang='grc' dir='ltr'>ἢ</span> <span class='ocrx_word' id='word_1_356' title='bbox 3057 1899 3149 1953; x_wconf 85' lang='grc' dir='ltr'>καὶ</span> <span class='ocrx_word' id='word_1_357' title='bbox 3174 1899 3310 1962; x_wconf 79' lang='grc' dir='ltr'>ὅλως</span> <span class='ocrx_word' id='word_1_358' title='bbox 3331 1898 3400 1953; x_wconf 88' lang='grc' dir='ltr'><strong>τά</strong></span> <span class='ocrx_word' id='word_1_359' title='bbox 3422 1897 3689 1966; x_wconf 81' lang='grc' dir='ltr'>σωμάτων</span> 
     </span>
    </p>
   </div>
   <div class='ocr_carea' id='block_1_50' title="bbox 2119 1985 3690 2062">
    <p class='ocr_par' dir='ltr' id='par_1_50' title="bbox 2119 1985 3690 2062">
     <span class='ocr_line' id='line_1_50' title="bbox 2119 1985 3690 2062; baseline -0.005 -16"><span class='ocrx_word' id='word_1_360' title='bbox 2119 1993 2414 2062; x_wconf 82' lang='grc' dir='ltr'>ὑπομένειν</span> <span class='ocrx_word' id='word_1_361' title='bbox 2459 1989 2531 2044; x_wconf 80' lang='grc' dir='ltr'><strong>τὰ</strong></span> <span class='ocrx_word' id='word_1_362' title='bbox 2583 1989 2884 2060; x_wconf 82' lang='grc' dir='ltr'>ἀσώματα,</span> <span class='ocrx_word' id='word_1_363' title='bbox 2930 1987 3268 2057; x_wconf 76' lang='grc' dir='ltr'>ὑπολήψεταί</span> <span class='ocrx_word' id='word_1_364' title='bbox 3300 2004 3417 2050; x_wconf 88' lang='grc' dir='ltr'>τις,</span> <span class='ocrx_word' id='word_1_365' title='bbox 3474 1986 3534 2038; x_wconf 82' lang='grc' dir='ltr'><strong>ού</strong></span> <span class='ocrx_word' id='word_1_366' title='bbox 3566 1986 3611 2039; x_wconf 79' lang='grc' dir='ltr'>δ’</span> <span class='ocrx_word' id='word_1_367' title='bbox 3636 1985 3690 2038; x_wconf 82' lang='grc' dir='ltr'><strong>εἰ</strong></span> 
     </span>
    </p>
   </div>
   <div class='ocr_carea' id='block_1_51' title="bbox 2122 2075 3692 2156">
    <p class='ocr_par' dir='ltr' id='par_1_51' title="bbox 2122 2075 3692 2156">
     <span class='ocr_line' id='line_1_51' title="bbox 2122 2075 3692 2156; baseline -0.006 -18"><span class='ocrx_word' id='word_1_368' title='bbox 2122 2085 2327 2156; x_wconf 76' lang='grc' dir='ltr'>σφόδρα</span> <span class='ocrx_word' id='word_1_369' title='bbox 2357 2082 2602 2152; x_wconf 84' lang='grc' dir='ltr'>φαίνοιτο</span> <span class='ocrx_word' id='word_1_370' title='bbox 2634 2081 2836 2153; x_wconf 77' lang='grc' dir='ltr'>ληρῶν.</span> <span class='ocrx_word' id='word_1_371' title='bbox 2869 2075 2995 2151; x_wconf 63' lang='grc' dir='ltr'><strong>Ἆρ’</strong></span> <span class='ocrx_word' id='word_1_372' title='bbox 3036 2075 3128 2133; x_wconf 74' lang='grc' dir='ltr'>οὖν</span> <span class='ocrx_word' id='word_1_373' title='bbox 3155 2079 3230 2141; x_wconf 85' lang='grc' dir='ltr'>ὡς</span> <span class='ocrx_word' id='word_1_374' title='bbox 3260 2079 3393 2150; x_wconf 78' lang='grc' dir='ltr'>πρὸς</span> <span class='ocrx_word' id='word_1_375' title='bbox 3429 2077 3562 2148; x_wconf 73' lang='grc' dir='ltr'>ἤθη,</span> <span class='ocrx_word' id='word_1_376' title='bbox 3594 2077 3692 2130; x_wconf 76' lang='grc' dir='ltr'>καὶ</span> 
     </span>
    </p>
   </div>
   <div class='ocr_carea' id='block_1_52' title="bbox 2120 2159 3689 2249">
    <p class='ocr_par' dir='ltr' id='par_1_52' title="bbox 2120 2159 3689 2249">
     <span class='ocr_line' id='line_1_52' title="bbox 2120 2159 3689 2249; baseline -0.007 -18"><span class='ocrx_word' id='word_1_377' title='bbox 2120 2178 2378 2249; x_wconf 81' lang='grc' dir='ltr'>τρόπους,</span> <span class='ocrx_word' id='word_1_378' title='bbox 2421 2175 2512 2228; x_wconf 70' lang='grc' dir='ltr'>καὶ</span> <span class='ocrx_word' id='word_1_379' title='bbox 2541 2173 2667 2244; x_wconf 78' lang='grc' dir='ltr'>θέλη</span> <span class='ocrx_word' id='word_1_380' title='bbox 2679 2191 2753 2244; x_wconf 90' lang='grc' dir='ltr'><strong>μα</strong></span> <span class='ocrx_word' id='word_1_381' title='bbox 2787 2159 3194 2243; x_wconf 80' lang='grc' dir='ltr'>μεμορφῶσθαι</span> <span class='ocrx_word' id='word_1_382' title='bbox 3227 2169 3476 2238; x_wconf 79' lang='grc' dir='ltr'>λέγουσιν</span> <span class='ocrx_word' id='word_1_383' title='bbox 3508 2169 3689 2230; x_wconf 75' lang='grc' dir='ltr'>αὑτὸν,</span> 
     </span>
    </p>
   </div>
   <div class='ocr_carea' id='block_1_53' title="bbox 2123 2261 3695 2335">
    <p class='ocr_par' dir='ltr' id='par_1_53' title="bbox 2123 2261 3695 2335">
     <span class='ocr_line' id='line_1_53' title="bbox 2123 2261 3695 2335; baseline -0.008 -11"><span class='ocrx_word' id='word_1_384' title='bbox 2123 2270 2217 2324; x_wconf 73' lang='grc' dir='ltr'>καὶ</span> <span class='ocrx_word' id='word_1_385' title='bbox 2249 2265 2450 2335; x_wconf 76' lang='grc' dir='ltr'>ταύτην</span> <span class='ocrx_word' id='word_1_386' title='bbox 2477 2263 2625 2335; x_wconf 85' lang='grc' dir='ltr'><strong>αὐτῷ</strong></span> <span class='ocrx_word' id='word_1_387' title='bbox 2655 2263 3025 2335; x_wconf 80' lang='grc' dir='ltr'>περιτιθέντες</span> <span class='ocrx_word' id='word_1_388' title='bbox 3069 2264 3168 2315; x_wconf 72' lang='grc' dir='ltr'>οὐκ</span> <span class='ocrx_word' id='word_1_389' title='bbox 3210 2261 3554 2332; x_wconf 74' lang='grc' dir='ltr'>αἰσχύνονται</span> <span class='ocrx_word' id='word_1_390' title='bbox 3593 2261 3695 2330; x_wconf 81' lang='grc' dir='ltr'>τὴν</span> 
     </span>
    </p>
   </div>
   <div class='ocr_carea' id='block_1_54' title="bbox 2123 2351 3694 2426">
    <p class='ocr_par' dir='ltr' id='par_1_54' title="bbox 2123 2351 3694 2426">
     <span class='ocr_line' id='line_1_54' title="bbox 2123 2351 3694 2426; baseline -0.01 -8"><span class='ocrx_word' id='word_1_391' title='bbox 2123 2363 2343 2426; x_wconf 74' lang='grc' dir='ltr'>εἰκόνας</span> <span class='ocrx_word' id='word_1_392' title='bbox 2393 2359 2518 2422; x_wconf 85' lang='grc' dir='ltr'>Πῶς</span> <span class='ocrx_word' id='word_1_393' title='bbox 2546 2354 2638 2412; x_wconf 81' lang='grc' dir='ltr'><strong>οῦν</strong></span> <span class='ocrx_word' id='word_1_394' title='bbox 2683 2357 2760 2410; x_wconf 81' lang='grc' dir='ltr'>ἔτι</span> <span class='ocrx_word' id='word_1_395' title='bbox 2790 2354 2931 2410; x_wconf 84' lang='grc' dir='ltr'><strong>κατά</strong></span> <span class='ocrx_word' id='word_1_396' title='bbox 2974 2353 3134 2424; x_wconf 76' lang='grc' dir='ltr'>φύσιν</span> <span class='ocrx_word' id='word_1_397' title='bbox 3165 2355 3363 2406; x_wconf 80' lang='grc' dir='ltr'>νοεῖται</span> <span class='ocrx_word' id='word_1_398' title='bbox 3390 2351 3521 2415; x_wconf 84' lang='grc' dir='ltr'>Θεὸς</span> <span class='ocrx_word' id='word_1_399' title='bbox 3562 2352 3590 2403; x_wconf 99' lang='lat'><strong>6</strong></span> <span class='ocrx_word' id='word_1_400' title='bbox 3635 2351 3694 2404; x_wconf 78' lang='grc' dir='ltr'>ἐν</span> 
     </span>
    </p>
   </div>
   <div class='ocr_carea' id='block_1_55' title="bbox 2125 2442 3696 2525">
    <p class='ocr_par' dir='ltr' id='par_1_55' title="bbox 2125 2442 3696 2525">
     <span class='ocr_line' id='line_1_55' title="bbox 2125 2442 3696 2525; baseline -0.01 -16"><span class='ocrx_word' id='word_1_401' title='bbox 2125 2456 2272 2525; x_wconf 76' lang='grc' dir='ltr'>μόνῳ</span> <span class='ocrx_word' id='word_1_402' title='bbox 2323 2453 2382 2507; x_wconf 87' lang='grc' dir='ltr'><strong>τὸ</strong></span> <span class='ocrx_word' id='word_1_403' title='bbox 2611 2448 2724 2520; x_wconf 83' lang='grc' dir='ltr'>τῷ]</span> <span class='ocrx_word' id='word_1_404' title='bbox 2779 2449 2952 2502; x_wconf 75' lang='grc' dir='ltr'>θέλειν</span> <span class='ocrx_word' id='word_1_405' title='bbox 3007 2445 3106 2517; x_wconf 80' lang='grc' dir='ltr'><strong>τὴν</strong></span> <span class='ocrx_word' id='word_1_406' title='bbox 3156 2445 3294 2514; x_wconf 87' lang='grc' dir='ltr'>πρὸς</span> <span class='ocrx_word' id='word_1_407' title='bbox 3341 2443 3506 2497; x_wconf 78' lang='grc' dir='ltr'>αὑτὸν</span> <span class='ocrx_word' id='word_1_408' title='bbox 3557 2442 3696 2512; x_wconf 75' lang='grc' dir='ltr'>ἔχων</span> 
     </span>
    </p>
   </div>
   <div class='ocr_carea' id='block_1_56' title="bbox 2122 2535 3693 2616">
    <p class='ocr_par' dir='ltr' id='par_1_56' title="bbox 2122 2535 3693 2616">
     <span class='ocr_line' id='line_1_56' title="bbox 2122 2535 3693 2616; baseline -0.01 -16"><span class='ocrx_word' id='word_1_409' title='bbox 2122 2545 2377 2616; x_wconf 80' lang='grc' dir='ltr'>ὁμοίωσιν</span> <span class='ocrx_word' id='word_1_410' title='bbox 2400 2585 2424 2614; x_wconf 35' lang='grc'><strong>,,</strong></span> <span class='ocrx_word' id='word_1_411' title='bbox 2455 2546 2638 2615; x_wconf 71' lang='grc' dir='ltr'>ἕτερον</span> <span class='ocrx_word' id='word_1_412' title='bbox 2670 2542 2725 2594; x_wconf 83' lang='grc' dir='ltr'>δέ</span> <span class='ocrx_word' id='word_1_413' title='bbox 2753 2560 2804 2594; x_wconf 90' lang='grc' dir='ltr'><strong>τι</strong></span> <span class='ocrx_word' id='word_1_414' title='bbox 2846 2539 2968 2593; x_wconf 86' lang='grc' dir='ltr'>καθ’</span> <span class='ocrx_word' id='word_1_415' title='bbox 3003 2537 3192 2592; x_wconf 82' lang='grc' dir='ltr'>ἑαυτὸν</span> <span class='ocrx_word' id='word_1_416' title='bbox 3227 2536 3371 2599; x_wconf 76' lang='grc' dir='ltr'>ἰδίως</span> <span class='ocrx_word' id='word_1_417' title='bbox 3404 2535 3693 2604; x_wconf 75' lang='grc' dir='ltr'>ύπὰρχωνς</span> 
     </span>
    </p>
   </div>
   <div class='ocr_carea' id='block_1_57' title="bbox 2134 2620 3698 2707">
    <p class='ocr_par' dir='ltr' id='par_1_57' title="bbox 2134 2620 3698 2707">
     <span class='ocr_line' id='line_1_57' title="bbox 2134 2620 3698 2707; baseline -0.01 -16"><span class='ocrx_word' id='word_1_418' title='bbox 2134 2635 2461 2707; x_wconf 78' lang='grc' dir='ltr'>’Υφεστάναι</span> <span class='ocrx_word' id='word_1_419' title='bbox 2499 2634 2606 2704; x_wconf 84' lang='grc' dir='ltr'><strong>γὰρ</strong></span> <span class='ocrx_word' id='word_1_420' title='bbox 2641 2631 2860 2693; x_wconf 76' lang='grc' dir='ltr'>πάντως</span> <span class='ocrx_word' id='word_1_421' title='bbox 2885 2628 3312 2699; x_wconf 77' lang='grc' dir='ltr'>ὁμολογήσουσιν</span> <span class='ocrx_word' id='word_1_422' title='bbox 3344 2623 3527 2677; x_wconf 76' lang='grc' dir='ltr'>αὐτόν.</span> <span class='ocrx_word' id='word_1_423' title='bbox 3566 2620 3698 2675; x_wconf 73' lang='grc' dir='ltr'>Εἶτα</span> 
     </span>
    </p>
   </div>
   <div class='ocr_carea' id='block_1_58' title="bbox 2125 2713 3698 2794">
    <p class='ocr_par' dir='ltr' id='par_1_58' title="bbox 2125 2713 3698 2794">
     <span class='ocr_line' id='line_1_58' title="bbox 2125 2713 3698 2794; baseline -0.013 -11"><span class='ocrx_word' id='word_1_424' title='bbox 2125 2731 2176 2783; x_wconf 85' lang='grc' dir='ltr'><strong>τί</strong></span> <span class='ocrx_word' id='word_1_425' title='bbox 2219 2729 2281 2782; x_wconf 90' lang='grc' dir='ltr'><strong>τὸ</strong></span> <span class='ocrx_word' id='word_1_426' title='bbox 2321 2727 2481 2781; x_wconf 76' lang='grc' dir='ltr'>πλέον</span> <span class='ocrx_word' id='word_1_427' title='bbox 2522 2727 2581 2778; x_wconf 84' lang='grc' dir='ltr'>ἐν</span> <span class='ocrx_word' id='word_1_428' title='bbox 2610 2722 2757 2793; x_wconf 77' lang='grc' dir='ltr'>αὐτῷ</span> <span class='ocrx_word' id='word_1_429' title='bbox 2790 2719 2942 2794; x_wconf 80' lang='grc' dir='ltr'>παρὰ</span> <span class='ocrx_word' id='word_1_430' title='bbox 2971 2719 3070 2789; x_wconf 78' lang='grc' dir='ltr'><strong>τὴν</strong></span> <span class='ocrx_word' id='word_1_431' title='bbox 3113 2717 3289 2770; x_wconf 83' lang='grc' dir='ltr'>κτίσιν</span> <span class='ocrx_word' id='word_1_432' title='bbox 3317 2717 3566 2784; x_wconf 78' lang='grc' dir='ltr'>φανεῖται</span> <span class='ocrx_word' id='word_1_433' title='bbox 3597 2713 3698 2765; x_wconf 89' lang='grc' dir='ltr'>λοι-</span> 
     </span>
    </p>
   </div>
   <div class='ocr_carea' id='block_1_59' title="bbox 2125 2795 3699 2888">
    <p class='ocr_par' dir='ltr' id='par_1_59' title="bbox 2125 2795 3699 2888">
     <span class='ocr_line' id='line_1_59' title="bbox 2125 2795 3699 2888; baseline -0.011 -14"><span class='ocrx_word' id='word_1_434' title='bbox 2125 2819 2223 2874; x_wconf 84' lang='grc' dir='ltr'><strong>πόν</strong></span> <span class='ocrx_word' id='word_1_435' title='bbox 2249 2836 2262 2885; x_wconf 91' lang='lat'><strong>;</strong></span> <span class='ocrx_word' id='word_1_436' title='bbox 2297 2819 2368 2872; x_wconf 87' lang='grc' dir='ltr'><em>Ἢ</em></span> <span class='ocrx_word' id='word_1_437' title='bbox 2399 2817 2508 2888; x_wconf 75' lang='grc' dir='ltr'><strong>γὰρ</strong></span> <span class='ocrx_word' id='word_1_438' title='bbox 2536 2815 2656 2885; x_wconf 72' lang='grc' dir='ltr'>οὐχὶ</span> <span class='ocrx_word' id='word_1_439' title='bbox 2689 2795 2783 2867; x_wconf 67' lang='grc' dir='ltr'><strong>καί</strong></span> <span class='ocrx_word' id='word_1_440' title='bbox 2806 2811 3073 2880; x_wconf 79' lang='grc' dir='ltr'>ἀγγέλους</span> <span class='ocrx_word' id='word_1_441' title='bbox 3096 2808 3459 2876; x_wconf 81' lang='grc' dir='ltr'>πιστεύσομεν</span> <span class='ocrx_word' id='word_1_442' title='bbox 3481 2805 3615 2877; x_wconf 86' lang='grc' dir='ltr'>πρὸς</span> <span class='ocrx_word' id='word_1_443' title='bbox 3637 2804 3699 2857; x_wconf 85' lang='grc' dir='ltr'><strong>τὸ</strong></span> 
     </span>
    </p>
   </div>
   <div class='ocr_carea' id='block_1_60' title="bbox 2125 2895 3699 2974">
    <p class='ocr_par' dir='ltr' id='par_1_60' title="bbox 2125 2895 3699 2974">
     <span class='ocr_line' id='line_1_60' title="bbox 2125 2895 3699 2974; baseline -0.011 -8"><span class='ocrx_word' id='word_1_444' title='bbox 2125 2913 2265 2966; x_wconf 85' lang='grc' dir='ltr'>θεῖον</span> <span class='ocrx_word' id='word_1_445' title='bbox 2307 2911 2532 2972; x_wconf 70' lang='grc' dir='ltr'>ἑαυτοὺς</span> <span class='ocrx_word' id='word_1_446' title='bbox 2576 2903 2893 2974; x_wconf 78' lang='grc' dir='ltr'>ἐπείγεσθαι</span> <span class='ocrx_word' id='word_1_447' title='bbox 2930 2902 3280 2971; x_wconf 81' lang='grc' dir='ltr'>διαπράττειν</span> <span class='ocrx_word' id='word_1_448' title='bbox 3312 2898 3546 2966; x_wconf 81' lang='grc' dir='ltr'>θέλημα,</span> <span class='ocrx_word' id='word_1_449' title='bbox 3579 2895 3699 2949; x_wconf 73' lang='grc' dir='ltr'>ἔτε-</span> 
     </span>
    </p>
   </div>
   <div class='ocr_carea' id='block_1_61' title="bbox 2130 2987 3701 3075">
    <p class='ocr_par' dir='ltr' id='par_1_61' title="bbox 2130 2987 3701 3075">
     <span class='ocr_line' id='line_1_61' title="bbox 2130 2987 3701 3075; baseline -0.012 -17"><span class='ocrx_word' id='word_1_450' title='bbox 2130 3005 2219 3075; x_wconf 86' lang='grc' dir='ltr'><strong>ρόν</strong></span> <span class='ocrx_word' id='word_1_451' title='bbox 2245 3021 2295 3057; x_wconf 91' lang='grc' dir='ltr'><strong>τι</strong></span> <span class='ocrx_word' id='word_1_452' title='bbox 2319 3001 2468 3072; x_wconf 81' lang='grc' dir='ltr'><strong>παρά</strong></span> <span class='ocrx_word' id='word_1_453' title='bbox 2501 3000 2590 3052; x_wconf 90' lang='grc' dir='ltr'><strong>τὸν</strong></span> <span class='ocrx_word' id='word_1_454' title='bbox 2614 2998 2745 3051; x_wconf 83' lang='grc' dir='ltr'>Θεὸν</span> <span class='ocrx_word' id='word_1_455' title='bbox 2778 2994 2917 3049; x_wconf 87' lang='grc' dir='ltr'><strong>κατά</strong></span> <span class='ocrx_word' id='word_1_456' title='bbox 2953 2993 3113 3064; x_wconf 81' lang='grc' dir='ltr'>φύσιν</span> <span class='ocrx_word' id='word_1_457' title='bbox 3142 2991 3484 3062; x_wconf 82' lang='grc' dir='ltr'>ὑπάρχοντας</span> <span class='ocrx_word' id='word_1_458' title='bbox 3511 3005 3524 3052; x_wconf 89' lang='lat'><strong>;</strong></span> <span class='ocrx_word' id='word_1_459' title='bbox 3555 2987 3620 3040; x_wconf 87' lang='grc' dir='ltr'>Τί</span> <span class='ocrx_word' id='word_1_460' title='bbox 3641 2987 3701 3040; x_wconf 73' lang='grc' dir='ltr'>δὲ</span> 
     </span>
    </p>
   </div>
   <div class='ocr_carea' id='block_1_62' title="bbox 452 3076 2026 3170">
    <p class='ocr_par' dir='ltr' id='par_1_62' title="bbox 452 3076 2026 3150">
     <span class='ocr_line' id='line_1_62' title="bbox 452 3076 2026 3150; baseline 0.004 -20"><span class='ocrx_word' id='word_1_461' title='bbox 452 3076 598 3130; x_wconf 89' lang='lat' dir='ltr'><strong>enim</strong></span> <span class='ocrx_word' id='word_1_462' title='bbox 634 3078 826 3147; x_wconf 90' lang='lat' dir='ltr'><strong>procul</strong></span> <span class='ocrx_word' id='word_1_463' title='bbox 858 3078 1024 3133; x_wconf 92' lang='lat' dir='ltr'><strong>dubio</strong></span> <span class='ocrx_word' id='word_1_464' title='bbox 1062 3078 1198 3133; x_wconf 89' lang='lat' dir='ltr'><strong>nihil</strong></span> <span class='ocrx_word' id='word_1_465' title='bbox 1227 3087 1311 3134; x_wconf 86' lang='lat' dir='ltr'><strong>est</strong></span> <span class='ocrx_word' id='word_1_466' title='bbox 1357 3079 1504 3134; x_wconf 83' lang='lat' dir='ltr'><strong>aliud</strong></span> <span class='ocrx_word' id='word_1_467' title='bbox 1537 3095 1701 3150; x_wconf 91' lang='lat' dir='ltr'><strong>quam</strong></span> <span class='ocrx_word' id='word_1_468' title='bbox 1736 3081 1895 3136; x_wconf 89' lang='lat' dir='ltr'><strong>nobis</strong></span> <span class='ocrx_word' id='word_1_469' title='bbox 1920 3082 2026 3136; x_wconf 90' lang='lat' dir='ltr'><strong>uti-</strong></span> 
     </span>
    </p>
   </div>
   <div class='ocr_carea' id='block_1_63' title="bbox 2128 3076 3704 3170">
    <p class='ocr_par' dir='ltr' id='par_1_63' title="bbox 2128 3077 3704 3161">
     <span class='ocr_line' id='line_1_63' title="bbox 2128 3077 3704 3161; baseline -0.012 -12"><span class='ocrx_word' id='word_1_470' title='bbox 2128 3097 2253 3149; x_wconf 86' lang='grc' dir='ltr'>’όταν</span> <span class='ocrx_word' id='word_1_471' title='bbox 2282 3094 2375 3147; x_wconf 72' lang='grc' dir='ltr'><strong>καὶ</strong></span> <span class='ocrx_word' id='word_1_472' title='bbox 2405 3093 2488 3160; x_wconf 69' lang='grc' dir='ltr'><strong>ἐφ’</strong></span> <span class='ocrx_word' id='word_1_473' title='bbox 2521 3089 2678 3161; x_wconf 77' lang='grc' dir='ltr'>ἡμῶν</span> <span class='ocrx_word' id='word_1_474' title='bbox 2705 3087 2895 3156; x_wconf 78' lang='grc' dir='ltr'>νοῆται</span> <span class='ocrx_word' id='word_1_475' title='bbox 2943 3085 3003 3137; x_wconf 91' lang='grc' dir='ltr'><strong>τὸ</strong></span> <span class='ocrx_word' id='word_1_476' title='bbox 3039 3082 3364 3154; x_wconf 77' lang='grc' dir='ltr'>εἰρημένον;</span> <span class='ocrx_word' id='word_1_477' title='bbox 3411 3077 3557 3150; x_wconf 68' lang='grc' dir='ltr'><strong>τΑρα</strong></span> <span class='ocrx_word' id='word_1_478' title='bbox 3591 3077 3704 3148; x_wconf 80' lang='grc' dir='ltr'><strong>γὰρ</strong></span> 
     </span>
    </p>
   </div>
   <div class='ocr_carea' id='block_1_64' title="bbox 454 3169 2026 3243">
    <p class='ocr_par' dir='ltr' id='par_1_64' title="bbox 454 3169 2026 3243">
     <span class='ocr_line' id='line_1_64' title="bbox 454 3169 2026 3243; baseline 0.003 -20"><span class='ocrx_word' id='word_1_479' title='bbox 454 3185 560 3240; x_wconf 89' lang='lat' dir='ltr'><strong>que</strong></span> <span class='ocrx_word' id='word_1_480' title='bbox 585 3169 994 3240; x_wconf 87' lang='lat' dir='ltr'><strong>suscipiendam</strong></span> <span class='ocrx_word' id='word_1_481' title='bbox 1034 3186 1159 3227; x_wconf 83' lang='lat' dir='ltr'><strong>esse</strong></span> <span class='ocrx_word' id='word_1_482' title='bbox 1195 3172 1378 3226; x_wconf 87' lang='lat' dir='ltr'><strong>Patris</strong></span> <span class='ocrx_word' id='word_1_483' title='bbox 1408 3172 1702 3243; x_wconf 86' lang='lat' dir='ltr'><strong>imaginem</strong></span> <span class='ocrx_word' id='word_1_484' title='bbox 1736 3187 1857 3242; x_wconf 73' lang='lat' dir='ltr'><strong>qua:</strong></span> <span class='ocrx_word' id='word_1_485' title='bbox 1891 3187 2026 3227; x_wconf 87' lang='lat' dir='ltr'><strong>con-</strong></span> 
     </span>
    </p>
   </div>
   <div class='ocr_carea' id='block_1_65' title="bbox 455 3261 2029 3319">
    <p class='ocr_par' dir='ltr' id='par_1_65' title="bbox 455 3261 2029 3319">
     <span class='ocr_line' id='line_1_65' title="bbox 455 3261 2029 3319; baseline 0.001 -3"><span class='ocrx_word' id='word_1_486' title='bbox 455 3261 605 3316; x_wconf 88' lang='lat' dir='ltr'><strong>sistit</strong></span> <span class='ocrx_word' id='word_1_487' title='bbox 654 3262 709 3314; x_wconf 88' lang='lat' dir='ltr'><strong>in</strong></span> <span class='ocrx_word' id='word_1_488' title='bbox 748 3261 1092 3315; x_wconf 81' lang='lat' dir='ltr'><strong>voluntatum</strong></span> <span class='ocrx_word' id='word_1_489' title='bbox 1143 3261 1447 3318; x_wconf 85' lang='lat' dir='ltr'><strong>identitate.</strong></span> <span class='ocrx_word' id='word_1_490' title='bbox 1489 3264 1558 3317; x_wconf 84' lang='lat' dir='ltr'><strong>At</strong></span> <span class='ocrx_word' id='word_1_491' title='bbox 1605 3262 1810 3318; x_wconf 88' lang='lat' dir='ltr'><strong>Paulus</strong></span> <span class='ocrx_word' id='word_1_492' title='bbox 1863 3264 2029 3319; x_wconf 89' lang='lat' dir='ltr'><strong>etiam</strong></span> 
     </span>
    </p>
   </div>
   <div class='ocr_carea' id='block_1_66' title="bbox 455 3351 2031 3427">
    <p class='ocr_par' dir='ltr' id='par_1_66' title="bbox 455 3351 2031 3427">
     <span class='ocr_line' id='line_1_66' title="bbox 455 3351 2031 3427; baseline 0.003 -21"><span class='ocrx_word' id='word_1_493' title='bbox 455 3353 706 3407; x_wconf 85' lang='lat' dir='ltr'><strong>imitator</strong></span> <span class='ocrx_word' id='word_1_494' title='bbox 753 3351 855 3407; x_wconf 90' lang='lat' dir='ltr'><strong>fuit</strong></span> <span class='ocrx_word' id='word_1_495' title='bbox 889 3352 1118 3417; x_wconf 87' lang='lat' dir='ltr'><strong>Christi,</strong></span> <span class='ocrx_word' id='word_1_496' title='bbox 1153 3354 1268 3422; x_wconf 91' lang='lat' dir='ltr'><strong>qui,</strong></span> <span class='ocrx_word' id='word_1_497' title='bbox 1307 3361 1366 3408; x_wconf 94' lang='lat' dir='ltr'><strong>ut</strong></span> <span class='ocrx_word' id='word_1_498' title='bbox 1401 3354 1479 3409; x_wconf 90' lang='lat' dir='ltr'><strong>illi</strong></span> <span class='ocrx_word' id='word_1_499' title='bbox 1521 3361 1824 3427; x_wconf 70' lang='lat' dir='ltr'><strong>‘nugantur,</strong></span> <span class='ocrx_word' id='word_1_500' title='bbox 1853 3356 2031 3427; x_wconf 82' lang='lat' dir='ltr'><strong>imago</strong></span> 
     </span>
    </p>
   </div>
   <div class='ocr_carea' id='block_1_67' title="bbox 456 3441 2032 3507">
    <p class='ocr_par' dir='ltr' id='par_1_67' title="bbox 456 3441 2032 3507">
     <span class='ocr_line' id='line_1_67' title="bbox 456 3441 2032 3507; baseline 0.003 -9"><span class='ocrx_word' id='word_1_501' title='bbox 456 3451 542 3500; x_wconf 89' lang='lat' dir='ltr'><strong>est</strong></span> <span class='ocrx_word' id='word_1_502' title='bbox 572 3441 774 3507; x_wconf 85' lang='lat' dir='ltr'><strong>Patris,</strong></span> <span class='ocrx_word' id='word_1_503' title='bbox 811 3443 867 3497; x_wconf 94' lang='lat' dir='ltr'><strong>in</strong></span> <span class='ocrx_word' id='word_1_504' title='bbox 909 3443 1025 3498; x_wconf 89' lang='lat' dir='ltr'><strong>sola</strong></span> <span class='ocrx_word' id='word_1_505' title='bbox 1061 3443 1409 3500; x_wconf 81' lang='lat' dir='ltr'><strong>voluntatum</strong></span> <span class='ocrx_word' id='word_1_506' title='bbox 1443 3443 1806 3503; x_wconf 87' lang='lat' dir='ltr'><strong>similitudine</strong></span> <span class='ocrx_word' id='word_1_507' title='bbox 1849 3449 2032 3503; x_wconf 87' lang='lat' dir='ltr'><strong>consi-</strong></span> 
     </span>
    </p>
   </div>
   <div class='ocr_carea' id='block_1_68' title="bbox 459 3533 2029 3608">
    <p class='ocr_par' dir='ltr' id='par_1_68' title="bbox 459 3533 2029 3608">
     <span class='ocr_line' id='line_1_68' title="bbox 459 3533 2029 3608; baseline 0.003 -19"><span class='ocrx_word' id='word_1_508' title='bbox 459 3542 634 3590; x_wconf 88' lang='lat' dir='ltr'><strong>stens.</strong></span> <span class='ocrx_word' id='word_1_509' title='bbox 659 3533 768 3589; x_wconf 87' lang='lat' dir='ltr'><strong>Sed</strong></span> <span class='ocrx_word' id='word_1_510' title='bbox 810 3534 1046 3602; x_wconf 87' lang='lat' dir='ltr'><strong>relictis,</strong></span> <span class='ocrx_word' id='word_1_511' title='bbox 1081 3536 1296 3605; x_wconf 90' lang='lat' dir='ltr'><strong>opinor,</strong></span> <span class='ocrx_word' id='word_1_512' title='bbox 1324 3536 1478 3592; x_wconf 88' lang='lat' dir='ltr'><strong>hisce</strong></span> <span class='ocrx_word' id='word_1_513' title='bbox 1523 3537 1745 3594; x_wconf 87' lang='lat' dir='ltr'><strong>miseris</strong></span> <span class='ocrx_word' id='word_1_514' title='bbox 1775 3539 2029 3608; x_wconf 90' lang='lat' dir='ltr'><strong>argutiis,</strong></span> 
     </span>
    </p>
   </div>
   <div class='ocr_carea' id='block_1_69' title="bbox 459 3624 2032 3699">
    <p class='ocr_par' dir='ltr' id='par_1_69' title="bbox 459 3624 2032 3699">
     <span class='ocr_line' id='line_1_69' title="bbox 459 3624 2032 3699; baseline 0.003 -22"><span class='ocrx_word' id='word_1_515' title='bbox 459 3624 610 3680; x_wconf 87' lang='lat' dir='ltr'><strong>aliud</strong></span> <span class='ocrx_word' id='word_1_516' title='bbox 659 3624 920 3694; x_wconf 88' lang='lat' dir='ltr'><strong>quiddam</strong></span> <span class='ocrx_word' id='word_1_517' title='bbox 973 3625 1154 3694; x_wconf 86' lang='lat' dir='ltr'><strong>majus</strong></span> <span class='ocrx_word' id='word_1_518' title='bbox 1195 3640 1259 3681; x_wconf 91' lang='lat' dir='ltr'><strong>ac</strong></span> <span class='ocrx_word' id='word_1_519' title='bbox 1302 3627 1619 3696; x_wconf 87' lang='lat' dir='ltr'><strong>praeclarius</strong></span> <span class='ocrx_word' id='word_1_520' title='bbox 1670 3629 2032 3699; x_wconf 82' lang='lat' dir='ltr'><strong>excogitaturi</strong></span> 
     </span>
    </p>
   </div>
   <div class='ocr_carea' id='block_1_70' title="bbox 459 3715 2034 3787">
    <p class='ocr_par' dir='ltr' id='par_1_70' title="bbox 459 3715 2034 3787">
     <span class='ocr_line' id='line_1_70' title="bbox 459 3715 2034 3787; baseline 0.003 -17"><span class='ocrx_word' id='word_1_521' title='bbox 459 3725 628 3781; x_wconf 89' lang='lat' dir='ltr'><strong>sunt,</strong></span> <span class='ocrx_word' id='word_1_522' title='bbox 687 3716 984 3786; x_wconf 86' lang='lat' dir='ltr'><strong>dicentque</strong></span> <span class='ocrx_word' id='word_1_523' title='bbox 1020 3715 1374 3787; x_wconf 87' lang='lat' dir='ltr'><strong>Unigenitum</strong></span> <span class='ocrx_word' id='word_1_524' title='bbox 1424 3733 1550 3774; x_wconf 89' lang='lat' dir='ltr'><strong>esse</strong></span> <span class='ocrx_word' id='word_1_525' title='bbox 1596 3718 1690 3775; x_wconf 89' lang='lat' dir='ltr'><strong>Dei</strong></span> <span class='ocrx_word' id='word_1_526' title='bbox 1735 3734 1802 3774; x_wconf 89' lang='lat' dir='ltr'><strong>ac</strong></span> <span class='ocrx_word' id='word_1_527' title='bbox 1851 3719 2034 3776; x_wconf 88' lang='lat' dir='ltr'><strong>Patris</strong></span> 
     </span>
    </p>
   </div>
   <div class='ocr_carea' id='block_1_71' title="bbox 457 3807 2034 3883">
    <p class='ocr_par' dir='ltr' id='par_1_71' title="bbox 457 3807 2034 3883">
     <span class='ocr_line' id='line_1_71' title="bbox 457 3807 2034 3883; baseline 0.004 -22"><span class='ocrx_word' id='word_1_528' title='bbox 457 3807 784 3878; x_wconf 87' lang='lat' dir='ltr'><strong>imaginem,</strong></span> <span class='ocrx_word' id='word_1_529' title='bbox 833 3808 1012 3879; x_wconf 90' lang='lat' dir='ltr'><strong>quoad</strong></span> <span class='ocrx_word' id='word_1_530' title='bbox 1052 3809 1393 3864; x_wconf 89' lang='lat' dir='ltr'><strong>voluntatum</strong></span> <span class='ocrx_word' id='word_1_531' title='bbox 1444 3809 1817 3878; x_wconf 89' lang='lat' dir='ltr'><strong>identitatem,</strong></span> <span class='ocrx_word' id='word_1_532' title='bbox 1852 3813 2034 3883; x_wconf 91' lang='lat' dir='ltr'><strong>quoad</strong></span> 
     </span>
    </p>
   </div>
   <div class='ocr_carea' id='block_1_72' title="bbox 459 3898 2035 3971">
    <p class='ocr_par' dir='ltr' id='par_1_72' title="bbox 459 3898 2035 3971">
     <span class='ocr_line' id='line_1_72' title="bbox 459 3898 2035 3971; baseline 0.002 -17"><span class='ocrx_word' id='word_1_533' title='bbox 459 3898 818 3970; x_wconf 90' lang='lat' dir='ltr'><strong>dignitatem,</strong></span> <span class='ocrx_word' id='word_1_534' title='bbox 879 3899 1109 3970; x_wconf 91' lang='lat' dir='ltr'><strong>gloriam</strong></span> <span class='ocrx_word' id='word_1_535' title='bbox 1165 3914 1230 3955; x_wconf 91' lang='lat' dir='ltr'><strong>ac</strong></span> <span class='ocrx_word' id='word_1_536' title='bbox 1281 3907 1609 3971; x_wconf 88' lang='lat' dir='ltr'><strong>potestatem</strong></span> <span class='ocrx_word' id='word_1_537' title='bbox 1658 3902 1930 3971; x_wconf 86' lang='lat' dir='ltr'><strong>divinam,</strong></span> <span class='ocrx_word' id='word_1_538' title='bbox 1979 3910 2035 3959; x_wconf 90' lang='lat' dir='ltr'><strong>et</strong></span> 
     </span>
    </p>
   </div>
   <div class='ocr_carea' id='block_1_73' title="bbox 458 3993 2013 4063">
    <p class='ocr_par' dir='ltr' id='par_1_73' title="bbox 458 3993 2013 4063">
     <span class='ocr_line' id='line_1_73' title="bbox 458 3993 2013 4063; baseline 0.001 -15"><span class='ocrx_word' id='word_1_539' title='bbox 458 3993 682 4048; x_wconf 88' lang='lat' dir='ltr'><strong>creandi</strong></span> <span class='ocrx_word' id='word_1_540' title='bbox 735 3993 876 4059; x_wconf 91' lang='lat' dir='ltr'><strong>vim,</strong></span> <span class='ocrx_word' id='word_1_541' title='bbox 924 4008 988 4048; x_wconf 91' lang='lat' dir='ltr'><strong>ac</strong></span> <span class='ocrx_word' id='word_1_542' title='bbox 1039 3993 1435 4050; x_wconf 79' lang='lat' dir='ltr'><strong>miraculorum</strong></span> <span class='ocrx_word' id='word_1_543' title='bbox 1492 3995 1901 4063; x_wconf 85' lang='lat' dir='ltr'><strong>operationem,</strong></span> <span class='ocrx_word' id='word_1_544' title='bbox 1957 4005 2013 4051; x_wconf 92' lang='lat' dir='ltr'><strong>et</strong></span> 
     </span>
    </p>
   </div>
   <div class='ocr_carea' id='block_1_74' title="bbox 461 4083 2037 4158">
    <p class='ocr_par' dir='ltr' id='par_1_74' title="bbox 461 4083 2037 4158">
     <span class='ocr_line' id='line_1_74' title="bbox 461 4083 2037 4158; baseline 0.002 -20"><span class='ocrx_word' id='word_1_545' title='bbox 461 4084 845 4141; x_wconf 85' lang='lat' dir='ltr'><strong>universorum</strong></span> <span class='ocrx_word' id='word_1_546' title='bbox 894 4083 1344 4150; x_wconf 88' lang='lat' dir='ltr'><strong>dominationem,</strong></span> <span class='ocrx_word' id='word_1_547' title='bbox 1383 4093 1440 4140; x_wconf 91' lang='lat' dir='ltr'><strong>et</strong></span> <span class='ocrx_word' id='word_1_548' title='bbox 1481 4085 1537 4139; x_wconf 91' lang='lat' dir='ltr'><strong>in</strong></span> <span class='ocrx_word' id='word_1_549' title='bbox 1571 4095 1835 4156; x_wconf 90' lang='lat' dir='ltr'><strong>quantum</strong></span> <span class='ocrx_word' id='word_1_550' title='bbox 1865 4087 2037 4158; x_wconf 80' lang='lat' dir='ltr'><strong>judex</strong></span> 
     </span>
    </p>
   </div>
   <div class='ocr_carea' id='block_1_75' title="bbox 459 4174 2034 4246">
    <p class='ocr_par' dir='ltr' id='par_1_75' title="bbox 459 4174 2034 4246">
     <span class='ocr_line' id='line_1_75' title="bbox 459 4174 2034 4246; baseline 0.002 -17"><span class='ocrx_word' id='word_1_551' title='bbox 459 4176 802 4231; x_wconf 88' lang='lat' dir='ltr'><strong>constitutus</strong></span> <span class='ocrx_word' id='word_1_552' title='bbox 829 4183 946 4239; x_wconf 88' lang='lat' dir='ltr'><strong>est,</strong></span> <span class='ocrx_word' id='word_1_553' title='bbox 989 4182 1155 4245; x_wconf 91' lang='lat' dir='ltr'><strong>atque</strong></span> <span class='ocrx_word' id='word_1_554' title='bbox 1184 4174 1255 4230; x_wconf 87' lang='lat' dir='ltr'><strong>ab</strong></span> <span class='ocrx_word' id='word_1_555' title='bbox 1296 4174 1542 4246; x_wconf 84' lang='lat' dir='ltr'><strong>angelis,</strong></span> <span class='ocrx_word' id='word_1_556' title='bbox 1588 4185 1644 4231; x_wconf 91' lang='lat' dir='ltr'><strong>et</strong></span> <span class='ocrx_word' id='word_1_557' title='bbox 1683 4176 2034 4242; x_wconf 78' lang='lat' dir='ltr'><strong>hominibus,</strong></span> 
     </span>
    </p>
   </div>
   <div class='ocr_carea' id='block_1_76' title="bbox 433 4263 2033 4334">
    <p class='ocr_par' dir='ltr' id='par_1_76' title="bbox 433 4263 2033 4334">
     <span class='ocr_line' id='line_1_76' title="bbox 433 4263 2033 4334; baseline 0.003 -16"><span class='ocrx_word' id='word_1_558' title='bbox 433 4266 760 4334; x_wconf 82' lang='lat' dir='ltr'><strong>‘omnique,</strong></span> <span class='ocrx_word' id='word_1_559' title='bbox 813 4272 874 4319; x_wconf 88' lang='lat' dir='ltr'><strong>ut</strong></span> <span class='ocrx_word' id='word_1_560' title='bbox 929 4265 1099 4322; x_wconf 87' lang='lat' dir='ltr'><strong>verbo</strong></span> <span class='ocrx_word' id='word_1_561' title='bbox 1161 4263 1375 4332; x_wconf 88' lang='lat' dir='ltr'><strong>dicam,</strong></span> <span class='ocrx_word' id='word_1_562' title='bbox 1438 4273 1692 4321; x_wconf 89' lang='lat' dir='ltr'><strong>creatura</strong></span> <span class='ocrx_word' id='word_1_563' title='bbox 1752 4266 2033 4322; x_wconf 88' lang='lat' dir='ltr'><strong>adoratur.</strong></span> 
     </span>
    </p>
   </div>
   <div class='ocr_carea' id='block_1_77' title="bbox 463 4353 2036 4419">
    <p class='ocr_par' dir='ltr' id='par_1_77' title="bbox 463 4353 2036 4419">
     <span class='ocr_line' id='line_1_77' title="bbox 463 4353 2036 4419; baseline 0.004 -14"><span class='ocrx_word' id='word_1_564' title='bbox 463 4353 676 4419; x_wconf 83' lang='lat' dir='ltr'><strong>Quibus</strong></span> <span class='ocrx_word' id='word_1_565' title='bbox 726 4369 792 4408; x_wconf 81' lang='lat' dir='ltr'><strong>ex</strong></span> <span class='ocrx_word' id='word_1_566' title='bbox 847 4355 1106 4410; x_wconf 90' lang='lat' dir='ltr'><strong>omnibus</strong></span> <span class='ocrx_word' id='word_1_567' title='bbox 1154 4353 1370 4410; x_wconf 88' lang='lat' dir='ltr'><strong>Patrem</strong></span> <span class='ocrx_word' id='word_1_568' title='bbox 1421 4355 1584 4412; x_wconf 88' lang='lat' dir='ltr'><strong>nobis</strong></span> <span class='ocrx_word' id='word_1_569' title='bbox 1641 4357 1938 4413; x_wconf 87' lang='lat' dir='ltr'><strong>ostendens</strong></span> <span class='ocrx_word' id='word_1_570' title='bbox 1981 4358 2036 4411; x_wconf 92' lang='lat' dir='ltr'><strong>in</strong></span> 
     </span>
    </p>
   </div>
   <div class='ocr_carea' id='block_1_78' title="bbox 2129 3170 3704 3255">
    <p class='ocr_par' dir='ltr' id='par_1_78' title="bbox 2129 3170 3704 3255">
     <span class='ocr_line' id='line_1_78' title="bbox 2129 3170 3704 3255; baseline -0.012 -15"><span class='ocrx_word' id='word_1_571' title='bbox 2129 3189 2241 3250; x_wconf 87' lang='grc' dir='ltr'>τοῖς</span> <span class='ocrx_word' id='word_1_572' title='bbox 2291 3185 2430 3255; x_wconf 80' lang='grc' dir='ltr'>ὑπὲρ</span> <span class='ocrx_word' id='word_1_573' title='bbox 2482 3183 2642 3253; x_wconf 81' lang='grc' dir='ltr'>φύσιν</span> <span class='ocrx_word' id='word_1_574' title='bbox 2697 3178 3021 3252; x_wconf 83' lang='grc' dir='ltr'>παραλόγως</span> <span class='ocrx_word' id='word_1_575' title='bbox 3080 3175 3388 3246; x_wconf 77' lang='grc' dir='ltr'>ὲπιπηδᾷν,</span> <span class='ocrx_word' id='word_1_576' title='bbox 3449 3173 3544 3225; x_wconf 70' lang='grc' dir='ltr'><strong>καὶ</strong></span> <span class='ocrx_word' id='word_1_577' title='bbox 3593 3170 3704 3222; x_wconf 80' lang='grc' dir='ltr'>τῶν</span> 
     </span>
    </p>
   </div>
   <div class='ocr_carea' id='block_1_79' title="bbox 2131 3261 3705 3344">
    <p class='ocr_par' dir='ltr' id='par_1_79' title="bbox 2131 3261 3705 3344">
     <span class='ocr_line' id='line_1_79' title="bbox 2131 3261 3705 3344; baseline -0.013 -12"><span class='ocrx_word' id='word_1_578' title='bbox 2131 3277 2404 3332; x_wconf 83' lang='grc' dir='ltr'>ἀδυνάτων</span> <span class='ocrx_word' id='word_1_579' title='bbox 2445 3272 2692 3344; x_wconf 75' lang='grc' dir='ltr'>ἐφίεσθαι</span> <span class='ocrx_word' id='word_1_580' title='bbox 2743 3270 2984 3325; x_wconf 78' lang='grc' dir='ltr'>διδάσκει</span> <span class='ocrx_word' id='word_1_581' title='bbox 3027 3267 3201 3335; x_wconf 81' lang='grc' dir='ltr'>λέγων</span> <span class='ocrx_word' id='word_1_582' title='bbox 3245 3262 3406 3326; x_wconf 75' lang='grc' dir='ltr'>αὐτὸς</span> <span class='ocrx_word' id='word_1_583' title='bbox 3452 3263 3481 3314; x_wconf 87' lang='lat'><strong>6</strong></span> <span class='ocrx_word' id='word_1_584' title='bbox 3529 3261 3705 3313; x_wconf 83' lang='grc' dir='ltr'>Μονο-</span> 
     </span>
    </p>
   </div>
   <div class='ocr_carea' id='block_1_80' title="bbox 2131 3347 3706 3436">
    <p class='ocr_par' dir='ltr' id='par_1_80' title="bbox 2131 3347 3706 3436">
     <span class='ocr_line' id='line_1_80' title="bbox 2131 3347 3706 3436; baseline -0.013 -17"><span class='ocrx_word' id='word_1_585' title='bbox 2131 3367 2324 3436; x_wconf 77' lang='grc' dir='ltr'>γενήςο</span> <span class='ocrx_word' id='word_1_586' title='bbox 2363 3381 2380 3415; x_wconf 80' lang='grc' dir='ltr'><strong>ι</strong></span> <span class='ocrx_word' id='word_1_587' title='bbox 2415 3362 2634 3416; x_wconf 85' lang='grc' dir='ltr'>Γίνεσθε</span> <span class='ocrx_word' id='word_1_588' title='bbox 2674 3359 3048 3430; x_wconf 80' lang='grc' dir='ltr'>οἰκτίρμονες,</span> <span class='ocrx_word' id='word_1_589' title='bbox 3097 3353 3282 3416; x_wconf 88' lang='grc' dir='ltr'>καθὼς</span> <span class='ocrx_word' id='word_1_590' title='bbox 3323 3352 3416 3405; x_wconf 71' lang='grc' dir='ltr'>καὶ</span> <span class='ocrx_word' id='word_1_591' title='bbox 3452 3353 3480 3402; x_wconf 89' lang='lat'><strong>6</strong></span> <span class='ocrx_word' id='word_1_592' title='bbox 3513 3347 3706 3418; x_wconf 78' lang='grc' dir='ltr'>Πατὴρ</span> 
     </span>
    </p>
   </div>
   <div class='ocr_carea' id='block_1_81' title="bbox 2133 3437 3706 3529">
    <p class='ocr_par' dir='ltr' id='par_1_81' title="bbox 2133 3437 3706 3529">
     <span class='ocr_line' id='line_1_81' title="bbox 2133 3437 3706 3529; baseline -0.013 -17"><span class='ocrx_word' id='word_1_593' title='bbox 2133 3459 2286 3529; x_wconf 81' lang='grc' dir='ltr'>ὑμῶν</span> <span class='ocrx_word' id='word_1_594' title='bbox 2327 3459 2356 3509; x_wconf 91' lang='lat'><strong>6</strong></span> <span class='ocrx_word' id='word_1_595' title='bbox 2397 3455 2649 3523; x_wconf 74' lang='grc' dir='ltr'>οὐράνιος</span> <span class='ocrx_word' id='word_1_596' title='bbox 2691 3451 2994 3521; x_wconf 88' lang='grc' dir='ltr'>οἰκτίρμων</span> <span class='ocrx_word' id='word_1_597' title='bbox 3042 3445 3198 3510; x_wconf 86' lang='grc' dir='ltr'>ὲστί;</span> <span class='ocrx_word' id='word_1_598' title='bbox 3235 3463 3254 3495; x_wconf 72' lang='grc' dir='ltr'><strong>ι</strong></span> <span class='ocrx_word' id='word_1_599' title='bbox 3292 3443 3464 3496; x_wconf 89' lang='grc' dir='ltr'>Τοῦτο</span> <span class='ocrx_word' id='word_1_600' title='bbox 3499 3441 3607 3510; x_wconf 79' lang='grc' dir='ltr'><strong>γὰρ</strong></span> <span class='ocrx_word' id='word_1_601' title='bbox 3634 3437 3706 3510; x_wconf 71' lang='grc' dir='ltr'>ἦν</span> 
     </span>
    </p>
   </div>
   <div class='ocr_carea' id='block_1_82' title="bbox 2131 3532 3707 3612">
    <p class='ocr_par' dir='ltr' id='par_1_82' title="bbox 2131 3532 3707 3612">
     <span class='ocr_line' id='line_1_82' title="bbox 2131 3532 3707 3612; baseline -0.015 -8"><span class='ocrx_word' id='word_1_602' title='bbox 2131 3547 2520 3609; x_wconf 86' lang='grc' dir='ltr'>ἀνενδοιάστως</span> <span class='ocrx_word' id='word_1_603' title='bbox 2571 3545 2762 3609; x_wconf 84' lang='grc' dir='ltr'>εἰπεῖν,</span> <span class='ocrx_word' id='word_1_604' title='bbox 2792 3541 2986 3612; x_wconf 83' lang='grc' dir='ltr'>χρῆναι</span> <span class='ocrx_word' id='word_1_605' title='bbox 3037 3537 3118 3591; x_wconf 85' lang='grc' dir='ltr'><strong>δεῖ</strong></span> <span class='ocrx_word' id='word_1_606' title='bbox 3169 3535 3281 3607; x_wconf 56' lang='lat' dir='ltr'><strong>[Ian</strong></span> <span class='ocrx_word' id='word_1_607' title='bbox 3329 3533 3435 3604; x_wconf 77' lang='grc' dir='ltr'><strong>δὴ]</strong></span> <span class='ocrx_word' id='word_1_608' title='bbox 3486 3532 3707 3592; x_wconf 82' lang='grc' dir='ltr'>πάντως</span> 
     </span>
    </p>
   </div>
   <div class='ocr_carea' id='block_1_83' title="bbox 2131 3621 3709 3711">
    <p class='ocr_par' dir='ltr' id='par_1_83' title="bbox 2131 3621 3709 3711">
     <span class='ocr_line' id='line_1_83' title="bbox 2131 3621 3709 3711; baseline -0.013 -18"><span class='ocrx_word' id='word_1_609' title='bbox 2131 3639 2280 3711; x_wconf 79' lang='grc' dir='ltr'>ἡμᾶς</span> <span class='ocrx_word' id='word_1_610' title='bbox 2322 3638 2421 3707; x_wconf 76' lang='grc' dir='ltr'>τὴν</span> <span class='ocrx_word' id='word_1_611' title='bbox 2473 3638 2531 3688; x_wconf 81' lang='grc' dir='ltr'>ὲν</span> <span class='ocrx_word' id='word_1_612' title='bbox 2586 3633 2874 3701; x_wconf 85' lang='grc' dir='ltr'>ταυτότητι</span> <span class='ocrx_word' id='word_1_613' title='bbox 2921 3627 3242 3698; x_wconf 83' lang='grc' dir='ltr'>θελημάτων</span> <span class='ocrx_word' id='word_1_614' title='bbox 3302 3621 3709 3693; x_wconf 74' lang='grc' dir='ltr'>ἀναλαμϐάνειν</span> 
     </span>
    </p>
   </div>
   <div class='ocr_carea' id='block_1_84' title="bbox 2134 3711 3708 3796">
    <p class='ocr_par' dir='ltr' id='par_1_84' title="bbox 2134 3711 3708 3796">
     <span class='ocr_line' id='line_1_84' title="bbox 2134 3711 3708 3796; baseline -0.014 -12"><span class='ocrx_word' id='word_1_615' title='bbox 2134 3730 2319 3785; x_wconf 86' lang='grc' dir='ltr'>εἰκόνα</span> <span class='ocrx_word' id='word_1_616' title='bbox 2356 3728 2450 3781; x_wconf 91' lang='grc' dir='ltr'><strong>τοῦ</strong></span> <span class='ocrx_word' id='word_1_617' title='bbox 2495 3725 2726 3796; x_wconf 84' lang='grc' dir='ltr'>Πατρός.</span> <span class='ocrx_word' id='word_1_618' title='bbox 2763 3721 3024 3794; x_wconf 73' lang='grc' dir='ltr'>Μιμητὴς</span> <span class='ocrx_word' id='word_1_619' title='bbox 3065 3719 3121 3772; x_wconf 84' lang='grc' dir='ltr'>δὲ</span> <span class='ocrx_word' id='word_1_620' title='bbox 3165 3717 3260 3771; x_wconf 67' lang='grc' dir='ltr'>καὶ</span> <span class='ocrx_word' id='word_1_621' title='bbox 3288 3717 3316 3769; x_wconf 88' lang='lat'><strong>6</strong></span> <span class='ocrx_word' id='word_1_622' title='bbox 3346 3714 3557 3776; x_wconf 82' lang='grc' dir='ltr'>Παῦλος</span> <span class='ocrx_word' id='word_1_623' title='bbox 3590 3711 3708 3778; x_wconf 75' lang='grc' dir='ltr'><strong>ἐγί-</strong></span> 
     </span>
    </p>
   </div>
   <div class='ocr_carea' id='block_1_85' title="bbox 2133 3806 3706 3888">
    <p class='ocr_par' dir='ltr' id='par_1_85' title="bbox 2133 3806 3706 3888">
     <span class='ocr_line' id='line_1_85' title="bbox 2133 3806 3706 3888; baseline -0.013 -14"><span class='ocrx_word' id='word_1_624' title='bbox 2133 3838 2256 3874; x_wconf 89' lang='grc' dir='ltr'>νετο</span> <span class='ocrx_word' id='word_1_625' title='bbox 2283 3817 2376 3872; x_wconf 87' lang='grc' dir='ltr'><strong>τοῦ</strong></span> <span class='ocrx_word' id='word_1_626' title='bbox 2409 3815 2665 3888; x_wconf 86' lang='grc' dir='ltr'>Χριστοῦ,</span> <span class='ocrx_word' id='word_1_627' title='bbox 2699 3814 2821 3884; x_wconf 87' lang='grc' dir='ltr'>τῆς,</span> <span class='ocrx_word' id='word_1_628' title='bbox 2869 3813 2944 3876; x_wconf 86' lang='grc' dir='ltr'>ὡς</span> <span class='ocrx_word' id='word_1_629' title='bbox 2969 3812 3163 3864; x_wconf 71' lang='grc' dir='ltr'>ἐκεῖνοι</span> <span class='ocrx_word' id='word_1_630' title='bbox 3192 3806 3485 3877; x_wconf 84' lang='grc' dir='ltr'>ληροῦντές</span> <span class='ocrx_word' id='word_1_631' title='bbox 3516 3820 3706 3888; x_wconf 81' lang='grc' dir='ltr'>φασιν,</span> 
     </span>
    </p>
   </div>
   <div class='ocr_carea' id='block_1_86' title="bbox 2134 3886 3713 3973">
    <p class='ocr_par' dir='ltr' id='par_1_86' title="bbox 2134 3886 3713 3973">
     <span class='ocr_line' id='line_1_86' title="bbox 2134 3886 3713 3973; baseline -0.013 -15"><span class='ocrx_word' id='word_1_632' title='bbox 2134 3907 2192 3958; x_wconf 81' lang='grc' dir='ltr'>ὲν</span> <span class='ocrx_word' id='word_1_633' title='bbox 2221 3886 2487 3973; x_wconf 77' lang='grc' dir='ltr'>θελήμασι</span> <span class='ocrx_word' id='word_1_634' title='bbox 2531 3900 2711 3971; x_wconf 91' lang='grc' dir='ltr'>μόνοις</span> <span class='ocrx_word' id='word_1_635' title='bbox 2756 3897 2962 3959; x_wconf 80' lang='grc' dir='ltr'>εἰκόνος</span> <span class='ocrx_word' id='word_1_636' title='bbox 2999 3893 3092 3948; x_wconf 89' lang='grc' dir='ltr'><strong>τοῦ</strong></span> <span class='ocrx_word' id='word_1_637' title='bbox 3136 3890 3370 3962; x_wconf 87' lang='grc' dir='ltr'>Πατρός.</span> <span class='ocrx_word' id='word_1_638' title='bbox 3418 3887 3576 3942; x_wconf 77' lang='grc' dir='ltr'><strong>Ἀ).λά</strong></span> <span class='ocrx_word' id='word_1_639' title='bbox 3614 3886 3713 3939; x_wconf 71' lang='grc' dir='ltr'>καὶ</span> 
     </span>
    </p>
   </div>
   <div class='ocr_carea' id='block_1_87' title="bbox 2133 3975 3712 4061">
    <p class='ocr_par' dir='ltr' id='par_1_87' title="bbox 2133 3975 3712 4061">
     <span class='ocr_line' id='line_1_87' title="bbox 2133 3975 3712 4061; baseline -0.014 -13"><span class='ocrx_word' id='word_1_640' title='bbox 2133 3993 2339 4048; x_wconf 88' lang='grc' dir='ltr'>τούτων</span> <span class='ocrx_word' id='word_1_641' title='bbox 2397 3991 2494 4061; x_wconf 81' lang='grc' dir='ltr'>μὲν</span> <span class='ocrx_word' id='word_1_642' title='bbox 2550 3989 3046 4058; x_wconf 80' lang='grc' dir='ltr'>ἀπαναστήσονται,</span> <span class='ocrx_word' id='word_1_643' title='bbox 3112 3981 3255 4036; x_wconf 86' lang='grc' dir='ltr'>κατὰ</span> <span class='ocrx_word' id='word_1_644' title='bbox 3297 3981 3356 4034; x_wconf 87' lang='grc' dir='ltr'><strong>τὸ</strong></span> <span class='ocrx_word' id='word_1_645' title='bbox 3405 3977 3570 4041; x_wconf 85' lang='grc' dir='ltr'>εἰκὸς.</span> <span class='ocrx_word' id='word_1_646' title='bbox 3599 3975 3712 4030; x_wconf 81' lang='grc' dir='ltr'><strong>τῶν</strong></span> 
     </span>
    </p>
   </div>
   <div class='ocr_carea' id='block_1_88' title="bbox 2135 4067 3714 4153">
    <p class='ocr_par' dir='ltr' id='par_1_88' title="bbox 2135 4067 3714 4153">
     <span class='ocr_line' id='line_1_88' title="bbox 2135 4067 3714 4153; baseline -0.013 -14"><span class='ocrx_word' id='word_1_647' title='bbox 2135 4084 2336 4140; x_wconf 88' lang='grc' dir='ltr'>ἀθλίων</span> <span class='ocrx_word' id='word_1_648' title='bbox 2369 4081 2660 4153; x_wconf 81' lang='grc' dir='ltr'>νοημάτων</span> <span class='ocrx_word' id='word_1_649' title='bbox 2684 4120 2698 4144; x_wconf 89' lang='grc'><strong>,</strong></span> <span class='ocrx_word' id='word_1_650' title='bbox 2745 4077 2935 4147; x_wconf 74' lang='grc' dir='ltr'>ὥσπερ</span> <span class='ocrx_word' id='word_1_651' title='bbox 2972 4075 3029 4129; x_wconf 84' lang='grc' dir='ltr'>δέ</span> <span class='ocrx_word' id='word_1_652' title='bbox 3069 4093 3120 4127; x_wconf 90' lang='grc' dir='ltr'><strong>τι</strong></span> <span class='ocrx_word' id='word_1_653' title='bbox 3158 4070 3341 4144; x_wconf 83' lang='grc' dir='ltr'>μεῖζον</span> <span class='ocrx_word' id='word_1_654' title='bbox 3370 4067 3714 4129; x_wconf 75' lang='grc' dir='ltr'>ἐπινοοῦντες</span> 
     </span>
    </p>
   </div>
   <div class='ocr_carea' id='block_1_89' title="bbox 2136 4159 3713 4248">
    <p class='ocr_par' dir='ltr' id='par_1_89' title="bbox 2136 4159 3713 4248">
     <span class='ocr_line' id='line_1_89' title="bbox 2136 4159 3713 4248; baseline -0.014 -16"><span class='ocrx_word' id='word_1_655' title='bbox 2136 4178 2232 4232; x_wconf 80' lang='grc' dir='ltr'>καὶ</span> <span class='ocrx_word' id='word_1_656' title='bbox 2261 4177 2514 4248; x_wconf 81' lang='grc' dir='ltr'>ἄμεινον,</span> <span class='ocrx_word' id='word_1_657' title='bbox 2551 4174 2727 4226; x_wconf 77' lang='grc' dir='ltr'>ἐκεῖνο</span> <span class='ocrx_word' id='word_1_658' title='bbox 2768 4169 2833 4240; x_wconf 85' lang='grc' dir='ltr'>δὴ</span> <span class='ocrx_word' id='word_1_659' title='bbox 2865 4169 3082 4230; x_wconf 83' lang='grc' dir='ltr'>πάντως</span> <span class='ocrx_word' id='word_1_660' title='bbox 3115 4165 3352 4236; x_wconf 74' lang='grc' dir='ltr'>ὲροῦσιψ</span> <span class='ocrx_word' id='word_1_661' title='bbox 3389 4159 3567 4215; x_wconf 84' lang='grc' dir='ltr'>Εἰκὼν</span> <span class='ocrx_word' id='word_1_662' title='bbox 3593 4161 3713 4212; x_wconf 80' lang='grc' dir='ltr'>ἐστι</span> 
     </span>
    </p>
   </div>
   <div class='ocr_carea' id='block_1_90' title="bbox 2137 4251 3712 4335">
    <p class='ocr_par' dir='ltr' id='par_1_90' title="bbox 2137 4251 3712 4335">
     <span class='ocr_line' id='line_1_90' title="bbox 2137 4251 3712 4335; baseline -0.013 -12"><span class='ocrx_word' id='word_1_663' title='bbox 2137 4268 2232 4324; x_wconf 84' lang='grc' dir='ltr'><strong>τοῦ</strong></span> <span class='ocrx_word' id='word_1_664' title='bbox 2260 4267 2396 4321; x_wconf 87' lang='grc' dir='ltr'>Θεοῦ</span> <span class='ocrx_word' id='word_1_665' title='bbox 2425 4267 2516 4321; x_wconf 76' lang='grc' dir='ltr'>καὶ</span> <span class='ocrx_word' id='word_1_666' title='bbox 2539 4262 2754 4335; x_wconf 88' lang='grc' dir='ltr'>Πατρὸς</span> <span class='ocrx_word' id='word_1_667' title='bbox 2779 4263 2808 4315; x_wconf 91' lang='lat'><strong>6</strong></span> <span class='ocrx_word' id='word_1_668' title='bbox 2830 4258 3161 4329; x_wconf 80' lang='grc' dir='ltr'>Μονογενὴς,</span> <span class='ocrx_word' id='word_1_669' title='bbox 3190 4259 3312 4311; x_wconf 83' lang='grc' dir='ltr'>ὅσον</span> <span class='ocrx_word' id='word_1_670' title='bbox 3335 4257 3393 4309; x_wconf 87' lang='grc' dir='ltr'>ὲν</span> <span class='ocrx_word' id='word_1_671' title='bbox 3419 4251 3712 4322; x_wconf 74' lang='grc' dir='ltr'>ταυτότητι</span> 
     </span>
    </p>
   </div>
   <div class='ocr_carea' id='block_1_91' title="bbox 2141 4344 3714 4436">
    <p class='ocr_par' dir='ltr' id='par_1_91' title="bbox 2141 4344 3714 4436">
     <span class='ocr_line' id='line_1_91' title="bbox 2141 4344 3714 4436; baseline -0.015 -17"><span class='ocrx_word' id='word_1_672' title='bbox 2141 4364 2476 4436; x_wconf 84' lang='grc' dir='ltr'>θελημάτων,</span> <span class='ocrx_word' id='word_1_673' title='bbox 2504 4362 2625 4415; x_wconf 83' lang='grc' dir='ltr'>ὅσον</span> <span class='ocrx_word' id='word_1_674' title='bbox 2647 4357 2739 4411; x_wconf 73' lang='grc' dir='ltr'>ἐπὶ</span> <span class='ocrx_word' id='word_1_675' title='bbox 2764 4355 3002 4425; x_wconf 85' lang='grc' dir='ltr'>ἀξίωμα,</span> <span class='ocrx_word' id='word_1_676' title='bbox 3034 4349 3326 4417; x_wconf 71' lang='grc' dir='ltr'>καὶδόξαν,</span> <span class='ocrx_word' id='word_1_677' title='bbox 3363 4346 3459 4400; x_wconf 76' lang='grc' dir='ltr'>καὶ</span> <span class='ocrx_word' id='word_1_678' title='bbox 3483 4344 3714 4436; x_wconf 78' lang='grc' dir='ltr'>δύναμιν</span> 
     </span>
    </p>
   </div>
   <div class='ocr_carea' id='block_1_92' title="bbox 461 4435 2026 4526">
    <p class='ocr_par' dir='ltr' id='par_1_92' title="bbox 461 4441 2026 4512">
     <span class='ocr_line' id='line_1_92' title="bbox 461 4441 2026 4512; baseline 0.003 -14"><span class='ocrx_word' id='word_1_679' title='bbox 461 4443 682 4512; x_wconf 86' lang='lat' dir='ltr'><strong>seipse,</strong></span> <span class='ocrx_word' id='word_1_680' title='bbox 714 4457 821 4496; x_wconf 92' lang='lat' dir='ltr'><strong>non</strong></span> <span class='ocrx_word' id='word_1_681' title='bbox 856 4441 994 4496; x_wconf 86' lang='lat' dir='ltr'><strong>dicit</strong></span> <span class='ocrx_word' id='word_1_682' title='bbox 1031 4462 1048 4494; x_wconf 78' lang='grc' dir='ltr'><strong>ι</strong></span> <span class='ocrx_word' id='word_1_683' title='bbox 1096 4459 1160 4498; x_wconf 86' lang='lat' dir='ltr'><strong>ex</strong></span> <span class='ocrx_word' id='word_1_684' title='bbox 1207 4446 1550 4512; x_wconf 89' lang='lat' dir='ltr'><strong>substantia,</strong></span> <span class='ocrx_word' id='word_1_685' title='bbox 1591 4467 1612 4499; x_wconf 73' lang='grc' dir='ltr'><strong>ι</strong></span> <span class='ocrx_word' id='word_1_686' title='bbox 1657 4447 1751 4504; x_wconf 86' lang='lat' dir='ltr'><strong>sed</strong></span> <span class='ocrx_word' id='word_1_687' title='bbox 1787 4466 1806 4500; x_wconf 76' lang='grc' dir='ltr'><strong>ι</strong></span> <span class='ocrx_word' id='word_1_688' title='bbox 1836 4449 2026 4502; x_wconf 86' lang='lat' dir='ltr'><strong>chara-</strong></span> 
     </span>
    </p>
   </div>
   <div class='ocr_carea' id='block_1_93' title="bbox 2128 4435 3713 4526">
    <p class='ocr_par' dir='ltr' id='par_1_93' title="bbox 2136 4435 3713 4526">
     <span class='ocr_line' id='line_1_93' title="bbox 2136 4435 3713 4526; baseline -0.014 -18"><span class='ocrx_word' id='word_1_689' title='bbox 2136 4455 2237 4526; x_wconf 78' lang='grc' dir='ltr'><strong>τὴν</strong></span> <span class='ocrx_word' id='word_1_690' title='bbox 2258 4435 2559 4523; x_wconf 82' lang='grc' dir='ltr'>θεοπρεπῆ,</span> <span class='ocrx_word' id='word_1_691' title='bbox 2581 4451 2705 4502; x_wconf 79' lang='grc' dir='ltr'>ὅσον</span> <span class='ocrx_word' id='word_1_692' title='bbox 2730 4449 2810 4510; x_wconf 86' lang='grc' dir='ltr'><strong>εἰς</strong></span> <span class='ocrx_word' id='word_1_693' title='bbox 2833 4445 3115 4513; x_wconf 76' lang='grc' dir='ltr'>ἐνέργειαν</span> <span class='ocrx_word' id='word_1_694' title='bbox 3143 4441 3243 4512; x_wconf 82' lang='grc' dir='ltr'>τὴν</span> <span class='ocrx_word' id='word_1_695' title='bbox 3268 4440 3363 4492; x_wconf 73' lang='grc' dir='ltr'><strong>ἐπὶ</strong></span> <span class='ocrx_word' id='word_1_696' title='bbox 3387 4437 3464 4508; x_wconf 85' lang='grc' dir='ltr'>τῷ</span> <span class='ocrx_word' id='word_1_697' title='bbox 3505 4435 3713 4500; x_wconf 74' lang='grc' dir='ltr'>κτίζειν</span> 
     </span>
    </p>
   </div>
   <div class='ocr_carea' id='block_1_94' title="bbox 463 4533 2040 4609">
    <p class='ocr_par' dir='ltr' id='par_1_94' title="bbox 463 4533 2040 4609">
     <span class='ocr_line' id='line_1_94' title="bbox 463 4533 2040 4609; baseline 0.006 -24"><span class='ocrx_word' id='word_1_698' title='bbox 463 4539 670 4586; x_wconf 91' lang='lat' dir='ltr'><strong>cterem</strong></span> <span class='ocrx_word' id='word_1_699' title='bbox 719 4551 738 4582; x_wconf 78' lang='grc' dir='ltr'><strong>ι</strong></span> <span class='ocrx_word' id='word_1_700' title='bbox 782 4547 908 4586; x_wconf 85' lang='lat' dir='ltr'><strong>esse</strong></span> <span class='ocrx_word' id='word_1_701' title='bbox 948 4550 966 4583; x_wconf 74' lang='grc' dir='ltr'><strong>ι</strong></span> <span class='ocrx_word' id='word_1_702' title='bbox 1015 4533 1342 4590; x_wconf 86' lang='lat' dir='ltr'><strong>substantiae</strong></span> <span class='ocrx_word' id='word_1_703' title='bbox 1396 4537 1517 4607; x_wconf 85' lang='lat' dir='ltr'><strong>ejus</strong></span> <span class='ocrx_word' id='word_1_704' title='bbox 1547 4540 1614 4592; x_wconf 68' lang='grc' dir='ltr'><strong>θ’.</strong></span> <span class='ocrx_word' id='word_1_705' title='bbox 1664 4557 1682 4588; x_wconf 73' lang='grc' dir='ltr'><strong>ι</strong></span> <span class='ocrx_word' id='word_1_706' title='bbox 1719 4537 1926 4609; x_wconf 90' lang='lat' dir='ltr'><strong>Igitur,</strong></span> <span class='ocrx_word' id='word_1_707' title='bbox 1979 4547 2040 4594; x_wconf 90' lang='lat' dir='ltr'><strong>ut</strong></span> 
     </span>
    </p>
   </div>
   <div class='ocr_carea' id='block_1_95' title="bbox 359 4622 2040 4704">
    <p class='ocr_par' dir='ltr' id='par_1_95' title="bbox 359 4622 2040 4704">
     <span class='ocr_line' id='line_1_95' title="bbox 359 4622 2040 4704; baseline 0.005 -30"><span class='ocrx_word' id='word_1_708' title='bbox 359 4684 370 4704; x_wconf 27' lang='grc' dir='ltr'><strong>η.</strong></span> <span class='ocrx_word' id='word_1_709' title='bbox 463 4622 627 4676; x_wconf 89' lang='lat' dir='ltr'><strong>modo</strong></span> <span class='ocrx_word' id='word_1_710' title='bbox 688 4622 1038 4687; x_wconf 88' lang='lat' dir='ltr'><strong>dicebamus,</strong></span> <span class='ocrx_word' id='word_1_711' title='bbox 1099 4625 1236 4679; x_wconf 87' lang='lat' dir='ltr'><strong>nihil</strong></span> <span class='ocrx_word' id='word_1_712' title='bbox 1292 4642 1482 4682; x_wconf 88' lang='lat' dir='ltr'><strong>eorum</strong></span> <span class='ocrx_word' id='word_1_713' title='bbox 1541 4643 1663 4696; x_wconf 75' lang='lat' dir='ltr'><strong>quae</strong></span> <span class='ocrx_word' id='word_1_714' title='bbox 1711 4630 1860 4682; x_wconf 90' lang='lat' dir='ltr'><strong>dicta</strong></span> <span class='ocrx_word' id='word_1_715' title='bbox 1909 4639 2040 4684; x_wconf 88' lang='lat' dir='ltr'><strong>sunt</strong></span> 
     </span>
    </p>
   </div>
   <div class='ocr_carea' id='block_1_96' title="bbox 462 4710 2040 4781">
    <p class='ocr_par' dir='ltr' id='par_1_96' title="bbox 462 4710 2040 4781">
     <span class='ocr_line' id='line_1_96' title="bbox 462 4710 2040 4781; baseline 0.007 -18"><span class='ocrx_word' id='word_1_716' title='bbox 462 4710 638 4766; x_wconf 88' lang='lat' dir='ltr'><strong>Filius</strong></span> <span class='ocrx_word' id='word_1_717' title='bbox 659 4720 741 4766; x_wconf 92' lang='lat' dir='ltr'><strong>est</strong></span> <span class='ocrx_word' id='word_1_718' title='bbox 768 4712 1070 4766; x_wconf 90' lang='lat' dir='ltr'><strong>secundum</strong></span> <span class='ocrx_word' id='word_1_719' title='bbox 1101 4725 1375 4781; x_wconf 87' lang='lat' dir='ltr'><strong>naturam,</strong></span> <span class='ocrx_word' id='word_1_720' title='bbox 1426 4713 1519 4771; x_wconf 86' lang='lat' dir='ltr'><strong>sed</strong></span> <span class='ocrx_word' id='word_1_721' title='bbox 1544 4719 1596 4770; x_wconf 91' lang='lat' dir='ltr'><strong>in</strong></span> <span class='ocrx_word' id='word_1_722' title='bbox 1625 4719 1942 4773; x_wconf 88' lang='lat' dir='ltr'><strong>universum</strong></span> <span class='ocrx_word' id='word_1_723' title='bbox 1971 4721 2040 4774; x_wconf 91' lang='lat' dir='ltr'><strong>ab</strong></span> 
     </span>
    </p>
   </div>
   <div class='ocr_carea' id='block_1_97' title="bbox 474 4802 2042 4876">
    <p class='ocr_par' dir='ltr' id='par_1_97' title="bbox 474 4802 2042 4876">
     <span class='ocr_line' id='line_1_97' title="bbox 474 4802 2042 4876; baseline 0.006 -20"><span class='ocrx_word' id='word_1_724' title='bbox 474 4802 564 4864; x_wconf 87' lang='lat' dir='ltr'><strong>iis,</strong></span> <span class='ocrx_word' id='word_1_725' title='bbox 590 4803 749 4872; x_wconf 84' lang='lat' dir='ltr'><strong>juxta</strong></span> <span class='ocrx_word' id='word_1_726' title='bbox 772 4802 1156 4859; x_wconf 85' lang='lat' dir='ltr'><strong>stultissimam</strong></span> <span class='ocrx_word' id='word_1_727' title='bbox 1189 4814 1426 4862; x_wconf 87' lang='lat' dir='ltr'><strong>vestram</strong></span> <span class='ocrx_word' id='word_1_728' title='bbox 1461 4809 1817 4876; x_wconf 87' lang='lat' dir='ltr'><strong>sententiam,</strong></span> <span class='ocrx_word' id='word_1_729' title='bbox 1855 4811 2042 4865; x_wconf 76' lang='lat' dir='ltr'><strong>exclu-</strong></span> 
     </span>
    </p>
   </div>
   <div class='ocr_carea' id='block_1_98' title="bbox 464 4895 2032 4969">
    <p class='ocr_par' dir='ltr' id='par_1_98' title="bbox 464 4895 2032 4969">
     <span class='ocr_line' id='line_1_98' title="bbox 464 4895 2032 4969; baseline 0.006 -21"><span class='ocrx_word' id='word_1_730' title='bbox 464 4895 662 4948; x_wconf 89' lang='lat' dir='ltr'><strong>detur:</strong></span> <span class='ocrx_word' id='word_1_731' title='bbox 699 4909 877 4963; x_wconf 87' lang='lat' dir='ltr'><strong>neque</strong></span> <span class='ocrx_word' id='word_1_732' title='bbox 911 4895 1052 4951; x_wconf 89' lang='lat' dir='ltr'><strong>Deus</strong></span> <span class='ocrx_word' id='word_1_733' title='bbox 1085 4911 1268 4962; x_wconf 88' lang='lat' dir='ltr'><strong>verus,</strong></span> <span class='ocrx_word' id='word_1_734' title='bbox 1325 4913 1504 4969; x_wconf 90' lang='lat' dir='ltr'><strong>neque</strong></span> <span class='ocrx_word' id='word_1_735' title='bbox 1541 4897 1738 4964; x_wconf 81' lang='lat' dir='ltr'><strong>Filius,</strong></span> <span class='ocrx_word' id='word_1_736' title='bbox 1766 4916 1875 4956; x_wconf 91' lang='lat' dir='ltr'><strong>non</strong></span> <span class='ocrx_word' id='word_1_737' title='bbox 1917 4917 2032 4968; x_wconf 81' lang='lat' dir='ltr'><strong>rex,</strong></span> 
     </span>
    </p>
   </div>
   <div class='ocr_carea' id='block_1_99' title="bbox 465 4984 2042 5061">
    <p class='ocr_par' dir='ltr' id='par_1_99' title="bbox 465 4984 2042 5061">
     <span class='ocr_line' id='line_1_99' title="bbox 465 4984 2042 5061; baseline 0.006 -22"><span class='ocrx_word' id='word_1_738' title='bbox 465 4999 575 5039; x_wconf 91' lang='lat' dir='ltr'><strong>non</strong></span> <span class='ocrx_word' id='word_1_739' title='bbox 612 4984 895 5051; x_wconf 86' lang='lat' dir='ltr'><strong>Dominus,</strong></span> <span class='ocrx_word' id='word_1_740' title='bbox 938 5001 1048 5041; x_wconf 92' lang='lat' dir='ltr'><strong>non</strong></span> <span class='ocrx_word' id='word_1_741' title='bbox 1071 4987 1274 5057; x_wconf 81' lang='lat' dir='ltr'><strong>opifex,</strong></span> <span class='ocrx_word' id='word_1_742' title='bbox 1307 5004 1416 5044; x_wconf 90' lang='lat' dir='ltr'><strong>non</strong></span> <span class='ocrx_word' id='word_1_743' title='bbox 1448 4997 1674 5059; x_wconf 90' lang='lat' dir='ltr'><strong>potens,</strong></span> <span class='ocrx_word' id='word_1_744' title='bbox 1703 5007 1879 5061; x_wconf 89' lang='lat' dir='ltr'><strong>neque</strong></span> <span class='ocrx_word' id='word_1_745' title='bbox 1905 4993 2042 5050; x_wconf 89' lang='lat' dir='ltr'><strong>adeo</strong></span> 
     </span>
    </p>
   </div>
   <div class='ocr_carea' id='block_1_100' title="bbox 465 5077 2039 5150">
    <p class='ocr_par' dir='ltr' id='par_1_100' title="bbox 465 5077 2039 5150">
     <span class='ocr_line' id='line_1_100' title="bbox 465 5077 2039 5150; baseline 0.007 -20"><span class='ocrx_word' id='word_1_746' title='bbox 465 5085 664 5131; x_wconf 88' lang='lat' dir='ltr'><strong>natura</strong></span> <span class='ocrx_word' id='word_1_747' title='bbox 714 5077 894 5133; x_wconf 89' lang='lat' dir='ltr'><strong>bonus</strong></span> <span class='ocrx_word' id='word_1_748' title='bbox 941 5086 1026 5134; x_wconf 88' lang='lat' dir='ltr'><strong>est</strong></span> <span class='ocrx_word' id='word_1_749' title='bbox 1077 5080 1298 5150; x_wconf 88' lang='lat' dir='ltr'><strong>proprie</strong></span> <span class='ocrx_word' id='word_1_750' title='bbox 1336 5099 1350 5137; x_wconf 92' lang='lat'><strong>:</strong></span> <span class='ocrx_word' id='word_1_751' title='bbox 1386 5079 1483 5138; x_wconf 87' lang='lat' dir='ltr'><strong>sed</strong></span> <span class='ocrx_word' id='word_1_752' title='bbox 1516 5081 1570 5137; x_wconf 93' lang='lat' dir='ltr'><strong>in</strong></span> <span class='ocrx_word' id='word_1_753' title='bbox 1607 5083 1752 5138; x_wconf 88' lang='lat' dir='ltr'><strong>nuda</strong></span> <span class='ocrx_word' id='word_1_754' title='bbox 1808 5099 1872 5139; x_wconf 88' lang='lat' dir='ltr'><strong>ac</strong></span> <span class='ocrx_word' id='word_1_755' title='bbox 1924 5087 2039 5142; x_wconf 89' lang='lat' dir='ltr'><strong>sola</strong></span> 
     </span>
    </p>
   </div>
   <div class='ocr_carea' id='block_1_101' title="bbox 467 5167 2042 5246">
    <p class='ocr_par' dir='ltr' id='par_1_101' title="bbox 467 5167 2042 5246">
     <span class='ocr_line' id='line_1_101' title="bbox 467 5167 2042 5246; baseline 0.009 -27"><span class='ocrx_word' id='word_1_756' title='bbox 467 5167 795 5235; x_wconf 86' lang='lat' dir='ltr'><strong>gloriatione</strong></span> <span class='ocrx_word' id='word_1_757' title='bbox 830 5169 941 5224; x_wconf 90' lang='lat' dir='ltr'><strong>Deo</strong></span> <span class='ocrx_word' id='word_1_758' title='bbox 989 5171 1338 5227; x_wconf 83' lang='lat' dir='ltr'><strong>convenienti</strong></span> <span class='ocrx_word' id='word_1_759' title='bbox 1384 5174 1629 5229; x_wconf 91' lang='lat' dir='ltr'><strong>cernitur</strong></span> <span class='ocrx_word' id='word_1_760' title='bbox 1664 5192 1679 5228; x_wconf 88' lang='lat'><strong>:</strong></span> <span class='ocrx_word' id='word_1_761' title='bbox 1715 5183 1768 5230; x_wconf 90' lang='lat' dir='ltr'><strong>et</strong></span> <span class='ocrx_word' id='word_1_762' title='bbox 1799 5177 1946 5246; x_wconf 92' lang='lat' dir='ltr'><strong>quod</strong></span> <span class='ocrx_word' id='word_1_763' title='bbox 1987 5179 2042 5233; x_wconf 93' lang='lat' dir='ltr'><strong>in</strong></span> 
     </span>
    </p>
   </div>
   <div class='ocr_carea' id='block_1_102' title="bbox 469 5259 2043 5335">
    <p class='ocr_par' dir='ltr' id='par_1_102' title="bbox 469 5259 2043 5335">
     <span class='ocr_line' id='line_1_102' title="bbox 469 5259 2043 5335; baseline 0.009 -25"><span class='ocrx_word' id='word_1_764' title='bbox 469 5259 672 5314; x_wconf 86' lang='lat' dir='ltr'><strong>tabulis</strong></span> <span class='ocrx_word' id='word_1_765' title='bbox 710 5269 794 5316; x_wconf 89' lang='lat' dir='ltr'><strong>est</strong></span> <span class='ocrx_word' id='word_1_766' title='bbox 842 5261 1090 5318; x_wconf 89' lang='lat' dir='ltr'><strong>colorum</strong></span> <span class='ocrx_word' id='word_1_767' title='bbox 1127 5263 1393 5328; x_wconf 87' lang='lat' dir='ltr'><strong>inductio,</strong></span> <span class='ocrx_word' id='word_1_768' title='bbox 1440 5281 1563 5335; x_wconf 67' lang='lat' dir='ltr'><strong>quae</strong></span> <span class='ocrx_word' id='word_1_769' title='bbox 1615 5266 1731 5323; x_wconf 91' lang='lat' dir='ltr'><strong>sola</strong></span> <span class='ocrx_word' id='word_1_770' title='bbox 1779 5270 2043 5324; x_wconf 83' lang='lat' dir='ltr'><strong>varietate</strong></span> 
     </span>
    </p>
   </div>
   <div class='ocr_carea' id='block_1_103' title="bbox 470 5347 2043 5416">
    <p class='ocr_par' dir='ltr' id='par_1_103' title="bbox 470 5347 2043 5416">
     <span class='ocr_line' id='line_1_103' title="bbox 470 5347 2043 5416; baseline 0.01 -16"><span class='ocrx_word' id='word_1_771' title='bbox 470 5347 845 5416; x_wconf 76' lang='lat' dir='ltr'><strong>decusaﬂert,</strong></span> <span class='ocrx_word' id='word_1_772' title='bbox 902 5368 1028 5408; x_wconf 93' lang='lat' dir='ltr'><strong>cum</strong></span> <span class='ocrx_word' id='word_1_773' title='bbox 1082 5352 1200 5411; x_wconf 84' lang='lat' dir='ltr'><strong>veri</strong></span> <span class='ocrx_word' id='word_1_774' title='bbox 1249 5357 1387 5410; x_wconf 87' lang='lat' dir='ltr'><strong>nihil</strong></span> <span class='ocrx_word' id='word_1_775' title='bbox 1437 5357 1634 5413; x_wconf 89' lang='lat' dir='ltr'><strong>habeat</strong></span> <span class='ocrx_word' id='word_1_776' title='bbox 1673 5375 1687 5413; x_wconf 91' lang='lat'><strong>:</strong></span> <span class='ocrx_word' id='word_1_777' title='bbox 1729 5359 1833 5415; x_wconf 89' lang='lat' dir='ltr'><strong>hoc</strong></span> <span class='ocrx_word' id='word_1_778' title='bbox 1887 5367 1942 5415; x_wconf 90' lang='lat' dir='ltr'><strong>et</strong></span> <span class='ocrx_word' id='word_1_779' title='bbox 1990 5362 2043 5415; x_wconf 93' lang='lat' dir='ltr'><strong>in</strong></span> 
     </span>
    </p>
   </div>
   <div class='ocr_carea' id='block_1_104' title="bbox 2141 4526 3716 4614">
    <p class='ocr_par' dir='ltr' id='par_1_104' title="bbox 2141 4526 3716 4614">
     <span class='ocr_line' id='line_1_104' title="bbox 2141 4526 3716 4614; baseline -0.013 -15"><span class='ocrx_word' id='word_1_780' title='bbox 2141 4545 2236 4599; x_wconf 72' lang='lat' dir='ltr'><strong>xui</strong></span> <span class='ocrx_word' id='word_1_781' title='bbox 2290 4542 2764 4614; x_wconf 84' lang='grc' dir='ltr'>θαυματουργεῖν,</span> <span class='ocrx_word' id='word_1_782' title='bbox 2811 4537 2936 4590; x_wconf 80' lang='grc' dir='ltr'>ὅσον</span> <span class='ocrx_word' id='word_1_783' title='bbox 2986 4536 3066 4598; x_wconf 86' lang='grc' dir='ltr'><strong>εἰς</strong></span> <span class='ocrx_word' id='word_1_784' title='bbox 3111 4533 3170 4586; x_wconf 89' lang='grc' dir='ltr'><strong>τὸ</strong></span> <span class='ocrx_word' id='word_1_785' title='bbox 3223 4531 3528 4602; x_wconf 80' lang='grc' dir='ltr'>βασιλεύειν</span> <span class='ocrx_word' id='word_1_786' title='bbox 3617 4526 3716 4580; x_wconf 69' lang='grc' dir='ltr'>καὶ</span> 
     </span>
    </p>
   </div>
   <div class='ocr_carea' id='block_1_105' title="bbox 2140 4619 3720 4702">
    <p class='ocr_par' dir='ltr' id='par_1_105' title="bbox 2140 4619 3720 4702">
     <span class='ocr_line' id='line_1_105' title="bbox 2140 4619 3720 4702; baseline -0.013 -14"><span class='ocrx_word' id='word_1_787' title='bbox 2140 4635 2358 4690; x_wconf 84' lang='grc' dir='ltr'>πάντων</span> <span class='ocrx_word' id='word_1_788' title='bbox 2385 4631 2627 4702; x_wconf 84' lang='grc' dir='ltr'>κρατεῖν,</span> <span class='ocrx_word' id='word_1_789' title='bbox 2667 4630 2788 4682; x_wconf 81' lang='grc' dir='ltr'>ὅσον</span> <span class='ocrx_word' id='word_1_790' title='bbox 2820 4629 2898 4689; x_wconf 90' lang='grc' dir='ltr'><strong>εἰς</strong></span> <span class='ocrx_word' id='word_1_791' title='bbox 2926 4624 2985 4678; x_wconf 90' lang='grc' dir='ltr'><strong>τὸ</strong></span> <span class='ocrx_word' id='word_1_792' title='bbox 3018 4623 3224 4695; x_wconf 80' lang='grc' dir='ltr'>κρίνειν</span> <span class='ocrx_word' id='word_1_793' title='bbox 3273 4622 3366 4675; x_wconf 66' lang='grc' dir='ltr'>καὶ</span> <span class='ocrx_word' id='word_1_794' title='bbox 3395 4619 3720 4691; x_wconf 79' lang='grc' dir='ltr'>προσκυνεῖ-</span> 
     </span>
    </p>
   </div>
   <div class='ocr_carea' id='block_1_106' title="bbox 2141 4708 3720 4795">
    <p class='ocr_par' dir='ltr' id='par_1_106' title="bbox 2141 4708 3720 4795">
     <span class='ocr_line' id='line_1_106' title="bbox 2141 4708 3720 4795; baseline -0.013 -16"><span class='ocrx_word' id='word_1_795' title='bbox 2141 4727 2265 4780; x_wconf 87' lang='grc' dir='ltr'>σθαι</span> <span class='ocrx_word' id='word_1_796' title='bbox 2303 4725 2439 4795; x_wconf 87' lang='grc' dir='ltr'>πρός</span> <span class='ocrx_word' id='word_1_797' title='bbox 2470 4739 2527 4776; x_wconf 88' lang='grc' dir='ltr'><strong>τε</strong></span> <span class='ocrx_word' id='word_1_798' title='bbox 2559 4719 2805 4789; x_wconf 85' lang='grc' dir='ltr'>ἀγγέλων</span> <span class='ocrx_word' id='word_1_799' title='bbox 2863 4717 2957 4771; x_wconf 76' lang='grc' dir='ltr'>καὶ</span> <span class='ocrx_word' id='word_1_800' title='bbox 3001 4713 3328 4786; x_wconf 84' lang='grc' dir='ltr'>ἀνθρώπων,</span> <span class='ocrx_word' id='word_1_801' title='bbox 3395 4711 3495 4764; x_wconf 70' lang='grc' dir='ltr'>καὶ</span> <span class='ocrx_word' id='word_1_802' title='bbox 3534 4708 3720 4776; x_wconf 72' lang='grc' dir='ltr'>πάσης</span> 
     </span>
    </p>
   </div>
   <div class='ocr_carea' id='block_1_107' title="bbox 2145 4801 3720 4882">
    <p class='ocr_par' dir='ltr' id='par_1_107' title="bbox 2145 4801 3720 4882">
     <span class='ocr_line' id='line_1_107' title="bbox 2145 4801 3720 4882; baseline -0.013 -11"><span class='ocrx_word' id='word_1_803' title='bbox 2145 4814 2483 4880; x_wconf 80' lang='grc' dir='ltr'>ἁπαξαπλῶς</span> <span class='ocrx_word' id='word_1_804' title='bbox 2516 4813 2617 4882; x_wconf 87' lang='grc' dir='ltr'><strong>τῆς</strong></span> <span class='ocrx_word' id='word_1_805' title='bbox 2644 4812 2894 4874; x_wconf 85' lang='grc' dir='ltr'>κτίσεως.</span> <span class='ocrx_word' id='word_1_806' title='bbox 2927 4810 3026 4862; x_wconf 88' lang='grc' dir='ltr'>Διά</span> <span class='ocrx_word' id='word_1_807' title='bbox 3056 4807 3260 4861; x_wconf 86' lang='grc' dir='ltr'>τούτων</span> <span class='ocrx_word' id='word_1_808' title='bbox 3292 4804 3554 4858; x_wconf 77' lang='grc' dir='ltr'>ἁπάντων</span> <span class='ocrx_word' id='word_1_809' title='bbox 3585 4801 3720 4870; x_wconf 79' lang='grc' dir='ltr'>ἡμῖν</span> 
     </span>
    </p>
   </div>
   <div class='ocr_carea' id='block_1_108' title="bbox 2147 4893 3718 4976">
    <p class='ocr_par' dir='ltr' id='par_1_108' title="bbox 2147 4893 3718 4976">
     <span class='ocr_line' id='line_1_108' title="bbox 2147 4893 3718 4976; baseline -0.011 -15"><span class='ocrx_word' id='word_1_810' title='bbox 2147 4911 2205 4962; x_wconf 85' lang='grc' dir='ltr'>ὲν</span> <span class='ocrx_word' id='word_1_811' title='bbox 2231 4904 2411 4976; x_wconf 81' lang='grc' dir='ltr'>ἐαυτῷ</span> <span class='ocrx_word' id='word_1_812' title='bbox 2445 4903 2706 4957; x_wconf 83' lang='grc' dir='ltr'>δεικνύων</span> <span class='ocrx_word' id='word_1_813' title='bbox 2737 4903 2830 4955; x_wconf 90' lang='grc' dir='ltr'><strong>τὸν</strong></span> <span class='ocrx_word' id='word_1_814' title='bbox 2871 4899 3090 4971; x_wconf 83' lang='grc' dir='ltr'>Πατέρα</span> <span class='ocrx_word' id='word_1_815' title='bbox 3116 4939 3129 4964; x_wconf 93' lang='grc'><strong>,</strong></span> <span class='ocrx_word' id='word_1_816' title='bbox 3172 4898 3274 4951; x_wconf 78' lang='grc' dir='ltr'>οὐκ</span> <span class='ocrx_word' id='word_1_817' title='bbox 3311 4916 3328 4947; x_wconf 77' lang='grc' dir='ltr'><strong>ι</strong></span> <span class='ocrx_word' id='word_1_818' title='bbox 3361 4897 3425 4948; x_wconf 87' lang='grc' dir='ltr'>ὲκ</span> <span class='ocrx_word' id='word_1_819' title='bbox 3450 4895 3549 4963; x_wconf 89' lang='grc' dir='ltr'><strong>τῆς</strong></span> <span class='ocrx_word' id='word_1_820' title='bbox 3583 4893 3718 4944; x_wconf 80' lang='grc' dir='ltr'>ὑπο-</span> 
     </span>
    </p>
   </div>
   <div class='ocr_carea' id='block_1_109' title="bbox 2150 4982 3723 5066">
    <p class='ocr_par' dir='ltr' id='par_1_109' title="bbox 2150 4982 3723 5066">
     <span class='ocr_line' id='line_1_109' title="bbox 2150 4982 3723 5066; baseline -0.011 -15"><span class='ocrx_word' id='word_1_821' title='bbox 2150 4998 2394 5060; x_wconf 84' lang='grc' dir='ltr'>στάσεως</span> <span class='ocrx_word' id='word_1_822' title='bbox 2427 5016 2444 5047; x_wconf 75' lang='grc'><strong>»</strong></span> <span class='ocrx_word' id='word_1_823' title='bbox 2476 4995 2675 5066; x_wconf 76' lang='grc' dir='ltr'>φησὶν,</span> <span class='ocrx_word' id='word_1_824' title='bbox 2727 4993 2863 5047; x_wconf 88' lang='grc' dir='ltr'><strong>ἀλλά</strong></span> <span class='ocrx_word' id='word_1_825' title='bbox 2915 5011 2936 5044; x_wconf 88' lang='grc'><em>‹</em></span> <span class='ocrx_word' id='word_1_826' title='bbox 2992 4990 3276 5062; x_wconf 84' lang='grc' dir='ltr'>χαρακτήρ</span> <span class='ocrx_word' id='word_1_827' title='bbox 3328 5006 3346 5038; x_wconf 70' lang='grc' dir='ltr'><strong>ι</strong></span> <span class='ocrx_word' id='word_1_828' title='bbox 3401 4987 3517 5038; x_wconf 79' lang='grc' dir='ltr'>ἐστι</span> <span class='ocrx_word' id='word_1_829' title='bbox 3552 5003 3569 5035; x_wconf 74' lang='grc' dir='ltr'>ι</span> <span class='ocrx_word' id='word_1_830' title='bbox 3620 4982 3723 5052; x_wconf 76' lang='grc' dir='ltr'><strong>τῆς</strong></span> 
     </span>
    </p>
   </div>
   <div class='ocr_carea' id='block_1_110' title="bbox 2151 5073 3720 5152">
    <p class='ocr_par' dir='ltr' id='par_1_110' title="bbox 2151 5073 3720 5152">
     <span class='ocr_line' id='line_1_110' title="bbox 2151 5073 3720 5152; baseline -0.011 -9"><span class='ocrx_word' id='word_1_831' title='bbox 2151 5090 2502 5151; x_wconf 74' lang='grc' dir='ltr'>ὑποστάσεως</span> <span class='ocrx_word' id='word_1_832' title='bbox 2531 5083 2717 5140; x_wconf 83' lang='grc' dir='ltr'>αὐτοῦ.</span> <span class='ocrx_word' id='word_1_833' title='bbox 2769 5103 2786 5134; x_wconf 75' lang='grc' dir='ltr'><strong>ι</strong></span> <span class='ocrx_word' id='word_1_834' title='bbox 2827 5081 3056 5149; x_wconf 80' lang='grc' dir='ltr'>Οὐκοῦν,</span> <span class='ocrx_word' id='word_1_835' title='bbox 3081 5083 3217 5152; x_wconf 82' lang='grc' dir='ltr'>ὅπερ</span> <span class='ocrx_word' id='word_1_836' title='bbox 3250 5079 3460 5149; x_wconf 72' lang='grc' dir='ltr'>ἔφημεν</span> <span class='ocrx_word' id='word_1_837' title='bbox 3491 5073 3720 5145; x_wconf 87' lang='grc' dir='ltr'>ἀρτίως,</span> 
     </span>
    </p>
   </div>
   <div class='ocr_carea' id='block_1_111' title="bbox 2151 5161 3723 5248">
    <p class='ocr_par' dir='ltr' id='par_1_111' title="bbox 2151 5161 3723 5248">
     <span class='ocr_line' id='line_1_111' title="bbox 2151 5161 3723 5248; baseline -0.013 -14"><span class='ocrx_word' id='word_1_838' title='bbox 2151 5179 2304 5234; x_wconf 79' lang='grc' dir='ltr'>οὐδέν</span> <span class='ocrx_word' id='word_1_839' title='bbox 2339 5181 2454 5231; x_wconf 80' lang='grc' dir='ltr'>ἐστι</span> <span class='ocrx_word' id='word_1_840' title='bbox 2495 5177 2604 5231; x_wconf 82' lang='grc' dir='ltr'>τῶν</span> <span class='ocrx_word' id='word_1_841' title='bbox 2638 5174 2946 5248; x_wconf 82' lang='grc' dir='ltr'>εἰρημένων</span> <span class='ocrx_word' id='word_1_842' title='bbox 2980 5171 3120 5225; x_wconf 87' lang='grc' dir='ltr'><strong>κατά</strong></span> <span class='ocrx_word' id='word_1_843' title='bbox 3150 5169 3313 5238; x_wconf 86' lang='grc' dir='ltr'>φύσιν</span> <span class='ocrx_word' id='word_1_844' title='bbox 3345 5167 3372 5218; x_wconf 89' lang='lat'><strong>6</strong></span> <span class='ocrx_word' id='word_1_845' title='bbox 3405 5166 3530 5228; x_wconf 80' lang='grc' dir='ltr'>Υἱὸς</span> <span class='ocrx_word' id='word_1_846' title='bbox 3552 5205 3566 5229; x_wconf 86' lang='grc'><strong>,</strong></span> <span class='ocrx_word' id='word_1_847' title='bbox 3615 5161 3723 5227; x_wconf 71' lang='grc' dir='ltr'><strong>ἔξω</strong></span> 
     </span>
    </p>
   </div>
   <div class='ocr_carea' id='block_1_112' title="bbox 2144 5252 3721 5340">
    <p class='ocr_par' dir='ltr' id='par_1_112' title="bbox 2144 5252 3721 5340">
     <span class='ocr_line' id='line_1_112' title="bbox 2144 5252 3721 5340; baseline -0.014 -15"><span class='ocrx_word' id='word_1_848' title='bbox 2144 5271 2200 5325; x_wconf 84' lang='grc' dir='ltr'>δὲ</span> <span class='ocrx_word' id='word_1_849' title='bbox 2235 5270 2450 5324; x_wconf 81' lang='grc' dir='ltr'>πάντων</span> <span class='ocrx_word' id='word_1_850' title='bbox 2484 5268 2694 5340; x_wconf 85' lang='grc' dir='ltr'>ἀθρόως</span> <span class='ocrx_word' id='word_1_851' title='bbox 2724 5267 2984 5329; x_wconf 87' lang='grc' dir='ltr'>κείσεται,</span> <span class='ocrx_word' id='word_1_852' title='bbox 3010 5263 3153 5317; x_wconf 90' lang='grc' dir='ltr'><strong>κατά</strong></span> <span class='ocrx_word' id='word_1_853' title='bbox 3183 5278 3248 5330; x_wconf 90' lang='grc' dir='ltr'><strong>γε</strong></span> <span class='ocrx_word' id='word_1_854' title='bbox 3274 5259 3364 5312; x_wconf 89' lang='grc' dir='ltr'><strong>τὸν</strong></span> <span class='ocrx_word' id='word_1_855' title='bbox 3404 5257 3535 5326; x_wconf 79' lang='grc' dir='ltr'>παρ’</span> <span class='ocrx_word' id='word_1_856' title='bbox 3568 5252 3721 5323; x_wconf 82' lang='grc' dir='ltr'>ὑμῶν</span> 
     </span>
    </p>
   </div>
   <div class='ocr_carea' id='block_1_113' title="bbox 2148 5340 3722 5432">
    <p class='ocr_par' dir='ltr' id='par_1_113' title="bbox 2148 5340 3722 5432">
     <span class='ocr_line' id='line_1_113' title="bbox 2148 5340 3722 5432; baseline -0.015 -16"><span class='ocrx_word' id='word_1_857' title='bbox 2148 5361 2507 5432; x_wconf 85' lang='grc' dir='ltr'>ἀνοητότατον</span> <span class='ocrx_word' id='word_1_858' title='bbox 2561 5357 2749 5425; x_wconf 87' lang='grc' dir='ltr'>λόγον,</span> <span class='ocrx_word' id='word_1_859' title='bbox 2799 5355 2922 5408; x_wconf 81' lang='grc' dir='ltr'>οῦτε</span> <span class='ocrx_word' id='word_1_860' title='bbox 2982 5353 3038 5406; x_wconf 82' lang='grc' dir='ltr'>δὲ</span> <span class='ocrx_word' id='word_1_861' title='bbox 3087 5351 3218 5414; x_wconf 86' lang='grc' dir='ltr'>Θεὸς</span> <span class='ocrx_word' id='word_1_862' title='bbox 3257 5347 3544 5417; x_wconf 80' lang='grc' dir='ltr'>ἀληθινὸς,</span> <span class='ocrx_word' id='word_1_863' title='bbox 3597 5340 3722 5394; x_wconf 71' lang='grc' dir='ltr'>οὔτε</span> 
     </span>
    </p>
   </div>
   <div class='ocr_carea' id='block_1_114' title="bbox 475 5432 2026 5521">
    <p class='ocr_par' dir='ltr' id='par_1_114' title="bbox 475 5439 2026 5520">
     <span class='ocr_line' id='line_1_114' title="bbox 475 5439 2026 5520; baseline 0.006 -28"><span class='ocrx_word' id='word_1_864' title='bbox 475 5439 609 5495; x_wconf 84' lang='lat' dir='ltr'><strong>Filio</strong></span> <span class='ocrx_word' id='word_1_865' title='bbox 638 5443 727 5498; x_wconf 85' lang='lat' dir='ltr'><strong>Dei</strong></span> <span class='ocrx_word' id='word_1_866' title='bbox 754 5459 818 5500; x_wconf 90' lang='lat' dir='ltr'><strong>ac</strong></span> <span class='ocrx_word' id='word_1_867' title='bbox 839 5446 1016 5504; x_wconf 86' lang='lat' dir='ltr'><strong>Patris</strong></span> <span class='ocrx_word' id='word_1_868' title='bbox 1043 5449 1371 5518; x_wconf 88' lang='lat' dir='ltr'><strong>dignitatum</strong></span> <span class='ocrx_word' id='word_1_869' title='bbox 1393 5451 1748 5520; x_wconf 89' lang='lat' dir='ltr'><strong>pulchritudo</strong></span> <span class='ocrx_word' id='word_1_870' title='bbox 1786 5452 1950 5506; x_wconf 81' lang='lat' dir='ltr'><strong>nudis</strong></span> <span class='ocrx_word' id='word_1_871' title='bbox 1984 5465 2026 5505; x_wconf 69' lang='grc' dir='ltr'><strong>οι</strong></span> 
     </span>
    </p>
   </div>
   <div class='ocr_carea' id='block_1_115' title="bbox 2128 5432 3722 5521">
    <p class='ocr_par' dir='ltr' id='par_1_115' title="bbox 2151 5432 3722 5521">
     <span class='ocr_line' id='line_1_115' title="bbox 2151 5432 3722 5521; baseline -0.015 -16"><span class='ocrx_word' id='word_1_872' title='bbox 2151 5453 2308 5517; x_wconf 82' lang='grc' dir='ltr'>Υἱὸς,</span> <span class='ocrx_word' id='word_1_873' title='bbox 2362 5451 2423 5504; x_wconf 83' lang='grc' dir='ltr'>οὐ</span> <span class='ocrx_word' id='word_1_874' title='bbox 2461 5450 2711 5521; x_wconf 79' lang='grc' dir='ltr'>βασιλεὺς</span> <span class='ocrx_word' id='word_1_875' title='bbox 2738 5489 2751 5510; x_wconf 93' lang='grc'><strong>,</strong></span> <span class='ocrx_word' id='word_1_876' title='bbox 2802 5447 2863 5498; x_wconf 81' lang='grc' dir='ltr'>οὺ</span> <span class='ocrx_word' id='word_1_877' title='bbox 2889 5444 3126 5515; x_wconf 79' lang='grc' dir='ltr'>Κύριος,</span> <span class='ocrx_word' id='word_1_878' title='bbox 3160 5442 3220 5494; x_wconf 85' lang='grc' dir='ltr'><strong>ού</strong></span> <span class='ocrx_word' id='word_1_879' title='bbox 3251 5434 3614 5510; x_wconf 82' lang='grc' dir='ltr'>δημιουργὸς.</span> <span class='ocrx_word' id='word_1_880' title='bbox 3660 5432 3722 5484; x_wconf 76' lang='grc' dir='ltr'>οὐ</span> 
     </span>
    </p>
   </div>
   <div class='ocr_carea' id='block_1_116' title="bbox 478 5532 2044 5602">
    <p class='ocr_par' dir='ltr' id='par_1_116' title="bbox 478 5532 2044 5602">
     <span class='ocr_line' id='line_1_116' title="bbox 478 5532 2044 5602; baseline 0.008 -20"><span class='ocrx_word' id='word_1_881' title='bbox 478 5532 609 5585; x_wconf 78' lang='lat' dir='ltr'><strong>solis</strong></span> <span class='ocrx_word' id='word_1_882' title='bbox 674 5536 991 5592; x_wconf 85' lang='lat' dir='ltr'><strong>nominibus</strong></span> <span class='ocrx_word' id='word_1_883' title='bbox 1051 5537 1385 5602; x_wconf 80' lang='lat' dir='ltr'><strong>clllorcscit,</strong></span> <span class='ocrx_word' id='word_1_884' title='bbox 1453 5541 1799 5596; x_wconf 77' lang='lat' dir='ltr'><strong>extrinsecus</strong></span> <span class='ocrx_word' id='word_1_885' title='bbox 1864 5549 2044 5596; x_wconf 79' lang='lat' dir='ltr'><strong>autem</strong></span> 
     </span>
    </p>
   </div>
   <div class='ocr_carea' id='block_1_117' title="bbox 549 5701 1506 5774">
    <p class='ocr_par' dir='ltr' id='par_1_117' title="bbox 549 5701 1506 5774">
     <span class='ocr_line' id='line_1_117' title="bbox 549 5701 1506 5774; baseline 0.01 -22"><span class='ocrx_word' id='word_1_886' title='bbox 549 5704 589 5732; x_wconf 82' lang='grc'><strong>⁶¹</strong></span> <span class='ocrx_word' id='word_1_887' title='bbox 639 5701 770 5756; x_wconf 78' lang='lat' dir='ltr'><strong>Luc.</strong></span> <span class='ocrx_word' id='word_1_888' title='bbox 806 5719 881 5768; x_wconf 81' lang='lat' dir='ltr'><strong>vi,</strong></span> <span class='ocrx_word' id='word_1_889' title='bbox 917 5704 1003 5758; x_wconf 80' lang='lat'><strong>36.</strong></span> <span class='ocrx_word' id='word_1_890' title='bbox 1085 5706 1127 5736; x_wconf 84' lang='lat'><strong>&quot;</strong></span> <span class='ocrx_word' id='word_1_891' title='bbox 1174 5705 1336 5762; x_wconf 88' lang='lat' dir='ltr'><strong>llchr.</strong></span> <span class='ocrx_word' id='word_1_892' title='bbox 1372 5723 1408 5774; x_wconf 86' lang='grc' dir='ltr'><strong>ι,</strong></span> <span class='ocrx_word' id='word_1_893' title='bbox 1455 5710 1506 5762; x_wconf 82' lang='grc'><strong>’5.</strong></span> 
     </span>
    </p>
   </div>
   <div class='ocr_carea' id='block_1_118' title="bbox 2150 5522 3722 5610">
    <p class='ocr_par' dir='ltr' id='par_1_118' title="bbox 2150 5522 3722 5610">
     <span class='ocr_line' id='line_1_118' title="bbox 2150 5522 3722 5610; baseline -0.015 -15"><span class='ocrx_word' id='word_1_894' title='bbox 2150 5543 2392 5604; x_wconf 74' lang='grc' dir='ltr'>δυνατὸς,</span> <span class='ocrx_word' id='word_1_895' title='bbox 2424 5539 2546 5593; x_wconf 71' lang='grc' dir='ltr'>οὔτε</span> <span class='ocrx_word' id='word_1_896' title='bbox 2581 5538 2686 5610; x_wconf 79' lang='grc' dir='ltr'>μὴν</span> <span class='ocrx_word' id='word_1_897' title='bbox 2717 5542 2773 5591; x_wconf 80' lang='grc' dir='ltr'>ὲν</span> <span class='ocrx_word' id='word_1_898' title='bbox 2804 5536 3102 5604; x_wconf 80' lang='grc' dir='ltr'>θελήμασιν</span> <span class='ocrx_word' id='word_1_899' title='bbox 3159 5530 3354 5598; x_wconf 75' lang='grc' dir='ltr'>ἀγαθὸς</span> <span class='ocrx_word' id='word_1_900' title='bbox 3389 5527 3529 5582; x_wconf 75' lang='grc' dir='ltr'>κατὰ</span> <span class='ocrx_word' id='word_1_901' title='bbox 3559 5522 3722 5593; x_wconf 65' lang='grc' dir='ltr'>φύσιν</span> 
     </span>
    </p>
   </div>
   <div class='ocr_carea' id='block_1_119' title="bbox 3723 5810 3787 5823">
    <p class='ocr_par' dir='ltr' id='par_1_119' title="bbox 3723 5810 3787 5823">
     <span class='ocr_line' id='line_1_119' title="bbox 3723 5810 3787 5823; baseline 0 0"><span class='ocrx_word' id='word_1_902' title='bbox 3723 5810 3787 5823; x_wconf 68' lang='lat'><strong>~</strong></span> 
     </span>
    </p>
   </div>
  </div>
