4044 6200
274 306 382 363 577

1335 303 1405 357 IN
1438 301 1721 358 JOANNIS
1758 301 2212 362 EVANGELIUM
2253 305 2382 362 LIB.
2437 305 2502 362 Il.

3425 315 3529 370 378

277 420 425 483 ιδίως
450 418 624 472 ἐστίν’
663 419 722 471 ὲν
754 418 809 471 δὲ
862 417 1098 488 γυμνοῖς’
1144 418 1250 480 καὶ
1274 419 1458 488 μόνοις
1484 422 1595 482 τοῖς
1627 419 1852 491 θεοπρε-

1979 432 2133 478 nstar
2179 425 2543 494 quorumdam
2597 425 2844 482 colorum
2895 427 3381 498 superinducitur,
3422 431 3532 488 imo

275 512 438 566 πέσιν
492 513 684 582 ὁρᾶται
734 515 1094 582 καυχήμασι,
1139 510 1234 565 καὶ
1270 511 1406 581 ὅπερ
1449 511 1565 563 ἐστὶ
1624 513 1744 574 ταῖς
1794 513 1853 566 ὲν

275 603 467 668 πίναξι
505 606 742 672 γραφαῖς
784 605 817 674 ἡ
849 604 960 658 τῶν
1013 603 1320 675 χρωμάτων
1365 603 1590 676 ἐπιϐολὴ
1615 644 1629 670 ,
1664 604 1855 674 μόναις

277 695 477 757 αὑταῖς
508 693 619 746 τῶν
657 695 952 765 ὁρωμένων
987 695 1284 759 ποικιλίαις
1311 694 1686 765 ὲξωραῖξουσα
1708 734 1723 759 ,
1759 711 1855 764 φο-

281 783 454 854 ροῦσα
485 783 541 835 δὲ
580 783 780 854 ἀληθὲς
815 783 1002 836 ούδὲν·
1045 784 1204 837 τοῦτο
1248 785 1346 838 καὶ
1377 785 1435 837 ὲν
1465 783 1580 853 Υίῴ
1617 784 1728 838 τῶν
1756 779 1851 836 τοῦ

279 874 418 927 Θεοῦ
466 876 563 929 καὶ
613 875 830 945 Πατρὸς
878 875 1202 945 ἀξιωμάτων
1254 875 1317 928 τὸ
1357 874 1589 938 κάλλος⁶
1647 876 1705 928 ὲν
1757 874 1856 943 μὲν

279 960 458 1029 ψιλοῖς
509 963 600 1014 καὶ
632 961 816 1032 μόνοις
850 963 1074 1032 ὀνόμασι
1101 963 1530 1034 περιανθίζεται,
1565 963 1765 1028 ἔξωθεν
1798 964 1855 1016 δὲ

282 1051 474 1123 ὥσπερ
508 1053 817 1123 χρωμάτων
853 1054 1016 1107 τινῶν
1050 1055 1402 1124 ὲπαλείφεται
1450 1054 1607 1126 δίκην
1628 1071 1641 1084 ·
1696 1071 1853 1110 σκια-

282 1147 578 1213 γραφεῖται
617 1145 672 1197 δὲ
706 1145 906 1214 μᾶλλον
950 1147 982 1216 ἡ
1026 1145 1148 1200 θεία
1169 1146 1331 1215 φύσις
1364 1148 1422 1201 ὲν
1448 1148 1620 1219 αὐτῷ.
1650 1149 1746 1202 καὶ
1779 1147 1856 1212 ὠς

281 1235 339 1286 ὲν
387 1233 530 1303 ψιλῷ
574 1234 827 1302 φαίνεται
884 1234 1058 1303 τύπῳ.
1105 1231 1239 1290 Εἶτα
1285 1235 1404 1301 πῶς
1451 1237 1552 1290 οὐκ
1595 1237 1856 1307 ἄντικρυς

281 1323 524 1388 ἁπάσαις
545 1325 847 1396 φανήσεσθε
865 1328 986 1387 ταῖς
1006 1325 1186 1393 ἁγίαις
1209 1325 1572 1398 πολεμοῦντες
1590 1327 1852 1398 Γραφαῖς,

283 1415 374 1470 ἴνα
418 1416 482 1487 δὴ
530 1417 625 1470 καὶ
671 1416 895 1480 δικαίως
943 1417 1213 1488 ἀκούσητε
1243 1433 1257 1449 ο
1294 1436 1312 1470 ι
1355 1417 1853 1489 Σκληροτράχηλοι,

283 1509 381 1562 καὶ
410 1509 774 1580 ἀπερίτμητοι
805 1508 1050 1578 καρδίαις
1098 1509 1192 1562 καὶ
1225 1509 1338 1572 τοῖς
1383 1507 1538 1573 ὠσὶν,
1577 1509 1738 1578 ὑμεῖς
1767 1508 1855 1561 ἀεὶ

280 1599 364 1668 τῷ
397 1598 674 1670 Πνεύματι
701 1599 781 1670 τῷ
804 1599 946 1670 ἁγίῳ
989 1599 1344 1653 ἀντιπίπτετε
1369 1637 1386 1663 ,
1421 1598 1498 1662 ὡς
1529 1600 1578 1652 οἱ
1619 1599 1857 1668 πατέρες

284 1690 465 1762 ὑμῶν,
493 1691 584 1743 καὶ
617 1691 798 1760 ὑμεῖς.
832 1709 852 1742 ›
897 1691 1036 1743 Πότε
1065 1689 1173 1762 γάρ
1209 1691 1270 1744 οὑ
1299 1689 1430 1743 Θεὸν
1457 1689 1710 1760 ἀληθινὸν
1735 1690 1856 1742 ὀνο·-

1959 529 2094 569 vero
2124 523 2317 569 natura
2363 516 2548 592 divina
2593 516 2651 572 in
2683 517 2803 587 ipso
2849 517 3230 582 adumbratur,
3276 534 3339 575 ac
3367 521 3531 576 veluti

1961 602 2134 673 ﬁgura
2177 613 2340 660 tenus
2371 613 2582 661 tantum
2639 613 2942 676 spectatur.
2986 608 3056 660 At
3097 610 3371 677 quomodo
3423 627 3532 665 non

1961 707 2085 748 cum
2126 696 2383 751 omnibus
2428 694 2732 766 Scripturis
2778 697 3072 752 manifeste
3107 713 3351 768 pugnare
3382 716 3534 754 com-

1961 782 2269 852 periemini,
2300 785 2373 838 ita
2409 792 2468 838 ut
2498 784 2622 853 jure
2657 784 2934 840 audiatis:
2976 803 2994 835 ‹
3037 783 3182 838 Dura
3219 787 3454 852 cervice,
3478 797 3533 842 ct

1961 872 2334 928 incircumcisi
2391 874 2649 929 cordibus
2716 882 2770 928 et
2820 873 3086 937 auribus,
3155 890 3254 929 vos
3318 891 3533 944 semper

1961 963 2191 1034 Spiritui
2236 972 2427 1018 sancto
2469 964 2759 1029 resistitis;
2809 963 2953 1018 sicut
2991 971 3181 1032 patres
3210 965 3411 1029 vestri,
3456 965 3531 1019 ita

1962 1063 2018 1111 et
2053 1070 2152 1111 vos
2178 1055 2243 1110 ".
2282 1074 2300 1106 ι
2339 1054 2570 1120 Quando
2603 1055 2748 1111 enim
2771 1069 2882 1108 non
2914 1053 3083 1108 Deum
3111 1069 3301 1109 verum
3353 1055 3531 1107 nomi-

1961 1154 2096 1201 nant
2146 1147 2305 1218 232
2348 1146 2585 1212 Filium,
2644 1153 2740 1201 aut
2804 1145 3151 1217 quandonam
3219 1145 3396 1210 ipsum
3463 1146 3532 1200 ab

1962 1239 2200 1292 essentia
2241 1235 2924 1294 Genitoris'excludunt?
2976 1235 3110 1303 Quis
3164 1246 3295 1291 vero
3350 1237 3532 1292 dicere

1964 1344 2133 1385 ausus
2154 1335 2236 1383 est
2261 1343 2388 1384 eum
2411 1343 2588 1399 neque
2609 1337 2804 1383 natura
2828 1329 3099 1398 opificem,
3123 1343 3301 1398 neque
3326 1344 3529 1398 regem,

1965 1435 2142 1491 neque
2174 1421 2636 1490 cunctipotentem
2667 1435 2810 1485 esse,
2841 1427 2935 1474 aut
2973 1419 3350 1474 adorabilem?
3387 1419 3532 1474 Divi-

1963 1526 2070 1568 nus
2095 1514 2297 1583 quippe
2328 1510 2540 1567 Psaltes
2568 1519 2830 1581 tanquam
2870 1511 2938 1565 ad
2971 1510 3148 1580 ipsum
3183 1508 3531 1580 Unigenitum

1964 1603 2041 1657 ait
2087 1602 2286 1657 alicubi
2322 1621 2334 1657 :
2371 1619 2391 1653 ε
2428 1599 2602 1657 Sedes
2649 1609 2764 1665 tua,
2799 1599 2964 1663 Deus,
3003 1599 3060 1653 in
3117 1599 3374 1653 naculum
3407 1611 3532 1659 sa:-

1963 1693 2076 1747 culi
2111 1691 2176 1746 “.
2227 1710 2246 1744 ι
2281 1690 2522 1747 Thomas
2546 1697 2729 1746 autem
2761 1690 3038 1752 similiter,
3072 1686 3533 1757 prudentissimus

288 1782 524 1851 μάζουσι
570 1781 660 1834 τὸν
699 1782 822 1834 Υίὸν
841 1821 856 1845 ,
883 1782 916 1851 ἦ
946 1781 1076 1834 πότε
1120 1782 1220 1852 τῆς
1250 1780 1345 1834 τοῦ
1387 1781 1639 1844 τεκόντος
1665 1781 1857 1844 οὐσίας

1984 1784 2054 1838 lle
2083 1782 2421 1852 discipulus,
2451 1790 2507 1838 et
2547 1781 2714 1837 Deum
2751 1783 2916 1836 simul
2941 1791 2996 1836 et
3024 1780 3314 1836 Dominum
3351 1781 3536 1850 appel-

284 1873 396 1938 ἔξω
431 1872 684 1943 φέρουσιν
712 1873 872 1926 αὑτόν
896 1891 912 1939 ;
964 1873 1062 1937 Τίς
1089 1873 1146 1927 δὲ
1171 1875 1201 1927 6
1237 1872 1514 1944 τολμήσας
1543 1875 1719 1926 εἰπεῖν
1738 1911 1754 1937 ,
1787 1871 1863 1936 ὡς

285 1962 414 2016 οὔτε
442 1963 600 2033 φύσει
645 1965 997 2035 δημιουργὸς,
1027 1963 1152 2018 οὔτε
1188 1963 1463 2034 βασιλεὺς,
1502 1962 1628 2016 οὔτε
1661 1980 1865 2018 παντο-

291 2056 515 2126 κράτωρ
577 2057 612 2126 ἦ
650 2057 1024 2128 προσκυνητός
1071 2058 1258 2122 ὲστιν;
1298 2056 1356 2109 ’0
1393 2055 1491 2126 μὲν
1522 2056 1632 2126 γὰρ
1664 2055 1864 2108 θεσπέ-

292 2161 407 2208 σιος
447 2147 702 2216 Μελῳδὸς
763 2147 840 2210 ὡς
894 2147 1030 2218 πρὸς
1070 2147 1235 2201 αὐτόν
1263 2147 1366 2201 πού
1396 2163 1531 2216 φησι
1562 2145 1653 2199 τὸν
1687 2145 1866 2198 Μονο-

290 2237 424 2307 γενῆ
451 2255 464 2269 ·
501 2255 520 2289 ι
590 2239 648 2290 '0
682 2239 870 2309 θρόνος
919 2255 1014 2292 σου
1045 2239 1231 2302 ὁΘεὸς
1279 2241 1361 2303 είς
1413 2238 1506 2291 τὸν
1551 2237 1727 2293 αίῶνα
1771 2237 1866 2290 τοῦ

291 2330 509 2394 αίῶνος.
552 2350 572 2382 ι
609 2331 812 2402 Θωμᾶς
854 2334 912 2387 δὲ
945 2333 1107 2387 πάλιν
1147 2333 1350 2404 ὁμοίως
1393 2335 1422 2386 6
1454 2331 1868 2401 νουνεχέστατος

295 2421 586 2492 μαθητὴς,
640 2423 734 2477 καὶ
787 2423 920 2477 Θεὸν
970 2423 1144 2501 όμού,
1197 2424 1293 2477 καὶ
1333 2423 1541 2494 Κύριον
1583 2421 1865 2476 ἀποκαλεῖ.

293 2513 700 2585 Παντοκράτωρ
745 2514 803 2567 δὲ
838 2516 931 2568 καὶ
959 2514 1313 2586 δημιουργὸς,
1361 2514 1450 2568 διὰ
1501 2514 1681 2583 πάσης
1713 2514 1869 2582 ἁγίου

294 2603 541 2657 καλεῖται
569 2605 772 2674 φωνῆς,
805 2607 900 2659 καὶ
930 2606 1004 2669 ὡς
1025 2606 1125 2659 οὐκ
1145 2604 1380 2659 ἐπακτὸν
1409 2604 1547 2674 ἔχων
1573 2603 1694 2658 καθ’
1728 2603 1872 2673 ὑμᾶς

293 2695 358 2749 τὸ
391 2695 634 2765 ἀξίωμα,
684 2698 800 2751 ἀλλ’
845 2698 920 2760 ὡς
965 2698 1124 2751 τοῦτο
1179 2697 1320 2751 κατὰ
1376 2696 1537 2764 φύσιν
1586 2694 1870 2765 ὑπάρχων,

293 2788 432 2859 ὅπερ
468 2785 607 2840 εἶναι
633 2787 884 2856 λέγεται,
914 2789 1000 2844 διά
1030 2797 1103 2843 τε
1126 2789 1284 2843 τοῦτο
1314 2789 1699 2858 προσκυνεῖται
1722 2784 1874 2855 παρά

293 2895 357 2931 τε
414 2879 523 2932 τῶν
571 2880 744 2947 ἁγίων
799 2879 1044 2949 ἀγγέλων
1068 2919 1084 2946 ,
1139 2881 1233 2934 καὶ
1282 2879 1419 2950 πρὸς
1451 2878 1645 2948 ἡμῶν,
1697 2875 1874 2930 καίτοι

299 2967 494 3038 μηδενὶ
519 2972 839 3038 προσκυνεῖν
868 2970 1040 3042 ἑτέρῳ
1071 2972 1171 3041 τῆς
1201 2969 1352 3034 θείας
1381 2969 1646 3038 λεγούσης
1673 2968 1874 3038 χρῆναι

298 3057 562 3128 Γραφῆς,
612 3059 750 3130 πλὴν
798 3061 945 3131 μόνῳ
993 3061 1182 3132 Κυρίῳ
1227 3061 1306 3131 τῷ
1357 3059 1494 3130 Θεῷ.
1537 3061 1600 3113 El
1639 3060 1736 3129 μὲν
1780 3054 1874 3112 οὖν

1964 1874 2062 1931 lat.
2103 1871 2464 1942 Omnipotens
2500 1886 2633 1927 vero
2661 1880 2716 1927 et
2757 1872 2988 1926 Creator
3019 1871 3088 1925 ab
3121 1871 3377 1925 omnibus
3406 1884 3536 1924 san-

1964 1965 2070 2020 ctis
2118 1975 2371 2029 vocatur,
2422 1964 2591 2034 idque
2636 1978 2749 2018 non
2797 1963 2953 2032 quasi
3007 1962 3326 2032 dignitatem
3386 1960 3534 2013 illam

1965 2055 2198 2122 habeat,
2246 2061 2306 2109 ιιι
2337 2069 2437 2110 vos
2482 2054 2673 2118 vultis,
2728 2055 3043 2117 ascititiam,
3089 2055 3184 2108 sed
3235 2053 3382 2124 quod
3434 2052 3536 2106 hoc

1966 2149 2269 2205 secundum
2330 2154 2586 2202 naturam
2643 2145 2876 2200 exsistat
2930 2143 3077 2212 quod
3135 2158 3261 2198 esse
3309 2142 3536 2207 dicitur,

1967 2249 2132 2311 atque
2166 2239 2376 2294 idcirco
2407 2220 2671 2292 adoratur
2699 2249 2826 2290 cum
2859 2249 2889 2288 a
2919 2232 3130 2289 sanctis
3166 2233 3397 2301 angelis,
3421 2239 3536 2286 tum

1969 2345 2000 2385 a
2033 2329 2212 2394 nobis,
2259 2326 2508 2398 quamvis
2559 2323 2842 2394 Scriptura
2883 2321 3074 2375 divina
3123 2321 3397 2375 neminem
3442 2317 3537 2373 ad.

1969 2419 2238 2475 orandum
2269 2431 2392 2472 esse
2425 2422 3011 2483 statuatpraeterquam
3039 2412 3216 2466 solum
3247 2409 3538 2464 Dominum

1969 2511 2161 2566 Deum.
2189 2508 2249 2563 Si
2281 2523 2412 2578 ergo
2443 2505 2738 2561 ascititiam
2771 2511 2824 2558 et
2855 2502 3080 2556 aliunde
3113 2501 3381 2553 invectam
3414 2511 3541 2552 esse

1971 2601 2200 2658 credunt
2245 2600 2298 2653 in
2333 2614 2399 2654 eo
2441 2597 2681 2652 divinam
2717 2594 3062 2664 dignitatem,
3110 2598 3184 2658 et,
3215 2597 3397 2642 tamen
3443 2585 3540 2640 ad-

1971 2691 2242 2748 orandum
2271 2704 2396 2744 esse
2418 2697 2630 2758 putant,
2661 2686 2840 2742 sciant
2868 2700 2929 2740 se
2959 2690 3264 2738 creaturam
3314 2678 3544 2732 adorare

1971 2799 2085 2855 pra;
2113 2783 2411 2846 Creatore,
2446 2793 2761 2848 novumque
2809 2790 2873 2831 ac
2924 2781 3198 2828 recentem
3231 2769 3401 2824 Deum
3439 2767 3541 2822 sibi

1974 2875 2278 2937 delineare,
2316 2871 2500 2942 potius
2534 2883 2701 2938 quam
2743 2865 3052 2921 naturalem
3094 2874 3412 2931 agnoscere.
3447 2857 3545 2911 Sin

1976 2973 2154 3019 autem
2190 2978 2220 3016 a
2251 2962 2432 3017 Patris
2478 2957 2787 3016 substantia
2823 2957 3024 3010 Filium
3055 2952 3446 3014 excludentes,
3493 2955 3547 3003 et

1982 3053 2178 3109 Filium
2210 3055 2387 3123 ipsum
2409 3059 2463 3106 et
2493 3049 2661 3104 Deum
2693 3061 2882 3102 verum
2910 3061 3033 3100 esse
3061 3043 3320 3106 fatentur,
3349 3055 3550 3110 regem-

297 3119 591 3220 εέεκῆτόν
617 3119 767 3222 αὐτῷ
798 3119 1095 3207 ’καῖ’δοτὸν
1131 3119 1458 3224 ἐνυπάρχειν
1485 3151 1545 3205 τὸ
1574 3119 1874 3223 θεοπρεπὲς

1983 3162 2109 3218 que,
2133 3160 2196 3199 ac
2223 3119 2528 3206 dominum,
2553 3149 2607 3195 et
2637 3140 2908 3209 opificem,
2931 3145 2985 3191 et
3001 3151 3126 3205 quas
3147 3133 3328 3188 Patris
3348 3130 3549 3187 eximia

298 3241 518 3311 ἀξίωμα
545 3243 972 3296 πεπιστεύκασιν
991 3285 1004 3311 ,
1037 3238 1155 3297 εἶτα
1180 3243 1256 3314 τῷ
1280 3243 1506 3314 τοιούτῳ
1552 3244 1877 3312 προσκυνεῖν

300 3335 504 3388 οίονται
535 3335 678 3401 δεῖν,
727 3337 965 3390 ίστωσαν
1002 3336 1156 3405 παρὰ
1198 3335 1290 3390 τὸν
1344 3335 1568 3406 κτίστην
1607 3337 1671 3405 τῇ
1704 3333 1878 3387 κτίσει

302 3425 680 3496 λατρεύοντες,
722 3427 1040 3497 πρόσφατόν,
1071 3441 1132 3479 τε
1169 3425 1263 3480 καὶ
1290 3425 1407 3479 νέον
1429 3425 1641 3486 ἑαυτοῖς
1663 3423 1880 3493 ζωγραο

304 3515 536 3582 φοῦντες
563 3516 712 3583 Θεὸν,
736 3518 879 3587 ἤπερ
914 3517 1084 3579 ὅντως
1119 3516 1208 3569 τὸν
1240 3515 1385 3569 κατὰ
1405 3515 1565 3584 φύσιν
1585 3514 1880 3584 γινώσκον-

303 3621 417 3668 τες.
453 3606 516 3658 El
547 3605 604 3658 δὲ
627 3605 728 3674 τῆς
745 3604 841 3658 τοῦ
868 3604 1003 3658 Θεοῦ
1031 3605 1125 3658 καὶ
1161 3603 1375 3675 Πατρὸς
1404 3602 1592 3666 οὐσίας
1622 3601 1727 3668 ἔξω
1767 3601 1882 3653 κεῖ-

308 3696 437 3751 σθαι
480 3697 728 3766 λέγοντες
763 3698 856 3750 τὸν
881 3698 1043 3762 Υίὸν,
1088 3696 1183 3750 καὶ
1210 3695 1337 3749 Υίὸν
1366 3695 1528 3749 αὑτὸν
1612 3695 1706 3747 καὶ
1753 3692 1884 3746 Θεὸν

306 3785 663 3855 ὁμολογοῦσιν
705 3785 973 3856 ὑπάρχειν
1023 3783 1316 3854 ἀληθινὸν,
1356 3783 1450 3837 καὶ
1494 3780 1746 3853 βασιλέα,
1792 3780 1885 3833 καὶ

307 3877 501 3950 κύριον
522 3917 539 3940 ,
571 3877 666 3930 καὶ
693 3877 1020 3948 δημιουργὸν
1040 3915 1055 3941 ,
1088 3877 1182 3928 καὶ
1206 3876 1477 3938 οὑσιωδῶς
1521 3876 1578 3927 ὲν
1605 3871 1783 3944 ἑαυτῷ
1818 3872 1886 3925 τὰ

307 3962 406 4026 τοῦ
452 3971 667 4041 Πατρὸς
703 3971 849 4041 ἔχειν
879 3971 986 4024 ίδια
1065 3970 1160 4024 καὶ
1202 3967 1490 4040 ἐξαίρετα·
1539 3968 1887 4038 βλεπέτωσαν

307 4063 434 4115 ὅποι
465 4061 596 4113 ποτὲ
635 4060 797 4114 πάλιν
830 4060 1013 4124 αὐτοῖς
1045 4059 1106 4112 τὸ
1131 4059 1239 4112 τῶν
1265 4059 1388 4129 τῇδε
1421 4057 1724 4112 δοκούντων
1753 4058 1890 4110 ἁπο-

310 4151 649 4206 κινδυνεύσει
679 4152 852 4215 τέλος.
879 4151 1045 4204 Οὐδὲν
1079 4152 1188 4222 γὰρ
1225 4149 1363 4212 ὅλως
1395 4151 1452 4203 ὲν
1488 4152 1552 4219 τῇ
1584 4149 1702 4218 θείᾳ
1732 4146 1889 4215 φύσει

307 4240 373 4293 τὸ
405 4241 718 4305 ἀξιόπιστον
746 4241 1141 4313 εὑρεθήσεται,
1189 4239 1493 4310 δυναμένης
1523 4237 1623 4308 ἥδη
1663 4237 1760 4290 καὶ
1794 4237 1895 4306 τῆς

307 4333 424 4386 τῶν
462 4334 704 4404 γενητῶν
736 4333 950 4402 φύσεως
979 4332 1246 4402 ὑπάρχειν
1275 4331 1432 4385 τοῦτο
1459 4332 1580 4385 κατ’
1613 4329 1893 4402 ἀλήθειαν,

1985 3245 2115 3296 sunt
2147 3251 2210 3291 ac
2243 3233 2465 3305 propria
2509 3229 2947 3287 substantialiter
2994 3227 3197 3281 habere
3231 3225 3284 3278 in
3342 3222 3549 3292 seipso,

1981 3330 2201 3385 videant
2229 3339 2466 3396 quonam
2501 3324 2720 3378 demum
2758 3336 2948 3376 eorum
2994 3315 3202 3372 recidat
3241 3315 3428 3384 opinio
3457 3312 3551 3381 qui

1981 3418 2062 3476 sic
2109 3417 2372 3471 sentiunt.
2417 3412 2564 3466 Nihil
2614 3411 2761 3466 enim
2819 3407 2957 3463 certi
3015 3407 3070 3460 in
3131 3413 3327 3458 natura
3371 3400 3554 3454 divina

1980 3508 2306 3579 reperietur,
2334 3519 2461 3559 cum
2502 3517 2686 3558 rerum
2731 3506 3040 3555 creatarum
3085 3503 3280 3549 natura
3308 3492 3361 3546 id
3390 3490 3553 3546 etiam

1980 3577 2170 3656 revera
2201 3611 2322 3651 esse
2350 3603 2536 3665 queat,
2572 3590 2719 3661 quod
2748 3590 2888 3659 ipsa.
2933 3586 3377 3640 Demonstratum
3407 3577 3554 3665 enim

1982 3696 2068 3745 est
2093 3664 2536 3741 adversariorum
2566 3677 2860 3734 admodum
2893 3675 3110 3729 infirma
3139 3669 3387 3725 oratione
3421 3664 3556 3718 divi.

1985 3794 2068 3833 na:
2091 3785 2300 3831 natura:
2330 3789 2441 3828 non
2473 3786 2596 3826 esse
2618 3766 3128 3836 Unigenitum,vere
3154 3773 3333 3813 tamen
3357 3755 3559 3808 habere

1986 3868 2041 3923 in
2072 3869 2255 3935 seipso
2276 3875 2622 3932 quaecunque
2651 3857 2774 3926 ejus
2792 3863 2924 3909 sunt
2940 3850 3164 3908 eximia.
3194 3849 3267 3901 At
3295 3845 3417 3915 quis
3449 3855 3559 3894 non

1987 3958 2374 4019 cohorrescet,
2428 3951 2475 4006 si
2523 3950 2609 4004 vel
2653 3947 2825 4003 solam
2868 3944 3184 4012 dogmatum
3229 3937 3560 4005 impietatem

1985 4049 2214 4106 audiat?
2247 4044 2443 4101 Omnia
2476 4040 2621 4096 enim
2673 4051 2894 4094 sursum
2939 4047 3002 4087 ac
3049 4031 3306 4103 deorsum
3337 4031 3562 4078 vertun-

1989 4153 2098 4208 tur,
2139 4154 2261 4195 cum
2295 4145 2488 4191 natura
2519 4132 2611 4185 illa
2638 4129 2886 4184 omnium
2917 4134 3171 4192 suprema
3210 4131 3275 4172 eo
3303 4115 3562 4183 depressa

1990 4233 2086 4300 sit,
2119 4237 2179 4286 ut
2207 4229 2353 4283 inter
2378 4229 2667 4280 creaturas
2702 4222 3043 4278 numeretur,
3072 4217 3126 4265 et
3159 4207 3275 4275 ipsa
3309 4210 3565 4257 creatura

1992 4297 2415 4391 advsupremum
2447 4328 2548 4370 nec
2584 4311 2690 4367 sibi
2714 4307 3077 4364 constitutum
3108 4297 3330 4355 modum
3362 4297 3569 4391 temere

311 4382 762 4491 asparagi...“
784 4382 1528 4493 unusrixatus;
1547 4382 1714 4490 ’γάρζ
1749 4382 1876 4472 κατέ

1993 4382 2282 4471 cvehatur.
2342 4405 2646 4473 Quocirca,
2684 4401 2840 4456 velut
2867 4397 2922 4452 iu
2969 4390 3246 4464 profundo
3299 4385 3424 4442 navi
3469 4382 3569 4438 de-

2411 4499 2424 4510 -
2489 4497 2500 4510 ·
2680 4491 2787 4510 κ-λε
2856 4488 3166 4510 xum-un...
3229 4476 3569 4510 ..ιιρηηιςιαιο

315 4527 382 4578 γε
416 4510 512 4562 τὸν
549 4509 698 4579 παρὰ
738 4509 852 4572 τοῖς
893 4509 958 4562 δι’
1005 4509 1254 4571 ἐναντίας
1292 4506 1687 4578 ἁδρανέστατον
1715 4506 1892 4574 λόγον,

311 4603 414 4672 τῆς
447 4601 550 4671 μὲν
592 4600 741 4664 θείας
782 4600 995 4670 φύσεως
1033 4602 1132 4671 οὐχ
1180 4599 1441 4669 ὑπάρχων
1480 4601 1508 4653 6
1562 4597 1894 4668 Μονογενὴς,

315 4694 460 4764 ἔχων
501 4694 550 4746 δ’
583 4689 674 4746 οὖν
717 4693 867 4763 ὅμως
910 4693 1177 4762 ἀληθινῶς
1227 4693 1288 4746 ἐν
1343 4691 1519 4763 ἐαυτῷ
1559 4692 1630 4746 τὰ
1684 4691 1899 4761 ἐκείνης
1945 4739 1950 4744 .

317 4787 590 4857 ἐξαίρετα.
616 4781 750 4838 Εἶτα
783 4785 867 4849 τίς
897 4785 997 4838 οὑκ
1019 4785 1336 4856 ἁποφρίξει,
1369 4787 1462 4840 καὶ
1488 4785 1649 4856 μόνον
1683 4783 1899 4838 ἀκούων

318 4879 415 4949 τὴν
444 4875 553 4930 τῶν
593 4877 880 4946 δογμάτων
927 4877 1281 4946 δυσσέϐειαν;
1319 4880 1505 4933 Πάντα
1541 4878 1653 4948 γὰρ
1681 4876 1794 4932 ἄνω
1837 4893 1896 4930 τε

321 4968 410 5021 καὶ
441 4965 591 5020 κάτω
617 4968 913 5038 στρέφεται
941 4966 1254 5038 λοιπὸν,τῆς
1287 4970 1384 5038 μὲν
1411 4968 1480 5021 τὰ
1505 4970 1683 5023 πάντα
1724 4971 1897 5037 ὑπερ-

321 5060 584 5128 κειμένης
605 5057 824 5127 φύσεως
849 5058 1282 5128 καταϐαινούσης
1315 5059 1406 5110 ἐπὶ
1427 5056 1487 5111 τὸ
1513 5058 1899 5113 συντάττεσθαι

320 5151 432 5209 τοῖς
463 5154 746 5219 γενητοῖς,
786 5151 958 5222 αὐτῆς
983 5151 1040 5204 δὲ
1057 5154 1167 5220 ,τῆς
1208 5149 1440 5212 κτίσεως
1495 5152 1576 5212 είς
1619 5151 1680 5202 τὸ
1729 5151 1900 5222 ὑπερσ-

319 5239 412 5294 ἐκε
423 5260 510 5294 ινα
552 5244 647 5295 καὶ
675 5245 774 5314 οὑχ
791 5243 1098 5314 ὡρισμένον
1124 5244 1260 5313 αὐτῇ
1283 5242 1604 5314 παραλόγως
1616 5241 1901 5311 ἀναπηδώ-

323 5349 425 5400 σης
459 5334 678 5404 μέτρον.
711 5334 922 5388 Οὐκοῦν
945 5373 960 5398 ,
1003 5334 1078 5397 ὡς
1105 5334 1327 5397 ὁλκάδος
1358 5335 1414 5386 ἐν
1447 5333 1674 5401 πελάγει
1713 5331 1903 5401 βαπτι-

320 5423 563 5495 ζομένης
590 5465 604 5488 .
674 5427 772 5496 τῆς
833 5426 943 5479 τῶν
1006 5425 1261 5479 τοιούτων
1330 5425 1614 5496 δογμάτων
1677 5424 1904 5485 ἀτοπίας

316 5516 728 5586 άπονηχόμενοι
750 5557 762 5570 .
815 5518 1133 5586 σπεύδωμεν
1167 5517 1240 5579 ὡς
1282 5518 1366 5570 ἐπ’
1399 5515 1616 5586 ἀσφαλῆ
1651 5515 1743 5567 καὶ
1775 5514 1902 5567 ἁκύ·

397 5698 445 5726 ”
489 5697 613 5748 Art.
650 5711 759 5761 vn,
800 5695 888 5762 5i,
968 5697 1010 5725 ⁸⁵³
1052 5694 1194 5749 Psal.
1236 5711 1378 5760 κων,
1407 5696 1460 5750 7.

1996 4518 2214 4567 mersa,
2279 4516 2349 4556 ex
2411 4491 2791 4568 hujuscemodi
2851 4488 3168 4559 dogmatum
3229 4476 3573 4534 absurditate

1993 4601 2358 4664 emergentes,
2387 4590 2454 4644 ad
2489 4596 2667 4642 tutum
2699 4590 2755 4639 et
2787 4580 3031 4652 quietum
3074 4570 3323 4629 veritatis
3350 4573 3572 4664 portum

1994 4658 2428 4748 contendamus,
2465 4680 2674 4749 Deique
2719 4689 2783 4730 ac
2823 4669 3006 4726 Patris
3046 4664 3335 4735 imaginem
3374 4658 3574 4713 Filium

1994 4795 2120 4837 esse
2157 4779 2454 4842 fateamur,
2490 4787 2602 4828 non
2631 4765 2918 4840 fragilibus
2963 4755 3293 4830 quihusdam
3339 4751 3577 4821 dignita-

2001 4873 2154 4928 tibus
2180 4870 2504 4932 obductum,
2535 4877 2714 4934 neque
2745 4859 2879 4916 solis
2903 4847 3281 4927 praerogativis
3311 4845 3418 4898 Deo
3446 4855 3578 4894 con-

2003 4965 2351 5023 venientibus
2405 4959 2806 5028 conspicuum,
2861 4949 2956 5007 sed
3023 4935 3470 5028 substantialiter.
3524 4934 3581 4983 et

2183 5072 2248 5112 ex
2288 5061 2444 5125 parte
2489 5020 2894 5121 perfectissimo
2939 5031 3186 5092 Genitori
3238 5020 3578 5125 responden-

2008 5160 2149 5216 tem,
2203 5157 2259 5203 et
2290 5117 2394 5216 per
2428 5117 2614 5198 omnia
2671 5136 3028 5192 cxsistentem
3079 5117 3580 5216 secundumAllatu-

2009 5203 2319 5296 ram'suaru
2359 5235 2414 5289 id
2453 5231 2600 5302 quod
2638 5228 2803 5283 Pater
2839 5237 2963 5279 esse
3000 5220 3279 5302 censetur,
3312 5203 3471 5275 233
3498 5203 3584 5256 ni-

2009 5330 2208 5384 mirum
2237 5326 2408 5381 Deum
2434 5298 2624 5377 verum
2678 5330 2805 5372 vere
2847 5311 2915 5366 de
2946 5309 3076 5373 Deo,
3126 5298 3581 5394 omnipotentem,

2012 5426 2344 5482 creatorem,
2369 5416 2598 5477 bonum,
2623 5405 2985 5469 adorandum,
3034 5406 3091 5455 et
3114 5395 3162 5452 si
3183 5390 3316 5466 quid
3350 5384 3586 5455 amplius

2015 5512 2139 5570 addi
2166 5517 2344 5584 potest
2368 5505 2511 5580 quod
2543 5504 2653 5562 Deo
2682 5496 2995 5559 conveniat.
3031 5491 3186 5547 Tunc
3224 5481 3373 5541 enim
3410 5482 3599 5532 osten-
