4044 6200
450 237 556 296 379
1437 237 1494 294 s.
1525 234 1801 293 CYltlt.Ll
1837 231 2307 293 ALEXANDRINI
2343 237 2663 294 ARCHIEP.
3589 231 3706 300 sso

454 348 650 404 dentes
704 364 827 405 eum
888 349 944 404 in
1002 348 1256 405 omnibus
1318 348 1548 406 similem
1610 365 1735 406 esse
1798 349 1908 407 Deo
1961 366 2027 406 ac

2138 369 2267 422 μονα
2293 352 2488 423 λιμένα
2518 354 2615 424 τὴν
2651 352 2929 424 ἀλήθειαν,
2961 353 3057 409 καὶ
3099 353 3284 408 εἰκόνα
3313 353 3404 407 τοῦ
3437 351 3572 410 Θεοῦ
3599 351 3704 411 καὶ

454 438 627 506 Patri,
651 439 812 493 etiam
842 454 968 493 vere
997 438 1106 493 dici
1147 440 1215 494 ab
1238 455 1303 494 eo
1326 439 1847 505 demonstrabimus,
1878 443 2025 512 quod

2138 442 2342 513 [Ιατρδς
2368 443 2720 515 ὁμολογῶμεν
2754 445 2848 499 τὸν
2883 445 3032 511 Υίὸν,
3067 447 3167 499 οὐκ
3192 447 3474 517 ἐπικήροις
3508 447 3703 517 ὥσπερ

462 547 479 578 ι
511 526 612 592 Qui
649 543 755 581 non
804 528 1128 582 houoriﬁeat
1181 527 1400 596 Filium,
1437 546 1612 600 neque
1651 529 1870 586 Patrem
1925 533 2027 586 lio--

2138 535 2236 586 τισὶ
2269 534 2783 606 περιπεπλασμέναι
2829 535 3168 607 ἀξιώμασιν,
3209 537 3329 589 οὐδὲ
3362 537 3542 606 μόνοις
3586 541 3703 599 τοῖς

458 619 748 683 noriﬁcat,
784 619 876 688 qui
907 620 1057 674 misit
1111 621 1286 675 illum.
1333 639 1350 673 ι
1386 621 1459 676 De
1489 621 1592 677 boe
1630 622 1774 677 enim
1799 625 2030 694 quaestio

2138 623 2456 694 θεοπρεπέσι
2491 625 2957 696 κατηγλαῖσμένον
2984 625 3310 696 ἀξιώμασιν,
3354 625 3486 679 ἀλλί
3506 626 3707 678 ούσιω-

457 709 616 763 nobis
647 720 750 774 est,
777 726 831 766 et
870 726 935 766 eo
959 719 1171 782 spectat
1220 729 1341 783 qua:
1384 729 1511 768 mox
1539 714 1679 769 facta
1718 722 1804 771 est
1837 716 2027 786 dispu-

2138 714 2233 778 δῶς
2251 715 2382 786 πρὸς
2405 716 2502 784 τὴν
2525 714 2618 769 τοῦ
2645 716 2893 778 τεκόντος
2914 716 3200 786 ἀκρίϐειαν
3219 715 3704 786 ἀπηκριϐωμένον,

460 800 612 854 latio.
715 853 718 857 ,
2131 807 2224 860 καὶ
2248 807 2683 877 ἀπαραλλάκτως
2711 809 3025 878 ὑπάρχοντα
3079 808 3218 861 κατά
3249 807 3428 875 φύσιν,
3465 809 3604 876 ὅπερ
3637 808 3708 859 ἄν

459 897 625 945 νοοῖτο
652 893 746 947 καὶ
771 894 800 946 ὁ
821 895 1090 965 γεννήσας
1118 895 1300 963 αὐτὸν,
1331 897 1574 951 τουτέστι
1596 897 1725 951 Θεὸν
1749 897 2022 968 ἀληθινὸν,
2057 897 2122 950 ἐκ
2181 897 2318 951 Θεοῦ
2385 899 2528 952 κατά
2557 899 2834 970 ἀλήθειαν,
2868 899 3303 970 παντοκράτορα,
3350 899 3707 970 δημιουργὸν.

457 980 871 1053 δεδοξασμένον,
900 985 1136 1052 ἀγαθὸν,
1179 988 1551 1057 προσκυνητδν
1577 1027 1591 1051 ,
1637 987 1730 1041 καὶ
1759 986 1889 1040 εἴτι
1949 989 2062 1050 τοῖς
2099 987 2408 1058 εἰρημένοις
2469 988 2545 1051 ὡς
2587 987 2707 1057 Θεῴ
2757 990 2962 1059 πρέπον
3003 989 3390 1059 παρέζευκται.
3433 988 3564 1041 Τότε
3593 987 3709 1060 γὰρ

456 1074 518 1145 δὴ
559 1075 699 1130 κατὰ
757 1076 934 1130 πάντα
992 1080 1350 1148 προσεοικότα
1409 1080 1745 1144 δεικνύοντες
1784 1080 1862 1151 τῷ
1904 1079 2022 1151 Θεῷ
2061 1081 2155 1132 καὶ
2185 1081 2381 1151 Πατρί,
2428 1080 2521 1134 καὶ
2551 1081 2882 1153 ἀληθεύοντα
2927 1081 3372 1164 παραστήσομεν,
3436 1079 3511 1142 ὡς
3584 1097 3605 1130 ι
3642 1081 3707 1130 EE

463 1170 535 1240 μή
601 1188 685 1234 τις
751 1171 990 1242 βούλοιτο
1038 1175 1201 1244 τιμᾷν
1233 1174 1324 1228 τὸν
1371 1175 1534 1240 Υίὸν,
1573 1176 1694 1229 οὐδὲ
1738 1176 1830 1230 τὸν
1878 1176 2097 1246 Πατέρα
2133 1177 2270 1247 τιμᾷ
2306 1176 2397 1228 τὸν
2443 1174 2836 1230 ἀποστείλαντα
2889 1175 3069 1228 αὐτόν.
3121 1193 3140 1224 ›
3188 1173 3326 1243 Περὶ
3363 1173 3552 1225 τούτου
3596 1171 3710 1242 γάρ

462 1264 591 1333 ἡμῖν
639 1265 672 1334 ἡ
714 1265 974 1336 ζήτησις,
1018 1268 1113 1320 καὶ
1153 1269 1186 1336 ἡ
1239 1267 1348 1321 τῶν
1407 1269 1608 1338 ἀρτίως
1649 1269 2034 1340 ἐξητασμένων
2072 1269 2353 1340 κεκίνηται
2388 1269 2638 1338 βάσανος.

532 1357 596 1422 V,
637 1359 726 1412 24.
771 1361 958 1423 Amen,
993 1379 1144 1414 amen
1189 1361 1305 1416 dico
1337 1363 1503 1425 vobis,
1537 1364 1663 1432 quia
1691 1365 1783 1432 qui
1817 1363 2029 1417 verbum

2216 1362 2411 1432 Ἀμὴν,
2449 1363 2612 1432 ἀμὴν
2636 1361 2790 1432 λέγω
2826 1359 2981 1430 ὑμῖν,
3025 1358 3111 1412 ὅτι
3158 1359 3190 1411 ὁ
3236 1356 3343 1410 τόν
3370 1357 3552 1424 λόγον
3583 1372 3703 1424 μου

464 1465 633 1502 meum
675 1449 844 1516 audit,
882 1462 928 1504 et
960 1453 1124 1505 credit
1161 1454 1208 1507 ei
1244 1454 1335 1522 qui
1366 1454 1511 1506 misit
1545 1469 1644 1520 me,
1677 1453 1829 1507 liabet
1869 1455 2029 1506 vitam

2138 1456 2386 1519 ἁκούων,
2416 1455 2513 1509 καὶ
2542 1455 2841 1509 πιστεύων
2868 1450 2946 1517 τῷ
2973 1451 3276 1519 πέμψαντί
3292 1447 3424 1517 με,ἕ
3429 1465 3517 1516 χει
3551 1445 3703 1512 ζωὴν

461 1550 733 1605 retentam,
766 1551 815 1595 et
867 1545 920 1596 in
973 1543 1243 1612 judicium
1272 1556 1389 1598 nou
1416 1546 1574 1612 venit,
1604 1545 1695 1599 sed
1739 1545 1952 1599 transiit
1997 1561 2031 1598 a

2138 1547 2390 1612 αἰώνιον,
2426 1547 2524 1600 καί
2557 1549 2644 1611 εἰς
2673 1545 2877 1614 κρίσιν
2908 1545 3018 1597 οὐκ
3052 1542 3302 1636 ἔρχεται,
3330 1539 3490 1592 ἀλλὰ
3528 1553 3702 1605 μετα-

464 1620 628 1684 morte
659 1630 727 1684 ad
760 1634 945 1686 vitam.

459 1730 463 1734 ·
533 1720 833 1792 Postquam
879 1724 933 1776 iu
979 1725 1363 1793 superioribus
1403 1725 1620 1782 abunde
1657 1727 1900 1782 ostendit
1932 1711 2034 1782 mei-ﬁ

464 1828 617 1869 seros
649 1811 869 1870 Iudaeos
910 1831 1022 1870 nou
1076 1818 1129 1870 in
1167 1818 1342 1872 solum
1378 1816 1576 1872 Filium
1625 1834 1875 1888 peccare,
1907 1834 2032 1873 cum

464 1904 667 1958 audent
697 1906 1099 1974 reprehendere
1139 1923 1260 1977 quae
1287 1909 1538 1964 docendo
1569 1910 1910 1978 loqueretur,
1941 1918 2036 1964 aut

465 1995 607 2062 apud
637 1995 786 2064 ipsos
812 2008 1152 2066 operaretur,
1184 1999 1283 2054 sed
1315 1999 1370 2054 in
1400 2001 1578 2071 ipsum
1617 2001 1782 2056 etiam
1818 1999 2034 2056 Patrem

465 2085 633 2140 stulte
666 2102 919 2156 peccare,
954 2101 1028 2154 et,
1073 2090 1117 2143 si
1173 2089 1242 2145 ad
1287 2091 1417 2144 vim‘
1445 2093 1714 2146 dictorum
1746 2093 2032 2162 respicias,

464 2191 656 2230 eorum
691 2177 978 2233 audaciam
1011 2181 1278 2248 coercuit,
1310 2196 1374 2236 ac
1404 2183 1687 2252 proposita
1722 2183 2034 2238 luturorum

467 2279 562 2333 spe
601 2267 799 2322 melius
827 2269 1010 2324 vivere
1042 2273 1338 2339 persuasit,
1367 2273 1436 2327 ad
1463 2274 1788 2344 obsequium
1816 2274 2034 2329 tandem

465 2370 562 2409 eos
592 2356 780 2426 adigit.
805 2357 1120 2412 Artiﬁciosa
1145 2375 1275 2415 vero
1297 2361 1385 2416 hic
1407 2363 1662 2418 oratione
1696 2379 1892 2421 rursus
1924 2365 2035 2419 uti-

466 2456 574 2497 tur.
602 2445 738 2500 Nam
775 2463 897 2502 cum
929 2448 1150 2504 Judaeos
1189 2450 1370 2506 adhuc
1407 2453 1665 2513 laborare
1688 2465 1897 2522 nosset,
1933 2457 2037 2511 hoc

465 2536 656 2590 estde
702 2553 761 2592 se
813 2540 1205 2605 scandalizari,
1243 2541 1404 2598 ﬁdem
1459 2559 1654 2600 rursus
1713 2529 1780 2600 ad
1830 2546 1924 2602 Dei
1973 2561 2036 2603 ac

467 2625 649 2682 Patris
681 2644 975 2698 personam
1007 2632 1197 2699 refert,
1225 2650 1338 2688 non
1372 2636 1532 2704 quasi
1575 2639 1814 2707 seipsum
1848 2641 2036 2694 exclu-

465 2715 589 2779 dat,
642 2717 738 2773 sed
816 2718 965 2787 quod
1024 2728 1252 2791 propter
1316 2723 1657 2777 identitatem
1718 2725 2038 2780 substantiae

467 2804 632 2859 etiam
681 2806 736 2861 iu
766 2805 928 2864 Patre
978 2809 1399 2866 liouoriﬁeetur.
1431 2812 1730 2867 Credentes
1758 2828 1888 2867 vero
1926 2829 2034 2868 non

2135 1638 2386 1705 ϐέϐηκεν
2407 1638 2476 1691 ἐκ
2509 1636 2616 1690 τοῦ
2649 1634 2908 1690 θανάτου
2935 1635 3022 1699 εἰς
3053 1631 3168 1700 τὴν
3195 1628 3364 1694 ζωήν.

2203 1727 2514 1792 Ἀποδείξας
2541 1727 2643 1797 ἤδη
2675 1725 2763 1778 διὰ
2809 1724 2917 1777 τῶν
2950 1722 3328 1794 προλαϐόντων
3373 1717 3700 1789 ἀρκούντως,

2133 1821 2209 1884 ὡς
2249 1822 2349 1874 οὐκ
2395 1822 2474 1883 εἰς
2521 1819 2680 1890 μόνον
2720 1816 3090 1888 ἁμαρτάνουσι
3127 1813 3217 1866 τὸν
3243 1812 3368 1865 Υἱδν
3401 1812 3448 1863 οἱ
3481 1810 3705 1870 τάλανες

2146 1912 2402 1975 Ἰουδαῖοι,
2432 1909 2736 1981 τολμῶντες
2768 1909 3029 1979 ἐπιτιμᾷν
3075 1900 3270 1975 οἷσπερ
3296 1903 3363 1957 ἂν
3392 1902 3528 1973 λέγῃ
3562 1899 3707 1954 sise-

2135 2021 2298 2068 σκων,
2332 2004 2366 2074 ἢ
2416 2002 2510 2056 καὶ
2552 2001 2851 2071 ἐργάζηται
2901 2000 3032 2070 παρ’
3069 1997 3272 2060 αὐτοῖς,
3319 1994 3454 2048 ἀλλὰ
3490 1992 3585 2045 καὶ
3631 1992 3711 2053 εἰς

2134 2094 2295 2148 αὐτὸν
2337 2091 2727 2162 ἀμαθαίνοντες
2774 2086 3152 2159 πλημμελοῦσι
3191 2084 3280 2139 τδν
3339 2082 3575 2152 Πατέρα,
3617 2080 3712 2133 καὶ

2133 2187 2256 2240 ὅσον
2284 2181 2417 2256 ἧκεν
2463 2186 2542 2247 είς
2588 2183 2686 2254 τὴν
2736 2181 2844 2235 τῶν
2874 2177 3174 2250 εἰρημένων
3229 2177 3528 2246 ἐνέργειαν,
3557 2188 3712 2239 περι-

2137 2277 2349 2339 στείλας
2374 2275 2450 2346 τῷ
2478 2275 2625 2345 φόϐῳ
2653 2275 2713 2327 τὸ
2739 2273 2956 2344 θράσος,
3006 2273 3099 2324 καὶ
3132 2270 3230 2340 ζῇν
3265 2266 3564 2327 ἀναπείσας
3589 2264 3712 2315 ἐπι-

2134 2368 2441 2440 εικέστερον
2491 2369 2556 2436 τῇ
2610 2365 2720 2418 τῶν
2765 2363 3038 2434 ἐσομένων
3081 2359 3277 2420 ἐλπίδι,
3319 2357 3500 2410 λοιπὸν
3536 2371 3708 2422 σαγη-

2135 2455 2278 2511 νεύει
2324 2455 2460 2526 πρὸς
2509 2454 2836 2507 εὐπείθειαν.
2881 2453 2995 2506 Οὐκ
3042 2451 3278 2520 ἀτέχνως
3317 2448 3373 2501 δὲ
3421 2445 3581 2499 πάλιν
3621 2443 3714 2496 τὸν

2135 2547 2226 2599 ἐπὶ
2270 2546 2477 2609 τούτοις
2513 2546 2804 2617 ἐποιήσατο
2841 2543 3018 2612 λόγον.
3062 2540 3278 2610 Ἐπειδὴ
3312 2538 3420 2608 γὰρ
3456 2533 3598 2589 οἶδεν
3632 2534 3715 2588 ἔτι

2135 2637 2420 2699 νοσοῦντας
2447 2637 2572 2700 τοὺς
2599 2637 2907 2698 Ἰουδαίους,
2935 2628 3447 2700 σκανδαλιζομένους
3467 2621 3714 2680 τουτέστι

2136 2729 2265 2799 περὶ
2301 2727 2486 2793 αὑτοῦ,
2519 2729 2680 2783 πάλιν
2709 2727 2968 2797 ἀναφέρει
3013 2724 3110 2795 τὴν
3145 2721 3325 2775 πίστιν
3359 2722 3438 2783 είς
3463 2719 3523 2770 τὸ
3548 2716 3714 2789 πρόσ-

2136 2837 2282 2874 ωπον
2309 2820 2402 2873 τοῦ
2427 2820 2561 2872 Θεοῦ
2591 2819 2684 2872 καὶ
2710 2818 2943 2887 Πατρδς,
2967 2816 3064 2885 οὐχ
3087 2815 3162 2878 ὡς
3187 2812 3376 2867 ἐαυτὸν
3399 2810 3503 2874 ἔξω
3523 2807 3714 2870 τιθεὶς,

472 2895 649 2950 solum
679 2903 901 2952 aeterna:
935 2899 1059 2952 vitae
1094 2899 1210 2953 fore
1237 2900 1556 2970 participes,
1595 2903 1688 2957 sed
1737 2912 1792 2958 et
1842 2903 2035 2970 judieii

2142 2911 2252 2964 ἀλλ’
2281 2911 2354 2974 ὡς
2385 2910 2472 2963 διὰ
2510 2910 2606 2981 τὴν
2641 2909 2943 2979 ταυτότητα
2967 2907 3064 2977 τῆς
3093 2905 3278 2968 οὐσίας
3308 2902 3402 2956 καὶ
3446 2904 3503 2954 ἐν
3541 2899 3714 2970 Πατρὶ

470 2987 746 3042 vitaturos
775 2989 1105 3057 perieulum,
1137 2990 1473 3058 justiﬁcatos
1494 2993 1754 3047 nimirum
1779 2993 2035 3058 aliirmat,

470 3080 675 3129 metum
716 3091 813 3146 spe
865 3077 1086 3132 mistum
1123 3080 1394 3148 injicieus.
1431 3079 1526 3135 Sic
1570 3084 1714 3136 enim
1764 3081 2036 3138 elﬁcaeior

467 3176 524 3220 et
558 3168 874 3237 expressior
924 3170 980 3224 in
1046 3172 1358 3228 auditorum
1419 3173 1618 3228 animis
1681 3173 1863 3229 futura
1917 3182 2036 3230 erat

467 3259 670 3313 oratio.

2141 2999 2466 3070 τιμώμενος.
2511 3000 2649 3062 Τοὺς
2699 2998 2756 3051 δέ
2797 3015 2861 3066 γε
2921 2995 3291 3055 πιστεύοντας,
3339 2991 3400 3043 οὐ
3458 2987 3715 3059 μετόχους

2143 3091 2360 3144 ἔσεσθαι
2393 3091 2552 3160 μόνον
2587 3093 2686 3161 τῆς
2725 3089 2940 3142 αἰωνίου
2978 3087 3142 3157 ζωῆς,
3201 3084 3334 3138 ἀλλά
3379 3083 3474 3136 καὶ
3517 3080 3608 3134 τὸν
3653 3081 3716 3132 ἐγ

2140 3181 2242 3248 τῆς
2295 3180 2525 3248 κρίσεως
2569 3177 2946 3246 διαφεύξεσθαι
2993 3177 3267 3238 κίνδυνον,
3308 3171 3715 3241 δικαιουμένους

2141 3268 2382 3338 δηλονότι
2430 3269 2834 3340 διισχυρίζεται,
2880 3265 3284 3338 κεκερασμένον
3337 3262 3508 3315 ἐλπίδι
3583 3276 3713 3330 προσ

469 3347 658 3403 τείνων
701 3350 791 3403 τὸν
841 3351 1024 3420 φόϐον.
1071 3353 1228 3408 Οὕτω
1255 3354 1362 3426 γὰρ
1413 3349 1480 3425 ἦν
1521 3356 1900 3427 ἐνεργέστερόν
1965 3373 2081 3419 πως
2117 3360 2211 3412 καὶ
2263 3359 2674 3430 δεικτικώτερον
2714 3361 2825 3423 τοῖς
2866 3357 3234 3428 ἀκροωμένοις
3305 3352 3716 3424 ἀπεργάσασθαι

469 3438 559 3492 τὸν
579 3438 756 3508 λόγον.

541 3528 610 3596 ν,
633 3495 724 3584 έὸ.
765 3530 955 3596 Amen,
983 3549 1135 3588 amen
1159 3532 1277 3589 dico
1307 3536 1474 3600 vobis,
1505 3537 1632 3606 quia
1655 3539 1787 3591 venit
1816 3495 1970 3600 hora,
1991 3547 2042 3592 et

473 3637 609 3674 nunc
644 3630 744 3686 est,
782 3621 992 3691 quando
1023 3625 1220 3678 mortui
1266 3626 1482 3681 audient
1513 3643 1688 3682 vocem
1719 3625 1853 3682 Filii
1888 3628 1985 3682 Dei
2021 3645 2039 3682 :

469 3721 518 3767 et
545 3712 635 3782 qui
663 3712 951 3778 audierint,
983 3715 1172 3770 vivent.

538 3802 675 3857 Cum
710 3803 944 3860 dixisset
989 3806 1280 3862 credentes
1309 3821 1340 3861 a
1373 3815 1554 3863 morte
1604 3809 1944 3865 transituros
1974 3809 2042 3864 ad

469 3885 668 3960 vitam,
699 3895 864 3950 modo
915 3896 1158 3968 seipsum
1218 3899 1601 3969 promissionis
1631 3899 1780 3955 illius
1822 3899 2044 3956 effecto-

2211 3535 2415 3606 Ἀμὴν,
2439 3534 2602 3604 ἀμὴν
2641 3531 2795 3603 λέγω
2843 3531 3007 3601 ὑμῖν,
3045 3531 3134 3584 ὅτι
3166 3529 3400 3598 ἔρχεται
3446 3528 3585 3597 ὥρα,
3617 3528 3713 3581 καί

2141 3628 2259 3682 νῦν
2285 3629 2475 3691 ἐστιν,
2501 3625 2600 3678 ὅτε
2635 3627 2690 3678 οἱ
2737 3623 2935 3690 νεκροί
2978 3621 3312 3676 ἀκούσουσι
3358 3620 3470 3687 τῆς
3512 3617 3713 3688 φωνῆς

2141 3718 2249 3772 τοῦ
2283 3716 2420 3770 Υἰοῦ
2458 3715 2564 3769 τοῦ
2591 3713 2758 3779 Θεοῦ,
2794 3713 2891 3766 καί
2924 3715 2977 3765 οὶ
3003 3712 3375 3777 ἀκούσαντες
3413 3708 3713 3775 ζήσω-ται.

2212 3809 2308 3861 Ἐκ
2358 3808 2586 3861 θανάτου
2635 3805 2772 3875 πρὸς
2815 3802 2962 3874 ζωὴν
3010 3801 3409 3872 μεταϐήσεσθαι
3451 3802 3579 3863 τοὺς
3629 3818 3721 3854 πι-

2147 3901 2433 3963 στεύοντας
2484 3897 2670 3962 εἰπὼν,
2716 3895 2906 3949 ἑαυτὸν
2957 3895 3198 3965 εἰσφέρει
3243 3894 3339 3962 τῆς
3389 3891 3717 3959 ἐπαγγελίας

468 4000 606 4051 rem,
630 3986 914 4058 totiusque
937 3988 1015 4042 rei
1039 3998 1536 4046 consummatorem
1561 3991 1854 4061 signiﬁcat,
1876 3992 2035 4061 simul

2145 3993 2401 4063 ἐργάτην,
2420 3991 2512 4044 καὶ
2542 3989 2663 4043 ὅλου
2697 3987 2790 4040 τοῦ
2822 3985 3143 4057 πράγματος
3174 3982 3555 4053 ἀποτελεστὴν,
3582 3983 3717 4052 ὁμοῦ

467 4082 636 4136 etiam
667 4080 874 4137 Judazis
908 4081 1159 4138 indicans
1187 4083 1497 4139 mirabilem
1537 4099 1729 4139 revera
1765 4099 1886 4140 eam
1920 4101 2040 4155 qua).

469 4180 714 4242 spectata
761 4182 847 4229 est
901 4173 958 4228 in
1007 4172 1309 4245 paralytico
1351 4176 1634 4240 virtutem,
1663 4187 2038 4230 verumtamen

470 4263 812 4317 mirabiliora
837 4265 924 4319 bis
955 4279 986 4318 a
1020 4264 1160 4320 Filio
1186 4273 1466 4335 patratum
1492 4267 1582 4332 iri,
1607 4268 1702 4337 qui
1741 4282 1854 4322 non
1893 4283 2038 4322 mor-

2149 4086 2246 4156 μὲν
2293 4085 2466 4138 ἐκεῖνο
2501 4084 2612 4145 τοῖς
2661 4079 2934 4141 Ἰουδαίοις
2979 4076 3440 4145 ὑπαινιττόμενος,
3473 4075 3554 4127 ὅτι
3589 4073 3719 4127 θαυ-

2148 4177 2324 4247 μαστὴ
2357 4175 2453 4245 μὲν
2480 4173 2645 4235 ὅντως
2667 4173 2814 4224 ἐστὶν
2840 4171 2872 4240 η
2898 4169 2991 4220 ἐπὶ
3016 4168 3094 4237 τῷ
3119 4166 3538 4236 παραλελυμένῳ
3555 4163 3717 4217 δύνα-

2147 4285 2260 4336 μις,
2295 4263 2726 4333 ἀξιολογωτέρων
2753 4261 2795 4313 δ’
2831 4256 2922 4314 οὖν
2953 4260 3100 4328 ὅμως
3149 4257 3590 4326 ἀναδειχθήσεται
3618 4254 3715 4324 δη-

469 4353 597 4407 bum
628 4353 900 4408 duntaxat
943 4363 1000 4410 et
1051 4357 1232 4412 morbi
1284 4358 1634 4413 inﬁrmitates
1670 4373 1734 4413 ex
1779 4358 2035 4414 humanis

2144 4357 2402 4429 μιουργὸς
2429 4359 2457 4409 ὁ
2475 4355 2622 4418 Υἱὸς,
2643 4354 2744 4406 οὒκ
2758 4350 3010 4423 ἀρῤώστη
3021 4367 3096 4420 μα
3119 4349 3424 4419 μόνον,οὖδέ
3436 4348 3532 4411 τὰς
3552 4349 3614 4400 ἐκ
3630 4347 3720 4398 νό-

468 4444 797 4513 corporibus
845 4443 1103 4515 depellat,
1131 4449 1226 4503 sed
1271 4458 1326 4504 et
1375 4450 1549 4520 ipsam
1584 4449 1748 4521 234.
1780 4458 2033 4515 mortem,

467 4538 523 4586 et
583 4533 934 4587 incubantem
1015 4540 1422 4607 corruptionem
1497 4547 1724 4594 evertat.
1793 4540 2036 4610 ldipsum

467 4620 614 4675 enim
661 4629 748 4677 est
789 4625 934 4691 quod
973 4627 1138 4693 paulo
1169 4635 1296 4682 ante
1342 4627 1549 4682 dictum
1577 4641 1661 4684 est
1686 4630 1730 4662 ⁸⁵
1767 4649 1781 4683 :
1817 4649 1836 4682 ‹
1877 4630 2038 4684 Pater

465 4710 643 4780 diligit
688 4711 912 4778 Filium,
941 4723 997 4769 et
1047 4716 1233 4770 omnia
1276 4717 1613 4774 demonstrat
1661 4720 1711 4775 ei
1745 4736 1870 4790 quae
1920 4723 2037 4792 ipse

465 4798 632 4870 facit;
659 4812 714 4859 et
745 4803 954 4873 majora
986 4806 1073 4861 his
1107 4807 1514 4863 demonstrabit
1548 4809 1598 4864 ei
1631 4825 1818 4879 opera,
1847 4819 1908 4866 ut
1935 4827 2034 4866 vos

464 4893 764 4949 miremini.
805 4914 823 4948 ι
855 4896 1161 4954 Admiratio
1194 4898 1338 4952 enim
1389 4898 1479 4953 illa
1523 4900 1702 4970 major
1748 4901 1804 4955 in
1851 4917 2038 4958 resur-

463 4988 712 5043 rectione
761 4998 1104 5044 mortuorum
1147 4997 1450 5059 spectatur.
1485 4989 1660 5046 Simul
1695 4993 1857 5046 etiam
1901 4993 2035 5048 illud

465 5087 737 5144 astruens,
753 5095 818 5134 ex
844 5095 954 5150 quo
975 5080 1276 5137 verisimile
1306 5089 1423 5136 erat
1453 5098 1560 5138 non
1594 5082 1920 5138 mediocrem
1939 5100 2038 5139 au-

466 5169 736 5226 ditoribus
773 5172 998 5226 allatum
1033 5172 1098 5226 iri
1127 5171 1571 5240 admirationem,
1591 5176 1848 5230 nimirum
1877 5177 2033 5233 exei-

464 5264 706 5315 taturum
738 5277 798 5316 se
826 5270 1098 5327 mortuos,
1132 5270 1186 5318 et
1215 5278 1311 5320 eos
1351 5265 1407 5319 in
1454 5266 1726 5336 judicium
1762 5267 2030 5323 adduetu—

462 5359 612 5417 rum,
637 5350 924 5408 manifeste
953 5353 1233 5422 przedicat,
1267 5362 1325 5409 ut
1353 5371 1420 5411 ex
1465 5372 1531 5412 eo
1557 5359 1700 5426 quod
1731 5373 1790 5412 se
1844 5374 2028 5414 coram

462 5449 530 5490 eo
561 5439 789 5496 stituros
818 5444 1142 5512 aliquando,
1167 5457 1218 5501 et
1250 5449 1516 5504 rationem
1547 5449 1614 5505 de
1646 5450 1876 5520 singulis
1911 5450 2031 5506 red-

538 5611 582 5642 ”
619 5613 816 5685 Supra,
847 5635 985 5674 vers.
1036 5621 1124 5675 ‘20.

2145 4468 2239 4504 σου
2282 4448 2550 4520 μαλακίας
2582 4447 2688 4500 τῶν
2721 4444 3073 4512 ἀνθρωπίνων
3105 4442 3402 4511 ἐξελαύνων
3426 4439 3715 4508 σωμάτων,

2142 4540 2279 4595 ἀλλά
2307 4541 2400 4594 καὶ
2433 4539 2596 4594 αὐτὸν
2619 4537 2720 4608 ἤδη
2750 4535 2840 4589 τὸν
2862 4535 3089 4588 θάνατον
3114 4534 3205 4585 καὶ
3220 4532 3318 4603 τὴν
3335 4529 3717 4601 ἐπισκήψασαν

2141 4629 2459 4702 ἀνατρέπων
2483 4627 2687 4697 φθοράν
2725 4627 2900 4696 (τοῦτο
2937 4625 3046 4696 γάρ
3067 4621 3132 4694 ἦν
3161 4624 3224 4677 τὸ
3258 4625 3352 4676 καὶ
3380 4622 3558 4692 μικρῷ
3583 4621 3718 4691 πρό-

2139 4738 2296 4792 τερον
2315 4719 2602 4791 εἰρημένον
2620 4735 2634 4749 ο
2662 4738 2679 4770 ι
2702 4719 2758 4772 '0
2779 4717 2963 4788 Πατὴρ
2987 4718 3128 4786 φιλεῖ
3145 4717 3236 4768 τὸν
3260 4716 3406 4777 Υίὸν,
3427 4714 3519 4767 καὶ
3538 4713 3715 4765 πάντα

2138 4811 2426 4875 δείκνυσιν,
2443 4810 2478 4864 ἀ
2498 4809 2660 4872 αὐτὸς
2677 4812 2840 4871 ποιεῖ,
2864 4809 2956 4862 καὶ⁸
2979 4808 3197 4878 μείζονα
3216 4805 3418 4859 τούτων
3441 4803 3602 4869 δείξει
3623 4803 3720 4854 αὐ-

2135 4904 2214 4974 τῷ
2231 4902 2388 4972 ἔργα,
2413 4902 2499 4955 ἴνα
2522 4901 2680 4971 ὑμεῖς
2701 4899 3038 4970 θαυμάζητε,
3069 4918 3087 4949 ›
3111 4898 3184 4950 Τὸ
3203 4897 3308 4966 γὰρ
3323 4897 3379 4947 ἐν
3404 4895 3482 4963 τῷ
3499 4894 3714 4962 θαυμά-

2135 4994 2323 5058 ζεσθαι
2349 4991 2611 5061 μεῖζον,ἐν
2639 4994 2698 5062 τῇ
2727 4991 2835 5044 τῶν
2858 4988 3066 5060 νεκρῶν
3083 4989 3374 5041 ἀναστάσει
3407 4983 3710 5054 quive-car)

2135 5086 2270 5154 ὁμοῦ
2327 5085 2384 5137 δέ
2427 5084 2589 5138 πάλιν
2619 5083 2794 5136 ἐκεῖνο
2819 5079 3267 5143 κατασκευάζων,
3297 5079 3432 5146 ὅπερ
3461 5072 3527 5147 ἧν
3567 5075 3716 5137 εἰκὸς

2135 5178 2234 5231 οὐκ
2261 5177 2319 5230 ὲν
2341 5176 2505 5247 ὀλίγῳ
2529 5175 2713 5246 μέτρῳ
2734 5172 3129 5240 καταπτοήσειν
3154 5171 3277 5233 τοὺς
3305 5167 3710 5240 ἀκροωμένους·

2136 5264 2345 5336 ὅτιγὰρ
2365 5266 2456 5318 καὶ
2479 5265 2769 5334 ἀναστήσει
2799 5261 2924 5324 τοὺς
2959 5261 3202 5332 νεκροὺς,
3238 5261 3330 5312 καὶ
3366 5258 3501 5328 πρὸς
3530 5257 3714 5326 κρίσιν

2137 5355 2254 5421 ἄξει
2278 5356 2338 5408 τὸ
2369 5351 2915 5426 ποίημα,διαγορεύει
2952 5352 3156 5420 σαφῶς,
3191 5351 3277 5404 ἵνα
3302 5349 3377 5420 τῷ
3407 5347 3711 5418 προσδοκᾷν

2139 5446 2282 5518 αύτῴ
2326 5444 2768 5518 παραστήσεσθαί
2823 5461 2968 5507 ποτε,
3026 5443 3116 5496 καὶ
3171 5441 3260 5497 τὸν
3317 5442 3399 5511 ἐφ’
3461 5439 3710 5500 ἑκάστοις
