4044 6200
478 301 585 358 383

1462 283 1518 338 S.
1555 281 1832 338 CYRILLI
1870 281 2341 342 ALEXANDRINI
2378 285 2698 342 ARCHIEP.

3607 291 3710 348 εει

477 413 532 459 te
563 413 618 460 et
659 402 950 474 splendore
995 414 1304 456 sermonem
1339 407 1655 470 temperans
1703 397 2023 453 humanitati

2143 402 2241 456 καὶ
2276 402 2618 475 λαμπρότητι
2645 405 2711 475 τῇ
2761 404 3055 474 θεοπρεπεῖ
3081 405 3172 458 τὸν
3194 405 3500 478 ἁρμόζοντα
3527 407 3592 475 τῇ
3621 407 3716 460 ἀν-

476 494 915 556 convenieutem,
953 493 1046 546 ira:
1099 491 1451 560 asperitatem
1505 488 1793 555 subducit,
1845 489 2043 546 mitius

477 583 878 653 quodammodo
926 596 990 635 ac
1035 580 1371 636 submissius
1411 593 1576 649 quam
1633 579 1923 649 oportebat
1959 578 2044 634 di-

475 677 606 728 cehs
633 690 646 725 :
671 691 689 723 ι
720 672 876 726 Sicut
898 671 1047 726 enim
1077 672 1237 726 Pater
1263 671 1425 725 habet
1445 671 1614 724 vitam
1634 670 1689 724 in
1718 670 2043 740 semetipso,

476 763 557 816 sic
591 772 642 816 et
675 760 812 815 Filio
837 761 988 816 dedit
1021 761 1226 817 habere
1249 762 1418 816 vitam
1446 761 1503 815 in
1534 760 1854 831 semetipso.
1887 779 1908 812 ι
1935 759 2044 816 Νο-

473 854 567 908 lite
598 855 808 919 mirari,
842 855 1043 924 inquit,
1070 856 1117 910 si
1155 870 1282 910 cum
1308 855 1478 910 vestri
1500 870 1650 910 nunc
1682 855 1882 911 similis
1911 857 2038 921 sim,

471 960 536 998 ac
566 945 754 999 videar
789 946 974 1012 homo,
1006 956 1254 1004 mortuos
1276 963 1363 1015 me
1390 947 1787 1004 suscitaturum
1807 946 2040 1016 promit-

471 1043 555 1100 to,
599 1042 648 1088 et
702 1036 758 1089 in
814 1036 1087 1104 judicium
1139 1037 1504 1092 adducturum
1571 1035 1799 1090 minitor
1836 1056 1849 1091 :
1889 1036 2041 1091 dedit

469 1125 672 1194 quippe
730 1126 864 1179 mihi
918 1126 1078 1181 Pater
1113 1134 1440 1196 potestatem
1497 1126 1841 1192 viviﬁcandi,
1890 1127 2041 1182 dedit

470 1216 604 1269 mihi
655 1215 941 1284 judicandi
989 1225 1340 1288 petestatem.
1375 1217 1672 1288 Postquam
1729 1227 1912 1275 autem
1943 1217 2038 1275 Juo

466 1305 707 1360 daeorum
760 1307 1002 1363 lubricas
1047 1323 1210 1364 aures
1260 1308 1348 1364 his
1378 1309 1561 1364 verbis
1615 1310 1852 1374 curavit,
1889 1309 2041 1364 illico

466 1411 526 1452 se
561 1396 630 1451 ad
664 1399 948 1468 sequentia
986 1400 1284 1464 convertit,
1317 1406 1373 1454 et
1402 1413 1627 1454 causam
1656 1400 1843 1456 statim
1865 1415 2037 1470 expo-

465 1503 624 1553 nens,
658 1489 729 1543 ob
761 1503 927 1558 quam
968 1489 1046 1543 ait
1079 1504 1138 1544 se
1187 1495 1510 1558 potestatem
1542 1489 1696 1544 illam
1727 1490 2033 1559 accepisse,

465 1574 727 1630 nimirum
762 1575 1189 1638 humanitatem,
1223 1590 1344 1644 quae
1383 1590 1414 1629 a
1457 1575 1638 1645 seipsa
1680 1574 1818 1628 nihil
1844 1573 2032 1638 habet,

463 1665 690 1734 subjicit
720 1682 732 1718 :
767 1684 785 1716 ι
825 1664 964 1730 Quia
1009 1663 1184 1720 Filius
1233 1664 1472 1719 hominis
1505 1674 1611 1720 cst.
1643 1682 1662 1715 ι
1697 1663 1854 1729 Quod
1885 1665 2032 1719 enim

2147 491 2456 562 θρωπότητι
2497 492 3020 561 λόγον,ύποκλέπτει
3053 494 3114 548 τδ
3165 495 3304 566 βαρὺ
3356 495 3455 564 τῆς
3505 494 3711 563 ὀργῆςο

2143 581 2544 651 ἐπιεικέστερόν
2589 599 2707 646 πως
2763 582 2857 638 καὶ
2889 583 3194 652 ὑφειμένως
3219 623 3234 647 ,
3263 584 3295 654 ἢ
3329 576 3475 656 ᾗπερ
3525 583 3712 653 ἐχρῆν,

2143 671 2314 741 λέγων
2346 689 2360 702 ο
2390 690 2410 723 ι
2446 672 2655 742 Ὠσπερ
2701 673 2806 742 γὰρ
2833 675 2862 726 6
2887 673 3072 744 Πατὴρ
3102 673 3212 744 ἔχει
3252 674 3398 744 ζωὴν
3424 675 3481 726 έν
3514 673 3715 741 ἑαυτῷ,

2141 761 2284 816 οὕτω
2306 762 2498 833 καὶτῷ
2536 762 2652 832 Υίῷ
2681 762 2880 816 δέδωκε
2909 762 3052 834 ζωὴν
3073 763 3215 832 ἔχειν
3237 765 3294 816 ὲν
3330 761 3532 832 ἑαυτῷ.
3567 780 3584 812 ι
3622 763 3713 830 Μὴ

2144 850 2474 920 θαυμάζετε,
2505 851 2668 920 φησιν
2691 889 2706 914 ,
2742 851 2791 902 εί
2845 849 2968 902 καθ’
3004 851 3148 921 ὑμᾶς
3177 850 3272 904 νῦν
3307 850 3588 920 ὑπάρχων,
3625 850 3719 900 καὶ

2143 940 2420 1012 ὁρώμενος
2447 939 2732 1010 ἄνθρωπος
2753 979 2768 1003 ,
2796 940 3119 1011 ἀναστήσειν
3170 939 3535 1010 ὑπισχνοῦμαι
3590 939 3718 1000 τοὺς

2140 1032 2388 1104 νεκροὺς,
2419 1031 2515 1085 καὶ
2547 1033 2626 1096 είς
2654 1031 2833 1102 κρίσιν
2857 1032 3012 1099 ἀγειν
3043 1032 3250 1085 ἀπειλῶ
3272 1049 3286 1062 ι
3315 1029 3520 1084 δέδωκέ
3545 1046 3636 1099 μοι
3658 1027 3720 1080 τὸ

2139 1121 2395 1176 δύνασθαι
2438 1122 2720 1191 ζωογονεῖν
2744 1123 2772 1174 6
2805 1123 3018 1193 Πατὴρ,
3047 1121 3248 1175 δέδωκὲ
3283 1139 3376 1192 μοι
3411 1121 3471 1173 τὸ
3510 1121 3718 1190 κρίνειν
3793 1163 3806 1184 ,

2139 1213 2229 1267 ἐπ’
2265 1213 2531 1281 ἐξουσίας.
2577 1213 2796 1283 Ἐπειδὴ
2843 1213 2903 1266 δὲ
2933 1212 3020 1266 διὰ
3059 1213 3262 1266 τούτων
3291 1213 3405 1282 ⁴τὴν
3444 1211 3714 1264 εὐόλισθον

2136 1305 2244 1358 τῶν
2273 1303 2538 1358 Ἰουδαίων
2563 1303 2967 1376 τεθεράπευκεν
2991 1304 3178 1373 ἀκοὴν,
3197 1303 3452 1373 φροντίδα
3474 1305 3708 1357 ποιεῖται

2137 1395 2340 1466 γοργὴν
2388 1395 2481 1448 καὶ
2511 1394 2610 1464 τῆς
2637 1395 2744 1448 τῶν
2767 1393 2964 1465 ἐφεξῆς
2992 1393 3276 1463 ὡφελείας,
3295 1395 3388 1448 καὶ
3410 1395 3510 1464 τὴν
3531 1395 3710 1449 αἰτίαν

2136 1488 2297 1550 εὐθὺς
2325 1487 2418 1540 τοῦ
2467 1486 2709 1556 δεδέχθαι
2743 1487 2923 1555 λέγειν
2960 1486 3149 1539 ἑαυτὸν
3183 1485 3547 1556 ἐξηγούμενος
3612 1485 3710 1552 τὴν

2135 1577 2286 1630 οὐδὲν
2339 1576 2566 1646 ἔχουσαν
2606 1576 2666 1641 ἐξ
2709 1576 2908 1645 ἑαυτῆς
2950 1575 3362 1645 ἀνθρωπότητα,
3393 1575 3710 1646 προῖσχεται

2135 1668 2326 1735 λέγων’
2374 1687 2391 1719 ι
2433 1668 2551 1720 Ὀτι
2581 1666 2709 1730 Υἱὸς
2731 1666 3017 1738 ἀνθρώπου
3065 1665 3228 1719 ἐστίν.
3268 1683 3287 1716 ι
3319 1666 3439 1719 Ὅτι
3481 1665 3590 1732 γάρ
3618 1665 3714 1718 καὶ

464 1757 576 1809 vita
627 1755 696 1808 sit
729 1753 1034 1810 secundum
1071 1763 1326 1808 naturam
1367 1769 1524 1810 suam
1561 1755 1908 1824 Unigenitus,
1943 1770 2023 1807 ne

2141 1759 2253 1830 ζωὴ
2282 1759 2421 1813 κατά
2445 1759 2607 1826 φύσιν
2632 1758 2781 1810 ἐστὶν
2806 1759 2834 1811 6
2862 1755 3192 1827 Μονογενὴς,
3221 1756 3312 1810 καὶ
3348 1756 3408 1809 ού
3438 1755 3584 1824 ζωῆς
3611 1756 3710 1825 τῆς

461 1859 570 1913 que
598 1847 766 1900 vitam
812 1845 879 1900 ab
917 1846 1026 1899 alio
1065 1844 1392 1915 participet,
1446 1844 1543 1901 sed
1591 1859 1657 1900 eo
1710 1843 1872 1899 modo
1921 1859 2031 1913 quo

460 1937 626 1992 Pater
655 1937 924 2001 vivificet,
955 1937 1295 2008 superfluum
1319 1945 1426 2002 est,
1457 1937 1677 2007 opinor,
1713 1937 2028 2007 imprzescn-

460 2028 661 2081 tiarum
711 2029 917 2090 dicere,
965 2044 1090 2082 cum
1141 2029 1199 2083 in
1241 2029 1367 2084 libri
1408 2028 1576 2098 hujus
1609 2029 1766 2082 initio
1803 2028 1924 2084 fuse
1964 2028 2032 2084 de

459 2119 560 2172 illo
595 2119 935 2188 disputatum
967 2120 1038 2175 sit
1066 2120 1132 2174 ad
1159 2135 1284 2174 eum
1324 2121 1504 2176 locum
1536 2138 1550 2175 :
1584 2138 1603 2172 ι
1630 2119 1789 2186 Quod
1826 2118 2028 2173 factum

457 2216 544 2263 est
581 2208 634 2262 in
670 2207 792 2278 ipso
824 2209 932 2262 vita
963 2217 1082 2263 erat
1111 2210 1176 2263 ⁸⁷.
1218 2229 1238 2263 ι

525 2297 594 2362 ν,
627 2298 718 2357 28.
742 2299 831 2354 29.
863 2301 1042 2354 Nolite
1088 2301 1278 2354 mirari
1309 2300 1425 2368 hoc,
1457 2301 1582 2369 quia
1614 2302 1751 2355 venit
1803 2300 1936 2355 hora
1973 2304 2027 2356 in

453 2405 560 2456 qua
599 2405 777 2443 omnes
811 2391 902 2458 qui
943 2391 995 2443 in
1042 2391 1387 2446 monumentis
1431 2400 1575 2453 sunt,
1607 2391 1818 2444 audient
1855 2407 2028 2446 uocem

457 2477 588 2532 Filii
621 2478 736 2536 Dei.
772 2490 822 2533 et
871 2481 1151 2548 procedent
1179 2481 1270 2549 qui
1315 2481 1479 2552 236
1513 2479 1649 2534 bona
1683 2482 1942 2550 fecerunt,
1973 2486 2028 2537 in

451 2572 880 2624 resurrectionem
932 2573 1052 2627 vitm
1094 2589 1112 2626 :
1172 2573 1263 2642 qui
1310 2589 1427 2627 vero
1482 2574 1628 2628 mala
1676 2584 1921 2646 egerunt,
1972 2578 2027 2630 in

453 2662 883 2716 resurrectionem
915 2662 1132 2731 judicii.

523 2751 619 2809 liis
660 2752 880 2824 quidem
924 2755 1108 2810 verbis
1162 2753 1590 2810 resurrectionis
1641 2755 2024 2811 universorum

451 2855 667 2915 tempus
700 2846 998 2916 signiﬁcat,
1032 2839 1166 2915 quo,
1201 2854 1260 2900 ut
1291 2846 1515 2900 divinus
1545 2846 1638 2901 ille
1667 2855 1855 2902 noster
1876 2847 2025 2900 Pau-

449 2935 533 2990 lus
563 2936 781 3001 scribit,
831 2956 850 2988 ι
896 2935 1018 3006 Ipse
1056 2936 1324 2994 Dominus
1370 2937 1424 2990 in
1457 2937 1646 3006 jussu,
1687 2938 1740 2990 in
1773 2953 1906 2993 voce
1935 2954 2024 2993 ar-

446 3023 728 3095 changeli,
757 3025 811 3078 in
852 3024 982 3078 tuba
1027 3023 1123 3078 Dei
1157 3021 1452 3081 descendet
1473 3026 1540 3080 de
1571 3026 1732 3092 caelo,
1764 3027 2021 3096 ijudica-

2139 1851 2269 1923 παρ⁸
2291 1851 2478 1921 ἐτέρου
2510 1849 2758 1920 μέτοχος,
2783 1849 3068 1915 ζωογονεῖν
3095 1865 3153 1900 τε
3176 1847 3367 1910 οὕτως,
3399 1845 3585 1916 ῶσπερ
3615 1849 3712 1899 καὶ

2137 1941 2166 1994 6
2192 1943 2412 2012 Πατὴρ,
2447 1940 2699 2012 περιττὸν
2734 1935 2888 2008 οἶμαι
2919 1938 3096 2006 λέγειν
3141 1938 3274 2006 πρὸς
3305 1938 3365 1990 τὸ
3399 1937 3592 2006 παρὸν,
3615 1938 3714 1989 έπ-

2139 2031 2296 2102 είπερ
2333 2033 2464 2101 ἡμῖν
2503 2032 2562 2084 ού
2603 2030 2809 2101 βραχὺς
2843 2031 2900 2082 ἐν
2949 2029 3121 2100 τούτῳ
3162 2027 3524 2098 δεδαπάνηται
3555 2027 3711 2095 λόγος

2136 2121 2195 2174 ὲν
2222 2123 2362 2192 ἀρχῇ
2397 2121 2491 2175 τοῦ
2549 2121 2755 2191 βιϐλίου
2780 2161 2795 2186 ,
2831 2119 3193 2192 προκειμένου
3241 2118 3426 2190 ῥητοῦ,
3469 2137 3485 2170 ι
3527 2119 3592 2170 "0
3618 2120 3713 2186 γέ-

2136 2227 2291 2280 γονεν
2330 2212 2388 2264 ὲν
2421 2211 2569 2280 αύτῷ
2599 2209 2710 2281 ζωὴ
2742 2205 2831 2280 ἦν.
2865 2227 2883 2260 ι

2205 2302 2302 2370 Μὴ
2352 2301 2671 2371 θαυμάζετε
2719 2301 2932 2364 τοῦτο,
2986 2300 3075 2354 ὅτι
3124 2300 3354 2368 ἔρχεται
3393 2298 3534 2368 ὥρα,
3574 2299 3644 2352 ὲν
3675 2294 3713 2369 ᾖ

2133 2393 2354 2460 πάντες
2385 2394 2440 2446 οἱ
2476 2394 2545 2446 ἐν
2587 2392 2714 2458 τοῖς
2741 2392 3049 2461 μνημείοις
3087 2391 3421 2446 ἀκούσουσι
3451 2389 3559 2456 τῆς
3595 2407 3714 2458 φωρ

2133 2483 2248 2550 γῆς
2295 2482 2499 2546 αὑτοῦ,
2529 2481 2626 2536 καὶ
2671 2481 3100 2546 ἐξελεύσονται
3143 2481 3198 2532 οἱ
3223 2479 3294 2532 τὰ
3322 2479 3511 2547 ἀγαθά
3535 2477 3710 2543 ποιή-

2131 2591 2352 2640 σαντες
2371 2575 2458 2639 sic
2494 2571 2835 2626 ἀνάστασιν
2857 2569 3024 2640 ζωῆς·
3060 2573 3114 2624 οἱ
3137 2569 3204 2622 δὲ
3232 2571 3303 2624 τὰ
3331 2568 3532 2639 φαῦλα
3566 2566 3712 2636 πρά-

2133 2665 2367 2732 ξαντες,
2390 2666 2476 2730 είς
2505 2661 2846 2718 ἀνάστασιν
2872 2663 3149 2730 κρίσεως.

2205 2753 2466 2826 Σημαίνει
2505 2753 2602 2822 μὲν
2653 2751 2739 2804 διὰ
2773 2750 2976 2804 τούτων
3030 2747 3131 2813 τῆς
3175 2744 3430 2799 ἁπάντων
3478 2743 3710 2797 ἀναστά-

2132 2863 2268 2909 σεως
2330 2843 2419 2898 τὸν
2474 2843 2666 2914 καιρὸν
2689 2883 2704 2908 ,
2733 2844 2821 2895 ὅτε
2846 2882 2859 2904 ,
2893 2839 3142 2909 καθάπερ
3190 2838 3318 2909 ἡμῖν
3357 2837 3386 2889 ό
3427 2834 3710 2896 Θεσπέσιος

2130 2936 2405 2991 ἐπέστειλε
2432 2935 2644 2999 Παῦλος
2667 2973 2684 3000 ,
2707 2953 2725 2984 ι
2759 2932 2930 2996 Αὐτὸς
2958 2933 2986 2984 6
3029 2931 3232 3002 Κύριος
3261 2932 3317 2982 ὲν
3345 2926 3705 2996 κελεύσματι,

2130 3032 2188 3084 ὲν
2219 3031 2371 3100 φωνῇ
2403 3026 2764 3100 ἀρχαγγέλου,
2793 3026 2850 3077 ὲν
2887 3024 3146 3091 σάλπιγγι
3171 3020 3304 3074 Θεοῦ
3337 3017 3708 3088 καταϐήσεται

448 3124 609 3172 turus
656 3119 844 3170 orbem
895 3117 949 3170 in
983 3116 1202 3186 justitia
1230 3117 1296 3183 ⁸⁸,
1340 3127 1396 3174 et
1445 3116 1761 3174 redditurus
1802 3095 2022 3174 unicui-

2129 3122 2223 3176 ἀπ’
2247 3120 2495 3192 ούρανοῦ,
2531 3139 2550 3172 ι
2576 3121 2757 3189 κρῖναι
2797 3117 2894 3189 τὴν
2920 3114 3244 3186 οἰκουμένην
3278 3114 3335 3167 ὲν
3375 3109 3705 3182 δικαιοσύνῃ,

445 3221 553 3274 que
615 3207 915 3262 secundum
980 3222 1146 3276 opera
1209 3221 1330 3262 sua.
1416 3206 1768 3276 Repetitione
1840 3216 2023 3264 tamen

445 3295 762 3351 eorumdem
795 3297 1083 3365 imperitos
1113 3296 1432 3365 Judgcorum
1467 3299 1684 3355 animos
1714 3301 1874 3370 quasi
1910 3315 2023 3354 ma-

446 3386 710 3453 nuducit,
756 3396 817 3440 ut
865 3387 1015 3442 clare
1064 3386 1281 3444 discere
1323 3395 1530 3458 queant
1583 3390 1795 3458 majora
1839 3391 1912 3446 ab
1955 3407 2022 3447 eo

445 3477 708 3530 miracula
745 3487 1019 3546 patratum
1049 3479 1116 3532 iri
1148 3495 1313 3549 quam
1368 3479 1515 3550 quod
1569 3480 1772 3534 factum
1822 3490 1910 3537 est
1961 3483 2016 3537 in

447 3569 769 3638 paralytico,
793 3578 848 3623 et
877 3585 937 3624 se
967 3569 1140 3625 totius
1163 3571 1317 3626 orbis
1353 3571 1716 3626 constitutum
1755 3571 1819 3625 iri
1870 3573 2020 3642 judi-

445 3674 586 3713 cem.
629 3659 969 3730 Comparans
1020 3672 1204 3717 autem
1239 3669 1585 3718 mortuorum
1619 3664 2016 3718 resurrectioni

442 3749 605 3806 unius
640 3751 980 3806 curationem
1003 3792 1018 3817 ,
1067 3752 1330 3821 majorem
1391 3760 1447 3807 et
1490 3752 1792 3822 digniorem
1827 3761 2016 3808 osten-

441 3840 522 3894 dit
546 3855 670 3896 esse
699 3845 809 3894 vim
848 3840 998 3896 illam
1031 3842 1309 3897 solvendae
1344 3843 1560 3906 mortis,
1600 3850 1660 3898 et
1700 3845 2017 3914 corruptio-

441 3931 530 3987 nis
556 3933 802 3987 omnium
839 3934 1117 3997 tollendae,
1160 3933 1410 4004 adeoque
1459 3934 1582 4004 jure
1615 3943 1670 3990 et
1698 3937 2017 3991 necessario

440 4023 600 4092 quasi
652 4022 722 4078 de
787 4025 1000 4079 minore
1053 4025 1320 4080 miraculo
1363 4025 1487 4080 ait:
1533 4044 1551 4077 ι
1591 4024 1775 4082 Nolite
1825 4026 2016 4080 mirari

439 4113 564 4169 hoc.
607 4133 625 4166 ι
661 4112 852 4184 Neque
904 4130 1034 4170 vero
1098 4115 1416 4185 putabimus
1470 4117 1648 4187 ipsum
1688 4117 1777 4173 his
1831 4117 2016 4173 verbis

437 4221 666 4277 operum
697 4223 940 4262 suorum
959 4207 1204 4262 claritati
1241 4207 1552 4271 detrahere,
1593 4218 1689 4264 aut
1719 4216 1874 4264 certe
1907 4223 2012 4264 au-

439 4295 714 4352 ditoribus
776 4300 1078 4368 praecipere
1142 4313 1212 4354 ne
1261 4298 1531 4354 mirentur
1582 4313 1705 4369 qua:
1766 4299 2012 4370 alioquin

439 4383 806 4439 admiratione
866 4394 999 4440 sunt
1045 4383 1407 4456 dignissima;
1448 4388 1544 4442 sed
1602 4388 1708 4444 hoc
1757 4389 1904 4444 scire
1959 4395 2014 4443 et

437 4472 664 4528 credere
688 4472 807 4527 vult
840 4487 937 4528 eos
978 4473 1073 4544 qui
1123 4476 1342 4530 attoniti
1380 4485 1540 4532 erant
1579 4478 1674 4533 illo
1720 4478 2010 4541 miraculo,

439 4576 632 4633 parum
665 4562 801 4617 illud
839 4579 963 4619 esse
993 4565 1285 4621 hactenus.
1317 4566 1492 4623 Verbo
1514 4569 1660 4623 enim
1696 4584 1761 4624 ac
1807 4570 2014 4624 virtute

437 4653 644 4719 divina,
679 4667 790 4706 non
820 4661 1034 4707 tantum
1065 4654 1346 4711 diuturnis
1372 4658 1579 4714 morbis
1604 4666 1830 4714 vexatos
1862 4661 2013 4715 exci-

438 4751 542 4808 tat,
568 4744 664 4800 sed
685 4751 741 4800 et
771 4743 876 4814 ipsi
907 4745 1074 4798 morti
1107 4746 1418 4810 immersos,
1454 4757 1510 4802 et
1552 4748 1856 4804 inevitabili
1889 4765 2012 4804 cor-

437 4833 694 4905 ruptione
733 4840 1054 4904 superatos.
1090 4833 1326 4904 Ideoque
1358 4834 1534 4904 majus
1566 4837 1828 4906 quiddam
1876 4837 2012 4894 infe-

437 4941 565 4984 rens
589 4926 706 4980 ait:
737 4943 756 4978 ι
781 4923 926 4990 Quia
954 4924 1138 4981 veniet
1168 4924 1326 4990 hora,
1363 4926 1419 4981 in
1458 4942 1566 4998 qua
1593 4942 1785 4984 omnes
1815 4929 1912 5000 qui
1947 4929 2003 4986 in

437 5018 809 5074 monumentis
836 5025 968 5074 sunt
996 5018 1224 5073 audient
1257 5033 1448 5075 vocem
1471 5020 1616 5090 ejus.
1637 5038 1655 5071 ι
1690 5019 1797 5087 Qui
1834 5022 2005 5078 verbo

435 5111 584 5165 enim
611 5117 811 5167 cuncta
833 5124 865 5166 e
892 5108 1068 5164 nihilo
1091 5109 1373 5180 produxit,
1403 5110 1680 5181 quomodo
1711 5127 1821 5167 non
1853 5122 2007 5184 pote-

435 5197 508 5253 rit
529 5197 744 5254 eﬂicere
765 5207 827 5254 ut
849 5198 997 5269 quod
1033 5198 1151 5269 jam
1169 5199 1377 5255 factum
1421 5209 1506 5258 est
1527 5202 1584 5256 in
1609 5211 1794 5258 ortum
1825 5205 2007 5262 denuo

435 5291 783 5345 revertatur?
813 5291 1124 5363 Utrumque
1158 5293 1305 5347 enim
1349 5291 1598 5361 ejusdem
1642 5302 1726 5350 est
1765 5295 2006 5360 virtutis,

435 5387 493 5432 et
530 5380 698 5439 unius
731 5383 1024 5452 potestatis
1070 5383 1324 5440 mirabile
1358 5392 1604 5456 estapus
1651 5386 1705 5442 in
1756 5397 2011 5458 utroque.

439 5463 658 5525 Utiliter
681 5480 866 5527 autem
889 5473 1140 5543 subjicit,
1163 5491 1522 5544 processuros
1554 5491 1584 5532 c
1615 5477 2011 5534 monumentis.

507 5647 550 5682 ’ν
595 5649 791 5723 Supra,
818 5670 831 5705 l
855 5695 866 5715 ,
907 5657 954 5708 λι.
1036 5656 1081 5687 ⁸⁸
1121 5655 1136 5708 l
1169 5656 1362 5713 Thess.
1399 5673 1473 5726 tv,
1508 5659 1589 5712 l5.

2125 3215 2220 3266 καὶ
2251 3211 2544 3266 ἀποδώσων
2568 3210 2666 3283 [αι.
2698 3207 3020 3280 ἀποδώσειν]
3052 3207 3266 3274 ἑκάστῳ
3305 3204 3444 3257 κατὰ
3471 3207 3540 3256 τά
3569 3203 3710 3272 ἔργα

2123 3303 2307 3357 αὑτοῦ.
2342 3302 2686 3374 Χειραγωγεῖ
2718 3300 2762 3352 δ’
2807 3295 2900 3354 οῦν
2938 3299 3088 3368 ὅμως
3135 3295 3222 3347 διά
3255 3293 3352 3362 τῆς
3383 3291 3491 3344 τῶν
3525 3290 3707 3343 αὐτῶν

2123 3393 2513 3466 ὲπαναλὴψεως
2559 3391 2657 3461 τὴν
2704 3388 3088 3460 ἀμαθεστάτην
3136 3383 3242 3436 τῶν
3284 3380 3551 3435 Ἰουδαίων
3587 3377 3706 3430 διὰ-

2121 3501 2271 3540 νοιαν
2321 3486 2402 3546 εἰς
2433 3483 2494 3536 τὸ
2532 3481 2790 3536 δύνασθαι
2815 3478 3048 3532 συνιέναι
3080 3473 3264 3542 σαφῶς
3287 3513 3301 3538 ,
3334 3473 3414 3524 ὅτι
3465 3469 3557 3523 καὶ
3594 3486 3708 3539 μει-

2121 3577 2288 3640 ζόνων
2307 3575 2459 3628 ἔσται
2481 3571 2868 3644 τερατουργδς,
2898 3571 2956 3622 ὲν
2986 3563 3068 3632 οἷς
3105 3569 3133 3620 6
3163 3564 3474 3636 παράλυτος
3500 3556 3587 3632 ἦν,
3611 3560 3708 3612 καὶ

2119 3660 2218 3730 τῆς
2244 3660 2569 3731 οἰκουμένης
2616 3656 3065 3728 ἀναδειχθὴσεται
3111 3654 3326 3725 κριτής.
3380 3651 3705 3719 Ἀντιπαραο

2115 3751 2286 3814 τιθεὶς
2318 3751 2376 3803 δὲ
2431 3749 2719 3822 χρησίμως
2755 3751 2822 3818 τῇ
2871 3746 2978 3800 τῶν
3007 3743 3216 3816 νεκρῶν
3261 3740 3556 3794 ἀναστάσει
3607 3739 3706 3809 τὴν

2121 3841 2204 3913 ἐφ’
2227 3843 2305 3894 ἑνὶ
2325 3841 2433 3894 τῶν
2455 3839 2750 3895 νοσούντων
2767 3837 3081 3910 θεραπείαν,
3103 3833 3327 3906 μείζονά
3357 3849 3416 3884 τε
3440 3829 3708 3894 καὶάξιο-

2117 3931 2425 4004 λογωτέραν
2479 3929 2806 4002 ἐπιδεικνύει
2837 3930 2935 3999 τὴν
2992 3926 3225 3981 θανάτου
3272 3923 3498 3991 λυτικὴν
3544 3920 3708 3990 ἐνέρ-

2117 4043 2293 4094 γειαν,
2313 4025 2405 4078 καὶ
2435 4023 2641 4094 φθορᾶς
2669 4022 2765 4092 τῆς
2803 4021 3058 4075 ἁπάντων
3085 4012 3706 4087 ἀναιρετικὴν,εἱκότως

2115 4131 2176 4168 τε
2230 4115 2323 4168 καὶ
2368 4113 2702 4182 ἀναγκαίως,
2740 4111 2815 4174 ὡς
2870 4110 2957 4164 ἐπ’
2989 4108 3233 4161 ἐλάττονι
3287 4104 3365 4176 τῷ
3417 4102 3706 4173 παραδόξῳ

2117 4205 2250 4277 φησι
2276 4220 2291 4236 ο
2330 4223 2349 4257 ι
2379 4204 2472 4276 Μὴ
2505 4202 2812 4272 θαυμάζετε
2844 4199 3021 4254 τοῦτο.
3056 4219 3073 4250 ι
3115 4199 3225 4254 Καὶ
3269 4197 3328 4249 οὑ
3358 4195 3530 4264 δήπου
3570 4195 3705 4246 πάν-

2115 4313 2215 4359 τας
2249 4294 2359 4367 [ἷσ.
2390 4292 2629 4364 πάντως]
2676 4291 2970 4364 νομιοῦμεν
3003 4290 3164 4343 αὐτὸν
3195 4289 3292 4358 τῆς
3335 4285 3442 4339 τῶν
3486 4284 3704 4336 οἰκείων

2044 4425 2088 4480 D
2123 4388 2298 4458 ἔργων
2346 4386 2730 4458 λαμπρότητος
2776 4382 2868 4437 διὰ
2913 4383 3137 4480 τούτων·
3165 4380 3521 4480 κατηγορεῖν,
3547 4375 3580 4445 ἧ
3608 4375 3701 4428 καὶ

2119 4481 2230 4542 τοῖς
2277 4478 2646 4549 ἀκροωμένοις
2697 4475 3042 4538 ἐπιτάττειν,
3077 4473 3153 4543 μὴ
3200 4471 3397 4544 χρῆναι
3425 4467 3700 4536 Θαύματος

2117 4567 2403 4635 ἀξιοῦν,τά
2434 4568 2517 4634 ἐφ’
2559 4561 2640 4630 οἷς
2661 4569 2726 4620 ἂν
2751 4565 2974 4628 εἰκότως
3001 4557 3482 4633 θαυμάζοιεν,ἀλλ⁵
3503 4557 3700 4610 εἰδέναι

2117 4675 2174 4710 τε
2195 4659 2288 4712 καὶ
2307 4656 2582 4711 πιστεύειν
2612 4656 2860 4727 βούλεται
2883 4655 3008 4717 τοὺς
3026 4654 3112 4706 ἐπ’
3129 4652 3322 4721 ἐκείνῳ
3351 4664 3557 4703 καταπε
3567 4646 3701 4716 πληο

2118 4747 2374 4817 γμένους.
2401 4747 2483 4800 ὅτι
2515 4748 2714 4817 μικρὸν
2748 4745 2896 4817 αὐτῷ
2934 4745 2995 4798 τὸ
3031 4744 3189 4816 μέχρι
3209 4741 3399 4794 τούτου
3425 4737 3703 4806 θαυμάζε-

2119 4838 2264 4894 σθαι.
2291 4837 2523 4907 Ἐγείρει
2554 4837 2663 4909 γάρ
2684 4837 2827 4908 λόγῳ
2861 4837 2956 4892 καὶ
2988 4833 3236 4906 ἐνεργείᾳ
3258 4830 3570 4901 θεοπρεπεῖ,
3601 4828 3703 4897 οὐχ

2111 4931 2257 4994 ὅπως
2301 4931 2366 4984 ὲκ
2412 4929 2638 5001 μακρῶν
2695 4925 3148 5000 ἀρρωστημάτων
3191 4923 3318 4985 τοὺς
3372 4910 3703 4990 κάμνοντας,

2113 5025 2248 5080 ἀλλά
2271 5026 2362 5080 καὶ
2384 5023 2579 5085 αὐτοὺς
2605 5023 2702 5093 ἤδη
2730 5022 2856 5085 τοὺς
2873 5020 2951 5091 τῷ
2970 5017 3183 5087 θανάτῳ
3211 5011 3700 5085 βεδαπτισμένους,

2115 5119 2210 5172 καὶ
2233 5117 2458 5187 ἀκράτῳ
2484 5114 2866 5185 νενικημένους
2892 5111 3084 5183 φθορᾷ.
3114 5107 3224 5161 Καὶ
3249 5106 3337 5159 διὰ
3364 5103 3520 5156 τοῦτό
3538 5119 3698 5170 φησι,

2115 5209 2175 5262 τὸ
2197 5209 2381 5279 μεῖζον
2414 5207 2680 5276 εἰσφέρων
2701 5221 2716 5237 ο
2748 5223 2766 5255 ι
2805 5204 2925 5258 Ὅτι
2951 5201 3168 5273 ἔρχεται
3191 5198 3330 5268 ὥρα,
3351 5197 3408 5247 ὲν
3501 5193 3703 5255 πάντ-ς

2115 5300 2167 5352 οἱ
2197 5299 2254 5350 ὲν
2271 5301 2382 5361 τοῖς
2402 5295 2686 5368 μνημείοις
2717 5292 3040 5348 ἀκούσονται
3070 5289 3165 5360 τῆς
3189 5287 3372 5356 φωνῆς
3402 5282 3618 5336 αύτοῦ.ι
3645 5283 3703 5333 '0

2106 5385 2215 5456 γάρ
2249 5388 2391 5458 λόγῳ
2419 5387 2486 5441 τὰ
2508 5387 2604 5440 οὐκ
2627 5386 2755 5439 ὄντα
2785 5383 2914 5436 ποτὲ
2938 5381 3070 5452 πρὸς
3094 5379 3153 5432 τὸ
3171 5374 3309 5431 εἶναι
3337 5370 3700 5444 παράγαγε-ν),

2123 5493 2235 5538 πως
2262 5477 2360 5530 οὐκ
2385 5475 2448 5530 ἂν
2478 5474 2690 5546 ἰσχύσαι
2722 5470 2779 5524 τδ
2801 5471 2896 5541 ἤδη
2928 5465 3293 5537 πεποιημένον
3316 5461 3724 5532 παλινδρομεῖν.
