  <div class='ocr_page' id='page_1' title='image "/cluster/home/n/w/nwhite01/storage/ocr_20150623/73/hvd.32044073502023/198.png"; bbox 0 0 4044 6200; ppageno 0'>
   <div class='ocr_carea' id='block_1_1' title="bbox 301 281 416 336">
    <p class='ocr_par' dir='ltr' id='par_1_1' title="bbox 301 281 416 336">
     <span class='ocr_line' id='line_1_1' title="bbox 301 281 416 336; baseline 0 0"><span class='ocrx_word' id='word_1_1' title='bbox 301 281 416 336; x_wconf 78' lang='lat'><strong>385</strong></span> 
     </span>
    </p>
   </div>
   <div class='ocr_carea' id='block_1_2' title="bbox 1356 279 2523 338">
    <p class='ocr_par' dir='ltr' id='par_1_2' title="bbox 1356 279 2523 338">
     <span class='ocr_line' id='line_1_2' title="bbox 1356 279 2523 338; baseline 0.002 -4"><span class='ocrx_word' id='word_1_2' title='bbox 1356 281 1425 334; x_wconf 81' lang='lat' dir='ltr'><strong>IN</strong></span> <span class='ocrx_word' id='word_1_3' title='bbox 1453 279 1739 336; x_wconf 74' lang='lat' dir='ltr'><strong>JOANNIS</strong></span> <span class='ocrx_word' id='word_1_4' title='bbox 1779 279 2226 338; x_wconf 73' lang='lat' dir='ltr'><strong>EVANGELIUM</strong></span> <span class='ocrx_word' id='word_1_5' title='bbox 2289 281 2420 338; x_wconf 87' lang='lat' dir='ltr'><strong>LIB.</strong></span> <span class='ocrx_word' id='word_1_6' title='bbox 2461 282 2523 336; x_wconf 86' lang='grc' dir='ltr'><strong>ΙΙ.</strong></span> 
     </span>
    </p>
   </div>
   <div class='ocr_carea' id='block_1_3' title="bbox 3453 291 3559 349">
    <p class='ocr_par' dir='ltr' id='par_1_3' title="bbox 3453 291 3559 349">
     <span class='ocr_line' id='line_1_3' title="bbox 3453 291 3559 349; baseline 0 0"><span class='ocrx_word' id='word_1_7' title='bbox 3453 291 3559 349; x_wconf 73' lang='lat'><strong>386</strong></span> 
     </span>
    </p>
   </div>
   <div class='ocr_carea' id='block_1_4' title="bbox 299 386 1866 464">
    <p class='ocr_par' dir='ltr' id='par_1_4' title="bbox 299 386 1862 461">
     <span class='ocr_line' id='line_1_4' title="bbox 299 386 1862 461; baseline -0.003 -15"><span class='ocrx_word' id='word_1_8' title='bbox 299 393 598 445; x_wconf 80' lang='grc' dir='ltr'>ἀναπεῖσαι</span> <span class='ocrx_word' id='word_1_9' title='bbox 634 386 765 461; x_wconf 85' lang='grc' dir='ltr'>πρὸς</span> <span class='ocrx_word' id='word_1_10' title='bbox 792 389 1040 456; x_wconf 85' lang='grc' dir='ltr'>γένεσιν;</span> <span class='ocrx_word' id='word_1_11' title='bbox 1071 386 1190 443; x_wconf 74' lang='grc' dir='ltr'>Εἶεν</span> <span class='ocrx_word' id='word_1_12' title='bbox 1233 394 1339 461; x_wconf 83' lang='grc' dir='ltr'>γὰρ</span> <span class='ocrx_word' id='word_1_13' title='bbox 1373 389 1440 444; x_wconf 72' lang='grc' dir='ltr'>ἂν</span> <span class='ocrx_word' id='word_1_14' title='bbox 1488 389 1633 444; x_wconf 73' lang='grc' dir='ltr'>οὕτω</span> <span class='ocrx_word' id='word_1_15' title='bbox 1669 391 1766 460; x_wconf 82' lang='grc' dir='ltr'>τῆς</span> <span class='ocrx_word' id='word_1_16' title='bbox 1794 389 1862 442; x_wconf 77' lang='grc' dir='ltr'>αὖ</span> 
     </span>
    </p>
   </div>
   <div class='ocr_carea' id='block_1_5' title="bbox 1965 386 3555 464">
    <p class='ocr_par' dir='ltr' id='par_1_5' title="bbox 1993 391 3555 464">
     <span class='ocr_line' id='line_1_5' title="bbox 1993 391 3555 464; baseline 0.012 -21"><span class='ocrx_word' id='word_1_17' title='bbox 1993 401 2312 461; x_wconf 86' lang='lat' dir='ltr'><strong>peccatores</strong></span> <span class='ocrx_word' id='word_1_18' title='bbox 2339 391 2582 460; x_wconf 87' lang='lat' dir='ltr'><strong>quidem,</strong></span> <span class='ocrx_word' id='word_1_19' title='bbox 2615 399 2671 447; x_wconf 91' lang='lat' dir='ltr'><strong>et</strong></span> <span class='ocrx_word' id='word_1_20' title='bbox 2705 400 2974 464; x_wconf 77' lang='lat' dir='ltr'><strong>quotquot</strong></span> <span class='ocrx_word' id='word_1_21' title='bbox 3000 393 3247 463; x_wconf 84' lang='lat' dir='ltr'><strong>improbe</strong></span> <span class='ocrx_word' id='word_1_22' title='bbox 3293 398 3555 462; x_wconf 74' lang='lat' dir='ltr'><strong>vixerint.</strong></span> 
     </span>
    </p>
   </div>
   <div class='ocr_carea' id='block_1_6' title="bbox 295 473 1896 552">
    <p class='ocr_par' dir='ltr' id='par_1_6' title="bbox 295 473 1896 552">
     <span class='ocr_line' id='line_1_6' title="bbox 295 473 1896 552; baseline -0.001 -16"><span class='ocrx_word' id='word_1_23' title='bbox 295 473 408 551; x_wconf 56' lang='grc' dir='ltr'>τῆς</span> <span class='ocrx_word' id='word_1_24' title='bbox 454 481 735 552; x_wconf 78' lang='grc' dir='ltr'><strong>ἐνεργείας</strong></span> <span class='ocrx_word' id='word_1_25' title='bbox 767 482 1031 550; x_wconf 79' lang='grc' dir='ltr'>ἑκάτερα,</span> <span class='ocrx_word' id='word_1_26' title='bbox 1067 481 1160 534; x_wconf 86' lang='grc' dir='ltr'>καὶ</span> <span class='ocrx_word' id='word_1_27' title='bbox 1210 485 1339 550; x_wconf 84' lang='grc' dir='ltr'>μιᾶς</span> <span class='ocrx_word' id='word_1_28' title='bbox 1393 481 1642 547; x_wconf 83' lang='grc' dir='ltr'>ἐξουσίας</span> <span class='ocrx_word' id='word_1_29' title='bbox 1693 481 1756 534; x_wconf 91' lang='grc' dir='ltr'><strong>τὸ</strong></span> <span class='ocrx_word' id='word_1_30' title='bbox 1810 483 1896 534; x_wconf 83' lang='grc' dir='ltr'><strong>ἐπ’</strong></span> 
     </span>
    </p>
   </div>
   <div class='ocr_carea' id='block_1_7' title="bbox 297 572 1896 645">
    <p class='ocr_par' dir='ltr' id='par_1_7' title="bbox 297 572 1896 645">
     <span class='ocr_line' id='line_1_7' title="bbox 297 572 1896 645; baseline 0.001 -19"><span class='ocrx_word' id='word_1_31' title='bbox 297 575 511 642; x_wconf 73' lang='grc' dir='ltr'>ἀμφοῖν</span> <span class='ocrx_word' id='word_1_32' title='bbox 544 573 872 640; x_wconf 83' lang='grc' dir='ltr'>ἀξιάγαστον</span> <span class='ocrx_word' id='word_1_33' title='bbox 897 572 1264 643; x_wconf 80' lang='grc' dir='ltr'><strong>ἀποτέλεσμα.</strong></span> <span class='ocrx_word' id='word_1_34' title='bbox 1303 573 1580 641; x_wconf 88' lang='grc' dir='ltr'>Ἐπιλέγει</span> <span class='ocrx_word' id='word_1_35' title='bbox 1613 573 1668 626; x_wconf 86' lang='grc' dir='ltr'>δὲ</span> <span class='ocrx_word' id='word_1_36' title='bbox 1701 574 1896 645; x_wconf 83' lang='grc' dir='ltr'>χρησί-</span> 
     </span>
    </p>
   </div>
   <div class='ocr_carea' id='block_1_8' title="bbox 302 663 1892 736">
    <p class='ocr_par' dir='ltr' id='par_1_8' title="bbox 302 663 1892 736">
     <span class='ocr_line' id='line_1_8' title="bbox 302 663 1892 736; baseline 0.001 -20"><span class='ocrx_word' id='word_1_37' title='bbox 302 681 444 734; x_wconf 82' lang='grc' dir='ltr'>μως,</span> <span class='ocrx_word' id='word_1_38' title='bbox 485 665 565 717; x_wconf 83' lang='grc' dir='ltr'>ὅτι</span> <span class='ocrx_word' id='word_1_39' title='bbox 615 663 1038 734; x_wconf 77' lang='grc' dir='ltr'><strong>προελεύσονται</strong></span> <span class='ocrx_word' id='word_1_40' title='bbox 1065 664 1174 717; x_wconf 82' lang='grc' dir='ltr'><strong>τῶν</strong></span> <span class='ocrx_word' id='word_1_41' title='bbox 1231 665 1556 736; x_wconf 80' lang='grc' dir='ltr'><strong>μνημάτων,</strong></span> <span class='ocrx_word' id='word_1_42' title='bbox 1585 666 1634 717; x_wconf 79' lang='grc' dir='ltr'>οἱ</span> <span class='ocrx_word' id='word_1_43' title='bbox 1665 665 1764 735; x_wconf 81' lang='grc' dir='ltr'><strong>μὲν</strong></span> <span class='ocrx_word' id='word_1_44' title='bbox 1804 667 1892 718; x_wconf 83' lang='grc' dir='ltr'><strong>ἐπ’</strong></span> 
     </span>
    </p>
   </div>
   <div class='ocr_carea' id='block_1_9' title="bbox 296 754 1886 827">
    <p class='ocr_par' dir='ltr' id='par_1_9' title="bbox 296 754 1886 827">
     <span class='ocr_line' id='line_1_9' title="bbox 296 754 1886 827; baseline 0.003 -21"><span class='ocrx_word' id='word_1_45' title='bbox 296 757 549 824; x_wconf 80' lang='grc' dir='ltr'><strong>αἰσχροῖς</strong></span> <span class='ocrx_word' id='word_1_46' title='bbox 577 754 816 818; x_wconf 84' lang='grc' dir='ltr'>ἁλόντες,</span> <span class='ocrx_word' id='word_1_47' title='bbox 849 755 944 807; x_wconf 73' lang='grc' dir='ltr'>καὶ</span> <span class='ocrx_word' id='word_1_48' title='bbox 975 755 1209 826; x_wconf 80' lang='grc' dir='ltr'>πονηρίᾳ</span> <span class='ocrx_word' id='word_1_49' title='bbox 1251 755 1759 826; x_wconf 76' lang='grc' dir='ltr'>συμϐιοτεύσαντες,</span> <span class='ocrx_word' id='word_1_50' title='bbox 1787 757 1886 827; x_wconf 78' lang='grc' dir='ltr'><strong>τὴν</strong></span> 
     </span>
    </p>
   </div>
   <div class='ocr_carea' id='block_1_10' title="bbox 292 843 1881 918">
    <p class='ocr_par' dir='ltr' id='par_1_10' title="bbox 292 843 1881 918">
     <span class='ocr_line' id='line_1_10' title="bbox 292 843 1881 918; baseline 0.001 -20"><span class='ocrx_word' id='word_1_51' title='bbox 292 843 653 914; x_wconf 75' lang='grc' dir='ltr'><strong>ἀτελεύτητον</strong></span> <span class='ocrx_word' id='word_1_52' title='bbox 680 844 965 913; x_wconf 80' lang='grc' dir='ltr'>ὑφέξονται</span> <span class='ocrx_word' id='word_1_53' title='bbox 994 843 1524 918; x_wconf 63' lang='grc' dir='ltr'>[ύφέξοντεςῖδίκηψ</span> <span class='ocrx_word' id='word_1_54' title='bbox 1567 847 1616 899; x_wconf 73' lang='grc' dir='ltr'>οἱ</span> <span class='ocrx_word' id='word_1_55' title='bbox 1659 846 1716 899; x_wconf 84' lang='grc' dir='ltr'>δὲ</span> <span class='ocrx_word' id='word_1_56' title='bbox 1766 847 1881 900; x_wconf 89' lang='grc' dir='ltr'>δια-</span> 
     </span>
    </p>
   </div>
   <div class='ocr_carea' id='block_1_11' title="bbox 293 935 1880 1009">
    <p class='ocr_par' dir='ltr' id='par_1_11' title="bbox 293 935 1880 1009">
     <span class='ocr_line' id='line_1_11' title="bbox 293 935 1880 1009; baseline 0.002 -20"><span class='ocrx_word' id='word_1_57' title='bbox 293 938 531 1006; x_wconf 78' lang='grc' dir='ltr'>πρεπεῖς</span> <span class='ocrx_word' id='word_1_58' title='bbox 558 937 616 987; x_wconf 90' lang='grc' dir='ltr'>ἐν</span> <span class='ocrx_word' id='word_1_59' title='bbox 633 935 978 1005; x_wconf 83' lang='grc' dir='ltr'>ἀρεταῖς,τῆς</span> <span class='ocrx_word' id='word_1_60' title='bbox 997 936 1296 1000; x_wconf 75' lang='grc' dir='ltr'><strong>ἐπιεικείας</strong></span> <span class='ocrx_word' id='word_1_61' title='bbox 1321 937 1513 1008; x_wconf 89' lang='grc' dir='ltr'>μισθὸν</span> <span class='ocrx_word' id='word_1_62' title='bbox 1539 937 1880 1009; x_wconf 82' lang='grc' dir='ltr'>ἀντικομιού·</span> 
     </span>
    </p>
   </div>
   <div class='ocr_carea' id='block_1_12' title="bbox 295 1021 1878 1094">
    <p class='ocr_par' dir='ltr' id='par_1_12' title="bbox 295 1021 1878 1094">
     <span class='ocr_line' id='line_1_12' title="bbox 295 1021 1878 1094; baseline -0.001 -18"><span class='ocrx_word' id='word_1_63' title='bbox 295 1041 452 1094; x_wconf 83' lang='grc' dir='ltr'>μενοι</span> <span class='ocrx_word' id='word_1_64' title='bbox 507 1022 605 1094; x_wconf 76' lang='grc' dir='ltr'>τὴν</span> <span class='ocrx_word' id='word_1_65' title='bbox 652 1021 868 1076; x_wconf 77' lang='grc' dir='ltr'>αἰώνιον</span> <span class='ocrx_word' id='word_1_66' title='bbox 913 1023 1093 1093; x_wconf 54' lang='grc' dir='ltr'><strong>ζωήν</strong></span> <span class='ocrx_word' id='word_1_67' title='bbox 1126 1023 1260 1094; x_wconf 80' lang='grc' dir='ltr'>ὁμοῦ</span> <span class='ocrx_word' id='word_1_68' title='bbox 1310 1023 1441 1094; x_wconf 79' lang='grc' dir='ltr'>μὲν,</span> <span class='ocrx_word' id='word_1_69' title='bbox 1495 1023 1744 1094; x_wconf 84' lang='grc' dir='ltr'>καθάπερ</span> <span class='ocrx_word' id='word_1_70' title='bbox 1776 1023 1878 1092; x_wconf 76' lang='grc' dir='ltr'><strong>ήδη</strong></span> 
     </span>
    </p>
   </div>
   <div class='ocr_carea' id='block_1_13' title="bbox 291 1111 1879 1192">
    <p class='ocr_par' dir='ltr' id='par_1_13' title="bbox 291 1111 1879 1192">
     <span class='ocr_line' id='line_1_13' title="bbox 291 1111 1879 1192; baseline -0.001 -27"><span class='ocrx_word' id='word_1_71' title='bbox 291 1112 651 1184; x_wconf 85' lang='grc' dir='ltr'>προείπομεν,</span> <span class='ocrx_word' id='word_1_72' title='bbox 684 1112 878 1165; x_wconf 88' lang='grc' dir='ltr'>ἐαυτὸν</span> <span class='ocrx_word' id='word_1_73' title='bbox 916 1113 1176 1182; x_wconf 87' lang='grc' dir='ltr'>διανομέα</span> <span class='ocrx_word' id='word_1_74' title='bbox 1217 1112 1326 1165; x_wconf 83' lang='grc' dir='ltr'>τῶν</span> <span class='ocrx_word' id='word_1_75' title='bbox 1373 1112 1588 1182; x_wconf 75' lang='grc' dir='ltr'>ἑκάστῳ</span> <span class='ocrx_word' id='word_1_76' title='bbox 1643 1111 1879 1192; x_wconf 65' lang='grc' dir='ltr'><strong>πρεπόν⁰</strong></span> 
     </span>
    </p>
   </div>
   <div class='ocr_carea' id='block_1_14' title="bbox 288 1202 1876 1274">
    <p class='ocr_par' dir='ltr' id='par_1_14' title="bbox 288 1202 1876 1274">
     <span class='ocr_line' id='line_1_14' title="bbox 288 1202 1876 1274; baseline -0.003 -17"><span class='ocrx_word' id='word_1_77' title='bbox 288 1222 400 1257; x_wconf 90' lang='grc' dir='ltr'><strong>των</strong></span> <span class='ocrx_word' id='word_1_78' title='bbox 448 1205 542 1257; x_wconf 72' lang='grc' dir='ltr'>καὶ</span> <span class='ocrx_word' id='word_1_79' title='bbox 573 1204 659 1256; x_wconf 84' lang='grc' dir='ltr'>διὰ</span> <span class='ocrx_word' id='word_1_80' title='bbox 698 1202 903 1256; x_wconf 88' lang='grc' dir='ltr'>τούτων</span> <span class='ocrx_word' id='word_1_81' title='bbox 947 1203 1250 1273; x_wconf 75' lang='grc' dir='ltr'><strong>εἰσφέρων,</strong></span> <span class='ocrx_word' id='word_1_82' title='bbox 1289 1203 1424 1274; x_wconf 81' lang='grc' dir='ltr'>ὁμοῦ</span> <span class='ocrx_word' id='word_1_83' title='bbox 1465 1204 1521 1256; x_wconf 84' lang='grc' dir='ltr'>δὲ</span> <span class='ocrx_word' id='word_1_84' title='bbox 1550 1203 1876 1264; x_wconf 83' lang='grc' dir='ltr'>ἀναπείθων,</span> 
     </span>
    </p>
   </div>
   <div class='ocr_carea' id='block_1_15' title="bbox 1995 481 3559 549">
    <p class='ocr_par' dir='ltr' id='par_1_15' title="bbox 1995 481 3559 549">
     <span class='ocr_line' id='line_1_15' title="bbox 1995 481 3559 549; baseline 0.009 -16"><span class='ocrx_word' id='word_1_85' title='bbox 1995 487 2055 534; x_wconf 92' lang='lat' dir='ltr'><strong>ut</strong></span> <span class='ocrx_word' id='word_1_86' title='bbox 2082 489 2320 535; x_wconf 75' lang='lat' dir='ltr'><strong>aeternas</strong></span> <span class='ocrx_word' id='word_1_87' title='bbox 2354 495 2545 549; x_wconf 72' lang='lat' dir='ltr'><strong>pmnas</strong></span> <span class='ocrx_word' id='word_1_88' title='bbox 2568 481 2742 545; x_wconf 81' lang='lat' dir='ltr'><strong>luant,</strong></span> <span class='ocrx_word' id='word_1_89' title='bbox 2768 483 2926 538; x_wconf 88' lang='lat' dir='ltr'><strong>bonis</strong></span> <span class='ocrx_word' id='word_1_90' title='bbox 2965 494 3145 540; x_wconf 82' lang='lat' dir='ltr'><strong>autem</strong></span> <span class='ocrx_word' id='word_1_91' title='bbox 3175 497 3230 541; x_wconf 92' lang='lat' dir='ltr'><strong>et</strong></span> <span class='ocrx_word' id='word_1_92' title='bbox 3256 488 3559 547; x_wconf 77' lang='lat' dir='ltr'><strong>virtutibus</strong></span> 
     </span>
    </p>
   </div>
   <div class='ocr_carea' id='block_1_16' title="bbox 1988 572 3560 650">
    <p class='ocr_par' dir='ltr' id='par_1_16' title="bbox 1988 572 3560 650">
     <span class='ocr_line' id='line_1_16' title="bbox 1988 572 3560 650; baseline -0.002 -25"><span class='ocrx_word' id='word_1_93' title='bbox 1988 572 2331 640; x_wconf 84' lang='lat' dir='ltr'><strong>conspicuis,</strong></span> <span class='ocrx_word' id='word_1_94' title='bbox 2374 580 2434 626; x_wconf 94' lang='lat' dir='ltr'><strong>ut</strong></span> <span class='ocrx_word' id='word_1_95' title='bbox 2463 574 2852 641; x_wconf 77' lang='lat' dir='ltr'><strong>sempiternam</strong></span> <span class='ocrx_word' id='word_1_96' title='bbox 2895 575 3060 628; x_wconf 81' lang='lat' dir='ltr'><strong>vitam</strong></span> <span class='ocrx_word' id='word_1_97' title='bbox 3098 578 3392 644; x_wconf 88' lang='lat' dir='ltr'><strong>probitatis</strong></span> <span class='ocrx_word' id='word_1_98' title='bbox 3420 596 3560 650; x_wconf 67' lang='lat' dir='ltr'><strong>pm-</strong></span> 
     </span>
    </p>
   </div>
   <div class='ocr_carea' id='block_1_17' title="bbox 1987 659 3555 735">
    <p class='ocr_par' dir='ltr' id='par_1_17' title="bbox 1987 659 3555 735">
     <span class='ocr_line' id='line_1_17' title="bbox 1987 659 3555 735; baseline 0.006 -23"><span class='ocrx_word' id='word_1_99' title='bbox 1987 661 2159 712; x_wconf 89' lang='lat' dir='ltr'><strong>mium</strong></span> <span class='ocrx_word' id='word_1_100' title='bbox 2203 659 2464 723; x_wconf 80' lang='lat' dir='ltr'><strong>referant,</strong></span> <span class='ocrx_word' id='word_1_101' title='bbox 2502 660 2801 728; x_wconf 87' lang='lat' dir='ltr'><strong>simulque,</strong></span> <span class='ocrx_word' id='word_1_102' title='bbox 2836 670 2894 712; x_wconf 93' lang='lat' dir='ltr'><strong>ut</strong></span> <span class='ocrx_word' id='word_1_103' title='bbox 2939 661 3052 728; x_wconf 86' lang='lat' dir='ltr'><strong>jam</strong></span> <span class='ocrx_word' id='word_1_104' title='bbox 3097 664 3254 732; x_wconf 87' lang='lat' dir='ltr'><strong>prius</strong></span> <span class='ocrx_word' id='word_1_105' title='bbox 3292 664 3555 735; x_wconf 83' lang='lat' dir='ltr'><strong>diximus,</strong></span> 
     </span>
    </p>
   </div>
   <div class='ocr_carea' id='block_1_18' title="bbox 1985 750 3557 822">
    <p class='ocr_par' dir='ltr' id='par_1_18' title="bbox 1985 750 3557 822">
     <span class='ocr_line' id='line_1_18' title="bbox 1985 750 3557 822; baseline 0.006 -19"><span class='ocrx_word' id='word_1_106' title='bbox 1985 751 2234 819; x_wconf 81' lang='lat' dir='ltr'><strong>seipsum</strong></span> <span class='ocrx_word' id='word_1_107' title='bbox 2265 750 2505 819; x_wconf 88' lang='lat' dir='ltr'><strong>judicem</strong></span> <span class='ocrx_word' id='word_1_108' title='bbox 2537 765 2726 806; x_wconf 88' lang='lat' dir='ltr'><strong>eorum</strong></span> <span class='ocrx_word' id='word_1_109' title='bbox 2769 767 2891 821; x_wconf 81' lang='lat' dir='ltr'><strong>quae</strong></span> <span class='ocrx_word' id='word_1_110' title='bbox 2922 753 3123 822; x_wconf 84' lang='lat' dir='ltr'><strong>cuique</strong></span> <span class='ocrx_word' id='word_1_111' title='bbox 3157 754 3427 810; x_wconf 87' lang='lat' dir='ltr'><strong>debentur</strong></span> <span class='ocrx_word' id='word_1_112' title='bbox 3471 759 3557 815; x_wconf 86' lang='lat' dir='ltr'><strong>his</strong></span> 
     </span>
    </p>
   </div>
   <div class='ocr_carea' id='block_1_19' title="bbox 1985 839 3556 914">
    <p class='ocr_par' dir='ltr' id='par_1_19' title="bbox 1985 839 3556 914">
     <span class='ocr_line' id='line_1_19' title="bbox 1985 839 3556 914; baseline 0.01 -22"><span class='ocrx_word' id='word_1_113' title='bbox 1985 855 2208 910; x_wconf 85' lang='lat' dir='ltr'><strong>quoque</strong></span> <span class='ocrx_word' id='word_1_114' title='bbox 2253 839 2439 896; x_wconf 80' lang='lat' dir='ltr'><strong>verbis</strong></span> <span class='ocrx_word' id='word_1_115' title='bbox 2487 840 2829 911; x_wconf 82' lang='lat' dir='ltr'><strong>significans,</strong></span> <span class='ocrx_word' id='word_1_116' title='bbox 2873 858 2940 897; x_wconf 89' lang='lat' dir='ltr'><strong>ac</strong></span> <span class='ocrx_word' id='word_1_117' title='bbox 2993 854 3257 914; x_wconf 63' lang='lat' dir='ltr'><strong>praterea</strong></span> <span class='ocrx_word' id='word_1_118' title='bbox 3316 850 3556 907; x_wconf 89' lang='lat' dir='ltr'><strong>suadens</strong></span> 
     </span>
    </p>
   </div>
   <div class='ocr_carea' id='block_1_20' title="bbox 1986 931 3555 1007">
    <p class='ocr_par' dir='ltr' id='par_1_20' title="bbox 1986 931 3555 1007">
     <span class='ocr_line' id='line_1_20' title="bbox 1986 931 3555 1007; baseline 0.01 -24"><span class='ocrx_word' id='word_1_119' title='bbox 1986 939 2080 983; x_wconf 87' lang='lat' dir='ltr'><strong>aut</strong></span> <span class='ocrx_word' id='word_1_120' title='bbox 2111 939 2258 986; x_wconf 87' lang='lat' dir='ltr'><strong>metu</strong></span> <span class='ocrx_word' id='word_1_121' title='bbox 2293 933 2562 986; x_wconf 88' lang='lat' dir='ltr'><strong>malorum</strong></span> <span class='ocrx_word' id='word_1_122' title='bbox 2595 931 3000 1001; x_wconf 85' lang='lat' dir='ltr'><strong>improbitatem</strong></span> <span class='ocrx_word' id='word_1_123' title='bbox 3029 935 3218 1007; x_wconf 80' lang='lat' dir='ltr'><strong>fugere</strong></span> <span class='ocrx_word' id='word_1_124' title='bbox 3270 949 3324 994; x_wconf 90' lang='lat' dir='ltr'><strong>et</strong></span> <span class='ocrx_word' id='word_1_125' title='bbox 3346 941 3410 994; x_wconf 90' lang='lat' dir='ltr'><strong>ad</strong></span> <span class='ocrx_word' id='word_1_126' title='bbox 3442 957 3555 998; x_wconf 81' lang='lat' dir='ltr'><strong>me-</strong></span> 
     </span>
    </p>
   </div>
   <div class='ocr_carea' id='block_1_21' title="bbox 1987 1020 3553 1092">
    <p class='ocr_par' dir='ltr' id='par_1_21' title="bbox 1987 1020 3553 1092">
     <span class='ocr_line' id='line_1_21' title="bbox 1987 1020 3553 1092; baseline 0.008 -18"><span class='ocrx_word' id='word_1_127' title='bbox 1987 1021 2177 1075; x_wconf 87' lang='lat' dir='ltr'><strong>liorem</strong></span> <span class='ocrx_word' id='word_1_128' title='bbox 2220 1020 2430 1092; x_wconf 81' lang='lat' dir='ltr'><strong>frugem</strong></span> <span class='ocrx_word' id='word_1_129' title='bbox 2463 1037 2522 1077; x_wconf 91' lang='lat' dir='ltr'><strong>se</strong></span> <span class='ocrx_word' id='word_1_130' title='bbox 2557 1021 2882 1085; x_wconf 87' lang='lat' dir='ltr'><strong>transferre,</strong></span> <span class='ocrx_word' id='word_1_131' title='bbox 2913 1033 3008 1078; x_wconf 88' lang='lat' dir='ltr'><strong>aut</strong></span> <span class='ocrx_word' id='word_1_132' title='bbox 3057 1036 3280 1082; x_wconf 64' lang='lat' dir='ltr'><strong>aeterna:</strong></span> <span class='ocrx_word' id='word_1_133' title='bbox 3301 1030 3426 1085; x_wconf 74' lang='lat' dir='ltr'><strong>vitae</strong></span> <span class='ocrx_word' id='word_1_134' title='bbox 3453 1031 3553 1086; x_wconf 68' lang='lat' dir='ltr'><strong>deo</strong></span> 
     </span>
    </p>
   </div>
   <div class='ocr_carea' id='block_1_22' title="bbox 1986 1111 3553 1183">
    <p class='ocr_par' dir='ltr' id='par_1_22' title="bbox 1986 1111 3553 1183">
     <span class='ocr_line' id='line_1_22' title="bbox 1986 1111 3553 1183; baseline 0.007 -16"><span class='ocrx_word' id='word_1_135' title='bbox 1986 1112 2190 1167; x_wconf 88' lang='lat' dir='ltr'><strong>siderio</strong></span> <span class='ocrx_word' id='word_1_136' title='bbox 2245 1111 2656 1183; x_wconf 87' lang='lat' dir='ltr'><strong>quodammodo</strong></span> <span class='ocrx_word' id='word_1_137' title='bbox 2700 1114 3014 1170; x_wconf 86' lang='lat' dir='ltr'><strong>stimulatos</strong></span> <span class='ocrx_word' id='word_1_138' title='bbox 3075 1118 3334 1175; x_wconf 86' lang='lat' dir='ltr'><strong>virtutem</strong></span> <span class='ocrx_word' id='word_1_139' title='bbox 3389 1122 3553 1178; x_wconf 85' lang='lat' dir='ltr'><strong>vehe—</strong></span> 
     </span>
    </p>
   </div>
   <div class='ocr_carea' id='block_1_23' title="bbox 1983 1203 2476 1272">
    <p class='ocr_par' dir='ltr' id='par_1_23' title="bbox 1983 1203 2476 1272">
     <span class='ocr_line' id='line_1_23' title="bbox 1983 1203 2476 1272; baseline 0.008 -18"><span class='ocrx_word' id='word_1_140' title='bbox 1983 1203 2226 1257; x_wconf 89' lang='lat' dir='ltr'><strong>mentius</strong></span> <span class='ocrx_word' id='word_1_141' title='bbox 2255 1218 2476 1272; x_wconf 88' lang='lat' dir='ltr'><strong>cupere.</strong></span> 
     </span>
    </p>
   </div>
   <div class='ocr_carea' id='block_1_24' title="bbox 287 1293 3550 1370">
    <p class='ocr_par' dir='ltr' id='par_1_24' title="bbox 287 1293 3550 1370">
     <span class='ocr_line' id='line_1_24' title="bbox 287 1293 3550 1370; baseline 0.002 -22"><span class='ocrx_word' id='word_1_142' title='bbox 287 1297 324 1367; x_wconf 74' lang='grc' dir='ltr'>ἢ</span> <span class='ocrx_word' id='word_1_143' title='bbox 364 1295 446 1366; x_wconf 86' lang='grc' dir='ltr'><strong>τῷ</strong></span> <span class='ocrx_word' id='word_1_144' title='bbox 478 1295 628 1365; x_wconf 73' lang='grc' dir='ltr'>φόϐῳ</span> <span class='ocrx_word' id='word_1_145' title='bbox 658 1294 751 1347; x_wconf 81' lang='grc' dir='ltr'>τοῦ</span> <span class='ocrx_word' id='word_1_146' title='bbox 787 1294 976 1349; x_wconf 82' lang='grc' dir='ltr'><strong>παθεῖν</strong></span> <span class='ocrx_word' id='word_1_147' title='bbox 1009 1296 1076 1348; x_wconf 82' lang='grc' dir='ltr'>τὰ</span> <span class='ocrx_word' id='word_1_148' title='bbox 1105 1295 1271 1359; x_wconf 75' lang='grc' dir='ltr'>δεινὰ,</span> <span class='ocrx_word' id='word_1_149' title='bbox 1305 1296 1686 1367; x_wconf 85' lang='grc' dir='ltr'>παραιτεῖσθαι</span> <span class='ocrx_word' id='word_1_150' title='bbox 1711 1295 1773 1348; x_wconf 86' lang='grc' dir='ltr'><strong>τὸ</strong></span> <span class='ocrx_word' id='word_1_151' title='bbox 1804 1293 2028 1363; x_wconf 82' lang='grc' dir='ltr'>φαῦλον,</span> <span class='ocrx_word' id='word_1_152' title='bbox 2064 1296 2158 1348; x_wconf 78' lang='lat' dir='ltr'><strong>xal.</strong></span> <span class='ocrx_word' id='word_1_153' title='bbox 2191 1295 2605 1350; x_wconf 88' lang='grc' dir='ltr'>συνελαύνεσθαί</span> <span class='ocrx_word' id='word_1_154' title='bbox 2639 1312 2755 1358; x_wconf 85' lang='grc' dir='ltr'><strong>πως</strong></span> <span class='ocrx_word' id='word_1_155' title='bbox 2783 1297 2862 1359; x_wconf 83' lang='grc' dir='ltr'><strong>είς</strong></span> <span class='ocrx_word' id='word_1_156' title='bbox 2917 1295 2979 1349; x_wconf 87' lang='grc' dir='ltr'><strong>τὸ</strong></span> <span class='ocrx_word' id='word_1_157' title='bbox 3009 1295 3158 1366; x_wconf 83' lang='grc' dir='ltr'>βιοῦν</span> <span class='ocrx_word' id='word_1_158' title='bbox 3219 1299 3422 1353; x_wconf 86' lang='grc' dir='ltr'>ἐθέλειν</span> <span class='ocrx_word' id='word_1_159' title='bbox 3450 1301 3550 1370; x_wconf 71' lang='grc' dir='ltr'>ήδη</span> 
     </span>
    </p>
   </div>
   <div class='ocr_carea' id='block_1_25' title="bbox 288 1380 3548 1462">
    <p class='ocr_par' dir='ltr' id='par_1_25' title="bbox 288 1380 3548 1462">
     <span class='ocr_line' id='line_1_25' title="bbox 288 1380 3548 1462; baseline 0.002 -22"><span class='ocrx_word' id='word_1_160' title='bbox 288 1388 753 1459; x_wconf 82' lang='grc' dir='ltr'>σωφρονέστερον,</span> <span class='ocrx_word' id='word_1_161' title='bbox 801 1388 835 1458; x_wconf 77' lang='grc' dir='ltr'>ἢ</span> <span class='ocrx_word' id='word_1_162' title='bbox 885 1388 1068 1457; x_wconf 79' lang='grc' dir='ltr'>ἐφέσει</span> <span class='ocrx_word' id='word_1_163' title='bbox 1115 1389 1471 1458; x_wconf 86' lang='grc' dir='ltr'>νυττομένους</span> <span class='ocrx_word' id='word_1_164' title='bbox 1499 1389 1700 1461; x_wconf 85' lang='grc' dir='ltr'>τρόπον</span> <span class='ocrx_word' id='word_1_165' title='bbox 1744 1389 1866 1442; x_wconf 83' lang='grc' dir='ltr'>τινὰ</span> <span class='ocrx_word' id='word_1_166' title='bbox 1904 1389 1970 1458; x_wconf 77' lang='grc' dir='ltr'>τῇ</span> <span class='ocrx_word' id='word_1_167' title='bbox 2014 1389 2143 1459; x_wconf 78' lang='grc' dir='ltr'>περὶ</span> <span class='ocrx_word' id='word_1_168' title='bbox 2172 1387 2271 1458; x_wconf 73' lang='grc' dir='ltr'><strong>τὴν</strong></span> <span class='ocrx_word' id='word_1_169' title='bbox 2303 1387 2520 1443; x_wconf 75' lang='grc' dir='ltr'>αἰώνιον</span> <span class='ocrx_word' id='word_1_170' title='bbox 2563 1389 2710 1461; x_wconf 72' lang='grc' dir='ltr'>ζωὴν</span> <span class='ocrx_word' id='word_1_171' title='bbox 2735 1427 2751 1453; x_wconf 94' lang='grc'><strong>,</strong></span> <span class='ocrx_word' id='word_1_172' title='bbox 2819 1380 3220 1462; x_wconf 82' lang='grc' dir='ltr'>συντονωτέραν</span> <span class='ocrx_word' id='word_1_173' title='bbox 3284 1393 3548 1446; x_wconf 80' lang='grc' dir='ltr'>ποιεῖσθαι</span> 
     </span>
    </p>
   </div>
   <div class='ocr_carea' id='block_1_26' title="bbox 286 1478 2673 1552">
    <p class='ocr_par' dir='ltr' id='par_1_26' title="bbox 286 1478 2673 1552">
     <span class='ocr_line' id='line_1_26' title="bbox 286 1478 2673 1552; baseline 0.003 -22"><span class='ocrx_word' id='word_1_174' title='bbox 286 1478 620 1544; x_wconf 73' lang='grc' dir='ltr'>σπουδάζειν</span> <span class='ocrx_word' id='word_1_175' title='bbox 645 1479 742 1550; x_wconf 81' lang='grc' dir='ltr'><strong>τὴν</strong></span> <span class='ocrx_word' id='word_1_176' title='bbox 767 1479 853 1532; x_wconf 77' lang='grc' dir='ltr'><strong>ἐπ’</strong></span> <span class='ocrx_word' id='word_1_177' title='bbox 887 1479 1115 1547; x_wconf 82' lang='grc' dir='ltr'>ἀγαθοῖς</span> <span class='ocrx_word' id='word_1_178' title='bbox 1148 1479 1475 1552; x_wconf 82' lang='grc' dir='ltr'>προθυμίαν.</span> <span class='ocrx_word' id='word_1_179' title='bbox 2667 1519 2673 1524; x_wconf 89' lang='lat'><strong>-</strong></span> 
     </span>
    </p>
   </div>
   <div class='ocr_carea' id='block_1_27' title="bbox 889 1564 1866 1638">
    <p class='ocr_par' dir='ltr' id='par_1_27' title="bbox 889 1572 1270 1627">
     <span class='ocr_line' id='line_1_27' title="bbox 889 1572 1270 1627; baseline 0.008 -3"><span class='ocrx_word' id='word_1_180' title='bbox 889 1572 1138 1624; x_wconf 78' lang='grc' dir='ltr'>ΚΕΦΔΛ.</span> <span class='ocrx_word' id='word_1_181' title='bbox 1192 1572 1270 1627; x_wconf 72' lang='lat'><strong>9&#39;.</strong></span> 
     </span>
    </p>
   </div>
   <div class='ocr_carea' id='block_1_28' title="bbox 1965 1564 2998 1638">
    <p class='ocr_par' dir='ltr' id='par_1_28' title="bbox 1966 1564 2998 1638">
     <span class='ocr_line' id='line_1_28' title="bbox 1966 1564 2998 1638; baseline 0.007 -23"><span class='ocrx_word' id='word_1_182' title='bbox 1966 1564 1973 1567; x_wconf 89' lang='grc'><strong>·</strong></span> <span class='ocrx_word' id='word_1_183' title='bbox 2513 1567 2674 1638; x_wconf 71' lang='lat'><strong>237</strong></span> <span class='ocrx_word' id='word_1_184' title='bbox 2708 1566 2864 1621; x_wconf 75' lang='lat' dir='ltr'><strong>CAP.</strong></span> <span class='ocrx_word' id='word_1_185' title='bbox 2906 1564 2998 1622; x_wconf 86' lang='lat' dir='ltr'><strong>Ix.</strong></span> 
     </span>
    </p>
   </div>
   <div class='ocr_carea' id='block_1_29' title="bbox 285 1675 1866 1753">
    <p class='ocr_par' dir='ltr' id='par_1_29' title="bbox 285 1680 1866 1753">
     <span class='ocr_line' id='line_1_29' title="bbox 285 1680 1866 1753; baseline 0.003 -20"><span class='ocrx_word' id='word_1_186' title='bbox 285 1680 426 1753; x_wconf 71' lang='grc' dir='ltr'>Ὀτι</span> <span class='ocrx_word' id='word_1_187' title='bbox 453 1680 784 1753; x_wconf 13' lang='grc' dir='ltr'>κατ’ξούδὲν</span> <span class='ocrx_word' id='word_1_188' title='bbox 817 1681 1083 1753; x_wconf 75' lang='grc' dir='ltr'>ἐλάττων</span> <span class='ocrx_word' id='word_1_189' title='bbox 1119 1683 1224 1736; x_wconf 85' lang='grc' dir='ltr'>τοῦ</span> <span class='ocrx_word' id='word_1_190' title='bbox 1264 1684 1411 1738; x_wconf 86' lang='grc' dir='ltr'>Θεοῦ</span> <span class='ocrx_word' id='word_1_191' title='bbox 1453 1683 1549 1738; x_wconf 76' lang='grc' dir='ltr'>καὶ</span> <span class='ocrx_word' id='word_1_192' title='bbox 1581 1684 1813 1753; x_wconf 83' lang='grc' dir='ltr'>Πατρὸς</span> <span class='ocrx_word' id='word_1_193' title='bbox 1839 1686 1866 1738; x_wconf 84' lang='lat' dir='ltr'><strong>d</strong></span> 
     </span>
    </p>
   </div>
   <div class='ocr_carea' id='block_1_30' title="bbox 1965 1675 3547 1753">
    <p class='ocr_par' dir='ltr' id='par_1_30' title="bbox 1972 1675 3547 1753">
     <span class='ocr_line' id='line_1_30' title="bbox 1972 1675 3547 1753; baseline 0.006 -25"><span class='ocrx_word' id='word_1_194' title='bbox 1972 1675 2124 1742; x_wconf 82' lang='lat' dir='ltr'><strong>Quod</strong></span> <span class='ocrx_word' id='word_1_195' title='bbox 2173 1675 2339 1753; x_wconf 68' lang='lat' dir='ltr'><strong>nihilo</strong></span> <span class='ocrx_word' id='word_1_196' title='bbox 2366 1678 2546 1753; x_wconf 70' lang='lat' dir='ltr'><strong>minor</strong></span> <span class='ocrx_word' id='word_1_197' title='bbox 2584 1679 2652 1729; x_wconf 82' lang='lat' dir='ltr'><strong>sit</strong></span> <span class='ocrx_word' id='word_1_198' title='bbox 2676 1676 2802 1753; x_wconf 82' lang='lat' dir='ltr'><strong>_Deo</strong></span> <span class='ocrx_word' id='word_1_199' title='bbox 2833 1693 2894 1729; x_wconf 88' lang='lat' dir='ltr'><strong>ac</strong></span> <span class='ocrx_word' id='word_1_200' title='bbox 2938 1676 3100 1730; x_wconf 89' lang='lat' dir='ltr'><strong>Patre</strong></span> <span class='ocrx_word' id='word_1_201' title='bbox 3132 1676 3323 1753; x_wconf 50' lang='lat' dir='ltr'><strong>filias,</strong></span> <span class='ocrx_word' id='word_1_202' title='bbox 3357 1682 3448 1753; x_wconf 62' lang='lat' dir='ltr'><strong>sed</strong></span> <span class='ocrx_word' id='word_1_203' title='bbox 3489 1685 3547 1738; x_wconf 85' lang='lat' dir='ltr'><strong>in</strong></span> 
     </span>
    </p>
   </div>
   <div class='ocr_carea' id='block_1_31' title="bbox 372 1751 1869 1824">
    <p class='ocr_par' dir='ltr' id='par_1_31' title="bbox 372 1751 1869 1824">
     <span class='ocr_line' id='line_1_31' title="bbox 372 1751 1869 1824; baseline 0.005 -22"><span class='ocrx_word' id='word_1_204' title='bbox 372 1751 526 1824; x_wconf 63' lang='grc' dir='ltr'>ζιὸς,</span> <span class='ocrx_word' id='word_1_205' title='bbox 551 1751 703 1824; x_wconf 53' lang='grc' dir='ltr'><strong>ἀλλ’</strong></span> <span class='ocrx_word' id='word_1_206' title='bbox 738 1751 1064 1824; x_wconf 66' lang='grc' dir='ltr'>ισοσζθενὴς</span> <span class='ocrx_word' id='word_1_207' title='bbox 1112 1755 1240 1824; x_wconf 75' lang='grc' dir='ltr'>κατ’</span> <span class='ocrx_word' id='word_1_208' title='bbox 1278 1755 1582 1824; x_wconf 74' lang='grc' dir='ltr'>ἐνέργειαν</span> <span class='ocrx_word' id='word_1_209' title='bbox 1626 1751 1740 1823; x_wconf 50' lang='grc' dir='ltr'>τὴν</span> <span class='ocrx_word' id='word_1_210' title='bbox 1777 1754 1869 1824; x_wconf 69' lang='grc' dir='ltr'><strong>ἐφ’</strong></span> 
     </span>
    </p>
   </div>
   <div class='ocr_carea' id='block_1_32' title="bbox 363 1819 1398 1888">
    <p class='ocr_par' dir='ltr' id='par_1_32' title="bbox 363 1819 1398 1888">
     <span class='ocr_line' id='line_1_32' title="bbox 363 1819 1398 1888; baseline 0.004 -15"><span class='ocrx_word' id='word_1_211' title='bbox 363 1819 598 1873; x_wconf 78' lang='grc' dir='ltr'>ἅπασίν</span> <span class='ocrx_word' id='word_1_212' title='bbox 627 1820 816 1883; x_wconf 80' lang='grc' dir='ltr'>ἐστιν,</span> <span class='ocrx_word' id='word_1_213' title='bbox 845 1822 924 1885; x_wconf 86' lang='grc' dir='ltr'>ὡς</span> <span class='ocrx_word' id='word_1_214' title='bbox 959 1824 1102 1888; x_wconf 85' lang='grc' dir='ltr'>Θεὸς</span> <span class='ocrx_word' id='word_1_215' title='bbox 1125 1822 1194 1875; x_wconf 79' lang='grc' dir='ltr'><strong>ἐκ</strong></span> <span class='ocrx_word' id='word_1_216' title='bbox 1231 1819 1398 1877; x_wconf 71' lang='grc' dir='ltr'>Θεοῦ.</span> 
     </span>
    </p>
   </div>
   <div class='ocr_carea' id='block_1_33' title="bbox 364 1909 1866 1984">
    <p class='ocr_par' dir='ltr' id='par_1_33' title="bbox 364 1909 1866 1984">
     <span class='ocr_line' id='line_1_33' title="bbox 364 1909 1866 1984; baseline 0.003 -21"><span class='ocrx_word' id='word_1_217' title='bbox 364 1912 450 1963; x_wconf 82' lang='grc' dir='ltr'><em>Οὺ</em></span> <span class='ocrx_word' id='word_1_218' title='bbox 501 1909 754 1979; x_wconf 78' lang='grc' dir='ltr'>δύναμαι</span> <span class='ocrx_word' id='word_1_219' title='bbox 800 1911 914 1980; x_wconf 70' lang='grc' dir='ltr'>ἐγὼ</span> <span class='ocrx_word' id='word_1_220' title='bbox 974 1912 1166 1966; x_wconf 79' lang='grc' dir='ltr'>ποιεῖν</span> <span class='ocrx_word' id='word_1_221' title='bbox 1202 1915 1302 1967; x_wconf 79' lang='grc' dir='ltr'>ἀπ’</span> <span class='ocrx_word' id='word_1_222' title='bbox 1361 1914 1619 1984; x_wconf 84' lang='grc' dir='ltr'>ἐμαυτοῦ</span> <span class='ocrx_word' id='word_1_223' title='bbox 1667 1913 1866 1969; x_wconf 75' lang='grc' dir='ltr'>οὐδέν.</span> 
     </span>
    </p>
   </div>
   <div class='ocr_carea' id='block_1_34' title="bbox 287 2001 1870 2076">
    <p class='ocr_par' dir='ltr' id='par_1_34' title="bbox 287 2001 1870 2076">
     <span class='ocr_line' id='line_1_34' title="bbox 287 2001 1870 2076; baseline 0.004 -22"><span class='ocrx_word' id='word_1_224' title='bbox 287 2001 500 2067; x_wconf 83' lang='grc' dir='ltr'>Καθὼς</span> <span class='ocrx_word' id='word_1_225' title='bbox 533 2001 748 2076; x_wconf 72' lang='grc' dir='ltr'>ἀκούω,</span> <span class='ocrx_word' id='word_1_226' title='bbox 789 2004 989 2070; x_wconf 80' lang='grc' dir='ltr'>κρίνω,</span> <span class='ocrx_word' id='word_1_227' title='bbox 1020 2003 1128 2056; x_wconf 76' lang='grc' dir='ltr'>’καὶ</span> <span class='ocrx_word' id='word_1_228' title='bbox 1167 2005 1202 2071; x_wconf 78' lang='grc' dir='ltr'><strong><em>ἠ</em></strong></span> <span class='ocrx_word' id='word_1_229' title='bbox 1237 2006 1434 2074; x_wconf 78' lang='grc' dir='ltr'>κρίσις</span> <span class='ocrx_word' id='word_1_230' title='bbox 1460 2007 1498 2073; x_wconf 76' lang='grc' dir='ltr'><strong><em>ἠ</em></strong></span> <span class='ocrx_word' id='word_1_231' title='bbox 1529 2006 1641 2075; x_wconf 80' lang='grc' dir='ltr'>ἐμὴ</span> <span class='ocrx_word' id='word_1_232' title='bbox 1673 2005 1870 2060; x_wconf 82' lang='grc' dir='ltr'>δικαία</span> 
     </span>
    </p>
   </div>
   <div class='ocr_carea' id='block_1_35' title="bbox 284 2091 1869 2164">
    <p class='ocr_par' dir='ltr' id='par_1_35' title="bbox 284 2091 1869 2164">
     <span class='ocr_line' id='line_1_35' title="bbox 284 2091 1869 2164; baseline 0.003 -19"><span class='ocrx_word' id='word_1_233' title='bbox 284 2091 482 2145; x_wconf 74' lang='grc' dir='ltr'>ἐστιν’</span> <span class='ocrx_word' id='word_1_234' title='bbox 513 2091 600 2146; x_wconf 85' lang='grc' dir='ltr'><strong>ὅτι</strong></span> <span class='ocrx_word' id='word_1_235' title='bbox 633 2094 706 2146; x_wconf 83' lang='grc' dir='ltr'>οὐ</span> <span class='ocrx_word' id='word_1_236' title='bbox 755 2091 901 2160; x_wconf 81' lang='grc' dir='ltr'><strong>ζητῶ</strong></span> <span class='ocrx_word' id='word_1_237' title='bbox 939 2091 1003 2146; x_wconf 86' lang='grc' dir='ltr'><strong>τὸ</strong></span> <span class='ocrx_word' id='word_1_238' title='bbox 1041 2094 1268 2161; x_wconf 79' lang='grc' dir='ltr'>θέλημα</span> <span class='ocrx_word' id='word_1_239' title='bbox 1313 2095 1377 2149; x_wconf 74' lang='grc' dir='ltr'><strong>τὸ</strong></span> <span class='ocrx_word' id='word_1_240' title='bbox 1413 2095 1578 2164; x_wconf 78' lang='grc' dir='ltr'>ἐμὸν,</span> <span class='ocrx_word' id='word_1_241' title='bbox 1610 2096 1770 2150; x_wconf 70' lang='grc' dir='ltr'><em>ἀλλὰ</em></span> <span class='ocrx_word' id='word_1_242' title='bbox 1803 2095 1869 2150; x_wconf 83' lang='grc' dir='ltr'><strong>τὸ</strong></span> 
     </span>
    </p>
   </div>
   <div class='ocr_carea' id='block_1_36' title="bbox 286 2181 1410 2254">
    <p class='ocr_par' dir='ltr' id='par_1_36' title="bbox 286 2181 1410 2254">
     <span class='ocr_line' id='line_1_36' title="bbox 286 2181 1410 2254; baseline 0.004 -18"><span class='ocrx_word' id='word_1_243' title='bbox 286 2181 519 2251; x_wconf 71' lang='grc' dir='ltr'>θέλημα</span> <span class='ocrx_word' id='word_1_244' title='bbox 548 2183 651 2237; x_wconf 87' lang='grc' dir='ltr'>τοῦ</span> <span class='ocrx_word' id='word_1_245' title='bbox 682 2184 1032 2252; x_wconf 72' lang='grc' dir='ltr'>πέμψαντός</span> <span class='ocrx_word' id='word_1_246' title='bbox 1057 2203 1133 2253; x_wconf 83' lang='grc' dir='ltr'><strong>με</strong></span> <span class='ocrx_word' id='word_1_247' title='bbox 1160 2187 1410 2254; x_wconf 84' lang='grc' dir='ltr'>Πατρός.</span> 
     </span>
    </p>
   </div>
   <div class='ocr_carea' id='block_1_37' title="bbox 375 2271 1864 2348">
    <p class='ocr_par' dir='ltr' id='par_1_37' title="bbox 375 2271 1864 2348">
     <span class='ocr_line' id='line_1_37' title="bbox 375 2271 1864 2348; baseline 0.005 -26"><span class='ocrx_word' id='word_1_248' title='bbox 375 2271 694 2340; x_wconf 82' lang='grc' dir='ltr'>ἐπίστησον</span> <span class='ocrx_word' id='word_1_249' title='bbox 743 2272 902 2325; x_wconf 79' lang='grc' dir='ltr'>πάλιν</span> <span class='ocrx_word' id='word_1_250' title='bbox 943 2276 1055 2336; x_wconf 88' lang='grc' dir='ltr'>τοῖς</span> <span class='ocrx_word' id='word_1_251' title='bbox 1091 2273 1407 2346; x_wconf 75' lang='grc' dir='ltr'>λεγομένοις</span> <span class='ocrx_word' id='word_1_252' title='bbox 1451 2274 1864 2348; x_wconf 77' lang='grc' dir='ltr'>ἀκριϐέστερον,</span> 
     </span>
    </p>
   </div>
   <div class='ocr_carea' id='block_1_38' title="bbox 285 2360 1868 2438">
    <p class='ocr_par' dir='ltr' id='par_1_38' title="bbox 285 2360 1868 2438">
     <span class='ocr_line' id='line_1_38' title="bbox 285 2360 1868 2438; baseline 0.005 -24"><span class='ocrx_word' id='word_1_253' title='bbox 285 2361 384 2415; x_wconf 79' lang='grc' dir='ltr'>καὶ</span> <span class='ocrx_word' id='word_1_254' title='bbox 417 2361 573 2432; x_wconf 80' lang='grc' dir='ltr'>δέχου</span> <span class='ocrx_word' id='word_1_255' title='bbox 605 2360 698 2416; x_wconf 80' lang='grc' dir='ltr'>τοῦ</span> <span class='ocrx_word' id='word_1_256' title='bbox 734 2361 1087 2434; x_wconf 84' lang='grc' dir='ltr'>θεωρήματος</span> <span class='ocrx_word' id='word_1_257' title='bbox 1110 2367 1184 2430; x_wconf 84' lang='grc' dir='ltr'><strong>ὡς</strong></span> <span class='ocrx_word' id='word_1_258' title='bbox 1215 2361 1271 2421; x_wconf 79' lang='grc' dir='ltr'><strong>ἐν</strong></span> <span class='ocrx_word' id='word_1_259' title='bbox 1300 2368 1546 2438; x_wconf 82' lang='grc' dir='ltr'>περινοίᾳ</span> <span class='ocrx_word' id='word_1_260' title='bbox 1577 2369 1675 2438; x_wconf 83' lang='grc' dir='ltr'>τὴν</span> <span class='ocrx_word' id='word_1_261' title='bbox 1710 2368 1868 2422; x_wconf 88' lang='grc' dir='ltr'>δύνα-</span> 
     </span>
    </p>
   </div>
   <div class='ocr_carea' id='block_1_39' title="bbox 290 2455 1867 2530">
    <p class='ocr_par' dir='ltr' id='par_1_39' title="bbox 290 2455 1867 2530">
     <span class='ocr_line' id='line_1_39' title="bbox 290 2455 1867 2530; baseline 0.003 -23"><span class='ocrx_word' id='word_1_262' title='bbox 290 2473 406 2524; x_wconf 91' lang='grc' dir='ltr'>μιν.</span> <span class='ocrx_word' id='word_1_263' title='bbox 447 2455 560 2508; x_wconf 87' lang='grc' dir='ltr'>υὺκ</span> <span class='ocrx_word' id='word_1_264' title='bbox 595 2456 791 2518; x_wconf 74' lang='grc' dir='ltr'>εἰδότες</span> <span class='ocrx_word' id='word_1_265' title='bbox 825 2456 1064 2510; x_wconf 83' lang='grc' dir='ltr'>Ἰουδαῖοι</span> <span class='ocrx_word' id='word_1_266' title='bbox 1104 2458 1204 2527; x_wconf 80' lang='grc' dir='ltr'>τῆς</span> <span class='ocrx_word' id='word_1_267' title='bbox 1245 2458 1382 2530; x_wconf 88' lang='grc' dir='ltr'><strong>μετά</strong></span> <span class='ocrx_word' id='word_1_268' title='bbox 1421 2459 1620 2529; x_wconf 85' lang='grc' dir='ltr'>σαρκὸς</span> <span class='ocrx_word' id='word_1_269' title='bbox 1665 2460 1867 2512; x_wconf 73' lang='grc' dir='ltr'>οἰκονοο</span> 
     </span>
    </p>
   </div>
   <div class='ocr_carea' id='block_1_40' title="bbox 288 2545 1866 2618">
    <p class='ocr_par' dir='ltr' id='par_1_40' title="bbox 288 2545 1866 2618">
     <span class='ocr_line' id='line_1_40' title="bbox 288 2545 1866 2618; baseline 0.004 -21"><span class='ocrx_word' id='word_1_270' title='bbox 288 2546 422 2615; x_wconf 87' lang='grc' dir='ltr'>μίας</span> <span class='ocrx_word' id='word_1_271' title='bbox 453 2545 513 2597; x_wconf 89' lang='grc' dir='ltr'><strong>τὸ</strong></span> <span class='ocrx_word' id='word_1_272' title='bbox 550 2545 683 2615; x_wconf 79' lang='grc' dir='ltr'>βαθὺ</span> <span class='ocrx_word' id='word_1_273' title='bbox 718 2548 1035 2618; x_wconf 80' lang='grc' dir='ltr'>μυστήριον,</span> <span class='ocrx_word' id='word_1_274' title='bbox 1086 2548 1200 2601; x_wconf 79' lang='grc' dir='ltr'>ἀλλ’</span> <span class='ocrx_word' id='word_1_275' title='bbox 1248 2549 1370 2602; x_wconf 76' lang='grc' dir='ltr'>οὐδὲ</span> <span class='ocrx_word' id='word_1_276' title='bbox 1417 2551 1507 2603; x_wconf 74' lang='grc' dir='ltr'><strong>τὸν</strong></span> <span class='ocrx_word' id='word_1_277' title='bbox 1556 2549 1866 2603; x_wconf 80' lang='grc' dir='ltr'>ἐνοικοῦντα</span> 
     </span>
    </p>
   </div>
   <div class='ocr_carea' id='block_1_41' title="bbox 283 2634 1862 2708">
    <p class='ocr_par' dir='ltr' id='par_1_41' title="bbox 283 2634 1862 2708">
     <span class='ocr_line' id='line_1_41' title="bbox 283 2634 1862 2708; baseline 0.004 -22"><span class='ocrx_word' id='word_1_278' title='bbox 283 2634 365 2702; x_wconf 82' lang='grc' dir='ltr'><strong>τῷ</strong></span> <span class='ocrx_word' id='word_1_279' title='bbox 403 2636 468 2686; x_wconf 85' lang='grc' dir='ltr'><strong>ἐκ</strong></span> <span class='ocrx_word' id='word_1_280' title='bbox 505 2636 777 2704; x_wconf 83' lang='grc' dir='ltr'>Παρθένου</span> <span class='ocrx_word' id='word_1_281' title='bbox 828 2636 940 2707; x_wconf 83' lang='grc' dir='ltr'><strong>ναῷ</strong></span> <span class='ocrx_word' id='word_1_282' title='bbox 992 2637 1122 2690; x_wconf 87' lang='grc' dir='ltr'>Θεὸν</span> <span class='ocrx_word' id='word_1_283' title='bbox 1175 2639 1346 2708; x_wconf 83' lang='grc' dir='ltr'>Λόγον</span> <span class='ocrx_word' id='word_1_284' title='bbox 1395 2641 1862 2708; x_wconf 81' lang='grc' dir='ltr'>ἐπιγινώσκοντες,</span> 
     </span>
    </p>
   </div>
   <div class='ocr_carea' id='block_1_42' title="bbox 284 2724 1866 2798">
    <p class='ocr_par' dir='ltr' id='par_1_42' title="bbox 284 2724 1866 2798">
     <span class='ocr_line' id='line_1_42' title="bbox 284 2724 1866 2798; baseline 0.003 -23"><span class='ocrx_word' id='word_1_285' title='bbox 284 2724 435 2796; x_wconf 73' lang='grc' dir='ltr'>ζήλῳ</span> <span class='ocrx_word' id='word_1_286' title='bbox 466 2725 725 2788; x_wconf 77' lang='grc' dir='ltr'>πολλάκις</span> <span class='ocrx_word' id='word_1_287' title='bbox 775 2725 1192 2798; x_wconf 86' lang='grc' dir='ltr'>πεπλανημένῳ,</span> <span class='ocrx_word' id='word_1_288' title='bbox 1238 2729 1332 2781; x_wconf 73' lang='grc' dir='ltr'>καὶ</span> <span class='ocrx_word' id='word_1_289' title='bbox 1378 2727 1438 2781; x_wconf 85' lang='grc' dir='ltr'>οὐ</span> <span class='ocrx_word' id='word_1_290' title='bbox 1471 2728 1548 2798; x_wconf 84' lang='grc' dir='ltr'>τῷ</span> <span class='ocrx_word' id='word_1_291' title='bbox 1595 2729 1716 2782; x_wconf 80' lang='grc' dir='ltr'>κατ’</span> <span class='ocrx_word' id='word_1_292' title='bbox 1747 2729 1866 2780; x_wconf 81' lang='grc' dir='ltr'>ἐπί-</span> 
     </span>
    </p>
   </div>
   <div class='ocr_carea' id='block_1_43' title="bbox 283 2815 1864 2890">
    <p class='ocr_par' dir='ltr' id='par_1_43' title="bbox 283 2815 1864 2890">
     <span class='ocr_line' id='line_1_43' title="bbox 283 2815 1864 2890; baseline 0.001 -22"><span class='ocrx_word' id='word_1_293' title='bbox 283 2832 508 2884; x_wconf 83' lang='grc' dir='ltr'>γνωσιν,</span> <span class='ocrx_word' id='word_1_294' title='bbox 541 2815 613 2879; x_wconf 82' lang='grc' dir='ltr'>ὡς</span> <span class='ocrx_word' id='word_1_295' title='bbox 645 2818 674 2870; x_wconf 97' lang='lat'><strong>6</strong></span> <span class='ocrx_word' id='word_1_296' title='bbox 717 2816 927 2880; x_wconf 78' lang='grc' dir='ltr'>Παῦλός</span> <span class='ocrx_word' id='word_1_297' title='bbox 957 2834 1144 2887; x_wconf 81' lang='grc' dir='ltr'>φησιν,</span> <span class='ocrx_word' id='word_1_298' title='bbox 1175 2819 1253 2882; x_wconf 87' lang='grc' dir='ltr'><strong>είς</strong></span> <span class='ocrx_word' id='word_1_299' title='bbox 1296 2818 1594 2889; x_wconf 82' lang='grc' dir='ltr'>ἀγριότητα</span> <span class='ocrx_word' id='word_1_300' title='bbox 1645 2819 1864 2890; x_wconf 90' lang='grc' dir='ltr'>τρόπων</span> 
     </span>
    </p>
   </div>
   <div class='ocr_carea' id='block_1_44' title="bbox 285 2907 1865 2980">
    <p class='ocr_par' dir='ltr' id='par_1_44' title="bbox 285 2907 1865 2980">
     <span class='ocr_line' id='line_1_44' title="bbox 285 2907 1865 2980; baseline 0.002 -19"><span class='ocrx_word' id='word_1_301' title='bbox 285 2908 382 2961; x_wconf 78' lang='grc' dir='ltr'>καὶ</span> <span class='ocrx_word' id='word_1_302' title='bbox 412 2907 718 2978; x_wconf 82' lang='grc' dir='ltr'>ἀνημέρους</span> <span class='ocrx_word' id='word_1_303' title='bbox 755 2909 922 2980; x_wconf 80' lang='grc' dir='ltr'>ὀργὰς</span> <span class='ocrx_word' id='word_1_304' title='bbox 953 2909 1291 2972; x_wconf 82' lang='grc' dir='ltr'>ἐξεκαίοντο·</span> <span class='ocrx_word' id='word_1_305' title='bbox 1325 2911 1418 2963; x_wconf 83' lang='grc' dir='ltr'>καὶ</span> <span class='ocrx_word' id='word_1_306' title='bbox 1459 2910 1522 2980; x_wconf 80' lang='grc' dir='ltr'>δὴ</span> <span class='ocrx_word' id='word_1_307' title='bbox 1564 2912 1657 2964; x_wconf 75' lang='grc' dir='ltr'><strong>καὶ</strong></span> <span class='ocrx_word' id='word_1_308' title='bbox 1699 2928 1865 2966; x_wconf 85' lang='grc' dir='ltr'>κατα-</span> 
     </span>
    </p>
   </div>
   <div class='ocr_carea' id='block_1_45' title="bbox 2043 1747 3545 1869">
    <p class='ocr_par' dir='ltr' id='par_1_45' title="bbox 2043 1747 3545 1869">
     <span class='ocr_line' id='line_1_45' title="bbox 2043 1747 3545 1869; baseline 0.007 -72"><span class='ocrx_word' id='word_1_309' title='bbox 2043 1747 2286 1869; x_wconf 56' lang='lat' dir='ltr'><strong>ZmnDibua</strong></span> <span class='ocrx_word' id='word_1_310' title='bbox 2318 1748 2535 1816; x_wconf 78' lang='lat' dir='ltr'><strong>agendis</strong></span> <span class='ocrx_word' id='word_1_311' title='bbox 2565 1749 2685 1815; x_wconf 86' lang='lat' dir='ltr'><strong>pari</strong></span> <span class='ocrx_word' id='word_1_312' title='bbox 2714 1756 2973 1815; x_wconf 75' lang='lat' dir='ltr'><strong>potestate</strong></span> <span class='ocrx_word' id='word_1_313' title='bbox 3000 1748 3282 1814; x_wconf 65' lang='lat' dir='ltr'><strong>pra&#39;ditus,</strong></span> <span class='ocrx_word' id='word_1_314' title='bbox 3313 1760 3368 1803; x_wconf 85' lang='lat' dir='ltr'><strong>ut</strong></span> <span class='ocrx_word' id='word_1_315' title='bbox 3403 1751 3545 1807; x_wconf 77' lang='lat' dir='ltr'><strong>Deus</strong></span> 
     </span>
     <span class='ocr_line' id='line_1_46' title="bbox 2081 1832 2262 1869; baseline -0.006 0"><span class='ocrx_word' id='word_1_316' title='bbox 2081 1833 2108 1869; x_wconf 91' lang='lat' dir='ltr'><strong>e</strong></span> <span class='ocrx_word' id='word_1_317' title='bbox 2183 1832 2262 1869; x_wconf 85' lang='lat' dir='ltr'><strong>eo.</strong></span> 
     </span>
    </p>
   </div>
   <div class='ocr_carea' id='block_1_46' title="bbox 2081 1832 2262 1870">
    <p class='ocr_par' dir='ltr' id='par_1_46' title="bbox 2081 1832 2262 1870">
     <span class='ocr_line' id='line_1_47' title="bbox 2081 1832 2262 1870; baseline -0.011 0"><span class='ocrx_word' id='word_1_318' title='bbox 2081 1833 2108 1870; x_wconf 75' lang='grc' dir='ltr'><em>ϐ</em></span> <span class='ocrx_word' id='word_1_319' title='bbox 2133 1832 2262 1870; x_wconf 81' lang='grc' dir='ltr'>υεο.</span> 
     </span>
    </p>
   </div>
   <div class='ocr_carea' id='block_1_47' title="bbox 2041 1905 3548 1981">
    <p class='ocr_par' dir='ltr' id='par_1_47' title="bbox 2041 1905 3548 1981">
     <span class='ocr_line' id='line_1_48' title="bbox 2041 1905 3548 1981; baseline 0.003 -20"><span class='ocrx_word' id='word_1_320' title='bbox 2041 1906 2116 1971; x_wconf 74' lang='grc' dir='ltr'><strong>ν,</strong></span> <span class='ocrx_word' id='word_1_321' title='bbox 2166 1906 2256 1962; x_wconf 81' lang='lat'><strong>30.</strong></span> <span class='ocrx_word' id='word_1_322' title='bbox 2299 1905 2422 1962; x_wconf 85' lang='lat' dir='ltr'><strong>Non</strong></span> <span class='ocrx_word' id='word_1_323' title='bbox 2466 1923 2679 1977; x_wconf 79' lang='lat' dir='ltr'><strong>possum</strong></span> <span class='ocrx_word' id='word_1_324' title='bbox 2727 1924 2820 1978; x_wconf 87' lang='lat' dir='ltr'><strong>ego</strong></span> <span class='ocrx_word' id='word_1_325' title='bbox 2865 1924 2896 1961; x_wconf 89' lang='lat' dir='ltr'><strong>a</strong></span> <span class='ocrx_word' id='word_1_326' title='bbox 2947 1909 3142 1971; x_wconf 81' lang='lat' dir='ltr'><strong>meipso</strong></span> <span class='ocrx_word' id='word_1_327' title='bbox 3177 1910 3350 1978; x_wconf 81' lang='lat' dir='ltr'><strong>facere</strong></span> <span class='ocrx_word' id='word_1_328' title='bbox 3394 1911 3548 1981; x_wconf 82' lang='lat' dir='ltr'><strong>quid-</strong></span> 
     </span>
    </p>
   </div>
   <div class='ocr_carea' id='block_1_48' title="bbox 1965 1997 3544 2069">
    <p class='ocr_par' dir='ltr' id='par_1_48' title="bbox 1965 1997 3544 2069">
     <span class='ocr_line' id='line_1_49' title="bbox 1965 1997 3544 2069; baseline 0.003 -17"><span class='ocrx_word' id='word_1_329' title='bbox 1965 2015 2146 2069; x_wconf 85' lang='lat' dir='ltr'><strong>quam.</strong></span> <span class='ocrx_word' id='word_1_330' title='bbox 2208 1997 2359 2052; x_wconf 83' lang='lat' dir='ltr'><strong>Sicut</strong></span> <span class='ocrx_word' id='word_1_331' title='bbox 2415 1999 2610 2062; x_wconf 82' lang='lat' dir='ltr'><strong>audio,</strong></span> <span class='ocrx_word' id='word_1_332' title='bbox 2654 1998 2840 2068; x_wconf 81' lang='lat' dir='ltr'><strong>judico</strong></span> <span class='ocrx_word' id='word_1_333' title='bbox 2889 2003 3001 2054; x_wconf 76' lang='lat' dir='ltr'><strong>:‘et</strong></span> <span class='ocrx_word' id='word_1_334' title='bbox 3049 2000 3320 2068; x_wconf 80' lang='lat' dir='ltr'><strong>judicium</strong></span> <span class='ocrx_word' id='word_1_335' title='bbox 3374 2018 3544 2056; x_wconf 85' lang='lat' dir='ltr'><strong>meum</strong></span> 
     </span>
    </p>
   </div>
   <div class='ocr_carea' id='block_1_49' title="bbox 1959 2089 3543 2160">
    <p class='ocr_par' dir='ltr' id='par_1_49' title="bbox 1959 2089 3543 2160">
     <span class='ocr_line' id='line_1_50' title="bbox 1959 2089 3543 2160; baseline 0.004 -18"><span class='ocrx_word' id='word_1_336' title='bbox 1959 2089 2166 2158; x_wconf 80' lang='lat' dir='ltr'><strong>justum</strong></span> <span class='ocrx_word' id='word_1_337' title='bbox 2197 2098 2306 2152; x_wconf 81' lang='lat' dir='ltr'><strong>est;</strong></span> <span class='ocrx_word' id='word_1_338' title='bbox 2335 2091 2462 2159; x_wconf 80' lang='lat' dir='ltr'><strong>quia</strong></span> <span class='ocrx_word' id='word_1_339' title='bbox 2497 2107 2600 2143; x_wconf 83' lang='lat' dir='ltr'><strong>non</strong></span> <span class='ocrx_word' id='word_1_340' title='bbox 2633 2106 2813 2160; x_wconf 70' lang='lat' dir='ltr'><strong>quwro</strong></span> <span class='ocrx_word' id='word_1_341' title='bbox 2848 2089 3174 2145; x_wconf 78' lang='lat' dir='ltr'><strong>voluntatem</strong></span> <span class='ocrx_word' id='word_1_342' title='bbox 3223 2108 3416 2160; x_wconf 87' lang='lat' dir='ltr'><strong>meam,</strong></span> <span class='ocrx_word' id='word_1_343' title='bbox 3453 2095 3543 2148; x_wconf 78' lang='lat' dir='ltr'><strong>sed</strong></span> 
     </span>
    </p>
   </div>
   <div class='ocr_carea' id='block_1_50' title="bbox 1967 2181 3086 2252">
    <p class='ocr_par' dir='ltr' id='par_1_50' title="bbox 1967 2181 3086 2252">
     <span class='ocr_line' id='line_1_51' title="bbox 1967 2181 3086 2252; baseline 0 -16"><span class='ocrx_word' id='word_1_344' title='bbox 1967 2182 2295 2238; x_wconf 77' lang='lat' dir='ltr'><strong>voluntatem</strong></span> <span class='ocrx_word' id='word_1_345' title='bbox 2319 2181 2434 2251; x_wconf 77' lang='lat' dir='ltr'><strong>ejus</strong></span> <span class='ocrx_word' id='word_1_346' title='bbox 2464 2181 2555 2252; x_wconf 87' lang='lat' dir='ltr'><strong>qui</strong></span> <span class='ocrx_word' id='word_1_347' title='bbox 2587 2181 2732 2235; x_wconf 82' lang='lat' dir='ltr'><strong>misit</strong></span> <span class='ocrx_word' id='word_1_348' title='bbox 2766 2198 2846 2235; x_wconf 88' lang='lat' dir='ltr'><strong>me</strong></span> <span class='ocrx_word' id='word_1_349' title='bbox 2883 2181 3086 2236; x_wconf 81' lang='lat' dir='ltr'><strong>Patris.</strong></span> 
     </span>
    </p>
   </div>
   <div class='ocr_carea' id='block_1_51' title="bbox 2038 2294 3544 2364">
    <p class='ocr_par' dir='ltr' id='par_1_51' title="bbox 2038 2294 3544 2364">
     <span class='ocr_line' id='line_1_52' title="bbox 2038 2294 3544 2364; baseline 0.001 -14"><span class='ocrx_word' id='word_1_350' title='bbox 2038 2295 2272 2350; x_wconf 82' lang='lat' dir='ltr'><strong>Attende</strong></span> <span class='ocrx_word' id='word_1_351' title='bbox 2305 2309 2528 2350; x_wconf 83' lang='lat' dir='ltr'><strong>rursum</strong></span> <span class='ocrx_word' id='word_1_352' title='bbox 2561 2295 2750 2349; x_wconf 88' lang='lat' dir='ltr'><strong>acrius</strong></span> <span class='ocrx_word' id='word_1_353' title='bbox 2789 2295 2845 2348; x_wconf 90' lang='lat' dir='ltr'><strong>in</strong></span> <span class='ocrx_word' id='word_1_354' title='bbox 2890 2309 2954 2349; x_wconf 87' lang='lat' dir='ltr'><strong>ca</strong></span> <span class='ocrx_word' id='word_1_355' title='bbox 2988 2310 3111 2364; x_wconf 67' lang='lat' dir='ltr'><strong>qua:</strong></span> <span class='ocrx_word' id='word_1_356' title='bbox 3157 2294 3446 2362; x_wconf 89' lang='lat' dir='ltr'><strong>dicuntur,</strong></span> <span class='ocrx_word' id='word_1_357' title='bbox 3486 2306 3544 2352; x_wconf 88' lang='lat' dir='ltr'><strong>et</strong></span> 
     </span>
    </p>
   </div>
   <div class='ocr_carea' id='block_1_52' title="bbox 1965 2385 3541 2456">
    <p class='ocr_par' dir='ltr' id='par_1_52' title="bbox 1965 2385 3541 2456">
     <span class='ocr_line' id='line_1_53' title="bbox 1965 2385 3541 2456; baseline 0.001 -15"><span class='ocrx_word' id='word_1_358' title='bbox 1965 2387 2074 2441; x_wconf 87' lang='lat' dir='ltr'><strong>vim</strong></span> <span class='ocrx_word' id='word_1_359' title='bbox 2117 2387 2310 2441; x_wconf 86' lang='lat' dir='ltr'><strong>horum</strong></span> <span class='ocrx_word' id='word_1_360' title='bbox 2339 2385 2634 2440; x_wconf 75' lang='lat' dir='ltr'><strong>verborum</strong></span> <span class='ocrx_word' id='word_1_361' title='bbox 2671 2385 2950 2440; x_wconf 90' lang='lat' dir='ltr'><strong>intellectu</strong></span> <span class='ocrx_word' id='word_1_362' title='bbox 2997 2387 3238 2456; x_wconf 86' lang='lat' dir='ltr'><strong>percipe.</strong></span> <span class='ocrx_word' id='word_1_363' title='bbox 3271 2388 3408 2442; x_wconf 85' lang='lat' dir='ltr'><strong>Cum</strong></span> <span class='ocrx_word' id='word_1_364' title='bbox 3443 2388 3541 2443; x_wconf 85' lang='lat' dir='ltr'><strong>Ju-</strong></span> 
     </span>
    </p>
   </div>
   <div class='ocr_carea' id='block_1_53' title="bbox 1966 2475 3540 2547">
    <p class='ocr_par' dir='ltr' id='par_1_53' title="bbox 1966 2475 3540 2547">
     <span class='ocr_line' id='line_1_54' title="bbox 1966 2475 3540 2547; baseline 0.003 -17"><span class='ocrx_word' id='word_1_365' title='bbox 1966 2477 2066 2532; x_wconf 66' lang='lat' dir='ltr'><strong>daei</strong></span> <span class='ocrx_word' id='word_1_366' title='bbox 2094 2477 2262 2531; x_wconf 84' lang='lat' dir='ltr'><strong>altum</strong></span> <span class='ocrx_word' id='word_1_367' title='bbox 2289 2475 2686 2530; x_wconf 81' lang='lat' dir='ltr'><strong>incarnationis</strong></span> <span class='ocrx_word' id='word_1_368' title='bbox 2715 2478 3036 2547; x_wconf 71' lang='lat' dir='ltr'><strong>mySterium</strong></span> <span class='ocrx_word' id='word_1_369' title='bbox 3084 2477 3420 2546; x_wconf 83' lang='lat' dir='ltr'><strong>ignorarent,</strong></span> <span class='ocrx_word' id='word_1_370' title='bbox 3445 2479 3540 2534; x_wconf 86' lang='lat' dir='ltr'><strong>sed</strong></span> 
     </span>
    </p>
   </div>
   <div class='ocr_carea' id='block_1_54' title="bbox 1968 2564 3541 2636">
    <p class='ocr_par' dir='ltr' id='par_1_54' title="bbox 1968 2564 3541 2636">
     <span class='ocr_line' id='line_1_55' title="bbox 1968 2564 3541 2636; baseline -0.001 -16"><span class='ocrx_word' id='word_1_371' title='bbox 1968 2582 2149 2636; x_wconf 85' lang='lat' dir='ltr'><strong>neque</strong></span> <span class='ocrx_word' id='word_1_372' title='bbox 2185 2567 2395 2620; x_wconf 84' lang='lat' dir='ltr'><strong>scirent</strong></span> <span class='ocrx_word' id='word_1_373' title='bbox 2441 2564 2610 2619; x_wconf 87' lang='lat' dir='ltr'><strong>Deum</strong></span> <span class='ocrx_word' id='word_1_374' title='bbox 2636 2564 2873 2618; x_wconf 85' lang='lat' dir='ltr'><strong>Verbum</strong></span> <span class='ocrx_word' id='word_1_375' title='bbox 2904 2565 3214 2618; x_wconf 79' lang='lat' dir='ltr'><strong>inhabitare</strong></span> <span class='ocrx_word' id='word_1_376' title='bbox 3256 2567 3310 2618; x_wconf 88' lang='lat' dir='ltr'><strong>in</strong></span> <span class='ocrx_word' id='word_1_377' title='bbox 3339 2566 3541 2634; x_wconf 89' lang='lat' dir='ltr'><strong>templo</strong></span> 
     </span>
    </p>
   </div>
   <div class='ocr_carea' id='block_1_55' title="bbox 1967 2655 3539 2728">
    <p class='ocr_par' dir='ltr' id='par_1_55' title="bbox 1967 2655 3539 2728">
     <span class='ocr_line' id='line_1_56' title="bbox 1967 2655 3539 2728; baseline -0.001 -18"><span class='ocrx_word' id='word_1_378' title='bbox 1967 2657 2232 2728; x_wconf 73' lang='lat' dir='ltr'><strong>Virginis,</strong></span> <span class='ocrx_word' id='word_1_379' title='bbox 2274 2671 2511 2712; x_wconf 89' lang='lat' dir='ltr'><strong>erroneo</strong></span> <span class='ocrx_word' id='word_1_380' title='bbox 2555 2656 2876 2724; x_wconf 87' lang='lat' dir='ltr'><strong>plerumque</strong></span> <span class='ocrx_word' id='word_1_381' title='bbox 2921 2655 3058 2716; x_wconf 83' lang='lat' dir='ltr'><strong>zelo,</strong></span> <span class='ocrx_word' id='word_1_382' title='bbox 3087 2663 3145 2708; x_wconf 90' lang='lat' dir='ltr'><strong>et</strong></span> <span class='ocrx_word' id='word_1_383' title='bbox 3184 2669 3292 2707; x_wconf 88' lang='lat' dir='ltr'><strong>non</strong></span> <span class='ocrx_word' id='word_1_384' title='bbox 3339 2669 3539 2708; x_wconf 83' lang='lat' dir='ltr'><strong>secun-</strong></span> 
     </span>
    </p>
   </div>
   <div class='ocr_carea' id='block_1_56' title="bbox 1963 2745 3541 2812">
    <p class='ocr_par' dir='ltr' id='par_1_56' title="bbox 1963 2745 3541 2812">
     <span class='ocr_line' id='line_1_57' title="bbox 1963 2745 3541 2812; baseline 0.001 -11"><span class='ocrx_word' id='word_1_385' title='bbox 1963 2748 2093 2802; x_wconf 86' lang='lat' dir='ltr'><strong>dum</strong></span> <span class='ocrx_word' id='word_1_386' title='bbox 2129 2748 2441 2810; x_wconf 89' lang='lat' dir='ltr'><strong>scientiam,</strong></span> <span class='ocrx_word' id='word_1_387' title='bbox 2478 2757 2539 2800; x_wconf 92' lang='lat' dir='ltr'><strong>ut</strong></span> <span class='ocrx_word' id='word_1_388' title='bbox 2575 2745 2780 2801; x_wconf 87' lang='lat' dir='ltr'><strong>Paulus</strong></span> <span class='ocrx_word' id='word_1_389' title='bbox 2813 2747 2888 2799; x_wconf 86' lang='lat' dir='ltr'><strong>ait</strong></span> <span class='ocrx_word' id='word_1_390' title='bbox 2911 2749 2976 2812; x_wconf 75' lang='grc'><strong>⁸³,</strong></span> <span class='ocrx_word' id='word_1_391' title='bbox 3015 2747 3072 2801; x_wconf 90' lang='lat' dir='ltr'><strong>in</strong></span> <span class='ocrx_word' id='word_1_392' title='bbox 3109 2762 3322 2801; x_wconf 90' lang='lat' dir='ltr'><strong>morum</strong></span> <span class='ocrx_word' id='word_1_393' title='bbox 3351 2746 3541 2802; x_wconf 58' lang='lat' dir='ltr'><strong>ferita.</strong></span> 
     </span>
    </p>
   </div>
   <div class='ocr_carea' id='block_1_57' title="bbox 1964 2838 3540 2908">
    <p class='ocr_par' dir='ltr' id='par_1_57' title="bbox 1964 2838 3540 2908">
     <span class='ocr_line' id='line_1_58' title="bbox 1964 2838 3540 2908; baseline -0.001 -14"><span class='ocrx_word' id='word_1_394' title='bbox 1964 2847 2076 2894; x_wconf 87' lang='lat' dir='ltr'><strong>tem</strong></span> <span class='ocrx_word' id='word_1_395' title='bbox 2104 2845 2161 2894; x_wconf 91' lang='lat' dir='ltr'><strong>et</strong></span> <span class='ocrx_word' id='word_1_396' title='bbox 2192 2838 2460 2893; x_wconf 85' lang='lat' dir='ltr'><strong>immanes</strong></span> <span class='ocrx_word' id='word_1_397' title='bbox 2500 2838 2612 2893; x_wconf 87' lang='lat' dir='ltr'><strong>iras</strong></span> <span class='ocrx_word' id='word_1_398' title='bbox 2643 2838 3081 2893; x_wconf 65' lang='lat' dir='ltr'><strong>exardescebant</strong></span> <span class='ocrx_word' id='word_1_399' title='bbox 3114 2855 3128 2891; x_wconf 93' lang='lat'>:</span> <span class='ocrx_word' id='word_1_400' title='bbox 3168 2838 3418 2908; x_wconf 86' lang='lat' dir='ltr'><strong>adeoque</strong></span> <span class='ocrx_word' id='word_1_401' title='bbox 3461 2839 3540 2893; x_wconf 88' lang='lat' dir='ltr'><strong>la-</strong></span> 
     </span>
    </p>
   </div>
   <div class='ocr_carea' id='block_1_58' title="bbox 1963 2927 3538 3000">
    <p class='ocr_par' dir='ltr' id='par_1_58' title="bbox 1963 2927 3538 3000">
     <span class='ocr_line' id='line_1_59' title="bbox 1963 2927 3538 3000; baseline -0.001 -16"><span class='ocrx_word' id='word_1_402' title='bbox 1963 2929 2376 3000; x_wconf 86' lang='lat' dir='ltr'><strong>pidibusipsum</strong></span> <span class='ocrx_word' id='word_1_403' title='bbox 2400 2928 2632 2982; x_wconf 88' lang='lat' dir='ltr'><strong>obruere</strong></span> <span class='ocrx_word' id='word_1_404' title='bbox 2660 2928 2999 2991; x_wconf 89' lang='lat' dir='ltr'><strong>nitebantur,</strong></span> <span class='ocrx_word' id='word_1_405' title='bbox 3025 2927 3196 2998; x_wconf 90' lang='lat' dir='ltr'><strong>quod,</strong></span> <span class='ocrx_word' id='word_1_406' title='bbox 3227 2929 3388 2983; x_wconf 87' lang='lat' dir='ltr'><strong>homo</strong></span> <span class='ocrx_word' id='word_1_407' title='bbox 3411 2943 3538 2983; x_wconf 90' lang='lat' dir='ltr'><strong>cum</strong></span> 
     </span>
    </p>
   </div>
   <div class='ocr_carea' id='block_1_59' title="bbox 283 2997 1866 3090">
    <p class='ocr_par' dir='ltr' id='par_1_59' title="bbox 283 2997 1861 3072">
     <span class='ocr_line' id='line_1_60' title="bbox 283 2997 1861 3072; baseline 0.003 -22"><span class='ocrx_word' id='word_1_408' title='bbox 283 2997 463 3051; x_wconf 85' lang='grc' dir='ltr'>λεύειν</span> <span class='ocrx_word' id='word_1_409' title='bbox 483 2999 796 3069; x_wconf 81' lang='grc' dir='ltr'>ἐπεχείρουν</span> <span class='ocrx_word' id='word_1_410' title='bbox 835 3000 1016 3064; x_wconf 81' lang='grc' dir='ltr'>αὑτὸν,</span> <span class='ocrx_word' id='word_1_411' title='bbox 1053 3001 1242 3071; x_wconf 81' lang='grc' dir='ltr'>ὅτιπερ</span> <span class='ocrx_word' id='word_1_412' title='bbox 1275 3001 1555 3072; x_wconf 79' lang='grc' dir='ltr'>ἄνθρωπος</span> <span class='ocrx_word' id='word_1_413' title='bbox 1607 3001 1704 3066; x_wconf 81' lang='grc' dir='ltr'>ὢν,</span> <span class='ocrx_word' id='word_1_414' title='bbox 1737 3004 1861 3055; x_wconf 83' lang='grc' dir='ltr'>ἐαυ-</span> 
     </span>
    </p>
   </div>
   <div class='ocr_carea' id='block_1_60' title="bbox 1965 2997 3538 3090">
    <p class='ocr_par' dir='ltr' id='par_1_60' title="bbox 1965 2997 3538 3090">
     <span class='ocr_line' id='line_1_61' title="bbox 1965 2997 3538 3090; baseline -0.001 -15"><span class='ocrx_word' id='word_1_415' title='bbox 1965 2997 2136 3084; x_wconf 79' lang='lat' dir='ltr'><strong>esset,</strong></span> <span class='ocrx_word' id='word_1_416' title='bbox 2185 2997 2428 3089; x_wconf 84' lang='lat' dir='ltr'><strong>seipsutn</strong></span> <span class='ocrx_word' id='word_1_417' title='bbox 2481 3017 2651 3073; x_wconf 90' lang='lat' dir='ltr'><strong>Deum</strong></span> <span class='ocrx_word' id='word_1_418' title='bbox 2685 3018 2918 3083; x_wconf 85' lang='lat' dir='ltr'><strong>faceret,</strong></span> <span class='ocrx_word' id='word_1_419' title='bbox 2949 3033 3016 3072; x_wconf 90' lang='lat' dir='ltr'><strong>ac</strong></span> <span class='ocrx_word' id='word_1_420' title='bbox 3046 2997 3342 3088; x_wconf 15' lang='lat' dir='ltr'><strong>iprazterea,</strong></span> <span class='ocrx_word' id='word_1_421' title='bbox 3391 3019 3538 3090; x_wconf 90' lang='lat' dir='ltr'><strong>quod</strong></span> 
     </span>
    </p>
   </div>
   <div class='ocr_carea' id='block_1_61' title="bbox 283 3088 1862 3164">
    <p class='ocr_par' dir='ltr' id='par_1_61' title="bbox 283 3088 1862 3164">
     <span class='ocr_line' id='line_1_62' title="bbox 283 3088 1862 3164; baseline 0.004 -23"><span class='ocrx_word' id='word_1_422' title='bbox 283 3088 375 3142; x_wconf 84' lang='grc' dir='ltr'><strong>τὸν</strong></span> <span class='ocrx_word' id='word_1_423' title='bbox 401 3090 574 3142; x_wconf 80' lang='grc' dir='ltr'>ἐποίει</span> <span class='ocrx_word' id='word_1_424' title='bbox 609 3089 761 3154; x_wconf 83' lang='grc' dir='ltr'>Θεὸν,</span> <span class='ocrx_word' id='word_1_425' title='bbox 812 3091 908 3145; x_wconf 74' lang='grc' dir='ltr'><strong>καὶ</strong></span> <span class='ocrx_word' id='word_1_426' title='bbox 953 3091 1136 3156; x_wconf 79' lang='grc' dir='ltr'>πάλιν,</span> <span class='ocrx_word' id='word_1_427' title='bbox 1166 3093 1246 3145; x_wconf 81' lang='grc' dir='ltr'><strong>ὅτι</strong></span> <span class='ocrx_word' id='word_1_428' title='bbox 1286 3093 1504 3164; x_wconf 86' lang='grc' dir='ltr'>Πατέρα</span> <span class='ocrx_word' id='word_1_429' title='bbox 1547 3094 1677 3146; x_wconf 78' lang='grc' dir='ltr'>ἴδιον</span> <span class='ocrx_word' id='word_1_430' title='bbox 1709 3093 1862 3163; x_wconf 73' lang='grc' dir='ltr'>ἔλεγε</span> 
     </span>
    </p>
   </div>
   <div class='ocr_carea' id='block_1_62' title="bbox 279 3181 1861 3258">
    <p class='ocr_par' dir='ltr' id='par_1_62' title="bbox 279 3181 1861 3258">
     <span class='ocr_line' id='line_1_63' title="bbox 279 3181 1861 3258; baseline 0.005 -26"><span class='ocrx_word' id='word_1_431' title='bbox 279 3181 374 3233; x_wconf 79' lang='grc' dir='ltr'><strong>τὸν</strong></span> <span class='ocrx_word' id='word_1_432' title='bbox 416 3181 569 3246; x_wconf 85' lang='grc' dir='ltr'>Θεὸν,</span> <span class='ocrx_word' id='word_1_433' title='bbox 626 3181 739 3235; x_wconf 72' lang='grc' dir='ltr'>ἴσον</span> <span class='ocrx_word' id='word_1_434' title='bbox 784 3184 974 3238; x_wconf 90' lang='grc' dir='ltr'>ἐαυτὸν</span> <span class='ocrx_word' id='word_1_435' title='bbox 1024 3184 1190 3236; x_wconf 83' lang='grc' dir='ltr'>ποιῶν</span> <span class='ocrx_word' id='word_1_436' title='bbox 1238 3183 1314 3255; x_wconf 77' lang='grc' dir='ltr'>τῷ</span> <span class='ocrx_word' id='word_1_437' title='bbox 1359 3184 1495 3256; x_wconf 83' lang='grc' dir='ltr'>Θεῷ.</span> <span class='ocrx_word' id='word_1_438' title='bbox 1541 3187 1752 3258; x_wconf 81' lang='grc' dir='ltr'>Ἐπειδὴ</span> <span class='ocrx_word' id='word_1_439' title='bbox 1805 3187 1861 3240; x_wconf 83' lang='grc' dir='ltr'>δὲ</span> 
     </span>
    </p>
   </div>
   <div class='ocr_carea' id='block_1_63' title="bbox 275 3266 1862 3348">
    <p class='ocr_par' dir='ltr' id='par_1_63' title="bbox 275 3266 1862 3348">
     <span class='ocr_line' id='line_1_64' title="bbox 275 3266 1862 3348; baseline 0.005 -25"><span class='ocrx_word' id='word_1_440' title='bbox 275 3266 424 3344; x_wconf 74' lang='grc' dir='ltr'>ἦσαν</span> <span class='ocrx_word' id='word_1_441' title='bbox 455 3271 597 3324; x_wconf 73' lang='grc' dir='ltr'>οὕτω</span> <span class='ocrx_word' id='word_1_442' title='bbox 627 3272 936 3344; x_wconf 82' lang='grc' dir='ltr'>δυσμαθεῖς,</span> <span class='ocrx_word' id='word_1_443' title='bbox 984 3276 1078 3328; x_wconf 74' lang='grc' dir='ltr'><strong>καὶ</strong></span> <span class='ocrx_word' id='word_1_444' title='bbox 1120 3275 1438 3348; x_wconf 85' lang='grc' dir='ltr'>θεοπρεπῶν</span> <span class='ocrx_word' id='word_1_445' title='bbox 1475 3278 1570 3347; x_wconf 84' lang='grc' dir='ltr'>μὲν</span> <span class='ocrx_word' id='word_1_446' title='bbox 1598 3277 1733 3341; x_wconf 83' lang='grc' dir='ltr'>ὅλως</span> <span class='ocrx_word' id='word_1_447' title='bbox 1762 3277 1862 3331; x_wconf 84' lang='grc' dir='ltr'>οὐκ</span> 
     </span>
    </p>
   </div>
   <div class='ocr_carea' id='block_1_64' title="bbox 279 3365 1862 3444">
    <p class='ocr_par' dir='ltr' id='par_1_64' title="bbox 279 3365 1862 3444">
     <span class='ocr_line' id='line_1_65' title="bbox 279 3365 1862 3444; baseline 0.003 -24"><span class='ocrx_word' id='word_1_448' title='bbox 279 3365 602 3437; x_wconf 79' lang='grc' dir='ltr'>ἀνεχόμενοι</span> <span class='ocrx_word' id='word_1_449' title='bbox 651 3366 848 3436; x_wconf 87' lang='grc' dir='ltr'>λόγων,</span> <span class='ocrx_word' id='word_1_450' title='bbox 892 3368 1063 3440; x_wconf 87' lang='grc' dir='ltr'>μικρά</span> <span class='ocrx_word' id='word_1_451' title='bbox 1109 3370 1166 3423; x_wconf 85' lang='grc' dir='ltr'>δὲ</span> <span class='ocrx_word' id='word_1_452' title='bbox 1216 3371 1343 3442; x_wconf 74' lang='grc' dir='ltr'>περὶ</span> <span class='ocrx_word' id='word_1_453' title='bbox 1396 3370 1562 3424; x_wconf 79' lang='grc' dir='ltr'>αὐτοῦ</span> <span class='ocrx_word' id='word_1_454' title='bbox 1616 3372 1707 3426; x_wconf 76' lang='grc' dir='ltr'>καὶ</span> <span class='ocrx_word' id='word_1_455' title='bbox 1733 3389 1862 3444; x_wconf 79' lang='grc' dir='ltr'>φρο-</span> 
     </span>
    </p>
   </div>
   <div class='ocr_carea' id='block_1_65' title="bbox 273 3457 1895 3535">
    <p class='ocr_par' dir='ltr' id='par_1_65' title="bbox 273 3457 1895 3535">
     <span class='ocr_line' id='line_1_66' title="bbox 273 3457 1895 3535; baseline 0.004 -23"><span class='ocrx_word' id='word_1_456' title='bbox 273 3457 500 3522; x_wconf 74' lang='grc' dir='ltr'>νοῦντες</span> <span class='ocrx_word' id='word_1_457' title='bbox 561 3460 654 3512; x_wconf 75' lang='grc' dir='ltr'><strong>καὶ</strong></span> <span class='ocrx_word' id='word_1_458' title='bbox 709 3458 892 3526; x_wconf 85' lang='grc' dir='ltr'>λέγετε</span> <span class='ocrx_word' id='word_1_459' title='bbox 932 3459 1040 3534; x_wconf 80' lang='grc' dir='ltr'>[ἷσ.</span> <span class='ocrx_word' id='word_1_460' title='bbox 1097 3460 1389 3535; x_wconf 78' lang='grc' dir='ltr'>λέγοντες],</span> <span class='ocrx_word' id='word_1_461' title='bbox 1438 3465 1791 3535; x_wconf 82' lang='grc' dir='ltr'>οἰκονομικῶς</span> <span class='ocrx_word' id='word_1_462' title='bbox 1832 3465 1895 3518; x_wconf 87' lang='grc' dir='ltr'><strong>ὁ’</strong></span> 
     </span>
    </p>
   </div>
   <div class='ocr_carea' id='block_1_66' title="bbox 279 3546 1860 3625">
    <p class='ocr_par' dir='ltr' id='par_1_66' title="bbox 279 3546 1860 3625">
     <span class='ocr_line' id='line_1_67' title="bbox 279 3546 1860 3625; baseline 0.007 -27"><span class='ocrx_word' id='word_1_463' title='bbox 279 3546 475 3616; x_wconf 75' lang='grc' dir='ltr'>Σωτὴρ</span> <span class='ocrx_word' id='word_1_464' title='bbox 524 3548 870 3618; x_wconf 81' lang='grc' dir='ltr'>συννηπιάζει</span> <span class='ocrx_word' id='word_1_465' title='bbox 927 3551 1028 3621; x_wconf 76' lang='grc' dir='ltr'>μὲν</span> <span class='ocrx_word' id='word_1_466' title='bbox 1078 3553 1280 3617; x_wconf 79' lang='grc' dir='ltr'>αὐτοῖς,</span> <span class='ocrx_word' id='word_1_467' title='bbox 1313 3555 1657 3625; x_wconf 84' lang='grc' dir='ltr'>κεκραμένην</span> <span class='ocrx_word' id='word_1_468' title='bbox 1694 3555 1738 3608; x_wconf 80' lang='grc' dir='ltr'>δ’</span> <span class='ocrx_word' id='word_1_469' title='bbox 1766 3551 1860 3609; x_wconf 74' lang='grc' dir='ltr'><strong>οὖν</strong></span> 
     </span>
    </p>
   </div>
   <div class='ocr_carea' id='block_1_67' title="bbox 279 3638 1860 3718">
    <p class='ocr_par' dir='ltr' id='par_1_67' title="bbox 279 3638 1860 3718">
     <span class='ocr_line' id='line_1_68' title="bbox 279 3638 1860 3718; baseline 0.009 -32"><span class='ocrx_word' id='word_1_470' title='bbox 279 3638 432 3705; x_wconf 82' lang='grc' dir='ltr'>ὅμως</span> <span class='ocrx_word' id='word_1_471' title='bbox 464 3638 695 3690; x_wconf 81' lang='grc' dir='ltr'>ἐποιεῖτο</span> <span class='ocrx_word' id='word_1_472' title='bbox 722 3639 819 3709; x_wconf 81' lang='grc' dir='ltr'><strong>τὴν</strong></span> <span class='ocrx_word' id='word_1_473' title='bbox 849 3640 1124 3712; x_wconf 74' lang='grc' dir='ltr'>ἐξήγησιν,</span> <span class='ocrx_word' id='word_1_474' title='bbox 1148 3642 1270 3696; x_wconf 75' lang='grc' dir='ltr'>οὔτε</span> <span class='ocrx_word' id='word_1_475' title='bbox 1314 3646 1440 3708; x_wconf 73' lang='grc' dir='ltr'>τοὺς</span> <span class='ocrx_word' id='word_1_476' title='bbox 1471 3645 1547 3715; x_wconf 83' lang='grc' dir='ltr'><strong>τῷ</strong></span> <span class='ocrx_word' id='word_1_477' title='bbox 1574 3645 1691 3716; x_wconf 85' lang='grc' dir='ltr'><strong>Θεῷ</strong></span> <span class='ocrx_word' id='word_1_478' title='bbox 1724 3647 1860 3718; x_wconf 83' lang='grc' dir='ltr'>πρέ-</span> 
     </span>
    </p>
   </div>
   <div class='ocr_carea' id='block_1_68' title="bbox 281 3727 1858 3806">
    <p class='ocr_par' dir='ltr' id='par_1_68' title="bbox 281 3727 1858 3806">
     <span class='ocr_line' id='line_1_69' title="bbox 281 3727 1858 3806; baseline 0.007 -29"><span class='ocrx_word' id='word_1_479' title='bbox 281 3742 484 3788; x_wconf 84' lang='grc' dir='ltr'>ποντας</span> <span class='ocrx_word' id='word_1_480' title='bbox 531 3727 719 3796; x_wconf 80' lang='grc' dir='ltr'>λόγους</span> <span class='ocrx_word' id='word_1_481' title='bbox 764 3731 1022 3795; x_wconf 80' lang='grc' dir='ltr'>όλοτελῶς</span> <span class='ocrx_word' id='word_1_482' title='bbox 1071 3733 1523 3803; x_wconf 82' lang='grc' dir='ltr'>παραιτούμενος,</span> <span class='ocrx_word' id='word_1_483' title='bbox 1583 3735 1705 3790; x_wconf 72' lang='grc' dir='ltr'>οὔτε</span> <span class='ocrx_word' id='word_1_484' title='bbox 1753 3735 1858 3806; x_wconf 80' lang='grc' dir='ltr'>μὴν</span> 
     </span>
    </p>
   </div>
   <div class='ocr_carea' id='block_1_69' title="bbox 278 3816 1854 3896">
    <p class='ocr_par' dir='ltr' id='par_1_69' title="bbox 278 3816 1854 3896">
     <span class='ocr_line' id='line_1_70' title="bbox 278 3816 1854 3896; baseline 0.009 -29"><span class='ocrx_word' id='word_1_485' title='bbox 278 3817 362 3876; x_wconf 78' lang='grc' dir='ltr'><strong>είς</strong></span> <span class='ocrx_word' id='word_1_486' title='bbox 390 3816 680 3887; x_wconf 76' lang='grc' dir='ltr'>ὁλόκληρον</span> <span class='ocrx_word' id='word_1_487' title='bbox 705 3819 810 3872; x_wconf 84' lang='grc' dir='ltr'>τῶν</span> <span class='ocrx_word' id='word_1_488' title='bbox 836 3821 1189 3893; x_wconf 82' lang='grc' dir='ltr'>ἀνθρωπίνων</span> <span class='ocrx_word' id='word_1_489' title='bbox 1221 3825 1480 3896; x_wconf 80' lang='grc' dir='ltr'>ῥημάτων</span> <span class='ocrx_word' id='word_1_490' title='bbox 1510 3827 1820 3896; x_wconf 70' lang='grc' dir='ltr'>ἀποφοιτῶν</span> <span class='ocrx_word' id='word_1_491' title='bbox 1841 3843 1854 3856; x_wconf 79' lang='grc'><strong><em>⁸</em></strong></span> 
     </span>
    </p>
   </div>
   <div class='ocr_carea' id='block_1_70' title="bbox 277 3905 1856 3988">
    <p class='ocr_par' dir='ltr' id='par_1_70' title="bbox 277 3905 1856 3988">
     <span class='ocr_line' id='line_1_71' title="bbox 277 3905 1856 3988; baseline 0.009 -32"><span class='ocrx_word' id='word_1_492' title='bbox 277 3905 454 3957; x_wconf 82' lang='grc' dir='ltr'>είπὼν</span> <span class='ocrx_word' id='word_1_493' title='bbox 487 3906 544 3958; x_wconf 85' lang='grc' dir='ltr'><strong>δέ</strong></span> <span class='ocrx_word' id='word_1_494' title='bbox 573 3924 625 3959; x_wconf 88' lang='grc' dir='ltr'><strong>τι</strong></span> <span class='ocrx_word' id='word_1_495' title='bbox 667 3911 764 3978; x_wconf 82' lang='grc' dir='ltr'>τῆς</span> <span class='ocrx_word' id='word_1_496' title='bbox 797 3909 984 3978; x_wconf 81' lang='grc' dir='ltr'>θεῖκῆς</span> <span class='ocrx_word' id='word_1_497' title='bbox 1029 3913 1276 3979; x_wconf 82' lang='grc' dir='ltr'>ἐξουσίας</span> <span class='ocrx_word' id='word_1_498' title='bbox 1309 3915 1475 3979; x_wconf 80' lang='grc' dir='ltr'>ἄξιον,</span> <span class='ocrx_word' id='word_1_499' title='bbox 1517 3916 1856 3988; x_wconf 83' lang='grc' dir='ltr'>παραχρῆμα</span> 
     </span>
    </p>
   </div>
   <div class='ocr_carea' id='block_1_71' title="bbox 277 3997 1853 4078">
    <p class='ocr_par' dir='ltr' id='par_1_71' title="bbox 277 3997 1853 4078">
     <span class='ocr_line' id='line_1_72' title="bbox 277 3997 1853 4078; baseline 0.01 -31"><span class='ocrx_word' id='word_1_500' title='bbox 277 3997 499 4060; x_wconf 73' lang='grc' dir='ltr'>κολάζει</span> <span class='ocrx_word' id='word_1_501' title='bbox 551 3997 640 4050; x_wconf 84' lang='grc' dir='ltr'><strong>τὸν</strong></span> <span class='ocrx_word' id='word_1_502' title='bbox 695 4001 1014 4055; x_wconf 85' lang='grc' dir='ltr'>ἀπαίδευτον</span> <span class='ocrx_word' id='word_1_503' title='bbox 1069 4004 1176 4057; x_wconf 84' lang='grc' dir='ltr'>τῶν</span> <span class='ocrx_word' id='word_1_504' title='bbox 1235 4006 1597 4077; x_wconf 86' lang='grc' dir='ltr'>ἀκροωμένων</span> <span class='ocrx_word' id='word_1_505' title='bbox 1653 4008 1853 4078; x_wconf 87' lang='grc' dir='ltr'>θυμὸν,</span> 
     </span>
    </p>
   </div>
   <div class='ocr_carea' id='block_1_72' title="bbox 278 4087 1857 4168">
    <p class='ocr_par' dir='ltr' id='par_1_72' title="bbox 278 4087 1857 4168">
     <span class='ocr_line' id='line_1_73' title="bbox 278 4087 1857 4168; baseline 0.008 -28"><span class='ocrx_word' id='word_1_506' title='bbox 278 4087 579 4156; x_wconf 84' lang='grc' dir='ltr'>ἐπαγαγών</span> <span class='ocrx_word' id='word_1_507' title='bbox 608 4107 660 4142; x_wconf 93' lang='grc' dir='ltr'>τι</span> <span class='ocrx_word' id='word_1_508' title='bbox 688 4091 777 4144; x_wconf 72' lang='grc' dir='ltr'>καὶ</span> <span class='ocrx_word' id='word_1_509' title='bbox 806 4092 1161 4164; x_wconf 85' lang='grc' dir='ltr'>ἀνθρώπινον,</span> <span class='ocrx_word' id='word_1_510' title='bbox 1199 4098 1292 4150; x_wconf 74' lang='grc' dir='ltr'>καὶ</span> <span class='ocrx_word' id='word_1_511' title='bbox 1336 4099 1493 4151; x_wconf 77' lang='grc' dir='ltr'>πάλιν</span> <span class='ocrx_word' id='word_1_512' title='bbox 1517 4099 1857 4168; x_wconf 83' lang='grc' dir='ltr'>ἀνθρώπινόν</span> 
     </span>
    </p>
   </div>
   <div class='ocr_carea' id='block_1_73' title="bbox 275 4176 1856 4258">
    <p class='ocr_par' dir='ltr' id='par_1_73' title="bbox 275 4176 1856 4258">
     <span class='ocr_line' id='line_1_74' title="bbox 275 4176 1856 4258; baseline 0.004 -28"><span class='ocrx_word' id='word_1_513' title='bbox 275 4194 331 4230; x_wconf 88' lang='grc' dir='ltr'><strong>τι</strong></span> <span class='ocrx_word' id='word_1_514' title='bbox 351 4176 441 4230; x_wconf 73' lang='grc' dir='ltr'>διὰ</span> <span class='ocrx_word' id='word_1_515' title='bbox 471 4176 570 4248; x_wconf 82' lang='grc' dir='ltr'><strong>τὴν</strong></span> <span class='ocrx_word' id='word_1_516' title='bbox 596 4180 902 4250; x_wconf 83' lang='grc' dir='ltr'>οἰκονομίαν</span> <span class='ocrx_word' id='word_1_517' title='bbox 929 4183 1118 4247; x_wconf 77' lang='grc' dir='ltr'>εἰπὼν,</span> <span class='ocrx_word' id='word_1_518' title='bbox 1145 4185 1244 4238; x_wconf 83' lang='grc' dir='ltr'>οὐκ</span> <span class='ocrx_word' id='word_1_519' title='bbox 1293 4186 1349 4238; x_wconf 85' lang='grc' dir='ltr'><strong>ἐν</strong></span> <span class='ocrx_word' id='word_1_520' title='bbox 1383 4189 1597 4257; x_wconf 86' lang='grc' dir='ltr'>μικροῖς</span> <span class='ocrx_word' id='word_1_521' title='bbox 1628 4185 1856 4258; x_wconf 82' lang='grc' dir='ltr'>ὁρᾶσθαι</span> 
     </span>
    </p>
   </div>
   <div class='ocr_carea' id='block_1_74' title="bbox 277 4268 1857 4346">
    <p class='ocr_par' dir='ltr' id='par_1_74' title="bbox 277 4268 1857 4346">
     <span class='ocr_line' id='line_1_75' title="bbox 277 4268 1857 4346; baseline 0.007 -27"><span class='ocrx_word' id='word_1_522' title='bbox 277 4268 464 4337; x_wconf 77' lang='grc' dir='ltr'>μόνοις</span> <span class='ocrx_word' id='word_1_523' title='bbox 490 4270 560 4323; x_wconf 75' lang='grc' dir='ltr'><strong>τὰ</strong></span> <span class='ocrx_word' id='word_1_524' title='bbox 608 4271 729 4342; x_wconf 83' lang='grc' dir='ltr'>καθ’</span> <span class='ocrx_word' id='word_1_525' title='bbox 760 4273 971 4340; x_wconf 87' lang='grc' dir='ltr'>ἐαυτὸν,</span> <span class='ocrx_word' id='word_1_526' title='bbox 1001 4275 1132 4329; x_wconf 82' lang='grc' dir='ltr'>Θεὸν</span> <span class='ocrx_word' id='word_1_527' title='bbox 1178 4277 1304 4330; x_wconf 75' lang='grc' dir='ltr'>ὄντα</span> <span class='ocrx_word' id='word_1_528' title='bbox 1351 4278 1488 4332; x_wconf 84' lang='grc' dir='ltr'><strong>κατά</strong></span> <span class='ocrx_word' id='word_1_529' title='bbox 1535 4277 1695 4346; x_wconf 88' lang='grc' dir='ltr'>φύσιν</span> <span class='ocrx_word' id='word_1_530' title='bbox 1739 4280 1857 4331; x_wconf 90' lang='grc' dir='ltr'>ἐπι-</span> 
     </span>
    </p>
   </div>
   <div class='ocr_carea' id='block_1_75' title="bbox 274 4346 1931 4440">
    <p class='ocr_par' dir='ltr' id='par_1_75' title="bbox 274 4346 1931 4440">
     <span class='ocr_line' id='line_1_76' title="bbox 274 4346 1931 4440; baseline 0.008 -29"><span class='ocrx_word' id='word_1_531' title='bbox 274 4359 535 4414; x_wconf 84' lang='grc' dir='ltr'>δεικνύων</span> <span class='ocrx_word' id='word_1_532' title='bbox 562 4362 646 4416; x_wconf 78' lang='grc' dir='ltr'><strong>διὰ</strong></span> <span class='ocrx_word' id='word_1_533' title='bbox 680 4365 778 4434; x_wconf 83' lang='grc' dir='ltr'>τῆς</span> <span class='ocrx_word' id='word_1_534' title='bbox 815 4366 954 4436; x_wconf 76' lang='grc' dir='ltr'>ὑπὲρ</span> <span class='ocrx_word' id='word_1_535' title='bbox 991 4367 1274 4439; x_wconf 86' lang='grc' dir='ltr'>ἄνθρωπον</span> <span class='ocrx_word' id='word_1_536' title='bbox 1323 4369 1505 4440; x_wconf 87' lang='grc' dir='ltr'>ίσχύος</span> <span class='ocrx_word' id='word_1_537' title='bbox 1559 4371 1653 4424; x_wconf 72' lang='grc' dir='ltr'>καὶ</span> <span class='ocrx_word' id='word_1_538' title='bbox 1679 4371 1854 4440; x_wconf 90' lang='grc' dir='ltr'>λόγων</span> <span class='ocrx_word' id='word_1_539' title='bbox 1889 4346 1931 4399; x_wconf 77' lang='grc' dir='ltr'><strong>ῐ)</strong></span> 
     </span>
    </p>
   </div>
   <div class='ocr_carea' id='block_1_76' title="bbox 275 4449 1853 4534">
    <p class='ocr_par' dir='ltr' id='par_1_76' title="bbox 275 4449 1853 4534">
     <span class='ocr_line' id='line_1_77' title="bbox 275 4449 1853 4534; baseline 0.011 -35"><span class='ocrx_word' id='word_1_540' title='bbox 275 4449 558 4514; x_wconf 76' lang='grc' dir='ltr'>πολλάκις.</span> <span class='ocrx_word' id='word_1_541' title='bbox 587 4453 852 4526; x_wconf 88' lang='grc' dir='ltr'>Τοιαύτην</span> <span class='ocrx_word' id='word_1_542' title='bbox 878 4458 1000 4511; x_wconf 80' lang='grc' dir='ltr'>τινὰ</span> <span class='ocrx_word' id='word_1_543' title='bbox 1028 4459 1122 4512; x_wconf 78' lang='grc' dir='ltr'>καὶ</span> <span class='ocrx_word' id='word_1_544' title='bbox 1153 4460 1247 4513; x_wconf 78' lang='grc' dir='ltr'><strong>νῦν</strong></span> <span class='ocrx_word' id='word_1_545' title='bbox 1275 4463 1332 4514; x_wconf 90' lang='grc' dir='ltr'>ἐν</span> <span class='ocrx_word' id='word_1_546' title='bbox 1358 4464 1469 4526; x_wconf 86' lang='grc' dir='ltr'>τοῖς</span> <span class='ocrx_word' id='word_1_547' title='bbox 1496 4462 1695 4534; x_wconf 84' lang='grc' dir='ltr'>ἀρτίως</span> <span class='ocrx_word' id='word_1_548' title='bbox 1723 4465 1853 4534; x_wconf 79' lang='grc' dir='ltr'>ἡμῖν</span> 
     </span>
    </p>
   </div>
   <div class='ocr_carea' id='block_1_77' title="bbox 274 4542 1856 4623">
    <p class='ocr_par' dir='ltr' id='par_1_77' title="bbox 274 4542 1856 4623">
     <span class='ocr_line' id='line_1_78' title="bbox 274 4542 1856 4623; baseline 0.011 -33"><span class='ocrx_word' id='word_1_549' title='bbox 274 4542 658 4611; x_wconf 81' lang='grc' dir='ltr'>προκειμένοις</span> <span class='ocrx_word' id='word_1_550' title='bbox 687 4546 940 4616; x_wconf 76' lang='grc' dir='ltr'>εὑρήσεις</span> <span class='ocrx_word' id='word_1_551' title='bbox 969 4549 1066 4620; x_wconf 84' lang='grc' dir='ltr'><strong>τὴν</strong></span> <span class='ocrx_word' id='word_1_552' title='bbox 1089 4550 1304 4622; x_wconf 83' lang='grc' dir='ltr'>τέχνην.</span> <span class='ocrx_word' id='word_1_553' title='bbox 1339 4552 1404 4604; x_wconf 91' lang='grc' dir='ltr'>Τί</span> <span class='ocrx_word' id='word_1_554' title='bbox 1437 4553 1546 4623; x_wconf 86' lang='grc' dir='ltr'><strong>γὰρ</strong></span> <span class='ocrx_word' id='word_1_555' title='bbox 1580 4553 1685 4623; x_wconf 81' lang='grc' dir='ltr'><strong>ἐφη</strong></span> <span class='ocrx_word' id='word_1_556' title='bbox 1720 4553 1856 4622; x_wconf 76' lang='grc' dir='ltr'>φθά-</span> 
     </span>
    </p>
   </div>
   <div class='ocr_carea' id='block_1_78' title="bbox 277 4635 1855 4716">
    <p class='ocr_par' dir='ltr' id='par_1_78' title="bbox 277 4635 1855 4716">
     <span class='ocr_line' id='line_1_79' title="bbox 277 4635 1855 4716; baseline 0.011 -33"><span class='ocrx_word' id='word_1_557' title='bbox 277 4649 407 4698; x_wconf 76' lang='grc' dir='ltr'>σα;;</span> <span class='ocrx_word' id='word_1_558' title='bbox 449 4653 466 4684; x_wconf 77' lang='grc' dir='ltr'><strong>ι</strong></span> <span class='ocrx_word' id='word_1_559' title='bbox 507 4635 718 4708; x_wconf 80' lang='grc' dir='ltr'>Ὥσπερ</span> <span class='ocrx_word' id='word_1_560' title='bbox 749 4637 856 4710; x_wconf 82' lang='grc' dir='ltr'><strong>γὰρ</strong></span> <span class='ocrx_word' id='word_1_561' title='bbox 893 4642 922 4692; x_wconf 88' lang='lat'><strong>6</strong></span> <span class='ocrx_word' id='word_1_562' title='bbox 964 4640 1152 4713; x_wconf 81' lang='grc' dir='ltr'>Πατὴρ</span> <span class='ocrx_word' id='word_1_563' title='bbox 1203 4643 1405 4715; x_wconf 80' lang='grc' dir='ltr'>ἐγείρει</span> <span class='ocrx_word' id='word_1_564' title='bbox 1436 4643 1559 4709; x_wconf 78' lang='grc' dir='ltr'>τοὺς</span> <span class='ocrx_word' id='word_1_565' title='bbox 1605 4646 1855 4716; x_wconf 74' lang='grc' dir='ltr'>νεκροὺς,</span> 
     </span>
    </p>
   </div>
   <div class='ocr_carea' id='block_1_79' title="bbox 273 4725 1857 4807">
    <p class='ocr_par' dir='ltr' id='par_1_79' title="bbox 273 4725 1857 4807">
     <span class='ocr_line' id='line_1_80' title="bbox 273 4725 1857 4807; baseline 0.01 -33"><span class='ocrx_word' id='word_1_566' title='bbox 273 4727 365 4776; x_wconf 73' lang='grc' dir='ltr'>καὶ</span> <span class='ocrx_word' id='word_1_567' title='bbox 397 4725 683 4786; x_wconf 80' lang='grc' dir='ltr'>ζωοποιεῖ⁶</span> <span class='ocrx_word' id='word_1_568' title='bbox 719 4748 738 4780; x_wconf 74' lang='grc' dir='ltr'><strong>ι</strong></span> <span class='ocrx_word' id='word_1_569' title='bbox 781 4725 901 4783; x_wconf 84' lang='grc' dir='ltr'>εἶτα.</span> <span class='ocrx_word' id='word_1_570' title='bbox 937 4732 1118 4797; x_wconf 81' lang='grc' dir='ltr'>πάλιν,</span> <span class='ocrx_word' id='word_1_571' title='bbox 1155 4753 1174 4784; x_wconf 76' lang='grc' dir='ltr'><strong>ι</strong></span> <span class='ocrx_word' id='word_1_572' title='bbox 1217 4735 1340 4787; x_wconf 83' lang='grc' dir='ltr'>’Ὁτι</span> <span class='ocrx_word' id='word_1_573' title='bbox 1388 4736 1602 4807; x_wconf 81' lang='grc' dir='ltr'>ἔρχεται</span> <span class='ocrx_word' id='word_1_574' title='bbox 1632 4735 1770 4807; x_wconf 84' lang='grc' dir='ltr'>ὦρα,</span> <span class='ocrx_word' id='word_1_575' title='bbox 1799 4737 1857 4790; x_wconf 87' lang='grc' dir='ltr'>ἐν</span> 
     </span>
    </p>
   </div>
   <div class='ocr_carea' id='block_1_80' title="bbox 275 4809 1858 4897">
    <p class='ocr_par' dir='ltr' id='par_1_80' title="bbox 275 4809 1858 4897">
     <span class='ocr_line' id='line_1_81' title="bbox 275 4809 1858 4897; baseline 0.012 -35"><span class='ocrx_word' id='word_1_576' title='bbox 275 4809 308 4883; x_wconf 71' lang='grc' dir='ltr'><strong>ᾗ</strong></span> <span class='ocrx_word' id='word_1_577' title='bbox 348 4815 546 4878; x_wconf 68' lang='grc' dir='ltr'>ττᾶντες</span> <span class='ocrx_word' id='word_1_578' title='bbox 577 4819 625 4868; x_wconf 85' lang='grc' dir='ltr'>οἱ</span> <span class='ocrx_word' id='word_1_579' title='bbox 652 4819 708 4870; x_wconf 84' lang='grc' dir='ltr'><strong>ἐν</strong></span> <span class='ocrx_word' id='word_1_580' title='bbox 741 4821 852 4884; x_wconf 89' lang='grc' dir='ltr'>τοῖς</span> <span class='ocrx_word' id='word_1_581' title='bbox 889 4822 1172 4891; x_wconf 87' lang='grc' dir='ltr'>μνημείοις</span> <span class='ocrx_word' id='word_1_582' title='bbox 1202 4825 1521 4879; x_wconf 78' lang='grc' dir='ltr'>ἀκούσονται</span> <span class='ocrx_word' id='word_1_583' title='bbox 1551 4825 1649 4897; x_wconf 84' lang='grc' dir='ltr'><strong>τῆς</strong></span> <span class='ocrx_word' id='word_1_584' title='bbox 1675 4827 1858 4896; x_wconf 78' lang='grc' dir='ltr'>φωνῆς</span> 
     </span>
    </p>
   </div>
   <div class='ocr_carea' id='block_1_81' title="bbox 275 4903 1859 4988">
    <p class='ocr_par' dir='ltr' id='par_1_81' title="bbox 275 4903 1859 4988">
     <span class='ocr_line' id='line_1_82' title="bbox 275 4903 1859 4988; baseline 0.011 -36"><span class='ocrx_word' id='word_1_585' title='bbox 275 4903 465 4955; x_wconf 75' lang='grc' dir='ltr'>αὑτοῦ·</span> <span class='ocrx_word' id='word_1_586' title='bbox 507 4926 527 4957; x_wconf 71' lang='grc' dir='ltr'><strong>ι</strong></span> <span class='ocrx_word' id='word_1_587' title='bbox 565 4908 814 4980; x_wconf 70' lang='grc' dir='ltr'>καὶπρὸς</span> <span class='ocrx_word' id='word_1_588' title='bbox 853 4913 1080 4977; x_wconf 80' lang='grc' dir='ltr'>τούτοις,</span> <span class='ocrx_word' id='word_1_589' title='bbox 1115 4915 1196 4967; x_wconf 79' lang='grc' dir='ltr'><strong>ὅτι</strong></span> <span class='ocrx_word' id='word_1_590' title='bbox 1225 4916 1317 4969; x_wconf 76' lang='grc' dir='ltr'>καὶ</span> <span class='ocrx_word' id='word_1_591' title='bbox 1342 4917 1709 4983; x_wconf 77' lang='grc' dir='ltr'>ἐξελεύσονται</span> <span class='ocrx_word' id='word_1_592' title='bbox 1744 4935 1859 4988; x_wconf 81' lang='grc' dir='ltr'>κρι-</span> 
     </span>
    </p>
   </div>
   <div class='ocr_carea' id='block_1_82' title="bbox 274 4992 1856 5078">
    <p class='ocr_par' dir='ltr' id='par_1_82' title="bbox 274 4992 1856 5078">
     <span class='ocr_line' id='line_1_83' title="bbox 274 4992 1856 5078; baseline 0.013 -36"><span class='ocrx_word' id='word_1_593' title='bbox 274 4992 586 5064; x_wconf 71' lang='grc' dir='ltr'>θησόμενοι,</span> <span class='ocrx_word' id='word_1_594' title='bbox 641 5000 735 5052; x_wconf 77' lang='grc' dir='ltr'>καὶ</span> <span class='ocrx_word' id='word_1_595' title='bbox 786 5001 1064 5072; x_wconf 84' lang='grc' dir='ltr'>ἀναλόγως</span> <span class='ocrx_word' id='word_1_596' title='bbox 1117 5004 1426 5075; x_wconf 80' lang='grc' dir='ltr'>ὡσπερανεὶ</span> <span class='ocrx_word' id='word_1_597' title='bbox 1481 5008 1706 5078; x_wconf 81' lang='grc' dir='ltr'>ἐργάται</span> <span class='ocrx_word' id='word_1_598' title='bbox 1757 5008 1856 5078; x_wconf 80' lang='grc' dir='ltr'>τὴν</span> 
     </span>
    </p>
   </div>
   <div class='ocr_carea' id='block_1_83' title="bbox 269 5083 1856 5169">
    <p class='ocr_par' dir='ltr' id='par_1_83' title="bbox 269 5083 1856 5169">
     <span class='ocr_line' id='line_1_84' title="bbox 269 5083 1856 5169; baseline 0.013 -37"><span class='ocrx_word' id='word_1_599' title='bbox 269 5083 619 5153; x_wconf 84' lang='grc' dir='ltr'>ἀντιμισθίαν</span> <span class='ocrx_word' id='word_1_600' title='bbox 665 5092 1086 5166; x_wconf 70' lang='grc' dir='ltr'>ἀποληψόμενοι.</span> <span class='ocrx_word' id='word_1_601' title='bbox 1162 5098 1217 5150; x_wconf 86' lang='lat'><strong>&#39;0</strong></span> <span class='ocrx_word' id='word_1_602' title='bbox 1266 5097 1322 5150; x_wconf 83' lang='grc' dir='ltr'>δὲ</span> <span class='ocrx_word' id='word_1_603' title='bbox 1378 5097 1630 5152; x_wconf 87' lang='grc' dir='ltr'>δύνασθαι</span> <span class='ocrx_word' id='word_1_604' title='bbox 1682 5099 1856 5169; x_wconf 82' lang='grc' dir='ltr'>λέγων</span> 
     </span>
    </p>
   </div>
   <div class='ocr_carea' id='block_1_84' title="bbox 263 5173 1848 5260">
    <p class='ocr_par' dir='ltr' id='par_1_84' title="bbox 263 5173 1848 5260">
     <span class='ocr_line' id='line_1_85' title="bbox 263 5173 1848 5260; baseline 0.01 -35"><span class='ocrx_word' id='word_1_605' title='bbox 263 5173 484 5247; x_wconf 71' lang='grc' dir='ltr'>οὕσπερ</span> <span class='ocrx_word' id='word_1_606' title='bbox 512 5177 575 5230; x_wconf 83' lang='grc' dir='ltr'><strong>ἂν</strong></span> <span class='ocrx_word' id='word_1_607' title='bbox 601 5179 773 5233; x_wconf 84' lang='grc' dir='ltr'>ἐθέλει</span> <span class='ocrx_word' id='word_1_608' title='bbox 803 5181 1103 5252; x_wconf 79' lang='grc' dir='ltr'>ζωογονεῖν,</span> <span class='ocrx_word' id='word_1_609' title='bbox 1141 5187 1234 5246; x_wconf 72' lang='grc' dir='ltr'>καὶ</span> <span class='ocrx_word' id='word_1_610' title='bbox 1262 5186 1433 5252; x_wconf 79' lang='grc' dir='ltr'>οὕτως</span> <span class='ocrx_word' id='word_1_611' title='bbox 1460 5189 1535 5252; x_wconf 87' lang='grc' dir='ltr'><strong>ὡς</strong></span> <span class='ocrx_word' id='word_1_612' title='bbox 1561 5190 1590 5242; x_wconf 92' lang='lat'><strong>6</strong></span> <span class='ocrx_word' id='word_1_613' title='bbox 1621 5190 1812 5260; x_wconf 76' lang='grc' dir='ltr'>Πατήρ</span> <span class='ocrx_word' id='word_1_614' title='bbox 1835 5205 1848 5220; x_wconf 76' lang='grc'><em>’</em></span> 
     </span>
    </p>
   </div>
   <div class='ocr_carea' id='block_1_85' title="bbox 261 5263 1852 5351">
    <p class='ocr_par' dir='ltr' id='par_1_85' title="bbox 261 5263 1852 5351">
     <span class='ocr_line' id='line_1_86' title="bbox 261 5263 1852 5351; baseline 0.006 -26"><span class='ocrx_word' id='word_1_615' title='bbox 261 5263 392 5326; x_wconf 76' lang='grc' dir='ltr'><strong>πῶς</strong></span> <span class='ocrx_word' id='word_1_616' title='bbox 435 5266 500 5318; x_wconf 80' lang='grc' dir='ltr'><strong>ἂν</strong></span> <span class='ocrx_word' id='word_1_617' title='bbox 542 5269 660 5338; x_wconf 72' lang='grc' dir='ltr'><strong>οὐχὶ</strong></span> <span class='ocrx_word' id='word_1_618' title='bbox 712 5270 812 5342; x_wconf 82' lang='grc' dir='ltr'>τὴν</span> <span class='ocrx_word' id='word_1_619' title='bbox 865 5273 983 5344; x_wconf 83' lang='grc' dir='ltr'><strong>Θεῷ</strong></span> <span class='ocrx_word' id='word_1_620' title='bbox 1035 5277 1349 5347; x_wconf 86' lang='grc' dir='ltr'>πρέπουσαν</span> <span class='ocrx_word' id='word_1_621' title='bbox 1400 5277 1626 5350; x_wconf 82' lang='grc' dir='ltr'>δύναμιν</span> <span class='ocrx_word' id='word_1_622' title='bbox 1677 5280 1852 5351; x_wconf 85' lang='grc' dir='ltr'>ἐαυτῷ</span> 
     </span>
    </p>
   </div>
   <div class='ocr_carea' id='block_1_86' title="bbox 258 5357 1852 5442">
    <p class='ocr_par' dir='ltr' id='par_1_86' title="bbox 258 5357 1852 5442">
     <span class='ocr_line' id='line_1_87' title="bbox 258 5357 1852 5442; baseline 0.009 -34"><span class='ocrx_word' id='word_1_623' title='bbox 258 5357 449 5408; x_wconf 78' lang='grc' dir='ltr'>νοοῖτο</span> <span class='ocrx_word' id='word_1_624' title='bbox 478 5358 772 5426; x_wconf 87' lang='grc' dir='ltr'>περιτιθείς</span> <span class='ocrx_word' id='word_1_625' title='bbox 799 5377 813 5426; x_wconf 89' lang='grc'><strong>;</strong></span> <span class='ocrx_word' id='word_1_626' title='bbox 846 5363 1037 5417; x_wconf 87' lang='grc' dir='ltr'>Ἔσται</span> <span class='ocrx_word' id='word_1_627' title='bbox 1074 5367 1128 5419; x_wconf 81' lang='grc' dir='ltr'>δὲ</span> <span class='ocrx_word' id='word_1_628' title='bbox 1157 5369 1237 5420; x_wconf 83' lang='grc' dir='ltr'>ὅτι</span> <span class='ocrx_word' id='word_1_629' title='bbox 1283 5368 1376 5422; x_wconf 75' lang='grc' dir='ltr'>καὶ</span> <span class='ocrx_word' id='word_1_630' title='bbox 1413 5369 1628 5424; x_wconf 82' lang='grc' dir='ltr'>πάντων</span> <span class='ocrx_word' id='word_1_631' title='bbox 1660 5371 1852 5442; x_wconf 84' lang='grc' dir='ltr'>κριτὴς</span> 
     </span>
    </p>
   </div>
   <div class='ocr_carea' id='block_1_87' title="bbox 261 5444 1849 5531">
    <p class='ocr_par' dir='ltr' id='par_1_87' title="bbox 261 5444 1849 5531">
     <span class='ocr_line' id='line_1_88' title="bbox 261 5444 1849 5531; baseline 0.011 -35"><span class='ocrx_word' id='word_1_632' title='bbox 261 5449 290 5497; x_wconf 79' lang='grc' dir='ltr'>ὁ</span> <span class='ocrx_word' id='word_1_633' title='bbox 321 5445 624 5519; x_wconf 62' lang='grc' dir='ltr'>διαρρήδην</span> <span class='ocrx_word' id='word_1_634' title='bbox 654 5450 846 5520; x_wconf 73' lang='grc' dir='ltr'>εἰπὼν,</span> <span class='ocrx_word' id='word_1_635' title='bbox 1030 5457 1126 5509; x_wconf 78' lang='grc' dir='ltr'>οὐκ</span> <span class='ocrx_word' id='word_1_636' title='bbox 1161 5459 1226 5510; x_wconf 82' lang='grc' dir='ltr'>ἂν</span> <span class='ocrx_word' id='word_1_637' title='bbox 1277 5459 1574 5531; x_wconf 81' lang='grc' dir='ltr'>ἐκταράεαι</span> <span class='ocrx_word' id='word_1_638' title='bbox 1626 5461 1849 5525; x_wconf 83' lang='grc' dir='ltr'>δικαίως</span> 
     </span>
    </p>
   </div>
   <div class='ocr_carea' id='block_1_88' title="bbox 264 5537 1848 5628">
    <p class='ocr_par' dir='ltr' id='par_1_88' title="bbox 264 5537 1848 5628">
     <span class='ocr_line' id='line_1_89' title="bbox 264 5537 1848 5628; baseline 0.013 -38"><span class='ocrx_word' id='word_1_639' title='bbox 264 5537 394 5600; x_wconf 69' lang='grc' dir='ltr'>τοὺς</span> <span class='ocrx_word' id='word_1_640' title='bbox 417 5537 703 5608; x_wconf 78' lang='grc' dir='ltr'>ἄνθρωπον</span> <span class='ocrx_word' id='word_1_641' title='bbox 726 5541 804 5595; x_wconf 82' lang='grc' dir='ltr'>ἔτι</span> <span class='ocrx_word' id='word_1_642' title='bbox 827 5546 1029 5616; x_wconf 85' lang='grc' dir='ltr'>γυμνὸν</span> <span class='ocrx_word' id='word_1_643' title='bbox 1055 5549 1327 5620; x_wconf 84' lang='grc' dir='ltr'>οἰομένους</span> <span class='ocrx_word' id='word_1_644' title='bbox 1355 5553 1621 5626; x_wconf 79' lang='grc' dir='ltr'>ὑπάρχειν</span> <span class='ocrx_word' id='word_1_645' title='bbox 1652 5555 1848 5628; x_wconf 80' lang='grc' dir='ltr'>αὑτόν;</span> 
     </span>
    </p>
   </div>
   <div class='ocr_carea' id='block_1_89' title="bbox 339 5651 770 5723">
    <p class='ocr_par' dir='ltr' id='par_1_89' title="bbox 339 5651 770 5723">
     <span class='ocr_line' id='line_1_90' title="bbox 339 5651 770 5723; baseline 0.021 -18"><span class='ocrx_word' id='word_1_646' title='bbox 339 5654 382 5685; x_wconf 76' lang='grc'><strong>⁸⁸</strong></span> <span class='ocrx_word' id='word_1_647' title='bbox 421 5651 585 5712; x_wconf 75' lang='lat' dir='ltr'><strong>Rom.</strong></span> <span class='ocrx_word' id='word_1_648' title='bbox 618 5673 646 5710; x_wconf 70' lang='grc' dir='ltr'><strong>ι</strong></span> <span class='ocrx_word' id='word_1_649' title='bbox 670 5697 684 5723; x_wconf 91' lang='grc'><strong>,</strong></span> <span class='ocrx_word' id='word_1_650' title='bbox 714 5658 770 5714; x_wconf 75' lang='grc'><strong>2.</strong></span> 
     </span>
    </p>
   </div>
   <div class='ocr_carea' id='block_1_90' title="bbox 1963 3107 3634 3179">
    <p class='ocr_par' dir='ltr' id='par_1_90' title="bbox 1963 3107 3634 3179">
     <span class='ocr_line' id='line_1_91' title="bbox 1963 3107 3634 3179; baseline 0.001 -14"><span class='ocrx_word' id='word_1_651' title='bbox 1963 3109 2181 3165; x_wconf 88' lang='lat' dir='ltr'><strong>Patrem</strong></span> <span class='ocrx_word' id='word_1_652' title='bbox 2211 3124 2368 3164; x_wconf 89' lang='lat' dir='ltr'><strong>suum</strong></span> <span class='ocrx_word' id='word_1_653' title='bbox 2402 3107 2572 3164; x_wconf 91' lang='lat' dir='ltr'><strong>Deum</strong></span> <span class='ocrx_word' id='word_1_654' title='bbox 2605 3118 2843 3172; x_wconf 88' lang='lat' dir='ltr'><strong>vocaret,</strong></span> <span class='ocrx_word' id='word_1_655' title='bbox 2869 3109 3130 3179; x_wconf 73' lang='lat' dir='ltr'><strong>aequalem</strong></span> <span class='ocrx_word' id='word_1_656' title='bbox 3179 3111 3420 3179; x_wconf 84' lang='lat' dir='ltr'><strong>seipsum</strong></span> <span class='ocrx_word' id='word_1_657' title='bbox 3453 3109 3536 3166; x_wconf 80' lang='lat' dir='ltr'><strong>fa-</strong></span> <span class='ocrx_word' id='word_1_658' title='bbox 3630 3149 3634 3154; x_wconf 88' lang='grc'><strong>-</strong></span> 
     </span>
    </p>
   </div>
   <div class='ocr_carea' id='block_1_91' title="bbox 1963 3196 3536 3267">
    <p class='ocr_par' dir='ltr' id='par_1_91' title="bbox 1963 3196 3536 3267">
     <span class='ocr_line' id='line_1_92' title="bbox 1963 3196 3536 3267; baseline 0.001 -13"><span class='ocrx_word' id='word_1_659' title='bbox 1963 3200 2116 3255; x_wconf 84' lang='lat' dir='ltr'><strong>ciens</strong></span> <span class='ocrx_word' id='word_1_660' title='bbox 2157 3198 2290 3254; x_wconf 90' lang='lat' dir='ltr'><strong>Deo.</strong></span> <span class='ocrx_word' id='word_1_661' title='bbox 2331 3196 2469 3252; x_wconf 88' lang='lat' dir='ltr'><strong>Cum</strong></span> <span class='ocrx_word' id='word_1_662' title='bbox 2515 3205 2695 3252; x_wconf 81' lang='lat' dir='ltr'><strong>autem</strong></span> <span class='ocrx_word' id='word_1_663' title='bbox 2749 3206 2937 3254; x_wconf 84' lang='lat' dir='ltr'><strong>essent</strong></span> <span class='ocrx_word' id='word_1_664' title='bbox 2987 3199 3126 3254; x_wconf 88' lang='lat' dir='ltr'><strong>adeo</strong></span> <span class='ocrx_word' id='word_1_665' title='bbox 3167 3199 3417 3267; x_wconf 87' lang='lat' dir='ltr'><strong>hebetes,</strong></span> <span class='ocrx_word' id='word_1_666' title='bbox 3472 3215 3536 3256; x_wconf 86' lang='lat' dir='ltr'><strong>ac</strong></span> 
     </span>
    </p>
   </div>
   <div class='ocr_carea' id='block_1_92' title="bbox 1961 3289 3534 3364">
    <p class='ocr_par' dir='ltr' id='par_1_92' title="bbox 1961 3289 3534 3364">
     <span class='ocr_line' id='line_1_93' title="bbox 1961 3289 3534 3364; baseline 0.001 -18"><span class='ocrx_word' id='word_1_667' title='bbox 1961 3291 2182 3346; x_wconf 87' lang='lat' dir='ltr'><strong>divinos</strong></span> <span class='ocrx_word' id='word_1_668' title='bbox 2225 3305 2510 3346; x_wconf 86' lang='lat' dir='ltr'><strong>sermones</strong></span> <span class='ocrx_word' id='word_1_669' title='bbox 2545 3291 2735 3362; x_wconf 88' lang='lat' dir='ltr'><strong>utique</strong></span> <span class='ocrx_word' id='word_1_670' title='bbox 2775 3305 2884 3345; x_wconf 89' lang='lat' dir='ltr'><strong>non</strong></span> <span class='ocrx_word' id='word_1_671' title='bbox 2915 3289 3144 3352; x_wconf 85' lang='lat' dir='ltr'><strong>ferrent.</strong></span> <span class='ocrx_word' id='word_1_672' title='bbox 3182 3293 3360 3363; x_wconf 90' lang='lat' dir='ltr'><strong>deque</strong></span> <span class='ocrx_word' id='word_1_673' title='bbox 3410 3293 3534 3364; x_wconf 88' lang='lat' dir='ltr'><strong>ipso</strong></span> 
     </span>
    </p>
   </div>
   <div class='ocr_carea' id='block_1_93' title="bbox 1962 3380 3538 3454">
    <p class='ocr_par' dir='ltr' id='par_1_93' title="bbox 1962 3380 3538 3454">
     <span class='ocr_line' id='line_1_94' title="bbox 1962 3380 3538 3454; baseline 0.003 -16"><span class='ocrx_word' id='word_1_674' title='bbox 1962 3383 2200 3438; x_wconf 85' lang='lat' dir='ltr'><strong>tenuiter</strong></span> <span class='ocrx_word' id='word_1_675' title='bbox 2237 3380 2530 3436; x_wconf 84' lang='lat' dir='ltr'><strong>admodum</strong></span> <span class='ocrx_word' id='word_1_676' title='bbox 2574 3382 2846 3438; x_wconf 87' lang='lat' dir='ltr'><strong>sentirent</strong></span> <span class='ocrx_word' id='word_1_677' title='bbox 2881 3397 2945 3437; x_wconf 88' lang='lat' dir='ltr'><strong>ac</strong></span> <span class='ocrx_word' id='word_1_678' title='bbox 2993 3384 3374 3454; x_wconf 89' lang='lat' dir='ltr'><strong>loquerentur,</strong></span> <span class='ocrx_word' id='word_1_679' title='bbox 3425 3387 3538 3442; x_wconf 87' lang='lat' dir='ltr'><strong>sin-</strong></span> 
     </span>
    </p>
   </div>
   <div class='ocr_carea' id='block_1_94' title="bbox 1961 3472 3538 3548">
    <p class='ocr_par' dir='ltr' id='par_1_94' title="bbox 1961 3472 3538 3548">
     <span class='ocr_line' id='line_1_95' title="bbox 1961 3472 3538 3548; baseline 0.003 -18"><span class='ocrx_word' id='word_1_680' title='bbox 1961 3475 2138 3548; x_wconf 79' lang='lat' dir='ltr'><strong>gulari</strong></span> <span class='ocrx_word' id='word_1_681' title='bbox 2171 3474 2410 3530; x_wconf 88' lang='lat' dir='ltr'><strong>consilio</strong></span> <span class='ocrx_word' id='word_1_682' title='bbox 2451 3472 2703 3529; x_wconf 83' lang='lat' dir='ltr'><strong>Salvator</strong></span> <span class='ocrx_word' id='word_1_683' title='bbox 2737 3475 2805 3530; x_wconf 88' lang='lat' dir='ltr'><strong>ad</strong></span> <span class='ocrx_word' id='word_1_684' title='bbox 2835 3490 3028 3530; x_wconf 88' lang='lat' dir='ltr'><strong>eorum</strong></span> <span class='ocrx_word' id='word_1_685' title='bbox 3067 3478 3362 3546; x_wconf 89' lang='lat' dir='ltr'><strong>pueritiam</strong></span> <span class='ocrx_word' id='word_1_686' title='bbox 3411 3494 3538 3534; x_wconf 87' lang='lat' dir='ltr'><strong>sese</strong></span> 
     </span>
    </p>
   </div>
   <div class='ocr_carea' id='block_1_95' title="bbox 1959 3567 3538 3639">
    <p class='ocr_par' dir='ltr' id='par_1_95' title="bbox 1959 3567 3538 3639">
     <span class='ocr_line' id='line_1_96' title="bbox 1959 3567 3538 3639; baseline 0 -15"><span class='ocrx_word' id='word_1_687' title='bbox 1959 3570 2225 3636; x_wconf 82' lang='lat' dir='ltr'><strong>demittit,</strong></span> <span class='ocrx_word' id='word_1_688' title='bbox 2273 3575 2576 3638; x_wconf 89' lang='lat' dir='ltr'><strong>temperata</strong></span> <span class='ocrx_word' id='word_1_689' title='bbox 2631 3567 2995 3624; x_wconf 87' lang='lat' dir='ltr'><strong>nihilominus</strong></span> <span class='ocrx_word' id='word_1_690' title='bbox 3050 3570 3396 3639; x_wconf 80' lang='lat' dir='ltr'><strong>expositione</strong></span> <span class='ocrx_word' id='word_1_691' title='bbox 3428 3571 3538 3624; x_wconf 91' lang='lat' dir='ltr'><strong>uti-</strong></span> 
     </span>
    </p>
   </div>
   <div class='ocr_carea' id='block_1_96' title="bbox 1959 3657 3535 3730">
    <p class='ocr_par' dir='ltr' id='par_1_96' title="bbox 1959 3657 3535 3730">
     <span class='ocr_line' id='line_1_97' title="bbox 1959 3657 3535 3730; baseline 0.001 -16"><span class='ocrx_word' id='word_1_692' title='bbox 1959 3668 2072 3723; x_wconf 89' lang='lat' dir='ltr'><strong>tur,</strong></span> <span class='ocrx_word' id='word_1_693' title='bbox 2113 3676 2241 3715; x_wconf 87' lang='lat' dir='ltr'><strong>cum</strong></span> <span class='ocrx_word' id='word_1_694' title='bbox 2286 3673 2389 3714; x_wconf 83' lang='lat' dir='ltr'><strong>nec</strong></span> <span class='ocrx_word' id='word_1_695' title='bbox 2424 3660 2818 3715; x_wconf 84' lang='lat' dir='ltr'><strong>convenientes</strong></span> <span class='ocrx_word' id='word_1_696' title='bbox 2870 3657 2983 3714; x_wconf 92' lang='lat' dir='ltr'><strong>Deo</strong></span> <span class='ocrx_word' id='word_1_697' title='bbox 3039 3675 3324 3715; x_wconf 88' lang='lat' dir='ltr'><strong>sermones</strong></span> <span class='ocrx_word' id='word_1_698' title='bbox 3375 3661 3535 3730; x_wconf 87' lang='lat' dir='ltr'><strong>plane</strong></span> 
     </span>
    </p>
   </div>
   <div class='ocr_carea' id='block_1_97' title="bbox 1960 3749 3531 3820">
    <p class='ocr_par' dir='ltr' id='par_1_97' title="bbox 1960 3749 3531 3820">
     <span class='ocr_line' id='line_1_98' title="bbox 1960 3749 3531 3820; baseline -0.001 -14"><span class='ocrx_word' id='word_1_699' title='bbox 1960 3751 2227 3820; x_wconf 86' lang='lat' dir='ltr'><strong>repudiet,</strong></span> <span class='ocrx_word' id='word_1_700' title='bbox 2255 3766 2362 3807; x_wconf 89' lang='lat' dir='ltr'><strong>nec</strong></span> <span class='ocrx_word' id='word_1_701' title='bbox 2401 3749 2470 3804; x_wconf 89' lang='lat' dir='ltr'><strong>ab</strong></span> <span class='ocrx_word' id='word_1_702' title='bbox 2499 3749 2755 3804; x_wconf 83' lang='lat' dir='ltr'><strong>humanis</strong></span> <span class='ocrx_word' id='word_1_703' title='bbox 2785 3750 3075 3805; x_wconf 82' lang='lat' dir='ltr'><strong>vocabulis</strong></span> <span class='ocrx_word' id='word_1_704' title='bbox 3124 3751 3178 3803; x_wconf 89' lang='lat' dir='ltr'><strong>in</strong></span> <span class='ocrx_word' id='word_1_705' title='bbox 3213 3759 3386 3803; x_wconf 89' lang='lat' dir='ltr'><strong>totum</strong></span> <span class='ocrx_word' id='word_1_706' title='bbox 3441 3765 3531 3805; x_wconf 50' lang='lat' dir='ltr'><strong>re-</strong></span> 
     </span>
    </p>
   </div>
   <div class='ocr_carea' id='block_1_98' title="bbox 1959 3838 3533 3911">
    <p class='ocr_par' dir='ltr' id='par_1_98' title="bbox 1959 3838 3533 3911">
     <span class='ocr_line' id='line_1_99' title="bbox 1959 3838 3533 3911; baseline 0 -16"><span class='ocrx_word' id='word_1_707' title='bbox 1959 3841 2131 3911; x_wconf 84' lang='lat' dir='ltr'><strong>fugiat</strong></span> <span class='ocrx_word' id='word_1_708' title='bbox 2171 3859 2184 3894; x_wconf 91' lang='lat'><strong>:</strong></span> <span class='ocrx_word' id='word_1_709' title='bbox 2213 3841 2312 3896; x_wconf 87' lang='lat' dir='ltr'><strong>sed</strong></span> <span class='ocrx_word' id='word_1_710' title='bbox 2343 3840 2533 3896; x_wconf 83' lang='lat' dir='ltr'><strong>divina</strong></span> <span class='ocrx_word' id='word_1_711' title='bbox 2571 3847 2846 3908; x_wconf 85' lang='lat' dir='ltr'><strong>potestate</strong></span> <span class='ocrx_word' id='word_1_712' title='bbox 2875 3842 3099 3910; x_wconf 81' lang='lat' dir='ltr'><strong>dignum</strong></span> <span class='ocrx_word' id='word_1_713' title='bbox 3134 3838 3344 3909; x_wconf 84' lang='lat' dir='ltr'><strong>aliquid</strong></span> <span class='ocrx_word' id='word_1_714' title='bbox 3381 3841 3533 3895; x_wconf 85' lang='lat' dir='ltr'><strong>locu-</strong></span> 
     </span>
    </p>
   </div>
   <div class='ocr_carea' id='block_1_99' title="bbox 1957 3929 3533 4000">
    <p class='ocr_par' dir='ltr' id='par_1_99' title="bbox 1957 3929 3533 4000">
     <span class='ocr_line' id='line_1_100' title="bbox 1957 3929 3533 4000; baseline -0.001 -13"><span class='ocrx_word' id='word_1_715' title='bbox 1957 3942 2084 3993; x_wconf 87' lang='lat' dir='ltr'><strong>tus,</strong></span> <span class='ocrx_word' id='word_1_716' title='bbox 2131 3929 2321 3984; x_wconf 79' lang='lat' dir='ltr'><strong>statim</strong></span> <span class='ocrx_word' id='word_1_717' title='bbox 2370 3929 2578 3999; x_wconf 88' lang='lat' dir='ltr'><strong>aliquid</strong></span> <span class='ocrx_word' id='word_1_718' title='bbox 2619 3930 2921 3984; x_wconf 85' lang='lat' dir='ltr'><strong>humanum</strong></span> <span class='ocrx_word' id='word_1_719' title='bbox 2967 3929 3188 3998; x_wconf 89' lang='lat' dir='ltr'><strong>subjicit</strong></span> <span class='ocrx_word' id='word_1_720' title='bbox 3223 3946 3333 4000; x_wconf 90' lang='lat' dir='ltr'><strong>quo</strong></span> <span class='ocrx_word' id='word_1_721' title='bbox 3381 3931 3533 3986; x_wconf 86' lang='lat' dir='ltr'><strong>inso-</strong></span> 
     </span>
    </p>
   </div>
   <div class='ocr_carea' id='block_1_100' title="bbox 1957 4021 3529 4092">
    <p class='ocr_par' dir='ltr' id='par_1_100' title="bbox 1957 4021 3529 4092">
     <span class='ocr_line' id='line_1_101' title="bbox 1957 4021 3529 4092; baseline -0.001 -13"><span class='ocrx_word' id='word_1_722' title='bbox 1957 4025 2158 4080; x_wconf 88' lang='lat' dir='ltr'><strong>lentem</strong></span> <span class='ocrx_word' id='word_1_723' title='bbox 2197 4037 2389 4078; x_wconf 88' lang='lat' dir='ltr'><strong>eorum</strong></span> <span class='ocrx_word' id='word_1_724' title='bbox 2443 4023 2687 4078; x_wconf 87' lang='lat' dir='ltr'><strong>animum</strong></span> <span class='ocrx_word' id='word_1_725' title='bbox 2744 4023 3048 4092; x_wconf 88' lang='lat' dir='ltr'><strong>reprimat;</strong></span> <span class='ocrx_word' id='word_1_726' title='bbox 3102 4031 3157 4078; x_wconf 89' lang='lat' dir='ltr'><strong>et</strong></span> <span class='ocrx_word' id='word_1_727' title='bbox 3201 4037 3397 4077; x_wconf 88' lang='lat' dir='ltr'><strong>rursus</strong></span> <span class='ocrx_word' id='word_1_728' title='bbox 3437 4021 3529 4078; x_wconf 91' lang='lat' dir='ltr'><strong>ubi</strong></span> 
     </span>
    </p>
   </div>
   <div class='ocr_carea' id='block_1_101' title="bbox 1960 4113 3531 4184">
    <p class='ocr_par' dir='ltr' id='par_1_101' title="bbox 1960 4113 3531 4184">
     <span class='ocr_line' id='line_1_102' title="bbox 1960 4113 3531 4184; baseline 0 -16"><span class='ocrx_word' id='word_1_729' title='bbox 1960 4123 2187 4184; x_wconf 84' lang='lat' dir='ltr'><strong>propter</strong></span> <span class='ocrx_word' id='word_1_730' title='bbox 2222 4113 2627 4170; x_wconf 84' lang='lat' dir='ltr'><strong>incarnationis</strong></span> <span class='ocrx_word' id='word_1_731' title='bbox 2663 4113 3134 4183; x_wconf 86' lang='lat' dir='ltr'><strong>dispensationem</strong></span> <span class='ocrx_word' id='word_1_732' title='bbox 3191 4113 3394 4182; x_wconf 90' lang='lat' dir='ltr'><strong>aliquid</strong></span> <span class='ocrx_word' id='word_1_733' title='bbox 3430 4113 3531 4168; x_wconf 88' lang='lat' dir='ltr'><strong>hu-</strong></span> 
     </span>
    </p>
   </div>
   <div class='ocr_carea' id='block_1_102' title="bbox 1956 4201 3527 4273">
    <p class='ocr_par' dir='ltr' id='par_1_102' title="bbox 1956 4201 3527 4273">
     <span class='ocr_line' id='line_1_103' title="bbox 1956 4201 3527 4273; baseline -0.003 -13"><span class='ocrx_word' id='word_1_734' title='bbox 1956 4219 2179 4260; x_wconf 84' lang='lat' dir='ltr'><strong>manum</strong></span> <span class='ocrx_word' id='word_1_735' title='bbox 2223 4205 2476 4273; x_wconf 85' lang='lat' dir='ltr'><strong>protulit,</strong></span> <span class='ocrx_word' id='word_1_736' title='bbox 2510 4204 2717 4258; x_wconf 89' lang='lat' dir='ltr'><strong>virtute</strong></span> <span class='ocrx_word' id='word_1_737' title='bbox 2763 4213 2818 4257; x_wconf 90' lang='lat' dir='ltr'><strong>et</strong></span> <span class='ocrx_word' id='word_1_738' title='bbox 2849 4217 2981 4258; x_wconf 90' lang='lat' dir='ltr'><strong>voce</strong></span> <span class='ocrx_word' id='word_1_739' title='bbox 3032 4203 3271 4256; x_wconf 89' lang='lat' dir='ltr'><strong>humana</strong></span> <span class='ocrx_word' id='word_1_740' title='bbox 3331 4201 3527 4270; x_wconf 85' lang='lat' dir='ltr'><strong>majori</strong></span> 
     </span>
    </p>
   </div>
   <div class='ocr_carea' id='block_1_103' title="bbox 1959 4293 3530 4365">
    <p class='ocr_par' dir='ltr' id='par_1_103' title="bbox 1959 4293 3530 4365">
     <span class='ocr_line' id='line_1_104' title="bbox 1959 4293 3530 4365; baseline -0.003 -13"><span class='ocrx_word' id='word_1_741' title='bbox 1959 4310 2104 4365; x_wconf 67' lang='lat' dir='ltr'><strong>saepe</strong></span> <span class='ocrx_word' id='word_1_742' title='bbox 2136 4295 2381 4350; x_wconf 87' lang='lat' dir='ltr'><strong>ostendit</strong></span> <span class='ocrx_word' id='word_1_743' title='bbox 2419 4310 2500 4357; x_wconf 86' lang='lat' dir='ltr'><strong>se,</strong></span> <span class='ocrx_word' id='word_1_744' title='bbox 2545 4293 2691 4349; x_wconf 88' lang='lat' dir='ltr'><strong>Deus</strong></span> <span class='ocrx_word' id='word_1_745' title='bbox 2721 4309 2849 4348; x_wconf 90' lang='lat' dir='ltr'><strong>cum</strong></span> <span class='ocrx_word' id='word_1_746' title='bbox 2892 4294 2965 4348; x_wconf 87' lang='lat' dir='ltr'><strong>sit</strong></span> <span class='ocrx_word' id='word_1_747' title='bbox 3014 4293 3316 4349; x_wconf 91' lang='lat' dir='ltr'><strong>secundum</strong></span> <span class='ocrx_word' id='word_1_748' title='bbox 3367 4302 3530 4349; x_wconf 79' lang='lat' dir='ltr'><strong>natu--</strong></span> 
     </span>
    </p>
   </div>
   <div class='ocr_carea' id='block_1_104' title="bbox 1959 4386 3523 4453">
    <p class='ocr_par' dir='ltr' id='par_1_104' title="bbox 1959 4386 3523 4453">
     <span class='ocr_line' id='line_1_105' title="bbox 1959 4386 3523 4453; baseline 0.001 -14"><span class='ocrx_word' id='word_1_749' title='bbox 1959 4400 2100 4453; x_wconf 89' lang='lat' dir='ltr'><strong>ram,</strong></span> <span class='ocrx_word' id='word_1_750' title='bbox 2149 4386 2205 4441; x_wconf 89' lang='lat' dir='ltr'><strong>in</strong></span> <span class='ocrx_word' id='word_1_751' title='bbox 2235 4401 2302 4442; x_wconf 91' lang='lat' dir='ltr'><strong>eo</strong></span> <span class='ocrx_word' id='word_1_752' title='bbox 2341 4394 2558 4442; x_wconf 88' lang='lat' dir='ltr'><strong>tantum</strong></span> <span class='ocrx_word' id='word_1_753' title='bbox 2605 4386 2940 4441; x_wconf 87' lang='lat' dir='ltr'><strong>humilitatis</strong></span> <span class='ocrx_word' id='word_1_754' title='bbox 2971 4392 3115 4442; x_wconf 86' lang='lat' dir='ltr'><strong>statu</strong></span> <span class='ocrx_word' id='word_1_755' title='bbox 3147 4401 3257 4440; x_wconf 91' lang='lat' dir='ltr'><strong>non</strong></span> <span class='ocrx_word' id='word_1_756' title='bbox 3294 4388 3523 4442; x_wconf 87' lang='lat' dir='ltr'><strong>versari.</strong></span> 
     </span>
    </p>
   </div>
   <div class='ocr_carea' id='block_1_105' title="bbox 1959 4476 3529 4549">
    <p class='ocr_par' dir='ltr' id='par_1_105' title="bbox 1959 4476 3529 4549">
     <span class='ocr_line' id='line_1_106' title="bbox 1959 4476 3529 4549; baseline 0.003 -17"><span class='ocrx_word' id='word_1_757' title='bbox 1959 4476 2273 4535; x_wconf 87' lang='lat' dir='ltr'><strong>Istiusmodi</strong></span> <span class='ocrx_word' id='word_1_758' title='bbox 2301 4478 2594 4548; x_wconf 85' lang='lat' dir='ltr'><strong>quamdam</strong></span> <span class='ocrx_word' id='word_1_759' title='bbox 2617 4486 2792 4533; x_wconf 88' lang='lat' dir='ltr'><strong>artem</strong></span> <span class='ocrx_word' id='word_1_760' title='bbox 2825 4478 2989 4532; x_wconf 86' lang='lat' dir='ltr'><strong>etiam</strong></span> <span class='ocrx_word' id='word_1_761' title='bbox 3025 4479 3081 4533; x_wconf 93' lang='lat' dir='ltr'><strong>in</strong></span> <span class='ocrx_word' id='word_1_762' title='bbox 3113 4478 3182 4534; x_wconf 89' lang='lat' dir='ltr'><strong>iis</strong></span> <span class='ocrx_word' id='word_1_763' title='bbox 3212 4494 3336 4549; x_wconf 67' lang='lat' dir='ltr'><strong>quae</strong></span> <span class='ocrx_word' id='word_1_764' title='bbox 3365 4480 3529 4536; x_wconf 90' lang='lat' dir='ltr'><strong>modo</strong></span> 
     </span>
    </p>
   </div>
   <div class='ocr_carea' id='block_1_106' title="bbox 1958 4567 3524 4639">
    <p class='ocr_par' dir='ltr' id='par_1_106' title="bbox 1958 4567 3524 4639">
     <span class='ocr_line' id='line_1_107' title="bbox 1958 4567 3524 4639; baseline 0.003 -17"><span class='ocrx_word' id='word_1_765' title='bbox 1958 4567 2238 4638; x_wconf 85' lang='lat' dir='ltr'><strong>proposita</strong></span> <span class='ocrx_word' id='word_1_766' title='bbox 2285 4577 2417 4624; x_wconf 86' lang='lat' dir='ltr'><strong>sunt</strong></span> <span class='ocrx_word' id='word_1_767' title='bbox 2455 4569 2722 4639; x_wconf 86' lang='lat' dir='ltr'><strong>reperies.</strong></span> <span class='ocrx_word' id='word_1_768' title='bbox 2775 4569 2888 4626; x_wconf 88' lang='lat' dir='ltr'><strong>Cur</strong></span> <span class='ocrx_word' id='word_1_769' title='bbox 2926 4570 3073 4625; x_wconf 89' lang='lat' dir='ltr'><strong>enim</strong></span> <span class='ocrx_word' id='word_1_770' title='bbox 3133 4579 3292 4624; x_wconf 90' lang='lat' dir='ltr'><strong>antea</strong></span> <span class='ocrx_word' id='word_1_771' title='bbox 3333 4569 3471 4627; x_wconf 81' lang='lat' dir='ltr'><strong>dixit</strong></span> <span class='ocrx_word' id='word_1_772' title='bbox 3511 4590 3524 4626; x_wconf 87' lang='lat'><strong>:</strong></span> 
     </span>
    </p>
   </div>
   <div class='ocr_carea' id='block_1_107' title="bbox 1965 4658 3523 4729">
    <p class='ocr_par' dir='ltr' id='par_1_107' title="bbox 1965 4658 3523 4729">
     <span class='ocr_line' id='line_1_108' title="bbox 1965 4658 3523 4729; baseline 0.002 -18"><span class='ocrx_word' id='word_1_773' title='bbox 1965 4677 1985 4709; x_wconf 69' lang='grc' dir='ltr'><strong>ε</strong></span> <span class='ocrx_word' id='word_1_774' title='bbox 2018 4658 2172 4714; x_wconf 90' lang='lat' dir='ltr'><strong>Sicut</strong></span> <span class='ocrx_word' id='word_1_775' title='bbox 2204 4659 2349 4714; x_wconf 90' lang='lat' dir='ltr'><strong>enim</strong></span> <span class='ocrx_word' id='word_1_776' title='bbox 2379 4660 2538 4715; x_wconf 83' lang='lat' dir='ltr'><strong>Pater</strong></span> <span class='ocrx_word' id='word_1_777' title='bbox 2567 4661 2803 4716; x_wconf 86' lang='lat' dir='ltr'><strong>suscitat</strong></span> <span class='ocrx_word' id='word_1_778' title='bbox 2833 4669 3102 4725; x_wconf 85' lang='lat' dir='ltr'><strong>mortuos,</strong></span> <span class='ocrx_word' id='word_1_779' title='bbox 3121 4668 3176 4715; x_wconf 93' lang='lat' dir='ltr'><strong>et</strong></span> <span class='ocrx_word' id='word_1_780' title='bbox 3195 4661 3476 4729; x_wconf 82' lang='lat' dir='ltr'><strong>vivificat;</strong></span> <span class='ocrx_word' id='word_1_781' title='bbox 3503 4681 3523 4714; x_wconf 73' lang='grc' dir='ltr'><strong>ι</strong></span> 
     </span>
    </p>
   </div>
   <div class='ocr_carea' id='block_1_108' title="bbox 1958 4751 3527 4824">
    <p class='ocr_par' dir='ltr' id='par_1_108' title="bbox 1958 4751 3527 4824">
     <span class='ocr_line' id='line_1_109' title="bbox 1958 4751 3527 4824; baseline -0.001 -18"><span class='ocrx_word' id='word_1_782' title='bbox 1958 4752 2088 4807; x_wconf 89' lang='lat' dir='ltr'><strong>item</strong></span> <span class='ocrx_word' id='word_1_783' title='bbox 2130 4769 2144 4805; x_wconf 89' lang='lat'><strong>:</strong></span> <span class='ocrx_word' id='word_1_784' title='bbox 2193 4769 2212 4802; x_wconf 72' lang='grc' dir='ltr'><strong>ι</strong></span> <span class='ocrx_word' id='word_1_785' title='bbox 2257 4751 2397 4818; x_wconf 86' lang='lat' dir='ltr'><strong>Quia</strong></span> <span class='ocrx_word' id='word_1_786' title='bbox 2431 4753 2582 4809; x_wconf 87' lang='lat' dir='ltr'><strong>venit</strong></span> <span class='ocrx_word' id='word_1_787' title='bbox 2628 4753 2788 4818; x_wconf 89' lang='lat' dir='ltr'><strong>hora,</strong></span> <span class='ocrx_word' id='word_1_788' title='bbox 2824 4754 2879 4808; x_wconf 91' lang='lat' dir='ltr'><strong>in</strong></span> <span class='ocrx_word' id='word_1_789' title='bbox 2932 4768 3039 4824; x_wconf 89' lang='lat' dir='ltr'><strong>qua</strong></span> <span class='ocrx_word' id='word_1_790' title='bbox 3087 4767 3278 4808; x_wconf 90' lang='lat' dir='ltr'><strong>omnes</strong></span> <span class='ocrx_word' id='word_1_791' title='bbox 3327 4753 3527 4807; x_wconf 88' lang='lat' dir='ltr'><strong>mortui</strong></span> 
     </span>
    </p>
   </div>
   <div class='ocr_carea' id='block_1_109' title="bbox 1958 4842 3529 4915">
    <p class='ocr_par' dir='ltr' id='par_1_109' title="bbox 1958 4842 3529 4915">
     <span class='ocr_line' id='line_1_110' title="bbox 1958 4842 3529 4915; baseline -0.001 -19"><span class='ocrx_word' id='word_1_792' title='bbox 1958 4857 2146 4897; x_wconf 89' lang='lat' dir='ltr'><strong>vocem</strong></span> <span class='ocrx_word' id='word_1_793' title='bbox 2191 4842 2315 4911; x_wconf 84' lang='lat' dir='ltr'><strong>ejus</strong></span> <span class='ocrx_word' id='word_1_794' title='bbox 2354 4843 2621 4910; x_wconf 88' lang='lat' dir='ltr'><strong>audient;</strong></span> <span class='ocrx_word' id='word_1_795' title='bbox 2662 4864 2680 4896; x_wconf 74' lang='grc' dir='ltr'><strong>ι</strong></span> <span class='ocrx_word' id='word_1_796' title='bbox 2713 4853 3008 4915; x_wconf 62' lang='lat' dir='ltr'><strong>praeterea,</strong></span> <span class='ocrx_word' id='word_1_797' title='bbox 3059 4853 3114 4898; x_wconf 90' lang='lat' dir='ltr'><strong>et</strong></span> <span class='ocrx_word' id='word_1_798' title='bbox 3151 4843 3298 4912; x_wconf 90' lang='lat' dir='ltr'><strong>quod</strong></span> <span class='ocrx_word' id='word_1_799' title='bbox 3340 4856 3529 4911; x_wconf 81' lang='lat' dir='ltr'><strong>proce-</strong></span> 
     </span>
    </p>
   </div>
   <div class='ocr_carea' id='block_1_110' title="bbox 1960 4930 3528 5003">
    <p class='ocr_par' dir='ltr' id='par_1_110' title="bbox 1960 4930 3528 5003">
     <span class='ocr_line' id='line_1_111' title="bbox 1960 4930 3528 5003; baseline -0.001 -17"><span class='ocrx_word' id='word_1_800' title='bbox 1960 4932 2093 4986; x_wconf 88' lang='lat' dir='ltr'><strong>dent</strong></span> <span class='ocrx_word' id='word_1_801' title='bbox 2129 4930 2401 5000; x_wconf 86' lang='lat' dir='ltr'><strong>judicium</strong></span> <span class='ocrx_word' id='word_1_802' title='bbox 2439 4935 2703 4996; x_wconf 89' lang='lat' dir='ltr'><strong>subituri,</strong></span> <span class='ocrx_word' id='word_1_803' title='bbox 2740 4943 2794 4989; x_wconf 91' lang='lat' dir='ltr'><strong>et</strong></span> <span class='ocrx_word' id='word_1_804' title='bbox 2847 4948 2947 5003; x_wconf 91' lang='lat' dir='ltr'><strong>pro</strong></span> <span class='ocrx_word' id='word_1_805' title='bbox 2989 4933 3106 4988; x_wconf 90' lang='lat' dir='ltr'><strong>suis</strong></span> <span class='ocrx_word' id='word_1_806' title='bbox 3141 4931 3352 4986; x_wconf 89' lang='lat' dir='ltr'><strong>meritis</strong></span> <span class='ocrx_word' id='word_1_807' title='bbox 3388 4945 3528 4985; x_wconf 89' lang='lat' dir='ltr'><strong>mer-</strong></span> 
     </span>
    </p>
   </div>
   <div class='ocr_carea' id='block_1_111' title="bbox 1958 5019 3526 5094">
    <p class='ocr_par' dir='ltr' id='par_1_111' title="bbox 1958 5019 3526 5094">
     <span class='ocr_line' id='line_1_112' title="bbox 1958 5019 3526 5094; baseline -0.001 -18"><span class='ocrx_word' id='word_1_808' title='bbox 1958 5022 2147 5078; x_wconf 85' lang='lat' dir='ltr'><strong>cedem</strong></span> <span class='ocrx_word' id='word_1_809' title='bbox 2180 5025 2500 5094; x_wconf 86' lang='lat' dir='ltr'><strong>recepturi?</strong></span> <span class='ocrx_word' id='word_1_810' title='bbox 2532 5025 2603 5078; x_wconf 84' lang='lat' dir='ltr'><strong>At</strong></span> <span class='ocrx_word' id='word_1_811' title='bbox 2635 5025 2730 5094; x_wconf 91' lang='lat' dir='ltr'><strong>qui</strong></span> <span class='ocrx_word' id='word_1_812' title='bbox 2765 5024 2900 5078; x_wconf 91' lang='lat' dir='ltr'><strong>dicit</strong></span> <span class='ocrx_word' id='word_1_813' title='bbox 2938 5037 3102 5092; x_wconf 87' lang='lat' dir='ltr'><strong>posse</strong></span> <span class='ocrx_word' id='word_1_814' title='bbox 3133 5036 3192 5076; x_wconf 84' lang='lat' dir='ltr'><strong>se</strong></span> <span class='ocrx_word' id='word_1_815' title='bbox 3226 5035 3364 5091; x_wconf 87' lang='lat' dir='ltr'><strong>quos</strong></span> <span class='ocrx_word' id='word_1_816' title='bbox 3394 5019 3526 5074; x_wconf 86' lang='lat' dir='ltr'><strong>velit</strong></span> 
     </span>
    </p>
   </div>
   <div class='ocr_carea' id='block_1_112' title="bbox 1954 5109 3526 5181">
    <p class='ocr_par' dir='ltr' id='par_1_112' title="bbox 1954 5109 3526 5181">
     <span class='ocr_line' id='line_1_113' title="bbox 1954 5109 3526 5181; baseline -0.003 -14"><span class='ocrx_word' id='word_1_817' title='bbox 1954 5112 2257 5175; x_wconf 81' lang='lat' dir='ltr'><strong>viviﬁcare,</strong></span> <span class='ocrx_word' id='word_1_818' title='bbox 2288 5129 2396 5168; x_wconf 92' lang='lat' dir='ltr'><strong>non</strong></span> <span class='ocrx_word' id='word_1_819' title='bbox 2423 5128 2584 5170; x_wconf 88' lang='lat' dir='ltr'><strong>secus</strong></span> <span class='ocrx_word' id='word_1_820' title='bbox 2620 5127 2683 5166; x_wconf 87' lang='lat' dir='ltr'><strong>ac</strong></span> <span class='ocrx_word' id='word_1_821' title='bbox 2711 5111 2878 5168; x_wconf 87' lang='lat' dir='ltr'><strong>Pater</strong></span> <span class='ocrx_word' id='word_1_822' title='bbox 2909 5130 2921 5164; x_wconf 89' lang='lat'><strong>:</strong></span> <span class='ocrx_word' id='word_1_823' title='bbox 2949 5109 3223 5181; x_wconf 87' lang='lat' dir='ltr'><strong>quomodo</strong></span> <span class='ocrx_word' id='word_1_824' title='bbox 3258 5125 3365 5164; x_wconf 89' lang='lat' dir='ltr'><strong>non</strong></span> <span class='ocrx_word' id='word_1_825' title='bbox 3397 5125 3526 5164; x_wconf 83' lang='lat' dir='ltr'><strong>cen-</strong></span> 
     </span>
    </p>
   </div>
   <div class='ocr_carea' id='block_1_113' title="bbox 1960 5202 3524 5274">
    <p class='ocr_par' dir='ltr' id='par_1_113' title="bbox 1960 5202 3524 5274">
     <span class='ocr_line' id='line_1_114' title="bbox 1960 5202 3524 5274; baseline -0.001 -15"><span class='ocrx_word' id='word_1_826' title='bbox 1960 5205 2169 5260; x_wconf 84' lang='lat' dir='ltr'><strong>sebitur</strong></span> <span class='ocrx_word' id='word_1_827' title='bbox 2215 5205 2458 5260; x_wconf 88' lang='lat' dir='ltr'><strong>divinam</strong></span> <span class='ocrx_word' id='word_1_828' title='bbox 2503 5205 2609 5260; x_wconf 85' lang='lat' dir='ltr'><strong>sibi</strong></span> <span class='ocrx_word' id='word_1_829' title='bbox 2659 5206 2888 5274; x_wconf 88' lang='lat' dir='ltr'><strong>gloriam</strong></span> <span class='ocrx_word' id='word_1_830' title='bbox 2919 5204 3220 5273; x_wconf 75' lang='lat' dir='ltr'><strong>arrogaret</strong></span> <span class='ocrx_word' id='word_1_831' title='bbox 3249 5202 3354 5268; x_wconf 84' lang='lat' dir='ltr'><strong>Qui</strong></span> <span class='ocrx_word' id='word_1_832' title='bbox 3396 5218 3524 5257; x_wconf 90' lang='lat' dir='ltr'><strong>vero</strong></span> 
     </span>
    </p>
   </div>
   <div class='ocr_carea' id='block_1_114' title="bbox 1961 5293 3522 5365">
    <p class='ocr_par' dir='ltr' id='par_1_114' title="bbox 1961 5293 3522 5365">
     <span class='ocr_line' id='line_1_115' title="bbox 1961 5293 3522 5365; baseline 0.001 -17"><span class='ocrx_word' id='word_1_833' title='bbox 1961 5296 2139 5365; x_wconf 86' lang='lat' dir='ltr'><strong>palam</strong></span> <span class='ocrx_word' id='word_1_834' title='bbox 2175 5296 2376 5351; x_wconf 83' lang='lat' dir='ltr'><strong>asserit</strong></span> <span class='ocrx_word' id='word_1_835' title='bbox 2408 5310 2467 5350; x_wconf 87' lang='lat' dir='ltr'><strong>se</strong></span> <span class='ocrx_word' id='word_1_836' title='bbox 2496 5294 2882 5349; x_wconf 87' lang='lat' dir='ltr'><strong>universorum</strong></span> <span class='ocrx_word' id='word_1_837' title='bbox 2921 5296 3038 5350; x_wconf 86' lang='lat' dir='ltr'><strong>lore</strong></span> <span class='ocrx_word' id='word_1_838' title='bbox 3085 5293 3351 5364; x_wconf 85' lang='lat' dir='ltr'><strong>judicem,</strong></span> <span class='ocrx_word' id='word_1_839' title='bbox 3383 5308 3522 5363; x_wconf 77' lang='lat' dir='ltr'><strong>quo-</strong></span> 
     </span>
    </p>
   </div>
   <div class='ocr_carea' id='block_1_115' title="bbox 1961 5382 3522 5455">
    <p class='ocr_par' dir='ltr' id='par_1_115' title="bbox 1961 5382 3522 5455">
     <span class='ocr_line' id='line_1_116' title="bbox 1961 5382 3522 5455; baseline -0.002 -16"><span class='ocrx_word' id='word_1_840' title='bbox 1961 5383 2122 5439; x_wconf 88' lang='lat' dir='ltr'><strong>modo</strong></span> <span class='ocrx_word' id='word_1_841' title='bbox 2143 5399 2252 5438; x_wconf 90' lang='lat' dir='ltr'><strong>non</strong></span> <span class='ocrx_word' id='word_1_842' title='bbox 2288 5383 2412 5453; x_wconf 89' lang='lat' dir='ltr'><strong>jure</strong></span> <span class='ocrx_word' id='word_1_843' title='bbox 2447 5383 2707 5454; x_wconf 89' lang='lat' dir='ltr'><strong>percellet</strong></span> <span class='ocrx_word' id='word_1_844' title='bbox 2739 5399 2836 5440; x_wconf 89' lang='lat' dir='ltr'><strong>eos</strong></span> <span class='ocrx_word' id='word_1_845' title='bbox 2873 5384 2967 5455; x_wconf 90' lang='lat' dir='ltr'><strong>qui</strong></span> <span class='ocrx_word' id='word_1_846' title='bbox 3002 5399 3214 5438; x_wconf 89' lang='lat' dir='ltr'><strong>merum</strong></span> <span class='ocrx_word' id='word_1_847' title='bbox 3245 5382 3522 5437; x_wconf 87' lang='lat' dir='ltr'><strong>hominem</strong></span> 
     </span>
    </p>
   </div>
   <div class='ocr_carea' id='block_1_116' title="bbox 1959 5473 3524 5546">
    <p class='ocr_par' dir='ltr' id='par_1_116' title="bbox 1959 5473 3524 5546">
     <span class='ocr_line' id='line_1_117' title="bbox 1959 5473 3524 5546; baseline -0.001 -16"><span class='ocrx_word' id='word_1_848' title='bbox 1959 5475 2124 5545; x_wconf 77' lang='lat'><strong>238</strong></span> <span class='ocrx_word' id='word_1_849' title='bbox 2166 5476 2340 5544; x_wconf 88' lang='lat' dir='ltr'><strong>ipsum</strong></span> <span class='ocrx_word' id='word_1_850' title='bbox 2379 5489 2501 5531; x_wconf 85' lang='lat' dir='ltr'><strong>esse</strong></span> <span class='ocrx_word' id='word_1_851' title='bbox 2536 5475 2767 5546; x_wconf 83' lang='lat' dir='ltr'><strong>putant?</strong></span> <span class='ocrx_word' id='word_1_852' title='bbox 2811 5477 2948 5532; x_wconf 89' lang='lat' dir='ltr'><strong>Cum</strong></span> <span class='ocrx_word' id='word_1_853' title='bbox 2990 5476 3137 5531; x_wconf 88' lang='lat' dir='ltr'><strong>enim</strong></span> <span class='ocrx_word' id='word_1_854' title='bbox 3180 5473 3391 5530; x_wconf 62' lang='lat' dir='ltr'><strong>Hebrei</strong></span> <span class='ocrx_word' id='word_1_855' title='bbox 3435 5489 3524 5528; x_wconf 82' lang='lat' dir='ltr'><strong>es-</strong></span> 
     </span>
    </p>
   </div>
   <div class='ocr_carea' id='block_1_117' title="bbox 1958 5561 3546 5658">
    <p class='ocr_par' dir='ltr' id='par_1_117' title="bbox 1958 5561 3546 5658">
     <span class='ocr_line' id='line_1_118' title="bbox 1958 5561 3546 5658; baseline -0.001 -36"><span class='ocrx_word' id='word_1_856' title='bbox 1958 5575 2100 5632; x_wconf 88' lang='lat' dir='ltr'><strong>sent,</strong></span> <span class='ocrx_word' id='word_1_857' title='bbox 2132 5582 2195 5622; x_wconf 90' lang='lat' dir='ltr'><strong>ac</strong></span> <span class='ocrx_word' id='word_1_858' title='bbox 2229 5565 2430 5623; x_wconf 85' lang='lat' dir='ltr'><strong>divinis</strong></span> <span class='ocrx_word' id='word_1_859' title='bbox 2463 5568 2667 5624; x_wconf 89' lang='lat' dir='ltr'><strong>eruditi</strong></span> <span class='ocrx_word' id='word_1_860' title='bbox 2701 5561 2947 5636; x_wconf 81' lang='lat' dir='ltr'><strong>Litteris,</strong></span> <span class='ocrx_word' id='word_1_861' title='bbox 2982 5568 3264 5642; x_wconf 83' lang='lat' dir='ltr'><strong>probabile</strong></span> <span class='ocrx_word' id='word_1_862' title='bbox 3289 5573 3406 5624; x_wconf 84' lang='lat' dir='ltr'><strong>erat</strong></span> <span class='ocrx_word' id='word_1_863' title='bbox 3427 5577 3546 5658; x_wconf 45' lang='lat' dir='ltr'><strong>eos.</strong></span> 
     </span>
    </p>
   </div>
  </div>
