4044 6200
506 289 612 354 58.7

1463 279 1520 334 S.
1560 275 1839 333 CYRILLI
1881 271 2353 330 ALEXANDBINI
2388 269 2716 332 ARCHIEP,

3657 266 3775 326 338

509 421 619 462 non
643 403 900 474 ignorare
934 392 1242 452 Deumcfore
1268 392 1441 447 totius
1463 389 1899 459 orbisjudicem,
1932 387 2078 456 apud

2202 380 2293 438 Ἠν
2321 383 2429 453 γὰρ
2455 382 2540 452 δὴ,
2571 381 2711 436 κατὰ
2745 381 2806 434 τδ
2836 377 3000 443 εἰκὸς,
3038 378 3321 450 Ἐϐραίους
3356 377 3516 441 ὄντας
3547 377 3772 442 αὐτοὺς.

508 507 649 564 quos
695 488 829 544 illud
897 496 1272 554 saepenumero
1321 480 1624 536 canebatur
1667 496 1680 532 :
1729 496 1747 528 ι
1806 479 2074 545 lixsurge,

509 585 687 645 Deus,
729 579 914 650 judica
948 584 1153 629 terram
1174 573 1243 627 7°.
1272 593 1290 624 ι
1331 571 1397 625 Et
1434 585 1653 624 rursum
1697 584 1710 620 :
1741 587 1760 620 ι
1803 567 2079 632 Quoniam

510 673 655 728 Deus
700 668 874 740 judex
908 667 1083 721 est“.
1114 684 1131 716 ι
1166 663 1304 729 Quia
1344 676 1476 732 ergo
1528 661 1730 716 stultos
1783 659 1955 713 hosce
1984 656 2082 711 Ju-

508 765 750 818 daaorum
785 759 1019 829 populos
1050 756 1261 811 sciebat
1284 768 1404 808 eam
1435 752 1507 806 ob
1534 767 1649 806 rem
1680 750 1978 820 indignari,
2013 748 2081 802 ab

507 855 590 910 ira
623 853 787 906 solita
812 865 909 905 eos
936 847 1394 902 avocathumano
1419 858 1594 906 more,
1623 843 1814 897 dicens
1853 857 1867 894 :
1902 857 1922 890 ι
1961 837 2081 892 Non

509 958 735 1015 possum
765 956 867 1011 ego
899 955 930 993 a
964 940 1176 1009 meipso
1211 936 1394 990 facere
1433 935 1756 1006 quidquam.
1792 930 1948 986 Sicut
1987 943 2084 983 au-

511 1037 622 1098 dio,
648 1034 860 1103 judico.
910 1049 928 1082 ι
961 1029 1146 1084 Prima
1186 1027 1352 1098 igitur
1403 1025 1590 1080 fronte
1619 1023 1834 1077 videtur
1864 1019 2082 1074 ,1υάωο-

514 1141 635 1182 rum
689 1131 930 1178 mentem
990 1120 1259 1184 irridere;
1298 1114 1725 1176 .imbecillitatis
1781 1112 1928 1168 enim
1985 1125 2086 1164 cu-

507 1217 764 1289 jusdam,
814 1229 925 1268 non
965 1219 1147 1266 autem
1193 1210 1377 1263 liberae
1425 1205 1713 1277 potestatis
1769 1202 2082 1270 opinionem

513 1321 626 1378 prae
679 1320 738 1360 se
785 1305 892 1359 fert
938 1301 1139 1364 oratio,
1189 1299 1444 1370 quamvis
1481 1297 1558 1350 ita
1599 1309 1707 1348 non
1742 1293 1815 1349 sit
1858 1305 2082 1354 revera;

513 1399 716 1469 quippe
764 1411 890 1450 cum
941 1385 1169 1464 aequalis
1197 1391 1269 1445 sit
1309 1405 1406 1459 per
1453 1387 1636 1442 omnia
1683 1383 1833 1438 Patri
1888 1380 2084 1446 Filius,

513 1488 703 1544 eadem
757 1485 958 1538 virtute
1002 1497 1067 1536 ac
1112 1488 1382 1549 potestate
1414 1477 1674 1547 praeditus
1703 1482 1787 1528 est
1821 1469 2089 1526 naturall-

514 1589 617 1634 ter.
669 1577 761 1630 Ait
807 1583 990 1629 autem
1031 1586 1143 1626 non
1191 1585 1352 1640 posse
1407 1568 1594 1622 facere
1621 1582 1680 1621 se
1711 1562 2018 1634 quidquam
2055 1573 2087 1612 a

517 1671 721 1737 seipso,
761 1665 858 1721 sed
899 1666 1043 1720 sicut
1096 1661 1335 1715 audierit
1384 1659 1672 1728 judicare,
1733 1656 1842 1710 alio
1891 1667 2088 1709 rursus

2187 477 2281 530 καὶ
2326 477 2439 537 τοῖς
2479 476 2644 546 ἱεροῖς
2693 472 3238 545 παιδαγωγουμένους
3281 469 3772 540 Γράμμασιν,⁹οὑν

2185 567 2448 636 ἀγνοῆσαι
2492 565 2790 630 παντελῶς,
2837 566 2919 618 ὅτι
2960 565 3090 626 Θεὸς
3120 563 3272 615 ἔσται
3320 564 3419 633 τῆς
3444 560 3772 630 οἰκουμένης

2187 657 2401 729 κριτὴς,
2451 657 2572 710 ἐπεὶ
2624 657 2718 710 καὶ
2763 659 2890 727 παρ’
2923 656 3105 718 αὐτοῖς
3159 652 3416 715 πολλάκις
3475 651 3770 722 ἐψάλλετοο

2195 766 2214 800 ι
2261 748 2514 811 Ἀνάστα,
2562 749 2592 801 6
2631 748 2783 812 Θεὸς,
2832 751 3012 819 κρῖνον
3061 746 3159 817 τὴν
3199 747 3324 816 γῆν.
3357 765 3374 796 ι
3413 745 3524 799 Καὶ
3573 744 3771 798 πάλινο

2195 856 2214 890 ι
2254 839 2375 892 Ὅτι
2425 841 2453 892 6
2507 838 2638 902 Θεὸς
2686 840 2878 910 κριτής
2932 841 3098 892 ἐστιν.
3145 857 3164 890 ι
3211 837 3363 890 Ἐπεὶ
3416 834 3509 891 οὖν
3559 836 3773 899 τούτοις

2189 928 2551 998 ἀσχάλλοντας
2575 929 2690 1000 ᾔδει
2718 930 2844 992 τοὺς
2865 929 3125 999 ἀνοήτους
3145 927 3254 980 τῶν
3285 927 3553 980 Ἰουδαίων
3586 926 3772 992 λαοὺς,

2187 1024 2288 1091 τῆς
2319 1020 2490 1090 αὐτῆς
2519 1019 2781 1090 συνήθους
2807 1020 2976 1091 ὀργῆς
3006 1018 3247 1089 ἐξίστησι
3288 1017 3460 1086 λέγων
3489 1017 3775 1087 ἀνθρωπι-

2190 1107 2460 1180 νώτερον·
2508 1127 2528 1161 ι
2577 1110 2652 1162 Οὑ
2707 1109 2942 1180 δύναμαι
3001 1108 3112 1178 ἐγὼ
3157 1111 3328 1160 ποιεῖν
3385 1107 3479 1160 ἀπ’
3530 1107 3777 1176 ἐμαυτοῦ

2177 1184 2363 1254 ⁸οὺδέν.
2399 1199 2599 1265 Καθὼς
2629 1201 2831 1265 ἀκούω,
2864 1201 3052 1273 κρίνω.
3097 1219 3116 1251 ι
3153 1201 3316 1253 Ὅσον
3345 1200 3445 1268 μὲν
3475 1195 3569 1252 οῦν
3598 1199 3772 1261 εστιν,

2193 1294 2258 1346 ἐκ
2295 1292 2390 1346 τοῦ
2447 1293 2738 1364 προχείρου
2792 1293 3075 1358 λαϐόντας,
3105 1294 3278 1345 εἰπεῖν
3303 1333 3318 1358 ,
3380 1290 3607 1362 διαγελᾷ
3664 1291 3777 1343 τῶν

2205 1383 2470 1438 Ἰουδαίων
2493 1385 2584 1437 τὸν
2614 1385 2737 1437 νοῦν
2753 1401 2767 1414 ·
2792 1384 3072 1448 ἀσθενείας
3091 1385 3200 1455 γάρ
3223 1400 3390 1446 τινος,
3419 1384 3513 1436 καὶ
3541 1385 3600 1436 οὐ
3634 1384 3774 1436 πάν-

2193 1491 2293 1537 τας
2317 1473 2430 1546 [γρ.
2459 1474 2698 1546 πάντως]
2730 1475 3018 1547 ἐλευθέρας
3045 1475 3288 1542 ἐξουσίας
3311 1474 3578 1544 ὑπόληψιν
3604 1473 3775 1526 πλάτ-

2193 1585 2344 1623 τεται
2391 1569 2486 1623 τοῦ
2531 1569 2691 1638 λόγου
2737 1569 2798 1622 τὺ
2847 1571 3050 1640 σχῆμα,
3081 1569 3193 1640 ἔχει
3239 1570 3294 1622 δὲ
3329 1571 3428 1638 οὐχ
3463 1567 3604 1620 οῦτω
3647 1567 3770 1619 κατ’

2196 1660 2472 1732 ἀλήθειανδ
2503 1661 2735 1732 ἐπείπερ
2774 1661 2887 1725 ῐσος
2919 1661 2994 1713 ὢν
3039 1664 3067 1715 6
3113 1661 3240 1725 Υἱὸς
3284 1661 3425 1714 κατὰ
3470 1660 3648 1712 πάντα
3695 1657 3774 1728 τῷ

518 1757 682 1811 modo
733 1753 947 1824 sibiipsi
999 1751 1248 1808 eamdem
1299 1751 1638 1804 voluntatem
1697 1761 1761 1800 ac
1829 1745 2086 1799 virtutem

2202 1755 2390 1826 Πατρὶ,
2429 1755 2528 1826 τὴν
2565 1755 2733 1828 αὐτὴν
2771 1755 3050 1824 ἐνέργειαν
3101 1772 3161 1808 τε
3221 1754 3314 1806 καὶ
3369 1751 3614 1822 ἐξουσίαν
3661 1750 3772 1820 ἔχει

519 1846 824 1903 ostendens
855 1859 977 1900 esse
1011 1857 1128 1915 quae
1152 1841 1262 1897 Deo
1288 1855 1352 1895 ac
1388 1839 1558 1894 Patri.
1582 1838 1775 1908 Neque
1799 1836 1948 1892 enim
1977 1835 2090 1889 ulla

520 1939 578 1992 in
616 1953 674 1991 re
719 1934 942 2006 operari
983 1933 1302 1990 censebitur
1347 1932 1500 1987 solus
1544 1945 1609 1984 ac
1647 1929 1878 1985 seorsim
1930 1925 2092 1981 Pater

522 2029 734 2097 absque
767 2025 926 2091 Filio,
978 2039 1103 2079 cum
1139 2024 1320 2093 ipsum
1352 2022 1554 2078 habeat
1590 2022 1760 2078 robur
1799 2036 1865 2076 ac
1909 2020 2094 2074 virtu-

523 2129 656 2176 tem.
687 2119 1036 2187 Quapropter
1064 2134 1081 2166 ι
1117 2113 1320 2170 Omnia
1355 2125 1506 2169 certe
1534 2112 1674 2168 facta
1709 2118 1842 2168 sunt
1872 2126 1970 2182 per
2005 2112 2092 2180 ip-

524 2227 669 2274 sum,
698 2219 754 2265 et
785 2210 904 2264 sine
930 2209 1050 2277 ipso
1083 2206 1290 2262 factum
1323 2215 1408 2262 est
1440 2205 1579 2260 nihil
1599 2205 1682 2271 7’;
1715 2224 1735 2256 ι
1765 2218 1944 2272 neque
1968 2217 2095 2256 rur-

525 2325 622 2366 sus
663 2304 870 2376 aliquid
906 2319 1004 2375 per
1040 2302 1284 2372 seipsum
1324 2300 1488 2356 faciet
1518 2299 1717 2363 Filius,
1747 2299 1822 2352 ita
1862 2305 1922 2352 ut
1970 2312 2095 2354 cum

524 2414 590 2454 eo
615 2413 722 2452 non
752 2398 822 2453 sit
847 2395 1031 2448 Pater.
1062 2393 1279 2448 Idcirco
1307 2392 1454 2448 enim
1483 2391 1560 2444 ait
1591 2407 1605 2445 :
1635 2409 1653 2441 ι
1691 2388 1803 2460 Ego
1829 2403 1859 2442 a
1883 2388 2098 2459 meipso

525 2489 671 2544 facio
710 2487 882 2542 nihil:
916 2485 1080 2540 Pater
1117 2495 1302 2537 autem
1339 2484 1393 2537 in
1427 2497 1513 2538 me
1541 2496 1792 2544 manens,
1821 2481 1936 2550 ipse
1962 2479 2099 2534 facit

525 2578 775 2648 opera".
813 2595 831 2628 ι
862 2575 1052 2646 Neque
1098 2589 1266 2645 porro
1295 2574 1647 2630 censebimus
1691 2571 1891 2626 Filium
1937 2570 2097 2642 quasi

525 2684 595 2723 ex
633 2650 952 2721 infirmitate
999 2680 1030 2718 a
1072 2664 1236 2720 Patre
1270 2664 1642 2727 corroborari,
1681 2663 1776 2718 sed
1805 2663 1854 2718 ei
1902 2677 2098 2718 rursus

527 2762 773 2815 omnium
815 2765 1142 2829 potestatem
1187 2757 1391 2824 tribui;
1423 2772 1534 2812 non
1573 2756 1716 2810 enim
1755 2762 1903 2811 esset
1955 2755 2098 2808 ultra

529 2862 726 2907 natura
755 2852 900 2907 Deus
934 2850 981 2906 si
1019 2849 1383 2904 adventitiam
1411 2849 1637 2903 haberet
1670 2847 1723 2901 in
1773 2861 1832 2902 se
1875 2845 2098 2902 deitatis

533 2943 1014 3014 pulchritudinem.
1054 2942 1163 2996 Sed
1198 2957 1300 2997 nec
1331 2942 1446 3012 ipse
1494 2939 1660 2994 Pater
1703 2939 1962 2994 absoluta
2003 2938 2100 2992 bo-

531 3051 726 3090 norum
763 3033 1060 3090 eminentia
1099 3031 1465 3103 praefulgebit,
1489 3031 1536 3086 si
1566 3037 1778 3085 natura:
1816 3043 1930 3084 suae
1960 3027 2098 3082 cha-

2193 1846 2455 1915 φυσικῶς.
2483 1846 2646 1916 Λέγει
2674 1847 2730 1900 δέ
2761 1848 2835 1919 μὴ
2855 1847 3112 1902 δύνασθαί
3139 1849 3395 1908 τιποιεῖν
3429 1843 3518 1913 ἀφ’
3550 1843 3772 1904 ἑαυτοῦ,

2193 1937 2397 2010 κρίνειν
2426 1937 2481 1991 δὲ
2523 1937 2715 2002 οὕτως,
2750 1938 2937 2011 ὥσπερ
2988 1939 3054 1993 ἂν
3090 1937 3352 1991 ἀκονῶσαιο
3393 1936 3578 2007 τρόπῳ
3612 1935 3776 1987 πάλιν

2193 2027 2386 2098 ἑτέρῳ,
2416 2028 2511 2081 καὶ
2543 2028 2878 2098 ισογνώμονα
2933 2031 3028 2083 καὶ
3062 2025 3308 2098 ἰσοσθενῆ
3352 2026 3611 2080 δεικνύων
3649 2027 3781 2078 ἐαυ-

2193 2119 2284 2173 τὸν
2309 2119 2388 2190 τῷ
2431 2119 2551 2192 Θεῷ
2598 2121 2691 2174 καὶ
2730 2122 2924 2191 Πατρί.
2976 2121 3110 2174 Οὑδέ
3145 2119 3252 2190 γὰρ
3291 2119 3512 2191 ἐνεργὸς
3557 2119 3686 2189 περί
3721 2134 3777 2172 τι

2195 2209 2302 2264 τῶν
2326 2210 2496 2265 ὄντων
2532 2212 2657 2283 δίχα
2701 2209 2796 2265 τοῦ
2840 2211 2970 2264 Υἱοῦ
3013 2213 3166 2264 νοοϊτ⁹
3211 2211 3275 2264 ἂν
3307 2211 3464 2282 μόνος
3524 2212 3617 2264 καὶ
3653 2211 3780 2264 καθ’

2196 2302 2386 2357 ἑαυτὸν
2415 2304 2444 2355 6
2481 2302 2690 2375 Πατὴρ,
2731 2304 2882 2374 ἰσχὺν
2915 2303 3052 2374 ἔχων
3087 2303 3248 2355 αὑτὸν
3286 2304 3378 2355 καὶ
3405 2303 3650 2372 δύναμιν.
3684 2303 3782 2354 Διὸ

2197 2395 2261 2468 δή
2286 2414 2304 2448 ι
2343 2397 2526 2451 Πάντα
2553 2396 2824 2459 διἀὐτοῦ,
2865 2398 2959 2450 καὶ
2991 2396 3158 2467 χωρὶς
3191 2395 3356 2450 αὐτοῦ
3397 2395 3612 2465 ἐγένετο
3655 2395 3786 2448 οὐδὲ

2197 2487 2290 2540 ἐν’
2351 2508 2370 2540 ι
2422 2488 2527 2541 οὐδ’
2573 2484 2640 2542 αὖ
2687 2489 2848 2544 πάλιν
2890 2488 3242 2559 ἐξεργάσεται
3289 2506 3340 2541 τι
3381 2488 3504 2541 καθ’
3533 2489 3720 2542 ἑαυτὸν
3753 2490 3786 2542 6

2201 2576 2346 2641 Υἱὸς,
2381 2577 2455 2648 μὴ
2493 2578 2613 2648 οὐχὶ
2656 2580 2906 2642 συνόντος
2949 2577 3096 2648 αὑτῷ
3143 2577 3237 2631 τοῦ
3272 2578 3500 2649 Πατρός.
3545 2579 3642 2631 Διά
3669 2577 3785 2649 γάρ

2198 2685 2280 2722 τοι
2308 2667 2465 2721 τοῦτο
2503 2669 2596 2722 καί
2639 2685 2832 2740 φησιν·
2863 2690 2882 2720 ‹
2931 2670 3047 2722 Ἀπ’
3091 2668 3328 2740 ἐμαυτοῦ
3376 2669 3512 2722 ποιῶ
3535 2669 3716 2722 οὐδέν’
3754 2671 3786 2721 6

2199 2760 2254 2813 δὲ
2295 2759 2484 2830 Πατὴρ
2522 2761 2551 2814 6
2597 2761 2655 2812 ἐν
2700 2761 2823 2831 ἐμοὶ
2854 2761 3030 2831 μένων
3080 2763 3222 2813 ποιεῖ
3272 2761 3340 2813 τά
3366 2760 3500 2832 ἔργα
3544 2761 3725 2824 αὐτός.
3761 2779 3781 2812 ι

2201 2852 2311 2907 Καὶ
2345 2853 2404 2907 οὐ
2433 2851 2604 2924 δήπου
2635 2851 3020 2924 διακεισόμεθα
3063 2851 3429 2923 δυναμοῦσθαι
3483 2854 3579 2922 μὲν
3619 2853 3693 2915 ὡς
3723 2852 3789 2916 ἐξ

2202 2945 2484 3008 ἀσθενείας
2510 2943 2666 3015 παρά
2689 2945 2782 2998 τοῦ
2815 2944 3026 3016 Πατρὸς
3051 2944 3140 2997 τὸν
3167 2945 3313 3009 Υἱὺν,
3339 2943 3687 3015 χορηγεῖσθαι
3727 2943 3790 2996 δὲ

2205 3035 2367 3090 πάλιν
2409 3035 2558 3106 αὐτῷ
2600 3035 2696 3089 καὶ
2746 3035 2845 3105 τὴν
2895 3036 2979 3104 ἐφ’
3014 3036 3217 3089 ἅπασιν
3267 3034 3532 3099 ἐξουσίαν’
3573 3035 3632 3086 οὐ
3674 3034 3791 3104 γὰρ

531 3136 798 3186 racterem
831 3127 1028 3181 habeat
1055 3100 1262 3180 virtute
1300 3100 1363 3179 ac
1396 3131 1670 3195 potestate
1694 3123 1876 3177 aliena
1903 3136 2100 3177 caren-

2207 3128 2270 3183 ἂν
2298 3128 2479 3182 οὐκέτι
2505 3100 2571 3198 ἦν
2602 3127 2742 3181 κατά
2783 3100 2948 3196 eos“;
2971 3127 3124 3192 Θεὸς,
3167 3129 3403 3182 ἐπακτὸν
3433 3125 3620 3196 ὥσπερ
3647 3100 3788 3196 ἔχων

532 3228 666 3276 tem.
707 3220 998 3286 Quaeretur
1037 3217 1186 3272 enim
1225 3231 1327 3287 pro
1356 3215 1574 3270 ratione
1619 3213 1878 3285 imaginis
1915 3220 1970 3268 et
2017 3227 2106 3266 ar-

532 3303 787 3380 chetypi,
832 3307 926 3378 qui
994 3321 1081 3362 res
1134 3305 1442 3361 antedictas
1496 3304 1784 3375 largiatur,
1823 3313 1988 3372 atque
2030 3301 2105 3356 ita

532 3401 754 3456 demum
788 3400 844 3453 in
891 3398 1249 3469 quaestionem
1289 3397 1560 3452 infinitam
1595 3411 1782 3452 sermo
1817 3395 2011 3460 abibit,
2053 3403 2108 3449 et

535 3494 590 3548 in
630 3491 964 3562 profundum
1020 3490 1488 3560 blasphemiarum
1544 3490 1774 3560 pelagus
1819 3493 2104 3542 excurret.

537 3587 644 3641 Sed
684 3585 968 3655 quoniam,
1011 3599 1079 3639 ex
1109 3582 1424 3638 substantia
1451 3580 1636 3636 Patris
1665 3595 1791 3635 cum
1817 3580 1889 3636 sit
1913 3578 2106 3647 Filius,

535 3675 719 3728 omnia
753 3672 1037 3729 Genitoris
1070 3673 1374 3728 secundum
1427 3679 1683 3725 naturam
1739 3669 1963 3740 propria
1999 3668 2107 3724 sibi

534 3767 777 3832 asciscit,
811 3773 867 3822 et
899 3765 1343 3822 substantialiter
1377 3764 1432 3819 in
1466 3777 1632 3818 unam
1664 3777 1792 3819 cum
1834 3762 1955 3830 ipso
1992 3760 2110 3816 dei-

541 3864 725 3925 tatem,
757 3865 979 3928 propter
1024 3865 1235 3911 natura:
1267 3855 1638 3923 identitatem,
1671 3853 1983 3920 concurrit,
2022 3859 2109 3908 est

536 3952 658 4020 ipse
692 3951 913 4021 quidem
945 3951 998 4004 in
1034 3949 1219 4012 Patre,
1252 3963 1317 4003 ac
1356 3963 1580 4004 rursum
1609 3946 1775 4003 habet
1797 3945 2018 4001 Patrem
2051 3946 2109 4000 in

537 4046 719 4115 seipso
756 4063 770 4099 :
804 4044 1014 4099 idcirco
1066 4057 1211 4112 saepe
1260 4042 1543 4112 inculpata
1595 4055 1662 4094 ac
1698 4053 1830 4096 vere
1878 4052 2106 4096 suorum

536 4151 763 4205 operum
785 4143 1110 4207 potestatem
1135 4134 1333 4188 tribuit
1353 4131 1528 4196 Patri,
1553 4146 1664 4187 non
1688 4118 1837 4202 quod
1862 4131 2108 4198 seipsum

538 4229 591 4283 id
615 4245 775 4300 posse
792 4237 970 4300 neget,
993 4228 1087 4282 sed
1105 4227 1252 4297 quod
1273 4230 1340 4280 ad
1360 4227 1526 4280 unius
1547 4225 1924 4294 operationem
1943 4222 2114 4276 deita-

540 4319 612 4372 tis
640 4319 821 4372 omnia
860 4319 1078 4373 referat.
1105 4317 1270 4387 239
1295 4315 1413 4372 Una
1447 4323 1626 4370 autem
1647 4314 1825 4370 deitas
1861 4313 1915 4368 in
1950 4313 2112 4367 Patre

537 4415 646 4468 est,
675 4421 740 4460 ac
772 4405 938 4472 Filio,
973 4418 1280 4477 sanctoque
1308 4405 1540 4476 Spiritu.
1577 4404 1739 4472 Quod
1784 4411 1965 4460 autem
1999 4417 2112 4458 non

538 4496 769 4552 inferior
801 4497 874 4551 sit
909 4495 1074 4553 Patre
1129 4497 1304 4552 Filius
1353 4497 1582 4561 virtute,
1624 4504 1718 4550 aut
1768 4494 2111 4565 operatione,

539 4589 636 4645 sed
685 4601 784 4658 per
834 4588 1022 4641 omnia
1081 4588 1277 4642 similis
1322 4596 1379 4642 et
1419 4588 1783 4658 :equipotens,
1817 4593 1978 4639 antea
2010 4586 2108 4639 de-

539 4679 996 4741 monstravimus,
1033 4677 1100 4731 ad
1133 4677 1290 4732 illum
1338 4679 1520 4732 locum
1553 4693 1568 4728 :
1603 4697 1621 4728 ‹
1648 4676 1770 4731 Non
1805 4683 1989 4745 potest
2016 4672 2113 4728 Fi-

540 4770 648 4824 lius
677 4784 707 4822 a
737 4785 796 4824 se
827 4767 1014 4824 facere
1072 4768 1397 4838 quidquam,
1435 4768 1538 4824 nisi
1572 4767 1718 4837 quod
1767 4766 1971 4820 viderit
2005 4764 2112 4818 Pa-

541 4869 677 4915 trem
710 4860 1035 4914 facientem:
1069 4873 1416 4929 quaecunque
1450 4858 1596 4912 enim
1627 4859 1718 4912 ille
1749 4856 1961 4921 fecerit,
1996 4856 2112 4912 haec

539 4961 590 5008 et
621 4952 795 5007 Filius
819 4951 1072 5005 similiter
1103 4950 1254 5004 facit.
1289 4969 1308 5002 ι

2206 3219 2266 3272 τὸ
2291 3220 2391 3290 τῆς
2422 3219 2671 3290 θεότητος
2699 3219 2913 3283 κάλλος.
2951 3219 3090 3272 Ἀλλ’
3116 3219 3233 3272 οὐδὲ
3261 3219 3421 3283 αὐτὸς
3450 3221 3478 3273 6
3507 3219 3692 3290 Πατὴρ
3727 3220 3788 3270 ἐν

2207 3309 2465 3384 ἀκράτοις
2489 3309 2598 3363 τῶν
2627 3309 2848 3378 ἀγαθῶν
2897 3311 3191 3382 ὑπεροχαῖς
3227 3310 3306 3364 ἔτι
3349 3311 3606 3373 κείσεται,
3634 3310 3790 3364 δυνά-

2211 3421 2359 3474 μεως
2397 3403 2498 3473 τῆς
2524 3405 2653 3474 παρ’
2685 3402 2872 3475 ἐτέρου
2928 3403 3024 3456 καὶ
3077 3402 3327 3468 ἐξουσίας
3363 3404 3615 3474 δεόμενον
3648 3402 3789 3472 ἔχων

2207 3499 2298 3553 τὸν
2336 3497 2438 3568 τῆς
2468 3498 2604 3560 ἰδίας
2636 3495 2852 3566 φύσεως
2900 3497 3223 3566 χαρακτῆρα
3259 3495 3436 3563 λόγον.
3479 3494 3791 3566 Ζητηθήσεο

2206 3606 2297 3644 ται
2320 3588 2428 3659 γὰρ
2457 3587 2735 3655 ἀναλόγως
2763 3589 2830 3657 τῇ
2872 3587 3040 3639 εἰκόνι
3070 3587 3163 3638 καὶ
3211 3584 3290 3656 τῷ
3341 3586 3631 3657 ἀρχετύπῳ
3678 3586 3791 3639 τῶν

2209 3680 2511 3752 εἰρημένων
2539 3680 2568 3732 6
2605 3677 2860 3749 χορηγὸς,
2891 3676 3034 3731 οὕτω
3067 3695 3126 3732 τε
3170 3677 3356 3732 λοιπὸν
3385 3681 3462 3742 εἰς
3487 3679 3795 3748 ἀπέραντον

2209 3771 2439 3842 ζήτησιν
2465 3769 2668 3838 ὁλόγος
2712 3770 2844 3839 ἡμῖν
2873 3771 3170 3841 οἰχήσεται,
3213 3769 3310 3822 καὶ
3349 3771 3428 3834 εἰς
3463 3770 3596 3841 βαθὺ
3629 3771 3800 3841 βλασ-

2211 3861 2430 3933 φημιῶν
2474 3860 2826 3931 ἐκδραμεῖται
2870 3860 3122 3929 πέλαγος.
3165 3861 3304 3915 Ἀλλ’
3333 3861 3558 3934 ἐπείπερ
3591 3862 3655 3915 ἐκ
3689 3861 3801 3932 τῆς

2208 3951 2302 4005 τοῦ
2331 3949 2545 4022 Πατρδς
2581 3949 2773 4013 οὐσίας
2817 3951 3078 4024 ὑπάρχων
3121 3951 3149 4008 ὁ
3193 3952 3339 4016 Υἱὸς,
3375 3952 3551 4006 πάντα
3591 3953 3658 4006 τά
3697 3955 3798 4007 τοῦ

2210 4043 2572 4113 γεννήσαντος
2620 4040 2728 4094 ι’δια
2775 4041 2919 4100 κατά
2948 4041 3110 4110 φύσιν
3151 4042 3432 4110 ἐπάγεται,
3465 4044 3554 4096 καὶ
3594 4044 3788 4098 οῦσιωο

2211 4135 2316 4199 δῶς
2345 4133 2636 4205 ἀνατρέχει
2665 4132 2801 4204 πρὸς
2839 4133 2967 4204 μίαν
2995 4132 3144 4204 αὐτῷ
3174 4133 3423 4203 θεόπιτα,
3460 4134 3546 4188 διὰ
3589 4135 3650 4188 τὸ
3690 4135 3799 4206 τῆς

2212 4224 2426 4296 φύσεως
2466 4223 2882 4294 ἀπαράλλακτον
2916 4223 3070 4292 (ἔστι
3124 4225 3220 4293 μὲν
3270 4224 3430 4289 αὐτὸς
3481 4228 3538 4280 ἐν
3592 4227 3796 4298 Πατρὶ,

2212 4318 2322 4388 ἔχει
2359 4317 2404 4370 δ’
2431 4314 2497 4371 αὖ
2526 4315 2688 4370 πάλιν
2710 4317 2768 4368 ἐν
2802 4316 2979 4386 ἐαυτῷ
3001 4315 3089 4369 τὸν
3119 4317 3378 4390 Πατέρα)·
3410 4318 3500 4373 διά
3524 4336 3604 4373 τοι
3635 4318 3805 4373 τοῦτο

2216 4407 2476 4470 πολλάκις
2505 4405 2937 4476 ἀκατηγορήτως
2957 4423 3018 4458 τε
3042 4406 3136 4458 καὶ
3159 4407 3374 4478 ἀληθῶς
3403 4409 3682 4480 ἀνατίθησι
3711 4411 3806 4480 τῷ

2219 4499 2396 4570 Πατρὶ
2423 4498 2530 4551 τῶν
2553 4497 2768 4551 οἰκείων
2809 4496 2986 4567 ἔργων
3013 4498 3112 4569 τὴν
3139 4498 3388 4570 δύναμιν,
3415 4501 3516 4554 οὐκ
3554 4499 3657 4564 ἔξω
3695 4502 3805 4555 τοῦ

2213 4589 2470 4646 δύνασθαι
2489 4587 2656 4651 τιθεὶς
2678 4586 2887 4651 ἐαυτὸν,
2905 4587 3040 4641 ἀλλά
3057 4590 3123 4658 τῇ
3150 4589 3394 4660 ἐνεργείᾳ
3411 4590 3508 4658 τῆς
3529 4591 3654 4654 μιᾶς
3681 4589 3808 4643 θεό-

2215 4698 2373 4748 τητος
2394 4679 2463 4731 τὰ
2491 4679 2669 4731 πάντα
2687 4678 3026 4750 προσνέμων.
3045 4678 3159 4731 Μία
3173 4677 3228 4731 δέ
3252 4680 3284 4748 ή
3311 4678 3500 4750 θεότης
3523 4680 3580 4733 ἐν
3597 4681 3803 4750 Ila-cpi,

2219 4773 2310 4826 καὶ
2331 4769 2466 4840 Υῐῷ,
2494 4769 2588 4821 καὶ
2607 4768 2746 4838 ἁγίῳ
2766 4768 3062 4838 Πνεύματι.
3080 4769 3201 4822 Ὅτι
3233 4769 3288 4822 δὲ
3309 4770 3407 4822 οὐκ
3427 4770 3661 4824 ἐλάττων
3681 4773 3807 4825 ἐστὶ

2218 4858 2310 4913 τοῦ
2334 4857 2546 4927 Πατρδς
2575 4857 2604 4908 6
2627 4856 2771 4920 Υἱὸς,
2801 4856 2835 4927 ἢ
2867 4857 3008 4912 κατά
3041 4857 3285 4928 δύναμιν,
3313 4859 3345 4930 ἢ
3375 4860 3491 4912 κατ’
3517 4861 3803 4930 ἐνέργειαν

2219 4950 2317 5018 τὴν
2352 4946 2442 5000 ἐπί
2474 4962 2636 5007 τισιν,
2664 4946 2778 4999 ἀλλ’
2810 4947 2994 5016 ὅμοιος
3033 4948 3176 5000 κατὰ
3219 4949 3397 5002 πάντα
3461 4950 3554 5003 καὶ
3590 4951 3801 5004 ἰσοσθε-

543 5041 658 5110 νὴς,
693 5041 785 5092 καὶ
825 5039 892 5092 δι’
953 5039 1156 5110 ἐτέρων
1186 5039 1318 5107 ἡμῖν
1364 5036 1756 5101 ἀποδέδεικται,
1798 5033 2157 5106 προκειμένου
2199 5035 2363 5107 ῥητοῦ
2387 5052 2402 5065 ·
2439 5055 2457 5086 ι
2492 5034 2567 5088 Οὑ
2597 5033 2816 5090 δύναται
2843 5038 2872 5089 6
2903 5037 3030 5099 Υἱὸς
3071 5040 3243 5091 ποιεῖν
3287 5041 3380 5109 ἀφ’
3404 5039 3594 5093 ἑαυτοῦ
3620 5043 3793 5098 οὐδὲν,

543 5135 634 5188 ἐὰν
683 5135 756 5204 μή
789 5151 840 5186 τι
882 5131 1053 5204 βλέπῃ
1108 5131 1198 5184 τὸν
1249 5133 1468 5203 Πατέρα
1521 5129 1793 5183 ποιοῦντα·
1836 5127 1871 5182 ἀ
1900 5128 2010 5199 γὰρ
2054 5129 2121 5182 ἂν
2157 5131 2362 5192 ἐκεῖνος
2397 5131 2544 5200 ποιῇ,
2572 5128 2743 5182 ταῦτα
2771 5129 2863 5182 καὶ
2892 5131 2920 5182 6
2950 5129 3076 5192 Υἱὸς
3102 5130 3302 5200 ὁμοίως
3337 5134 3496 5184 ποιεῖ.
3531 5152 3548 5182 ι

613 5224 719 5280 Sed
764 5224 1023 5294 quoniam
1062 5223 1267 5278 divinis
1300 5223 1647 5293 dogmatibus
1668 5222 1807 5277 citra
1840 5221 2004 5276 ullam
2031 5233 2119 5274 se-

543 5317 766 5386 gnitiem
799 5316 1113 5372 incumbere
1131 5331 1344 5385 :equum
1363 5331 1484 5371 esse
1504 5324 1688 5370 statuo
1706 5357 1720 5381 ,
1746 5328 1845 5384 age
1873 5325 2114 5375 rursum,

545 5415 834 5462 nautarum
856 5423 1031 5474 more,
1057 5415 1225 5462 totam
1247 5409 1444 5478 capitis
1472 5408 1743 5462 rationem
1776 5405 1948 5459 instar
1967 5402 2117 5457 funis

547 5499 889 5568 colligamus.
916 5497 1008 5554 Sic
1033 5499 1179 5554 enim
1208 5498 1393 5553 videre
1425 5498 1552 5553 licet
1581 5497 1779 5552 Filium
1816 5509 1971 5550 suam
2006 5507 2112 5547 nou

511 5592 798 5670 .incusare
839 5598 1115 5656 naturam,
1146 5589 1276 5644 dum
1307 5590 1382 5642 ait
1414 5606 1520 5644 non
1554 5605 1715 5659 posse
1746 5603 1774 5642 a
1807 5591 1992 5657 seipso
2032 5585 2115 5639 fa-

614 5698 660 5728 "
701 5696 844 5750 Psal.
877 5713 1062 5764 ωίχιι,
1096 5700 1149 5753 8.
1226 5700 1267 5729 ⁷¹
1311 5699 1454 5754 Psal.
1493 5717 1669 5766 vaw,
1709 5702 1761 5756 8.
1839 5700 1882 5730 ⁷⁸
1927 5699 2172 5768 δυρτοεν.

2305 5218 2521 5290 Ἐπειδὴ
2553 5219 2609 5272 δὲ
2634 5221 2733 5290 τὴν
2763 5222 2820 5273 ἐν
2849 5222 2960 5282 τοῖς
2998 5218 3162 5282 θείοις
3192 5220 3455 5290 δόγμασιν
3483 5221 3791 5292 ἁξιεραστο-

2218 5313 2388 5382 τάτην
2428 5309 2684 5382 σπουδὴν,
2716 5311 2875 5364 ὄκνου
2927 5311 3130 5373 παντὸς
3177 5304 3566 5380 ἀναφαίνεσθαι
3615 5314 3794 5382 κρεὶτο

2216 5421 2366 5466 τονα,
2409 5402 2614 5457 δίκαιόν
2650 5420 2709 5455 τε
2750 5403 2846 5455 καὶ
2886 5403 3092 5473 πρέπον
3128 5401 3528 5472 ὑπολαμϐάνωο
3567 5403 3699 5472 φέρε
3733 5403 3798 5471 δὴ

2218 5493 2379 5548 πάλιν
2428 5496 2541 5556 τοῖς
2586 5494 2643 5545 ἐν
2699 5495 2764 5564 τῇ
2816 5492 3054 5566 θαλάττῃ
3103 5495 3370 5559 ναυτίλοις
3399 5495 3678 5558 ποιοῦντες
3730 5497 3802 5548 τὰ

2218 5585 2591 5656 παραπλήσια,
2623 5584 2855 5653 σχοινίου
2895 5585 3036 5649 τινὸς
3069 5587 3242 5658 δίκην,
3274 5587 3391 5640 ὅλον
3433 5585 3674 5650 εἰσαῦθις
3706 5585 3804 5639 τὸν

2207 5700 2259 5753 ’5.
2338 5698 2382 5728 ⁷³
2412 5695 2568 5750 Joan.
2610 5713 2717 5762 xw,
2759 5695 2840 5750 l0.
