4044 6200
257 303 362 361 389

1276 294 1340 348 IN
1377 291 1666 350 JOANNIS
1704 288 2156 347 EVANGELIUM
2225 290 2354 347 LIB.
2390 289 2454 344 ll.

3413 301 3517 359 Ζ»θῦ

258 411 350 464 τοῦ
406 408 699 480 κεφαλαίου
755 405 910 474 λόγον
974 403 1472 476 ἀναμηρυσώμεθα.
1527 404 1683 456 Ἔστι
1736 399 1843 471 γὰρ

1954 391 2071 454 cere
2101 400 2426 470 quidquam,
2459 399 2556 456 sed
2612 399 2798 471 potius
2859 401 3176 459 Iudaeorum
3226 406 3519 476 reprehen-

253 501 434 564 οὕτως
485 501 630 562 ἰδεῖν,
670 499 729 550 ού
784 497 880 566 τῆς
935 495 1128 549 ἑαυτοῦ
1174 495 1388 564 φύσεως
1436 492 1842 564 κατηγοροῦντα

253 592 352 645 τὸν
388 591 514 645 Υίὺν
545 591 612 642 δι’
650 587 814 641 αὐτοῦ
847 587 942 640 τοῦ
978 587 1156 655 λέγειν
1185 586 1258 656 μὴ
1291 585 1552 640 δύνασθαί
1584 602 1638 636 τι
1670 587 1842 637 ποιεῖν

237 679 352 742 ἀφ’
405 678 616 743 ἑαυτοῦ,
673 678 809 731 ἀλλὰ
849 677 1050 748 μᾶλλον
1100 676 1198 747 τὴν
1249 675 1358 730 τῶν
1399 675 1665 730 Ἰουδαίων
1706 676 1842 730 ἀπό-

254 788 412 825 νοιαν
458 770 827 839 ἐξελέγχοντα,
881 769 978 822 καί⁸
1030 768 1190 824 αὑτὸν
1234 767 1291 820 δὲ
1337 767 1428 822 τὸν
1469 767 1557 821 διὰ
1601 767 1845 831 Μωσέως

256 863 612 933 πατήσαντας
643 860 804 930 νόμον
834 859 1132 931 διαρρήδην
1170 858 1586 912 ἐπιδεικνύοντα.
1631 859 1704 912 Τὸ
1737 857 1844 929 γὰρ

255 952 423 1015 εὐθὺς
468 949 852 1019 ἐπεισάγεσθαι
908 948 1008 1019 τῷ,
1044 967 1063 1000 ι
1110 948 1185 1001 Οὐ
1233 947 1466 1019 δύναμαι
1512 949 1621 1016 ἐγὼ
1675 949 1845 1001 ποιεῖν

257 1045 356 1096 ἀπ’
383 1042 622 1112 ἐμαυτοῦ
662 1041 846 1106 οὐδὲν,
883 1059 902 1092 ›
932 1039 994 1092 τὸ
1031 1059 1049 1091 ι
1082 1038 1284 1102 Καθὼς
1330 1038 1532 1101 ἀκούω,
1568 1038 1739 1109 κρίνω
1763 1079 1777 1104 ,
1819 1057 1839 1091 ι

257 1133 530 1204 λοιδορίας
571 1133 669 1204 μὲν
697 1132 914 1202 ἀπάσης
941 1132 1040 1202 τῆς
1070 1129 1163 1183 ἐπὶ
1204 1129 1378 1200 τὸνμὴ
1420 1127 1672 1182 δύνασθαι
1713 1129 1846 1200 δρᾷν

262 1224 322 1288 ἐξ
353 1224 560 1286 οἰκείας
589 1222 867 1292 δυνάμεως
900 1220 1177 1291 ἐλευθεροῖ
1200 1219 1291 1273 τὸν
1326 1220 1472 1273 Υἱόν·
1510 1218 1848 1290 φιλοπάτορα

259 1315 316 1366 δὲ
375 1313 471 1367 καὶ
505 1312 861 1382 συνεθελητὴν
890 1312 968 1382 τῷ
993 1311 1315 1381 γεννήσαντι
1367 1310 1510 1362 κατά
1550 1309 1726 1363 πάντα
1751 1327 1846 1362 σα-

259 1405 381 1474 φῶς
422 1403 730 1472 ἀποφαίνει.
762 1402 825 1456 Et
863 1403 970 1473 γὰρ
999 1400 1238 1472 ὡσπερεὶ
1267 1400 1426 1472 τυχὸν
1455 1401 1721 1472 ἀτονήσας
1747 1399 1846 1470 τὴν

258 1499 329 1550 ἐκ
358 1496 574 1568 Πατρὸς
619 1494 917 1559 ἐδανείζετο
962 1492 1216 1562 δύναμιν,
1253 1493 1329 1555 ὡς
1374 1492 1473 1545 ούκ
1513 1491 1847 1563 ὲξαρκοῡσαν

256 1589 406 1658 ἔχων
446 1590 537 1658 ἀφ’
573 1585 786 1650 ἑαυτοῦ,
820 1586 936 1647 πῶς
968 1587 1068 1638 ούκ
1101 1585 1205 1637 ἔδει
1271 1583 1469 1655 μᾶλλον
1501 1583 1708 1647 εἰπεῖν,
1772 1583 1846 1636 Οὐ

253 1680 503 1749 δύναμαι
529 1681 637 1747 ἐγὼ
669 1681 840 1732 ποιεῖν
872 1679 965 1730 ἀπ’
995 1674 1235 1746 ἐμαυτοῦ
1269 1676 1442 1741 οὐδὲν,
1494 1675 1754 1746 λαμϐάνω
1789 1675 1846 1728 δὲ

254 1769 324 1821 τὸ
367 1768 625 1822 δύνασθαι
665 1767 815 1839 παρά
845 1767 938 1820 τοῦ
978 1766 1228 1836 Πατρός;
1282 1766 1417 1818 Νυνὶ
1446 1764 1502 1817 δὲ
1560 1764 1716 1818 τοῦτο
1749 1765 1848 1836 μὲν

254 1860 366 1913 οὐκ
405 1859 588 1926 εἰπὼν,
616 1857 924 1927 ἐπενεγκὼν
966 1859 1022 1912 δὲ
1053 1859 1252 1927 μᾶλλον
1282 1857 1360 1929 τῷ
1394 1858 1468 1929 μὴ
1503 1857 1762 1912 δύνασθαί
1793 1875 1847 1910 τι

254 1949 398 2019 δρᾷν
441 1949 533 2016 ἀφ’
581 1947 794 2012 ἑαυτοῦ,
846 1949 907 2001 τὸ
951 1949 1156 2019 κρίνειν
1189 1947 1382 2015 οὕτως,
1413 1949 1600 2018 ὥσπερ
1645 1949 1713 2003 ἂν
1756 1950 1850 2004 καὶ

258 2039 514 2102 ἀκούσαι,
545 2039 703 2110 δῆλος
736 2039 800 2094 ἂν
832 2039 918 2109 εἴη
965 2040 1148 2094 λοιπὸν
1175 2080 1190 2104 ,
1241 2040 1343 2094 ούκ
1376 2043 1461 2094 ἐπ’
1497 2039 1752 2111 ἀσθενείᾳ
1780 2043 1847 2112 τῇ

260 2132 385 2182 κατ’
419 2131 699 2202 ἐνέργειαν
727 2131 824 2202 τὴν
873 2131 963 2184 ὲπί
995 2149 1106 2185 τισι
1157 2132 1220 2186 τὺ
1249 2134 1322 2204 μὴ
1365 2133 1622 2188 δύνασθαι
1665 2150 1850 2188 συντε-

261 2220 481 2282 θεικὼς,
511 2221 625 2274 ἀλλ’
658 2222 751 2274 ἐπὶ
783 2220 859 2290 τῷ
896 2220 970 2291 μὴ
1017 2222 1327 2293 ἐνδέχεσθαι
1372 2223 1726 2295 παραϐαίνειν
1755 2224 1850 2277 αὑ·

259 2312 355 2364 τὸν
386 2312 530 2364 κατά
553 2330 606 2365 τι
637 2312 764 2380 γοῦν
794 2313 855 2365 τὸ
893 2313 1107 2383 θέλημα
1152 2312 1246 2366 τοῦ
1295 2315 1527 2386 Πατρός.
1561 2317 1708 2378 Μιᾶς
1741 2315 1848 2386 γὰρ

263 2402 520 2472 θεότητος
550 2404 646 2473 τῆς
675 2406 732 2456 ὲν
764 2404 937 2472 Πατρὶ
968 2405 1060 2457 καὶ
1089 2404 1202 2474 Υίῴ
1229 2406 1541 2477 νοουμένης,
1573 2406 1725 2459 ἔσται
1753 2406 1850 2477 δή·

265 2509 370 2544 που
407 2496 623 2556 πάντως
656 2495 748 2547 καὶ
796 2493 1008 2563 θέλημα
1042 2495 1263 2559 ταυτὸν,
1288 2493 1410 2548 οὔτε
1453 2495 1510 2548 δὲ
1555 2498 1610 2549 ὲν
1650 2496 1848 2566 Πατρὶ,

259 2584 388 2637 οὔτε
428 2586 534 2654 μὴν
561 2586 618 2637 ἐν
644 2585 837 2656 Υίῷ,ἣ
876 2588 968 2638 καὶ
1004 2586 1083 2656 τῷ
1132 2587 1270 2658 ἁγίῳ
1319 2587 1596 2658 ΙΙνεύματι
1626 2588 1850 2642 στασιά·

265 2676 438 2738 ζουσα
485 2692 614 2727 ποτε
656 2675 775 2727 καθ’
814 2677 1009 2746 ἑαυτῆς
1049 2679 1082 2747 ή
1136 2676 1256 2733 θεία
1303 2677 1460 2746 φύσις
1506 2679 1846 2750 νοηθήσεται,

264 2767 384 2820 ἀλλ’
414 2767 552 2837 ὅπερ
603 2766 668 2819 ἂν
706 2767 854 2833 δόξαι
905 2767 980 2837 τῷ
1031 2768 1207 2839 Ila-.91
1259 2769 1437 2837 τυχὸν,
1479 2769 1636 2822 τοῦτο
1673 2770 1850 2838 πάσης

266 2863 386 2913 ἐστὶ
421 2862 519 2930 τῆς
552 2862 802 2933 θεότητος
836 2862 1064 2931 θέλημα.
1116 2863 1453 2932 Ἀναγκαίως
1490 2862 1778 2934 τοιγαροῦν
1823 2866 1851 2916 ὁ

269 2950 420 3014 Υἱὸς,
459 2953 848 3022 συνευδοκητὴν
875 2953 1063 3023 ῶσπερ
1087 2953 1206 3007 τινὰ
1258 2953 1354 3006 καὶ
1383 2954 1848 3022 συγκατανεύοντα

265 3040 347 3111 τῷ
370 3042 563 3112 Πατρὶ,
590 3044 723 3113 πρὸς
748 3043 844 3113 τὴν
874 3043 957 3113 ἐφ’
988 3038 1140 3116 ᾧπερ
1170 3043 1234 3098 ἂν
1258 3043 1423 3108 δόξειε
1453 3044 1632 3115 ψῆφον
1656 3046 1845 3100 ἑαυτὸν
1873 3051 1914 3111 (ι

261 3133 535 3204 εἰσφέρει,
575 3135 649 3204 μὴ
695 3135 948 3188 δύνασθαί
995 3153 1048 3188 τι
1092 3136 1223 3208 δρᾷν
1269 3136 1665 3208 ἐξηγούμενος,
1711 3138 1739 3190 ὃ
1772 3138 1846 3209 μὴ

264 3225 487 3288 πάντως
519 3227 635 3279 ἐστὶ
668 3229 804 3280 κατὰ
850 3227 1072 3298 γνώμην
1118 3228 1212 3282 τοῦ
1263 3230 1493 3299 Πατρός.
1542 3228 1711 3283 Τοῦτο
1739 3231 1846 3302 γὰρ

263 3319 404 3386 ἡμῖν
448 3318 699 3387 σημαίνει
731 3318 810 3382 τὸ,
840 3337 856 3370 ι
896 3320 991 3372 ἀπ’
1026 3319 1284 3390 ἐμαυτοῦο
1319 3339 1338 3372 ι
1373 3320 1560 3392 ὥσπερ
1588 3322 1654 3375 ἂν
1681 3324 1729 3374 εἰ
1758 3322 1847 3375 λέ-

265 3425 358 3470 γοι
395 3409 756 3479 μὴδύνασθαι
804 3410 934 3481 δρᾷν
978 3411 1272 3482 ἁμαρτίαν,
1318 3412 1419 3465 οὐκ
1461 3412 1527 3466 ἄν
1573 3430 1651 3483 τῳ
1701 3413 1848 3479 δόξαι

263 3498 494 3564 δικαίως
521 3501 803 3564 ἀσθενείας
849 3501 1137 3573 ὑπομεῖναι
1186 3501 1421 3574 γραφὴν,
1456 3502 1765 3572 ἐξηγεῖσθαι
1793 3501 1850 3555 δὲ

265 3591 478 3660 μᾶλλον
527 3591 852 3660 ἀξιάγαστόν
907 3611 960 3646 τι
1013 3595 1108 3647 καὶ
1157 3593 1458 3664 θεοπρεπὲς
1506 3595 1608 3663 τῆς
1648 3595 1851 3658 οἰκείας

264 3681 489 3751 φύσεως
523 3681 744 3753 ἰδίωμα·
775 3684 858 3737 ὅτι
887 3683 996 3756 γὰρ
1025 3684 1292 3756 ἄτρεπτός
1319 3701 1382 3737 τε
1424 3685 1518 3738 καὶ
1563 3685 1854 3739 ἀναλλοίω-

262 3791 362 3836 τος
395 3774 827 3846 ὑπάρχειβηλοῖ.
861 3776 1046 3841 Οὕτως
1078 3777 1206 3830 ὅταν
1231 3777 1325 3846 ἀφ’
1359 3777 1553 3830 ἑαυτοῦ
1588 3777 1662 3849 μὴ
1695 3778 1854 3832 δύνα-

269 3861 400 3915 σθαί
445 3881 498 3916 τι
545 3867 716 3918 ποιεῖν
762 3864 992 3935 ὁμολογῇ
1015 3906 1031 3930 ,
1075 3865 1606 3938 καταπλαγησόμεθα
1631 3867 1852 3938 μᾶλλον,

265 3956 490 4024 φύσεως
519 3956 789 4027 ἀτρέπτου
817 3957 1024 4026 καρπὸν
1055 3954 1286 4027 ὁρῶντες
1309 3955 1369 4009 τὸ
1396 3955 1684 4028 ἄτρεπτον,
1709 3960 1856 4029 ἥπερ

262 4046 370 4098 οὐκ
421 4047 694 4117 εὐκαίρως
755 4045 831 4108 ὠς
876 4045 1159 4112 ἀσθενείας
1217 4047 1551 4118 σημαντικὸν
1595 4049 1656 4102 τὺ
1696 4067 1716 4102 σ
1781 4049 1856 4121 μὴ

265 4135 535 4188 δύνασθαι
577 4156 594 4188 ι
632 4135 979 4206 λογιούμεθα.
1017 4137 1202 4191 Ταῦτα
1245 4138 1302 4190 δὲ
1350 4139 1512 4193 πάλιν
1555 4142 1688 4210 ἡμῖν
1727 4141 1858 4194 ἀνα-

266 4225 444 4293 λόγως
496 4226 593 4295 μὲν
636 4230 748 4289 τοῖς
801 4228 1110 4298 είρημένοις
1142 4227 1380 4300 εἰρήσθω
1426 4229 1674 4299 μέτροις·
1701 4231 1860 4301 ἐρευ-

1944 488 2074 545 dere
2115 491 2428 556 stultitiam,
2472 497 2528 544 et
2561 500 2746 560 aperte
2783 492 3070 549 ostendere
3100 494 3168 550 ab
3206 495 3274 551 iis
3297 497 3522 551 concul-

1945 583 2058 636 cari
2084 582 2255 650 legem
2281 582 2454 651 ipsam
2485 581 2806 638 Mosaicam.
2831 583 2988 650 Quod
3014 586 3159 640 enim
3184 587 3271 641 his
3295 589 3475 645 verbis
3501 629 3516 656 ,

1950 691 1968 724 ι
2009 671 2128 727 Non
2178 688 2402 742 possum
2443 688 2544 744 ego
2599 673 2780 731 facere
2815 691 2846 729 a
2875 676 3088 746 meipso
3131 679 3451 748 quidquam,
3496 700 3515 733 ι

1945 764 2132 820 statim
2161 764 2516 835 subjungitur
2545 765 2702 830 illud,
2733 784 2751 817 ι
2779 764 2931 823 Sicut
2961 768 3372 839 audio,judico,
3397 789 3416 820 ι
3452 770 3520 825 ab

1945 858 2093 911 omni
2127 857 2378 913 convicio
2418 856 2616 913 Filium
2664 858 2870 915 liberat.
2907 873 3017 929 quo
3067 860 3206 914 nihil
3242 875 3307 915 ex
3342 877 3440 916 sua
3468 861 3521 916 vi

1945 961 2108 1017 posse
2161 945 2341 1003 facere
2387 946 2590 1002 dicitur
2631 965 2645 1003 :
2689 947 2838 1005 Patri
2891 965 3022 1006 vero
3081 952 3517 1022 obsequentem,

1945 1038 2106 1107 eique
2188 1037 2243 1092 in
2329 1038 2587 1094 omnibus
2667 1040 2836 1095 rebus
2908 1041 3322 1111 astipulatorem
3399 1057 3522 1098 esse

1947 1137 2134 1200 aperte
2158 1130 2514 1186 demonstrat.
2533 1131 2666 1186 Nam
2689 1133 2735 1187 si
2766 1148 2876 1202 prae
2907 1133 3225 1190 infirmitate
3249 1134 3518 1206 quodam-

1947 1223 2109 1276 modo
2160 1236 2190 1275 a
2239 1220 2404 1277 Patre
2436 1223 2694 1278 virtutem
2743 1226 3040 1296 acciperet,
3075 1228 3232 1295 quasi
3273 1242 3303 1280 a
3337 1228 3520 1296 seipso

1948 1313 2305 1368 sufﬁcientem
2344 1329 2454 1368 non
2491 1315 2711 1380 habeat,
2740 1317 2832 1385 qui
2874 1333 2982 1370 non
3011 1318 3190 1387 potius
3214 1318 3396 1374 dicere
3428 1317 3522 1374 de-

1948 1403 2129 1469 bebat,
2181 1402 2302 1458 Non
2357 1418 2583 1473 possunt
2637 1420 2740 1476 ego
2797 1405 2974 1461 facere
3032 1421 3062 1460 a
3109 1408 3320 1478 meipso
3357 1408 3522 1478 quid-

1949 1509 2137 1562 quam;
2180 1494 2274 1550 sed
2307 1495 2521 1566 accipio
2555 1503 2882 1567 potestatem
2939 1512 2969 1550 a
2998 1496 3199 1553 Patre?
3248 1497 3367 1552 Jam
3394 1515 3523 1554 vero

1949 1598 2074 1638 cum
2117 1585 2264 1640 istud
2297 1601 2406 1640 non
2434 1586 2658 1650 dixerit,
2686 1587 2780 1642 sed
2811 1595 3164 1658 posteaquam
3198 1590 3524 1661 signiﬁcavit

1951 1689 2058 1728 non
2093 1690 2254 1744 posse
2285 1691 2316 1730 a
2342 1677 2524 1746 seipso
2549 1675 2732 1732 facere
2759 1677 3081 1748 quidquam,
3115 1681 3364 1734 intulerit
3420 1697 3522 1752 po-

1951 1768 2060 1823 tius
2107 1768 2356 1836 judicare
2417 1785 2477 1824 se
2529 1770 2678 1826 sicut
2725 1770 2983 1836 audierit,
3036 1771 3388 1827 manifestum
3442 1783 3525 1828 est

1949 1874 2058 1913 non
2093 1859 2164 1915 ob
2196 1860 2566 1916 inﬁrmitatem
2597 1861 2651 1916 in
2682 1863 2962 1918 nonnullis
3013 1862 3277 1920 faciendis
3317 1865 3525 1919 dixisse

1949 1966 2010 2007 se
2049 1965 2157 2005 non
2197 1966 2382 2020 posse,
2416 1952 2513 2007 sed
2543 1953 2689 2022 quod
2737 1969 2806 2007 ne
2837 1954 2945 2008 ulla
2980 1955 3199 2024 quidem
3234 1955 3288 2010 in
3321 1971 3380 2011 re
3421 1955 3525 2010 Pa-

1949 2041 2052 2096 tris
2102 2041 2436 2098 voluntatem
2473 2044 2648 2112 possit
2687 2045 3060 2115 prmtcrgredi.
3098 2043 3230 2100 Nam
3257 2061 3381 2100 cum
3415 2062 3522 2101 una

1949 2131 2004 2184 in
2053 2130 2212 2186 Patre
2253 2139 2307 2187 et
2357 2131 2496 2186 Filio
2549 2133 2724 2190 deitas
2761 2135 3122 2205 intelligatur,
3174 2137 3280 2190 erit
3335 2137 3524 2207 utique

1949 2222 2136 2276 eadem
2170 2223 2333 2277 etiam
2362 2223 2641 2290 voluntas,
2675 2236 2854 2292 neque
2897 2241 3024 2280 vero
3052 2228 3106 2281 in
3137 2227 3316 2291 Patre,
3345 2243 3523 2298 neque

1951 2311 2088 2367 adeo
2122 2313 2177 2367 in
2212 2313 2346 2368 Filio
2377 2322 2678 2384 sanctoque
2709 2313 2920 2386 Spiritu
2951 2317 3245 2372 dissentire
3278 2334 3522 2388 unquam

1951 2417 1980 2456 a
2007 2416 2066 2456 se
2095 2409 2290 2455 natura
2333 2401 2516 2457 divina
2548 2403 2889 2466 censebitur,
2924 2403 3020 2458 sed
3050 2402 3198 2472 quod
3234 2403 3384 2457 Patri
3411 2404 3524 2473 pla-

1950 2492 2148 2557 cuerit,
2174 2493 2278 2547 hoc
2311 2500 2420 2548 tota
2466 2493 2578 2547 vult
2600 2494 2798 2548 deitas.
2841 2493 3168 2549 Necessario
3220 2494 3406 2564 itaque
3435 2493 3524 2547 Fi-

1950 2586 2058 2640 lius
2084 2585 2397 2640 consentire
2433 2600 2493 2640 se
2524 2593 2579 2640 et
2605 2601 2849 2641 annuere
2879 2585 3028 2640 Patri
3053 2601 3395 2656 quaecunque
3433 2601 3521 2642 res

1949 2676 1998 2730 ei
2051 2676 2320 2745 placuerit
2368 2675 2666 2745 signiﬁcat,-
2720 2676 2927 2730 docens
2968 2690 3078 2730 non
3137 2689 3297 2744 posse
3347 2673 3526 2730 facere

1950 2763 2250 2834 quidquam
2298 2763 2442 2833 quod
2490 2765 2680 2834 utique
2721 2779 2832 2818 nou
2873 2765 2944 2819 sit
2989 2764 3146 2834 juxta
3176 2763 3356 2819 Patris
3397 2779 3526 2819 sen—

1952 2855 2200 2910 tentiam.
2231 2853 2348 2908 lloc
2394 2855 2541 2908 enim
2591 2855 2868 2924 signiﬁcat
2917 2854 3052 2909 illud
3091 2873 3110 2906 ι
3162 2868 3192 2908 a
3222 2853 3455 2923 meipso,
3501 2871 3520 2905 ι

1951 2953 2011 2997 ιιι
2044 2944 2087 2996 si
2145 2942 2354 2997 diceret
2406 2955 2520 2996 non
2564 2957 2727 3010 posse
2775 2941 2940 3013 2m
2974 2941 3156 2998 facere
3213 2949 3524 3012 peccatum,

1952 3049 2112 3089 nemo
2144 3033 2544 3087 existimaverit
2586 3047 2711 3087 eum
2747 3033 3144 3088 imbecillitatis
3196 3033 3322 3102 jure
3359 3048 3527 3086 accu-

1948 3126 2082 3188 sari,
2118 3124 2213 3180 sed
2265 3125 2568 3179 mirabilem
2607 3122 2900 3194 quamdam
2948 3139 3012 3178 ac
3053 3125 3296 3178 divinam
3342 3124 3529 3194 potius

1948 3224 2159 3270 natum
2185 3230 2298 3270 sua:
2315 3215 2588 3284 explicare
2609 3213 3000 3283 proprietatem
3022 3214 3367 3270 :ostenderet
3381 3215 3528 3269 enim

1950 3320 2008 3360 se
2046 3304 2368 3360 mutationis
2397 3312 2451 3359 et
2496 3305 2840 3360 alterationis
2896 3304 3195 3361 immunem
3237 3307 3525 3361 exsistere.

1952 3394 2027 3450 Ita
2061 3410 2185 3449 cum
2217 3409 2249 3449 a
2300 3395 2486 3464 seipso
2537 3408 2648 3449 non
2693 3408 2860 3458 posse
2904 3392 3085 3449 facere
3128 3409 3188 3449 se
3227 3395 3529 3465 quidquam

1951 3486 2260 3557 proﬁtetur,
2300 3485 2629 3541 mirabimur
2676 3487 2860 3555 potius
2908 3484 3270 3540 immutabilis
3320 3492 3533 3539 naturae

1953 3577 2191 3633 fructum
2223 3577 2620 3632 immutabilem
2645 3584 2958 3642 cernentes,
2982 3590 3147 3646 quam
3179 3576 3336 3639 illud,
3369 3595 3387 3626 ι
3420 3591 3530 3629 non

1953 3685 2139 3738 posse,
2179 3687 2198 3720 ›
2233 3669 2606 3724 inﬁrmitatem
2653 3668 2966 3737 signiﬁcare
3008 3667 3395 3736 intempestive
3425 3681 3532 3734 pu-

1954 3761 2218 3816 tabimus.
2272 3760 2398 3815 Haec
2443 3768 2623 3815 autem
2674 3774 2896 3814 rursum
2952 3759 3114 3833 nobis
3169 3772 3268 3827 pro
3318 3756 3534 3811 ratione

1953 3868 2150 3908 eorum
2202 3867 2324 3922 qua:
2374 3858 2502 3906 ante
2556 3850 2701 3904 dicta
2743 3857 2874 3904 sunt
2914 3849 3211 3915 sufﬁciant;
3255 3854 3534 3902 scrutetur

1957 3959 2122 4016 porro
2154 3942 2399 3998 discendi
2438 3941 2721 3997 studiosus
2755 3941 3006 3995 meliora.
3036 3939 3325 4008 Explicare
3351 3948 3533 3994 tamen

1957 4037 2161 4092 dictum
2189 4033 2325 4089 illud
2355 4033 2464 4087 alio
2497 4031 2658 4086 modo
2692 4047 2802 4087 non
2853 4033 3219 4102 gravabimur,
3251 4031 3531 4100 paululum

1957 4128 2218 4201 quiddam
2263 4125 2331 4181 de
2361 4124 2581 4179 deitatis
2621 4124 2926 4179 rationibus
2955 4133 3009 4178 et
3039 4123 3314 4194 Unigeniti
3349 4123 3535 4178 excel-

1958 4218 2126 4274 lentia
2152 4217 2384 4272 dicendo
2412 4215 2748 4276 minuentes,
2779 4225 2833 4268 et
2861 4215 3119 4282 quoniam
3151 4214 3316 4268 homo
3342 4227 3534 4268 revera

270 4318 421 4369 νὰτω
453 4317 510 4370 δὲ
537 4320 564 4370 ὁ
603 4318 902 4390 φιλομαθὴς
929 4319 997 4372 τὰ
1025 4319 1286 4390 βελτίονα.
1318 4320 1718 4390 Διερμηνεῦσαι
1751 4322 1853 4392 μὴν

1961 4309 2140 4365 factus
2171 4318 2274 4372 est,
2309 4305 2592 4376 Fiﬁusque
2617 4313 2865 4368 vocatus,
2898 4306 3004 4359 vim
3035 4306 3434 4361 theorematum
3466 4305 3535 4361 ad

272 4409 363 4460 καί
402 4383 696 4478 ἑτέρως-τὺ
728 4383 895 4480 ρητὸίν
935 4383 1036 4465 οὐκ
1073 4383 1608 4482 ὀκνήσομεν,’ῥραχύ
1652 4429 1704 4465 τι

1963 4399 2432 4472 dispensationem
2465 4414 2590 4452 cum
2631 4412 2796 4452 carne
2828 4396 3246 4462 transferentes,
3275 4404 3536 4468 cognata-

269 4499 370 4566 τῆς
404 4497 659 4569 θεότητος
703 4499 842 4569 ὅρων
906 4501 998 4552 καὶ
1041 4499 1139 4570 τῆς
1177 4498 1272 4552 τοῦ
1312 4499 1649 4567 Μονογενοῦς
1690 4499 1857 4570 ὑπερ-

269 4589 404 4658 οχῆς
429 4589 524 4641 τὸν
545 4588 702 4658 λόγον
733 4588 1170 4656 ὑποὸιϐάζοντες,
1202 4591 1295 4644 καὶ
1325 4591 1552 4663 ἐπείπερ
1574 4591 1857 4664 ἄνθρωπος

1964 4511 2071 4567 que
2115 4501 2173 4554 et
2203 4491 2498 4561 conjuncta
2547 4490 2927 4561 superioribus
2975 4489 3258 4560 sequentia
3307 4489 3536 4544 demon-

1964 4596 2222 4648 strantes.

203 4731 216 4740 .
273 4685 470 4756 γέγονέ
501 4702 560 4737 τε
602 4685 770 4749 ὅντως
811 4686 903 4737 καὶ
940 4684 1345 4755 κεχρημάτικεν
1380 4687 1409 4739 ὀ
1439 4687 1587 4751 Υἱὸς,
1633 4689 1727 4742 ἐπὶ
1756 4691 1856 4762 τὴν
1897 4686 2037 4760 μετὰ
2058 4679 2257 4752 σαρκὸς
2282 4675 2593 4747 οἰκονομίαν
2615 4674 2710 4746 τὴν
2734 4673 2842 4728 τῶν
2907 4673 3274 4746 θεωρημάτων
3333 4679 3537 4748 μεταρο

279 4781 636 4853 ῥυθμίζοντες
660 4780 907 4850 δύναμιν,
940 4779 1176 4848 συγγενῆ
1197 4797 1256 4833 τε
1281 4784 1374 4838 καὶ
1402 4786 1720 4855 συνημμένα
1744 4787 1859 4850 τοῖς
1893 4773 2407 4856 προαποδεδομένοις
2437 4772 2529 4826 καὶ
2555 4771 2623 4826 τὰ
2659 4771 2855 4841 ἐφεξῆς
2901 4771 3361 4836 ἀποδεικνύοντες.

353 4872 564 4925 Οὐκοῦν
597 4873 677 4925 ὅτι
709 4872 803 4926 καὶ
834 4872 1157 4926 ἀκούσονται
1179 4873 1278 4944 τῆς
1311 4875 1496 4945 φωνῆς
1533 4877 1698 4931 αὑτοῦ
1728 4878 1863 4931 πάν-

275 4981 374 5026 τες
397 4964 446 5016 οἱ
475 4964 532 5015 ὲν
582 4966 692 5023 τοῖς
736 4963 1040 5034 μνημείοις,
1087 4965 1180 5017 καὶ
1222 4965 1306 5018 ὄτι
1346 4965 1440 5018 καὶ
1478 4967 1862 5037 κριθησόμενοι

279 5054 701 5125 προελεύσονται
723 5053 1120 5124 διεμαρτύρατο
1158 5054 1363 5123 σαφῶς.
1397 5056 1612 5125 Ἐπειδὴ
1633 5057 1690 5109 δὲ
1717 5057 1864 5122 ἅπαξ

269 5147 364 5206 είς
416 5145 506 5195 τὸν
546 5136 680 5214 περϊ
718 5142 812 5196 τοῦ
850 5143 1052 5209 κρίνειν
1094 5143 1256 5196 αὑτὸν
1284 5143 1381 5210 τὴν
1417 5143 1739 5214 οἰκουμένην
1767 5146 1862 5198 ὲκ-

272 5234 490 5306 6έ6ηκε
517 5234 694 5303 λόγον,
721 5235 782 5288 ού
817 5235 976 5305 μόνον
1004 5235 1088 5287 ὅτι
1127 5236 1246 5288 κατ’
1276 5235 1452 5288 ἐκεῖνο
1499 5235 1712 5304 καιροῦ,
1744 5235 1864 5289 καθ’

272 5329 299 5383 ὅ
352 5326 578 5380 ἔσεσθαί
627 5343 758 5398 φησι
789 5326 885 5397 τὴν
917 5326 1026 5380 τῶν
1071 5326 1280 5395 νεκρῶν
1319 5325 1634 5390 ἀναϐίωσιν,
1665 5326 1866 5390 δίκαιος

280 5421 436 5472 ἔσται
470 5419 659 5491 κριτὴς
681 5418 1107 5486 ἐπαγγέλλεται,
1132 5417 1270 5472 ἀλλά
1311 5417 1415 5488 γὰρ
1447 5417 1546 5488 ἤδη
1569 5417 1664 5472 καὶ
1703 5419 1772 5472 τὰ
1810 5421 1870 5471 ἐν

283 5512 419 5582 τῷδε
458 5511 537 5580 τῷ
569 5510 669 5580 βίῳ
702 5511 1002 5579 πράγματα
1047 5509 1248 5579 κρίνειν
1292 5506 1466 5570 ὀρθῶς
1509 5508 1602 5560 καὶ
1649 5507 1870 5571 δικαίως

292 5600 701 5672 αισχυρίζεται.
735 5600 801 5653 Τί
831 5601 888 5653 δὲ
924 5596 992 5670 ἦν
1025 5599 1085 5652 τὸ
1124 5599 1459 5670 κρινόμενον,
1496 5600 1588 5652 καὶ
1615 5599 1705 5651 ἐπὶ
1729 5598 1868 5651 τίσιν

304 5691 518 5760 ἰλόγος.
550 5689 714 5744 ἄκουε
747 5689 944 5745 λοιπόν·
991 5687 1282 5760 Ἐγεννήθη
1312 5687 1376 5740 δι’
1407 5688 1551 5759 ἡμᾶς
1593 5688 1656 5741 ὲκ
1688 5704 1874 5756 γυναι.

2047 4873 2217 4944 Igitur
2247 4869 2396 4923 clare
2432 4865 2754 4923 testiﬁcatus
2783 4876 2864 4920 est
2910 4873 3157 4920 mortuos
3196 4880 3386 4920 omnes
3421 4866 3540 4934 ejus

1968 4978 2158 5019 vocem
2187 4960 2498 5023 audituros,
2521 4966 2574 5012 et
2604 4955 2672 5010 ad
2693 4955 2962 5026 judicium
2990 4969 3367 5025 processuros.
3392 4953 3538 5019 Quo-

1970 5057 2115 5110 niam
2163 5062 2342 5106 autem
2379 5050 2545 5104 semel
2579 5062 2646 5102 eo
2684 5055 2978 5118 provectus
3023 5053 3107 5102 est
3149 5052 3208 5098 ut
3245 5045 3443 5100 dixerit
3481 5059 3542 5098 se

1969 5147 2157 5201 orbem
2205 5141 2606 5212 judicaturum,
2647 5153 2756 5192 non
2797 5138 2974 5193 solum
3008 5136 3296 5206 profitetur
3347 5150 3407 5189 se
3451 5135 3541 5204 ju-

1969 5243 2114 5288 stum
2145 5230 2386 5300 judicent
2419 5226 2538 5282 fore
2569 5241 2636 5280 eo
2669 5234 2912 5295 tempore
2933 5240 3042 5292 quo
3070 5223 3306 5279 futuram
3340 5234 3415 5277 att
3456 5240 3541 5278 rc-

1970 5323 2407 5382 surrectionem,
2459 5333 2648 5372 verum
2705 5318 2870 5370 etiam
2919 5317 3084 5386 hujus
3127 5315 3251 5370 vitae
3295 5318 3540 5370 actiones

1971 5424 2120 5471 recte
2166 5428 2230 5467 ac
2278 5412 2424 5480 juste
2479 5409 2855 5484 judicaturum
2912 5393 3218 5464 conﬁrmat.
3255 5409 3540 5474 Quodnam

1974 5516 2154 5560 autem
2202 5501 2561 5574 j'udicandum
2623 5502 2713 5565 sit,
2753 5509 2808 5555 et
2854 5501 2923 5556 de
2965 5501 3167 5571 quibus
3219 5514 3402 5555 sermo
3449 5500 3542 5564 sit,

1975 5597 2197 5651 attende
2234 5595 2423 5648 modo.
2464 5592 2636 5647 Natus
2677 5600 2762 5647 est
2790 5601 3013 5663 pr0pter
3058 5607 3159 5647 nos
3187 5607 3251 5646 ex
3281 5591 3578 5654 muliere;-

1979 5698 2038 5742 ut
2076 5689 2222 5744 enim
2255 5687 2456 5743 Paulus
2501 5686 2576 5741 ait
2615 5704 2628 5739 :
2669 5705 2686 5739 ι
2727 5685 2846 5741 Non
2901 5684 3257 5755 apprehendit
3291 5682 3543 5756 angelos,
