4044 6200
524 297 620 359 39!

1480 297 1538 350 S.
1564 291 1844 349 CYRILLI
1883 291 2356 348 ALEXANDBINI
2394 290 2716 346 ARCHIEP.

3679 291 3802 348 3'12

528 412 627 469 sed
679 420 866 468 semen
904 411 1154 478 Abrahae,
1195 410 1338 466 unde
1389 410 1580 465 debuit
1620 424 1717 480 per
1750 409 1935 464 omnia
1990 406 2106 462 fra-

2209 406 2326 471 κός·
2361 406 2438 470 ὡς
2471 408 2578 477 γὰρ
2603 403 2632 456 ὁ
2659 403 2868 467 Παῦλός
2909 419 3072 473 φησιν
3092 440 3108 466 ,
3167 421 3187 452 ι
3238 402 3352 455 Ούκ
3396 402 3642 470 ἀγγέλων
3673 404 3800 458 ἐπι-

527 503 706 559 tribus
729 503 1030 558 assimilari
1051 503 1118 556 ⁷⁸.
1155 521 1175 554 ι
1214 502 1352 557 Cum
1385 511 1566 556 autem
1603 501 1782 556 factus
1816 501 1889 556 sit
1918 500 2103 565 homo,

528 603 582 650 et
604 597 660 649 in
687 594 832 648 servi
858 591 1058 656 forma,
1086 592 1267 648 factus
1293 607 1515 662 quoque
1546 599 1630 648 est
1665 592 1770 647 sub
1801 592 1918 662 lege
1945 592 1990 646 is
2011 591 2107 660 qui

531 685 812 756 legislator
835 691 940 750 est,
962 692 1022 739 ut
1041 683 1186 740 Deus
1204 699 1270 739 ac
1288 683 1552 740 Dominus
1575 684 1715 735 7"".
1737 682 1917 749 Quare
1941 682 2108 736 inter-

529 776 658 831 dum
691 777 962 846 loquitur,
992 786 1052 832 ιιι
1075 777 1169 847 qui
1201 777 1306 833 sub
1336 777 1453 848 lege
1487 785 1594 844 est,
1619 776 1892 831 interdum
1925 783 1985 829 ut
2011 774 2106 845 qui

529 883 696 938 supra
729 870 925 937 legem,
952 878 1007 924 et
1027 869 1165 924 citra
1190 869 1674 940 reprehensionem
1706 867 1868 923 habet
1902 867 2108 923 utrius-

529 974 634 1027 que
673 958 906 1013 faciendi
940 967 1286 1029 potestatem.
1311 959 1544 1016 Disserit
1578 967 1759 1015 autem
1797 973 1943 1014 nunc
1981 973 2106 1014 cum

527 1047 753 1115 Iudaeis,
783 1059 844 1103 ut
879 1051 1016 1122 legis
1063 1058 1252 1107 custos
1289 1059 1346 1106 et
1389 1052 1576 1116 homo,
1619 1062 1679 1105 ut
1735 1051 1829 1120 qui
1886 1058 2109 1121 praeter—

528 1138 683 1208 gredi
742 1141 958 1192 nesciat
1003 1141 1261 1194 mandata
1299 1139 1508 1204 divina,
1560 1139 1808 1209 nihilque
1866 1154 1932 1194 ex
1980 1153 2109 1194 sen-

531 1229 700 1282 tentia
759 1243 859 1283 sua
912 1228 1094 1284 facere
1146 1239 1332 1300 queat,
1381 1229 1528 1298 quod
1587 1244 1698 1285 non
1753 1229 1952 1284 divinae
2004 1228 2108 1300 legi

530 1329 820 1388 congruat.
863 1321 1100 1393 ideoque
1138 1322 1215 1376 ait
1257 1340 1270 1376 :
1317 1340 1336 1374 ι
1383 1320 1503 1377 Non
1526 1336 1748 1391 possum
1795 1335 1898 1391 ego
1947 1335 1978 1374 a
2021 1335 2109 1376 me

535 1412 658 1481 ipso
694 1409 875 1466 facere
903 1413 1236 1484 quidquam;
1276 1414 1422 1468 sicut
1452 1412 1640 1476 audio,
1668 1411 1876 1481 judico.
1914 1429 1934 1463 ι
1971 1411 2108 1466 Cum

531 1515 663 1555 vero
705 1501 1037 1556 testiﬁcatur
1078 1516 1188 1556 non
1237 1516 1402 1572 posse
1448 1516 1478 1556 a
1512 1502 1695 1571 seipso
1731 1499 1916 1557 facere
1949 1498 2110 1570 quid-

531 1606 718 1661 quam,
752 1591 900 1661 quod
932 1592 1122 1662 utique
1153 1606 1264 1646 non
1297 1591 1370 1647 sit
1405 1593 1570 1647 etiam
1615 1591 1722 1662 legi
1747 1589 2029 1660 placitum,
2053 1595 2110 1644 et

531 1699 601 1760 re.
649 1681 896 1751 judicare
951 1682 1099 1736 sicut
1147 1681 1412 1745 audierit,
1461 1689 1785 1752 suggerente
1845 1679 2108 1734 nimirum

2205 497 2556 568 λαμϐάνεται,
2583 495 2717 550 ἀλλὰ
2761 495 3075 566 σπέρματος
3121 493 3374 564 Ἀϐραάμ
3395 511 3409 525 ·
3439 495 3561 548 ὅθεν
3589 495 3796 564 ὤφειλε

2205 588 2348 642 κατὰ
2377 588 2555 642 πάντα
2597 589 2710 650 τοῖς
2747 585 2995 655 ἀδελφοῖς
3020 585 3374 655 ὁμοιωθῆναι.
3413 605 3433 638 ι
3481 587 3697 657 Ἐπειδὴ
3732 587 3796 641 δὲ

2203 680 2427 750 γέγονεν
2473 678 2782 752 ἄνθρωπος,
2835 677 2926 731 καὶ
2977 677 3036 730 ἐν
3081 679 3146 747 τῇ
3181 675 3276 729 τοῦ
3324 676 3517 730 δούλου
3581 681 3792 749 μορφῇ,

2206 774 2396 842 γέγονε
2421 771 2516 824 καὶ
2548 770 2653 823 ὑπὸ
2679 771 2840 840 νόμον
2876 769 2905 820 ὁ
2941 768 3238 838 νομοθέτης
3275 767 3352 830 ὡς
3392 769 3525 832 Θεὸς
3555 769 3651 823 καὶ
3679 771 3795 824 κύ-

2209 880 2340 935 ριος.
2371 861 2540 915 Λαλεῖ
2562 857 2850 930 τοιγαροῦν
2883 859 3016 912 ποτὲ
3048 859 3147 930 μὲν
3187 859 3264 922 ὡς
3307 859 3412 912 ὑπὸ
3431 860 3627 930 λνόμον,
3660 863 3795 915 ποτέ

2204 954 2262 1008 δὲ
2283 950 2350 1008 αὖ
2384 953 2546 1007 πάλιν
2573 952 2648 1015 ὡς
2691 950 2834 1021 ὑπὲρ
2880 953 3062 1020 νόμον,
3111 950 3204 1004 καὶ
3251 952 3666 1024 ἀκατηγόρητον
3705 954 3794 1006 ἐπ’

2206 1043 2409 1115 ἀμφοῖν
2442 1044 2554 1114 ἔχει
2588 1042 2687 1113 τὴν
2718 1041 2986 1107 ἐξουσίαν.
3035 1043 3352 1113 Διαλέγεται
3398 1044 3454 1098 δὲ
3494 1044 3614 1098 νυνὶ
3656 1045 3793 1116 πρὸς

2219 1134 2524 1201 Ἰουδαίους,
2573 1133 2648 1198 ὡς
2697 1131 3010 1204 νομοφύλαξ
3059 1136 3153 1188 καὶ
3203 1134 3512 1206 ἄνθρωπος,
3563 1137 3639 1200 ὡς
3692 1137 3793 1189 οὐκ

2207 1224 2364 1288 εἰδὼς
2399 1225 2758 1297 παραϐαίνειν
2807 1225 2906 1289 τὰς
2946 1225 3158 1280 ἀνωθεν
3188 1227 3498 1297 δρισθείσας
3547 1228 3793 1291 ἐντολάς,

2207 1318 2329 1372 οὐδὲ
2358 1317 2467 1370 ἀπὸ
2493 1316 2719 1388 γνώμης
2748 1316 2954 1380 οίκείας
2986 1317 3308 1387 ἀνεχόμενος
3345 1335 3397 1370 τι
3434 1321 3625 1384 ποιεῖν,
3657 1320 3686 1372 δ
3714 1321 3792 1389 μὴ

2207 1407 2286 1478 τῷ
2314 1407 2442 1479 θείῳ
2467 1408 2617 1479 νόμῳ
2648 1409 2910 1462 συνδοκεῖ.
2941 1408 3040 1462 Διά
3068 1409 3223 1462 τοῦτὸ
3248 1427 3442 1480 φησιν’
3473 1429 3492 1462 ι
3529 1411 3603 1464 Ού
3632 1411 3802 1466 δύνα..

2212 1518 2311 1571 μαι
2353 1498 2464 1570 ἐγὼ
2508 1501 2683 1553 ποιεῖν
2725 1501 2819 1555 ἀπ’
2863 1500 3098 1570 ἐμαυτοῦ
3142 1501 3292 1555 οὐδέν
3321 1519 3334 1531 ⁸
3359 1502 3544 1566 καθὼς
3583 1503 3786 1566 ἀκούω.

2208 1591 2398 1662 κρίνω.
2430 1609 2450 1642 ι
2491 1590 2700 1662 Ἐαυτῷ
2746 1591 2803 1644 δὲ
2849 1591 2910 1644 τὸ
2962 1591 3035 1663 μὴ
3078 1591 3339 1646 δύνασθαί
3388 1611 3440 1646 τι
3483 1597 3658 1647 ποιεῖν
3695 1584 3792 1663 ἀφ’

2209 1680 2404 1735 ἑαυτοῦ
2438 1681 2751 1754 μαρτυρῶν,
2780 1680 2810 1735 ὃ
2840 1681 2915 1753 μὴ
2948 1682 3165 1746 πάντως
3197 1685 3312 1737 ἐστὶ
3341 1686 3433 1738 καὶ
3459 1685 3678 1756 θελητὸν
3710 1685 3786 1756 τῷ

533 1770 669 1838 lege,
717 1767 1031 1824 Judmorum
1080 1771 1513 1825 inobedientiam
1564 1769 1766 1841 arguit,
1811 1782 2108 1838 eorumque

2213 1771 2402 1841 νόμῳ,
2454 1771 2657 1842 κρίνειν
2701 1788 2762 1824 τε
2814 1769 2959 1823 οὕτω
3012 1772 3108 1824 καὶ
3167 1771 3404 1836 δικάζειν
3432 1778 3542 1838 τοῖς
3597 1777 3775 1846 πράγ-

532 1858 852 1930 praefraclos
899 1876 1082 1916 mores
1129 1863 1345 1931 retegit.
1382 1860 1542 1932 24],
1595 1859 1709 1915 Hoc
1754 1860 1905 1916 enim
1957 1867 2107 1916 recte

531 1949 878 2005 subinnuunt
934 1950 1025 2004 illa
1068 1950 1281 2005 verba:
1317 1967 1338 2001 ι
1377 1947 1498 2005 Non
1546 1964 1774 2020 possum
1817 1964 1848 2004 a
1895 1951 2105 2020 meipso

533 2041 712 2098 facere
738 2041 1061 2111 quidquam,
1098 2059 1118 2094 ι
1159 2041 1264 2096 hoc
1293 2047 1416 2097 est:
1451 2040 1562 2098 Vos
1601 2041 1727 2114 data
1765 2040 1918 2096 vobis
1949 2056 2106 2096 man-

536 2132 656 2186 data
689 2139 891 2187 temere
911 2133 1442 2203 praetergredientes,
1481 2148 1510 2186 a
1552 2133 1710 2188 vobis
1744 2133 1880 2202 ipsis
1907 2143 2105 2189 cuncta

533 2218 713 2275 facere
743 2223 979 2289 audetis,
1018 2230 1072 2276 et
1103 2221 1172 2277 de
1202 2222 1439 2292 singulis
1463 2223 1628 2279 rebus
1666 2222 1878 2293 judicia
1904 2222 2106 2280 divinis

527 2314 704 2383 jussis
754 2317 979 2371 minime
1017 2325 1393 2372 consentanea
1438 2315 1645 2373 facitis.
1693 2315 1913 2374 Docetis
1960 2317 2107 2374 enim

532 2406 844 2460 doctrinam
879 2406 1131 2460 mandata
1177 2407 1488 2474 hominum,
1517 2417 1570 2464 et
1629 2409 1968 2464 voluntatem
2014 2425 2108 2465 ve-

533 2509 703 2554 stram
729 2514 826 2568 pro
853 2499 967 2567 lege
995 2499 1152 2554 vobis
1182 2499 1563 2570 praescribitis.
1583 2498 1846 2565 Quaenam
1875 2514 2005 2572 ergo
2038 2500 2109 2556 sit

531 2586 727 2641 horum
756 2587 1039 2642 verborum
1072 2589 1233 2653 ratio,
1261 2596 1354 2643 aut
1383 2589 1660 2658 quomodo
1690 2590 1932 2660 seipsum
1956 2590 2109 2660 justo

530 2676 866 2746 jndicantem
918 2678 1210 2748 signiﬁcet,
1257 2695 1478 2734 rursum
1518 2680 1752 2736 dicetur.
1785 2680 2010 2736 Curavit
2051 2681 2108 2736 in

535 2765 778 2822 Sabbato
835 2770 1220 2840 paralyticum,
1255 2771 1516 2824 misertus
1560 2776 1646 2825 est
1694 2769 1933 2826 hominis
1983 2770 2109 2826 diu-

534 2869 693 2913 turna
727 2861 1052 2931 aegritudine
1097 2860 1424 2925 laborantis,
1456 2869 1666 2916 rectum
1712 2861 1973 2916 nimirum
2013 2862 2110 2918 bo-

535 2967 776 3023 numque
813 2954 882 3009 de
929 2954 1050 3024 ipso
1106 2952 1293 3010 ferens
1352 2952 1648 3024 judicium.
1685 2953 1921 3009 Decebat
1961 2953 2108 3009 enim

532 3046 696 3100 etiam
746 3046 802 3100 in
857 3045 1102 3102 Sabbato
1148 3045 1398 3101 misereri
1429 3045 1689 3116 jacentis,
1738 3061 1916 3117 neque
1954 3041 2111 3102 vere-

534 3138 735 3193 cundia
764 3137 987 3195 Sabbati
1020 3138 1458 3196 misericordiam
1489 3152 1766 3203 coercere,
1792 3137 2108 3195 vanissima

531 3232 813 3302 religionis
843 3233 1097 3287 obtentu.
1128 3229 1598 3297 Quemadmodum
1635 3239 1816 3285 autem
1856 3229 2020 3286 Pater
2052 3231 2107 3285 in

536 3322 778 3378 Sabbato
821 3339 949 3395 erga
1000 3331 1283 3379 creaturas
1331 3333 1610 3393 operatur,
1641 3324 1833 3393 utique
1879 3339 1978 3392 per
2021 3322 2109 3379 Fi-

532 3415 666 3469 lium
708 3433 720 3470 :
761 3417 836 3470 ita
888 3427 941 3471 et
977 3415 1168 3472 Filius.
1224 3415 1412 3487 Neque
1448 3417 1594 3470 enim
1636 3417 1843 3486 placuit
1887 3416 2108 3472 miseri-

537 3507 729 3560 cordia
769 3521 957 3562 carere
1007 3508 1061 3562 in
1110 3507 1348 3563 Sabbato
1377 3513 1601 3584 propter
1630 3505 1948 3573 Sabbatum,
1982 3522 2108 3561 cum

535 3597 702 3650 sciret
757 3595 1048 3651 Dominum
1105 3611 1230 3651 esse
1263 3593 1461 3650 Filium
1508 3594 1772 3649 hominis.
1809 3593 1930 3649 Non
1960 3595 2105 3650 enim

533 3687 699 3738 homo
730 3693 950 3754 propter
982 3683 1282 3739 Sabbatum
1320 3682 1498 3739 factus
1536 3690 1644 3748 est,
1676 3683 1771 3738 sed
1806 3684 2105 3740 Sabbatum

531 3783 758 3845 propter
796 3775 1095 3832 hominem.
1150 3773 1336 3844 itaque
1387 3783 1597 3830 rectum
1637 3774 1857 3845 quidem
1908 3782 1994 3831 est
2037 3790 2108 3832 ac

535 3868 735 3920 bonum
788 3865 1094 3922 Salvatoris
1145 3866 1213 3922 de
1269 3867 1356 3922 his
1409 3867 1709 3938 judicium,
1741 3868 1836 3938 qui
1887 3876 2110 3939 propter

537 3955 836 4012 Sabbatum
897 3958 1331 4013 misericordiam
1379 3973 1508 4029 erga
1545 3959 1819 4029 jacentem
1867 3973 1979 4014 non
2026 3960 2110 4014 in-

535 4047 733 4114 hibuit,
782 4047 875 4103 sed
927 4047 1074 4119 quod
1122 4047 1337 4104 edicere
1390 4055 1625 4116 poterat,
1667 4056 1730 4103 ut
1785 4048 1949 4116 Deus,
1984 4049 2108 4105 fons

534 4137 738 4208 quippe
782 4138 1047 4194 bonitatis
1079 4146 1166 4194 est
1209 4148 1406 4192 natura
1435 4138 1645 4206 divina,
1679 4139 1813 4193 illud
1857 4141 2020 4195 etiam
2052 4141 2108 4194 in

535 4225 775 4283 Sabbato
805 4229 1081 4299 praestitit.
1111 4227 1386 4284 Judicium
1411 4238 1591 4284 autem
1617 4244 1808 4284 eorum
1838 4231 1930 4299 qui
1963 4245 2024 4285 ea
2051 4246 2110 4286 re

534 4317 954 4373 oﬂ‘endebantur
1011 4329 1234 4391 propter
1283 4320 1586 4376 Sabbatum
1621 4362 1635 4387 ,
1689 4329 1853 4392 atque
1902 4321 2109 4377 idcirco

2209 1878 2393 1933 μασιν,
2427 1860 2618 1933 ὥσπερ
2682 1859 2748 1915 ἂν
2795 1861 3049 1926 ἀκούσαι,
3103 1860 3510 1934 διαγορεύοντος
3549 1863 3796 1935 δηλονότι

2202 1950 2298 2005 τοῦ
2359 1950 2525 2021 νόμου
2556 1992 2570 2016 ,
2645 1949 2744 2014 τὰς
2795 1951 2904 2004 τῶν
2966 1949 3236 2004 Ἰουδαίων
3325 1954 3609 2018 ἀπειθείας
3688 1953 3779 2018 ἐξ·

2204 2042 2436 2112 ελέγχει,
2461 2042 2929 2115 καὶ[τῶν]τρόπων
2959 2044 3136 2098 αὐτῶν
3151 2047 3327 2114 ἀπογυ
3336 2049 3458 2118 μνοῖ
3479 2047 3538 2098 τὸ
3560 2046 3795 2116 ἐξήνιον.

2205 2133 2374 2188 Τοῦτο
2412 2133 2520 2204 γὰρ
2558 2132 2623 2205 δὴ
2651 2135 2742 2188 καὶ
2775 2134 3106 2204 ύπεμφαίνει
3136 2136 3317 2199 καλῶς
3343 2136 3653 2206 τεθειμένον
3686 2137 3749 2189 τὸ
3773 2175 3791 2200 ,

2212 2245 2230 2278 ι
2249 2227 2326 2281 Οὐ
2354 2226 2590 2296 δύναμαι
2635 2223 2748 2294 ἐγὼ
2797 2228 2969 2279 ποιεῖν
3005 2228 3098 2281 ἀπ’
3126 2227 3365 2298 ἐμαυτοῦ
3394 2228 3563 2289 οὐδὲν,
3595 2247 3614 2279 ι
3665 2229 3797 2284 ἀντὶ

2205 2316 2322 2381 τοῦ,
2361 2317 2550 2388 Ὑμεῖς
2581 2315 2908 2385 ἀφυλάκτως
2937 2316 3037 2380 τὰς
3067 2315 3312 2380 δοθείσας
3355 2318 3483 2387 ύμῖν
3516 2317 3800 2389 παραϐαί-

2207 2426 2390 2472 νοντες
2417 2407 2658 2473 ἐντολὰς,
2697 2408 2874 2462 πάντα
2908 2409 3167 2478 πράττειν
3199 2409 3292 2477 ἀφ’
3336 2409 3564 2472 ἐαυτῶν,
3611 2411 3686 2472 ὼς
3727 2408 3794 2475 ἐξ

2208 2500 2491 2554 ἀκινδύνου
2533 2499 2720 2553 λοιπὸν
2766 2498 3126 2572 ἐθαρσήοατε,
3175 2499 3270 2552 καὶ
3310 2500 3409 2564 τὰς
3448 2501 3533 2567 ἐφ’
3572 2500 3794 2569 ἑκάστῳ

2207 2590 2317 2644 τῶν
2344 2590 2683 2662 πραγμάτων
2717 2589 3062 2661 κρίσεις,ούκ
3098 2589 3494 2652 ἀκολουθούσας
3521 2591 3632 2652 τοῖς
3668 2589 3794 2642 θεός-

2210 2680 2301 2735 θεν
2345 2680 2784 2750 διατεταγμένοις
2816 2682 3084 2734 ποιεῖσθαι
3118 2681 3463 2745 σπουδάζετε.
3498 2680 3792 2734 Διδάσκετε

2209 2772 2317 2845 γὰρ
2358 2773 2707 2827 διδασκαλίαν
2757 2772 3065 2843 ἐντάλματα
3106 2773 3440 2845 ἀνθρώπων,
3486 2774 3579 2828 καὶ
3623 2773 3793 2843 νόμον

2210 2862 2482 2936 ὡρίσασθε
2509 2863 2570 2917 τὸ
2595 2865 2793 2918 οίκεῖον
2821 2865 3053 2936 θέλημα.
3082 2866 3179 2928 Τίς
3203 2862 3296 2919 οὖν
3322 2867 3350 2918 ὁ
3376 2865 3472 2935 τῆς
3497 2864 3794 2934 διασκευῆς

2209 2956 2310 3027 τῆς
2356 2956 2413 3008 ἐν
2459 2955 2634 3026 τούτῳ
2685 2957 2907 3027 τρόπος,
2954 2957 2987 3027 ἤ
3033 2956 3150 3019 πῶς
3200 2956 3389 3009 ἑαυτὸν
3433 2955 3530 3024 μὲν
3575 2954 3793 3023 εἰσάγει

2213 3047 2467 3118 κρίνοντα
2512 3046 2756 3113 δικαίως,
2806 3047 3047 3109 ἐκείνους
3089 3047 3147 3100 δέ
3193 3046 3464 3117 οὐδαμῶς,
3507 3045 3793 3116 εἰρήσεται

2211 3139 2392 3193 πάλιν.
2445 3139 2860 3208 Τεθεράπευκεν
2907 3139 2964 3191 ἐν
3018 3137 3281 3209 Σαϐϐάτῳ
3322 3137 3415 3190 τὸν
3457 3135 3790 3208 παράλυτον,

2208 3231 2440 3304 ἠλέησεν
2474 3230 2760 3302 ἄνθρωπον
2813 3231 3056 3300 μακροὺς
3105 3231 3163 3281 ἐν
3211 3228 3479 3298 νοσήματι
3528 3227 3791 3296 κατατρί-

2208 3321 2388 3392 ψαντα
2414 3321 2659 3393 χρόνους,
2685 3319 2850 3392 ὀρθὴν
2879 3321 3119 3390 δηλονότι
3176 3321 3268 3374 καὶ
3297 3318 3503 3389 ἀγαθὴν
3531 3321 3615 3371 ἐπ’
3638 3317 3793 3387 αύτῷ
3825 3327 3828 3329 ‘

2210 3415 2310 3486 τὴν
2342 3414 2524 3486 κρίσιν
2552 3413 2870 3483 ἐξενεγκὼν.
2908 3413 3054 3468 Ἔδει
3089 3413 3197 3484 γάρ
3224 3412 3581 3482 ἐποικτείρειν
3608 3411 3700 3464 καὶ
3731 3413 3792 3462 ἐν

2209 3505 2474 3576 Σαϐϐάτῳ
2503 3507 2592 3559 τὸν
2637 3504 2908 3575 κείμενον,
2955 3504 3048 3558 καὶ
3078 3503 3350 3556 συστεῖλαι
3389 3502 3486 3572 μὲν
3521 3501 3610 3554 τὸν
3640 3501 3793 3554 ἔλεον

2207 3596 2458 3666 οὐδαμῶς
2508 3595 2648 3649 αἰδοῖ
2697 3597 2761 3666 τῇ
2814 3594 2942 3663 περὶ
2986 3593 3048 3646 τὸ
3096 3592 3391 3658 Σάϐϐατον,
3445 3592 3792 3658 είκαιοτάτην

2207 3687 2621 3757 ἐπιτηδεύοντας
2651 3686 2749 3756 τὴν
2775 3684 3080 3739 εὐλάϐειαν.
3119 3683 3328 3753 ’Ὠσπερ
3353 3682 3410 3736 δέ
3441 3684 3496 3734 ἐν
3528 3680 3795 3751 Σαϐϐάτῳ

2211 3779 2307 3834 καὶ
2338 3781 2366 3832 ὁ
2399 3779 2590 3850 Πατὴρ
2620 3778 2839 3848 ἐνεργὸς
2868 3777 2995 3848 περὶ
3019 3777 3119 3847 τὴν
3148 3777 3254 3828 τῶν
3295 3775 3608 3845 κτισμάτων
3639 3775 3800 3843 ἐνέρ-

2207 3871 2362 3939 γειάν
2388 3873 2524 3935 ἐστι,
2543 3869 2759 3932 πάντως
2788 3867 2845 3921 δὲ
2873 3867 2941 3920 δι’
2968 3865 3120 3933 Υἱοῦ,
3147 3865 3288 3919 οὕτω
3314 3866 3405 3918 καὶ
3431 3865 3612 3928 αὐτὸς.
3655 3863 3800 3917 Ούδέ

2209 3962 2318 4034 γὰρ
2347 3961 2772 4032 ἀποστερεῖσθαι
2824 3960 2934 4014 δεῖν
2973 3961 3064 4013 τὸν
3101 3959 3249 4013 ἐλέου
3286 3959 3535 4029 δεόμενον
3564 3959 3622 4010 ἐν
3653 3958 3802 4010 Σαϐ-

2207 4055 2360 4126 ϐάτῳ
2389 4053 2477 4107 διὰ
2501 4053 2561 4106 τὸ
2591 4052 2867 4108 Σάϐϐατον
2897 4050 3240 4122 ἐδοκίμαζεν,
3277 4051 3401 4102 ἐπεὶ
3444 4049 3645 4120 Κύριον
3672 4049 3800 4120 ⁴ᾔδει

2207 4148 2298 4202 τὺν
2327 4147 2455 4201 Υίὸν
2485 4143 2580 4199 τοῦ
2612 4143 2902 4217 ἀνθρώπου
2929 4160 2944 4174 ’
3000 4144 3060 4195 ού
3100 4144 3207 4214 γὰρ
3245 4144 3273 4196 ὁ
3302 4141 3586 4212 ἄνθρωπος
3613 4141 3699 4193 διά
3732 4141 3798 4194 τὸ

2209 4239 2482 4295 Σάϐϐατον
2514 4239 2751 4306 ἐγένετο,
2782 4235 2918 4289 άλλά
2952 4235 3012 4289 τὸ
3038 4234 3316 4288 Σάϐϐατον
3340 4233 3429 4287 διὰ
3456 4234 3546 4286 τὸν
3575 4232 3795 4301 ἄνθρω-

2211 4348 2330 4385 πον.
2384 4330 2592 4385 Οὐκοῦν
2637 4329 2770 4400 ὀρθὴ
2805 4328 2904 4399 μὲν
2936 4327 3031 4380 ἐπὶ
3059 4325 3273 4389 τούτοις
3332 4325 3429 4379 καὶ
3482 4323 3659 4395 ἀγαθὴ
3691 4323 3798 4376 τοῦ

537 4417 769 4463 mortem
796 4412 1114 4477 quaerebant
1141 4414 1260 4482 ejus
1288 4427 1318 4464 a
1349 4426 1458 4482 quo
1487 4413 1640 4467 nulla
1671 4413 1724 4467 in
1760 4428 1819 4468 re
1847 4412 2108 4467 violatum

2215 4423 2464 4492 Σωτῆρος
2493 4422 2526 4491 ἡ
2568 4421 2748 4492 κρίσις
2771 4459 2786 4483 ,
2834 4419 2894 4472 οὐ
2924 4418 3012 4473 διά
3042 4419 3104 4472 τὸ
3136 4417 3409 4472 Σάϐϐατον
3442 4417 3540 4487 τὴν
3585 4417 3674 4470 ἐπὶ
3709 4415 3801 4486 τῷ

537 4508 677 4558 erat,
702 4501 978 4568 quomodo
1011 4518 1120 4558 non
1148 4504 1352 4558 divinis
1385 4504 1598 4573 legibus
1659 4505 1816 4560 valde
1841 4512 2110 4575 repugnat

541 4590 839 4658 (scriptum
873 4601 958 4645 est
997 4593 1176 4648 enim:
1215 4613 1235 4645 ι
1271 4591 1621 4648 lnnocentem
1655 4603 1710 4648 et
1747 4602 1956 4648 rectum
1997 4607 2107 4648 non

536 4677 837 4733 interﬁcies
863 4679 909 4711 ⁷⁷
947 4699 967 4732 ι
1003 4683 1044 4748 ),
1091 4687 1145 4734 et
1189 4683 1256 4736 ab
1306 4697 1498 4736 eorum
1553 4683 1876 4739 crudelitate
1929 4687 2110 4754 potius

537 4784 698 4839 quam
744 4785 812 4824 ex
859 4775 1034 4824 sacris
1077 4769 1302 4828 Litteris
1334 4770 1640 4842 profectum
1679 4775 1965 4828 est?Audi
2004 4776 2108 4829 ita-

535 4875 642 4931 que
668 4859 856 4916 Jesum
899 4862 1213 4932 emphatice
1245 4863 1517 4918 dicentem
1545 4863 1611 4916 ad
1641 4879 1736 4919 eos
1771 4867 1864 4934 qui
1891 4866 1960 4920 ob
1992 4867 2111 4936 ejus

535 4952 803 5007 beneﬁcia
834 4953 1213 5024 indignantur,
1245 4963 1300 5010 et
1343 4964 1534 5010 sancta
1569 4955 1690 5027 ejus
1721 4957 1976 5012 incusant
2015 4959 2108 5028 ju-

535 5043 702 5108 dicia,
744 5043 862 5098 suis
921 5045 1190 5100 duntaxat
1239 5046 1592 5113 insistentes,
1638 5048 1801 5118 idque
1851 5063 1951 5118 pro
1982 5049 2109 5122 lege

537 5133 738 5190 habent
767 5138 912 5207 quod
952 5139 1056 5193 sibi
1083 5139 1355 5209 placuerit
1379 5139 1633 5209 quamvis
1665 5140 1767 5212 legi
1799 5150 2066 5214 repugnet
2092 5161 2106 5196 :

542 5242 561 5275 ι
600 5223 716 5280 Non
739 5243 960 5296 possum
991 5245 1093 5301 ego
1117 5246 1146 5284 a
1171 5233 1382 5301 meipso
1414 5231 1594 5288 facere
1619 5233 1937 5304 quidquam,
1964 5252 1982 5286 ι
2008 5236 2110 5288 hoc

537 5323 640 5380 est,
673 5317 830 5385 juxta
875 5321 1395 5405 legemﬂosaicam
1449 5333 1652 5380 cuncta
1703 5326 1868 5393 facio,
1898 5326 2035 5381 nihil
2079 5339 2110 5378 a

537 5405 749 5474 meipso
799 5408 980 5467 facere
1042 5428 1304 5483 possum;
1345 5435 1363 5466 ι
1406 5416 1553 5471 sicut
1602 5416 1796 5484 audio,
1833 5416 2042 5485 judico.
2086 5435 2104 5467 ι

537 5488 679 5555 Quid
704 5497 852 5553 enim
899 5500 982 5556 lex
1020 5503 1124 5558 sibi
1150 5505 1304 5559 vult:
1343 5523 1362 5557 ι
1400 5503 1517 5562 Νοιι
1551 5507 1793 5577 accipies
1819 5521 2110 5577 personam

2215 4514 2453 4584 κειμένῳ
2505 4511 2913 4582 φιλανθρωπίαν
2959 4511 3444 4576 ἀποκωλύσαντος,
3498 4509 3611 4563 ἀλλ’
3652 4509 3800 4582 ὅπερ

2215 4598 2354 4656 οἶδεν
2383 4603 2457 4667 ὡς
2485 4603 2617 4666 Θεὸς
2646 4605 2885 4676 ἐνεργεῖν
2921 4603 3093 4673 (πηγὴ
3119 4603 3226 4673 γὰρ
3249 4602 3579 4671 ἀγαθότητος
3609 4603 3641 4672 ἡ
3670 4599 3800 4654 θεία

2217 4691 2376 4760 φύσις
2406 4693 2566 4762 ἐστὶ),
2601 4692 2756 4745 τοῦτο
2782 4695 2875 4746 καὶ
2907 4694 2965 4746 ἐν
2992 4692 3252 4762 Σαϐϐάτῳ
3278 4691 3702 4762 ποιήσαντος.Ἡ
3737 4691 3797 4744 δέ

2214 4795 2278 4847 γε
2315 4779 2495 4850 κρίσις
2529 4780 2562 4849 ἡ
2599 4781 2685 4833 ἐπ’
2710 4781 2857 4852 αὐτῷ
2891 4783 3242 4852 λυπουμένων
3275 4780 3364 4834 διά
3391 4781 3451 4833 τὸ
3494 4779 3796 4844 Σάϐϐατον,

2213 4868 2309 4922 καὶ
2334 4867 2421 4920 διὰ
2441 4866 2596 4920 τοῦτο
2624 4869 2906 4937 φονώντων
2936 4871 3076 4924 κατὰ
3095 4869 3189 4923 τοῦ
3217 4869 3383 4941 μηδὲν
3412 4870 3793 4939 ἀδικήσαντος,

2213 4959 2331 5022 πῶς
2375 4958 2435 5011 ού
2469 4957 2588 5012 λίαν
2627 4961 2743 5013 ἐστὶ
2785 4964 2899 5024 τοῖς
2944 4962 3044 5032 μὲν
3075 4961 3238 5024 θείοις
3271 4961 3549 5033 άπᾴδουσα
3609 4961 3792 5031 νόμοις

2214 5048 2546 5120 (γέγραπται
2596 5049 2742 5120 γάρ’
2787 5070 2805 5103 ι
2859 5051 3059 5104 ’Λθῶον
3105 5051 3199 5104 καὶ
3245 5049 3451 5103 δίκαιον
3507 5049 3607 5102 οὐκ
3658 5051 3788 5102 ἀπο·

2211 5142 2418 5204 κτενεῖς
2446 5139 2515 5209 ι),
2563 5140 2621 5206 ἐξ
2665 5139 2944 5213 ὠμότητος
2989 5142 3045 5194 δέ
3095 5140 3291 5210 μᾶλλον
3321 5141 3420 5210 τῆς
3465 5141 3558 5193 ἀπ’
3589 5139 3783 5202 αὐτῶν,

2212 5230 2306 5282 καὶ
2341 5229 2441 5282 ούκ
2472 5229 2536 5283 ἐκ
2568 5229 2674 5283 τῶν
2707 5231 2866 5302 ίερῶν
2893 5231 3180 5302 ηὑρημένη
3210 5229 3588 5300 Γραμμάτων;
3625 5230 3785 5300 Δέχου

2213 5319 2390 5373 τοίνυν
2421 5321 2514 5375 τὸν
2543 5321 2880 5387 ἐπὶ,τούτοις
2914 5323 3030 5393 μετ’
3055 5322 3346 5392 ἐμφάσεώς
3391 5338 3534 5385 τινος
3563 5321 3796 5389 λέγοντα

2212 5413 2303 5465 τὸν
2342 5413 2548 5483 Ἰησοῦν
2592 5415 2727 5484 πρὸς
2772 5415 2897 5478 τοὺς
2949 5415 3034 5484 ἐφ’
3083 5409 3164 5478 οἷς
3215 5415 3493 5486 εὐεργετεῖ
3532 5413 3796 5484 χαλεπαίο

2213 5519 2422 5569 νοντας,
2459 5503 2554 5557 καὶ
2585 5507 2696 5568 τοῖς
2730 5503 2828 5574 μὲν
2859 5505 3026 5570 ὁσίοις
3055 5505 3220 5560 αὑτοῦ
3261 5505 3523 5578 κρίμασιν
3563 5502 3798 5571 ἐπισκήο

605 5659 654 5693 ’δ
697 5661 856 5722 llebr.
892 5685 966 5738 ιι,
1004 5673 1088 5730 16.
1167 5677 1288 5709 ⁷⁸·⁷⁶
1321 5675 1558 5749 Philipp.
1582 5693 1653 5748 ιιι,
1684 5679 1753 5747 7;
1793 5677 1969 5734 Galat.
2003 5693 2078 5745 tv,

2239 5682 2282 5715 "
2324 5681 2491 5738 Exod.
2526 5699 2677 5751 nni,
2718 5684 2748 5738 7
2777 5701 2791 5749 ;
2825 5684 2962 5740 Dan.
3000 5700 3120 5754 xm,
3152 5684 3243 5740 55.
