4044 6200
330 270 445 331 5.93
1390 279 1458 333 iV
1490 282 1773 341 JOANNIS
1814 287 2255 350 EYANGELIUM
2294 294 2421 351 LIB.
2463 297 2529 353 li.
3481 318 3583 374 ὅθι

335 409 594 458 πτοντας,
637 393 1066 460 ἀκολουθοῦντας
1105 397 1161 450 δὲ
1198 397 1380 468 μόνοις
1407 404 1519 465 τοῖς
1552 403 1781 470 ἑαυτῶν,
1824 422 1877 460 κα

1978 409 2073 470 lin
2125 410 2356 481 judicio,
2404 416 2665 487 quoniam
2715 417 2985 489 judicium
3036 422 3128 480 Dei
3179 433 3263 481 est
3308 427 3372 485 π.
3418 449 3437 481 ι
3474 433 3581 488 Cur

330 485 398 538 τὸ
427 485 588 549 ὅξαν
613 485 756 556 ἔχειν
784 486 960 558 ὀρθῶς
985 489 1149 559 νόμον
1187 488 1375 563 ῶσπερ
1405 493 1775 565 ὁριζομένους,
1811 498 1877 553 κᾶ

2016 501 2144 555 mihi
2203 518 2353 559 nunc
2382 485 2568 575 itaque
2615 485 2977 577 succcnsctis,
3013 513 3211 585 inquit,
3249 518 3377 587 quia
3411 485 3584 576 totum

330 576 522 649 ἀπᾴδει
548 577 626 647 τῷ
650 577 820 648 νόμιμ’
866 598 884 630 ι
933 579 1009 632 Οὐ
1034 580 1266 651 δύναμαι
1295 582 1407 651 ἐγὼ
1428 587 1600 638 ποιεῖν
1624 587 1720 641 ἀπ’
1743 589 1877 659 ἐμαυ

2014 590 2176 663 242
2224 593 2499 652 hominem
2546 599 2601 653 in
2652 598 2895 657 Sabbato
2937 576 3147 673 curavi,
3183 576 3307 663 cum
3342 609 3581 682 Moysem

329 668 433 721 τοῦ
454 669 635 732 οὐδὲν,
682 688 703 720 ι
752 670 874 723 ἀντὶ
918 671 1036 735 τοῦ,
1072 673 1261 727 Πάντα
1299 673 1441 728 κατά
1470 676 1636 747 νόμον
1665 679 1877 749 πράττη

2013 697 2121 737 non
2173 687 2587 756 reprehendatis
2643 692 2743 762 qui
2792 694 2958 763 jussit
3012 668 3251 754 infantes
3307 668 3470 756 etiam
3528 696 3583 758 in

329 759 426 813 τὸν
449 760 740 829 ὁρισθέντα
766 760 858 815 διά
879 762 1147 827 Μωσέως,
1180 764 1329 818 οὐδὲν
1347 766 1444 819 ἀπ’
1476 767 1714 837 ἐμαυτοῦ
1739 773 1877 824 ποιεῖ

2014 772 2255 831 Sabbato
2297 759 2708 837 circumcidi?‘¢
2745 759 2926 841 Nolite
2980 787 3232 856 judicare
3277 794 3581 848 secundum

326 850 620 921 ἀνέχομαι,
666 868 687 901 ι
710 852 893 916 καθὼς
939 852 1140 918 ἀκούω,
1172 856 1361 925 κρίνω.
1399 874 1418 907 ι
1471 856 1537 909 Τί
1561 857 1671 928 7&9
1692 861 1721 913 6
1751 861 1877 932 νόμο

2012 861 2240 929 faciem,
2277 868 2605 939 scdjustum
2634 873 2902 943 judicium
2956 850 3281 948 judicate".
3322 903 3341 936 ι
3379 884 3434 939 Si
3471 887 3585 941 cir-

329 940 583 1010 βούλεται
603 958 618 1007 ;
641 960 662 994 ι
687 944 762 997 Οὐ
785 943 933 1016 λήψῃ
956 944 1248 1016 πρόσωπον
1271 945 1330 999 ἐν
1351 946 1550 1019 κρίσει.
1572 949 1654 1003 ὅτι
1678 952 1710 1022 ἡ
1730 953 1873 1023 κρίσι

2011 958 2345 1013 eumciditur
2375 960 2538 1016 homo
2578 940 2930 1032 inVSabbato,
2956 940 3029 1023 ne
3063 968 3300 1028 Mosaica
3350 974 3436 1030 lex
3468 979 3581 1033 sol-

325 1032 422 1086 τοῦ
447 1033 585 1088 Θεοῦ
612 1036 753 1091 ἐστι.
784 1056 804 1087 ο
847 1036 914 1088 Τί
950 1034 1043 1088 νῦν
1070 1036 1196 1106 ἐμοὶ
1227 1036 1441 1107 χολᾶτε,
1473 1041 1659 1111 φησὶν,
1684 1043 1764 1096 ὃτι
1789 1045 1877 1099 ὄλο

2012 1056 2190 1114 vatur,
2215 1059 2423 1110 temere
2462 1056 2888 1124 cxcandescitis,
2916 1062 3062 1130 quod
3095 1070 3268 1118 totum
3304 1066 3580 1123 hominem

321 1123 616 1195 ἄνθρωπον
638 1124 766 1195 ὑγιῆ
795 1125 1026 1195 ἐποίησα
1053 1125 1111 1178 ἐν
1142 1126 1427 1199 Σαϐϐάτῳ,
1454 1129 1658 1185 Μωσέα
1684 1132 1757 1203 μὴ
1789 1135 1877 1204 κρί

2012 1137 2340 1198 in'Sabbato
2374 1154 2624 1202 curatum
2657 1123 2911 1206 videatis.
2934 1123 3281 1226 Quapropter
3312 1159 3582 1229 egojuste

321 1230 529 1279 νον-τες,
561 1215 652 1268 καὶ
672 1216 731 1268 ἐν
754 1214 1018 1285 Σαϐϐάτῳ
1045 1216 1472 1286 περιτέμνεσθαι
1498 1220 1611 1274 δεῖν
1637 1223 1705 1275 τὰ
1732 1222 1907 1295 βρέφη

322 1303 752 1377 διαταξάμενον;
807 1324 826 1356 ι
856 1305 948 1376 Μὴ
993 1306 1209 1377 κρίνετε
1260 1310 1382 1363 κατ’
1436 1309 1579 1380 ὄψιν,
1627 1311 1765 1366 ἀλλά
1806 1314 1906 1386 τὴν

321 1391 541 1448 δικαίαν
565 1395 746 1467 κρίσιν
772 1395 1006 1466 κρίνετε.
1035 1412 1055 1447 ι
1100 1396 1161 1450 Ei
1191 1397 1491 1470 περιτομὴν
1516 1400 1781 1473 λαμϐάνει
1812 1404 1906 1459 ἀν-

316 1483 545 1556 θρωπος
577 1489 636 1541 ἐν
668 1487 952 1557 Σαϐϐάτῳ,
985 1487 1073 1540 ἵνα
1100 1487 1176 1557 μὴ
1208 1487 1343 1560 λυθῇ
1376 1491 1405 1543 ό
1435 1491 1597 1562 νόμος
1639 1495 1902 1561 Μωσέως,

316 1576 740 1647 ἀπερισκέπτως
798 1576 1094 1647 ἀσχάλλετε
1146 1576 1617 1652 τεθεραπευμένον
1675 1586 1795 1638 ὅλον
1844 1587 1902 1641 ἐν

2009 1230 2227 1299 quidem
2249 1233 2516 1302 judicavi,
2550 1254 2646 1295 vos
2670 1256 2801 1295 vero
2823 1258 2935 1297 non
2969 1246 3099 1300 item
3130 1261 3144 1300 :
3172 1250 3352 1302 omnia
3379 1253 3582 1322 quippe

2007 1333 2039 1373 a
2063 1321 2218 1377 vobis
2242 1324 2443 1382 facitis.
2488 1347 2507 1379 ι
2546 1327 2657 1400 Ego
2688 1347 2795 1385 non
2829 1347 3052 1403 possum
3089 1351 3119 1390 a
3155 1340 3364 1410 meipso
3399 1321 3580 1398 facere

2007 1410 2308 1495 quidquam
2344 1435 2359 1470 :
2395 1417 2536 1473 sicut
2568 1420 2731 1476 audio
2760 1422 2973 1491 judico,
3005 1436 3059 1481 et
3082 1427 3349 1495 judicium
3395 1448 3577 1488 meum

2002 1494 2209 1564 justum
2266 1508 2369 1555 est.
2402 1503 2520 1558 Non
2582 1507 2728 1561 enim
2765 1525 2951 1579 quaero
2997 1494 3332 1572 voluntatem
3377 1536 3576 1583 meam.

2003 1586 2168 1642 sicuti
2200 1605 2317 1654 vos,
2338 1593 2431 1648 sed
2464 1595 2586 1664 ejus
2613 1598 2707 1667 qui
2740 1600 2887 1656 misit
2921 1617 3006 1658 me
3038 1602 3269 1662 Patris.»
3311 1610 3445 1675 Quis
3479 1627 3576 1665 au-

313 1666 587 1738 Σαϐϐάτῳ
612 1667 894 1738 θεώμενοι.
926 1665 1135 1721 Οὐκοῦν
1163 1668 1273 1737 ἐγὼ
1313 1671 1409 1740 μὲν
1442 1671 1631 1745 ἔκρινα
1649 1674 1875 1740 δικαίως

2003 1684 2107 1733 tem
2159 1681 2357 1737 modus
2387 1665 2692 1753 missionis,
2721 1695 2776 1744 et
2815 1705 2935 1760 qua;
2967 1693 3107 1747 ratio
3142 1696 3212 1749 sit
3245 1710 3343 1749 cur
3374 1698 3577 1756 missus

312 1758 478 1827 ὑμεῖς
523 1759 579 1813 δὲ
621 1759 838 1812 οὐκέτιο
899 1759 1075 1813 πάντα
1129 1759 1238 1834 γὰρ
1284 1762 1377 1832 ἀφ’
1417 1764 1627 1818 ἑαυτῶν
1670 1771 1892 1823 ποιεῖτε.

315 1869 336 1901 ι
371 1850 520 1919 ἐγὼ
551 1851 615 1905 οὐ
639 1850 874 1922 δύναμαι
907 1853 1080 1906 ποιεῖν
1108 1853 1203 1906 ἀπ’
1233 1853 1471 1922 ἐμαυτοῦ
1501 1856 1678 1910 οὐδέν’
1713 1856 1891 1922 καθὼς

307 1942 534 2009 ἀκούω,
569 1942 760 2014 κρίνω,
813 1944 908 1997 καὶ
954 1944 987 2014 ή
1039 1942 1219 2015 κρίσις
1259 1946 1293 2014 ἡ
1336 1944 1443 2016 ἐμὴ
1488 1945 1671 2003 δικαία
1717 1948 1885 2004 ἐστίν.

306 2036 386 2089 Οὐ
419 2035 530 2107 γάρ
555 2034 702 2105 ζητῶ
726 2035 786 2090 τὺ
820 2036 952 2106 ἐμὸν
975 2034 1208 2107 θέλημα,
1255 2036 1506 2108 καθάπερ
1541 2040 1721 2108 ὑμεῖς,
1756 2040 1895 2096 ἀλλά

2000 1767 2234 1833 dicatur,
2259 1787 2383 1825 cum
2416 1775 2662 1842 pluribus
2690 1786 2850 1834 antea
2881 1781 3200 1849 dixerimus,
3233 1785 3321 1841 hic
3356 1796 3575 1856 praeter-

2001 1860 2314 1926 mittemus;
2343 1876 2719 1922 verumtamen
2745 1869 3146 1929 obscrvandum
3174 1884 3260 1931 est
3282 1877 3572 1947 imprimis,

1998 1947 2094 2004 Dci
2123 1964 2187 2005 ac
2233 1950 2412 2010 Patris
2448 1956 2729 2015 voluntate
2779 1960 2951 2032 legem
3000 1963 3092 2019 hic
3138 1967 3207 2021 ab
3242 1982 3308 2022 eo
3361 1969 3573 2040 signiti-

2001 2054 2137 2095 can.

305 2130 369 2183 τὸ
404 2129 502 2184 τοῦ
534 2130 852 2200 πέμψαντός
883 2147 953 2199 με
984 2130 1218 2201 Πατρός.
1255 2150 1273 2183 ι
1319 2132 1413 2194 Τίς
1443 2132 1505 2186 δὲ
1544 2134 1575 2185 6
1621 2135 1821 2202 τρόπος
1862 2136 1962 2207 τῆς
2000 2137 2326 2209 ἀποστολῆς,
2379 2142 2477 2196 καὶ⁵
2507 2144 2536 2195 6
2563 2146 2656 2200 τοῦ
2688 2148 3005 2220 πεπέμφθαι
3050 2151 3229 2221 λόγος,
3251 2155 3338 2210 διὰ
3366 2157 3580 2215 πολλῶν

302 2218 407 2290 ἤδη
441 2219 706 2291 πρότερον
752 2221 1055 2293 εἰρηκότες,
1097 2220 1158 2274 τὸ
1192 2221 1370 2289 λέγειν
1402 2222 1482 2277 ἔτι
1530 2225 1658 2318 περὶ
1690 2224 1893 2281 τούτων
1927 2229 2267 2301 παρήσομεν.
2314 2232 2458 2305 Πλὴν
2491 2238 2664 2291 ἐκεῖνο
2692 2218 2979 2311 χρησίμως
3046 2218 3426 2318 ἐπιτηρητέον,
3492 2252 3571 2307 ὅτι

308 2311 531 2382 θέλημα
560 2312 653 2366 τοῦ
681 2312 818 2367 Θεοῦ
848 2315 940 2369 καὶ
970 2314 1181 2384 Πατρὺς
1209 2314 1300 2368 τὸν
1341 2316 1505 2387 νόμον
1537 2310 1678 2371 εἷναί
1710 2336 1893 2390 φησιν.

386 2404 529 2459 Ἐὰν
562 2404 679 2475 ἐγὼ
707 2406 987 2476 μαρτυρῶ
1030 2409 1163 2476 περὶ
1190 2407 1477 2477 ἐμαυτοῦ,
1518 2409 1558 2476 ἠ
1597 2412 1892 2481 μαρτυρία

296 2513 419 2565 μου
449 2498 562 2551 οὐκ
582 2497 754 2553 ἔστιν
772 2499 1028 2568 ἀληθής.
1063 2501 1279 2565 Ἄλλος
1312 2500 1483 2556 ἐστὶν
1512 2504 1546 2558 ὁ
1570 2503 1892 2573 μαρτυρῶν

300 2587 639 2658 περί-ἐμοῦ,
670 2590 771 2644 καί
803 2587 941 2645 οῖδα
963 2592 1053 2645 ὅτι
1075 2591 1309 2660 ἀληθής
1332 2593 1504 2649 ἐστιν
1536 2597 1576 2665 ἡ
1595 2597 1890 2667 μαρτυρία

299 2675 378 2744 ἦν
408 2680 702 2749 μαρτυρεῖ
737 2681 880 2760 περὶ.
901 2683 1068 2752 ἐμοῦ.

383 2771 445 2824 ὐ
475 2772 784 2840 σοφώτατος
833 2773 1109 2846 Σολομὼν,
1155 2774 1223 2829 τά
1252 2778 1338 2847 ἐφ’
1368 2771 1560 2849 οἷσπερ
1593 2778 1658 2833 ἄν
1682 2796 1763 2842 τις
1794 2779 1887 2833 καὶ

302 2861 453 2931 μάλα
496 2861 722 2928 είκότως
753 2864 1188 2936 ἐπισεμνύνοιτο,
1243 2868 1337 2922 καὶ
1385 2868 1746 2939 ἀξιοζήλωτον
1792 2869 1884 2923 τὸν

2067 2398 2242 2473 V,3i,
2266 2407 2358 2464 32.
2383 2408 2444 2466 Si
2463 2427 2557 2483 ego
2590 2415 2946 2471 testimonium
2968 2419 3210 2487 perhibeo
3242 2421 3306 2476 de
3340 2425 3568 2491 meipso.

1998 2501 2357 2556 testimonium
2391 2519 2562 2557 meum
2597 2521 2700 2559 non
2729 2517 2807 2561 est
2838 2525 3038 2565 verum.
3062 2509 3213 2565 Alius
3249 2522 3328 2566 est
3359 2515 3448 2582 qui
3497 2524 3564 2569 te.

1995 2592 2304 2646 stimom’um
2345 2593 2582 2661 perhibet
2632 2595 2695 2650 de
2725 2614 2806 2652 me
2835 2615 2853 2652 :
2885 2611 2935 2653 et
2959 2602 3069 2655 scio
3105 2601 3231 2671 quia
3277 2601 3455 2658 verum
3493 2616 3567 2659 est

1995 2683 2351 2738 testimonium
2379 2685 2517 2755 quod
2552 2687 2786 2757 perhibet
2804 2690 2869 2745 de
2900 2708 3000 2747 me.

2064 2774 2520 2846 Sapientissimus
2556 2779 2843 2847 Salomon,
2864 2796 2928 2837 ea
2962 2784 3229 2856 colligens
3260 2804 3324 2845 ex
3366 2794 3565 2864 quibus

1991 2864 2205 2920 laudem
2242 2865 2346 2920 sibi
2398 2866 2633 2937 quisque
2666 2882 2863 2937 parare
2911 2880 2965 2926 et
3011 2888 3196 2930 mores
3244 2895 3377 2936 suos
3419 2893 3567 2939 recte

298 2954 502 3006 οἰκεῖον
546 2952 835 3025 ἀποφαίνει
888 2957 1089 3029 τρόπον
1108 2998 1122 3023 ,
1177 2958 1449 3028 συλλέγων
1521 2976 1578 3012 τε
1626 2959 1744 3031 ἅμα
1794 2962 1877 3014 καῖ

1989 2955 2377 3013 commendare
2422 2958 2620 3028 possit,
2661 2974 2835 3030 eaque
2891 2962 3051 3019 bonis
3107 2966 3175 3021 ad
3239 2968 3567 3030 discendum

294 3043 578 3114 προτιθεὶς
606 3047 717 3109 τοῖς
766 3048 1193 3120 ἐπιεικεστέροις
1234 3052 1315 3115 είς
1357 3049 1419 3103 τὸ
1455 3049 1648 3121 μαθεῖν
1675 3091 1690 3115 ,
1747 3069 1765 3103 ι
1795 3050 1885 3105 Δί-

292 3148 472 3198 καιος,
497 3134 651 3202 φησὶ,
679 3137 984 3209 κατήγορος
1009 3139 1204 3193 ἑαυτοῦ
1235 3141 1293 3194 ἐν
1319 3140 1682 3213 πρωτολογίᾳ.
1715 3160 1734 3195 ι
1771 3142 1882 3196 Καὶ

291 3223 459 3277 πάλιν
494 3243 509 3257 ο
551 3244 569 3277 ι
612 3226 1039 3299 Ἐγκωμιαζέτω
1074 3248 1132 3285 σε
1160 3232 1190 3284 6
1226 3232 1419 3297 πέλας,
1462 3233 1556 3287 καὶ
1595 3234 1756 3305 μὴτὸ
1790 3234 1881 3288 σὸν

290 3317 473 3388 στόμα
498 3335 513 3351 ⁸
561 3317 857 3391 ἀλλότριος,
909 3323 1004 3375 καὶ
1031 3323 1105 3394 μὴ
1132 3324 1200 3379 τὰ
1232 3325 1299 3379 σά
1325 3323 1498 3396 χείλη.
1525 3342 1543 3376 ι
1587 3324 1743 3378 Ἔστι
1771 3326 1878 3397 7&9

285 3409 463 3474 ὅντως
491 3410 765 3480 φορτικὸν,
815 3412 908 3466 καὶ
956 3413 1143 3485 χρῆμα
1188 3417 1301 3480 τοῖς
1346 3415 1718 3488 ἀκροωμένοις
1748 3417 1876 3472 δυσ-

284 3500 678 3570 φορητότατον,
698 3501 760 3554 τὸ
785 3503 860 3573 μὴ
883 3502 971 3556 διά
982 3504 1080 3574 τῆς
1102 3505 1305 3577 ἐτέρων
1328 3506 1666 3562 ἐπαινεῖσθαι
1692 3508 1877 3578 φωνῆς

277 3589 547 3661 ἐθελῆσαί
575 3608 744 3656 τινας,
774 3592 888 3646 ἀλλ’
919 3594 1130 3658 ἑαυτοῖς
1159 3595 1354 3667 ἀνέδην
1383 3598 1775 3671 ἐπιμαρτυρεῖν
1806 3602 1875 3654 τά

281 3680 553 3735 κάλλιστα
594 3682 686 3735 καὶ
729 3682 1003 3754 ἐξαίρετα.
1063 3684 1364 3740 ’Δπιστοῖτο
1403 3686 1449 3740 δ’
1494 3687 1563 3742 ἂν
1592 3686 1814 3754 εἰκότως
1842 3693 1870 3744 ὁ

279 3768 529 3832 τοιοῦτος
559 3769 735 3838 λόγος.
768 3772 1101 3843 Πεφύκαμεν
1127 3772 1233 3844 7&9
1258 3774 1450 3847 ὥσπερ
1480 3778 1591 3830 τισὶ
1622 3781 1867 3847 φυσικοῖς

278 3874 341 3910 τε
379 3858 477 3912 καὶ
503 3861 824 3929 ἀναγκαίοις
861 3862 1144 3930 φιλαυτίας
1174 3863 1354 3930 ὁλκοῖς
1387 3866 1670 3921 καλεῖσθαι
1705 3885 1873 3922 σπου-

275 3950 449 4015 δαίως
499 3953 579 4014 είς
609 3952 696 4016 τὸ,
731 3951 934 4022 φαῦλον
964 3952 1067 4023 μὲν
1101 3954 1311 4018 ἑαυτοῖς
1339 3957 1666 4028 ἐπιγράφειν
1698 3959 1866 4021 οὐδὲν,

277 4039 369 4091 ἀεὶ
399 4039 457 4092 δὲ
502 4040 858 4109 περιτιθέναι,
892 4043 986 4097 καὶ
1026 4042 1085 4096 οὐ
1128 4043 1344 4109 πάντως
1381 4044 1767 4117 ἀληθεύοντας,
1801 4047 1870 4101 τὰ

275 4128 365 4196 ἐφ’
386 4122 471 4192 οἷς
499 4127 566 4183 ἂν
593 4128 773 4200 οἴηταί
798 4149 879 4195 τις
921 4132 1148 4201 ὁρᾶσθαι
1181 4134 1406 4205 κόσμιός
1431 4153 1489 4189 τε
1524 4138 1619 4191 καὶ
1643 4137 1864 4202 ἀγαθός.

288 4218 513 4291 Ἐπειδὴ
566 4221 750 4275 τοίνυν
799 4224 829 4276 6
880 4222 1085 4294 Κύριος
1146 4226 1303 4297 ἡμῶν
1366 4227 1571 4296 Ἰησοῦς
1632 4228 1866 4301 Χριστὸς

274 4307 457 4379 ἐαυτῷ
480 4309 542 4363 τὸ
565 4309 634 4363 τά
660 4310 847 4366 δίκαια
876 4313 1079 4384 κρίνειν
1098 4313 1483 4386 ἐπεψηφίζετο,
1503 4316 1585 4398 ,μὴ
1605 4297 1864 4372 δύνασθαί
1900 4297 1941 4353 ί)

274 4413 323 4447 τι
348 4397 488 4467 δρᾷν
508 4399 599 4468 ἀφ’
621 4399 816 4454 ἑαυτοῦ
839 4400 1136 4475 διαρρήδην
1155 4404 1346 4469 εἰπὼν,
1369 4407 1571 4462 κανόνα
1593 4408 1649 4462 δὲ
1675 4407 1822 4463 ὥσπε
1830 4428 1862 4481 ρ

274 4486 361 4555 ἐφ’
410 4488 586 4542 ἅπασι
633 4493 748 4554 τοῖς
802 4491 1096 4563 πρακτέοις
1143 4496 1412 4550 ποιεῖσθαι
1459 4497 1558 4569 τὴν
1603 4497 1695 4552 τοῦ
1726 4499 1860 4553 Θεοῦ

275 4577 561 4650 βούλησιν,
592 4581 687 4634 καὶ
726 4581 885 4637 τοῦτο
913 4584 1106 4653 λέγων,
1139 4587 1300 4651 αὐτὸς
1329 4589 1415 4658 ἐφ’
1446 4588 1624 4661 ἐαυτῷ
1653 4591 1862 4662 μάρτυς
1902 4636 1906 4641 ,

275 4670 620 4742 εἰσϐέϐηκεν,
662 4674 712 4727 εί
745 4675 840 4729 κα)⁵
880 4670 949 4747 ἦν
977 4676 1202 4748 ἀληθὴς,
1250 4679 1563 4748 ἀναγκαίως
1609 4681 1703 4735 καὶ
1763 4684 1861 4753 τῆς

272 4760 431 4831 παρά
471 4762 582 4815 τῶν
612 4764 918 4837 Φαρισαίων
958 4767 1329 4838 εὐρεσιλογίας
1369 4770 1681 4841 φροντίσας,
1721 4773 1858 4844 ὅπερ

270 4850 500 4921 ἔμελλον
526 4856 671 4926 ἐρεῖν
695 4857 1090 4928 ἀμαθαίνοντες
1116 4860 1198 4930 (οὑ
1221 4861 1328 4931 γὰρ
1352 4862 1546 4932 ᾔδεσαν
1576 4882 1693 4929 πως
1716 4864 1858 4919 κατά

268 4943 435 5012 φύσιν
455 4945 584 5000 ὄντα
608 4947 786 5014 Θεὸν),
802 4952 880 5015 είς
903 4952 1066 5022 μέσον
1086 4953 1206 5021 ἄγει
1228 4953 1531 5025 προλαϐὼν,
1557 4954 1651 5009 καί
1671 4973 1855 5027 φησιν’

282 5033 490 5102 Ἐρεῖτε
543 5034 607 5105 δὴ
658 5037 897 5102 πάντως,
934 5043 1056 5103 ταῖς
1118 5041 1226 5093 τῶν
1276 5041 1488 5094 πολλῶν
1550 5046 1858 5114 συνηθείαις

259 5124 553 5194 ἑπόμενοι,
580 5127 671 5180 καλ⁵
701 5128 799 5199 τὴν
835 5130 1109 5194 Ἰουδαίοις
1138 5131 1451 5202 πρέπουσαν
1478 5132 1729 5189 ὑπόνοιαν
1753 5137 1853 5189 οὐκ

253 5212 616 5281 ἐκϐαίνοντες
645 5236 658 5248 -
703 5238 722 5271 ι
750 5221 824 5273 Σὺ
857 5223 986 5294 περὶ
1018 5222 1243 5277 σεαυτοῦ
1274 5225 1572 5296 μαρτυρεῖς
1595 5241 1608 5254 ·
1645 5227 1678 5296 ἡ
1711 5244 1853 5299 μαρ-

248 5305 424 5374 τυρία
449 5323 544 5360 σου
564 5308 663 5362 οὐκ
688 5310 836 5366 ἐστιν
858 5313 1066 5384 ἀληθής
1092 5331 1106 5346 ⁸
1137 5333 1156 5367 ι
1194 5314 1330 5369 ἀλλά
1354 5315 1488 5387 πρὸς
1510 5314 1668 5370 τοῦτο
1692 5318 1853 5372 πάλιν

248 5395 687 5465 ἀντακούσεσθε,
717 5402 902 5472 φησίν·
951 5403 1256 5474 Ἀνέχομαι,
1305 5406 1461 5475 φησὶ,
1506 5405 1849 5478 δυσφημούν-

253 5501 367 5541 των
390 5486 499 5553 ἔτι,
532 5491 844 5560 χαλεπαίνω
872 5495 929 5548 δὲ
960 5495 1081 5551 λίαν
1108 5497 1382 5570 οὐδαμῶς,
1416 5498 1484 5552 τά
1517 5498 1576 5564 ἐξ
1606 5500 1848 5570 ἀμαθίας

1985 3064 2303 3120 proponens
2346 3068 2361 3106 :
2398 3070 2417 3103 ι
2464 3049 2678 3119 Justus,
2708 3053 2904 3122 inquit,
2931 3057 3024 3111 sui
3066 3058 3239 3128 ipsius
3273 3077 3567 3121 accusator

1981 3150 2066 3197 est
2092 3142 2148 3196 in
2178 3142 2450 3212 principio
2482 3145 2754 3200 sermonis
2771 3142 2875 3202 '°.o
2905 3147 3035 3202 Item
3073 3167 3088 3204 :
3123 3168 3141 3202 ι
3170 3150 3376 3208 Laudet
3401 3163 3454 3211 te
3485 3159 3566 3212 vi-

1980 3232 2162 3297 cinus,
2214 3240 2270 3288 et
2324 3246 2433 3286 non
2484 3247 2549 3289 os
2602 3240 2756 3288 tuum
2792 3252 2805 3289 :
2836 3235 3071 3305 alienus,
3132 3250 3187 3295 et
3238 3257 3348 3297 non
3417 3245 3559 3300 labia

1977 3327 2071 3376 tua
2089 3322 2161 3376 εί.
2200 3340 2220 3373 ι
2254 3319 2454 3379 Gravis
2483 3321 2630 3379 enim
2660 3326 2911 3394 profecto
2940 3329 3309 3397 auditoribus,
3343 3349 3408 3390 ac
3434 3350 3559 3406 per-

1978 3413 2209 3469 molesta
2245 3428 2336 3469 res
2362 3421 2467 3477 est,
2493 3427 2618 3469 cum
2648 3429 2707 3471 se
2736 3417 2957 3486 quidam
2994 3420 3230 3478 aliorum
3258 3440 3393 3481 voce
3442 3427 3559 3481 lau-

1977 3502 2093 3557 dari
2142 3504 2359 3570 nolunt,
2390 3504 2487 3561 sed
2538 3505 2740 3560 eximia
2785 3521 3020 3579 quaeque
3060 3511 3407 3582 impudenter
3453 3516 3558 3572 sibi

1977 3601 2257 3662 arrogant.
2300 3592 2405 3649 Sed
2443 3594 2627 3651 minus
2658 3610 2784 3650 vera
2811 3598 2985 3654 videri
3010 3610 3203 3670 ,potest
3237 3603 3552 3660 istiusmodi

1973 3683 2174 3738 oratio.
2222 3682 2476 3740 Solemus
2520 3685 2668 3741 enim
2724 3688 3071 3744 naturalibus
3124 3706 3189 3744 ac
3225 3695 3556 3749 necessariis

1972 3775 2141 3830 veluti
2170 3774 2500 3845 quibusdam
2532 3776 2740 3845 proprii
2796 3780 3002 3834 amoris
3034 3781 3261 3836 funibus
3293 3783 3458 3844 trahi,
3494 3794 3554 3838 ut

1971 3863 2109 3917 nihil
2142 3864 2294 3933 pravi
2328 3864 2488 3918 nobis
2539 3865 2820 3920 ascribere
2848 3867 3105 3930 velimus,
3131 3870 3227 3923 sed
3258 3885 3321 3923 ea
3369 3873 3552 3940 potius

1970 3956 2222 4023 quamvis
2242 3954 2381 4010 falso
2400 3968 2720 4026 arrogemus
2742 3957 2945 4026 quibus
2963 3959 3120 4029 probi
3141 3960 3553 4032 honestiquevi-

1969 4045 2221 4101 deamur.
2246 4045 2517 4113 Quoniam
2539 4061 2671 4117 ergo
2689 4046 2958 4105 Dominus
2985 4057 3174 4106 noster
3191 4051 3354 4107 Jesus
3399 4054 3553 4110 Chri-

1970 4144 2089 4192 stus
2123 4136 2334 4207 justum
2354 4136 2752 4206 judiciumsibi
2783 4139 3199 4211 tribuit,aperte
3219 4142 3407 4199 dicens
3437 4160 3546 4201 non

1970 4242 2131 4298 posse
2181 4243 2212 4283 a
2263 4228 2447 4299 seipso
2498 4228 2679 4285 facere
2709 4232 3031 4301 quidquam,
3063 4235 3156 4290 sed
3199 4236 3255 4290 in
3290 4238 3549 4295 omnibus

1969 4320 2132 4377 rebus
2174 4320 2403 4391 agendis
2446 4321 2538 4377 Dei
2589 4324 2929 4381 voluntatem
2984 4333 3243 4398 tanquam
3299 4332 3544 4402 regulam

1969 4410 2071 4465 sibi
2113 4425 2455 4481 proponere;
2483 4421 2536 4469 et
2576 4428 2698 4470 cum
2730 4415 2833 4471 hoc
2863 4415 3087 4484 diceret,
3120 4419 3238 4490 ipse
3263 4421 3330 4477 de
3363 4424 3545 4492 seipso

1969 4502 2345 4556 testimonium
2388 4503 2533 4569 iniit,
2562 4506 2781 4561 tametsi
2825 4522 2991 4563 verax
3022 4517 3161 4577 erat,
3198 4513 3544 4585 prospiciens

1967 4601 2148 4647 tamen
2197 4592 2329 4663 quid
2386 4596 2539 4651 stulti
2591 4595 2855 4653 Pharisaei
2906 4602 3165 4671 nugaturi
3204 4613 3413 4670 essent,
3444 4621 3545 4661 nec

1967 4683 2112 4738 enim
2147 4694 2414 4740 noverant
2442 4685 2622 4757 ipsum
2654 4703 2775 4743 esse
2809 4697 3008 4745 natura
3036 4691 3227 4759 Deum,
3249 4697 3544 4752 antevertit

1965 4789 2061 4831 cos
2092 4783 2146 4831 et
2178 4776 2255 4831 ait
2289 4794 2300 4830 :
2342 4776 2540 4833 Dicetis
2580 4780 2770 4850 utique
2800 4780 2961 4852 2&3
2992 4783 3137 4853 vulgi
3187 4788 3544 4841 consuetudi-

1965 4882 2089 4921 nem
2114 4869 2309 4926 secuti.
2328 4885 2429 4925 nec
2453 4870 2596 4925 ultra
2622 4869 2932 4927 Judaaoruru
2954 4875 3298 4943 suspiciones
3321 4878 3491 4931 evecti
3523 4896 3536 4929 :

1971 4975 1989 5008 ι
2029 4956 2109 5012 Tu
2153 4959 2221 5014 de
2264 4959 2443 5030 teipso
2495 4963 2762 5018 testaris:
2797 4964 3178 5018 testimonium
3228 4973 3384 5018 tuum
3428 4981 3539 5021 non

1964 5056 2299 5115 cvaerum;
2340 5068 2358 5100 ι
2392 5049 2488 5105 sed
2520 5052 2761 5108 vicissim
2806 5054 3063 5115 audietis.
3094 5055 3307 5123 inquit:
3349 5054 3537 5110 Vestra

1964 5139 2255 5192 maledicta
2300 5138 2502 5206 patior,
2549 5142 2745 5210 inquit,
2793 5158 2894 5199 nec
2931 5159 3236 5201 succenseo
3269 5146 3428 5202 vobis
3465 5147 3537 5202 ob

1960 5241 2023 5280 ea
2052 5227 2215 5280 verba
2250 5242 2371 5296 quae
2400 5242 2511 5298 pra:
2557 5228 2815 5285 familiari
2845 5241 3026 5286 vestra
3069 5234 3336 5289 eructatis
3368 5236 3534 5291 insci-

1960 5316 2056 5369 tia.
2092 5316 2353 5385 Suppono
2396 5327 2548 5376 recte
2592 5320 2695 5375 hoc
2753 5339 2782 5376 a
2835 5324 2990 5379 vobis
3018 5324 3149 5380 dici.
3180 5324 3345 5391 Esto;
3372 5343 3527 5399 repu-

1958 5406 2106 5463 diate
2158 5423 2341 5463 meum
2400 5412 2781 5470 testimonium
2821 5416 3004 5473 :alius
3051 5426 3137 5472 est
3188 5419 3283 5489 qui
3328 5421 3397 5477 de
3446 5438 3532 5477 me

1954 5492 2213 5555 testatur.
2251 5499 2537 5572 Signiﬁcat
2569 5513 2751 5558 autem
2782 5505 2868 5561 his
2910 5507 3094 5563 verbis
3124 5506 3293 5565 Deum
3340 5524 3404 5567 ac
3432 5510 3524 5566 Pa-

329 5673 375 5709 "
416 5674 577 5733 Deut.
618 5694 732 5747 xvr,
769 5679 855 5737 19.
929 5681 977 5715 ⁷³
1018 5645 1175 5738 Deut.
1211 5700 1250 5747 ι.
1284 5685 1383 5743 16ε
1416 5685 1574 5742 Joan.
1599 5701 1697 5753 vn,
1733 5686 1824 5741 24.

1988 5686 2144 5743 Prov.
2184 5703 2336 5756 xvm,
2389 5690 2473 5747 ii.
2554 5692 2594 5724 "
2634 5690 2796 5749 Prov.
2828 5710 2975 5752 xxvu
3000 5738 3013 5762 ,
3045 5695 3099 5749 2.

547 5770 824 5831 Ριτιιοι..
876 5772 967 5831 Gn
985 5817 1000 5833 .
1048 5773 1297 5834 LXXIII

3128 5787 3198 5845 i3
