4032 6200
530 325 634 380 595

1482 316 1536 370 S.
1581 313 1857 370 CYRILLI
1893 313 2358 369 ALEXANDRINI
2397 314 2715 372 ARCHIEP.
3678 325 3766 382 396

530 451 668 494 trem
697 438 996 500 etelestcm,
1025 434 1116 504 qui
1153 431 1338 486 multis
1367 428 1477 498 jam
1509 429 1687 485 modis
1718 427 1910 484 Filium
1942 442 2091 484 suum

2206 429 2304 499 τῆς
2324 431 2478 500 ὑμῶν
2501 429 2597 502 [ιιι.
2621 431 2773 504 ὑμῖν]
2801 433 3122 503 φιλαιτάτης
3142 431 3514 504 ἐρευγομένων
3537 436 3765 507 “tu”;

530 533 632 589 sibi
655 524 1178 586 consubstantialem
1202 535 1325 576 esse
1347 519 1673 576 testificatus
1697 527 1802 587 est,
1821 518 1981 588 cujus
2031 527 2101 572 te-

532 623 850 678 stimonium
877 630 1062 672 verum
1082 629 1203 670 esse
1226 613 1366 667 scire
1396 626 1454 667 se
1480 626 1642 681 porro
1667 613 1886 674 asserit,
1913 618 2102 665 osten-

529 715 665 768 dens
688 712 876 780 utique
903 722 1060 763 suum
1107 706 1268 759 etiam
1313 703 1584 758 calculum
1613 703 1983 757 certissimum
2034 716 2099 756 ac

529 802 874 857 verissimum
916 813 1059 852 esse.
1094 795 1170 850 Ne
1197 809 1394 850 rursus
1439 794 1586 848 enim
1634 807 1824 848 ansam
1861 794 2099 862 aliquam

530 891 800 947 lizereticis
819 889 959 944 male
975 885 1250 958 cogitandi
1269 885 1555 956 praeberet,
1571 893 1664 939 aut
1689 899 1876 939 eorum
1900 887 2104 938 calum-

528 986 629 1039 niae
665 988 899 1054 pateret,
933 980 1089 1050 quasi
1123 978 1260 1034 falsa
1297 977 1362 1032 de
1388 976 1570 1046 seipso
1608 976 1790 1030 dicere
1817 991 1876 1032 se
1903 975 2101 1031 fatere-

529 1085 640 1140 tur,
672 1080 1027 1143 posteaquam
1054 1068 1258 1123 decoro
1293 1078 1345 1122 et
1377 1066 1763 1121 consuetudini
1789 1080 1848 1122 se
1882 1079 2102 1120 accom-

529 1165 762 1220 modans
793 1160 1028 1216 asseruit
1075 1158 1232 1214 fidem
1265 1168 1320 1212 ut
1365 1155 1562 1212 idoneo
1609 1156 1738 1212 testi
1791 1155 2100 1211 habendam

529 1272 637 1310 non
661 1268 784 1310 esse
806 1253 854 1307 ei
875 1251 967 1321 qui
991 1251 1229 1321 seipsum
1251 1249 1436 1304 laudat
1459 1256 1514 1302 et
1537 1247 1905 1313 commendat,
1921 1247 2101 1304 denuo

528 1347 692 1413 redit,
727 1354 785 1400 ut
813 1345 974 1409 Deus,
1004 1343 1069 1397 ad
1097 1343 1418 1412 dignitatem
1448 1341 1553 1396 sibi
1580 1341 1844 1404 debitam,
1873 1349 1926 1395 et
1957 1341 2101 1397 scire

527 1456 588 1495 se
653 1439 728 1492 ait
784 1435 1159 1492 testimonium
1209 1431 1392 1487 Patris
1443 1447 1635 1486 verum
1693 1447 1838 1497 esse,
1871 1431 2102 1501 perinde

527 1550 589 1589 ac
638 1533 682 1589 si
728 1533 981 1586 diceret:
1015 1529 1130 1599 Ego
1183 1525 1326 1582 Deus
1377 1540 1545 1579 verus
1590 1540 1713 1578 cum
1757 1524 1894 1588 sim,
1951 1524 2097 1588 novi,

527 1626 726 1696 inquit,
761 1625 1052 1692 meipsum,
1089 1618 1250 1673 Pater
1288 1631 1469 1671 autem
1497 1616 1634 1670 nihil
1669 1616 1734 1669 ad
1771 1616 2001 1684 gratiam
2033 1614 2100 1668 de

2202 524 2407 594 Δίδωμι
2433 523 2553 577 καθ’
2582 523 2840 578 ὑπόθεσιν
2869 524 3052 588 καλῶς
3080 526 3212 596 παρ’
3242 525 3397 596 ὑμῶν
3422 528 3668 598 είρῆσθατ
3686 533 3766 584 καὶ

2201 615 2378 670 τοῦτο.
2416 617 2614 681 Ἔστω,
2655 616 2751 688 τὴν
2793 618 2932 688 ἐμὴν
2968 617 3378 690 παρακρούεσθε
3398 620 3602 691 φωνὴν,
3627 621 3768 687 ἄλλος

2203 708 2348 760 ἐστὶν
2377 709 2404 761 6
2434 709 2726 778 μαρτυρῶν
2755 709 2881 779 περὶ¹
2912 708 3065 779 ἐμοῦ.
3104 710 3365 779 Σημαίνει
3393 711 3448 764 δὲ
3479 712 3566 766 διὰ
3593 713 3768 767 τούτου

2202 795 2292 849 τὸν
2322 797 2378 849 ὲν
2411 799 2523 859 τοῖς
2565 797 2813 865 οὐρανοῖς
2856 797 2986 850 ὄντα
3035 797 3169 850 Θεὸν
3215 799 3309 864 καὶ
3354 799 3595 871 Πατέρα,
3641 803 3770 855 κατὰ

2203 883 2431 945 πολλοὺς
2467 884 2568 953 ἤδη
2619 885 2855 954 τρόπους
2899 885 2961 938 τὸ
3004 887 3228 957 γνήσιον
3279 887 3378 958 τῆς
3426 889 3615 953 οὐσίας
3659 892 3770 944 ἐπι⁹

2209 979 2631 1048 μαρτυρήσαντα
2680 977 2757 1047 τῷ
2800 977 2912 1048 ίδίῳ
2959 981 3293 1050 γεννήματι,
3332 973 3394 1033 οὗ
3443 982 3538 1035 καὶ
3585 984 3772 1038 εἰδέναι

2203 1066 2301 1138 τὴν
2337 1069 2640 1138 μαρτυρίαν
2669 1070 2851 1138 φησὶν,
2895 1069 2972 1133 ὡς
3010 1070 3157 1124 ἔστιν
3200 1071 3428 1144 ἀληθὴς,
3475 1075 3772 1139 ἀξιοπιστο-

2202 1158 2370 1228 τάτην
2424 1158 2592 1222 ὅντως
2651 1162 2746 1214 καὶ
2796 1161 2995 1232 ἀληθῆ,
3047 1163 3142 1217 καὶ
3203 1164 3304 1234 τὴν
3354 1166 3548 1220 ἑαυτοῦ
3603 1168 3772 1240 ψῆφον

2203 1249 2528 1313 ἐπιδεικνύς.
2581 1251 2699 1304 Ἵνα
2743 1253 2852 1322 γὰρ
2894 1253 2968 1325 μὴ
3013 1255 3440 1326 καταδεξάμενος
3483 1258 3672 1331 ὥσπερ
3717 1262 3776 1315 τὸ

2201 1338 2372 1410 ψευδῆ
2403 1339 2582 1409 λέγειν
2610 1343 2803 1395 ἑαυτὸν
2830 1345 2968 1414 ὑπὲρ
2997 1345 3212 1409 ἑαυτοῦ,
3245 1346 3428 1418 χώραν
3465 1352 3589 1403 τινὰ
3621 1353 3771 1406 πάλιν

2202 1431 2513 1496 κακονοίας,
2542 1434 2638 1486 καὶ
2665 1435 3018 1504 παρείσδυσιν
3041 1440 3154 1500 τοῖς
3185 1439 3511 1510 ἑτεροδοξεῖν
3534 1444 3767 1512 είθισμέο

2200 1539 2312 1587 νοις
2345 1527 2616 1597 παράσχοι
2649 1527 2772 1580 καθ’
2822 1528 3036 1590 ἑαυτοῦ,
3081 1531 3392 1598 ἀναγκαίως
3444 1535 3658 1599 ἐπιδοὺς
3698 1535 3769 1607 τῷ

2202 1613 2466 1685 πρέποντι
2497 1616 2592 1669 καὶ
2625 1616 2691 1686 τῇ
2723 1615 2979 1687 συνηθείᾳ
3011 1617 3069 1670 τὺ
3097 1618 3170 1688 μὴ
3217 1618 3416 1688 χρῆναι
3456 1621 3671 1684 πάντως
3700 1624 3768 1683 ὡς

527 1729 615 1770 me
662 1713 830 1768 dicet.
889 1709 1000 1780 Ego
1039 1709 1184 1763 enim
1239 1707 1285 1762 is
1336 1721 1456 1760 sum
1506 1714 1725 1768 natura,
1768 1718 1930 1773 quem
1983 1703 2091 1773 ipse

2201 1706 2375 1776 ἀληθῆ
2412 1705 2763 1759 πιστεύεσθαι
2798 1707 2890 1759 τὸν
2926 1707 3114 1761 ἑαυτὸν
3147 1709 3466 1763 ἐπαινοῦντα
3508 1714 3601 1764 καὶ
3639 1713 3766 1765 ἀπο-

524 1823 693 1863 verax
745 1818 962 1875 quoque
1007 1799 1400 1870 comprobarit.
1429 1798 1775 1866 QuaprOpter
1820 1796 1931 1850 illic
1959 1811 2091 1850 con-

2203 1765 2510 1866 δεχόμενον,
2533 1794 2822 1866 ἀνατρέχει
2850 1795 3030 1859 πάλιν,
3062 1797 3137 1860 ὡς
3167 1797 3318 1862 Θεὸς,
3352 1799 3443 1852 ἐπὶ
3475 1799 3571 1870 τὴν
3602 1802 3767 1873 ἑαυτῷ

522 1899 709 1956 sensio
733 1895 979 1966 qumdam
1009 1901 1126 1948 erat
1150 1892 1305 1963 quasi
1338 1906 1434 1962 per
1467 1889 2016 1956 condescensionem,
2045 1897 2091 1944 et

2206 1888 2653 1959 χρεωστουμένην
2683 1888 2859 1954 ἀξίαν,
2893 1889 2987 1941 καὶ
3015 1889 3212 1942 εἰδέναι
3244 1891 3375 1960 φησὶ
3405 1891 3502 1963 τὴν
3527 1892 3622 1945 τοῦ
3665 1895 3768 1948 Πα-

523 2005 590 2043 ex
651 1987 1003 2060 bypothetica
1051 1983 1224 2054 magis
1276 1997 1441 2051 quam
1497 1995 1628 2035 vera
1672 1979 1978 2035 oratio:in
2029 1992 2091 2033 eo

2206 1979 2334 2050 τρδς
2370 1980 2694 2051 μαρτυρίαν,
2719 1979 2796 2045 ὡς
2843 1980 2990 2034 ἐστιν
3027 1980 3254 2054 ἀληθὴς,
3294 1986 3573 2054 μονονουχὶ
3622 1986 3769 2039 τοῦτο

522 2096 655 2138 vero
684 2079 832 2151 quod
860 2079 934 2132 ait
959 2077 1104 2134 scire
1138 2090 1197 2131 se
1225 2072 1600 2128 testimonium
1645 2071 1824 2126 Patris
1857 2084 1981 2126 esse
2005 2084 2091 2125 ve-

2205 2070 2489 2136 διδάσκων,
2540 2073 2619 2125 ὅτι
2653 2072 2786 2135 Θεὸς
2811 2070 2886 2127 ὣν
2923 2073 3193 2143 ἀληθινὸς,
3225 2069 3359 2137 οἶδα,
3397 2077 3582 2145 φησὶν,
3603 2077 3770 2147 ἐμαυ-

524 2193 667 2242 rnm,
699 2172 1048 2231 auctoritatis
1076 2184 1139 2224 ac
1185 2165 1308 2222 fidei
1342 2166 1455 2220 Deo
1501 2162 1882 2218 convenientis
1913 2161 2091 2216 decla-

2202 2165 2315 2229 τὺν,
2343 2166 2739 2236 κεχαρισμένον
2769 2165 2825 2219 δὲ
2852 2165 3005 2219 οὐδὲν
3037 2169 3064 2219 6
3094 2166 3285 2237 Πατὴρ
3316 2169 3430 2238 ὲρεῖ
3457 2169 3583 2238 περὶ
3606 2171 3742 2238 ἐμοῦ

520 2270 684 2326 ratio.
742 2262 1156 2320 Observandum
1220 2265 1305 2314 est
1363 2263 1545 2310 autem
1609 2269 1808 2309 rursus
1877 2252 2091 2308 Patrem

2205 2255 2314 2328 ἔχω
2345 2258 2454 2328 γὰρ
2486 2256 2627 2310 οὕτω
2659 2257 2802 2310 κατά
2831 2257 3012 2326 φύσιν,
3049 2257 3237 2329 ὥσπερ
3265 2257 3330 2311 ἂν
3357 2254 3448 2312 οὐν
3481 2259 3576 2312 καὶ
3617 2261 3771 2326 αὐτὸς

520 2358 703 2430 quoad
743 2355 1021 2428 propriam
1078 2347 1414 2422 hypostasim
1462 2346 1628 2399 alium
1680 2360 1805 2400 esse
1853 2359 1883 2398 a
1929 2343 2094 2410 Filio,

520 2467 629 2504 non
658 2456 862 2512 autem,
885 2454 942 2501 ut
968 2441 1250 2499 nonnullis
1276 2439 1544 2509 imperitis
1570 2437 1842 2494 haereticis
1866 2438 2092 2509 placuit,

516 2540 872 2610 Filiopatrem
904 2552 1026 2592 esse
1059 2531 1434 2590 statuendum.

2204 2349 2409 2422 ἀληθὴς
2433 2349 2506 2402 ὢν
2529 2349 2938 2418 ὲπιψηφίσαιτο.
2973 2349 3182 2403 Οὐκοῦν
3210 2351 3268 2402 ὲν
3297 2351 3488 2420 ἐκείνῳ
3521 2351 3620 2420 μὲν
3649 2367 3772 2419 συγ·
3879 2363 3882 2365 ‘

2199 2442 2538 2512 καταϐατική
2573 2459 2653 2505 τις
2683 2440 2870 2513 ὥσπερ
2904 2440 3208 2505 συναίνεσις
3234 2436 3321 2512 ἦν,
3345 2442 3436 2495 καὶ
3459 2441 3772 2505 amemur,

2201 2531 2399 2603 μᾶλλον
2444 2531 2588 2602 ἢπερ
2614 2532 2817 2602 ἀληθὴς
2841 2534 2869 2585 6
2894 2532 3049 2600 λόγος
3066 2548 3078 2560 ο
3113 2531 3171 2584 ὲν
3195 2531 3252 2584 δὲ
3278 2531 3355 2602 τῷ
3377 2532 3575 2586 ειδέναι
3597 2531 3780 2601 λέγειν

514 2635 613 2708 τὴν
643 2635 738 2690 τοῦ
771 2631 983 2703 Πατρδς
1016 2628 1314 2702 μαρτυρίαν
1346 2626 1541 2698 ἀληθῆ,
1569 2625 1669 2697 τῆς
1699 2625 1818 2696 Θεῷ
1851 2626 2167 2699 πρεπούσης
2227 2625 2565 2691 ἀξιοπιστίας
2626 2626 2904 2690 ἐπίδειξις.
2937 2625 3279 2696 Σημειωτέον
3323 2625 3380 2678 δὲ
3445 2626 3629 2689 πάλιν,
3693 2626 3773 2681 δτι

516 2731 637 2785 κατ’
681 2727 816 2782 ἰδίαν
850 2725 1142 2779 ὑπόστασιν
1172 2724 1328 2785 ἄλλος
1359 2722 1504 2774 ἐστὶν
1534 2721 1562 2773 6
1593 2721 1780 2793 Πατὴρ
1821 2720 1972 2792 παρά
1996 2722 2086 2776 τὸν
2125 2722 2273 2788 Υἱδν,
2297 2721 2392 2775 καὶ
2421 2722 2518 2793 οὐχ
2541 2722 2730 2792 ὥσπερ
2753 2721 2898 2786 ἔδοξέ
2929 2739 3037 2775 τισι
3059 2721 3167 2775 τῶν
3225 2720 3566 2777 ἀπαιδεύτων
3624 2723 3772 2794 αίρε-

521 2821 704 2896 τι-κῶν,
738 2820 1030 2890 Υίοπάτωρ
1061 2817 1398 2888 εἰσφέρεται.

588 2913 658 2978 γ.
687 2914 776 2967 33.
809 2911 906 2966 Vos
946 2911 1164 2965 misistis
1203 2909 1270 2963 ad
1307 2907 1588 2973 Joannem,
1642 2917 1690 2962 et
1724 2908 2081 2963 testimonium

513 3003 778 3076 perhibuit
809 3002 1038 3056 veritati.

587 3090 1060 3160 Quemadmodum
1086 3101 1242 3146 antea
1276 3098 1434 3157 turpe
1461 3099 1515 3146 et
1546 3091 1934 3147 stultissimum
1964 3106 2086 3161 esse
2115 3127 2156 3182 ο

2277 2905 2460 2978 Ὑμεῖς
2508 2903 2926 2960 ἀπεστάλκατε
2968 2903 3118 2972 πρὸς
3161 2904 3448 2974 Ἰωάννην
3449 2944 3475 2970 δ
3527 2904 3625 2959 καὶ
3673 2921 3767 2973 με.

2190 3002 2532 3073 μαρτύρηκε
2565 2995 2640 3065 τῇ
2669 2996 2940 3064 ἀληθείᾳ.

2269 3093 2478 3162 Ὠσπερ
2505 3089 2706 3160 ἀρτίως
2739 3087 2963 3158 αἰσχρὸν
3008 3082 3146 3140 εἶναι
3178 3086 3642 3159 διεϐεϐαιούμεθα,
3675 3092 3771 3144 καὶ

513 3185 853 3246 dicebamus,
915 3197 1140 3238 suarum
1200 3181 1436 3250 aliquem
1494 3180 1714 3235 laudum
1782 3197 2086 3253 praeconem

2191 3186 2287 3255 τῆς
2313 3182 2548 3251 ἐσχάτης
2580 3177 2832 3250 εὐηθείας
2862 3178 2962 3231 οὐκ
3008 3179 3256 3248 ἀμοιρεῖν
3301 3178 3361 3231 τὸ
3403 3179 3512 3232 τῶν
3551 3180 3772 3235 οἰκείων

513 3277 708 3342 videri,
741 3277 867 3331 licet
898 3275 968 3330 ob
1002 3275 1229 3329 multam
1258 3274 1516 3329 virtutem
1557 3275 1778 3330 mentiri
1819 3275 1981 3343 nolit,
2009 3275 2089 3332 sic

512 3379 569 3425 et
618 3383 729 3423 non
785 3375 1040 3422 vocatum
1104 3365 1173 3422 ad
1233 3365 1640 3421 testificandum
1693 3366 1978 3433 accedere,
2035 3375 2089 3423 et

513 3459 901 3531 quaesitoribus
934 3459 1079 3513 ultro
1128 3473 1187 3514 se
1239 3457 1459 3524 oﬂerre,
1513 3473 1621 3512 non
1673 3457 1960 3515 dissimilis
2006 3469 2090 3515 est

513 3552 758 3607 insania.
780 3549 1008 3604 Videtur
1038 3548 1186 3603 enim
1210 3563 1311 3603 nec
1341 3549 1438 3604 abs
1464 3565 1543 3613 re,
1578 3549 1890 3618 istiusmodi
1921 3533 2089 3606 homo

511 3643 654 3697 haud
707 3640 939 3696 multum
991 3653 1188 3695 curare
1231 3639 1536 3705 veritatem,
1593 3639 1688 3695 sed
1733 3638 1879 3710 quod
1930 3647 2083 3696 tanto

507 3734 696 3790 studio
725 3731 891 3806 2“
919 3748 977 3788 se
1021 3731 1087 3786 ad
1128 3729 1532 3786 testiﬁcandum
1595 3731 1820 3800 ingerit,
1857 3747 1965 3785 non
2005 3732 2082 3787 rei

506 3835 784 3893 naturam,
821 3825 918 3881 sed
954 3824 1120 3879 animi
1151 3824 1235 3879 sui
1268 3818 1600 3880 sententiam
1635 3821 1872 3891 aperire.
1901 3822 2086 3875 Artiﬁ-

505 3919 813 3991 ciosissime
847 3917 1030 3986 itaque
1078 3914 1345 3971 Dominus
1380 3922 1567 3970 noster
1610 3911 1771 3968 Jesus
1799 3913 2079 3981 Christus,

505 4007 618 4062 imo
668 4023 800 4063 vero
858 4013 918 4061 ut
970 4005 1136 4070 Deus,
1199 4005 1600 4061 Pharisaeorum
1635 4005 2082 4060 criminationem

503 4107 862 4168 praeverteris,
893 4097 1009 4153 ait:
1049 4117 1066 4149 ι
1102 4095 1213 4152 Vos
1241 4096 1472 4152 misistis
1495 4096 1560 4150 ad
1585 4093 1889 4161 Joannem;
1925 4112 1942 4144 ι
1973 4109 2080 4148 non

503 4191 647 4244 ultro
672 4204 732 4244 se
770 4190 1001 4258 ingessit
1043 4188 1111 4243 ad
1170 4189 1500 4244 sententiam
1543 4187 1612 4242 de
1673 4202 1758 4241 me
1803 4184 2079 4241 ferendam

503 4280 763 4349 Baptista.
810 4281 931 4335 Non
971 4287 1152 4351 potest
1199 4280 1252 4336 id
1296 4281 1344 4336 ei
1377 4280 1590 4350 objici;
1643 4280 1875 4336 liberum
1931 4280 2082 4335 testi-

502 4369 746 4422 monium
780 4369 922 4426 tulit.
977 4368 1085 4426 Vos
1119 4358 1365 4426 misistis.
1387 4369 1479 4440 qui
1514 4378 1793 4440 rogarent,
1827 4376 1881 4424 et
1924 4369 2079 4425 testia

2191 3272 2683 3343 πλεονεκτημάτων
2729 3269 3050 3340 θαυμαστὴν
3100 3270 3330 3341 ὁρᾶσθαί
3379 3288 3533 3334 τινα,
3581 3272 3677 3325 καὶ
3721 3275 3769 3326 εἰ

2192 3367 2508 3436 παραιτοῖτο
2551 3363 2610 3417 τὸ
2653 3361 2946 3432 ψεύδεσθαι
2979 3361 3066 3414 διὰ
3098 3358 3294 3432 πολλὴν
3329 3363 3546 3434 ἀρετήν·
3595 3365 3771 3429 οὓτως

2189 3457 2423 3529 ἀδελφὴν
2447 3457 2635 3526 ὥσπερ
2664 3455 2776 3527 ἔχει
2811 3455 2903 3508 καὶ
2929 3455 3140 3522 γείτονα
3167 3454 3264 3527 τὴν
3297 3457 3524 3509 ἀτοπίαν
3547 3457 3764 3528 ἐκείνῳ,

2187 3549 2248 3602 τὸ
2277 3549 2352 3621 μὴ
2381 3548 2748 3619 κεκλημένους
2773 3547 2865 3599 ὲπὶ
2898 3547 2998 3618 τὴν
3023 3546 3114 3599 ὲπί
3147 3563 3255 3599 τισι
3283 3548 3591 3618 μαρτυρίαν
3631 3549 3765 3603 ἱέναι

2185 3639 2356 3704 τινὰς,
2403 3638 2734 3710 αὐτομόλους
2783 3637 2839 3690 δὲ
2888 3637 2996 3700 τοῖς
3047 3636 3392 3703 δικάζουσιν,
3441 3639 3608 3710 ἤγουν
3649 3643 3767 3704 τοῖς

2187 3731 2450 3802 διερωτᾷν
2502 3728 2777 3781 ἐθέλουσιν
2823 3727 3227 3782 ἀναπείθεσθαι.
3281 3729 3438 3793 Δόξαι
3481 3730 3590 3801 γὰρ
3636 3731 3704 3783 ἂν
3734 3730 3765 3782 6

2184 3821 2446 3886 τοιοῦτος,
2475 3821 2568 3874 καὶ
2588 3821 2686 3874 οὐκ
2715 3820 2820 3874 ἀπὸ
2853 3819 3076 3883 σκοποῦ,
3107 3819 3180 3890 μὴ
3209 3819 3415 3886 πάντας
3444 3823 3764 3892 ἐπείγεσθαι

2183 3912 2363 3982 λέγειν
2411 3911 2470 3966 τὸ
2517 3910 2736 3983 ἀληθὲς,
2783 3911 2844 3964 τὸ
2886 3911 2941 3964 δὲ
2990 3911 3108 3964 λίαν
3153 3911 3450 3981 προθύμως
3504 3913 3772 3984 ἐθελῆσαι

2186 4004 2503 4075 μαρτυρεῖν,
2550 4002 2650 4073 οὐχ
2679 4002 2816 4074 ὅπερ
2861 4001 2973 4073 ἔχει
3013 4001 3108 4056 τοῦ
3153 4004 3537 4076 πράγματοςὴ
3575 4005 3764 4074 φύσις,

2183 4093 2359 4165 ἑαυτῷ
2385 4093 2442 4147 δὲ
2469 4093 2667 4164 μᾶλλον
2695 4093 2756 4146 τὸ
2786 4093 2976 4147 δοκοῦν
3023 4093 3435 4164 ἀποφαίνεσθαι.
3482 4096 3766 4168 Ἕντεχνὲ-

2183 4199 2349 4238 στατα
2392 4176 2580 4238 τοίνυν
2618 4185 2646 4237 6
2695 4186 2897 4256 Κύριος
2953 4186 3110 4256 ἡμῶν
3171 4187 3378 4256 Ἰησούς
3427 4189 3455 4241 6
3498 4189 3760 4260 Χριστὸς,

2184 4275 2381 4347 μᾶλλον
2408 4277 2464 4331 δὲ
2510 4275 2586 4340 ὡς
2635 4275 2786 4341 Θεὸς,
2821 4275 2917 4330 καὶ
2944 4277 3041 4346 τὴν
3071 4277 3162 4330 ἐπὶ
3193 4276 3406 4342 τούτοις
3449 4279 3558 4332 τῶν
3589 4281 3762 4350 Φαριο

2182 4367 2350 4420 σαίων
2384 4366 2812 4437 προανατρέπων
2853 4366 3054 4432 αίτίαν,
3087 4368 3249 4438 φησίν
3275 4384 3289 4398 ο
3350 4387 3368 4420 ι
3400 4369 3587 4440 Ὑμεῖς
3643 4371 3763 4424 ἀπ-

499 4459 744 4514 monium
780 4459 1057 4528 perhibuit
1086 4462 1318 4514 veritati.
1349 4462 1432 4515 Ab
1461 4461 1529 4515 iis
1549 4461 1695 4516 enim
1728 4469 1952 4531 rogatus
1983 4461 2076 4531 qui

2190 4457 2482 4510 εστάλκατε
2525 4458 2662 4528 πρὸς
2706 4456 2974 4528 Ἰωάννηνο
3019 4476 3037 4509 ι
3084 4458 3182 4513 οὐκ
3211 4459 3557 4527 αὐτόκλητος,
3597 4461 3763 4530 φησὶ,

498 4549 570 4602 ad
602 4550 782 4619 ipsum
814 4549 969 4603 missi
999 4549 1236 4614 fuerant,
1273 4558 1458 4604 utrum
1478 4558 1624 4604 esset
1651 4551 1766 4620 ipse
1793 4551 2073 4616 Christus,

2177 4549 2313 4620 πρὸς
2344 4551 2441 4620 τὴν
2471 4550 2557 4602 ἐπ’
2587 4550 2708 4620 ἐμοὶ
2731 4549 2910 4620 ψῆφον
2938 4550 2966 4602 6
2995 4550 3325 4622 Βαπτιστής.
3358 4551 3507 4618 Ἕξω
3532 4551 3629 4620 τῆς
3663 4540 3766 4606 ἐπὶ

495 4637 788 4694 confessus
847 4645 952 4702 est,
994 4645 1048 4692 et
1116 4654 1224 4694 non
1278 4640 1584 4710 negarit".
1627 4641 1927 4698 Confessus
1991 4649 2075 4696 est

2190 4638 2350 4711 τούτῳ
2388 4639 2624 4692 κείσεται
2671 4640 2910 4711 γραφῆς,
2965 4639 3256 4710 ἐλευθέραν
3307 4642 3600 4712 ἐποιήσατο
3653 4643 3766 4713 τὴν

495 4744 604 4785 non
627 4745 750 4786 esse
770 4730 1074 4794 Christum,
1101 4731 1196 4785 sed
1221 4731 1447 4785 missum
1474 4747 1559 4786 me
1575 4747 1698 4787 esse
1718 4740 1844 4787 ante
1871 4733 2070 4802 ipsum.

494 4823 895 4878 Testimonium
919 4837 1050 4894 ergo
1075 4821 1352 4892 perhibuit
1381 4822 1618 4889 veritati,
1641 4821 1896 4878 Christus
1923 4823 2071 4878 enim

2190 4821 2494 4893 ιαρτύρηκε
2550 4825 2617 4894 τῇ
2690 4823 2933 4895 ἀληθείᾳ.

2173 4913 2415 4981 ἐκείνων,
2464 4914 2621 4985 οῖπερ
2669 4910 2809 4986 ἦσαν
2858 4915 2992 4987 πρὸς
3031 4916 3191 4970 αὐτὸν
3226 4917 3622 4987 ἀπεσταλμένοι
3649 4957 3664 4980 ,
3713 4919 3765 4969 εί

490 4921 577 4968 est
606 4914 813 4969 veritas
836 4913 904 4967 ⁸³.

2177 4729 2502 4802 μαρτυρίαν.
2554 4731 2742 4801 Ὑμεῖς
2775 4731 3081 4802 ἐρωτῶντες
3109 4731 3487 4797 ἀπεστείλατε,
3532 4734 3626 4785 καὶ
3663 4751 3768 4802 με-

3013 4823 3394 4895 Ἐρωτώμενος
3453 4824 3562 4894 γὰρ
3621 4826 3768 4896 παρ’

489 5007 653 5070 αὐτός
674 5008 821 5060 ἐστιν
846 5009 874 5061 6
897 5005 1151 5074 Χριστὸς,
1171 5004 1508 5075 ὡμολόγησε,
1532 5005 1626 5058 καὶ
1646 5005 1745 5059 οὐκ
1765 5005 2059 5076 ἠρνήσατο.
2112 5004 2495 5078 Ὠμολόγησεν,
2542 5008 2623 5060 ὅτι
2664 5006 2805 5076 Ἐγὼ
2833 5007 2933 5061 οὐκ
2962 5010 3078 5079 εἰμι
3137 5009 3166 5062 6
3210 5009 3464 5080 Χριστὸς,
3510 5009 3629 5063 ἀλλ’
3676 5013 3763 5066 ὅτι

501 5099 940 5171 ’Δπεσταλμὲνος
967 5098 1086 5170 εἰμὶ
1116 5098 1423 5170 ἔμπροσθεν
1448 5099 1678 5156 ἐκείνου.
1709 5099 2149 5172 Μεμαρτύρηκεν
2177 5097 2268 5156 οὖν
2295 5105 2360 5172 τῇ
2405 5102 2653 5174 ἀληθείᾳσ
2687 5103 2913 5173 ἀλήθεια
2941 5104 3045 5175 γάρ
3077 5107 3105 5157 ὀ
3136 5106 3394 5176 Χριστός.

560 5193 627 5261 ν,
667 5197 756 5252 54.
792 5193 900 5265 Ego
945 5205 1120 5249 autem
1181 5211 1282 5249 non
1340 5195 1404 5250 ab
1443 5196 1651 5250 homine
1703 5197 2059 5252 testimonium

487 5286 687 5351 atcipio
711 5303 729 5338 :
753 5285 843 5339 sed
869 5287 980 5339 hazc
1007 5286 1124 5341 dico
1153 5296 1210 5340 ιιι
1241 5303 1329 5341 vos
1357 5287 1494 5343 salvi
1523 5288 1662 5343 sitis.

556 5374 674 5431 Non
700 5377 881 5446 rejicit
900 5376 1132 5434 Joannis
1155 5379 1531 5436 testimonium
1555 5387 1815 5451 tanquam
1843 5379 2056 5444 inutile,

2249 5197 2396 5268 Ἐγὼ
2417 5198 2484 5251 δὲ
2537 5200 2611 5253 οὐ
2665 5198 2824 5267 παρὰ
2874 5199 3190 5269 ἀνθρώπου
3253 5201 3368 5269 τὴν
3414 5206 3756 5272 μαρτιφίαν

2163 5289 2465 5359 λαμϐάνω,
2505 5290 2662 5344 ἀλλὰ
2700 5289 2886 5346 ταῦτα
2923 5292 3100 5362 λέγω,
3152 5294 3252 5346 ἵνα
3283 5293 3452 5363 ὑμεῖς
3490 5295 3748 5365 σωθῆτε.

2249 5381 2360 5452 Οὐχ
2414 5381 2490 5446 ὠς
2545 5382 2818 5454 ἄχρηστον
2879 5384 3270 5455 ἀποπέμπεται
3335 5385 3433 5456 τὴν
3497 5387 3751 5441 Ἰωάννου

486 5481 664 5537 neque
695 5467 900 5522 frustra
927 5485 1050 5526 esse
1073 5471 1318 5526 veritatis
1354 5479 1552 5528 testem
1583 5472 1802 5528 asserit.
1838 5472 2052 5541 Alioqui

2190 5472 2379 5544 >ωνὴν,
2432 5473 2553 5528 οὐδὲ
2605 5475 2774 5547 ἀργὸν
2835 5477 3127 5546 ἀποφαίνει
3185 5477 3286 5547 τῆς
3340 5478 3598 5546 ἀληθείας
3659 5479 3754 5532 τὸν

484 5557 626 5610 enim
655 5557 890 5614 absurde
931 5559 1111 5615 facere
1139 5559 1290 5616 visus
1324 5570 1490 5628 esset,
1523 5563 1571 5618 si
1608 5562 1765 5620 fidem
1805 5562 1853 5618 ei
1889 5562 2052 5618 dero-

553 5731 598 5761 "
637 5728 791 5784 Joan.
825 5747 864 5801 ι,
893 5732 984 5787 20.
1058 5735 1103 5766 ⁸³
1139 5733 1298 5792 Joan.
1331 5753 1443 5802 xw,
1477 5741 1527 5792 ti.

2162 5563 2434 5635 μάρτυρα.
2471 5565 2542 5618 Ἣ
2577 5565 2686 5637 γὰρ
2724 5565 2791 5621 ἂν
2843 5565 2990 5632 ἔδοξε
3037 5567 3262 5633 δικαίως
3294 5569 3458 5636 αὐτός
3510 5588 3565 5625 τι
3622 5560 3764 5626 καθ⁶
