4044 6200
309 255 413 314 605

1299 258 1364 315 IN
1398 258 1688 318 JOANNIS
1726 257 2175 317 EVANGELIUM
2212 263 2340 318 LIB.
2385 263 2469 319 Ill.

3460 261 3564 319 406

307 369 398 421 τύν
427 385 489 422 τι
518 368 726 440 ’Λαρὼν
747 369 838 423 τὸν
871 369 1094 440 ἀδελφόν
1119 387 1234 435 σου,
1267 372 1360 426 καὶ
1391 373 1514 436 τοὺς
1544 373 1692 436 υἱοὺς
1717 372 1878 426 αὐτοῦ

1985 379 2155 440 trans,
2183 375 2376 440 nutrit,
2412 381 2723 438 conservat,
2775 379 2829 427 et
2884 379 3071 444 auget,
3115 356 3222 428 non
3275 387 3436 430 secus
3497 389 3563 427 ac

304 461 371 512 ἐκ
405 460 516 513 τῶν
565 453 696 513 υἱῶν
743 461 956 534 Ἰσραὴλ
996 461 1298 532 ἱερατεύειν
1329 480 1442 534 μοι.
1494 483 1513 515 ι
1555 463 1628 517 Τὸ
1659 464 1756 534 μὲν
1792 460 1883 518 οὖν

217 615 221 619 ι
302 549 453 603 θεῖον
483 549 664 620 λόγιον
703 551 762 604 ὲν
809 551 1018 617 τούτοις
1063 555 1195 623 ἡμῖν
1235 555 1443 608 ἑστάτω
1467 596 1480 618 ,
1522 555 1801 626 χωρητέον
1829 556 1885 608 δὲ

302 640 410 711 ἤδη
465 641 598 711 πρὸς
653 641 754 711 τὴν
805 641 1165 713 ἐνδεχομένην
1223 645 1522 714 σαφήνειαν
1574 645 1762 699 αὐτοῦ.
1813 645 1886 698 Τὸ

301 735 490 788 ἔλαιον
524 735 586 788 τὸ
614 735 851 805 ἄτρυγδν
880 753 940 789 τε
975 736 1069 789 καὶ
1097 737 1352 807 καθαρὸν,
1385 737 1558 791 ἔοικεν
1587 737 1886 808 ύποδηλοῦν

301 829 407 898 τὴν
432 826 829 898 καθαρωτάτην
860 829 954 881 καὶ
974 827 1239 880 ἀθόλωτον
1258 828 1351 880 τοῦ
1377 828 1538 893 ἁγίου
1568 830 1708 882 Πνεύ
1717 848 1886 900 ματος

303 917 493 986 φύσιν,
511 918 634 989 ἥτις
659 919 718 970 ὲν
746 919 876 988 ἡμῖν
902 915 1080 969 ελαίου
1109 915 1266 986 δίκην
1290 916 1662 986 ἀπερινοήτως
1684 915 1888 986 εἰστρέ-

302 1025 479 1080 χουσα
517 1007 835 1079 ἀποτρέψει,
864 1008 958 1060 καὶ
993 1005 1204 1076 συνέχει
1233 1007 1326 1059 καὶ
1353 1005 1506 1072 αὔξει
1531 1005 1620 1059 τὸν
1655 1007 1714 1059 ἐν
1739 1007 1881 1076 ψυχῇ

303 1100 610 1169 φωτισμὸν,
641 1099 894 1169 καθάπερ
921 1099 979 1150 ὲν
1007 1096 1186 1168 λύχνῳ
1215 1097 1488 1167 κείμενον.
1522 1097 1677 1150 Οὕτω
1703 1097 1758 1150 δὲ
1792 1097 1885 1150 καὶ

301 1192 396 1246 τὸν
447 1192 733 1245 θεσπέσιον
790 1189 1103 1260 Βαπτιστὴν
1161 1191 1261 1261 τῆς
1314 1189 1442 1262 περὶ
1493 1189 1584 1243 τοῦ
1634 1190 1885 1261 Σωτῆρος

303 1283 464 1352 ἡμῶν
497 1283 804 1355 μαρτυρίας
830 1283 891 1336 τὸ
926 1281 1040 1352 φῶς
1076 1281 1352 1352 ἐκλάμψαι
1399 1281 1749 1354 πιστεύομεν,
1785 1283 1885 1335 οὐκ

303 1375 574 1448 ἑτέρωθεν
602 1377 700 1448 τὴν
727 1375 819 1429 τοῦ
847 1374 1108 1428 δύνασθαι
1139 1377 1494 1443 φωταγωγεῖν
1517 1374 1884 1444 κομισάμενον

301 1473 559 1542 δύναμιν,
588 1470 620 1540 ἢ
647 1469 735 1525 διὰ
754 1467 849 1522 τοῦ
873 1467 1056 1522 ἐλαίου
1080 1467 1174 1520 τοῦ
1203 1466 1417 1538 νοητοῦ,
1445 1465 1684 1529 δυνατῶς
1707 1483 1766 1519 τε
1790 1466 1884 1520 καὶ

301 1562 632 1634 ἐπιτηδείως
675 1560 889 1630 ἔχοντος
941 1559 1023 1621 είς
1060 1557 1122 1610 τὸ
1165 1556 1282 1625 φῶς
1320 1556 1520 1611 καῦσαι
1568 1555 1626 1609 τὸ
1659 1554 1801 1609 Θεῖον
1826 1557 1884 1608 ὲν

303 1659 463 1726 ἡμῖν,
496 1654 523 1707 ὂ
543 1654 610 1724 δὴ
639 1653 734 1706 καὶ
757 1651 917 1714 αύτος
945 1653 974 1704 6
1003 1648 1194 1719 Σωτὴρ
1247 1647 1323 1708 ὡς
1356 1647 1414 1699 ὲν
1442 1647 1726 1718 αἰνίγματι
1752 1663 1885 1700 κατ-

303 1717 520 1815 εμήνυε
551 1717 742 1812 λέγων·
781 1761 802 1794 ι
832 1743 950 1814 Πῦρ
975 1717 1341 1812 ἦλθον-βαλεῖν
1370 1739 1463 1791 ἐπὶ
1503 1717 1605 1809 τὴν
1631 1739 1760 1810 γῆν,
1793 1739 1886 1792 καὶ
1917 1717 1958 1772 Β

301 1837 359 1890 τί
403 1837 543 1891 θέλω
576 1839 625 1890 εί
662 1835 761 1907 ἤδη
793 1834 1048 1906 ἀνήφθη;
1090 1852 1107 1884 ι
1157 1831 1362 1902 Λύχνος
1401 1827 1493 1886 οὖν
1523 1830 1597 1894 ὡς
1629 1829 1688 1883 ὲν
1731 1827 1886 1899 τύπῳ

301 1932 471 1986 πάλιν
510 1932 538 1984 6
573 1930 855 1999 καιόμενος
881 1967 896 1990 ,
949 1926 1044 1980 καὶ
1091 1925 1299 1994 φαίνων
1343 1924 1430 1978 διὰ
1473 1923 1674 1988 παντὸς
1723 1924 1782 1976 ὲν
1813 1925 1883 1993 τῇ

304 2027 478 2095 σκηνῇ
512 2023 606 2076 τοῦ
639 2020 936 2092 μαρτυρίου
963 2021 992 2073 6
1029 2017 1296 2088 μακάριος
1327 2012 1395 2087 ἦν
1417 2016 1743 2086 Βαπτιστής.
1776 2015 1886 2069 Καὶ⁸

299 2117 362 2170 τὸ
409 2117 508 2186 μὲν
539 2117 599 2169 ὲν
631 2097 803 2184 σκηνῇ
838 2111 932 2165 τοῦ
965 2111 1264 2182 μαρτυρίου
1300 2108 1512 2178 φαίνειν
1553 2107 1714 2162 αὑτὸν
1735 2149 1748 2170 ,
1787 2125 1886 2178 ση-

303 2206 492 2278 μαίνει
535 2205 632 2258 καὶ
674 2202 876 2272 καλῶς,
906 2202 987 2254 ὅτι
1020 2201 1206 2264 δεκτὸς
1241 2201 1299 2253 ὲν
1332 2197 1650 2268 ἐκκλησίαις
1677 2199 1706 2250 6
1750 2197 1882 2269 παρ’

301 2298 466 2354 αὐτοῦ
493 2296 802 2366 φωτισμὸς,
845 2295 936 2348 καὶ
971 2295 1070 2347 οὐκ
1099 2292 1202 2358 ἔξω
1237 2292 1478 2346 κείσεται
1511 2290 1611 2360 τῆς
1645 2291 1794 2360 ἱερᾶς
1823 2306 1883 2343 τε

302 2391 397 2445 καὶ
429 2387 580 2451 θείας
619 2386 713 2440 τοῦ
756 2386 1005 2456 Σωτῆρος
1053 2383 1244 2453 αὐλῆς.
1295 2382 1367 2436 Τό
1395 2400 1459 2452 γε
1503 2381 1608 2453 μὴν
1657 2382 1759 2446 ἔξω
1787 2380 1881 2435 τοῦ

300 2481 793 2548 καταπετάσματος
829 2477 1060 2549 ὁρᾶσθαι
1101 2477 1190 2530 τὸν
1225 2475 1438 2546 λύχνον,
1475 2475 1652 2528 ἔοικεν
1682 2475 1884 2544 ὑποδη-

298 2571 448 2633 λοῦν,
470 2571 555 2622 ὅτι
578 2569 669 2623 τὸν
691 2567 959 2622 ἁπλούστε
971 2569 1058 2637 ρόν
1079 2584 1137 2620 τε
1164 2567 1258 2621 καὶ
1274 2566 1634 2634 είσαγωγικὺν
1657 2565 1881 2619 εἰσοίσει

301 2661 618 2734 φωτισμὸν,
684 2681 702 2713 ι
757 2663 1126 2725 Μετανοεῖτε,
1171 2661 1344 2729 λέγων
1372 2677 1386 2692 ο
1433 2661 1630 2732 ἦγγικε
1679 2660 1786 2732 γὰρ
1847 2663 1880 2733 ή

301 2757 552 2828 βασιλεία
578 2754 684 2808 τῶν
711 2754 978 2826 οὐρανῶν.
1024 2772 1041 2805 ι
1074 2753 1195 2806 Τῶν
1221 2753 1277 2805 δὲ
1313 2751 1420 2806 ἔσω
1440 2751 1533 2805 τοῦ
1565 2752 1880 2805 καταπετά-

301 2865 509 2920 σματος
534 2845 1065 2916 ἀποκεκρυμμένων,
1086 2843 1287 2914 δηλαδὴ
1308 2842 1401 2897 τοῦ
1445 2842 1697 2914 Σωτῆρος
1721 2843 1881 2914 ἡμῶν

300 2939 654 3011 μυστηρίων,
705 2937 857 2992 οὐδὲν
908 2937 1046 2999 ὅλως
1107 2935 1452 2990 ἐπιδεικνύει.
1488 2935 1563 2988 Οὐ
1606 2936 1714 3006 γὰρ
1753 2935 1881 2990 ἐδά-

1985 465 2166 520 oleum
2206 466 2262 519 in
2289 466 2514 520 lucerna
2547 465 2811 535 positum,
2846 464 3312 519 illuminationem
3349 463 3404 518 in
3433 465 3556 518 ani—

1987 571 2094 611 ma.
2130 555 2221 612 Sic
2257 564 2438 612 autem
2469 557 2717 611 divinum
2777 555 3078 624 Baptistam
3135 555 3436 610 testimonii
3490 555 3560 611 de

1988 645 2272 704 Salvatore
2324 657 2514 704 nostro
2547 648 2722 703 lucem
2753 648 2994 702 eluxisse
3034 646 3332 710 credimus,
3357 655 3416 701 ut
3445 663 3558 703 non

1986 739 2202 793 aliunde
2229 739 2576 794 illuminandi
2613 740 2721 793 vim
2755 739 3084 808 susceperit,
3119 746 3212 792 aut
3239 755 3335 810 per
3371 739 3554 793 oleum

1987 829 2118 884 illud
2153 831 2493 902 intelligibile
2535 833 2714 901 possit
2749 831 2802 886 in
2827 831 2988 885 nobis
3033 831 3217 884 lumen
3282 831 3418 885 illud
3468 846 3557 887 ac-

1983 921 2402 992 cendere,quod
2444 921 2702 978 Salvator
2741 924 2856 993 ipse
2909 903 3250 994 a-nigmatice
3279 921 3560 992 signiﬁca-

1988 1011 2080 1065 bat
2111 1013 2196 1068 his
2220 1013 2407 1068 verbis
2443 1031 2456 1068 :
2494 1033 2513 1065 ι
2553 1014 2735 1084 Ignem
2800 1013 2925 1067 veni
2972 1014 3192 1068 mittere
3221 1013 3274 1066 in
3329 1021 3557 1077 terram,

1985 1111 2039 1156 et
2061 1103 2191 1170 quid
2212 1093 2336 1159 volo
2365 1103 2471 1158 nisi
2497 1114 2556 1158 ιιι
2580 1103 2862 1158 ardeat”?
2885 1123 2905 1155 ο
2935 1100 3184 1160 Lucerna
3201 1117 3332 1172 ergo
3365 1117 3561 1158 rursus

1986 1192 2078 1247 illa
2097 1194 2300 1250 ardens
2349 1209 2416 1248 ac
2453 1194 2648 1249 lucens
2675 1193 2888 1264 iugiter
2906 1194 2960 1247 in
3013 1193 3373 1248 tabernaculo
3404 1194 3560 1249 testi-

1988 1287 2160 1341 monii
2181 1295 2301 1342 erat
2318 1288 2513 1344 beatus
2544 1286 2810 1357 Baptista.
2828 1285 2892 1339 Et
2916 1285 3138 1356 quidem
3165 1285 3312 1355 quod
3335 1285 3454 1355 ipsa
3474 1285 3558 1338 lu-

1989 1387 2081 1432 cet
2115 1379 2168 1433 in
2201 1379 2560 1436 tabernaculo
2577 1377 2904 1442 testimonii,
2932 1385 3082 1432 recte
3109 1391 3330 1446 quoque
3353 1377 3563 1447 signiﬁ-

1985 1478 2076 1524 cat
2094 1479 2374 1541 receptam
2402 1470 2598 1526 essein
2632 1467 2884 1524 ecclesiis
2917 1467 3040 1537 ejus
3071 1467 3559 1530 illuminationem,

1985 1576 2090 1616 nec
2111 1571 2266 1616 extra
2294 1577 2512 1617 sacram
2549 1569 2603 1616 et
2623 1560 2864 1615 divinam
2889 1557 3192 1614 Salvatoris
3215 1560 3395 1613 aulam
3423 1559 3564 1628 posi-

1987 1657 2101 1704 tum
2121 1650 2212 1704 iri.
2228 1649 2381 1716 Quod
2403 1660 2584 1705 tamen
2603 1649 2830 1706 lucerna
2845 1657 3000 1704 extra
3015 1649 3191 1703 velum
3215 1664 3380 1703 cerne
3389 1656 3560 1715 retur,

1987 1740 2305 1810 signiﬁcare
2343 1740 2557 1797 videtur
2603 1741 2994 1812 simpliciorem
3023 1748 3076 1796 et
3111 1742 3559 1811 praeparatoriam

1987 1836 2280 1890 allaturum
2323 1850 2446 1891 esse
2479 1835 2968 1898 illuminationem,
3010 1834 3248 1890 dicendo
3279 1854 3339 1889 τι
3383 1835 3564 1890 Ρωιιὶ-

1987 1926 2214 1982 tentiam
2244 1926 2426 1994 agite:
2456 1925 3079 1995 appropinquavitenim
3115 1938 3345 1992 regnum
3382 1925 3556 1978 caelo-

1987 2031 2108 2070 rum
2126 2017 2194 2074 ".
2223 2035 2242 2068 ι
2285 2016 2392 2072 Sed
2419 2032 2611 2072 eorum
2648 2032 2771 2088 qua
2799 2026 2926 2071 sunt
2951 2018 3095 2070 intra
3126 2015 3303 2070 velum
3330 2015 3566 2069 abscon-

1985 2109 2123 2174 dita,
2153 2109 2544 2181 mysteriorum
2573 2109 2779 2166 Christi
2819 2109 3105 2172 nimirum,
3149 2109 3361 2162 nullum
3401 2109 3563 2178 plane

1985 2199 2249 2255 ostendit.
2301 2198 2419 2254 Non
2476 2201 2626 2256 enim
2661 2199 2959 2270 baptizavit
2982 2199 3037 2253 iu
3087 2199 3560 2269 participationem

1986 2291 2161 2347 sancti
2189 2289 2433 2362 Spiritus
2455 2332 2470 2355 ,
2493 2307 2593 2346 nec
2617 2292 2738 2360 ejus
2771 2293 3106 2347 illuminatio
3138 2293 3192 2346 in
3222 2294 3560 2349 tabernaculi

1986 2379 2246 2434 interiora
2300 2380 2506 2436 intulit.
2539 2380 2669 2435 Erat
2715 2383 2861 2435 enim
2915 2383 2966 2436 in
2993 2381 3254 2437 exteriori
3307 2385 3563 2437 taberna-

1983 2470 2148 2536 Culo,
2201 2487 2223 2522 ι
2279 2468 2426 2540 quod
2481 2477 2686 2525 statum
2739 2469 2919 2525 adhuc
2993 2471 3306 2537 habebat",
3345 2492 3366 2525 ο
3405 2473 3562 2540 juxta

1983 2562 2137 2618 Pauli
2174 2563 2406 2618 dictum.
2462 2562 2620 2629 Quod
2674 2571 2856 2617 autem
2903 2562 3037 2618 dicit
3095 2582 3108 2618 :
3169 2581 3188 2614 ι
3257 2562 3322 2617 Et
3365 2579 3560 2618 accen~

1981 2654 2076 2709 det
2123 2667 2246 2707 eam
2298 2653 2504 2718 Aaron,
2553 2657 2611 2707 et
2669 2651 2766 2706 ﬁlii
2820 2652 2962 2722 ejus,
3020 2667 3051 2706 a
3098 2666 3329 2720 vespera
3387 2667 3564 2720 usque

1972 2742 2140 2812 .25],
2169 2741 2235 2795 ad
2267 2756 2459 2807 mane,
2490 2755 2675 2795 coram
2717 2740 2974 2806 Domino;
3005 2740 3312 2810 legitimum
3356 2740 3564 2808 scrupi-

1983 2841 2199 2889 ternmn
2230 2831 2286 2885 in
2328 2832 2616 2909 progenies
2643 2840 2855 2887 vestras
2881 2870 2896 2895 ,
2937 2850 2960 2883 ι
3004 2831 3108 2885 hoc
3149 2831 3316 2884 modo
3369 2844 3564 2885 rursus

1982 2924 2392 2996 intelligendum
2427 2933 2580 2994 puto.
2614 2923 2802 2978 Aaron
2850 2931 2904 2978 et
2939 2923 3034 2977 filii
3098 2923 3227 2992 ejus
3252 2922 3565 2991 signiﬁcant

299 3025 497 3085 πτισεν
551 3033 633 3094 είς
674 3029 967 3100 μετουσίαν
1019 3027 1172 3096 ἁγίου
1204 3027 1554 3099 ΙΙνεύματος,
1606 3028 1728 3082 οὐδὲ
1762 3029 1876 3082 είσ-

1984 3033 2077 3073 eos
2121 3017 2216 3088 qui
2248 3031 2408 3072 sacro
2437 3032 2663 3072 munere
2693 3016 2994 3086 funguntur
3033 3015 3380 3071 in.ecclesiis
3403 3055 3418 3078 ,
3459 3014 3564 3068 hoc

299 3122 531 3190 ήνεγκεν
584 3121 613 3172 6
667 3119 796 3189 παρ’
848 3116 1012 3172 αὐτοῦ
1068 3117 1347 3186 φωτισμὺς
1399 3120 1478 3180 εἰς
1529 3111 1590 3172 τὸ
1627 3117 1734 3171 ἔσω
1782 3117 1878 3173 τοῦ

1984 3119 2086 3177 est,
2113 3110 2366 3166 doctores
2397 3117 2452 3164 et
2485 3109 2798 3164 divinorum
2823 3106 3220 3162 sacriﬁciorum
3249 3106 3559 3161 ministros.

297 3210 813 3281 καταπετάσματος.
864 3204 972 3263 Ἦν
1023 3209 1136 3278 γὰρ
1181 3211 1273 3262 ἐπὶ
1332 3209 1433 3280 τῆς
1489 3209 1594 3274 ἔξω
1651 3211 1878 3280 σκηνῆς,

303 3322 325 3356 ι
382 3303 482 3373 τῆς
535 3301 766 3374 ἐχούσης
823 3300 905 3356 ἔτι
941 3301 1041 3372 τὴν
1102 3303 1310 3367 στάσιν,
1367 3320 1387 3354 ι
1437 3301 1580 3356 κατὰ
1629 3301 1729 3372 τὴν
1786 3301 1880 3355 τοῦ

300 3393 518 3448 Παύλου
559 3393 763 3464 φωνήν.
830 3391 1049 3463 Ἐπειδὴ
1095 3392 1152 3446 δέ
1195 3409 1392 3463 φησιν,
1442 3393 1522 3446 ὅτι
1560 3411 1579 3444 ι
1619 3393 1712 3446 καὶ
1741 3391 1879 3446 καύ-

297 3505 385 3541 σει
416 3487 576 3541 αὑτὸν
622 3485 852 3558 Ἀαρὼν,
881 3486 975 3540 καὶ
997 3486 1104 3539 uio!
1141 3484 1329 3549 αὑτοῦ,
1367 3485 1476 3542 ἀπὸ
1506 3485 1746 3554 ἑσπέρας
1775 3486 1882 3550 ἕως

295 3577 445 3648 πρωῒ
488 3577 726 3632 ἐναντίον
757 3578 996 3648 Κυρίου,
1029 3577 1261 3648 νόμιμον
1289 3577 1506 3632 αἰώνιον
1543 3580 1622 3640 είς
1659 3579 1756 3642 τὰς
1783 3596 1881 3648 γε-

295 3668 425 3732 νεὰς
450 3667 625 3736 ὑμῶν,
656 3691 675 3720 ρ
710 3667 934 3722 τοιῶσδε
978 3667 1138 3722 πάλιν
1177 3669 1368 3738 νοῆσαι
1399 3669 1698 3741 προσήκειν
1725 3669 1881 3740 οἶμαι

293 3763 356 3816 τὸ
386 3761 695 3834 εἰρημένον.
729 3762 938 3832 ’Δαρὼν
970 3762 1065 3816 καὶ
1094 3764 1142 3816 οἱ
1176 3763 1281 3815 uici
1308 3762 1498 3826 αὐτοῦ,
1529 3764 1650 3828 τοὺς
1676 3766 1734 3818 ἐν
1761 3769 1881 3831 ταῖς

289 3855 618 3926 ἐκκλησίαις
661 3855 802 3908 κατὰ
849 3855 1037 3926 καιρὸν
1101 3855 1518 3927 ἱερουργοῦντας
1571 3857 1880 3928 ὑποσημαί-

293 3963 467 4010 νουσι,
497 3945 741 3999 τουτέστι
770 3945 892 4008 τοὺς
921 3946 978 3998 ἐν
1007 3945 1197 4009 αὑταῖς
1227 3946 1604 4010 διδασκάλους,
1641 3946 1736 4001 καὶ
1773 3945 1881 4000 τῶν

293 4039 458 4095 θείων
491 4037 890 4110 θυσιαστηρίων
936 4036 1278 4108 λειτουργούς
1315 4055 1328 4069 ·
1357 4030 1502 4092 οὗτοι
1561 4038 1652 4092 τὸν
1690 4039 1880 4109 λύχνον

291 4133 384 4183 τὸν
434 4131 656 4198 νοητὸν,
681 4130 927 4182 τουτέστι
964 4129 1056 4182 τὸν
1100 4128 1351 4199 Ἰωάννην
1395 4130 1481 4183 ἀεὶ
1511 4129 1880 4200 διαλάμποντα

289 4226 480 4294 τηρεῖν
514 4224 913 4278 ἑπιτάττονταισ
939 4222 1094 4276 τοῦτο
1121 4224 1229 4294 γάρ
1263 4223 1378 4275 ἐστι
1405 4220 1488 4287 τδ,
1518 4241 1536 4274 ι
1569 4223 1878 4278 Καύσουσιν

289 4315 458 4368 αὑτὸν
523 4315 630 4368 ἀπὸ
685 4314 922 4384 ἑσπέρας
970 4315 1074 4378 ἕως
1131 4315 1300 4386 πρωΐ.
1339 4333 1359 4367 ι
1404 4315 1462 4368 'U
1501 4314 1605 4386 γὰρ
1656 4315 1880 4386 σύμπας

1984 3201 2052 3256 ιιι
2092 3201 2372 3256 lucernam
2412 3199 2814 3271 intelligibilem
2837 3198 2992 3262 ,‘hoc
3019 3206 3105 3253 est
3131 3196 3400 3252 Joannem
3437 3213 3563 3268 per-

1975 3302 2148 3365 ,petuo
2179 3294 2510 3348 relucentem
2545 3305 2770 3348 servare
2793 3290 3098 3360 jubentur;
3148 3289 3256 3344 hoc
3295 3290 3443 3343 enim
3479 3298 3567 3343 est

1983 3385 2130 3458 quod
2171 3386 2374 3441 dicitur
2417 3399 2430 3436 :
2493 3401 2511 3435 ι
2545 3383 2861 3438 Accendent
2891 3396 3013 3436 eam
3051 3396 3082 3434 a
3116 3395 3344 3450 vespera
3387 3395 3564 3450 usque

1982 3479 2050 3535 ad
2098 3493 2278 3534 mane.
2324 3495 2344 3530 ι
2379 3474 2578 3530 Totum
2621 3474 2768 3530 enim
2811 3481 3029 3542 tempus
3069 3473 3123 3526 in
3169 3486 3280 3542 quo
3332 3470 3566 3526 debebat

1983 3573 2220 3627 lucerna:
2255 3571 2442 3625 lumen
2498 3568 2744 3638 fulgere.
2800 3574 3129 3619 nocturnum
3167 3575 3252 3619 est
3303 3563 3562 3633 Spatium,

1981 3680 2090 3735 quo
2112 3662 2397 3734 praesentis
2420 3660 2605 3716 saeculi
2624 3656 2964 3728 signiﬁcatur
2993 3656 3368 3710 intervallum.
3403 3655 3568 3710 Lucis

1981 3757 2180 3827 quippe
2211 3756 2431 3810 nomine
2467 3751 2710 3806 futurum
2741 3751 3008 3805 saeculum
3037 3748 3393 3817 intelligimus
3415 3763 3440 3811 ;.
3466 3761 3564 3800 ac-

1981 3849 2234 3903 cenditur
2262 3861 2393 3901 vero
2417 3883 2432 3909 ,
2471 3845 2591 3899 sive
2629 3843 2828 3897 ardens
2862 3842 3086 3894 lucerna
3120 3848 3404 3903 servatur,
3435 3837 3565 3891 dum

1983 3939 2113 3994 facit
2143 3946 2201 3993 ut
2229 3945 2454 4006 accepta
2485 3937 2554 3990 sit
2581 3948 2800 4004 semper
2821 3931 3178 3987 credentibus
3201 3932 3254 3984 in
3282 3931 3564 3984 Christum

1983 4032 2073 4086 illa
2101 4030 2220 4101 ejus
2249 4027 2642 4100 praelustratio,
2672 4036 2728 4080 et
2750 4039 2876 4079 vero
2895 4023 3015 4078 haec
3041 4023 3107 4077 de
3130 4021 3351 4078 Christo
3377 4022 3564 4076 dicere

1982 4120 2337 4176 sacerdotum
2381 4133 2517 4172 voce
2552 4114 2968 4184 comprobatur.
3019 4112 3090 4167 Ut
3119 4121 3298 4166 autem
3347 4111 3567 4166 doceret

1983 4222 2036 4270 te
2074 4211 2218 4268 Deus
2245 4209 2550 4266 Salvatoris
2571 4205 2939 4278 praznuntium
2979 4220 3076 4274 per
3110 4205 3249 4257 hanc
3283 4203 3560 4257 lucernam

1983 4305 2322 4378 signiﬁcari,
2355 4305 2683 4360 electionem
2711 4298 3064 4356 sacerdotum
3096 4297 3284 4353 statim
3316 4295 3562 4364 subjicit.

288 4406 484 4478 καιρὸς
518 4408 574 4459 ὲν
605 4398 648 4474 ᾧ
681 4407 924 4484 προσῆκε
964 4406 1027 4459 τὸ
1063 4405 1158 4459 τοῦ
1195 4405 1391 4476 λύχνου
1425 4405 1708 4475 φαίνεσθαι
1735 4406 1870 4476 φῶς,

1984 4398 2151 4455 Porro
2181 4397 2229 4453 si
2253 4404 2424 4451 totam
2459 4393 2659 4463 capitis
2692 4391 2958 4444 rationem
3003 4387 3416 4445 consideratius
3464 4399 3566 4439 ex-

284 4497 346 4549 τὸ
370 4497 550 4566 μῆκός
580 4497 697 4550 ἐστι
725 4497 823 4568 τῆς
857 4497 1068 4560 νυκτὸς,
1095 4497 1162 4550 δι’
1183 4491 1244 4550 οὗ
1287 4497 1605 4567 σημαίνεται
1633 4498 1727 4551 τοῦ
1752 4516 1885 4570 παρ·

283 4589 441 4650 ὄντος
475 4589 674 4652 αἰῶνος
706 4589 765 4641 τὸ
797 4588 1150 4659 μέτρον.Φῶς
1181 4589 1308 4660 γὰρ,
1328 4589 1418 4643 τὸν
1453 4589 1714 4660 μέλλοντα
1735 4590 1884 4644 νοοῦ-

293 4699 392 4752 μεν
425 4681 602 4734 αἰῶνα
631 4699 643 4712 ·
682 4682 894 4736 καίεταί
927 4699 990 4750 γε
1023 4681 1160 4753 μὴν,
1187 4682 1304 4752 ἢτοι
1349 4681 1602 4754 λαμπρὸς
1631 4687 1661 4736 6
1689 4681 1882 4754 λύχνος

288 4774 729 4843 διαφυλάττεται,
761 4774 955 4848 δεκτὴν
977 4776 1065 4830 ἀεὶ
1095 4779 1206 4840 τοῖς
1258 4776 1610 4830 πιστεύουσιν
1635 4779 1715 4840 είς
1748 4779 1882 4848 Χρι-

291 4866 416 4918 στὸν
445 4867 548 4936 τὴν
579 4868 668 4920 ἐπ’
697 4867 844 4939 αὐτῷ
881 4867 1166 4939 δᾳδουχίαν
1197 4868 1538 4940 ποιούμενος,
1565 4869 1660 4922 καὶ
1687 4868 1880 4941 ὅτιπέρ

285 4957 439 5010 ἐστιν
487 4958 696 5030 ἀληθὴς
739 4959 807 5013 τὰ
837 4959 1062 5014 τοιαῦτα
1111 4960 1286 5028 λέγων
1322 4962 1448 5030 περὶ
1491 4961 1750 5032 Χριστοῦ,
1787 4961 1876 5014 διὰ

283 5049 480 5116 φωνῆς
510 5049 618 5103 τῶν
660 5051 803 5104 κατὰ
831 5053 1059 5124 καιροὺς
1089 5052 1278 5122 ἱερέων
1307 5051 1682 5123 έπιμαρτυρού
1692 5071 1871 5123 μενος.

287 5141 410 5192 Ἵνα
430 5139 502 5220 δέ.
515 5155 576 5193 σε
601 5139 789 5212 διδάξῃ
811 5140 964 5204 Θεὸς,
989 5143 1072 5194 ὅτι
1096 5141 1189 5195 διὰ
1212 5141 1402 5194 τούτου
1433 5141 1522 5194 τὸν
1551 5141 1646 5196 τοῦ
1695 5139 1878 5212 Σωτῆ-

281 5250 382 5305 ρος
412 5225 683 5288 aususnon
733 5234 1074 5306 προάγγελω
1102 5276 1117 5298 ,
1149 5235 1312 5298 εὐθὺς
1365 5235 1722 5290 ἑπισυνάπτει
1777 5236 1877 5306 τὴν

273 5323 394 5377 τῶν
427 5323 814 5391 ίερατιυόντων
840 5324 1122 5393 ὲπιλογήν.
1162 5322 1433 5394 Ἀναὸήσῃ
1462 5323 1518 5376 δὲ
1545 5325 1730 5389 πάλιν,
1761 5325 1884 5380 ὅλον

271 5415 374 5470 τοῦ
408 5415 707 5484 κεφαλαίου
734 5416 825 5470 τὸν
845 5415 1002 5484 λόγον
1017 5413 1504 5486 ἁναμασσώμενος,
1528 5419 1607 5480 είς
1625 5417 1882 5488 τοιαύτην

272 5507 406 5562 τινὰ
437 5506 693 5578 θεωρίαν,
727 5508 820 5562 καὶ
838 5509 938 5562 οὐκ
962 5508 1230 5580 ἄκομψον,
1255 5506 1330 5572 ὥς
1351 5507 1416 5577 γέ
1440 5525 1530 5579 μοι
1551 5508 1715 5563 δοκεῖ’
1754 5511 1876 5563 Ἐπὶ

1993 4489 2248 4561 penderis
2275 4529 2291 4551 ,
2326 4485 2396 4541 ad
2430 4482 2745 4540 istiusmodi
2777 4482 3299 4552 contemplationem
3334 4494 3445 4534 non
3479 4478 3570 4532 in-

1991 4585 2186 4641 scitam
2230 4587 2288 4635 ut
2312 4593 2434 4633 reor
2473 4575 2758 4632 asceudes.
2794 4573 2926 4629 Post
2949 4573 3354 4628 ordinationem
3389 4570 3572 4627 taber-

1983 4678 2163 4737 naculi
2195 4674 2434 4747 positum
2476 4677 2561 4726 est
2602 4669 2669 4724 de
2704 4668 2924 4722 lucerna
2958 4673 3289 4736 prmceptnm
3311 4703 3326 4728 ,
3358 4673 3412 4718 et
3443 4673 3569 4733 post

1979 4772 2119 4830 illud
2167 4767 2354 4826 statim
2402 4760 2751 4819 sacerdotum
2797 4757 3104 4814 nominatio
3145 4765 3202 4811 et
3242 4755 3470 4809 functio.
3509 4755 3569 4807 In

1981 4867 2094 4924 ﬁne
2121 4864 2326 4936 quippe
2357 4858 2495 4929 legis
2530 4861 2585 4911 et
2629 4853 3029 4924 prophetarum
3064 4849 3428 4918 pmctirsoris
3467 4861 3570 4899 vox

1982 4957 2189 5016 eﬁulsit
2220 4955 2276 5009 in
2321 4951 2583 5012 deserto,
2637 4954 2694 5002 ut
2729 4947 3002 5015 scriptum
3053 4951 3177 5004 est,
3223 4939 3565 4995 clamantis:

1987 5071 2008 5105 ι
2055 5051 2253 5105 Parate
2292 5045 2437 5100 viam
2483 5037 2703 5093 Domini
2733 5078 2748 5101 ,
2785 5044 2962 5090 rectas
3009 5031 3176 5086 facite
3210 5029 3436 5085 semitas
3473 5025 3568 5082 Dei

1983 5142 2160 5200 nostri
2187 5140 2235 5173 ’⁸
2263 5155 2279 5205 ;
2318 5155 2338 5188 ι
2379 5139 2503 5204 post
2529 5145 2694 5201 quem
2723 5126 2909 5184 statim
2949 5124 3096 5179 facta
3129 5129 3216 5177 est
3248 5127 3568 5176 sanctorum

1985 5232 2363 5306 apostolorum
2403 5222 2688 5281 ordinatio
2720 5229 2774 5276 et
2810 5217 3083 5274 institutio
3107 5230 3203 5284 per
3241 5212 3554 5306 Christum.

1989 5300 2165 5394 Elegit
2195 5321 2344 5376 enim
2372 5316 2636 5374 Christus
2664 5310 2954 5368 duodecim
2979 5350 2994 5374 ,
3035 5321 3178 5377 quos
3203 5313 3257 5361 et
3285 5300 3569 5394 apostolos

1985 5390 2312 5472 nominavit.
2329 5409 2595 5465 Absoluta
2624 5403 2716 5459 hic
2745 5402 2982 5456 lucerna:
3009 5395 3420 5459 observatione,
3447 5390 3562 5447 Sal-

1987 5505 2195 5563 vatoris
2227 5516 2416 5558 vocem
2452 5511 2672 5554 rursum
2706 5492 3028 5548 videamus:
3065 5509 3083 5545 ι
3121 5490 3220 5546 ille
3241 5495 3360 5544 erat
3386 5486 3568 5541 lucer-

351 5694 404 5726 "
447 5692 583 5751 Luc.
627 5710 724 5762 xtl,
752 5695 840 5752 49.
917 5696 963 5729 "
1002 5691 1196 5750 Matth.
1232 5711 1304 5762 tv,
1342 5696 1421 5749 l7.
1503 5697 1544 5727 9'
1593 5693 1758 5750 llcbr.
1794 5710 1844 5749 lx
1870 5734 1883 5758 ,

2055 5691 2098 5727 ⁸⁸
2137 5689 2240 5748 lsa.
2272 5702 2363 5755 ιιι,
2398 5684 2463 5752 5;
2495 5679 2687 5738 Matth.
2720 5693 2803 5744 In,
2838 5675 2892 5730 5.
