4032 6200
465 217 567 273 4οἷ

1422 215 1479 270 S.
1523 213 1800 271 CYRILLI
1838 212 2313 271 ALEXANDRlNl
2351 216 2672 272 ARCHIISP.

3612 216 3728 273 ‘08

453 346 535 387 .na
557 373 573 398 ,
603 328 806 400 inquit,
838 327 1040 384 ardens
1068 342 1132 381 ac
1162 327 1356 385 lucens
1393 346 1407 382 :
1443 343 1542 384 vos
1573 336 1756 383 autem
1784 326 2038 383 voluistis

2164 329 2281 383 τέλει
2312 332 2413 401 τῆς
2441 331 2670 401 σκηνῆς,
2695 333 2729 402 ή
2759 330 2851 384 ἐπὶ
2874 330 2953 401 τῷ
2976 329 3154 401 λύχνῳ
3181 329 3423 396 διάταξις
3458 333 3732 402 εἰσενήνε-

467 422 537 478 ad
567 422 760 478 horam
803 419 1084 476 exsultare
1128 417 1185 472 in
1213 418 1335 473 luce
1353 418 1474 489 ejus
1498 418 1567 475 ".
1598 438 1618 471 ι
1664 416 1992 489 lmperitiam
2019 458 2033 483 ,

464 521 522 567 et
542 510 890 581 praefractam
922 505 1158 561 indolem
1197 506 1493 562 Pharisaeis
1526 507 1746 576 objicit,
1776 507 2040 563 ostendit-

468 618 578 673 que
607 614 826 656 rursum
857 612 952 654 eos
985 598 1405 668 incomparabili
1432 597 1686 653 laborare
1725 598 2000 668 imperitia
2024 637 2039 661 ,

469 693 567 762 qui
599 706 724 761 quae
760 688 904 745 scire
935 688 1354 759 proﬁtebantur,
1394 689 1620 746 minime
1654 691 2040 762 intelligerent,

469 794 527 839 et
575 784 643 837 ab
680 790 873 838 exacta
927 781 1065 875 legis
1104 781 1418 853 cognitione
1458 783 1693 837 multum
1743 784 2039 849 abessent,

2141 437 2284 484 κται,
2315 419 2433 489 μεθ’
2457 421 2523 492 ἣν
2563 419 2723 483 εὐθὺς
2760 422 2794 490 ή
2841 419 2950 474 τῶν
3002 419 3194 491 ἱερέων
3240 422 3481 494 προϐολή
3528 438 3588 475 τε
3630 422 3730 475 καὶ

2141 506 2355 576 χρῆσις.
2401 507 2522 560 Ἐπὶ
2578 505 2689 579 γὰρ
2719 507 2861 561 τέλει
2905 507 3000 561 τοῦ
3033 507 3197 580 νόμου
3241 510 3337 565 καὶ
3370 510 3479 563 τῶν
3513 526 3732 582 προφη-

2141 597 2249 650 τῶν
2270 639 2283 662 ,
2327 600 2361 669 ἡ
2392 596 2485 650 τοῦ
2530 597 2952 668 προϐαδίζοντος
2981 598 3251 670 ἐξέλαμψε
3296 600 3450 672 φωνὴ
3497 601 3729 671 βοῶντος

2145 691 2203 742 ὲν
2233 691 2297 761 τῇ
2320 691 2531 761 ἐρήμῳ,
2565 689 2708 744 καθά
2759 689 3067 761 γέγραπται
3094 708 3109 722 ⁸
3167 709 3186 743 ι
3235 692 3593 763 Ἑτοιμάσατε
3629 691 3731 762 τὴν

2143 781 2259 835 ὁδὸν
2304 782 2531 853 Κυρίου,
2578 780 2792 845 εὐθείας
2821 785 3027 836 ποιεῖτε
3073 783 3173 846 τὰς
3205 782 3426 853 τρίϐους
3473 783 3568 836 τοῦ
3593 782 3732 836 Θεοῦ

470 873 568 932 sed
610 887 675 929 ea
711 868 959 942 ρτοτευέ
981 872 1304 943 ignorarent
1351 888 1475 943 quae
1525 874 1709 945 typice
1763 874 2046 945 legislator

2164 870 2324 940 ίςμῶν·
2379 890 2399 923 ι
2440 870 2556 941 μεθ’
2581 868 2640 924 δν
2666 871 2828 935 εὐθὺς
2861 873 2894 942 ἡ
2925 872 3034 926 τῶν
3077 873 3250 942 ἁγίων
3299 872 3617 928 ἀποστόλων
3646 872 3735 927 διά

472 962 847 1035 przetiguravit
878 978 977 1034 per
1016 961 1279 1034 Moysem.
1308 962 1408 1020 His
1435 964 1580 1020 enim
1613 966 1831 1030 verbis,
1870 985 1889 1018 ι
1931 968 2043 1020 Lu-

468 1071 637 1111 cerna
675 1061 796 1109 erat
834 1054 949 1121 ille,
985 1053 1291 1111 ardeusac
1319 1056 1577 1123 lucens,»
1612 1057 1902 1114 confundit
1929 1076 2045 1128 eos,

474 1158 535 1203 ut
563 1146 801 1211 videtur,
830 1148 992 1218 quasi
1022 1147 1266 1202 nondum
1308 1148 1617 1220 intelligant
1654 1150 1849 1222 legalia
1879 1152 2046 1224 aenig-

2146 960 2383 1033 Χριστοῦ
2417 964 2718 1033 χειροτονία
2746 980 2804 1016 τε
2833 964 2928 1017 καὶ
2976 964 3243 1031 ἀνάδειξις
3262 982 3275 995 ·
3311 963 3596 1030 ἐξελέξατο
3623 965 3735 1035 γὰρ

2148 1056 2177 1106 ὁ
2209 1051 2412 1123 Κύριος
2448 1052 2654 1107 δώδεκα
2680 1093 2696 1114 .
2728 1052 2822 1116 οὒς
2881 1055 2976 1108 καὶ
3036 1055 3370 1118 ἀποστόλους
3424 1055 3732 1126 ὠνόμασεν.

2124 1221 2132 1229 ’
2163 1144 2251 1197 Ἐν
2278 1143 2488 1208 τούτοις
2507 1145 2639 1215 ἡμῖν
2663 1144 2762 1214 τῆς
2791 1145 2883 1198 ἐπὶ
2921 1143 3000 1215 τῷ
3044 1144 3224 1216 λύχνῳ
3250 1144 3486 1218 θεωρίας
3515 1163 3737 1217 συμπε-

473 1244 622 1291 niata
670 1237 1001 1307 umbrasque
1031 1245 1266 1294 veteres.
1312 1237 1449 1293 Cum
1474 1246 1659 1295 autem
1689 1242 1869 1309 addit,
1905 1261 1922 1293 ι
1954 1256 2050 1297 vos

2164 1234 2523 1305 περασμένης,
2548 1234 2745 1306 ῐδωμεν
2778 1234 2940 1290 πάλιν
2965 1234 3061 1306 τὴν
3090 1235 3187 1289 τοῦ
3220 1237 3472 1309 Σωτῆρος
3511 1240 3701 1307 φωνήν

473 1346 609 1386 vero
639 1330 895 1387 voluistis
923 1331 1202 1386 exsultare
1233 1330 1301 1386 ad
1337 1331 1532 1387 horam
1563 1333 1619 1387 in
1652 1332 1814 1403 252
1844 1334 2051 1391 lumine

2158 1346 2175 1379 ι
2228 1328 2464 1390 Ἐκεῖνος
2510 1323 2578 1397 ἦν
2615 1328 2645 1381 ό
2695 1327 2887 1397 λύχνος
2915 1368 2929 1392 ,
2990 1329 3195 1400 φησὶν,
3242 1331 3271 1383 ό
3303 1329 3596 1400 καιόμενος
3638 1331 3737 1383 καὶ

475 1423 627 1491 eius,
660 1440 682 1473 ι
718 1421 995 1492 signiﬁcat
1022 1436 1243 1477 rursum
1273 1436 1370 1478 eos
1403 1422 1604 1478 divina:
1631 1425 1917 1480 sententiae
1951 1440 2050 1480 sua

2164 1417 2357 1486 φαίνων
2394 1434 2406 1449 ·
2443 1418 2602 1489 ὑμεῖς
2646 1417 2703 1471 δὲ
2758 1416 3063 1489 ἠθελήσατε
3110 1415 3540 1487 ἀγαλλιασθῆναι
3596 1418 3735 1488 πρὸς

479 1514 678 1581 placita
711 1528 928 1583 semper
956 1522 1321 1582 anteponere.
1357 1516 1645 1585 solamque
1675 1530 1833 1572 suam
1869 1516 2053 1572 libidi-

2164 1508 2301 1580 ὥραν
2332 1511 2390 1562 ὲν
2415 1508 2495 1580 τῷ
2521 1510 2659 1578 φωτὶ
2685 1507 2871 1564 αὑτοῦ.
2913 1528 2931 1562 ι
2966 1507 3120 1575 Ἐξιν
3157 1506 3344 1579 ἀμαθῆ
3378 1509 3473 1560 καὶ
3494 1506 3737 1575 δυσάγω-

479 1621 605 1661 nem
649 1604 805 1674 sequi
845 1604 1059 1660 solitos.
1090 1604 1231 1659 Cum
1270 1605 1417 1660 enim
1457 1606 1778 1677 legislator,
1830 1607 2049 1678 inquit,

2154 1618 2249 1671 γον
2273 1604 2351 1665 είς
2370 1602 2617 1687 ὑπακοὴν
2649 1603 2759 1665 τοῖς
2797 1602 3110 1673 Φαρισαίοις
3146 1600 3371 1669 ὲγκαλεῖ
3420 1601 3515 1654 καὶ
3539 1599 3737 1667 διελέγο

480 1669 762 1752 lucernam
803 1695 1029 1751 accendi
1061 1703 1116 1751 et
1146 1706 1414 1767 perpetuo
1441 1669 1631 1754 lucere
1662 1669 1925 1769 jusserit,
1958 1669 2057 1756 vos

2164 1669 2239 1764 χει
2291 1672 2492 1756 πάλινῖ
2520 1669 2596 1756 ὡς
2628 1669 2957 1765 ἀσύγκριτον
2982 1693 3197 1747 νοσοῦσι
3232 1694 3330 1764 τὴν
3358 1693 3733 1754 ἀπαιδευσίαν,

481 1789 657 1858 ipsam
692 1801 803 1841 non
834 1801 1051 1858 semper
1091 1786 1274 1843 lucere
1315 1780 1608 1857 voluistis,
1638 1791 1733 1845 sed
1761 1788 1830 1845 ad
1865 1790 2055 1845 horam

484 1888 723 1944 tantum,
761 1880 867 1935 hoc
897 1887 1005 1944 est,
1058 1880 1113 1933 in
1149 1880 1539 1935 brevissimum
1571 1889 1804 1950 tempus.
1844 1879 2058 1935 Princi-

485 1972 577 2041 pio
601 1972 748 2027 enim
783 1971 986 2035 mirati,
1009 1972 1355 2029 exstinxistis
1381 1982 1646 2043 quantum
1677 1975 1734 2029 in
1765 1974 1921 2030 vobis
1940 1980 2061 2030 erat

486 2066 726 2121 lucerna
747 2066 951 2131 lumen,
972 2074 1170 2135 praeter
1191 2079 1408 2121 omnem
1436 2067 1703 2121 rationem
1732 2066 2060 2123 insultantes

486 2157 539 2210 ei
564 2156 656 2225 qui
684 2156 952 2212 divinitus
982 2156 1184 2212 missus
1211 2164 1328 2225 est;
1350 2173 1527 2229 neque
1551 2160 1729 2213 solum
1758 2160 1861 2229 ipsi
1887 2158 2062 2229 bapti-

489 2247 601 2301 zari
633 2247 704 2302 ab
734 2261 800 2301 eo
833 2247 1092 2303 noluistis
1112 2286 1128 2312 ,
1165 2248 1263 2304 sed
1296 2258 1353 2304 et
1384 2251 1681 2320 quominus
1712 2251 1850 2306 alios
1885 2251 2059 2320 bapti-

488 2347 641 2393 zaret
671 2338 945 2394 vetuistis.
978 2339 1207 2395 Misislis
1240 2341 1444 2412 quippe
1472 2341 1542 2395 ad
1577 2357 1703 2397 eum
1725 2384 1741 2407 ,
1771 2341 2019 2398 dicentes
2044 2360 2057 2396 :

494 2450 515 2480 ε
553 2429 694 2495 Quid
731 2430 899 2500 igitur
923 2430 1173 2500 baptizas
1198 2430 1216 2463 ⁸
1243 2432 1269 2484 ?
1304 2450 1323 2483 ι
1361 2432 1464 2485 hoc
1492 2439 1577 2486 est
1599 2474 1614 2499 ,
1655 2448 1756 2487 cur
1784 2432 2063 2487 illuminas

488 2521 544 2575 in
575 2520 949 2590 penitentiam
972 2560 988 2585 ,
1032 2528 1089 2576 et
1133 2521 1506 2591 cognitionem
1535 2522 1785 2578 Christi?
1812 2521 2065 2592 Quapro-

492 2621 613 2681 pter
660 2612 911 2668 stultitia)
957 2622 1012 2668 et
1067 2612 1536 2683 pmvaricationis
1582 2624 1810 2669 accusat
1865 2613 2065 2669 stultos

493 2703 715 2760 Scribas
762 2712 929 2775 atque
977 2702 1287 2759 Pbarissos
1325 2702 1598 2770 Salvator,
1655 2704 1787 2759 dum
1834 2700 2066 2759 Joannis

494 2797 719 2852 vocibus
773 2813 998 2852 rursum
1035 2795 1388 2866 suffragatur.
1428 2794 1587 2861 Quod
1632 2810 1759 2849 cum
1805 2795 2067 2865 praeclare

494 2891 689 2943 beatus
716 2886 903 2944 Lucas
940 2887 1301 2956 intelligeret,
1349 2885 1567 2940 illorum
1613 2885 1865 2956 increpat
1906 2886 2064 2942 insa-

2158 1783 2279 1838 οὐδὲ
2311 1784 2456 1856 ἆπερ
2474 1783 2674 1838 εἰδέναι
2707 1785 3237 1855 κατεπαγγέλλονται
3272 1787 3411 1841 νοεῖν
3440 1783 3733 1854 ἰσχύοντες,

2160 1877 2253 1929 καὶ
2290 1875 2424 1930 πολὺ
2470 1876 2573 1946 μὲν
2622 1875 2743 1930 λίαν
2781 1877 2881 1947 τῆς
2922 1876 3184 1948 ἀκριϐοῦς
3240 1875 3613 1948 νομομαθείας
3654 1875 3740 1941 ὲξρ

2164 1964 2487 2034 ῳκισμένοι,
2507 1959 2829 2032 ἀγνοοῦντες
2857 1964 2914 2018 δὲ
2943 1967 3081 2021 κατά
3107 1967 3169 2019 τὸ
3190 1966 3471 2032 παντελὲς,
3489 1966 3637 2035 ᾇπερ
3667 1963 3745 2028 ὣς

2160 2058 2220 2109 ὲν
2251 2057 2524 2126 σχήμασιν
2551 2058 2580 2110 ό
2610 2057 2905 2128 νομοθέτης
2941 2056 3318 2128 πρὸανετύπου
3353 2057 3442 2113 διὰ
3473 2056 3743 2119 Μωσέως.

2161 2146 2260 2200 Διά
2294 2145 2392 2217 μὲν
2417 2144 2525 2218 γὰρ
2571 2145 2667 2201 τοῦ
2698 2146 2896 2215 λέγειν,
2929 2148 3013 2201 ὅτι
3039 2166 3058 2199 ι
3101 2147 3161 2201 '0
3188 2146 3382 2218 λύχνος
3417 2142 3486 2219 ἦν
3531 2145 3745 2209 iuius;

2160 2240 2193 2291 ό
2236 2238 2519 2309 καιόμενος
2549 2239 2646 2291 καὶ⁸
2673 2240 2902 2309 φαίνων,
2939 2257 2957 2291 ι
2989 2239 3253 2305 δυσωπεῖ,
3290 2238 3434 2292 κατὰ
3473 2237 3536 2291 τδ
3570 2236 3742 2300 εἰκὸς,

2160 2330 2239 2393 ὡς
2267 2328 2418 2383 οὔπω
2463 2331 2783 2401 νενοηκότας
2811 2331 2871 2385 τὸ
2912 2333 2969 2385 ὲν
3002 2335 3246 2402 νομικοῖς
3288 2331 3608 2400 αἰνίγμασι.
3653 2328 3748 2381 καὶ

2165 2423 2332 2477 πάλαι
2353 2421 2885 2495 σκιαγραφούμενον.
2926 2426 3025 2480 Διά
3044 2424 3100 2479 δὲ
3131 2424 3225 2478 τοῦ
3254 2425 3428 2478 ειπεῖν
3452 2435 3469 2451 ⁸
3498 2440 3518 2473 ι
3552 2411 3750 2490 Ὑμεῖς

2163 2515 2222 2568 δὲ
2261 2514 2564 2586 ἠθελήσατε
2607 2516 3030 2589 ἁγαλλιασθῆναι
3070 2518 3209 2589 πρὸς
3237 2508 3388 2589 ὥραν
3413 2516 3472 2567 ἐν
3502 2511 3582 2583 τῷ
3608 2512 3753 2580 φωτὶ

2165 2608 2351 2674 αὐτοῦ,
2392 2628 2412 2661 ι
2450 2609 2551 2680 τῆς
2600 2609 2808 2665 ἄνωθεν
2841 2609 3026 2681 ψήφου
3071 2609 3133 2663 τὸ
3158 2610 3358 2662 οἰκεῖον
3400 2606 3490 2660 ἀεὶ
3524 2602 3753 2673 προτάτο

2164 2717 2355 2764 τοντας
2385 2700 2596 2772 θέλημα
2644 2701 2805 2755 πάλιν
2853 2701 3118 2772 εἰσφέρει,
3155 2700 3251 2755 καὶ
3286 2691 3483 2767 οἷσπερ
3522 2695 3590 2749 ἂν
3622 2692 3750 2764 pod-

2165 2792 2362 2845 λωνται
2387 2792 2569 2861 μόνοις
2602 2791 2918 2847 ἀκολουθεῖν
2941 2791 3298 2861 εἰθισμένους.
3319 2788 3428 2843 Τοῦ
3457 2788 3568 2858 γάρ
3589 2801 3751 2856 νομο-

2167 2880 2343 2944 θέτου,
2374 2879 2527 2950 φησὶ,
2554 2880 2642 2935 διὰ
2681 2880 2882 2945 παντὸς
2913 2881 3125 2950 φαίνειν
3155 2895 3213 2932 τε
3244 2879 3336 2932 καὶ
3380 2876 3632 2930 καίεσθαι
3656 2874 3754 2931 τὶν

496 2981 640 3031 niam
660 3019 675 3042 ,
705 2978 895 3034 dicens
926 2997 942 3033 :
979 2996 999 3028 ι
1040 2976 1107 3030 Et
1132 2976 1312 3033 omnis
1344 2980 1578 3047 populus
1611 2975 1843 3032 audiens
1875 2978 2065 3049 (verba

2168 2972 2360 3043 λύχνον
2378 2972 2772 3043 διατεταχότος,
2804 2975 2905 3028 οὐκ
2932 2975 3011 3038 είς
3043 2973 3132 3028 ἀεὶ
3158 2972 3369 3042 φαίνειν
3401 2968 3567 3024 αὐτὸν
3595 2969 3754 3037 ὑμεῖς

498 3067 797 3121 Salvatoris
825 3066 1134 3136 nimirum),
1163 3064 1608 3133 justiilcavorunt
1657 3064 1855 3132 Deum,
1884 3066 2066 3136 bapti-

498 3160 604 3213 πειιί
638 3159 911 3229 baptismo
940 3157 1192 3213 Joannis.
1218 3156 1479 3214 Pharisai
1519 3165 1700 3212 autem
1746 3165 1801 3211 et
1833 3156 2068 3229 legispe—

498 3250 590 3302 riti
620 3248 913 3304 consilium
951 3248 1046 3306 Dei
1080 3257 1406 3319 spreverunt
1451 3250 1507 3305 in
1540 3250 1854 3321 semetipsis
1887 3290 1902 3317 ,
1955 3264 2069 3306 non

503 3338 764 3408 baptisati
790 3340 859 3396 ab
882 3355 948 3396 eo
976 3342 1017 3394 ⁸.
1054 3358 1074 3392 ι

2172 3063 2498 3136 ἠθελήσατε,
2527 3065 2663 3120 ἀλλὰ
2708 3065 2845 3137 πρὸς
2894 3065 3066 3137 μόνην
3100 3063 3251 3136 ὥραν
3276 3107 3291 3131 ,
3321 3062 3570 3117 τουτέστι
3616 3058 3755 3130 πρὸς

2172 3156 2350 3226 ὀλίγον
2377 3157 2571 3228 κομιδῇ
2621 3157 2711 3213 τὸν
2738 3157 2950 3229 καιρόν.
2982 3157 3070 3210 Ἐν
3108 3157 3252 3229 ἀρχῇ
3290 3154 3400 3225 γὰρ
3440 3150 3755 3221 θαυμάσαν-

2171 3265 2265 3313 τες
2294 3249 2680 3316 κατεσδέσατε,
2710 3248 2770 3302 τὸ
2809 3251 2933 3304 ὅσον
2973 3250 3058 3320 ἐφ’
3083 3250 3318 3312 ἑαυτοῖς,
3345 3245 3440 3300 τοῦ
3476 3243 3674 3313 λύχνου
3697 3241 3755 3294 τὸ

2177 3340 2316 3410 φῶς,
2343 3340 2660 3410 ἀλογώτατα
2708 3342 2807 3413 μὲν
2844 3342 3275 3413 ὲπισκήπτοντες
3312 3337 3392 3409 τῷ
3421 3336 3608 3390 θεόθεν
3645 3337 3755 3387 ἀπ-

501 3431 835 3502 εσταλμένῳ,
857 3433 950 3486 καὶ
969 3433 1031 3486 ού
1063 3432 1224 3504 μόνον
1255 3431 1412 3487 αὐτοὶ
1442 3432 1502 3486 τὸ
1529 3432 1886 3503 βαπτίζεσθαι
1947 3433 2390 3506 παραιτούμενοι,
2459 3435 2595 3490 ἀλλά
2637 3435 2727 3490 καὶ
2769 3433 2867 3489 τοῦ
2922 3433 3203 3505 βαπτίζειν
3247 3432 3469 3503 ἑτέρους
3534 3430 3753 3482 ἀποκω-

502 3527 741 3591 λύοντες.
771 3524 1150 3582 ’Δπεστείλατε
1171 3527 1280 3600 γὰρ
1307 3529 1631 3601 πρὸςάύτὸν
1658 3528 1906 3598 λέγοντες
1926 3546 1940 3560 ο
1977 3529 2073 3583 «Τί
2107 3528 2201 3584 οὖν
2234 3531 2548 3601 βαπτίζεις;
2587 3551 2606 3585 ι
2632 3532 2900 3594 τουτέστι,
2928 3530 2993 3585 Τί
3035 3529 3290 3601 φωτίζεις
3322 3531 3400 3592 είς
3469 3525 3754 3598 μετάνοιαν

504 3627 597 3678 καὶ
631 3624 925 3693 ἐπίγνωσιν
969 3624 1063 3678 τοῦ
1102 3624 1373 3695 Χριστοῦς
1401 3625 1609 3679 Οὐκοῦν
1646 3625 1895 3696 εὐηθείας
1922 3624 2041 3696 ἅμα
2076 3626 2169 3681 καὶ
2211 3628 2554 3699 παρανομίας
2579 3630 2849 3701 ἐπήνεγκε
2887 3625 3104 3699 γραφὴν
3130 3628 3243 3689 τοῖς
3280 3624 3528 3694 ἀνοήτοις
3568 3621 3607 3673 Γ
3614 3637 3755 3692 ραμ-

508 3714 731 3787 ματεῦσι
779 3717 872 3771 καὶ
904 3718 1235 3789 Φαρισαίοις,
1278 3721 1400 3781 ταῖς
1457 3716 1699 3773 Ἰωάννου
1754 3718 1915 3773 πάλιν
1974 3721 2448 3792 ἐπαγωνιζόμενος
2480 3724 2685 3791 φωναῖς
2715 3725 2744 3776 ό
2803 3723 3018 3792 Σωτήρ.
3058 3722 3257 3791 Ὅπερ,
3295 3713 3450 3788 οἶμαι
3478 3759 3491 3781 ,
3557 3715 3756 3779 συνεὶς,

503 3812 701 3883 ἀριστά
763 3828 822 3865 τε
874 3812 1161 3883 διειληφὼς
1223 3814 1316 3867 καὶ
1354 3813 1382 3865 ό
1436 3814 1705 3885 μακάριος
1755 3817 1990 3882 Λουκᾶς,
2030 3816 2128 3886 τῆς
2182 3817 2402 3871 ἐκείνων
2466 3818 2720 3882 ἀπονοίας
2757 3817 3017 3888 καταϐοᾷ,
3071 3814 3244 3884 λέγων
3274 3830 3289 3845 ⁸
3317 3830 3336 3864 ι
3381 3810 3497 3864 Καὶ
3563 3810 3672 3872 πᾶς
3733 3807 3763 3860 ὖ

482 3906 630 3968 ’λαὸς
680 3905 917 3970 ἀκούσας
976 3908 1103 3978 (τῶν
1140 3907 1234 3961 τοῦ
1282 3909 1532 3982 Σωτῆρος
1574 3911 1835 3982 ῥημάτων
1872 3911 2118 3985 δηλαδὴ),
2168 3915 2494 3968 ἐδικαίωσαν
2529 3915 2620 3967 τὸν
2643 3914 2775 3968 Θεὸν
2794 3912 3181 3983 βαπτισθέντες
3198 3911 3261 3965 τὸ
3282 3910 3567 3981 βάπτισμα
3591 3905 3764 3960 Ἰωάν-

503 4012 611 4047 νου.
642 3998 703 4048 Oi
727 3995 783 4049 δὲ
822 3998 1103 4068 ⁴ιτιριιιπαῖοι
1138 4000 1232 4052 καὶ
1266 4001 1313 4052 oi
1344 4002 1578 4071 νομικοὶ,
1616 4000 1714 4073 τὴν
1746 4000 1940 4074 βουλὴν
1980 4003 2073 4058 τοῦ
2113 4004 2250 4059 Θεοῦ
2281 4004 2554 4077 ἠθέτησαν
2587 4008 2644 4059 έν
2686 4006 2919 4070 ἑαυτοῖς,
2963 4003 3038 4075 μὴ
3082 4000 3467 4074 βαπτισθέντες
3516 3998 3611 4052 ὑπ’
3669 3997 3763 4049 αὑ-

503 4087 618 4142 τοῦ.
670 4105 690 4140 ι

576 4173 651 4242 ν,·
685 4177 784 4241 36,
810 4179 900 4233 57.
948 4182 1059 4248 Ego
1094 4189 1267 4234 autem
1304 4183 1656 4238 testimonium
1693 4183 1856 4240 habeo
1910 4187 2081 4256 majus
2172 4224 2179 4229 μ

507 4271 734 4325 Joanne.
770 4269 944 4337 Opera
974 4272 1113 4325 enim
1143 4290 1259 4342 qua:
1292 4274 1434 4329 dedit
1465 4276 1595 4330 mihi
1626 4276 1808 4341 Pater,
1841 4289 1899 4332 ut
1927 4281 2084 4349 perﬁ-

2274 4185 2422 4256 Ἐγὼ
2466 4185 2535 4239 δὲ
2572 4184 2691 4254 ἔχω
2720 4181 2833 4252 τὴν
2868 4183 3203 4253 μαρτυρίαν
3234 4180 3408 4251 μείζω
3436 4181 3541 4236 τοῦ
3581 4182 3765 4237 Ἰωάν-

2189 4294 2323 4332 νου.
2353 4278 2429 4331 Τὰ
2453 4275 2564 4345 γὰρ
2587 4274 2750 4343 ἔργα,
2789 4273 2827 4327 d
2850 4271 3074 4327 δέδωκέ
3106 4290 3207 4342 μοι
3237 4275 3270 4325 ό
3307 4271 3511 4339 Πατὴρ
3536 4272 3639 4325 ἵνα
3675 4288 3765 4325 τε·

509 4365 647 4416 ciam
666 4377 745 4425 ea,
761 4363 877 4430 ipsa
901 4377 1080 4430 opera,
1101 4381 1217 4434 qua:
1238 4383 1336 4443 ego.
1349 4368 1518 4435 facio,
1534 4370 1893 4425 testimonium
1914 4374 2069 4443 periri.

2188 4368 2418 4424 λειώσω
2470 4366 2655 4431 αὐτὰ,
2710 4364 2862 4420 αὐτὰ
2904 4365 2975 4419 τὰ
3023 4363 3168 4433 ἔργα
3207 4363 3246 4417 d
3288 4361 3436 4416 ποιῶ
3481 4362 3768 4432 μαρτυρεῖ

511 4458 629 4508 bent
656 4454 720 4507 de
761 4471 842 4508 me
864 4497 880 4520 ,
920 4457 1045 4524 quia
1080 4456 1245 4512 Pater
1274 4461 1419 4514 misit
1458 4478 1559 4516 me.
1593 4461 1660 4515 Et
1698 4465 1789 4534 qui
1834 4468 2069 4524 misith

2191 4463 2322 4529 περὶ
2376 4461 2560 4530 ἐμοῦ,
2593 4461 2681 4513 ὅτι
2709 4462 2743 4512 ό
2791 4457 2997 4525 Πατήρ
3027 4473 3105 4526 με
3157 4456 3524 4512 ἀπέσταλκε.
3569 4457 3681 4509 Kal
3734 4460 3769 4510 ό

512 4543 696 4610 Pater,
722 4545 1075 4600 testimonium
1106 4547 1367 4616 perhibuit
1398 4551 1462 4606 de
1493 4568 1594 4607 me.

583 4702 831 4771 Tametsi
862 4717 1088 4772 lucerna
1113 4727 1230 4774 erat
1263 4719 1373 4783 ille,
1419 4722 1621 4795 inquit,
1652 4741 1776 4780 cum
1806 4728 2083 4798 legalibus

512 4810 666 4867 libris
694 4809 992 4881 descripta,
1024 4819 1137 4866 tum
1168 4820 1488 4870 sanctorum
1530 4817 1923 4886 prophetarum
1948 4835 2086 4877 voce

512 4904 877 4975 prmmtntiata
901 4944 916 4970 ,
961 4919 1085 4974 quae
1113 4919 1247 4959 vero
1278 4907 1468 4962 lumini
1501 4908 1799 4979 praelucere
1815 4910 2044 4965 debebat
2068 4952 2083 4975 ,

511 5003 568 5050 et
595 4994 750 5050 vobis
786 4995 1045 5050 nuntiare
1090 4998 1389 5065 parandam
1428 5014 1553 5055 esse
1588 4999 1730 5054 viam
1772 4999 1987 5055 Domini
2021 5019 2086 5057 ac

512 5083 608 5140 Dei
644 5103 656 5138 :
697 5091 878 5139 tamen
908 5085 1169 5154 quoniam
1198 5086 1377 5150 vobis,
1406 5088 1607 5159 inquit,
1642 5089 1826 5146 minus
1854 5088 2089 5148 idoneus

516 5179 676 5232 testis
708 5174 928 5231 videtur
952 5217 967 5243 ,
1001 5183 1151 5231 tanta
1180 5178 1310 5234 licet
1338 5180 1542 5236 virtute
1562 5182 1826 5251 praeditus
1850 5223 1864 5247 ,
1902 5184 1976 5238 ob
2000 5186 2085 5240 et"-

515 5266 782 5320 frenatam
807 5266 1066 5323 nimirum
1092 5278 1145 5325 et
1168 5270 1461 5328 immanem
1481 5273 1795 5338 stultitiam,
1816 5276 1882 5330 ad
1910 5278 2088 5346 majus

517 5371 667 5411 nunc
692 5371 778 5410 me
810 5358 1072 5424 confero,
1104 5362 1155 5415 in
1176 5365 1347 5432 quod,
1381 5374 1441 5419 ut
1471 5365 1706 5431 videtur,
1735 5367 1870 5421 nihil
1904 5369 2085 5423 denuo

521 5445 720 5504 dicturi
751 5447 885 5501 estis
906 5487 922 5513 ,
954 5449 1129 5518 ipsam
1155 5454 1424 5520 veritatis,
1455 5457 1621 5512 etiam
1649 5458 1806 5514 inviti
1839 5459 2085 5529 pulchri-

2150 4537 2435 4619 ’πέμψειέ
2492 4567 2569 4619 με
2632 4547 2869 4617 Πατὴρ,
2921 4546 3105 4614 αὐτὸς
3160 4547 3578 4617 μεμαρτύρηκε
3632 4546 3767 4613 περὶ

2191 4641 2354 4709 ἐμοῦ.

2260 4732 2323 4783 Ei
2366 4731 2460 4783 xui
2505 4730 2695 4799 λύχνος
2715 4725 2784 4801 ἦν
2814 4731 3038 4793 ἐκεῖνος,
3071 4726 3224 4797 φησὶ,
3261 4724 3355 4780 καὶ
3396 4723 3485 4778 διὰ
3528 4723 3771 4795 νομικῶν

2194 4822 2586 4891 συνταγμάτων
2619 4820 3076 4892 ζωγραφούμενος
3102 4861 3118 4886 ,
3146 4819 3239 4872 καὶ
3284 4817 3372 4871 διὰ
3431 4815 3616 4887 φωνῆς
3661 4815 3771 4868 τῶν

2190 4913 2362 4982 ἁγίων
2413 4912 2709 4983 προφητῶν
2759 4911 3160 4984 προϐοὼμενος,
3204 4911 3279 4974 ὠς
3327 4906 3774 4979 ἀναδειχθήσεταί

2195 5020 2324 5058 ποτε
2377 5002 2471 5056 τοῦ
2522 5002 2640 5057 κατ’
2663 5002 2928 5074 ἀλήθειαν
2958 5000 3403 5073 πρωναλάμπων
3436 4996 3640 5068 φωτὸς,
3681 4997 3771 5051 καὶ

2192 5094 2523 5163 διαγγέλλων
2553 5096 2611 5147 έν
2644 5094 2795 5165 ύμῖν,
2821 5093 2903 5148 ὅτι
2934 5092 3205 5165 προσήκει
3256 5090 3356 5161 τὴν
3380 5087 3503 5142 ὁδον
3529 5086 3769 5158 εὐτρεπῆ
3856 5140 3865 5147 _
3912 5136 3921 5149 ,

2193 5185 2572 5239 ποιεῖσθαιτοῦ
2604 5186 2808 5257 Κυρίου
2833 5186 2928 5238 καὶ
2943 5184 3079 5239 Θεοῦ
3100 5199 3114 5213 ·
3133 5182 3248 5237 ἀλλ’
3265 5181 3501 5250 ἐπείπερ
3525 5177 3656 5249 ὑμῖν
3675 5178 3770 5231 οὐκ

2194 5278 2504 5345 ἀξιόπιστος
2530 5278 2659 5341 ἴσως
2690 5278 2904 5348 ὁρᾶται,
2936 5275 3113 5329 καίτοι
3155 5273 3406 5335 τοσοῦτος
3432 5272 3697 5342 ὑπάρχων
3715 5270 3768 5321 ὲν

2193 5372 2361 5442 ἀρετῇ
2371 5412 2384 5437 ,
2400 5369 2486 5424 διὰ
2506 5371 2604 5443 τήν
2623 5369 2847 5424 ἐνοῦσαν
2862 5370 2993 5440 ὑμῖν
3007 5367 3261 5439 ἀχάλινον
3277 5384 3337 5420 τε
3354 5366 3448 5419 καὶ
3463 5360 3770 5418 ἐκτοπωτά-

2192 5478 2294 5533 την
2316 5463 2591 5531 ἀπόνοιαν,
2619 5463 2711 5517 ἐπὶ
2732 5462 2791 5516 τὸ
2824 5461 3007 5533 μεῖζον
3036 5460 3137 5534 ήδη
3169 5459 3350 5534 χωρῶ,
3380 5457 3499 5515 καθ’
3529 5448 3614 5524 οὗ,
3634 5452 3770 5510 κατὰ

611 5624 833 5690 "Joan.
867 5653 922 5702 ν,
951 5637 1041 5693 53.
1123 5639 1137 5670 ¹
1179 5635 1336 5695 Joan.
1372 5655 1411 5707 ι,
1442 5640 1532 5694 ‘35.
1610 5642 1630 5674 ²
1670 5640 1805 5699 Luc.
1846 5657 1940 5712 vn,
1977 5641 2072 5711 29,
2096 5641 2186 5696 '50.
