4032 6200
295 265 403 319 ως)

1353 273 1416 328 ΞΝ
1439 273 1722 329 ιοΑΝΝιε
1758 271 2200 328 EVANGELIUM
2236 273 2363 327 LIB.
2408 269 2494 326 Ill.

3440 267 3547 321 ιιο

293 379 359 431 τὸ
397 378 579 444 εἰκὸς,
610 384 784 451 ἐρεῖτε
823 384 982 438 πάλιν
1022 385 1194 453 οὐδὲν,
1225 389 1357 441 αὐτὸ
1387 393 1486 460 τῆς
1523 390 1781 460 ἀληθείας
1821 390 1888 443 τὸ

1999 390 2229 445 .udinem
2277 389 2457 444 veriti.
2491 386 2608 441 Non
2643 386 2756 457 jam
2798 387 2940 442 enim
2963 430 2976 453 ,
3011 385 3224 456 inquit,
3262 385 3544 440 hominum

297 469 499 536 κάλλος
537 472 688 543 παρά
715 473 970 546 βούλησιν
995 477 1094 548 τὴν
1115 478 1319 532 ἑαυτῶν
1346 479 1773 550 δυσωπούμενοι.
1802 483 1877 534 Οὐ

297 561 413 629 γὰρ
434 561 613 629 λόγοις
644 563 838 619 ἔτικαὶ
865 570 980 631 ταῖς
1018 568 1078 632 ἐξ
1121 568 1422 640 ἀνθρώπων
1459 569 1661 639 ψήφοις
1703 572 1878 624 έπισε·

305 651 598 721 μνύνομαι,
633 654 754 707 οὐδὲ
786 656 885 718 τάς
911 657 977 709 ὲκ
1012 659 1272 727 ῥημάτων
1293 658 1464 728 ψιλῶν
1491 660 1764 728 συλλέγειν
1793 661 1878 713 ἐπ’

301 743 534 813 ἐμαυτῷ
569 747 870 817 μαρτυρίας
902 749 1154 819 οἰήσομαι
1181 751 1310 817 δεῖν,
1332 751 1776 822 ἀξιολογωτέρας
1823 752 1879 804 δὲ

302 835 403 888 καὶ
440 836 568 889 πολὺ
612 837 820 907 μείζοσι
858 839 966 893 τῶν
1005 842 1308 910 εἰρημένων
1356 843 1633 914 ἐπιτρέψω
1659 843 1728 895 τά
1761 846 1879 896 κατ’

301 922 566 996 ἐμαυτὸν,
592 929 685 982 καὶ
735 929 794 995 ἑξ
851 931 1019 1001 αὐτῆς
1078 933 1178 1002 ἤδη
1213 933 1658 1005 καταλαμπρύνω
1686 938 1783 1006 τῆς
1823 937 1881 987 έν

301 1018 494 1088 ἔργοις
523 1020 960 1090 μεγαλειότητος,
994 1023 1076 1074 ὅτι
1113 1021 1245 1084 Θεὸς
1277 1022 1420 1076 κατὰ
1440 1024 1601 1092 φύσιν
1623 1026 1760 1095 εἰμὶ,
1789 1027 1882 1077 καὶ

306 1112 377 1162 ὲκ
412 1109 546 1164 Θεοῦ
573 1111 792 1183 πέφηνά
821 1114 1051 1183 Πατρὸς,
1077 1113 1248 1167 ἀδικῶ
1263 1115 1319 1168 δὲ
1338 1115 1490 1168 οὐδὲν
1515 1115 1641 1178 τοὺς
1679 1117 1846 1186 εμοὺς
1864 1157 1879 1180 ,

307 1200 397 1268 ἐφ’
427 1201 564 1270 ὅπερ
607 1201 674 1255 ἂν
716 1202 990 1273 βούλωμαι
1043 1205 1499 1277 μεταρρυθμίςων
1544 1206 1758 1276 νόμους,
1791 1208 1884 1261 καὶ

307 1295 377 1345 ἐκ
401 1293 503 1362 τῆς
528 1293 670 1346 κατὰ
703 1293 764 1346 τὺ
793 1294 1028 1365 γράμμα
1054 1297 1366 1368 παχύτητος
1400 1298 1482 1361 εἰς
1511 1297 1884 1370 πνευματικὴν

307 1385 548 1455 θεωρίαν
577 1387 994 1456 μεταστοιχειῶν
1026 1387 1094 1440 τὰ
1113 1391 1223 1452 τοῖς
1242 1389 1612 1459 ἀρχαιοτέροις
1638 1392 1887 1460 αἰνιγμα-

309 1477 498 1540 τωδῶς
527 1478 812 1548 εἰρημένα.
844 1479 1193 1534 Κατανοείτω
1229 1479 1285 1532 δὲ
1311 1479 1472 1533 πάλιν
1496 1481 1524 1532 ὁ
1558 1479 1880 1551 φιλομαθὴς,

307 1572 398 1624 ὅτι
431 1571 602 1640 λέγων
628 1573 658 1624 ό
697 1570 885 1642 Σωτὴρ
919 1571 1006 1624 διὰ
1049 1571 1160 1624 τῶν
1190 1571 1367 1642 ἔργων
1418 1571 1885 1643 έπιμαρτύρεσθαι

310 1661 498 1726 καλῶς
527 1663 604 1725 εἰς
635 1662 698 1715 τὸ
715 1657 852 1716 εἶναι
884 1661 1025 1715 κατά
1063 1662 1225 1731 φύσιν
1269 1662 1419 1728 Θεὸς,
1448 1663 1752 1716 ἐκδιδάσκει
1801 1679 1885 1715 σα-

311 1754 457 1822 φῶς.
487 1754 562 1818 ὡς
599 1755 696 1807 οὐκ
714 1753 780 1808 ἂν
813 1754 898 1824 εἴη
925 1753 1032 1806 τῶν
1063 1754 1426 1824 ἐνδεχομένων
1453 1753 1887 1825 ἀπαραλλάκτως
1921 1753 1960 1792 r5

311 1847 641 1917 ἐνυπάρχειν
667 1847 772 1899 τινὶ
808 1847 906 1916 τὴν
929 1845 1050 1916 Θεῷ
1081 1845 1398 1915 πρέπουσαν
1415 1845 1694 1915 ένέργειάν
1719 1846 1887 1899 τεκαὶ

309 1935 562 2005 δύναμιν,
628 1936 678 1988 εἰ
736 1934 810 2004 μὴ
849 1927 1012 1997 αὐτὸς
1070 1933 1215 1987 κατὰ
1262 1933 1424 2003 φύσιν
1461 1935 1694 2005 ὑπάρχοι
1733 1935 1885 1999 Θεός.

314 2029 689 2097 ὓὶαρτυρείται
704 2027 810 2097 γὰρ
823 2025 911 2078 διὰ
929 2024 1243 2095 τῶνέργων,
1259 2026 1321 2078 ού
1341 2024 1683 2096 καθ’ἓτερον,
1707 2021 1883 2097 οἶμαι,

314 2124 536 2193 τρόπον,
566 2121 702 2175 ἀλλὰ
752 2121 894 2175 κατὰ
947 2119 1134 2174 τοῦτον
1187 2120 1369 2174 αὐτόν.
1419 2121 1483 2173 Ei
1521 2119 1628 2190 γὰρ
1663 2121 1768 2175 τῶν
1795 2120 1888 2174 τοῦ

314 2215 679 2283 γεννήσαντος
718 2212 895 2282 ἔργων
945 2212 1135 2282 δρᾶται
1175 2211 1488 2283 τελειωτὴς,
1516 2215 1611 2268 καὶ
1657 2213 1800 2282 ἅπερ
1825 2212 1889 2265 ἂν

317 2308 514 2373 ἐκείνῳ
541 2305 635 2358 καὶ
672 2306 816 2377 μόνῳ
846 2306 1086 2375 φαίνοιτο
1116 2309 1561 2380 πρεπωδέστερα,
1593 2309 1766 2362 ταῦτα
1797 2308 1892 2362 καὶ

317 2398 481 2459 αὐτὸς
501 2395 561 2460 ὲξ
580 2396 784 2460 οἰκείας
805 2397 985 2467 ἰσχύος
1005 2398 1313 2469 ἀποπληροῖ
1331 2416 1343 2430 ο
1359 2398 1476 2462 πῶς
1494 2400 1590 2452 οὐκ
1604 2399 1669 2454 ἂν
1685 2400 1893 2468 γένοιτο

320 2490 486 2542 παντί
508 2507 582 2560 τῳ
613 2490 804 2559 σαφὲς,
829 2490 910 2544 ὅτι
933 2491 1031 2560 τὴν
1048 2491 1218 2562 αὐτὴν
1251 2492 1442 2562 ἐκείνῳ
1469 2491 1628 2561 φύσιν
1654 2493 1894 2562 ἀπεκληα

322 2582 558 2652 ρώσατο,
595 2581 823 2644 καὶτοῖς
850 2580 942 2633 τοῦ
972 2581 1218 2644 τεκόντος
1246 2581 1496 2652 ίδιώμασι
1549 2583 1890 2654 διαλάμπων,

318 2675 398 2734 ὡς
419 2673 480 2738 ἐξ
509 2671 674 2725 αὑτοῦ
698 2672 798 2742 τὴν
826 2673 950 2740 ῐσην
998 2670 1148 2743 αύτῷ
1170 2671 1398 2741 δύναμίν
1422 2691 1481 2726 τε
1505 2676 1598 2727 καὶ
1616 2674 1894 2746 ὲνέργειαν

322 2763 468 2832 ἔχεις
505 2761 794 2831 Είληφέναι
821 2778 884 2830 γε
919 2761 1025 2831 μὴν
1045 2762 1174 2834 παρ’
1199 2761 1364 2815 αὺτοῦ
1383 2762 1452 2815 τά
1477 2762 1613 2835 ἔργα
1645 2767 1828 2834 φησὶν,
1861 2767 1894 2827 ἢ

321 2856 414 2908 διὰ
445 2855 506 2907 τὸ
531 2855 629 2924 τῆς
649 2854 1066 2925 ἀνθρωπότητος
1097 2855 1306 2925 σχῆμα,
1345 2856 1441 2908 καὶ
1471 2855 1569 2926 τὴν
1597 2855 1689 2910 τοῦ
1712 2857 1895 2910 δούλου

327 2947 567 3021 μορφὴν,
595 2945 973 3018 ταπεινότερόν
1019 2961 1134 3009 πως
1181 2946 1326 3017 ἥπερ
1372 2947 1559 3016 ἐχρῆν,
1613 2950 1706 3002 καὶ
1742 2948 1899 3002 τοῦτο

325 3038 507 3094 λαλῶν
535 3037 912 3112 οίκονομικῶς,
943 3037 976 3108 ἢ
1001 3039 1100 3108 τὴν
1135 3040 1199 3092 εκ
1223 3038 1356 3091 Θεοῦ
1390 3039 1478 3093 καὶ
1518 3040 1726 3112 [ἰατρὸς
1747 3040 1896 3093 εὐδο-

325 3132 456 3186 κίαν
493 3147 554 3184 τε
579 3119 1022 3195 καὶξσυναίνεσιν,
1052 3131 1152 3201 τὴν
1178 3129 1262 3199 ἐφ’
1294 3130 1467 3184 ἅπασι
1499 3135 1611 3194 τοῖς
1668 3134 1900 3204 παραδό-

327 3225 439 3288 ξως
497 3219 950 3292 ἐπιτελουμένοις,
994 3221 1072 3291 τῷ
1119 3224 1220 3292 τῆς
1271 3222 1470 3285 δόσεως
1511 3225 1902 3294 ἀποσεμνύνων

323 3312 573 3381 ὀνόματι.
610 3311 766 3364 Οὕτω
812 3311 922 3382 γάρ
978 3311 1071 3364 καὶ
1123 3311 1456 3365 ἀπεστάλθαι
1495 3313 1902 3384 διισχυρίζεται,

327 3405 428 3457 ὅτε
467 3400 536 3472 δὴ
593 3403 650 3455 αὶ
683 3400 926 3464 κενώσας
980 3401 1189 3468 ἑαυτὸν,
1236 3401 1380 3454 καθά
1435 3401 1766 3472 γέγραπται,
1807 3405 1905 3474 τῆς

326 3498 592 3566 ἀκράτως
623 3495 934 3566 πρεπούσης
959 3494 1118 3562 ἀξίας
1147 3493 1226 3565 τῷ
1253 3494 1394 3564 Θεῷ,
1415 3494 1505 3548 διὰ
1528 3494 1627 3566 τὴν
1648 3498 1727 3560 εἰς
1762 3497 1906 3566 ἡμᾶς

328 3586 624 3640 ἀγάπησιν
702 3584 1061 3639 Ἐταπείνωσε
1123 3585 1232 3655 γάρ
1280 3585 1494 3650 ἑαυτὸν,
1535 3586 1631 3638 καὶ
1669 3587 1769 3658 τὴν
1813 3586 1906 3639 τοῦ

327 3675 765 3730 τεταπεινῶσθαι
801 3677 1270 3748 σμικροπρέπειαν
1291 3676 1389 3730 οὐκ
1419 3677 1475 3728 ἐν
1509 3677 1715 3749 ἑτέροις
1748 3678 1909 3748 εὑρή-

331 3787 506 3839 σομεν
523 3769 769 3840 τρόποις,
791 3769 825 3839 ἢ
853 3771 936 3838 ἐφ’
962 3763 1157 3840 οἷσπερ
1190 3769 1256 3824 ἂν
1279 3770 1355 3831 ὡς
1383 3769 1672 3840 ἄνθρωπος
1693 3768 1802 3823 ἐσθ’
1820 3771 1908 3824 ὅτε

330 3863 494 3932 λαλῇ.
527 3861 716 3930 Τούτῳ
737 3861 950 3932 συνᾴδει
975 3861 1039 3914 τὸ
1061 3860 1148 3914 διὰ
1183 3859 1278 3914 τοῦ
1303 3861 1610 3932 Ψαλμῳδοῦ
1637 3861 1798 3914 πάλιν
1834 3861 1909 3924 ὼς

332 3952 398 4016 ἐξ
426 3949 594 4004 αὐτοῦ
613 3951 676 4003 δι’
701 3952 848 4021 ἡμᾶς
865 3949 1348 4021 ἀνθρωποπρεπῶς
1366 3952 1488 4021 είρη
1497 3951 1654 4020 μένον
1674 3967 1687 3980 ·
1727 3970 1745 4002 ι
1770 3951 1910 4019 Ἐγὼ

428 4042 766 4113 κατεστάθην
798 4042 1048 4112 βασιλεὺς,
1081 4043 1172 4096 ὑπ’
1199 4041 1366 4097 αὐτοῦ
1404 4043 1498 4095 ἐπὶ
1547 4035 1685 4096 Σὶὼν
1703 4042 1826 4114 ὅρος
1852 4042 1912 4095 τὸ

334 4137 496 4203 ἅγιον
541 4134 726 4198 αὐτοῦ,
772 4134 1102 4203 διαγγέλλων
1141 4134 1205 4188 τὸ
1253 4135 1581 4205 πρόσταγμα
1620 4135 1848 4206 Κυρίου.
1888 4154 1906 4186 ι

348 4227 412 4278 'U
436 4226 544 4296 γὰρ
570 4225 866 4294 βασιλεύων
895 4227 980 4279 ἀεὶ
1014 4225 1150 4295 μετά
1173 4223 1268 4277 τοῦ
1295 4225 1528 4294 Πατρὸς,
1563 4227 1591 4277 ὁ
1626 4223 1914 4294 σύνθρονός

336 4333 399 4369 τε
428 4317 526 4368 καὶ
556 4315 825 4384 σύνεδρος,
853 4316 926 4379 ὼς
959 4315 1088 4378 Θεὸς
1125 4313 1243 4385 Θεῷ
1263 4314 1340 4384 τῷ
1365 4306 1720 4384 γεννήσαντι,
1738 4331 1915 4385 κεχει-

1986 483 2332 538 Sermonibus
2361 497 2424 536 ac
2455 479 2728 550 suffragiis
2753 479 2956 550 glorior
2980 521 2994 544 ,
3029 494 3205 551 neque
3236 477 3301 533 de
3339 479 3553 545 meipso

1985 573 2359 630 testimonium
2400 589 2464 628 ex
2504 572 2665 627 nudis
2697 570 2979 626 vocabulis
3029 568 3390 639 colligendum
3429 584 3552 623 esse

1987 670 2139 734 puto,
2169 663 2263 718 sed
2291 662 2640 733 dignioribus
2670 676 2733 715 ae
2764 662 2923 730 longe
2956 659 3255 728 majoribus
3287 673 3379 713 res
3405 672 3553 714 meas

1986 757 2347 820 commendo,
2398 756 2558 827 253
2596 764 2650 811 et
2676 771 2742 810 ex
2779 755 2897 824 ipsa
2926 754 3141 808 tandem
3175 767 3403 819 operum
3439 766 3554 806 ma-

1984 848 2294 918 gnificentia
2327 849 2554 902 ostendo
2582 863 2667 900 me
2691 845 2859 900 Deum
2900 859 3022 900 esse
3053 843 3355 899 secundum
3390 850 3554 896 natu-

1986 956 2123 1006 ram,
2159 949 2212 995 et
2241 956 2305 995 ex
2338 939 2450 995 Dco
2476 939 2635 994 Patre
2667 940 2908 1010 genitum
2941 930 3064 992 esse
3095 953 3109 989 :
3145 951 3245 991 nec
3266 936 3408 990 facio
3435 936 3556 990 cui-

1985 1049 2148 1104 quam
2217 1033 2496 1103 injuriam,
2553 1031 2681 1086 dum
2724 1045 2875 1086 meas
2930 1029 3077 1099 leges
3109 1029 3164 1082 in
3193 1027 3557 1098 quodcunque

1985 1126 2248 1197 placuerit
2277 1133 2606 1188 transmuto,
2637 1133 2691 1182 et
2718 1138 2747 1177 a
2773 1121 2997 1178 litterali
3035 1121 3286 1177 crassitie
3311 1121 3378 1175 ad
3402 1121 3558 1190 spiri-

1986 1220 2146 1272 talem
2175 1216 2688 1286 contemplationem
2737 1229 2860 1284 quae
2891 1213 3170 1269 veteribus
3211 1213 3556 1282 aenigmatice

1985 1311 2129 1364 dicta
2155 1316 2282 1363 sunt
2304 1305 2597 1361 transfero.
2628 1304 2892 1360 Observet
2921 1321 3086 1374 porro
3112 1305 3291 1359 denuo
3325 1305 3557 1374 quicun-

1985 1417 2092 1474 que
2108 1409 2190 1457 est
2212 1398 2458 1454 discendi
2477 1397 2728 1466 cupidus,
2752 1396 3116 1461 Salvatorcm,
3143 1410 3264 1451 eum
3282 1397 3355 1448 ait
3376 1395 3556 1465 operi-

1989 1495 2090 1548 bus
2135 1489 2347 1560 egregie
2378 1488 2598 1558 probari
2640 1503 2699 1542 se
2737 1485 2904 1541 Deum
2955 1484 3252 1540 secundum
3303 1493 3555 1538 naturam

1987 1596 2139 1644 esse,
2176 1580 2325 1633 clare
2357 1578 2552 1632 docere
2591 1575 2706 1630 fieri
2738 1589 2848 1629 non
2892 1589 3052 1643 posse
3092 1582 3152 1627 ut
3180 1574 3360 1628 divina
3394 1575 3477 1629 vis
3506 1581 3560 1628 et

1989 1673 2234 1743 operatio
2268 1684 2364 1740 per
2414 1667 2603 1724 eadem
2644 1667 2840 1723 similis
2877 1665 3008 1719 insit
3041 1664 3228 1727 alicui,
3269 1663 3376 1719 nisi
3417 1663 3562 1717 Deus

1994 1766 2112 1835 ipse
2140 1763 2212 1820 sit
2235 1760 2535 1818 secundum
2559 1765 2835 1814 naturam.
2857 1755 3262 1826 Comprobatur
3282 1753 3428 1808 enim
3467 1768 3564 1822 per

1993 1870 2180 1927 opera,
2210 1867 2319 1908 non
2347 1853 2475 1916 alio,
2530 1860 2590 1905 ut
2625 1851 2841 1920 opinor,
2893 1848 3074 1912 modo,
3125 1859 3287 1914 quam
3335 1842 3462 1896 isto.
3504 1840 3564 1894 Si

1993 1948 2139 2003 enim
2177 1945 2356 1999 Patris
2413 1956 2580 2013 opera
2635 1940 2812 1994 facere
2859 1938 3108 2003 videtur,
3141 1936 3185 1989 si
3226 1945 3566 2004 quacunque

1996 2039 2073 2093 illi
2109 2052 2174 2093 ac
2209 2037 2313 2092 soli
2364 2032 2725 2094 conveniunt,
2767 2030 2883 2086 hazc
2923 2029 3042 2098 ipse
3097 2039 3314 2096 quoque
3344 2021 3566 2094 propria

1995 2131 2196 2185 virtute
2250 2126 2505 2196 adimplet
2537 2143 2550 2178 :
2583 2121 2858 2194 quomodo
2909 2119 3088 2176 cuivis
3135 2131 3244 2172 non
3270 2114 3562 2169 manifeste

2000 2221 2223 2294 patebit,
2281 2219 2526 2275 eamdem
2583 2231 2708 2271 cum
2745 2216 2839 2270 illo
2861 2213 3117 2270 sortitum
3144 2223 3266 2266 esse
3291 2215 3566 2270 naturam,

1997 2322 2054 2370 et
2087 2311 2266 2367 Patris
2298 2308 2726 2382 proprietatibus
2757 2303 3098 2376 praefulgere,
3141 2309 3200 2355 ut
3229 2299 3321 2370 qui
3353 2313 3420 2353 ex
3450 2297 3569 2366 ipso

2000 2415 2160 2463 natus
2187 2405 2434 2461 eamdem
2492 2419 2615 2458 cum
2665 2403 2786 2473 ipso
2837 2400 2942 2454 vim
2975 2406 3030 2453 et
3073 2396 3444 2467 operationem
3476 2392 3570 2446 ha-

2001 2496 2134 2551 bet?
2169 2495 2552 2550 Verumtamen
2592 2492 2658 2548 ab
2705 2505 2770 2546 eo
2800 2505 2860 2546 se
2896 2503 3063 2559 opera
3091 2487 3222 2541 dicit
3263 2483 3566 2554 accepisse,

2002 2595 2095 2641 aut
2124 2593 2345 2658 pr0pter
2379 2586 2772 2640 humanitatem
2831 2590 2885 2638 et
2923 2580 3064 2637 servi
3101 2579 3354 2640 formam,
3383 2575 3568 2629 humi-

2003 2677 2110 2732 lius
2148 2674 2550 2746 quodammodo
2599 2687 2763 2743 quam
2804 2686 2905 2742 par
2937 2679 3089 2735 erat,
3150 2666 3314 2736 idque
3359 2664 3574 2718 ratione

2002 2765 2432 2838 dispensationis
2464 2765 2532 2820 de
2559 2779 2618 2819 se
2636 2764 2887 2832 loquens,
2918 2769 3012 2814 aut
3044 2757 3226 2812 Patris
3245 2753 3573 2824 comproba-

2004 2860 2208 2915 tioncm
2239 2865 2293 2913 et
2328 2869 2612 2913 assensum
2661 2854 2718 2908 in
2762 2851 3036 2908 faciundis
3085 2847 3366 2904 miraculis
3404 2845 3576 2899 dona-

2006 2951 2172 3006 tionis
2203 2950 2427 3004 nomine
2447 2948 2745 3003 adornans.
2775 2944 2867 2998 Sic
2914 2943 3058 2998 enim
3100 2940 3330 2995 missurn
3360 2950 3576 3007 quoque

2005 3059 2064 3098 se
2098 3042 2296 3099 asserit
2322 3039 2562 3095 maxime
2593 3053 2717 3092 cum
2752 3034 3080 3092 exinanierit
3128 3033 3394 3101 seipsum,
3436 3027 3579 3084 sicut

2005 3135 2269 3205 scriptum
2329 3141 2413 3187 est
2466 3131 2508 3196 ⁸,
2551 3127 2817 3200 dignitate
2854 3127 2945 3180 illa
2978 3141 3100 3196 quas
3136 3124 3242 3179 Deo
3286 3120 3577 3176 admodum

2005 3227 2284 3290 convenit,
2336 3229 2560 3295 propter
2612 3220 2965 3276 dilectionem
3017 3217 3072 3272 in
3103 3232 3224 3272 nos.
3264 3212 3579 3268 llumiliavit

2006 3320 2151 3374 enim
2207 3316 2588 3384 semetipsum,
2640 3321 2692 3367 et
2734 3309 3132 3366 humiliationis
3176 3308 3440 3362 vilitatem
3473 3305 3578 3358 alia

2007 3411 2217 3466 ratione
2265 3417 2520 3465 constare
2547 3422 2652 3462 non
2681 3405 3099 3475 compcriemus,
3125 3417 3287 3473 quam
3315 3399 3459 3470 quod
3502 3400 3583 3453 in-

2007 3503 2220 3558 terdum
2262 3510 2322 3556 ut
2366 3501 2531 3556 homo
2587 3500 2862 3568 loquatur.
2901 3496 3034 3551 Huic
3068 3495 3400 3564 suffragatur
3438 3490 3582 3561 quod

2008 3609 2127 3664 per
2164 3592 2508 3649 Psalmistam
2565 3605 2761 3646 rursus
2809 3589 2912 3645 sub
2955 3588 3075 3658 ejus
3100 3599 3331 3656 persona
3361 3591 3584 3652 propter

2010 3700 2110 3740 nos
2173 3683 2414 3737 humano
2451 3696 2602 3736 more
2631 3681 2838 3736 dictum
2876 3688 2960 3734 est
2995 3693 3009 3730 :
3058 3696 3076 3728 ι
3105 3679 3216 3745 Ego
3243 3683 3426 3727 autem
3455 3687 3586 3725 con-

2010 3777 2235 3830 stitutus
2266 3789 2386 3829 sum
2407 3788 2501 3827 rex
2523 3772 2591 3826 ab
2623 3787 2688 3826 eo
2720 3785 2885 3840 super
2913 3769 3042 3824 Sion
3071 3775 3307 3820 montem
3334 3769 3583 3834 sanctum

2009 3868 2149 3936 ejus,
2199 3865 2507 3936 praedicans
2549 3871 2876 3933 praeceptum
2921 3858 3136 3914 Domini
3170 3859 3211 3915 δ.
3250 3875 3269 3908 ι
3309 3856 3443 3909 Nam
3491 3855 3584 3924 qui

2010 3972 2135 4011 eum
2163 3957 2273 4010 Deo
2297 3954 2458 4008 Patre
2487 3967 2702 4023 semper
2735 3950 3055 4022 regnat,qui
3084 3951 3138 4003 in
3173 3949 3362 4002 eodem
3389 3947 3587 4000 throno

2013 4047 2280 4110 considet,
2322 4054 2382 4100 ut
2413 4045 2554 4101 Deus
2595 4059 2719 4098 cum
2759 4043 2867 4096 Deo
2901 4041 3080 4106 Patre,
3137 4055 3317 4108 regem
3364 4053 3423 4093 se
3457 4051 3588 4090 con-

2015 4143 2266 4198 stitutum
2287 4140 2494 4198 fatetur
2511 4153 2575 4192 ac
2595 4137 2900 4201 dominum,
2920 4150 3040 4204 qua:
3066 4133 3300 4186 habebat
3334 4138 3391 4183 ut
3421 4129 3586 4191 Deus,

2015 4234 2262 4302 accipere
2292 4247 2351 4287 se
2379 4231 2589 4294 dicens,
2639 4243 2763 4283 cum
2813 4227 2993 4280 factus
3026 4233 3111 4280 est
3144 4224 3332 4288 homo,
3374 4221 3461 4275 cui
3493 4220 3590 4274 lm-

2018 4325 2150 4378 mini
2189 4323 2451 4393 regnandi
2485 4328 2724 4392 potestas
2753 4327 2949 4374 natura
2983 4332 3090 4371 non
3132 4317 3293 4378 inest,
3329 4312 3422 4369 sed
3470 4327 3590 4366 cum

341 4406 668 4478 ροτονῆσθαί
695 4423 860 4476 φησιν
881 4409 962 4470 εἰς
991 4407 1212 4477 βασιλέα
1243 4408 1337 4460 καὶ
1367 4405 1574 4476 κύριον,
1598 4407 1742 4477 ἅπερ
1771 4403 1896 4477 εἷχεπ

2015 4415 2194 4485 ipsum
2244 4413 2632 4470 dominationis
2694 4426 2915 4475 nomen,
2978 4417 3092 4464 tum
3118 4423 3208 4464 res
3249 4407 3368 4477 ipsa
3402 4405 3594 4474 utique

336 4502 419 4561 ὡς
460 4499 593 4562 Θεὸς
633 4500 932 4570 λαμϐάνειν
967 4500 1154 4564 εἰπὼν,
1190 4501 1280 4554 ὅτε
1323 4499 1565 4570 πέφηνεν
1611 4500 1914 4569 ἄνθρωπος,

2025 4507 2265 4562 aseititia
2295 4515 2398 4562 est.

333 4588 386 4661 ᾧ
420 4593 483 4644 τὸ
513 4591 812 4661 βασιλεύειν
869 4593 1008 4647 κατὰ
1059 4591 1221 4662 φύσιν
1252 4594 1352 4646 ούκ
1385 4592 1613 4659 ἔνεστιν,
1644 4592 1781 4648 ἀλλὰ
1806 4595 1913 4666 γὰρ
1953 4600 2125 4654 καὶτὸ
2153 4603 2251 4674 τῆς
2281 4601 2605 4673 κυριότητος
2631 4599 2804 4668 ὄνομά
2833 4615 2894 4652 τε
2927 4598 3022 4651 καὶ
3085 4595 3318 4667 πρᾶγμα
3381 4591 3596 4655 πάντως

341 4691 367 4739 ἑ
378 4683 610 4739 πακτόν.

952 4797 1199 4851 ΚΕΦΑΛ.
1251 4798 1324 4854 B’.

2565 4797 2728 4869 25:.
2763 4792 2915 4851 CAP.
2946 4792 3007 4848 ιι.

350 4916 481 4986 Ὀξι
505 4911 681 4986 εὶλιὼν
701 4911 833 4986 έστι
858 4909 963 4986 τοῇ
995 4910 1263 4986 Θεοῦ-καὶ
1303 4913 1532 4986 Πατρός
1561 4915 1595 4986 d_
1632 4914 1781 4986 Υἱός.
1829 4915 1896 4966 Έι

2029 4917 2184 4984 Quod
2213 4917 2386 4986 imago
2403 4914 2497 4969 Dei
2522 4930 2583 4967 ac
2609 4911 2793 4986 Patris
2808 4911 2876 4964 sit
2897 4908 3088 4986 Filius.
3121 4904 3218 4986 Ubi
3241 4899 3598 4986 Judrcigtiain

422 4976 469 5048 ᾧ
502 4982 758 5048 καὶπρὸς
788 4980 1118 5046 Ἰουδαίους
1135 4980 1405 5049 ἐλεγχος,
1423 4976 1611 5049 ’ὠςίμὴ
1634 4976 1924 5048 νοοῦντας

423 5055 493 5108 τὰ
555 5052 654 5106 διὰ
702 5049 960 5116 Μωσέως
1007 5049 1446 5120 αἰνιγματωδῶς
1485 5050 1728 5120 μᾶλλον
1779 5055 1927 5121 εἰρη-

419 5123 594 5192 μένα.

424 5234 576 5288 Οὔτε
602 5233 814 5302 φωνὴν
833 5233 1020 5288 αὑτοῦ
1066 5231 1304 5287 πώποτε
1345 5233 1660 5301 ἀκηκόατε,
1693 5235 1832 5288 οὔτε
1851 5232 1929 5290 εἷ-

2102 4968 2575 5056 τερτείιεῆάιιηιιιν,
2595 4981 2732 5051 quod
2767 4997 2868 5035 non
2899 4976 3194 5047 intelligant
3218 4987 3334 5042 qua:
3360 4987 3390 5023 a
3415 4968 3598 5037 Moyse

2104 5055 2329 5129 ﬁgurate
2353 5055 2552 5124 scripta
2572 5062 2716 5106 sunt.

2105 5233 2171 5300 γ,
2197 5233 2287 5297 57,
2309 5231 2400 5286 ⁸58.
2434 5228 2615 5297 Neque
2649 5239 2822 5278 vocem
2847 5219 2963 5290 ejus
2979 5232 3212 5287 unquam
3229 5210 3478 5273 audistis,
3509 5224 3596 5262 ue-

337 5331 456 5394 δος
513 5301 700 5381 αὐτοῦ
744 5324 1060 5394 ἑωράκατε,
1088 5325 1321 5380 καὶτὸν
1373 5327 1570 5396 Λόγον
1593 5326 1779 5380 αὑτοῦ
1817 5329 1896 5381 οὐ.

2035 5345 2132 5400 que
2167 5321 2529 5395 specienuejus
2565 5317 2816 5379 vidistis;
2851 5323 2900 5370 et
2938 5311 3163 5367 Verbum
3185 5307 3298 5400 ejus
3321 5301 3606 5400 nonnabe-

339 5417 608 5490 ἓχετεέν
635 5416 777 5487 ὑμῖν
791 5415 1076 5485 μένοντα,
1097 5415 1186 5469 ὅτι
1200 5415 1273 5470 ὃν
1283 5417 1672 5472 ἀπέσταλκεν
1688 5418 1938 5486 ἐκεῖνος,

344 5513 545 5577 τούτῳ
570 5509 739 5578 ὑμεῖς
767 5511 837 5562 οὐ
854 5509 1194 5563 πιστεύετε.

426 5693 446 5724 ³
483 5689 725 5761 Philipp.
759 5705 818 5754 ιι,
857 5691 904 5744 7.
979 5693 998 5726 ⁸
1040 5693 1184 5750 l‘sal.
1218 5707 1280 5760 ιι,
1313 5690 1364 5746 6.

2052 5394 2120 5474 tis
2143 5420 2200 5472 in
2219 5416 2360 5471 vobis
2386 5427 2600 5467 manens
2625 5424 2640 5461 :
2667 5407 2790 5478 quia
2826 5420 2974 5476 quem
3015 5401 3158 5456 misit
3205 5397 3314 5462 ille,
3357 5394 3477 5449 huic
3518 5408 3607 5448 vos

2041 5527 2140 5565 non
2174 5505 2409 5563 creditis.
