4044 6200
495 277 593 333 Mf

1491 279 1550 334 S.
1576 276 1856 334 CYRILLI
1894 277 2364 332 ALEXANDBINI
2406 277 2732 334 ARCHIEP.

3657 275 3769 328 ιιιι

567 390 737 447 Nemo
758 392 1062 464 simplicem
1095 393 1198 448 loci
1227 393 1392 464 hujus
1421 409 1646 451 sensum
1682 411 1805 452 esse
1845 395 2073 463 videbit,

2250 395 2362 465 Οὐχ
2423 395 2604 465 ἁπλῆν
2653 394 2717 448 ἄν
2767 409 2851 456 τις
2900 392 2999 446 ἴδοι
3039 389 3328 461 νοημάτων
3355 387 3646 459 διασκευὴν
3686 388 3767 458 τῷ

497 482 592 537 sed
625 483 824 538 multos
850 500 1053 555 eosque
1100 487 1391 540 abstrusos
1443 487 1780 553 intellectus,
1819 489 1912 558 qui
1945 490 2077 544 sim-

500 575 721 644 plicium
738 576 1048 630 auditorum
1073 585 1282 634 mentes
1307 577 1466 634 facile
1480 579 1773 636 admodum
1793 580 2073 652 effugiant,

499 675 553 717 et
607 665 915 720 acrioribus
983 675 1195 722 tantum
1263 670 1498 739 ingeniis
1551 671 1868 740 capiuntur.
1933 670 2076 737 Quid

499 757 642 810 enim
677 772 856 811 causae
889 766 994 824 est,
1025 760 1237 828 inquiet
1267 760 1453 816 forsan
1492 761 1714 832 aliquis,
1753 771 1812 816 ut
1835 779 1958 817 cum
1983 761 2075 818 Je-

501 865 594 905 sus
627 849 772 926 dicat
831 851 898 902 ab
947 854 1264 920 operatione
1299 847 1408 908 Deo
1443 856 1766 926 congruenti
1799 873 1857 912 se
1877 857 2078 914 habere

501 921 900 1004 testiinonium,
935 943 1000 996 ad
1026 959 1139 997 rem
1171 953 1349 1000 tamen
1386 962 1417 1001 a
1443 949 1726 1016 proposito
1757 949 1913 1020 longe
1941 951 2076 1005 alie.

500 1045 623 1083 nam
683 1047 742 1087 se
795 1042 1100 1101 convertat,
1143 1037 1388 1098 cumait
1439 1037 1748 1094 Pharisaaos
1774 1056 1952 1110 neque
1981 1039 2076 1095 Dei

498 1137 564 1176 ac
593 1121 771 1179 Patris
811 1141 1000 1180 vocem
1062 1143 1301 1199 unquam
1357 1131 1602 1197 audisse,
1634 1149 1814 1202 neque
1837 1132 2075 1196 speciem

497 1213 617 1282 ejus
642 1215 862 1279 vidisse,
898 1217 991 1272 sed
1043 1236 1218 1290 neque
1251 1222 1488 1277 Verbum
1518 1223 1664 1278 illius
1705 1225 1906 1280 habere
1963 1241 2074 1280 ma-

498 1325 634 1363 nens
657 1313 708 1363 in
737 1309 906 1380 ipsis?
931 1310 1041 1381 Ego
1091 1323 1240 1369 certe
1279 1324 1331 1370 et
1365 1316 1550 1385 quivis
1601 1317 1745 1371 alius
1781 1316 2078 1370 dubitatio-

497 1415 620 1453 nem
654 1400 963 1456 istiusmodi
1006 1417 1114 1458 non
1151 1403 1249 1458 abs
1281 1419 1338 1458 re
1368 1404 1484 1461 fore
1517 1405 1738 1460 dixerit.
1777 1404 1948 1472 Quem
1978 1407 2078 1476 igi-

497 1494 586 1538 tur
608 1501 830 1540 sensum
887 1490 1170 1557 proposito
1215 1491 1334 1545 loco
1367 1493 1602 1562 aptatu-ri
1636 1494 1833 1561 simus,
1856 1502 1910 1548 et
1943 1495 2076 1564 quid

496 1578 623 1631 novi
647 1579 1037 1648 excogitaturi,
1070 1581 1286 1636 veritati
1312 1600 1539 1653 prorsus
1570 1585 1912 1648 insistentes,
1949 1586 2074 1658 Spi-

499 1670 636 1724 ritus
675 1669 871 1723 virtute
901 1677 954 1725 et
995 1673 1171 1741 gratia
1202 1689 1475 1744 exponere
1498 1679 1760 1734 conabor.
1792 1679 1942 1736 Solet
1968 1681 2077 1736 Sal-

2181 483 2499 556 προτεθέντι
2527 484 2686 539 πάλιν
2710 481 3136 553 ἐπεισχεομένην
3167 479 3339 551 ῥητῷ,
3369 478 3505 533 άλλὰ
3532 495 3769 549 κεκρυμ-

2181 580 2360 649 μένων
2397 576 2767 648 θεωρημάτων
2817 573 3018 644 ἐσμὸν,
3076 573 3213 627 πολὺ
3267 571 3334 642 δὴ
3375 571 3497 624 λίαν
3535 569 3767 634 εὐκόλως

2177 668 2267 721 τὸν
2282 667 2390 720 τῶν
2410 667 2696 737 άζητήτως
2714 663 3154 736 ἐπακροωμένων
3176 661 3595 734 παριππεύοντα
3619 659 3764 725 νοῦν,

2181 759 2362 828 μόνοις
2383 758 2440 810 δέ
2477 758 2616 827 τάχα
2653 759 2764 819 τοῖς
2803 755 3129 825 πικρότερον
3158 753 3505 820 ἐξετάζουσιν
3538 750 3767 823 ὁρᾶσθαι

2178 848 2628 918 καταδεχόμενον.
2653 847 2717 899 Τί
2748 845 2856 916 γάρ
2882 846 2947 916 δὴ
2987 844 3048 896 τδ
3091 844 3375 906 πεπεικὸς,
3430 844 3647 912 ἐρείτις
3675 857 3766 893 τυ⁸

2176 943 2291 1012 χδν,
2345 941 2454 995 ἀπὸ
2508 941 2606 1010 τῆς
2647 937 2984 1009 θεοπρεποῦς
3033 937 3314 1007 ἐνεργείας
3369 931 3768 1006 μαρτυρεῖσθαι

2175 1035 2402 1103 λέγοντα
2440 1033 2530 1086 τὸν
2569 1031 2796 1102 Ἰησοῦν,
2846 1030 2923 1094 ὡς
2958 1029 3049 1083 ἐπί
3099 1047 3153 1082 τι
3191 1029 3302 1082 τῶν
3345 1026 3770 1098 παρακειμένων

2177 1125 2351 1179 ἐλθεῖν
2385 1124 2445 1177 τὸ
2472 1123 2605 1177 πολὺ
2634 1122 2753 1177 λίαν
2793 1119 3300 1192 ἀπεσχοινισμένον,
3341 1119 3403 1172 τὸ
3450 1119 3587 1187 μήτε
3631 1118 3770 1185 ἀκη-

2177 1219 2382 1283 κοέναι,
2421 1217 2584 1288 φημὶ,
2606 1217 2746 1280 ’τοὺς
2775 1214 3103 1286 Φαρισαίους
3127 1211 3345 1266 πώποτε
3387 1211 3487 1280 τῆς
3511 1209 3606 1262 τοῦ
3634 1206 3770 1261 Θεοῦ

2177 1310 2271 1364 καὶ
2296 1307 2506 1379 [ἰατρὸς
2529 1305 2735 1376 φωνῆς,
2767 1305 2904 1375 μήτε
2947 1303 3053 1374 μὴν
3083 1300 3376 1355 τεθεᾶσθαι
3397 1299 3458 1351 τὸ
3493 1294 3635 1357 εἶδος
3673 1297 3772 1349 αύ-

2176 1401 2293 1468 τοῦ,
2327 1400 2462 1454 ἀλλὰ
2503 1399 2636 1470 μηδὲ
2693 1397 2786 1451 τὸν
2820 1395 2992 1464 Λόγον
3039 1393 3182 1464 ἐχειν
3231 1390 3544 1446 ἐνοικοῦντα
3585 1389 3770 1452 αὐτοῖς

2179 1494 2270 1546 τὸν
2295 1493 2526 1546 ἐκείνου.
2549 1491 2659 1544 Καὶ
2689 1486 3027 1558 συνθήσομαι
3055 1502 3139 1552 γε,
3181 1485 3286 1546 ¹καί
3321 1485 3429 1546 πᾶς
3455 1499 3558 1544 τις,
3588 1480 3766 1548 οἶμαι,

2179 1586 2288 1640 τῶν
2315 1585 2508 1649 ἄλλων,
2542 1583 2620 1646 ὡς
2665 1583 2766 1636 οὐκ
2797 1581 2903 1648 ἔξω
2931 1578 3024 1633 τοῦ
3065 1579 3368 1649 πρέποντος
3401 1575 3601 1644 γένοιτ’
3628 1574 3694 1626 ἂν
3730 1575 3764 1643 ὴ

2182 1677 2404 1747 τοιαύτη
2435 1675 2586 1747 παρά
2623 1692 2784 1728 τινων
2816 1672 3178 1743 ἐπαπὸρησις.
3211 1671 3370 1722 Ποῖον
3396 1663 3491 1720 οὖν
3518 1668 3624 1738 ἄρα
3660 1667 3768 1726 τοῖς

499 1771 654 1816 valor
687 1763 940 1820 Christus
993 1780 1136 1835 saepe
1180 1767 1459 1824 disserens
1505 1770 1714 1826 utiliter
1738 1787 1861 1827 cum
1892 1774 2076 1829 stultis

2185 1769 2564 1840 προκειμένοις
2603 1765 2989 1836 ἐφαρμόσομεν
3013 1761 3157 1825 νοῦν,
3195 1762 3248 1813 τί
3269 1761 3328 1814 δὲ
3361 1759 3525 1812 πάλιν
3553 1759 3766 1826 εὑρεσι-

497 1856 810 1923 Pharisaeis,
861 1860 915 1913 in
970 1875 1159 1915 eorum
1201 1863 1366 1918 corda
1407 1866 1624 1934 penitus
1655 1867 1877 1935 iutueri,
1907 1877 2076 1941 etpro

495 1965 562 2004 eo
598 1965 661 2004 ac
716 1949 886 2005 Deum
912 1950 1070 2008 decet
1093 1970 1213 2024 quae
1239 1957 1389 2010 taciti
1417 1959 2080 2032 volvuntanimoperspi—

495 2055 643 2107 cere,
673 2041 869 2112 hisque
904 2044 1249 2112 potissimum
1293 2047 1649 2117 respondere,
1689 2059 1745 2104 et
1794 2053 1959 2106 verba
2013 2052 2080 2108 de

495 2132 567 2187 iis
596 2132 793 2196 facere,
822 2143 1002 2189 tamen
1039 2136 1359 2207 increpare;
1410 2141 1703 2195 verborum
1730 2143 1926 2198 seriem
1961 2159 2082 2198 om-

498 2224 632 2278 nino
654 2241 760 2279 non
788 2226 1090 2295 egreditur,
1124 2229 1220 2284 sed
1254 2229 1471 2284 illorum
1516 2233 1760 2290 consiliis
1784 2241 1838 2288 et
1871 2237 2082 2306 cogita-

499 2316 741 2372 tionibus
775 2319 958 2373 statim
993 2323 1258 2386 occurrit,
1298 2323 1424 2377 hinc
1463 2324 1628 2379 etiam
1679 2329 1976 2384 ostendens
2021 2343 2083 2384 se

500 2405 668 2461 Deum
693 2408 992 2462 secundum
1027 2420 1278 2465 naturam
1303 2429 1447 2476 esse,
1491 2423 1548 2468 ut
1577 2416 1672 2484 qui
1697 2426 1958 2486 agnoscat
1990 2432 2084 2473 oc-

497 2499 670 2560 culta,
711 2509 764 2556 et
818 2499 985 2555 corda
1042 2511 1323 2559 scrutetur
1367 2513 1420 2559 et
1439 2520 1618 2561 renes.
1654 2507 1709 2560 Si
1742 2509 1868 2577 quis
1899 2517 2082 2564 autem

495 2591 650 2655 velit,
688 2591 1191 2649 manifestissimam
1210 2596 1440 2666 hujusce
1459 2599 1537 2653 rei
1557 2599 2081 2658 demonstrationem

491 2681 566 2738 ab
597 2682 719 2737 aliis
770 2685 1140 2754 evangelistis,
1195 2685 1345 2762 Luca
1401 2689 1682 2753 nimirum,
1729 2698 1782 2745 et
1809 2692 2086 2747 aliisacci-

489 2773 628 2842 piet.
655 2771 934 2843 Scriptum
957 2785 1042 2831 est
1075 2777 1128 2831 in
1157 2777 1280 2832 aliis
1318 2777 1651 2849 Evangeliis,
1695 2779 2004 2838 Pharisacos
2030 2791 2086 2837 et

504 2866 644 2936 legis
664 2866 920 2922 doctores
950 2883 1014 2923 ex
1055 2869 1207 2924 omni
1261 2870 1694 2941 circumquaque
1725 2871 1914 2927 Judrea
1947 2888 2084 2928 con-

491 2965 750 3029 gregatos
781 2959 968 3015 fuisse.
1007 2979 1024 3012 ι
1064 2959 1127 3015 Ει
1149 2977 1280 3017 ecce
1304 2963 1430 3025 viri,
1486 2964 1686 3033 inquit,
1716 2973 2004 3034 portantes
2027 2968 2084 3022 in

502 3054 645 3108 lecto
667 3053 828 3124 255
855 3053 1152 3120 hominem,
1187 3055 1280 3124 qui
1307 3059 1781 3128 eratparalyticus
1815 3075 1827 3111 :
1857 3068 1910 3115 et
1937 3076 2086 3130 quae-

499 3146 694 3200 rebant
753 3162 878 3201 eum
929 3144 1154 3209 inferre,
1194 3155 1249 3202 et
1297 3164 1500 3217 ponere
1551 3159 1678 3205 ante
1704 3166 1850 3205 eum.
1883 3151 1948 3206 Et
1972 3170 2081 3208 non

500 3239 842 3294 invenientes
892 3254 998 3308 qua
1039 3248 1196 3309 parte
1261 3240 1412 3294 illum
1464 3239 1733 3297 inferrent
1766 3259 1876 3324 prae
1897 3247 2081 3311 turba,

497 3331 866 3385 ascenderunt
893 3345 1062 3401 super
1105 3339 1332 3396 tectum,
1375 3338 1429 3388 et
1483 3348 1582 3402 per
1629 3334 1841 3403 tegulas
1883 3335 2085 3391 submi-

500 3429 690 3476 serunt
719 3437 842 3475 eum
872 3437 996 3475 cum
1025 3423 1167 3477 lecto
1189 3423 1245 3478 in
1279 3423 1517 3480 medium
1551 3433 1678 3480 ante
1696 3424 1904 3482 Jesum.
1931 3427 2082 3494 Quo-

501 3527 622 3566 rum
657 3511 813 3566 fidem
841 3513 1072 3580 utvidit,
1104 3513 1244 3569 dixit
1289 3515 1595 3586 paralytico
1630 3533 1643 3568 :
1673 3514 1863 3583 Homo,
1898 3519 2086 3573 remit-

501 3611 695 3658 tuntur
718 3604 812 3657 tibi
842 3617 1060 3674 peccata
1089 3615 1203 3661 tua.
1228 3605 1293 3659 Et
1313 3609 1860 3680 cmperuntcogitare
1879 3609 2084 3668 Scriba

501 3703 554 3749 et
588 3692 845 3750 Pharisaei
899 3695 1146 3752 dicentes
1194 3715 1207 3751 :
1250 3697 1385 3763 Quis
1447 3707 1529 3753 est
1569 3699 1658 3753 hic
1715 3701 1810 3770 qui
1843 3702 2084 3772 loquitur

505 3787 908 3858 blasphemias?
949 3786 1085 3859 Quis
1139 3797 1320 3859 potest
1375 3788 1654 3878 dimittere
1702 3802 1948 3862 peccata,
1977 3795 2085 3852 nisi
2124 3812 2133 3822 ί

501 3881 654 3935 solus
682 3879 861 3935 Deus?
889 3878 956 3934 Ut
986 3882 1242 3951 cognovit
1262 3892 1444 3937 autem
1491 3880 1656 3939 Jesus
1719 3886 2085 3956 cogitationes

501 3985 717 4038 eorum,
756 3972 1097 4040 respondens
1120 3973 1258 4026 dixit
1283 3972 1351 4026 ad
1383 3974 1506 4031 illos
1539 3994 1552 4029 :
1579 3975 1720 4042 Quid
1747 3980 2004 4050 cogitatis
2029 3982 2083 4036 in

503 4061 761 4126 cordibus
787 4063 1029 4119 vestris?
1075 4063 1217 4130 Quid
1258 4072 1344 4120 est
1389 4064 1608 4123 facilius
1650 4067 1856 4135 dicere,
1895 4069 2087 4126 Dimit-

504 4163 698 4210 tuntnr
724 4156 821 4211 tibi
872 4165 1095 4225 peccata
1139 4165 1232 4211 tua
1261 4175 1274 4211 :
1308 4174 1377 4213 an
1413 4160 1597 4216 dicere
1628 4180 1641 4215 :
1678 4162 1853 4233 Surge
1873 4173 1935 4218 et
1966 4162 2087 4220 ani-

505 4247 632 4302 bula
663 4249 683 4278 ⁵
715 4248 737 4300 ?
774 4267 792 4300 ι
828 4247 993 4304 Vides
1030 4259 1088 4304 ut
1121 4265 1234 4304 non
1266 4259 1595 4320 exspectans
1649 4254 1780 4308 dum
1814 4256 2088 4326 loquendo

505 4337 901 4406 responderent
928 4347 1022 4394 aut
1057 4340 1562 4409 admurmurarent,
1596 4361 1786 4401 eorum
1805 4347 2091 4418 cogitatio-

2178 1862 2461 1932 λογοῦντες
2497 1861 2887 1932 ἐξαρτύσομεν,
2918 1858 3018 1927 τῆς
3044 1854 3304 1925 ἀληθείας
3338 1853 3592 1922 ἐχόμενοι
3640 1865 3770 1901 παν·

2178 1956 2337 2027 ταχῆ,
2362 1955 2453 2009 διὰ
2481 1954 2580 2025 τῆς
2604 1954 2698 2007 τοῦ
2731 1950 3050 2020 Πνεύματος
3081 1945 3364 2016 ἐνεργείας
3395 1960 3455 1996 τε
3488 1943 3584 1996 καὶ
3605 1941 3764 2011 χάρι-

2178 2065 2270 2110 τος
2307 2046 2540 2112 ἐξειπεῖν
2567 2044 2932 2114 πειράσομαιο
2973 2040 3134 2102 Ἐθος
3167 2037 3246 2106 τῷ
3280 2035 3495 2104 Σωτῆρι
3522 2031 3770 2104 Χριστῷ,

2181 2139 2488 2210 ποιουμένῳ
2537 2136 2799 2198 πολλάκις
2851 2133 2951 2196 τὰς
2997 2128 3302 2197 ἐωφελεῖς
3326 2125 3586 2190 διαλέξεις
3634 2121 3775 2193 πρὸς

2180 2233 2306 2294 τοὺς
2339 2229 2628 2290 ἀσυνέτους
2655 2226 2887 2298 μάλιστα
2923 2221 3276 2294 Φαρισαίους,
3301 2216 3381 2278 εἰς
3405 2214 3466 2268 τὸ
3507 2214 3604 2282 τῆς
3638 2227 3774 2283 καρ-

2180 2322 2298 2384 δίας
2323 2319 2502 2374 αὐτῶν
2540 2317 2806 2382 άτενίζειν
2833 2313 3015 2384 βάθος,
3037 2312 3132 2364 καί
3163 2302 3627 2378 περισκέπτεσθαι
3656 2300 3769 2352 Oeo-

2183 2413 2409 2486 πρεπῶς
2441 2412 2509 2467 τὰ
2538 2413 2596 2466 ἐν
2620 2409 2909 2479 λογισμοῖς
2935 2403 3168 2474 ἀφώνοις
3228 2400 3310 2453 ἔτι
3345 2395 3488 2496 κατὰ
3507 2395 3613 2496 ,τὸν
3645 2390 3777 2496 νοῦν

2186 2505 2530 2579 στρεφόμενά
2574 2521 2634 2557 τε
2698 2502 2794 2555 καὶ
2842 2496 3264 2565 άνακινούμενα,
3301 2488 3564 2592 καὶπρὸς

2188 2575 2422 2670 μάλιστα
2459 2595 2554 2649 καί
2582 2593 2682 2656 τὰς
2709 2590 3032 2662 ἀποκρίσεις
3085 2582 3376 2643 ποιεῖσθαι,
3418 2581 3513 2634 καὶ
3539 2579 3665 2641 τοὺς
3689 2575 3778 2670 kd-

2184 2667 2314 2760 γους
2351 2687 2460 2742 ἔσθ’
2483 2689 2594 2750 ὅτε,
2617 2685 2714 2739 καί
2739 2685 2866 2746 τοὺς
2896 2681 3154 2750 ἐλέγχους
3179 2676 3304 2738 τοὺς
3335 2673 3420 2726 ἐπ’
3445 2671 3648 2733 αὐτοῖς,
3679 2667 3778 2722 καὶ

2184 2782 2245 2835 ού
2280 2781 2496 2842 πάντως
2525 2777 2632 2831 τῶν
2657 2775 2874 2829 οἰκείων
2897 2771 3156 2844 ῥημάτων
3182 2767 3494 2835 άνεξίτητον
3523 2761 3780 2832 διατηρεῖ

2185 2873 2276 2926 τὸν
2305 2868 2516 2942 είρμόν·
2546 2865 2684 2922 ἀλλὰ
2716 2865 2853 2937 πρὸς
2881 2864 3018 2932 ὅπερ
3057 2862 3124 2914 ἃν
3146 2860 3342 2912 ἐκεῖνοι
3389 2852 3774 2924 βουλεύωνται,

2188 2964 2282 3018 καὶ
2304 2963 2422 3016 καθ’
2447 2959 2673 3021 ἑαυτοὺς
2713 2955 2956 3017 ἐννοῶσι,
3005 2952 3204 3022 δριμὺς
3251 2948 3485 3016 ὑπαντᾷ,
3535 2943 3631 2998 καὶ
3685 2943 3781 2997 διὰ

2188 3055 2376 3110 τούτου
2439 3053 2673 3115 δεικνὺς,
2733 3048 2925 3118 ὃτιπέρ
2973 3048 3091 3099 ἐστι
3139 3040 3280 3096 κατὰ
3328 3039 3490 3110 φύσιν
3519 3033 3780 3099 Θεὸς.ὡς

2188 3146 2472 3216 γινώσκων
2498 3143 2565 3198 τὰ
2584 3144 2641 3195 ἐν
2665 3141 2744 3211 τῷ
2771 3139 2922 3209 βάθει
2945 3137 3194 3205 κείμενα,
3229 3133 3323 3186 καὶ
3357 3130 3583 3200 καρδίας
3611 3130 3776 3197 ἐρευ-

2183 3237 2289 3291 νῶν
2332 3235 2428 3290 καὶ¹
2457 3231 2710 3304 νεφρούς.
2757 3228 3006 3299 Δεχέσθω
3039 3226 3116 3291 δὲ,
3157 3224 3210 3278 εἴ
3243 3240 3320 3292 τῳ
3352 3223 3521 3284 δοκεῖ,
3551 3219 3652 3288 τὴν
3681 3217 3779 3270 ἐπὶ

2180 3329 2293 3391 τοῖς
2337 3323 2648 3397 εἰρημένοις
2702 3317 3107 3392 ἐναργεστάτην
3163 3313 3436 3411 ἀπόδειξιν
3467 3310 3619 3411 παρὰ
3663 3308 3779 3411 τιῖδν

2183 3419 2385 3489 ἐτέρων
2405 3412 2828 3483 εὐαγγελιστῶν,
2871 3409 3058 3464 Λουκᾶ
3099 3406 3186 3477 δὴ,
3219 3403 3383 3474 φημὶ,
3408 3403 3500 3456 καὶ
3526 3399 3635 3453 τῶν
3674 3399 3776 3451 σὺν

2182 3511 2354 3582 αὐτῷ.
2393 3510 2709 3580 Γέγραπται
2741 3504 2916 3558 τοίνυν
2954 3504 3012 3555 ἐν
3045 3499 3252 3570 ἑτέροις
3290 3493 3664 3564 Εὐαγγελίοις,
3695 3491 3778 3555 ὡς

2181 3601 2323 3676 ἦσάν
2349 3619 2479 3655 ποτε
2517 3595 2938 3668 συνεληλυθότες
2975 3593 3083 3649 άπὸ
3111 3591 3292 3658 πάσης
3327 3589 3429 3657 τῆς
3461 3582 3776 3676 περιχώρου

2181 3674 2282 3767 τῆς
2314 3693 2578 3765 Ἰουδαίας
2628 3690 2909 3761 Φαρισαῖοι
2943 3686 3036 3738 καί
3073 3679 3517 3752 νομοδιδάσκαλοι
3540 3693 3554 3707 ⁸
3605 3696 3621 3727 ι
3662 3674 3782 3767 Καὶ

2187 3764 2296 3841 ἰδοὺ
2318 3764 2531 3854 ἄνόρες,
2565 3783 2722 3852 φησί,
2749 3779 3008 3850 φέροντες
3039 3775 3132 3827 ἐπὶ
3157 3773 3346 3842 κλίνης
3369 3770 3677 3839 ἄνθρωπον,
3715 3764 3783 3829 ὃς

2181 3876 2250 3950 ἦν
2276 3874 2742 3947 παραλελυμένος,
2767 3871 2862 3923 καὶ
2884 3867 3108 3938 ἐζήτουν
3127 3863 3290 3918 αὐτὸν
3315 3859 3648 3950 εἰσενεγκεῖν
3675 3854 3785 3950 καὶ

2185 3947 2358 4027 θεῖναι
2384 3967 2617 4022 ἐνώπιον
2677 3961 2863 4018 αὐτοῦ.
2923 3959 3036 4014 Καὶ
3088 3955 3163 4028 μὴ
3209 3953 3458 4025 εὑρόντες
3495 3949 3580 4002 διὰ
3613 3947 3794 4017 ποίας

2185 4063 2572 4131 εἰσενέγκωσιν
2589 4056 2754 4112 αὑτὸν
2789 4052 2880 4106 διὰ
2904 4051 2995 4104 τὸν
3029 4049 3206 4120 ὄχλον,
3261 4043 3563 4103 ἀναϐάντες
3599 4037 3696 4131 ἐπὶ
3721 4039 3793 4091 τὸ

2178 4155 2363 4226 -δῶμα,
2388 4152 2476 4207 διὰ
2497 4151 2608 4206 τῶν
2639 4147 2903 4221 κεράμων
2932 4142 3184 4211 καθῆκαν
3201 4137 3364 4235 αὑτὸν
3388 4135 3484 4235 σῦν
3501 4130 3786 4235 prpitii-1‘:-

2187 4223 2284 4320 Eiqi
2309 4249 2389 4312 εἰς
2421 4245 2481 4300 τὸ
2541 4243 2727 4315 μέσον,
2774 4234 3081 4309 ἔμπροσθεν
3117 4231 3210 4286 τοῦ
3269 4226 3465 4298 Ἰησοῦ.
3501 4223 3609 4320 Καιί
3652 4223 3790 4275 ἰδὼν

2189 4317 2290 4413 τὴν
2322 4340 2507 4392 πίστιν
2551 4333 2751 4398 αὐτῶν,
2785 4327 2906 4384 εἷπε
2934 4327 3012 4398 τῷ
3047 4321 3429 4398 παραλυτικῷ·
3465 4317 3794 4413 Ἄνθρωπε,

506 4429 670 4483 nilus
688 4439 964 4496 occurrat,
983 4440 1042 4487 ut
1065 4432 1226 4489 Deus.
1262 4434 1425 4490 Aliud
1446 4407 1753 4508 exemplum
1771 4407 2084 4497 istiusmodi

2195 4407 2469 4504 ἅιρέωνταί
2503 4447 2582 4483 σοι
2612 4428 2668 4482 αἰ
2699 4421 2968 4495 ἁμαρτίαι
3006 4437 3119 4473 σου.
3149 4415 3260 4472 Καὶ
3287 4407 3798 4520 ἡρξαντριδιαλογί-

504 4521 649 4591 apnd
681 4523 931 4577 eumdem
959 4527 1226 4594 reperies.
1264 4524 1358 4580 Sic
1382 4529 1524 4582 enim
1554 4529 1748 4586 beatus
1781 4531 1959 4591 Lucas
1993 4535 2095 4590 ait:

2197 4501 2382 4591 ζεσθαι
2431 4525 2481 4575 οἰ
2513 4518 2867 4592 Γραμματείς
2923 4512 3020 4568 καὶ
3059 4511 3110 4564 oi
3149 4508 3455 4580 Φαρισαῖοι,
3486 4501 3747 4592 λέγοντες
3779 4515 3796 4528 ο

508 4631 532 4666 ι
563 4611 790 4666 Factum
849 4623 934 4670 est
972 4591 1153 4672 autem
1191 4626 1246 4672 et
1275 4619 1330 4672 in
1361 4621 1469 4673 alio
1503 4619 1745 4677 Sabhato
1777 4633 1836 4678 ut
1861 4626 2084 4682 intrarel

2197 4618 2292 4682 Τίς
2321 4618 2471 4670 ἐστιν
2491 4591 2668 4675 οὗτος,
2708 4611 2768 4673 ὃς
2808 4607 2962 4661 λαλεῖ
3001 4599 3388 4675 βλασφημίαςς
3435 4596 3534 4658 Τίς
3553 4591 3799 4682 δύναται

507 4707 564 4760 ἱη
616 4719 975 4776 synagogam,
1039 4718 1094 4763 et
1154 4710 1395 4765 doceret.
1433 4710 1499 4764 Et
1555 4722 1674 4767 erat
1703 4713 1775 4767 ibi
1808 4716 1990 4780 homo,
2047 4733 2084 4774 el

2198 4678 2470 4780 ἁμαρτίας
2515 4701 2757 4772 ἀφιέναι,
2804 4698 2854 4750 εἰ
2894 4697 2968 4767 μὴ
2991 4689 3070 4758 εἷς
3103 4695 3132 4746 ὁ
3154 4689 3286 4780 Θεός
3306 4682 3642 4780 ;-Ἐπιγνοὺς
3661 4678 3728 4780 ξὲ

508 4811 704 4852 manus
731 4797 850 4866 ejus
879 4799 1102 4854 dextera
1155 4809 1273 4854 erat
1297 4801 1467 4857 arida.
1499 4799 1879 4860 Observabant
1911 4817 2098 4863 autem

511 4887 718 4944 Scribae
739 4901 793 4945 et
819 4891 1078 4946 Phariszei
1101 4893 1148 4948 si
1183 4895 1237 4947 in
1263 4891 1502 4948 Sahbatn
1529 4905 1769 4957 curaret,
1793 4905 1850 4951 ut
1878 4898 2092 4954 inveni-

509 4989 634 5037 rent
669 4982 812 5038 unde
835 4994 1165 5040 accusarent
1197 5000 1344 5040 eum.
1380 4984 1500 5055 Ipse
1528 5001 1660 5040 vero
1703 4987 1914 5042 sciebat
1942 4991 2096 5060 cogi-

507 5073 746 5128 tationes
777 5089 966 5128 eorum
1003 5081 1096 5127 :et
1123 5074 1201 5128 ait
1233 5073 1444 5129 homini
1475 5074 1568 5144 qui
1596 5073 1831 5129 habebat
1867 5089 2091 5130 manum

507 5164 716 5219 aridam
743 5183 757 5219 :
785 5165 980 5236 Surge,
1010 5173 1064 5220 et
1110 5173 1195 5220 sta
1230 5166 1283 5220 in
1329 5166 1588 5221 medium.
1615 5164 1681 5220 Et
1710 5181 1964 5238 surgens,
1987 5176 2098 5223 ste-

507 5257 592 5310 tit.
615 5257 908 5322 Aitautem
972 5257 1040 5312 ad
1093 5258 1223 5314 illos
1269 5255 1850 5330 lesuszlnterrogabo
1896 5275 2014 5326 vos,
2048 5261 2094 5318 si

511 5347 635 5402 licet
665 5346 900 5405 Sabbato
917 5346 1266 5412 benefacere,
1303 5365 1370 5404 an
1397 5348 1536 5404 male
1552 5350 1572 5380 ⁸
1597 5349 1619 5403 τ
1646 5369 1664 5400 ι
1685 5348 1853 5406 Vides
1871 5366 2093 5407 rursum

503 5441 599 5496 :hic
633 5451 692 5495 ut
721 5451 1013 5514 perspecto
1044 5444 1211 5500 corde
1231 5459 1421 5499 eorum
1453 5443 1728 5512 quistulte
1761 5444 1940 5513 ipsqu
1981 5443 2092 5498 cri-

512 5533 710 5586 minari
741 5535 1075 5599 nitebantur,
1107 5535 1211 5591 ista
1247 5535 1485 5592 dixerit?
1527 5533 1656 5592 Tale
1684 5535 1814 5608 quid
1850 5551 2015 5605 porro
2057 5551 2087 5589 a

585 5708 602 5738 '
639 5705 770 5761 Luc.
806 5723 857 5773 ν,
887 5708 1074 5763 18-26.
1151 5711 1170 5738 "
1213 5709 1347 5764 Luc.
1378 5724 1452 5777 vl,
1488 5709 1600 5764 6-9.

3766 4680 3803 4732 ὁ

2210 4768 2628 4865 ’ίησοῦς,φησὶ,
2658 4787 2785 4851 τοὺς
2804 4781 3191 4853 διαλογισμοὺς
3221 4777 3422 4876 αὐτῶν,
3447 4768 3800 4876 άποκριθεὶς

2193 4884 2483 4956 εἶπε-πρὸς
2511 4878 2706 4942 αὐτούς
2737 4891 2753 4908 ⁶
2789 4877 2854 4931 Τί
2893 4871 3262 4942 διαλογίζεσθε
3289 4869 3347 4922 ἐν
3376 4868 3497 4930 ταῖς
3532 4868 3800 4968 impetat;

2195 4975 2469 5050 ὑμῶν;Τί
2495 4975 2645 5027 ἐστιν
2667 4968 3044 5039 εὐκοπώτερον
3090 4965 3298 5024 εἰπεῖν,
3351 4958 3656 5050 ’Δφέωνταί
3701 4969 3796 5007 σοι

2195 5047 2254 5126 αἰ
2277 5068 2544 5142 ἁμαρτίαι
2579 5083 2697 5130 σου,
2730 5064 2763 5136 ἢ
2786 5064 2991 5125 εἰπεῖν,
3016 5059 3268 5127 Ἔγειραι
3293 5053 3388 5107 καὶ
3410 5047 3706 5142 περιπάτει
3735 5063 3786 5111 ;ι

2212 5138 2376 5235 Ὀρᾷς
2401 5138 2553 5224 Ἲὸπως
2575 5160 2635 5212 οὑ
2666 5156 2990 5230 περιμείνας
3015 5151 3114 5222 τὴν
3149 5152 3206 5202 ἐν
3231 5143 3486 5218 προφορᾷ
3597 5138 3791 5235 μάτων

2201 5232 2514 5326 ἀπόκρισιν,
2539 5256 2660 5324 ἤτοι
2692 5245 3028 5320 γογγυσμδν,
3069 5241 3205 5313 πρὸς
3240 5239 3340 5302 τὰς
3377 5239 3438 5289 ἐν
3481 5233 3666 5326 αὐτοῖς
3694 5232 3792 5326 tv:

2202 5319 2361 5412 νοίας
2385 5348 2461 5411 ὡς
2489 5319 2629 5409 Θεὸς
2682 5319 3059 5412 ἀποκρίνεται.
3091 5332 3359 5404 Εὑρήσεις
3393 5328 3456 5381 δέ
3497 5325 3661 5379 πάλιν
3689 5319 3804 5375 καὶ

2197 5440 2389 5512 ἑτέραν
2423 5437 2748 5510 πράγματος
2769 5432 2975 5493 εἰκόνα,
3009 5426 3152 5483 κατὰ
3187 5422 3352 5477 τοῦτο
3391 5412 3808 5512 διηρτισμένην

2198 5533 2258 5588 τὸ
2285 5505 2488 5604 σχῆμα,
2534 5505 2693 5598 Λέγει
2749 5525 2856 5596 γάρ
2899 5523 3071 5585 οὓτως
3113 5520 3142 5572 ὁ
3199 5513 3468 5588 μακάριος
3519 5505 3744 5568 Λουκᾶς
3785 5517 3805 5531 °
