4044 6200
520 275 630 331 415

1371 272 1381 278 ”
1479 275 1538 332 S.
1577 275 1856 333 CYRILLI
1893 273 2364 332 ALEXANDRINI
2397 273 2720 331 ARCHIEP.

3655 268 3768 326 με

519 399 699 445 autem
733 389 1098 460 respondebat
1128 388 1176 444 ei
1198 389 1420 444 vocem
1451 388 1516 444 Et
1544 389 2084 461 istiusmodiquidem

2195 390 2352 458 ὑμεῖς
2377 389 2441 442 οὐ
2471 404 2778 442 πιστεύετε.
2819 404 2838 439 ι
2869 385 2950 440 Τά
2977 385 3084 456 γὰρ
3098 385 3155 438 ὲν
3172 383 3329 455 τύπῳ
3356 382 3615 452 γεγονότα
3637 387 3763 438 κατ’

517 491 602 536 est
621 481 1007 547 sapientissimi
1021 479 1218 550 Moysis
1236 480 1543 535 oraculum.
1560 480 1668 536 Sed
1689 495 1854 546 nunc,
1870 481 2087 548 Opinor,

516 569 913 624 ostendendum
939 568 1097 624 nobis
1115 576 1198 623 est
1217 566 1433 623 Judazos
1463 570 1516 622 in
1545 570 1861 638 opinionem
1885 570 1952 624 de
1981 569 2090 625 Deo

447 675 454 680 κ
516 661 672 713 valde
695 657 982 712 ridiculam
1044 673 1165 713 esse
1212 659 1488 730 delapsos,
1543 661 1637 731 qui
1687 662 1934 731 putarint
1965 677 2089 717 cum

515 751 636 819 ejus
683 750 924 819 speciem
987 765 1046 804 se
1085 749 1309 817 vidisse,
1369 758 1484 805 tum
1515 766 1705 807 vocem
1747 768 1855 823 qua
1886 761 2083 808 natura

514 842 698 897 divina
737 842 965 912 praedita
990 843 1062 898 sit
1089 858 1147 898 re
1178 858 1302 898 vera
1329 843 1567 901 audisse.
1601 844 1711 914 Age
1740 845 1944 912 itaque,
1965 845 2087 900 Sal-

513 933 720 987 vatoris
759 933 932 1002 gratia
955 940 1008 989 et
1045 933 1381 1004 benignitate
1420 933 1635 996 conlisi,
1676 935 1873 990 littera:
1896 936 2086 1006 legalis

512 1023 814 1077 crassitiem
845 1024 910 1078 ad
956 1025 1257 1094 spiritalem
1287 1024 1804 1093 contemplationem
1833 1025 2087 1082 subtilius

512 1116 933 1172 transferamus.
998 1115 1089 1170 Sic
1124 1117 1270 1171 enim
1316 1115 1601 1186 apparebit
1643 1132 1860 1186 quoque
1895 1133 2086 1172 verum

510 1207 642 1260 illud
673 1222 796 1263 esse
841 1208 987 1277 quod
1026 1208 1092 1262 ad
1125 1207 1430 1264 Pharisaeos
1457 1208 1526 1263 de
1563 1207 1675 1263 Deo
1709 1209 1915 1263 dictum
1953 1217 2037 1264 est
2068 1225 2082 1263 :

2189 481 2364 534 ἐκεῖνο
2402 478 2497 534 τοῦ
2556 479 2772 550 καιροῦ,
2807 479 2901 533 καὶ
2942 479 3010 531 δι’
3051 473 3127 530 ὧν
3156 477 3338 539 αὐτοῖς
3369 478 3402 546 ἡ
3439 475 3533 528 ἐπὶ
3556 474 3617 530 τὸ
3643 476 3771 548 ὅρος

2187 572 2250 624 τὸ
2284 573 2416 626 Σινᾶ
2444 570 2667 634 κάθοδος
2708 572 2842 640 ὲσχη
2852 566 3107 641 ματίζετο
3121 567 3216 621 τοῦ
3237 567 3396 633 Θεοῦ,
3415 568 3587 621 ταῦτα
3607 567 3766 622 πάλιν

2191 663 2393 726 εἰδότες
2424 662 2593 727 οὐδὲν,
2640 663 2741 715 οὐκ
2773 662 2856 724 εἰς
2892 660 3107 723 εἰκόνας
3147 659 3490 730 πραγμάτων
3529 657 3770 728 ἐδέχοντο

2191 754 2415 823 νοητῶν,
2451 753 2563 806 ἀλλ’
2587 753 2739 816 ὄντες
2779 751 2877 824 [αι.
2911 749 3103 818 ὅντως]
3140 751 3234 803 καὶ
3256 751 3370 812 τοῖς
3389 748 3484 801 τοῦ
3520 747 3771 817 σώματος

2192 845 2491 916 ὀφθαλμοῖς
2543 844 2746 915 όρατὴν
2793 837 2932 896 εἶναι
2981 841 3239 896 δύνασθαι
3288 839 3386 911 τὴν
3430 839 3582 892 θείαν
3605 837 3772 909 ᾤοντο

2195 935 2376 1005 φύσιν,
2409 936 2504 988 καὶ
2537 938 2688 1006 φωνῇ
2727 935 3015 1004 σωματικῇ
3055 931 3356 1002 κεχρῆσθαι
3383 929 3774 984 πεπιστεύκει-

2195 1044 2316 1081 σαν.
2362 1029 2482 1080 Ὅτι
2505 1026 2562 1080 δὲ
2590 1025 2795 1097 ἀληθὴς
2824 1027 2909 1078 ἐπ’
2939 1025 3123 1088 αὐτοῖς
3151 1023 3246 1078 τοῦ
3276 1024 3527 1093 Σωτῆρος
3559 1023 3590 1074 ό
3618 1021 3774 1088 λόγος

2195 1113 2284 1188 ἦν,
2312 1117 2408 1172 καὶ
2428 1115 2552 1171 οῦτε
2583 1117 2768 1188 φωνῆς
2787 1116 3058 1187 ἀκηκόασί
3095 1133 3227 1170 ποτε
3250 1113 3340 1168 τοῦ
3373 1113 3508 1166 Θεοῦ
3530 1113 3631 1168 καὶ
3666 1115 3778 1166 Πα-

2192 1209 2338 1280 τρὸς,
2363 1207 2488 1262 οὔτε
2519 1208 2618 1279 μὲν
2637 1207 2760 1277 ὄψει
2802 1209 2868 1278 τῇ
2895 1206 2984 1260 διὰ
3028 1205 3281 1277 σώματος
3303 1205 3554 1258 τεθέαται
3577 1222 3662 1268 τις
3698 1200 3777 1258 εἷ-

2181 1298 2276 1368 ,δος
2292 1298 2480 1363 αὑτοῦ,
2493 1299 2738 1352 τουτέστι
2760 1298 2852 1351 τὸν
2867 1298 3052 1369 ὅμοιον
3074 1296 3222 1367 αύτῷ
3240 1296 3380 1352 κατά
3396 1296 3572 1350 πάντα
3596 1296 3774 1364 λόγον,

509 1388 648 1442 ciem
679 1388 800 1458 ejus
823 1389 1056 1445 vidistis.
1101 1407 1120 1440 ι

2189 1392 2386 1461 χρῆναι
2413 1390 2572 1444 πάλιν
2604 1389 2865 1454 ἐπιδεῖξαι
2895 1388 3080 1458 σαφῶς
3114 1387 3482 1459 ὑπολαμϐάνω
3515 1388 3584 1440 τά
3612 1388 3670 1440 ὲν
3705 1390 3772 1458 τῇ

523 1479 718 1549 Ἐξόδῳ
737 1479 1099 1551 γεγραμμένα
1133 1481 1446 1551 παραθέντα
1477 1480 1612 1551 πρὸς
1642 1476 1868 1548 ἔρευνάν
1901 1496 1961 1532 τε
1991 1481 2084 1534 καὶ
2122 1480 2356 1552 βάσανον
2385 1481 2786 1552 πνευματικήν.
2823 1481 2977 1551 Ἔχει
3004 1479 3062 1534 δὲ
3089 1478 3261 1543 οὕτως
3286 1497 3300 1512 ·
3349 1498 3367 1532 ι
3391 1479 3502 1534 Kal
3540 1480 3774 1550 ἐξήγαγε

509 1576 713 1646 Μωσῆς
735 1576 826 1629 τὸν
851 1577 978 1630 λαὸν
1001 1577 1079 1640 εἰς
1117 1577 1217 1646 τὴν
1245 1576 1568 1646 συνάντησιν
1587 1574 1682 1630 τοῦ
1721 1574 1858 1628 Θεοῦ
1887 1577 1952 1630 ἐκ
2019 1580 2117 1648 τῆς
2157 1578 2529 1650 παρεμϐολῆς,
2599 1578 2694 1632 καὶ
2730 1577 3080 1648 παρέστησαν
3128 1577 3232 1631 ὑπὸ
3260 1576 3384 1648 ὅρος
3429 1577 3490 1630 τὸ
3522 1577 3669 1630 Σινᾶ.
3702 1577 3776 1630 Τὸ

507 1668 567 1720 δὲ
593 1669 717 1739 ὅρος
751 1670 813 1722 τὸ
842 1671 973 1723 Σινᾶ
1005 1670 1327 1735 ἐκαπνίζετο
1351 1670 1469 1724 ὅλον
1489 1671 1578 1724 διὰ
1616 1671 1676 1725 τὸ
1704 1671 2142 1742 καταϐεϐηκέναι
2178 1675 2269 1728 τὸν
2291 1675 2424 1728 Θεὸν
2456 1673 2544 1727 ἐπ’
2568 1672 2734 1727 αὑτοῦ
2794 1677 2853 1727 ὲν
2899 1673 3050 1742 πυρί.
3111 1672 3220 1726 Kal
3252 1672 3535 1726 ἀνέϐαινεν
3591 1672 3620 1724 ό
3675 1689 3777 1726 κα-

510 1758 662 1822 πνὸς,
687 1759 766 1824 ὠς
813 1761 1019 1826 καπνὸς
1076 1762 1327 1832 καμίνου.
1386 1763 1496 1819 Kal
1550 1762 1746 1832 ἐξέστη
1779 1766 1887 1828 πᾶς
1914 1767 1942 1818 ό
1964 1765 2091 1831 λαδς
2131 1767 2356 1838 σφόδρα.
2395 1765 2666 1835 Ἐγίνοντο
2699 1765 2757 1818 δὲ
2817 1765 2874 1818 αἰ
2912 1764 3089 1834 φωναὶ
3132 1767 3230 1834 τῆς
3271 1764 3571 1832 σάλπιγγος
3639 1778 3772 1834 προ’

509 1851 810 1918 ϐαίνουσαι,
840 1855 1056 1923 ἰσχυραὶ
1095 1855 1319 1925 σφόδρα.
1345 1855 1551 1925 Μωσῆς
1585 1855 1785 1920 ἐλάλει,
1821 1859 1848 1910 ό
1906 1857 1963 1911 δὲ
2028 1858 2162 1922 Θεὸς
2199 1859 2537 1930 ἀπεκρίνατο
2569 1857 2720 1928 αὐτῷ
2747 1860 2922 1928 φωνῇ.
2941 1876 2959 1909 ι
3008 1850 3137 1910 Ὧδε
3181 1857 3280 1928 μὲν
3311 1851 3404 1910 οῦν
3431 1857 3562 1926 ἡμῖν
3590 1857 3652 1910 τὸ
3682 1857 3773 1910 τοῦ

509 1941 784 2010 πανσόφου
832 1943 1074 2007 Μωσέως
1117 1943 1296 2012 λόγιον
1352 1943 1483 2014 ἔχει.
1538 1948 1660 1998 Δεῖν
1684 1945 1740 1998 δὲ
1777 1941 1951 2016 οἶμαι,
1985 1949 2080 2002 καὶ
2117 1951 2211 2002 νῦν
2239 1951 2318 2012 εἰς
2339 1947 2684 2017 γελοιοτάτην
2709 1947 3215 2012 κατολισθαίνοντας
3253 1947 3382 2018 περί
3419 1947 3556 2000 Θεοῦ
3621 1947 3777 2014 δόξαν

505 2037 632 2100 τοὺς
670 2037 958 2100 Ἰουδαίους
987 2037 1249 2108 ἐλέγχειν,
1282 2040 1374 2092 καί
1392 2037 1522 2092 αὐτὸ
1548 2039 1839 2093 τεθεᾶσθαι
1895 2042 1958 2094 τὸ
2021 2040 2159 2107 εἶδος
2195 2033 2480 2113 οἰηθέντας
2510 2039 2696 2106 αὑτοῦ,
2730 2042 2824 2095 καὶ
2849 2042 3079 2097 ἀκοῦσαι
3111 2046 3211 2114 τῆς
3249 2043 3416 2106 ὅντως
3450 2040 3677 2112 ἐνούσης
3713 2043 3780 2110 τῇ

507 2127 628 2198 θείᾳ
655 2127 814 2196 φύσει
855 2127 1062 2198 φωνῆς.
1104 2129 1239 2195 Ἀγε
1269 2127 1332 2198 δὴ
1377 2127 1558 2181 τοίνυν
1593 2130 1659 2199 τῇ
1701 2127 1794 2181 τοῦ
1836 2129 2086 2201 Σωτῆρος
2125 2133 2548 2205 ὲπιθαρσοῦντες
2567 2137 2802 2210 χορηγίᾳ
2843 2134 2939 2188 καὶ
2968 2132 3173 2204 χάριτι,
3235 2131 3332 2204 τὴν
3385 2133 3481 2186 τοῦ
3552 2134 3780 2203 νομικοῦ

506 2223 792 2293 παχύτητα
824 2223 1151 2294 γράμματος
1172 2224 1252 2285 είς
1308 2222 1685 2295 πνευματικὴν
1746 2223 1979 2295 θεωρίαν
2045 2227 2528 2302 ἁπολεπτύνωμεν.
2561 2233 2716 2287 Οὕτω
2744 2229 2854 2301 γὰρ
2909 2228 3145 2299 μάλιστα
3183 2228 3429 2296 φανεῖται
3460 2226 3555 2280 καὶ
3580 2225 3780 2292 ἀληθὲς

516 1315 536 1346 ‹
573 1294 761 1366 Neque
811 1313 1000 1352 vocem
1041 1298 1161 1367 ejus
1198 1312 1437 1368 unquam
1479 1297 1737 1363 audistis,
1761 1311 1942 1367 neque
1965 1313 2087 1367 spe-

504 2315 567 2367 τὸ
607 2316 743 2387 πρὸς
796 2315 1122 2386 Φαρισαίους
1163 2313 1452 2386 εἰρημένον
1506 2316 1636 2386 περί
1684 2315 1852 2368 Θεοῦ·
1888 2335 1907 2368 ι
1940 2314 2079 2370 Οῦτε
2121 2320 2306 2391 φωνὴν
2359 2322 2524 2376 αὑτοῦ
2580 2321 2802 2378 πώποτε
2857 2319 3155 2392 ἀκηκόατε,
3211 2317 3336 2372 οὔτε
3408 2315 3548 2383 εἶδος
3614 2316 3779 2373 αὑτοῦ

506 2410 806 2479 ἑωράκατε.
845 2426 864 2459 ι

575 2502 732 2570 ριοά
765 2505 932 2575 igitur
964 2504 1203 2574 populus
1250 2505 1306 2558 in
1346 2519 1642 2560 occursum
1671 2503 1767 2560 Dei
1807 2505 2083 2572 educitur,

2258 2505 2332 2558 Τὸ
2383 2504 2482 2576 μὲν
2514 2500 2610 2558 οὖν
2641 2503 2731 2557 διὰ
2777 2499 3020 2564 Μωσέως
3065 2499 3356 2569 ἐξάγεσθαι
3397 2499 3489 2553 τὸν
3531 2498 3658 2552 λαὸν
3700 2501 3781 2563 εἰς

505 2601 649 2654 sicut
682 2599 951 2670 scriptum
997 2609 1100 2664 est,
1149 2597 1502 2653 manifestum
1546 2600 1764 2669 signum
1808 2597 1995 2662 fuerit,
2035 2605 2092 2654 et

503 2693 676 2762 ﬁgura
715 2706 824 2746 non
861 2707 1026 2762 posse
1061 2691 1281 2760 aliquos
1319 2690 1386 2744 ad
1424 2690 1594 2745 Deum
1629 2691 1837 2760 absque
1871 2690 2094 2746 institu-

485 2787 654 2838 ‘tione
685 2792 738 2838 et
771 2783 1005 2838 scientia
1036 2781 1244 2846 venire,
1283 2781 1378 2836 sed
1404 2781 1522 2852 lege
1557 2781 1746 2851 potius
1775 2781 1939 2850 quasi
1969 2795 2088 2835 ma-

503 2891 577 2929 nu
610 2875 676 2928 ad
717 2875 1054 2945 agnitionem
1097 2887 1288 2928 eorum
1331 2888 1456 2943 quae
1505 2873 1742 2943 cupiunt
1797 2872 2088 2938 deductos,

503 2966 840 3037 perdiscere.
874 2966 1079 3020 Mosem
1113 2965 1315 3036 quippe
1339 2979 1441 3036 pro
1467 2965 1585 3035 lege
1604 2965 1908 3035 capiemus,
1935 2963 2090 3034 juxta

500 3057 636 3111 illud
659 3056 805 3125 quod
826 3071 856 3110 a
883 3055 1119 3125 quodam
1157 3055 1366 3109 dictum
1399 3063 1484 3110 est
1511 3073 1524 3109 :
1555 3073 1574 3106 ε
1615 3053 1832 3110 Habent
1861 3055 2088 3127 Moysen

500 3157 555 3204 et
594 3150 890 3219 prophetas
932 3149 999 3203 “.
1045 3167 1063 3199 ι
1109 3146 1270 3213 Quod
1313 3155 1498 3201 autem
1533 3146 1772 3216 populus
1796 3155 1946 3202 astat
1985 3147 2089 3202 sub

500 3249 710 3304 monte,
744 3255 868 3295 cum
895 3240 1008 3309 jam
1043 3237 1426 3294 descendisset
1471 3237 1614 3293 Deus
1646 3245 1700 3292 et
1752 3237 1806 3292 in
1844 3239 1965 3307 ipso
2003 3253 2101 3304 es:

495 3341 602 3397 set,
638 3333 803 3386 animi
827 3331 1074 3386 studium
1101 3330 1514 3385 etalaeritatem
1545 3344 1737 3384 eorum
1759 3323 2088 3400 quivocan-

498 3430 592 3477 tur
627 3423 680 3476 in
723 3422 1043 3477 servitutem
1081 3421 1380 3491 signiﬁcat,
1417 3420 1513 3489 qui
1551 3435 1659 3475 non
1695 3429 1938 3474 renuunt
1975 3420 2088 3474 ullo

498 3515 667 3568 modo
713 3529 802 3570 res
839 3528 1006 3584 supra
1041 3513 1189 3568 vires
1227 3521 1322 3567 aut
1365 3513 1594 3567 altiores
1625 3520 1822 3565 natura
1868 3528 1967 3567 sua
2002 3527 2089 3583 ag-

498 3605 653 3676 gredi
690 3604 996 3675 opitulante
1031 3604 1168 3674 ipsis
1203 3603 1334 3659 Deo.
1377 3603 1709 3672 llujusmodi
1755 3613 1885 3658 sunt
1917 3603 2084 3658 nimi-

499 3711 644 3765 rum,
675 3697 770 3767 qui
807 3696 1112 3752 Salvatoris
1151 3704 1281 3750 sunt
1336 3697 1658 3766 participes.
1713 3695 1952 3764 Ideoque
1991 3695 2085 3766 qui

496 3789 758 3844 virtutem
784 3789 974 3843 colunt
1008 3788 1246 3842 humana
1284 3787 1546 3856 majorem
1575 3806 1588 3842 :
1635 3805 1654 3839 ι
1691 3785 1826 3852 Quis
1860 3801 1961 3843 nos
1995 3801 2084 3842 se-

497 3879 735 3948 parabit,
785 3878 1062 3948 inquiunt,
1102 3893 1132 3932 a
1173 3877 1448 3932 charitatc
1476 3876 1717 3933 Christi?
1745 3876 2079 3943 Tribulatio,

497 3984 566 4022 an
605 3968 876 4038 angustia,
914 3983 983 4022 an
1018 3967 1357 4036 persecutio,
1386 3981 1456 4021 an
1489 3966 1687 4033 l‘ames,
1725 3981 1796 4022 an
1837 3967 2080 4034 nuditas,

498 4075 567 4114 an
604 4059 928 4129 periculum,
961 4073 1026 4111 an
1062 4058 1279 4129 gladius
1307 4058 1394 4111 “?
1430 4077 1449 4109 ι
1482 4056 1679 4112 Omnia
1706 4058 1910 4128 quippe
1937 4059 2080 4114 mala

495 4152 805 4208 tolerabilia
835 4159 965 4205 sunt
993 4151 1103 4220 piis
1130 4149 1450 4206 hominibus
1480 4157 1700 4219 propter
1727 4149 2078 4205 dilectionem

491 4243 726 4304 Christi,
753 4252 807 4298 et
839 4242 968 4297 licet
994 4241 1281 4296 tribulatio
1319 4249 1379 4294 ut
1414 4256 1572 4296 mons
1615 4240 1884 4311 erigatur.
1914 4255 2082 4296 omne

496 4332 802 4400 periculum
830 4331 1080 4386 animose
1127 4331 1206 4386 illi
1241 4329 1607 4401 superabunt,
1648 4340 1752 4386 eta
1787 4329 2082 4386 dilectione

497 4422 591 4477 Dei
627 4437 736 4477 non
767 4425 1050 4478 recedent.
1083 4422 1223 4478 Cum
1269 4433 1452 4478 autem
1489 4423 1830 4479 descendere
1862 4422 2082 4480 dicatur

497 4511 664 4575 Deus,
712 4519 896 4565 tamen
921 4527 1029 4564 non
1080 4513 1133 4566 in
1167 4513 1414 4583 planitie,
1450 4515 1547 4569 sed
1577 4529 1746 4584 supra
1789 4515 2064 4584 quodam-

493 4601 680 4667 modo,
707 4609 764 4655 et
802 4601 856 4654 in
888 4609 1074 4655 monte
1105 4610 1353 4672 apparet,
1383 4610 1442 4654 ut
1471 4603 1582 4657 tale
1625 4603 1889 4672 quiddam
1933 4604 2080 4674 apud

494 4702 550 4747 te
592 4693 824 4764 cogites,
886 4692 1148 4746 nimirum
1201 4693 1330 4747 licet
1384 4700 1578 4746 natura
1633 4694 1816 4746 divina
1871 4693 2078 4750 nostris

495 4786 772 4840 mentibus
799 4783 1275 4848 condescendeus,
1297 4784 1537 4853 seipsam
1568 4784 1730 4838 nobis
1765 4784 2077 4856 intelligen-

491 4875 620 4931 dam
653 4877 914 4948 praebeat,
948 4876 1201 4930 altiorem
1247 4883 1431 4928 tamen
1477 4889 1604 4930 esse
1655 4890 1824 4944 quam
1859 4885 1918 4930 ut
1954 4891 2075 4932 eam

487 4967 799 5037 exprimere
825 4966 1059 5022 dicendo
1088 4975 1184 5020 aut
1204 4964 1423 5035 assequi
1452 4965 1748 5036 cngitando
1776 4968 2073 5037 possimus.

491 5060 812 5116 Sublimitas
837 5059 983 5115 enim
1013 5070 1070 5115 et
1093 5059 1394 5114 eminentia
1413 5057 1728 5114 divinorum
1755 5059 2074 5130 dogmatum

2191 2598 2496 2668 ἀπάντησιν
2524 2595 2618 2650 τοῦ
2669 2593 2828 2658 Θεοῦ,
2870 2591 3014 2646 καθά
3064 2591 3398 2662 γέγραπται,
3449 2593 3674 2661 σημεῖον
3713 2592 3782 2645 ἂν

2190 2689 2401 2754 γένοιτο
2455 2684 2646 2753 σαφὲς,
2676 2683 2773 2736 καὶ
2832 2682 2989 2750 λόγος
3015 2681 3092 2746 ὡς
3129 2682 3188 2735 ἐν
3228 2682 3535 2752 αἰνίγματι,
3564 2681 3663 2734 τοῦ
3702 2682 3778 2752 μὴ

2190 2776 2451 2831 δύνασθαί
2481 2792 2635 2839 τινας
2671 2774 3142 2844 ἀπαιδαγωγήτως
3185 2791 3246 2827 τε
3279 2774 3372 2827 καί
3401 2774 3780 2845 ἀνεπιστητως

2194 2867 2329 2922 ἰέναι
2360 2867 2496 2940 πρὸς
2531 2866 2685 2928 Θεὸν.
2727 2867 2876 2938 νόμῳ
2913 2866 2969 2920 δὲ
3005 2865 3204 2937 μᾶλλον
3230 2866 3777 2936 χειραγωγουμένους

2186 2959 2270 3023 ἐἰς
2308 2958 2605 3026 ἐπίγνωσιν
2639 2951 2716 3013 ὧν
2740 2958 2986 3030 ζητοῦσι,
3035 2955 3247 3028 μαθεῖν.
3295 2958 3503 3028 Μωσῆς
3555 2957 3664 3027 γὰρ
3692 2959 3778 3023 εἰς

2188 3051 2350 3115 νόμον
2381 3051 2516 3120 ἡμῖν
2553 3047 2900 3119 νοηθήσεται,
2923 3047 3065 3102 κατά
3084 3047 3144 3100 τὸ
3160 3047 3448 3118 εἰρημένον
3477 3048 3582 3101 ύπό
3600 3065 3747 3112 τινος
3763 3068 3775 3078 ·

2195 3160 2213 3194 ι
2253 3142 2475 3212 Ἔχουσι
2538 3140 2765 3203 Μωσέα,
2795 3140 2890 3194 καὶ
2935 3140 3061 3203 τοὺς
3107 3139 3412 3210 προφήτας.
3447 3157 3466 3191 ι
3516 3139 3580 3193 Ἦ
3621 3140 3678 3193 δέ
3713 3157 3778 3208 γε

2190 3231 2532 3302 παράστασις
2563 3233 2596 3301 ἡ
2627 3231 2733 3284 ὑπὸ
2785 3231 2848 3283 τὸ
2879 3229 3024 3301 ὅρος,
3053 3229 3488 3301 καταϐεϐηκότος
3533 3231 3639 3301 ἥδη
3681 3235 3779 3286 καὶ

2186 3323 2339 3386 ὄντος
2381 3323 2440 3375 ὲν
2473 3322 2623 3392 αύτῷ
2665 3321 2760 3376 τοῦ
2806 3321 2962 3388 Θεοῦ,
3020 3321 3118 3393 τὴν
3147 3322 3474 3394 ἑτοιμότητα
3511 3326 3613 3394 τῆς
3635 3323 3778 3391 γνώ-

2194 3430 2301 3485 μης
2337 3414 2434 3468 καὶ
2489 3413 2552 3466 τὸ
2597 3412 2796 3482 γοργὸν
2848 3414 2927 3475 εἰς
2981 3411 3226 3464 δουλείαν
3263 3411 3372 3465 τῶν
3421 3413 3776 3482 καλουμένων

2189 3503 2463 3575 ὑποδηλοῖ,
2515 3503 2616 3558 οὐκ
2663 3502 3030 3556 ἀνανευόντων
3084 3502 3286 3572 τρόπον
3319 3501 3465 3566 τινὰ,
3517 3502 3612 3557 καὶ
3660 3505 3775 3567 τοῖς

2187 3594 2326 3664 ὑπὲρ
2383 3593 2613 3664 δύναμιν
2661 3593 2756 3648 καὶ
2801 3591 3152 3663 ὑψηλοτέροις
3203 3591 3236 3662 ἢ
3288 3592 3430 3645 κατά
3467 3592 3567 3662 τὴν
3610 3591 3776 3661 φύσιν

2187 3687 2535 3759 προσϐαλεῖν,
2573 3686 2953 3758 συμπαρόντος
2982 3685 3169 3749 αὐτοῖς
3201 3684 3296 3738 τοῦ
3341 3683 3498 3740 Θεοῦ.
3528 3684 3776 3739 Τοιοῦτοι

2186 3779 2251 3850 δὴ
2279 3779 2494 3842 πάντως
2527 3776 2620 3830 τοῦ
2669 3776 2925 3847 Σωτῆρος
2951 3777 3001 3828 οἰ
3054 3776 3290 3846 μέτοχοι.
3323 3776 3412 3829 Διὸ
3445 3776 3510 3846 δὴ
3541 3777 3635 3829 καὶ
3671 3777 3778 3846 τὴν

2111 3844 2154 3902 C
2187 3844 2326 3941 ὺτξερ
2349 3869 2636 3939 ἄνθρωπον
2670 3844 3003 3938 μελετῶντες
3035 3844 3312 3938 ἀνδρείαν,
3345 3886 3365 3919 ι
3403 3844 3508 3930 Τίς
3531 3867 3597 3920 ἂν
3623 3844 3779 3937 aps;

2184 3960 2442 4031 χωρίσαι,
2471 3961 2656 4028 φασὶν,
2696 3959 2806 4012 ἀπὸ
2834 3959 2936 4028 τῆς
2970 3957 3188 4028 ἀγάπης
3211 3957 3306 4011 τοῦ
3333 3956 3576 4029 Χριστοῦ
3602 3975 3618 4022 ;
3645 3958 3780 4011 Θλί-

2181 4053 2294 4122 clas.
2328 4052 2361 4122 ἢ
2394 4050 2744 4123 στενοχωρίαν
2771 4050 2804 4121 ἢ
2834 4049 3094 4119 διωγμὸς.
3120 4048 3347 4120 ἢλιμὺς,
3387 4048 3419 4119 ἢ
3455 4049 3774 4119 γυμνότης.

2181 4145 2212 4216 ἢ
2247 4143 2508 4207 κίνδυνος,
2537 4143 2571 4213 ἢ
2600 4142 2845 4213 μάχαιρα
2871 4158 2885 4206 ;
2921 4161 2940 4192 ι
2973 4140 3158 4194 Πάντα
3179 4140 3288 4211 γὰρ
3301 4142 3414 4202 τοῖς
3445 4138 3779 4194 εὐσεϐοῦσιν

2179 4237 2334 4290 οἰστά
2364 4236 2434 4290 τὰ
2491 4235 2642 4290 δεινά
2683 4234 2773 4288 διὰ
2799 4233 2897 4305 τὴν
2928 4234 3007 4298 εἰς
3053 4234 3288 4305 Χριστὸν
3321 4232 3621 4305 ἀγάπησιν·
3659 4233 3778 4287 κᾶν

2178 4329 2257 4393 ὡς
2290 4329 2416 4400 ὅρος
2447 4329 2479 4398 ἡ
2511 4327 2692 4397 θλίψις
2716 4325 3020 4396 ἐγείρηται,
3051 4324 3256 4388 παντὸς
3285 4326 3482 4378 ἐκεῖνοι
3517 4323 3778 4378 κινδύνου

2179 4420 2740 4486 κατανεανιεύσονται,
2799 4420 2896 4472 καὶ
2927 4417 3031 4488 τῆς
3090 4417 3228 4487 πρὸς
3278 4417 3409 4470 Θεὸν
3436 4417 3618 4486 φιλίας
3658 4415 3779 4489 τὴν

2180 4511 2404 4583 γνώμην
2431 4511 2532 4564 ούκ
2586 4509 2976 4580 ἀποστήσουσι.
3020 4507 3318 4561 Κατελθεῖν
3350 4508 3407 4561 δὲ
3445 4507 3775 4578 λεγόμενος,

2177 4603 2278 4657 οὐκ
2307 4604 2388 4666 εἰς
2455 4600 2726 4673 χθαμαλόν
2776 4617 2897 4654 τινα
2925 4598 3124 4669 χῶρον,
3150 4597 3265 4651 ἀλλ’
3292 4599 3406 4652 ἀνω
3446 4599 3609 4653 πάλιν
3653 4615 3776 4654 που

2177 4697 2273 4749 καὶ
2287 4697 2354 4749 -ἐν
2383 4693 2502 4764 opst
2537 4691 2787 4762 φαίνεται
2809 4693 2960 4757 Θεὸς,
2994 4693 3081 4745 ἵνα
3114 4692 3178 4762 δή
3215 4709 3266 4745 τι
3294 4690 3538 4744 τοιοῦτον
3568 4691 3772 4762 ἐννοή-

2178 4801 2279 4859 σῃς
2306 4785 2448 4839 κατὰ
2470 4784 2686 4849 σαυτὸν,
2715 4785 2800 4840 ὅτι
2846 4785 2950 4839 κᾶν
2987 4789 3107 4848 ταῖς
3158 4784 3461 4856 ἡμετέραις
3497 4783 3777 4847 διανοίαις

2175 4877 2208 4947 ἡ
2240 4874 2359 4929 θεία
2385 4873 2548 4943 φύσις
2581 4873 3114 4944 συγκαταϐαίνουσα,
3145 4873 3493 4944 ἑαυτὴνήμῖν
3506 4871 3774 4946 προσάγῃ

2176 4966 2312 5038 πρὸς
2344 4966 2698 5036 κατανόησιν,
2741 4965 2857 5020 ἀλλ’
2902 4964 3019 5018 ἐστι
3049 4964 3212 5019 πάλιν
3244 4964 3302 5018 ὲν
3332 4966 3446 5026 τοῖς
3480 4962 3615 5016 πολὺ
3637 4961 3770 5015 λίαν

2177 5057 2318 5129 ὑπὲρ
2345 5058 2511 5128 ἡμᾶς,
2534 5057 2627 5110 καὶ
2660 5055 2860 5125 λόγοις,
2891 5056 2988 5110 καὶ
3020 5056 3358 5128 θεωρήμασι.
3386 5055 3460 5108 Τὸ
3479 5055 3588 5126 γὰρ
3614 5053 3766 5123 ὑψηο

492 5167 590 5220 per
620 5158 862 5206 montem
917 5150 1287 5221 signiﬁcatur,
1341 5165 1508 5221 quem
1552 5149 1707 5204 fumo
1753 5159 1928 5208 totum
1973 5166 2072 5222 op-

2184 5149 2265 5202 λόν
2289 5165 2351 5202 τε
2376 5147 2472 5202 καὶ
2499 5146 2793 5219 ὑπέρτονον
2821 5147 2930 5202 τῶν
2961 5148 3091 5219 περ)⁸
3133 5147 3307 5216 αὐτῆς
3355 5145 3646 5216 δογμάτων
3671 5144 3763 5197 διὰ

489 5245 694 5313 pletum
723 5243 890 5313 258
918 5243 1073 5298 dicit.
1113 5242 1286 5300 Aures
1308 5244 1454 5298 enim
1495 5250 1624 5299 sunt
1657 5242 1938 5312 profecto,
1970 5257 2073 5298 nec

2184 5239 2270 5294 τοῦ
2308 5239 2467 5310 ὅρους
2495 5239 2843 5309 σημαίνεται,
2869 5239 2897 5292 ὃ
2926 5240 3023 5294 καὶ
3052 5240 3274 5310 σύμπαν
3297 5241 3430 5309 ἡμῖν
3451 5235 3533 5306 τῷ
3567 5234 3763 5304 καπνῷ

489 5334 787 5390 admodum
816 5337 950 5391 clari
984 5335 1128 5408 apud
1161 5353 1261 5392 nos
1290 5335 1359 5391 de
1395 5335 1604 5390 deitate
1633 5350 1945 5398 sermones,
1977 5335 2071 5403 qui

2184 5329 2671 5401 καταμελαίνεσθαι
2699 5328 2866 5398 λέγει.
2916 5332 3141 5401 Δριμεῖς
3178 5328 3288 5400 γάρ
3340 5328 3510 5390 ὅντως
3566 5325 3663 5378 καὶ
3695 5326 3763 5377 ού

491 5427 690 5481 mentis
719 5427 938 5481 oculum
983 5427 1133 5482 fumo
1160 5428 1439 5484 vellicant.
1477 5425 1825 5497 Quapropter
1863 5425 2069 5482 Paulus

2184 5423 2385 5492 σφόδρα
2411 5423 2660 5493 λαμπροὶ
2676 5423 2806 5492 παρ’
2821 5422 2953 5492 ἡμῖν
2973 5425 3022 5475 οἰ
3045 5439 3113 5474 πε
3121 5422 3176 5491 pl
3193 5420 3448 5488 θεότητος
3463 5417 3634 5486 λόγοι,
3667 5415 3764 5468 τὸν

471 5515 584 5572 ille
613 5517 1076 5586 sapientissimus,
1112 5522 1166 5574 in
1221 5519 1451 5589 speculo
1483 5529 1536 5573 et
1561 5517 1856 5588 aenigmate
1885 5517 2069 5572 videre

2184 5513 2269 5582 τῆς
2283 5512 2519 5576 διανοίας
2543 5509 2818 5582 ὀφθαλμὸν
2843 5513 3052 5568 καπνοῦ
3071 5510 3268 5583 [δίκην]
3288 5508 3640 5580 ἁμύττοντες.
3656 5503 3764 5562 Διὰ

563 5692 586 5723 ⁸
626 5690 795 5747 Exod.
835 5709 946 5762 six,
983 5695 1170 5752 17-19.
1248 5698 1290 5728 ¹⁰
1323 5695 1457 5752 Luc.
1492 5712 1601 5764 xw,
1639 5696 1725 5752 29.
1809 5697 1845 5727 ”
1888 5693 2048 5750 llom.
2086 5708 2200 5761 vui,
2238 5692 2326 5746 55.
