4032 6200
239 295 342 357 ιη

1226 297 1294 352 lN
1329 293 1616 383 JOANNIS
1660 295 2120 355 EVANGELlUll-l
2159 297 2287 354 LIB.
2310 294 2397 353 ut.

3407 305 3508 361 M8

241 411 418 476 τοῦτο,
467 409 678 473 Παῦλος
726 409 825 481 μὲν
875 411 903 462 6
944 409 1256 479 σοφώτατος
1312 414 1372 466 ὲν
1427 414 1680 486 ἐσόπτρῳ
1740 415 1834 468 καὶ

1939 428 2040 466 nos
2067 421 2304 468 testatus
2341 420 2428 468 est
2470 413 2532 467 η.
2574 411 2638 466 Et
2687 411 2890 467 alicubi
2928 411 3221 471 Psalmista
3246 416 3308 449 ¹¹⁸
3337 416 3509 474 Deum

239 502 598 572 ἑναίνίγματι
631 501 850 572 βλέπειν
891 502 1039 572 ἡμᾶς
1095 504 1517 576 διεμαρτύρατο.
1572 508 1824 562 Τεθεικέ-

236 611 324 646 ναι
353 592 412 646 δὲ
437 593 625 656 σκότος
652 593 982 663 ἀποκρυφὴν
1027 592 1215 660 αὐτοῦ,
1265 595 1357 648 τὸν
1389 597 1521 649 Θεὸν
1561 597 1819 666 δηλονότι,

235 685 375 754 φησί
405 700 510 738 που
541 683 702 738 πάλιν
728 686 756 738 6
787 683 1062 754 Μελῳδδς,
1092 683 1172 755 τῷ
1196 684 1290 737 τοῦ
1346 687 1570 751 σκότους
1599 688 1823 758 ὀνόματι

233 775 340 843 τὴν
369 775 500 839 περὶ
531 774 694 828 αὑτὸν
725 774 1104 846 ἀκαταληψίαν
1134 775 1434 846 ὑποδηλῶν,
1453 772 1633 849 ἧσπερ
1654 778 1719 833 ἂν
1743 780 1824 843 εἰς

236 863 414 918 τύπον
472 863 701 937 ληφθείη
770 864 952 930 καλῶς
998 868 1028 920 ό
1072 866 1202 937 περὶ
1247 868 1309 921 τὸ
1337 868 1447 940 πῦρ
1497 871 1555 922 ὲν
1587 869 1666 940 τῷ
1707 870 1824 941 δρει

238 955 472 1018 καπνός.
513 955 599 1008 Ἐν
622 955 792 1026 πυρὸς
820 954 876 1008 δὲ
905 956 1142 1027 σχήματι
1167 955 1379 1010 κάτεισι
1403 957 1463 1011 τὸ
1489 957 1643 1012 Θεῖον
1670 959 1822 1025 αὐτὸ,

239 1047 368 1101 κατ’
409 1049 584 1100 ἐκεῖνο
619 1045 684 1118 δὴ
718 1046 955 1117 μάλιστα
1002 1046 1221 1119 καιροῦ,
1270 1049 1591 1120 πρεπόντως
1626 1067 1687 1103 τε
1730 1051 1825 1105 καὶ

240 1137 558 1206 ἀναγκαίως
584 1140 649 1208 τῇ
683 1137 778 1190 τοῦ
800 1137 1123 1209 πράγματος
1150 1139 1332 1209 φύσει.
1369 1140 1514 1193 Ἔδει
1536 1140 1667 1210 γὰρ,
1693 1141 1820 1209 ἔδει,

237 1231 332 1284 τὸν
362 1232 441 1294 είς
469 1230 713 1284 δουλείαν
741 1231 837 1282 καὶ
887 1229 1102 1284 σύνεσιν
1130 1231 1216 1284 διὰ
1260 1231 1354 1284 τοῦ
1387 1227 1671 1303 μέλλοντος
1706 1235 1823 1304 ὁρι-

242 1323 542 1393 σθήσεσθαι
600 1321 767 1391 νόμου
822 1321 1093 1376 καλοῦντα
1127 1323 1218 1376 τὸν
1278 1323 1519 1394 Ἰσραὴλ,
1551 1324 1824 1394 φωτιστὴν

239 1413 478 1484 ὁρᾶσθαι
510 1413 603 1465 καὶ
625 1413 898 1483 κολαστήν
916 1430 929 1444 ·
972 1413 1141 1483 ἄμφω
1194 1413 1251 1466 δὲ
1273 1413 1446 1466 ταῦτα
1475 1413 1708 1468 τελεῖται
1736 1414 1827 1468 διά

244 1504 443 1573 πυρός.
491 1521 514 1558 ι
556 1503 717 1556 Ἀλλά
747 1502 841 1556 καὶ
875 1505 1068 1573 φωναὶ,
1092 1504 1278 1574 φησὶν,
1318 1505 1374 1557 αί
1397 1505 1498 1576 τῆς
1531 1506 1828 1575 σάλπιγγος

239 1597 490 1662 ἐγίνοντο
539 1595 925 1666 προϐαίνουσαι
988 1597 1334 1668 ἰσχυρότεραι
1385 1597 1613 1668 σφόδρα,
1668 1615 1690 1651 ι
1739 1598 1827 1653 ἵνα

239 1689 412 1743 πάλιν
425 1689 564 1759 ἡμῖν
591 1688 813 1760 τοιαύτη
845 1706 929 1753 τις
975 1692 1263 1760 νοημάτων
1288 1689 1640 1761 ὲξυφαίνηται
1668 1689 1826 1743 δύναο

239 1799 376 1850 μιςο
425 1781 735 1853 ὲξεφωνήθη
801 1781 900 1852 μὲν
957 1780 1066 1850 γὰρ
1103 1781 1194 1834 καὶ
1245 1781 1274 1833 6
1313 1780 1472 1851 νόμος
1497 1781 1645 1851 παρά
1666 1780 1820 1845 Θεοῦ,

239 1874 388 1945 πλὴν
408 1873 471 1926 ού
494 1873 758 1935 συντόνως
797 1874 855 1925 ὲν
887 1873 1029 1943 ἀρχῇ
1065 1872 1150 1926 διά
1176 1870 1274 1943 τὴν
1309 1871 1420 1926 τῶν
1445 1873 1826 1941 παιδαγωγου-

245 1969 427 2036 μένων
461 1963 764 2029 ἀσθένειαν,
811 1963 926 2018 ἀλλ’
963 1963 1324 2034 ίσχνοφώνως,
1353 1963 1421 2016 ἵν’
1464 1961 1632 2027 οὕτως
1663 1963 1824 2028 εἴπω,

237 2057 337 2108 καὶ
363 2055 462 2126 οὐχ
485 2055 613 2125 ὅλην
641 2054 779 2125 ιχων
805 2055 902 2127 τὴν
936 2053 1032 2108 τοῦ
1061 2054 1415 2119 σαλπίζοντος
1444 2053 1696 2124 δύναμιν.
1737 2053 1828 2108 Διὸ

243 2147 307 2217 δὴ
355 2148 453 2200 καὶ
492 2146 908 2218 βραδύγλωσσον
968 2146 1159 2199 ἑαυτὸν
1200 2146 1478 2217 ὠνόμαζεν
1526 2147 1554 2199 6
1600 2147 1826 2216 Μωσῆς.

245 2237 646 2308 Προόαίνοντος
711 2236 770 2292 δὲ
817 2235 911 2292 τοῦ
957 2238 1173 2310 καιροῦ,
1210 2237 1305 2291 καὶ
1361 2239 1426 2291 ὲκ
1453 2238 1552 2308 τῆς
1587 2237 1728 2291 κατὰ
1766 2237 1830 2290 τὺ

244 2327 482 2398 γράμμα
509 2327 666 2389 σκιᾶς
687 2325 767 2389 είς
795 2325 1173 2396 πνευματικὴν
1197 2324 1556 2395 ἀναφέροντος
1578 2324 1830 2396 λατρείαν

245 2420 375 2482 τοὺς
404 2416 763 2480 πιστεύοντας
791 2417 872 2480 είς
909 2417 1146 2487 Χριστὸν
1169 2458 1184 2483 ,
1235 2416 1578 2487 ἰσχυρότεραι
1624 2417 1830 2488 σφόδρα

245 2509 346 2580 τῆς
369 2508 522 2572 Θείας
548 2508 848 2576 σάλπιγγος
879 2506 1173 2579 ἐξέδραμον
1203 2509 1259 2561 αι
1290 2509 1484 2577 φωναὶ,
1525 2509 1618 2563 τοῦ
1657 2527 1832 2580 σωτη-

254 2601 367 2671 ρίου
395 2617 458 2653 τε
487 2601 585 2653 καὶ
621 2598 978 2668 εύαγγελικοῦ
1025 2599 1382 2671 κηρύγματος
1425 2602 1609 2655 πᾶσαν
1633 2603 1832 2673 τρόπον

248 2694 372 2747 τινὰ
399 2691 787 2764 ⁴ιτεριηχοῦντος
808 2691 906 2763 τὴν
941 2691 1285 2762 οἰκουμένην.
1318 2693 1394 2745 Ού
1423 2693 1554 2764 γὰρ,
1580 2693 1832 2763 καθάπερ

250 2787 280 2836 6
310 2783 610 2854 λεπτοϐόης
639 2799 699 2835 τε
732 2784 826 2835 καὶ
845 2783 1220 2854 σμικροκῆρυξ
1239 2782 1401 2854 νόμος
1433 2786 1511 2849 είς
1542 2784 1710 2857 μόνην
1735 2787 1832 2858 τὴν

267 2873 538 2929 Ἰουδαίων
572 2871 814 2946 ἠκούσθη
859 2873 1061 2946 χώραν,
1097 2875 1250 2945 ἢκαὶ
1294 2876 1400 2929 ἀπὸ
1425 2877 1530 2930 Δάν
1554 2877 1658 2940 ἕως
1693 2877 1836 2948 Βηρ-

256 2967 429 3021 σαεεὲ
454 2967 872 3038 κατηγγέλλετο.
905 2967 1104 3038 μᾶλλον
1129 2968 1186 3021 δὲ
1209 2969 1287 3031 είς
1315 2969 1496 3022 πᾶσαν
1517 2968 1706 3038 ἐξῆλθε
1735 2970 1834 3041 τὴν

1925 505 2180 558 tenebras
2220 503 2474 574 posuisse
2507 503 2796 558 latibulum
2825 520 2985 559 suum
3029 505 3124 570 ait,
3159 508 3510 563 tenebrarum

1925 592 2147 647 nomine
2172 592 2566 661 comprehendi
2602 607 2663 647 se
2699 607 2807 647 non
2841 607 3006 662 posse
3039 593 3384 664 signiﬁcans,
3421 613 3514 653 cu-

1920 684 2013 754 jus
2039 684 2715 755 incomprehensibilitatis
2749 691 2937 755 typum
2962 700 3086 740 esse
3115 685 3322 740 fumum
3354 687 3510 742 illum

1926 774 2068 844 ignis
2119 774 2172 828 in
2229 782 2434 840 monte,
2468 782 2618 830 recte
2667 774 2936 830 dicemus.
2981 773 3039 830 In
3099 775 3276 830 forma
3323 788 3509 834 autem

1926 865 2073 936 ignis
2119 864 2268 920 Deus
2307 865 2427 935 ipse
2459 865 2744 921 descendit
2774 882 2788 920 :
2839 866 2984 934 quod
3016 881 3084 921 eo
3114 873 3361 937 tempore
3411 884 3511 938 po—

1927 955 2201 1011 tissimum
2232 958 2609 1012 necessarium
2639 965 2758 1011 erat
2795 963 2850 1011 et
2880 957 2961 1010 rei
2999 966 3213 1011 natura:
3238 973 3509 1027 congrue—

1926 1045 2038 1100 bat.
2074 1044 2313 1101 Decebat
2345 1046 2515 1110 enim,
2556 1045 2786 1101 decebat
2813 1060 2938 1100 eum
2976 1047 3066 1116 qui
3094 1062 3188 1116 per
3221 1046 3392 1117 legem
3427 1048 3512 1102 fu-

1927 1143 2104 1189 turam
2124 1137 2382 1191 lsraelem
2415 1136 2479 1190 ad
2503 1137 2826 1192 servitutem
2858 1147 2911 1192 et
2936 1138 3224 1193 scientiam
3251 1142 3505 1204 vocabat.

1928 1229 2261 1295 illuminare,
2308 1238 2363 1284 et
2395 1228 2678 1299 dirigere:
2735 1245 2858 1298 quae
2905 1231 3014 1284 duo
3051 1230 3362 1286 efﬁciuntur
3411 1249 3512 1303 per

1929 1321 2135 1391 ignem.
2174 1339 2193 1372 ι
2225 1321 2329 1375 Sed
2393 1332 2447 1375 et
2500 1336 2683 1389 voces,
2723 1323 2930 1392 inquit,
2995 1323 3142 1378 tubae
3182 1323 3340 1378 facta:
3378 1333 3508 1380 sunt

1929 1412 2320 1482 praecedentes,
2371 1411 2627 1467 fortiores
2679 1412 2838 1468 valde
2866 1414 2944 1478 “;
2993 1433 3013 1465 ι
3049 1422 3108 1468 ιιι
3142 1415 3270 1470 hinc
3317 1432 3509 1472 rursus

1928 1505 2187 1558 nimirum
2225 1503 2533 1574 intelligas,
2577 1505 2745 1574 legem
2799 1503 3022 1574 quidem
3067 1506 3336 1575 prolatam
3388 1523 3512 1563 esse

1928 1610 2146 1666 quoque
2175 1609 2205 1648 a
2245 1593 2373 1658 Deo,
2408 1609 2516 1648 non
2556 1604 2738 1648 tamen
2773 1604 3029 1649 contenta
3065 1611 3197 1651 voce
3229 1598 3406 1664 initio,
3439 1600 3510 1654 ob

1928 1701 2116 1741 eorum
2140 1686 2232 1756 qui
2255 1684 2648 1740 erudiebantur
2666 1685 3123 1750 imbecillitatem,
3151 1687 3245 1742 sed
3270 1690 3421 1753 exili,
3452 1699 3512 1743 ut

1925 1781 2000 1834 ita
2036 1778 2237 1842 dicam,
2271 1793 2372 1833 nec
2411 1777 2546 1832 totis
2585 1776 2795 1832 viribus
2829 1777 3118 1834 tubicinis.
3162 1777 3511 1849 Proindeque

1927 1870 2172 1939 seipsum
2241 1869 2408 1923 etiam
2479 1869 2849 1939 tardiloquum
2909 1869 3087 1925 Moses
3165 1872 3504 1927 nominabat.

1926 1959 2197 2016 Processu
2218 1975 2350 2015 vero
2380 1961 2662 2030 temporis,
2693 1961 2947 2017 fidelibus
2975 1977 3039 2016 ex
3065 1963 3286 2018 litterali
3314 1965 3507 2019 umbra

1928 2051 1996 2106 ad
2037 2051 2336 2122 spiritalem
2363 2052 2570 2106 cultum
2603 2053 2896 2118 revocatis,
2947 2053 3108 2124 longe
3138 2053 3515 2112 vehementio-

1927 2157 2018 2198 res
2048 2158 2112 2197 ex
2161 2143 2289 2197 tuba
2339 2143 2525 2198 divina
2561 2158 2724 2200 voces
2784 2155 3110 2215 eruperunt,
3171 2146 3401 2202 salutari
3456 2155 3512 2202 et

1927 2234 2246 2306 evangelico
2276 2235 2554 2304 praconio
2584 2237 2906 2292 universum
2934 2238 3123 2293 orbem
3149 2239 3510 2309 quodammo-

1929 2327 2000 2383 do
2029 2334 2378 2397 personante.
2407 2325 2526 2381 Non
2557 2327 2703 2383 enim
2735 2329 2896 2384 sicuti
2933 2329 3020 2384 lex
3061 2330 3283 2400 gracilis
3325 2331 3416 2385 illa
3445 2347 3512 2385 ae

1930 2419 2110 2474 tenuis
2139 2433 2316 2488 praeco
2345 2418 2400 2472 in
2418 2418 2532 2474 sola
2557 2417 2740 2473 Judtea
2769 2418 3060 2475 exauditus
3082 2429 3188 2484 est,
3221 2428 3318 2473 aut
3346 2421 3509 2475 etiam

1929 2523 1960 2563 a
1991 2509 2102 2562 Dan
2123 2524 2294 2579 usque
2321 2509 2390 2564 ad
2425 2509 2690 2566 Bersabee
2727 2511 3015 2565 nuntiatus
3037 2519 3141 2574 est,
3171 2512 3265 2566 sed
3307 2512 3360 2568 in
3391 2525 3508 2565 om-
3552 2547 3562 2559 .

1931 2616 2055 2656 nem
2083 2609 2287 2658 terram
2313 2602 2479 2656 exivit
2507 2617 2677 2657 sonus
2707 2617 2921 2667 eorum,
2953 2610 3014 2656 ut
3035 2603 3301 2672 scriptum
3332 2611 3412 2657 est
3449 2602 3508 2656 ".

1933 2691 2074 2758 Quid
2099 2707 2266 2763 porro
2289 2693 2376 2748 his
2400 2691 2658 2748 additur?
2680 2712 2698 2745 ι
2721 2692 2900 2749 Moses
2929 2695 3275 2766 loquebatur,
3306 2695 3510 2764 inquit,

1934 2784 2080 2842 Deus
2123 2793 2305 2840 autem
2355 2787 2642 2855 reSpondit
2685 2786 2737 2842 ei
2794 2800 2929 2840 voce
2978 2788 3042 2843 ".
3077 2805 3096 2838 ι
3133 2785 3234 2843 Hic
3293 2804 3514 2844 rursum

1937 2878 2121 2934 acrius
2187 2877 2477 2934 attendant
2521 2877 2790 2942 studiosi,
2828 2884 2883 2932 et
2926 2887 3182 2933 accurate
3222 2879 3515 2935 observent

1937 2969 2246 3024 divinorum
2297 2971 2647 3025 oraculorum
2679 2969 3037 3026 soliditatem.
3072 2969 3339 3041 Loquitur
3367 2973 3514 3026 enim
3577 3014 3590 3032 κ

253 3058 364 3129 γῆν
391 3060 420 3112 6
437 3057 671 3126 φθόγγος
689 3057 874 3120 αὐτοῦ,
892 3057 1036 3112 καθά
1066 3058 1398 3128 γέγραπται.
1420 3059 1484 3112 Τί
1509 3059 1565 3112 δὲ
1590 3059 1653 3130 δὴ
1673 3062 1835 3115 πάλιν

1939 3060 2151 3117 Moses:
2173 3061 2302 3116 huic
2327 3062 2622 3132 respondet
2653 3060 2798 3118 Deus
2824 3078 2992 3128 voce;
3018 3078 3125 3116 non
3169 3064 3391 3133 propria
3418 3065 3519 3118 uti-

253 3152 352 3204 ἐπὶ
410 3148 663 3215 τούτοις;
708 3167 727 3200 ι
765 3149 972 3219 Μωσῆς
1021 3149 1218 3214 ὲλάλει,
1282 3149 1466 3220 φησὶν,
1524 3151 1552 3203 6
1599 3151 1654 3205 δὲ
1706 3152 1835 3217 Θεὸς

1939 3168 2045 3224 que
2076 3169 2210 3209 voce
2245 3153 2395 3226 (non
2418 3154 2522 3209 hoc
2570 3155 2716 3210 enim
2744 3154 2876 3210 dicit
2896 3154 2939 3226 ),
2966 3156 3059 3211 sed
3087 3155 3430 3226 simpliciter,
3461 3166 3519 3212 et

253 3241 594 3311 ἀπεκρίνατο
623 3239 773 3310 αὐτῷ
809 3241 983 3310 φωνῇ.
1036 3257 1054 3290 ι
1091 3241 1297 3310 Δριμὺς
1348 3241 1488 3295 ἔστω
1529 3242 1691 3296 πάλιν
1730 3244 1840 3298 τῶν

253 3328 682 3400 εὐμαθεστέρων
743 3330 772 3383 6
819 3327 964 3394 νοῦς,
1014 3330 1344 3401 ὲπιτηρείτω
1379 3331 1436 3384 δὲ
1475 3332 1718 3402 ἀκριϐῶς
1743 3333 1840 3403 τὴν

252 3425 377 3485 τοῖς
401 3421 566 3484 θείοις
596 3419 794 3489 λογίοις
817 3419 1043 3474 ἐνοῦσαν
1063 3420 1382 3490 ἀσφάλειαν.
1404 3422 1572 3476 Λαλεῖ
1609 3423 1708 3493 μὲν
1731 3424 1840 3497 γὰρ

251 3517 284 3568 6
318 3513 549 3583 Μωσῆς,
602 3507 959 3582 ἀποκρίνεται
1003 3511 1061 3564 δὲ
1102 3511 1235 3575 Θεὸς
1277 3513 1452 3582 τούτῳ
1497 3517 1689 3584 φωνῇ,
1741 3517 1842 3570 οὐκ

257 3605 374 3676 ἰδίᾳ
403 3603 629 3665 πάντως.
651 3604 800 3673 φωνῇ
826 3601 1005 3670 (τοῦτο
1033 3603 1140 3674 γὰρ
1188 3602 1252 3657 οῦ
1281 3605 1489 3676 φησιν),
1515 3605 1630 3659 ἀλλ’
1656 3607 1844 3671 ἀπλῶς

253 3714 318 3752 τε
356 3697 453 3750 καὶ
476 3695 893 3765 ἀπολελυμένως
919 3698 1091 3766 φωνῇ,
1115 3698 1180 3767 τῇ
1221 3695 1310 3750 διὰ
1341 3697 1549 3752 κτύπου
1581 3700 1842 3772 ῥημάτων

250 3786 747 3860 ἀνθρωπινώτερον
790 3785 1108 3857 παραδόξως
1152 3789 1586 3864 ἀποτελουμένῃ.
1623 3793 1759 3864 Περὶ
1791 3794 1844 3846 τί

250 3882 371 3952 γὰρ
393 3879 458 3934 ἂν
484 3878 592 3933 τῶν
620 3877 797 3950 ἔργων
832 3877 1090 3950 ἀτονήσαι
1133 3878 1301 3946 Θεός;
1334 3881 1389 3932 τί
1420 3881 1464 3934 δ’
1508 3882 1607 3936 οὐκ
1650 3885 1717 3938 ἂν
1761 3883 1844 3949 ὲξ-

250 3971 436 4042 ανύσῃ
466 3970 720 4040 θελήσας,
759 3971 852 4023 καὶ
872 3970 992 4023 λίαν
1022 3969 1290 4036 εὑκόλως;
1327 3971 1535 4027 Ἐλάλει
1557 3976 1845 4046 τοιγαροῦν

253 4067 284 4118 6
315 4063 553 4131 Μωσῆς,
594 4063 622 4114 6
669 4061 724 4115 δὲ
777 4061 909 4124 Θεὸς
941 4063 1276 4132 ἀπεκρίνατο
1304 4063 1452 4136 αὐτῷ
1474 4069 1647 4137 φωνῇ.
1681 4068 1790 4121 Καὶ
1817 4069 1846 4120 6

259 4157 366 4227 μὲν
412 4153 583 4218 τύπος
649 4154 708 4207 ὲν
766 4153 998 4219 τούτοις.
1049 4154 1276 4226 Ἴδωμεν
1309 4156 1367 4210 δὲ
1414 4156 1512 4229 τὴν
1562 4157 1841 4230 ἀλήθειαν.

263 4249 456 4319 Ἔχεις
488 4242 776 4316 τοιγαροῦν
801 4246 859 4298 ὲν
879 4245 1057 4313 ἀγίοις
1082 4245 1435 4314 Εὐάγγελίοις
1468 4247 1734 4303 λαλοῦντα
1755 4250 1847 4303 τὸν

261 4340 474 4410 Κύριον
493 4354 509 4370 ο
537 4356 556 4391 ι
591 4337 795 4408 Πάτερ,
820 4335 1045 4402 δόξασόν
1083 4354 1177 4392 σου
1201 4339 1294 4393 τὸν
1334 4339 1480 4393 Υίόν·
1511 4358 1532 4393 ›
1563 4341 1847 4412 ἀποκρινό-

1939 3245 2403 3310 absolute,rvoce,
2436 3259 2588 3315 aqua:
2613 3246 2907 3301 verborum
2935 3260 3074 3301 sono
3098 3245 3340 3300 humano
3365 3261 3516 3300 more

1939 3337 2262 3392 mirabiliter
2287 3344 2372 3392 est
2398 3335 2569 3392 edita.
2611 3335 2754 3402 Quid
2786 3336 2932 3391 enim
2973 3335 3198 3393 difficile
3245 3343 3331 3392 est
3363 3335 3519 3392 Deo?

1939 3426 2054 3481 imo
2087 3425 2218 3496 quid
2249 3425 2461 3482 elliccre
2495 3439 2604 3480 non
2637 3432 2813 3495 potest
2847 3423 3009 3480 facile
3030 3467 3045 3488 ,
3081 3427 3126 3481 si
3154 3424 3320 3482 modo
3352 3426 3520 3482 velit?

1942 3513 2291 3585 Loquebatur
2317 3516 2501 3585 itaque
2532 3514 2733 3578 Moses,
2768 3514 2910 3570 Deus
2943 3525 3124 3570 autem
3159 3518 3440 3587 respondit
3468 3519 3519 3573 ei

1943 3621 2092 3662 voce.
2122 3605 2234 3661 Sed
2259 3606 2370 3661 haec
2397 3605 2615 3676 quidem
2642 3606 2868 3676 figurate
2894 3623 2909 3659 :
2933 3604 3215 3662 videamus
3238 3622 3402 3677 porro
3421 3624 3512 3662 ve-

1942 3693 2181 3754 ritatem.
2211 3693 2390 3750 Habes
2421 3694 2474 3748 in
2501 3693 2810 3764 Evangeliis
2838 3693 3148 3762 loquentem
3179 3694 3467 3750 Dominum
3497 3715 3514 3752 :

1948 3803 1966 3837 ι
1989 3783 2178 3850 Pater,
2202 3783 2442 3839 clarifica
2462 3783 2661 3838 Filium
2687 3792 2842 3838 tuum
2867 3784 2942 3848 HI;
2967 3804 2985 3836 ι
3017 3783 3310 3853 respondet
3337 3793 3517 3841 autem

1943 3875 2108 3946 359
2138 3890 2270 3930 voce
2305 3875 2501 3930 Pater:
2545 3894 2564 3926 ι
2607 3873 2672 3928 Ει
2699 3874 3024 3940 clarificavi,
3066 3884 3121 3931 et
3172 3875 3366 3932 iterum
3401 3878 3518 3932 cla-

1944 3968 2172 4023 ritlcabo
2194 3968 2256 4020 ¹⁷.
2306 3985 2324 4018 ι
2366 3965 2472 4022 Sed
2507 3981 2613 4020 non
2643 3980 2765 4022 esse
2792 3981 2980 4022 revera
3002 3982 3187 4022 vocem
3213 3968 3303 4023 Dei
3330 3983 3394 4024 ac
3419 3967 3522 4022 Pa.

1945 4060 2045 4115 tris
2073 4058 2328 4114 Salvator
2361 4057 2626 4124 ostendit,
2661 4057 2852 4113 dicens
2878 4058 2944 4113 iis
2973 4057 3066 4127 qui
3099 4066 3226 4113 tunc
3253 4058 3478 4114 aderant
3504 4077 3516 4113 :

1951 4168 1970 4202 ι
2007 4147 2125 4204 Νοη
2183 4155 2408 4219 propter
2458 4162 2546 4202 me
2596 4147 2711 4202 haec
2758 4162 2858 4202 vox
2910 4148 3080 4211 venit,
3143 4147 3237 4203 sed
3299 4157 3522 4218 propter

1944 4255 2044 4298 vos
2063 4242 2124 4294 ".
2166 4258 2186 4291 ι
2224 4238 2390 4296 Vides
2412 4253 2522 4310 quo
2552 4244 2714 4309 pacto
2743 4251 2936 4293 vocem
2975 4236 3170 4292 factam
3225 4251 3348 4294 esse
3372 4239 3524 4294 clare

1946 4331 2220 4390 asseruit:
2288 4330 2560 4401 siquidem
2625 4328 2929 4400 putandum
2988 4343 3099 4384 non
3128 4337 3212 4386 est
3247 4343 3378 4385 voce
3403 4345 3524 4401 qua:

265 4448 429 4502 μενον
453 4429 512 4482 δὲ
538 4428 625 4483 διὰ
649 4429 834 4498 φωνῆς
865 4427 956 4481 τὸν
984 4429 1202 4499 Πατέρα
1220 4445 1232 4458 ·
1269 4449 1289 4483 ι
1325 4431 1436 4484 Καὶ
1461 4430 1715 4496 ἐδόξασα,
1752 4433 1835 4486 καὶ

1949 4438 2086 4480 sono
2117 4424 2296 4479 editur
2327 4437 2482 4478 usam
2507 4436 2630 4478 esse
2658 4428 2913 4476 naturam
2941 4421 3207 4485 divinam,
3255 4421 3382 4477 licet
3420 4437 3524 4476 no-

263 4523 430 4578 πάλιν
450 4520 679 4589 δοξάσω.
722 4539 742 4573 ι
775 4523 889 4575 Ούκ
911 4517 1051 4576 εῖναι
1083 4522 1256 4594 δὲτὴν
1289 4523 1471 4594 φωνὴν
1501 4522 1715 4594 ἀληθῶς
1751 4524 1844 4578 τοῦ

261 4613 406 4668 Θεοῦ
443 4614 538 4667 καὶ
575 4613 787 4685 Πατρὸς
838 4614 868 4666 6
920 4612 1111 4684 Σωτὴρ
1164 4614 1380 4682 ἔδειξεν,
1437 4614 1607 4669 είπὼν
1639 4619 1751 4681 τοῖς
1786 4618 1847 4670 τὸ

259 4705 522 4776 τηνικάδε
546 4704 811 4776 παροῦσιν
831 4723 844 4736 ο
879 4706 952 4760 Ού
969 4705 1036 4758 δι’
1059 4705 1162 4776 ἐμὲ
1188 4707 1222 4778 ἡ
1257 4705 1409 4778 φωνὴ
1434 4707 1571 4779 αῦτη
1603 4708 1847 4778 γέγονεν,

262 4798 410 4852 ἀλλά
462 4798 530 4851 δι’
581 4799 747 4868 ὑμᾶς.
791 4816 810 4850 ι
857 4798 1022 4870 Ὁρᾷς
1069 4798 1217 4863 ὅπως
1280 4799 1610 4872 γεγενῆσθαι
1664 4801 1851 4870 σαφῶς

253 4890 643 4962 διισχυρίσατο
663 4889 760 4961 τὴν
787 4891 991 4960 φωνὴν,
1027 4890 1149 4944 ἐπεὶ
1183 4892 1258 4962 μὴ
1289 4895 1355 4963 τῇ
1399 4892 1488 4947 διὰ
1523 4894 1730 4947 κτύπου
1763 4911 1852 4947 κε-

242 4982 508 5058 ](Ρῆσθαι
541 4983 694 5053 φωνῇ
748 4981 846 5052 τὴν
905 4981 1057 5035 θείαν
1103 4980 1316 5036 οἴεσθαι
1346 4981 1507 5051 φύσιν
1533 4983 1847 5048 ἀκόλουθον,

239 5077 378 5132 κᾶν
408 5076 524 5136 ταῖς
579 5068 872 5145 ἡμετέραις
925 5073 1394 5144 συσχηματίζηται
1451 5064 1660 5144 χρείαις
1687 5114 1702 5139 ,
1758 5077 1851 5129 καὶ

236 5169 407 5239 λαλῇ
444 5167 564 5220 καθ’
609 5168 758 5237 ἡμᾶς
806 5165 1188 5236 οἰκονομικῶς.
1249 5163 1438 5218 Ταῦτα
1495 5165 1658 5219 πάλιν
1716 5169 1848 5238 ἡμῖν

237 5257 590 5325 ἀναγκαίως
635 5254 986 5326 εἰσεκομίσθη
1039 5253 1176 5324 πρὸς
1210 5253 1272 5306 τὸ
1311 5253 1488 5323 παρὸν
1516 5252 1594 5323 τῷ
1617 5253 1758 5324 λόγῳ
1783 5255 1851 5308 τὰ

245 5349 629 5419 Θεωρηματα.
683 5346 897 5416 Χρῇναι
924 5345 1034 5414 γὰρ
1086 5343 1305 5407 πάντως
1334 5343 1718 5414 ἐλογισάμεθα,
1739 5347 1853 5408 τοῖς

255 5437 687 5508 ἱντιυόαμένοις
745 5435 1078 5507 ἀληθεύοντα
1127 5435 1410 5506 φαίνεσθαι
1456 5435 1549 5489 τὸν
1619 5435 1850 5506 Ἰησοῦν,

272 5531 400 5586 iam:
451 5526 777 5598 εὑρίσκηται
829 5524 1003 5594 λέγων
1054 5525 1191 5596 πρὸς
1252 5524 1535 5588 Ἰουδαίους
1585 5524 1715 5594 περὶ
1758 5522 1852 5577 τοῦ

1953 4519 2084 4575 stris
2104 4516 2476 4573 conformetur
2506 4515 2718 4579 usibus,
2740 4523 2793 4570 et
2822 4514 3086 4584 singulari
3120 4515 3526 4585 dispensatione

1953 4611 2228 4680 loquatur,
2261 4609 2425 4665 sicuti
2479 4622 2599 4662 nos.
2636 4605 2764 4661 llmc
2794 4623 2988 4663 rursus
3020 4622 3051 4660 a
3106 4607 3266 4662 nobis
3312 4608 3527 4677 imprze~

1951 4702 2253 4759 sentiarum
2284 4700 2568 4755 observata
2610 4705 2758 4754 sunt.
2788 4697 2975 4754 Jesum
3027 4698 3228 4769 quippe
3276 4714 3525 4754 veracem

1940 4789 2374 4848 existimandum
2401 4803 2524 4845 esse
2553 4795 2829 4860 putamus,
2859 4803 2984 4843 cum
3010 4789 3079 4845 de
3143 4803 3244 4844 suo
3271 4787 3528 4844 Genitore

1952 4883 2020 4938 ad
2083 4881 2301 4938 Judaeos
2355 4881 2541 4936 dicere
2577 4880 2987 4950 comperiatur:
3025 4899 3044 4932 ι
3107 4878 3294 4948 Neque
3339 4892 3526 4932 vocem

1951 4973 2074 5042 ejus
2102 4987 2342 5042 unquam
2372 4970 2629 5035 audistis,
2660 4985 2838 5038 neque
2875 4970 3112 5039 speciem
3136 4969 3254 5038 ejus
3287 4966 3524 5029 vidistis,

1953 5073 2010 5120 et
2043 5063 2282 5120 Verbum
2315 5063 2436 5132 ejus
2463 5077 2572 5116 non
2604 5060 2817 5115 habetis
2843 5060 2898 5113 in
2931 5058 3086 5113 vobis
3120 5071 3368 5122 manens,
3397 5055 3526 5126 quia

1955 5171 2116 5226 quem
2150 5155 2298 5210 misit
2347 5153 2457 5217 ille,
2504 5151 2634 5205 huic
2664 5165 2760 5205 vos
2813 5165 2924 5203 non
2987 5147 3216 5202 creditis
3240 5147 3303 5200 ‘9.
3352 5163 3372 5197 ι
3405 5143 3525 5199 Jam

1955 5263 2107 5311 vero.
2139 5244 2446 5300 Pharisaeos
2495 5241 2718 5296 immani
2775 5240 2921 5294 fastu
2986 5238 3232 5308 turgidos
3281 5235 3526 5292 divinum

1957 5337 2198 5395 Verbum
2239 5335 2297 5389 in
2327 5349 2386 5390 se
2415 5340 2470 5388 et
2500 5331 2644 5401 apud
2679 5345 2738 5386 se
2767 5343 2891 5386 esse
2921 5327 3165 5392 ﬁnxisse,
3207 5325 3439 5397 ideoque
3461 5327 3529 5382 ad

1961 5427 2268 5483 mirabilem
2335 5421 2628 5495 quamdam
2689 5435 2750 5477 se
2813 5418 3132 5491 pervenisse
3202 5418 3528 5490 sapientiam

1963 5519 2292 5582 asseruisse,
2336 5514 2388 5570 id
2421 5513 2651 5585 spiritus
2688 5513 2801 5584 ipse
2826 5526 3045 5584 quoque
3073 5509 3277 5566 Christi
3305 5510 3530 5567 testabi-

303 5639 742 5710 ,_"lCor.xm,
801 5636 1200 5710 12:4‘ff‘Psal.
1258 5655 1392 5710 35v",
1443 5639 1532 5695 M.
1612 5639 1655 5670 ¹³
1695 5636 1853 5710 Deut.
1889 5652 2030 5710 κως,
2074 5635 2162 5689 l9.
2243 5633 2287 5665 “
2321 5629 2468 5687 Psal.
2511 5646 2679 5696 xvut,
2737 5628 2789 5684 5.
2869 5627 2912 5660 "
2952 5624 3152 5694 Deut.,
3206 5641 3336 5690 In,
3373 5624 3459 5681 19.

303 5704 513 5768 “Joan.
548 5724 663 5775 ιιι,
695 5709 786 5762 ‘28.
888 5708 930 5739 ¹⁷
971 5706 1105 5762 Ibid.

1186 5710 1228 5740 ⁸⁸
1269 5708 1400 5763 lbitl.
1435 5710 1523 5764 60.
1605 5710 1646 5742 ’θ
1684 5707 1840 5763 Joan.
1880 5723 1932 5768 v.
1963 5707 2051 5760 57.
