4044 6200
275 332 360 389 ιξι
1266 327 1329 382 IN
1363 323 1654 382 .IOANNIS
1691 321 2143 381 EI’ANGELIUM
2178 323 2306 381 LIB.
2353 321 2439 380 III.
3419 333 3522 392 ωε
3635 320 3638 323 ’

271 448 422 518 μένου
445 441 684 506 τοιοῦτος
715 443 742 495 ὁ
765 441 912 504 νοῦς.
953 439 1175 512 Ἐπειδὴ
1207 438 1318 511 γὰρ
1337 439 1602 493 ἐθεάσατο
1621 437 1840 509 τρέχον-

1948 436 2125 506 ipsum
2153 439 2435 508 colligere,
2461 435 2706 509 nihilque
2731 437 2878 494 aliud
2922 455 3184 510 quaerere,
3222 452 3320 500 aut
3356 447 3520 505 etiam

265 556 351 601 τας
389 537 483 590 ἐπὶ
520 535 588 589 τὰ
617 535 863 599 Μωσέως
896 533 1328 605 συγγράμματα,
1362 531 1457 584 καὶ
1487 529 1843 598 συλλέγοντας

261 629 465 684 ἐκεῖθεν
497 625 838 688 ἀπαιδεύτως
895 624 994 688 τὰς
1043 625 1152 678 τῶν
1197 622 1515 690 ἀντιλογιῶν
1562 620 1840 691 ἀφορμὰς,

259 719 554 792 ζητοῦντας
581 717 637 770 δὲ
676 717 864 788 ἕτερον
906 717 1082 779 οὐδὲν,
1117 716 1149 787 ἦ
1183 715 1277 769 καὶ
1325 713 1668 784 δεχομένους,
1707 713 1844 781 ὅπερ

258 813 321 866 ἂν
360 812 544 874 αὐτοῖς
577 810 635 863 τὸ
681 813 878 881 χρῆναι
910 808 1183 862 πιστεύειν
1230 809 1518 877 περιποιῇ·
1557 804 1646 857 διὰ
1687 803 1846 857 τοῦτο

256 904 419 958 πάλιν
451 901 768 970 ἀναγκαίως
800 901 1073 972 ἄχρηστον
1120 901 1303 963 αὑτοῖς
1349 901 1442 952 καὶ
1473 898 1731 968 ἀνόνητον
1754 895 1846 949 τὸν

256 996 351 1064 τῆς
385 995 479 1047 ἐπὶ
505 994 718 1055 τούτοις
784 992 1012 1064 ἐρεύνης
1051 991 1342 1060 ἀποφαίνει
1393 990 1578 1054 πόνον,
1630 987 1722 1041 καὶ
1770 986 1846 1050 ὼς

260 1087 480 1159 μεγαλῳ
501 1102 558 1138 τε
589 1085 688 1138 καὶ
735 1084 1172 1153 ἐπωφελεστάτῳ
1221 1081 1507 1154 πράγματι
1545 1079 1848 1151 μεμελετή-

257 1196 412 1232 κασιν
455 1177 517 1231 οὑ
565 1177 710 1230 κατὰ
751 1175 907 1244 λόγον
969 1173 1274 1246 κεχρῆσθαι
1307 1174 1398 1226 τὸν
1440 1172 1719 1244 πρέποντα
1768 1171 1851 1223 δι-

263 1270 482 1339 ελέγχει
546 1268 826 1338 σαφῶς.Τί
863 1267 994 1338 γὰρ,
1041 1267 1160 1320 εἰπέ
1198 1283 1308 1337 μοι,
1350 1265 1410 1318 τὸ
1447 1266 1734 1335 χρήσιμον,
1765 1263 1848 1315 ὅτι

254 1364 351 1427 τὰς
379 1363 482 1432 μὲν
510 1362 682 1424 θείας,
722 1360 911 1431 φησὶν,
945 1361 1203 1430 ὲρευνᾶτε
1246 1358 1489 1428 Γραφάς,
1519 1357 1752 1426 οἰόμενοι
1782 1355 1849 1407 δι’

251 1454 434 1508 αὐτῶν
469 1456 548 1518 εἰς
581 1451 798 1507 αἰώνιον
829 1451 1196 1521 ἀναϐήσεσθαι
1219 1451 1368 1522 ζωήν
1393 1467 1406 1516 ;
1445 1448 1613 1502 Ἐπάν
1637 1448 1693 1501 δὲ
1717 1446 1850 1500 ταύ-

251 1562 352 1608 τας
379 1546 506 1616 ἐμοὶ
539 1543 923 1618 μαρτυρούσας
962 1543 1276 1614 εὑρίσκητε,
1327 1541 1422 1594 καὶ
1470 1541 1618 1611 ζωὴν
1644 1540 1849 1609 ὀνομα-

252 1635 458 1700 ζούσας
481 1637 576 1707 ἐμὲ
609 1638 706 1708 τὴν
753 1637 990 1697 αἰώνιον,
1046 1635 1106 1688 οὑ
1156 1634 1335 1687 Θέλετε
1383 1633 1558 1686 ἐλθεῖν
1591 1633 1727 1704 πρός
1757 1649 1846 1702 με,

251 1727 343 1781 ῐνα
369 1727 513 1798 ζωὴν
545 1727 724 1799 ἔχητε.
757 1726 967 1782 Οὐκοῦν
995 1724 1117 1779 ὅθεν
1165 1725 1273 1779 ἔδει
1322 1725 1613 1791 σώζεσθαι,
1659 1728 1844 1796 φησὶν,

249 1818 464 1871 ἐκεῖθεν
489 1817 559 1870 τὰ
593 1817 827 1886 μέγιστα
858 1817 956 1880 τάς
988 1816 1199 1870 ἑαυτῶν
1230 1815 1552 1886 ζημιοῦντες
1579 1817 1639 1868 οὑ
1671 1818 1840 1869 νοεῖτε

246 1913 451 1983 ψυχὰς,
482 1912 618 1983 πρὸς
661 1913 758 1982 μέν
791 1912 950 1983 μόνον
999 1911 1060 1964 τὸ
1081 1911 1381 1979 ἀντιλέγειν
1423 1912 1487 1964 ἐκ
1527 1909 1841 1964 Μιυσαῖκῶν

249 2001 590 2073 ἀκονώμενοι
622 2003 820 2070 λόγων,
841 2003 908 2056 τὰ
937 2002 993 2055 δὲ
1017 2004 1100 2071 ἐφ’
1128 1997 1210 2066 οἷς
1237 1998 1306 2073 ἦν
1335 2004 1476 2073 ὑμᾶς
1497 2002 1594 2074 τὴν
1625 2001 1842 2055 αἰώνιον

247 2095 666 2166 ἀποκερδαίνὲιν
696 2094 862 2165 ζωὴν,
915 2094 1026 2147 οὐδ’
1055 2095 1178 2148 ὅσον
1229 2096 1306 2157 εἰς
1352 2093 1478 2148 νοῦν
1501 2095 1591 2146 τὸν
1631 2095 1839 2148 ἑαυτῶν

1943 531 2222 600 suscipere
2259 545 2372 600 quo
2394 529 2461 583 ad
2495 528 2831 584 credendum
2863 529 3282 600 inducerentur,
3315 537 3526 596 idcirco

1943 623 2258 677 necessario
2307 621 2421 677 illis
2460 637 2680 676 rursum
2738 622 2982 678 declarat
3049 625 3297 682 inutilem
3359 631 3522 686 istam

1945 715 2223 771 scrutandi
2251 713 2618 784 diligentiam,
2654 715 3056 785 ntanil’esteque
3090 720 3267 788 arguit
3325 737 3424 778 eus
3467 739 3527 778 re

1944 822 2138 878 magna
2194 816 2250 862 ct
2301 808 2594 862 utilissima
2645 822 2756 862 non
2795 823 2864 862 eo
2893 823 3002 877 quo
3034 809 3189 864 decet
3227 812 3388 867 modo
3421 815 3523 870 uti.

1945 897 2085 966 Quid
2137 901 2284 954 enim
2328 901 2576 969 prodest,
2613 916 2826 970 quaeso,
2859 901 3072 971 inquit,
3115 904 3260 972 quod
3309 905 3526 962 divinas

1945 991 2267 1046 scrutamini
2294 990 2630 1060 Scripturas,
2664 994 2958 1048 credentes
3004 1009 3104 1064 per
3141 995 3293 1065 ipsas
3324 1012 3421 1053 vos
3458 999 3525 1052 ad

1946 1093 2206 1137 aeternam
2233 1083 2396 1136 vitam
2441 1091 2688 1146 evectum
2741 1085 2850 1138 iri?
2900 1083 3116 1156 Quippe
3149 1102 3273 1141 cum
3326 1103 3421 1144 eas
3457 1092 3526 1144 de

1947 1189 2034 1228 me
2073 1173 2356 1228 testificari
2390 1175 2742 1243 comperistis
2789 1191 2987 1247 meque
3040 1181 3208 1232 vitam
3263 1190 3524 1236 (sternam

1948 1263 2254 1326 nominare,
2281 1278 2387 1317 non
2425 1264 2590 1318 vultis
2621 1272 2804 1320 tamen
2837 1265 2903 1319 ad
2934 1282 3022 1322 me
3045 1268 3234 1323 venire
3269 1280 3328 1323 ut
3353 1272 3522 1324 vitam

1949 1353 2214 1408 habeatis.
2243 1351 2434 1422 Igitur,
2463 1354 2607 1408 unde
2633 1369 2730 1410 vos
2753 1355 2955 1410 salva-ri
2982 1366 3288 1426 oporteret,
3325 1361 3524 1431 inquit,

1949 1445 2076 1499 inde
2110 1445 2401 1498 maximam
2463 1445 2772 1499 animorum
2804 1447 3082 1517 jacturam
3133 1465 3230 1504 vos
3279 1453 3530 1522 accipere

1949 1551 2058 1591 non
2103 1535 2427 1606 intelligitis,
2461 1552 2601 1606 quos
2635 1538 2904 1593 librorum
2947 1538 3316 1595 Mosaicorum
3363 1543 3525 1599 lectio

1951 1631 2016 1685 ad
2056 1630 2467 1685 contradicendi
2508 1629 2748 1684 studium
2800 1630 2974 1684 solum
3017 1632 3186 1692 acuit,
3219 1647 3343 1702 quae
3389 1648 3521 1689 vero

1952 1723 2020 1778 ad
2047 1731 2303 1778 aeternam
2335 1723 2502 1776 vitam
2533 1722 2870 1785 conducunt.
2903 1723 3060 1793 261
3090 1738 3158 1777 ne
3194 1723 3248 1777 in
3285 1725 3526 1779 animum

1949 1815 2168 1884 quidem
2203 1819 2445 1869 vestrum
2481 1813 2794 1868 admittitis.
2821 1811 3092 1868 Cteterum
3126 1815 3298 1867 multa
3328 1817 3382 1869 in
3411 1816 3530 1886 lege

1949 1913 2004 1960 et
2038 1903 2246 1960 sanctis
2291 1903 2570 1972 prophetis
2604 1902 2673 1958 de
2704 1903 2816 1956 vita
2877 1904 3180 1958 secundum
3236 1913 3516 1968 naturam,

1948 1996 2052 2052 hoc
2082 1996 2262 2052 estde
2291 1994 2590 2065 Uuigeuito
2637 1994 2931 2061 contineri,
2987 2011 3170 2060 nemo,
3220 2003 3281 2050 ut
3311 2000 3534 2069 Opinor,

1948 2085 2198 2146 discendi
2228 2084 2514 2140 studiosus
2551 2085 2788 2154 ignorat.

247 2187 649 2252 εἰσοικεξοντες.
678 2188 800 2240 Ὅτι
848 2186 905 2239 δὲ
935 2186 1100 2249 πολὺς
1127 2185 1184 2239 ἐν
1217 2203 1275 2239 τε
1300 2186 1379 2257 τῷ
1412 2187 1558 2256 νόμῳ
1609 2187 1702 2241 καὶ
1751 2190 1864 2250 τοῖς
1903 2183 2080 2253 ἁγίοις
2098 2178 2406 2250 προφήταις
2434 2179 2464 2229 ὁ
2491 2176 2646 2246 λόγος
2679 2178 2807 2246 περὶ
2833 2177 2932 2246 τῆς
2957 2175 3098 2230 κατὰ
3135 2176 3298 2246 φύσιν
3363 2177 3530 2250 ζωῆς,

247 2281 496 2334 τουτέστι
515 2280 608 2334 τοῦ
641 2275 1016 2349 Μονογενοῦς,
1036 2283 1194 2335 πᾶσιν
1219 2277 1373 2352 οἶμαι
1398 2284 1511 2346 τοῖς
1555 2282 1904 2352 φιλομαθές-ιν
1945 2277 2211 2346 ὑπάρχειν
2239 2273 2568 2341 καταφανέςο

317 2377 521 2440 Δόξαν
585 2377 749 2445 παρὰ
811 2377 1125 2445 ἀνθρώπου
1187 2383 1259 2431 οὺ
1320 2376 1636 2446 λαμϐάνω,
1696 2377 1836 2433 ἀλλ’

255 2467 494 2535 ἔγνωκα
532 2465 730 2535 ὑμᾶς,
785 2466 874 2520 ὅτι
923 2466 1039 2536 τὴν
1088 2465 1331 2535 ἀγάπην
1376 2466 1481 2522 τοῦ
1525 2465 1672 2521 Θεοῦ
1725 2469 1839 2522 οὐκ

254 2559 426 2629 ἔχετε
469 2546 538 2611 ἐν
579 2557 833 2625 ἑαυτοῖς.

324 2649 656 2703 Αῑσθάνεται
702 2649 861 2702 πάλιν
883 2688 898 2713 ,
937 2649 1138 2718 μᾶλλον
1174 2649 1232 2702 δὲ
1270 2649 1375 2721 ὁρᾶ
1404 2635 1755 2720 θεοπρεπῶς,
1781 2647 1841 2702 τὸ

254 2737 552 2802 δυσπειθὲς
589 2738 684 2792 καὶ
720 2737 967 2808 δυσήνιον
1016 2738 1125 2791 τῶν
1152 2740 1463 2808 Φαρισαίων
1504 2739 1844 2795 καταδακνό-

261 2846 430 2900 μενον
480 2833 695 2898 στῖφος.
747 2831 840 2882 καὶ
875 2831 936 2882 οὐ
971 2831 1192 2893 πάντως
1238 2831 1324 2900 ἐφ’
1370 2823 1452 2894 οἷς
1507 2832 1695 2902 ᾐτιᾶτο
1745 2829 1845 2893 τὰς

261 2919 418 2983 θείας
469 2919 543 2983 ὡς
588 2920 650 2973 οὑ
685 2919 914 2984 δεόντως
959 2920 1294 2992 ἐρευνῶντας
1323 2920 1574 2990 Γραφάς,
1607 2921 1722 2975 ἀλλ’
1752 2920 1846 2974 ἐπὶ

254 3011 336 3081 τῷ
372 3011 574 3082 μᾶλλον
612 3012 809 3064 εἰπεῖν·
849 3031 868 3064 ι
904 3011 978 3066 Ού
1016 3011 1197 3065 θέλετε
1221 3011 1393 3064 ἐλθεῖν
1422 3012 1557 3083 πρός
1591 3030 1677 3084 με.
1721 3032 1740 3066 ι
1776 3014 1844 3066 Ἀ

2017 2369 2085 2437 ν,
2116 2367 2314 2435 41,42.
2365 2367 2678 2422 Claritatem
2719 2367 2782 2420 ab
2822 2365 3119 2420 hominibus
3155 2383 3260 2420 non
3302 2367 3530 2435 accipio,

1945 2461 2032 2517 sed
2064 2460 2281 2530 cognovi
2321 2473 2429 2518 vos,
2465 2458 2591 2526 quia
2616 2456 2951 2510 dilectionem
2985 2456 3086 2509 Dei
3115 2473 3219 2510 non
3247 2457 3454 2512 habetis
3477 2461 3531 2511 iu

1948 2554 2112 2608 vobis.

2019 2644 2200 2700 Sentit
2236 2657 2454 2706 rursus,
2489 2639 2600 2693 imo
2630 2654 2759 2694 vero
2788 2637 2935 2693 videt
2972 2638 3138 2693 modo
3174 2637 3281 2692 Deo
3329 2654 3533 2694 conve-

1945 2737 2115 2792 nienti
2159 2745 2539 2791 contumacem
2601 2738 2654 2784 et
2709 2729 3056 2800 prmfraclam
3123 2727 3530 2784 Pharisteorum

1946 2831 2163 2884 turbam
2191 2822 2546 2887 commoveri,
2575 2837 2684 2876 non
2712 2822 2858 2890 quod
2891 2837 2987 2877 cos
3017 2821 3235 2876 divinas
3275 2819 3533 2893 Scriptu-

1945 2937 2036 2978 ras
2062 2921 2245 2975 minus
2272 2928 2416 2973 recte
2441 2915 2680 2971 scrutari
2708 2914 3010 2984 objecerat,
3034 2914 3128 2970 sed
3157 2930 3223 2970 ex
3250 2929 3316 2969 eo
3347 2915 3532 2985 potius

1945 3013 2091 3083 quod
2126 3013 2365 3072 dixerat,
2404 3028 2423 3061 ι
2461 3007 2577 3062 Νοη
2613 3007 2780 3062 vultis
2837 3007 3024 3061 venire
3057 3008 3122 3061 ad
3184 3023 3291 3062 me.
3331 3025 3350 3058 ι
3409 3006 3530 3072 Qun

254 3102 372 3173 γὰρ
401 3101 557 3155 αὐτοὶ
598 3100 847 3154 νοσοῦσιν
881 3101 1155 3164 εὐκόλως,
1191 3100 1366 3155 ταῦτα
1411 3101 1670 3155 δύνασθαι
1707 3118 1842 3172 κρα-

1948 3103 2092 3160 euim
2121 3104 2225 3172 ipsi
2251 3100 2581 3173 aegritudine
2622 3098 2966 3164 laborabant,
3013 3097 3260 3154 eamdem
3311 3113 3532 3169 quoque

255 3195 376 3246 τεῖν
413 3193 508 3244 καὶ
541 3192 636 3244 ἐπὶ
677 3191 772 3245 τοῦ
811 3191 1062 3262 Σωτῆρος
1093 3189 1441 3245 πιστεύουσιν
1466 3207 1480 3222 ·
1523 3190 1689 3262 ᾠοντο
1733 3190 1843 3263 γὰρ

251 3282 320 3352 δὴ
351 3323 368 3346 ,
399 3281 544 3335 κατά
568 3282 631 3335 τὺ
673 3282 819 3345 εἰκὸς
839 3324 853 3344 ,
908 3283 972 3336 ἐκ
1004 3282 1208 3351 πολλῆς
1253 3283 1348 3336 καὶ
1387 3281 1547 3336 τοῦτο
1580 3281 1844 3346 παθόντες

255 3374 478 3438 ἀνοὲας,
515 3374 799 3445 φιλαρχεῖν
823 3373 922 3446 ἤδη
967 3376 1090 3427 κατ’
1133 3374 1314 3428 αὐτῶν
1349 3373 1439 3427 τὸν
1483 3373 1716 3445 Κύριον,
1747 3373 1843 3428 καὶ

248 3467 360 3529 τὰς
409 3467 560 3538 παρά
611 3467 831 3520 πάντων
892 3465 1060 3537 τιμὰς
1117 3465 1294 3537 ἑαυτῷ
1355 3463 1842 3537 πραγματεύεσθαι

252 3559 462 3624 θέλειν,
489 3559 578 3613 διὰ
616 3559 708 3613 τοῦ
732 3559 918 3612 καλεῖν
949 3561 1030 3622 εἰς
1061 3557 1362 3628 μαθητείαν
1400 3559 1616 3622 αὐτούς.
1643 3556 1844 3611 Τοιαύ-

250 3667 366 3720 την
390 3651 512 3704 τινὰ
529 3652 630 3720 τὴν
651 3651 904 3704 ὑπόνοιαν
933 3649 1190 3713 λαϐόντες
1213 3652 1293 3714 εις
1319 3649 1465 3714 νοῦν,
1490 3648 1842 3706 ἐκπεσεῖσθαι

255 3743 366 3812 μὶν
383 3744 508 3796 ὅσον
527 3743 738 3795 οὐδέπω
756 3743 856 3813 τῆς
888 3743 1032 3796 κατὰ
1061 3741 1154 3795 τοῦ
1183 3741 1371 3806 ἔθνους
1394 3741 1642 3806 ἐξουσίας
1669 3757 1842 3813 προσ-

248 3835 461 3888 εδόκων
495 3833 683 3887 αὑτοίο
717 3832 1024 3904 διεπρίοντο
1063 3833 1121 3886 δέ
1166 3833 1229 3886 οὑ
1267 3833 1479 3904 μικρῶς
1516 3832 1608 3887 τὸν
1641 3833 1841 3905 κληρο-

248 3926 422 3996 νόμον
449 3924 684 3996 ὁρῶντες
707 3925 961 3979 ἀπαιτεῖν
993 3923 1246 3978 ἐθέλοντα
1283 3924 1376 3978 τὸν
1402 3924 1497 3978 τοῦ
1522 3924 1842 3995 ἀμπελῶνος

249 4017 495 4089 καρπόν.
525 4017 616 4070 Διὸ
639 4017 703 4088 δὴ
728 4018 912 4080 πάλιν,
940 4017 1063 4071 ὅσον
1087 4012 1222 4089 ἧκεν
1252 4017 1332 4079 εἰς
1358 4016 1528 4088 ὀργὴν
1587 4017 1681 4070 καὶ
1714 4016 1842 4080 τοὺς

246 4111 348 4162 ἐπὶ
378 4111 493 4173 τοῖς
523 4109 838 4179 εἰρημένοις
883 4108 1110 4179 φθόνους
1136 4148 1150 4171 ,
1208 4109 1488 4178 μονονουχὶ
1528 4107 1747 4176 λέγουσι
1779 4107 1842 4160 τὺ

245 4201 309 4254 ἐν
343 4202 467 4263 ταῖς
502 4199 884 4267 εὑαγγελικαῖς
917 4198 1258 4270 παραϐολαῖς
1281 4212 1293 4228 ·
1328 4196 1545 4260 ιΔεῦτε,
1585 4196 1844 4251 ἀποκτεί-

1945 3193 2169 3263 reperiri
2202 3193 2254 3246 in
2288 3191 2571 3245 Salvatore
2604 3190 2891 3259 putabant.
2925 3189 3333 3244 Existimabam
3352 3190 3528 3250 enim,

1941 3294 2001 3339 ut
2033 3283 2268 3350 videtur,
2299 3283 2462 3352 idque
2497 3295 2608 3353 pra
2637 3281 2908 3351 singulari
2942 3281 3182 3344 insania,
3234 3279 3527 3335 Dominqu

1941 3389 2132 3430 eorum
2162 3374 2374 3428 ambire
2407 3373 2522 3443 jam
2549 3373 2944 3443 principatum,
2984 3381 3038 3427 et
3070 3371 3310 3427 honores
3343 3372 3447 3428 sibi
3497 3386 3528 3424 a

1941 3465 2157 3520 cunctis
2185 3467 2447 3535 aucupari
2483 3480 2550 3518 ex
2587 3479 2656 3519 eo
2690 3463 2839 3534 quod
2896 3463 3051 3534 ipsos
3079 3459 3148 3517 ad
3200 3461 3528 3519 discendum

1943 3555 2218 3611 invitaret.
2245 3555 2378 3610 Cum
2409 3569 2527 3609 eam
2564 3553 2938 3624 suspicionem
3005 3547 3192 3609 animo
3223 3554 3526 3624 concepis-

1943 3657 2087 3716 sent,
2114 3648 2343 3719 jamjnm
2377 3647 2736 3702 deturbatum
2769 3647 2837 3700 iri
2881 3661 2943 3701 se
2973 3646 3040 3700 dc
3070 3661 3184 3700 sua
3210 3647 3392 3716 gentis
3424 3647 3529 3702 im-

1943 3740 2095 3809 pario
2128 3737 2467 3793 credebant:
2503 3751 2614 3791 non
2644 3735 2999 3790 mediocriter
3025 3744 3209 3790 autem
3242 3735 3528 3804 dirumpe-

1943 3831 2164 3892 bantur,
2194 3843 2322 3883 cum
2346 3827 2598 3882 viderent
2626 3827 2898 3882 haeredem
2927 3825 3163 3881 fructum
3190 3825 3365 3880 vinea
3385 3825 3529 3879 velle

1945 3929 2211 3991 repetere.
2264 3917 2611 3989 Quapropter
2659 3918 2706 3973 si
2765 3933 2958 3973 eorum
2997 3916 3132 3970 iram
3192 3923 3248 3972 et
3297 3915 3526 3971 livorem

1941 4018 2276 4082 spectemus,
2339 4009 2472 4064 illud
2524 4009 2928 4080 propemodum
2978 4008 3223 4062 clamant
3272 4006 3421 4078 quod
3470 4007 3528 4060 in

1940 4103 2270 4173 evangelicis
2301 4101 2578 4172 parabolis
2609 4101 2875 4171 scriptum
2909 4107 3027 4156 est:
3076 4118 3095 4150 ε
3137 4099 3354 4164 Venite,
3385 4099 3530 4154 occi-

1941 4195 2137 4250 dumus
2164 4209 2315 4261 eum,
2343 4201 2396 4249 et
2427 4193 2755 4249 habebimus
2810 4191 3188 4247 hatreditatem
3245 4191 3369 4262 ejus
3393 4192 3459 4246 ⁸³.
3500 4209 3522 4243 ι

247 4307 440 4361 νωμεν
468 4289 654 4357 αὑτὸν,
682 4290 775 4343 καὶ⁵
805 4289 1022 4362 σχῶμεν
1049 4289 1148 4361 τὴν
1182 4287 1548 4359 κληρονομίαν
1588 4287 1774 4343 αὑτοῦ.
1816 4305 1836 4341 ν

1945 4285 2168 4342 Tollens
2205 4286 2392 4358 itaque
2417 4285 2794 4356 suspicionem
2826 4299 3015 4340 eorum
3074 4283 3248 4338 levem
3275 4298 3341 4338 ac
3392 4292 3524 4339 tem-

259 4382 542 4453 Ἀναιρῶν
588 4381 878 4455 τοιγαροῦν
923 4381 1020 4450 τὴν
1065 4381 1125 4446 ἐξ
1172 4380 1511 4450 εἰκαιότητος
1555 4381 1614 4432 ἐν
1657 4380 1841 4442 αὐτοῖς

1947 4379 2242 4448 porariam,
2278 4385 2332 4432 et
2371 4378 2619 4445 germina
2659 4376 2851 4431 livoris
2887 4390 2951 4431 ac
2982 4375 3345 4447 malignitatis
3375 4377 3529 4446 prius

247 4476 724 4546 κατεσπαρμένην
783 4474 1075 4539 ὑπόνοιαν,
1145 4474 1240 4528 καὶ
1271 4474 1342 4526 τὰ
1389 4474 1455 4526 ἐκ
1499 4473 1696 4542 φθόνου
1741 4473 1836 4526 καὶ

1949 4439 2267 4534 eradicans,
2307 4439 2487 4540 paIam
2547 4477 2604 4524 et
2633 4476 2824 4539 aperte
2857 4469 2933 4523 ait
2962 4487 2976 4523 :
3025 4487 3046 4521 σ
3104 4439 3426 4524 διατίιοιεξη
3456 4467 3527 4522 ab

249 4566 561 4634 βασκανίας
603 4566 1029 4640 προαπορῲζῶν
1065 4565 1442 4638 βλαστήματα,
1486 4567 1664 4636 γυμνῇ
1695 4564 1842 4634 λέγει

1945 4561 2262 4616 hominibus
2300 4575 2409 4614 non
2444 4559 2679 4629 accipio.
2715 4577 2736 4610 ι
2769 4558 2886 4613 Non
2907 4559 3052 4614 enim
3089 4559 3144 4612 in
3180 4558 3524 4628 disciplinam

245 4659 318 4725 τῇ
349 4658 540 4725 φωνῇ·
573 4674 590 4708 ι
635 4657 802 4721 Δόξαν
847 4658 1001 4728 παρὰ
1055 4656 1349 4728 ἀνθρώπου
1392 4657 1454 4711 οὐ
1492 4656 1774 4728 λαμϐάνω.
1816 4674 1834 4708 ι

1945 4667 2142 4717 meam,
2180 4651 2378 4722 inquit,
2412 4649 2700 4705 auditores
2739 4664 3003 4720 provoco,
3056 4649 3300 4704 honores
3338 4655 3438 4702 aut
3493 4661 3526 4700 a

249 4747 331 4799 υὺ
371 4747 486 4817 γὰρ
527 4746 699 4810 καλῶ,
729 4750 894 4820 φησὶν
921 4789 935 4815 ,
968 4751 1051 4814 εις
1092 4749 1394 4822 μαθητείαν
1419 4749 1520 4822 τὴν
1558 4749 1690 4816 παρ’
1717 4748 1841 4816 ἐμοὶ

1945 4743 2100 4800 vobis
2123 4754 2216 4798 aut
2251 4743 2318 4797 ab
2341 4742 2490 4808 aliis,
2533 4741 2696 4798 sicuti
2727 4756 2848 4805 vos,
2887 4741 3177 4803 aﬁ‘ectans,
3216 4754 3398 4809 neque
3429 4737 3528 4793 do-

251 4835 368 4909 [αι.
407 4837 590 4911 ἐμοῦ]
635 4840 764 4903 τοὺς
800 4840 1219 4911 ἀκροωμένους,
1274 4840 1308 4912 ἢ
1356 4841 1456 4906 τὰς
1495 4843 1628 4914 παρ’
1663 4841 1838 4913 ὑμῶν,

245 4929 286 4999 ἢ
321 4928 424 4992 τὰς
456 4931 588 5002 παρ’
621 4931 822 5003 ἐτέρων
853 4932 1042 5002 τιμὰς,
1073 4931 1324 5003 καθάπερ
1366 4933 1544 5002 ὑμεῖς,
1589 4931 1842 5004 θηρώμε-

245 5035 372 5083 νος,
399 5019 519 5071 οὐδὲ
549 5019 738 5073 τοῦτον
769 5023 867 5090 τῆς
899 5021 1250 5084 διδασκαλίας
1281 5021 1746 5092 ἀντικομισαίμην
1775 5020 1841 5074 ἂν

241 5109 354 5162 τὸν
378 5109 594 5178 μισθὸν,
621 5110 1005 5182 πληρεστάτην
1032 5111 1172 5182 ἔχων
1195 5111 1296 5181 τὴν
1314 5111 1476 5178 δόξαν
1503 5112 1560 5178 ἐξ
1577 5111 1839 5180 ἐμαυτοῦ,

236 5201 355 5255 καὶ
390 5201 786 5273 ὑστεριζούσης
836 5202 940 5272 τῆς
985 5205 1115 5275 παρ’
1166 5201 1342 5273 ὑμῶν·
1389 5199 1506 5255 ἀλλ’
1538 5201 1738 5272 εἴρηκα
1770 5201 1844 5272 μὴ

232 5280 611 5362 θέλεινὺμᾶς
644 5293 900 5364 ἔρχεσθαι
933 5295 1070 5366 πρός
1103 5311 1171 5364 με
1193 5292 1283 5348 διὰ
1307 5292 1368 5346 τὸ
1398 5290 1600 5360 γνῶναι
1633 5291 1841 5361 σαφῶς,

1943 4834 2136 4890 (ιιι-ἱππ
2166 4834 2469 4911 mercedem
2516 4833 2680 4888 istam
2721 4831 3118 4902 reportaverim
3158 4829 3254 4900 qui
3285 4829 3528 4884 absolu-

1943 4927 2216 4982 tissimam
2255 4941 2286 4980 a
2345 4925 2558 4996 meipso
2603 4923 2912 4979 claritatem
2959 4919 3163 4984 habeo,
3198 4933 3308 4987 qua
3368 4917 3529 4985 longe

1943 5020 2175 5075 inferior
2205 5027 2288 5074 est
2309 5018 2403 5072 illa
2427 5024 2614 5072 vestra
2641 5033 2654 5069 :
2691 5013 2785 5070 sed
2827 5010 2944 5067 dixi
2979 5024 3082 5065 vos
3126 5008 3195 5062 ad
3228 5022 3314 5061 me
3340 5005 3530 5060 venire

1945 5111 2110 5175 nolle,
2134 5116 2420 5180 propterea
2457 5105 2604 5177 quod
2644 5111 2835 5174 aperte
2876 5103 3003 5157 novi
3051 5099 3400 5155 dilectionem
3431 5093 3528 5148 Dei

1945 5217 2046 5257 vos
2079 5203 2135 5255 in
2168 5200 2328 5255 vobis
2360 5212 2470 5252 non
2502 5195 2726 5251 habere.
2768 5195 3036 5262 Expertes
3062 5190 3208 5246 enim
3249 5201 3375 5242 cum
3405 5184 3528 5241 sitis

1949 5291 2263 5347 dilectionis
2301 5289 2419 5355 Dei,
2460 5287 2658 5357 inquit,
2692 5283 2972 5356 quomodo
3026 5279 3286 5354 poteritis
3310 5277 3379 5334 ad
3443 5291 3530 5332 me
3582 5283 3588 5287 '

228 5387 333 5438 ὅτι
363 5382 466 5455 τὴν
491 5385 709 5456 ἀγάπην
731 5385 828 5438 τοῦ
852 5385 990 5439 Θεοῦ
1017 5387 1117 5440 οὑκ
1147 5385 1297 5456 ἔχετε
1325 5387 1383 5439 ἐν
1409 5385 1643 5448 ἑαυτοῖς.
1675 5384 1843 5456 Ἔρη-

1955 5382 2147 5439 Filium
2178 5380 2276 5438 Dei
2317 5380 2655 5451 unigenitum
2691 5375 3000 5432 accedere?

241 5499 346 5552 μοι
373 5479 486 5552 γὰρ
526 5479 676 5546 ὅντες
703 5481 804 5553 τῆς
845 5483 925 5546 εἱς
966 5481 1099 5537 Θεὸν
1127 5483 1384 5555 ἀγάπης,
1417 5480 1553 5553 φησὶ
1579 5520 1595 5547 ,
1662 5481 1780 5545 πῶς
1853 5481 1922 5536 ἂν
1961 5477 2248 5552 ἁφῐκοισθε
2288 5477 2423 5550 πρός
2481 5493 2582 5549 με,
2615 5472 2737 5531 τὸν·
2762 5474 2827 5528 ἐκ
2879 5470 3015 5526 Θεοῦ
3065 5469 3342 5543 πεφηνότα
3393 5464 3530 5521 Θεὸν

243 5588 524 5644 μονογενη
553 5590 568 5637 ;
2458 5606 2462 5610 ο

346 5747 604 5805 "Matth.
645 5767 758 5818 ut,
793 5752 881 5808 58.

3791 6121 3982 6173 ὦ
