4044 6200
491 311 596 367 49.3

566 433 630 502 \',
663 431 763 490 45.
820 430 929 502 Ego
981 429 1094 484 ueni
1144 429 1198 480 in
1237 427 1447 480 nomine
1505 425 1686 480 Patris
1726 427 1850 486 mei,
1891 436 1939 479 et
1975 441 2074 478 non
2107 431 2154 489 Α

501 523 740 588 accipitis
767 537 847 575 me
871 537 883 548 ·
929 521 974 574 si
999 519 1141 572 alius
1199 518 1392 571 venerit
1426 519 1481 570 in
1516 518 1728 571 nomine
1761 533 1880 583 suo,
1919 517 2072 570 illum

501 616 796 684 accipietis.

573 709 654 762 Ne
675 703 937 760 Pharisaei
965 709 1225 772 putarent
1250 699 1442 756 inferri
1465 699 1571 756 sibi
1599 714 1629 754 a
1653 699 1814 771 232
1844 698 2074 754 Domino

509 795 762 854 convicia
800 808 926 848 cum
950 793 1069 847 ait:
1121 812 1140 844 ‹
1176 791 1296 846 Νοη
1323 791 1538 846 habetis
1574 791 1927 846 dilectionem
1979 787 2073 843 Dei

503 892 556 944 in
592 888 786 952 vobis,
830 905 850 938 ›
901 887 952 940 id
984 885 1130 956 quod
1175 885 1385 940 dictum
1415 891 1498 938 est
1545 897 1737 937 verum
1801 895 1928 936 esse
1979 879 2074 934 de-

501 986 841 1041 monstrans,
877 978 1066 1032 statim
1097 977 1164 1030 ad
1201 976 1487 1045 superiora
1535 974 1684 1029 istud
1734 986 1956 1043 quoque
1989 986 2075 1026 re-

502 1074 626 1127 fert.
673 1071 829 1137 Quod
862 1070 1032 1133 enim,
1098 1069 1298 1137 inquit,
1337 1081 1446 1121 non
1497 1066 1758 1130 mentiar,
1816 1065 1946 1120 dum
1976 1078 2075 1117 vos

498 1163 593 1219 Dei
625 1162 920 1217 dilectione
964 1174 1156 1214 carere
1187 1158 1338 1223 dico,
1396 1157 1560 1212 unica
1597 1172 1656 1211 re
1697 1157 1856 1210 vobis
1893 1155 2077 1210 decla-

501 1257 658 1310 rabo.
690 1254 802 1325 Ego
826 1254 1098 1324 siquidem
1122 1251 1290 1307 «Veni
1309 1252 1362 1305 in
1391 1249 1614 1304 nomine
1630 1247 1809 1304 Patris
1830 1247 1938 1302 mei
1954 1249 2019 1301 ἰε
2048 1266 2066 1298 ι

499 1353 699 1402 cuncta
736 1345 881 1398 enim
921 1343 989 1397 ad
1053 1344 1281 1414 gloriam
1339 1339 1432 1394 Dei
1496 1339 1675 1394 Patris
1735 1336 1918 1393 facere
1973 1352 2073 1392 vos

502 1437 691 1489 hortor
716 1453 730 1489 :
760 1448 857 1488 vos
889 1442 1070 1487 autem
1103 1428 1490 1485 incredulitate
1522 1434 1706 1483 vestra
1731 1427 1952 1482 caelitus
1979 1441 2075 1481 ve-

503 1527 764 1587 nientem,
790 1535 842 1580 et
873 1539 938 1578 es
988 1523 1098 1577 Deo
1139 1519 1526 1591 procedentem
1565 1519 1877 1589 repellitis:
1923 1518 2074 1572 acci-

503 1619 666 1688 pietis
689 1632 838 1682 vero,
875 1623 934 1669 ut
973 1615 1114 1669 Deus
1143 1613 1288 1668 enim
1337 1611 1518 1666 futura
1569 1610 1720 1674 novi,
1767 1609 2075 1666 falsinomi-

503 1726 624 1764 nem
652 1709 827 1773 illum,
863 1708 955 1776 qui
1000 1705 1108 1760 Deo
1137 1719 1202 1759 ac
1227 1703 1375 1758 Patri
1423 1702 1653 1774 gloriam
1688 1717 1797 1756 non
1852 1701 2072 1765 referet,

500 1809 554 1855 et
576 1815 604 1853 a
628 1799 786 1855 vobis
812 1799 970 1853 ﬁdem
994 1798 1196 1866 exiget,
1222 1794 1316 1851 sed
1342 1808 1462 1848 eam
1485 1809 1588 1849 suo
1609 1793 1819 1848 nomini
1846 1794 2072 1851 tribuet.
2113 1779 2151 1834 Β

502 1892 640 1947 lliuc
689 1891 928 1944 arbitror
975 1890 1195 1944 beatum
1246 1899 1466 1955 quoque
1517 1884 1745 1940 Paulum
1780 1899 1908 1941 vere
1939 1884 2072 1939 illud

500 1984 569 2038 de
597 1982 801 2037 Judaeis
831 1989 886 2034 et
928 1979 1235 2050 iniquitatis
1294 1977 1404 2030 tilio
1444 1976 1670 2031 dicere:
1711 1995 1729 2027 ι
1795 1974 1873 2030 Eo
1929 1975 2075 2045 quod

501 2074 823 2128 charitatem
857 2070 1102 2124 veritatis
1148 2083 1259 2123 non
1297 2073 1647 2137 receperunt,
1697 2074 1758 2120 ut
1798 2066 1935 2122 salvi
1981 2067 2075 2121 lie-

501 2173 647 2227 rcnt,
679 2163 804 2218 ideo
842 2163 1017 2217 mittet
1077 2161 1190 2216 illis
1251 2159 1396 2216 Deus
1428 2159 1811 2229 operationem
1843 2160 2073 2221 erroris,

502 2266 563 2310 ut.
591 2255 813 2310 credant
843 2253 1152 2314 mendacio,
1173 2259 1234 2304 ut
1262 2249 1584 2320 iudicentur
1611 2264 1806 2304 omnes
1840 2249 1932 2319 qui
1965 2265 2074 2304 non

502 2347 854 2402 crediderunt
867 2344 1107 2407 veritati,
1122 2342 1217 2398 sed
1239 2349 1642 2398 consenserunt
1659 2340 1937 2412 iniquitati
1955 2341 2021 2394 ’9.
2052 2359 2069 2392 ι

502 2436 642 2496 Hinc
677 2435 847 2510 igitur
876 2442 1026 2508 patet
1050 2432 1361 2490 Pharisaeos
1393 2445 1423 2484 a
1452 2429 1738 2485 Salvatore
1775 2430 1931 2487 vanis
1963 2447 2077 2487 ser-

500 2530 757 2586 monibus
790 2529 933 2582 ictos
963 2540 1070 2580 non
1099 2524 1297 2586 fuisse,
1327 2534 1452 2577 cum
1483 2519 1689 2574 dictum
1714 2519 1846 2574 illud
1868 2519 1944 2574 rei
1975 2534 2077 2577 suo

501 2630 748 2690 tempore
780 2616 979 2671 futurae
1012 2614 1298 2686 prophetia
1328 2611 1554 2668 inferat.

1461 305 1518 360 S.
1556 301 1832 361 CYRILLI
1882 298 2349 358 ALEXANDRINI
2393 299 2716 358 ARCHIEP.

3661 308 3761 366 6'25

2265 423 2412 492 Ἐγὼ
2436 423 2707 489 ἐλήλυθα
2739 423 2808 476 ἐν
2835 421 2914 488 τῷ
2939 422 3181 490 ὀνόματι
3218 423 3324 476 τοῦ
3364 427 3591 493 Πατρός
3616 445 3757 498 μου,

2178 515 2275 568 καὶ
2306 517 2377 568 οὐ
2410 514 2746 584 ,λαμϐάνετέ
2762 531 2856 583 με·
2881 515 2991 568 ἐὰν
3025 515 3215 581 ἄλλος
3244 515 3392 584 ἕλοῃ
3427 517 3496 570 ἐν
3517 517 3597 584 τῷ
3625 520 3760 576 ὀνό-

2171 622 2312 674 ματι
2339 605 2420 670 τῷ
2449 605 2594 670 ἰδίῳ.
2629 605 2865 659 ἐκεῖνον
2896 607 3194 676 λήψεσθε.

2249 696 2368 750 ἰνα
2407 695 2481 766 μὴ
2503 697 2706 750 δοκοῖεν
2741 698 2791 750 oi
2821 698 3105 767 Φαρισαῖοι
3140 697 3592 767 διαλοιδορεῢθαι
3635 700 3764 771 μᾶλ-

2176 788 2267 842 λον
2297 788 2480 852 αὐτοῖς
2514 788 2606 842 τὸν
2646 788 2874 859 Κύριον,
2919 788 3008 844 διά
3038 787 3132 842 τοῦ
3162 789 3342 858 λέγειν
3367 805 3381 820 ·
3415 808 3434 840 ι
3469 789 3582 845 Οὐκ
3612 790 3764 862 ἔχετε

2173 877 2272 950 τὴν
2297 877 2521 949 ἀγάπην
2553 879 2612 931 ὲν
2634 879 2848 943 ἑαυτοῖς
2879 879 2972 932 τοῦ
2993 878 3154 933 Θεοῦο
3208 898 3226 932 ι
3265 882 3502 950 πρᾶγμα
3551 881 3767 946 δεικνὺς

2175 969 2373 1041 ἀληθὲς
2399 970 2462 1024 τὸ
2497 970 2786 1041 εἰρημένον
2811 1011 2827 1038 ,
2865 970 3215 1042 περιτίθησιν
3260 972 3422 1036 εὐθὺς
3460 973 3575 1034 τοῖς
3621 973 3766 1025 ἀνω-

2174 1062 2318 1132 τέρω
2360 1061 2660 1114 καὶτοῦτο.
2699 1061 2820 1114 Ὅτι
2869 1061 3015 1132 γὰρ,
3061 1060 3263 1131 φησὶν,
3302 1061 3362 1113 οὐ
3389 1060 3763 1132 διαψεὺδομαι,

2174 1155 2276 1225 τῆς
2313 1153 2452 1225 πρὸς
2480 1154 2543 1207 τὺ
2584 1154 2746 1207 Θείον
2779 1154 2999 1224 ἀγάπης
3031 1155 3270 1224 ἐρήμους
3322 1154 3466 1223 ὑμᾶς
3501 1152 3767 1224 ὑπάρχειν

2175 1245 2366 1311 εἰπὼν,
2405 1245 2470 1300 δι’
2515 1245 2633 1310 ἐνὸς
2672 1246 2801 1317 ὑμῖν
2850 1246 3193 1317 παραστήσω
3239 1245 3584 1316 πράγματος.
3623 1242 3766 1312 Ἐγὼ

2179 1337 2279 1408 μὲν
2310 1337 2420 1408 γὰρ
2461 1333 2625 1408 ἦλθον
2674 1339 2732 1390 ἐν
2773 1334 2852 1406 τῷ
2891 1335 3116 1406 ὀνόματι
3161 1333 3254 1388 τοῦ
3299 1334 3521 1406 Πατρός
3563 1351 3688 1404 μου.
3741 1355 3759 1385 ι

2174 1430 2362 1483 Πάντα
2399 1427 2508 1499 γὰρ
2551 1429 2630 1492 εἰς
2667 1427 2827 1493 δόξαν
2858 1427 2950 1482 τοῦ
2980 1425 3115 1482 Θεοῦ
3155 1429 3250 1480 καί
3289 1426 3506 1496 Πατρδς
3546 1425 3763 1492 ἐπείγεο

2177 1520 2302 1575 σθαι
2335 1520 2595 1590 πράττειν
2623 1521 2767 1590 ὑμᾶς
2796 1519 3077 1574 ἀναπείθω
3097 1536 3110 1550 ⁸
3142 1519 3277 1574 ἀλλά
3301 1521 3423 1582 ταῖς
3459 1519 3760 1592 ρτειθείαις

2175 1611 2574 1678 ἀπετινάξασθε
2611 1613 2712 1681 μὲν
2748 1612 2839 1664 τὸν
2890 1613 3097 1667 ἀνωθεν
3140 1608 3346 1682 ἥκοντα
3373 1653 3388 1676 ,
3441 1611 3536 1664 καὶ
3576 1610 3760 1664 θεόθεν

2178 1703 2498 1777 ὁρμώμενον
2523 1720 2536 1732 ·
2573 1703 2808 1774 λήψεσθε
2849 1704 2906 1757 δὲ
2945 1703 3163 1767 πάντως
3201 1699 3340 1770 (οἶδα
3371 1703 3481 1773 γὰρ
3524 1701 3600 1766 ὡς
3631 1699 3760 1764 Θεὸς

2181 1797 2250 1849 τὰ
2279 1795 2536 1866 ἐσόμενα)
2595 1795 2685 1848 τὸν
2739 1794 3122 1866 ψευδώνυμον,
3165 1794 3226 1848 οὐ
3264 1793 3342 1864 τῷ
3375 1792 3494 1863 Θεῷ
3541 1794 3638 1846 καί
3684 1787 3758 1861 τῷ

2184 1889 2356 1960 Πατρὶ
2399 1890 2496 1959 τὴν
2521 1887 2678 1956 δόξαν
2720 1889 3077 1952 ἀνατιθέντα,
3127 1887 3219 1942 καὶ
3274 1886 3375 1957 τὴν
3431 1887 3560 1957 παρ’
3607 1886 3758 1956 ὑμῶν

2183 1979 2516 2034 ἀπαιτοῦντα
2561 1979 2776 2046 πίστιν,
2823 1980 2939 2034 ἀλλ’
2987 1981 3213 2051 ὀνόματι
3243 1980 3320 2050 τῷ
3357 1978 3470 2048 ἰδίῳ
3499 1995 3762 2049 πραγμαο

2185 2070 2491 2140 τευόμενον.
2535 2069 2838 2136 Ἐντεῦθεν,
2871 2067 3052 2143 οἶμαι,
3084 2071 3258 2134 συνεὶς
3299 2071 3393 2123 καὶ
3425 2071 3452 2123 ό
3493 2069 3765 2140 μακάριος

2188 2162 2418 2230 Παῦλος,
2451 2163 2650 2235 ἀληθές
2691 2165 2744 2218 τί
2783 2182 2916 2236 φησι
2963 2164 3090 2236 περί
3123 2181 3182 2217 τε
3215 2163 3323 2216 τῶν
3365 2161 3633 2216 Ἰουδαίων
3671 2164 3768 2214 καὶ

2182 2253 2277 2309 τοῦ
2309 2255 2409 2325 τῆς
2451 2256 2683 2327 ἀνομίας
2711 2257 2830 2310 υίοῦ
2875 2273 2888 2287 ο
2928 2277 2946 2308 ι
2995 2255 3135 2310 Ἀνθ’
3165 2249 3240 2310 ὧν
3277 2255 3377 2326 τὴν
3409 2255 3633 2325 ἀγάπην
3665 2257 3765 2324 τῆς

2185 2347 2443 2418 ἀληθείας
2485 2351 2587 2404 οὐκ
2637 2350 2886 2418 ἐδέξαντο
2937 2351 3016 2414 εἰς
3057 2349 3120 2402 τὸ
3154 2349 3394 2421 σωθῆναι
3426 2348 3648 2411 αὐτοὺς,
3675 2347 3765 2400 διὰ

2183 2440 2342 2496 τοῦτο
2369 2443 2574 2514 πέμψει
2602 2444 2785 2508 αὐτοῖς
2809 2446 2838 2497 ό
2873 2442 3004 2506 Θεὸς
3039 2443 3319 2514 ἐνέργειαν
3363 2441 3570 2509 πλάνης
3599 2441 3680 2503 εἰς
3708 2440 3768 2491 τὸ

2185 2528 2477 2583 πιστεῦσαι
2510 2531 2711 2592 αὐτοὺς
2747 2530 2826 2601 τῷ
2858 2529 3066 2600 ψεύδει,
3099 2530 3186 2584 ἵνα
3225 2528 3486 2600 κριθῶσιν
3527 2529 3768 2589 ἅπαντες

2181 2617 2230 2670 oi
2259 2617 2335 2690 μὴ
2381 2621 2772 2684 πιστεύσαντες
2802 2621 2866 2691 τῇ
2909 2618 3164 2690 ἀληθεία,
3213 2617 3326 2671 ἀλλ’
3373 2617 3768 2690 εὐδοκήσαντες

499 2713 567 2782 τῇ
600 2710 800 2782 ἀδικίᾳ.
829 2729 847 2762 ι
887 2707 1186 2772 Ἀπόδειξις
1214 2707 1393 2761 τοίνυν
1416 2705 1509 2760 τοῦ
1542 2703 1619 2774 μὴ
1643 2701 1820 2770 λόγοις
1848 2701 2073 2767 είκαίοις
2109 2705 2404 2782 βεϐλῆσθαι
2433 2713 2560 2778 τοὺς
2577 2713 2904 2785 Φαρισαίους
2929 2713 3083 2784 παρά
3120 2712 3215 2767 τοῦ
3290 2713 3542 2784 Σωτῆρος
3608 2713 3770 2784 ἡμῶν

499 2809 562 2863 τὸ
587 2808 876 2880 εἰρημένον
907 2804 1045 2868 ἐστὶ,
1079 2805 1403 2874 πράγματος
1435 2800 1694 2870 ἐσομένου
1728 2799 1847 2851 κατ’
1878 2801 2078 2854 οἰκεῖον
2117 2805 2308 2878 καιρὸν
2337 2808 2675 2880 προφητείαν
2703 2809 2976 2878 εἰσφέρον.

575 2898 641 2964 γ,
665 2899 752 2952 44.
787 2894 1063 2964 Quomodo
1097 2913 1184 2949 vos
1218 2895 1438 2963 potestis
1479 2893 1708 2954 credere,
1734 2895 1823 2963 qui
1851 2894 2080 2964 gloriam

503 2993 568 3048 ab
605 2993 822 3046 invicem
847 2990 1128 3058 accipitis:
1162 2997 1210 3042 et
1239 2987 1464 3058 gloriam
1485 3002 1604 3058 qua:
1639 3003 1672 3040 a
1701 2988 1814 3041 solo
1867 2986 1977 3041 Deo
2001 2996 2078 3043 est

503 3099 606 3137 non
638 3081 875 3151 quatritis
899 3081 924 3135 ἵ

575 3173 886 3228 Ριιοτίειεοε
911 3170 1099 3242 gloria:
1119 3169 1374 3224 humanm
1392 3167 1823 3238 dominandique
1851 3168 2082 3239 cupidos

505 3265 710 3336 arguit,
743 3265 982 3320 obscure
1021 3262 1368 3318 subinnuens
1406 3260 1558 3330 ipsos
1610 3261 1753 3316 male
1786 3259 2082 3330 admodum

503 3373 686 3428 agere,
707 3356 800 3426 qui
826 3355 990 3410 animi
1029 3354 1114 3408 sui
1158 3351 1384 3408 morbos
1426 3351 1537 3406 Deo
1571 3358 1782 3408 temere
1815 3351 2083 3424 aliingunt

505 3452 687 3502 omnis
735 3447 902 3518 plane
959 3445 1136 3500 morbi
1193 3443 1404 3500 nescio.
1464 3441 1670 3498 Deinde
1711 3458 1776 3498 ex
1824 3458 1891 3499 eo
1935 3444 2082 3514 quod

507 3541 692 3597 inanis
718 3539 902 3610 gloria
961 3537 1248 3608 cupiditati
1303 3535 1585 3590 mordicus
1651 3535 1949 3600 inhaerent,
2005 3539 2081 3592 rei

506 3633 964 3706 praeclarissimas,
1006 3631 1132 3686 tidei
1164 3629 1426 3684 nimirum
1461 3629 1518 3682 in
1574 3627 1753 3696 ipsum
1799 3627 2082 3697 iacturam

507 3725 631 3781 illos
669 3724 850 3778 facere
882 3720 1145 3776 ostendit.
1171 3718 1329 3784 Quod
1359 3725 1514 3773 certe
1546 3716 1752 3772 Paulus
1781 3718 1950 3772 etiam
1984 3732 2083 3772 uo-

507 3817 593 3872 bis
621 3816 770 3871 clare
806 3813 1018 3869 dixisse
1045 3813 1300 3867 videtur:
1350 3828 1369 3861 ι
1409 3809 1465 3862 Si
1525 3809 1674 3864 enim
1731 3807 1944 3871 adhuc,
2001 3811 2082 3862 in-

508 3909 650 3980 quit,
722 3906 1039 3962 bomiuibus
1095 3905 1392 3974 placerem,
1465 3901 1675 3958 Christi
1728 3915 1924 3958 servus
1974 3917 2082 3954 non

506 4000 778 4057 essent“.
841 4016 860 4049 ι
922 3995 1114 4052 Solent
1149 3996 1319 4066 igitur
1371 3993 1464 4065 qui
1518 3993 1792 4048 humanos
1846 3992 2083 4048 honores

506 4098 798 4153 venantur,
825 4101 1067 4159 superna
1113 4085 1291 4156 gloria
1321 4093 1375 4140 et
1427 4085 1519 4139 illa
1571 4099 1693 4155 qum
1729 4099 1759 4137 a
1797 4081 1909 4140 Deo
1966 4085 2084 4139 solo

507 4181 900 4254 proﬁciscitur,
933 4187 992 4234 ut
1019 4178 1097 4232 ait
1128 4177 1404 4240 Salvator,
1453 4177 1767 4232 necessario
1812 4175 2084 4246 quodam-

507 4274 670 4330 modo
699 4273 978 4328 excidere.
1013 4268 1114 4324 Hic
1139 4269 1320 4324 solum
1345 4266 1516 4322 Deum
1554 4281 1752 4322 rursus
1777 4265 1875 4331 ait,
1903 4265 2082 4336 ipsum

506 4365 614 4420 diis
634 4363 876 4432 gentium
905 4373 1257 4430 comparans,
1281 4372 1382 4412 nec
1407 4356 1475 4411 ab
1496 4356 1645 4412 illius
1671 4357 1839 4410 unius
1867 4354 2082 4411 honore

2258 2901 2392 2970 Πῶς
2420 2903 2688 2961 δύνασθε
2719 2905 3052 2970 πιστεύειν,
3091 2902 3282 2968 δόξαν
3307 2904 3445 2970 παρ’
3477 2901 3771 2970 ἀλλήλων

2187 2994 2615 3064 λαμϐάνοντες,
2645 2995 2763 3063 τὴν
2787 2994 2856 3049 δὲ
2878 2993 3070 3060 δόξαν
3090 2996 3204 3062 τὴν
3241 2993 3403 3063 παρὰ
3440 2992 3546 3047 τοῦ
3570 2995 3767 3060 μόνου

2191 3083 2340 3138 Θεοῦ
2373 3086 2446 3139 οὐ
2477 3084 2740 3153 (accite;

2255 3177 2661 3249 Φιλαρχοῦντας
2707 3179 2842 3250 ήδη,
2877 3181 2972 3233 καὶ
3010 3179 3106 3244 τὰς
3152 3178 3210 3245 ἐξ
3250 3176 3553 3249 ἀνθρώπων
3602 3174 3770 3244 τιμὰς

2186 3268 2540 3339 ποιουμένους
2589 3268 2719 3338 περί
2752 3267 2948 3321 πολλοῦ
3003 3269 3133 3332 τοὺς
3173 3267 3502 3338 Φαρισαίους
3529 3264 3768 3334 ἐλέγχει,

2185 3361 2487 3433 λεληθότως
2543 3363 3018 3434 ὐπαινιττόμενος,
3075 3364 3268 3434 ὅτιπερ
3301 3362 3506 3432 σφόδρα
3554 3361 3769 3415 ποιοῦσι

2186 3457 2393 3521 κακῶς,
2425 3456 2494 3509 τὰ
2514 3458 2794 3527 νοσήματα
2814 3457 2912 3526 τῆς
2946 3457 3154 3520 οἰκείας
3176 3455 3355 3525 ψυχῆς
3389 3453 3768 3524 περιτιθέντες

2185 3545 2427 3609 ἀϐούλως
2456 3545 2536 3616 τῷ
2560 3547 2711 3601 κατὰ
2751 3547 2953 3618 μηδένα
2985 3547 3188 3618 τρόπον
3228 3549 3404 3600 νοσεῖν
3431 3545 3596 3600 εἰδότι
3624 3545 3764 3613 Θεῷ.

2186 3633 2324 3702 Εἶτα
2351 3637 2448 3706 τῆς
2483 3635 2787 3706 φιλοδοξίας
2820 3635 2995 3709 ἀπρὶξ
3022 3638 3336 3708 ἐχομένους,
3379 3636 3445 3690 δι’
3487 3635 3659 3706 αὐτὴν
3699 3637 3767 3688 τὰ

2186 3725 2444 3780 κάλλιστα
2469 3725 2799 3796 ζημιοῦσθαι
2827 3743 2982 3797 φησι,
3023 3727 3120 3797 τὴν
3147 3726 3331 3779 πίστιν
3357 3726 3422 3797 δὴ
3461 3724 3636 3792 λέγων
3665 3725 3768 3794 τὴν

2185 3819 2264 3882 εἰς
2309 3818 2490 3873 αὐτόν.
2556 3819 2738 3890 Ὅπερ
2798 3819 2863 3889 δὴ
2912 3819 3009 3873 καὶ
3050 3820 3079 3872 ό
3133 3817 3344 3880 Παῦλος
3394 3819 3526 3887 ἡμῖν
3573 3819 3771 3888 ὁρᾶται

2186 3907 2352 3962 εἰπὼν
2380 3909 2567 3978 σαφῶς
2588 3925 2600 3937 ·
2639 3928 2657 3961 ι
2697 3911 2762 3963 Εἰ
2800 3909 2910 3981 γάρ
2941 3909 3042 3972 ἔτι,
3075 3909 3262 3979 φησὶν,
3291 3907 3605 3978 ἀνθρώποις
3639 3908 3771 3978 ἡρε-

2187 4017 2337 4064 σκον,
2369 4001 2606 4071 Χριστοῦ
2636 4000 2823 4065 δοῦλος
2853 4002 2954 4054 οὐκ
2981 4001 3047 4055 ἂν
3076 4001 3248 4071 ἥμην.
3285 4018 3304 4051 ο
3336 3999 3554 4069 Πέφυκε
3586 4001 3772 4052 τοίνυν

2185 4091 2374 4162 ὥσπερ
2403 4092 2460 4158 ἐξ
2485 4092 2733 4162 ἀνάγκης
2759 4091 3082 4162 συμϐαίνειν
3111 4094 3223 4154 τοῖς
3245 4090 3344 4154 τάς
3374 4089 3435 4155 ἐξ
3463 4090 3771 4160 ἀνθρώπων

2185 4183 2523 4254 θηρωμένοις
2551 4183 2738 4254 τιμὰς,
2771 4184 2833 4238 τὸ
2867 4184 2969 4253 τῆς
2992 4183 3197 4239 ἄνωθεν
3232 4183 3559 4236 ἀποπίπτειν
3584 4183 3768 4250 δόξης.

2185 4276 2280 4328 καὶ
2313 4275 2467 4346 παρά
2513 4275 2651 4329 Θεοῦ
2690 4275 2783 4330 τοῦ
2827 4276 2990 4346 μόνου
3014 4315 3029 4337 ,
3088 4274 3239 4329 καθά
3287 4291 3454 4345 φησιν
3483 4276 3512 4327 ὁ
3551 4273 3767 4344 Σωτήρ.

2184 4367 2360 4422 Μόνον
2379 4368 2437 4420 δὲ
2450 4362 2620 4422 πάλιν
2661 4367 2796 4438 φησί
2829 4367 2922 4420 τὸν
2953 4367 3112 4430 Θεὸν,
3146 4369 3258 4431 τοῖς
3281 4366 3392 4419 τῶν
3424 4364 3590 4418 ὲθνῶν
3620 4364 3776 4417 ἀντι-

508 4453 745 4521 seipsum
773 4449 1092 4505 excludens.
1123 4446 1342 4502 Sanctae
1366 4461 1609 4514 namque
1639 4452 1694 4501 et
1721 4445 2081 4501 consubstan-

2187 4458 2551 4524 διαστέλλων,
2603 4461 2696 4513 καὶ
2743 4459 2846 4513 οὐκ
2910 4459 3018 4526 ἔξω
3055 4459 3225 4522 τιθεὶς
3283 4456 3474 4511 ἑαυτὸν
3517 4455 3621 4524 τῆς
3671 4455 3774 4508 τοῦ

509 4543 657 4596 tialis
717 4539 1007 4594 Trinitatis
1062 4539 1385 4608 plenitudo,
1445 4536 1951 4606 quemadmodum;
1967 4537 2080 4607 jam

2191 4552 2354 4621 μόνου
2380 4551 2561 4622 τιμῆς.
2609 4550 2916 4605 Ἀναϐαίνει
2941 4551 3071 4620 γὰρ,
3108 4549 3360 4618 καθάπερ
3382 4547 3482 4618 ἥδη
3509 4545 3779 4607 πολλάκις

510 4649 652 4703 saepe
670 4633 932 4700 diximus,
956 4632 1014 4686 in
1046 4645 1208 4684 unam
1242 4627 1463 4684 deitatis
1488 4637 1744 4681 naturam
1775 4636 1829 4683 et
1853 4627 2079 4697 gloriam

509 4726 791 4780 coalescit.

577 4818 738 4890 263
775 4815 838 4881 V,
877 4814 969 4870 45.
1009 4812 1191 4868 Nolite
1229 4819 1418 4883 putare
1453 4809 1580 4880 quia
1617 4824 1708 4879 ego
1739 4817 2084 4864 accusaturus

509 4909 611 4964 sint
633 4925 720 4964 vos
749 4905 890 4978 apud
925 4905 1174 4960 Patrem:
1197 4911 1274 4960 est
1299 4902 1388 4972 qui
1411 4909 1627 4954 accusat
1652 4917 1738 4954 vos
1768 4897 2003 4969 Moyses,
2029 4902 2084 4954 in

507 5016 610 5072 quo
635 5017 720 5056 vos
753 4998 1001 5069 speratis.

576 5092 874 5164 Postquam
945 5089 1086 5146 dixit
1139 5085 1451 5143 Pharisaeos
1503 5084 1856 5141 ambitiosam
1910 5086 2086 5155 magis

507 5199 674 5256 quam
708 5185 853 5254 piam
901 5182 1070 5239 vitam
1109 5181 1314 5244 coiere,
1357 5186 1522 5249 atque
1553 5177 1763 5232 idcirco
1805 5176 1862 5230 in
1910 5175 2086 5232 obsti-

508 5278 786 5333 nationem
843 5273 1225 5331 incredibilem
1275 5271 1572 5342 delapsos,
1625 5269 1791 5326 etiam
1837 5268 1908 5322 ab
1961 5268 2083 5338 ipso

509 5361 696 5434 Moyse
731 5362 882 5432 ipsos
912 5369 1234 5418 accusatum
1274 5359 1344 5414 iri
1385 5359 1544 5422 dicit,
1577 5371 1688 5429 quo
1722 5366 1903 5412 tamen
1939 5359 2083 5413 sole-

508 5453 639 5506 baut
688 5453 922 5509 miriﬁce
969 5451 1220 5523 gloriari.
1255 5449 1322 5505 Et
1358 5461 1527 5515 certe,
1559 5463 1704 5504 ca'co
1732 5448 1828 5502 illo
1870 5462 1900 5502 a
1937 5447 2084 5502 nati-

513 5541 684 5597 vitate
731 5542 994 5599 dicente:
1035 5561 1054 5595 ι
1092 5540 1370 5614 Numquid
1409 5551 1464 5597 et
1493 5556 1589 5597 vos
1629 5539 1798 5596 vultis
1825 5538 2084 5610 discipuli

2191 4644 2609 4714 είρήκαμεν,εἰς
2631 4642 2758 4713 μίαν
2777 4642 3034 4712 θεότητος
3059 4641 3224 4710 φύσιν
3253 4657 3314 4693 τε
3343 4640 3434 4692 καὶ
3457 4637 3640 4704 δόξαν,
3669 4638 3778 4707 τῆς

2192 4731 2351 4798 ἁγίας
2373 4748 2431 4783 τε
2460 4731 2555 4784 καὶ
2586 4731 2874 4801 όμοουσίου
2908 4730 3136 4800 Τριάδος
3161 4730 3221 4782 τὸ
3245 4729 3541 4799 πλήρωμα.

2256 4819 2354 4886 Μὴ
2392 4818 2651 4883 δοκεῖτε,
2704 4820 2794 4874 ὅτι
2834 4820 2949 4889 ἐγὼ
2998 4819 3396 4888 κατηγορήσω
3422 4817 3590 4887 ὑμῶν
3618 4817 3781 4884 πρὸς

2187 4909 2292 4962 τὸν
2318 4907 2584 4977 Πατέραο
2625 4911 2799 4964 ἐστιν
2845 4913 2879 4965 ό
2931 4907 3277 4980 κατηγορῶν
3317 4907 3488 4979 ὑμῶν
3519 4905 3775 4974 Μωσῆς,

2185 5003 2270 5065 εἰς
2307 5001 2378 5054 ὃν
2406 4999 2575 5069 ὑμεῖς
2602 5001 2922 5070 ἠλπίκατε.

2260 5091 2557 5159 Φιλοδόξως
2593 5093 2825 5163 μᾶλλον,
2858 5094 3002 5164 ἥπερ
3038 5092 3277 5156 εὐσεϐῶς
3321 5091 3510 5162 sum
3553 5089 3770 5159 ἐπείγε-

2190 5179 2315 5234 σθαι
2372 5182 2499 5246 τοὺς
2532 5182 2860 5253 Φαρισαίους
2906 5182 3116 5246 εἰπὼν,
3171 5181 3263 5235 διά
3326 5197 3387 5234 τε
3432 5180 3592 5234 τοῦτο
3638 5180 3768 5251 πρὸς

2188 5272 2424 5345 ἄμετρον
2466 5273 2748 5327 ἀπείθειαν
2789 5273 3074 5328 ἀποκλῖναι
3115 5272 3354 5337 διδάξας,
3394 5272 3490 5326 καὶ
3517 5270 3578 5335 ἐξ
3605 5269 3768 5325 αὑτοῦ

2189 5380 2322 5433 φησι
2355 5360 2899 5436 κατηγορηθήσεσθαι
2933 5364 3201 5428 Μωσέως,
3232 5363 3317 5432 ἐφ’
3350 5357 3505 5434 ᾧπερ
3541 5356 3610 5433 ἦν
3650 5361 3777 5424 ἔθος

2191 5453 2372 5516 αὐτοῖς
2404 5454 2500 5506 καὶ
2536 5453 2657 5507 λίαν
2687 5453 2919 5518 εὐτόνως
2950 5451 3444 5524 ἁποσεμνύνεσθαι.
3487 5450 3598 5504 Καὶ
3639 5449 3784 5517 γοῦν

2190 5543 2440 5612 λέγοντός
2467 5561 2598 5600 ποτε
2651 5545 2746 5598 τοῦ
2785 5547 2849 5600 ὲκ
2901 5547 3128 5617 γενετῆς
3156 5545 3358 5616 τυφλοῦ
3397 5543 3534 5616 πρὸς
3569 5541 3781 5606 αὐτοὺς

575 5714 626 5744 ’⁸
661 5709 822 5770 Joan.
859 5730 911 5782 v,
942 5713 1030 5768 45.
1105 5714 1150 5745 ⁸⁸
1191 5713 1235 5767 ll
1259 5713 1456 5769 Thess.
1491 5729 1549 5780 ιι,
1590 5711 1678 5777 10,
1710 5709 1798 5766 ll.
1877 5708 1924 5740 "
1963 5705 2177 5763 Galam
2211 5753 2222 5772 ,
2262 5713 2348 5766 ω.
