4044 6200
344 300 452 355 ιιέῧ

1400 291 1465 346 ῐΝ
1507 292 1796 346 JOANNIS
1837 292 2281 350 EVA‘NGELIL‘M
2323 291 2446 346 LIB.
2484 289 2568 345 Ill.

3504 289 3606 344 4'26

340 421 476 491 περὶ
496 417 731 489 Χριστοῦ
760 434 771 447 ·
809 436 825 468 ι
857 416 949 487 Μὴ
973 415 1066 469 καὶ
1097 415 1250 485 ὑμεῖς
1284 412 1464 465 Θέλετε
1504 413 1744 484 μαθηταὶ
1763 413 1920 466 αὐτοῦ

2029 415 2150 483 ejus
2183 413 2340 468 ﬁeri?
2379 433 2396 463 ι
2431 412 2616 468 statim
2644 411 2983 464 ocelamant:
3027 429 3045 460 ι
3093 407 3174 462 Tu
3199 405 3508 475 discipulus
3539 406 3604 458 il-

339 509 640 576 γενέσθαι;
679 526 699 560 ι
750 507 1050 578 διαρρήδην
1094 504 1255 566 εὐθὺς
1295 503 1735 574 ἀνακεκραγότες
1773 501 1925 570 φασί·

346 621 367 655 ι
409 604 484 655 Σὺ
517 601 763 672 μαθητὴς
823 596 873 653 εί
925 597 1170 661 ἐκείνου,
1224 598 1386 666 ήμείς
1440 595 1498 648 δέ
1545 595 1639 648 τοῦ
1687 595 1931 658 Μωσέως

339 695 512 765 ἐσμὲν
543 691 802 764 μαθηταί.
840 709 858 742 ν
902 688 1290 760 Κατηγορήσει
1335 687 1554 749 τοίνυν,
1611 687 1782 756 φησὶ,
1837 686 1932 739 καὶ¹

337 785 508 848 αὐτὸς
533 783 689 855 ὐμῶν
730 785 758 836 6
805 781 1032 852 Μωσῆς,
1064 767 1150 849 ἐφ’
1183 772 1228 848 ᾧ
1260 780 1443 833 πᾶσαν
1481 777 1668 831 ἔθεσθε
1707 777 1804 847 τὴν
1843 776 1928 829 ἐλ-

339 876 506 937 πίδα,
541 875 637 928 καὶ
684 873 786 944 τῆς
835 870 1066 942 ἐνούσης
1113 871 1244 942 ὑμῖν
1285 869 1546 933 ἀπονοίας
1595 869 1930 938 καταδοήσει

338 968 498 1038 παρά
539 965 680 1035 Θεῷ,
710 964 849 1036 μετὰ
881 962 994 1017 τῶν
1033 961 1219 1026 ἄλλων,
1254 959 1786 1032 καταφρονούμενος.
1821 959 1931 1013 Καὶ

334 1061 402 1113 οὐ
435 1060 500 1128 δή
529 1076 631 1110 που
659 1056 955 1127 νομιοῦμεν
979 1052 1345 1124 ἀνεγκλήτους
1371 1049 1507 1106 εἶναι
1528 1051 1680 1122 παρὰ
1708 1049 1931 1121 Χριστῷ

333 1153 468 1207 τοὺς
499 1149 859 1211 ἀπειθοῦντας
892 1147 1044 1218 αὐτῷ
1072 1185 1086 1210 ,
1136 1145 1226 1200 διὰ
1279 1145 1341 1198 τὸ
1397 1146 1581 1226 φάναιε
1609 1143 1748 1214 πρὸς
1795 1144 1928 1195 Ἰου-

331 1243 564 1305 δαίουςυ
607 1260 626 1293 ι
661 1241 752 1310 Μὴ
804 1241 1010 1294 δοκεῖτε
1063 1239 1146 1291 ὅτι
1201 1235 1314 1306 ἐγὼ
1362 1235 1727 1306 κατηγορήσω
1776 1233 1929 1304 ὑμῶν

333 1337 482 1404 πρὸς
505 1335 595 1388 τὸν
638 1335 880 1406 Πατέρα.
925 1351 942 1383 ι
995 1331 1062 1383 Τί
1109 1328 1218 1400 γὰρ
1260 1328 1324 1400 δὴ
1365 1327 1459 1380 καὶ
1505 1325 1772 1398 ἐροῦμεν,
1800 1325 1928 1378 ὅταν

331 1429 630 1497 ἀκούωμεν
659 1426 912 1494 λέγοντος
956 1441 971 1456 ο
1011 1441 1028 1474 ι
1063 1423 1178 1485 Πᾶς
1207 1417 1300 1474 οὖν
1331 1420 1478 1482 ὅστις
1507 1417 1830 1488 ὁμολογήσει
1869 1418 1927 1469 ἐν

329 1522 466 1591 ἐμοὶ⁵
505 1517 815 1591 ἔμπροσθεν
861 1514 970 1570 τῶν
1020 1513 1358 1586 ἀνθρώπων,
1402 1510 1722 1582 ὁμολογήσω
1769 1507 1927 1577 κάγὼ

329 1615 399 1666 ἐν
425 1610 574 1681 αὐτῷ
601 1608 910 1680 ἔμπροσθεν
935 1606 1028 1661 τοῦ
1063 1605 1273 1678 Πατρός
1301 1622 1402 1676 μου
1429 1601 1523 1657 τοῦ
1556 1605 1614 1656 ἐν
1638 1602 1884 1674 οὐρανοῖς
1908 1617 1922 1630 ·

330 1706 494 1766 ὅστις
513 1702 556 1755 δ’
583 1701 648 1756 ἂν
682 1698 984 1772 ἀρνήσηταί
1017 1681 1085 1769 με
1114 1695 1425 1768 ἔμπροσθεν
1455 1695 1563 1749 τῶν
1595 1693 1922 1765 ἀνθρώπων,

2033 508 2142 562 lius
2179 507 2294 575 sis;
2350 522 2451 562 nos
2498 515 2680 562 autem
2715 505 2888 576 Moysi
2941 505 3200 574 discipuli
3253 519 3446 560 sumus
3476 502 3541 553 ".
3583 521 3603 554 ι

2033 598 2329 654 Accusahit
2381 597 2568 668 igitur,
2608 597 2812 666 inquit,
2858 596 3027 651 etiam
3070 610 3168 650 vos
3220 596 3337 665 ipse
3371 594 3605 664 Moyses.

2034 687 2088 740 in
2123 702 2231 756 quo
2259 701 2409 756 spem
2442 693 2678 741 vestram
2713 701 2930 741 omnem
2970 686 3255 755 posuistis,
3284 693 3337 738 et
3361 696 3607 738 vestrum

2034 778 2271 833 furorem
2313 778 2604 847 redarguet
2656 777 2798 846 apud
2855 776 3027 831 Deum
3064 815 3078 840 ,
3134 790 3244 829 una
3301 789 3426 828 cum
3483 774 3609 829 aliis

2031 878 2405 939 contemptus.
2439 867 2626 938 Neque
2655 884 2786 924 vero
2809 868 3125 938 putabimus
3148 866 3465 936 inculpatos
3486 880 3610 921 esse

2031 960 2175 1030 apud
2212 961 2491 1017 Christum
2541 960 2793 1017 inﬁdeles
2841 961 2989 1024 illos,
3017 974 3084 1015 ex
3117 973 3183 1016 eo
3212 959 3358 1028 quod
3399 957 3467 1012 ad
3509 954 3608 1010 Ju-

2030 1054 2178 1110 daws
2212 1053 2381 1110 dixit:
2422 1073 2441 1106 ι
2491 1053 2672 1110 Nolite
2701 1061 2897 1124 putare
2922 1053 3070 1123 quod
3105 1061 3471 1108 accusaturus
3503 1053 3607 1106 sint

2032 1161 2130 1202 vos
2167 1146 2310 1218 apud
2335 1144 2576 1201 Patrem.
2616 1165 2634 1196 ›
2671 1144 2812 1211 Quid
2867 1144 3014 1200 enim
3053 1144 3302 1200 dicemus
3337 1159 3461 1198 cum
3510 1159 3610 1198 au-

2030 1239 2250 1293 diamus
2281 1237 2556 1294 dicentem
2584 1255 2597 1292 :
2638 1257 2656 1289 ι
2698 1237 2892 1292 omnis
2925 1251 3058 1308 ergo
3085 1237 3401 1307 quicunque
3427 1238 3604 1291 confi-

2030 1333 2234 1386 tebitur
2263 1348 2348 1385 me
2370 1345 2556 1386 coram
2581 1331 2922 1397 hominibus,
2948 1329 3253 1386 conﬁtebor
3271 1341 3324 1387 et
3347 1345 3450 1400 ego
3479 1345 3606 1386 eum

2028 1436 2215 1477 coram
2247 1420 2412 1477 Patre
2439 1436 2559 1478 meo
2589 1421 2683 1492 qui
2715 1423 2771 1476 in
2802 1421 2962 1477 coalis
2992 1430 3110 1488 est;
3152 1422 3245 1490 qui
3297 1432 3479 1476 autem
3509 1435 3606 1475 ne-

2027 1513 2240 1584 gaverit
2279 1527 2367 1566 me.
2413 1526 2600 1567 coram
2633 1513 2972 1578 hominibus,
3005 1513 3217 1584 negabo
3251 1528 3378 1568 eum
3415 1527 3604 1567 coram

2029 1603 2190 1660 Patre
2229 1619 2373 1670 meo,
2416 1603 2511 1674 qui
2565 1605 2616 1658 in
2667 1603 2824 1659 caelis
2867 1613 2950 1661 est
2987 1605 3055 1659 ’⁸.
3102 1622 3119 1655 »
3166 1603 3440 1675 Numquid
3477 1604 3606 1675 jure

2028 1695 2346 1766 putabimus
2397 1705 2722 1750 accusatum
2757 1696 2824 1750 iri
2859 1697 3004 1766 apud
3055 1695 3226 1753 Deum
3274 1709 3339 1751 ac
3387 1696 3605 1752 Patrem

334 1795 653 1865 ἀρνήσομαι
696 1789 853 1859 κάγὼ
898 1789 1060 1844 αὐτὸν
1109 1786 1421 1859 ἔμπροσθεν
1450 1785 1542 1839 τοῦ
1575 1785 1790 1855 Πατρός
1821 1802 1920 1857 μου

2029 1802 2124 1857 per
2155 1787 2504 1860 negationem
2547 1801 2644 1842 cos
2673 1787 2767 1855 qui
2811 1801 2909 1856 per
2933 1781 3214 1843 Christum
3249 1786 3429 1858 negati
3483 1785 3604 1844 fue-

337 1884 434 1936 τοῦ
484 1886 540 1935 ἐν
573 1883 860 1953 οὐρανοῖς;
903 1900 921 1931 ι
969 1878 1098 1951 Ἆρ’
1131 1880 1233 1932 οὐκ
1279 1877 1516 1945 εὐλόγως
1552 1877 1926 1948 ὐπονοήσομεν

333 1972 893 2044 κατηγορηθήσεσθαί
919 1989 1048 2026 ποτε
1079 1971 1235 2042 παρά
1261 1969 1338 2041 τῷ
1369 1969 1489 2039 Θεῷ
1509 1970 1604 2022 καὶ
1635 1970 1810 2040 Πατρὶ
1837 1968 1926 2022 διὰ

333 2070 439 2141 τῆς
473 2069 792 2140 ἀρνήσεως,
841 2066 968 2129 τοὺς
1014 2062 1208 2136 οἷσπερ
1245 2065 1311 2118 ἂν
1347 2061 1506 2118 τοῦτο
1537 2060 1810 2134 συμϐαίνῃ
1838 2060 1927 2114 διὰ

330 2159 618 2231 Χριστοῦς
687 2157 826 2211 Ἀλλ’
889 2157 1158 2228 ὑπάρχειν
1217 2151 1372 2228 οἴμαι
1424 2153 1583 2207 τοῦτο
1642 2153 1803 2208 παντί
1849 2171 1926 2223 τῳ

333 2252 532 2321 σαφές.
602 2250 812 2306 Οὐκοῦν
867 2251 968 2304 οὐκ
1022 2250 1296 2321 ἐλεύθεροι
1351 2248 1447 2303 τοῦ
1499 2245 1925 2318 κατηγορεῖσθαι

333 2344 558 2407 πάντως
592 2343 732 2396 εἰσὶν
769 2342 1032 2406 Ἰουδαῖοι,
1073 2341 1165 2396 διὰ
1198 2343 1416 2412 μακρᾶς
1449 2337 1733 2402 ἀπειθείας
1765 2338 1928 2410 ἀρνη-

330 2436 565 2504 σάμενοι
590 2434 682 2488 τὸν
719 2433 978 2504 Χριστὸν,
1012 2433 1128 2487 ἀλλ’
1164 2433 1509 2502 εὐφυέστατα
1532 2431 1698 2486 πάλιν
1726 2432 1754 2484 6
1786 2431 1926 2503 πρὸς

327 2526 534 2590 αὐτοὺς
562 2525 674 2597 ἔχει
707 2525 886 2595 λόγος.
922 2525 1142 2596 Ἐπειδὴ
1171 2525 1281 2596 γὰρ
1314 2523 1413 2588 τὰς
1446 2524 1576 2595 παρ’
1607 2523 1774 2576 αὐτοῦ
1801 2540 1924 2576 νου-

332 2618 526 2680 θεσίας
562 2615 968 2686 ἀποσειόμενοι,
997 2614 1093 2669 καὶ
1126 2615 1186 2666 ἐν
1214 2613 1293 2684 τῷ
1343 2611 1533 2684 μηδενὶ
1559 2611 1923 2667 κατατάττον-

325 2725 427 2770 es;
468 2705 614 2776 λόγῳ
657 2705 759 2776 τὴν
797 2704 966 2759 ’θείαν
1017 2721 1075 2758 τε
1137 2703 1232 2757 καὶ
1278 2704 1525 2774 οὐράνιον
1577 2703 1924 2758 διδασκαλίαν

328 2796 527 2864 αὐτοῦ,
555 2797 648 2852 ἐπὶ
676 2797 740 2850 τὸ
761 2796 959 2867 χρῆναι
989 2782 1279 2865 φυλάττειν
1305 2795 1390 2848 ἀεὶ
1411 2794 1480 2848 τὰ
1502 2794 1748 2857 Μωσέως
1775 2794 1924 2865 βαδί-

328 2892 556 2956 ζουσιν,
607 2889 682 2953 ὡς
721 2887 813 2942 καὶ
862 2888 1196 2959 γυμνότερον
1243 2887 1342 2958 ήδη
1375 2885 1616 2957 βοῶντας
1648 2885 1921 2956 ὁρᾶσθαι·

334 3003 353 3032 ι
407 2983 596 3053 Ἡμεῖς
654 2982 904 3052 οἴδαμεν,
971 2981 1053 3034 ὅτι
1105 2981 1295 3033 Μωσεῖ
1359 2977 1656 3049 λελάληκεν
1695 2978 1724 3029 6
1766 2976 1922 3040 Θεὸς,

328 3073 525 3128 τοῦτον
560 3074 616 3127 δὲ
651 3075 752 3127 οὐκ
785 3073 1008 3144 οἴδαμεν
1037 3071 1202 3125 πόθεν
1243 3071 1390 3125 ἐστίν
1414 3087 1428 3101 ο
1471 3089 1490 3122 ι
1517 3068 1832 3136 ἀναγκαίως
1855 3068 1921 3140 δὴ

2028 1877 2140 1930 rint
2164 1877 2187 1931 ?
2207 1875 2450 1942 Nemini,
2474 1885 2533 1933 ut
2574 1893 2720 1944 reor,
2749 1877 3050 1933 obscurum
3091 1877 3238 1933 istud
3264 1887 3368 1934 est.
3395 1878 3478 1934 Ab
3504 1879 3607 1934 hac

2028 1968 2192 2037 igitur
2216 1971 2571 2026 accusatione
2597 1970 2770 2026 Judaei
2794 1971 2981 2041 utique
3006 1986 3117 2026 non
3145 1980 3274 2027 sunt
3308 1972 3604 2035 immunes.

2026 2060 2120 2128 qui
2172 2061 2337 2132 longa
2378 2061 2772 2117 incredulitate
2813 2062 3101 2119 Christum
3141 2072 3457 2135 negarunt,
3507 2065 3606 2119 scd

2029 2151 2145 2205 haec
2175 2151 2354 2207 oratio
2387 2153 2526 2208 scite
2550 2153 2846 2209 admodum
2875 2157 2957 2212 eis
2985 2156 3261 2212 convenit.
3309 2155 3444 2211 Nam
3479 2172 3602 2212 eum

2024 2241 2148 2312 cjus
2181 2243 2408 2300 monitis
2461 2243 2764 2314 repudiatis
2795 2247 3094 2318 divinaque
3139 2256 3196 2304 et
3232 2249 3446 2306 cmlesti
3483 2250 3606 2319 ejus

2025 2331 2278 2389 doctrina
2313 2349 2414 2405 pro
2441 2335 2616 2390 nihilo
2650 2336 2856 2401 habita,
2889 2337 2957 2391 ad
2985 2338 3333 2394 observanda
3361 2339 3604 2396 Mosaica

2029 2434 2299 2497 praecepta
2326 2442 2386 2483 se
2417 2435 2764 2494 convertant,
2807 2429 2882 2483 ita
2917 2438 2977 2484 ut
3010 2430 3200 2486 videre
3241 2430 3407 2487 liceat
3453 2433 3604 2502 ipsos

2026 2525 2214 2588 aperte
2241 2519 2577 2575 clamantes:
2621 2538 2639 2572 ι
2676 2519 2788 2576 Nos
2817 2521 3029 2578 scimus
3059 2522 3190 2592 quia
3232 2521 3408 2594 Moysi
3449 2524 3606 2579 locu-

2027 2617 2116 2663 tus
2151 2617 2236 2664 est
2268 2605 2432 2670 Deus,
2461 2609 2605 2662 hunc
2639 2617 2820 2666 autem
2863 2611 3142 2667 nescimus
3181 2611 3326 2668 unde
3357 2613 3430 2668 sit
3447 2614 3547 2665 ’δέ
3579 2632 3598 2665 ι

2030 2699 2237 2755 idcirco
2278 2715 2426 2755 nunc
2461 2715 2558 2756 eos
2599 2702 2916 2757 necessario
2949 2702 3290 2760 demonstrat
3325 2705 3382 2760 in
3420 2706 3601 2776 ipsum

2025 2805 2246 2861 quoque
2291 2789 2512 2861 Moysen
2559 2805 2810 2861 peccare,
2839 2808 2950 2864 quo
2996 2810 3056 2850 se
3104 2795 3336 2852 miriﬁce
3359 2796 3600 2867 jactant,

2025 2898 2124 2938 nec
2160 2882 2274 2938 ullo
2314 2891 2641 2939 accusatore
2671 2885 2782 2941 alio
2823 2901 2964 2958 opus
2994 2889 3110 2944 fore
3140 2889 3238 2957 ait,
3271 2891 3604 2962 unicamque

2025 2977 2226 3048 Moysis
2295 2978 2475 3048 legem
2533 2979 2889 3036 suffecturam
2957 2984 3024 3037 ad
3075 2997 3172 3038 eos
3235 2983 3366 3054 jure
3433 3000 3601 3043 accu-

2025 3067 2249 3134 sandos,
2298 3070 2517 3126 etiamsi
2560 3071 2786 3141 judicis,
2824 3071 2928 3128 hoc
2967 3081 3052 3129 est
3101 3074 3333 3142 Christi,
3361 3093 3465 3133 vox
3523 3080 3602 3135 si-

327 3165 543 3235 σφόδρα
583 3165 679 3217 καὶ
711 3166 791 3226 εἰς
833 3164 997 3217 αὐτὸν
1031 3161 1489 3234 πλημμελοῦντας
1541 3161 1792 3231 ἐλέγχει,
1826 3159 1918 3215 τὸν
1945 3147 1989 3206 C
2026 3161 2150 3214 lcat.

325 3259 419 3326 ἐφ’
462 3252 509 3326 ᾧ
541 3257 922 3329 μεγαλαυχῶσι
970 3259 1208 3322 Μωσέα,
1255 3259 1350 3312 καὶ
1395 3257 1756 3328 δεηθήσεσθαι
1808 3260 1908 3331 μὲν
1944 3257 2194 3327 οὐδαμῶς
2221 3256 2409 3328 ἐτέρου
2437 3261 2867 3332 κατηγοροῦντός
2928 3280 3112 3333 φησιν,
3157 3265 3474 3338 ἐξαρκέσειν
3546 3272 3603 3330 δὲ
3693 3247 3700 3256 ς

327 3351 496 3421 μόνον
521 3353 700 3414 αὐτοῖς
725 3351 820 3405 καὶ
851 3351 944 3404 τὸν
987 3349 1056 3403 δι’
1085 3351 1293 3404 ἐκείνου
1327 3351 1510 3421 νόμον,
1539 3349 1606 3402 δι’
1643 3344 1719 3404 ὧν
1751 3349 2067 3405 ἀπειθοῦσιν
2093 3351 2242 3421 αὐτῷ
2276 3352 2410 3422 πρὸς
2466 3353 2527 3406 τὸ
2583 3355 2782 3426 χρῆναι
2818 3355 3004 3410 λοιπὸν
3066 3359 3302 3428 εὐλόγως
3365 3379 3598 3433 κατηγο-

324 3443 548 3514 ρεῖσθαι
575 3444 820 3508 πεσοῦσι,
847 3445 951 3498 κᾶν
975 3446 1009 3516 ή
1049 3443 1140 3498 τοῦ
1180 3444 1458 3516 κρίνοντος
1485 3445 1704 3516 ἀργήσῃ
1736 3446 1909 3517 φωνή,
1954 3447 2198 3501 τουτέστι
2229 3446 2500 3519 Χριστοῦ.’

403 3540 476 3591 Ei
502 3537 610 3608 γὰρ
635 3538 979 3592 ἐπιστεύετε
1014 3537 1234 3601 Μωσεῖ,
1265 3539 1612 3592 ἐπιστεύετε
1650 3538 1727 3592 ἂν
1761 3540 1912 3608 ἐμοί.

320 3632 472 3700 Περί
512 3630 619 3700 γὰρ
659 3629 806 3698 ἐμοῦ
839 3629 1070 3696 ἐκεῖνος
1105 3629 1387 3698 ἔγραψεν.

416 3723 553 3776 Ὑπὸ
596 3722 690 3776 τοῦ
747 3721 1024 3790 πανσόφου
1075 3723 1320 3786 Μωσέως
1366 3723 1915 3796 κατηγορηθήσεσθαι

318 3816 458 3878 τοὺς
499 3815 788 3878 Ἰουδαίους
823 3812 1012 3880 εἰπὼν,
1049 3815 1142 3868 καὶ
1193 3814 1292 3885 τὴν
1337 3815 1432 3867 ἐπὶ
1476 3817 1598 3878 ταῖς
1641 3817 1720 3879 εἰς
1752 3816 1914 3871 αὑτὸν

320 3907 636 3967 ἀπειθείαις
691 3906 982 3975 ὑπομεῖναι
1022 3905 1275 3976 γραφήν,
1314 3905 1564 3977 ἐπιφέρει
1603 3906 1698 3960 καὶ
1741 3905 1913 3961 ταῦτα

320 3997 620 4065 χρησίμως
647 3995 705 4049 τὸ
742 3995 817 4066 μὴ
849 3995 1028 4066 μάτην
1062 3994 1245 4058 αὐτοῖς
1283 3994 1588 4066 ἐπισκῆψαι
1620 3994 1909 4059 διδάσκων.

321 4086 356 4154 ἢ
399 4085 497 4136 καὶ
523 4085 693 4149 ἄλλως
715 4087 814 4157 τὴν
840 4086 932 4138 ἐπὶ
958 4085 1036 4154 τῷ
1058 4084 1413 4156 λοιδορεῖσθαι
1441 4086 1617 4155 φιλεῖν
1645 4086 1912 4157 ὑπόληψιν

322 4174 788 4245 παραιτούμενος.
824 4177 1067 4247 Πρᾶγμα
1098 4175 1205 4247 γὰρ
1230 4174 1404 4244 λέγων
1430 4176 1493 4228 οὐ
1525 4175 1912 4246 διεψευσμένον

321 4266 549 4337 ὁρᾶται.
587 4266 768 4320 Ἔστω
807 4267 1025 4332 τοίνυν,
1067 4268 1232 4338 φησι,
1262 4267 1386 4330 τοὺς
1419 4266 1587 4337 ἐμοὺς
1613 4266 1696 4320 ὅτι
1731 4283 1912 4338 παρα-

323 4356 598 4428 κρούεσθε
661 4357 885 4427 λόγους,
952 4361 1278 4431 καρτερήσω
1349 4359 1444 4412 καὶ
1496 4357 1910 4429 ἀπειθούμενος.

323 4445 712 4511 Καταδέξασθε
771 4451 974 4504 Μωσέα
1016 4452 1108 4504 τὸν
1159 4450 1406 4504 ἑαυτῶν·
1473 4449 1592 4502 δότε
1644 4449 1722 4520 τῷ
1785 4452 1914 4521 παρ’

319 4542 349 4592 ὐ
359 4539 485 4611 μῶν
509 4540 906 4613 θαυμαζομένῳ
923 4544 1021 4614 τὴν
1046 4544 1244 4606 πίστιν,
1271 4543 1365 4596 καὶ
1391 4541 1665 4611 γνώσεσθε
1687 4542 1908 4609 πάντες,

2093 3541 2259 3613 264
2298 3540 2364 3606 V,
2397 3542 2485 3597 46.
2519 3542 2580 3599 Si
2609 3546 2744 3599 enim
2774 3545 3059 3600 crederetis
3083 3545 3281 3617 Moysi,
3317 3549 3599 3605 crederetis

2023 3633 2254 3701 forsitan
2273 3643 2320 3688 et
2351 3635 2497 3690 mihi.
2528 3634 2603 3690 De
2628 3653 2708 3690 me
2731 3638 2870 3690 enim
2894 3638 2985 3693 ille
3007 3639 3241 3706 scripsit.

2089 3725 2228 3780 Cum
2263 3725 2464 3780 dixerit
2517 3743 2547 3779 a
2588 3727 2991 3797 sapientissimo
3033 3727 3216 3800 Moyse
3244 3727 3463 3785 Judazos
3493 3747 3600 3785 ac-

2022 3825 2275 3870 cusatum
2319 3815 2411 3878 iri,
2447 3823 2502 3871 et
2530 3817 2930 3874 incredulitatis
2971 3818 3308 3887 postulatum
3361 3819 3453 3884 iri,
3487 3821 3600 3876 ha‘c

2020 3907 2186 3962 etiam
2240 3907 2450 3962 utiliter
2494 3907 2781 3979 subjungit
2808 3948 2822 3972 ,
2865 3909 3075 3965 docens
3116 3925 3178 3966 se
3227 3925 3337 3965 non
3387 3912 3599 3968 frustra

2019 4013 2118 4053 eos
2165 3997 2478 4068 increpare,
2524 4007 2619 4054 aut
2658 4008 2810 4055 certe
2849 4001 3167 4071 Opinionem
3202 4003 3441 4060 convicii
3475 4021 3504 4058 a
3540 4021 3600 4060 se

2020 4105 2330 4146 removens.
2387 4091 2519 4146 Rem
2569 4092 2718 4146 enim
2752 4108 2940 4148 veram
2977 4094 3159 4151 dicere
3190 4095 3430 4152 videtur.
3467 4097 3599 4155 Esto

2019 4184 2211 4254 igitur,
2245 4183 2448 4255 inquit,
2480 4199 2764 4262 sermones
2795 4200 2946 4242 meos
2979 4186 3230 4256 rejicite:
3285 4190 3596 4256 sustinebo,

2019 4286 2072 4332 et
2102 4277 2287 4332 minus
2318 4276 2451 4332 mihi
2477 4277 2628 4332 credi
2663 4278 2862 4348 patiar.
2882 4276 3140 4334 Vestrum
3171 4277 3395 4351 Moysen
3416 4284 3598 4338 susci-

2021 4366 2131 4438 pite
2166 4383 2179 4421 :
2221 4367 2394 4422 ﬁdem
2435 4368 2690 4424 adhibete
2715 4369 2766 4424 ei
2805 4385 2964 4439 quem
2999 4371 3306 4440 suspicitis,
3336 4381 3392 4428 et
3430 4389 3600 4446 agno-

2021 4456 2186 4512 scetis
2221 4472 2344 4512 eum
2379 4472 2542 4528 quem
2576 4474 2688 4529 prae
2728 4459 2952 4515 inscitia
2987 4463 3375 4520 contemnitis.
3417 4465 3599 4537 Typos

2023 4545 2322 4601 rescindite
2355 4547 2449 4616 qui
2481 4548 2770 4603 veritatem
2803 4549 3140 4620 parturiunt.
3185 4552 3296 4625 Ego
3346 4557 3492 4611 enim
3541 4559 3599 4613 in

317 4633 382 4685 ὃν
405 4632 510 4685 οὐκ
553 4633 754 4699 εἰδότες
780 4635 1101 4705 ἀτιμάζετε.
1147 4635 1514 4709 Ἀναρρήξατε
1548 4635 1676 4698 τούς
1707 4635 1911 4698 τύπους

2026 4637 2167 4692 illius
2216 4637 2374 4693 libris
2417 4638 2778 4697 adumbratus
2817 4658 2961 4698 sunt.
2999 4623 3274 4710 Quocirca
3315 4647 3434 4719 ipse
3460 4665 3598 4721 quo-

319 4712 753 4796 MEWVTQCVTﬁV
797 4725 1076 4796 ἀλήθειαν.
1118 4725 1259 4795 Ἐγὼ
1310 4727 1420 4800 γὰρ
1455 4728 1515 4780 ἐν
1555 4727 1668 4791 τοῖς
1697 4727 1907 4780 ἐκείνου

323 4817 842 4889 σκωγραφούμενος
883 4819 1130 4890 βιϐλίοις.
1175 4820 1385 4874 Οὐκοῦν
1419 4821 1515 4876 καὶ
1549 4819 1712 4885 αὐτὸς
1753 4821 1906 4890 ὑμῶν

321 4911 718 4982 κατηγορήσει,
751 4912 934 4981 φησὶν,
964 4912 992 4964 6
1015 4911 1240 4982 Μωσῆς,
1270 4913 1398 4965 ὅταν
1426 4910 1788 4974 ἀπειθοῦντας
1821 4911 1906 4984 ἴδῃ

317 5007 441 5067 τοῖς
471 5003 601 5073 περὶ
633 5001 765 5073 ἐμοῦ
804 5005 1254 5075 συγγράμμασιν.

400 5091 553 5148 Ἔδει
581 5093 680 5164 μὲν
711 5088 804 5146 οὖν
839 5094 968 5157 ἴσως
991 5097 1138 5164 ἡμᾶς
1166 5095 1259 5148 καὶ
1285 5093 1374 5147 τὸν
1402 5097 1458 5147 ἐν
1486 5097 1596 5159 τοῖς
1617 5095 1902 5166 προκειμέ-

306 5202 439 5249 νοις
465 5185 964 5257 διερμηνεύσαντας
1004 5186 1161 5252 νοῦν,
1201 5188 1340 5239 ίέναι
1371 5185 1532 5240 πάλιν
1560 5187 1653 5239 ἐπὶ
1691 5186 1762 5240 τὰ
1812 5188 1910 5255 ἐφ-

305 5277 891 5348 εξῆς,ἐπιτρέψαντας
915 5280 1026 5341 τοῖς
1051 5277 1593 5350 δντωςφιλομαθέσιν
1617 5278 1910 5350 ἀναζητεῖν

305 5371 422 5431 τὰς
479 5367 572 5420 ἐπὶ
615 5368 839 5439 Χριστῷ
881 5368 967 5423 διὰ
1010 5368 1252 5432 Μωσέως
1289 5369 1526 5433 είκόνας.
1585 5370 1773 5440 Πλήρη
1807 5371 1909 5440 μὲν

311 5462 432 5532 γὰρ
478 5459 588 5512 τῶν
633 5460 942 5532 εἰρημένων
970 5460 1040 5514 τὰ
1068 5461 1277 5515 ἐκείνου
1328 5461 1770 5533 συγγράμματα,
1812 5462 1907 5515 καὶ

320 5551 496 5613 πολὺς
537 5550 566 5602 6
597 5551 755 5620 λόγος
773 5554 803 5607 6
833 5554 962 5624 παρ’
990 5553 1168 5608 αὐτῶν
1193 5553 1215 5625 ί
1236 5554 1309 5610 al.
1351 5555 1478 5622 περὶ
1504 5552 1718 5625 αὐτῶν]
1739 5595 1752 5618 ,
1783 5553 1911 5607 δυσ-

2017 4743 2127 4798 que
2161 4745 2261 4786 vos
2291 4729 2509 4804 Moyses
2543 4735 2851 4801 accusabit,
2883 4736 3086 4806 inquit,
3118 4754 3244 4794 cum
3271 4741 3470 4799 viderit
3499 4758 3598 4799 vos

2017 4821 2087 4878 iis
2119 4838 2241 4893 qum
2273 4825 2340 4882 de
2375 4843 2460 4883 me
2492 4828 2696 4900 scripta
2727 4839 2858 4885 sunt
2891 4846 2998 4885 non
3034 4833 3277 4888 credere.

2086 5089 2277 5160 Opera!
2311 5095 2549 5162 pretium
2582 5095 2804 5164 quidem
2843 5093 3076 5150 forsitan
3106 5103 3278 5162 esset,
3316 5084 3614 5167 propositii

2014 5189 2196 5236 textus
2248 5183 2540 5251 explanata
2601 5185 2898 5251 sententia,
2938 5184 3008 5239 ad
3066 5185 3280 5254 reliqua
3329 5186 3590 5258 deinceps

2013 5270 2290 5342 progredi,
2319 5269 2617 5338 ﬁgurarum
2651 5271 3012 5328 Mosaicarum
3047 5274 3435 5344 disquisitione
3469 5285 3574 5332 stu-
3617 5260 3622 5292 ⁷

2012 5363 2185 5418 diosis
2237 5361 2448 5416 relicta.
2482 5362 2635 5416 Pleni
2689 5364 2834 5418 enim
2877 5375 3006 5420 sunt
3040 5365 3232 5436 ﬁguris
3273 5366 3590 5437 hujusmodi

2010 5453 2136 5509 libri
2179 5452 2427 5520 Mosaici,
2460 5454 2743 5525 multaque
2781 5455 2838 5510 in
2885 5456 2954 5512 iis
2989 5456 3315 5524 afferuntur,
3363 5461 3458 5516 sed
3507 5461 3595 5516 iu-

2013 5546 2231 5603 tcllectu
2271 5545 2536 5611 difficilia,
2569 5555 2622 5604 ct
2649 5547 2948 5607 subtilibus
2986 5558 3153 5622 atque
3194 5551 3431 5619 occultis
3459 5565 3596 5608 eon-

390 5727 438 5757 ’⁷
481 5723 644 5780 Joan.
676 5742 752 5791 ιι,
781 5727 874 5782 28.
951 5727 996 5758 ’⁸
1039 5725 1232 5781 Matth.
1269 5743 1300 5781 κ
1324 5768 1338 5793 ,
1375 5729 1462 5784 52.
1545 5729 1610 5762 ⁸⁸·
1642 5726 1802 5783 Joan.
1848 5744 1900 5781 Ix
1925 5769 1942 5798 ,
1975 5727 2068 5782 ‘29.

532 5823 807 5884 Ρλτιιοι..
849 5823 962 5882 Gtt.
1016 5823 1292 5886 LXXIII.

3201 5823 3270 5886 14
