4032 6200
423 279 529 334 427
1456 273 1515 329 S.
1556 269 1832 330 CYRiLLl
1873 269 2003 327 ALE

2109 271 2341 330 unum
2379 274 2697 350 ARClllEl’.
3583 280 3685 342 iss

423 395 880 469 templationibus
921 393 1142 450 referta.
1192 391 1300 449 Sed
1354 407 1423 449 ne
1458 390 1688 463 scriptis
1741 390 2000 446 Mosaicis

2105 393 2324 463 χερείοίς
2373 392 2421 457 δ’
2460 389 2554 448 οὖν
2599 397 2751 466 ὅμως
2789 394 2894 466 τῆς
2935 395 3016 458 εἰς
3054 396 3117 450 τὸ
3169 393 3409 450 συνιέναι
3471 397 3687 467 μεστδς,

421 490 774 546 diﬂicultates
801 485 1106 557 aﬂingendo
1139 485 1350 541 inertia:
1390 484 1753 540 succumbere
1783 489 2003 551 tamque

2113 484 2328 539 λεπτῶν
2377 486 2433 539 δὲ
2468 486 2712 558 σφόδρα,
2756 487 2852 540 καὶ
2879 487 3279 558 κεκρυμμένων
3319 487 3742 559 θεωρημάτωνκ

423 586 748 654 praeclarum
789 581 1032 634 laborem
1079 577 1338 648 defugere
1362 577 1674 645 videamur,
1709 575 1779 631 ad
1809 589 1876 628 ea
1902 589 2003 630 nos

2110 576 2414 641 ἀνάπλεως.
2449 577 2566 632 Ἵνα
2595 577 2652 630 δὲ
2681 579 2756 647 μὴ
2785 577 3032 648 δοκῶμεν
3060 578 3203 649 ὄκνῳ
3233 578 3331 649 μὲν
3361 579 3438 650 τῷ
3472 583 3694 650 κρατεῖν

422 689 640 746 quoque
691 672 1080 734 demittemus,
1130 670 1285 740 gnari
1345 670 1472 741 ejus
1532 669 1680 740 quod
1738 667 2003 738 scriptum

2111 669 2425 740 ἐπιτρέψαι,
2459 669 2660 740 ἱδρῶτα
2691 669 2750 721 δὲ
2779 669 2924 722 οὕτω
2953 670 3045 723 τὸν
3088 669 3417 740 ἀξιάγαστον
3454 673 3556 724 οὐκ
3603 673 3696 725 εδ-

422 775 549 823 est:
607 783 625 816 ι
689 764 954 818 Dominus
1004 762 1157 815 dabit
1215 762 1440 816 verbum
1497 757 2005 831 evangelizantibus

420 857 624 912 virtute
664 853 838 909 multa
859 853 928 907 '9.
974 871 993 905 ι
1031 853 1168 908 Cum
1209 861 1396 908 autem
1433 853 1502 909 de
1529 852 1618 908 his
1651 853 1824 906 multa
1865 849 2006 906 scri-

423 955 514 1018 pta
555 947 701 1011 sint,
743 953 802 999 ut
842 943 1108 1011 diximus,
1147 952 1200 1000 et
1259 959 1360 1015 per
1410 945 1616 1000 multas
1661 943 1865 1014 ﬁguras
1913 957 2005 999 sa-

424 1038 807 1111 pientissimus
847 1036 1064 1109 Moyses
1097 1036 1311 1091 Christi
1367 1037 1696 1110 mysterium
1731 1035 2006 1107 praedixe-

422 1133 518 1197 rit,
557 1145 666 1186 non
721 1129 1056 1185 arbitramur
1095 1131 1421 1185 immensam
1463 1129 1760 1200 quamdam
1811 1143 2003 1185 eorum

421 1220 739 1292 congeriem
786 1219 1188 1276 obtrudcndam
1232 1235 1357 1276 esse
1394 1219 1715 1284 lectoribus,
1745 1219 1866 1287 sed,
1894 1235 2005 1275 uno

422 1328 454 1367 e
503 1312 722 1368 cunctis
771 1311 998 1376 selecto,
1050 1312 1200 1366 clare
1242 1311 1626 1366 demonstrare
1674 1311 2006 1368 conabimur

421 1403 766 1459 Salvatorem
801 1411 918 1456 tum
940 1417 1066 1457 vere
1091 1401 1334 1456 locutum
1367 1416 1658 1466 esse,cum
1691 1401 1757 1456 ad
1781 1403 2003 1459 Judteos

422 1495 598 1550 dixit:
635 1512 655 1547 ι
687 1493 749 1549 Si
780 1493 1078 1548 crederetis
1111 1492 1302 1564 Moysi,
1335 1492 1644 1548 crederetis
1687 1491 1922 1549 forsitan
1948 1501 2003 1550 et

425 1586 583 1642 mihi.
611 1583 689 1640 De
719 1598 808 1638 me
836 1583 985 1639 enim
1017 1583 1109 1638 ille
1139 1582 1385 1654 scripsit.
1418 1601 1438 1636 ι

429 1678 514 1731 ὅτι
555 1674 653 1729 τοῦ
703 1674 955 1745 Σωτῆρος
1000 1673 1161 1744 ήμῶν
1206 1673 1414 1751 ἀληθὴς
1453 1669 1522 1744 ἦν
1569 1675 1598 1728 ό
1647 1673 1838 1744 λόγος,
1904 1675 1965 1731 δν
2023 1679 2260 1732 ἐποιεῖτο
2322 1674 2460 1747 πρὸς
2527 1674 2819 1739 Ἰουδαίους
2882 1671 3052 1728 εἰπών
3078 1688 3094 1705 ο

2110 760 2284 829 λόγως
2308 759 2632 814 ἀναδύεσθαι
2659 757 3022 830 περιτιθέντες
3043 758 3224 813 ἁπλῶς
3250 761 3361 824 τοῖς
3377 761 3698 824 Μωσαῖκοῖς

2109 853 2508 923 συγγράμμασι
2564 849 2662 920 τὴν
2711 849 3068 921 δυσχέρειαν,
3123 850 3351 915 ἑαυτοὺς
3399 851 3494 904 καὶ
3556 852 3699 921 πρὸς

2105 943 2263 997 τοῦτο
2297 942 2642 1014 καθήσομεν,
2685 943 2748 996 τὺ
2796 942 3186 1013 γεγραμμένον
3225 941 3429 1005 εἰδότες
3455 959 3470 974 ·
3517 960 3537 993 ι
3582 942 3699 995 K13-

2108 1046 2220 1102 ριος
2276 1028 2438 1083 δώσει
2499 1031 2655 1101 ῥῆμα
2718 1032 2867 1093 τοῖς,
2905 1029 3410 1100 εὐαγγελιζομένοις
3467 1030 3700 1100 δυνάμει

2105 1119 2295 1190 πολλῇ.
2328 1136 2347 1171 ι
2387 1118 2618 1190 Μακροῦ
2662 1119 2719 1173 δὲ
2765 1119 2918 1182 ὄντος
2955 1118 3050 1171 τοῦ
3099 1118 3463 1190 περὶτούτων
3511 1119 3696 1188 λόγου,

2103 1212 2358 1284 καθάπερ
2395 1213 2723 1284 εἰρήκαμεν,
2759 1213 2855 1265 καὶ
2893 1211 2982 1266 διὰ
3014 1211 3225 1264 πολλῶν
3270 1211 3575 1282 σχημάτων
3602 1213 3700 1266 τοῦ

2105 1306 2384 1374 πανσόφου
2417 1307 2663 1370 Μωσέως
2697 1306 2760 1359 τὸ
2787 1305 2882 1359 ἐπὶ
2919 1304 3144 1376 Χριστῷ
3175 1305 3699 1374 πρωναμέλποντος

2105 1399 2443 1470 μυστήριον,
2490 1398 2591 1452 οὐκ
2635 1397 2949 1469 ἀμέτρητόν
2975 1414 3098 1450 τινα
3138 1398 3253 1458 τοῖς
3287 1395 3697 1467 ἐντευξομένοις

2102 1489 2463 1562 ἐπισωρεύειν
2493 1489 2649 1560 ὄχλον
2679 1485 2975 1560 οἰησόμεθα
2999 1489 3129 1553 δεῖν,
3156 1487 3272 1543 ἀλλ’
3297 1487 3355 1541 ἓν
3388 1487 3603 1552 ἑλόντες
3630 1489 3693 1542 ἐκ

2113 1585 2354 1649 πάντων,
2392 1583 2536 1653 σαφῆ
2557 1581 2655 1653 τὴν
2683 1581 2954 1646 ἀπόδειξιν
2985 1581 3256 1635 ποιεῖσθαι
3294 1580 3687 1650 σπουδάσομεν.

3187 1691 3206 1726 ι
3257 1672 3324 1728 Εἰ
3383 1673 3692 1728 ἐπιστεύετε

423 1772 632 1838 Μωσεῖ,
668 1769 983 1823 ἐπιστεύετε
1017 1767 1082 1822 ἂν
1118 1769 1262 1839 ἐμοί.
1302 1770 1440 1840 Περί
1481 1768 1591 1841 γὰρ
1617 1770 1752 1840 ἐμοῦ
1795 1773 2002 1837 ἐκεῖνος
2038 1771 2298 1844 ἔγραψεν.
2334 1789 2354 1823 ι

954 1859 1115 1930 235
1173 1857 1326 1914 CAP.
1373 1857 1459 1914 Ill.

528 1949 684 2018 Quod
718 1946 1018 2003 Saluatoris
1046 1946 1326 2001 adventum
1368 1944 1580 2018 Moyses
1602 1947 1890 2004 nuntiarit.

743 2038 828 2093 Ex
870 2037 1300 2102 Deuteronomio,
1338 2037 1402 2092 de
1451 2035 1680 2092 Christo.

501 2153 520 2186 c
550 2131 880 2202 Prophetam
921 2127 1079 2185 vobis
1125 2143 1189 2183 ex
1224 2127 1495 2184 fratribus
1525 2129 1656 2195 tuis,
1701 2127 1849 2183 sicut
1887 2141 1998 2192 me,

425 2225 718 2284 suscitabit
744 2222 848 2279 tibi
874 2221 1141 2278 Dominus
1168 2221 1316 2277 Deus
1344 2229 1497 2277 tuus.
1527 2221 1710 2292 lpsum
1738 2220 1996 2276 audietis.

427 2315 741 2374 Secundum
773 2313 956 2368 omnia
1005 2327 1128 2382 quae
1173 2312 1382 2382 petiisti
1417 2327 1448 2367 a
1488 2312 1719 2367 Domino
1750 2311 1863 2369 Deo
1907 2321 2000 2367 tuo

427 2412 482 2465 in
518 2408 737 2467 Cboreb
794 2407 851 2461 in
889 2406 980 2460 die
1033 2405 1487 2471 convocationis,
1545 2404 1792 2459 dicentes
1827 2419 1840 2456 :
1880 2402 1998 2458 Non

424 2500 746 2572 adjiciemus
773 2497 963 2554 audire
985 2511 1171 2552 vocem
1196 2495 1413 2551 Domini
1448 2495 1541 2552 Det
1599 2496 1703 2559 tui,
1733 2504 1786 2552 et
1818 2497 1998 2568 ignem

424 2594 570 2648 hunc
608 2604 864 2661 magnum
901 2603 1011 2644 non
1043 2588 1381 2659 aspiciemus
1412 2588 1578 2653 ultra,
1606 2603 1785 2658 neque
1803 2587 2001 2641 moria-

426 2700 569 2741 mur.
605 2683 671 2738 Et
717 2673 793 2737 ait
838 2681 1106 2738 Dominus
1152 2680 1223 2735 ad
1271 2696 1358 2736 me
1398 2695 1411 2732 :
1449 2679 1617 2736 Recte
1659 2680 1843 2734 omnia
1879 2693 2000 2749 qua:

424 2777 644 2833 locutus
689 2789 772 2831 es.
804 2771 1133 2843 Prophetam
1196 2771 1477 2826 suscitabo
1524 2771 1605 2825 eis
1638 2785 1706 2824 ex
1739 2769 2000 2824 fratribus

421 2882 636 2932 eorum,
692 2863 838 2920 sicut
877 2871 931 2919 te
974 2883 987 2918 :
1027 2872 1080 2918 et
1127 2863 1270 2917 dabo
1313 2862 1540 2915 verbum
1593 2875 1771 2915 meum
1809 2860 1864 2916 in
1903 2874 2000 2914 ore

424 2961 548 3030 ejus
577 2977 592 3015 :
621 2965 676 3013 et
695 2958 954 3027 loquetur
973 2955 1078 3022 eis,
1111 2954 1412 3030 secundum
1447 2953 1592 3023 quod
1632 2952 1906 3006 mandabo
1926 2952 1997 3007 ei.

429 3051 494 3107 Et
515 3053 702 3115 homo,
738 3050 832 3120 qui
862 3062 970 3102 non
998 3046 1237 3101 audierit
1259 3059 1601 3116 quaecunque
1635 3044 1850 3098 IONlUS
1880 3041 1998 3099 fue—

355 3133 358 3144 ’
428 3142 500 3196 rit
547 3140 813 3212 propheta
866 3138 960 3192 ille
1011 3137 1068 3191 in
1110 3135 1332 3191 nomine
1382 3149 1524 3200 meo,
1563 3149 1664 3204 ego
1706 3133 1997 3188 vindictam

427 3247 642 3289 sumam
684 3231 750 3285 de
773 3247 839 3285 eo
866 3229 931 3283 ³ο.
961 3248 979 3280 ι
1014 3226 1412 3298 Repetitionem
1441 3227 1733 3296 quamdam
1759 3235 1813 3281 et
1845 3226 1999 3296 quasi
2029 3199 2071 3258 θ

427 3322 942 3394 recapitulationem
975 3320 1244 3375 librorum
1266 3317 1632 3374 Mosaicorum
1659 3317 2001 3373 Denterono-

432 3414 600 3468 mium
643 3412 908 3467 continet.
962 3411 1202 3482 Ideoque
1248 3410 1356 3465 dici
1413 3425 1520 3464 non
1574 3417 1756 3480 potest
1797 3424 1898 3464 nos
1938 3424 2004 3464 ex

430 3500 554 3572 ipso
579 3511 771 3575 typum
799 3509 854 3557 et
886 3502 1176 3574 imaginem
1203 3501 1497 3560 sacerdotii
1518 3500 1710 3569 legalis
1733 3484 2002 3570 accipere.

429 3594 568 3660 Quia
600 3604 783 3648 tamen
811 3591 1064 3662 desipere
1097 3608 1206 3647 non
1254 3591 1497 3646 solemus
1531 3595 1806 3659 quotquot
1857 3597 2005 3642 rerte

429 3685 678 3758 sapimus
707 3691 932 3756 propter
963 3682 1267 3748 Christum,
1295 3681 1598 3737 lectoribus
1625 3679 1878 3732 dicemus
1908 3692 2008 3746 po-

431 3776 522 3832 siti
565 3790 788 3846 quoque
845 3783 1027 3830 textus
1089 3772 1422 3829 sententiam
1476 3777 1809 3826 reserantes.
1866 3767 2004 3823 Ecce

429 3883 652 3926 rursum
706 3879 893 3938 aperte
954 3866 1115 3921 nobis
1156 3865 1487 3937 praedicatur
1543 3862 1752 3918 Christi
1799 3869 2004 3933 myste-

429 3962 611 4026 rium,
662 3975 730 4015 οι
785 3958 1145 4015 similitudine
1192 3957 1395 4029 Moysis
1429 3972 1526 4027 per
1582 3954 2001 4011 subtilissimam

427 4048 956 4119 contemplationem
1005 4045 1304 4102 artiliciose
1347 4045 1640 4114 figuratum
1670 4060 1684 4095 :
1716 4062 1733 4095 ι
1759 4042 2002 4112 Pr0plic-

431 4147 542 4194 tam
572 4138 772 4214 quippe
800 4137 982 4202 vobis,
1013 4135 1215 4206 inquit,
1247 4133 1539 4191 suscitabit
1567 4133 1833 4188 Dominus
1861 4132 2004 4188 Deus

431 4239 642 4296 noster,
679 4246 745 4286 ex
796 4229 1069 4285 fratribus
1116 4228 1248 4294 tuis,
1299 4227 1455 4291 sicut
1507 4240 1612 4281 me.
1653 4243 1672 4277 ι
1711 4223 2004 4294 Explicans

431 4331 610 4376 autem
649 4322 768 4391 ipse
811 4321 1206 4391 illico,qualis
1237 4334 1303 4376 ex
1351 4318 1475 4389 ejus
1509 4317 1874 4374 similitudine
1914 4316 2001 4370 in-

431 4412 721 4468 duceretur
761 4412 1188 4482 contemplatio,
1237 4410 1518 4481 sapienter
1583 4408 1807 4464 intulit:
1842 4424 1862 4459 ι
1903 4404 2002 4462 Se-

431 4500 674 4558 cundum
709 4501 891 4554 omnia
926 4516 1269 4571 quaecunque
1302 4501 1512 4571 petiisti
1543 4516 1572 4554 a
1599 4497 1834 4555 Domino
1891 4496 2000 4552 Deo

433 4601 528 4646 tuo
573 4591 626 4644 in
674 4597 858 4643 monte
908 4588 1060 4652 Sina,
1097 4592 1153 4645 in
1185 4588 1274 4644 die
1304 4589 1772 4660 congregationis,
1809 4588 2000 4643 dicen-

433 4692 516 4739 tes
551 4703 565 4738 :
596 4681 718 4737 Non
749 4679 1082 4750 adjiciemus
1111 4681 1300 4736 audire
1325 4695 1512 4734 vocem
1541 4680 1754 4734 Domini
1780 4681 1871 4735 Dei
1906 4695 2004 4734 no-

433 4775 568 4841 stri,
627 4781 682 4828 et
729 4774 909 4842 ignem
967 4771 1116 4825 hunc
1171 4784 1427 4838 magnum
1495 4782 1604 4822 non
1671 4769 2004 4839 aspiciemus

433 4871 596 4931 ultra,
631 4879 809 4937 neque
850 4862 1221 4937 moriamur.)
1259 4858 1516 4929 Scipsum
1559 4859 1703 4913 enim
1734 4867 1865 4914 tunc
1893 4875 2005 4916 me-

431 4960 698 5014 diatoretn
748 4955 957 5009 dictum
1001 4966 1125 5008 esse
1173 4952 1487 5015 confirmat,
1521 4966 1645 5005 cum
1690 4948 2002 5024 Iudaeorum

429 5048 784 5121 congregatio
831 5045 1081 5101 nondum
1127 5061 1216 5100 res
1271 5058 1437 5113 supra
1495 5052 1746 5098 naturam
1801 5044 2002 5099 intueri

427 5148 635 5210 posset,
671 5139 905 5209 ideoque
933 5137 1230 5207 prudenter
1251 5135 1302 5190 id
1322 5135 1469 5204 quod
1503 5134 1648 5189 vires
1679 5149 1809 5190 suas
1835 5149 2000 5204 supe-

431 5231 588 5286 rabat
617 5235 886 5285 renueret.
927 5226 1059 5281 Illud
1087 5233 1270 5282 autem
1293 5234 1413 5280 erat
1433 5223 1527 5278 Dei
1552 5224 1688 5279 visio
1716 5223 1998 5289 nimirum,

431 5322 650 5376 insolita
726 5321 911 5390 specie
971 5327 1319 5390 perterrens,
1377 5323 1431 5370 et
1468 5316 1728 5371 tubarum
1784 5315 2000 5371 sonitus

432 5410 694 5466 immanes
723 5421 890 5483 atque
921 5408 1322 5466 intolerabiles.
1355 5405 1524 5480 Igitur
1555 5406 1814 5462 mediatio
1845 5405 1997 5478 Moy-

501 5565 550 5596 ²⁹
585 5563 730 5620 Psal.
762 5583 982 5630 ann,
1023 5565 1108 5621 Η.
1222 5568 1266 5600 ³ο
1308 5567 1470 5622 Dent.
1505 5583 1663 5630 xvm,
1701 5566 1894 5622 15-19.

2717 1858 2950 1912 ΚΕΦΑΛ
2981 1859 3055 1914 Γ’.

2100 1952 2231 2007 Ὅτι
2266 1951 2372 2007 τοῦ
2410 1950 2684 2021 Σωτῆρος
2737 1950 2944 2019 ᾅεριξιν
2991 1948 3324 2020 ἐσήμαινεν
3361 1951 3394 2004 ὀ
3446 1948 3688 2018 Μωσῆς.

2251 2045 2352 2107 Ἐκ
2379 2043 2486 2098 τοῦ
2531 2042 3012 2112 Δευτερονομίου,
3057 2042 3189 2111 περὶ
3234 2041 3516 2111 Χριστοῦ.

2177 2153 2197 2188 ι
2231 2135 2528 2206 Προφήτην
2574 2135 2703 2204 ὑμῖν
2756 2135 2822 2188 ἐκ
2844 2134 2953 2187 τῶν
2989 2133 3238 2202 ἀδελφῶν
3281 2150 3376 2187 σου
3397 2175 3414 2199 ,
3448 2133 3523 2198 ὡς
3555 2134 3695 2206 ἐμὲ,

2099 2227 2395 2299 ἀναστήσει
2424 2243 2508 2280 σοι
2553 2226 2754 2298 Κύριος
2783 2227 2812 2280 ό
2843 2225 2978 2289 Θεός
3013 2242 3133 2278 σου·
3174 2225 3342 2280 αὑτοῦ
3371 2225 3693 2283 ἀκούσεσθε.

2100 2317 2255 2373 Κατὰ
2287 2318 2466 2373 πάντα
2488 2318 2586 2371 ὅσα
2603 2319 2791 2388 ᾐτήσω
2811 2317 2961 2388 παρά
2988 2317 3194 2389 Κυρίου
3225 2317 3320 2371 τοῦ
3339 2317 3477 2372 Θεοῦ
3499 2335 3618 2380 σου,
3638 2321 3697 2372 ἐν

2099 2409 2302 2482 Χωρὴϐ
2325 2391 2611 2480 τῇκήμέρα
2649 2408 2749 2478 τῆς
2775 2407 3074 2479 ἐκκλησίας
3102 2409 3356 2478 λέγοντες
3377 2425 3391 2440 ⁸
3419 2409 3495 2462 Ob
3526 2426 3698 2480 προσο

2101 2500 2341 2572 θήσομεν
2373 2499 2607 2554 ἀκοῦσαι
2639 2501 2740 2570 τῆς
2764 2500 2948 2569 φωνῆς
2989 2499 3190 2572 Κυρίου
3220 2500 3316 2553 τοῦ
3348 2500 3486 2554 Θεοῦ
3513 2501 3694 2572 ἡμῶν,

2101 2592 2195 2646 καὶ
2237 2592 2301 2645 τὸ
2349 2590 2460 2661 πῦρ
2487 2591 2548 2644 τὸ
2590 2591 2732 2661 μέγα
2773 2589 2934 2644 τοῦτο
2971 2591 3074 2644 ούκ
3115 2590 3358 2662 ὀψόμεθα
3402 2591 3524 2656 ἔτι,
3571 2593 3696 2651 οὐδὲ

2104 2682 2179 2754 μὴ
2209 2682 2588 2752 ἀποθάνωμεν.
2633 2682 2743 2734 Καὶ
2773 2676 2895 2734 εἶπε
2927 2682 3132 2753 Κύριος
3158 2682 3294 2751 πρὸς
3338 2683 3405 2752 με
3430 2698 3444 2714 ο
3486 2683 3699 2754 Ὀρθῶς

2102 2775 2304 2838 πάντα,
2332 2773 2432 2827 ὅσα
2461 2772 2733 2844 ἐλάλησας
2751 2773 2850 2845 (l).
2882 2775 3175 2846 Προφήτην
3194 2766 3488 2850 ἀναστήσω
3511 2775 3700 2839 αὐτοῖς

2101 2866 2164 2918 ἐκ
2185 2863 2294 2918 τῶν
2326 2863 2574 2933 ἀδελφῶν
2609 2863 2812 2927 αὐτῶν,
2841 2863 3031 2933 ῶσπερ
3059 2863 3138 2926 σέ,
3173 2864 3268 2916 καὶ
3287 2862 3443 2916 δώσω
3463 2863 3526 2917 τὸ
3544 2864 3699 2935 ῥῆμά

2104 2973 2208 3028 μου
2231 2959 2288 3011 ἐν
2320 2956 2399 3027 τῷ
2430 2957 2656 3027 στόματι
2683 2955 2868 3017 αὑτοῦ,
2895 2955 2989 3008 καὶ⁸
3028 2954 3250 3026 λαλήσει
3283 2956 3468 3019 αὐτοῖς
3503 2955 3698 3009 καθότι

2105 3049 2170 3104 ἂν
2195 3049 2515 3119 ὲντείλωμαι
2537 3047 2708 3118 αὐτῷ.
2741 3048 2849 3100 Καὶ
2871 3046 3246 3118 ἄνθρωπος,δς
3273 3046 3339 3101 ἂν
3361 3048 3436 3117 μὴ
3457 3047 3692 3120 ἀκούσῃ,

2102 3141 2200 3195 ὅσα
2220 3139 2284 3194 ἂν
2311 3139 2521 3212 λαλήσῃ
2549 3140 2578 3192 ὁ
2617 3141 2901 3210 προφήτης
2936 3140 3029 3192 ἐπὶ
3053 3139 3132 3208 τῷ
3171 3139 3399 3210 ὀνόματί
3431 3155 3558 3210 μου,
3583 3141 3699 3209 ἐγὼ

2103 3231 2379 3301 ἐκδικήσω
2435 3229 2493 3297 ἐξ
2527 3229 2716 3284 αὑτοῦ.
2744 3250 2762 3282 ι
2803 3229 3172 3300 Ἐπανάληψίν
3201 3245 3323 3282 τινα
3355 3229 3448 3281 καὶ
3495 3229 3701 3282 ἀνακε-

2103 3322 2403 3392 φαλαίωσιν
2440 3323 2547 3376 τῶν
2570 3321 2882 3377 Μωσαῖκῶν
2914 3321 3134 3391 βιϐλίων
3189 3321 3251 3375 τὸ
3273 3321 3698 3392 Δευτερονόμιον

2101 3413 2236 3485 ἔχει.
2269 3414 2361 3466 Διὸ
2389 3411 2454 3485 δὴ
2485 3413 2654 3466 τύπον
2687 3412 2744 3477 ἐξ
2778 3411 2942 3466 αὑτοῦ
2974 3412 3068 3465 καὶ
3108 3413 3293 3466 εἰκόνα
3318 3411 3416 3483 τὴν
3442 3413 3507 3467 ὲκ
3537 3431 3690 3484 νομι-

2103 3505 2207 3575 κῆς
2246 3504 2561 3576 ἱερουργίας
2594 3505 2692 3558 οὐκ
2743 3503 2950 3556 ἔνεστιν
3003 3503 3224 3567 ἑλόντας
3265 3505 3458 3556 εἰπεῖν.
3505 3505 3692 3574 Ὅμως

2101 3594 2336 3663 ἐπείπερ
2383 3595 2664 3647 ἀαυνετείν
2709 3593 2809 3645 οὐκ
2862 3590 3147 3662 εἰθίσμεθα
3207 3591 3409 3654 πάντες
3446 3591 3691 3656 νοοῦντες

2102 3685 2276 3756 ὀρθῶς
2321 3684 2408 3738 διὰ
2451 3683 2707 3754 Χριστὸν,
2737 3685 2847 3746 τοῖς
2881 3681 3282 3753 ἐντευξομένοις
3307 3681 3566 3752 ἐροῦμεν,
3600 3685 3692 3736 καὶ

2099 3776 2200 3829 τὸν
2234 3777 2291 3828 ἐν
2323 3775 2438 3838 τοῖς
2475 3772 2859 3844 προκειμένοις
2889 3772 3352 3843 ἀναμοχλεύοντες
3379 3771 3527 3828 νοῦν.
3560 3773 3695 3827 Ἰδοὺ

2102 3865 2167 3938 δὴ
2203 3864 2363 3918 πάλιν
2387 3862 2859 3926 ἀκατακαλύπτως
2880 3862 3014 3932 ἡμῖν
3049 3862 3107 3913 τὸ
3133 3861 3229 3912 ἐπὶ
3258 3860 3482 3932 Χριστῷ
3511 3859 3697 3913 λαλεῖ-

2100 3973 2193 4010 ται
2230 3955 2550 4026 μυστήριον,
2590 3952 2649 4018 ἐξ
2699 3953 3016 4024 ὁμοιότητος
3043 3951 3144 4023 τῆς
3183 3952 3329 4005 κατὰ
3360 3953 3566 4006 Μωσέα
3608 3953 3698 4006 διὰ

2101 4046 2438 4116 λεπτοτάτης
2507 4045 2741 4117 θεωρίας
2807 4044 3072 4115 ἐντέχνως
3152 4043 3693 4115 μεταπλαττόμενον.

2109 4159 2127 4193 ι
2166 4141 2457 4213 Προφήτην
2507 4138 2616 4210 γὰρ
2656 4141 2784 4208 ὑμῖν
2835 4137 3167 4209 ἀναστήσει,
3205 4137 3363 4207 φησὶ,
3413 4134 3618 4207 Κύριος
3661 4135 3695 4188 ὁ

2102 4232 2233 4298 Θεὸς
2262 4231 2418 4304 ήμῶν
2451 4233 2516 4286 ὲκ
2543 4230 2652 4286 τῶν
2677 4231 2920 4300 ἀδελφῶν
2967 4247 3083 4295 σου,
3119 4231 3194 4293 ὼς
3237 4228 3358 4299 ἐμὲ.
3403 4245 3426 4282 ι
3459 4231 3695 4298 Διερμη-

2102 4322 2272 4377 νεύων
2295 4323 2352 4375 δὲ
2400 4322 2582 4385 αὐτὸς,
2609 4323 2702 4376 καὶ
2749 4321 2893 4390 μάλα
2936 4319 3150 4392 γοργῶς
3175 4359 3189 4384 ,
3221 4319 3411 4374 ὁποίαν
3444 4318 3696 4387 εἰσφέρει

2102 4413 2200 4486 τὴν
2230 4415 2288 4481 ἐξ
2320 4412 2632 4484 εἰκονισμοῦ
2679 4412 2770 4466 τοῦ
2813 4412 2932 4466 κατ’
2961 4411 3123 4464 αὑτὸν
3151 4409 3384 4481 θεωρίαν
3428 4407 3489 4462 τὸ
3531 4408 3696 4478 διηγο-

2103 4505 2652 4577 γελμένον,ἐπιφέρει
2675 4504 2852 4573 σοφῶς
2873 4519 2884 4531 ο
2917 4521 2934 4554 ι
2963 4501 3120 4557 Κατὰ
3153 4502 3466 4563 adv-4,66:
3499 4500 3697 4571 ᾐτήσω

2105 4596 2254 4668 παρὰ
2273 4597 2478 4668 Κυρίου
2506 4595 2599 4650 τοῦ
2627 4594 2759 4649 Θεοῦ
2793 4611 2885 4648 σου
2907 4594 2962 4647 ἐν
2990 4593 3068 4664 τῷ
3105 4593 3220 4663 δρει
3246 4593 3376 4662 Σινᾷ
3405 4593 3472 4663 τῇ
3505 4589 3697 4661 ἡμέρᾳ

2104 4690 2202 4757 τῆς
2237 4686 2554 4757 ἐκκλησίας,
2586 4678 2835 4755 λέγοντες
2861 4703 2875 4717 ο
2905 4685 2981 4738 Ού
3027 4684 3422 4754 προσθήσομεν
3457 4681 3712 4736 ἁκοῦσαυ

2105 4782 2201 4851 τῆς
2245 4779 2426 4848 φωνῆς
2476 4779 2682 4848 Κυρίου
2731 4777 2826 4831 τοῦ
2871 4777 3004 4830 Θεοῦ
3061 4775 3237 4847 ήμῶν,
3267 4773 3451 4828 καὶτὸ
3484 4772 3599 4843 πῦρ
3632 4773 3700 4827 τὸ

2109 4870 2250 4943 μέγα
2288 4868 2448 4922 τοῦτο
2494 4869 2593 4922 οὐκ
2630 4868 2874 4939 ὀψόμεθα
2902 4869 3001 4936 ἔτι,
3049 4865 3143 4920 καὶ
3181 4867 3240 4919 ού
3286 4865 3362 4937 μὴ
3400 4861 3697 4918 ἀποθάνω·
3763 4917 3766 4920 ,

2109 4974 2260 5027 μεν.»
2306 4955 2525 5009 Ἑαυτὸν
2555 4956 2650 5025 μὲν
2681 4957 2789 5028 γὰρ
2813 4957 2873 5009 τὸ
2901 4955 3151 5026 τηνικάδε
3179 4955 3408 5026 μεσίτην
3434 4951 3696 5025 εἰρῆσθαι

2108 5047 2521 5117 διῖσχυρίζεται,
2553 5049 2666 5109 τοῖς
2705 5047 2844 5118 ὑπὲρ
2877 5047 2975 5118 τὴν
3008 5047 3168 5116 φύσιν
3207 5045 3534 5117 προσϐαλεῖν
3564 5045 3693 5096 ἀτο-

2103 5137 2298 5208 νούσης
2347 5137 2427 5191 ἐτι
2473 5139 2572 5208 τῆς
2619 5137 2886 5192 Ἰουδαίων
2940 5139 3284 5209 συναγωγῆς.
3326 5137 3420 5191 καὶ
3455 5135 3522 5189 τὰ
3553 5133 3688 5204 ὑπὲρ

2100 5227 2329 5300 δύναμιν
2354 5229 2443 5282 διὰ
2473 5229 2634 5283 τοῦτο
2676 5229 2968 5301 σωφρόνως
3007 5227 3474 5302 παραιτουμένης.
3521 5226 3686 5278 Τοῦτο

2099 5319 2155 5372 δὲ
2192 5315 2260 5391 ἦν
2299 5321 2523 5374 θεοπτία
2543 5320 2802 5393 δηλονότι,
2834 5325 2953 5388 ταῖς
2978 5323 3077 5375 ούκ
3103 5319 3162 5387 ἐξ
3183 5321 3336 5385 ἔθους
3368 5318 3689 5390 φαντασίαις
3770 5328 3774 5332 '

2101 5411 2201 5483 τὴν
2236 5411 2356 5484 ὄψιν
2415 5412 2713 5480 ξενίζουσα,
2764 5415 2857 5469 καὶ
2909 5415 3224 5484 σαλπίγγων
3280 5409 3539 5484 ὑπερφυῆ
3600 5406 3695 5462 καὶ

504 5675 576 5744 (l)
602 5673 738 5727 LXX
769 5686 821 5730 et
851 5676 1008 5747 Vulg.
1038 5677 1328 5748 ἐλάλησαν,
1357 5679 1518 5732 locuti
1547 5689 1694 5742 sunt,
1729 5686 1784 5732 et
1813 5677 1892 5733 sic
1927 5675 2003 5732 ini

2105 5679 2199 5732 col.
2234 5679 2338 5734 4⁸50
2361 5678 2422 5733 C.
