4044 6200
307 344 397 402 ης)
1338 335 1406 391 IN
1440 335 1724 394 JOANNIS
1761 333 1865 392 Ενλ

1970 332 2209 391 ιειιυιι
2246 317 2374 390 iis.
2425 331 2508 390 ιιι.

3439 340 3546 398 450

303 457 534 530 ἀφόρητα
561 456 675 518 τοῖς
701 451 1074 525 ἀκροωμένοις
1091 452 1280 526 ἀπηχή
1289 470 1452 524 ματα.
1482 452 1693 508 Οὐκοῦν
1708 452 1865 508 ἀσθε-

1973 449 2054 507 sis
2087 449 2276 514 divina
2308 449 2528 505 decreta
2569 445 2770 520 populo
2815 447 3184 505 ministrantis
3233 449 3304 506 ad
3355 449 3547 509 levan-

299 551 433 612 vsia;
458 548 570 610 τοῖς
597 544 853 617 τηνικάδε
897 545 1165 617 φάρμακα
1193 546 1228 615 ή
1257 545 1503 610 Μωσέως
1527 544 1868 600 ἀνεδείκνυτο

301 640 558 712 μεσιτεία,
583 637 961 703 διακονοῦντος
982 639 1048 710 τῇ
1082 641 1372 710 συναγωγῇ
1405 638 1476 692 τά
1508 637 1695 694 θεόθεν
1717 636 1866 693 τεθε-

300 732 577 802 σπισμὲνα.
631 729 935 804 Μεταλήψῃ
984 730 1041 783 δὲ
1075 729 1238 784 πάλιν
1282 730 1374 784 τὸν
1411 728 1582 783 τύπον
1621 729 1717 782 ἐπὶ
1764 728 1867 798 τὴν

295 824 559 894 ἀλήθειαν,
589 824 683 878 καὶ
724 821 818 877 τὸν
872 821 1099 894 μεσίτην
1137 822 1274 876 Θεοῦ
1324 823 1418 876 καὶ
1449 820 1754 893 ἀνθρώπων
1778 819 1867 875 διὰ

293 915 488 970 τούτων
513 915 791 986 ἐννοήσεις
819 915 1074 986 Χριστὸν,
1103 914 1456 970 διακονοῦντα
1485 915 1600 978 τοῖς
1635 913 1867 984 εὐμαθε-

295 1005 493 1074 στέροις
507 1003 596 1058 διὰ
607 1005 792 1074 φωνῆς
809 1004 1176 1076 ἀνθρωπίνης,
1190 1006 1277 1060 ὅτε
1293 1005 1361 1058 δι’
1373 1006 1521 1077 ἡμᾶς
1532 1003 1868 1073 ὲκγυναικὸς

293 1095 569 1168 ἐγεννήθη,
597 1096 697 1168 τὴν
723 1097 820 1151 τοῦ
846 1097 980 1152 Θεοῦ
999 1098 1092 1151 καὶ
1127 1091 1340 1169 [ἰατρὸς
1360 1096 1672 1169 ἀπόρρητον
1707 1096 1867 1168 θέλη-

295 1205 389 1253 σιν,
410 1186 826 1258 γνωριζομένην
853 1187 1004 1259 αὐτῷ
1030 1187 1094 1260 δὴ
1124 1188 1218 1242 καὶ
1250 1189 1418 1260 μόνῳ,
1454 1188 1590 1244 καθὸ
1618 1188 1714 1242 καὶ
1739 1188 1868 1253 Υἱὸς

291 1277 346 1342 ἐξ
371 1275 536 1331 αὑτοῦ
556 1279 652 1330 καὶ
681 1277 842 1346 σοφία
867 1281 1089 1346 νοεῖται,
1117 1280 1294 1335 πάντα
1326 1279 1501 1346 εἰδὼς,
1524 1281 1618 1335 καὶ
1636 1277 1706 1333 τά
1725 1279 1864 1350 βάθη

289 1368 377 1423 τοῦ
407 1368 565 1423 Θεοῦ.
610 1369 831 1442 Ἐπειδὴ
859 1370 969 1442 γὰρ
995 1373 1109 1436 τοῖς
1149 1369 1245 1426 τοῦ
1277 1370 1528 1443 σώματος
1567 1371 1868 1442 ὀφθαλμοῖς

288 1461 380 1514 οὐκ
399 1456 467 1532 ἦν
495 1460 723 1532 ἀκράτῳ
752 1461 844 1514 καὶ
864 1464 1046 1532 γυμνῇ
1070 1462 1397 1536 προσϐαλεῖν
1434 1466 1502 1535 τῇ
1533 1463 1655 1534 θείᾳ
1687 1479 1747 1516 τε
1772 1461 1867 1516 καὶ

285 1553 506 1624 ἀρρήτῳ
528 1551 653 1623 ὥξῃ
671 1555 772 1624 τῆς
790 1553 859 1606 τὰ
876 1553 1054 1608 πάντα
1074 1554 1480 1627 ὑπερκειμένης
1501 1555 1708 1619 οὐσίας·
1726 1573 1745 1608 ι
1772 1556 1868 1610 Οὑ-

283 1644 391 1708 δεὶς
422 1645 535 1717 γὰρ
563 1645 752 1715 δψεται
800 1645 862 1699 τὸ
895 1646 1187 1716 πρόσωπόν
1223 1664 1325 1718 μου
1347 1687 1362 1712 ,
1396 1648 1550 1719 φησι,
1583 1649 1678 1702 καὶ
1703 1647 1867 1719 ζήσε-

285 1752 372 1789 ται
398 1753 414 1766 ·
446 1753 466 1787 ι
511 1735 825 1802 ἀναγκαίως
852 1737 880 1790 δ
913 1735 1207 1808 μονογενὴς
1240 1737 1334 1790 τοῦ
1378 1735 1514 1790 Θεοῦ
1552 1737 1723 1806 Λόγος
1741 1739 1862 1802 ταῖς

1972 541 2103 598 dum
2153 541 2442 596 hominum
2471 541 2567 611 qui
2601 551 2731 596 tunc
2761 541 3025 612 temporis
3055 549 3217 599 erant
3253 541 3551 620 inﬁrmitas

1972 642 2085 688 teme
2117 632 2370 688 instituta
2407 641 2514 688 est.
2547 632 2646 688 Hic
2689 643 2879 704 typum
2931 649 3131 690 rursus
3161 633 3231 689 ad
3259 637 3546 693 veritatem

1971 723 2300 792 transferes,
2326 733 2381 781 et
2411 724 2768 781 mediatorem
2806 725 2900 782 Dei
2947 737 3005 782 et
3048 720 3214 804 238
3261 727 3548 786 hominum

1971 817 2256 875 Christum
2295 835 2394 890 per
2423 819 2539 876 haec
2568 820 2862 893 intelliges,
2899 821 3312 880 ministrantem
3347 824 3549 880 docili.

1973 909 2078 966 bus
2107 909 2346 965 humana
2381 925 2535 977 voce,
2567 912 2794 982 quando
2828 924 3052 984 propter
3095 929 3204 972 nos
3223 931 3288 971 ex
3321 917 3551 974 muliere

1969 1010 2140 1058 natus
2172 1010 2276 1066 est,
2313 1001 2409 1058 Dei
2463 1018 2531 1059 ac
2584 1002 2768 1060 Patris
2809 1006 3148 1061 voluntatem
3195 1007 3548 1074 ineﬂ'abilem,

1975 1092 2079 1164 ipsi
2131 1101 2284 1150 certe
2321 1094 2416 1150 uni
2457 1096 2768 1165 cognitam,
2794 1096 2852 1152 in
2879 1105 3148 1168 quantum
3195 1107 3250 1155 et
3280 1098 3456 1157 Filius
3481 1115 3548 1156 ex

1973 1182 2116 1255 ipso.
2152 1194 2210 1240 et
2255 1185 2527 1255 sapientia
2563 1186 2912 1258 intelligitur,
2946 1197 3144 1243 cuncta
3181 1202 3548 1260 cognoscens,

1972 1275 2136 1330 etiam
2180 1275 2453 1346 profunda
2480 1277 2656 1334 Dei".
2685 1277 2822 1335 Cum
2851 1279 3000 1335 enim
3029 1281 3315 1352 corporeis
3365 1283 3549 1340 oculis

1972 1367 2214 1424 divinam
2248 1375 2304 1423 et
2349 1368 2681 1424 ineffabilem
2716 1369 2939 1427 deitatis
2991 1373 3179 1428 omnia
3230 1374 3548 1444 superantis

1974 1459 2209 1530 gluriam
2235 1473 2431 1530 puram
2462 1476 2526 1515 ac
2564 1461 2766 1515 nudam
2798 1476 3027 1518 cernere
3057 1477 3168 1519 non
3203 1479 3496 1536 possemus
3531 1485 3545 1524 :

1977 1569 1997 1604 ι
2029 1550 2151 1607 Νοιι
2182 1553 2332 1608 enim
2363 1552 2570 1622 videbit
2608 1553 2777 1609 homo
2811 1553 3006 1610 faciem
3043 1570 3247 1620 meam,
3268 1555 3467 1628 inquit,
3494 1568 3550 1613 ιιι

1970 1642 2118 1698 vivet
2131 1642 2210 1710 ³¹;
2241 1662 2260 1696 ι
2295 1640 2508 1700 idcirco
2560 1646 2880 1701 necessario
2912 1631 3254 1718 unigenitum
3289 1648 3380 1748 De‘i
3413 1650 3550 1706 Ver-

1971 1734 2099 1790 bmn
2129 1735 2337 1792 nostris
2365 1734 2779 1792 inﬁrmitatibus
2811 1752 2912 1793 con
2925 1737 3219 1794 formatum
3246 1734 3367 1803 est,"
3395 1757 3550 1797 mor-

286 1827 582 1898 ἡμετέραις
605 1825 914 1890 ἀσθενείαις
937 1827 1455 1899 συνεσχηματίζετο,
1487 1827 1547 1882 τὸ
1585 1828 1861 1884 ἀνθοώπι-

1976 1827 2066 1880 tali
2119 1826 2226 1882 hoc
2260 1841 2495 1898 corpore
2546 1827 2853 1883 secundum
2890 1829 3220 1886 ineffabilem
3263 1831 3552 1902 dispensa-

286 1935 370 1972 vov
405 1920 474 1991 δὴ
501 1919 660 1973 τοῦτο
698 1918 840 1973 κατά
866 1920 956 1973 τὸν
989 1920 1227 1992 ἄρρητον
1256 1919 1356 1992 τῆς
1374 1922 1687 1993 οἰκονομίας
1707 1923 1864 1991 λόγον

1967 1918 2136 1974 tionis
2177 1919 2453 1975 rationem
2496 1919 2774 1986 indutum,
2801 1928 2855 1975 et
2905 1937 3200 1992 supernam
3231 1924 3413 1991 nobis,
3446 1925 3553 1982 hoc

288 2012 658 2084 ἠμφιεσμένος
697 2012 879 2084 σῶμα,
905 2013 998 2066 καὶ
1032 2013 1132 2085 τὴν
1182 2014 1389 2069 ἄνωθεν
1435 2017 1586 2086 ἡμῖν,
1616 2011 1865 2070 τουτέστι

1970 2017 2048 2064 est
2078 2007 2170 2064 Dei
2202 2023 2268 2063 ac
2295 2007 2501 2073 Patris,
2527 2010 2863 2067 voluntatem
2887 2012 3280 2081 manifestavit,
3309 2016 3501 2074 dicens
3531 2033 3546 2071 :

287 2103 372 2156 τοῦ
397 2103 536 2156 Θεοῦ
560 2104 654 2157 καὶ
673 2105 886 2175 Πατρὸς
922 2106 1163 2176 φανερὰν
1195 2105 1365 2160 ἐποίει
1394 2105 1607 2180 βουλήν,
1639 2104 1814 2175 λέγων
1847 2122 1862 2140 ο

294 2213 312 2246 ι
341 2196 527 2250 Πάντα
551 2195 651 2250 ὅσα
679 2198 888 2268 ήκουσα
920 2198 1072 2267 παρά
1099 2197 1193 2256 τοῦ
1231 2197 1465 2268 Πατρὸς,
1495 2197 1669 2254 ταῦτα
1697 2199 1866 2268 ἀναγ-

289 2287 455 2353 γέλλω
490 2288 640 2356 ὑμῖν.
674 2308 694 2340 ι
723 2290 834 2342 Καὶ
857 2288 1040 2358 πάλιν,
1071 2290 1152 2344 ὅτι
1186 2307 1204 2341 ι
1239 2287 1382 2360 Ἐγὼ
1410 2290 1470 2356 ἐξ
1489 2288 1730 2360 ἐμαυτοῦ
1765 2290 1868 2345 οὐκ

289 2377 540 2450 ὲλάλησα,
565 2380 679 2434 ἀλλ’
705 2383 735 2435 ὁ
763 2380 989 2452 πέμψας
1026 2399 1094 2453 με
1140 2381 1352 2454 Πατήρ,
1392 2381 1556 2445 αὐτὸς
1589 2399 1680 2454 μοι
1714 2385 1867 2437 ἐντο-

286 2472 377 2544 ὶὴν
406 2473 609 2528 δέδωκε
635 2475 690 2528 τί
734 2475 894 2542 εἴπω,
917 2476 1014 2530 καὶ
1043 2475 1096 2532 τί
1128 2475 1369 2547 λαλήσω.
1404 2494 1424 2529 ι
1467 2475 1678 2530 Οὐκοῦν
1725 2475 1870 2530 κατά

291 2569 382 2640 μὲν
427 2569 533 2640 τῆς
565 2569 842 2640 μεσιτείας
890 2570 1092 2634 είκόνα,
1127 2572 1297 2634 τύπος
1323 2569 1390 2624 ἂν
1416 2571 1589 2623 νοοῖτο
1626 2567 1866 2642 Χριστοῦ

290 2660 377 2713 καὶ
414 2659 590 2713 πάλαι
630 2660 859 2731 Μωσῆς,
889 2661 959 2714 τὰ
1005 2659 1189 2714 θεόθεν
1215 2659 1548 2733 διωρισμένα
1573 2661 1687 2723 τοῖς
1730 2661 1865 2732 uici;

301 2750 515 2822 Ἰσραὴλ
543 2746 605 2805 εῦ
648 2750 712 2822 δὴ
751 2752 846 2806 καὶ
887 2751 1032 2822 μάλα
1074 2749 1528 2822 διακονούμενοςο
1554 2750 1668 2805 ἀλλ’
1697 2753 1732 2822 ή
1770 2751 1868 2822 μὲν

289 2844 526 2907 Μωσέως
574 2843 821 2914 μεσιτεία
848 2843 1152 2915 διακονικὴ,
1182 2843 1441 2916 ἐλευθέρα
1471 2841 1529 2896 δὲ
1556 2844 1590 2913 ἠ
1623 2842 1712 2897 διὰ
1736 2843 1869 2914 Χρι-

292 2931 409 2985 στοῦ
445 2934 544 2987 καὶ
590 2932 993 3005 μυστικωτέρα,
1025 2932 1273 3003 φυσικῶς
1296 2927 1403 2987 τῶν
1437 2932 1870 3004 μεσιτευομένων

289 3024 743 3093 ὶπιθιγγάνοντος,
770 3025 866 3078 καὶ
897 3024 1034 3094 πρὸς
1054 3026 1220 3096 ἄμφω
1238 3024 1533 3096 διήκοντος,
1552 3025 1654 3096 τήν
1679 3041 1740 3078 τε
1776 3042 1871 3095 με-

288 3118 642 3187 σιτευομένην
689 3117 1084 3189 ἀνθρωπότητα
1107 3157 1122 3182 ,
1153 3117 1249 3172 καὶ
1300 3117 1521 3189 Πατέρα
1563 3117 1714 3172 Θεόν.
1757 3113 1869 3172 Ἦν

1969 2119 1988 2152 ι
2017 2101 2214 2156 Omnia
2235 2117 2580 2173 quaecunque
2609 2103 2794 2160 audivi
2821 2118 2853 2160 a
2881 2102 3044 2161 Patre
3071 2121 3216 2171 meo.
3243 2115 3372 2164 nota
3408 2109 3551 2166 l'acio

1965 2195 2120 2251 vobis
2143 2195 2210 2250 ⁸³.
2249 2215 2268 2249 ι
2301 2193 2432 2252 Item
2463 2211 2477 2250 :
2507 2213 2526 2248 ι
2565 2195 2680 2267 Ego
2711 2213 2775 2254 ex
2822 2197 3033 2270 meipso
3077 2214 3188 2255 non
3230 2216 3353 2258 sum
3384 2203 3537 2258 locu-

1965 2295 2080 2354 tus,
2111 2287 2206 2344 sed
2237 2288 2332 2361 qui
2370 2287 2524 2346 misit
2563 2305 2652 2345 me
2685 2289 2866 2355 Pater,
2904 2290 3025 2361 ipse
3054 2291 3188 2347 mihi
3223 2294 3545 2351 mandatum

1965 2381 2117 2437 dedit
2140 2381 2271 2451 quid
2307 2381 2524 2447 dicam,
2559 2393 2613 2436 et
2644 2382 2775 2453 quid
2805 2383 2998 2452 loquar
3026 2381 3095 2436 “.
3131 2402 3151 2437 ι
3187 2381 3360 2455 Igitur
3399 2387 3547 2456 quod

1969 2474 2038 2528 ad
2075 2473 2424 2530 mediationis
2458 2472 2680 2546 quidem
2741 2482 2956 2543 spectat
3011 2473 3333 2547 imaginem,
3381 2483 3550 2551 typus

1970 2564 2178 2620 Christi
2206 2565 2520 2622 censendus
2567 2577 2654 2621 est
2688 2565 2926 2638 Moyses,
2961 2566 3055 2638 qui
3092 2567 3282 2625 divina
3324 2568 3548 2626 decreta
3579 2609 3586 2614 -

1975 2655 2100 2712 liliis
2134 2655 2298 2712 lsrael
2333 2655 2526 2727 utique
2555 2656 2932 2726 ministrabat,
2969 2659 3066 2714 sed
3091 2656 3295 2730 Moysis
3325 2660 3547 2732 quidem

1983 2745 2248 2802 mediatio
2274 2747 2677 2803 ministratoria
2707 2754 2848 2812 erat,
2871 2747 3081 2805 Christi
3128 2764 3258 2806 vero
3290 2751 3549 2809 mediatio

1972 2835 2146 2890 libera
2191 2845 2245 2890 et
2297 2837 2554 2907 mystica,
2590 2843 2782 2907 utpote
2807 2837 2903 2908 qui
2937 2839 3265 2895 naturaliter
3301 2855 3366 2896 ea
3406 2857 3548 2913 quo.

1969 2941 2092 2980 rum
2123 2926 2489 2984 mediatorest
2514 2927 2758 2999 attingit.
2791 2934 2846 2983 et
2873 2928 2941 2983 ad
2968 2929 3133 2986 ambo
3157 2932 3418 3002 pertinet,
3445 2934 3547 2989 hu-

1971 3016 2293 3071 manitatem
2330 3017 2616 3084 nimirum,
2648 3016 2810 3087 cujus
2859 3019 3134 3074 mediator
3194 3028 3299 3084 est,
3357 3029 3411 3076 et
3443 3020 3548 3077 Pa—

1973 3116 2114 3164 trem
2149 3108 2340 3167 Dcum.
2369 3108 2465 3166 Est
2499 3110 2644 3165 ειιῑιιι
2667 3117 2868 3164 natura
2899 3108 3043 3167 Deus
3081 3119 3143 3166 ut
3177 3125 3244 3168 ex
3277 3110 3389 3168 Deo
3413 3111 3546 3170 Uni-

289 3201 382 3269 μὲν
413 3204 526 3274 γάρ
555 3203 714 3273 φύσει
756 3203 888 3268 Θεὸς
931 3204 1008 3268 ὡς
1050 3205 1116 3258 ὲκ
1164 3203 1299 3258 Θεοῦ
1332 3205 1642 3277 Μονογενής
1662 3246 1676 3270 ,
1707 3205 1865 3260 οίονεὶ

1973 3202 2215 3274 genitus,
2248 3215 2278 3256 a
2332 3201 2639 3259 substantia
2686 3199 2965 3259 Genitoris
2993 3217 3102 3258 non
3143 3212 3459 3274 separatus,
3496 3216 3547 3261 et

287 3293 380 3362 τῆς
429 3292 530 3347 τοῦ
578 3295 938 3366 γεννήσαντος
965 3293 1026 3348 οὐ
1071 3295 1478 3365 κεχωρισμένος
1515 3295 1704 3358 οὐσίας
1727 3334 1740 3358 ,
1778 3294 1871 3348 καὶ

283 3383 418 3457 αὐτῇ
457 3384 864 3456 προσπεφυκὼς
886 3425 900 3451 ,
927 3384 1061 3438 καθὸ
1096 3386 1295 3438 νοεῖται
1320 3387 1415 3438 καὶ
1444 3384 1502 3452 ἐξ
1538 3386 1730 3454 αὐτῆς.
1760 3380 1870 3438 Ἦν

283 3475 339 3529 δὲ
362 3477 455 3530 καὶ
475 3475 784 3546 ἄνθρωπος,
810 3475 944 3530 καθὸ
965 3475 1158 3544 γέγονε
1201 3476 1338 3548 σὰρξ
1367 3477 1559 3531 ἑαυτὸν
1596 3479 1729 3548 ἡμῖν
1779 3475 1867 3541 ἐξα

280 3565 486 3635 ομοίῶν
512 3603 526 3626 ,
545 3565 632 3619 ἵνα
656 3566 724 3619 δι’
751 3566 916 3620 αὐτοῦ
946 3567 1288 3637 συνάπτηται
1329 3565 1452 3636 Θεῷ
1477 3565 1539 3620 τὸ
1570 3565 1703 3622 πολὺ
1727 3564 1869 3621 κατά

283 3657 444 3726 φύσιν
491 3658 842 3732 διῃρημένον.
873 3659 1040 3714 Ὅταν
1070 3655 1164 3713 οῦν
1204 3659 1337 3730 λέγῃ
1372 3659 1614 3731 Μωσῆςο
1650 3677 1669 3712 ι
1714 3660 1870 3714 Ἀνα-

285 3750 471 3820 στήσει
510 3750 712 3820 Κύριος
734 3751 863 3822 ὑμῖν
893 3751 985 3804 τὸν
1015 3751 1302 3822 προφήτην
1331 3750 1408 3816 ὡς
1438 3750 1559 3822 ἐμὲ,
1595 3771 1614 3804 ι
1655 3753 1870 3822 νοήσεις

281 3842 376 3913 οὐχ
401 3843 683 3913 ὲτέρως,ἢ
713 3843 882 3915 ὅνπερ
905 3843 1103 3916 τρόπον
1136 3842 1342 3914 ἀρτίως
1375 3844 1710 3916 εἰρήκαμεν·
1743 3843 1869 3896 ἐπεὶ

284 3935 372 3988 καὶ
409 3935 576 3996 αὐτὸς
603 3934 696 3989 τὸν
736 3935 830 3988 ἐπὶ
876 3935 1052 4005 τούτῳ
1089 3934 1246 4004 λόγον
1277 3935 1660 4007 ὲπισφραγίζει
1693 3934 1868 4004 λέγων

286 4025 316 4077 ὸ
342 4027 478 4092 Θεός
499 4045 516 4059 ·
552 4045 571 4080 ι
624 4027 832 4101 ὐρθῶς
873 4027 1053 4082 πάντα
1097 4028 1197 4082 ὅσα
1247 4027 1539 4098 ἐλάλησαν.
1571 4028 1865 4099 Προφήτην

284 4118 464 4182 αὐτοῖς
502 4119 793 4190 ἀναστήσω
828 4118 1018 4190 ὥσπερ
1067 4118 1162 4184 σὲ,
1197 4119 1293 4174 καὶ
1341 4119 1492 4191 θήσω
1522 4119 1596 4173 τὰ
1643 4118 1868 4189 ῥήματά

289 4227 381 4278 μου
430 4211 524 4265 ἐπ’
555 4210 725 4282 αὐτῷ,
761 4211 858 4266 καὶ
896 4210 1120 4282 λαλήσει
1153 4209 1302 4280 αὐτῷ
1351 4210 1492 4266 κατά
1537 4210 1738 4275 πάντα,
1766 4210 1867 4264 ὅσα

288 4298 343 4352 ἂν
369 4301 702 4372 ἐντείλωμαί
734 4301 978 4374 αὐτῷ.-
1003 4301 1166 4374 Φέρει
1196 4303 1304 4373 γὰρ
1338 4303 1406 4356 τὰ
1447 4301 1625 4356 πάντα
1665 4301 1743 4373 τῷ
1769 4301 1866 4374 ῥή-

288 4407 410 4461 ματι
440 4393 549 4464 τῆς
579 4393 862 4464 δυνάμεως
879 4395 1062 4454 arm;
1085 4435 1098 4458 ,
1134 4413 1153 4446 ι
1191 4394 1266 4458 ὡς
1289 4393 1318 4444 ὁ
1349 4391 1558 4458 Παῦλός
1582 4411 1737 4464 φησι,
1770 4394 1865 4447 καὶ

283 4479 372 4544 τὰς
398 4481 499 4536 τοῦ
539 4483 748 4555 [ἰατρὸς
771 4484 906 4555 ἡμῖν
936 4483 1255 4552 ἀναγγέλλει
1280 4482 1485 4553 φωνὰς,
1514 4482 1611 4537 ἅτε
1631 4483 1696 4554 δὴ
1731 4485 1862 4554 παρ’

1973 3296 2077 3367 ipsi
2113 3295 2469 3360 inexsistens,
2501 3294 2559 3350 in
2589 3286 2857 3368 quantum
2885 3311 2950 3351 ex
2988 3295 3107 3367 ipsa
3146 3297 3311 3353 etiam
3346 3299 3546 3354 intelli-

1972 3383 2140 3455 gitur.
2175 3382 2271 3440 Est
2303 3397 2436 3440 vero
2467 3384 2635 3439 etiam
2667 3383 2852 3450 homo,
2884 3394 3157 3456 quatenus
3189 3403 3320 3444 caro
3370 3389 3546 3447 factus

1969 3485 2076 3543 est,
2112 3476 2356 3547 scipsum
2388 3476 2547 3532 nobis
2569 3476 2804 3532 similem
2853 3477 3090 3544 faciens,
3129 3490 3185 3536 ut
3221 3495 3319 3551 per
3370 3481 3546 3553 ipsum

1970 3568 2026 3624 id
2059 3569 2206 3639 quod
2245 3577 2440 3624 natura
2482 3570 2646 3640 longe
2685 3570 2946 3626 dissitum
2980 3580 3118 3637 erat,
3147 3571 3260 3628 Deo
3311 3573 3551 3644 conjun-

1973 3669 2219 3731 geretur.
2262 3661 2398 3714 (lum
2421 3674 2555 3731 ergo
2578 3660 2715 3716 dicit
2743 3659 2958 3733 Moyses
2987 3682 3000 3719 :
3037 3675 3058 3714 ι
3097 3661 3404 3719 Suscitabit
3440 3661 3541 3718 Do-

1969 3753 2156 3809 minus
2200 3753 2359 3808 vobis
2399 3753 2724 3824 prophetam
2767 3753 2933 3810 sicuti
2971 3769 3056 3809 me
3079 3753 3147 3819 ⁸⁸,
3177 3772 3198 3806 ι
3237 3753 3396 3809 aliter
3437 3770 3546 3811 non

1969 3840 2244 3912 intelliges
2268 3856 2432 3912 quam
2460 3855 2573 3912 quo
2605 3842 2766 3898 modo
2813 3850 2977 3899 antea
3012 3843 3295 3901 diximus:
3319 3853 3448 3901 nam
3495 3856 3544 3904 el

1969 3935 2088 4006 ipse
2119 3933 2263 3989 Deus
2290 3933 2344 3989 id
2370 3932 2682 4000 conﬁrmat,
2710 3933 2938 3989 dicens:
2964 3952 2983 3987 ι
3021 3933 3194 3992 Recte
3215 3935 3400 3992 omnia
3426 3953 3545 4008 quae

1973 4026 2139 4081 locuti
2179 4033 2310 4081 sunt
2345 4039 2360 4079 :
2408 4025 2728 4096 prophetam
2779 4024 3061 4081 suscitabo
3105 4026 3206 4092 eis,
3256 4027 3404 4084 sicut
3445 4039 3498 4086 te
3536 4079 3552 4102 ,

1969 4125 2023 4171 et
2055 4117 2198 4172 dabo
2226 4115 2390 4172 verba
2428 4130 2547 4170 mea
2595 4115 2652 4170 in
2704 4129 2801 4170 ore
2841 4115 2996 4183 eius;
3054 4124 3109 4172 et
3157 4117 3418 4190 loquetur
3463 4122 3544 4176 eis

1968 4221 2312 4278 quaecunque
2363 4206 2695 4261 mandavero
2737 4205 2786 4262 ei
2806 4203 3096 4262 ".lPortat
3153 4209 3302 4264 enim
3360 4211 3544 4268 omnia

1967 4300 2136 4356 verbo
2191 4299 2410 4354 virtutis
2446 4313 2561 4354 sua:
2600 4296 2793 4364 Filius,
2841 4300 3303 4370 quemadmodum
3337 4301 3545 4360 Paulus

1967 4390 2044 4443 ait
2068 4389 2134 4454 ",
2155 4395 2211 4444 et
2236 4387 2416 4444 Patris
2449 4402 2610 4444 voces
2642 4387 2802 4442 nobis
2821 4389 3390 4456 annuntiat,maxime
3419 4407 3544 4448 cum

1969 4481 2040 4537 ah
2068 4483 2192 4559 ipso
2221 4481 2491 4536 mediator
2518 4480 2591 4536 sit
2632 4482 2994 4548 constitutus,
3035 4481 3198 4552 juxta
3229 4483 3366 4538 illud
3389 4483 3544 4540 Psal-

283 4574 443 4630 αὑτοῦ
481 4574 708 4648 μεσίτης
741 4575 1250 4646 κεχειροτονημένος
1268 4615 1284 4640 ,
1314 4575 1456 4631 κατά
1492 4575 1555 4628 τὸ
1597 4575 1656 4628 ἑν
1702 4574 1860 4630 Ψαλ-

1970 4575 2146 4630 mistm
2181 4582 2443 4644 tanquam
2472 4587 2539 4629 ex
2585 4588 2822 4644 persona
2860 4572 3064 4630 Christi
3095 4593 3108 4628 :
3150 4592 3170 4626 ι
3205 4576 3322 4647 Ego
3359 4585 3542 4633 autem

284 4666 402 4731 μοῖς
427 4663 712 4736 ᾀδόμενον,
745 4664 822 4730 ὡς
847 4664 907 4732 ἑξ
936 4665 1101 4719 αὑτοῦ
1127 4663 1222 4717 τοῦ
1251 4663 1491 4736 Χριστοῦ
1510 4681 1527 4699 ο
1566 4684 1586 4718 ι
1634 4665 1778 4735 Ἐγὼ
1805 4666 1863 4723 δὲ

283 4755 624 4828 κατεστάθην
662 4755 916 4826 βασιλεὺς
957 4758 1047 4810 ὑπ’
1080 4756 1244 4812 αὐτοῦ
1270 4798 1284 4824 ,
1321 4757 1414 4812 ἐπὶ
1468 4756 1606 4813 Σιὼν
1638 4758 1764 4830 ὅρος
1803 4758 1865 4812 τὸ

283 4843 434 4912 ᾶγιον
461 4846 629 4900 αὐτοῦ
662 4847 996 4917 διαγγέλλων
1027 4850 1088 4903 τὸ
1117 4851 1450 4922 πρόσταγμα
1481 4850 1710 4922 Κυρίου.
1744 4870 1763 4903 ι
1800 4847 1863 4903 Ei

277 4933 335 4990 δέ
377 4955 458 5008 τῳ
502 4940 684 5005 δοκεῖ,
719 4941 815 4996 καὶ
861 4941 920 5005 ἐξ
971 4941 1174 5010 ἑτέρων
1227 4942 1446 4997 ἐννοιῶν
1498 4943 1592 4996 ἐπὶ
1633 4941 1724 4996 τὸν
1765 4941 1864 5012 τῆς

273 5028 598 5098 ὁμοιότητος
653 5029 1080 5095 ἀναϐιϐάζεσθαι
1130 5030 1352 5101 τρόπον,
1409 5031 1708 5102 ὲκλήψεται
1764 5031 1863 5101 μὲν

271 5117 575 5190 νομοθέτην
597 5120 659 5174 τὸ
686 5139 706 5172 ι
744 5120 822 5186 ὡς
853 5120 977 5192 ἐμὲ,
1009 5140 1028 5173 ι
1064 5121 1158 5177 καὶ
1192 5121 1443 5194 παροίσει
1477 5122 1614 5193 πρὸς
1647 5121 1864 5178 ἀπόδει-

273 5208 359 5274 ξιν
414 5209 479 5262 τὸ
523 5228 545 5262 ι
598 5211 827 5284 Ἐρρέθη
881 5213 994 5277 τοῖς
1047 5212 1342 5286 ἀρχαίοις·
1394 5212 1470 5267 Οὐ
1506 5212 1856 5284 μοιχεύσειςσ

274 5298 386 5366 ἐγὼ
425 5301 483 5354 δὲ
515 5300 658 5370 λέγω
685 5302 813 5374 ὑμῖν
845 5345 860 5370 ,
899 5304 1013 5358 Οὐκ
1060 5304 1438 5375 ἐπιθυμήσεις.
1475 5323 1494 5357 ι
1531 5303 1858 5375 Ἐκλήψεται

282 5390 324 5442 ξε
356 5391 530 5446 πάλιν
578 5395 780 5462 ὁμοίως
807 5395 869 5448 τὸ
902 5415 922 5447 ι
961 5395 1039 5459 ὠς
1084 5397 1206 5466 ἐμὲ,
1255 5414 1273 5447 ι
1320 5396 1658 5467 χειραγωγὸν
1697 5395 1860 5450 οἱονεί

293 5493 413 5547 τινα,
433 5481 532 5535 καὶ
562 5484 995 5556 καθηγούμενον,
1020 5485 1214 5553 λέγων,
1232 5486 1311 5548 είς
1341 5485 1400 5538 τὸ
1429 5483 1688 5541 δύνασθαι
1718 5487 1858 5538 νοεῖν

301 5569 341 5621 εἰ
381 5573 448 5625 ὲν
476 5572 690 5644 θελήσει
723 5577 960 5648 Πατρὸς,
986 5577 1078 5630 καὶ
1108 5575 1176 5630 δι’
1204 5569 1281 5630 ὧν
1322 5575 1388 5630 ἂν
1420 5575 1628 5644 γένοιτο
1654 5575 1753 5647 τῆς
1777 5576 1857 5638 εἰς

347 5687 384 5716 ἰ
430 5685 612 5742 iCor.
646 5704 709 5753 ιι,
751 5689 838 5744 10.
950 5692 992 5722 ³⁸
1036 5689 1206 5745 Exod.
1250 5705 1458 5752 χχχιιι,
1489 5689 1580 5744 20.

1692 5690 1736 5721 ³³
1769 5689 1925 5745 Juau.
1964 5704 2054 5750 xv,
2091 5688 2175 5742 15.

1969 4664 2312 4721 constitutus
2354 4678 2476 4719 sum
2530 4679 2629 4719 rex
2675 4664 2744 4720 ab
2795 4678 2862 4720 eo
2907 4656 3074 4735 super
3115 4665 3248 4720 Sion
3301 4674 3544 4722 montem

1966 4766 2220 4814 sanctum
2265 4755 2387 4826 ejus
2441 4753 2746 4826 praedicans
2795 4765 3130 4827 praeceptum
3191 4755 3488 4812 Domini".
3520 4776 3540 4809 ι

1967 4848 2124 4916 Quod
2159 4848 2321 4905 sicui
2368 4847 2535 4903 libeat
2565 4847 2691 4903 aliis
2720 4862 2941 4919 quoque
2975 4847 3544 4918 contemplationibus

1967 4939 2346 4995 similitudinis
2375 4938 2524 4993 illius
2551 4936 2772 4992 modum
2805 4937 3106 5006 inquirere,
3135 4935 3220 4991 his
3243 4936 3404 5007 267
3423 4937 3542 5006 qui-

1971 5031 2095 5087 dem
2131 5030 2342 5094 verbis,
2367 5047 2385 5081 ι
2418 5029 2564 5085 sicut
2604 5042 2713 5093 me,
2754 5044 2773 5078 ι
2829 5025 3199 5096 legislalorem
3249 5025 3517 5095 intelliget

1971 5058 2095 5087 uclu
2136 5058 2342 5094 verum,
2367 5058 2384 5081 ι
2418 5058 2564 5085 aluus
2604 5058 2713 5093 ιιισ,
2754 5058 2773 5078 ι
2829 5058 3199 5096 ιῦδιοιιιιυισιιι
3250 5058 3517 5095 ιιηῠιιιδῦι

1967 5131 2022 5178 ει
2056 5121 2124 5177 ad
2167 5121 2222 5175 id
2255 5117 2747 5176 demonstrandum
2784 5115 2920 5170 illud
2954 5115 3238 5187 proferet:
3272 5135 3292 5168 ι
3323 5058 3553 5187 Βὶειυιιί

1966 5224 2052 5270 est
2077 5211 2325 5280 antiquis
2355 5227 2368 5264 :
2399 5207 2520 5263 Non
2565 5207 2933 5262 mmchaberis
2977 5223 2992 5262 ;
3027 5221 3129 5276 ego
3185 5215 3369 5264 autem
3415 5203 3550 5263 dice

1966 5303 2125 5362 vobis
2163 5320 2176 5358 :
2208 5299 2329 5354 Non
2373 5297 2732 5368 concupisces
2762 5296 2830 5352 ".
2883 5315 2901 5348 ι
2950 5295 3240 5364 Similiter,
3286 5297 3374 5354 his
3426 5313 3543 5354 ver.

1967 5395 2090 5458 bis,
2136 5412 2155 5444 ‹
2204 5391 2349 5446 sicut
2406 5403 2529 5455 me,
2561 5409 2581 5440 ι
2625 5387 2817 5442 ducem
2860 5387 3026 5442 veluti
3083 5387 3374 5458 quemdam
3418 5395 3542 5446 csse

1967 5485 2232 5554 intelliget
2286 5482 2355 5538 ad
2420 5497 2484 5536 ea
2547 5478 2897 5551 percipienda
2966 5493 3088 5549 qua:
3144 5480 3202 5534 in
3259 5481 3541 5538 voluntate

1965 5583 2096 5633 sunt
2147 5572 2348 5639 Patris,
2400 5580 2455 5628 et
2505 5587 2600 5643 per
2643 5585 2765 5642 qum
2811 5570 2964 5642 regni
3017 5571 3260 5628 cmlestis
3306 5571 3414 5629 iter
3446 5588 3544 5644 pa-

2291 5686 2336 5718 “
2367 5685 2525 5741 Joan.
2577 5700 2690 5753 xu,
2739 5683 2828 5740 49.
2945 5683 2990 5716 ⁸⁸
3032 5683 3192 5745 Deut.
3226 5702 3385 5756 xvtn,
3445 5683 3537 5742 l5.

308 5749 524 5812 “Deut.
550 5749 724 5828 xvnl,
759 5759 846 5815 l8.
924 5761 966 5793 ³⁷
1012 5760 1173 5815 llebr.
1208 5777 1244 5828 ι,
1280 5761 1333 5815 ὖ.
1411 5749 1456 5792 ³⁶
1491 5756 1640 5814 Psal.
1679 5775 1756 5824 ll,
1792 5759 1846 5814 6.

2010 5757 2202 5812 Manli.
2234 5773 2290 5822 ν,
2318 5756 2491 5813 27-28
