  <div class='ocr_page' id='page_1' title='image "/cluster/home/n/w/nwhite01/storage/ocr_20150623/73/hvd.32044073502023/221.png"; bbox 0 0 4044 6200; ppageno 0'>
   <div class='ocr_carea' id='block_1_1' title="bbox 515 315 620 415">
    <p class='ocr_par' dir='ltr' id='par_1_1' title="bbox 515 315 620 415">
     <span class='ocr_line' id='line_1_1' title="bbox 515 315 620 415; baseline -0.019 0"><span class='ocrx_word' id='word_1_1' title='bbox 515 315 620 415; x_wconf 72' lang='lat' dir='ltr'><strong>tsi</strong></span> 
     </span>
    </p>
   </div>
   <div class='ocr_carea' id='block_1_2' title="bbox 1501 339 2744 405">
    <p class='ocr_par' dir='ltr' id='par_1_2' title="bbox 1501 339 2744 405">
     <span class='ocr_line' id='line_1_2' title="bbox 1501 339 2744 405; baseline -0.01 0"><span class='ocrx_word' id='word_1_2' title='bbox 1501 349 1556 405; x_wconf 88' lang='lat' dir='ltr'><strong>S.</strong></span> <span class='ocrx_word' id='word_1_3' title='bbox 1601 344 1874 402; x_wconf 71' lang='lat' dir='ltr'><strong>CYRILLI</strong></span> <span class='ocrx_word' id='word_1_4' title='bbox 1914 341 2383 398; x_wconf 76' lang='lat' dir='ltr'><strong>ALEXANDRINI</strong></span> <span class='ocrx_word' id='word_1_5' title='bbox 2424 339 2744 396; x_wconf 77' lang='lat' dir='ltr'><strong>ARCHIEI&#39;.</strong></span> 
     </span>
    </p>
   </div>
   <div class='ocr_carea' id='block_1_3' title="bbox 3661 334 3772 389">
    <p class='ocr_par' dir='ltr' id='par_1_3' title="bbox 3661 334 3772 389">
     <span class='ocr_line' id='line_1_3' title="bbox 3661 334 3772 389; baseline 0 -1"><span class='ocrx_word' id='word_1_6' title='bbox 3661 334 3772 389; x_wconf 63' lang='lat'><strong>4&#39;52</strong></span> 
     </span>
    </p>
   </div>
   <div class='ocr_carea' id='block_1_4' title="bbox 521 443 2112 534">
    <p class='ocr_par' dir='ltr' id='par_1_4' title="bbox 521 454 2086 534">
     <span class='ocr_line' id='line_1_4' title="bbox 521 454 2086 534; baseline -0.01 -11"><span class='ocrx_word' id='word_1_7' title='bbox 521 475 664 529; x_wconf 87' lang='lat' dir='ltr'><strong>teat,</strong></span> <span class='ocrx_word' id='word_1_8' title='bbox 713 461 1171 534; x_wconf 76' lang='lat' dir='ltr'><strong>quemadmodum</strong></span> <span class='ocrx_word' id='word_1_9' title='bbox 1219 459 1480 516; x_wconf 82' lang='lat' dir='ltr'><strong>nimirum</strong></span> <span class='ocrx_word' id='word_1_10' title='bbox 1535 459 1733 514; x_wconf 85' lang='lat' dir='ltr'><strong>beatus</strong></span> <span class='ocrx_word' id='word_1_11' title='bbox 1791 454 2086 525; x_wconf 66' lang='lat' dir='ltr'><strong>ille-Moy-</strong></span> 
     </span>
    </p>
   </div>
   <div class='ocr_carea' id='block_1_5' title="bbox 2213 443 3773 534">
    <p class='ocr_par' dir='ltr' id='par_1_5' title="bbox 2213 443 3773 524">
     <span class='ocr_line' id='line_1_5' title="bbox 2213 443 3773 524; baseline -0.005 -17"><span class='ocrx_word' id='word_1_12' title='bbox 2213 455 2448 524; x_wconf 64' lang='grc' dir='ltr'>μύρανοὺς</span> <span class='ocrx_word' id='word_1_13' title='bbox 2485 453 2760 523; x_wconf 76' lang='grc' dir='ltr'><strong>βασιλείας</strong></span> <span class='ocrx_word' id='word_1_14' title='bbox 2803 453 2834 522; x_wconf 72' lang='grc' dir='ltr'><strong>ἡ</strong></span> <span class='ocrx_word' id='word_1_15' title='bbox 2877 448 2994 515; x_wconf 80' lang='grc' dir='ltr'>ὁδὸς</span> <span class='ocrx_word' id='word_1_16' title='bbox 3051 447 3352 519; x_wconf 77' lang='grc' dir='ltr'>ἱππήλατος</span> <span class='ocrx_word' id='word_1_17' title='bbox 3385 464 3396 476; x_wconf 82' lang='grc'><em>’</em></span> <span class='ocrx_word' id='word_1_18' title='bbox 3433 445 3622 516; x_wconf 82' lang='grc' dir='ltr'>ὥσπερ</span> <span class='ocrx_word' id='word_1_19' title='bbox 3675 443 3773 500; x_wconf 78' lang='grc' dir='ltr'><strong>οὖν</strong></span> 
     </span>
    </p>
   </div>
   <div class='ocr_carea' id='block_1_6' title="bbox 521 547 2089 626">
    <p class='ocr_par' dir='ltr' id='par_1_6' title="bbox 521 547 2089 626">
     <span class='ocr_line' id='line_1_6' title="bbox 521 547 2089 626; baseline -0.01 -11"><span class='ocrx_word' id='word_1_20' title='bbox 521 574 612 617; x_wconf 87' lang='lat' dir='ltr'><strong>ses</strong></span> <span class='ocrx_word' id='word_1_21' title='bbox 663 558 852 626; x_wconf 80' lang='lat' dir='ltr'><strong>legalis</strong></span> <span class='ocrx_word' id='word_1_22' title='bbox 913 554 1276 610; x_wconf 89' lang='lat' dir='ltr'><strong>institutionis</strong></span> <span class='ocrx_word' id='word_1_23' title='bbox 1325 553 1586 624; x_wconf 79' lang='lat' dir='ltr'><strong>magister</strong></span> <span class='ocrx_word' id='word_1_24' title='bbox 1653 552 1821 606; x_wconf 86' lang='lat' dir='ltr'><strong>etiam</strong></span> <span class='ocrx_word' id='word_1_25' title='bbox 1883 547 2089 602; x_wconf 85' lang='lat' dir='ltr'><strong>veteri-</strong></span> 
     </span>
    </p>
   </div>
   <div class='ocr_carea' id='block_1_7' title="bbox 525 635 2090 712">
    <p class='ocr_par' dir='ltr' id='par_1_7' title="bbox 525 635 2090 712">
     <span class='ocr_line' id='line_1_7' title="bbox 525 635 2090 712; baseline -0.007 -9"><span class='ocrx_word' id='word_1_26' title='bbox 525 650 626 703; x_wconf 91' lang='lat' dir='ltr'><strong>bus</strong></span> <span class='ocrx_word' id='word_1_27' title='bbox 680 644 926 707; x_wconf 83' lang='lat' dir='ltr'><strong>exstitit,</strong></span> <span class='ocrx_word' id='word_1_28' title='bbox 968 644 1168 712; x_wconf 85' lang='lat' dir='ltr'><strong>ubique</strong></span> <span class='ocrx_word' id='word_1_29' title='bbox 1209 643 1327 698; x_wconf 86' lang='lat' dir='ltr'><strong>suis</strong></span> <span class='ocrx_word' id='word_1_30' title='bbox 1358 641 1566 698; x_wconf 85' lang='lat' dir='ltr'><strong>addens</strong></span> <span class='ocrx_word' id='word_1_31' title='bbox 1620 639 1863 695; x_wconf 82' lang='lat' dir='ltr'><strong>oraculis</strong></span> <span class='ocrx_word' id='word_1_32' title='bbox 1908 655 1921 690; x_wconf 88' lang='lat'><strong>:</strong></span> <span class='ocrx_word' id='word_1_33' title='bbox 1964 656 1982 690; x_wconf 80' lang='grc' dir='ltr'><strong>ι</strong></span> <span class='ocrx_word' id='word_1_34' title='bbox 2021 635 2090 692; x_wconf 88' lang='lat' dir='ltr'><strong>Ut</strong></span> 
     </span>
    </p>
   </div>
   <div class='ocr_carea' id='block_1_8' title="bbox 521 730 2092 806">
    <p class='ocr_par' dir='ltr' id='par_1_8' title="bbox 521 730 2092 806">
     <span class='ocr_line' id='line_1_8' title="bbox 521 730 2092 806; baseline -0.005 -12"><span class='ocrx_word' id='word_1_35' title='bbox 521 741 692 794; x_wconf 90' lang='lat' dir='ltr'><strong>multo</strong></span> <span class='ocrx_word' id='word_1_36' title='bbox 726 744 970 806; x_wconf 82' lang='lat' dir='ltr'><strong>tempore</strong></span> <span class='ocrx_word' id='word_1_37' title='bbox 1008 736 1178 802; x_wconf 88' lang='lat' dir='ltr'><strong>vivas,</strong></span> <span class='ocrx_word' id='word_1_38' title='bbox 1211 745 1265 790; x_wconf 88' lang='lat' dir='ltr'><strong>et</strong></span> <span class='ocrx_word' id='word_1_39' title='bbox 1295 734 1518 789; x_wconf 87' lang='lat' dir='ltr'><strong>inducat</strong></span> <span class='ocrx_word' id='word_1_40' title='bbox 1547 742 1600 789; x_wconf 91' lang='lat' dir='ltr'><strong>te</strong></span> <span class='ocrx_word' id='word_1_41' title='bbox 1640 732 1906 788; x_wconf 88' lang='lat' dir='ltr'><strong>Dominus</strong></span> <span class='ocrx_word' id='word_1_42' title='bbox 1949 730 2092 786; x_wconf 87' lang='lat' dir='ltr'><strong>Deus</strong></span> 
     </span>
    </p>
   </div>
   <div class='ocr_carea' id='block_1_9' title="bbox 521 814 2087 898">
    <p class='ocr_par' dir='ltr' id='par_1_9' title="bbox 521 814 2087 898">
     <span class='ocr_line' id='line_1_9' title="bbox 521 814 2087 898; baseline -0.006 -14"><span class='ocrx_word' id='word_1_43' title='bbox 521 841 649 897; x_wconf 85' lang='lat' dir='ltr'><strong>tuus</strong></span> <span class='ocrx_word' id='word_1_44' title='bbox 703 829 756 884; x_wconf 93' lang='lat' dir='ltr'><strong>in</strong></span> <span class='ocrx_word' id='word_1_45' title='bbox 805 837 1010 884; x_wconf 85' lang='lat' dir='ltr'><strong>terram</strong></span> <span class='ocrx_word' id='word_1_46' title='bbox 1053 843 1216 898; x_wconf 86' lang='lat' dir='ltr'><strong>quam</strong></span> <span class='ocrx_word' id='word_1_47' title='bbox 1268 827 1482 897; x_wconf 33' lang='lat' dir='ltr'><strong>juravit.</strong></span> <span class='ocrx_word' id='word_1_48' title='bbox 1529 826 1777 896; x_wconf 90' lang='lat' dir='ltr'><strong>patribus</strong></span> <span class='ocrx_word' id='word_1_49' title='bbox 1829 814 1939 879; x_wconf 79' lang='lat' dir='ltr'><strong>tuis</strong></span> <span class='ocrx_word' id='word_1_50' title='bbox 1959 825 2030 877; x_wconf 69' lang='grc' dir='ltr'><strong>⁸ο.</strong></span> <span class='ocrx_word' id='word_1_51' title='bbox 2068 842 2087 874; x_wconf 73' lang='grc' dir='ltr'><strong>ι</strong></span> 
     </span>
    </p>
   </div>
   <div class='ocr_carea' id='block_1_10' title="bbox 524 915 2093 989">
    <p class='ocr_par' dir='ltr' id='par_1_10' title="bbox 524 915 2093 989">
     <span class='ocr_line' id='line_1_10' title="bbox 524 915 2093 989; baseline -0.006 -13"><span class='ocrx_word' id='word_1_52' title='bbox 524 921 793 989; x_wconf 80' lang='lat' dir='ltr'><strong>Quoniam</strong></span> <span class='ocrx_word' id='word_1_53' title='bbox 839 934 970 974; x_wconf 88' lang='lat' dir='ltr'><strong>vero</strong></span> <span class='ocrx_word' id='word_1_54' title='bbox 1002 919 1290 987; x_wconf 83' lang='lat' dir='ltr'><strong>subjunxit</strong></span> <span class='ocrx_word' id='word_1_55' title='bbox 1318 936 1331 972; x_wconf 88' lang='lat'><strong>:</strong></span> <span class='ocrx_word' id='word_1_56' title='bbox 1363 935 1382 969; x_wconf 79' lang='grc' dir='ltr'><strong>ι</strong></span> <span class='ocrx_word' id='word_1_57' title='bbox 1420 915 1486 971; x_wconf 84' lang='grc' dir='ltr'>Ει</span> <span class='ocrx_word' id='word_1_58' title='bbox 1524 916 1690 970; x_wconf 87' lang='lat' dir='ltr'><strong>homo</strong></span> <span class='ocrx_word' id='word_1_59' title='bbox 1717 915 1811 985; x_wconf 91' lang='lat' dir='ltr'><strong>qui</strong></span> <span class='ocrx_word' id='word_1_60' title='bbox 1844 929 1954 968; x_wconf 90' lang='lat' dir='ltr'><strong>non</strong></span> <span class='ocrx_word' id='word_1_61' title='bbox 1999 929 2093 967; x_wconf 84' lang='lat' dir='ltr'><strong>au-</strong></span> 
     </span>
    </p>
   </div>
   <div class='ocr_carea' id='block_1_11' title="bbox 524 1005 2094 1081">
    <p class='ocr_par' dir='ltr' id='par_1_11' title="bbox 524 1005 2094 1081">
     <span class='ocr_line' id='line_1_11' title="bbox 524 1005 2094 1081; baseline -0.004 -15"><span class='ocrx_word' id='word_1_62' title='bbox 524 1013 690 1067; x_wconf 87' lang='lat' dir='ltr'><strong>dierit</strong></span> <span class='ocrx_word' id='word_1_63' title='bbox 729 1023 1074 1081; x_wconf 68' lang='lat' dir='ltr'><strong>quaecunque</strong></span> <span class='ocrx_word' id='word_1_64' title='bbox 1107 1009 1327 1080; x_wconf 90' lang='lat' dir='ltr'><strong>locutus</strong></span> <span class='ocrx_word' id='word_1_65' title='bbox 1382 1007 1548 1064; x_wconf 77' lang='lat' dir='ltr'><strong>fuerit</strong></span> <span class='ocrx_word' id='word_1_66' title='bbox 1594 1006 1862 1078; x_wconf 83' lang='lat' dir='ltr'><strong>propheta</strong></span> <span class='ocrx_word' id='word_1_67' title='bbox 1913 1005 2005 1060; x_wconf 90' lang='lat' dir='ltr'><strong>ille</strong></span> <span class='ocrx_word' id='word_1_68' title='bbox 2039 1005 2094 1059; x_wconf 91' lang='lat' dir='ltr'><strong>in</strong></span> 
     </span>
    </p>
   </div>
   <div class='ocr_carea' id='block_1_12' title="bbox 527 1097 2096 1173">
    <p class='ocr_par' dir='ltr' id='par_1_12' title="bbox 527 1097 2096 1173">
     <span class='ocr_line' id='line_1_12' title="bbox 527 1097 2096 1173; baseline -0.005 -15"><span class='ocrx_word' id='word_1_69' title='bbox 527 1103 750 1158; x_wconf 88' lang='lat' dir='ltr'><strong>nomine</strong></span> <span class='ocrx_word' id='word_1_70' title='bbox 773 1117 914 1165; x_wconf 87' lang='lat' dir='ltr'><strong>meo,</strong></span> <span class='ocrx_word' id='word_1_71' title='bbox 939 1116 1038 1173; x_wconf 81' lang='lat' dir='ltr'><strong>ego</strong></span> <span class='ocrx_word' id='word_1_72' title='bbox 1067 1100 1365 1155; x_wconf 78' lang='lat' dir='ltr'><strong>vindictam</strong></span> <span class='ocrx_word' id='word_1_73' title='bbox 1391 1113 1606 1156; x_wconf 88' lang='lat' dir='ltr'><strong>sumam</strong></span> <span class='ocrx_word' id='word_1_74' title='bbox 1632 1097 1699 1154; x_wconf 88' lang='lat' dir='ltr'><strong>de</strong></span> <span class='ocrx_word' id='word_1_75' title='bbox 1738 1113 1804 1154; x_wconf 91' lang='lat' dir='ltr'><strong>eo</strong></span> <span class='ocrx_word' id='word_1_76' title='bbox 1829 1139 1844 1163; x_wconf 92' lang='lat'><strong>,</strong></span> <span class='ocrx_word' id='word_1_77' title='bbox 1883 1115 1900 1148; x_wconf 72' lang='grc' dir='ltr'><strong>ι</strong></span> <span class='ocrx_word' id='word_1_78' title='bbox 1944 1097 2096 1167; x_wconf 73' lang='lat' dir='ltr'><strong>igna-</strong></span> 
     </span>
    </p>
   </div>
   <div class='ocr_carea' id='block_1_13' title="bbox 525 1188 2096 1258">
    <p class='ocr_par' dir='ltr' id='par_1_13' title="bbox 525 1188 2096 1258">
     <span class='ocr_line' id='line_1_13' title="bbox 525 1188 2096 1258; baseline -0.005 -9"><span class='ocrx_word' id='word_1_79' title='bbox 525 1197 570 1249; x_wconf 88' lang='lat' dir='ltr'><strong>ri</strong></span> <span class='ocrx_word' id='word_1_80' title='bbox 609 1194 813 1258; x_wconf 80' lang='lat' dir='ltr'><strong>Judaei,</strong></span> <span class='ocrx_word' id='word_1_81' title='bbox 848 1203 903 1248; x_wconf 91' lang='lat' dir='ltr'><strong>et</strong></span> <span class='ocrx_word' id='word_1_82' title='bbox 954 1203 1200 1248; x_wconf 81' lang='lat' dir='ltr'><strong>extrema</strong></span> <span class='ocrx_word' id='word_1_83' title='bbox 1260 1192 1463 1247; x_wconf 88' lang='lat' dir='ltr'><strong>duritie</strong></span> <span class='ocrx_word' id='word_1_84' title='bbox 1512 1188 1788 1246; x_wconf 81' lang='lat' dir='ltr'><strong>obﬁrmati</strong></span> <span class='ocrx_word' id='word_1_85' title='bbox 1839 1189 1986 1242; x_wconf 91' lang='lat' dir='ltr'><strong>ultro</strong></span> <span class='ocrx_word' id='word_1_86' title='bbox 2037 1202 2096 1244; x_wconf 89' lang='lat' dir='ltr'><strong>se</strong></span> 
     </span>
    </p>
   </div>
   <div class='ocr_carea' id='block_1_14' title="bbox 526 1278 2098 1355">
    <p class='ocr_par' dir='ltr' id='par_1_14' title="bbox 526 1278 2098 1355">
     <span class='ocr_line' id='line_1_14' title="bbox 526 1278 2098 1355; baseline -0.008 -11"><span class='ocrx_word' id='word_1_87' title='bbox 526 1287 644 1344; x_wconf 85' lang='lat' dir='ltr'><strong>suis</strong></span> <span class='ocrx_word' id='word_1_88' title='bbox 693 1285 969 1355; x_wconf 80' lang='lat' dir='ltr'><strong>capitibus</strong></span> <span class='ocrx_word' id='word_1_89' title='bbox 1029 1284 1258 1339; x_wconf 76' lang='lat' dir='ltr'><strong>exitium</strong></span> <span class='ocrx_word' id='word_1_90' title='bbox 1313 1297 1596 1337; x_wconf 84' lang='lat' dir='ltr'><strong>arcessere</strong></span> <span class='ocrx_word' id='word_1_91' title='bbox 1636 1279 1854 1335; x_wconf 81' lang='lat' dir='ltr'><strong>tandem</strong></span> <span class='ocrx_word' id='word_1_92' title='bbox 1895 1278 2098 1334; x_wconf 91' lang='lat' dir='ltr'><strong>intelli-</strong></span> 
     </span>
    </p>
   </div>
   <div class='ocr_carea' id='block_1_15' title="bbox 525 1370 2096 1450">
    <p class='ocr_par' dir='ltr' id='par_1_15' title="bbox 525 1370 2096 1450">
     <span class='ocr_line' id='line_1_15' title="bbox 525 1370 2096 1450; baseline -0.006 -17"><span class='ocrx_word' id='word_1_93' title='bbox 525 1388 674 1450; x_wconf 80' lang='lat' dir='ltr'><strong>gant.</strong></span> <span class='ocrx_word' id='word_1_94' title='bbox 743 1377 838 1432; x_wconf 71' lang='lat' dir='ltr'><strong>lrte</strong></span> <span class='ocrx_word' id='word_1_95' title='bbox 902 1375 1105 1446; x_wconf 86' lang='lat' dir='ltr'><strong>quippe</strong></span> <span class='ocrx_word' id='word_1_96' title='bbox 1157 1374 1357 1428; x_wconf 72' lang='lat' dir='ltr'><strong>divina:</strong></span> <span class='ocrx_word' id='word_1_97' title='bbox 1416 1371 1823 1442; x_wconf 88' lang='lat' dir='ltr'><strong>subjacebunt,</strong></span> <span class='ocrx_word' id='word_1_98' title='bbox 1878 1385 1992 1425; x_wconf 79' lang='lat' dir='ltr'><strong>suae</strong></span> <span class='ocrx_word' id='word_1_99' title='bbox 2041 1370 2096 1423; x_wconf 89' lang='lat' dir='ltr'><strong>in</strong></span> 
     </span>
    </p>
   </div>
   <div class='ocr_carea' id='block_1_16' title="bbox 527 1462 2100 1539">
    <p class='ocr_par' dir='ltr' id='par_1_16' title="bbox 527 1462 2100 1539">
     <span class='ocr_line' id='line_1_16' title="bbox 527 1462 2100 1539; baseline -0.008 -12"><span class='ocrx_word' id='word_1_100' title='bbox 527 1471 805 1527; x_wconf 85' lang='lat' dir='ltr'><strong>Christum</strong></span> <span class='ocrx_word' id='word_1_101' title='bbox 848 1468 1165 1539; x_wconf 76' lang='lat' dir='ltr'><strong>petulantiae</strong></span> <span class='ocrx_word' id='word_1_102' title='bbox 1217 1465 1572 1536; x_wconf 83' lang='lat' dir='ltr'><strong>stipendium,</strong></span> <span class='ocrx_word' id='word_1_103' title='bbox 1618 1462 1861 1518; x_wconf 87' lang='lat' dir='ltr'><strong>omnium</strong></span> <span class='ocrx_word' id='word_1_104' title='bbox 1905 1474 2100 1530; x_wconf 86' lang='lat' dir='ltr'><strong>nempe</strong></span> 
     </span>
    </p>
   </div>
   <div class='ocr_carea' id='block_1_17' title="bbox 526 1552 2097 1630">
    <p class='ocr_par' dir='ltr' id='par_1_17' title="bbox 526 1552 2097 1630">
     <span class='ocr_line' id='line_1_17' title="bbox 526 1552 2097 1630; baseline -0.008 -13"><span class='ocrx_word' id='word_1_105' title='bbox 526 1565 755 1617; x_wconf 87' lang='lat' dir='ltr'><strong>omnino</strong></span> <span class='ocrx_word' id='word_1_106' title='bbox 783 1562 1053 1617; x_wconf 90' lang='lat' dir='ltr'><strong>bonorum</strong></span> <span class='ocrx_word' id='word_1_107' title='bbox 1082 1560 1354 1630; x_wconf 85' lang='lat' dir='ltr'><strong>jacturam</strong></span> <span class='ocrx_word' id='word_1_108' title='bbox 1385 1562 1730 1626; x_wconf 84' lang='lat' dir='ltr'><strong>reportantes</strong></span> <span class='ocrx_word' id='word_1_109' title='bbox 1757 1577 1769 1609; x_wconf 77' lang='grc' dir='ltr'>ς</span> <span class='ocrx_word' id='word_1_110' title='bbox 1807 1572 1825 1606; x_wconf 83' lang='grc' dir='ltr'><strong>ι</strong></span> <span class='ocrx_word' id='word_1_111' title='bbox 1865 1552 1923 1608; x_wconf 87' lang='lat' dir='ltr'><strong>Si</strong></span> <span class='ocrx_word' id='word_1_112' title='bbox 1952 1553 2097 1609; x_wconf 91' lang='lat' dir='ltr'><strong>enim</strong></span> 
     </span>
    </p>
   </div>
   <div class='ocr_carea' id='block_1_18' title="bbox 527 1644 2100 1729">
    <p class='ocr_par' dir='ltr' id='par_1_18' title="bbox 527 1644 2100 1729">
     <span class='ocr_line' id='line_1_18' title="bbox 527 1644 2100 1729; baseline -0.007 -21"><span class='ocrx_word' id='word_1_113' title='bbox 527 1653 897 1708; x_wconf 89' lang='lat' dir='ltr'><strong>credidissent</strong></span> <span class='ocrx_word' id='word_1_114' title='bbox 924 1646 1120 1729; x_wconf 61' lang='lat' dir='ltr'><strong>Moysi,</strong></span> <span class='ocrx_word' id='word_1_115' title='bbox 1144 1648 1508 1704; x_wconf 87' lang='lat' dir='ltr'><strong>credidissent</strong></span> <span class='ocrx_word' id='word_1_116' title='bbox 1535 1655 1586 1702; x_wconf 89' lang='lat' dir='ltr'><strong>et</strong></span> <span class='ocrx_word' id='word_1_117' title='bbox 1611 1645 1866 1711; x_wconf 80' lang='lat' dir='ltr'><strong>Christo;</strong></span> <span class='ocrx_word' id='word_1_118' title='bbox 1894 1644 1960 1700; x_wconf 90' lang='lat' dir='ltr'><strong>de</strong></span> <span class='ocrx_word' id='word_1_119' title='bbox 1982 1644 2100 1715; x_wconf 90' lang='lat' dir='ltr'><strong>ipso</strong></span> 
     </span>
    </p>
   </div>
   <div class='ocr_carea' id='block_1_19' title="bbox 530 1742 1123 1812">
    <p class='ocr_par' dir='ltr' id='par_1_19' title="bbox 530 1742 1123 1812">
     <span class='ocr_line' id='line_1_19' title="bbox 530 1742 1123 1812; baseline -0.012 -12"><span class='ocrx_word' id='word_1_120' title='bbox 530 1746 675 1800; x_wconf 84' lang='lat' dir='ltr'><strong>enim</strong></span> <span class='ocrx_word' id='word_1_121' title='bbox 707 1745 798 1798; x_wconf 91' lang='lat' dir='ltr'><strong>ille</strong></span> <span class='ocrx_word' id='word_1_122' title='bbox 836 1742 1076 1812; x_wconf 85' lang='lat' dir='ltr'><strong>scripsit.</strong></span> <span class='ocrx_word' id='word_1_123' title='bbox 1107 1760 1123 1792; x_wconf 75' lang='grc' dir='ltr'><strong>ι</strong></span> 
     </span>
    </p>
   </div>
   <div class='ocr_carea' id='block_1_20' title="bbox 607 1999 2104 2074">
    <p class='ocr_par' dir='ltr' id='par_1_20' title="bbox 607 1999 2104 2074">
     <span class='ocr_line' id='line_1_20' title="bbox 607 1999 2104 2074; baseline -0.009 -10"><span class='ocrx_word' id='word_1_124' title='bbox 607 2006 670 2074; x_wconf 80' lang='grc' dir='ltr'>ν,</span> <span class='ocrx_word' id='word_1_125' title='bbox 705 2009 794 2062; x_wconf 70' lang='grc'><strong>47.</strong></span> <span class='ocrx_word' id='word_1_126' title='bbox 847 2005 904 2061; x_wconf 82' lang='lat' dir='ltr'><strong>Si</strong></span> <span class='ocrx_word' id='word_1_127' title='bbox 949 2015 1123 2060; x_wconf 85' lang='lat' dir='ltr'><strong>autem</strong></span> <span class='ocrx_word' id='word_1_128' title='bbox 1155 2005 1301 2059; x_wconf 82' lang='lat' dir='ltr'><strong>illius</strong></span> <span class='ocrx_word' id='word_1_129' title='bbox 1338 2003 1529 2057; x_wconf 76' lang='lat' dir='ltr'><strong>litteris</strong></span> <span class='ocrx_word' id='word_1_130' title='bbox 1571 2017 1671 2054; x_wconf 85' lang='lat' dir='ltr'><strong>non</strong></span> <span class='ocrx_word' id='word_1_131' title='bbox 1706 1999 1944 2062; x_wconf 79' lang='lat' dir='ltr'><strong>creditis,</strong></span> <span class='ocrx_word' id='word_1_132' title='bbox 1974 2013 2104 2067; x_wconf 85' lang='lat' dir='ltr'><strong>quo-</strong></span> 
     </span>
    </p>
   </div>
   <div class='ocr_carea' id='block_1_21' title="bbox 534 2092 1335 2155">
    <p class='ocr_par' dir='ltr' id='par_1_21' title="bbox 534 2092 1335 2155">
     <span class='ocr_line' id='line_1_21' title="bbox 534 2092 1335 2155; baseline -0.005 -2"><span class='ocrx_word' id='word_1_133' title='bbox 534 2101 688 2155; x_wconf 84' lang='lat' dir='ltr'><strong>modo</strong></span> <span class='ocrx_word' id='word_1_134' title='bbox 710 2098 875 2153; x_wconf 76' lang='lat' dir='ltr'><strong>verbis</strong></span> <span class='ocrx_word' id='word_1_135' title='bbox 908 2096 1034 2149; x_wconf 82' lang='lat' dir='ltr'><strong>meis</strong></span> <span class='ocrx_word' id='word_1_136' title='bbox 1073 2092 1335 2149; x_wconf 78' lang='lat' dir='ltr'><strong>credetis?</strong></span> 
     </span>
    </p>
   </div>
   <div class='ocr_carea' id='block_1_22' title="bbox 609 2180 2106 2259">
    <p class='ocr_par' dir='ltr' id='par_1_22' title="bbox 609 2180 2106 2259">
     <span class='ocr_line' id='line_1_22' title="bbox 609 2180 2106 2259; baseline -0.007 -17"><span class='ocrx_word' id='word_1_137' title='bbox 609 2189 858 2259; x_wconf 78' lang='lat' dir='ltr'><strong>Magnam</strong></span> <span class='ocrx_word' id='word_1_138' title='bbox 911 2186 966 2240; x_wconf 89' lang='lat' dir='ltr'><strong>in</strong></span> <span class='ocrx_word' id='word_1_139' title='bbox 1018 2184 1105 2240; x_wconf 91' lang='lat' dir='ltr'><strong>his</strong></span> <span class='ocrx_word' id='word_1_140' title='bbox 1150 2183 1332 2238; x_wconf 85' lang='lat' dir='ltr'><strong>verbis</strong></span> <span class='ocrx_word' id='word_1_141' title='bbox 1381 2180 1773 2239; x_wconf 82' lang='lat' dir='ltr'><strong>obscuritatem</strong></span> <span class='ocrx_word' id='word_1_142' title='bbox 1814 2193 1939 2233; x_wconf 90' lang='lat' dir='ltr'><strong>esse</strong></span> <span class='ocrx_word' id='word_1_143' title='bbox 1994 2191 2106 2232; x_wconf 89' lang='lat' dir='ltr'><strong>non</strong></span> 
     </span>
    </p>
   </div>
   <div class='ocr_carea' id='block_1_23' title="bbox 538 2266 2106 2346">
    <p class='ocr_par' dir='ltr' id='par_1_23' title="bbox 538 2266 2106 2346">
     <span class='ocr_line' id='line_1_23' title="bbox 538 2266 2106 2346; baseline -0.008 -14"><span class='ocrx_word' id='word_1_144' title='bbox 538 2281 813 2334; x_wconf 88' lang='lat' dir='ltr'><strong>immerito</strong></span> <span class='ocrx_word' id='word_1_145' title='bbox 855 2275 979 2346; x_wconf 89' lang='lat' dir='ltr'><strong>quis</strong></span> <span class='ocrx_word' id='word_1_146' title='bbox 1035 2274 1333 2329; x_wconf 74' lang='lat' dir='ltr'><strong>existimet.</strong></span> <span class='ocrx_word' id='word_1_147' title='bbox 1384 2271 1592 2325; x_wconf 87' lang='lat' dir='ltr'><strong>Poterit</strong></span> <span class='ocrx_word' id='word_1_148' title='bbox 1625 2269 1796 2334; x_wconf 87' lang='lat' dir='ltr'><strong>enim,</strong></span> <span class='ocrx_word' id='word_1_149' title='bbox 1830 2282 2008 2338; x_wconf 89' lang='lat' dir='ltr'><strong>neque</strong></span> <span class='ocrx_word' id='word_1_150' title='bbox 2052 2266 2106 2321; x_wconf 88' lang='lat' dir='ltr'><strong>id</strong></span> 
     </span>
    </p>
   </div>
   <div class='ocr_carea' id='block_1_24' title="bbox 538 2357 2108 2437">
    <p class='ocr_par' dir='ltr' id='par_1_24' title="bbox 538 2357 2108 2437">
     <span class='ocr_line' id='line_1_24' title="bbox 538 2357 2108 2437; baseline -0.01 -9"><span class='ocrx_word' id='word_1_151' title='bbox 538 2375 635 2428; x_wconf 89' lang='lat' dir='ltr'><strong>abs</strong></span> <span class='ocrx_word' id='word_1_152' title='bbox 670 2387 749 2436; x_wconf 90' lang='lat' dir='ltr'><strong>re,</strong></span> <span class='ocrx_word' id='word_1_153' title='bbox 780 2369 918 2425; x_wconf 85' lang='lat' dir='ltr'><strong>falso</strong></span> <span class='ocrx_word' id='word_1_154' title='bbox 943 2366 1240 2437; x_wconf 89' lang='lat' dir='ltr'><strong>suspicari,</strong></span> <span class='ocrx_word' id='word_1_155' title='bbox 1275 2363 1516 2419; x_wconf 80' lang='lat' dir='ltr'><strong>Mosaica</strong></span> <span class='ocrx_word' id='word_1_156' title='bbox 1551 2362 1761 2432; x_wconf 81' lang='lat' dir='ltr'><strong>scripta</strong></span> <span class='ocrx_word' id='word_1_157' title='bbox 1803 2357 2108 2413; x_wconf 88' lang='lat' dir='ltr'><strong>Salvatoris</strong></span> 
     </span>
    </p>
   </div>
   <div class='ocr_carea' id='block_1_25' title="bbox 538 2449 2109 2522">
    <p class='ocr_par' dir='ltr' id='par_1_25' title="bbox 538 2449 2109 2522">
     <span class='ocr_line' id='line_1_25' title="bbox 538 2449 2109 2522; baseline -0.007 -10"><span class='ocrx_word' id='word_1_158' title='bbox 538 2462 719 2518; x_wconf 80' lang='lat' dir='ltr'><strong>verbis</strong></span> <span class='ocrx_word' id='word_1_159' title='bbox 750 2457 1096 2514; x_wconf 84' lang='lat' dir='ltr'><strong>antecellere.</strong></span> <span class='ocrx_word' id='word_1_160' title='bbox 1128 2454 1202 2510; x_wconf 87' lang='lat' dir='ltr'><strong>_ld</strong></span> <span class='ocrx_word' id='word_1_161' title='bbox 1233 2454 1380 2510; x_wconf 90' lang='lat' dir='ltr'><strong>enim</strong></span> <span class='ocrx_word' id='word_1_162' title='bbox 1426 2449 1839 2522; x_wconf 79' lang='lat' dir='ltr'><strong>quedammodo</strong></span> <span class='ocrx_word' id='word_1_163' title='bbox 1891 2462 2004 2518; x_wconf 76' lang='lat' dir='ltr'><strong>pra:</strong></span> <span class='ocrx_word' id='word_1_164' title='bbox 2050 2461 2109 2502; x_wconf 87' lang='lat' dir='ltr'><strong>se</strong></span> 
     </span>
    </p>
   </div>
   <div class='ocr_carea' id='block_1_26' title="bbox 539 2539 2107 2614">
    <p class='ocr_par' dir='ltr' id='par_1_26' title="bbox 539 2539 2107 2614">
     <span class='ocr_line' id='line_1_26' title="bbox 539 2539 2107 2614; baseline -0.009 -7"><span class='ocrx_word' id='word_1_165' title='bbox 539 2541 682 2609; x_wconf 86' lang='lat' dir='ltr'><strong>l&#39;erre</strong></span> <span class='ocrx_word' id='word_1_166' title='bbox 710 2551 925 2614; x_wconf 87' lang='lat' dir='ltr'><strong>videtur</strong></span> <span class='ocrx_word' id='word_1_167' title='bbox 972 2546 1178 2610; x_wconf 85' lang='lat' dir='ltr'><strong>oratio,</strong></span> <span class='ocrx_word' id='word_1_168' title='bbox 1239 2554 1288 2599; x_wconf 89' lang='lat' dir='ltr'><strong>et</strong></span> <span class='ocrx_word' id='word_1_169' title='bbox 1348 2544 1454 2598; x_wconf 88' lang='lat' dir='ltr'><strong>nisi</strong></span> <span class='ocrx_word' id='word_1_170' title='bbox 1501 2557 1614 2597; x_wconf 84' lang='lat' dir='ltr'><strong>rem</strong></span> <span class='ocrx_word' id='word_1_171' title='bbox 1667 2541 1980 2596; x_wconf 85' lang='lat' dir='ltr'><strong>accuratius</strong></span> <span class='ocrx_word' id='word_1_172' title='bbox 2021 2539 2107 2593; x_wconf 84' lang='lat' dir='ltr'><strong>in-</strong></span> 
     </span>
    </p>
   </div>
   <div class='ocr_carea' id='block_1_27' title="bbox 541 2631 2110 2714">
    <p class='ocr_par' dir='ltr' id='par_1_27' title="bbox 541 2631 2110 2714">
     <span class='ocr_line' id='line_1_27' title="bbox 541 2631 2110 2714; baseline -0.011 -14"><span class='ocrx_word' id='word_1_173' title='bbox 541 2644 955 2714; x_wconf 86' lang='lat' dir='ltr'><strong>trospiciamus.</strong></span> <span class='ocrx_word' id='word_1_174' title='bbox 985 2637 1189 2709; x_wconf 81' lang='lat' dir='ltr'><strong>Moysis</strong></span> <span class='ocrx_word' id='word_1_175' title='bbox 1219 2637 1440 2706; x_wconf 84' lang='lat' dir='ltr'><strong>scriptis</strong></span> <span class='ocrx_word' id='word_1_176' title='bbox 1477 2635 1598 2704; x_wconf 88' lang='lat' dir='ltr'><strong>plus</strong></span> <span class='ocrx_word' id='word_1_177' title='bbox 1630 2632 1979 2688; x_wconf 82' lang='lat' dir='ltr'><strong>auctoritatis</strong></span> <span class='ocrx_word' id='word_1_178' title='bbox 2015 2631 2110 2684; x_wconf 85' lang='lat' dir='ltr'><strong>tri-</strong></span> 
     </span>
    </p>
   </div>
   <div class='ocr_carea' id='block_1_28' title="bbox 539 2721 2108 2806">
    <p class='ocr_par' dir='ltr' id='par_1_28' title="bbox 539 2721 2108 2806">
     <span class='ocr_line' id='line_1_28' title="bbox 539 2721 2108 2806; baseline -0.011 -13"><span class='ocrx_word' id='word_1_179' title='bbox 539 2737 681 2801; x_wconf 92' lang='lat' dir='ltr'><strong>buit,</strong></span> <span class='ocrx_word' id='word_1_180' title='bbox 711 2749 875 2806; x_wconf 89' lang='lat' dir='ltr'><strong>quam</strong></span> <span class='ocrx_word' id='word_1_181' title='bbox 911 2732 1092 2787; x_wconf 78' lang='lat' dir='ltr'><strong>verbis</strong></span> <span class='ocrx_word' id='word_1_182' title='bbox 1121 2726 1606 2784; x_wconf 85' lang='lat' dir='ltr'><strong>Salvatoris.Nam</strong></span> <span class='ocrx_word' id='word_1_183' title='bbox 1640 2740 1764 2780; x_wconf 89' lang='lat' dir='ltr'><strong>cum</strong></span> <span class='ocrx_word' id='word_1_184' title='bbox 1790 2725 1937 2778; x_wconf 87' lang='lat' dir='ltr'><strong>dicat</strong></span> <span class='ocrx_word' id='word_1_185' title='bbox 1968 2741 2021 2776; x_wconf 75' lang='grc' dir='ltr'><strong>ιι</strong></span> <span class='ocrx_word' id='word_1_186' title='bbox 2052 2721 2108 2776; x_wconf 91' lang='lat' dir='ltr'><strong>Si</strong></span> 
     </span>
    </p>
   </div>
   <div class='ocr_carea' id='block_1_29' title="bbox 543 2812 2111 2884">
    <p class='ocr_par' dir='ltr' id='par_1_29' title="bbox 543 2812 2111 2884">
     <span class='ocr_line' id='line_1_29' title="bbox 543 2812 2111 2884; baseline -0.011 -1"><span class='ocrx_word' id='word_1_187' title='bbox 543 2835 726 2883; x_wconf 90' lang='lat' dir='ltr'><strong>autem</strong></span> <span class='ocrx_word' id='word_1_188' title='bbox 770 2823 920 2879; x_wconf 90' lang='lat' dir='ltr'><strong>illius</strong></span> <span class='ocrx_word' id='word_1_189' title='bbox 952 2819 1152 2874; x_wconf 89' lang='lat' dir='ltr'><strong>litteris</strong></span> <span class='ocrx_word' id='word_1_190' title='bbox 1188 2832 1296 2871; x_wconf 86' lang='lat' dir='ltr'><strong>non</strong></span> <span class='ocrx_word' id='word_1_191' title='bbox 1339 2816 1589 2878; x_wconf 88' lang='lat' dir='ltr'><strong>creditis,</strong></span> <span class='ocrx_word' id='word_1_192' title='bbox 1620 2812 1898 2884; x_wconf 90' lang='lat' dir='ltr'><strong>quomodo</strong></span> <span class='ocrx_word' id='word_1_193' title='bbox 1929 2813 2111 2867; x_wconf 83' lang='lat' dir='ltr'><strong>verbis</strong></span> 
     </span>
    </p>
   </div>
   <div class='ocr_carea' id='block_1_30' title="bbox 543 2904 2113 2977">
    <p class='ocr_par' dir='ltr' id='par_1_30' title="bbox 543 2904 2113 2977">
     <span class='ocr_line' id='line_1_30' title="bbox 543 2904 2113 2977; baseline -0.011 -2"><span class='ocrx_word' id='word_1_194' title='bbox 543 2918 680 2974; x_wconf 91' lang='lat' dir='ltr'><strong>meis</strong></span> <span class='ocrx_word' id='word_1_195' title='bbox 713 2913 1017 2971; x_wconf 69' lang='lat' dir='ltr'><strong>credetis?»</strong></span> <span class='ocrx_word' id='word_1_196' title='bbox 1042 2911 1189 2966; x_wconf 90' lang='lat' dir='ltr'><strong>illius</strong></span> <span class='ocrx_word' id='word_1_197' title='bbox 1219 2909 1425 2977; x_wconf 88' lang='lat' dir='ltr'><strong>scripta</strong></span> <span class='ocrx_word' id='word_1_198' title='bbox 1462 2905 1578 2962; x_wconf 88' lang='lat' dir='ltr'><strong>suis</strong></span> <span class='ocrx_word' id='word_1_199' title='bbox 1597 2904 1946 2961; x_wconf 89' lang='lat' dir='ltr'><strong>sermonibus</strong></span> <span class='ocrx_word' id='word_1_200' title='bbox 1975 2918 2113 2974; x_wconf 62' lang='lat' dir='ltr'><strong>prae-</strong></span> 
     </span>
    </p>
   </div>
   <div class='ocr_carea' id='block_1_31' title="bbox 542 2995 2111 3078">
    <p class='ocr_par' dir='ltr' id='par_1_31' title="bbox 542 2995 2111 3078">
     <span class='ocr_line' id='line_1_31' title="bbox 542 2995 2111 3078; baseline -0.011 -11"><span class='ocrx_word' id='word_1_201' title='bbox 542 3021 708 3074; x_wconf 82' lang='lat' dir='ltr'><strong>stare,</strong></span> <span class='ocrx_word' id='word_1_202' title='bbox 732 3006 1137 3078; x_wconf 87' lang='lat' dir='ltr'><strong>quodammodo</strong></span> <span class='ocrx_word' id='word_1_203' title='bbox 1163 2998 1510 3070; x_wconf 82' lang='lat' dir='ltr'><strong>cogitandum</strong></span> <span class='ocrx_word' id='word_1_204' title='bbox 1542 2997 1822 3068; x_wconf 87' lang='lat' dir='ltr'><strong>relinquit.</strong></span> <span class='ocrx_word' id='word_1_205' title='bbox 1857 2995 1963 3051; x_wconf 87' lang='lat' dir='ltr'><strong>Sed</strong></span> <span class='ocrx_word' id='word_1_206' title='bbox 1995 2997 2111 3065; x_wconf 90' lang='lat' dir='ltr'><strong>ipsa</strong></span> 
     </span>
    </p>
   </div>
   <div class='ocr_carea' id='block_1_32' title="bbox 542 3087 2114 3160">
    <p class='ocr_par' dir='ltr' id='par_1_32' title="bbox 542 3087 2114 3160">
     <span class='ocr_line' id='line_1_32' title="bbox 542 3087 2114 3160; baseline -0.011 -3"><span class='ocrx_word' id='word_1_207' title='bbox 542 3103 621 3158; x_wconf 87' lang='lat' dir='ltr'><strong>rei</strong></span> <span class='ocrx_word' id='word_1_208' title='bbox 649 3109 844 3158; x_wconf 89' lang='lat' dir='ltr'><strong>natura</strong></span> <span class='ocrx_word' id='word_1_209' title='bbox 870 3091 1370 3152; x_wconf 77' lang='lat' dir='ltr'><strong>extremaeinsaniae</strong></span> <span class='ocrx_word' id='word_1_210' title='bbox 1394 3090 1614 3160; x_wconf 90' lang='lat' dir='ltr'><strong>plenam</strong></span> <span class='ocrx_word' id='word_1_211' title='bbox 1639 3103 1762 3144; x_wconf 89' lang='lat' dir='ltr'><strong>esse</strong></span> <span class='ocrx_word' id='word_1_212' title='bbox 1781 3089 1920 3142; x_wconf 87' lang='lat' dir='ltr'><strong>hanc</strong></span> <span class='ocrx_word' id='word_1_213' title='bbox 1938 3087 2114 3156; x_wconf 66' lang='lat' dir='ltr'><strong>explio</strong></span> 
     </span>
    </p>
   </div>
   <div class='ocr_carea' id='block_1_33' title="bbox 544 3179 2100 3257">
    <p class='ocr_par' dir='ltr' id='par_1_33' title="bbox 544 3179 2100 3257">
     <span class='ocr_line' id='line_1_33' title="bbox 544 3179 2100 3257; baseline -0.013 -5"><span class='ocrx_word' id='word_1_214' title='bbox 544 3196 817 3252; x_wconf 88' lang='lat' dir='ltr'><strong>cationem</strong></span> <span class='ocrx_word' id='word_1_215' title='bbox 851 3188 1120 3245; x_wconf 85' lang='lat' dir='ltr'><strong>ostendet.</strong></span> <span class='ocrx_word' id='word_1_216' title='bbox 1151 3181 1438 3252; x_wconf 83' lang='lat' dir='ltr'><strong>Quomodo</strong></span> <span class='ocrx_word' id='word_1_217' title='bbox 1465 3181 1612 3238; x_wconf 89' lang='lat' dir='ltr'><strong>enim</strong></span> <span class='ocrx_word' id='word_1_218' title='bbox 1653 3180 1859 3257; x_wconf 85' lang='lat' dir='ltr'><strong>scripta</strong></span> <span class='ocrx_word' id='word_1_219' title='bbox 1897 3179 2100 3234; x_wconf 83' lang='lat' dir='ltr'><strong>Mosai-</strong></span> 
     </span>
    </p>
   </div>
   <div class='ocr_carea' id='block_1_34' title="bbox 546 3264 2112 3346">
    <p class='ocr_par' dir='ltr' id='par_1_34' title="bbox 546 3264 2112 3346">
     <span class='ocr_line' id='line_1_34' title="bbox 546 3264 2112 3346; baseline -0.013 -3"><span class='ocrx_word' id='word_1_220' title='bbox 546 3302 608 3343; x_wconf 89' lang='lat' dir='ltr'><strong>ca</strong></span> <span class='ocrx_word' id='word_1_221' title='bbox 640 3264 824 3341; x_wconf 70' lang='lat' dir='ltr'><strong>verbis</strong></span> <span class='ocrx_word' id='word_1_222' title='bbox 873 3277 1180 3337; x_wconf 87' lang='lat' dir='ltr'><strong>Salvatoris</strong></span> <span class='ocrx_word' id='word_1_223' title='bbox 1229 3283 1493 3346; x_wconf 76' lang='lat' dir='ltr'><strong>praestare</strong></span> <span class='ocrx_word' id='word_1_224' title='bbox 1546 3272 1942 3336; x_wconf 89' lang='lat' dir='ltr'><strong>censebuntur,</strong></span> <span class='ocrx_word' id='word_1_225' title='bbox 1987 3285 2112 3324; x_wconf 92' lang='lat' dir='ltr'><strong>cum</strong></span> 
     </span>
    </p>
   </div>
   <div class='ocr_carea' id='block_1_35' title="bbox 547 3363 2114 3447">
    <p class='ocr_par' dir='ltr' id='par_1_35' title="bbox 547 3363 2114 3447">
     <span class='ocr_line' id='line_1_35' title="bbox 547 3363 2114 3447; baseline -0.013 -14"><span class='ocrx_word' id='word_1_226' title='bbox 547 3380 637 3434; x_wconf 93' lang='lat' dir='ltr'><strong>illa</strong></span> <span class='ocrx_word' id='word_1_227' title='bbox 678 3377 863 3447; x_wconf 67' lang='lat' dir='ltr'><strong>ﬁgura:</strong></span> <span class='ocrx_word' id='word_1_228' title='bbox 895 3382 1107 3427; x_wconf 86' lang='lat' dir='ltr'><strong>tantum</strong></span> <span class='ocrx_word' id='word_1_229' title='bbox 1147 3376 1332 3424; x_wconf 92' lang='lat' dir='ltr'><strong>essent</strong></span> <span class='ocrx_word' id='word_1_230' title='bbox 1359 3375 1414 3421; x_wconf 93' lang='lat' dir='ltr'><strong>et</strong></span> <span class='ocrx_word' id='word_1_231' title='bbox 1436 3366 1666 3429; x_wconf 73' lang='lat' dir='ltr'><strong>umbrze,</strong></span> <span class='ocrx_word' id='word_1_232' title='bbox 1692 3363 1899 3418; x_wconf 89' lang='lat' dir='ltr'><strong>Christi</strong></span> <span class='ocrx_word' id='word_1_233' title='bbox 1933 3370 2114 3416; x_wconf 86' lang='lat' dir='ltr'><strong>autem</strong></span> 
     </span>
    </p>
   </div>
   <div class='ocr_carea' id='block_1_36' title="bbox 547 3449 2114 3522">
    <p class='ocr_par' dir='ltr' id='par_1_36' title="bbox 547 3449 2114 3522">
     <span class='ocr_line' id='line_1_36' title="bbox 547 3449 2114 3522; baseline -0.012 0"><span class='ocrx_word' id='word_1_234' title='bbox 547 3469 717 3522; x_wconf 81' lang='lat' dir='ltr'><strong>verba</strong></span> <span class='ocrx_word' id='word_1_235' title='bbox 757 3466 866 3521; x_wconf 91' lang='lat' dir='ltr'><strong>sint</strong></span> <span class='ocrx_word' id='word_1_236' title='bbox 909 3461 1145 3516; x_wconf 83' lang='lat' dir='ltr'><strong>veritas?</strong></span> <span class='ocrx_word' id='word_1_237' title='bbox 1176 3457 1241 3511; x_wconf 83' lang='lat' dir='ltr'><strong>Et</strong></span> <span class='ocrx_word' id='word_1_238' title='bbox 1277 3464 1427 3512; x_wconf 90' lang='lat' dir='ltr'><strong>certe</strong></span> <span class='ocrx_word' id='word_1_239' title='bbox 1471 3454 1690 3510; x_wconf 86' lang='lat' dir='ltr'><strong>dillieile</strong></span> <span class='ocrx_word' id='word_1_240' title='bbox 1734 3453 1921 3508; x_wconf 80' lang='lat' dir='ltr'><strong>forsan</strong></span> <span class='ocrx_word' id='word_1_241' title='bbox 1969 3449 2114 3504; x_wconf 91' lang='lat' dir='ltr'><strong>haud</strong></span> 
     </span>
    </p>
   </div>
   <div class='ocr_carea' id='block_1_37' title="bbox 541 3545 2117 3637">
    <p class='ocr_par' dir='ltr' id='par_1_37' title="bbox 541 3545 2117 3637">
     <span class='ocr_line' id='line_1_37' title="bbox 541 3545 2117 3637; baseline -0.01 -22"><span class='ocrx_word' id='word_1_242' title='bbox 541 3569 694 3637; x_wconf 73' lang='lat' dir='ltr'><strong>esset</strong></span> <span class='ocrx_word' id='word_1_243' title='bbox 729 3559 949 3629; x_wconf 79' lang='lat' dir='ltr'><strong>longum</strong></span> <span class='ocrx_word' id='word_1_244' title='bbox 989 3570 1051 3611; x_wconf 89' lang='lat' dir='ltr'><strong>ea</strong></span> <span class='ocrx_word' id='word_1_245' title='bbox 1085 3553 1152 3609; x_wconf 89' lang='lat' dir='ltr'><strong>de</strong></span> <span class='ocrx_word' id='word_1_246' title='bbox 1177 3569 1234 3609; x_wconf 90' lang='lat' dir='ltr'><strong>re</strong></span> <span class='ocrx_word' id='word_1_247' title='bbox 1274 3564 1586 3608; x_wconf 88' lang='lat' dir='ltr'><strong>sermonem</strong></span> <span class='ocrx_word' id='word_1_248' title='bbox 1625 3556 1829 3612; x_wconf 81' lang='lat' dir='ltr'><strong>texere,</strong></span> <span class='ocrx_word' id='word_1_249' title='bbox 1869 3545 1964 3602; x_wconf 91' lang='lat' dir='ltr'><strong>sed</strong></span> <span class='ocrx_word' id='word_1_250' title='bbox 1997 3559 2117 3615; x_wconf 77' lang='lat' dir='ltr'><strong>quae</strong></span> 
     </span>
    </p>
   </div>
   <div class='ocr_carea' id='block_1_38' title="bbox 549 3638 2116 3726">
    <p class='ocr_par' dir='ltr' id='par_1_38' title="bbox 549 3638 2116 3726">
     <span class='ocr_line' id='line_1_38' title="bbox 549 3638 2116 3726; baseline -0.011 -15"><span class='ocrx_word' id='word_1_251' title='bbox 549 3656 707 3726; x_wconf 76' lang='lat' dir='ltr'><strong>valde</strong></span> <span class='ocrx_word' id='word_1_252' title='bbox 747 3651 1042 3708; x_wconf 80' lang='lat' dir='ltr'><strong>manifesta</strong></span> <span class='ocrx_word' id='word_1_253' title='bbox 1090 3655 1257 3711; x_wconf 88' lang='lat' dir='ltr'><strong>sunt,</strong></span> <span class='ocrx_word' id='word_1_254' title='bbox 1310 3659 1410 3699; x_wconf 91' lang='lat' dir='ltr'><strong>nec</strong></span> <span class='ocrx_word' id='word_1_255' title='bbox 1455 3641 1698 3707; x_wconf 90' lang='lat' dir='ltr'><strong>aliunde,</strong></span> <span class='ocrx_word' id='word_1_256' title='bbox 1732 3641 1824 3696; x_wconf 87' lang='lat' dir='ltr'><strong>sed</strong></span> <span class='ocrx_word' id='word_1_257' title='bbox 1861 3655 1890 3693; x_wconf 88' lang='lat' dir='ltr'><strong>a</strong></span> <span class='ocrx_word' id='word_1_258' title='bbox 1919 3638 2116 3709; x_wconf 86' lang='lat' dir='ltr'><strong>seipsis</strong></span> 
     </span>
    </p>
   </div>
   <div class='ocr_carea' id='block_1_39' title="bbox 549 3728 2119 3816">
    <p class='ocr_par' dir='ltr' id='par_1_39' title="bbox 549 3728 2119 3816">
     <span class='ocr_line' id='line_1_39' title="bbox 549 3728 2119 3816; baseline -0.012 -16"><span class='ocrx_word' id='word_1_259' title='bbox 549 3743 878 3816; x_wconf 87' lang='lat' dir='ltr'><strong>produntur,</strong></span> <span class='ocrx_word' id='word_1_260' title='bbox 917 3739 1058 3794; x_wconf 89' lang='lat' dir='ltr'><strong>male</strong></span> <span class='ocrx_word' id='word_1_261' title='bbox 1095 3751 1164 3791; x_wconf 89' lang='lat' dir='ltr'><strong>an</strong></span> <span class='ocrx_word' id='word_1_262' title='bbox 1205 3748 1374 3796; x_wconf 85' lang='lat' dir='ltr'><strong>secus</strong></span> <span class='ocrx_word' id='word_1_263' title='bbox 1415 3748 1474 3788; x_wconf 91' lang='lat' dir='ltr'><strong>se</strong></span> <span class='ocrx_word' id='word_1_264' title='bbox 1523 3733 1792 3796; x_wconf 89' lang='lat' dir='ltr'><strong>habeant,</strong></span> <span class='ocrx_word' id='word_1_265' title='bbox 1841 3728 2119 3800; x_wconf 82' lang='lat' dir='ltr'><strong>superﬂue</strong></span> 
     </span>
    </p>
   </div>
   <div class='ocr_carea' id='block_1_40' title="bbox 550 3822 2120 3906">
    <p class='ocr_par' dir='ltr' id='par_1_40' title="bbox 550 3822 2120 3906">
     <span class='ocr_line' id='line_1_40' title="bbox 550 3822 2120 3906; baseline -0.011 -15"><span class='ocrx_word' id='word_1_266' title='bbox 550 3837 658 3893; x_wconf 88' lang='lat' dir='ltr'><strong>dici</strong></span> <span class='ocrx_word' id='word_1_267' title='bbox 685 3845 845 3906; x_wconf 78' lang='lat' dir='ltr'><strong>puto.</strong></span> <span class='ocrx_word' id='word_1_268' title='bbox 879 3830 992 3887; x_wconf 90' lang='lat' dir='ltr'><strong>Cur</strong></span> <span class='ocrx_word' id='word_1_269' title='bbox 1025 3830 1175 3884; x_wconf 93' lang='lat' dir='ltr'><strong>enim</strong></span> <span class='ocrx_word' id='word_1_270' title='bbox 1223 3824 1537 3882; x_wconf 90' lang='lat' dir='ltr'><strong>istiusmodi</strong></span> <span class='ocrx_word' id='word_1_271' title='bbox 1574 3822 1982 3879; x_wconf 86' lang='lat' dir='ltr'><strong>subtilitatibus</strong></span> <span class='ocrx_word' id='word_1_272' title='bbox 2027 3835 2120 3876; x_wconf 80' lang='lat' dir='ltr'><strong>ex-</strong></span> 
     </span>
    </p>
   </div>
   <div class='ocr_carea' id='block_1_41' title="bbox 551 3908 2122 3997">
    <p class='ocr_par' dir='ltr' id='par_1_41' title="bbox 551 3908 2122 3997">
     <span class='ocr_line' id='line_1_41' title="bbox 551 3908 2122 3997; baseline -0.011 -18"><span class='ocrx_word' id='word_1_273' title='bbox 551 3921 822 3997; x_wconf 88' lang='lat' dir='ltr'><strong>plicandis</strong></span> <span class='ocrx_word' id='word_1_274' title='bbox 877 3918 1156 3991; x_wconf 85' lang='lat' dir='ltr'><strong>quispiam</strong></span> <span class='ocrx_word' id='word_1_275' title='bbox 1202 3915 1556 3973; x_wconf 87' lang='lat' dir='ltr'><strong>immoretur,</strong></span> <span class='ocrx_word' id='word_1_276' title='bbox 1601 3922 1672 3976; x_wconf 90' lang='lat' dir='ltr'><strong>et,</strong></span> <span class='ocrx_word' id='word_1_277' title='bbox 1709 3910 1874 3981; x_wconf 77' lang='lat'><strong>268</strong></span> <span class='ocrx_word' id='word_1_278' title='bbox 1930 3908 2122 3963; x_wconf 86' lang='lat' dir='ltr'><strong>intem-</strong></span> 
     </span>
    </p>
   </div>
   <div class='ocr_carea' id='block_1_42' title="bbox 554 4001 2123 4090">
    <p class='ocr_par' dir='ltr' id='par_1_42' title="bbox 554 4001 2123 4090">
     <span class='ocr_line' id='line_1_42' title="bbox 554 4001 2123 4090; baseline -0.011 -19"><span class='ocrx_word' id='word_1_279' title='bbox 554 4018 764 4090; x_wconf 85' lang='lat' dir='ltr'><strong>pestiva</strong></span> <span class='ocrx_word' id='word_1_280' title='bbox 789 4013 1135 4085; x_wconf 55' lang='lat' dir='ltr'><strong>.prolixitate,</strong></span> <span class='ocrx_word' id='word_1_281' title='bbox 1160 4023 1283 4080; x_wconf 77' lang='lat' dir='ltr'><strong>qua:</strong></span> <span class='ocrx_word' id='word_1_282' title='bbox 1309 4007 1447 4062; x_wconf 89' lang='lat' dir='ltr'><strong>nihil</strong></span> <span class='ocrx_word' id='word_1_283' title='bbox 1477 4004 1818 4060; x_wconf 82' lang='lat' dir='ltr'><strong>dillicultatis</strong></span> <span class='ocrx_word' id='word_1_284' title='bbox 1844 4003 1898 4056; x_wconf 93' lang='lat' dir='ltr'><strong>in</strong></span> <span class='ocrx_word' id='word_1_285' title='bbox 1929 4016 1992 4056; x_wconf 89' lang='lat' dir='ltr'><strong>se</strong></span> <span class='ocrx_word' id='word_1_286' title='bbox 2025 4001 2123 4054; x_wconf 82' lang='lat' dir='ltr'><strong>ha-</strong></span> 
     </span>
    </p>
   </div>
   <div class='ocr_carea' id='block_1_43' title="bbox 551 4092 2121 4172">
    <p class='ocr_par' dir='ltr' id='par_1_43' title="bbox 551 4092 2121 4172">
     <span class='ocr_line' id='line_1_43' title="bbox 551 4092 2121 4172; baseline -0.014 -6"><span class='ocrx_word' id='word_1_287' title='bbox 551 4112 681 4165; x_wconf 88' lang='lat' dir='ltr'><strong>bent</strong></span> <span class='ocrx_word' id='word_1_288' title='bbox 706 4107 760 4162; x_wconf 92' lang='lat' dir='ltr'><strong>in</strong></span> <span class='ocrx_word' id='word_1_289' title='bbox 791 4105 1033 4160; x_wconf 85' lang='lat' dir='ltr'><strong>minutas</strong></span> <span class='ocrx_word' id='word_1_290' title='bbox 1056 4099 1458 4172; x_wconf 87' lang='lat' dir='ltr'><strong>quodammodo</strong></span> <span class='ocrx_word' id='word_1_291' title='bbox 1487 4105 1672 4168; x_wconf 88' lang='lat' dir='ltr'><strong>partes</strong></span> <span class='ocrx_word' id='word_1_292' title='bbox 1709 4095 1890 4151; x_wconf 89' lang='lat' dir='ltr'><strong>secet?</strong></span> <span class='ocrx_word' id='word_1_293' title='bbox 1921 4092 2121 4146; x_wconf 88' lang='lat' dir='ltr'><strong>Eorum</strong></span> 
     </span>
    </p>
   </div>
   <div class='ocr_carea' id='block_1_44' title="bbox 556 4185 2125 4273">
    <p class='ocr_par' dir='ltr' id='par_1_44' title="bbox 556 4185 2125 4273">
     <span class='ocr_line' id='line_1_44' title="bbox 556 4185 2125 4273; baseline -0.011 -18"><span class='ocrx_word' id='word_1_294' title='bbox 556 4201 723 4273; x_wconf 77' lang='lat' dir='ltr'><strong>igitur</strong></span> <span class='ocrx_word' id='word_1_295' title='bbox 755 4213 874 4268; x_wconf 73' lang='lat' dir='ltr'><strong>qua:</strong></span> <span class='ocrx_word' id='word_1_296' title='bbox 915 4212 945 4252; x_wconf 88' lang='lat' dir='ltr'><strong>a</strong></span> <span class='ocrx_word' id='word_1_297' title='bbox 979 4194 1262 4248; x_wconf 85' lang='lat' dir='ltr'><strong>Salvatore</strong></span> <span class='ocrx_word' id='word_1_298' title='bbox 1291 4192 1552 4246; x_wconf 89' lang='lat' dir='ltr'><strong>dicuntur</strong></span> <span class='ocrx_word' id='word_1_299' title='bbox 1581 4203 1776 4244; x_wconf 88' lang='lat' dir='ltr'><strong>sensus</strong></span> <span class='ocrx_word' id='word_1_300' title='bbox 1809 4196 1892 4243; x_wconf 93' lang='lat' dir='ltr'><strong>est</strong></span> <span class='ocrx_word' id='word_1_301' title='bbox 1933 4185 2125 4255; x_wconf 86' lang='lat' dir='ltr'><strong>hujus-</strong></span> 
     </span>
    </p>
   </div>
   <div class='ocr_carea' id='block_1_45' title="bbox 558 4278 2127 4358">
    <p class='ocr_par' dir='ltr' id='par_1_45' title="bbox 558 4278 2127 4358">
     <span class='ocr_line' id='line_1_45' title="bbox 558 4278 2127 4358; baseline -0.01 -12"><span class='ocrx_word' id='word_1_302' title='bbox 558 4293 726 4346; x_wconf 84' lang='lat' dir='ltr'><strong>modi.</strong></span> <span class='ocrx_word' id='word_1_303' title='bbox 755 4291 811 4343; x_wconf 84' lang='lat' dir='ltr'><strong>Si</strong></span> <span class='ocrx_word' id='word_1_304' title='bbox 849 4290 1044 4358; x_wconf 81' lang='lat' dir='ltr'><strong>legem,</strong></span> <span class='ocrx_word' id='word_1_305' title='bbox 1072 4286 1272 4355; x_wconf 82' lang='lat' dir='ltr'><strong>inquit,</strong></span> <span class='ocrx_word' id='word_1_306' title='bbox 1319 4283 1522 4353; x_wconf 77' lang='lat' dir='ltr'><strong>Moysis</strong></span> <span class='ocrx_word' id='word_1_307' title='bbox 1572 4283 1832 4350; x_wconf 86' lang='lat' dir='ltr'><strong>scriptam</strong></span> <span class='ocrx_word' id='word_1_308' title='bbox 1864 4294 1989 4338; x_wconf 88' lang='lat' dir='ltr'><strong>cum</strong></span> <span class='ocrx_word' id='word_1_309' title='bbox 2039 4278 2127 4331; x_wconf 88' lang='lat' dir='ltr'><strong>ha-</strong></span> 
     </span>
    </p>
   </div>
   <div class='ocr_carea' id='block_1_46' title="bbox 2190 535 3772 615">
    <p class='ocr_par' dir='ltr' id='par_1_46' title="bbox 2190 535 3772 615">
     <span class='ocr_line' id='line_1_46' title="bbox 2190 535 3772 615; baseline -0.008 -17"><span class='ocrx_word' id='word_1_310' title='bbox 2190 545 2379 615; x_wconf 83' lang='grc' dir='ltr'>ἀμέλει</span> <span class='ocrx_word' id='word_1_311' title='bbox 2412 544 2505 597; x_wconf 80' lang='grc' dir='ltr'><strong>καὶ</strong></span> <span class='ocrx_word' id='word_1_312' title='bbox 2541 545 2654 606; x_wconf 89' lang='grc' dir='ltr'>τοῖς</span> <span class='ocrx_word' id='word_1_313' title='bbox 2683 541 3058 611; x_wconf 80' lang='grc' dir='ltr'><strong>ἀρχαιοτέροις</strong></span> <span class='ocrx_word' id='word_1_314' title='bbox 3086 540 3114 592; x_wconf 85' lang='grc' dir='ltr'>ὁ</span> <span class='ocrx_word' id='word_1_315' title='bbox 3147 537 3415 608; x_wconf 85' lang='grc' dir='ltr'>μακάριος</span> <span class='ocrx_word' id='word_1_316' title='bbox 3442 535 3645 605; x_wconf 77' lang='grc' dir='ltr'>Μωσῆς</span> <span class='ocrx_word' id='word_1_317' title='bbox 3673 537 3772 605; x_wconf 76' lang='grc' dir='ltr'><strong>τῆς</strong></span> 
     </span>
    </p>
   </div>
   <div class='ocr_carea' id='block_1_47' title="bbox 2189 626 3773 706">
    <p class='ocr_par' dir='ltr' id='par_1_47' title="bbox 2189 626 3773 706">
     <span class='ocr_line' id='line_1_47' title="bbox 2189 626 3773 706; baseline -0.006 -16"><span class='ocrx_word' id='word_1_318' title='bbox 2189 636 2275 690; x_wconf 78' lang='grc' dir='ltr'><strong>διὰ</strong></span> <span class='ocrx_word' id='word_1_319' title='bbox 2304 636 2467 706; x_wconf 81' lang='grc' dir='ltr'>νόμου</span> <span class='ocrx_word' id='word_1_320' title='bbox 2504 633 2876 702; x_wconf 71' lang='grc' dir='ltr'><strong>παιδαγωγίας</strong></span> <span class='ocrx_word' id='word_1_321' title='bbox 2910 629 3224 693; x_wconf 87' lang='grc' dir='ltr'>διδάσκαλος</span> <span class='ocrx_word' id='word_1_322' title='bbox 3259 626 3596 696; x_wconf 77' lang='grc' dir='ltr'><strong>ἀνεφαίνετο,</strong></span> <span class='ocrx_word' id='word_1_323' title='bbox 3639 644 3773 680; x_wconf 81' lang='grc' dir='ltr'>παν-</span> 
     </span>
    </p>
   </div>
   <div class='ocr_carea' id='block_1_48' title="bbox 2189 717 3774 799">
    <p class='ocr_par' dir='ltr' id='par_1_48' title="bbox 2189 717 3774 799">
     <span class='ocr_line' id='line_1_48' title="bbox 2189 717 3774 799; baseline -0.006 -18"><span class='ocrx_word' id='word_1_324' title='bbox 2189 729 2331 799; x_wconf 86' lang='grc' dir='ltr'>ταχῆ</span> <span class='ocrx_word' id='word_1_325' title='bbox 2365 729 2474 791; x_wconf 90' lang='grc' dir='ltr'>τοῖς</span> <span class='ocrx_word' id='word_1_326' title='bbox 2521 726 2671 790; x_wconf 86' lang='grc' dir='ltr'>ίδίοις</span> <span class='ocrx_word' id='word_1_327' title='bbox 2705 723 2967 787; x_wconf 77' lang='grc' dir='ltr'>ἐπιτιθεὶς</span> <span class='ocrx_word' id='word_1_328' title='bbox 3005 721 3207 790; x_wconf 76' lang='grc' dir='ltr'>λογίοις</span> <span class='ocrx_word' id='word_1_329' title='bbox 3238 721 3331 784; x_wconf 80' lang='grc' dir='ltr'><strong>τὸ,</strong></span> <span class='ocrx_word' id='word_1_330' title='bbox 3378 738 3398 772; x_wconf 71' lang='grc' dir='ltr'><strong>ι</strong></span> <span class='ocrx_word' id='word_1_331' title='bbox 3441 721 3558 772; x_wconf 84' lang='grc' dir='ltr'><strong>Ἰνα</strong></span> <span class='ocrx_word' id='word_1_332' title='bbox 3607 717 3774 772; x_wconf 76' lang='grc' dir='ltr'>πολὺν</span> 
     </span>
    </p>
   </div>
   <div class='ocr_carea' id='block_1_49' title="bbox 2192 811 3777 889">
    <p class='ocr_par' dir='ltr' id='par_1_49' title="bbox 2192 811 3777 889">
     <span class='ocr_line' id='line_1_49' title="bbox 2192 811 3777 889; baseline -0.006 -19"><span class='ocrx_word' id='word_1_333' title='bbox 2192 818 2365 889; x_wconf 78' lang='grc' dir='ltr'>ζήσῃς</span> <span class='ocrx_word' id='word_1_334' title='bbox 2411 817 2621 888; x_wconf 90' lang='grc' dir='ltr'>χρόνον,</span> <span class='ocrx_word' id='word_1_335' title='bbox 2655 815 2749 868; x_wconf 72' lang='grc' dir='ltr'>καὶ</span> <span class='ocrx_word' id='word_1_336' title='bbox 2781 813 2970 885; x_wconf 82' lang='grc' dir='ltr'>είσάξῃ</span> <span class='ocrx_word' id='word_1_337' title='bbox 3005 831 3065 866; x_wconf 90' lang='grc' dir='ltr'>σε</span> <span class='ocrx_word' id='word_1_338' title='bbox 3113 811 3363 882; x_wconf 80' lang='grc' dir='ltr'>Κύριοςὸ</span> <span class='ocrx_word' id='word_1_339' title='bbox 3399 811 3532 874; x_wconf 85' lang='grc' dir='ltr'>Θεός</span> <span class='ocrx_word' id='word_1_340' title='bbox 3573 827 3668 863; x_wconf 83' lang='grc' dir='ltr'><strong>σου</strong></span> <span class='ocrx_word' id='word_1_341' title='bbox 3698 811 3777 872; x_wconf 84' lang='grc' dir='ltr'><strong>είς</strong></span> 
     </span>
    </p>
   </div>
   <div class='ocr_carea' id='block_1_50' title="bbox 2193 902 3777 980">
    <p class='ocr_par' dir='ltr' id='par_1_50' title="bbox 2193 902 3777 980">
     <span class='ocr_line' id='line_1_50' title="bbox 2193 902 3777 980; baseline -0.004 -21"><span class='ocrx_word' id='word_1_342' title='bbox 2193 909 2291 980; x_wconf 79' lang='grc' dir='ltr'><strong>τὴν</strong></span> <span class='ocrx_word' id='word_1_343' title='bbox 2323 909 2447 979; x_wconf 84' lang='grc' dir='ltr'>γῆν,</span> <span class='ocrx_word' id='word_1_344' title='bbox 2469 909 2535 980; x_wconf 72' lang='grc' dir='ltr'><strong>ἢν</strong></span> <span class='ocrx_word' id='word_1_345' title='bbox 2552 907 2732 977; x_wconf 79' lang='grc' dir='ltr'>ὤμοσε</span> <span class='ocrx_word' id='word_1_346' title='bbox 2757 909 2868 970; x_wconf 86' lang='grc' dir='ltr'>τοῖς</span> <span class='ocrx_word' id='word_1_347' title='bbox 2897 905 3137 975; x_wconf 83' lang='grc' dir='ltr'><strong>πατράσι</strong></span> <span class='ocrx_word' id='word_1_348' title='bbox 3157 920 3306 956; x_wconf 73' lang='grc' dir='ltr'><strong>σου.»</strong></span> <span class='ocrx_word' id='word_1_349' title='bbox 3340 902 3560 972; x_wconf 80' lang='grc' dir='ltr'><strong>Ἐπειδὴ</strong></span> <span class='ocrx_word' id='word_1_350' title='bbox 3585 902 3641 954; x_wconf 80' lang='grc' dir='ltr'><strong>δὲ</strong></span> <span class='ocrx_word' id='word_1_351' title='bbox 3664 905 3777 963; x_wconf 87' lang='grc' dir='ltr'>τοῖς</span> 
     </span>
    </p>
   </div>
   <div class='ocr_carea' id='block_1_51' title="bbox 2195 993 3778 1070">
    <p class='ocr_par' dir='ltr' id='par_1_51' title="bbox 2195 993 3778 1070">
     <span class='ocr_line' id='line_1_51' title="bbox 2195 993 3778 1070; baseline -0.004 -19"><span class='ocrx_word' id='word_1_352' title='bbox 2195 999 2506 1069; x_wconf 75' lang='grc' dir='ltr'><strong>εἰρημένοις</strong></span> <span class='ocrx_word' id='word_1_353' title='bbox 2555 999 2824 1070; x_wconf 75' lang='grc' dir='ltr'><strong>ἐπήνεγκε</strong></span> <span class='ocrx_word' id='word_1_354' title='bbox 2855 1011 2868 1025; x_wconf 84' lang='grc'><em>’</em></span> <span class='ocrx_word' id='word_1_355' title='bbox 2906 1014 2924 1047; x_wconf 76' lang='grc' dir='ltr'><strong>ι</strong></span> <span class='ocrx_word' id='word_1_356' title='bbox 2963 995 3073 1049; x_wconf 75' lang='grc' dir='ltr'><strong>Καὶ</strong></span> <span class='ocrx_word' id='word_1_357' title='bbox 3126 995 3430 1065; x_wconf 81' lang='grc' dir='ltr'>ἄνθρωπος,</span> <span class='ocrx_word' id='word_1_358' title='bbox 3475 993 3534 1056; x_wconf 82' lang='grc' dir='ltr'>ὃς</span> <span class='ocrx_word' id='word_1_359' title='bbox 3573 993 3640 1046; x_wconf 83' lang='grc' dir='ltr'><strong>ἂν</strong></span> <span class='ocrx_word' id='word_1_360' title='bbox 3703 995 3778 1062; x_wconf 79' lang='grc' dir='ltr'><strong>μὴ</strong></span> 
     </span>
    </p>
   </div>
   <div class='ocr_carea' id='block_1_52' title="bbox 2195 1081 3779 1157">
    <p class='ocr_par' dir='ltr' id='par_1_52' title="bbox 2195 1081 3779 1157">
     <span class='ocr_line' id='line_1_52' title="bbox 2195 1081 3779 1157; baseline -0.006 -17"><span class='ocrx_word' id='word_1_361' title='bbox 2195 1087 2425 1157; x_wconf 77' lang='grc' dir='ltr'><strong>ἀκούσῃ,</strong></span> <span class='ocrx_word' id='word_1_362' title='bbox 2448 1088 2548 1140; x_wconf 75' lang='grc' dir='ltr'><strong>ὅσα</strong></span> <span class='ocrx_word' id='word_1_363' title='bbox 2578 1087 2645 1140; x_wconf 79' lang='grc' dir='ltr'>ἂν</span> <span class='ocrx_word' id='word_1_364' title='bbox 2684 1084 2889 1156; x_wconf 82' lang='grc' dir='ltr'>λαλήσῃ</span> <span class='ocrx_word' id='word_1_365' title='bbox 2937 1085 2964 1138; x_wconf 84' lang='grc' dir='ltr'><strong>ὁ</strong></span> <span class='ocrx_word' id='word_1_366' title='bbox 2997 1085 3280 1154; x_wconf 80' lang='grc' dir='ltr'><strong>προφήτης</strong></span> <span class='ocrx_word' id='word_1_367' title='bbox 3334 1085 3541 1143; x_wconf 83' lang='grc' dir='ltr'>ἐκεῖνος</span> <span class='ocrx_word' id='word_1_368' title='bbox 3573 1081 3666 1133; x_wconf 74' lang='grc' dir='ltr'><strong>ἐπὶ</strong></span> <span class='ocrx_word' id='word_1_369' title='bbox 3698 1081 3779 1148; x_wconf 79' lang='grc' dir='ltr'>τῷ</span> 
     </span>
    </p>
   </div>
   <div class='ocr_carea' id='block_1_53' title="bbox 2195 1173 3779 1250">
    <p class='ocr_par' dir='ltr' id='par_1_53' title="bbox 2195 1173 3779 1250">
     <span class='ocr_line' id='line_1_53' title="bbox 2195 1173 3779 1250; baseline -0.006 -16"><span class='ocrx_word' id='word_1_370' title='bbox 2195 1180 2421 1250; x_wconf 86' lang='grc' dir='ltr'><strong>ὀνόματί</strong></span> <span class='ocrx_word' id='word_1_371' title='bbox 2457 1197 2580 1250; x_wconf 86' lang='grc' dir='ltr'>μου,</span> <span class='ocrx_word' id='word_1_372' title='bbox 2607 1177 2718 1247; x_wconf 86' lang='grc' dir='ltr'><strong>ἐγὼ</strong></span> <span class='ocrx_word' id='word_1_373' title='bbox 2750 1178 3018 1248; x_wconf 77' lang='grc' dir='ltr'><strong>ἐκδικήσω</strong></span> <span class='ocrx_word' id='word_1_374' title='bbox 3051 1174 3110 1240; x_wconf 83' lang='grc' dir='ltr'>ἐξ</span> <span class='ocrx_word' id='word_1_375' title='bbox 3138 1174 3324 1239; x_wconf 79' lang='grc' dir='ltr'>αὑτοῦ,</span> <span class='ocrx_word' id='word_1_376' title='bbox 3345 1195 3364 1226; x_wconf 75' lang='grc' dir='ltr'><strong>ι</strong></span> <span class='ocrx_word' id='word_1_377' title='bbox 3387 1173 3779 1244; x_wconf 84' lang='grc' dir='ltr'>ἁμαθαίνοντες</span> 
     </span>
    </p>
   </div>
   <div class='ocr_carea' id='block_1_54' title="bbox 2199 1265 3780 1340">
    <p class='ocr_par' dir='ltr' id='par_1_54' title="bbox 2199 1265 3780 1340">
     <span class='ocr_line' id='line_1_54' title="bbox 2199 1265 3780 1340; baseline -0.006 -15"><span class='ocrx_word' id='word_1_378' title='bbox 2199 1272 2460 1335; x_wconf 83' lang='grc' dir='ltr'>Ἰουδαῖοι,</span> <span class='ocrx_word' id='word_1_379' title='bbox 2494 1271 2588 1324; x_wconf 73' lang='grc' dir='ltr'><strong>καὶ</strong></span> <span class='ocrx_word' id='word_1_380' title='bbox 2638 1270 2772 1340; x_wconf 78' lang='grc' dir='ltr'>πρὸς</span> <span class='ocrx_word' id='word_1_381' title='bbox 2831 1268 3065 1338; x_wconf 76' lang='grc' dir='ltr'><strong>ἐσχάτην</strong></span> <span class='ocrx_word' id='word_1_382' title='bbox 3115 1267 3411 1336; x_wconf 83' lang='grc' dir='ltr'>δυσηκοῖαν</span> <span class='ocrx_word' id='word_1_383' title='bbox 3462 1265 3554 1317; x_wconf 81' lang='grc' dir='ltr'>τὸν</span> <span class='ocrx_word' id='word_1_384' title='bbox 3581 1265 3780 1316; x_wconf 86' lang='grc' dir='ltr'>οἰκεῖον</span> 
     </span>
    </p>
   </div>
   <div class='ocr_carea' id='block_1_55' title="bbox 2198 1355 3778 1431">
    <p class='ocr_par' dir='ltr' id='par_1_55' title="bbox 2198 1355 3778 1431">
     <span class='ocr_line' id='line_1_55' title="bbox 2198 1355 3778 1431; baseline -0.007 -15"><span class='ocrx_word' id='word_1_385' title='bbox 2198 1361 2664 1431; x_wconf 87' lang='grc' dir='ltr'>άποτραχύνοντες</span> <span class='ocrx_word' id='word_1_386' title='bbox 2704 1359 2862 1423; x_wconf 80' lang='grc' dir='ltr'>νοῦν,</span> <span class='ocrx_word' id='word_1_387' title='bbox 2901 1357 3231 1427; x_wconf 81' lang='grc' dir='ltr'><strong>αὐτόκλητον</strong></span> <span class='ocrx_word' id='word_1_388' title='bbox 3271 1357 3376 1426; x_wconf 73' lang='grc' dir='ltr'>ἤδη</span> <span class='ocrx_word' id='word_1_389' title='bbox 3429 1355 3778 1424; x_wconf 84' lang='grc' dir='ltr'>βλεπέτωσαν</span> 
     </span>
    </p>
   </div>
   <div class='ocr_carea' id='block_1_56' title="bbox 2198 1445 3770 1519">
    <p class='ocr_par' dir='ltr' id='par_1_56' title="bbox 2198 1445 3770 1519">
     <span class='ocr_line' id='line_1_56' title="bbox 2198 1445 3770 1519; baseline -0.008 -13"><span class='ocrx_word' id='word_1_390' title='bbox 2198 1456 2318 1517; x_wconf 88' lang='grc' dir='ltr'>ταῖς</span> <span class='ocrx_word' id='word_1_391' title='bbox 2375 1453 2580 1506; x_wconf 75' lang='grc' dir='ltr'>ἑαυτῶν</span> <span class='ocrx_word' id='word_1_392' title='bbox 2631 1450 2890 1519; x_wconf 80' lang='grc' dir='ltr'><strong>κεφαλαῖς</strong></span> <span class='ocrx_word' id='word_1_393' title='bbox 2921 1447 3341 1510; x_wconf 55' lang='grc' dir='ltr'>,ἐπαντλοῦντες</span> <span class='ocrx_word' id='word_1_394' title='bbox 3393 1446 3486 1498; x_wconf 84' lang='grc' dir='ltr'><strong>τὸν</strong></span> <span class='ocrx_word' id='word_1_395' title='bbox 3535 1445 3770 1514; x_wconf 71' lang='grc' dir='ltr'>ὄλεθρον.</span> 
     </span>
    </p>
   </div>
   <div class='ocr_carea' id='block_1_57' title="bbox 2205 1535 3773 1613">
    <p class='ocr_par' dir='ltr' id='par_1_57' title="bbox 2205 1535 3773 1613">
     <span class='ocr_line' id='line_1_57' title="bbox 2205 1535 3773 1613; baseline -0.009 -14"><span class='ocrx_word' id='word_1_396' title='bbox 2205 1546 2457 1599; x_wconf 85' lang='grc' dir='ltr'>Ἔσονται</span> <span class='ocrx_word' id='word_1_397' title='bbox 2491 1543 2600 1613; x_wconf 75' lang='grc' dir='ltr'>γὰρ</span> <span class='ocrx_word' id='word_1_398' title='bbox 2640 1542 2744 1596; x_wconf 82' lang='grc' dir='ltr'><strong>ὑπὸ</strong></span> <span class='ocrx_word' id='word_1_399' title='bbox 2779 1540 2928 1594; x_wconf 83' lang='grc' dir='ltr'>θείαν</span> <span class='ocrx_word' id='word_1_400' title='bbox 2961 1537 3152 1610; x_wconf 82' lang='grc' dir='ltr'>ὀργὴν,</span> <span class='ocrx_word' id='word_1_401' title='bbox 3179 1536 3382 1606; x_wconf 78' lang='grc' dir='ltr'>ὀψώνια</span> <span class='ocrx_word' id='word_1_402' title='bbox 3411 1537 3510 1606; x_wconf 83' lang='grc' dir='ltr'>τῆς</span> <span class='ocrx_word' id='word_1_403' title='bbox 3537 1536 3619 1597; x_wconf 87' lang='grc' dir='ltr'><strong>είς</strong></span> <span class='ocrx_word' id='word_1_404' title='bbox 3643 1535 3773 1604; x_wconf 82' lang='grc' dir='ltr'>Χρι-</span> 
     </span>
    </p>
   </div>
   <div class='ocr_carea' id='block_1_58' title="bbox 2203 1626 3778 1707">
    <p class='ocr_par' dir='ltr' id='par_1_58' title="bbox 2203 1626 3778 1707">
     <span class='ocr_line' id='line_1_58' title="bbox 2203 1626 3778 1707; baseline -0.01 -15"><span class='ocrx_word' id='word_1_405' title='bbox 2203 1638 2326 1692; x_wconf 80' lang='grc' dir='ltr'>στὸν</span> <span class='ocrx_word' id='word_1_406' title='bbox 2360 1636 2644 1707; x_wconf 81' lang='grc' dir='ltr'>παροινίας</span> <span class='ocrx_word' id='word_1_407' title='bbox 2669 1635 2729 1687; x_wconf 84' lang='grc' dir='ltr'>τὸ</span> <span class='ocrx_word' id='word_1_408' title='bbox 2762 1635 2819 1686; x_wconf 89' lang='grc' dir='ltr'><strong>ἐν</strong></span> <span class='ocrx_word' id='word_1_409' title='bbox 2868 1631 3145 1701; x_wconf 77' lang='grc' dir='ltr'><strong>ὁλοκλήρῳ</strong></span> <span class='ocrx_word' id='word_1_410' title='bbox 3200 1629 3307 1683; x_wconf 81' lang='grc' dir='ltr'><strong>τῶν</strong></span> <span class='ocrx_word' id='word_1_411' title='bbox 3357 1626 3577 1695; x_wconf 80' lang='grc' dir='ltr'><strong>ἀγαθῶν</strong></span> <span class='ocrx_word' id='word_1_412' title='bbox 3612 1626 3778 1696; x_wconf 65' lang='grc' dir='ltr'>ζημία</span> 
     </span>
    </p>
   </div>
   <div class='ocr_carea' id='block_1_59' title="bbox 2202 1717 3773 1796">
    <p class='ocr_par' dir='ltr' id='par_1_59' title="bbox 2202 1717 3773 1796">
     <span class='ocr_line' id='line_1_59' title="bbox 2202 1717 3773 1796; baseline -0.008 -16"><span class='ocrx_word' id='word_1_413' title='bbox 2202 1727 2456 1796; x_wconf 85' lang='grc' dir='ltr'>γενέσθαι</span> <span class='ocrx_word' id='word_1_414' title='bbox 2504 1725 2906 1796; x_wconf 79' lang='grc' dir='ltr'>λαμϐάνοντες·</span> <span class='ocrx_word' id='word_1_415' title='bbox 2941 1739 2957 1772; x_wconf 78' lang='grc' dir='ltr'><strong>ι</strong></span> <span class='ocrx_word' id='word_1_416' title='bbox 3005 1723 3064 1774; x_wconf 84' lang='grc' dir='ltr'><strong>Εἰ</strong></span> <span class='ocrx_word' id='word_1_417' title='bbox 3106 1719 3214 1790; x_wconf 75' lang='grc' dir='ltr'><strong>γὰρ</strong></span> <span class='ocrx_word' id='word_1_418' title='bbox 3245 1718 3529 1772; x_wconf 85' lang='grc' dir='ltr'>ἐπίστευον</span> <span class='ocrx_word' id='word_1_419' title='bbox 3583 1717 3773 1783; x_wconf 77' lang='grc' dir='ltr'>Μωσῇ.</span> 
     </span>
    </p>
   </div>
   <div class='ocr_carea' id='block_1_60' title="bbox 2139 1798 3775 1883">
    <p class='ocr_par' dir='ltr' id='par_1_60' title="bbox 2139 1798 3775 1883">
     <span class='ocr_line' id='line_1_60' title="bbox 2139 1798 3775 1883; baseline -0.01 -12"><span class='ocrx_word' id='word_1_420' title='bbox 2139 1798 2176 1850; x_wconf 74' lang='grc' dir='ltr'>Β</span> <span class='ocrx_word' id='word_1_421' title='bbox 2205 1817 2484 1870; x_wconf 83' lang='grc' dir='ltr'>ἐπίστευον</span> <span class='ocrx_word' id='word_1_422' title='bbox 2529 1815 2594 1868; x_wconf 82' lang='grc' dir='ltr'><strong>ἂν</strong></span> <span class='ocrx_word' id='word_1_423' title='bbox 2636 1811 2712 1883; x_wconf 81' lang='grc' dir='ltr'><strong>τῷ</strong></span> <span class='ocrx_word' id='word_1_424' title='bbox 2746 1809 2996 1882; x_wconf 80' lang='grc' dir='ltr'>Χριστῷ·</span> <span class='ocrx_word' id='word_1_425' title='bbox 3033 1809 3161 1879; x_wconf 73' lang='grc' dir='ltr'>περὶ</span> <span class='ocrx_word' id='word_1_426' title='bbox 3212 1807 3320 1876; x_wconf 82' lang='grc' dir='ltr'><strong>γὰρ</strong></span> <span class='ocrx_word' id='word_1_427' title='bbox 3371 1803 3535 1858; x_wconf 79' lang='grc' dir='ltr'>αὐτοῦ</span> <span class='ocrx_word' id='word_1_428' title='bbox 3577 1804 3775 1866; x_wconf 82' lang='grc' dir='ltr'>ἐκεῖνος</span> 
     </span>
    </p>
   </div>
   <div class='ocr_carea' id='block_1_61' title="bbox 2205 1908 2530 1979">
    <p class='ocr_par' dir='ltr' id='par_1_61' title="bbox 2205 1908 2530 1979">
     <span class='ocr_line' id='line_1_61' title="bbox 2205 1908 2530 1979; baseline -0.006 -19"><span class='ocrx_word' id='word_1_429' title='bbox 2205 1908 2463 1979; x_wconf 69' lang='grc' dir='ltr'>ἔγραψεν.</span> <span class='ocrx_word' id='word_1_430' title='bbox 2511 1926 2530 1958; x_wconf 72' lang='grc' dir='ltr'><strong>ι</strong></span> 
     </span>
    </p>
   </div>
   <div class='ocr_carea' id='block_1_62' title="bbox 2276 1987 3777 2064">
    <p class='ocr_par' dir='ltr' id='par_1_62' title="bbox 2276 1987 3777 2064">
     <span class='ocr_line' id='line_1_62' title="bbox 2276 1987 3777 2064; baseline -0.01 -10"><span class='ocrx_word' id='word_1_431' title='bbox 2276 2003 2346 2054; x_wconf 82' lang='lat' dir='ltr'><strong><em>El</em></strong></span> <span class='ocrx_word' id='word_1_432' title='bbox 2394 1999 2463 2052; x_wconf 84' lang='grc' dir='ltr'>δὲ</span> <span class='ocrx_word' id='word_1_433' title='bbox 2505 1997 2628 2064; x_wconf 82' lang='grc' dir='ltr'>τοῖς</span> <span class='ocrx_word' id='word_1_434' title='bbox 2659 1997 2894 2051; x_wconf 80' lang='grc' dir='ltr'>ἐκείνου</span> <span class='ocrx_word' id='word_1_435' title='bbox 2927 1993 3266 2064; x_wconf 72' lang='grc' dir='ltr'>γράμμασιν</span> <span class='ocrx_word' id='word_1_436' title='bbox 3307 1991 3377 2045; x_wconf 88' lang='grc' dir='ltr'><strong>οὐ</strong></span> <span class='ocrx_word' id='word_1_437' title='bbox 3428 1987 3739 2042; x_wconf 80' lang='grc' dir='ltr'>πιστεύετε</span> <span class='ocrx_word' id='word_1_438' title='bbox 3764 2028 3777 2052; x_wconf 87' lang='grc'><strong>,</strong></span> 
     </span>
    </p>
   </div>
   <div class='ocr_carea' id='block_1_63' title="bbox 2206 2085 3386 2160">
    <p class='ocr_par' dir='ltr' id='par_1_63' title="bbox 2206 2085 3386 2160">
     <span class='ocr_line' id='line_1_63' title="bbox 2206 2085 3386 2160; baseline -0.011 -11"><span class='ocrx_word' id='word_1_439' title='bbox 2206 2092 2333 2158; x_wconf 73' lang='grc' dir='ltr'>πῶς</span> <span class='ocrx_word' id='word_1_440' title='bbox 2368 2093 2494 2159; x_wconf 82' lang='grc' dir='ltr'>τοῖς</span> <span class='ocrx_word' id='word_1_441' title='bbox 2543 2089 2706 2160; x_wconf 77' lang='grc' dir='ltr'>ἐμοῖς</span> <span class='ocrx_word' id='word_1_442' title='bbox 2734 2087 2963 2157; x_wconf 78' lang='grc' dir='ltr'>ῥήμασι</span> <span class='ocrx_word' id='word_1_443' title='bbox 2995 2085 3386 2149; x_wconf 65' lang='lat' dir='ltr'><strong>mandastis;</strong></span> 
     </span>
    </p>
   </div>
   <div class='ocr_carea' id='block_1_64' title="bbox 2275 2169 3784 2256">
    <p class='ocr_par' dir='ltr' id='par_1_64' title="bbox 2275 2169 3784 2256">
     <span class='ocr_line' id='line_1_64' title="bbox 2275 2169 3784 2256; baseline -0.011 -18"><span class='ocrx_word' id='word_1_444' title='bbox 2275 2183 2484 2256; x_wconf 86' lang='grc' dir='ltr'>Πολλὴν</span> <span class='ocrx_word' id='word_1_445' title='bbox 2503 2182 2568 2237; x_wconf 77' lang='grc' dir='ltr'><strong>ἄν</strong></span> <span class='ocrx_word' id='word_1_446' title='bbox 2583 2199 2662 2253; x_wconf 85' lang='grc' dir='ltr'><strong>τῳ</strong></span> <span class='ocrx_word' id='word_1_447' title='bbox 2679 2181 2772 2234; x_wconf 77' lang='grc' dir='ltr'><strong>καὶ</strong></span> <span class='ocrx_word' id='word_1_448' title='bbox 2792 2180 2910 2232; x_wconf 89' lang='grc' dir='ltr'>λίαν</span> <span class='ocrx_word' id='word_1_449' title='bbox 2933 2179 3155 2239; x_wconf 84' lang='grc' dir='ltr'><strong>εἰκότως</strong></span> <span class='ocrx_word' id='word_1_450' title='bbox 3173 2178 3200 2229; x_wconf 87' lang='grc' dir='ltr'>ό</span> <span class='ocrx_word' id='word_1_451' title='bbox 3217 2176 3372 2244; x_wconf 84' lang='grc' dir='ltr'>λόγος</span> <span class='ocrx_word' id='word_1_452' title='bbox 3397 2174 3541 2244; x_wconf 77' lang='grc' dir='ltr'>ἔχειν</span> <span class='ocrx_word' id='word_1_453' title='bbox 3567 2169 3784 2245; x_wconf 76' lang='grc' dir='ltr'>[δόξειε]</span> 
     </span>
    </p>
   </div>
   <div class='ocr_carea' id='block_1_65' title="bbox 2206 2263 3784 2349">
    <p class='ocr_par' dir='ltr' id='par_1_65' title="bbox 2206 2263 3784 2349">
     <span class='ocr_line' id='line_1_65' title="bbox 2206 2263 3784 2349; baseline -0.01 -18"><span class='ocrx_word' id='word_1_454' title='bbox 2206 2277 2304 2349; x_wconf 81' lang='grc' dir='ltr'>τὴν</span> <span class='ocrx_word' id='word_1_455' title='bbox 2351 2275 2640 2345; x_wconf 79' lang='grc' dir='ltr'>ἀσάφειαν.</span> <span class='ocrx_word' id='word_1_456' title='bbox 2675 2274 2971 2343; x_wconf 84' lang='grc' dir='ltr'>Οίχήσεται</span> <span class='ocrx_word' id='word_1_457' title='bbox 3004 2268 3111 2340; x_wconf 79' lang='grc' dir='ltr'><strong>γὰρ</strong></span> <span class='ocrx_word' id='word_1_458' title='bbox 3136 2268 3231 2322; x_wconf 70' lang='grc' dir='ltr'><strong>καὶ</strong></span> <span class='ocrx_word' id='word_1_459' title='bbox 3276 2268 3377 2322; x_wconf 75' lang='grc' dir='ltr'><strong>οὐκ</strong></span> <span class='ocrx_word' id='word_1_460' title='bbox 3411 2267 3524 2320; x_wconf 82' lang='grc' dir='ltr'><strong>ἀπὸ</strong></span> <span class='ocrx_word' id='word_1_461' title='bbox 3555 2263 3784 2325; x_wconf 78' lang='grc' dir='ltr'>σκοποῦ,</span> 
     </span>
    </p>
   </div>
   <div class='ocr_carea' id='block_1_66' title="bbox 2211 2355 3834 2440">
    <p class='ocr_par' dir='ltr' id='par_1_66' title="bbox 2211 2355 3834 2440">
     <span class='ocr_line' id='line_1_66' title="bbox 2211 2355 3834 2440; baseline -0.011 -18"><span class='ocrx_word' id='word_1_462' title='bbox 2211 2368 2347 2440; x_wconf 78' lang='grc' dir='ltr'>πρὸς</span> <span class='ocrx_word' id='word_1_463' title='bbox 2372 2367 2622 2429; x_wconf 82' lang='grc' dir='ltr'>ὑπονοίας</span> <span class='ocrx_word' id='word_1_464' title='bbox 2655 2365 2754 2418; x_wconf 79' lang='grc' dir='ltr'><strong>οὐκ</strong></span> <span class='ocrx_word' id='word_1_465' title='bbox 2774 2362 3014 2433; x_wconf 84' lang='grc' dir='ltr'>ἀληθεῖς,</span> <span class='ocrx_word' id='word_1_466' title='bbox 3033 2359 3389 2431; x_wconf 77' lang='grc' dir='ltr'>ὑπερκεῖσθαι</span> <span class='ocrx_word' id='word_1_467' title='bbox 3420 2357 3518 2422; x_wconf 80' lang='grc' dir='ltr'><strong>τὰς</strong></span> <span class='ocrx_word' id='word_1_468' title='bbox 3547 2355 3789 2412; x_wconf 78' lang='grc' dir='ltr'>Μωσέως</span> <span class='ocrx_word' id='word_1_469' title='bbox 3831 2402 3834 2404; x_wconf 30' lang='grc' dir='ltr'><strong>ν</strong></span> 
     </span>
    </p>
   </div>
   <div class='ocr_carea' id='block_1_67' title="bbox 2213 2449 3788 2532">
    <p class='ocr_par' dir='ltr' id='par_1_67' title="bbox 2213 2449 3788 2532">
     <span class='ocr_line' id='line_1_67' title="bbox 2213 2449 3788 2532; baseline -0.011 -17"><span class='ocrx_word' id='word_1_470' title='bbox 2213 2459 2534 2532; x_wconf 82' lang='grc' dir='ltr'>συγγραφὰς</span> <span class='ocrx_word' id='word_1_471' title='bbox 2551 2458 2658 2512; x_wconf 83' lang='grc' dir='ltr'><strong>τῶν</strong></span> <span class='ocrx_word' id='word_1_472' title='bbox 2674 2456 2767 2509; x_wconf 85' lang='grc' dir='ltr'>τοῦ</span> <span class='ocrx_word' id='word_1_473' title='bbox 2782 2454 2934 2522; x_wconf 86' lang='grc' dir='ltr'>Σωτῆ</span> <span class='ocrx_word' id='word_1_474' title='bbox 2942 2473 3029 2526; x_wconf 86' lang='grc' dir='ltr'>ρος</span> <span class='ocrx_word' id='word_1_475' title='bbox 3049 2453 3307 2524; x_wconf 76' lang='grc' dir='ltr'><strong>ῥημάτων</strong></span> <span class='ocrx_word' id='word_1_476' title='bbox 3324 2449 3788 2518; x_wconf 80' lang='grc' dir='ltr'>ὑπολαϐών.Ἒχει</span> 
     </span>
    </p>
   </div>
   <div class='ocr_carea' id='block_1_68' title="bbox 2209 2539 3792 2624">
    <p class='ocr_par' dir='ltr' id='par_1_68' title="bbox 2209 2539 3792 2624">
     <span class='ocr_line' id='line_1_68' title="bbox 2209 2539 3792 2624; baseline -0.012 -17"><span class='ocrx_word' id='word_1_477' title='bbox 2209 2554 2318 2624; x_wconf 81' lang='grc' dir='ltr'><strong>γάρ</strong></span> <span class='ocrx_word' id='word_1_478' title='bbox 2359 2566 2480 2605; x_wconf 88' lang='grc' dir='ltr'>τινα</span> <span class='ocrx_word' id='word_1_479' title='bbox 2531 2549 2772 2603; x_wconf 77' lang='grc' dir='ltr'>τοιοῦτον</span> <span class='ocrx_word' id='word_1_480' title='bbox 2804 2549 2831 2600; x_wconf 88' lang='grc' dir='ltr'>ὁ</span> <span class='ocrx_word' id='word_1_481' title='bbox 2882 2547 3037 2614; x_wconf 88' lang='grc' dir='ltr'>λόγος</span> <span class='ocrx_word' id='word_1_482' title='bbox 3094 2545 3186 2598; x_wconf 79' lang='grc' dir='ltr'><strong>τὸν</strong></span> <span class='ocrx_word' id='word_1_483' title='bbox 3241 2541 3623 2615; x_wconf 57' lang='grc' dir='ltr'>σχηματισμὸν</span> <span class='ocrx_word' id='word_1_484' title='bbox 3649 2581 3664 2604; x_wconf 90' lang='grc'><strong>,</strong></span> <span class='ocrx_word' id='word_1_485' title='bbox 3697 2539 3792 2592; x_wconf 75' lang='grc' dir='ltr'><strong>καὶ</strong></span> 
     </span>
    </p>
   </div>
   <div class='ocr_carea' id='block_1_69' title="bbox 2209 2633 3790 2711">
    <p class='ocr_par' dir='ltr' id='par_1_69' title="bbox 2209 2633 3790 2711">
     <span class='ocr_line' id='line_1_69' title="bbox 2209 2633 3790 2711; baseline -0.011 -12"><span class='ocrx_word' id='word_1_486' title='bbox 2209 2647 2332 2699; x_wconf 84' lang='grc' dir='ltr'><strong>ὅσον</strong></span> <span class='ocrx_word' id='word_1_487' title='bbox 2370 2643 2515 2696; x_wconf 79' lang='grc' dir='ltr'>ἐστιν</span> <span class='ocrx_word' id='word_1_488' title='bbox 2558 2641 2658 2694; x_wconf 81' lang='grc' dir='ltr'><strong>οὐκ</strong></span> <span class='ocrx_word' id='word_1_489' title='bbox 2687 2639 2746 2704; x_wconf 85' lang='grc' dir='ltr'>ἐξ</span> <span class='ocrx_word' id='word_1_490' title='bbox 2789 2638 3051 2711; x_wconf 78' lang='grc' dir='ltr'>ἀκριϐοῦς</span> <span class='ocrx_word' id='word_1_491' title='bbox 3087 2636 3314 2708; x_wconf 82' lang='grc' dir='ltr'>θεωρίας</span> <span class='ocrx_word' id='word_1_492' title='bbox 3340 2635 3555 2698; x_wconf 77' lang='grc' dir='ltr'>ἑλόντας</span> <span class='ocrx_word' id='word_1_493' title='bbox 3593 2633 3790 2693; x_wconf 75' lang='grc' dir='ltr'>εἰπεῖν,</span> 
     </span>
    </p>
   </div>
   <div class='ocr_carea' id='block_1_70' title="bbox 2212 2721 3791 2802">
    <p class='ocr_par' dir='ltr' id='par_1_70' title="bbox 2212 2721 3791 2802">
     <span class='ocr_line' id='line_1_70' title="bbox 2212 2721 3791 2802; baseline -0.008 -15"><span class='ocrx_word' id='word_1_494' title='bbox 2212 2721 2656 2802; x_wconf 77' lang='grc' dir='ltr'>ἀξιολογωτέραν</span> <span class='ocrx_word' id='word_1_495' title='bbox 2673 2729 2780 2784; x_wconf 85' lang='grc' dir='ltr'>τῶν</span> <span class='ocrx_word' id='word_1_496' title='bbox 2808 2728 2902 2782; x_wconf 82' lang='grc' dir='ltr'>τοῦ</span> <span class='ocrx_word' id='word_1_497' title='bbox 2952 2729 3201 2798; x_wconf 84' lang='grc' dir='ltr'>Σωτῆρος</span> <span class='ocrx_word' id='word_1_498' title='bbox 3243 2727 3503 2796; x_wconf 80' lang='grc' dir='ltr'><strong>ῥημάτων</strong></span> <span class='ocrx_word' id='word_1_499' title='bbox 3527 2726 3641 2787; x_wconf 84' lang='grc' dir='ltr'>τοῖς</span> <span class='ocrx_word' id='word_1_500' title='bbox 3663 2724 3791 2777; x_wconf 85' lang='grc' dir='ltr'><strong>Μω-</strong></span> 
     </span>
    </p>
   </div>
   <div class='ocr_carea' id='block_1_71' title="bbox 2215 2813 3792 2894">
    <p class='ocr_par' dir='ltr' id='par_1_71' title="bbox 2215 2813 3792 2894">
     <span class='ocr_line' id='line_1_71' title="bbox 2215 2813 3792 2894; baseline -0.006 -17"><span class='ocrx_word' id='word_1_501' title='bbox 2215 2826 2422 2887; x_wconf 87' lang='grc' dir='ltr'>σαϊκοῖς</span> <span class='ocrx_word' id='word_1_502' title='bbox 2457 2820 2885 2894; x_wconf 79' lang='grc' dir='ltr'><strong>συγγράμμασιν</strong></span> <span class='ocrx_word' id='word_1_503' title='bbox 2920 2818 3199 2890; x_wconf 82' lang='grc' dir='ltr'>ὲκπορίζει</span> <span class='ocrx_word' id='word_1_504' title='bbox 3237 2821 3335 2888; x_wconf 79' lang='grc' dir='ltr'><strong>τὴν</strong></span> <span class='ocrx_word' id='word_1_505' title='bbox 3370 2817 3658 2887; x_wconf 74' lang='grc' dir='ltr'>ὑπόληψιν.</span> <span class='ocrx_word' id='word_1_506' title='bbox 3695 2813 3792 2868; x_wconf 71' lang='grc' dir='ltr'>Διὰ</span> 
     </span>
    </p>
   </div>
   <div class='ocr_carea' id='block_1_72' title="bbox 2214 2906 3794 2986">
    <p class='ocr_par' dir='ltr' id='par_1_72' title="bbox 2214 2906 3794 2986">
     <span class='ocr_line' id='line_1_72' title="bbox 2214 2906 3794 2986; baseline -0.006 -18"><span class='ocrx_word' id='word_1_507' title='bbox 2214 2915 2321 2986; x_wconf 74' lang='grc' dir='ltr'><strong>γὰρ</strong></span> <span class='ocrx_word' id='word_1_508' title='bbox 2345 2913 2436 2968; x_wconf 77' lang='grc' dir='ltr'><strong>τοῦ</strong></span> <span class='ocrx_word' id='word_1_509' title='bbox 2466 2913 2645 2980; x_wconf 84' lang='grc' dir='ltr'>λέγειν</span> <span class='ocrx_word' id='word_1_510' title='bbox 2673 2929 2686 2943; x_wconf 74' lang='grc' dir='ltr'>ο</span> <span class='ocrx_word' id='word_1_511' title='bbox 2724 2931 2742 2963; x_wconf 78' lang='grc' dir='ltr'><strong>ι</strong></span> <span class='ocrx_word' id='word_1_512' title='bbox 2786 2912 2849 2965; x_wconf 68' lang='lat' dir='ltr'><strong>Et</strong></span> <span class='ocrx_word' id='word_1_513' title='bbox 2891 2911 2948 2965; x_wconf 86' lang='grc' dir='ltr'><strong>δέ</strong></span> <span class='ocrx_word' id='word_1_514' title='bbox 2973 2912 3086 2973; x_wconf 86' lang='grc' dir='ltr'>τοῖς</span> <span class='ocrx_word' id='word_1_515' title='bbox 3126 2908 3337 2962; x_wconf 83' lang='grc' dir='ltr'>ἐκείνου</span> <span class='ocrx_word' id='word_1_516' title='bbox 3377 2909 3706 2982; x_wconf 58' lang='grc' dir='ltr'>γράμμασιν</span> <span class='ocrx_word' id='word_1_517' title='bbox 3733 2906 3794 2959; x_wconf 81' lang='grc' dir='ltr'><strong>οὐ</strong></span> 
     </span>
    </p>
   </div>
   <div class='ocr_carea' id='block_1_73' title="bbox 2217 2999 3792 3073">
    <p class='ocr_par' dir='ltr' id='par_1_73' title="bbox 2217 2999 3792 3073">
     <span class='ocr_line' id='line_1_73' title="bbox 2217 2999 3792 3073; baseline -0.008 -12"><span class='ocrx_word' id='word_1_518' title='bbox 2217 3006 2526 3072; x_wconf 87' lang='grc' dir='ltr'>πιστεύετε,</span> <span class='ocrx_word' id='word_1_519' title='bbox 2557 3003 2673 3067; x_wconf 83' lang='grc' dir='ltr'><strong>πῶς</strong></span> <span class='ocrx_word' id='word_1_520' title='bbox 2727 3005 2840 3067; x_wconf 91' lang='grc' dir='ltr'>τοῖς</span> <span class='ocrx_word' id='word_1_521' title='bbox 2887 3004 3039 3073; x_wconf 89' lang='grc' dir='ltr'>ἐμοῖς</span> <span class='ocrx_word' id='word_1_522' title='bbox 3098 3002 3338 3072; x_wconf 73' lang='grc' dir='ltr'><strong>ῥήμασιν</strong></span> <span class='ocrx_word' id='word_1_523' title='bbox 3377 2999 3736 3063; x_wconf 85' lang='grc' dir='ltr'>πιστεύσετε;</span> <span class='ocrx_word' id='word_1_524' title='bbox 3773 3017 3792 3048; x_wconf 75' lang='grc' dir='ltr'><strong>ι</strong></span> 
     </span>
    </p>
   </div>
   <div class='ocr_carea' id='block_1_74' title="bbox 2143 3084 3797 3178">
    <p class='ocr_par' dir='ltr' id='par_1_74' title="bbox 2143 3084 3797 3178">
     <span class='ocr_line' id='line_1_74' title="bbox 2143 3084 3797 3178; baseline -0.005 -28"><span class='ocrx_word' id='word_1_525' title='bbox 2143 3120 2185 3178; x_wconf 77' lang='lat' dir='ltr'><strong><em>C</em></strong></span> <span class='ocrx_word' id='word_1_526' title='bbox 2216 3097 2276 3150; x_wconf 81' lang='grc' dir='ltr'>τὸ</span> <span class='ocrx_word' id='word_1_527' title='bbox 2307 3098 2364 3150; x_wconf 90' lang='grc' dir='ltr'><strong>ἐν</strong></span> <span class='ocrx_word' id='word_1_528' title='bbox 2385 3095 2632 3168; x_wconf 88' lang='grc' dir='ltr'>ἀμείνοσι</span> <span class='ocrx_word' id='word_1_529' title='bbox 2652 3095 2865 3149; x_wconf 84' lang='grc' dir='ltr'>κεῖσθαι</span> <span class='ocrx_word' id='word_1_530' title='bbox 2885 3094 2983 3156; x_wconf 84' lang='grc' dir='ltr'>τὰς</span> <span class='ocrx_word' id='word_1_531' title='bbox 3003 3092 3213 3147; x_wconf 84' lang='grc' dir='ltr'>ἐκείνου</span> <span class='ocrx_word' id='word_1_532' title='bbox 3238 3091 3556 3162; x_wconf 80' lang='grc' dir='ltr'>συγγραφὰς</span> <span class='ocrx_word' id='word_1_533' title='bbox 3577 3090 3610 3161; x_wconf 80' lang='grc' dir='ltr'><strong>ἢ</strong></span> <span class='ocrx_word' id='word_1_534' title='bbox 3634 3091 3693 3144; x_wconf 86' lang='grc' dir='ltr'><strong>ἐν</strong></span> <span class='ocrx_word' id='word_1_535' title='bbox 3718 3084 3797 3151; x_wconf 77' lang='grc' dir='ltr'>οἷς</span> 
     </span>
    </p>
   </div>
   <div class='ocr_carea' id='block_1_75' title="bbox 2219 3181 3796 3258">
    <p class='ocr_par' dir='ltr' id='par_1_75' title="bbox 2219 3181 3796 3258">
     <span class='ocr_line' id='line_1_75' title="bbox 2219 3181 3796 3258; baseline -0.004 -17"><span class='ocrx_word' id='word_1_536' title='bbox 2219 3189 2285 3242; x_wconf 85' lang='grc' dir='ltr'><strong>ἂν</strong></span> <span class='ocrx_word' id='word_1_537' title='bbox 2319 3181 2429 3241; x_wconf 76' lang='grc' dir='ltr'>εἷεν</span> <span class='ocrx_word' id='word_1_538' title='bbox 2475 3187 2525 3240; x_wconf 85' lang='grc' dir='ltr'>οἱ</span> <span class='ocrx_word' id='word_1_539' title='bbox 2577 3185 2707 3258; x_wconf 77' lang='grc' dir='ltr'>παρ’</span> <span class='ocrx_word' id='word_1_540' title='bbox 2745 3183 2908 3240; x_wconf 80' lang='grc' dir='ltr'>αὐτοῦ</span> <span class='ocrx_word' id='word_1_541' title='bbox 2957 3185 3128 3253; x_wconf 84' lang='grc' dir='ltr'>λόγοι,</span> <span class='ocrx_word' id='word_1_542' title='bbox 3158 3183 3343 3238; x_wconf 88' lang='grc' dir='ltr'>δίδωσί</span> <span class='ocrx_word' id='word_1_543' title='bbox 3398 3200 3516 3246; x_wconf 86' lang='grc' dir='ltr'><strong>πως</strong></span> <span class='ocrx_word' id='word_1_544' title='bbox 3574 3184 3796 3236; x_wconf 86' lang='grc' dir='ltr'>ἐννοεῖν.</span> 
     </span>
    </p>
   </div>
   <div class='ocr_carea' id='block_1_76' title="bbox 2230 3275 3800 3350">
    <p class='ocr_par' dir='ltr' id='par_1_76' title="bbox 2230 3275 3800 3350">
     <span class='ocr_line' id='line_1_76' title="bbox 2230 3275 3800 3350; baseline -0.004 -17"><span class='ocrx_word' id='word_1_545' title='bbox 2230 3280 2368 3333; x_wconf 76' lang='grc' dir='ltr'>Ἀλλ’</span> <span class='ocrx_word' id='word_1_546' title='bbox 2427 3278 2564 3350; x_wconf 83' lang='grc' dir='ltr'>αὐτὴ</span> <span class='ocrx_word' id='word_1_547' title='bbox 2617 3278 2710 3332; x_wconf 82' lang='grc' dir='ltr'><strong>τοῦ</strong></span> <span class='ocrx_word' id='word_1_548' title='bbox 2769 3278 3093 3349; x_wconf 82' lang='grc' dir='ltr'>πράγματος</span> <span class='ocrx_word' id='word_1_549' title='bbox 3138 3279 3171 3348; x_wconf 77' lang='grc' dir='ltr'><strong>ἡ</strong></span> <span class='ocrx_word' id='word_1_550' title='bbox 3211 3275 3372 3345; x_wconf 83' lang='grc' dir='ltr'>φύσις</span> <span class='ocrx_word' id='word_1_551' title='bbox 3416 3275 3513 3345; x_wconf 79' lang='grc' dir='ltr'><strong>τῆς</strong></span> <span class='ocrx_word' id='word_1_552' title='bbox 3561 3276 3800 3345; x_wconf 80' lang='grc' dir='ltr'>ἐσχάτης</span> 
     </span>
    </p>
   </div>
   <div class='ocr_carea' id='block_1_77' title="bbox 2217 3365 3797 3442">
    <p class='ocr_par' dir='ltr' id='par_1_77' title="bbox 2217 3365 3797 3442">
     <span class='ocr_line' id='line_1_77' title="bbox 2217 3365 3797 3442; baseline -0.007 -16"><span class='ocrx_word' id='word_1_553' title='bbox 2217 3371 2468 3442; x_wconf 80' lang='grc' dir='ltr'><strong>εὐηθείας</strong></span> <span class='ocrx_word' id='word_1_554' title='bbox 2514 3370 2796 3424; x_wconf 87' lang='grc' dir='ltr'>ἀνάπλεων</span> <span class='ocrx_word' id='word_1_555' title='bbox 2849 3367 2946 3438; x_wconf 81' lang='grc' dir='ltr'><strong>τὴν</strong></span> <span class='ocrx_word' id='word_1_556' title='bbox 2996 3367 3167 3430; x_wconf 72' lang='grc' dir='ltr'>οὕτως</span> <span class='ocrx_word' id='word_1_557' title='bbox 3221 3366 3482 3420; x_wconf 84' lang='grc' dir='ltr'>ἀπίθανον</span> <span class='ocrx_word' id='word_1_558' title='bbox 3540 3365 3797 3429; x_wconf 81' lang='grc' dir='ltr'>ἐπιδείξει</span> 
     </span>
    </p>
   </div>
   <div class='ocr_carea' id='block_1_78' title="bbox 2217 3458 3796 3532">
    <p class='ocr_par' dir='ltr' id='par_1_78' title="bbox 2217 3458 3796 3532">
     <span class='ocr_line' id='line_1_78' title="bbox 2217 3458 3796 3532; baseline -0.007 -13"><span class='ocrx_word' id='word_1_559' title='bbox 2217 3466 2474 3520; x_wconf 88' lang='grc' dir='ltr'>διάνοιαν.</span> <span class='ocrx_word' id='word_1_560' title='bbox 2500 3463 2623 3527; x_wconf 84' lang='grc' dir='ltr'><strong>Πῶς</strong></span> <span class='ocrx_word' id='word_1_561' title='bbox 2653 3461 2762 3532; x_wconf 87' lang='grc' dir='ltr'>γὰρ</span> <span class='ocrx_word' id='word_1_562' title='bbox 2793 3460 2858 3514; x_wconf 84' lang='grc' dir='ltr'>ἂν</span> <span class='ocrx_word' id='word_1_563' title='bbox 2891 3463 3063 3514; x_wconf 85' lang='grc' dir='ltr'>νοοῖτο</span> <span class='ocrx_word' id='word_1_564' title='bbox 3102 3460 3169 3513; x_wconf 80' lang='grc' dir='ltr'>τὰ</span> <span class='ocrx_word' id='word_1_565' title='bbox 3220 3460 3462 3521; x_wconf 82' lang='grc' dir='ltr'>Μωσέως</span> <span class='ocrx_word' id='word_1_566' title='bbox 3493 3458 3796 3528; x_wconf 78' lang='grc' dir='ltr'>γράμματα</span> 
     </span>
    </p>
   </div>
   <div class='ocr_carea' id='block_1_79' title="bbox 2218 3547 3796 3625">
    <p class='ocr_par' dir='ltr' id='par_1_79' title="bbox 2218 3547 3796 3625">
     <span class='ocr_line' id='line_1_79' title="bbox 2218 3547 3796 3625; baseline -0.008 -15"><span class='ocrx_word' id='word_1_567' title='bbox 2218 3557 2324 3610; x_wconf 80' lang='grc' dir='ltr'><strong>τῶν</strong></span> <span class='ocrx_word' id='word_1_568' title='bbox 2355 3555 2448 3610; x_wconf 76' lang='grc' dir='ltr'><strong>τοῦ</strong></span> <span class='ocrx_word' id='word_1_569' title='bbox 2489 3553 2740 3625; x_wconf 82' lang='grc' dir='ltr'>Σωτῆρος</span> <span class='ocrx_word' id='word_1_570' title='bbox 2798 3551 3146 3620; x_wconf 86' lang='grc' dir='ltr'>διενεγκόντα</span> <span class='ocrx_word' id='word_1_571' title='bbox 3179 3551 3606 3621; x_wconf 78' lang='grc' dir='ltr'>ρημάτων,ὅπου</span> <span class='ocrx_word' id='word_1_572' title='bbox 3640 3547 3796 3599; x_wconf 80' lang='grc' dir='ltr'>τύποι</span> 
     </span>
    </p>
   </div>
   <div class='ocr_carea' id='block_1_80' title="bbox 2223 3637 3799 3717">
    <p class='ocr_par' dir='ltr' id='par_1_80' title="bbox 2223 3637 3799 3717">
     <span class='ocr_line' id='line_1_80' title="bbox 2223 3637 3799 3717; baseline -0.006 -18"><span class='ocrx_word' id='word_1_573' title='bbox 2223 3647 2320 3717; x_wconf 79' lang='grc' dir='ltr'><strong>μὲν</strong></span> <span class='ocrx_word' id='word_1_574' title='bbox 2345 3642 2485 3716; x_wconf 76' lang='grc' dir='ltr'><strong>ἦσαν</strong></span> <span class='ocrx_word' id='word_1_575' title='bbox 2507 3644 2574 3699; x_wconf 72' lang='grc' dir='ltr'>τὰ</span> <span class='ocrx_word' id='word_1_576' title='bbox 2603 3645 2669 3698; x_wconf 88' lang='grc' dir='ltr'><strong>δι’</strong></span> <span class='ocrx_word' id='word_1_577' title='bbox 2695 3643 2906 3698; x_wconf 87' lang='grc' dir='ltr'>ἐκείνου</span> <span class='ocrx_word' id='word_1_578' title='bbox 2932 3641 3026 3694; x_wconf 73' lang='grc' dir='ltr'><strong>καὶ</strong></span> <span class='ocrx_word' id='word_1_579' title='bbox 3059 3642 3233 3704; x_wconf 78' lang='grc' dir='ltr'>σκιαὶ,</span> <span class='ocrx_word' id='word_1_580' title='bbox 3267 3640 3502 3710; x_wconf 82' lang='grc' dir='ltr'>ἀλήθεια</span> <span class='ocrx_word' id='word_1_581' title='bbox 3520 3640 3576 3692; x_wconf 89' lang='grc' dir='ltr'><strong>δέ</strong></span> <span class='ocrx_word' id='word_1_582' title='bbox 3611 3639 3682 3691; x_wconf 79' lang='grc' dir='ltr'>τά</span> <span class='ocrx_word' id='word_1_583' title='bbox 3711 3637 3799 3690; x_wconf 66' lang='grc' dir='ltr'><strong>διὰ</strong></span> 
     </span>
    </p>
   </div>
   <div class='ocr_carea' id='block_1_81' title="bbox 2222 3727 3805 3807">
    <p class='ocr_par' dir='ltr' id='par_1_81' title="bbox 2222 3727 3805 3807">
     <span class='ocr_line' id='line_1_81' title="bbox 2222 3727 3805 3807; baseline -0.007 -17"><span class='ocrx_word' id='word_1_584' title='bbox 2222 3735 2456 3807; x_wconf 75' lang='grc' dir='ltr'>Χριστοῦ</span> <span class='ocrx_word' id='word_1_585' title='bbox 2491 3754 2506 3801; x_wconf 88' lang='grc'>;</span> <span class='ocrx_word' id='word_1_586' title='bbox 2542 3735 2648 3788; x_wconf 75' lang='grc' dir='ltr'><strong>Καὶ</strong></span> <span class='ocrx_word' id='word_1_587' title='bbox 2693 3733 2902 3804; x_wconf 82' lang='grc' dir='ltr'>μακρὸν</span> <span class='ocrx_word' id='word_1_588' title='bbox 2937 3731 3035 3802; x_wconf 85' lang='grc' dir='ltr'><strong>μὲν</strong></span> <span class='ocrx_word' id='word_1_589' title='bbox 3067 3727 3133 3800; x_wconf 81' lang='grc' dir='ltr'><strong>ἦν</strong></span> <span class='ocrx_word' id='word_1_590' title='bbox 3176 3731 3303 3794; x_wconf 75' lang='grc' dir='ltr'>ἴσως</span> <span class='ocrx_word' id='word_1_591' title='bbox 3334 3730 3394 3782; x_wconf 87' lang='grc' dir='ltr'>οὐ</span> <span class='ocrx_word' id='word_1_592' title='bbox 3444 3728 3680 3800; x_wconf 81' lang='grc' dir='ltr'>χαλεπὸν</span> <span class='ocrx_word' id='word_1_593' title='bbox 3711 3729 3805 3780; x_wconf 74' lang='grc' dir='ltr'>ἐπὶ</span> 
     </span>
    </p>
   </div>
   <div class='ocr_carea' id='block_1_82' title="bbox 2221 3817 3804 3896">
    <p class='ocr_par' dir='ltr' id='par_1_82' title="bbox 2221 3817 3804 3896">
     <span class='ocr_line' id='line_1_82' title="bbox 2221 3817 3804 3896; baseline -0.008 -17"><span class='ocrx_word' id='word_1_594' title='bbox 2221 3827 2394 3896; x_wconf 87' lang='grc' dir='ltr'>τούτῳ</span> <span class='ocrx_word' id='word_1_595' title='bbox 2424 3825 2733 3893; x_wconf 77' lang='grc' dir='ltr'>δαπανῆσαι</span> <span class='ocrx_word' id='word_1_596' title='bbox 2769 3822 2928 3890; x_wconf 86' lang='grc' dir='ltr'>λόγον</span> <span class='ocrx_word' id='word_1_597' title='bbox 2951 3836 2964 3851; x_wconf 80' lang='grc'>⁶</span> <span class='ocrx_word' id='word_1_598' title='bbox 2992 3819 3059 3873; x_wconf 76' lang='grc' dir='ltr'>τὰ</span> <span class='ocrx_word' id='word_1_599' title='bbox 3091 3820 3149 3873; x_wconf 79' lang='grc' dir='ltr'>δὲ</span> <span class='ocrx_word' id='word_1_600' title='bbox 3194 3820 3314 3872; x_wconf 86' lang='grc' dir='ltr'>λίαν</span> <span class='ocrx_word' id='word_1_601' title='bbox 3347 3820 3574 3892; x_wconf 81' lang='grc' dir='ltr'>ἐναργῆ,</span> <span class='ocrx_word' id='word_1_602' title='bbox 3618 3818 3714 3871; x_wconf 69' lang='grc' dir='ltr'><strong>καὶ</strong></span> <span class='ocrx_word' id='word_1_603' title='bbox 3739 3817 3804 3868; x_wconf 75' lang='grc' dir='ltr'><strong>οὐ</strong></span> 
     </span>
    </p>
   </div>
   <div class='ocr_carea' id='block_1_83' title="bbox 2224 3909 3806 3991">
    <p class='ocr_par' dir='ltr' id='par_1_83' title="bbox 2224 3909 3806 3991">
     <span class='ocr_line' id='line_1_83' title="bbox 2224 3909 3806 3991; baseline -0.009 -19"><span class='ocrx_word' id='word_1_604' title='bbox 2224 3918 2476 3991; x_wconf 81' lang='grc' dir='ltr'><strong>θύραθεν,</strong></span> <span class='ocrx_word' id='word_1_605' title='bbox 2507 3916 2620 3971; x_wconf 74' lang='grc' dir='ltr'>ἀλλ’</span> <span class='ocrx_word' id='word_1_606' title='bbox 2656 3914 2716 3982; x_wconf 79' lang='grc' dir='ltr'>ἐξ</span> <span class='ocrx_word' id='word_1_607' title='bbox 2761 3911 2989 3975; x_wconf 83' lang='grc' dir='ltr'><strong>ἑαυτῶν,</strong></span> <span class='ocrx_word' id='word_1_608' title='bbox 3021 3911 3120 3964; x_wconf 80' lang='grc' dir='ltr'>οὐκ</span> <span class='ocrx_word' id='word_1_609' title='bbox 3163 3910 3360 3975; x_wconf 79' lang='grc' dir='ltr'>ἔξωθεν</span> <span class='ocrx_word' id='word_1_610' title='bbox 3389 3912 3512 3973; x_wconf 83' lang='grc' dir='ltr'>τοὺς</span> <span class='ocrx_word' id='word_1_611' title='bbox 3545 3909 3806 3976; x_wconf 84' lang='grc' dir='ltr'>ἐλέγχους</span> 
     </span>
    </p>
   </div>
   <div class='ocr_carea' id='block_1_84' title="bbox 2223 3999 3808 4081">
    <p class='ocr_par' dir='ltr' id='par_1_84' title="bbox 2223 3999 3808 4081">
     <span class='ocr_line' id='line_1_84' title="bbox 2223 3999 3808 4081; baseline -0.008 -17"><span class='ocrx_word' id='word_1_612' title='bbox 2223 4009 2584 4081; x_wconf 71' lang='grc' dir='ltr'><strong>λαμϐάνοντα,</strong></span> <span class='ocrx_word' id='word_1_613' title='bbox 2623 4006 2871 4079; x_wconf 73' lang='grc' dir='ltr'>περιττὸν</span> <span class='ocrx_word' id='word_1_614' title='bbox 2901 3999 3051 4073; x_wconf 78' lang='grc' dir='ltr'>οἶμαι</span> <span class='ocrx_word' id='word_1_615' title='bbox 3097 4001 3294 4070; x_wconf 81' lang='grc' dir='ltr'>λέγειν,</span> <span class='ocrx_word' id='word_1_616' title='bbox 3331 4001 3407 4065; x_wconf 87' lang='grc' dir='ltr'><strong>ὼς</strong></span> <span class='ocrx_word' id='word_1_617' title='bbox 3448 4000 3545 4053; x_wconf 73' lang='grc' dir='ltr'><strong>οὐκ</strong></span> <span class='ocrx_word' id='word_1_618' title='bbox 3580 3999 3648 4053; x_wconf 83' lang='grc' dir='ltr'><strong>ἂν</strong></span> <span class='ocrx_word' id='word_1_619' title='bbox 3689 3999 3808 4068; x_wconf 79' lang='grc' dir='ltr'>ἔχοι</span> 
     </span>
    </p>
   </div>
   <div class='ocr_carea' id='block_1_85' title="bbox 2226 4091 3809 4174">
    <p class='ocr_par' dir='ltr' id='par_1_85' title="bbox 2226 4091 3809 4174">
     <span class='ocr_line' id='line_1_85' title="bbox 2226 4091 3809 4174; baseline -0.011 -16"><span class='ocrx_word' id='word_1_620' title='bbox 2226 4103 2432 4174; x_wconf 85' lang='grc' dir='ltr'>κακῶς,</span> <span class='ocrx_word' id='word_1_621' title='bbox 2461 4101 2493 4172; x_wconf 85' lang='grc' dir='ltr'>ἢ</span> <span class='ocrx_word' id='word_1_622' title='bbox 2529 4099 2728 4162; x_wconf 82' lang='grc' dir='ltr'>καλῶς.</span> <span class='ocrx_word' id='word_1_623' title='bbox 2761 4097 2826 4151; x_wconf 86' lang='grc' dir='ltr'>Τί</span> <span class='ocrx_word' id='word_1_624' title='bbox 2859 4095 2967 4167; x_wconf 83' lang='grc' dir='ltr'><strong>γὰρ</strong></span> <span class='ocrx_word' id='word_1_625' title='bbox 3013 4094 3079 4149; x_wconf 78' lang='grc' dir='ltr'><strong>ἄν</strong></span> <span class='ocrx_word' id='word_1_626' title='bbox 3125 4111 3209 4158; x_wconf 88' lang='grc' dir='ltr'><strong>τις</strong></span> <span class='ocrx_word' id='word_1_627' title='bbox 3240 4095 3350 4158; x_wconf 90' lang='grc' dir='ltr'>τοῖς</span> <span class='ocrx_word' id='word_1_628' title='bbox 3378 4091 3638 4156; x_wconf 87' lang='grc' dir='ltr'>τοιούτοις</span> <span class='ocrx_word' id='word_1_629' title='bbox 3683 4091 3809 4142; x_wconf 85' lang='grc' dir='ltr'>ἐπι-</span> 
     </span>
    </p>
   </div>
   <div class='ocr_carea' id='block_1_86' title="bbox 2225 4178 3809 4265">
    <p class='ocr_par' dir='ltr' id='par_1_86' title="bbox 2225 4178 3809 4265">
     <span class='ocr_line' id='line_1_86' title="bbox 2225 4178 3809 4265; baseline -0.01 -17"><span class='ocrx_word' id='word_1_630' title='bbox 2225 4193 2501 4265; x_wconf 75' lang='grc' dir='ltr'>διατρῖψαι</span> <span class='ocrx_word' id='word_1_631' title='bbox 2553 4187 2930 4258; x_wconf 83' lang='grc' dir='ltr'>λεπτομυθῶν,</span> <span class='ocrx_word' id='word_1_632' title='bbox 2963 4187 3055 4239; x_wconf 76' lang='grc' dir='ltr'><strong>καὶ</strong></span> <span class='ocrx_word' id='word_1_633' title='bbox 3106 4185 3174 4239; x_wconf 79' lang='grc' dir='ltr'>τὰ</span> <span class='ocrx_word' id='word_1_634' title='bbox 3205 4182 3516 4255; x_wconf 89' lang='grc' dir='ltr'>μηδαμόθεν</span> <span class='ocrx_word' id='word_1_635' title='bbox 3561 4178 3809 4248; x_wconf 82' lang='grc' dir='ltr'>δυσχερῆ</span> 
     </span>
    </p>
   </div>
   <div class='ocr_carea' id='block_1_87' title="bbox 2229 4275 3814 4356">
    <p class='ocr_par' dir='ltr' id='par_1_87' title="bbox 2229 4275 3814 4356">
     <span class='ocr_line' id='line_1_87' title="bbox 2229 4275 3814 4356; baseline -0.009 -13"><span class='ocrx_word' id='word_1_636' title='bbox 2229 4284 2712 4356; x_wconf 79' lang='grc' dir='ltr'>κατακερματίζων</span> <span class='ocrx_word' id='word_1_637' title='bbox 2733 4283 2809 4345; x_wconf 84' lang='grc' dir='ltr'><strong>είς</strong></span> <span class='ocrx_word' id='word_1_638' title='bbox 2829 4282 2927 4334; x_wconf 79' lang='grc' dir='ltr'><strong>οὐκ</strong></span> <span class='ocrx_word' id='word_1_639' title='bbox 2952 4279 3238 4349; x_wconf 78' lang='grc' dir='ltr'>εὐκαίρους</span> <span class='ocrx_word' id='word_1_640' title='bbox 3269 4275 3589 4344; x_wconf 84' lang='grc' dir='ltr'>πολυλογίας</span> <span class='ocrx_word' id='word_1_641' title='bbox 3612 4292 3626 4339; x_wconf 86' lang='grc'>;</span> <span class='ocrx_word' id='word_1_642' title='bbox 3649 4276 3814 4344; x_wconf 85' lang='grc' dir='ltr'>Ἔχει</span> 
     </span>
    </p>
   </div>
   <div class='ocr_carea' id='block_1_88' title="bbox 558 4365 2112 4444">
    <p class='ocr_par' dir='ltr' id='par_1_88' title="bbox 558 4365 2112 4443">
     <span class='ocr_line' id='line_1_88' title="bbox 558 4365 2112 4443; baseline -0.011 -9"><span class='ocrx_word' id='word_1_643' title='bbox 558 4379 756 4440; x_wconf 88' lang='lat' dir='ltr'><strong>beatis,</strong></span> <span class='ocrx_word' id='word_1_644' title='bbox 794 4386 847 4430; x_wconf 90' lang='lat' dir='ltr'><strong>et</strong></span> <span class='ocrx_word' id='word_1_645' title='bbox 884 4377 938 4429; x_wconf 88' lang='lat' dir='ltr'><strong>in</strong></span> <span class='ocrx_word' id='word_1_646' title='bbox 974 4375 1095 4443; x_wconf 88' lang='lat' dir='ltr'><strong>ejus</strong></span> <span class='ocrx_word' id='word_1_647' title='bbox 1128 4372 1351 4442; x_wconf 89' lang='lat' dir='ltr'><strong>scriptis</strong></span> <span class='ocrx_word' id='word_1_648' title='bbox 1393 4367 1615 4424; x_wconf 85' lang='lat' dir='ltr'><strong>assidue</strong></span> <span class='ocrx_word' id='word_1_649' title='bbox 1667 4365 1985 4424; x_wconf 81' lang='lat' dir='ltr'><strong>versemini,</strong></span> <span class='ocrx_word' id='word_1_650' title='bbox 2026 4377 2112 4433; x_wconf 85' lang='lat' dir='ltr'><strong>prc</strong></span> 
     </span>
    </p>
   </div>
   <div class='ocr_carea' id='block_1_89' title="bbox 2213 4365 3817 4444">
    <p class='ocr_par' dir='ltr' id='par_1_89' title="bbox 2227 4368 3817 4444">
     <span class='ocr_line' id='line_1_89' title="bbox 2227 4368 3817 4444; baseline -0.006 -10"><span class='ocrx_word' id='word_1_651' title='bbox 2227 4380 2404 4434; x_wconf 83' lang='grc' dir='ltr'>τοίνυν</span> <span class='ocrx_word' id='word_1_652' title='bbox 2432 4379 2491 4431; x_wconf 82' lang='grc' dir='ltr'>τὸ</span> <span class='ocrx_word' id='word_1_653' title='bbox 2538 4376 2626 4430; x_wconf 85' lang='grc' dir='ltr'>διὰ</span> <span class='ocrx_word' id='word_1_654' title='bbox 2653 4373 2747 4429; x_wconf 83' lang='grc' dir='ltr'>τοῦ</span> <span class='ocrx_word' id='word_1_655' title='bbox 2785 4373 3032 4444; x_wconf 76' lang='grc' dir='ltr'>Σωτῆρος</span> <span class='ocrx_word' id='word_1_656' title='bbox 3082 4370 3370 4440; x_wconf 90' lang='grc' dir='ltr'>λεγόμενον</span> <span class='ocrx_word' id='word_1_657' title='bbox 3413 4368 3652 4422; x_wconf 85' lang='grc' dir='ltr'>τοιοῦτόν</span> <span class='ocrx_word' id='word_1_658' title='bbox 3685 4385 3817 4424; x_wconf 85' lang='grc' dir='ltr'>τινα</span> 
     </span>
    </p>
   </div>
   <div class='ocr_carea' id='block_1_90' title="bbox 559 4445 2112 4539">
    <p class='ocr_par' dir='ltr' id='par_1_90' title="bbox 559 4456 2112 4532">
     <span class='ocr_line' id='line_1_90' title="bbox 559 4456 2112 4532; baseline -0.01 -7"><span class='ocrx_word' id='word_1_659' title='bbox 559 4470 734 4525; x_wconf 89' lang='lat' dir='ltr'><strong>nihilo</strong></span> <span class='ocrx_word' id='word_1_660' title='bbox 779 4475 959 4522; x_wconf 85' lang='lat' dir='ltr'><strong>tamen</strong></span> <span class='ocrx_word' id='word_1_661' title='bbox 1010 4465 1212 4519; x_wconf 89' lang='lat' dir='ltr'><strong>ducitis</strong></span> <span class='ocrx_word' id='word_1_662' title='bbox 1243 4477 1308 4518; x_wconf 87' lang='lat' dir='ltr'><strong>ea</strong></span> <span class='ocrx_word' id='word_1_663' title='bbox 1349 4459 1721 4532; x_wconf 62' lang='lat' dir='ltr'><strong>praetergredi,</strong></span> <span class='ocrx_word' id='word_1_664' title='bbox 1758 4459 1964 4528; x_wconf 82' lang='lat' dir='ltr'><strong>ingenti</strong></span> <span class='ocrx_word' id='word_1_665' title='bbox 1996 4456 2112 4510; x_wconf 86' lang='lat' dir='ltr'><strong>0in</strong></span> 
     </span>
    </p>
   </div>
   <div class='ocr_carea' id='block_1_91' title="bbox 2213 4445 3822 4539">
    <p class='ocr_par' dir='ltr' id='par_1_91' title="bbox 2231 4449 3822 4539">
     <span class='ocr_line' id='line_1_91' title="bbox 2231 4449 3822 4539; baseline -0.009 -13"><span class='ocrx_word' id='word_1_666' title='bbox 2231 4449 2372 4526; x_wconf 46' lang='lat' dir='ltr'><strong>von;</strong></span> <span class='ocrx_word' id='word_1_667' title='bbox 2415 4471 2478 4524; x_wconf 85' lang='lat' dir='ltr'><strong>Ei</strong></span> <span class='ocrx_word' id='word_1_668' title='bbox 2508 4469 2690 4539; x_wconf 87' lang='grc' dir='ltr'>νόμον,</span> <span class='ocrx_word' id='word_1_669' title='bbox 2720 4465 2871 4537; x_wconf 71' lang='grc' dir='ltr'>φησὶ,</span> <span class='ocrx_word' id='word_1_670' title='bbox 2898 4466 2985 4518; x_wconf 82' lang='grc' dir='ltr'><strong>τὸν</strong></span> <span class='ocrx_word' id='word_1_671' title='bbox 3031 4463 3119 4518; x_wconf 78' lang='grc' dir='ltr'>διὰ</span> <span class='ocrx_word' id='word_1_672' title='bbox 3162 4462 3402 4525; x_wconf 86' lang='grc' dir='ltr'>Μωσέως</span> <span class='ocrx_word' id='word_1_673' title='bbox 3455 4461 3666 4531; x_wconf 77' lang='grc' dir='ltr'>ἔχοντες</span> <span class='ocrx_word' id='word_1_674' title='bbox 3715 4477 3822 4527; x_wconf 83' lang='grc' dir='ltr'>γε-</span> 
     </span>
    </p>
   </div>
   <div class='ocr_carea' id='block_1_92' title="bbox 555 4546 2129 4626">
    <p class='ocr_par' dir='ltr' id='par_1_92' title="bbox 555 4546 2129 4626">
     <span class='ocr_line' id='line_1_92' title="bbox 555 4546 2129 4626; baseline -0.006 -14"><span class='ocrx_word' id='word_1_675' title='bbox 555 4560 719 4614; x_wconf 86' lang='lat' dir='ltr'><strong>vione</strong></span> <span class='ocrx_word' id='word_1_676' title='bbox 777 4563 1084 4626; x_wconf 80' lang='lat' dir='ltr'><strong>mergentes</strong></span> <span class='ocrx_word' id='word_1_677' title='bbox 1127 4553 1274 4624; x_wconf 85' lang='lat' dir='ltr'><strong>quod</strong></span> <span class='ocrx_word' id='word_1_678' title='bbox 1326 4567 1470 4622; x_wconf 60' lang='lat' dir='ltr'><strong>saepe</strong></span> <span class='ocrx_word' id='word_1_679' title='bbox 1530 4552 1740 4622; x_wconf 80' lang='lat' dir='ltr'><strong>legistis</strong></span> <span class='ocrx_word' id='word_1_680' title='bbox 1788 4569 1799 4604; x_wconf 90' lang='lat'><strong>:</strong></span> <span class='ocrx_word' id='word_1_681' title='bbox 1849 4546 2129 4618; x_wconf 88' lang='lat' dir='ltr'><strong>quomodo</strong></span> 
     </span>
    </p>
   </div>
   <div class='ocr_carea' id='block_1_93' title="bbox 556 4644 2130 4722">
    <p class='ocr_par' dir='ltr' id='par_1_93' title="bbox 556 4644 2130 4722">
     <span class='ocr_line' id='line_1_93' title="bbox 556 4644 2130 4722; baseline -0.009 -15"><span class='ocrx_word' id='word_1_682' title='bbox 556 4666 686 4722; x_wconf 79' lang='lat' dir='ltr'><strong>erga</strong></span> <span class='ocrx_word' id='word_1_683' title='bbox 722 4662 875 4702; x_wconf 85' lang='lat' dir='ltr'><strong>meos</strong></span> <span class='ocrx_word' id='word_1_684' title='bbox 921 4660 1202 4701; x_wconf 81' lang='lat' dir='ltr'><strong>sermones</strong></span> <span class='ocrx_word' id='word_1_685' title='bbox 1255 4644 1527 4712; x_wconf 68' lang='lat' dir='ltr'><strong>aequiores</strong></span> <span class='ocrx_word' id='word_1_686' title='bbox 1585 4644 1826 4704; x_wconf 80' lang='lat' dir='ltr'><strong>fueritis,</strong></span> <span class='ocrx_word' id='word_1_687' title='bbox 1867 4651 1959 4694; x_wconf 93' lang='lat' dir='ltr'><strong>aut</strong></span> <span class='ocrx_word' id='word_1_688' title='bbox 1997 4654 2130 4708; x_wconf 90' lang='lat' dir='ltr'><strong>quo-</strong></span> 
     </span>
    </p>
   </div>
   <div class='ocr_carea' id='block_1_94' title="bbox 559 4731 2129 4808">
    <p class='ocr_par' dir='ltr' id='par_1_94' title="bbox 559 4731 2129 4808">
     <span class='ocr_line' id='line_1_94' title="bbox 559 4731 2129 4808; baseline -0.007 -13"><span class='ocrx_word' id='word_1_689' title='bbox 559 4741 722 4796; x_wconf 86' lang='lat' dir='ltr'><strong>modo</strong></span> <span class='ocrx_word' id='word_1_690' title='bbox 756 4738 1126 4808; x_wconf 89' lang='lat' dir='ltr'><strong>promptiores</strong></span> <span class='ocrx_word' id='word_1_691' title='bbox 1169 4742 1222 4790; x_wconf 89' lang='lat' dir='ltr'><strong>et</strong></span> <span class='ocrx_word' id='word_1_692' title='bbox 1263 4734 1559 4789; x_wconf 88' lang='lat' dir='ltr'><strong>alacriores</strong></span> <span class='ocrx_word' id='word_1_693' title='bbox 1589 4732 1655 4786; x_wconf 89' lang='lat' dir='ltr'><strong>ad</strong></span> <span class='ocrx_word' id='word_1_694' title='bbox 1686 4747 1748 4785; x_wconf 88' lang='lat' dir='ltr'><strong>ea</strong></span> <span class='ocrx_word' id='word_1_695' title='bbox 1778 4731 2129 4799; x_wconf 88' lang='lat' dir='ltr'><strong>suscipienda</strong></span> 
     </span>
    </p>
   </div>
   <div class='ocr_carea' id='block_1_95' title="bbox 559 4825 2130 4903">
    <p class='ocr_par' dir='ltr' id='par_1_95' title="bbox 559 4825 2130 4903">
     <span class='ocr_line' id='line_1_95' title="bbox 559 4825 2130 4903; baseline -0.009 -14"><span class='ocrx_word' id='word_1_696' title='bbox 559 4849 680 4903; x_wconf 74' lang='lat' dir='ltr'><strong>qua:</strong></span> <span class='ocrx_word' id='word_1_697' title='bbox 709 4833 831 4887; x_wconf 87' lang='lat' dir='ltr'><strong>dico</strong></span> <span class='ocrx_word' id='word_1_698' title='bbox 858 4844 955 4884; x_wconf 86' lang='lat' dir='ltr'><strong>vos</strong></span> <span class='ocrx_word' id='word_1_699' title='bbox 987 4826 1352 4898; x_wconf 73' lang='lat' dir='ltr'><strong>prmbucritis,</strong></span> <span class='ocrx_word' id='word_1_700' title='bbox 1380 4825 1475 4896; x_wconf 87' lang='lat' dir='ltr'><strong>qui</strong></span> <span class='ocrx_word' id='word_1_701' title='bbox 1514 4839 1621 4879; x_wconf 89' lang='lat' dir='ltr'><strong>non</strong></span> <span class='ocrx_word' id='word_1_702' title='bbox 1672 4837 1813 4892; x_wconf 65' lang='lat' dir='ltr'><strong>saepe</strong></span> <span class='ocrx_word' id='word_1_703' title='bbox 1851 4837 1954 4876; x_wconf 89' lang='lat' dir='ltr'><strong>nec</strong></span> <span class='ocrx_word' id='word_1_704' title='bbox 1983 4837 2130 4877; x_wconf 91' lang='lat' dir='ltr'><strong>sem-</strong></span> 
     </span>
    </p>
   </div>
   <div class='ocr_carea' id='block_1_96' title="bbox 560 4917 2128 5000">
    <p class='ocr_par' dir='ltr' id='par_1_96' title="bbox 560 4917 2128 5000">
     <span class='ocr_line' id='line_1_96' title="bbox 560 4917 2128 5000; baseline -0.007 -18"><span class='ocrx_word' id='word_1_705' title='bbox 560 4943 656 5000; x_wconf 90' lang='lat' dir='ltr'><strong>per</strong></span> <span class='ocrx_word' id='word_1_706' title='bbox 705 4923 990 4986; x_wconf 88' lang='lat' dir='ltr'><strong>assidetis,</strong></span> <span class='ocrx_word' id='word_1_707' title='bbox 1035 4921 1130 4976; x_wconf 86' lang='lat' dir='ltr'><strong>sed</strong></span> <span class='ocrx_word' id='word_1_708' title='bbox 1161 4919 1311 4974; x_wconf 82' lang='lat' dir='ltr'><strong>velut</strong></span> <span class='ocrx_word' id='word_1_709' title='bbox 1342 4918 1402 4998; x_wconf 22' lang='lat' dir='ltr'><strong>in:</strong></span> <span class='ocrx_word' id='word_1_710' title='bbox 1432 4927 1760 4972; x_wconf 87' lang='lat' dir='ltr'><strong>transcursu</strong></span> <span class='ocrx_word' id='word_1_711' title='bbox 1803 4931 1866 4971; x_wconf 83' lang='lat' dir='ltr'><strong>ea</strong></span> <span class='ocrx_word' id='word_1_712' title='bbox 1903 4917 2128 4979; x_wconf 90' lang='lat' dir='ltr'><strong>auditis,</strong></span> 
     </span>
    </p>
   </div>
   <div class='ocr_carea' id='block_1_97' title="bbox 559 5005 2133 5078">
    <p class='ocr_par' dir='ltr' id='par_1_97' title="bbox 559 5005 2133 5078">
     <span class='ocr_line' id='line_1_97' title="bbox 559 5005 2133 5078; baseline -0.009 -5"><span class='ocrx_word' id='word_1_713' title='bbox 559 5027 613 5074; x_wconf 91' lang='lat' dir='ltr'><strong>et</strong></span> <span class='ocrx_word' id='word_1_714' title='bbox 655 5017 745 5072; x_wconf 72' lang='lat' dir='ltr'><strong>vix</strong></span> <span class='ocrx_word' id='word_1_715' title='bbox 800 5015 970 5071; x_wconf 89' lang='lat' dir='ltr'><strong>semel</strong></span> <span class='ocrx_word' id='word_1_716' title='bbox 1024 5012 1078 5066; x_wconf 92' lang='lat' dir='ltr'><strong>in</strong></span> <span class='ocrx_word' id='word_1_717' title='bbox 1125 5025 1290 5065; x_wconf 90' lang='lat' dir='ltr'><strong>aures</strong></span> <span class='ocrx_word' id='word_1_718' title='bbox 1347 5007 1598 5078; x_wconf 82' lang='lat' dir='ltr'><strong>corporis</strong></span> <span class='ocrx_word' id='word_1_719' title='bbox 1653 5005 2133 5062; x_wconf 84' lang='lat' dir='ltr'><strong>admisistis?Aut</strong></span> 
     </span>
    </p>
   </div>
   <div class='ocr_carea' id='block_1_98' title="bbox 557 5088 2131 5180">
    <p class='ocr_par' dir='ltr' id='par_1_98' title="bbox 557 5088 2131 5180">
     <span class='ocr_line' id='line_1_98' title="bbox 557 5088 2131 5180; baseline -0.01 -18"><span class='ocrx_word' id='word_1_720' title='bbox 557 5110 705 5169; x_wconf 82' lang='lat' dir='ltr'><strong>enim</strong></span> <span class='ocrx_word' id='word_1_721' title='bbox 740 5106 844 5180; x_wconf 82' lang='lat' dir='ltr'><strong>hoc</strong></span> <span class='ocrx_word' id='word_1_722' title='bbox 865 5102 1028 5163; x_wconf 87' lang='lat' dir='ltr'><strong>modo</strong></span> <span class='ocrx_word' id='word_1_723' title='bbox 1052 5088 1114 5158; x_wconf 84' lang='lat' dir='ltr'><strong>ea</strong></span> <span class='ocrx_word' id='word_1_724' title='bbox 1153 5101 1450 5170; x_wconf 82' lang='lat' dir='ltr'><strong>intelliges,</strong></span> <span class='ocrx_word' id='word_1_725' title='bbox 1476 5106 1568 5152; x_wconf 89' lang='lat' dir='ltr'><strong>aut</strong></span> <span class='ocrx_word' id='word_1_726' title='bbox 1596 5088 1742 5153; x_wconf 86' lang='lat' dir='ltr'><strong>certe</strong></span> <span class='ocrx_word' id='word_1_727' title='bbox 1779 5097 1956 5166; x_wconf 90' lang='lat' dir='ltr'><strong>(utilis</strong></span> <span class='ocrx_word' id='word_1_728' title='bbox 1985 5097 2131 5152; x_wconf 88' lang='lat' dir='ltr'><strong>enim</strong></span> 
     </span>
    </p>
   </div>
   <div class='ocr_carea' id='block_1_99' title="bbox 561 5182 2134 5261">
    <p class='ocr_par' dir='ltr' id='par_1_99' title="bbox 561 5182 2134 5261">
     <span class='ocr_line' id='line_1_99' title="bbox 561 5182 2134 5261; baseline -0.006 -8"><span class='ocrx_word' id='word_1_729' title='bbox 561 5216 622 5254; x_wconf 87' lang='lat' dir='ltr'><strong>ac</strong></span> <span class='ocrx_word' id='word_1_730' title='bbox 667 5201 805 5255; x_wconf 88' lang='lat' dir='ltr'><strong>bona</strong></span> <span class='ocrx_word' id='word_1_731' title='bbox 841 5182 1006 5253; x_wconf 80' lang='lat' dir='ltr'><strong>estin</strong></span> <span class='ocrx_word' id='word_1_732' title='bbox 1046 5195 1131 5250; x_wconf 90' lang='lat' dir='ltr'><strong>his</strong></span> <span class='ocrx_word' id='word_1_733' title='bbox 1164 5191 1482 5261; x_wconf 88' lang='lat' dir='ltr'><strong>curiositas)</strong></span> <span class='ocrx_word' id='word_1_734' title='bbox 1517 5191 1722 5260; x_wconf 86' lang='lat' dir='ltr'><strong>scripta</strong></span> <span class='ocrx_word' id='word_1_735' title='bbox 1776 5188 2015 5245; x_wconf 84' lang='lat' dir='ltr'><strong>Mosaica</strong></span> <span class='ocrx_word' id='word_1_736' title='bbox 2050 5190 2134 5244; x_wconf 87' lang='lat' dir='ltr'><strong>di-</strong></span> 
     </span>
    </p>
   </div>
   <div class='ocr_carea' id='block_1_100' title="bbox 562 5281 2128 5354">
    <p class='ocr_par' dir='ltr' id='par_1_100' title="bbox 562 5281 2128 5354">
     <span class='ocr_line' id='line_1_100' title="bbox 562 5281 2128 5354; baseline -0.007 -12"><span class='ocrx_word' id='word_1_737' title='bbox 562 5309 653 5345; x_wconf 75' lang='lat' dir='ltr'><strong>ces</strong></span> <span class='ocrx_word' id='word_1_738' title='bbox 699 5290 1095 5344; x_wconf 82' lang='lat' dir='ltr'><strong>institutionem</strong></span> <span class='ocrx_word' id='word_1_739' title='bbox 1153 5285 1472 5354; x_wconf 86' lang='lat' dir='ltr'><strong>quamdam,</strong></span> <span class='ocrx_word' id='word_1_740' title='bbox 1517 5289 1570 5337; x_wconf 89' lang='lat' dir='ltr'><strong>et</strong></span> <span class='ocrx_word' id='word_1_741' title='bbox 1611 5282 1845 5354; x_wconf 83' lang='lat' dir='ltr'><strong>lypieam</strong></span> <span class='ocrx_word' id='word_1_742' title='bbox 1900 5281 2128 5334; x_wconf 80' lang='lat' dir='ltr'><strong>formam</strong></span> 
     </span>
    </p>
   </div>
   <div class='ocr_carea' id='block_1_101' title="bbox 561 5357 2132 5450">
    <p class='ocr_par' dir='ltr' id='par_1_101' title="bbox 561 5357 2132 5450">
     <span class='ocr_line' id='line_1_101' title="bbox 561 5357 2132 5450; baseline -0.008 -14"><span class='ocrx_word' id='word_1_743' title='bbox 561 5382 763 5436; x_wconf 72' lang='lat' dir='ltr'><strong>Cliniin</strong></span> <span class='ocrx_word' id='word_1_744' title='bbox 821 5379 1209 5450; x_wconf 82' lang='lat' dir='ltr'><strong>mysteriorum</strong></span> <span class='ocrx_word' id='word_1_745' title='bbox 1264 5376 1570 5436; x_wconf 84' lang='lat' dir='ltr'><strong>continere,</strong></span> <span class='ocrx_word' id='word_1_746' title='bbox 1621 5382 1675 5430; x_wconf 89' lang='lat' dir='ltr'><strong>et</strong></span> <span class='ocrx_word' id='word_1_747' title='bbox 1724 5357 1846 5442; x_wconf 70' lang='lat' dir='ltr'><strong>quae</strong></span> <span class='ocrx_word' id='word_1_748' title='bbox 1895 5374 1950 5426; x_wconf 94' lang='lat' dir='ltr'><strong>in</strong></span> <span class='ocrx_word' id='word_1_749' title='bbox 1998 5373 2132 5444; x_wconf 86' lang='lat' dir='ltr'><strong>ipsis</strong></span> 
     </span>
    </p>
   </div>
   <div class='ocr_carea' id='block_1_102' title="bbox 2233 4549 3818 4635">
    <p class='ocr_par' dir='ltr' id='par_1_102' title="bbox 2233 4549 3818 4635">
     <span class='ocr_line' id='line_1_102' title="bbox 2233 4549 3818 4635; baseline -0.011 -18"><span class='ocrx_word' id='word_1_750' title='bbox 2233 4560 2570 4635; x_wconf 86' lang='grc' dir='ltr'>γραμμένον,</span> <span class='ocrx_word' id='word_1_751' title='bbox 2601 4558 2715 4612; x_wconf 79' lang='grc' dir='ltr'>ἄνω</span> <span class='ocrx_word' id='word_1_752' title='bbox 2742 4573 2798 4611; x_wconf 90' lang='grc' dir='ltr'><strong>τε</strong></span> <span class='ocrx_word' id='word_1_753' title='bbox 2829 4555 2922 4610; x_wconf 64' lang='grc' dir='ltr'><strong>καλ⁵</strong></span> <span class='ocrx_word' id='word_1_754' title='bbox 2955 4554 3104 4607; x_wconf 88' lang='grc' dir='ltr'>κάτω</span> <span class='ocrx_word' id='word_1_755' title='bbox 3138 4552 3204 4606; x_wconf 77' lang='grc' dir='ltr'>τά</span> <span class='ocrx_word' id='word_1_756' title='bbox 3237 4550 3442 4605; x_wconf 86' lang='grc' dir='ltr'>ἐκείνου</span> <span class='ocrx_word' id='word_1_757' title='bbox 3478 4549 3818 4620; x_wconf 83' lang='grc' dir='ltr'>μελετῶντες</span> 
     </span>
    </p>
   </div>
   <div class='ocr_carea' id='block_1_103' title="bbox 2233 4642 3822 4726">
    <p class='ocr_par' dir='ltr' id='par_1_103' title="bbox 2233 4642 3822 4726">
     <span class='ocr_line' id='line_1_103' title="bbox 2233 4642 3822 4726; baseline -0.011 -17"><span class='ocrx_word' id='word_1_758' title='bbox 2233 4654 2534 4726; x_wconf 81' lang='grc' dir='ltr'>γράμματα</span> <span class='ocrx_word' id='word_1_759' title='bbox 2569 4652 2695 4720; x_wconf 80' lang='grc' dir='ltr'>παρ’</span> <span class='ocrx_word' id='word_1_760' title='bbox 2715 4648 2868 4702; x_wconf 77' lang='grc' dir='ltr'>οὐδὲν</span> <span class='ocrx_word' id='word_1_761' title='bbox 2901 4646 3136 4699; x_wconf 81' lang='grc' dir='ltr'>ποιεῖσθε</span> <span class='ocrx_word' id='word_1_762' title='bbox 3170 4645 3266 4714; x_wconf 82' lang='grc' dir='ltr'><strong>τὴν</strong></span> <span class='ocrx_word' id='word_1_763' title='bbox 3296 4645 3382 4695; x_wconf 79' lang='grc' dir='ltr'>ἐπ’</span> <span class='ocrx_word' id='word_1_764' title='bbox 3420 4643 3602 4705; x_wconf 78' lang='grc' dir='ltr'>αὐτοῖς</span> <span class='ocrx_word' id='word_1_765' title='bbox 3631 4642 3822 4713; x_wconf 78' lang='grc' dir='ltr'>παρά-</span> 
     </span>
    </p>
   </div>
   <div class='ocr_carea' id='block_1_104' title="bbox 2234 4732 3819 4812">
    <p class='ocr_par' dir='ltr' id='par_1_104' title="bbox 2234 4732 3819 4812">
     <span class='ocr_line' id='line_1_104' title="bbox 2234 4732 3819 4812; baseline -0.008 -14"><span class='ocrx_word' id='word_1_766' title='bbox 2234 4746 2390 4799; x_wconf 81' lang='grc' dir='ltr'>ϐασιν</span> <span class='ocrx_word' id='word_1_767' title='bbox 2416 4785 2430 4808; x_wconf 90' lang='grc'><strong>,</strong></span> <span class='ocrx_word' id='word_1_768' title='bbox 2462 4741 2675 4810; x_wconf 83' lang='grc' dir='ltr'>ἐκτόπῳ</span> <span class='ocrx_word' id='word_1_769' title='bbox 2723 4739 2860 4812; x_wconf 83' lang='grc' dir='ltr'><strong>λήθῃ</strong></span> <span class='ocrx_word' id='word_1_770' title='bbox 2904 4738 3252 4809; x_wconf 75' lang='grc' dir='ltr'>βαπτίζοντες</span> <span class='ocrx_word' id='word_1_771' title='bbox 3297 4734 3357 4787; x_wconf 84' lang='grc' dir='ltr'><strong>τὺ</strong></span> <span class='ocrx_word' id='word_1_772' title='bbox 3409 4732 3667 4795; x_wconf 79' lang='grc' dir='ltr'>πολλάκις</span> <span class='ocrx_word' id='word_1_773' title='bbox 3716 4733 3819 4786; x_wconf 66' lang='grc' dir='ltr'><strong>ἀνι</strong></span> 
     </span>
    </p>
   </div>
   <div class='ocr_carea' id='block_1_105' title="bbox 2235 4823 3816 4905">
    <p class='ocr_par' dir='ltr' id='par_1_105' title="bbox 2235 4823 3816 4905">
     <span class='ocr_line' id='line_1_105' title="bbox 2235 4823 3816 4905; baseline -0.009 -16"><span class='ocrx_word' id='word_1_774' title='bbox 2235 4832 2596 4905; x_wconf 85' lang='grc' dir='ltr'>εγνωσμένον,</span> <span class='ocrx_word' id='word_1_775' title='bbox 2629 4829 2743 4893; x_wconf 82' lang='grc' dir='ltr'>πῶς</span> <span class='ocrx_word' id='word_1_776' title='bbox 2786 4829 2849 4883; x_wconf 80' lang='grc' dir='ltr'><strong>ἂν</strong></span> <span class='ocrx_word' id='word_1_777' title='bbox 2891 4827 3132 4898; x_wconf 80' lang='grc' dir='ltr'>γένοισθε</span> <span class='ocrx_word' id='word_1_778' title='bbox 3174 4826 3298 4895; x_wconf 76' lang='grc' dir='ltr'>περὶ</span> <span class='ocrx_word' id='word_1_779' title='bbox 3341 4824 3469 4884; x_wconf 81' lang='grc' dir='ltr'>τοὺς</span> <span class='ocrx_word' id='word_1_780' title='bbox 3503 4824 3671 4892; x_wconf 71' lang='grc' dir='ltr'>ἐμοὺς</span> <span class='ocrx_word' id='word_1_781' title='bbox 3719 4823 3816 4875; x_wconf 80' lang='grc' dir='ltr'><strong>εὐ-</strong></span> 
     </span>
    </p>
   </div>
   <div class='ocr_carea' id='block_1_106' title="bbox 2236 4909 3816 4995">
    <p class='ocr_par' dir='ltr' id='par_1_106' title="bbox 2236 4909 3816 4995">
     <span class='ocr_line' id='line_1_106' title="bbox 2236 4909 3816 4995; baseline -0.013 -17"><span class='ocrx_word' id='word_1_782' title='bbox 2236 4921 2660 4995; x_wconf 83' lang='grc' dir='ltr'>γνωμονέστεροι</span> <span class='ocrx_word' id='word_1_783' title='bbox 2706 4916 2999 4987; x_wconf 78' lang='grc' dir='ltr'>λόγους,ἢ</span> <span class='ocrx_word' id='word_1_784' title='bbox 3060 4914 3175 4977; x_wconf 85' lang='grc' dir='ltr'>πῶς</span> <span class='ocrx_word' id='word_1_785' title='bbox 3210 4914 3274 4966; x_wconf 88' lang='grc' dir='ltr'>ἂν</span> <span class='ocrx_word' id='word_1_786' title='bbox 3325 4909 3660 4980; x_wconf 81' lang='grc' dir='ltr'>ἑτοιμότεροι</span> <span class='ocrx_word' id='word_1_787' title='bbox 3722 4909 3816 4960; x_wconf 74' lang='grc' dir='ltr'>καὶ</span> 
     </span>
    </p>
   </div>
   <div class='ocr_carea' id='block_1_107' title="bbox 2233 4997 3812 5080">
    <p class='ocr_par' dir='ltr' id='par_1_107' title="bbox 2233 4997 3812 5080">
     <span class='ocr_line' id='line_1_107' title="bbox 2233 4997 3812 5080; baseline -0.014 -12"><span class='ocrx_word' id='word_1_788' title='bbox 2233 5011 2638 5080; x_wconf 82' lang='grc' dir='ltr'>εύπειθέστεροι</span> <span class='ocrx_word' id='word_1_789' title='bbox 2667 5008 2803 5079; x_wconf 85' lang='grc' dir='ltr'>πρὸς</span> <span class='ocrx_word' id='word_1_790' title='bbox 2836 5007 2933 5070; x_wconf 74' lang='grc' dir='ltr'><strong>τὰς</strong></span> <span class='ocrx_word' id='word_1_791' title='bbox 2967 5005 3109 5074; x_wconf 85' lang='grc' dir='ltr'>ἐμὰς</span> <span class='ocrx_word' id='word_1_792' title='bbox 3139 4999 3495 5070; x_wconf 78' lang='grc' dir='ltr'>ἀναφανεῖσθε</span> <span class='ocrx_word' id='word_1_793' title='bbox 3528 4997 3736 5067; x_wconf 73' lang='grc' dir='ltr'>φωνὰς,</span> <span class='ocrx_word' id='word_1_794' title='bbox 3755 4998 3812 5047; x_wconf 71' lang='grc' dir='ltr'><strong>οὐ</strong></span> 
     </span>
    </p>
   </div>
   <div class='ocr_carea' id='block_1_108' title="bbox 2236 5091 3808 5170">
    <p class='ocr_par' dir='ltr' id='par_1_108' title="bbox 2236 5091 3808 5170">
     <span class='ocr_line' id='line_1_108' title="bbox 2236 5091 3808 5170; baseline -0.015 -8"><span class='ocrx_word' id='word_1_795' title='bbox 2236 5107 2492 5168; x_wconf 85' lang='grc' dir='ltr'>πολλάκις</span> <span class='ocrx_word' id='word_1_796' title='bbox 2518 5102 2639 5156; x_wconf 83' lang='grc' dir='ltr'>οὐδέ</span> <span class='ocrx_word' id='word_1_797' title='bbox 2682 5102 2768 5156; x_wconf 78' lang='grc' dir='ltr'>ἀεὶ</span> <span class='ocrx_word' id='word_1_798' title='bbox 2793 5097 3263 5170; x_wconf 85' lang='grc' dir='ltr'>προσεδρεύοντες,</span> <span class='ocrx_word' id='word_1_799' title='bbox 3306 5091 3419 5147; x_wconf 82' lang='grc' dir='ltr'>ἀλλ’</span> <span class='ocrx_word' id='word_1_800' title='bbox 3450 5092 3524 5152; x_wconf 86' lang='grc' dir='ltr'><strong>ὡς</strong></span> <span class='ocrx_word' id='word_1_801' title='bbox 3549 5092 3614 5142; x_wconf 82' lang='grc' dir='ltr'><strong>ἐκ</strong></span> <span class='ocrx_word' id='word_1_802' title='bbox 3638 5105 3808 5159; x_wconf 74' lang='grc' dir='ltr'>παρε-</span> 
     </span>
    </p>
   </div>
   <div class='ocr_carea' id='block_1_109' title="bbox 2235 5179 3809 5269">
    <p class='ocr_par' dir='ltr' id='par_1_109' title="bbox 2235 5179 3809 5269">
     <span class='ocr_line' id='line_1_109' title="bbox 2235 5179 3809 5269; baseline -0.015 -19"><span class='ocrx_word' id='word_1_803' title='bbox 2235 5197 2440 5269; x_wconf 82' lang='grc' dir='ltr'>δρομῆς</span> <span class='ocrx_word' id='word_1_804' title='bbox 2472 5193 2856 5264; x_wconf 80' lang='grc' dir='ltr'>ἀκροώμενοι,</span> <span class='ocrx_word' id='word_1_805' title='bbox 2883 5189 2977 5242; x_wconf 71' lang='grc' dir='ltr'><strong>καὶ</strong></span> <span class='ocrx_word' id='word_1_806' title='bbox 3022 5188 3179 5258; x_wconf 90' lang='grc' dir='ltr'>μόνον</span> <span class='ocrx_word' id='word_1_807' title='bbox 3227 5183 3374 5247; x_wconf 73' lang='grc' dir='ltr'>ἅπαξ</span> <span class='ocrx_word' id='word_1_808' title='bbox 3425 5180 3537 5233; x_wconf 78' lang='grc' dir='ltr'><strong>ἔσθ’</strong></span> <span class='ocrx_word' id='word_1_809' title='bbox 3564 5181 3654 5232; x_wconf 83' lang='grc' dir='ltr'>ὅτε</span> <span class='ocrx_word' id='word_1_810' title='bbox 3697 5179 3809 5237; x_wconf 82' lang='grc' dir='ltr'>ταῖς</span> 
     </span>
    </p>
   </div>
   <div class='ocr_carea' id='block_1_110' title="bbox 2237 5269 3816 5357">
    <p class='ocr_par' dir='ltr' id='par_1_110' title="bbox 2237 5269 3816 5357">
     <span class='ocr_line' id='line_1_110' title="bbox 2237 5269 3816 5357; baseline -0.016 -15"><span class='ocrx_word' id='word_1_811' title='bbox 2237 5288 2330 5344; x_wconf 80' lang='grc' dir='ltr'><strong>τοῦ</strong></span> <span class='ocrx_word' id='word_1_812' title='bbox 2366 5289 2612 5357; x_wconf 85' lang='grc' dir='ltr'>σώματος</span> <span class='ocrx_word' id='word_1_813' title='bbox 2649 5285 2838 5346; x_wconf 82' lang='grc' dir='ltr'>ἀκοαῖς</span> <span class='ocrx_word' id='word_1_814' title='bbox 2885 5279 3298 5344; x_wconf 79' lang='grc' dir='ltr'>είσοικίζοντες;</span> <span class='ocrx_word' id='word_1_815' title='bbox 3327 5275 3397 5326; x_wconf 86' lang='grc' dir='ltr'><em>Ἢ</em></span> <span class='ocrx_word' id='word_1_816' title='bbox 3439 5271 3546 5340; x_wconf 72' lang='grc' dir='ltr'>γὰρ</span> <span class='ocrx_word' id='word_1_817' title='bbox 3583 5271 3722 5323; x_wconf 75' lang='grc' dir='ltr'><strong>κατᾶ</strong></span> <span class='ocrx_word' id='word_1_818' title='bbox 3758 5269 3816 5328; x_wconf 72' lang='grc' dir='ltr'><strong>τδ</strong></span> 
     </span>
    </p>
   </div>
   <div class='ocr_carea' id='block_1_111' title="bbox 2243 5361 3822 5450">
    <p class='ocr_par' dir='ltr' id='par_1_111' title="bbox 2243 5361 3822 5450">
     <span class='ocr_line' id='line_1_111' title="bbox 2243 5361 3822 5450; baseline -0.015 -18"><span class='ocrx_word' id='word_1_819' title='bbox 2243 5381 2428 5450; x_wconf 84' lang='grc' dir='ltr'>σχῆμα</span> <span class='ocrx_word' id='word_1_820' title='bbox 2479 5376 2594 5430; x_wconf 87' lang='grc' dir='ltr'>τόδε</span> <span class='ocrx_word' id='word_1_821' title='bbox 2641 5377 2752 5437; x_wconf 92' lang='grc' dir='ltr'>τοῖς</span> <span class='ocrx_word' id='word_1_822' title='bbox 2788 5372 3093 5442; x_wconf 77' lang='grc' dir='ltr'>εἰρημένοις</span> <span class='ocrx_word' id='word_1_823' title='bbox 3129 5365 3470 5439; x_wconf 77' lang='grc' dir='ltr'>προσϐαλεῖς,</span> <span class='ocrx_word' id='word_1_824' title='bbox 3522 5362 3554 5430; x_wconf 78' lang='grc' dir='ltr'>ἦ</span> <span class='ocrx_word' id='word_1_825' title='bbox 3615 5361 3822 5431; x_wconf 77' lang='grc' dir='ltr'>ἑτέρως</span> 
     </span>
    </p>
   </div>
   <div class='ocr_carea' id='block_1_112' title="bbox 564 5467 2126 5538">
    <p class='ocr_par' dir='ltr' id='par_1_112' title="bbox 564 5467 2126 5538">
     <span class='ocr_line' id='line_1_112' title="bbox 564 5467 2126 5538; baseline -0.003 -16"><span class='ocrx_word' id='word_1_826' title='bbox 564 5473 958 5527; x_wconf 78' lang='lat' dir='ltr'><strong>adumbrantur</strong></span> <span class='ocrx_word' id='word_1_827' title='bbox 987 5471 1254 5525; x_wconf 86' lang='lat' dir='ltr'><strong>elementa</strong></span> <span class='ocrx_word' id='word_1_828' title='bbox 1288 5469 1458 5523; x_wconf 86' lang='lat' dir='ltr'><strong>veluti</strong></span> <span class='ocrx_word' id='word_1_829' title='bbox 1496 5467 1744 5538; x_wconf 79' lang='lat' dir='ltr'><strong>qmedam</strong></span> <span class='ocrx_word' id='word_1_830' title='bbox 1782 5483 1903 5522; x_wconf 84' lang='lat' dir='ltr'><strong>esse</strong></span> <span class='ocrx_word' id='word_1_831' title='bbox 1937 5467 2126 5534; x_wconf 79' lang='lat' dir='ltr'><strong>cogni-</strong></span> 
     </span>
    </p>
   </div>
   <div class='ocr_carea' id='block_1_113' title="bbox 566 5556 2132 5641">
    <p class='ocr_par' dir='ltr' id='par_1_113' title="bbox 566 5556 2132 5641">
     <span class='ocr_line' id='line_1_113' title="bbox 566 5556 2132 5641; baseline -0.003 -26"><span class='ocrx_word' id='word_1_832' title='bbox 566 5565 729 5616; x_wconf 87' lang='lat' dir='ltr'><strong>tionis</strong></span> <span class='ocrx_word' id='word_1_833' title='bbox 750 5563 889 5641; x_wconf 65' lang='lat' dir='ltr'><strong>eius,</strong></span> <span class='ocrx_word' id='word_1_834' title='bbox 924 5561 990 5616; x_wconf 86' lang='lat' dir='ltr'><strong>de</strong></span> <span class='ocrx_word' id='word_1_835' title='bbox 1019 5561 1222 5629; x_wconf 88' lang='lat' dir='ltr'><strong>quibus</strong></span> <span class='ocrx_word' id='word_1_836' title='bbox 1258 5569 1414 5615; x_wconf 86' lang='lat' dir='ltr'><strong>antea</strong></span> <span class='ocrx_word' id='word_1_837' title='bbox 1448 5558 1716 5628; x_wconf 76' lang='lat' dir='ltr'><strong>prolixius</strong></span> <span class='ocrx_word' id='word_1_838' title='bbox 1753 5559 2014 5612; x_wconf 76' lang='lat' dir='ltr'><strong>diximus.</strong></span> <span class='ocrx_word' id='word_1_839' title='bbox 2043 5556 2132 5610; x_wconf 83' lang='lat' dir='ltr'><strong>Fi-</strong></span> 
     </span>
    </p>
   </div>
   <div class='ocr_carea' id='block_1_114' title="bbox 2241 5451 3840 5538">
    <p class='ocr_par' dir='ltr' id='par_1_114' title="bbox 2241 5451 3840 5538">
     <span class='ocr_line' id='line_1_114' title="bbox 2241 5451 3840 5538; baseline -0.016 -16"><span class='ocrx_word' id='word_1_840' title='bbox 2241 5468 2584 5538; x_wconf 73' lang='grc' dir='ltr'>ὲπαθλήσειςο</span> <span class='ocrx_word' id='word_1_841' title='bbox 2617 5461 3001 5536; x_wconf 78' lang='grc' dir='ltr'>χρηστομαθὴς</span> <span class='ocrx_word' id='word_1_842' title='bbox 3027 5459 3134 5530; x_wconf 75' lang='grc' dir='ltr'>γὰρ</span> <span class='ocrx_word' id='word_1_843' title='bbox 3153 5458 3270 5510; x_wconf 89' lang='grc' dir='ltr'>λίαν</span> <span class='ocrx_word' id='word_1_844' title='bbox 3291 5457 3324 5525; x_wconf 82' lang='grc' dir='ltr'>ὴ</span> <span class='ocrx_word' id='word_1_845' title='bbox 3352 5457 3408 5507; x_wconf 87' lang='grc' dir='ltr'>ἐν</span> <span class='ocrx_word' id='word_1_846' title='bbox 3429 5451 3639 5512; x_wconf 80' lang='grc' dir='ltr'>τούτοις</span> <span class='ocrx_word' id='word_1_847' title='bbox 3665 5465 3760 5516; x_wconf 68' lang='grc' dir='ltr'>πεε</span> <span class='ocrx_word' id='word_1_848' title='bbox 3782 5466 3840 5498; x_wconf 87' lang='grc' dir='ltr'>ι-</span> 
     </span>
    </p>
   </div>
   <div class='ocr_carea' id='block_1_115' title="bbox 2244 5540 3844 5629">
    <p class='ocr_par' dir='ltr' id='par_1_115' title="bbox 2244 5540 3844 5629">
     <span class='ocr_line' id='line_1_115' title="bbox 2244 5540 3844 5629; baseline -0.018 -14"><span class='ocrx_word' id='word_1_849' title='bbox 2244 5559 2398 5629; x_wconf 75' lang='grc' dir='ltr'>εργία</span> <span class='ocrx_word' id='word_1_850' title='bbox 2425 5558 2513 5612; x_wconf 76' lang='grc' dir='ltr'><strong>καὶ</strong></span> <span class='ocrx_word' id='word_1_851' title='bbox 2532 5557 2754 5628; x_wconf 76' lang='grc' dir='ltr'>ζήτησις</span> <span class='ocrx_word' id='word_1_852' title='bbox 2775 5572 2786 5583; x_wconf 87' lang='grc'><strong>·</strong></span> <span class='ocrx_word' id='word_1_853' title='bbox 2812 5550 3008 5606; x_wconf 79' lang='grc' dir='ltr'>οὐκοῦν</span> <span class='ocrx_word' id='word_1_854' title='bbox 3027 5550 3094 5602; x_wconf 82' lang='grc' dir='ltr'>τὰ</span> <span class='ocrx_word' id='word_1_855' title='bbox 3132 5548 3228 5619; x_wconf 79' lang='grc' dir='ltr'><strong>μὲν</strong></span> <span class='ocrx_word' id='word_1_856' title='bbox 3254 5544 3491 5607; x_wconf 87' lang='grc' dir='ltr'>Μωσέως</span> <span class='ocrx_word' id='word_1_857' title='bbox 3510 5540 3844 5611; x_wconf 78' lang='grc' dir='ltr'>γράμματα.</span> 
     </span>
    </p>
   </div>
   <div class='ocr_carea' id='block_1_116' title="bbox 638 5736 1090 5802">
    <p class='ocr_par' dir='ltr' id='par_1_116' title="bbox 638 5736 1090 5802">
     <span class='ocr_line' id='line_1_116' title="bbox 638 5736 1090 5802; baseline -0.013 -9"><span class='ocrx_word' id='word_1_858' title='bbox 638 5738 680 5768; x_wconf 77' lang='grc'><strong>⁴⁰</strong></span> <span class='ocrx_word' id='word_1_859' title='bbox 725 5737 874 5792; x_wconf 90' lang='lat' dir='ltr'><strong>Deut.</strong></span> <span class='ocrx_word' id='word_1_860' title='bbox 912 5750 964 5802; x_wconf 82' lang='grc' dir='ltr'>ν,</span> <span class='ocrx_word' id='word_1_861' title='bbox 1003 5736 1090 5791; x_wconf 81' lang='grc'><strong>16.</strong></span> 
     </span>
    </p>
   </div>
  </div>
