4044 6200
533 272 639 332 655

1560 273 1618 329 S.
1655 272 1932 329 CYRILLI
1973 273 2446 334 ALEXANDRINI
2481 279 2798 339 ARCHIEP.

3681 290 3799 347 43C

533 379 808 456 eteadem
850 396 973 468 eius
1015 396 1403 454 machinantur
1437 395 1531 467 qui
1563 395 1890 467 sapientiam
1923 394 1993 450 iis
2025 394 2103 449 int

2214 393 2298 454 δτι
2335 404 2585 468 τυπικῶς
2607 408 2721 470 τοῖς
2747 405 3124 478 ἀρχαιοτέροις
3167 407 3201 478 ή
3245 407 3383 462 κατὰ
3418 407 3478 463 τὸ
3518 409 3800 467 Σάϐϐατσν

535 493 763 548 fundere
804 490 1059 554 volebat,
1105 490 1248 544 mala
1280 489 1330 545 ei
1371 503 1470 558 pro
1506 488 1666 544 bonis
1691 531 1704 550 .
1743 496 1800 543 ιιι
1828 487 2099 556 scriptum

531 592 620 639 est
647 582 696 614 ”
724 619 739 647 ,
789 582 1180 636 retribuentes.
1236 578 1536 650 Postquam
1573 578 1744 649 igitur
1790 578 1906 633 haec
1939 577 2008 631 ab
2042 590 2109 631 eo

533 676 676 730 facta
709 681 839 730 sunt
873 687 940 728 ac
971 673 1139 737 dicta,
1178 671 1415 728 discedit
1448 670 1842 742 Hierosolymis
1872 669 2018 724 velut
2041 683 2108 723 ex

532 765 864 823 necessitate
889 764 1128 834 quadam
1160 763 1425 818 Dominus
1451 797 1468 827 ,
1503 776 1738 831 cumque
1767 775 1938 832 prape
1963 763 2110 814 esset

530 854 742 914 Pascha
784 851 1130 918 Judzeorum,
1178 861 1238 910 ut
1280 854 1333 909 in
1382 852 1744 924 sequentibus
1793 851 1955 920 paulo
1985 855 2110 920 post

531 946 872 1016 reperiemus
895 985 912 1012 ,
965 947 1142 1016 ipsum
1176 960 1328 1002 mare
1359 943 1672 1000 Tiberiadis
1711 942 1956 1012 trajecit,
1993 940 2111 997 sive

534 1039 786 1111 paludem
811 1039 884 1093 ita
913 1038 1113 1092 dictam
1141 1037 1194 1092 in
1226 1038 1450 1109 regione
1469 1036 1807 1092 Iudaeorum.
1835 1035 2105 1100 Quoniam

531 1143 662 1184 vero
693 1145 816 1185 mox
846 1128 1086 1185 diximus
1113 1127 1374 1200 quidnam
1403 1142 1528 1182 eum
1560 1125 1909 1198 potissimum
1939 1124 2110 1194 impu-

533 1221 624 1287 lit,
679 1228 735 1277 et
779 1220 1039 1277 recedere
1070 1211 1248 1291 coegit
1279 1219 1333 1274 in
1363 1219 1468 1273 alia
1499 1220 1617 1275 loca
1643 1258 1660 1286 ,
1713 1217 1880 1288 37o
1933 1230 2110 1287 eaque

533 1322 686 1368 tanto
717 1313 896 1382 spatio
931 1311 1332 1383 Hierosolymis
1367 1309 1630 1376 distantia
1652 1351 1667 1375 ,
1709 1309 1845 1362 illud
1872 1323 1996 1363 esse
2025 1307 2105 1362 ni-

533 1405 755 1466 mirum,
788 1403 934 1474 quod
965 1418 1136 1474 pr0pe
1165 1413 1312 1458 esset
1333 1400 1541 1458 Pascha
1562 1399 1897 1462 Iudaeorum,
1922 1407 2108 1455 osten-

530 1496 768 1550 dendum
815 1493 1060 1549 arbitror
1100 1491 1288 1548 Jesum
1332 1499 1488 1548 recte
1526 1492 1718 1561 utique
1763 1505 1832 1546 eo
1863 1498 2108 1559 tempore

533 1582 931 1657 Hierosolymis
967 1585 1200 1655 reperiri
1235 1584 1503 1640 noluisse.
1545 1582 1717 1650 Igitur
1742 1583 1827 1638 lex
1864 1580 2106 1636 Mosaica

528 1678 750 1734 Judaeos
775 1693 840 1732 ex
877 1677 1025 1732 omni
1066 1667 1500 1746 circumquaque
1531 1675 1757 1746 regione
1791 1671 2100 1742 Hierosoly-

531 1783 675 1822 mam
723 1767 999 1838 prolicisci
1034 1766 1293 1836 jubebat,
1335 1776 1396 1820 ut
1431 1765 1508 1821 ibi
1551 1766 1792 1836 typicum
1831 1762 2106 1833 Scenope-

531 1857 632 1925 giae
681 1859 879 1914 festum
923 1865 1272 1929 peragerent.
1307 1857 1372 1912 Et
1399 1856 1620 1927 quidem
1661 1855 1789 1912 hinc
1835 1854 2106 1926 spiritalis

531 1945 694 2004 homo
726 1957 1044 2004 sanctorum
1072 1948 1324 2003 omnium
1352 1947 1833 2020 congregationem
1865 1946 1919 2001 in
1949 1944 2108 2001 Chri-

531 2047 676 2095 stum
709 2038 1015 2110 intelliget,
1051 2053 1177 2094 cum
1227 2052 1295 2092 ex
1343 2037 1604 2094 universo
1653 2044 1926 2092 terrarum
1971 2035 2107 2090 orbe

531 2138 654 2200 post
684 2141 1024 2186 mortuorum
1064 2129 1523 2186 resurrectionem
1554 2129 1609 2183 in
1639 2142 1936 2198 supernam
1966 2126 2106 2182 civi-

531 2229 695 2276 tatem
731 2221 1097 2284 convenient.
1141 2219 1294 2275 illam
1325 2220 1606 2275 cmlestem
1649 2216 1995 2281 Jerusalem.
2031 2216 2104 2272 ibi

529 2311 737 2381 gratias
771 2310 951 2366 acturi
980 2325 1122 2366 verae
1154 2308 1507 2382 Scenopegiae
1536 2350 1552 2376 ,
1594 2310 1699 2365 hoc
1727 2319 1814 2366 est
1845 2307 2106 2380 perenni-

531 2401 662 2459 tatis
730 2417 1026 2473 corporum
1055 2440 1070 2466 ,
1116 2401 1296 2458 soluta
1341 2403 1694 2471 corruptione
1741 2400 1993 2456 videlicet
2048 2406 2105 2454 et

530 2502 712 2551 morte
760 2495 816 2550 in
867 2505 1098 2550 mortem
1147 2495 1322 2565 lapsa.
1379 2493 1536 2560 Quod
1587 2493 1635 2549 si
1689 2492 1768 2549 rei
1817 2492 2102 2548 veritatem

529 2586 846 2642 historicam
871 2593 1208 2657 spectemus,
1239 2593 1452 2641 certum
1477 2593 1564 2640 est
1592 2584 1934 2640 innumeram
1963 2581 2106 2636 mul-

529 2679 818 2736 titudinem
862 2679 1156 2735 ascendere
1190 2679 1410 2734 solitam
1440 2677 1781 2740 Jerusalem,
1821 2685 1875 2730 et
1905 2673 2104 2744 proba-

529 2770 636 2826 bile
659 2777 746 2827 est
772 2769 1080 2827 Pharisaeos
1111 2785 1178 2826 eo
1216 2770 1452 2826 maxime
1485 2780 1731 2840 tempore
1756 2768 1898 2837 apud
1928 2781 2102 2838 popu-

529 2863 637 2916 ium
667 2861 940 2924 valuisse.
983 2861 1308 2918 simulantes
1355 2876 1415 2918 se
1463 2862 1634 2932 legem
1675 2858 1965 2915 defendere
1990 2897 2006 2922 ,
2042 2865 2104 2912 et

527 2966 714 3007 coram
749 2959 900 3006 tanta
944 2952 1298 3007 multitudine
1342 2952 1606 3008 adversus
1634 2967 1760 3006 eum
1788 2950 2103 3006 declaman-

2213 489 2386 562 ἀργία
2434 493 2837 565 νενομοθέτητο,
2878 495 2972 550 καὶ
3009 496 3092 549 ὅτι
3141 495 3327 568 κύριός
3371 498 3487 551 ὲστι
3522 498 3620 552 τοῦ
3651 501 3798 556 Σασ-

2209 578 2374 636 6άτου
2402 582 2430 637 ὀ
2458 583 2585 648 Υίδς
2615 584 2709 639 τοῦ
2752 585 3072 658 ἀνθρώπου·
3107 586 3225 640 ἀλλ’
3249 589 3296 640 oi
3331 586 3468 660 πρὸς
3499 590 3664 661 μηδὲν
3692 591 3796 661 μὲν

2211 669 2322 724 τῶν
2363 673 2584 740 ἀγαθῶν
2613 675 2924 746 ἐπιτήδειοι,
2955 673 3092 748 πρὸς
3129 678 3186 730 δὲ
3227 679 3409 743 πάσας
3453 680 3797 750 ἑτοιμότατοι

2205 757 2535 833 δυστροπίας
2579 768 3068 833 καταστασιάζουσι
3117 767 3213 822 τοῦ
3262 769 3602 834 διδάσκοντος
3649 773 3795 843 ειπερ

2209 851 2318 906 ἔδει
2350 854 2561 925 μαθεῖν,
2604 856 2700 910 καὶ
2723 858 2955 927 φονῶσιν
2991 859 3092 932 ἤδη
3135 860 3279 914 κατὰ
3314 859 3409 915 τοῦ
3444 861 3644 934 corpon
3671 862 3796 916 ἑθέ-

2207 941 2412 1009 λοντος,
2441 945 2669 1018 πονηρά,
2693 947 2834 1002 κατά
2863 947 2925 1002 τδ
2964 949 3371 1022 γεγραμμένον,
3406 951 3528 1006 ἀντὶ
3565 952 3794 1021 ἀγαθῶν

2207 1034 2550 1102 ἀποδιδόντες
2593 1035 2766 1110 αὐτῷ.
2797 1039 2950 1094 Μετά
2995 1040 3177 1096 τοίνυν
3203 1041 3377 1096 ταῦτα
3423 1043 3492 1097 τά
3539 1060 3794 1114 πεπραγ-

2211 1125 2348 1198 μένα
2378 1145 2440 1182 τε
2489 1129 2586 1183 καὶ
2629 1128 2900 1204 εἰρημένα
2943 1133 3308 1189 ἀπανίσταται
3337 1135 3447 1189 τῶν
3495 1135 3792 1208 Ἰεροσολύ-

2210 1231 2329 1285 μων
2352 1215 2424 1278 ὡς
2453 1216 2513 1282 ἐξ
2539 1218 2786 1289 ἀνάγκης
2809 1221 2838 1275 δ
2862 1221 3086 1294 Κύριος,
3116 1225 3212 1278 καὶ
3254 1223 3486 1295 ἐπείπερ
3512 1219 3580 1296 ἦν
3619 1227 3792 1293 ἐγγὺς

2208 1306 2269 1359 τὸ
2298 1308 2490 1379 Πάσχα
2524 1309 2634 1363 τῶν
2676 1310 2964 1377 Ἰουδαίων,
2993 1312 3070 1378 ὡς
3113 1314 3292 1385 ὀλίγον
3331 1316 3391 1369 ὲν
3433 1317 3543 1377 τοῖς
3590 1315 3790 1385 ἑφεξῆς

2209 1396 2531 1467 εὑρήσομεν,
2557 1397 2652 1453 καὶ
2691 1401 2860 1474 αὐτὴν
2889 1403 3170 1458 διέπλευσε
3209 1405 3308 1477 τὴν
3339 1405 3654 1476 Τιϐεριάδος
3684 1407 3782 1460 θά-

2207 1485 2434 1551 λασσαν,
2461 1489 2580 1560 ἤτοι
2629 1489 2846 1563 λίμνην,
2873 1492 3016 1548 οὕτω
3063 1495 3409 1568 καλουμένην
3436 1497 3494 1549 ὲν
3525 1503 3591 1569 τῇ
3629 1497 3782 1570 χώρᾳ

2211 1575 2306 1649 [aL
2337 1579 2403 1632 ὲκ
2434 1579 2534 1650 τῆς
2569 1581 2778 1655 χώρας]
2823 1584 2932 1638 τῶν
2973 1586 3260 1642 Ἰουδαίων.
3301 1588 3517 1660 Ἐπειδὴ
3546 1589 3604 1643 δὲ
3637 1589 3699 1642 τδ
3728 1589 3782 1642 τί

2212 1670 2449 1742 μάλιστα
2490 1674 2873 1746 κατασοϐἧσαν
2914 1678 3097 1738 αὐτὸν.
3138 1679 3235 1734 καὶ
3279 1684 3617 1753 μεταχωρεῖν
3646 1685 3778 1737 ἀνα-

2209 1761 2490 1828 πεπεικδς.
2526 1767 2606 1828 είς
2644 1766 2865 1840 ἐτέρους
2906 1787 2964 1823 τε
3003 1770 3246 1841 οἴχεσθαι
3276 1771 3492 1838 τόπους,
3524 1773 3622 1826 καὶ
3659 1790 3779 1826 τοσσ-

2207 1853 2363 1910 οῦτον
2389 1857 2489 1927 τῆς
2521 1855 2875 1931 Ἰερουσαλὴμ
2922 1856 3463 1934 ἀπεσχοινισμένους,
3510 1865 3684 1918 ἐκεῖνο
3714 1864 3779 1933 δὴ

2209 1947 2445 2019 μάλιστα
2476 1950 2741 2024 ὑπάρχειν
2772 1954 2975 2025 ἀρτίως
3009 1957 3330 2027 είρήκαμεν,
3362 1955 3425 2009 τδ
3452 1955 3617 2026 ἐγγὺς
3641 1951 3778 2012 εἶναι

2204 2040 2267 2095 τὸ
2311 2041 2504 2113 Πάσχα
2548 2043 2656 2096 τῶν
2706 2045 3010 2112 Ἰουδαίων,
3059 2045 3330 2101 δεικνύναι
3381 2047 3612 2117 πρέπειν
3651 2045 3782 2100 ὕπο-

2204 2132 2486 2203 λαμόάνω.
2529 2135 2710 2201 καλῶς
2751 2137 2818 2209 δὴ
2866 2137 2985 2192 λίαν
3027 2137 3089 2192 τὸ
3135 2140 3195 2193 ἐν
3239 2141 3351 2202 τοῖς
3391 2138 3783 2210 Ἱεροσολύμοις

2203 2225 2556 2298 εὑρίσκεσθαι
2585 2227 2707 2282 κατ’
2735 2229 2910 2283 έκεῖνο
2953 2229 3146 2302 καιροῦ
3185 2231 3661 2303 παραιτησάμενον
3688 2231 3782 2285 τὸν

2217 2318 2442 2388 Ἰησοῦν.
2488 2318 2698 2375 Οὐκοῦν
2739 2321 2902 2394 νόμος
2937 2323 2967 2376 ό
3009 2320 3098 2376 διά
3144 2321 3388 2386 Μωσέως
3443 2320 3553 2376 ἀπὸ
3599 2321 3782 2390 πάσης

2203 2409 2303 2479 τῆς
2353 2411 2682 2481 περιοικίδος
2743 2412 3061 2484 ἀνατρέχειν
3115 2414 3195 2476 είς
3247 2412 3595 2483 Ἰεροσόλυμα
3653 2411 3781 2475 τοὺς

2217 2503 2502 2566 Ἰουδαίους
2521 2503 2790 2570 ἐκέλευεν,
2822 2506 2940 2558 ἐκεῖ
2963 2502 3062 2575 τὴν
3097 2505 3156 2557 ὲν
3187 2504 3344 2574 τύπῳ
3378 2503 3481 2574 τῆς
3509 2519 3784 2574 σκηνοπη-

2204 2593 2328 2662 γίας
2360 2594 2766 2659 ὲπιτελὲσοντας
2788 2595 3002 2667 ἑορτήν.
3037 2597 3148 2650 Καὶ⁵
3179 2595 3360 2666 νοήσει
3397 2595 3497 2666 μὲν
3532 2595 3782 2648 ἐντεῦθεν

2202 2687 2231 2740 ό
2265 2685 2627 2756 πνευματικὸς
2650 2685 2750 2758 τὴν
2780 2687 3034 2742 ἁπάντων
3064 2687 3175 2741 τῶν
3222 2687 3392 2756 ἁγίων
3434 2687 3778 2754 ἐπισυναγωο

2202 2776 2306 2847 γὴν
2334 2777 2414 2842 είς
2436 2778 2687 2850 Χριστὸν,
2711 2779 2802 2834 ὅτε
2838 2778 2903 2850 δὴ
2951 2780 3044 2833 καὶ
3070 2778 3178 2833 ἀπὸ
3205 2779 3386 2850 πάσης
3409 2781 3512 2849 τῆς
3530 2775 3782 2847 οίκουμέ-

2205 2888 2304 2942 νης
2332 2871 2470 2942 μετὰ
2493 2870 2592 2942 τὴν
2615 2870 2724 2924 τῶν
2744 2871 2952 2942 νεκρῶν
2977 2871 3272 2925 ἀναϐίωσιν
3295 2871 3376 2932 είς
3394 2870 3490 2940 τὴν
3511 2869 3626 2924 ἀνω
3658 2885 3782 2921 συν-

2203 2962 2585 3034 ενεχθήσονται
2607 2962 2762 3018 πόλιν
2783 2963 2882 3035 τὴν
2902 2964 3220 3034 ἐπουράνιον
3252 2961 3625 3035 Ἰερουσαλὴμ,
3650 2962 3782 3016 ἀνα-

530 3052 612 3098 tes
638 3041 730 3112 qui
764 3042 934 3113 legem
967 3041 1548 3114 praetergrediebatur,
1575 3051 1672 3096 aut
1696 3041 1789 3112 qui
1813 3057 1934 3097 eam
1962 3057 2101 3113 prte-

2205 3050 2459 3124 Θήσοντες
2485 3053 2662 3108 ἐκεῖσε
2703 3053 2773 3108 τὰ
2801 3053 3131 3124 χαριστήρια
3155 3052 3256 3122 τῆς
3285 3052 3659 3124 σκηνοπηγίας
3681 3051 3783 3122 τῆς

529 3133 768 3205 tergredi
811 3134 1122 3189 videbatur.
1177 3134 1404 3190 Diﬂicile
1440 3135 1584 3189 enim
1626 3134 1816 3211 utique
1864 3148 1972 3188 non
2019 3142 2104 3189 est

529 3225 828 3296 plebecula
891 3225 1302 3281 multitudinem
1369 3226 1717 3280 innumeram
1785 3225 2100 3291 concitare,

526 3333 650 3373 cum
674 3317 797 3388 quis
822 3317 994 3386 ipsam
1029 3316 1231 3387 injuria
1261 3316 1510 3372 affectam
1543 3317 1835 3387 praedicat,
1877 3324 1932 3372 et
1961 3315 2101 3370 inci-

527 3415 646 3463 tare
685 3408 880 3462 nititur
922 3407 1188 3464 adversus
1219 3423 1317 3464 eos
1343 3409 1512 3464 etiam
1567 3407 1661 3478 qui
1703 3405 1909 3462 nullam
1959 3407 2101 3476 inju-

529 3496 665 3551 riam
699 3499 1020 3554 intulerunt.
1068 3499 1246 3556 lnstar
1273 3500 1421 3556 enim
1451 3514 1605 3570 aqua;
1635 3507 1730 3553 aut
1764 3499 1910 3569 ignis
1935 3508 2104 3553 teme-

527 3585 678 3642 rario
704 3586 907 3658 impetu
938 3587 1110 3643 fertur
1140 3589 1248 3644 huc
1275 3597 1332 3645 et
1367 3589 1518 3650 illuc.
1555 3597 1610 3645 et
1640 3589 1776 3644 nihil
1807 3604 1916 3644 non
1952 3590 2104 3643 inva-

521 3681 604 3738 dit
642 3681 786 3750 quod
828 3679 1042 3751 injuria:
1069 3681 1321 3736 cesserit.
1350 3678 1480 3736 Haac
1519 3679 1690 3752 igitur
1738 3695 1862 3735 cum
1919 3677 2102 3735 Domi-

526 3785 632 3826 nus
661 3785 771 3826 non
805 3770 1119 3842 ignoraret,
1155 3787 1280 3826 cum
1322 3771 1441 3828 suis
1467 3771 1760 3842 discipulis
1790 3769 2104 3840 Hierosoly-

526 3860 631 3916 mis
669 3876 730 3917 se
767 3862 1070 3924 subducit,
1117 3869 1173 3917 et
1217 3861 1332 3916 abit
1379 3869 1534 3918 trans
1583 3879 1733 3916 mare
1757 3860 2099 3917 ~Tiberiadis.

525 3952 683 4018 Quod
724 3961 908 4008 autem
939 3952 1179 4019 Judteos,
1205 3967 1236 4008 a
1281 3953 1482 4025 quibus
1509 3953 1576 4008 ad
1603 3953 1804 4009 caedem
1843 3953 2103 4024 deposce-

526 4045 708 4112 batur,
745 4053 893 4102 recte
933 4044 1162 4108 devitet.
1197 4061 1264 4100 ex
1309 4045 1396 4101 his
1445 4061 1666 4101 rursum
1716 4059 2100 4117 agnoscemus.

525 4132 646 4205 ipse
667 4137 812 4192 enim
836 4137 1030 4194 beatus
1055 4137 1395 4208 evangelista
1426 4137 1478 4193 id
1501 4138 1738 4192 declarat
1767 4136 1855 4193 his
1877 4137 2098 4194 verbis:

530 4243 549 4277 ι
581 4224 712 4281 Post
755 4226 870 4282 lucc
913 4235 1099 4282 autem
1154 4226 1474 4283 ambulabat
1522 4225 1682 4283 Jesus
1730 4228 1784 4282 in
1828 4227 2098 4284 Galiltea:

525 4332 638 4372 non
675 4316 820 4372 enim
849 4319 1068 4373 volebat
1089 4319 1144 4374 in
1173 4317 1358 4374 Judaea
1392 4319 1698 4386 ambulare,
1728 4321 1854 4391 quia
1884 4336 2101 4392 quaere-

2201 3142 2457 3214 ἀληθοῦς,
2479 3144 2727 3199 τουτέστι
2761 3145 2862 3215 τῆς
2907 3144 3015 3199 τῶν
3062 3144 3329 3215 σωμάτων
3363 3141 3694 3214 ωμπήξειῦς
3719 3159 3779 3196 τε

2203 3235 2298 3290 καὶ
2340 3235 2619 3307 διαμονῆς,
2653 3235 2954 3308 λελυμένης
2991 3236 3232 3306 δηλονότι
3273 3236 3376 3304 τῆς
3423 3233 3650 3304 φθορᾶς,
3686 3235 3781 3287 καὶ

2201 3327 2295 3382 τοῦ
2327 3326 2558 3381 θανάτου
2587 3326 2840 3389 πεσόντος
2868 3329 2948 3390 εἰς
2981 3327 3228 3381 θάνατον.
3265 3324 3340 3378 Τὸ
3366 3324 3422 3377 δὲ
3450 3324 3574 3378 ὅσον
3607 3324 3782 3377 εἰπεῖν

2202 3423 2283 3484 είς
2319 3419 2380 3474 τὸ
2430 3421 2496 3474 ὲκ
2539 3417 2638 3490 τῆς
2696 3419 2936 3488 ἱστορίας
2963 3417 3207 3490 γίνεσθαι
3244 3417 3506 3486 πεφυκὸς,
3548 3417 3780 3488 ἀριθμδν

2201 3513 2301 3567 οὐκ
2320 3512 2435 3584 ᾔδει
2463 3511 2570 3565 τῶν
2592 3511 2986 3566 ἀναϐαινόντων
3007 3513 3087 3576 είς
3119 3510 3472 3583 Ἰερουσαλὴμ
3492 3510 3526 3581 ἡ
3547 3509 3778 3580 πληθὺς,

2202 3603 2297 3658 καὶ
2335 3599 2403 3673 ἦν
2431 3600 2496 3673 δὴ
2531 3599 2763 3673 μάλιστα
2813 3602 2933 3655 κατ’
2966 3601 3144 3655 ἐκεῖνο
3177 3597 3370 3672 καιροῦ
3424 3598 3595 3652 πολλὰ
3621 3597 3782 3653 δύνα-

2204 3694 2326 3750 σθαι
2365 3695 2487 3758 τοὺς
2532 3692 2856 3764 Φαρισαίους
2887 3692 3051 3758 είκδς,
3089 3691 3472 3761 συναγορεύειν
3515 3690 3595 3761 τῷ
3631 3691 3783 3762 νόμῳ

2203 3786 2722 3859 προσποιουμένους.
2761 3785 2855 3838 καὶ
2889 3783 2965 3848 ὡς
2999 3785 3058 3838 ἐν
3103 3783 3298 3856 πλήθει
3344 3782 3584 3854 τοσούτῳ
3622 3801 3786 3837 κατα-

2202 3877 2441 3940 ϐοῶντας
2500 3874 2595 3930 τοῦ
2655 3873 3087 3946 παραϐαίνοντος
3110 3915 3124 3934 ,
3186 3873 3219 3944 ἢ
3277 3873 3372 3927 καὶ
3424 3871 3787 3944 παραϐαίνειν

2201 3969 2476 4039 οἰηθέντος
2506 3968 2709 4031 αὐτοῖς.
2753 3966 2918 4022 Οὐδὲν
2961 3965 3070 4037 γὰρ
3111 3965 3248 4030 ὅλως
3289 3966 3352 4019 τὸ
3401 3965 3658 4036 χαλεπὸν,
3692 3964 3789 4016 τὸν

2200 4058 2512 4130 ἀμέτρητον
2554 4055 2664 4112 τῶν
2691 4053 2957 4124 ἀγελαίων
3005 4052 3386 4126 ἀναρριπίζειν
3429 4049 3616 4122 ἐσμὸν,
3650 4049 3786 4103 ὅταν

2200 4168 2287 4215 τις
2324 4148 2484 4204 αὑτὸν
2513 4145 2802 4219 ἠδικῆσθαι
2833 4143 2968 4216 λέγῃ
3000 4144 3093 4198 καὶ
3131 4142 3491 4215 παροτρύνειν
3527 4143 3782 4212 ἐπιχειρῇ

2201 4243 2297 4296 καὶ
2331 4241 2471 4296 κατὰ
2497 4241 2606 4294 τῶν
2646 4237 2958 4292 λυπούντων
2991 4237 3164 4292 οὐδέν.
3189 4236 3420 4299 ’Υδατος
3459 4235 3570 4306 γὰρ
3599 4234 3783 4302 δίκην,

2203 4334 2237 4406 ἢ
2267 4335 2359 4389 καὶ
2388 4332 2556 4406 πυρὸς
2586 4331 2918 4402 ἀδιακρίτοις
2947 4327 3041 4383 καὶ
3072 4327 3558 4400 ἁπροαϐουλεύτοις
3582 4327 3788 4396 ὁρμαῖς

523 4407 658 4463 bant
683 4424 806 4464 eum
831 4408 1006 4465 Judaei
1035 4411 1344 4470 interficere
1367 4413 1435 4468 ”.
1467 4434 1486 4467 ι
1524 4413 1631 4470 Sed
1664 4415 1880 4485 inquiet
1905 4414 2095 4471 forsan

2205 4426 2601 4498 διαρριπτεῖται
2633 4422 2902 4493 πανταχῆ,
2955 4421 3052 4476 καὶ
3095 4420 3230 4494 πρὸς
3269 4419 3481 4473 ἅπαντα
3513 4419 3682 4490 χωρεῖ
3711 4417 3792 4471 τὰ

525 4500 770 4578 aliquis:
808 4502 1009 4558 Fateor
1053 4506 1232 4576 ipsum
1271 4507 1324 4562 in
1361 4506 1550 4562 Iudaea
1579 4509 1723 4563 nolle
1754 4509 1990 4572 versari,
2032 4524 2100 4562 ne

527 4605 756 4651 mortem
807 4598 1156 4654 immaturam
1202 4603 1398 4657 subcat
1441 4617 1455 4652 :
1507 4603 1602 4657 sed
1657 4610 1842 4656 utrum
1896 4601 2096 4656 festqu

527 4701 745 4757 quoque
779 4687 984 4758 fugiat,
1009 4691 1251 4745 nondum
1285 4691 1552 4761 intelligo.
1579 4691 1752 4762 Igitur
1781 4691 1875 4760 qui
1900 4691 2099 4748 fratres

525 4777 893 4848 putabantur,
927 4780 996 4835 ad
1023 4781 1303 4836 Christum
1330 4784 1603 4839 accedunt
1633 4785 1686 4840 in
1713 4783 1932 4842 Galiltea
1956 4828 1971 4852 ,
2013 4788 2096 4842 di-

527 4881 716 4926 centes
747 4887 764 4925 :
799 4891 820 4924 ι
856 4869 1054 4928 Transi
1087 4872 1251 4937 hinc,
1291 4881 1344 4930 et
1375 4875 1512 4931 vade
1550 4876 1605 4931 in
1631 4876 1908 4942 Jmheam,
1946 4888 2007 4934 ut
2045 4887 2098 4935 et

525 4962 782 5034 discipuli
827 4965 902 5018 tui
950 4964 1171 5019 videant
1212 4980 1381 5035 opera
1433 4975 1524 5022 tua
1567 4984 1690 5040 quae
1725 4967 1858 5026 facis
1888 4973 1925 5026 ⁸.
1960 4991 1978 5023 ι
2015 4971 2096 5026 Ad

523 5069 663 5122 quos
707 5052 975 5111 Dominus
1021 5072 1033 5109 :
1096 5057 1254 5126 271
1319 5077 1338 5109 ι
1383 5059 1488 5114 Vos
1537 5059 1824 5116 ascendite
1853 5061 1922 5116 ad
1954 5062 2098 5116 diem

525 5147 722 5201 festum
752 5147 941 5202 hunc:
992 5163 1096 5219 ego
1145 5163 1254 5204 non
1305 5151 1547 5206 ascendo
1593 5153 1660 5207 ad
1709 5151 1855 5209 diem
1894 5153 2099 5210 festum

463 5312 471 5328 ⁸
521 5238 729 5302 istum.
807 5241 939 5307 quia
999 5257 1178 5297 meum
1237 5251 1455 5315 tempus
1504 5246 1753 5301 nondum
1817 5248 2098 5318 impletum

522 5339 606 5384 est
636 5333 680 5386 ¹.
729 5351 749 5383 ι
803 5333 1026 5389 Clarum
1067 5335 1236 5406 igitur
1278 5344 1334 5392 et
1384 5337 1738 5394 manifestum
1782 5348 1868 5396 est
1913 5339 2101 5394 Salvn-

423 5463 432 5469 .
522 5424 696 5500 torem
745 5420 1074 5482 discessisse
1123 5420 1553 5500 Hierosolymis,
1593 5443 1702 5484 non
1728 5428 1874 5500 quod
1907 5436 2101 5498 sponte

524 5499 674 5562 illinc
704 5510 986 5578 profectus
1022 5515 1126 5578 sit,
1165 5517 1259 5572 sed
1293 5499 1438 5588 quod
1472 5499 1882 5577 incredulorum
1911 5518 2102 5574 nefan-

502 5717 514 5754 ι
585 5683 635 5719 ’⁵
678 5681 824 5744 Psal.
861 5706 1081 5756 xxxvii,
1120 5692 1211 5748 21.

2207 4519 2398 4572 παθεῖν
2455 4517 2774 4588 ἀνεχόμενα.
2825 4514 3012 4569 Ταῦτα
3059 4513 3239 4567 τοίνυν
3283 4512 3384 4566 οὐκ
3428 4513 3701 4581 ἀγνοήσας
3754 4509 3793 4562 ὁ

2205 4611 2408 4682 Κύριος
2445 4608 2808 4664 ὑπεκκλέπτει
2865 4607 2963 4679 μὲν
2997 4609 3098 4678 τῆς
3137 4603 3492 4676 Ἰερουσαλὴμ
3523 4603 3638 4672 ἆμα
3670 4602 3791 4666 τοῖς

2207 4703 2474 4774 μαθηταῖς
2503 4701 2713 4767 ἑαυτὸν,
2747 4701 3052 4768 ἀφικνεῖται
3083 4697 3138 4750 δὲ
3171 4697 3269 4768 τῆς
3299 4695 3575 4763 θαλάσσης
3609 4693 3791 4763 πέραν

2205 4794 2305 4862 τῆς
2350 4791 2695 4864 Τιϐεριάδοςο
2739 4791 2818 4844 ὅτι
2866 4789 2922 4843 δὲ
2965 4787 3240 4857 φονῶντας
3271 4788 3619 4858 παραιτεῖται
3659 4784 3792 4848 τοὺς

2213 4884 2520 4949 Ἰουδαίους,
2550 4883 2732 4947 καλῶς
2772 4883 2836 4956 δὴ
2867 4883 3011 4954 μάλα
3058 4881 3229 4935 ποιῶν
3251 4921 3267 4947 ,
3305 4878 3566 4949 εἰσόμεθα
3619 4875 3791 4930 πάλιν

2202 4978 2294 5032 καὶ
2324 4978 2412 5032 διὰ
2444 4975 2669 5030 τούτων.
2721 4975 2881 5045 Λέγει
2918 4974 3027 5046 γὰρ
3055 4973 3216 5037 αὐτὸς
3246 4975 3275 5027 ό
3304 4971 3572 5043 μακάριος
3603 4968 3787 5035 Εὐαγο

2202 5067 2456 5139 γελιστής
2479 5084 2492 5097 ·
2525 5086 2543 5118 ι
2582 5067 2691 5120 Καὶ
2725 5065 2865 5137 μετὰ
2905 5065 3079 5118 ταῦτα
3131 5060 3452 5133 περιεπάτει
3499 5057 3529 5110 ὁ
3574 5056 3784 5128 Ἰησοῦς

2205 5159 2263 5213 ἐν
2295 5160 2362 5229 τῇ
2386 5155 2674 5226 Γαλιλαίᾳ’
2707 5155 2768 5209 οὐ
2803 5153 2909 5226 γὰρ
2948 5152 3136 5224 ἤθελεν
3169 5152 3226 5204 ὲν
3256 5152 3322 5222 τῇ
3371 5147 3598 5218 Ἰουδαίᾳ
3630 5164 3782 5217 περι-

2205 5249 2415 5311 πατεῖν,
2459 5247 2541 5300 ὄτι
2580 5246 2802 5316 ἐζήτουν
2837 5244 2999 5298 αὐτὸν
3031 5245 3079 5297 of
3118 5242 3353 5297 Ἰουδαῖοι
3387 5241 3730 5295 ἀποκτεῖναι.
3761 5255 3780 5289 ι

2208 5337 2334 5392 ’Ότι
2366 5336 2466 5408 μὲν
2508 5332 2601 5392 οὖν
2647 5338 2992 5408 παραιτεῖται
3039 5334 3099 5388 τὸ
3145 5334 3206 5387 ὲν
3257 5335 3322 5402 τῇ
3372 5330 3603 5400 Ἰουδαίᾳ
3632 5347 3785 5399 περιο

2209 5433 2418 5494 πατεῖν,
2447 5430 2534 5483 ἵνα
2569 5428 2645 5500 μὴ
2689 5427 2936 5501 πρόωρον
2967 5425 3235 5498 ὑπομείνῃ
3261 5425 3353 5478 τὸν
3383 5423 3631 5482 θάνατον,
3667 5436 3804 5489 συγ-

2210 5520 2542 5585 κατανεύσω,
2573 5517 2758 5590 φησὶν,
2789 5519 2907 5590 ἐρεῖ
2943 5533 3027 5580 τις
3060 5515 3245 5586 τυχὸν,
3278 5512 3394 5570 ἀλλ’
3433 5513 3485 5565 εί
3521 5511 3620 5565 καὶ
3651 5507 3790 5579 φεύ-

1320 5695 1365 5728 θ’
1398 5693 1558 5751 Joan.
1590 5711 1666 5753 vn
1693 5735 1708 5764 ,
1760 5697 1808 5752 1.
1891 5699 1904 5731 ¹
1941 5697 2076 5754 ibid.
2113 5697 2166 5752 5.
2247 5703 2266 5738 ⁸
2301 5699 2436 5756 ibid.
2469 5697 2522 5753 8.
