4044 6200
252 341 339 398 ιὸτ
1240 332 1308 388 ΙΝ
1337 329 1624 390 JOANNIS
1663 331 2110 388 EVANG-ELIUM
2157 332 2283 387 LIB.
2323 329 2400 386 Ill.

3397 319 3499 378 638

251 474 318 526 γει
351 455 451 525 τὴν
480 451 690 522 ἑορτὴν,
719 451 874 506 οὔπω
906 449 1180 521 μανθάνω.
1219 450 1427 504 Οὐκοῦν
1457 452 1505 504 οἱ
1547 451 1645 520 μὲν
1672 466 1824 520 νομιο

1927 449 1995 505 da
2018 448 2246 505 consilia
2265 447 2666 508 detestaretur,
2707 449 2761 498 et
2784 445 3198 511 pet-secutorum
3229 433 3503 491 feritatem

249 548 450 608 σθέντες
482 543 702 610 ἀδελφοὶ
749 542 1006 615 προσίασι
1038 542 1287 610 λέγοντες
1334 545 1392 595 ἐν
1435 545 1501 613 τῇ
1553 540 1816 611 Γαλιλαία

241 637 312 706 τῷ
339 635 553 706 Χριστῷ
571 653 584 666 ο
625 653 644 684 ι
689 634 944 704 Ἀνάϐηθι
975 633 1249 699 ἐντεῦθεν,
1282 634 1377 687 καὶ
1405 632 1583 702 ὑπαγέ
1612 634 1692 696 εἰς
1719 632 1817 704 τὴν

252 729 521 792 Ἰουδαίαν,
563 727 650 781 ἵνα
679 730 776 780 καὶ
823 727 875 780 οἱ
928 725 1167 797 μαθηταί
1208 742 1302 778 σου
1342 723 1584 794 βλέπωσι
1620 724 1688 777 τά
1722 741 1819 794 ση-

243 828 365 894 μεῖα
404 822 439 876 ἃ
469 824 664 885 ποιεῖς.
703 840 722 873 ι
754 820 896 892 Πρὸς
919 820 1118 882 αὑτοὺς
1149 819 1204 872 δὲ
1236 823 1265 873 ὁ
1296 819 1534 890 Κύριος-
1570 837 1589 870 ι
1631 819 1820 890 Ὑμεῖς

238 916 470 987 ἀνάϐητε
498 917 578 978 εἰς
613 914 714 984 τὴν
756 913 971 983 ἐορτήν’
999 911 1110 980 ἐγὼ
1147 911 1247 964 οὑκ
1294 911 1572 966 ἀναϐαίνω
1608 912 1688 975 είς
1720 910 1820 982 τὴν

241 1008 425 1078 ἑορτὴν
469 1005 694 1075 ταύτην,
726 1005 808 1058 ὃτι
838 1005 868 1057 ὸ
906 1003 1037 1074 ἐμδς
1083 1004 1274 1074 καιρὸς
1320 1001 1472 1056 οὑπω
1520 1002 1821 1074 πεπλήρω-

240 1115 344 1150 ται.
382 1117 401 1148 ι
431 1095 706 1166 Πρόδηλον
747 1091 840 1148 οὗν
872 1094 981 1164 ἄρα
1011 1093 1105 1145 καὶ
1135 1092 1320 1160 σαφὲς,
1344 1093 1426 1146 δτι
1451 1092 1560 1145 τῶν
1595 1092 1822 1164 Ἱεροσο-

242 1188 422 1258 λύμων
454 1186 840 1260 ὲκκεχώρηκεν
876 1189 905 1239 ὁ
945 1187 1158 1258 Σωτὴρ,
1207 1186 1308 1238 οὑκ
1356 1184 1676 1255 αὐθαίρετον
1724 1183 1822 1254 τὴν

241 1281 311 1344 ὡς
343 1280 403 1347 ἐξ
432 1280 640 1332 ἐκεῖθεν
679 1278 986 1348 ἀποδημίαν
1035 1279 1402 1347 στειλάμενος,
1431 1275 1568 1329 ἀλλά
1605 1274 1699 1328 καὶ
1724 1274 1824 1338 τὰς

238 1372 342 1424 τῶν
393 1370 763 1424 ἀπειθούντων
819 1370 1099 1440 βδελυρίας
1149 1369 1662 1440 ἐκμυσαττόμενος,
1727 1367 1824 1422 καὶ

238 1462 342 1516 τῶν
381 1461 686 1515 διωκόντων
735 1462 832 1532 τὴν
866 1461 1166 1533 ἀγριότητα
1211 1460 1309 1530 τῆς
1347 1457 1630 1528 εὐστοχίας
1669 1473 1826 1528 περι-

243 1553 476 1617 πλανῶν,
510 1554 600 1606 καὶ
633 1552 795 1623 τέχνῃ
827 1553 921 1606 τοῦ
957 1552 1154 1622 φθόνου
1181 1551 1243 1604 τὸ
1274 1551 1425 1621 βέλος
1456 1550 1828 1622 ἀποκρουόμε-

237 1662 347 1709 νος.
387 1644 705 1698 ’Υπεκνεύει
751 1645 806 1698 δὲ
851 1644 1033 1710 πάλιν,
1067 1643 1244 1696 καίτοι
1273 1643 1466 1696 παθεῖν
1507 1641 1706 1712 ίσχύων
1744 1642 1828 1695 οὑ-

237 1733 344 1799 δέν,
378 1733 492 1802 εῐγε
519 1735 611 1786 καὶ
633 1733 840 1804 παρῆν,
867 1732 952 1786 ἵνα
985 1732 1156 1785 τύπον
1183 1734 1342 1802 ἡμεῖς
1386 1732 1680 1804 ἀναγράψῃ
1725 1749 1825 1784 κα-

237 1823 346 1885 λὸν,
375 1825 440 1876 οὑ
466 1824 664 1886 δειλίας
690 1823 930 1895 τμᾶλλον,
977 1823 1092 1876 ἀλλ’
1135 1823 1420 1887 εὐλαϐείας
1459 1823 1552 1877 καὶ
1600 1823 1823 1892 ἀγάπης

238 1914 334 1982 τῆς
361 1916 446 1978 εἰς
477 1915 565 1968 τὸν
595 1915 785 1979 πέλας.
814 1915 1092 1986 Εἰσόμεθα
1113 1914 1241 1986 γάρ,
1263 1914 1338 1979 ὼς
1377 1917 1444 1968 ἐκ
1482 1915 1655 1968 τύπου
1683 1914 1821 1985 πρὸς

239 2005 529 2074 ἐπίγνωσιν
580 2008 851 2078 χρησίμου
907 2006 1409 2078 χειραγωγούμενοι
1461 2007 1817 2079 πράγματος,

238 2099 314 2150 ὅτι
335 2099 642 2160 διωκόντων
665 2101 814 2170 ἡμᾶς
836 2100 943 2152 τῶν
974 2099 1207 2170 ἐχθρῶν,
1239 2101 1332 2153 καὶ
1369 2101 1416 2152 εἰ
1450 2100 1617 2168 μηδὲν
1647 2100 1822 2170 ὁρῷτο

240 2188 514 2252 παντελῶς
541 2189 598 2240 ἐν
621 2189 700 2260 τῷ
725 2193 979 2261 παρεῖναι
1004 2191 1064 2244 τὸ
1098 2189 1314 2260 βλάϐος.
1341 2189 1453 2243 ἀλλ’
1480 2189 1820 2260 ἐξιστάμενοι

239 2295 370 2342 πως,
421 2281 514 2333 καὶ
549 2281 640 2334 διὰ
685 2281 876 2334 τούτου
927 2281 1269 2350 σοφιζόμενοι
1316 2281 1416 2347 τάς
1461 2282 1570 2334 τῶν
1625 2282 1828 2350 ἐφόδων

240 2368 455 2437 ἀκμὰς,
504 2371 932 2443 ὑπεκτρέχοντές
969 2389 1028 2425 τε
1053 2373 1114 2424 τὸ
1145 2372 1457 2443 παραυτίκα
1495 2371 1714 2441 θερμὸν,
1742 2371 1828 2435 ἐξ·

1919 541 2208 613 prudentia
2275 553 2374 593 sua
2437 534 2720 606 defugeret
2787 547 2850 586 ac
2893 529 3117 586 invidiae
3165 527 3336 583 telum
3384 533 3507 580 arte

1918 631 2232 701 depelleret.
2280 629 2494 684 Rursus
2539 635 2721 680 autem
2772 640 2831 680 se
2870 620 3148 685 subducit,
3205 619 3332 673 licet
3367 617 3506 672 nihil

1918 725 2036 795 pali
2072 730 2256 794 posset
2289 721 2454 776 etiam
2483 734 2609 774 cum
2637 717 2874 778 adesset,
2909 722 2968 768 ut
3001 711 3308 781 exemplum
3341 709 3507 766 nobis

1920 816 2246 886 praeclarum
2290 820 2578 876 statueret,
2617 825 2727 864 non
2759 806 3092 868 timiditatis,
3144 802 3238 860 sed
3286 801 3508 872 pietatis

1919 917 1976 966 et
1997 906 2288 962 charitatis
2316 905 2368 957 in
2396 901 2727 974 proximum.
2754 897 2891 951 llinc
2919 895 3064 950 enim
3089 893 3336 963 exemplo
3371 906 3507 962 qua-

1921 1000 1968 1057 si
1994 998 2235 1070 quodam
2270 995 2338 1050 ad
2371 994 2452 1050 rei
2487 991 2641 1049 utilis
2668 988 3037 1062 cegnitionem
3072 985 3294 1041 deducti
3325 984 3507 1039 disce-

1925 1108 2068 1155 mus,
2098 1086 2528 1161 quod,inimicis
2557 1098 2660 1138 nos
2685 1078 3178 1151 persequentibus,
3211 1077 3341 1131 licet
3370 1075 3510 1130 nihil

1923 1184 2107 1239 damni
2157 1179 2448 1253 prtescntia
2483 1183 2672 1231 nostra
2699 1173 2861 1228 nobis
2895 1171 3127 1252 allatura
3157 1167 3429 1231 videatur,
3462 1166 3510 1222 si

1925 1283 2106 1329 tamen
2153 1271 2529 1335 declinemus,
2573 1275 2628 1324 et
2679 1265 2784 1320 hoc
2827 1273 2989 1336 pacto
3034 1263 3241 1334 primos
3272 1262 3510 1332 impetus

1926 1363 2323 1426 retundamus,
2366 1373 2670 1428 eorumque
2708 1355 2880 1410 furori
2929 1370 3030 1410 nos
3077 1353 3468 1409 subtrahamus
3495 1391 3510 1418 ,

1927 1457 2065 1512 iram
2098 1468 2290 1510 eorum
2317 1451 2535 1506 tandem
2563 1447 2810 1506 sedatam
2842 1445 3205 1509 ollendemus,
3237 1453 3509 1500 eteorum

1927 1547 2184 1617 injuriam
2231 1543 2645 1606 resecabimus,
2687 1539 3014 1608 adiuvantes
3059 1537 3233 1606 magis
3276 1549 3372 1590 eos
3418 1532 3511 1603 qui

1929 1640 2091 1695 nobis
2117 1637 2305 1694 infesti
2332 1643 2484 1699 sunt,
2509 1647 2677 1704 quam
2710 1630 2882 1700 adjuti
2914 1649 2928 1686 :
2962 1628 3107 1700 quod
3137 1627 3358 1698 quidem
3389 1634 3474 1680 est
3495 1665 3511 1691 ,

1932 1739 1992 1786 ut
2021 1737 2267 1801 apparet,
2297 1734 2484 1782 nostra
2512 1740 2620 1780 non
2654 1735 2922 1795 quaerere,
2953 1720 3050 1775 sed
3082 1733 3204 1790 quae
3225 1727 3355 1774 sunt
3384 1715 3514 1770 alio-

1858 1799 1899 1853 Β
1931 1799 2366 1878 rum—.VOllicium
2413 1819 2597 1888 itaque
2647 1814 2943 1871 charitatis
2988 1823 3108 1876 est,
3162 1827 3272 1866 non
3323 1808 3514 1880 utique

1926 1915 2193 1972 resistere
2239 1912 2307 1969 iis
2341 1911 2436 1982 qui
2472 1910 2676 1964 malum
2722 1908 2776 1962 in
2808 1921 2913 1962 nos
2945 1905 3254 1960 moliuntur
3276 1944 3291 1958 .
3334 1916 3514 1972 neque

1925 2025 1991 2065 ex
2021 2023 2088 2063 eo
2116 2005 2260 2076 quod
2288 2003 2424 2059 nihil
2451 2003 2610 2058 nobis
2649 2001 2801 2065 mali,
2829 2014 2894 2054 ne
2921 1999 2966 2054 si
2996 1997 3243 2053 adsimus
3270 1995 3512 2066 quidem,

1927 2097 2117 2153 inferri
2156 2095 2354 2167 possit,
2395 2109 2590 2149 eorum
2621 2092 2865 2147 animum
2897 2089 3250 2151 exacerbare,
3281 2087 3411 2141 dum
3446 2099 3506 2140 se

1927 2188 2136 2244 viribus
2167 2185 2376 2243 nostris
2422 2184 2717 2240 inferiores
2770 2183 3151 2253 indignantur.
3207 2197 3227 2232 ι
3258 2178 3515 2232 Charitas

1934 2281 2126 2352 igitur,
2155 2288 2214 2334 ut
2235 2278 2440 2334 Paulus
2464 2279 2562 2342 ait,
2591 2291 2704 2332 non
2751 2275 2948 2346 quaerit
2973 2289 3094 2344 quae
3123 2289 3222 2330 sua
3251 2281 3382 2328 sunt
3403 2271 3456 2338 ³,
3489 2289 3506 2322 ο

1935 2388 2059 2443 qua:
2089 2372 2142 2426 in
2172 2371 2394 2426 Christo
2419 2369 2639 2440 quidem
2669 2375 2790 2423 erat
2814 2363 3123 2422 manifeste.

239 2457 380 2525 ἠϐοις
443 2461 542 2532 ἤδη
607 2463 1036 2534 περιτευξόμεθα
1099 2466 1219 2528 ταῖς
1276 2465 1384 2518 τῶν
1446 2463 1772 2518 ἀδικούντων
1837 2465 2043 2535 ὀργαῖς,
2103 2465 2216 2518 καὶ·
2253 2465 2316 2518 τὸ
2366 2463 2566 2536 θράσος
2611 2462 2711 2532 τῆς
2777 2460 2898 2515 καθ’
2947 2459 3152 2514 ἑαυτῶν
3203 2454 3514 2520 πλεονεξίας

241 2548 671 2621 ὑποτεμνόμεθα,
723 2553 1060 2622 ὠφελοῦντες
1120 2554 1321 2625 μᾶλλον
1369 2555 1495 2618 τοὺς
1539 2555 1698 2627 οἵπερ
1753 2555 1820 2609 ἂν
1857 2555 2097 2623 γένοιντο
2145 2556 2274 2628 περὶ
2313 2557 2458 2628 ἡμᾶς
2508 2555 2610 2608 οὑκ
2692 2551 2905 2620 ἀγαθοὶ,
2961 2551 3055 2604 κα)⁸
3111 2549 3330 2611 ἀδίκως.
3372 2548 3517 2616 ἤπερ

239 2644 632 2716 ὠφελούμενοι,
675 2648 814 2719 ὅπερ
863 2650 1010 2702 ἐστὶν
1062 2650 1330 2721 ἐναργῶς,
1378 2650 1452 2721 μὴ
1500 2649 1567 2702 τά
1615 2651 1820 2704 ἑαυτῶν
1859 2651 2168 2722 ζητοῦντες,
2194 2651 2331 2705 ἀλλά
2367 2651 2462 2704 καὶ
2488 2649 2558 2703 τὰ
2589 2648 2814 2719 ἐτέρων.
2849 2647 3050 2716 Ἔργον
3113 2639 3204 2697 οὖν
3269 2641 3513 2710 ἀγάπης,

240 2736 294 2788 τὸ
315 2739 432 2799 τοῖς
459 2737 842 2790 ἐθελοκακοῦσι
871 2739 946 2810 μὴ
979 2739 1388 2810 ἀντεγείρεσθαι
1419 2739 1657 2806 πάντως,

1723 2739 1856 2810 μηδὲ
1892 2739 2376 2812 ἀποκεχρημένους
2439 2737 2516 2808 τῷ
2547 2736 2805 2791 δύνασθαι
2846 2735 3071 2806 πάσχειν
3103 2733 3223 2788 οὑδέ
3252 2732 3355 2786 κᾶν
3383 2747 3518 2806 παρ.

243 2824 380 2891 ὄντες
431 2827 802 2898 ἀλισκὼμεθα,
859 2829 1183 2902 δριμύτερον
1243 2831 1430 2903 ὥσπερ
1478 2833 1537 2884 ἐν
1594 2831 1821 2894 ἐκείνοις
1861 2831 2266 2902 ἀπεργάζεσθαι
2295 2830 2384 2884 τὸν
2417 2828 2605 2899 θυμὸν,
2637 2829 2974 2881 πλεονεκτεῖν
3005 2827 3106 2880 οὑκ
3168 2824 3358 2895 ἔχοντα
3423 2820 3520 2875 τοῦ

244 2917 566 2986 μισουμένου
613 2920 711 2990 τὴν
756 2919 1015 2991 δύναμιν.
1050 2941 1068 2974 ι
1116 2923 1182 2976 ἹῙ
1215 2924 1391 2980 τοίνυν
1432 2923 1643 2994 ἀγάπη,
1680 2922 1931 2995 καθάπερ
1971 2925 2134 2994 φησὶν
2163 2925 2191 2977 ὁ
2219 2921 2451 2990 Παῦλος,
2490 2922 2550 2974 οὑ
2590 2921 2744 2992 ζητεῖ
2775 2919 2842 2974 τά
2875 2919 3095 2989 ἑαυτῆς,
3120 2937 3136 2968 ι
3177 2919 3322 2989 ἤπερ
3352 2911 3420 2987 ἦν
3459 2919 3518 2974 ἐν

243 3010 458 3080 Χριστῷ
491 3012 763 3084 καθαρῶς.

321 3104 445 3167 Ὀξί)
501 3104 558 3158 δὲ
614 3105 680 3175 δὴ
737 3108 899 3161 πάλιν
955 3106 1233 3179 ἐνερείσας
1277 3109 1682 3182 γεγραμμένοις
1731 3109 1824 3178 τῆς

2008 3102 2210 3159 Verum
2239 3102 2286 3158 si
2314 3100 2534 3172 penitus
2565 3117 2629 3156 ea
2657 3116 2779 3172 quae
2801 3098 2894 3156 hic
2923 3099 3130 3169 scripta
3163 3107 3293 3155 sunt
3321 3099 3518 3155 mentis

241 3194 478 3259 διανοίας
537 3196 600 3249 τὸ
661 3197 850 3268 ὄμμα,
909 3199 1208 3269 θαυμάσεις
1274 3202 1504 3272 ἀρίστην
1563 3201 1832 3272 εὑρίσκων

241 3289 554 3358 οἰκονομίαν
601 3293 658 3344 ἐν
703 3294 823 3354 ταῖς
867 3289 959 3345 τοῦ
1002 3291 1253 3363 Σωτῆρος
1291 3293 1447 3363 ἡμῶν
1475 3294 1830 3359 ἀποστάσεσι,

240 3382 357 3442 ταῖς
403 3381 471 3434 ἐκ
515 3381 625 3434 τῶν
668 3380 1053 3452 Ἰεροσολύμων
1106 3382 1268 3452 φημί.
1316 3381 1692 3448 Ἐξελαύνεται
1732 3383 1833 3453 μὲν

241 3468 345 3539 γάρ
372 3471 481 3523 ὑπὸ
507 3474 605 3542 τῆς
630 3472 737 3524 τῶν
771 3472 1038 3526 Ἰουδαίων
1071 3472 1325 3536 ἀπονοίας
1355 3472 1637 3536 πολλάκις,
1670 3489 1834 3527 κατα-

240 3557 376 3612 λύων
403 3559 463 3612 δὲ
489 3561 642 3632 παρά
671 3563 784 3624 τοῖς
812 3561 1142 3630 άλλογενέσι,
1179 3562 1270 3615 καὶ
1311 3561 1686 3628 ἀνασώζεσθαι
1715 3579 1832 3626 πως

239 3649 384 3704 δογεῖ
405 3653 539 3725 παρ’
559 3652 809 3718 ἐκείνοις,
835 3654 1049 3724 καὶτῆς
1068 3652 1294 3724 δεούσης
1319 3653 1614 3708 ἀπολαύειν
1639 3653 1828 3724 τιμῆς*

238 3740 333 3810 τὴν
357 3742 570 3813 ἀμείνω
595 3743 776 3814 ψῆφον
802 3745 869 3816 τῇ
901 3744 963 3808 ἐξ
987 3743 1154 3796 ἐθνῶν
1188 3743 1483 3815 Ἐκκλησία
1511 3744 1600 3798 διά
1637 3743 1828 3797 τούτου

238 3829 430 3896 διδοὺς.
464 3833 560 3886 καὶ
594 3823 656 3886 τὸ
691 3835 940 3903 μισόθεον
981 3834 1090 3888 τῶν
1118 3835 1176 3899 ἐξ
1213 3835 1430 3906 Ἰσραὴλ
1467 3835 1555 3890 διὰ
1582 3836 1681 3906 τῆς
1712 3835 1829 3888 ἐτέ-

241 3937 344 3990 ρων
366 3923 657 3988 εὐλαϐείας
681 3925 1058 3996 ἐξελέγχεσθαι
1089 3926 1278 3991 ποιῶν,
1306 3927 1399 3980 καὶ
1429 3926 1490 3980 τὸ
1519 3929 1576 3982 ἐν
1600 3927 1829 3991 ἐκείνοις

238 4011 382 4082 ὠμὸν
441 4014 530 4067 διὰ
570 4015 669 4085 τῆς
707 4017 766 4069 ἐν
811 4015 1020 4080 τούτοις
1072 4017 1408 4089 ἡμερότητος
1451 4018 1825 4084 ἐπιδεικνύων,

240 4106 323 4158 ἵνα
346 4106 413 4176 δὴ
449 4105 534 4158 διὰ
564 4107 782 4161 πάντων
810 4107 1081 4177 φαίνοιντο
1121 4109 1305 4163 λοιπὸν
1331 4109 1826 4180 κεχρεωστημένως

240 4193 333 4263 ἥδη
383 4197 482 4248 καὶ
526 4196 708 4260 καλῶς
759 4197 858 4267 τῆς
905 4198 985 4262 είς
1031 4199 1158 4262 τοὺς
1206 4197 1442 4268 πατέρας
1497 4198 1826 4266 ἐπαγγελίας

243 4283 618 4356 ἐξωθούμενοι.
669 4287 1049 4359 ’Δποπηδήσας
1105 4288 1162 4342 δέ
1212 4288 1322 4342 τῶν
1365 4288 1752 4360 Ἰεροσολύμων
1796 4291 1825 4344 ὁ

243 4374 474 4446 Κύριος,
523 4379 622 4431 οὑκ
684 4379 764 4444 εἰς
822 4379 952 4450 μίαν
998 4381 1107 4434 τῶν
1161 4380 1507 4452 περιοικίδων
1567 4381 1822 4435 καταλύει

1941 3196 2119 3252 oculis
2149 3194 2542 3264 introspexeris
2570 3235 2586 3260 ,
2631 3193 2688 3249 in
2730 3193 2838 3249 isto
2887 3191 2958 3246 ab
2999 3190 3395 3262 Hierosolymis
3434 3207 3518 3247 re-

1941 3302 2101 3344 cessu
2136 3285 2652 3357 praestantissimam
2689 3269 3156 3354 dispensationem
3201 3281 3516 3339 miraberis.

1938 3376 2250 3432 Judaaorum
2295 3376 2502 3446 quippe
2546 3374 2773 3431 vesania
2823 3387 2964 3444 saepe
3017 3371 3279 3443 ejicitur:
3323 3373 3419 3428 sed
3451 3371 3518 3426 ad

1941 3470 2277 3540 alienigenas
2306 3468 2630 3524 divertendo
2654 3509 2668 3532 ,
2701 3477 2880 3522 tutum
2917 3467 3021 3524 sibi
3059 3466 3202 3539 apud
3239 3467 3361 3522 illos
3397 3482 3518 3537 per—

1939 3561 2149 3633 fugium
2205 3577 2329 3618 esse
2357 3569 2554 3632 putat,
2600 3569 2656 3616 et
2687 3577 2766 3626 se,
2814 3569 2874 3616 ut
2921 3560 3171 3628 decebat,
3219 3559 3518 3616 honorifice

1939 3652 2163 3707 tractari
2215 3670 2228 3706 :
2281 3667 2390 3721 quo
2437 3651 2582 3707 facto
2630 3653 2875 3722 gentium
2931 3651 3194 3706 Ecclesia:
3242 3652 3512 3721 potiorem
3560 3687 3567 3694 .

1936 3743 2208 3799 calculum
2241 3742 2453 3803 tribuit.
2481 3750 2535 3797 et
2565 3743 2895 3812 impietatem
2929 3741 3244 3797 Iudaeorum
3279 3743 3510 3796 aliorum

1936 3833 2135 3905 pietate
2163 3833 2461 3902 redarguit,
2479 3839 2534 3888 ct
2559 3832 2776 3886 illorum
2793 3831 3174 3887 crudelitatem
3195 3831 3391 3885 borum
3413 3830 3513 3885 huc

1935 3926 2198 3980 inanitate
2229 3925 2614 3993 demonstrat,
2656 3931 2716 3978 ut
2744 3923 2941 3978 merito
2971 3923 3264 3979 videantur
3293 3923 3359 3980 de
3391 3939 3515 3994 pro.

1934 4014 2199 4070 missione
2230 4014 2476 4083 patrihus
2507 4011 2653 4070 facta
2687 4013 2906 4083 deiecti.
2954 4013 3126 4068 Porro
3169 4028 3291 4068 cum
3332 4014 3518 4070 Domi-

1932 4121 2040 4162 nus
2079 4105 2312 4162 recessit
2347 4106 2782 4176 Hierosolymis,
2829 4121 2939 4161 non
2973 4105 3034 4160 in
3071 4120 3233 4160 unam
3273 4105 3515 4176 aliquam

1930 4214 1995 4256 ex
2037 4199 2358 4255 civitatibus
2382 4199 2582 4256 vicinis
2620 4199 2875 4263 divertit,
2913 4207 3009 4252 aut
3041 4199 3095 4252 in
3134 4197 3384 4254 finitimis
3420 4213 3515 4270 pa-

1930 4293 2015 4364 gis
2061 4300 2348 4358 moratur,
2397 4291 2493 4347 sed
2541 4292 2654 4346 abit
2695 4299 2849 4346 trans
2881 4304 3033 4344 mare
3063 4288 3400 4354 'l‘ibcriadis,
3456 4299 3515 4344 ut

1930 4385 2110 4454 reipsa
2133 4382 2536 4454 quodammodo
2555 4381 2737 4453 impiis
2756 4379 3198 4452 persecutoribus
3217 4381 3332 4435 suis
3350 4380 3513 4450 272

242 4466 411 4530 πόλιν,
440 4469 535 4522 καὶ
565 4469 622 4522 ἐν
652 4472 774 4532 ταῖς
802 4471 1022 4542 ὁμόροις
1055 4469 1336 4534 αὐλίζεται
1379 4469 1614 4541 κώμαις,
1649 4471 1824 4542 πέραν

1927 4473 2274 4530 interminari
2313 4471 2598 4534 videatur,
2641 4480 2749 4525 tam
2783 4471 2974 4542 procul
3013 4471 3080 4524 ab
3126 4469 3194 4525 iis
3231 4485 3292 4524 se
3331 4471 3516 4524 abitu—

238 4558 289 4612 δὲ
333 4563 525 4614 ἄπεισι
574 4563 674 4633 τῆς
728 4561 1001 4634 θαλάσσης
1029 4563 1130 4635 τῆς
1178 4563 1518 4634 Τιϐεριάδος,
1549 4566 1825 4636 μονονουχὶ

239 4651 303 4704 δι’
331 4654 746 4723 ἐμφανεστάτου
774 4654 1099 4725 πράγματος
1128 4655 1367 4711 ἀπειλῶν
1393 4656 1508 4719 τοῖς
1541 4656 1624 4709 ὅτι
1658 4673 1828 4728 προσ-

241 4744 354 4814 ήκοι
381 4744 599 4798 διώκειν
630 4745 792 4799 αὑτὸν
823 4745 1096 4810 δυσσεϐῶς
1129 4739 1446 4819 ᾑρημένοις,
1470 4747 1552 4801 ὅτι
1576 4747 1827 4801 τοσοῦτον

240 4836 413 4888 αὑτῶν
461 4837 846 4908 ἀποστήσεται,
895 4838 990 4892 καὶ
1026 4839 1226 4903 παντὸς
1265 4837 1359 4893 τοῦ
1406 4840 1592 4904 ἔθνους
1634 4839 1826 4894 ἑαυτὸν

239 4927 574 4996 ἀπονοσφιεῖ,
616 4929 694 4991 ῶς
736 4929 830 4983 καὶ
873 4928 1074 4984 ἄϐατον
1119 4929 1303 4994 αὑτοῖς
1345 4931 1546 5003 τρόπον
1573 4931 1692 4986 τινὰ
1723 4933 1824 5002 τῆς

238 5018 371 5086 πρὸς
429 5017 595 5071 αὑτὸν
651 5019 991 5090 ἐπιστροφῆς
1041 5021 1449 5076 κατασκευάσαι
1514 5024 1613 5094 τὴν
1672 5023 1819 5079 ὁδόν

233 5106 374 5178 βατὴ
407 5108 514 5178 γάρ
542 5109 794 5181 οὐδαμῶς
826 5114 937 5175 τοῖς
963 5109 1266 5182 ἀνθρώπων
1303 5113 1459 5166 ποσὶν
1491 5115 1523 5183 ἠ
1557 5114 1820 5170 θάλασσα.

231 5201 487 5254 Τοιοῦτον
518 5202 574 5255 δέ
603 5221 654 5257 τι
691 5203 786 5257 καὶ⁵
827 5205 884 5258 ἐν
912 5207 1024 5270 τοῖς
1059 5205 1255 5277 ἐφεξῆς
1303 5206 1441 5278 πρὸς
1486 5207 1680 5271 αὑτούς
1719 5225 1823 5263 που

231 5297 406 5367 λέγων
450 5299 838 5370 εὑρεθήσεται·
868 5319 888 5353 ι
924 5287 1196 5374 Ζητήσετέ
1234 5319 1323 5372 με,
1377 5301 1471 5356 καὶ
1514 5303 1612 5374 οὑχ
1659 5303 1826 5376 εὑρή-

237 5403 377 5450 σετε,
403 5390 498 5443 καὶ
522 5389 657 5442 ὅπου
684 5391 794 5459 ἐγὼ
815 5391 1032 5461 ὑπάγω,
1055 5394 1212 5463 ὑμεῖς
1237 5393 1299 5447 οὑ
1317 5393 1546 5448 δύνασθε
1571 5395 1762 5450 ἐλθεῖν.
1796 5414 1818 5449 ε

248 5476 501 5550 λειοτάτη
539 5479 639 5550 μὲν
670 5480 799 5552 γάρ,
829 5482 922 5534 καὶ
951 5483 1297 5555 εὑπόρευτος,
1325 5482 1420 5537 καὶ⁵
1449 5482 1600 5537 οὐδὲν
1626 5482 1824 5555 ἔχουσα

252 5569 290 5620 θ»
315 5573 498 5643 τραχὺ
548 5574 658 5637 τοῖς
697 5572 787 5627 διὰ
833 5573 1068 5638 πίστεως
1097 5575 1232 5646 πρὸς
1259 5575 1423 5632 αὑτὸν
1471 5577 1640 5632 ἰοῦσιν
1669 5578 1702 5648 ἡ
1735 5577 1822 5634 διὰ

251 5809 258 5816 _
304 5745 322 5776 ⁸
356 5744 378 5799 ι
407 5745 538 5804 Cor.
580 5763 703 5813 xui,
734 5749 788 5804 5.
863 5749 885 5781 ⁸
921 5748 1079 5807 Joan.
1117 5766 1234 5820 vm,
1262 5751 1353 5808 2|.

1924 4582 2048 4623 rum
2083 4574 2138 4621 et
2167 4565 2236 4622 ab
2269 4565 2420 4621 omni
2452 4574 2615 4636 gente
2645 4579 2994 4620 recessurum
3025 4605 3040 4629 ,
3071 4572 3130 4616 ut
3165 4563 3513 4618 inaccessum

1923 4657 2331 4730 quodammodo
2359 4657 2744 4712 conversionis
2778 4656 2844 4712 ad
2879 4655 3057 4726 ipsum
3093 4657 3196 4712 iter
3236 4659 3516 4727 przestitu-

1924 4764 2023 4804 rus
2051 4749 2162 4804 sit:
2195 4749 2401 4804 invium
2425 4748 2631 4819 quippe
2666 4748 2924 4804 humanis
2959 4747 3192 4817 pedibus
3224 4755 3309 4801 est
3339 4761 3511 4801 mare.

1925 4839 2059 4898 Tale
2088 4841 2348 4912 quiddam
2380 4841 2546 4896 etiam
2579 4841 2632 4894 in
2666 4840 3028 4911 sequentibus
3076 4840 3259 4894 dicere
3301 4853 3515 4907 compe-

1929 4933 2141 4989 rietur:
2179 4952 2196 4985 ι
2234 4931 2505 4998 ριιαιιθιίε
2549 4946 2637 4985 me
2662 4971 2678 4996 ,
2717 4939 2913 4986 etnon
2947 4928 3278 4989 invenietis;
3326 4919 3513 4994 etquo

1927 5040 2029 5096 ego
2073 5024 2250 5089 vado,
2293 5039 2388 5079 vos
2433 5039 2541 5078 non
2564 5022 2793 5092 potestis
2812 5020 2998 5076 venire
3025 5020 3068 5072 ⁸.
3109 5038 3128 5071 ι
3182 5016 3511 5072 Planissima

1929 5116 2075 5171 enim
2107 5123 2161 5169 et
2195 5114 2372 5169 facilis
2395 5121 2501 5176 est,
2537 5127 2636 5166 nec
2669 5111 2986 5182 asperitatis
3013 5109 3315 5180 quidquam
3349 5107 3512 5161 habet

1930 5210 2018 5264 via
2044 5207 2276 5278 justitize
2291 5205 2639 5262 venientibus
2671 5204 2738 5259 ad
2770 5205 2947 5273 ipsum
2977 5216 3076 5272 per
3109 5200 3269 5256 ﬁdem
3301 5217 3315 5254 :
3353 5215 3515 5268 aspe-

1931 5315 1993 5356 ra
2023 5313 2156 5354 vero
2193 5305 2248 5354 et
2287 5296 2454 5351 ardua
2478 5335 2493 5362 ,
2545 5297 2655 5349 imo
2689 5309 2820 5350 vero
2860 5294 3141 5347 inaccessa
3178 5306 3409 5362 prorsus
3442 5291 3511 5346 iis

1932 5391 2026 5463 qui
2077 5390 2411 5446 exacerbant
2458 5390 2674 5458 ipsum,
2720 5394 2778 5442 ut
2827 5401 2922 5457 per
2966 5400 3134 5438 unum
3184 5392 3508 5442 sanctorum

1933 5484 2323 5556 prophetarum
2356 5480 2622 5550 scriptum
2668 5485 2754 5533 est
2787 5495 2801 5532 :
2847 5498 2866 5530 ι
2903 5477 3047 5541 Ideo,
3089 5477 3307 5548 inquit,
3342 5485 3508 5532 rectae

1931 5577 2030 5634 via:
2065 5575 2309 5643 Domini,
2350 5581 2405 5631 et
2431 5573 2566 5646 justi
2613 5571 2972 5629 ambulabunt
3013 5571 3069 5628 in
3121 5571 3240 5630 eis:
3278 5569 3370 5643 qui
3407 5585 3510 5624 au-
