4044 6200
525 335 630 393 ἆόὒ

1557 329 1613 384 S.
1655 327 1932 385 CYRILIJ
1973 327 2440 384 ALEXANDRINI
2479 329 2796 386 ARCHlEP.

3629 338 3817 403 Δ1η

528 464 638 512 tem
673 454 824 526 impii
855 461 1022 518 sunt,
1069 451 1506 528 inﬁrmabuutur
1543 453 1597 505 in
1643 453 1754 508 illis
1786 453 1825 506 ⁸.
1866 473 1884 505 i
1927 451 2118 522 Itaque

2225 457 2320 526 τῆς
2351 456 2694 527 δικαιοσύνης
2719 458 2855 519 ὁδὸς,
2882 458 3321 530 ἑκτετραχυμένη
3351 458 3405 511 δὲ
3434 459 3526 511 καὶ
3555 459 3816 529 ἀνάντης,

528 548 881 617 interiectum
919 545 1052 600 illud
1091 543 1262 600 maris
1303 544 1543 614 spatium
1601 544 1875 615 significat
1913 543 2121 601 Judmis

477 628 480 630 ⁷
525 639 744 694 difficile
771 635 1216 708 quodammodo,
1260 636 1372 690 imo
1417 652 1548 691 vero
1593 635 1801 691 invium
1852 653 1976 693 esse
2018 636 2122 691 iter

526 733 591 786 ad
640 732 858 802 ipsum,
912 727 1360 801 quandoquidem
1414 730 1598 800 impize
1652 745 1874 802 quoque
1919 731 2122 786 anima:

523 823 642 879 vias
675 821 1049 878 intercludere
1091 838 1151 878 se
1192 823 1482 893 proﬁtetur
1516 821 1660 880 Deus
1706 824 1846 894 apud
1884 823 2123 894 prophe-

527 923 662 978 tam,
699 912 890 968 dicens
924 928 937 962 :
975 930 992 963 ι
1023 911 1170 979 Ideo,
1197 911 1413 983 inquit,
1447 926 1548 984 ego
1579 914 1790 983 sepiam
1821 914 1967 968 viam
2001 911 2123 982 ejus

523 1020 580 1073 in
631 1003 868 1059 sudibus
898 1043 913 1068 ,
961 1011 1017 1059 et
1064 1005 1317 1059 semitam
1369 1019 1526 1058 suam
1585 1020 1694 1059 non
1752 1004 1995 1060 inveniet
2019 1005 2059 1058 ⁸.
2099 1021 2118 1056 ι

525 1095 680 1166 Quod
733 1094 906 1166 igitur
957 1095 1031 1152 ibi
1079 1094 1284 1163 fossze,
1339 1095 1580 1166 idipsum
1629 1097 1795 1152 etiam
1837 1095 1928 1152 hic
1957 1089 2125 1152 'marc

523 1186 831 1258 signiﬁcat,
868 1185 1016 1258 quod
1053 1187 1334 1258 improbos
1363 1187 1431 1243 ab
1466 1201 1532 1243 eo
1559 1187 1649 1243 cui
1693 1187 2033 1244 contumelia
2063 1187 2124 1242 ﬁt

525 1287 747 1349 Srpnrat
771 1319 785 1342 ,
829 1287 884 1334 et
916 1293 944 1332 a
981 1278 1268 1351 ﬂagitiosis
1303 1287 1557 1335 sanctum
1593 1278 1884 1350 dispescit.
1914 1280 2020 1335 Sed
2054 1289 2108 1334 et

524 1371 742 1425 videtur
792 1370 939 1424 aliud
993 1370 1269 1441 quoddam
1329 1371 1491 1427 nobis
1551 1379 1713 1442 typus
1778 1371 1869 1426 ille
1930 1385 2125 1441 parere

525 1461 1027 1534 mysterium.Nam
1063 1479 1188 1518 cum
1213 1479 1277 1518 ex
1314 1461 1552 1534 {Egypto
1575 1463 1904 1518 educeretur
1933 1461 2122 1527 Israel,

526 1557 919 1628 insequebatur
946 1556 1172 1609 nimium
1195 1564 1460 1626 quantum
1498 1564 1858 1625 exasperatus
1881 1553 2120 1616 Pharao,

527 1655 581 1702 et
622 1647 905 1717 inOpinata
959 1647 1137 1718 gentis
1184 1646 1335 1701 illius
1384 1645 1650 1701 felicitate
1691 1644 2123 1706 exstimulatus,

529 1756 640 1810 pra:
681 1740 888 1794 invidia
931 1755 995 1795 ac
1041 1739 1234 1796 dolore
1274 1747 1524 1795 extrema
1568 1753 1802 1811 qumque
1842 1739 2119 1809 parabat:

2231 546 2432 616 μᾶλλον
2473 547 2530 600 δὲ
2575 547 2670 600 καὶ
2720 547 3024 612 άδιόδευτος
3075 549 3354 612 παντελῶς
3397 552 3513 612 τοῖς
3554 551 3820 621 παροργίη

2227 639 2412 705 ζουσιν
2449 639 2633 703 αὐτὸν,
2660 640 2802 694 κατά
2843 640 2903 693 τὸ
2945 640 3236 712 εἰρημένον
3261 641 3328 694 δι’
3358 641 3475 704 ἑνὸς
3507 642 3615 696 τῶν
3645 641 3821 709 ἁγίων

2229 730 2552 802 προφητῶνο
2592 748 2610 782 ι
2644 732 2787 785 Διὸτι
2834 729 3040 785 εὐθεῖαι
3083 733 3141 785 αἱ
3176 731 3287 785 ὁδοὶ
3332 731 3428 785 τοῦ
3466 733 3695 803 Κυρίου,
3723 734 3821 786 καὶ

2227 821 2424 876 δίκαιοι
2452 820 2808 892 πορεύσονται
2838 823 2892 874 ἐν
2919 821 3131 885 αὐταῖς,
3162 822 3212 874 οἱ
3251 821 3307 873 δὲ
3342 820 3563 884 ἀσεϐεῖς
3583 819 3821 889 ἀσθενή-

2230 929 2414 966 σουσιν
2462 914 2521 965 έν
2567 911 2777 974 αὐταῖς.
2829 931 2846 962 ι
2875 909 3087 965 Οὐκοῦν
3145 911 3206 962 τὸ
3254 908 3549 980 δυσήνυτον
3603 908 3814 979 ὥσπερ.

2232 1004 2432 1076 μᾶλλον
2466 1004 2524 1058 δὲ
2557 1003 2652 1056 καὶ
2695 1005 2954 1074 ἀνήνυτον
3001 1005 3113 1066 τοῖς
3151 1000 3442 1065 Ἰουδαίοις,
3473 999 3573 1070 τῆς
3612 1000 3690 1064 ὡς
3723 998 3823 1053 ἐπ’

2229 1098 2391 1152 αὑτὸν
2412 1096 2710 1167 νοουμένης
2732 1096 2876 1161 ὀδοῦ,
2900 1096 2962 1149 τὸ
2991 1094 3194 1166 μεταξῦ
3219 1095 3320 1165 τῆς
3343 1093 3618 1163 θαλάσσης
3646 1110 3816 1146 κατα-

2233 1187 2490 1258 σημαίνει
2521 1185 2819 1255 διάστημα,
2851 1185 2974 1236 ἐπεὶ
3003 1184 3096 1237 καὶ
3124 1183 3222 1253 τῆς
3243 1180 3608 1250 δυσσεϐούσης
3637 1179 3816 1249 ψυχῆς

2228 1280 2596 1352 ἀναφράττειν
2648 1275 3042 1346 ἐπαγγέλλεται
3098 1275 3195 1338 τὰς
3243 1274 3398 1338 ὁδοὺς
3447 1275 3505 1326 ὲν
3561 1274 3814 1344 προφήτῃ

2230 1373 2362 1437 Θεὸς
2393 1372 2594 1440 λέγων·
2629 1390 2648 1423 ι
2685 1357 2781 1424 Διά
2805 1368 2982 1432 τοῦτο,
3015 1369 3123 1423 ίδοὺ
3164 1367 3275 1436 ἐγὼ
3308 1367 3539 1436 φράσσω
3569 1366 3668 1436 τὴν
3697 1366 3810 1417 ὁδὸν

2231 1464 2400 1533 αὐτῆς
2430 1465 2487 1516 ὲν
2512 1462 2752 1532 σκόλοψι,
2786 1462 2878 1515 καὶ
2906 1459 3002 1532 τὴν
3023 1460 3204 1530 τρίϐον
3229 1459 3393 1528 αὐτῆς
3424 1459 3482 1510 οὐ
3511 1457 3587 1528 μὴ
3621 1456 3754 1528 εὕρῃ
3788 1476 3803 1504 ι

2233 1557 2412 1628 ’Όπερ
2438 1554 2532 1610 οὖν
2561 1559 2619 1609 ὲν
2646 1555 2872 1618 ἐκείνοις
2901 1553 3121 1624 ἐδήλουν
3148 1554 3195 1605 οί
3235 1550 3512 1614 σκόλοπες,
3535 1549 3690 1604 τοῦτο
3717 1553 3805 1602 καὶ

2232 1649 2290 1701 ἐν
2349 1647 2556 1709 τούτοις
2625 1649 2658 1716 ἠ
2731 1645 2974 1699 θάλασσα
3019 1642 3126 1696 τῶν
3181 1640 3502 1708 ἀςυλάκτως
3542 1641 3804 1710 ἐμπαροι-

2233 1741 2343 1792 νεῖν
2407 1738 2679 1810 ἑλομένων
2749 1736 2842 1788 τὸν
2921 1730 3395 1806 ὲμπαροινηθέντα
3467 1730 3800 1802 χωρίζουσα,

530 1831 925 1902 insequebatur
948 1838 1131 1887 autem
1162 1840 1481 1896 coacturus,
1511 1838 1572 1885 ut
1594 1831 1697 1887 sibi
1731 1830 2116 1900 persuaulebat,

2225 1833 2317 1885 καὶ
2379 1830 2640 1884 διῖστὼσα
2692 1829 2801 1882 τῶν
2865 1828 2964 1897 οὐχ
3030 1825 3193 1878 ὁσίων
3231 1824 3350 1877 τὸν
3396 1825 3560 1878 ὅσιον.
3623 1820 3800 1873 Ἔοικε

529 1921 731 1977 iterum
771 1925 826 1977 in
853 1922 1177 1977 servitutem
1204 1936 1300 1977 eos
1329 1921 1427 1992 qui
1463 1935 1590 1976 sero
1622 1935 1686 1976 ac
1715 1922 1804 1976 vix
1837 1921 1984 1976 illam
2021 1935 2114 1974 ex-

529 2020 836 2068 cusserant.
869 2010 935 2066 Et
968 2011 1257 2068 traductus
1283 2010 1504 2081 quidem
1534 2019 1618 2067 est
1649 2025 1679 2065 a
1713 2010 1823 2067 Deo
1845 2025 1943 2082 per
1963 2023 2117 2065 mare

529 2105 768 2160 medium
793 2123 806 2159 :
829 2119 1016 2160 verum
1038 2120 1164 2160 cum
1189 2105 1392 2160 acriter
1414 2105 1819 2175 insequeretur,
1844 2116 1948 2159 nec
1969 2103 2106 2158 iram

531 2197 713 2253 sedari
747 2213 975 2270 prorsus
1005 2207 1311 2268 pateretur,
1345 2197 1441 2254 sed
1470 2197 1760 2269 impotenti
1784 2196 1972 2252 animo
2007 2195 2119 2252 Deo

529 2291 697 2347 stulte
719 2291 919 2347 bellum
949 2289 1215 2354 inferret,
1243 2291 1299 2345 in
1324 2290 1524 2355 mediis
1558 2289 1815 2346 ﬂuctibus
1848 2303 1972 2344 cum
2003 2303 2121 2343 om—

531 2383 697 2440 nibus
742 2382 919 2453 copiis
959 2383 1195 2439 obrutus
1242 2368 1371 2448 est,
1420 2383 1690 2453 solusque
1735 2389 1990 2437 servatus
2037 2390 2118 2435 est

529 2473 718 2529 Israel.
748 2473 854 2529 Sed
889 2473 1120 2544 prodeat
1153 2474 1266 2544 jam
1307 2473 1471 2531 nobis
1509 2473 1564 2529 in
1597 2472 1842 2530 medium
1880 2472 1972 2529 ille
2008 2470 2123 2526 Mo-

531 2581 620 2622 ses
655 2567 748 2637 qui
779 2564 1096 2621 Judmorum
1136 2565 1416 2621 vesaniam
1465 2566 1620 2636 prius
1659 2565 1915 2629 deflevit,
1952 2573 2007 2620 et
2036 2565 2123 2620 di-

531 2663 620 2711 cat
661 2656 726 2711 ad
775 2672 870 2711 eos
921 2673 1062 2727 aagre
1107 2657 1288 2715 ferens
1332 2659 1505 2729 impia
1546 2658 1601 2712 in
1648 2656 1932 2713 Christum
1987 2655 2122 2711 faci-

534 2764 669 2804 nora
725 2768 738 2804 :
797 2749 1142 2805 «Generatio
1191 2765 1378 2820 prava,
1434 2759 1489 2806 et
1543 2748 1825 2815 adultera,
1881 2748 2122 2804 haeccine

533 2838 722 2895 reddis
783 2838 1018 2895 Domino
1055 2839 1123 2893 7?
1169 2859 1187 2892 ι
1249 2839 1381 2894 Eum
1440 2839 1536 2909 qui
1598 2847 1651 2894 te
1703 2854 1798 2909 per
1850 2853 2002 2893 mare
2066 2844 2122 2893 et

533 2929 734 2989 fiuctus
785 2929 1026 2985 traduxit
1059 2970 1072 2993 ,
1129 2931 1275 2983 ultra
1331 2943 1482 2984 mare
1530 2927 1747 3000 abigis,
1801 2936 1858 2984 et
1903 2925 2120 2997 insequi

533 3037 644 3076 non
703 3020 966 3076 vereris?
1029 3020 1160 3075 Tute
1211 3021 1325 3090 jam
1396 3029 1527 3076 sunt
1580 3028 1765 3089 partes
1799 3059 1817 3086 ,
1877 3017 2115 3075 Judaee:

534 3114 695 3185 273
739 3128 887 3167 mare
928 3120 981 3169 te
1027 3113 1246 3168 tandem
1290 3113 1584 3183 opprimet.
1638 3110 1785 3168 Mors
1831 3113 1976 3168 enim
2025 3126 2119 3168 eos

535 3207 628 3276 qui
670 3212 1082 3275 persequuntur
1109 3212 1317 3268 manet,
1346 3220 1456 3260 non
1495 3204 1588 3275 qui
1621 3203 1860 3275 fugiunt,
1893 3211 1947 3260 et
1973 3202 2120 3274 quod

535 3306 667 3350 tunc
698 3295 752 3350 in
783 3295 894 3350 illis
918 3336 933 3360 ,
981 3295 1036 3350 id
1067 3311 1215 3351 nunc
1251 3297 1305 3350 in
1343 3295 1568 3351 Christo
1595 3311 1819 3366 quoque
1852 3306 1906 3350 et
1937 3294 2122 3365 impiis

535 3389 740 3447 Iudaeis
765 3392 950 3448 videre
981 3400 1086 3449 est.
1133 3392 1325 3449 Psallit
1360 3407 1490 3447 vero
1535 3393 1739 3447 alicubi
1771 3393 1989 3448 divinus
2031 3392 2123 3447 ille

536 3489 724 3538 noster
748 3481 922 3538 David
947 3502 962 3540 :
1000 3501 1019 3536 ι
1047 3483 1167 3540 Νοη
1196 3483 1282 3539 me
1305 3484 1588 3554 demergat
1613 3492 1910 3554 tempestas
1945 3498 2120 3554 aquae,

536 3585 718 3641 neque
753 3572 1050 3629 absorbeat
1085 3589 1172 3628 me
1195 3573 1527 3644 profundum
1554 3573 1608 3638 ⁸,
1642 3593 1660 3626 ι
1700 3575 1904 3644 quibus
1941 3575 2123 3631 verbis

535 3665 923 3735 gravissimum
1002 3664 1308 3737 Synagogve
1373 3663 1689 3719 Iudaeorum
1761 3663 2121 3737 naufragium

534 3757 870 3820 subindicat,
905 3767 958 3812 et
994 3757 1318 3828 ignorantia}
1349 3756 1628 3826 profundo
1674 3757 1838 3814 simul
1877 3756 2120 3828 demergi

535 3859 839 3907 aversatur.
882 3849 988 3907 Sed
1019 3850 1264 3922 AEgyptii
1307 3850 1526 3921 quidem
1559 3857 1612 3905 et
1644 3865 1832 3905 eorum
1876 3867 1972 3906 rex
2009 3866 2126 3905 cor-

536 3956 730 4010 porum
773 3941 1159 3998 tantummodo
1204 3940 1480 4011 iacturam
1535 3940 1806 3996 fecerunt.
1850 3938 2026 3994 Judaei
2067 3954 2125 3994 re

538 4035 924 4101 praestabiliori
969 4035 1185 4089 multati
1226 4037 1452 4106 gravius
1505 4033 1810 4102 puniuntur
1856 4053 1868 4088 :
1927 4032 2125 4086 anima:

535 4125 738 4196 quippe
771 4124 1046 4195 jacturam
1084 4126 1293 4181 faciunt
1320 4167 1334 4193 ,
1386 4139 1486 4196 pro
1519 4127 1736 4180 ratione
1783 4139 2010 4181 suorum
2044 4123 2123 4178 fav

500 4216 790 4288 icinorum
844 4218 1065 4287 prmmia
1103 4224 1472 4288 reportantes.
1521 4215 1657 4272 Jure
1705 4215 1852 4272 enim
1900 4215 2124 4285 punitus

497 4307 622 4399 ;est
658 4307 896 4374 Pharao,
939 4318 1126 4380 utpote
1155 4311 1248 4381 qui
1284 4311 1518 4365 liberum
1548 4309 1814 4380 p0pulum
1858 4307 2125 4364 servitute

536 4414 786 4467 premere
855 4409 1142 4467 tentaret;
1211 4409 1405 4456 contra
1476 4417 1606 4456 vero
1675 4401 1827 4471 juste
1893 4400 2125 4471 punitur

2216 1925 2274 1979 δέ
2345 1941 2396 1978 τι
2469 1924 2563 1978 καὶ
2629 1921 2814 1992 ἕτερον
2858 1921 2988 1991 ἡμῖν
3043 1918 3122 1982 ὡς
3193 1917 3250 1970 ἐν
3317 1915 3500 1970 ὠδῖσιν
3558 1915 3588 1967 6
3640 1912 3802 1975 τύπος

2220 2016 2604 2088 κεκρυμμένον
2696 2013 2840 2084 ἔχειν
2922 2011 3239 2082 μυστήριον.
3320 2009 3448 2063 Ὅτε
3531 2007 3641 2078 γάρ
3708 2005 3805 2074 τῆς

2220 2108 2536 2177 Αἰγυπτίων
2595 2105 2936 2176 ἐξεπέμπετο
2987 2102 3170 2176 χώρας
3221 2103 3249 2156 6
3286 2100 3524 2172 Ἰσραὴλ,
3579 2096 3806 2168 ἠκολού-

2221 2201 2303 2253 θει
2345 2200 2443 2268 μὲν
2497 2199 2617 2251 λίαν
2661 2196 3058 2268 ὲκτεθηγμένος
3105 2196 3135 2248 6
3176 2191 3396 2263 Φαραὼ,
3446 2192 3539 2244 ἐπὶ
3590 2189 3648 2243 δὲ
3690 2191 3809 2252 ταῖς

2221 2291 2502 2362 ἀδοκήτοις
2561 2288 2885 2362 εὐπραγίαις
2940 2287 3036 2342 τοῦ
3096 2287 3278 2351 ἔθνους
3343 2283 3804 2354 ὲξοιστρούμενος,

2221 2383 2292 2437 τά
2319 2384 2383 2436 ὲκ
2415 2382 2607 2452 φθόνου
2649 2382 2740 2435 καὶ
2777 2380 2954 2452 λύπης
2983 2379 3296 2450 ἀποτολμᾷν
3340 2377 3492 2448 νόμῳ
3515 2375 3594 2447 τῷ
3629 2375 3810 2446 μάχης

2221 2476 2512 2546 ἠπείγετο·
2552 2473 2836 2546 ἠκολούθει
2882 2473 2937 2527 δὲ
2992 2471 3253 2526 δύνασθαι
3300 2470 3684 2540 παλινδρομεῖν
3733 2469 3810 2532 είς

2222 2567 2465 2622 δουλείαν
2511 2563 2841 2633 ἀναγκάζειν
2891 2563 3135 2635 οἰόμενος
3182 2564 3309 2626 τοὺς
3356 2562 3453 2631 ὀψὲ
3508 2561 3602 2614 καὶ
3659 2560 3811 2629 μόλις

2222 2660 2321 2730 τῆς
2369 2657 2460 2711 ὑπ’
2488 2657 2637 2727 αὐτῷ
2669 2655 2888 2727 θητείας
2926 2655 3294 2718 ἐκδεδωκότας.
3336 2652 3494 2706 Ἀλλὰ
3537 2651 3809 2714 διεϐίῦαζε

2227 2751 2325 2820 μὲν
2353 2751 2452 2819 τὴν
2483 2748 2571 2802 διὰ
2604 2747 2880 2818 θαλάσσης
2918 2745 3089 2816 μέσης
3124 2745 3276 2808 Θεὸς,
3311 2746 3339 2798 ὁ
3373 2743 3428 2796 δὲ
3469 2743 3683 2795 διώκων
3727 2743 3812 2793 ὲν-

2221 2843 2410 2906 τόνως,
2441 2840 2536 2893 καὶ
2564 2839 2800 2910 χαλάσαι
2836 2839 2934 2909 μὲν
2977 2839 3074 2910 τὴν
3111 2838 3282 2910 ὀργὴν
3322 2835 3586 2908 μηδαμῶς
3629 2835 3812 2902 @516-

2227 2948 2405 3004 μενος,
2435 2931 2724 3002 θεομαχεῖν
2769 2931 2827 2983 δὲ
2873 2929 3199 3000 παραλόγως
3253 2923 3812 2996 άναπεπεισμένοςὲξ

2224 3021 2466 3092 ἀκράτου
2527 3019 2742 3090 θυμοῦ.
2800 3018 2942 3073 κατὰ
3011 3018 3184 3086 μέσην
3242 3017 3411 3086 αὐτὴν
3467 3015 3811 3087 πανστρατιᾷ

2224 3111 2619 3180 κατεπνίγετο,
2666 3109 2952 3174 διεσώζετο
3000 3107 3056 3161 δὲ
3115 3108 3274 3178 μόνος
3321 3105 3634 3179 ὀ-Ίσραήλ.
3677 3105 3812 3157 Ἀλλ’

2224 3205 2405 3276 ἡκέτω
2445 3205 2538 3259 καὶ
2568 3204 2663 3259 νῦν
2699 3205 2780 3266 εἰς
2827 3201 2992 3272 μέσον
3033 3202 3162 3272 ἡμῖν
3195 3200 3224 3252 6
3264 3201 3361 3265 τὰς
3399 3201 3508 3254 τῶν
3542 3200 3812 3254 Ἰουδαίων

2223 3297 2480 3361 ἀπονοίας
2510 3295 2998 3368 προαναθρηνήσας
3035 3293 3262 3365 Μωσῆς,
3295 3294 3389 3348 καὶ
3437 3293 3644 3362 λεγέτω
3673 3293 3808 3363 πρὸς

2224 3389 2419 3452 αὐτοὺς
2455 3389 2547 3442 ἐπὶ
2572 3390 2693 3453 ταῖς
2737 3389 2817 3453 είς
2863 3386 3097 3459 Χριστὸν
3132 3386 3408 3449 ἀσεϐείαις
3454 3386 3806 3453 ἀγανακτῶν

2231 3498 2249 3531 ε
2283 3479 2448 3534 Γενεὰ
2499 3480 2711 3549 πονηρά
2761 3479 2857 3533 καὶ
2909 3478 3191 3550 μοιχαλὶς,
3237 3477 3410 3532 ταῦτα
3453 3477 3642 3549 Κυρίῳ
3686 3477 3815 3530 άντο

2225 3571 2527 3637 αποδίδοτε;
2559 3592 2577 3624 υ
2613 3571 2718 3624 Τὸν
2739 3571 3081 3639 διενεγκόντα
3103 3569 3190 3624 διά
3213 3569 3489 3639 θαλάσσης
3519 3569 3691 3639 μέσης
3719 3568 3813 3619 καὶ

2224 3666 2484 3736 κυμάτων
2530 3663 2774 3734 σφοδρῶν
2832 3662 3004 3735 πέραν
3051 3661 3295 3726 ἐλαύνεις
3345 3662 3654 3732 θαλάσσης,
3717 3663 3856 3714 καὶ“

2224 3758 2434 3810 διώκων
2462 3756 2560 3809 οὐκ
2587 3755 2878 3826 ὲρυθριᾷς;
2919 3755 3017 3809 Σὺν
3061 3752 3154 3810 οὖν
3186 3757 3293 3823 ἄρα
3327 3755 3387 3809 τὸ
3426 3755 3639 3817 παθεῖν,
3679 3756 3819 3808 Ἰου-

2224 3847 2363 3915 δαῖε,
2403 3847 2462 3899 σε
2511 3847 2830 3911 καταπνίξει
2885 3846 3070 3901 λοιπὸν
3115 3849 3147 3919 ἡ
3198 3847 3461 3902 θάλασσα.
3531 3848 3654 3900 Τῶν
3701 3848 3821 3916 γὰρ

2224 3939 2548 4000 διωκόντων,
2591 3939 2653 3991 οὐ
2712 3937 2820 3992 τῶν
2861 3938 3205 4010 διωκομένων
3241 3941 3269 3993 6
3316 3939 3565 4002 θάνατος,
3615 3939 3712 3991 καὶ
3757 3940 3822 3991 ὲν

2227 4031 2454 4093 ἐκείνοις
2481 4026 2548 4101 ἦν
2578 4031 2698 4084 τότε
2730 4031 2822 4083 καὶ
2861 4029 2954 4083 νῦν
3011 4031 3103 4084 ἐπὶ
3142 4029 3379 4102 Χριστοῦ
3425 4031 3518 4082 καὶ
3566 4028 3674 4083 τῶν
3719 4030 3821 4082 ἀνα

2224 4123 2384 4176 οσίων
2442 4121 2728 4176 Ἰουδαίων.
2786 4121 2992 4176 Ψάλλει
3037 4122 3094 4176 δέ
3159 4140 3260 4175 που
3293 4122 3388 4175 καὶ
3439 4121 3468 4174 ό
3524 4120 3820 4185 θεσπέσιος

2225 4218 2355 4286 ἡμῖν
2389 4213 2578 4268 Δαδίδ·
2617 4233 2635 4265 ι
2669 4215 2758 4284 Μή
2803 4232 2868 4284 με
2908 4214 3356 4268 καταποντισάτω
3400 4214 3652 4281 καταιγὶς
3685 4213 3827 4266 ὕδα-

2225 4325 2334 4372 τος,
2371 4306 2568 4376 λέγων,
2601 4307 2734 4378 μηδὲ
2766 4305 3081 4359 καταπιέτω
3119 4323 3186 4376 με
3221 4305 3402 4376 βυθὸς,
3442 4326 3460 4358 ι
3487 4305 3547 4358 τὸ
3598 4306 3826 4374 παγχάο

2225 4400 2386 4452 λεπον
2429 4400 2528 4470 τῆς
2566 4399 2833 4452 Ἰουδαίων
2891 4400 3222 4469 Συναγωγῆς
3273 4399 3627 4470 ύπεμφαίνων
3680 4416 3829 4455 vuu-

537 4487 702 4550 lsrael
729 4528 742 4552 ,
772 4489 863 4556 qui
911 4490 1118 4545 servire
1161 4491 1404 4548 universi
1437 4491 1665 4548 Domino
1693 4491 2119 4563 dedignaretur;

2230 4490 2400 4559 άγιον,
2449 4489 2542 4543 καὶ
2587 4489 2650 4542 τὺ
2695 4489 2792 4542 σὺν
2829 4489 3056 4553 ἐκείνοις
3098 4488 3555 4559 ὲναποπνίγεσθαι
3599 4488 3676 4561 τῷ
3709 4490 3827 4559 τῆς

535 4586 591 4632 et
614 4592 776 4646 quem
811 4577 902 4634 ille
933 4582 1077 4650 apud
1111 4580 1291 4648 ipsum
1323 4581 1632 4651 tyrannidis
1667 4583 1849 4638 locum
1875 4583 2119 4646 tenebat,

537 4668 683 4721 hunc
720 4668 837 4736 ipse
865 4684 995 4738 erga
1037 4669 1203 4724 Deum
1236 4669 1507 4740 superbia:
1541 4681 1724 4727 tenere
1757 4671 2123 4741 deprehendi-

536 4770 647 4814 tur.
694 4758 1007 4814 Notandum
1085 4774 1250 4829 porro
1331 4760 1420 4815 hic
1475 4760 1728 4831 paludem
1777 4761 2121 4816 Tiberiadem

538 4867 689 4906 mare
729 4851 939 4919 vocari,
969 4867 1069 4923 pro
1099 4867 1254 4906 more
1283 4851 1584 4922 Scripturae
1615 4852 1815 4908 divinae
1847 4873 1858 4908 :
1916 4875 1935 4906 ε
1973 4854 2123 4910 Con-

533 4941 890 5013 gregationes
959 4943 1104 4999 enim
1172 4958 1438 5017 aquarum
1518 4944 1692 4998 maria
1779 4946 2037 5000 vocavit”
2100 4967 2117 4999 ι

536 5035 757 5106 Opifex.
792 5034 946 5106 Saepe
975 5045 1156 5090 autem
1199 5036 1305 5090 hoc
1345 5037 1675 5092 vocabulum
1715 5037 1927 5094 externi
1977 5039 2120 5094 scri-

535 5138 722 5195 ptores
754 5127 1067 5198 promiscue
1107 5135 1370 5198 usurpant
1396 5169 1412 5191 ,
1460 5127 1533 5182 ita
1567 5136 1626 5182 ut
1672 5128 1922 5184 nonnulli
1968 5131 2122 5201 palu-

533 5221 657 5274 «lem
691 5219 860 5277 maris
887 5220 1108 5276 nomine
1133 5235 1455 5291 nuncupare
1487 5235 1596 5276 non
1625 5221 1901 5277 dubitent.

2225 4582 2500 4651 ἀγνωσίας
2528 4580 2676 4652 βυθῷ
2715 4580 3166 4652 παραιτούμενος.
3202 4583 3342 4636 Ἀλλ’
3372 4581 3687 4650 Αἰγυπτίοις
3713 4583 3826 4651 μὲν

2227 4673 2320 4726 καὶ
2351 4672 2428 4743 τῷ
2457 4673 2584 4744 παρ’
2638 4674 2864 4736 ἐκείνοις
2901 4671 3188 4744 κρατοῦντι
3233 4675 3351 4727 τότε
3397 4673 3522 4744 περὶ
3559 4673 3823 4743 σώματος

2226 4765 2290 4818 έκ
2321 4765 2422 4834 γῆς
2466 4765 2495 4816 ὁ
2543 4764 2783 4828 κίνδυνος
2814 4760 2902 4836 ἦν,
2938 4765 3179 4819 Ἰουδαῖοι
3217 4766 3272 4820 δὲ
3303 4767 3563 4830 παθόντες
3613 4769 3698 4830 είς
3747 4769 3821 4821 τὰ

2226 4854 2526 4925 τιμιώτερα
2561 4854 2821 4925 μειζόνως
2865 4857 3210 4921 κολάζονται·
3244 4859 3423 4930 ψυχῆς
3465 4859 3573 4928 γάρ
3600 4859 3816 4930 ὑπομέ-

2228 4964 2373 5002 νουσι
2407 4947 2627 5018 ζημίαν,
2656 4948 2934 5019 ἀναλόγως
2970 4953 3082 5014 τοῖς
3115 4951 3262 5016 ίδίοις
3288 4953 3716 5023 κακουργήμασι
3750 4952 3808 5004 τά

2229 5039 2482 5112 ἐπίχειρα
2513 5039 2880 5113 κομιζόμενοι.
2925 5043 3240 5108 Ἐκολάζετο
3285 5045 3385 5116 μὲν
3427 5044 3537 5116 γάρ
3575 5044 3807 5114 εὐλόγως

2228 5134 2256 5185 ό
2287 5132 2502 5203 Φαραὼ,
2531 5132 2870 5188 πλεονεκτεῖν
2900 5136 2978 5198 εἰς
3007 5134 3251 5190 δουλείαν
3279 5136 3339 5190 τὸ
3378 5135 3665 5207 ἐλεύθερον
3703 5139 3802 5188 ἐπι-

2229 5223 2427 5295 χειρῶν
2444 5240 2458 5252 ’
2491 5228 2812 5296 τιμωρεῖται
2839 5226 2896 5280 δὲ
2921 5226 3082 5282 πάλιν
3108 5228 3166 5295 ἐξ
3192 5229 3550 5300 ἀντιστρόφου
3585 5229 3809 5289 δικαίως

533 5313 559 5361 ὁ
607 5310 827 5382 Ἰσραὴλ
853 5311 950 5382 τὴν
978 5311 1082 5367 ὑπὸ
1119 5309 1196 5382 τῷ
1228 5311 1448 5365 πάντων
1483 5311 1726 5384 Δεσπότη
1756 5311 1997 5366 δουλείαν
2023 5313 2121 5366 ούκ
2152 5314 2549 5385 εἰσερχόμενος,
2597 5314 2710 5368 ἀλλ’
2737 5315 2874 5392 ὅπερ
2903 5310 2970 5386 ἧν
2997 5315 3072 5378 ὡς
3119 5319 3186 5372 έν.
3226 5317 3450 5387 δυνάμει
3499 5318 3820 5383 πλεονεξίας

529 5408 743 5469 ἐκεῖνος
800 5409 969 5477 αὐτῷ,
1038 5407 1197 5462 τοῦτο
1229 5408 1323 5463 καὶ
1387 5407 1546 5471 αὐτὸς
1591 5410 1666 5464 ἐκ
1727 5409 1926 5480 πολλῆς
1988 5409 2304 5476 ἀλαζονείας
2345 5413 2424 5475 είς
2475 5410 2606 5466 Θεὸν
2651 5411 3055 5482 εὑρισκόμενος.
3099 5413 3436 5485 Σημειωτέον
3473 5413 3551 5479 δὲ,
3587 5415 3678 5467 ὅτι
3716 5414 3831 5486 τὴν

540 5495 831 5566 Γιδεριάδα
885 5499 1080 5568 λίμνην
1127 5498 1398 5553 θάλασσαν
1443 5499 1740 5566 ἀποκαλεῖ,
1781 5498 1889 5563 τοῖς
1964 5502 2060 5572 τῆς
2100 5501 2248 5565 θείας
2307 5503 2526 5573 Γραφῆς
2588 5503 2850 5574 ἑπόμενος
2881 5503 3088 5570 λόγοιςο
3121 5521 3139 5555 ι
3179 5504 3258 5558 Τά
3316 5503 3425 5573 γὰρ
3488 5506 3841 5575 συστήματα

533 5587 646 5640 τῶν
693 5586 902 5641 ὑδάτων
956 5590 1228 5655 θαλάσσας
1278 5592 1535 5646 ἐκάλεσεν
1595 5613 1610 5647 ι
1659 5597 1685 5648 ό
1737 5597 2096 5667 Δημιουργός.
2139 5597 2440 5667 Ἀδιαφορεῖ
2481 5597 2536 5650 δὲ
2580 5597 2832 5662 πολλάκις
2877 5599 2967 5651 καὶ
3000 5599 3028 5650 6
3055 5599 3202 5668 παρᾶ
3245 5601 3354 5663 τοῖς
3379 5597 3483 5664 ἔξω
3517 5597 3699 5669 λόγος,
3741 5603 3845 5669 ὡς

533 5680 633 5734 καὶ
660 5678 855 5749 λίμνην
887 5679 1011 5732 ἔσθ’
1055 5683 1142 5735 ὅτε
1205 5684 1304 5758 τὴν
1337 5684 1611 5738 θάλασσαν
1677 5687 1961 5757 ὀνομάζειν
2025 5689 2085 5741 ού
2139 5689 2520 5760 παραιτεῖσθαί
2545 5706 2715 5754 τινας.

617 5834 638 5866 ⁸
671 5832 810 5915 Osee
840 5852 952 5908 xxv,
991 5838 1076 5893 10.
1156 5842 1175 5875 ⁸
1212 5841 1351 5899 05cc
1385 5857 1421 5898 ll
1451 5883 1461 5908 ,
1496 5844 1544 5898 6.
1625 5847 1643 5875 ⁷
1688 5841 1845 5900 Deut.
1883 5859 2034 5900 xxx“
2060 5887 2073 5913 ,
2113 5844 2120 5892 ἓ

2241 5844 2259 5875 ⁸
2295 5843 2443 5902 Psal.
2481 5861 2686 5912 vam,
2739 5846 2819 5902 l6.
2899 5846 3144 5915 “Geni,
3189 5848 3271 5903 ιο.
