4032 6200
332 327 426 384 ιιι

1361 311 1428 366 IN
1467 308 1756 366 JOANNIS
1795 296 2242 394 EV'ANGELIUM
2286 292 2419 355 LIB.
2455 289 2545 345 lli.

3503 277 3611 335 “2

414 439 757 493 Ἠκολούθει
783 434 853 489 δὲ
872 433 1034 500 αὐτῷ
1052 431 1238 503 ὄχλος
1258 431 1472 497 πολὺς,
1498 429 1588 485 ὅτι
1636 428 1928 496 ἐθεώρουν

2102 419 2190 485 VI,
2210 420 2330 475 24.
2375 408 2706 485 Sequebatur
2735 411 2916 459 autem
2932 415 3051 457 eum
3076 394 3363 454 multitudo
3395 409 3609 464 magna,

328 531 403 585 τὰ
441 528 684 599 σημεῖα,
720 527 760 582 ἀ
785 526 975 581 ἐποίει
1004 524 1101 578 ἐπὶ
1140 522 1260 577 τῶν
1289 522 1733 578 ἀσθενούντων.
1780 519 1912 574 ‘Ar-

323 622 486 692 ἦλθε
522 620 592 674 δὲ
621 622 709 687 εις
744 618 811 673 τὸ
851 617 991 686 ὅρος
1015 619 1049 671 ὁ
1088 614 1342 683 Ἰησοῦς,
1384 613 1479 667 καὶ
1508 612 1638 666 ἐκεῖ
1662 610 1921 679 ἐκάθητο

326 712 481 779 μετὰ
506 709 626 766 τῶν
634 709 925 781 μαθητῶν
942 707 1148 764 αὑτοῦ.
1177 702 1290 764 Ἦν
1315 706 1384 761 δὲ
1412 705 1593 777 ἐγγὺς
1615 704 1684 759 τὸ
1704 703 1921 774 Πάσχα

325 800 372 867 ἠ
400 799 577 869 ἐορτή
608 798 729 853 τῶν
761 797 1076 853 Ἰουδαίων.
1554 840 1563 850 ,

406 895 540 949 Ὅτε
568 893 678 966 γάρ
719 892 829 947 τῶν
870 889 1263 961 Ἰεροσολύμων
1294 886 1693 961 ἐκπεφοίτηκεν
1721 890 1750 942 6
1787 889 1916 959 Χρι-

329 988 484 1054 στὸς,
524 987 667 1042 κατά
693 985 756 1040 τὸ
782 988 839 1040 ὲν
881 986 1187 1057 προφήταις
1221 983 1514 1057 εἰρημένον
1542 1000 1556 1014 θ
1600 1002 1619 1036 ι
1657 984 1922 1052 Ἐγκατα--

328 1079 560 1132 λέλοιπα
578 1076 670 1130 τδν
695 1071 846 1129 οἶκόν
877 1093 1002 1146 μου,
1032 1072 1223 1145 ἀφῆκα
1251 1072 1349 1143 τὴν
1375 1070 1740 1143 κληρονομίαν
1760 1085 1884 1140 μου,
1900 1088 1917 1121 t

328 1173 424 1225 ὅτε
454 1170 548 1224 τὸν
568 1168 771 1238 ἀπειθῆ
799 1168 895 1222 καὶ
913 1167 1164 1238 δυσήνιον
1189 1166 1300 1220 τῶν
1335 1163 1609 1221 Ἰουδαίων
1627 1161 1924 1218 ἀπολακτί-

329 1276 436 1325 σας
468 1261 633 1326 λαὸν,
681 1260 796 1322 τοῖς
840 1256 1184 1326 ἀλλογενὲσιν
1211 1253 1402 1310 ἑαυτὸν
1441 1251 1754 1325 ἐχαρίζετο,
1800 1249 1925 1304 τότε

328 1354 507 1417 πολὺς
533 1352 636 1424 μὲν
658 1351 813 1423 δχλος
838 1348 1141 1404 ἀκολουθεῖ.
1169 1349 1378 1401 Ἀνεισι
1401 1345 1459 1400 δὲ
1486 1346 1566 1409 είς
1591 1345 1715 1417 ὅρος
1739 1342 1921 1408 αὐτὸς,

326 1446 459 1499 κατ’
481 1446 660 1498 ἐκεῖνο
684 1443 750 1514 δὴ
778 1442 1017 1506 πάντως,
1050 1441 1189 1510 ὅπερ
1211 1438 1399 1511 εἴρηκε
1421 1436 1635 1508 φθάσας
1659 1453 1676 1469 ·
1710 1454 1729 1489 ι
1756 1433 1927 1503 Κάγὼ

328 1539 434 1591 eam
461 1536 662 1608 ὑψωθῶ
691 1538 756 1589 ὲκ
794 1535 919 1605 γῆς,
948 1535 1157 1594 πάντας
1200 1532 1415 1586 ἑλκύσω
1443 1530 1581 1607 πρὸς
1615 1528 1874 1601 ἐμαυτόν.
1901 1545 1919 1579 ι

341 1628 574 1698 Tarson
601 1627 699 1698 μὲν
728 1626 838 1698 γάρ
866 1627 931 1680 ὲκ
954 1625 1057 1694 τῆς
1080 1624 1207 1695 γῆς,
1234 1623 1331 1677 καὶ
1360 1625 1441 1687 είς
1479 1622 1571 1677 τὸν
1595 1621 1737 1690 ὑπὲρ
1768 1618 1928 1691 ἡμῶν

327 1718 647 1774 ἀναϐαίνων
685 1717 937 1790 σταυρόν.
981 1715 1203 1786 ’Υψώθη
1230 1714 1285 1769 δὲ
1315 1715 1478 1769 πάλιν
1508 1713 1733 1786 ἑτέρως,
1765 1710 1935 1766 καθά-

328 1829 448 1883 περ
483 1813 563 1877 si;
591 1812 716 1884 ὅρος
761 1809 1120 1882 ἀναϐεϐηκὼς
1172 1807 1272 1881 τὴν
1319 1807 1602 1880 θεοπρεπῆ
1647 1806 1816 1877 τιμήν
1866 1821 1926 1858 τε

328 1906 434 1960 καὶ
453 1905 631 1972 δόξαν.
658 1905 733 1958 Οὐ
753 1904 864 1974 γὰρ
890 1902 967 1967 ὡς
994 1900 1279 1974 ἄνθρωπον
1300 1898 1642 1970 ἀτιμάζομεν
1664 1896 1808 1953 κατὰ
1836 1896 1926 1951 τὸν

345 1992 605 2063 Ἰσραὴλ,
659 1990 774 2045 ἀλλ’
813 1991 891 2055 ὡς
919 1989 1088 2055 Θεὸν,
1134 1990 1232 2044 καὶ
1260 1988 1521 2071 Σωτῆρα,
1575 1987 1672 2043 καὶ
1718 1987 1926 2058 Κύριον

331 2082 758 2156 προσκυνοῦμεν
787 2085 971 2155 ἡμεῖς.
992 2082 1132 2152 Παρ’
1157 2082 1387 2145 ἐκείνοις
1411 2081 1509 2152 μὲν
1537 2080 1647 2156 γὰρ
1672 2078 1928 2142 ταπεινός

331 2152 420 2242 τις
451 2152 739 2249 ὑπάρχειν,
778 2152 875 2231 καὶ
902 2175 1053 2230 οὐδὲν
1070 2174 1210 2238 ὅλως
1238 2173 1381 2228 κατά
1413 2173 1475 2227 τὸ
1504 2152 1786 2235 παντελῶς
1820 2171 1929 2224 ἑνο-

336 2268 532 2337 μξζετο
561 2283 576 2296 ’
639 2267 737 2321 καὶ
787 2267 919 2336 γοῦν
961 2265 1310 2339 Σαμαρείτην
1369 2263 1774 2327 ἀποκαλοῦντες
1828 2263 1930 2317 οὐκ

332 2360 620 2430 ἔφριττον,
677 2359 1004 2430 σεμνότερον
1042 2358 1101 2412 δέ
1146 2375 1263 2421 πως
1296 2354 1659 2428 ἀτιμάζοντες
1702 2356 1793 2409 τὸν
1835 2354 1928 2409 τοῦ

334 2449 594 2513 τέκτονος
622 2447 785 2503 αὑτὸν
808 2449 1117 2504 ἀπεκάλουν
1153 2449 1269 2503 υίόν
1290 2465 1302 2477 ⁸
1346 2447 1499 2519 παρά
1526 2447 1583 2501 δέ
1611 2463 1673 2517 γε
1708 2448 1819 2511 τοῖς
1841 2464 1928 2500 πι-

338 2540 734 2643 στεύουσινέίς
758 2539 963 2643 αύτὸνΙ.
1011 2539 1086 2603 ὡς
1113 2538 1488 2611 μεγαλουργδς
1508 2539 1606 2593 καὶ
1634 2538 1770 2602 Θεὸς
1788 2579 1805 2602 ,
1854 2537 1932 2602 ὡς

334 2629 451 2684 τῶν
470 2629 789 2701 παραδόξων
808 2629 1047 2702 ἐργάτης
1061 2629 1534 2701 ἀποθαυμάζεται.
1549 2628 1778 2701 Ἀκούης
1800 2628 1929 2701 γὰρ,

330 2723 493 2785 ὅπως
522 2720 753 2792 εύσεϐὴς
779 2723 895 2786 τοῖς
912 2721 1348 2793 ἀκολουθήσασιν
1375 2722 1675 2793 ἐνυπάρχει
1706 2721 1928 2785 σκοπός.

336 2814 468 2868 Ὅτι
502 2813 612 2885 γὰρ
644 2811 915 2885 ἐθεώρουν
949 2812 1018 2868 re
1043 2812 1137 2866 ἐπὶ
1163 2812 1272 2867 τῶν
1300 2811 1674 2881 ἀσθενούντων
1704 2814 1929 2884 σημεῖα,

336 2906 432 2960 διὰ
456 2905 615 2960 τοῦτο
637 2905 701 2977 δὴ
722 2906 869 2978 μάλα
894 2905 1114 2977 θερμῶς
1142 2904 1371 2960 ἔπεσθαι
1389 2905 1500 2960 δεῖν
1526 2903 1930 2977 ὑπελάμϐανον,

324 2993 411 3059 ὥς
433 3001 545 3055 ἀπὸ
564 3000 672 3055 τῶν
690 2999 1031 3072 τελουμένων
1052 2998 1330 3068 ἀναλόγως
1352 3000 1445 3052 ἐπὶ
1474 2999 1574 3069 τὴν
1600 2997 1695 3052 τοῦ
1720 2996 1934 3051 τελοῦν-

2021 514 2149 584 quia
2189 512 2434 567 uidebant
2479 509 2635 577 signa
2660 512 2779 569 qua
2809 492 3040 560 faciebat
3077 504 3233 558 super
3270 486 3353 541 his
3400 486 3490 556 qui
3533 485 3613 537 in-

2024 576 2401 676 ﬁrmabantur.
2437 576 2611 655 Suliiit
2648 611 2773 667 ergo
2796 596 2853 649 in
2884 593 3118 646 montem
3148 579 3328 653 Jews.
3352 587 3403 632 et
3430 576 3502 630 ibi
3532 590 3614 629 se.

2023 671 2179 753 debat
2221 712 2343 752 cum
2391 691 2671 761 discipulis
2713 688 2847 743 suis.
2906 684 3045 741 Erat
3092 691 3271 736 autem
3310 671 3613 749 proximum

2026 789 2244 845 Pascha
2279 788 2394 843 dies
2434 786 2602 856 festus
2636 780 2971 837 Iudaeorum.

2094 883 2232 938 Cum
2284 880 2432 937 enim
2475 871 2880 944 Hierosolymis
2929 866 3190 924 Christus
3236 858 3610 921 discessisset,

2021 975 2178 1046 juxta
2212 970 2347 1028 illud
2375 968 2757 1041 propheticum
2789 982 2801 1017 :
2845 981 2864 1015 ι
2898 959 3115 1030 Reliqui
3146 956 3373 1012 domum
3409 963 3610 1014 meam,

2025 1064 2210 1122 dimisi
2254 1061 2631 1118 haereditatcm
2673 1070 2849 1111 meam
2878 1054 2955 1121 ¹⁰;
2997 1070 3018 1104 ι
3049 1063 3198 1113 cum,
3224 1043 3519 1118 praefracto
3558 1045 3612 1094 et

2025 1158 2339 1217 contumaci
2389 1153 2706 1211 Judaeorum
2757 1148 2964 1221 populo
3013 1144 3243 1214 reiecto,
3288 1133 3612 1205 alienigenis

2026 1265 2148 1309 sese
2177 1247 2525 1322 praebuisset,
2559 1253 2694 1302 tunc
2723 1255 2919 1313 magna
2944 1244 3135 1295 secuta
3156 1241 3241 1290 est
3268 1245 3392 1287 eum
3420 1226 3609 1282 turba.

2027 1341 2148 1411 Ipse
2172 1312 2308 1394 vero
2336 1337 2393 1392 in
2422 1342 2661 1390 montem
2696 1312 2970 1393 ascendit,
3000 1325 3160 1395 juxta
3188 1319 3239 1375 id
3264 1314 3410 1388 quod
3438 1312 3608 1367 dixit:

2033 1454 2052 1486 ι
2080 1433 2147 1488 Et
2175 1448 2295 1509 ego‘
2308 1431 2353 1485 si
2385 1428 2659 1485 exaltatus
2683 1423 2840 1478 fuero
2866 1420 2934 1475 de
2967 1426 3136 1482 terra,
3158 1424 3366 1492 omnes
3396 1404 3610 1461 traham

2028 1526 2098 1582 ad
2131 1488 2399 1593 meipsum
2421 1519 2486 1574 ¹¹.
2522 1535 2542 1571 ι
2562 1515 2851 1570 Ειιιιιιιιιιε
2875 1510 3022 1566 enim
3045 1513 3132 1563 est
3151 1488 3220 1561 de
3246 1510 3415 1565 terra,
3443 1497 3610 1554 etiam

2029 1633 2154 1675 cum
2186 1617 2241 1671 in
2266 1626 2490 1671 crucem
2526 1624 2629 1682 pro
2667 1604 2832 1663 nobis
2857 1597 3126 1657 ascendit.
3176 1592 3309 1650 Item
3340 1588 3614 1646 exaltatus

2031 1711 2138 1766 alio
2165 1721 2389 1781 quoque
2424 1679 2588 1760 modo
2613 1707 2720 1763 est,
2748 1712 2874 1752 cum
2908 1691 2975 1747 ad
3009 1690 3273 1745 honorem
3299 1688 3354 1739 et
3381 1679 3612 1752 gloriam

2028 1802 2141 1859 Deo
2164 1777 2388 1873 dignam
2417 1793 2689 1852 ascendit.
2732 1788 2859 1844 Non
2881 1784 3030 1842 enim
3054 1777 3428 1839 lsraelitarum
3463 1783 3616 1825 more

2026 1911 2131 1952 nos
2160 1908 2285 1951 eum
2314 1900 2372 1947 ut
2410 1887 2695 1945 hominem
2725 1878 3045 1951 respuimus
3064 1914 3080 1941 ,
3135 1870 3230 1929 sed
3257 1876 3317 1925 ut
3355 1866 3524 1922 Deum
3551 1876 3614 1917 ac

2029 1987 2376 2045 Servatorem
2437 1978 2837 2046 Dominamque
2893 1969 3208 2025 adoramus.
3269 1958 3428 2031 Ap‘ud
3489 1956 3614 2011 illos

2027 2083 2232 2155 quippe
2262 2077 2388 2133 vilis
2427 2089 2492 2130 ac
2521 2086 2624 2144 pro
2661 2066 2835 2123 nihilo
2874 2058 3039 2132 274
3071 2058 3233 2128 plane
3264 2050 3572 2108 habebatur
3598 2066 3611 2103 :

2030 2142 2182 2231 unde
2206 2142 2617 2228 Samaritanum
2659 2162 2839 2231 ipsum
2888 2152 3164 2224 appellare
3209 2161 3319 2202 non
3348 2142 3616 2231 vereban-

2151 2265 2287 2329 “,et
2317 2258 2412 2331 qui
2441 2230 2810 2313 verecundius
2837 2245 2889 2302 ei
2922 2239 3250 2301 illudebant,
3280 2233 3419 2289 fabri
3444 2230 3613 2286 tilium

2032 2355 2345 2413 vocitabant
2368 2351 2434 2403 η.
2468 2344 2625 2417 Apud
2659 2340 2851 2397 ﬁdeles
2885 2349 3017 2392 vero
3037 2372 3052 2397 ,
3084 2340 3147 2386 ut
3180 2338 3501 2398 magnarum
3528 2334 3613 2374 re.

2033 2464 2151 2505 rum
2179 2454 2425 2518 patrator
2455 2411 2791 2499 ac-Deusmt
2818 2424 3156 2484 mirabilium
3184 2416 3411 2475 eil‘ector
3430 2411 3615 2482 suspi-

2225 2536 2366 2593 Audi
2395 2531 2543 2591 enim
2565 2568 2581 2594 ,
2636 2536 2693 2581 ut
2724 2524 2820 2596 qui
2852 2517 3227 2590 sequebantur
3256 2525 3322 2565 eu
3334 2525 3383 2562 ιιι
3415 2506 3508 2577 pio
3536 2502 3616 2557 af-

2035 2635 2179 2691 fectu
2213 2630 2569 2687 ducerentur.
2626 2616 2769 2685 Quia
2819 2612 2968 2670 enim
3004 2609 3161 2681 signa
3205 2599 3465 2657 videbant
3496 2610 3619 2666 qum

2034 2738 2200 2795 super
2232 2716 2465 2776 inllrmis
2512 2710 2780 2770 faciebat,
2828 2703 3040 2762 idcirco
3071 2709 3273 2769 magno
3319 2688 3506 2748 studio
3534 2703 3619 2743 se-

2033 2788 2315 2889 quendum
2341 2823 2466 2867 esse
2490 2802 2761 2878 putabant
2783 2841 2799 2866 ,
2853 2796 3006 2854 velut
3046 2808 3077 2848 a
3108 2788 3501 2846 miraculorum
3533 2795 3620 2833 ra-

2035 2880 2188 2966 tione
2227 2904 2296 2960 ad
2339 2898 2673 2973 agnitionem
2722 2890 2845 2962 ejus
2900 2904 2930 2941 a
2980 2898 3092 2956 quo
3144 2880 3348 2936 ﬁebant
3393 2885 3621 2945 progre-

2035 3002 2251 3057 dientes
2273 3037 2288 3062 ,
2337 2962 2447 3050 ets
2480 2995 2752 3062 potestate
2769 2982 2881 3038 Deo
2907 2972 3255 3035 convenienti
3295 2968 3389 3023 Dei
3422 2962 3619 3018 Filium

336 3109 436 3155 τος
456 3090 753 3159 ἐπίγνωσιν
771 3055 1192 3161 ποδηγούμενα,
1210 3055 1433 3143 καὶνάπὸ
1461 3055 1564 3159 τῆς
1597 3085 1934 3160 θεοπρεποῦς

2039 3105 2164 3150 esse
2210 3055 2535 3157 colligentes
2584 3092 2710 3135 eum
2764 3073 2857 3146 qui
2907 3077 3058 3126 tanta
3109 3065 3308 3120 virtute
3360 3055 3621 3130 praditus

338 3181 597 3249 ἐξουσίας
624 3182 716 3237 τδν
756 3180 963 3251 ταύτην
992 3179 1370 3251 ἠμφιεσμένον
1416 3177 1663 3249 φυσικῶς
1694 3176 1936 3233 ἐννοοῦν-

339 3294 436 3339 τες
463 3275 614 3330 Υίόν.
670 3274 769 3328 Διά
799 3273 1006 3345 ταύτης
1036 3272 1095 3326 δὲ
1138 3272 1338 3344 χρῆναι
1382 3271 1622 3341 βαδίζειν
1644 3272 1797 3341 ἡμᾶς
1836 3271 1937 3341 τῆς

338 3367 471 3424 ὀδοῦ
496 3367 633 3440 πρὸς
660 3366 759 3439 τὴν
784 3367 872 3437 ἐφ’
908 3364 1087 3437 ἑαυτῷ
1120 3364 1305 3419 πίστιν
1346 3363 1632 3417 ἐκέλευσεν
1663 3366 1693 3418 6
1720 3363 1933 3434 Σωτήρ.

347 3478 372 3513 σ
401 3459 486 3513 Τὰ
515 3458 623 3530 γὰρ
648 3457 801 3535 ἔργα,
835 3458 870 3513 ἃ
895 3456 1007 3526 ἐγὼ
1032 3455 1193 3522 ποιῶ,
1223 3456 1412 3527 φησὶν,
1448 3454 1588 3508 αὐτὰ
1616 3455 1684 3508 τά
1714 3454 1872 3525 ἔργα,
1904 3452 1940 3507 ἃ.

340 3552 463 3622 ἐγὼ
487 3550 622 3606 ποιῶ
649 3552 920 3624 μαρτυρεῖ
952 3551 1081 3621 περὶ
1109 3549 1267 3620 ἐμοῦ.
1300 3567 1319 3600 ι
1354 3546 1467 3602 Καὶ
1495 3546 1657 3602 πάλιν
1679 3563 1693 3577 ο
1727 3566 1744 3598 ι
1774 3546 1838 3600 El
1876 3546 1938 3598 ού

345 3644 495 3699 ποιῶ
520 3643 590 3697 τὰ
630 3642 769 3714 ἔργα
811 3641 907 3696 τοῦ
942 3640 1159 3711 Πατρός
1183 3657 1316 3710 μου,
1378 3638 1453 3712 μὴ
1490 3637 1775 3693 πιστεύετὲ
1807 3655 1897 3709 μοι
1923 3655 1935 3667 ·

343 3737 400 3791 εἰ
426 3735 488 3790 δὲ
530 3734 691 3801 ποιῶ,
728 3734 831 3790 κᾶν
861 3734 986 3806 ἐμοὶ
1019 3732 1094 3805 μὴ
1129 3731 1450 3802 πιστεύητε,
1480 3733 1594 3793 τοῖς
1627 3730 1810 3803 ἔργοις
1839 3747 1940 3802 μου

345 3827 662 3883 πιστεύετε.
695 3846 713 3878 ι
747 3826 957 3898 Ὠσπερ
987 3822 1081 3880 οὖν
1109 3824 1220 3879 ἀπὸ
1251 3823 1515 3895 μεγέθους
1538 3823 1805 3894 καλλονῆς
1835 3822 1941 3877 τῶν

346 3919 674 3991 κτισμάτων
691 3920 721 3972 6
743 3916 1120 3990 γενεσιουργὸς
1149 3915 1330 3971 αὐτῶν
1362 3914 1651 3987 θεωρεῖται
1667 3914 1820 3980 Θεὸς,
1851 3913 1943 3968 οῦ-

348 4028 463 4075 τως
496 4004 605 4064 ἀπό
650 4008 750 4079 τῆς
790 4005 1118 4079 θεοσημείας
1140 4048 1156 4072 ,
1201 4004 1343 4059 κατὰ
1375 4003 1473 4076 τὴν
1516 4003 1641 4075 ῐσην
1668 4003 1779 4058 τῶν
1815 4021 1942 4074 νοη-

356 4102 547 4173 μάτων
578 4098 895 4170 διασκευὴν,
916 4098 945 4151 6
972 4097 1083 4151 τῶν
1104 4095 1376 4166 σωμάτων
1406 4095 1602 4167 δρᾶται
1628 4093 1939 4163 τελειωτὴςο

354 4196 454 4248 καὶ
494 4193 529 4264 ἡ
556 4192 666 4246 τῶν
686 4187 1127 4246 ἀκολουθούντων
1160 4187 1346 4250 πίστις
1372 4185 1598 4249 δικαίως
1629 4185 1696 4240 ἂν
1726 4184 1944 4255 θαυμά-

353 4286 522 4352 ζοιτο.
555 4282 724 4357 υῐμαι
758 4283 804 4338 δ’
837 4281 1014 4352 ἔγωγε
1071 4279 1507 4357 περιεργοτέραν
1537 4277 1660 4334 τινὰ
1706 4279 1803 4332 καὶ
1844 4278 1944 4348 οὐχ

353 4376 537 4449 ἁπλῆν
561 4377 676 4440 τοῖς
719 4373 1032 4446 εἰρημένοις
1065 4356 1442 4444 ὲγκεκρύφθαι
1474 4370 1732 4426 διάνοιαν.
1773 4368 1945 4441 Ὀρῶ-

2036 3192 2205 3242 essct.
2276 3145 2429 3237 Istud
2490 3187 2622 3231 vero
2683 3145 2793 3224 iter
2858 3178 2959 3219 nos
3018 3156 3185 3230 jussit
3212 3151 3471 3209 Christus
3532 3145 3618 3201 in-

2038 3276 2236 3332 sistere
2260 3232 2411 3334 ,‘Wad
2474 3261 2635 3319 ﬁdem
2690 3251 3111 3315 contendentes.
3169 3262 3187 3296 ι
3246 3240 3425 3310 Opera
3475 3232 3622 3291 enim

2037 3379 2160 3437 quae
2181 3327 2283 3435 ego
2304 3358 2469 3425 iacio,
2497 3344 2699 3425 inquit,
2728 3350 2848 3420 ipsa
2892 3354 3058 3414 opera
3084 3350 3210 3408 qua;
3240 3347 3342 3404 ego
3368 3327 3513 3437 fafio
3542 3332 3625 3380 te-

2039 3418 2363 3515 stimonium
2408 3418 2702 3521 perhibent
2734 3418 2804 3495 de
2834 3434 3002 3491 me“.
3038 3451 3058 3485 ι
3113 3426 3245 3482 Item
3283 3442 3297 3479 :
3352 3441 3372 3473 ι
3409 3418 3469 3475 Si
3514 3430 3622 3473 non

2041 3547 2186 3603 facio
2228 3555 2396 3615 opera
2413 3507 2627 3593 IPatris
2675 3529 2814 3594 mei,
2863 3524 3035 3581 nolite
3079 3517 3308 3577 credere
3346 3510 3487 3569 mihi
3526 3527 3542 3564 :
3578 3507 3623 3563 si

2041 3650 2221 3697 autem
2254 3599 2428 3697 iacio,
2466 3639 2522 3687 et
2547 3626 2593 3684 si
2622 3622 2757 3680 mihi
2791 3634 2902 3674 non
2940 3612 3109 3672 vultis
3142 3607 3400 3670 credere,
3445 3599 3626 3672 operi-

2042 3691 2335 3790 bus—meis
2386 3691 2596 3781 credite
2615 3717 2683 3770 η.
2716 3734 2734 3765 ι
2791 3711 2950 3767 Sicut
2994 3718 3125 3776 ergo
3173 3716 3204 3756 ιι
3251 3691 3627 3790 magnitudine

2042 3820 2245 3894 speciei
2274 3820 2653 3873 creaturarum
2700 3810 2897 3859 auctor
2932 3806 2989 3857 et
3029 3792 3217 3867 epifex
3254 3799 3447 3847 earum
3481 3782 3626 3838 Deus

2902 3892 2909 3894 ε
3121 3885 3137 3894 -
3283 3881 3297 3894 -
3347 3873 3622 3894 unus.

2043 3873 2393 3985 agnoscitur,
2444 3905 2526 3960 sic
2572 3916 2602 3956 a
2659 3892 2978 3955 miraculis,
3037 3885 3229 3973 eodem
3283 3873 3624 3946 intelligendi

2044 3964 2230 4063 uredo,
2253 4008 2549 4069 corporum
2580 3988 2857 4061 perfector
2882 3966 3130 4037 cernitur
3146 4017 3161 4040 ,
3195 3979 3250 4028 et
3276 3964 3623 4039 sequentium

2046 4054 2670 4163 fidissime-laudatur.
2724 4076 2897 4133 Porro
2942 4067 3285 4128 subtiliorem
3333 4054 3626 4130 quemdam

2045 4201 2148 4245 nec
2180 4147 2484 4254 simplicem
2515 4177 2570 4232 in
2609 4174 2694 4228 his
2724 4171 2894 4224 latere
2928 4175 3150 4242 sensum
3181 4154 3441 4212 arbitror.
3467 4147 3628 4203 Vide-

2047 4293 2173 4336 mus
2202 4239 2350 4333 eniin
2378 4266 2770 4339 evangelistam
2793 4239 3000 4318 dicere,
3037 4267 3145 4307 non
3182 4254 3396 4303 tantum
3432 4239 3629 4311 cupide

2047 4380 2299 4444 spectare
2346 4338 2610 4420 miracula
2653 4352 2861 4411 Christi
2916 4345 3192 4407 asscclas,
3253 4338 3349 4397 sed
3402 4344 3457 4392 et
3509 4347 3630 4402 quae

352 4484 456 4539 μεν
492 4424 621 4539 ’πάρ
662 4424 894 4536 λεγόντα
928 4424 1029 4519 «τδᾷ
1533 4424 1649 4533 -ούχ
1674 4462 1756 4516 ὅτι
1786 4424 1935 4531 μόνοι

2052 4424 2209 4533 signa
2257 4458 2336 4515 illi
2377 4456 2504 4526 jure
2545 4451 2914 4507 mirarentur,
2963 4438 3189 4493 indicat.
3245 4429 3412 4487 Addit
3459 4424 3629 4487 enim,

355 4554 498 4629 ἦεαν
540 4555 930 4627 φιλοθεάμονες
974 4554 1027 4608 οἱ
1069 4553 1538 4624 ἀκολουθήσαντες
1578 4550 1659 4622 τῷ
1699 4550 1945 4623 Χριστῷ,

361 4646 498 4703 ἀλλά
535 4645 631 4699 καὶ
675 4643 848 4697 ποίων
888 4637 1032 4714 ἦσαν
1075 4640 1319 4713 σημείων
1362 4639 1694 4694 δικαιότατοι
1739 4638 1949 4710 θαυμα-

365 4739 506 4792 σταί.
564 4734 896 4807 Προστίθησι
925 4731 1057 4805 γὰρ,
1083 4732 1165 4786 ὅτι
1184 4822 1189 4823 7
1206 4751 1224 4785 ι
1251 4732 1319 4786 ’Δ
1349 4731 1529 4823 ἐποίεε
1547 4731 1641 4785 ἐπὶ
1666 4730 1773 4787 τῶν
1797 4730 1953 4785 ἀσθε-

362 4830 599 4883 νούντων
617 4869 633 4894 ,
665 4845 684 4876 ι
723 4827 812 4881 ἶνα
831 4825 920 4881 διὰ
940 4824 1147 4878 τούτων
1176 4822 1435 4888 ἐναντίως
1460 4822 1691 4893 ἔχουσαν
1729 4824 1798 4894 τῇ
1839 4822 1948 4875 τῶν

376 4920 647 4975 Ἰουδαίων
678 4918 781 4990 τὴν
809 4917 920 4972 τῶν
951 4913 1388 4972 ἀκολουθούντων
1402 4913 1659 4986 ἀποδείξῃ
1689 4914 1944 4970 διάνοιαν.

360 5012 427 5066 οι
475 5010 574 5081 μὲν
612 5009 725 5082 γὰρ
753 5010 837 5064 ὅτι
881 5006 1316 5079 τὸνπαράλυτον
1356 5003 1686 5060 ἀσθενοῦντα
1716 5005 1945 5078 τεθερά-

365 5120 536 5161 πευκε
558 5100 875 5177 ,δυσσεϐῶς
905 5098 1357 5172 χαλεπαίνουσιν,
1387 5096 1528 5150 οίαδὲ
1565 5102 1629 5156 οὐ
1661 5096 1820 5168 μόνον
1858 5101 1951 5154 ἐπὶ

361 5195 581 5259 τούτοις
600 5193 849 5266 παρόντα
877 5189 1273 5263 θαυμάζουσιν,
1299 5186 1434 5241 άλλά
1459 5186 1554 5241 καὶ
1580 5187 1949 5259 ἀποδημοῦντι

363 5284 845 5357 συνεκτρέχουσιν,
868 5283 944 5347 ὡς
967 5278 1373 5351 θαυματουργῷ
1400 5279 1494 5332 καὶ
1516 5277 1657 5352 Θειῖι.
1688 5278 1952 5348 Φύγωιιεν

360 5377 550 5433 τοίνυν
582 5375 683 5452 τὴν
724 5373 1002 5437 Ἰουδαίοις
1042 5371 1363 5442 πρέπουσαν
1403 5369 1675 5441 ἀμαθίαν,
1722 5371 1796 5433 oi,
1822 5371 1955 5442 Χριο

362 5469 502 5524 στὸν
521 5468 798 5538 Δεσπότην
828 5467 1281 5538 ἐπιγραφόμενοι,
1299 5461 1786 5533 προσεδρεύσωμεν
1807 5462 1956 5535 αὐτῴ

361 5561 461 5617 διὰ
481 5561 584 5631 τῆς
619 5561 936 5639 ὑπομονῆς,
963 5560 1098 5629 ὅπερ
1122 5557 1291 5628 ἔδρων
1314 5554 1602 5627 τληπαθῶς
1625 5557 1673 5609 οἱ
1704 5553 1952 5626 σοφώτα-

2055 4569 2074 4603 ι
2103 4521 2235 4616 {iure
2265 4521 2500 4600 faciebat
2533 4550 2701 4609 super
2744 4532 2832 4588 his
2867 4528 2961 4601 qui
2996 4521 3419 4582 inﬂrmabantur
3442 4557 3457 4583 ,
3500 4533 3519 4568 ι
3574 4522 3633 4567 ιιι

2048 4640 2180 4697 hinc
2217 4635 2461 4692 ﬁdelium
2501 4630 2746 4685 animum
2791 4618 3135 4680 contrarium
3164 4629 3287 4672 esse
3336 4609 3502 4667 menti
3531 4604 3630 4661 Ju-

2050 4733 2293 4788 dazorum
2324 4722 2659 4784 ostenderet.
2693 4717 2759 4772 lli
2789 4716 2936 4772 enim
2979 4710 3124 4783 quod
3159 4704 3520 4780 paralyticum
3545 4712 3631 4754 sa-
3738 4724 3741 4725 ν

2052 4825 2222 4891 narit,
2246 4820 2416 4892 impie
2435 4819 2767 4874 succensent
2791 4828 2806 4864 :
2828 4807 2906 4863 illi
2932 4820 3082 4870 vero,
3108 4816 3220 4856 non
3252 4797 3324 4855 ob
3351 4796 3455 4851 ista
3496 4805 3633 4861 pra:-

2053 4886 2263 4975 sentem
2287 4886 2583 4970 mirantur,
2612 4904 2706 4961 sed
2739 4909 2795 4958 et
2817 4899 3108 4954 abeuntem
3140 4890 3547 4961 prosequuntur
3574 4886 3633 4933 ut

2057 5002 2389 5062 mirabilium
2416 5006 2749 5069 patratorem
2784 5003 2849 5044 ac
2881 4988 3075 5042 Deum.
3121 4978 3421 5048 Fugiamus
3448 4973 3633 5040 itaque

2056 5098 2275 5167 dignam
2302 5061 2508 5146 Iudaeis
2534 5082 2832 5145 inscitiam,
2856 5078 3131 5148 quotquot
3150 5068 3371 5126 Christo
3400 5061 3634 5117 Domino

2057 5201 2258 5244 nomen
2303 5181 2585 5243 dedimus,
2636 5175 3019 5230 adhaereamus
3060 5167 3113 5223 ei
3163 5175 3258 5232 per
3294 5154 3631 5229 patientiam,

2056 5275 2204 5351 quod
2252 5267 2644 5342 sapientissimi
2683 5259 2938 5332 discipuli
2970 5259 3293 5313 constanter
3338 5248 3632 5311 faciebant,

2061 5383 2163 5425 nec
2213 5341 2514 5422 avellamur
2565 5368 2807 5427 unquam
2852 5358 2946 5405 aut
2989 5345 3239 5402 ordinem
3286 5341 3632 5405 deseramus,

2062 5461 2159 5520 sed
2188 5459 2370 5528 reipsa
2396 5465 2650 5510 una‘cum
2675 5445 2846 5503 Paulo
2868 5441 3242 5498 exclamcmus
3272 5452 3284 5489 :
3317 5451 3335 5485 ι
3366 5429 3501 5497 Quis
3534 5444 3635 5484 nos

2064 5521 2341 5625 separabit
2367 5564 2397 5604 a
2432 5543 2719 5602 charitatc
2737 5536 2946 5598 Christi
2973 5531 3050 5585 H‘?
3088 5549 3105 5583 ι
3137 5526 3444 5598 Sequamur
3471 5521 3637 5594 igitur
3708 5524 3711 5525 '

445 5677 494 5709 ¹⁶
514 5676 718 5732 Jerem.
759 5636 913 5730 xn.'i
1019 5675 1057 5705 ’τ
1082 5672 1240 5729 Joan.
1274 5688 1373 5739 xu,
1399 5669 1487 5727 32.
1571 5669 1786 5729 "Joan.
1818 5672 1872 5739 8,
1900 5671 1935 5726 in

2069 5669 2113 5703 ³³
2136 5664 2327 5722 Matth.
2351 5677 2474 5731 xm,
2500 5660 2586 5718 55.
2669 5658 2711 5690 “
2733 5633 2894 5711 .loan.
2923 5667 3003 5720 ιιι,
3029 5644 3118 5705 36.
3199 5642 3241 5676 "
3269 5640 3428 5698 Joan.
3465 5653 3518 5703 ιι,
3543 5634 3635 5692 58.

379 5747 424 5780 "
447 5745 615 5803 Rom.
653 5762 776 5814 vui,
803 5746 892 5802 '55.
