4044 6200
441 255 546 311 H3

1431 266 1490 322 S.
1537 263 1815 322 CYRILLI
1859 265 2334 323 ALEXANDRINI
2374 263 2702 324 ARCHIEP.

3603 278 3709 334 M5

443 396 569 436 eum
605 393 730 436 cum
765 381 1220 461 persecutionem
1242 382 1570 454 patientem,
1626 394 1741 440 tum
1782 384 2024 441 hostium

2147 403 2210 439 τοι
2243 384 2484 458 μαθηταί
2511 403 2526 418 ·
2570 387 2898 459 χωρίζεσθαι
2942 388 3044 461 μὲν
3075 389 3171 446 καὶ
3211 391 3588 448 λειποτακτεῖν
3616 396 3712 450 ἀν-

446 455 840 527 immanilatem
878 472 1212 540 fugientem,
1265 485 1324 528 ut
1355 483 1408 528 et
1449 477 1502 529 in
1551 483 1790 530 montem
1833 490 2028 532 ascen-

447 561 663 627 damus,
691 568 744 615 et
777 561 850 627 ibi
871 561 1162 617 sedeamus
1191 578 1314 618 cum
1344 564 1604 635 ipso,hoc
1631 573 1716 620 est
1744 563 1812 619 ad
1842 565 2028 635 splen-

448 651 630 706 didam
681 659 735 706 et
769 652 1247 728 praclarissimam
1295 656 1526 726 gratiam
1567 653 1887 722 eﬂ‘eramur,
1937 669 2027 709 re-

448 728 666 815 gnando
686 761 810 800 cum
840 759 928 810 eo,
947 746 1408 816 quemadmodum
1440 747 1701 814 nimirum
1724 748 1840 818 ipse
1863 747 2026 818 275

448 837 585 890 dixit
617 854 630 889 :
671 854 689 887 ι
717 835 824 891 Vos
857 836 952 907 qui
984 839 1159 893 secuti
1183 840 1320 894 estis
1348 854 1463 904 me,
1491 858 1510 892 ι
1544 839 1600 896 in
1631 839 2027 894 tentationibus

449 929 588 983 meis
645 929 938 994 nimirum,
977 947 997 982 ι
1044 930 1100 984 in
1146 931 1602 1002 regeneratione,
1651 945 1776 986 cum
1829 929 2035 985 sederit

452 1018 623 1073 Filius
650 1019 886 1076 hominis
921 1021 976 1075 in
1005 1020 1134 1076 sede
1168 1022 1473 1092 majestatis
1507 1037 1650 1085 suae,
1686 1022 1949 1078 sedebitis
1977 1029 2034 1078 et

451 1129 548 1168 vos
567 1128 733 1183 super
763 1115 923 1170 sedes
943 1115 1254 1180 duodecim,
1283 1117 1596 1186 judicantes
1610 1115 1912 1172 duodecim
1935 1114 2034 1168 tri-

451 1207 555 1262 bus
585 1207 752 1261 Israel
777 1208 846 1260 ⁸⁷.
869 1226 888 1260 ι
939 1207 1056 1264 Hoc
1081 1211 1226 1264 enim
1253 1210 1552 1281 signiﬁcari
1595 1208 1856 1272 arbitror,
1906 1223 2032 1262 cum

451 1295 711 1366 discipuli
752 1298 1002 1354 assidere
1039 1297 1261 1359 Christo
1295 1301 1581 1365 dicuntur,
1638 1307 1952 1370 postquam’
1975 1299 2029 1353 in

450 1396 692 1442 montem
724 1391 1196 1446 conscendissent.

2130 476 2378 547 εχόμενοι
2413 478 2698 550 μηδαμῶς,
2726 479 2907 545 αὐτοῖς
2933 481 2991 535 δὲ
3017 483 3202 537 λοιπόν
3225 485 3564 550 ἀναϐοῶντες
3598 489 3711 548 τοῖς

2132 569 2453 641 πράγμασι,
2489 569 2552 635 τὸ
2579 572 2839 638 νεανικῶς
2878 573 2984 629 ὑπὸ
3004 575 3098 628 τοῦ
3122 575 3338 630 Παύλου
3369 576 3664 648 λεγόμενον
3691 596 3706 611 ο

2137 678 2157 713 ι
2183 661 2280 725 Τίς
2303 663 2452 732 ἡμᾶς
2479 663 2704 734 χωρίσει
2736 665 2844 719 ἀπὸ
2869 667 2970 737 τῆς
3007 669 3231 740 ἀγάπης
3263 670 3358 724 τοῦ
3381 670 3656 741 Χριστοῦς
3688 689 3708 722 ι

2143 750 2627 824 Ἀκολουθήσωμεν
2661 755 2840 808 τοίνυν
2874 757 3060 828 αὐτῷ,
3104 761 3199 812 καὶ
3230 760 3576 831 διωκομένῳ,
3618 760 3715 814 καὶ

2133 841 2388 912 φεύγοντι
2425 844 2525 910 τάς
2559 845 2666 900 τῶν
2701 849 3027 919 μαχομένων
3053 850 3201 920 αὐτῷ
3229 851 3559 921 δυστροπίας
3581 891 3598 916 ,
3627 852 3717 904 ῖνα

2132 931 2228 985 καὶ
2261 934 2342 996 εἰς
2365 933 2493 1004 ὅρος
2529 936 2944 1010 ἀναδαίνωμεν,
2995 939 3090 994 καί
3117 942 3235 994 ἐκεῖ
3275 941 3592 1012 καθίσωμεν
3619 942 3720 994 σὺν

2133 1022 2318 1092 αὐτῷ,
2367 1025 2663 1092 τουτέστιν,
2707 1030 2788 1092 εἰς
2831 1036 3106 1104 περιφανῆ
3156 1031 3250 1086 καὶ
3316 1031 3720 1102 εὑκλεεστάτην

2133 1115 2572 1188 ἀναπηδήσωμεν
2608 1119 2800 1191 χάριν,
2843 1121 2932 1175 διὰ
2958 1121 3052 1176 τοῦ
3081 1123 3502 1194 συμϐασιλεύειν
3542 1123 3717 1194 αὐτῷ,

2134 1207 2388 1280 καθάπερ
2422 1206 2516 1264 οὗν
2543 1209 2780 1281 ἔφασκεν
2814 1213 2977 1278 αὐτός
3001 1233 3015 1246 ο
3072 1235 3092 1266 ι
3127 1216 3318 1286 Ὑμεῖς
3340 1216 3390 1268 οἱ
3416 1215 3719 1284 ἀκολουθήο

2138 1301 2330 1365 σαντές
2359 1319 2447 1372 μοι
2476 1321 2494 1354 ι
2518 1304 2576 1356 ἐν
2607 1307 2717 1368 τοῖς
2733 1309 3058 1378 πειρασμοῖς
3079 1298 3202 1378 μού,
3223 1327 3241 1359 ι
3267 1309 3324 1361 ἐν
3353 1311 3418 1378 τῇ
3448 1308 3715 1374 παλιγγε-

2137 1389 2290 1460 νεσία
2307 1431 2323 1456 ,
2370 1391 2497 1445 ὅταν
2534 1391 2737 1472 καθίσῃ
2761 1395 2790 1446 ό
2814 1394 2943 1458 Υἱὸς
2969 1394 3063 1448 τοῦ
3097 1394 3384 1466 ἀνθρώπου
3409 1395 3500 1448 ἐπὶ
3527 1393 3714 1464 θρόνου

451 1482 613 1553 δόξης
641 1483 844 1546 αὑτοῦ,
899 1485 1206 1556 καθήσεσθε
1235 1487 1330 1539 καὶ
1374 1486 1534 1557 ὑμεῖς
1599 1485 1695 1538 ἐπὶ
1757 1484 1966 1538 δώδεκα
2025 1481 2282 1553 θρόνους,
2329 1485 2606 1556 κρίνοντες
2652 1489 2751 1552 τὰς
2792 1487 3001 1543 δώδεκα
3043 1488 3218 1558 φυλάς
3259 1489 3354 1542 τοῦ
3413 1487 3651 1560 Ἰσραήλ.
3691 1506 3709 1538 ι

452 1574 671 1637 Ταύτας
694 1575 801 1644 γὰρ
817 1570 968 1644 οἶμαι
994 1577 1088 1639 τὰς
1112 1575 1344 1647 θεωρίας
1361 1577 1635 1648 εἰσφέρειν
1661 1577 1722 1631 τὸ
1753 1575 1848 1631 καὶ
1869 1573 2249 1646 προσεδρεύειν
2285 1575 2540 1645 λέγεσθαι
2569 1577 2648 1648 τῷ
2670 1579 2882 1651 Σωτῆρι
2946 1581 3076 1644 τοὺς
3107 1579 3358 1652 μαθητὰς
3376 1619 3394 1643 ,
3460 1578 3558 1632 καὶ⁸
3612 1579 3705 1632 ἀν·

453 1664 707 1728 ελθόντας
739 1668 797 1719 ἐν
827 1666 943 1737 ὄρει
975 1668 1371 1738 συγκαθῆσθαι.

527 1755 618 1820 VI,
654 1759 706 1824 5,
734 1759 788 1814 6.
838 1758 971 1815 Cum
1007 1761 1329 1818 sublevasset
1358 1781 1481 1835 ergo
1523 1766 1706 1821 oculos
1761 1764 1942 1828 Iesus,
1983 1771 2033 1819 et

2220 1759 2472 1830 Ἐπάρας
2497 1757 2612 1816 οὖν
2648 1761 2790 1827 τοὺς
2839 1761 3178 1830 ὀφθαλμοὺς
3233 1765 3268 1816 ὁ
3316 1762 3577 1830 Ἰησοῦς,
3618 1762 3715 1816 καί

456 1852 672 1907 vidisset
694 1855 819 1922 quia
855 1857 1144 1911 multitudo
1181 1861 1418 1914 maxima
1446 1861 1585 1916 venit
1613 1861 1682 1915 ad
1717 1878 1870 1928 eum,
1901 1862 2039 1916 dixit

456 1949 529 2000 ad
557 1947 862 2018 Philippum
885 1966 913 2024 ί
963 1949 1110 2005 Unde
1135 1969 1363 2007 ememus
1402 1969 1564 2023 panes
1587 1993 1602 2015 ,
1643 1964 1700 2008 ut
1727 1953 2041 2009 manducent

457 2036 558 2090 hi?
593 2036 708 2090 Hoc
735 2047 910 2092 autem
934 2040 1140 2094 dicebat
1176 2050 1384 2096 tentans
1413 2059 1532 2097 eum
1565 2043 1717 2112 :ipse
1735 2045 1878 2098 enim
1907 2045 2038 2100 scie-

459 2128 547 2182 bat
576 2129 702 2200 quid
729 2140 864 2186 esset
889 2131 1164 2202 facturus.
1211 2132 1499 2206 Respondit
1523 2135 1573 2189 ei
1597 2134 1897 2206 Philippus.

529 2304 862 2362 Pmclarum
896 2307 984 2363 hic
1014 2323 1248 2383 rursus,
1295 2318 1350 2365 et
1390 2311 1762 2368 sanctissimis
1806 2313 2044 2368 homini-

458 2398 564 2453 bus
593 2399 709 2454 suis
731 2399 1019 2469 discipulis
1040 2402 1625 2459 convenientissimum
1650 2404 2042 2461 documentum

457 2488 714 2546 Christus
746 2493 969 2559 statuit,
1010 2492 1218 2549 docens
1250 2494 1305 2549 in
1335 2495 1592 2552 maximis
1617 2513 1836 2567 quoque
1865 2512 2042 2568 angu-
2086 2487 2098 2501 ’

460 2581 583 2637 stiis
613 2582 889 2653 intrepide
922 2585 1288 2640 exercendam
1335 2601 1458 2642 esse
1489 2586 1923 2657 liOSpitaIitatcm
1945 2629 1960 2654 ,
1988 2595 2044 2643 et

460 2673 870 2730 cunctationem
906 2690 1123 2732 omnem
1155 2678 1345 2748 procul
1373 2678 1739 2748 repellendam
1763 2719 1780 2744 ,
1829 2679 1942 2733 imo
1974 2679 2041 2734 ad

461 2783 582 2822 ram
623 2771 881 2825 virtutem
914 2779 1032 2825 toto
1065 2772 1250 2826 animo
1278 2772 1684 2842 properandum
1725 2791 1738 2827 :
1775 2788 1883 2844 quo
1913 2773 2044 2844 quid

463 2857 645 2927 majus
671 2859 813 2928 apud
840 2875 938 2915 eos
981 2875 1106 2916 esse
1147 2869 1331 2930 potest
1369 2862 1461 2931 qui
1505 2869 1710 2916 norunt
1748 2859 1813 2918 a‘c
1855 2864 2047 2918 volunt

463 2960 757 3015 supernam
815 2949 922 3003 sibi
991 2950 1292 3004 amicitiam
1362 2957 1424 3004 ut
1479 2950 1632 3004 decet
1687 2953 2046 3022 comparare?

463 3037 711 3107 Quippe,
769 3055 892 3094 cum
949 3041 1106 3094 turba
1156 3056 1264 3096 non
1313 3055 1485 3112 pauca
1529 3051 1583 3097 et
1627 3042 2046 3110 innumerabilis

2141 1848 2512 1920 θεασάμενος
2535 1851 2625 1904 ὅτι
2649 1851 2845 1918 πολὺς
2869 1852 3054 1922 ὄχλος
3074 1854 3308 1922 ἔρχεται
3335 1853 3486 1922 πρὸς
3509 1853 3716 1921 αὑτὸν,

2139 1941 2300 2012 λέγει
2332 1941 2483 2010 πρὸς
2502 1944 2805 1998 Φίλιππον
2824 1961 2836 1975 ·
2859 1946 3052 1999 Πόθεν
3075 1944 3453 2014 ἀγοράσομεν
3477 1945 3717 2012 ἄρτους,

2140 2033 2240 2088 ἳνα
2260 2032 2534 2103 φάγωσιν
2559 2029 2762 2100 οὗτοι;
2797 2035 2974 2090 Τοῦτο
3000 2035 3070 2088 δέ
3095 2036 3264 2104 ἔλεγε
3291 2035 3576 2104 πειράζων
3611 2041 3723 2092 αὑ-

2141 2126 2277 2180 τόν·
2311 2125 2495 2193 αὐτὸς
2530 2126 2639 2196 γὰρ
2665 2125 2794 2197 ᾔδει
2826 2127 2884 2181 τί
2914 2128 3135 2197 ἔμελλε
3154 2127 3369 2184 ποιεῖν.
3415 2130 3722 2200 Ἀπεκρίθη

2141 2215 2302 2281 αὐτῷ
2339 2217 2656 2284 Φίλιππος.

2211 2307 2462 2377 Μάθημα
2510 2307 2574 2378 δὴ
2622 2307 2784 2362 πάλιν
2829 2308 3050 2380 ἄριστόν
3091 2326 3156 2363 τε
3194 2309 3292 2364 καὶ
3338 2311 3567 2384 ἀνδράσι
3611 2314 3724 2377 τοῖς

2144 2400 2458 2470 ἱερωτάτοις
2489 2401 2942 2472 πρεπωδέστατον
2963 2403 3073 2466 τοῖς
3105 2401 3302 2456 ἐαυτοῦ
3333 2402 3602 2473 μαθηταῖς
3628 2404 3727 2455 ἐπ-

2143 2493 2364 2562 ενόησεν
2393 2495 2421 2546 ὁ
2440 2493 2695 2564 Χριστὸς,
2727 2477 2822 2546 καὶ⁵
2848 2493 2904 2546 ἐν
2931 2492 3260 2565 δυσχωρίαις
3281 2495 3541 2564 ἀκράτοις
3568 2498 3726 2567 νικᾷν

2143 2583 2452 2639 ἀναπείθων
2477 2583 2576 2654 την
2609 2584 2704 2638 ἐπὶ
2736 2583 2924 2655 τρόπῳ
2961 2583 3038 2656 τῷ
3076 2583 3337 2656 φιλοξείνῳ
3359 2586 3600 2651 δειλίαν,
3632 2590 3728 2640 καὶ

2143 2672 2299 2726 δκνον
2344 2675 2442 2744 μὲν
2483 2674 2574 2729 τὸν
2620 2673 2714 2727 ἐπὶ
2746 2674 2921 2746 τούτῳ
2949 2675 3293 2747 διαρρίπτειν
3338 2694 3440 2730 που
3483 2677 3727 2748 μακρὰν,

2145 2764 2496 2836 θερμοτέροις
2531 2765 2589 2819 δέ
2633 2765 2833 2836 μᾶλλον
2869 2765 2964 2819 ἐπὶ
3007 2769 3111 2838 τὴν
3150 2766 3350 2838 ἀρετὴν
3383 2768 3729 2834 ἀφικνεῖσθαι

2144 2858 2439 2929 κινήμασιν
2461 2875 2472 2887 ·
2512 2850 2573 2911 οὗ
2603 2858 2655 2912 τί
2703 2858 2770 2913 ἂν
2816 2858 3024 2927 γένοιτο
3061 2859 3274 2929 μεῖζον,
3327 2859 3478 2930 παρά
3513 2876 3580 2928 γε
3615 2862 3731 2922 τοῖς

2146 2949 2310 3004 εἰδόσι
2341 2951 2434 3004 καί¹
2468 2949 2680 3004 θέλουσι
2703 2951 2770 3004 δι’
2799 2944 2874 3006 ὧν
2909 2950 2977 3005 ἂν
3001 2951 3203 3022 πρέπει
3243 2951 3343 3024 τὴν
3375 2952 3580 3008 ἄνωθεν
3601 2953 3732 3005 ἑαυ-

2147 3043 2260 3106 τοῖς
2287 3041 2604 3108 ἐξωνεῖσθαι
2647 3043 2868 3112 φιλίαν;
2912 3044 3112 3114 Ὄχλου
3143 3044 3251 3115 γάρ
3290 3043 3353 3116 δὴ
3403 3044 3538 3114 προς
3567 3044 3732 3098 αὐτὸν

465 3130 759 3185 multitudo
799 3131 852 3185 in
901 3147 964 3187 ea
1011 3134 1127 3186 loca
1169 3148 1437 3203 aquarum
1469 3133 1640 3188 instar
1668 3133 2044 3200 conduxisset,

2153 3131 2320 3195 ἰόντος
2349 3134 2411 3185 οὐ
2441 3133 2637 3204 μικροῦ
2659 3175 2673 3198 ,
2716 3134 2813 3187 καὶ
2849 3113 3233 3205 ἀναριθμηίιτοιιι⁷
3255 3113 3492 3204 πληθύος
3520 3135 3732 3189 ὑδάτων

461 3220 630 3290 jussit
662 3224 809 3278 illico
832 3225 1011 3292 parari
1031 3224 1177 3279 unde
1203 3225 1386 3280 cibum
1421 3223 1523 3295 ipsi
1546 3234 1830 3295 caperent.
1857 3226 2048 3296 Neque

465 3329 596 3368 vero
631 3315 854 3370 dubium
889 3324 1008 3371 erat
1043 3318 1296 3385 quemvis
1328 3316 1454 3372 licet
1485 3317 1822 3375 ditissimum
1856 3319 1925 3374 ab
1949 3335 2049 3375 ex-

464 3406 716 3475 cipienda
743 3415 892 3460 tanta
925 3409 1273 3464 multitudine
1296 3409 1622 3463 deterritum
1651 3409 1747 3464 iri:
1781 3411 1876 3466 sed
1912 3410 2048 3464 nihil

466 3497 762 3552 admodum
793 3499 1024 3554 arduum
1060 3515 1185 3555 esse
1209 3499 1464 3555 Christus
1498 3499 1790 3570 signiﬁcat,
1819 3502 1872 3556 in
1909 3517 2047 3572 pau-

464 3604 563 3644 cos
594 3590 833 3645 studium
863 3597 1111 3646 nostrum
1144 3591 1419 3656 conferre,
1455 3591 1551 3647 sed
1581 3605 1644 3646 ea
1671 3607 1892 3663 quoque
1927 3609 2051 3664 qua:

465 3682 932 3750 exspectationem
955 3690 1219 3752 superant
1241 3697 1509 3753 generose
1531 3683 1648 3738 vult
1673 3698 1774 3738 nos
1803 3685 2048 3754 aggredi,

465 3771 587 3839 ejus
624 3770 821 3826 liducia
855 3772 922 3827 ad
963 3772 1198 3842 quodvis
1227 3773 1432 3828 bonum
1482 3773 1882 3844 capessendum
1919 3790 2052 3832 con-

469 3863 735 3916 ﬁrmatos.
787 3862 844 3916 Si
873 3878 1005 3935 ergo
1035 3862 1272 3920 historia
1297 3864 1374 3920 rei
1407 3871 1710 3938 speetetu_r,
1733 3874 1888 3921 extra
1923 3882 2052 3923 sco-

467 3966 597 4022 pum
631 3969 738 4007 non
765 3955 940 4008 tendit
969 3970 1160 4009 eorum
1194 3971 1317 4025 qua:
1343 3957 1488 4011 dicta
1521 3967 1651 4013 sunt
1679 3959 1762 4014 vis
1797 3967 1852 4014 et
1887 3961 2049 4026 ratio,

468 4045 563 4098 sed
588 4045 656 4098 iis
684 4061 744 4099 ru
755 4061 900 4101 rsum
920 4046 985 4099 ad
1009 4048 1311 4118 Spiritalem
1331 4051 1851 4121 contemplationem
1871 4061 2053 4109 trans-

467 4135 616 4198 latis,
651 4147 704 4190 et
729 4137 912 4208 typica
941 4140 1192 4194 crassitie
1227 4141 1432 4203 recisa,
1467 4157 1611 4196 nunc
1640 4145 1886 4212 apertius
1909 4143 2052 4201 dici;

467 4243 591 4281 nms
635 4228 803 4283 Deum
857 4246 924 4284 ex
988 4241 1172 4286 ntonte
1216 4230 1654 4302 quodammodo,
1711 4234 1817 4290 hoc
1849 4243 1970 4302 cst,
2023 4251 2054 4293 e

469 4319 687 4372 sublimi
739 4334 802 4373 ac
845 4320 1030 4375 divina
1072 4323 1417 4393 prmscientia
1465 4325 1765 4396 praevidere
1807 4343 1904 4384 eos
1959 4329 2053 4400 qui

2147 3223 2305 3295 δίκην
2344 3224 2768 3294 ἐπεισχεομένης
2810 3227 2920 3288 τοῖς
2949 3228 3172 3291 τόποις,
3231 3227 3290 3278 ἐν
3338 3222 3419 3289 οἷς
3455 3225 3732 3296 ηὐλίζετο,

2149 3315 2286 3386 πρὸς
2332 3315 2393 3369 τὸ
2437 3315 2820 3383 ἑτοιμάζεσθαι
2865 3315 3088 3386 τρέφειν
3143 3315 3342 3380 αὐτοὺς
3387 3318 3732 3388 παραχρῆμα

2146 3404 2498 3460 διεκελεύετο.
2530 3407 2640 3460 Καὶ
2669 3403 2736 3477 ἦν
2774 3407 2872 3476 μὲν
2897 3406 3066 3470 ὅντως
3105 3407 3206 3460 οὐκ
3233 3408 3482 3472 ἀπεικὸς,
3514 3409 3609 3461 καὶ
3635 3408 3730 3463 τοῦ

2151 3497 2356 3570 σφόδρα
2386 3496 2643 3550 πλουσίου
2692 3497 3134 3569 καταναρκήσειν
3165 3497 3265 3569 τὴν
3292 3498 3623 3569 προθυμίαν,
3655 3498 3733 3568 τῷ

2149 3586 2344 3657 πλήθει
2370 3587 2480 3641 τῶν
2507 3587 2798 3659 ὁρωμένων
2825 3586 3306 3658 καταπτοουμένην
3335 3589 3414 3652 εἰς
3450 3587 3612 3657 φόὸον
3639 3587 3733 3640 τὸν

2149 3678 2244 3731 ἐπὶ
2281 3677 2361 3750 τῷ
2408 3678 2484 3750 μὴ
2529 3679 2790 3733 δύνασθαι
2839 3677 3175 3748 φιλοξενεῖνο
3235 3679 3349 3732 ἀλλ’
3395 3679 3546 3733 οὐδὲν
3596 3678 3734 3740 ὅλως

2148 3769 2384 3824 δεικνύει
2404 3770 2464 3824 τὸ
2489 3770 2631 3842 μέγα
2651 3771 2746 3825 τοῦ
2772 3770 3029 3845 Χριστὸς,
3047 3772 3176 3825 ὅταν
3204 3771 3286 3835 εἰς
3309 3770 3523 3837 ὀλίγους
3544 3769 3736 3840 γίγνηο

2145 3880 2240 3918 ται
2287 3865 2417 3935 παρ’
2455 3863 2614 3934 ἡμῶν
2669 3865 2704 3934 ἡ
2738 3863 3090 3932 φιλαδελφία,
3134 3863 3652 3919 κατανεανιεύεσθαι
3677 3862 3737 3916 δέ

2151 3972 2266 4018 πως
2289 3952 2512 4007 καὶτῶν
2527 3953 2658 4024 παρ’
2679 3952 2870 4006 ἐλπίδα
2891 3952 3161 4023 βούλεται,
3179 3957 3244 4025 τῇ
3263 3955 3342 4017 εἰς
3357 3954 3518 4007 αὐτὸν
3542 3969 3739 4008 πεποι-

2151 4047 2306 4118 θήσει
2337 4044 2758 4116 βεόαιουμένους
2787 4043 2924 4117 πρὸς
2943 4045 3039 4116 τὴν
3067 4046 3150 4116 ἐφ’
3174 4046 3344 4100 ἅπασι
3370 4048 3480 4107 τοῖς
3509 4044 3738 4113 ἀγαθοῖς

2149 4137 2460 4208 εὐτολμίαν.
2488 4137 2645 4193 Κατὰ
2672 4137 2770 4208 μὲν
2791 4133 2884 4191 οὖν
2915 4136 3014 4207 τῆς
3049 4137 3288 4209 ἱστορίας
3318 4137 3406 4190 τὸν
3436 4136 3611 4204 λόγον,
3633 4136 3739 4188 οὐκ

2151 4231 2260 4286 ἀπὸ
2309 4230 2513 4286 σκοποῦ
2548 4231 2880 4285 συντείνεται
2920 4229 3027 4284 τῶν
3054 4231 3362 4302 εἰρημένων
3405 4231 3439 4299 ὴ
3480 4228 3737 4299 δύναμις,

2156 4322 2554 4394 μεταϐαλόντες
2587 4322 2645 4375 δέ
2676 4321 2836 4375 πάλιν
2880 4322 3021 4376 αὐτὰ
3055 4322 3190 4392 πρὸς
3225 4321 3455 4390 θεωρίαν
3494 4337 3742 4388 πνευμα-

468 4411 653 4465 studio
679 4412 825 4466 bono
851 4429 914 4466 ac
939 4415 1040 4469 nde
1067 4417 1398 4487 investigant
1417 4418 1622 4489 ipsum,
1641 4420 1800 4488 juxta
1824 4419 1876 4475 id
1905 4421 2049 4492 quod

2153 4415 2338 4487 τικὴν,
2384 4417 2480 4470 καὶ
2521 4415 2583 4469 τὸ
2627 4417 2685 4470 ἐν
2715 4414 2870 4486 τύπῳ
2902 4417 3046 4485 παχὺ
3085 4415 3494 4486 περικείροντες
3531 4414 3742 4484 σχῆμα,

469 4521 500 4558 a
531 4505 699 4559 Paulo
726 4506 930 4560 dictum
963 4517 1080 4563 est:
1114 4530 1134 4562 ‹
1166 4511 1316 4578 Quos
1341 4513 1486 4567 enim
1526 4515 1801 4581 przescivit
1834 4524 1889 4570 et
1913 4530 2052 4584 prte-

469 4595 768 4649 destinavit
823 4598 1138 4656 conformes
1180 4604 1436 4672 imaginis
1469 4601 1625 4666 Filii,
1663 4605 1766 4660 hos
1804 4612 1858 4660 et
1884 4620 2052 4660 voea-

470 4686 634 4740 vit“.
679 4705 697 4738 ι
739 4686 1001 4743 Sublevat
1025 4706 1157 4761 ergo
1185 4691 1440 4747 Christus
1477 4694 1696 4757 oculos,
1733 4709 1844 4763 quo
1881 4695 2055 4765 signi-

472 4779 597 4833 ﬁcat
626 4793 721 4836 eos
755 4781 848 4848 qui
879 4782 1113 4852 diligunt
1148 4783 1328 4853 ipsum
1363 4783 1560 4854 dignos
1593 4799 1717 4839 esse
1747 4786 1842 4854 qui
1877 4800 1907 4838 a
1945 4785 2056 4842 Deo

469 4874 867 4944 respiciantur,
925 4876 1090 4946 276
1125 4875 1587 4946 quemadmodum
1635 4892 1830 4946 nempe
1887 4878 2056 4934 bene-

471 4965 688 5019 dicendi
716 4967 879 5020 modo
900 4967 1105 5021 dictmn
1133 4974 1219 5022 est
1251 4967 1314 5022 ad
1345 4966 1509 5022 Israel
1544 4984 1556 5020 :
1588 4989 1605 5020 ι
1637 4967 1894 5024 Sulilevet
1922 4985 2057 5025 ocu-

471 5057 556 5110 los
590 5073 721 5111 suos
764 5058 1029 5114 Dominus
1076 5058 1142 5113 ad
1187 5069 1273 5122 te,
1334 5066 1389 5114 et
1437 5059 1530 5114 det
1569 5059 1662 5114 tibi
1708 5076 1895 5130 pacem
1939 5062 2003 5114 '9.
2031 5081 2050 5115 ι

471 5146 579 5201 Sed
613 5165 722 5203 non
757 5149 1099 5220 inspectione
1127 5151 1244 5205 sola
1277 5158 1497 5206 constat
1527 5167 1592 5206 ea
1621 5151 1825 5222 gratia,
1865 5168 2055 5207 verum

471 5239 580 5294 alio
627 5242 863 5311 quodam
912 5243 1097 5299 addito
1153 5244 1343 5299 beatus
1386 5245 1720 5315 evangelista
1763 5244 2052 5300 Dominum

471 5337 713 5392 ostendit
746 5338 921 5393 turba:
953 5339 1242 5409 providere
1262 5381 1276 5402 ,
1319 5338 1476 5396 cibos
1508 5350 1673 5409 atque
1702 5339 1870 5410 dapes
1914 5355 2055 5409 pra:-

476 5429 720 5494 parando
745 5445 758 5482 :
783 5439 841 5484 ut
859 5430 986 5485 hinc
1008 5447 1204 5487 rursus
1228 5432 1504 5500 intelligas
1531 5432 1582 5485 id
1614 5433 1758 5501 quod
1785 5432 2050 5501 scriptum

475 5525 559 5570 est
615 5517 673 5572 in
711 5516 1069 5578 Proverbiis:
1109 5540 1129 5574 ι
1176 5521 1293 5576 Non
1338 5521 1557 5576 occidet
1603 5519 1869 5577 Dominus
1909 5522 2052 5576 farm:

2156 4508 2489 4580 γυμνότερον
2513 4509 2612 4579 ήδη
2641 4507 2843 4578 φαμὲν,
2863 4507 2940 4570 ὡς
2965 4506 3052 4560 διὰ
3079 4506 3388 4576 προθυμίας
3410 4505 3619 4576 ἀγαθῆς
3645 4507 3744 4559 καὶ

2157 4599 2393 4662 πίστεως
2421 4599 2546 4663 τοὺς
2573 4598 2965 4670 ἐπιζητοῦντας
2995 4597 3179 4662 αὑτὸν,
3206 4596 3456 4667 καθάπερ
3479 4597 3537 4662 ἐξ
3557 4597 3744 4666 ὄρους,

2159 4692 2218 4758 ἐξ
2238 4691 2446 4762 ὑψηλῆς
2489 4691 2733 4761 δηλονότι
2755 4693 2851 4745 καὶ
2880 4689 3214 4760 θεοπρεποῦς
3242 4690 3342 4759 τῆς
3375 4687 3746 4759 προγνώσεως

2160 4780 2563 4850 προαναόλέπει
2611 4779 2775 4844 Θεὸς,
2838 4781 2978 4834 κατά
3013 4781 3076 4833 τὸ
3107 4779 3395 4852 εἰρημένον
3442 4777 3598 4850 παρά
3649 4779 3746 4832 τοῦ

2159 4871 2374 4926 Παύλου
2400 4888 2412 4901 ·
2441 4890 2459 4923 ι
2496 4871 2603 4937 Οὓς
2634 4871 2743 4944 γὰρ
2778 4874 3029 4943 προέγνω
3054 4874 3149 4926 καὶ
3201 4871 3476 4944 προώρισε
3503 4872 3756 4942 συμμόρ-

2159 4981 2294 5034 φους
2330 4964 2428 5034 τῆς
2465 4964 2672 5028 εἰκόνος
2706 4964 2801 5018 τοῦ
2843 4963 3004 5029 Υἰοῦ,
3031 4964 3254 5028 τούτους
3281 4963 3376 5017 καὶ
3406 4963 3689 5016 ἐκάλεσεν.
3721 4981 3740 5012 ι

2172 5054 2420 5127 Ἐπαίρει
2457 5055 2634 5110 τοίνυν
2681 5057 2812 5119 τοὺς
2859 5055 3173 5127 ὀφθαλμοὺς
3207 5055 3236 5107 ὁ
3271 5054 3535 5124 Χριστὸς,
3581 5051 3740 5106 οἰονεῑ

2157 5149 2256 5219 τῆς
2286 5148 2436 5212 θείας
2461 5148 2804 5218 ἐπισκέψεως
2834 5147 3018 5212 ἀξίους
3040 5147 3199 5210 ὄντας
3231 5141 3588 5200 ἐπιδεικνύων
3618 5147 3738 5207 τοὺς

2162 5241 2494 5310 ἀγαπῶντας
2524 5242 2685 5296 αὐτόν
2709 5257 2723 5271 ·
2749 5239 2939 5311 ὥσπερ
2959 5235 3052 5294 οὖν
3082 5239 3274 5310 ἀμέλει
3297 5238 3392 5291 καὶ
3410 5239 3468 5290 ἐν
3492 5237 3739 5304 εὐλογίας

2158 5336 2346 5408 τρόπῳ
2377 5336 2512 5406 πρὸς
2547 5335 2636 5389 τὸν
2683 5333 2902 5406 Ἰσραὴλ
2934 5334 3181 5402 ἐλέγετο·
3220 5350 3240 5384 ι
3281 5330 3515 5399 Ἐπάραι
3538 5329 3743 5400 Κύριος

2159 5427 2221 5480 τὸ
2253 5429 2542 5498 πρόσωπον
2573 5423 2738 5480 αὐτοῦ
2789 5426 2882 5479 ἐπὶ
2921 5425 3011 5490 σὲ,
3059 5425 3156 5479 καὶ
3185 5423 3297 5496 δῴη
3332 5439 3413 5476 σοι
3447 5421 3698 5493 εἰρήνην.
3721 5435 3744 5470 s

2173 5521 2312 5574 Ἀλλ’
2327 5521 2387 5574 οὐ
2413 5519 2574 5592 μέχρι
2600 5518 2765 5590 μόνης
2786 5517 2886 5590 τῆς
2909 5516 3250 5587 ἐπισκέψεως
3270 5515 3304 5586 ἡ
3324 5513 3418 5567 ἐπὶ
3436 5513 3547 5576 τοῖς
3573 5507 3753 5582 τιμῶ-

571 5695 614 5728 "
638 5694 772 5750 Luc.
809 5709 946 5761 χιιι,
981 5696 1070 5752 50.
1153 5695 1194 5726 "
1222 5695 1382 5752 Rom.
1427 5713 1544 5762 vni,
1579 5697 1668 5752 ‘39.
1751 5699 1790 5729 '9
1813 5697 1976 5752 Num.
2013 5713 2086 5762 νι,
2116 5696 2209 5751 26.
