4032 6200
354 281 458 336 uz‘i
1376 272 1449 328 IN
1485 270 1772 331 JOANNIS
1801 269 2246 328 EVANGELIUM
2281 270 2411 328 LIB.
2449 271 2538 327 lll.
3512 274 3618 334 H6

352 413 438 449 σιν
469 395 633 449 αὐτὸν
659 391 903 466 ὁρίζεται
931 391 1122 463 χάρις,
1166 388 1307 444 ἀλλά
1336 389 1432 442 καί
1469 407 1525 442 τι
1555 389 1744 461 ἕτερον
1767 403 1910 459 προσ

2012 391 2285 445 .animam
2330 391 2538 460 justam
2561 390 2626 442 ’°.
2677 407 2696 440 ι
2729 386 2980 458 Seipsttm
3023 387 3168 444 enim
3207 399 3444 460 apponet
3491 399 3615 445 tau-

348 490 526 552 τιθεὶς
581 489 609 542 ό
662 486 932 558 μακάριος
976 483 1412 552 εὐαγγελιστὴς,
1475 482 1576 536 οὐκ
1629 481 1910 549 ἀπονσήτω

2047 498 2210 553 quam
2241 498 2434 552 panem
2469 482 2536 536 de
2574 481 2750 547 caelo,
2777 488 2834 535 ct
2857 495 3048 535 eorum
3089 495 3119 533 a
3160 482 3362 550 quibus
3393 481 3617 536 timetur

345 581 545 650 ἔχοντα
570 578 679 631 τῶν
709 577 884 647 ὄχλων
910 573 1143 628 δεικνύει
1171 573 1264 627 τὸν
1293 572 1533 644 Κύριον,
1560 571 1674 624 ἀλλ’
1708 572 1788 634 είς
1819 585 1910 639 τρο

2043 573 2258 628 animas
2306 573 2532 627 nutriet.
2580 571 2792 626 Cuncta
2833 586 2964 625 vero
3005 571 3139 640 ipsis
3179 579 3450 642 praeparat
3493 587 3616 638 quae

349 671 462 740 φάς
477 669 580 741 ἤδη
600 668 695 722 καὶ
714 665 1036 728 πανδαισίας
1057 663 1514 736 εὐτρεπιζόμενον
1540 678 1554 694 ο
1586 663 1674 716 ῐνα
1689 661 1754 732 δὴ
1779 659 1909 713 πάλι

2040 666 2109 718 ad
2133 665 2299 718 vitam
2337 663 2611 719 sufﬁciunt
2658 661 3117 732 quemadmodum
3151 662 3208 716 in
3252 661 3484 718 Psalmis
3531 662 3616 717 di-

341 762 440 816 διά
471 761 664 815 τούτου
693 761 822 830 νοῇς
855 757 919 811 τὸ
965 759 1022 810 ιν
1053 757 1381 827 Παροιμίαις
1427 754 1724 826 φερόμενον
1750 769 1764 783 ο
1805 770 1823 803 ι
1861 756 1910 804 υε

2037 755 2186 811 citur
2224 773 2238 810 :
2291 773 2309 807 t
2346 753 2557 810 Parasti
2598 753 2777 808 cibum
2815 753 3032 808 illorum
3067 768 3081 804 :
3121 753 3378 822 quoniam
3427 753 3502 806 ita
3529 761 3613 808 est

341 852 731 922 λιμοκτονήσει
757 849 962 918 Κύριος
992 847 1172 916 ψυχὴν
1211 845 1450 899 δικαίαν.
1490 861 1509 894 ι
1557 843 1784 900 Ἑαυτὸν
1827 841 1910 912 γάι

2036 847 2366 919 praeparatio
2405 847 2586 900 tua“.
2637 865 2656 898 ι
2695 843 2759 898 Et
2802 846 2919 914 ipse
2965 844 3219 900 Cltristus
3263 843 3339 898 ait
3371 844 3610 897 alicubi:

344 941 684 1013 παραθήσει,
718 938 973 1008 καθάπερ
1001 937 1164 1007 ἄρτον
1193 935 1252 1000 ἐξ
1276 932 1540 1006 ούρανοῦ,
1589 933 1682 986 καὶ
1706 931 1806 994 τάς
1827 930 1910 982 τῶι

2041 957 2062 991 ι
2088 940 2294 1005 Amen,
2338 954 2495 993 amen
2521 938 2647 992 dico
2675 937 2831 992 vobis
2877 955 2890 990 :
2927 936 3019 1006 qui
3056 937 3204 990 venit
3235 935 3302 990 ad
3337 951 3456 998 me,
3501 951 3609 990 non

343 1031 517 1101 epodos
525 1029 699 1098 μένων
721 1026 883 1080 αὑτὸν
903 1023 1205 1096 ἀποτρέψει
1227 1023 1426 1093 ψυχάς.
1456 1018 1641 1075 Πάντα
1663 1020 1719 1074 δὲ
1750 1020 1935 1081 αὐτοῖς

341 1120 626 1192 ἑτοιμάζει
661 1119 729 1172 τὰ
757 1117 1016 1189 ζωαρκῆ,
1049 1115 1300 1186 καθάπερ
1325 1110 1418 1168 οὖν
1448 1114 1506 1166 ἐν
1537 1112 1783 1182 Ψαλμοῖς
1810 1111 1900 1165 ἑλέ

337 1229 507 1282 γετο.
537 1230 558 1263 ε
597 1209 934 1280 οῃτοίμασας
965 1207 1064 1278 τὴν
1094 1204 1302 1278 τροφὴν
1331 1205 1539 1269 αὐτῶν,
1586 1204 1670 1258 ὅτι
1697 1202 1867 1267 οὕτως
1894 1203 1928 1273 ἡ

338 1302 638 1374 ἑτοιμασία
673 1319 788 1355 σου.
824 1320 842 1353 ι
875 1300 986 1354 Καὶ
1011 1299 1173 1362 αὐτὸς
1195 1297 1253 1350 δέ
1283 1297 1386 1350 πού
1417 1314 1580 1367 φησιν
1604 1297 1633 1350 ό
1656 1295 1926 1366 Χριστόςο

343 1417 368 1449 ε
393 1394 746 1466 ’Ᾱμὴν,ἀμὴν
755 1394 899 1462 λέγω
917 1392 1068 1463 ὑμῖν·
1083 1391 1144 1448 ’0
1171 1389 1465 1462 ἐρχόμενος
1483 1389 1644 1460 [πρὸς
1660 1387 1750 1460 μὲ]
1767 1388 1828 1441 ού
1850 1388 1925 1460 μὴ

2031 1035 2318 1091 esuriet".
2349 1052 2366 1084 ι
2395 1031 2553 1088 Dabit
2573 1031 2742 1096 enim,
2781 1038 2835 1084 ut
2866 1030 2978 1100 jam
3008 1029 3162 1096 prius
3205 1028 3466 1090 diximus,
3497 1043 3612 1083 cce-

2031 1130 2199 1184 lestes
2235 1127 2490 1181 nimirum
2522 1141 2704 1191 escas,
2749 1133 2805 1180 et
2835 1122 3224 1178 multiformem
3262 1121 3410 1175 illam
3441 1119 3608 1191 Spiri-

2029 1227 2122 1276 tus
2150 1220 2380 1292 gratiam
2412 1217 2614 1272 aﬂ‘alim
2644 1215 2959 1272 distribuet.
3013 1212 3419 1268 Accedeutibus
3443 1225 3608 1280 porro

2027 1311 2094 1366 ad
2126 1326 2185 1364 se
2224 1310 2380 1365 cibos
2427 1315 2730 1380 praeparat,
2784 1321 2885 1360 nec
2919 1311 3198 1374 exspectat
3228 1303 3356 1357 dum
3399 1310 3604 1373 petant.

2027 1403 2167 1468 Quid
2214 1403 2358 1457 enim
2395 1409 2579 1470 petere
2623 1415 2728 1454 nos
2773 1399 2964 1453 deceat
3006 1397 3328 1452 nescimus:
3359 1396 3454 1451 sed
3488 1396 3607 1464 ipse

339 1487 579 1558 πεινάσῃ
604 1484 844 1539 πώποτε.
869 1503 890 1536 ι
925 1482 1209 1536 Ἐπιδώσει
1227 1480 1353 1550 γὰρ,
1374 1479 1628 1550 καθάπερ
1663 1479 1764 1551 ἤδη
1791 1497 1910 1551 προ-

2023 1493 2410 1564 ῃτωνοηὶοηὸο
2449 1492 2680 1560 largitur
2707 1506 2830 1560 qua!
2869 1489 2936 1544 ad
2968 1489 3136 1542 vitam
3180 1495 3439 1542 mternam
3474 1501 3606 1540 con-

214 1647 220 1652 λ
337 1581 601 1650 είπομεν,
647 1578 749 1642 τὰς
789 1576 848 1641 ἐξ
879 1573 1110 1647 ούρανοῦ
1141 1574 1384 1646 δηλονότι
1419 1573 1657 1644 τροφὰς,
1702 1573 1796 1626 καὶ
1822 1572 1910 1644 sip

2024 1593 2268 1642 servant.
2308 1582 2455 1637 Dixit
2485 1597 2617 1652 ergo
2646 1582 2711 1634 ad
2747 1579 3056 1648 Philippum
3086 1595 3099 1630 :
3131 1597 3149 1628 ι
3173 1576 3330 1632 Unde
3357 1591 3604 1634 ememtts

344 1670 603 1740 πολυειδῆ
633 1668 727 1722 τοῦ
755 1667 1074 1738 Πνεύματος
1105 1665 1576 1734 ἐπιδαψιλεύσεται
1602 1665 1782 1734 χάριν.
1817 1665 1910 1717 EO-

2023 1673 2226 1744 paues?
2250 1692 2268 1725 ι
2299 1671 2411 1727 Cur
2435 1671 2500 1725 ad
2527 1670 2860 1739 Philippum.
2890 1682 3014 1721 cum
3035 1667 3127 1720 alii
3151 1673 3396 1720 astarent
3428 1664 3596 1720 disci-

341 1759 668 1833 τρεπίζεταί
694 1775 757 1828 γε
786 1759 892 1830 μὴν
913 1757 1048 1828 πρὸς
1078 1756 1140 1811 τὸ
1160 1756 1343 1810 δοῦναι
1367 1759 1480 1818 τοῖς
1512 1753 1797 1826 προσιοῦσι
1823 1754 1910 1819 τὰς

2026 1767 2161 1838 puli.
2182 1765 2344 1834 eique
2369 1763 2622 1818 assiduos
2651 1762 2879 1815 comites
2901 1773 3024 1814 sese
3051 1763 3401 1826 praestarent,
3423 1769 3604 1824 opem

342 1851 582 1922 τροφὰς.
636 1847 757 1902 οὐδὲ
797 1845 1122 1918 περιμείνας
1171 1847 1272 1917 τὴν
1318 1845 1555 1915 αἴτησιν.
1606 1844 1680 1897 Τὸ
1717 1845 1826 1915 γάρ
1869 1848 1910 1898 τί

2023 1859 2257 1930 pretium
2291 1867 2373 1912 est
2395 1853 2849 1909 animadvertere.
2883 1851 3210 1906 Sciscitator
3238 1862 3434 1917 nempe
3458 1853 3601 1908 erat,

337 1940 774 2014 προσευξόμεθα,
800 1939 921 1993 καθ’
949 1938 978 1992 ὃ
994 1938 1092 2003 δεῖ,
1109 1939 1208 1992 οὐκ
1223 1937 1462 2008 οἴδαμεν,
1482 1938 1646 2001 αὐτὸς
1659 1938 1714 1991 δὲ
1737 1939 1920 2009 ὀρέγει

335 2032 661 2106 προλαϐὼν,
687 2032 830 2102 ειπερ
858 2032 1005 2102 ἡμᾶς
1039 2033 1118 2094 εἰς
1138 2030 1284 2102 ζωὴν
1313 2031 1526 2100 συνέχει
1551 2029 1650 2102 τὴν
1679 2029 1914 2084 αἰώνιον.

333 2126 506 2193 Λέγει
526 2125 706 2178 τοίνυν
753 2123 888 2193 πρὸς
931 2123 1197 2176 tilum-0v
1220 2139 1234 2153 ·
1293 2141 1311 2174 ι
1359 2122 1529 2179 Πόθεν
1576 2123 1918 2194 ἀγοράσομεν

334 2216 570 2288 ἄρτουςς
612 2233 632 2268 ι
678 2212 828 2267 Διατί
870 2213 1008 2285 π’ρδς
1034 2212 1331 2278 Φίλιππον,
1382 2212 1560 2266 καίτοι
1606 2213 1715 2266 τῶν
1740 2213 1915 2268 ἄλλων

334 2306 705 2380 παρεστώτων
719 2322 777 2358 τε
797 2304 891 2358 καὶ
902 2302 1453 2375 προσκαρτερούντων
1464 2302 1610 2372 αύτῷ
1633 2302 1910 2373 μαθητῶν,

330 2400 634 2468 ἀναγκαῖον
677 2397 824 2451 ἰδεῖν.
861 2393 1072 2449 Οὐκοῦν
1111 2394 1401 2466 ζητητικὸς
1447 2395 1547 2464 μὲν
1579 2397 1608 2448 ό
1649 2394 1912 2460 ⁴Ιιίλιππος

331 2491 433 2545 καὶ
458 2489 759 2560 φιλομαθὴς
777 2527 794 2552 ,
844 2488 969 2553 ὀξὺς
995 2487 1051 2541 δὲ
1079 2487 1140 2541 ού
1167 2487 1288 2541 λίαν
1312 2488 1391 2550 είς
1413 2487 1474 2540 τὸ
1500 2486 1756 2541 δύνασθαι
1786 2505 1883 2542 συν

333 2584 475 2638 ιὲναι
501 2581 720 2654 θερμῶς
749 2583 818 2636 τὰ
847 2580 1302 2653 θεοπρεπέστερα.
1336 2579 1508 2634 Τοῦτο
1530 2579 1576 2634 δ’
1601 2579 1668 2635 ἀν
1694 2581 1906 2652 μάθοις,

330 2673 512 2725 ἐκεῖνο
560 2673 704 2724 κατά
748 2671 944 2724 σαυτὸν
1000 2669 1459 2740 ἀναλογισάμενος
1483 2708 1498 2733 ,
1550 2672 1633 2724 δτι
1683 2672 1909 2743 χρόνους

329 2762 706 2832 ἀκολουθήσας
745 2761 824 2832 τῷ
857 2761 1069 2832 Σωτῆρι
1094 2762 1372 2830 μακροὺς,
1414 2762 1508 2814 καὶ
1546 2761 1807 2827 ποικίλως
1838 2763 1909 2817 τά

283 2854 466 2925 κπερὶ
493 2856 592 2924 τῆς
627 2853 877 2921 θεότητος
921 2851 1088 2906 αὐτοῦ
1138 2852 1412 2921 συλλέγων
1440 2853 1768 2924 μαθήματα,
1812 2856 1906 2910 καὶ

327 2944 745 3014 πλουσιωτάτην
784 2943 873 2997 διά
901 2961 958 2996 τε
987 2944 1328 3014 πραγμάτων
1347 2944 1439 2996 καὶ
1463 2943 1636 3013 λόγων
1663 2945 1907 3017 ὲρανιζόι

331 3054 497 3108 μενος
522 3036 697 3106 ἑαυτῷ
716 3035 812 3108 [αι.
843 3035 933 3088 ἐπ’
961 3033 1134 3107 αὐτῷ]
1157 3035 1256 3108 τὴν
1285 3035 1589 3106 κατάληψιν
1606 3076 1622 3100 ,
1658 3037 1734 3102 ὼς
1761 3039 1910 3092 οὐδὲν

2015 3041 2237 3112 ingenio
2293 3036 2552 3096 crassiori
2585 3043 2763 3100 esset,
2825 3049 2889 3090 ac
2927 3033 3144 3088 tardius
3187 3027 3593 3099 quodammodo
3697 3044 3706 3050 ’

323 3128 487 3182 οὔπω
517 3125 724 3200 μαθὼν,
759 3128 816 3181 ἐν
843 3126 1173 3189 τελευταίοις
1204 3129 1304 3197 τῆς
1342 3128 1656 3198 οἰκονομίας
1696 3133 1911 3201 καιροῖς

325 3215 483 3285 λέγει
521 3215 657 3285 πρὸς
695 3214 786 3268 τὸν
825 3214 1061 3285 Ἰησοῦνσ
1112 3233 1132 3266 t
1162 3215 1370 3286 Κύριε,
1423 3216 1594 3284 δεῖξον
1639 3220 1775 3289 ἡμῖν
1819 3219 1910 3274 τὸν

324 3305 569 3376 Πατέρα,
587 3305 681 3358 καί
710 3305 872 3374 ἀρκεῖ
890 3307 1043 3374 ἡμῖν.
1073 3321 1092 3354 ι
1133 3304 1273 3357 Ἀλλ’
1293 3303 1368 3368 ὡς
1389 3306 1714 3378 ἁκακοήθως
1741 3309 1912 3364 εἰπὼν

322 3394 391 3453 εὖ
433 3399 578 3468 μάλα
611 3397 1044 3469 μετεπαιδεύετο.
1081 3416 1102 3450 ι
1138 3397 1390 3468 Τοσούτῳ
1432 3397 1542 3471 γάρ
1568 3400 1747 3471 χρόνῳ
1791 3401 1912 3472 μεθ’

322 3492 488 3561 ὑμῶν
511 3493 644 3560 είμι,
673 3489 768 3544 καὶ
809 3487 910 3542 οὐκ
951 3488 1197 3558 ἔγνωκάς
1229 3506 1332 3561 με,
1384 3491 1650 3558 Φίλιππες
1691 3512 1710 3545 δ
1745 3494 1910 3566 φησὶν

321 3582 358 3635 ὁ
386 3581 637 3650 Χριστός.
676 3580 768 3643 Ὠς
799 3574 892 3633 οὖν
931 3579 1221 3651 παχυτέρῳ
1249 3580 1384 3651 πρὸς
1411 3581 1614 3652 νόησιν,
1649 3583 1745 3637 καὶ
1776 3584 1908 3656 βρα-

321 3668 554 3740 δύτερόν
598 3683 715 3732 πως
757 3669 902 3738 ἥπερ
944 3669 1112 3740 ἐχρῆν
1158 3669 1293 3739 πρὸς
1336 3669 1438 3740 τὴν
1479 3670 1589 3724 τῶν
1620 3670 1909 3743 θειοτέρων

326 3760 466 3814 ίόντι
497 3759 803 3831 κατάληψιν
841 3761 1111 3831 προτείνει
1138 3760 1238 3832 τὴν
1266 3760 1480 3826 πεῦσιν,
1510 3763 1804 3833 γυμνάζων
1827 3767 1907 3828 είς

320 3851 514 3904 πίστιν
543 3850 634 3904 τὸν
665 3851 933 3924 μαθητήν.
961 3850 1132 3906 Τοῦτο
1159 3851 1269 3923 γάρ
1289 3852 1547 3922 σημαίνει
1575 3853 1634 3906 τὸ
1668 3873 1686 3906 ι
1713 3855 1906 3925 πειρά-

320 3942 467 4007 ζων,
498 3959 518 3994 ι
557 3943 615 3995 ὲν
645 3939 886 4005 τούτοις.
924 3941 974 3994 εί
1005 3941 1118 4008 καὶ,
1143 3941 1394 4012 καθάπερ
1441 3943 1470 3996 ό
1516 3943 1782 4015 μακάριος
1815 3942 1906 3996 εύ-

319 4033 656 4105 αγγελιστὴς
696 4033 1100 4104 διῖσχυρίσατο,
1145 4033 1307 4096 αὐτὸς
1353 4032 1413 4086 δὲ
1462 4031 1576 4104 ᾔδει
1615 4033 1668 4086 τί
1714 4032 1906 4104 ἔμελλε

323 4129 521 4179 ποιεῖν.
560 4126 634 4179 Τὸ
666 4125 724 4178 δὲ
758 4142 778 4176 ι
801 4124 972 4179 Πόθεν
1002 4124 1349 4194 ἀγοράσομεν
1377 4142 1395 4175 ι
1429 4123 1623 4191 λέγων,
1650 4123 1758 4176 τῶν
1784 4141 1906 4176 συν-

327 4220 501 4272 όντων
521 4217 670 4288 αύτῷ
697 4217 758 4270 τὸ
790 4217 1231 4286 ἀφιλοχρήματον
1249 4257 1264 4279 ,
1295 4215 1390 4269 καὶ
1417 4213 1512 4286 τὴν
1542 4213 1787 4268 ἑκούσιον
1817 4214 1905 4268 διὰ

321 4311 460 4364 Θεὸν
487 4309 758 4380 πτωχείαν
781 4307 1128 4372 ἐπιδεικνύει,
1148 4307 1260 4361 οὐδ’
1285 4307 1410 4360 ὅσον
1438 4307 1518 4368 είς
1547 4305 1610 4358 τὸ
1635 4304 1902 4376 πρίασθαι

322 4404 422 4466 τας
454 4402 757 4470 ἀναγκαίας
808 4401 1037 4471 ἐχόντων
1071 4399 1278 4470 τροφάς
1301 4414 1316 4428 ’
1351 4397 1488 4468 όμοῦ
1519 4397 1578 4450 δέ
1631 4414 1686 4450 τι
1727 4397 1902 4468 τούτῳ
1937 4380 1976 4434 Ῐ)

325 4493 794 4566 πφσεργάζεται,
843 4495 938 4546 καὶ
982 4492 1071 4547 διὰ
1113 4493 1308 4562 τέχνης
1344 4490 1638 4559 οἰκονομεῖ.
1689 4488 1762 4542 Τὸ
1793 4489 1901 4560 γάρ

327 4603 347 4634 s
377 4584 544 4638 πόθεν
565 4625 578 4646 ,
605 4603 625 4636 ι
659 4585 720 4638 οὐ
751 4583 927 4654 μάτην
947 4623 962 4645 ,
990 4582 1064 4646 ὡς
1098 4582 1233 4652 πρὸς
1255 4581 1406 4635 οὐδὲν
1428 4580 1567 4643 ὅλως
1592 4579 1903 4649 ἐπικομίζε-

325 4675 448 4728 σθαι
488 4673 920 4744 μελετήσαντας.
943 4673 1078 4726 ἀλλὰ
1106 4673 1199 4726 καὶ
1233 4673 1310 4737 είς
1339 4671 1477 4739 άγαν
1501 4671 1896 4742 ἀφιλαργυρεῖν

322 4767 666 4837 ετθισμένους
701 4770 883 4837 φησίν.
959 4764 1308 4828 ’Δποκλείσας
1335 4765 1397 4835 δὴ
1430 4760 1523 4818 οὖν
1562 4765 1657 4818 καὶ
1703 4765 1901 4818 ἀπῇτε-

325 4856 444 4927 μὼν
477 4857 856 4926 εύφυεστάτως
883 4856 984 4928 τὴν
1016 4857 1104 4910 ἐπ’
1133 4855 1414 4926 ἀργυρίοις
1441 4856 1634 4910 ἐλπίδα
1657 4895 1671 4920 ,
1711 4872 1901 4926 μονον·

320 4950 446 5017 ουχὶ
483 4951 576 5001 καὶ
613 4947 900 5002 ἀναπείθει
945 4947 1132 5000 λοιπὸν
1179 4945 1266 4999 ἐπ’
1297 4947 1472 5001 ἐκεῖνο
1505 4946 1778 5017 βαδίζειν,
1812 4947 1895 5001 ὅτι

2020 1967 2085 2006 ac
2111 1949 2357 2005 discendi
2388 1947 2618 2014 avidus,
2650 1945 2743 2002 sed
2771 1945 2824 1999 in
2854 1942 3222 2015 percipiendis
3258 1940 3425 1995 rebus
3457 1936 3601 1992 divi-

2019 2041 2106 2096 nis
2152 2039 2298 2094 ltaud
2336 2038 2568 2096 multum
2609 2044 2825 2092 acutus.
2876 2033 2991 2088 Hoc
3033 2040 3214 2087 autem
3268 2028 3507 2100 patebit,
3549 2027 3598 2083 si

2017 2132 2160 2204 apud
2199 2140 2252 2185 te
2280 2139 2502 2201 reputes
2533 2128 2680 2199 quod
2725 2143 2850 2182 cum
2881 2126 3046 2196 longo
3075 2133 3319 2194 tempore
3347 2119 3599 2176 Salvato-

2015 2237 2130 2278 rem
2159 2229 2385 2278 secutus
2406 2220 2501 2284 sit,
2523 2233 2589 2273 ac
2613 2217 2682 2274 de
2697 2216 2820 2286 ejus
2847 2214 3052 2270 deitate
3070 2214 3238 2268 multa
3269 2210 3597 2267 documenta

2014 2313 2350 2382 susceperit,
2410 2317 2466 2365 et
2517 2307 3051 2364 abundantissimam
3087 2319 3214 2360 cum
3258 2303 3446 2369 rebus,
3475 2309 3594 2356 tum

2012 2404 2197 2460 verbis
2225 2405 2346 2472 ejus
2367 2401 2736 2474 cognitionem
2757 2397 3024 2457 hauserit,
3053 2395 3210 2466 quasi
3247 2404 3431 2449 tamen
3459 2392 3594 2447 nihil

2011 2495 2194 2551 adhuc
2221 2492 2528 2557 didicisset,
2559 2491 2612 2545 in
2635 2490 2896 2546 extremis
2925 2485 3361 2557 dispensationis
3378 2496 3591 2552 tempo-

2009 2588 2166 2643 ribus
2189 2586 2263 2640 ait
2283 2585 2348 2640 ad
2373 2582 2592 2639 Jesutni
2621 2599 2640 2632 ι
2667 2580 2914 2643 Domine,
2929 2576 3158 2633 ostende
3173 2575 3335 2632 nobis
3351 2573 3593 2633 Patrem.

2007 2689 2062 2737 et
2087 2677 2284 2735 subicit
2308 2675 2546 2731 nobis".
2572 2693 2590 2726 ι
2628 2673 2732 2729 Sed
2757 2688 2786 2726 a
2817 2670 3102 2725 Salvatore
3123 2667 3311 2738 utique
3340 2665 3592 2720 docetur.

2009 2779 2069 2824 ut
2110 2768 2204 2840 qui
2244 2765 2565 2833 simpliciter
2612 2777 2714 2818 nec
2752 2762 3027 2817 malitiose
3072 2759 3128 2814 id
3161 2759 3380 2816 locutus
3418 2761 3588 2810 esset.

2013 2879 2032 2912 ι
2059 2858 2238 2927 Tanto
2258 2855 2403 2912 enim
2429 2863 2671 2924 tempore
2701 2852 2982 2908 vobiscum
3010 2864 3156 2912 sum,
3178 2858 3230 2904 et
3254 2862 3362 2902 non
3385 2859 3594 2917 cogno-

2009 2950 2133 3004 visti
2157 2964 2262 3014 me,
2293 2947 2545 3016 Philippe
2569 2945 2650 3000 “2
2675 2963 2693 2997 ο
2739 2942 2918 3015 inquit
2943 2941 3217 2996 Christus.
3257 2937 3411 3005 Quod
3445 2937 3590 2992 enim

2012 3143 2174 3199 quam
2224 3127 2453 3182 decebat
2499 3139 2587 3179 res
2629 3123 2846 3179 divinas
2885 3129 3141 3192 caperet,
3183 3120 3390 3176 idcirco
3423 3120 3592 3174 inter-

2011 3218 2350 3289 rogationem
2376 3215 2650 3288 proponit,
2672 3214 3002 3285 discipulum
3028 3213 3096 3267 ad
3129 3211 3287 3268 Iidem
3300 3225 3589 3267 exercens.

2011 3309 2128 3366 Hoc
2165 3311 2308 3366 enim
2337 3309 2639 3380 significat,
2696 3308 2789 3364 illa
2821 3321 2948 3370 vos,
2982 3325 3002 3358 ι
3025 3313 3264 3369 tentans,
3295 3322 3315 3356 ι
3349 3303 3588 3366 tametsi,

2011 3410 2072 3457 ttt
2097 3399 2292 3456 asserit
2307 3400 2502 3456 beatus
2522 3400 2884 3470 evangelista,
2909 3399 3028 3469 ipse
3053 3397 3263 3454 sciebat
3289 3395 3419 3466 quid
3440 3401 3590 3451 esset

2009 3490 2276 3546 facturus.
2303 3489 2439 3546 Cum
2465 3499 2644 3546 autem
2675 3489 2788 3556 ait,
2829 3507 2850 3540 ι
2886 3484 3042 3544 Unde
3067 3502 3334 3552 ememus,
3361 3505 3380 3538 ι
3408 3485 3547 3542 disci
3559 3515 3582 3527 ο

2009 3583 2261 3653 pulorum
2289 3583 2648 3652 pecuniarum
2675 3589 3050 3651 contemptum
3071 3620 3086 3644 ,
3130 3588 3185 3633 et
3217 3577 3582 3632 voluntariam

2009 3673 2172 3743 277
2223 3682 2447 3743 propter
2483 3673 2651 3729 Deum
2695 3679 3066 3744 paupertatem
3107 3669 3337 3733 iudicat,
3368 3667 3462 3738 qui
3515 3683 3586 3722 ne

2009 3761 2275 3816 baberent
2304 3762 2523 3830 quidem
2562 3762 2709 3818 unde
2739 3761 3085 3817 necessarios
3113 3758 3268 3812 cibos
3301 3763 3581 3811 emerent:

2008 3850 2282 3921 simulque
2304 3850 2451 3905 aliud
2483 3851 2743 3920 quiddam
2773 3849 3040 3920 singulari
3072 3847 3304 3905 consilio
3336 3846 3583 3900 molitur.

2007 3941 2141 3997 Illud
2177 3942 2319 3995 enim
2353 3943 2705 4007 vocabulum,
2747 3941 2991 4006 «unde,»
3031 3955 3139 3993 non
3182 3938 3386 3991 frustra
3423 3936 3583 4006 poni-

2007 4042 2117 4096 tur,
2155 4033 2313 4102 quasi
2343 4032 2552 4088 dictum
2585 4031 2657 4087 sit
2687 4031 2754 4085 ad
2786 4045 2881 4086 eos
2909 4030 3003 4099 qui
3032 4027 3164 4082 nibil
3196 4028 3356 4096 plane
3387 4025 3588 4080 aﬂerre

2006 4133 2357 4188 curaverant,
2387 4123 2482 4180 sed
2516 4131 2570 4178 et
2609 4123 2702 4196 qui
2739 4122 3028 4193 pecuniam
3069 4134 3300 4190 prorsus
3335 4126 3584 4173 contem-

2005 4231 2140 4272 nere
2181 4215 2452 4271 solebant.
2493 4213 2602 4286 Spe
2635 4215 2807 4286 igitur
2837 4214 2891 4268 in
2927 4212 3182 4286 pecuniis
3223 4209 3403 4282 posita
3441 4209 3584 4264 scite

2006 4305 2301 4361 admodum
2333 4305 2555 4361 exclusa
2590 4315 2646 4361 et
2682 4312 2983 4376 amputata,
3038 4303 3163 4358 illos
3195 4318 3262 4356 eo
3295 4315 3582 4371 propemo-

2006 4401 2136 4455 dum
2167 4399 2338 4469 adigit
2372 4406 2431 4454 ut
2463 4398 2517 4452 in
2547 4397 2793 4452 animum
2825 4395 3091 4451 inducant
3124 4394 3280 4450 cibos
3319 4392 3580 4449 ineffabili

2005 4493 2210 4547 virtute
2249 4506 2312 4545 ac
2355 4489 2599 4561 potentia
2634 4489 2867 4544 Domino
2901 4488 3172 4545 creandos
3203 4503 3349 4551 esse,
3382 4487 3451 4552 si,
3483 4487 3584 4540 ni-

2007 4583 2082 4636 bil
2117 4597 2242 4637 cum
2282 4580 2621 4636 cibariorum
2659 4581 2754 4643 sit,
2789 4581 2938 4635 alere
2988 4587 3171 4635 tamen
3207 4579 3339 4634 velit
3390 4576 3580 4632 multi—

2003 4674 2250 4729 tudinem
2288 4688 2409 4742 qua;
2437 4672 2504 4727 ad
2540 4689 2664 4728 eum
2691 4672 3052 4728 conﬂuxerat.
3087 4670 3200 4726 lloc
3233 4670 3381 4726 enim
3413 4684 3580 4724 unum

2007 4765 2274 4830 restabat,
2307 4772 2360 4821 et
2388 4763 2453 4818 ad
2488 4765 2665 4820 solam
2695 4780 2845 4836 spem
2874 4764 3144 4833 deinceps
3172 4763 3450 4833 respicere
3486 4776 3582 4816 eos

2007 4857 2285 4917 monebat,
2312 4855 2474 4926 juxta
2505 4853 2639 4910 illttd
2697 4855 2872 4912 (ἕκηθί
2917 4863 3090 4926 poeta:
3135 4872 3150 4910 :
3192 4896 3205 4909 .
3249 4893 3262 4906 .
3305 4892 3320 4907 .
3361 4893 3375 4907 .
3418 4886 3434 4906 .
3473 4851 3580 4919 fcr-

2004 4964 2150 5002 rcum
2178 4947 2329 5002 ulcus
2363 4949 2714 5002 necessitatis.

315 5040 504 5110 δεήσει
535 5037 629 5090 τὴν
657 5036 859 5108 Κύριον
882 5077 897 5101 ,
937 5039 986 5091 εί
1035 5037 1261 5108 μηδενὸς
1327 5037 1536 5100 ἐνόντος
1577 5038 1761 5100 αὐτοῖς
1825 5037 2158 5108 ἀποτρέφειν
2189 5035 2430 5106 βούλοιτο
2459 5037 2587 5099 τοὺς
2615 5036 2750 5106 πρὸς
2777 5035 2941 5089 αὐτὸν
3001 5035 3349 5106 ἐρχομένους,
3389 5031 3580 5106 ἀφάτῳ

316 5130 552 5198 δυνάμει
597 5127 692 5181 καὶ
729 5128 948 5199 ἐξουσίᾳ
995 5127 1289 5198 θεοπρεπεῖ
1308 5125 1708 5196 δημιουργῆσαι
1734 5127 1960 5198 τροφάς.
2000 5126 2170 5180 Τοῦτο
2197 5125 2308 5196 γὰρ
2333 5121 2402 5195 ἦν
2428 5125 2506 5178 ἔτι
2531 5125 2592 5178 τὸ
2621 5125 2968 5194 λειπόμενον,
3020 5124 3114 5177 καλ⁵
3141 5124 3221 5186 είς
3253 5122 3420 5193 μόνας
3448 5121 3582 5192 όρᾷν

311 5226 416 5290 τὰς
444 5223 697 5278 ἐντεῦθεν
740 5225 960 5290 ἐλπίδας
1001 5225 1185 5279 ἐκάλει
1227 5223 1412 5278 λοιπὸν
1443 5224 1584 5276 κατά
1621 5223 1746 5287 τοὺς
1787 5224 1917 5296 παρ’
1945 5223 2171 5294 Ἕλλησι
2198 5222 2445 5291 ποιητὰς,
2478 5260 2494 5274 .
2538 5260 2552 5274 .
2595 5260 2610 5275 .
2652 5261 2664 5274 .
2708 5259 2723 5274 .
2764 5219 3051 5288 σιδήρεον
3073 5218 3253 5286 ἕλκος
3289 5216 3579 5288 ἀνάγκης.

2071 5335 2159 5399 Vl,
2191 5335 2246 5390 7.
2300 5335 2655 5389 Ducenlorum
2709 5333 3052 5387 denariorum
3090 5348 3256 5402 panes
3307 5347 3411 5385 non
3464 5331 3579 5403 sitf-

2001 5427 2187 5495 ﬁciuut
2239 5426 2354 5492 eis,
2427 5434 2484 5478 ut
2533 5422 2890 5493 unusquisque
2940 5419 3207 5476 modicum
3256 5418 3383 5492 quid
3441 5421 3586 5475 acci-

2005 5518 2138 5585 piat.

386 5338 728 5390 Διακοσίων
753 5338 1052 5406 δηναρίων
1089 5339 1252 5405 (ipsos
1299 5337 1410 5391 οὐκ
1449 5336 1746 5406 ἀρκοῦσιν
1790 5339 1888 5392 αὐ·

311 5425 467 5492 τοῖς,
497 5426 602 5479 ἵνα
620 5427 878 5495 ἕκαστος
901 5429 1100 5499 ,βραχύ
1125 5446 1176 5482 τι
1198 5427 1372 5498 λάϐῃ.

389 5685 439 5717 ³⁸
487 5687 647 5744 Prov.
693 5704 747 5753 ι,
778 5690 830 5744 5.
880 5696 922 5727 ιι
975 5689 1118 5745 i‘sal.
1148 5703 1297 5755 LXIV,
1335 5690 1418 5744 iO.
1499 5689 1535 5720 ³³
1565 5689 1721 5745 Juau.
1753 5705 1827 5755 vt,
2034 5688 2259 5746 “Joan.
2296 5707 2407 5759 .vtv,
2449 5691 2502 5748 8.
2580 5689 2782 5746 “ibid.
2811 5688 2866 5745 9.
