  <div class='ocr_page' id='page_1' title='image "/cluster/home/n/w/nwhite01/storage/ocr_20150623/73/hvd.32044073502023/229.png"; bbox 0 0 4044 6200; ppageno 0'>
   <div class='ocr_carea' id='block_1_1' title="bbox 499 291 663 369">
    <p class='ocr_par' dir='ltr' id='par_1_1' title="bbox 499 291 663 369">
     <span class='ocr_line' id='line_1_1' title="bbox 499 291 663 369; baseline -0.018 -22"><span class='ocrx_word' id='word_1_1' title='bbox 499 291 599 347; x_wconf 77' lang='lat' dir='ltr'><strong>m</strong></span> <span class='ocrx_word' id='word_1_2' title='bbox 655 357 663 369; x_wconf 39' lang='grc'><em>,</em></span> 
     </span>
    </p>
   </div>
   <div class='ocr_carea' id='block_1_2' title="bbox 500 490 2074 566">
    <p class='ocr_par' dir='ltr' id='par_1_2' title="bbox 500 490 2074 566">
     <span class='ocr_line' id='line_1_2' title="bbox 500 490 2074 566; baseline -0.001 -17"><span class='ocrx_word' id='word_1_3' title='bbox 500 511 665 566; x_wconf 77' lang='grc' dir='ltr'>ροιϊυ</span> <span class='ocrx_word' id='word_1_4' title='bbox 697 493 882 549; x_wconf 81' lang='lat' dir='ltr'><strong>Jesum</strong></span> <span class='ocrx_word' id='word_1_5' title='bbox 933 500 1136 548; x_wconf 89' lang='lat' dir='ltr'><strong>cuncta</strong></span> <span class='ocrx_word' id='word_1_6' title='bbox 1191 507 1374 560; x_wconf 89' lang='lat' dir='ltr'><strong>posse,</strong></span> <span class='ocrx_word' id='word_1_7' title='bbox 1409 492 1576 560; x_wconf 84' lang='lat' dir='ltr'><strong>idque</strong></span> <span class='ocrx_word' id='word_1_8' title='bbox 1618 490 1802 556; x_wconf 77' lang='lat' dir='ltr'><strong>facile,</strong></span> <span class='ocrx_word' id='word_1_9' title='bbox 1838 493 1932 547; x_wconf 89' lang='lat' dir='ltr'><strong>sed</strong></span> <span class='ocrx_word' id='word_1_10' title='bbox 1984 494 2074 548; x_wconf 89' lang='lat' dir='ltr'><strong>ubi</strong></span> 
     </span>
    </p>
   </div>
   <div class='ocr_carea' id='block_1_3' title="bbox 499 581 2074 649">
    <p class='ocr_par' dir='ltr' id='par_1_3' title="bbox 499 581 2074 649">
     <span class='ocr_line' id='line_1_3' title="bbox 499 581 2074 649; baseline -0.001 -9"><span class='ocrx_word' id='word_1_11' title='bbox 499 587 692 649; x_wconf 88' lang='lat' dir='ltr'><strong>audiit,</strong></span> <span class='ocrx_word' id='word_1_12' title='bbox 727 604 745 636; x_wconf 74' lang='grc' dir='ltr'><strong>ι</strong></span> <span class='ocrx_word' id='word_1_13' title='bbox 783 583 938 639; x_wconf 85' lang='lat' dir='ltr'>Unde</span> <span class='ocrx_word' id='word_1_14' title='bbox 969 596 1238 647; x_wconf 86' lang='lat' dir='ltr'><strong>ememus,</strong></span> <span class='ocrx_word' id='word_1_15' title='bbox 1262 599 1279 634; x_wconf 75' lang='grc' dir='ltr'><strong>ι</strong></span> <span class='ocrx_word' id='word_1_16' title='bbox 1298 582 1480 636; x_wconf 87' lang='lat' dir='ltr'><strong>statim</strong></span> <span class='ocrx_word' id='word_1_17' title='bbox 1511 581 1579 635; x_wconf 90' lang='lat' dir='ltr'><strong>ad</strong></span> <span class='ocrx_word' id='word_1_18' title='bbox 1606 597 1730 636; x_wconf 87' lang='lat' dir='ltr'><strong>eum</strong></span> <span class='ocrx_word' id='word_1_19' title='bbox 1756 583 2074 639; x_wconf 91' lang='lat' dir='ltr'><strong>tentandum</strong></span> 
     </span>
    </p>
   </div>
   <div class='ocr_carea' id='block_1_4' title="bbox 499 671 2076 747">
    <p class='ocr_par' dir='ltr' id='par_1_4' title="bbox 499 671 2076 747">
     <span class='ocr_line' id='line_1_4' title="bbox 499 671 2076 747; baseline -0.001 -15"><span class='ocrx_word' id='word_1_20' title='bbox 499 681 737 747; x_wconf 90' lang='lat' dir='ltr'><strong>rapitur,</strong></span> <span class='ocrx_word' id='word_1_21' title='bbox 783 685 838 731; x_wconf 91' lang='lat' dir='ltr'><strong>et</strong></span> <span class='ocrx_word' id='word_1_22' title='bbox 891 673 1157 744; x_wconf 84' lang='lat' dir='ltr'><strong>pecunias</strong></span> <span class='ocrx_word' id='word_1_23' title='bbox 1215 671 1427 728; x_wconf 88' lang='lat' dir='ltr'><strong>tantum</strong></span> <span class='ocrx_word' id='word_1_24' title='bbox 1481 674 1743 740; x_wconf 77' lang='lat' dir='ltr'><strong>somniat,</strong></span> <span class='ocrx_word' id='word_1_25' title='bbox 1797 689 1920 728; x_wconf 91' lang='lat' dir='ltr'><strong>cum</strong></span> <span class='ocrx_word' id='word_1_26' title='bbox 1967 691 2076 730; x_wconf 89' lang='lat' dir='ltr'><strong>non</strong></span> 
     </span>
    </p>
   </div>
   <div class='ocr_carea' id='block_1_5' title="bbox 501 761 2074 836">
    <p class='ocr_par' dir='ltr' id='par_1_5' title="bbox 501 761 2074 836">
     <span class='ocr_line' id='line_1_5' title="bbox 501 761 2074 836; baseline -0.002 -15"><span class='ocrx_word' id='word_1_27' title='bbox 501 769 657 821; x_wconf 87' lang='lat' dir='ltr'><strong>aliter</strong></span> <span class='ocrx_word' id='word_1_28' title='bbox 707 780 820 820; x_wconf 89' lang='lat' dir='ltr'><strong>rem</strong></span> <span class='ocrx_word' id='word_1_29' title='bbox 872 779 973 834; x_wconf 89' lang='lat' dir='ltr'><strong>pro</strong></span> <span class='ocrx_word' id='word_1_30' title='bbox 1024 778 1127 819; x_wconf 91' lang='lat' dir='ltr'><strong>sua</strong></span> <span class='ocrx_word' id='word_1_31' title='bbox 1169 771 1366 820; x_wconf 88' lang='lat' dir='ltr'><strong>natura</strong></span> <span class='ocrx_word' id='word_1_32' title='bbox 1399 762 1704 833; x_wconf 80' lang='lat' dir='ltr'><strong>perfectum</strong></span> <span class='ocrx_word' id='word_1_33' title='bbox 1735 761 2074 836; x_wconf 81' lang='lat' dir='ltr'><strong>iri’putaret,</strong></span> 
     </span>
    </p>
   </div>
   <div class='ocr_carea' id='block_1_6' title="bbox 497 856 2076 929">
    <p class='ocr_par' dir='ltr' id='par_1_6' title="bbox 497 856 2076 929">
     <span class='ocr_line' id='line_1_6' title="bbox 497 856 2076 929; baseline -0.002 -15"><span class='ocrx_word' id='word_1_34' title='bbox 497 874 657 929; x_wconf 88' lang='lat' dir='ltr'><strong>quam</strong></span> <span class='ocrx_word' id='word_1_35' title='bbox 689 859 735 912; x_wconf 89' lang='lat' dir='ltr'><strong>si</strong></span> <span class='ocrx_word' id='word_1_36' title='bbox 772 856 1052 912; x_wconf 89' lang='lat' dir='ltr'><strong>communi</strong></span> <span class='ocrx_word' id='word_1_37' title='bbox 1086 856 1327 926; x_wconf 90' lang='lat' dir='ltr'><strong>tritaque</strong></span> <span class='ocrx_word' id='word_1_38' title='bbox 1358 856 1494 926; x_wconf 79' lang='lat' dir='ltr'><strong>lege.</strong></span> <span class='ocrx_word' id='word_1_39' title='bbox 1526 864 1782 927; x_wconf 85' lang='lat' dir='ltr'><strong>sumptus</strong></span> <span class='ocrx_word' id='word_1_40' title='bbox 1814 857 2076 911; x_wconf 85' lang='lat' dir='ltr'><strong>nimirum</strong></span> 
     </span>
    </p>
   </div>
   <div class='ocr_carea' id='block_1_7' title="bbox 499 947 2076 1019">
    <p class='ocr_par' dir='ltr' id='par_1_7' title="bbox 499 947 2076 1019">
     <span class='ocr_line' id='line_1_7' title="bbox 499 947 2076 1019; baseline 0.001 -17"><span class='ocrx_word' id='word_1_41' title='bbox 499 963 726 1019; x_wconf 85' lang='lat' dir='ltr'><strong>magnos</strong></span> <span class='ocrx_word' id='word_1_42' title='bbox 758 947 1038 1003; x_wconf 84' lang='lat' dir='ltr'><strong>faciendo.</strong></span> <span class='ocrx_word' id='word_1_43' title='bbox 1071 948 1420 1018; x_wconf 82' lang='lat' dir='ltr'><strong>QuaprOpter</strong></span> <span class='ocrx_word' id='word_1_44' title='bbox 1445 947 1490 1002; x_wconf 88' lang='lat' dir='ltr'><strong>si</strong></span> <span class='ocrx_word' id='word_1_45' title='bbox 1537 947 1942 1018; x_wconf 88' lang='lat' dir='ltr'><strong>discipulorum</strong></span> <span class='ocrx_word' id='word_1_46' title='bbox 1983 963 2076 1018; x_wconf 88' lang='lat' dir='ltr'><strong>pe-</strong></span> 
     </span>
    </p>
   </div>
   <div class='ocr_carea' id='block_1_8' title="bbox 497 1038 2076 1118">
    <p class='ocr_par' dir='ltr' id='par_1_8' title="bbox 497 1038 2076 1118">
     <span class='ocr_line' id='line_1_8' title="bbox 497 1038 2076 1118; baseline -0.002 -22"><span class='ocrx_word' id='word_1_47' title='bbox 497 1043 788 1118; x_wconf 79' lang='lat' dir='ltr'><strong>cuniarum</strong></span> <span class='ocrx_word' id='word_1_48' title='bbox 837 1048 1217 1109; x_wconf 85' lang='lat' dir='ltr'><strong>contemptqu</strong></span> <span class='ocrx_word' id='word_1_49' title='bbox 1272 1040 1674 1109; x_wconf 80' lang='lat' dir='ltr'><strong>respiciamus,</strong></span> <span class='ocrx_word' id='word_1_50' title='bbox 1723 1047 1780 1095; x_wconf 89' lang='lat' dir='ltr'><strong>et</strong></span> <span class='ocrx_word' id='word_1_51' title='bbox 1827 1038 2076 1095; x_wconf 92' lang='lat' dir='ltr'><strong>omnium</strong></span> 
     </span>
    </p>
   </div>
   <div class='ocr_carea' id='block_1_9' title="bbox 498 1132 2075 1204">
    <p class='ocr_par' dir='ltr' id='par_1_9' title="bbox 498 1132 2075 1204">
     <span class='ocr_line' id='line_1_9' title="bbox 498 1132 2075 1204; baseline -0.003 -16"><span class='ocrx_word' id='word_1_52' title='bbox 498 1150 678 1190; x_wconf 89' lang='lat' dir='ltr'><strong>rerum</strong></span> <span class='ocrx_word' id='word_1_53' title='bbox 728 1134 1040 1204; x_wconf 90' lang='lat' dir='ltr'><strong>penuriam,</strong></span> <span class='ocrx_word' id='word_1_54' title='bbox 1076 1132 1361 1203; x_wconf 81' lang='lat' dir='ltr'><strong>ipsamque</strong></span> <span class='ocrx_word' id='word_1_55' title='bbox 1393 1132 1630 1203; x_wconf 83' lang='lat' dir='ltr'><strong>Philippi</strong></span> <span class='ocrx_word' id='word_1_56' title='bbox 1683 1139 1944 1195; x_wconf 88' lang='lat' dir='ltr'><strong>mentem,</strong></span> <span class='ocrx_word' id='word_1_57' title='bbox 1986 1132 2075 1186; x_wconf 90' lang='lat' dir='ltr'><strong>cui</strong></span> 
     </span>
    </p>
   </div>
   <div class='ocr_carea' id='block_1_10' title="bbox 499 1224 2076 1294">
    <p class='ocr_par' dir='ltr' id='par_1_10' title="bbox 499 1224 2076 1294">
     <span class='ocr_line' id='line_1_10' title="bbox 499 1224 2076 1294; baseline -0.001 -13"><span class='ocrx_word' id='word_1_58' title='bbox 499 1228 742 1281; x_wconf 83' lang='lat' dir='ltr'><strong>nondum</strong></span> <span class='ocrx_word' id='word_1_59' title='bbox 796 1226 1065 1280; x_wconf 90' lang='lat' dir='ltr'><strong>immensa</strong></span> <span class='ocrx_word' id='word_1_60' title='bbox 1116 1225 1206 1278; x_wconf 91' lang='lat' dir='ltr'><strong>illa</strong></span> <span class='ocrx_word' id='word_1_61' title='bbox 1260 1224 1563 1281; x_wconf 85' lang='lat' dir='ltr'><strong>Salvatoris</strong></span> <span class='ocrx_word' id='word_1_62' title='bbox 1614 1226 1789 1279; x_wconf 89' lang='lat' dir='ltr'><strong>nostri</strong></span> <span class='ocrx_word' id='word_1_63' title='bbox 1837 1224 2076 1294; x_wconf 81' lang='lat' dir='ltr'><strong>dignitas</strong></span> 
     </span>
    </p>
   </div>
   <div class='ocr_carea' id='block_1_11' title="bbox 498 1319 2078 1390">
    <p class='ocr_par' dir='ltr' id='par_1_11' title="bbox 498 1319 2078 1390">
     <span class='ocr_line' id='line_1_11' title="bbox 498 1319 2078 1390; baseline -0.001 -19"><span class='ocrx_word' id='word_1_64' title='bbox 498 1321 739 1390; x_wconf 76' lang='lat' dir='ltr'><strong>patebat,</strong></span> <span class='ocrx_word' id='word_1_65' title='bbox 772 1319 1020 1373; x_wconf 75' lang='lat' dir='ltr'><strong>exerceri</strong></span> <span class='ocrx_word' id='word_1_66' title='bbox 1060 1320 1246 1387; x_wconf 86' lang='lat' dir='ltr'><strong>utique</strong></span> <span class='ocrx_word' id='word_1_67' title='bbox 1295 1333 1405 1372; x_wconf 92' lang='lat' dir='ltr'><strong>non</strong></span> <span class='ocrx_word' id='word_1_68' title='bbox 1441 1327 1620 1388; x_wconf 84' lang='lat' dir='ltr'><strong>potest</strong></span> <span class='ocrx_word' id='word_1_69' title='bbox 1648 1333 1780 1388; x_wconf 82' lang='lat' dir='ltr'><strong>erga</strong></span> <span class='ocrx_word' id='word_1_70' title='bbox 1830 1319 2078 1370; x_wconf 80' lang='lat' dir='ltr'><strong>qultitu-</strong></span> 
     </span>
    </p>
   </div>
   <div class='ocr_carea' id='block_1_12' title="bbox 497 1407 2074 1466">
    <p class='ocr_par' dir='ltr' id='par_1_12' title="bbox 497 1407 2074 1466">
     <span class='ocr_line' id='line_1_12' title="bbox 497 1407 2074 1466; baseline -0.004 -2"><span class='ocrx_word' id='word_1_71' title='bbox 497 1411 682 1464; x_wconf 88' lang='lat' dir='ltr'><strong>dinem</strong></span> <span class='ocrx_word' id='word_1_72' title='bbox 717 1425 778 1462; x_wconf 84' lang='lat' dir='ltr'><strong>ea</strong></span> <span class='ocrx_word' id='word_1_73' title='bbox 809 1409 1134 1466; x_wconf 62' lang='lat' dir='ltr'><strong>libexalitas.</strong></span> <span class='ocrx_word' id='word_1_74' title='bbox 1171 1407 1278 1461; x_wconf 86' lang='lat' dir='ltr'><strong>Sed</strong></span> <span class='ocrx_word' id='word_1_75' title='bbox 1314 1423 1421 1461; x_wconf 90' lang='lat' dir='ltr'><strong>non</strong></span> <span class='ocrx_word' id='word_1_76' title='bbox 1469 1408 1545 1460; x_wconf 89' lang='lat' dir='ltr'><strong>ita</strong></span> <span class='ocrx_word' id='word_1_77' title='bbox 1585 1407 1678 1460; x_wconf 82' lang='lat' dir='ltr'><strong>iit:</strong></span> <span class='ocrx_word' id='word_1_78' title='bbox 1725 1407 1834 1459; x_wconf 86' lang='lat' dir='ltr'><strong>imo</strong></span> <span class='ocrx_word' id='word_1_79' title='bbox 1865 1409 2074 1461; x_wconf 81' lang='lat' dir='ltr'><strong>exitum</strong></span> 
     </span>
    </p>
   </div>
   <div class='ocr_carea' id='block_1_13' title="bbox 499 1497 2074 1569">
    <p class='ocr_par' dir='ltr' id='par_1_13' title="bbox 499 1497 2074 1569">
     <span class='ocr_line' id='line_1_13' title="bbox 499 1497 2074 1569; baseline -0.003 -13"><span class='ocrx_word' id='word_1_80' title='bbox 499 1503 730 1556; x_wconf 79' lang='lat' dir='ltr'><strong>sortitur</strong></span> <span class='ocrx_word' id='word_1_81' title='bbox 785 1501 1160 1569; x_wconf 88' lang='lat' dir='ltr'><strong>quodcunque</strong></span> <span class='ocrx_word' id='word_1_82' title='bbox 1217 1498 1499 1554; x_wconf 86' lang='lat' dir='ltr'><strong>Servatori</strong></span> <span class='ocrx_word' id='word_1_83' title='bbox 1561 1498 1851 1569; x_wconf 90' lang='lat' dir='ltr'><strong>placuerit.</strong></span> <span class='ocrx_word' id='word_1_84' title='bbox 1917 1497 2074 1563; x_wconf 86' lang='lat' dir='ltr'><strong>Quod</strong></span> 
     </span>
    </p>
   </div>
   <div class='ocr_carea' id='block_1_14' title="bbox 497 1586 2077 1657">
    <p class='ocr_par' dir='ltr' id='par_1_14' title="bbox 497 1586 2077 1657">
     <span class='ocr_line' id='line_1_14' title="bbox 497 1586 2077 1657; baseline -0.002 -15"><span class='ocrx_word' id='word_1_85' title='bbox 497 1591 643 1642; x_wconf 90' lang='lat' dir='ltr'><strong>enim</strong></span> <span class='ocrx_word' id='word_1_86' title='bbox 696 1588 1040 1657; x_wconf 85' lang='lat' dir='ltr'><strong>impossibile</strong></span> <span class='ocrx_word' id='word_1_87' title='bbox 1091 1595 1174 1642; x_wconf 90' lang='lat' dir='ltr'><strong>est</strong></span> <span class='ocrx_word' id='word_1_88' title='bbox 1210 1586 1352 1656; x_wconf 90' lang='lat' dir='ltr'><strong>apud</strong></span> <span class='ocrx_word' id='word_1_89' title='bbox 1388 1586 1661 1650; x_wconf 87' lang='lat' dir='ltr'><strong>homines,</strong></span> <span class='ocrx_word' id='word_1_90' title='bbox 1697 1586 1960 1656; x_wconf 89' lang='lat' dir='ltr'><strong>possibile</strong></span> <span class='ocrx_word' id='word_1_91' title='bbox 1993 1595 2077 1642; x_wconf 86' lang='lat' dir='ltr'><strong>cst</strong></span> 
     </span>
    </p>
   </div>
   <div class='ocr_carea' id='block_1_15' title="bbox 498 1675 2077 1746">
    <p class='ocr_par' dir='ltr' id='par_1_15' title="bbox 498 1675 2077 1746">
     <span class='ocr_line' id='line_1_15' title="bbox 498 1675 2077 1746; baseline -0.001 -15"><span class='ocrx_word' id='word_1_92' title='bbox 498 1678 642 1746; x_wconf 87' lang='lat' dir='ltr'><strong>apud</strong></span> <span class='ocrx_word' id='word_1_93' title='bbox 684 1676 854 1732; x_wconf 87' lang='lat' dir='ltr'><strong>Deum</strong></span> <span class='ocrx_word' id='word_1_94' title='bbox 885 1678 954 1740; x_wconf 79' lang='lat'><strong>&quot;,</strong></span> <span class='ocrx_word' id='word_1_95' title='bbox 991 1685 1046 1732; x_wconf 89' lang='lat' dir='ltr'><strong>et</strong></span> <span class='ocrx_word' id='word_1_96' title='bbox 1081 1691 1264 1731; x_wconf 90' lang='lat' dir='ltr'><strong>rerum</strong></span> <span class='ocrx_word' id='word_1_97' title='bbox 1302 1676 1639 1731; x_wconf 86' lang='lat' dir='ltr'><strong>naturalium</strong></span> <span class='ocrx_word' id='word_1_98' title='bbox 1675 1675 1873 1731; x_wconf 85' lang='lat' dir='ltr'><strong>ordine</strong></span> <span class='ocrx_word' id='word_1_99' title='bbox 1913 1677 2077 1729; x_wconf 84' lang='lat' dir='ltr'><strong>undi-</strong></span> 
     </span>
    </p>
   </div>
   <div class='ocr_carea' id='block_1_16' title="bbox 497 1755 2151 1838">
    <p class='ocr_par' dir='ltr' id='par_1_16' title="bbox 497 1755 2151 1838">
     <span class='ocr_line' id='line_1_16' title="bbox 497 1755 2151 1838; baseline 0.002 -18"><span class='ocrx_word' id='word_1_100' title='bbox 497 1783 607 1838; x_wconf 89' lang='lat' dir='ltr'><strong>que</strong></span> <span class='ocrx_word' id='word_1_101' title='bbox 656 1769 840 1838; x_wconf 90' lang='lat' dir='ltr'><strong>potior</strong></span> <span class='ocrx_word' id='word_1_102' title='bbox 866 1777 952 1825; x_wconf 87' lang='lat' dir='ltr'><strong>est</strong></span> <span class='ocrx_word' id='word_1_103' title='bbox 985 1768 1077 1822; x_wconf 90' lang='lat' dir='ltr'><strong>Dei</strong></span> <span class='ocrx_word' id='word_1_104' title='bbox 1121 1769 1316 1830; x_wconf 87' lang='lat' dir='ltr'><strong>virtus,</strong></span> <span class='ocrx_word' id='word_1_105' title='bbox 1348 1785 1470 1837; x_wconf 71' lang='lat' dir='ltr'><strong>qua:</strong></span> <span class='ocrx_word' id='word_1_106' title='bbox 1516 1769 1846 1824; x_wconf 86' lang='lat' dir='ltr'><strong>mirabiliter</strong></span> <span class='ocrx_word' id='word_1_107' title='bbox 1875 1780 2077 1823; x_wconf 85' lang='lat' dir='ltr'><strong>cuncta</strong></span> <span class='ocrx_word' id='word_1_108' title='bbox 2112 1755 2151 1809; x_wconf 69' lang='grc' dir='ltr'><strong>Β</strong></span> 
     </span>
    </p>
   </div>
   <div class='ocr_carea' id='block_1_17' title="bbox 1503 281 2744 348">
    <p class='ocr_par' dir='ltr' id='par_1_17' title="bbox 1503 281 2744 348">
     <span class='ocr_line' id='line_1_17' title="bbox 1503 281 2744 348; baseline 0.002 -10"><span class='ocrx_word' id='word_1_109' title='bbox 1503 283 1559 340; x_wconf 90' lang='lat' dir='ltr'><strong>S.</strong></span> <span class='ocrx_word' id='word_1_110' title='bbox 1603 281 1880 342; x_wconf 64' lang='lat' dir='ltr'><strong>CYRILLI</strong></span> <span class='ocrx_word' id='word_1_111' title='bbox 1918 284 2388 348; x_wconf 78' lang='lat' dir='ltr'><strong>ALEXANDMNI</strong></span> <span class='ocrx_word' id='word_1_112' title='bbox 2432 285 2744 345; x_wconf 76' lang='lat' dir='ltr'><strong>ARCIIIEP.</strong></span> 
     </span>
    </p>
   </div>
   <div class='ocr_carea' id='block_1_18' title="bbox 473 392 2152 475">
    <p class='ocr_par' dir='ltr' id='par_1_18' title="bbox 473 392 2152 475">
     <span class='ocr_line' id='line_1_18' title="bbox 473 392 2152 475; baseline -0.002 -17"><span class='ocrx_word' id='word_1_113' title='bbox 473 392 475 394; x_wconf 45' lang='grc'><em>’</em></span> <span class='ocrx_word' id='word_1_114' title='bbox 570 405 850 475; x_wconf 75' lang='lat' dir='ltr'><strong>Augustus</strong></span> <span class='ocrx_word' id='word_1_115' title='bbox 885 401 1104 472; x_wconf 86' lang='lat' dir='ltr'><strong>quidem</strong></span> <span class='ocrx_word' id='word_1_116' title='bbox 1140 399 1377 470; x_wconf 79' lang='lat' dir='ltr'><strong>Philippi</strong></span> <span class='ocrx_word' id='word_1_117' title='bbox 1425 399 1643 453; x_wconf 89' lang='lat' dir='ltr'><strong>animus</strong></span> <span class='ocrx_word' id='word_1_118' title='bbox 1694 414 1803 453; x_wconf 92' lang='lat' dir='ltr'><strong>non</strong></span> <span class='ocrx_word' id='word_1_119' title='bbox 1839 401 2076 470; x_wconf 85' lang='lat' dir='ltr'><strong>percipit</strong></span> <span class='ocrx_word' id='word_1_120' title='bbox 2109 414 2152 466; x_wconf 73' lang='grc' dir='ltr'>Α</span> 
     </span>
    </p>
   </div>
   <div class='ocr_carea' id='block_1_19' title="bbox 3662 290 3768 347">
    <p class='ocr_par' dir='ltr' id='par_1_19' title="bbox 3662 290 3768 347">
     <span class='ocr_line' id='line_1_19' title="bbox 3662 290 3768 347; baseline 0.009 -1"><span class='ocrx_word' id='word_1_121' title='bbox 3662 290 3768 347; x_wconf 60' lang='grc'><strong>648</strong></span> 
     </span>
    </p>
   </div>
   <div class='ocr_carea' id='block_1_20' title="bbox 2261 396 3768 474">
    <p class='ocr_par' dir='ltr' id='par_1_20' title="bbox 2261 396 3768 474">
     <span class='ocr_line' id='line_1_20' title="bbox 2261 396 3768 474; baseline -0.002 -16"><span class='ocrx_word' id='word_1_122' title='bbox 2261 396 2533 474; x_wconf 81' lang='grc' dir='ltr'>’Δδρανῶς</span> <span class='ocrx_word' id='word_1_123' title='bbox 2571 404 2600 455; x_wconf 85' lang='grc' dir='ltr'>ὁ</span> <span class='ocrx_word' id='word_1_124' title='bbox 2629 401 2892 465; x_wconf 73' lang='grc' dir='ltr'>Φίλιππος</span> <span class='ocrx_word' id='word_1_125' title='bbox 2919 401 3020 455; x_wconf 77' lang='grc' dir='ltr'>οὐκ</span> <span class='ocrx_word' id='word_1_126' title='bbox 3061 401 3154 455; x_wconf 67' lang='grc' dir='ltr'><strong>ἐπὶ</strong></span> <span class='ocrx_word' id='word_1_127' title='bbox 3192 401 3254 454; x_wconf 80' lang='grc' dir='ltr'>τὸ</span> <span class='ocrx_word' id='word_1_128' title='bbox 3297 402 3474 456; x_wconf 83' lang='grc' dir='ltr'>πάντα</span> <span class='ocrx_word' id='word_1_129' title='bbox 3507 400 3768 455; x_wconf 81' lang='grc' dir='ltr'>δύνασθαι</span> 
     </span>
    </p>
   </div>
   <div class='ocr_carea' id='block_1_21' title="bbox 2185 491 3768 564">
    <p class='ocr_par' dir='ltr' id='par_1_21' title="bbox 2185 491 3768 564">
     <span class='ocr_line' id='line_1_21' title="bbox 2185 491 3768 564; baseline -0.003 -14"><span class='ocrx_word' id='word_1_130' title='bbox 2185 497 2277 550; x_wconf 73' lang='grc' dir='ltr'>καὶ</span> <span class='ocrx_word' id='word_1_131' title='bbox 2305 495 2426 549; x_wconf 99' lang='grc' dir='ltr'>λίαν</span> <span class='ocrx_word' id='word_1_132' title='bbox 2455 493 2692 557; x_wconf 78' lang='grc' dir='ltr'><strong>εὐκόλως</strong></span> <span class='ocrx_word' id='word_1_133' title='bbox 2721 494 2812 546; x_wconf 83' lang='grc' dir='ltr'>τὸν</span> <span class='ocrx_word' id='word_1_134' title='bbox 2855 492 3056 564; x_wconf 80' lang='grc' dir='ltr'><strong>Ἰησοῦν</strong></span> <span class='ocrx_word' id='word_1_135' title='bbox 3093 492 3373 546; x_wconf 78' lang='grc' dir='ltr'>ἀναϐαίνει</span> <span class='ocrx_word' id='word_1_136' title='bbox 3407 491 3569 546; x_wconf 79' lang='grc' dir='ltr'>πάλιν</span> <span class='ocrx_word' id='word_1_137' title='bbox 3587 533 3602 555; x_wconf 80' lang='lat'><strong>,</strong></span> <span class='ocrx_word' id='word_1_138' title='bbox 3629 491 3768 545; x_wconf 78' lang='grc' dir='ltr'>ἀλλὰ</span> 
     </span>
    </p>
   </div>
   <div class='ocr_carea' id='block_1_22' title="bbox 2181 584 3768 657">
    <p class='ocr_par' dir='ltr' id='par_1_22' title="bbox 2181 584 3768 657">
     <span class='ocr_line' id='line_1_22' title="bbox 2181 584 3768 657; baseline -0.003 -17"><span class='ocrx_word' id='word_1_139' title='bbox 2181 588 2243 640; x_wconf 83' lang='grc' dir='ltr'>τὸ</span> <span class='ocrx_word' id='word_1_140' title='bbox 2266 606 2284 636; x_wconf 84' lang='grc' dir='ltr'><strong>ι</strong></span> <span class='ocrx_word' id='word_1_141' title='bbox 2316 586 2484 640; x_wconf 80' lang='grc' dir='ltr'>Πόθεν</span> <span class='ocrx_word' id='word_1_142' title='bbox 2505 585 2848 657; x_wconf 81' lang='grc' dir='ltr'>ἀγοράσομεν</span> <span class='ocrx_word' id='word_1_143' title='bbox 2877 605 2894 636; x_wconf 74' lang='grc' dir='ltr'><strong>ι</strong></span> <span class='ocrx_word' id='word_1_144' title='bbox 2923 585 3165 648; x_wconf 83' lang='grc' dir='ltr'>ἀκούσας</span> <span class='ocrx_word' id='word_1_145' title='bbox 3193 584 3561 655; x_wconf 84' lang='grc' dir='ltr'>πειραστικῶς</span> <span class='ocrx_word' id='word_1_146' title='bbox 3587 600 3768 654; x_wconf 88' lang='grc' dir='ltr'>παρα-</span> 
     </span>
    </p>
   </div>
   <div class='ocr_carea' id='block_1_23' title="bbox 2182 673 3766 746">
    <p class='ocr_par' dir='ltr' id='par_1_23' title="bbox 2182 673 3766 746">
     <span class='ocr_line' id='line_1_23' title="bbox 2182 673 3766 746; baseline -0.001 -18"><span class='ocrx_word' id='word_1_147' title='bbox 2182 675 2370 746; x_wconf 84' lang='grc' dir='ltr'>χρῆμα</span> <span class='ocrx_word' id='word_1_148' title='bbox 2393 673 2814 745; x_wconf 74' lang='grc' dir='ltr'><strong>συναρπάζεται,</strong></span> <span class='ocrx_word' id='word_1_149' title='bbox 2848 674 2943 728; x_wconf 72' lang='grc' dir='ltr'>καὶ</span> <span class='ocrx_word' id='word_1_150' title='bbox 2967 676 3045 738; x_wconf 85' lang='grc' dir='ltr'><strong>είς</strong></span> <span class='ocrx_word' id='word_1_151' title='bbox 3070 675 3238 746; x_wconf 81' lang='grc' dir='ltr'>μόνην</span> <span class='ocrx_word' id='word_1_152' title='bbox 3263 677 3365 745; x_wconf 73' lang='grc' dir='ltr'><strong>δρᾷ</strong></span> <span class='ocrx_word' id='word_1_153' title='bbox 3383 673 3480 744; x_wconf 77' lang='grc' dir='ltr'>τὴν</span> <span class='ocrx_word' id='word_1_154' title='bbox 3511 673 3598 727; x_wconf 76' lang='grc' dir='ltr'><strong>διὰ</strong></span> <span class='ocrx_word' id='word_1_155' title='bbox 3625 689 3766 743; x_wconf 85' lang='grc' dir='ltr'>χρη-</span> 
     </span>
    </p>
   </div>
   <div class='ocr_carea' id='block_1_24' title="bbox 2187 763 3766 838">
    <p class='ocr_par' dir='ltr' id='par_1_24' title="bbox 2187 763 3766 838">
     <span class='ocr_line' id='line_1_24' title="bbox 2187 763 3766 838; baseline -0.003 -16"><span class='ocrx_word' id='word_1_156' title='bbox 2187 769 2373 838; x_wconf 82' lang='grc' dir='ltr'><strong>μάτων</strong></span> <span class='ocrx_word' id='word_1_157' title='bbox 2405 767 2543 834; x_wconf 83' lang='grc' dir='ltr'>όδὸν,</span> <span class='ocrx_word' id='word_1_158' title='bbox 2565 768 2664 837; x_wconf 87' lang='grc' dir='ltr'>οὐχ</span> <span class='ocrx_word' id='word_1_159' title='bbox 2698 767 2898 836; x_wconf 80' lang='grc' dir='ltr'><strong>ἑτέρως</strong></span> <span class='ocrx_word' id='word_1_160' title='bbox 2923 765 3330 836; x_wconf 81' lang='grc' dir='ltr'>ἁνυσθήσεσθαι</span> <span class='ocrx_word' id='word_1_161' title='bbox 3346 764 3446 836; x_wconf 75' lang='grc' dir='ltr'>τὴν</span> <span class='ocrx_word' id='word_1_162' title='bbox 3473 763 3566 818; x_wconf 80' lang='grc' dir='ltr'>τοῦ</span> <span class='ocrx_word' id='word_1_163' title='bbox 3585 765 3766 834; x_wconf 85' lang='grc' dir='ltr'>πράγ-</span> 
     </span>
    </p>
   </div>
   <div class='ocr_carea' id='block_1_25' title="bbox 2186 854 3770 930">
    <p class='ocr_par' dir='ltr' id='par_1_25' title="bbox 2186 854 3770 930">
     <span class='ocr_line' id='line_1_25' title="bbox 2186 854 3770 930; baseline -0.003 -18"><span class='ocrx_word' id='word_1_164' title='bbox 2186 876 2352 930; x_wconf 89' lang='grc' dir='ltr'>ματος</span> <span class='ocrx_word' id='word_1_165' title='bbox 2399 859 2659 929; x_wconf 76' lang='grc' dir='ltr'><strong>ἐννοήσας</strong></span> <span class='ocrx_word' id='word_1_166' title='bbox 2717 857 2905 927; x_wconf 78' lang='grc' dir='ltr'>φύσιν,</span> <span class='ocrx_word' id='word_1_167' title='bbox 2938 858 2986 908; x_wconf 81' lang='grc' dir='ltr'><strong>εί</strong></span> <span class='ocrx_word' id='word_1_168' title='bbox 3017 856 3092 929; x_wconf 79' lang='grc' dir='ltr'>μὴ</span> <span class='ocrx_word' id='word_1_169' title='bbox 3127 856 3311 927; x_wconf 77' lang='grc' dir='ltr'>θεσμῷ</span> <span class='ocrx_word' id='word_1_170' title='bbox 3335 855 3412 926; x_wconf 79' lang='grc' dir='ltr'>τῷ</span> <span class='ocrx_word' id='word_1_171' title='bbox 3443 854 3637 925; x_wconf 82' lang='grc' dir='ltr'>κοινῷ,</span> <span class='ocrx_word' id='word_1_172' title='bbox 3671 857 3770 909; x_wconf 76' lang='grc' dir='ltr'><strong>καὶ</strong></span> 
     </span>
    </p>
   </div>
   <div class='ocr_carea' id='block_1_26' title="bbox 2181 941 3770 1020">
    <p class='ocr_par' dir='ltr' id='par_1_26' title="bbox 2181 941 3770 1020">
     <span class='ocr_line' id='line_1_26' title="bbox 2181 941 3770 1020; baseline -0.002 -17"><span class='ocrx_word' id='word_1_173' title='bbox 2181 950 2260 1020; x_wconf 85' lang='grc' dir='ltr'>τῷ</span> <span class='ocrx_word' id='word_1_174' title='bbox 2286 948 2438 1020; x_wconf 82' lang='grc' dir='ltr'><strong>παρά</strong></span> <span class='ocrx_word' id='word_1_175' title='bbox 2465 950 2597 1002; x_wconf 82' lang='grc' dir='ltr'>πᾶσι</span> <span class='ocrx_word' id='word_1_176' title='bbox 2628 947 3027 1018; x_wconf 82' lang='grc' dir='ltr'>κατειθισμὲνῳ</span> <span class='ocrx_word' id='word_1_177' title='bbox 3049 961 3061 975; x_wconf 85' lang='lat'><strong><em>°</em></strong></span> <span class='ocrx_word' id='word_1_178' title='bbox 3082 946 3242 1000; x_wconf 83' lang='grc' dir='ltr'>τοῦτο</span> <span class='ocrx_word' id='word_1_179' title='bbox 3269 947 3326 1000; x_wconf 76' lang='grc' dir='ltr'>δὲ</span> <span class='ocrx_word' id='word_1_180' title='bbox 3353 941 3421 1018; x_wconf 79' lang='grc' dir='ltr'>ἦν</span> <span class='ocrx_word' id='word_1_181' title='bbox 3448 947 3482 1017; x_wconf 79' lang='grc' dir='ltr'>ἡ</span> <span class='ocrx_word' id='word_1_182' title='bbox 3507 947 3570 999; x_wconf 83' lang='grc' dir='ltr'>ὲκ</span> <span class='ocrx_word' id='word_1_183' title='bbox 3598 947 3770 1000; x_wconf 83' lang='grc' dir='ltr'>δαπά-</span> 
     </span>
    </p>
   </div>
   <div class='ocr_carea' id='block_1_27' title="bbox 2183 1037 3770 1113">
    <p class='ocr_par' dir='ltr' id='par_1_27' title="bbox 2183 1037 3770 1113">
     <span class='ocr_line' id='line_1_27' title="bbox 2183 1037 3770 1113; baseline -0.003 -17"><span class='ocrx_word' id='word_1_184' title='bbox 2183 1059 2279 1113; x_wconf 86' lang='grc' dir='ltr'><strong>νης</strong></span> <span class='ocrx_word' id='word_1_185' title='bbox 2312 1041 2611 1112; x_wconf 68' lang='grc' dir='ltr'>φιλοτιμία.</span> <span class='ocrx_word' id='word_1_186' title='bbox 2665 1039 2874 1094; x_wconf 80' lang='grc' dir='ltr'>Οὐκοῦν</span> <span class='ocrx_word' id='word_1_187' title='bbox 2907 1041 3032 1094; x_wconf 88' lang='grc' dir='ltr'>ὅσον</span> <span class='ocrx_word' id='word_1_188' title='bbox 3061 1040 3140 1103; x_wconf 79' lang='grc' dir='ltr'><strong>είς</strong></span> <span class='ocrx_word' id='word_1_189' title='bbox 3183 1056 3243 1092; x_wconf 88' lang='grc' dir='ltr'><strong>τε</strong></span> <span class='ocrx_word' id='word_1_190' title='bbox 3273 1039 3381 1092; x_wconf 88' lang='grc' dir='ltr'><strong>τῶν</strong></span> <span class='ocrx_word' id='word_1_191' title='bbox 3416 1038 3678 1109; x_wconf 81' lang='grc' dir='ltr'><strong>μαθητῶν</strong></span> <span class='ocrx_word' id='word_1_192' title='bbox 3707 1037 3770 1092; x_wconf 79' lang='grc' dir='ltr'>τὸ</span> 
     </span>
    </p>
   </div>
   <div class='ocr_carea' id='block_1_28' title="bbox 2183 1131 3766 1206">
    <p class='ocr_par' dir='ltr' id='par_1_28' title="bbox 2183 1131 3766 1206">
     <span class='ocr_line' id='line_1_28' title="bbox 2183 1131 3766 1206; baseline -0.003 -18"><span class='ocrx_word' id='word_1_193' title='bbox 2183 1134 2648 1206; x_wconf 75' lang='grc' dir='ltr'>ἀφιλοχρηματον,</span> <span class='ocrx_word' id='word_1_194' title='bbox 2679 1133 2774 1187; x_wconf 78' lang='grc' dir='ltr'>καὶ</span> <span class='ocrx_word' id='word_1_195' title='bbox 2800 1131 2861 1186; x_wconf 81' lang='grc' dir='ltr'>τὸ</span> <span class='ocrx_word' id='word_1_196' title='bbox 2891 1131 3190 1202; x_wconf 80' lang='grc' dir='ltr'>κεκτῆσθαι</span> <span class='ocrx_word' id='word_1_197' title='bbox 3224 1131 3410 1201; x_wconf 87' lang='grc' dir='ltr'>μηδὲν,</span> <span class='ocrx_word' id='word_1_198' title='bbox 3443 1131 3538 1184; x_wconf 73' lang='grc' dir='ltr'>καὶ</span> <span class='ocrx_word' id='word_1_199' title='bbox 3557 1131 3638 1194; x_wconf 85' lang='grc' dir='ltr'><strong>είς</strong></span> <span class='ocrx_word' id='word_1_200' title='bbox 3663 1131 3766 1184; x_wconf 81' lang='grc' dir='ltr'><strong>αὑ-</strong></span> 
     </span>
    </p>
   </div>
   <div class='ocr_carea' id='block_1_29' title="bbox 2183 1221 3767 1294">
    <p class='ocr_par' dir='ltr' id='par_1_29' title="bbox 2183 1221 3767 1294">
     <span class='ocr_line' id='line_1_29' title="bbox 2183 1221 3767 1294; baseline -0.003 -16"><span class='ocrx_word' id='word_1_201' title='bbox 2183 1224 2281 1294; x_wconf 84' lang='grc' dir='ltr'>τὴν</span> <span class='ocrx_word' id='word_1_202' title='bbox 2312 1225 2368 1278; x_wconf 80' lang='grc' dir='ltr'>δὲ</span> <span class='ocrx_word' id='word_1_203' title='bbox 2418 1223 2512 1279; x_wconf 80' lang='grc' dir='ltr'><strong>τοῦ</strong></span> <span class='ocrx_word' id='word_1_204' title='bbox 2551 1224 2816 1278; x_wconf 80' lang='grc' dir='ltr'>Φιλίππου</span> <span class='ocrx_word' id='word_1_205' title='bbox 2859 1223 2958 1294; x_wconf 79' lang='grc' dir='ltr'>τὴν</span> <span class='ocrx_word' id='word_1_206' title='bbox 3007 1222 3278 1288; x_wconf 81' lang='grc' dir='ltr'>διάνοιαν,</span> <span class='ocrx_word' id='word_1_207' title='bbox 3337 1221 3492 1276; x_wconf 77' lang='grc' dir='ltr'>οὔπω</span> <span class='ocrx_word' id='word_1_208' title='bbox 3539 1221 3767 1286; x_wconf 79' lang='grc' dir='ltr'>τελείως</span> 
     </span>
    </p>
   </div>
   <div class='ocr_carea' id='block_1_30' title="bbox 2185 1313 3762 1386">
    <p class='ocr_par' dir='ltr' id='par_1_30' title="bbox 2185 1313 3762 1386">
     <span class='ocr_line' id='line_1_30' title="bbox 2185 1313 3762 1386; baseline -0.001 -18"><span class='ocrx_word' id='word_1_209' title='bbox 2185 1316 2318 1386; x_wconf 82' lang='grc' dir='ltr'>πρὸς</span> <span class='ocrx_word' id='word_1_210' title='bbox 2335 1315 2396 1368; x_wconf 85' lang='grc' dir='ltr'>τὸ</span> <span class='ocrx_word' id='word_1_211' title='bbox 2416 1315 2652 1380; x_wconf 77' lang='grc' dir='ltr'>ἐξαίσιον</span> <span class='ocrx_word' id='word_1_212' title='bbox 2672 1314 2763 1368; x_wconf 81' lang='grc' dir='ltr'>τοῦ</span> <span class='ocrx_word' id='word_1_213' title='bbox 2781 1314 3030 1385; x_wconf 82' lang='grc' dir='ltr'>Σωτῆρος</span> <span class='ocrx_word' id='word_1_214' title='bbox 3043 1314 3198 1386; x_wconf 78' lang='grc' dir='ltr'>ἡμῶν</span> <span class='ocrx_word' id='word_1_215' title='bbox 3211 1313 3502 1385; x_wconf 81' lang='grc' dir='ltr'>ἀφορῶσαν</span> <span class='ocrx_word' id='word_1_216' title='bbox 3521 1313 3762 1384; x_wconf 83' lang='grc' dir='ltr'>ἀξίωμα,</span> 
     </span>
    </p>
   </div>
   <div class='ocr_carea' id='block_1_31' title="bbox 2184 1405 3762 1479">
    <p class='ocr_par' dir='ltr' id='par_1_31' title="bbox 2184 1405 3762 1479">
     <span class='ocr_line' id='line_1_31' title="bbox 2184 1405 3762 1479; baseline -0.001 -21"><span class='ocrx_word' id='word_1_217' title='bbox 2184 1409 2262 1470; x_wconf 88' lang='grc' dir='ltr'><strong>εἰς</strong></span> <span class='ocrx_word' id='word_1_218' title='bbox 2292 1406 2550 1461; x_wconf 78' lang='grc' dir='ltr'>ἀδύνατόν</span> <span class='ocrx_word' id='word_1_219' title='bbox 2593 1424 2712 1470; x_wconf 89' lang='grc' dir='ltr'><strong>πως</strong></span> <span class='ocrx_word' id='word_1_220' title='bbox 2755 1406 3146 1479; x_wconf 79' lang='grc' dir='ltr'><strong>περιτρέπεται</strong></span> <span class='ocrx_word' id='word_1_221' title='bbox 3197 1405 3381 1460; x_wconf 82' lang='grc' dir='ltr'>λοιπὸν</span> <span class='ocrx_word' id='word_1_222' title='bbox 3424 1406 3458 1476; x_wconf 82' lang='grc' dir='ltr'><strong>ὴ</strong></span> <span class='ocrx_word' id='word_1_223' title='bbox 3507 1405 3600 1458; x_wconf 75' lang='grc' dir='ltr'><strong>ἐπὶ</strong></span> <span class='ocrx_word' id='word_1_224' title='bbox 3647 1407 3762 1469; x_wconf 83' lang='grc' dir='ltr'>τοῖς</span> 
     </span>
    </p>
   </div>
   <div class='ocr_carea' id='block_1_32' title="bbox 2183 1499 3761 1571">
    <p class='ocr_par' dir='ltr' id='par_1_32' title="bbox 2183 1499 3761 1571">
     <span class='ocr_line' id='line_1_32' title="bbox 2183 1499 3761 1571; baseline -0.001 -19"><span class='ocrx_word' id='word_1_225' title='bbox 2183 1500 2362 1571; x_wconf 73' lang='grc' dir='ltr'>ὅχλοις</span> <span class='ocrx_word' id='word_1_226' title='bbox 2386 1499 2685 1570; x_wconf 79' lang='grc' dir='ltr'>φιλοτιμία.</span> <span class='ocrx_word' id='word_1_227' title='bbox 2735 1499 2905 1554; x_wconf 78' lang='grc' dir='ltr'>Τοῦτο</span> <span class='ocrx_word' id='word_1_228' title='bbox 2936 1499 2994 1553; x_wconf 83' lang='grc' dir='ltr'>δὲ</span> <span class='ocrx_word' id='word_1_229' title='bbox 3034 1499 3095 1552; x_wconf 81' lang='grc' dir='ltr'>οὐ</span> <span class='ocrx_word' id='word_1_230' title='bbox 3122 1499 3336 1568; x_wconf 81' lang='grc' dir='ltr'>γέγονε,</span> <span class='ocrx_word' id='word_1_231' title='bbox 3369 1499 3674 1567; x_wconf 81' lang='grc' dir='ltr'>διεξάγεται</span> <span class='ocrx_word' id='word_1_232' title='bbox 3705 1499 3761 1551; x_wconf 74' lang='grc' dir='ltr'>δὲ</span> 
     </span>
    </p>
   </div>
   <div class='ocr_carea' id='block_1_33' title="bbox 2183 1580 3761 1661">
    <p class='ocr_par' dir='ltr' id='par_1_33' title="bbox 2183 1580 3761 1661">
     <span class='ocr_line' id='line_1_33' title="bbox 2183 1580 3761 1661; baseline -0.005 -17"><span class='ocrx_word' id='word_1_233' title='bbox 2183 1590 2278 1644; x_wconf 80' lang='grc' dir='ltr'><strong>τοῦ</strong></span> <span class='ocrx_word' id='word_1_234' title='bbox 2305 1589 2558 1661; x_wconf 77' lang='grc' dir='ltr'>Σωτῆρος</span> <span class='ocrx_word' id='word_1_235' title='bbox 2587 1591 2667 1653; x_wconf 90' lang='grc' dir='ltr'><strong>είς</strong></span> <span class='ocrx_word' id='word_1_236' title='bbox 2696 1589 2868 1660; x_wconf 81' lang='grc' dir='ltr'>πέρας</span> <span class='ocrx_word' id='word_1_237' title='bbox 2899 1589 2932 1659; x_wconf 81' lang='grc' dir='ltr'>ἡ</span> <span class='ocrx_word' id='word_1_238' title='bbox 2966 1587 3239 1658; x_wconf 84' lang='grc' dir='ltr'>βούλησις.</span> <span class='ocrx_word' id='word_1_239' title='bbox 3271 1588 3344 1641; x_wconf 85' lang='grc' dir='ltr'>Τὸ</span> <span class='ocrx_word' id='word_1_240' title='bbox 3367 1586 3623 1641; x_wconf 78' lang='grc' dir='ltr'>ἀδύνατον</span> <span class='ocrx_word' id='word_1_241' title='bbox 3656 1580 3761 1654; x_wconf 77' lang='grc' dir='ltr'>ἄρα</span> 
     </span>
    </p>
   </div>
   <div class='ocr_carea' id='block_1_34' title="bbox 2187 1678 3761 1754">
    <p class='ocr_par' dir='ltr' id='par_1_34' title="bbox 2187 1678 3761 1754">
     <span class='ocr_line' id='line_1_34' title="bbox 2187 1678 3761 1754; baseline -0.004 -19"><span class='ocrx_word' id='word_1_242' title='bbox 2187 1682 2336 1754; x_wconf 89' lang='grc' dir='ltr'><strong>παρά</strong></span> <span class='ocrx_word' id='word_1_243' title='bbox 2361 1681 2670 1753; x_wconf 86' lang='grc' dir='ltr'>ἀνθρώποις</span> <span class='ocrx_word' id='word_1_244' title='bbox 2697 1680 2922 1736; x_wconf 75' lang='grc' dir='ltr'>δυνατὸν</span> <span class='ocrx_word' id='word_1_245' title='bbox 2952 1680 3103 1752; x_wconf 87' lang='grc' dir='ltr'><strong>παρά</strong></span> <span class='ocrx_word' id='word_1_246' title='bbox 3125 1679 3201 1750; x_wconf 83' lang='grc' dir='ltr'><strong>τῷ</strong></span> <span class='ocrx_word' id='word_1_247' title='bbox 3230 1679 3350 1750; x_wconf 85' lang='grc' dir='ltr'>Θεῷ</span> <span class='ocrx_word' id='word_1_248' title='bbox 3367 1719 3382 1742; x_wconf 85' lang='grc'><strong>,</strong></span> <span class='ocrx_word' id='word_1_249' title='bbox 3420 1679 3513 1733; x_wconf 77' lang='grc' dir='ltr'>καὶ</span> <span class='ocrx_word' id='word_1_250' title='bbox 3541 1678 3641 1748; x_wconf 82' lang='grc' dir='ltr'>τῆς</span> <span class='ocrx_word' id='word_1_251' title='bbox 3679 1678 3761 1729; x_wconf 80' lang='grc' dir='ltr'><strong>ὲν-</strong></span> 
     </span>
    </p>
   </div>
   <div class='ocr_carea' id='block_1_35' title="bbox 2181 1770 3758 1844">
    <p class='ocr_par' dir='ltr' id='par_1_35' title="bbox 2181 1770 3758 1844">
     <span class='ocr_line' id='line_1_35' title="bbox 2181 1770 3758 1844; baseline -0.003 -16"><span class='ocrx_word' id='word_1_252' title='bbox 2181 1773 2347 1844; x_wconf 79' lang='grc' dir='ltr'>οὐσης</span> <span class='ocrx_word' id='word_1_253' title='bbox 2381 1771 2700 1835; x_wconf 80' lang='grc' dir='ltr'>ἀκολουθίας</span> <span class='ocrx_word' id='word_1_254' title='bbox 2727 1773 2784 1826; x_wconf 83' lang='grc' dir='ltr'>ὲν</span> <span class='ocrx_word' id='word_1_255' title='bbox 2804 1773 2871 1843; x_wconf 78' lang='grc' dir='ltr'><strong>τῇ</strong></span> <span class='ocrx_word' id='word_1_256' title='bbox 2921 1770 3082 1839; x_wconf 84' lang='grc' dir='ltr'>φύσει</span> <span class='ocrx_word' id='word_1_257' title='bbox 3109 1770 3218 1824; x_wconf 87' lang='grc' dir='ltr'><strong>τῶν</strong></span> <span class='ocrx_word' id='word_1_258' title='bbox 3257 1770 3378 1824; x_wconf 88' lang='grc' dir='ltr'>καθ’</span> <span class='ocrx_word' id='word_1_259' title='bbox 3408 1771 3555 1840; x_wconf 79' lang='grc' dir='ltr'>ἡμᾶς</span> <span class='ocrx_word' id='word_1_260' title='bbox 3581 1785 3758 1840; x_wconf 79' lang='grc' dir='ltr'>πραγ-</span> 
     </span>
    </p>
   </div>
   <div class='ocr_carea' id='block_1_36' title="bbox 500 1860 2086 1936">
    <p class='ocr_par' dir='ltr' id='par_1_36' title="bbox 500 1860 2075 1930">
     <span class='ocr_line' id='line_1_36' title="bbox 500 1860 2075 1930; baseline -0.001 -18"><span class='ocrx_word' id='word_1_261' title='bbox 500 1860 684 1916; x_wconf 82' lang='lat' dir='ltr'><strong>t‘acere</strong></span> <span class='ocrx_word' id='word_1_262' title='bbox 713 1867 917 1930; x_wconf 88' lang='lat' dir='ltr'><strong>potest,</strong></span> <span class='ocrx_word' id='word_1_263' title='bbox 967 1862 1134 1915; x_wconf 88' lang='lat' dir='ltr'><strong>etiam</strong></span> <span class='ocrx_word' id='word_1_264' title='bbox 1168 1873 1516 1930; x_wconf 64' lang='lat' dir='ltr'><strong>quaecunque</strong></span> <span class='ocrx_word' id='word_1_265' title='bbox 1559 1867 1798 1914; x_wconf 84' lang='lat' dir='ltr'><strong>mentem</strong></span> <span class='ocrx_word' id='word_1_266' title='bbox 1830 1867 2075 1914; x_wconf 84' lang='lat' dir='ltr'><strong>nostram</strong></span> 
     </span>
    </p>
   </div>
   <div class='ocr_carea' id='block_1_37' title="bbox 2190 1860 3757 1936">
    <p class='ocr_par' dir='ltr' id='par_1_37' title="bbox 2190 1861 3757 1936">
     <span class='ocr_line' id='line_1_37' title="bbox 2190 1861 3757 1936; baseline -0.003 -17"><span class='ocrx_word' id='word_1_267' title='bbox 2190 1865 2392 1936; x_wconf 82' lang='grc' dir='ltr'>μάτων,</span> <span class='ocrx_word' id='word_1_268' title='bbox 2443 1863 2780 1933; x_wconf 82' lang='grc' dir='ltr'>πανταχόθεν</span> <span class='ocrx_word' id='word_1_269' title='bbox 2806 1863 3098 1934; x_wconf 79' lang='grc' dir='ltr'>ἀμείνωνή</span> <span class='ocrx_word' id='word_1_270' title='bbox 3122 1862 3240 1936; x_wconf 79' lang='grc' dir='ltr'>θεία</span> <span class='ocrx_word' id='word_1_271' title='bbox 3252 1861 3757 1932; x_wconf 86' lang='grc' dir='ltr'>φαίνεταιδύναμις,</span> 
     </span>
    </p>
   </div>
   <div class='ocr_carea' id='block_1_38' title="bbox 497 1931 3762 2026">
    <p class='ocr_par' dir='ltr' id='par_1_38' title="bbox 497 1931 3762 2026">
     <span class='ocr_line' id='line_1_38' title="bbox 497 1931 3762 2026; baseline -0.001 -20"><span class='ocrx_word' id='word_1_272' title='bbox 497 1951 790 2007; x_wconf 76' lang='lat' dir='ltr'><strong>excedunt.</strong></span> <span class='ocrx_word' id='word_1_273' title='bbox 2184 1931 2364 2011; x_wconf 72' lang='grc' dir='ltr'>πάντα</span> <span class='ocrx_word' id='word_1_274' title='bbox 2387 1931 2706 2026; x_wconf 75' lang='grc' dir='ltr'>παραδόξως</span> <span class='ocrx_word' id='word_1_275' title='bbox 2743 1931 2988 2018; x_wconf 81' lang='grc' dir='ltr'>ὲξανύειν</span> <span class='ocrx_word' id='word_1_276' title='bbox 3024 1931 3302 2024; x_wconf 76' lang='grc' dir='ltr'>ἰσχύουσα,</span> <span class='ocrx_word' id='word_1_277' title='bbox 3339 1952 3432 2006; x_wconf 80' lang='grc' dir='ltr'>καὶ</span> <span class='ocrx_word' id='word_1_278' title='bbox 3456 1953 3558 2007; x_wconf 84' lang='grc' dir='ltr'>ὅσα</span> <span class='ocrx_word' id='word_1_279' title='bbox 3585 1931 3675 2005; x_wconf 77' lang='grc' dir='ltr'>τὸν</span> <span class='ocrx_word' id='word_1_280' title='bbox 3704 1952 3762 2004; x_wconf 83' lang='grc' dir='ltr'>ὲν</span> 
     </span>
    </p>
   </div>
   <div class='ocr_carea' id='block_1_39' title="bbox 2185 2045 2809 2120">
    <p class='ocr_par' dir='ltr' id='par_1_39' title="bbox 2185 2045 2809 2120">
     <span class='ocr_line' id='line_1_39' title="bbox 2185 2045 2809 2120; baseline -0.006 -18"><span class='ocrx_word' id='word_1_281' title='bbox 2185 2051 2217 2120; x_wconf 81' lang='grc' dir='ltr'><strong>ἡ</strong></span> <span class='ocrx_word' id='word_1_282' title='bbox 2225 2052 2314 2120; x_wconf 82' lang='grc' dir='ltr'><strong>μίν</strong></span> <span class='ocrx_word' id='word_1_283' title='bbox 2350 2047 2631 2114; x_wconf 73' lang='grc' dir='ltr'>ἐξάλλεται</span> <span class='ocrx_word' id='word_1_284' title='bbox 2669 2045 2809 2100; x_wconf 78' lang='grc' dir='ltr'>νοῦν.</span> 
     </span>
    </p>
   </div>
   <div class='ocr_carea' id='block_1_40' title="bbox 570 2128 2086 2210">
    <p class='ocr_par' dir='ltr' id='par_1_40' title="bbox 570 2128 2081 2202">
     <span class='ocr_line' id='line_1_40' title="bbox 570 2128 2081 2202; baseline 0.001 -18"><span class='ocrx_word' id='word_1_285' title='bbox 570 2128 639 2194; x_wconf 81' lang='grc' dir='ltr'><strong>ν,</strong></span> <span class='ocrx_word' id='word_1_286' title='bbox 667 2129 722 2191; x_wconf 89' lang='grc'>8.</span> <span class='ocrx_word' id='word_1_287' title='bbox 750 2130 804 2186; x_wconf 90' lang='lat'><strong>9.</strong></span> <span class='ocrx_word' id='word_1_288' title='bbox 839 2129 980 2184; x_wconf 81' lang='lat' dir='ltr'><strong>Dicit</strong></span> <span class='ocrx_word' id='word_1_289' title='bbox 1035 2133 1082 2184; x_wconf 91' lang='lat' dir='ltr'><strong>ei</strong></span> <span class='ocrx_word' id='word_1_290' title='bbox 1108 2147 1241 2185; x_wconf 85' lang='lat' dir='ltr'><strong>unus</strong></span> <span class='ocrx_word' id='word_1_291' title='bbox 1277 2147 1341 2186; x_wconf 71' lang='lat' dir='ltr'><strong>ex</strong></span> <span class='ocrx_word' id='word_1_292' title='bbox 1367 2131 1643 2201; x_wconf 78' lang='lat' dir='ltr'><strong>discipulis</strong></span> <span class='ocrx_word' id='word_1_293' title='bbox 1675 2132 1811 2202; x_wconf 85' lang='lat' dir='ltr'><strong>ejus,</strong></span> <span class='ocrx_word' id='word_1_294' title='bbox 1843 2131 2081 2186; x_wconf 76' lang='lat' dir='ltr'><strong>Andreas</strong></span> 
     </span>
    </p>
   </div>
   <div class='ocr_carea' id='block_1_41' title="bbox 2190 2128 3766 2210">
    <p class='ocr_par' dir='ltr' id='par_1_41' title="bbox 2257 2133 3766 2210">
     <span class='ocr_line' id='line_1_41' title="bbox 2257 2133 3766 2210; baseline -0.003 -16"><span class='ocrx_word' id='word_1_295' title='bbox 2257 2139 2423 2210; x_wconf 74' lang='grc' dir='ltr'>Λέγει</span> <span class='ocrx_word' id='word_1_296' title='bbox 2471 2136 2646 2203; x_wconf 19' lang='grc' dir='ltr'>αὐτῷ»</span> <span class='ocrx_word' id='word_1_297' title='bbox 2678 2133 2767 2203; x_wconf 82' lang='grc' dir='ltr'>εἷς</span> <span class='ocrx_word' id='word_1_298' title='bbox 2811 2138 2876 2190; x_wconf 80' lang='grc' dir='ltr'>ἐκ</span> <span class='ocrx_word' id='word_1_299' title='bbox 2919 2134 3037 2188; x_wconf 83' lang='grc' dir='ltr'>τῶν</span> <span class='ocrx_word' id='word_1_300' title='bbox 3059 2133 3339 2204; x_wconf 79' lang='grc' dir='ltr'>μαθητῶν</span> <span class='ocrx_word' id='word_1_301' title='bbox 3367 2134 3586 2198; x_wconf 84' lang='grc' dir='ltr'>αὑτοῦ,</span> <span class='ocrx_word' id='word_1_302' title='bbox 3646 2135 3766 2190; x_wconf 74' lang='grc' dir='ltr'><strong>Ἄγ-</strong></span> 
     </span>
    </p>
   </div>
   <div class='ocr_carea' id='block_1_42' title="bbox 501 2221 2086 2302">
    <p class='ocr_par' dir='ltr' id='par_1_42' title="bbox 501 2221 2085 2291">
     <span class='ocr_line' id='line_1_42' title="bbox 501 2221 2085 2291; baseline 0.001 -17"><span class='ocrx_word' id='word_1_303' title='bbox 501 2224 672 2291; x_wconf 80' lang='lat' dir='ltr'><strong>fraler</strong></span> <span class='ocrx_word' id='word_1_304' title='bbox 707 2221 942 2276; x_wconf 82' lang='lat' dir='ltr'><strong>Simonis</strong></span> <span class='ocrx_word' id='word_1_305' title='bbox 988 2221 1134 2275; x_wconf 83' lang='lat' dir='ltr'><strong>Petri</strong></span> <span class='ocrx_word' id='word_1_306' title='bbox 1164 2239 1180 2275; x_wconf 91' lang='lat'><em>:</em></span> <span class='ocrx_word' id='word_1_307' title='bbox 1218 2221 1315 2276; x_wconf 82' lang='lat' dir='ltr'><strong>Est</strong></span> <span class='ocrx_word' id='word_1_308' title='bbox 1348 2239 1478 2290; x_wconf 84' lang='lat' dir='ltr'><strong>puer</strong></span> <span class='ocrx_word' id='word_1_309' title='bbox 1514 2239 1649 2278; x_wconf 82' lang='lat' dir='ltr'><strong>unus</strong></span> <span class='ocrx_word' id='word_1_310' title='bbox 1683 2224 1786 2284; x_wconf 77' lang='lat' dir='ltr'><strong>hic,</strong></span> <span class='ocrx_word' id='word_1_311' title='bbox 1812 2225 1902 2290; x_wconf 85' lang='lat' dir='ltr'><strong>qui</strong></span> <span class='ocrx_word' id='word_1_312' title='bbox 1931 2221 2085 2275; x_wconf 72' lang='lat' dir='ltr'><strong>habet</strong></span> 
     </span>
    </p>
   </div>
   <div class='ocr_carea' id='block_1_43' title="bbox 2190 2221 3764 2302">
    <p class='ocr_par' dir='ltr' id='par_1_43' title="bbox 2190 2227 3764 2302">
     <span class='ocr_line' id='line_1_43' title="bbox 2190 2227 3764 2302; baseline -0.002 -17"><span class='ocrx_word' id='word_1_313' title='bbox 2190 2233 2361 2302; x_wconf 79' lang='grc' dir='ltr'>δρέας</span> <span class='ocrx_word' id='word_1_314' title='bbox 2400 2233 2434 2286; x_wconf 89' lang='grc' dir='ltr'><strong>ό</strong></span> <span class='ocrx_word' id='word_1_315' title='bbox 2473 2228 2737 2298; x_wconf 68' lang='grc' dir='ltr'>ἁδελφός</span> <span class='ocrx_word' id='word_1_316' title='bbox 2764 2229 3029 2297; x_wconf 79' lang='grc' dir='ltr'>Σίμωνος</span> <span class='ocrx_word' id='word_1_317' title='bbox 3052 2228 3304 2296; x_wconf 78' lang='grc' dir='ltr'>Πέτρου’</span> <span class='ocrx_word' id='word_1_318' title='bbox 3348 2227 3514 2280; x_wconf 82' lang='grc' dir='ltr'>Ἔστι</span> <span class='ocrx_word' id='word_1_319' title='bbox 3554 2227 3764 2282; x_wconf 76' lang='grc' dir='ltr'>παιδά-</span> 
     </span>
    </p>
   </div>
   <div class='ocr_carea' id='block_1_44' title="bbox 499 2311 2086 2394">
    <p class='ocr_par' dir='ltr' id='par_1_44' title="bbox 499 2311 2083 2384">
     <span class='ocr_line' id='line_1_44' title="bbox 499 2311 2083 2384; baseline -0.002 -17"><span class='ocrx_word' id='word_1_320' title='bbox 499 2315 726 2384; x_wconf 83' lang='lat' dir='ltr'><strong>quiuque</strong></span> <span class='ocrx_word' id='word_1_321' title='bbox 747 2315 909 2382; x_wconf 71' lang='lat' dir='ltr'><strong>panes</strong></span> <span class='ocrx_word' id='word_1_322' title='bbox 931 2313 1248 2367; x_wconf 76' lang='lat' dir='ltr'><strong>hordeaceo:</strong></span> <span class='ocrx_word' id='word_1_323' title='bbox 1268 2323 1316 2368; x_wconf 85' lang='lat' dir='ltr'><strong>et</strong></span> <span class='ocrx_word' id='word_1_324' title='bbox 1339 2313 1472 2366; x_wconf 85' lang='lat' dir='ltr'><strong>duos</strong></span> <span class='ocrx_word' id='word_1_325' title='bbox 1495 2315 1662 2382; x_wconf 83' lang='lat' dir='ltr'><strong>pisces</strong></span> <span class='ocrx_word' id='word_1_326' title='bbox 1682 2329 1700 2366; x_wconf 90' lang='lat'><em>:</em></span> <span class='ocrx_word' id='word_1_327' title='bbox 1717 2314 1806 2369; x_wconf 82' lang='lat' dir='ltr'><strong>sed</strong></span> <span class='ocrx_word' id='word_1_328' title='bbox 1833 2315 1944 2367; x_wconf 73' lang='lat' dir='ltr'><strong>lucc</strong></span> <span class='ocrx_word' id='word_1_329' title='bbox 1957 2311 2083 2382; x_wconf 85' lang='lat' dir='ltr'><strong>quid</strong></span> 
     </span>
    </p>
   </div>
   <div class='ocr_carea' id='block_1_45' title="bbox 2190 2311 3766 2394">
    <p class='ocr_par' dir='ltr' id='par_1_45' title="bbox 2190 2318 3766 2392">
     <span class='ocr_line' id='line_1_45' title="bbox 2190 2318 3766 2392; baseline -0.004 -12"><span class='ocrx_word' id='word_1_330' title='bbox 2190 2343 2314 2392; x_wconf 82' lang='grc' dir='ltr'>ριον</span> <span class='ocrx_word' id='word_1_331' title='bbox 2339 2318 2454 2378; x_wconf 84' lang='grc' dir='ltr'>ὦδε</span> <span class='ocrx_word' id='word_1_332' title='bbox 2475 2362 2491 2386; x_wconf 84' lang='grc'><strong>,</strong></span> <span class='ocrx_word' id='word_1_333' title='bbox 2515 2323 2545 2376; x_wconf 84' lang='grc' dir='ltr'>ὃ</span> <span class='ocrx_word' id='word_1_334' title='bbox 2569 2323 2696 2392; x_wconf 79' lang='grc' dir='ltr'>ἔχει</span> <span class='ocrx_word' id='word_1_335' title='bbox 2718 2321 2898 2375; x_wconf 80' lang='grc' dir='ltr'>πέντε</span> <span class='ocrx_word' id='word_1_336' title='bbox 2931 2321 3150 2388; x_wconf 82' lang='grc' dir='ltr'>ἄρτους</span> <span class='ocrx_word' id='word_1_337' title='bbox 3174 2321 3478 2389; x_wconf 79' lang='grc' dir='ltr'>κριθίνους</span> <span class='ocrx_word' id='word_1_338' title='bbox 3501 2362 3512 2382; x_wconf 87' lang='grc'><strong>,</strong></span> <span class='ocrx_word' id='word_1_339' title='bbox 3534 2321 3631 2372; x_wconf 75' lang='grc' dir='ltr'>καὶ</span> <span class='ocrx_word' id='word_1_340' title='bbox 3659 2319 3766 2374; x_wconf 80' lang='grc' dir='ltr'>δύο</span> 
     </span>
    </p>
   </div>
   <div class='ocr_carea' id='block_1_46' title="bbox 501 2401 1648 2457">
    <p class='ocr_par' dir='ltr' id='par_1_46' title="bbox 501 2401 1648 2457">
     <span class='ocr_line' id='line_1_46' title="bbox 501 2401 1648 2457; baseline 0.002 -3"><span class='ocrx_word' id='word_1_341' title='bbox 501 2411 624 2455; x_wconf 83' lang='lat' dir='ltr'><strong>sunt</strong></span> <span class='ocrx_word' id='word_1_342' title='bbox 651 2402 790 2455; x_wconf 77' lang='lat' dir='ltr'><strong>inter</strong></span> <span class='ocrx_word' id='word_1_343' title='bbox 818 2408 998 2456; x_wconf 80' lang='lat' dir='ltr'><strong>tantos</strong></span> <span class='ocrx_word' id='word_1_344' title='bbox 1021 2404 1044 2457; x_wconf 74' lang='grc' dir='ltr'><strong>ξ)</strong></span> <span class='ocrx_word' id='word_1_345' title='bbox 1079 2401 1226 2455; x_wconf 69' lang='lat' dir='ltr'><strong>Dixit</strong></span> <span class='ocrx_word' id='word_1_346' title='bbox 1258 2419 1375 2455; x_wconf 83' lang='lat' dir='ltr'><strong>vero</strong></span> <span class='ocrx_word' id='word_1_347' title='bbox 1399 2401 1576 2457; x_wconf 75' lang='lat' dir='ltr'><strong>Iesus.</strong></span> <span class='ocrx_word' id='word_1_348' title='bbox 1641 2410 1648 2416; x_wconf 85' lang='grc'><strong>’</strong></span> 
     </span>
    </p>
   </div>
   <div class='ocr_carea' id='block_1_47' title="bbox 573 2576 2086 2648">
    <p class='ocr_par' dir='ltr' id='par_1_47' title="bbox 573 2576 2086 2648">
     <span class='ocr_line' id='line_1_47' title="bbox 573 2576 2086 2648; baseline -0.003 -14"><span class='ocrx_word' id='word_1_349' title='bbox 573 2580 964 2634; x_wconf 89' lang='lat' dir='ltr'><strong>Consentanea</strong></span> <span class='ocrx_word' id='word_1_350' title='bbox 1013 2577 1268 2648; x_wconf 81' lang='lat' dir='ltr'><strong>Philippo</strong></span> <span class='ocrx_word' id='word_1_351' title='bbox 1299 2578 1468 2633; x_wconf 90' lang='lat' dir='ltr'><strong>sentit</strong></span> <span class='ocrx_word' id='word_1_352' title='bbox 1501 2585 1556 2633; x_wconf 89' lang='lat' dir='ltr'><strong>et</strong></span> <span class='ocrx_word' id='word_1_353' title='bbox 1603 2578 1834 2648; x_wconf 80' lang='lat' dir='ltr'><strong>cogitat,</strong></span> <span class='ocrx_word' id='word_1_354' title='bbox 1872 2587 1925 2631; x_wconf 89' lang='lat' dir='ltr'><strong>et</strong></span> <span class='ocrx_word' id='word_1_355' title='bbox 1970 2576 2086 2630; x_wconf 84' lang='lat' dir='ltr'><strong>alli-</strong></span> 
     </span>
    </p>
   </div>
   <div class='ocr_carea' id='block_1_48' title="bbox 501 2668 2084 2740">
    <p class='ocr_par' dir='ltr' id='par_1_48' title="bbox 501 2668 2084 2740">
     <span class='ocr_line' id='line_1_48' title="bbox 501 2668 2084 2740; baseline -0.001 -15"><span class='ocrx_word' id='word_1_356' title='bbox 501 2685 626 2726; x_wconf 86' lang='lat' dir='ltr'><strong>nem</strong></span> <span class='ocrx_word' id='word_1_357' title='bbox 684 2670 1090 2740; x_wconf 89' lang='lat' dir='ltr'><strong>quodammodo</strong></span> <span class='ocrx_word' id='word_1_358' title='bbox 1127 2671 1195 2726; x_wconf 91' lang='lat' dir='ltr'><strong>de</strong></span> <span class='ocrx_word' id='word_1_359' title='bbox 1249 2670 1543 2726; x_wconf 84' lang='lat' dir='ltr'><strong>Servatore</strong></span> <span class='ocrx_word' id='word_1_360' title='bbox 1595 2669 1820 2724; x_wconf 87' lang='lat' dir='ltr'><strong>Christo</strong></span> <span class='ocrx_word' id='word_1_361' title='bbox 1879 2668 2084 2724; x_wconf 89' lang='lat' dir='ltr'><strong>habere</strong></span> 
     </span>
    </p>
   </div>
   <div class='ocr_carea' id='block_1_49' title="bbox 502 2757 2084 2831">
    <p class='ocr_par' dir='ltr' id='par_1_49' title="bbox 502 2757 2084 2831">
     <span class='ocr_line' id='line_1_49' title="bbox 502 2757 2084 2831; baseline -0.001 -18"><span class='ocrx_word' id='word_1_362' title='bbox 502 2760 816 2831; x_wconf 82' lang='lat' dir='ltr'><strong>opinionem</strong></span> <span class='ocrx_word' id='word_1_363' title='bbox 855 2759 974 2830; x_wconf 86' lang='lat' dir='ltr'><strong>ipse</strong></span> <span class='ocrx_word' id='word_1_364' title='bbox 1008 2774 1230 2830; x_wconf 87' lang='lat' dir='ltr'><strong>quoque</strong></span> <span class='ocrx_word' id='word_1_365' title='bbox 1261 2761 1532 2830; x_wconf 75' lang='lat' dir='ltr'><strong>arguitur.</strong></span> <span class='ocrx_word' id='word_1_366' title='bbox 1566 2758 1704 2813; x_wconf 86' lang='lat' dir='ltr'><strong>Cum</strong></span> <span class='ocrx_word' id='word_1_367' title='bbox 1729 2758 1874 2813; x_wconf 91' lang='lat' dir='ltr'><strong>enim</strong></span> <span class='ocrx_word' id='word_1_368' title='bbox 1909 2757 2084 2811; x_wconf 88' lang='lat' dir='ltr'><strong>virtu-</strong></span> 
     </span>
    </p>
   </div>
   <div class='ocr_carea' id='block_1_50' title="bbox 503 2849 2079 2921">
    <p class='ocr_par' dir='ltr' id='par_1_50' title="bbox 503 2849 2079 2921">
     <span class='ocr_line' id='line_1_50' title="bbox 503 2849 2079 2921; baseline -0.001 -17"><span class='ocrx_word' id='word_1_369' title='bbox 503 2859 612 2906; x_wconf 91' lang='lat' dir='ltr'><strong>tem</strong></span> <span class='ocrx_word' id='word_1_370' title='bbox 643 2851 766 2921; x_wconf 81' lang='lat' dir='ltr'><strong>ejus</strong></span> <span class='ocrx_word' id='word_1_371' title='bbox 791 2865 900 2906; x_wconf 91' lang='lat' dir='ltr'><strong>non</strong></span> <span class='ocrx_word' id='word_1_372' title='bbox 935 2852 1242 2921; x_wconf 67' lang='lat' dir='ltr'><strong>agnoverit,</strong></span> <span class='ocrx_word' id='word_1_373' title='bbox 1273 2866 1453 2921; x_wconf 88' lang='lat' dir='ltr'><strong>neque</strong></span> <span class='ocrx_word' id='word_1_374' title='bbox 1487 2850 1624 2905; x_wconf 89' lang='lat' dir='ltr'><strong>adeo</strong></span> <span class='ocrx_word' id='word_1_375' title='bbox 1649 2865 1715 2904; x_wconf 78' lang='lat' dir='ltr'><strong>ex</strong></span> <span class='ocrx_word' id='word_1_376' title='bbox 1747 2849 1916 2920; x_wconf 72' lang='lat'><strong>278</strong></span> <span class='ocrx_word' id='word_1_377' title='bbox 1940 2864 2079 2920; x_wconf 79' lang='lat' dir='ltr'><strong>pra:-</strong></span> 
     </span>
    </p>
   </div>
   <div class='ocr_carea' id='block_1_51' title="bbox 503 2937 2079 3008">
    <p class='ocr_par' dir='ltr' id='par_1_51' title="bbox 503 2937 2079 3008">
     <span class='ocr_line' id='line_1_51' title="bbox 503 2937 2079 3008; baseline -0.002 -14"><span class='ocrx_word' id='word_1_378' title='bbox 503 2939 826 2996; x_wconf 86' lang='lat' dir='ltr'><strong>cedentibus</strong></span> <span class='ocrx_word' id='word_1_379' title='bbox 898 2940 1182 2995; x_wconf 85' lang='lat' dir='ltr'><strong>miraculis</strong></span> <span class='ocrx_word' id='word_1_380' title='bbox 1251 2940 1562 3008; x_wconf 85' lang='lat' dir='ltr'><strong>perceperit</strong></span> <span class='ocrx_word' id='word_1_381' title='bbox 1625 2937 1812 2994; x_wconf 84' lang='lat' dir='ltr'><strong>Jesum</strong></span> <span class='ocrx_word' id='word_1_382' title='bbox 1880 2946 2079 2993; x_wconf 87' lang='lat' dir='ltr'><strong>cuncta</strong></span> 
     </span>
    </p>
   </div>
   <div class='ocr_carea' id='block_1_52' title="bbox 506 3025 2082 3099">
    <p class='ocr_par' dir='ltr' id='par_1_52' title="bbox 506 3025 2082 3099">
     <span class='ocr_line' id='line_1_52' title="bbox 506 3025 2082 3099; baseline -0.001 -16"><span class='ocrx_word' id='word_1_383' title='bbox 506 3043 695 3099; x_wconf 86' lang='lat' dir='ltr'><strong>posse,</strong></span> <span class='ocrx_word' id='word_1_384' title='bbox 732 3025 902 3098; x_wconf 87' lang='lat' dir='ltr'><strong>idque</strong></span> <span class='ocrx_word' id='word_1_385' title='bbox 933 3027 1215 3093; x_wconf 83' lang='lat' dir='ltr'><strong>facillime,</strong></span> <span class='ocrx_word' id='word_1_386' title='bbox 1255 3030 1464 3082; x_wconf 82' lang='lat' dir='ltr'><strong>indicat</strong></span> <span class='ocrx_word' id='word_1_387' title='bbox 1495 3027 1717 3098; x_wconf 84' lang='lat' dir='ltr'><strong>quidem</strong></span> <span class='ocrx_word' id='word_1_388' title='bbox 1754 3043 1920 3097; x_wconf 90' lang='lat' dir='ltr'><strong>penes</strong></span> <span class='ocrx_word' id='word_1_389' title='bbox 1953 3043 2082 3094; x_wconf 89' lang='lat' dir='ltr'><strong>pue-</strong></span> 
     </span>
    </p>
   </div>
   <div class='ocr_carea' id='block_1_53' title="bbox 506 3119 2086 3218">
    <p class='ocr_par' dir='ltr' id='par_1_53' title="bbox 506 3119 2080 3191">
     <span class='ocr_line' id='line_1_53' title="bbox 506 3119 2080 3191; baseline -0.002 -15"><span class='ocrx_word' id='word_1_390' title='bbox 506 3135 626 3176; x_wconf 89' lang='lat' dir='ltr'><strong>rum</strong></span> <span class='ocrx_word' id='word_1_391' title='bbox 660 3137 784 3177; x_wconf 86' lang='lat' dir='ltr'><strong>esse</strong></span> <span class='ocrx_word' id='word_1_392' title='bbox 839 3119 1163 3191; x_wconf 88' lang='lat' dir='ltr'><strong>pisciculos,</strong></span> <span class='ocrx_word' id='word_1_393' title='bbox 1204 3128 1579 3175; x_wconf 83' lang='lat' dir='ltr'><strong>verumtamen</strong></span> <span class='ocrx_word' id='word_1_394' title='bbox 1635 3121 1803 3174; x_wconf 77' lang='lat' dir='ltr'><strong>lueret</strong></span> <span class='ocrx_word' id='word_1_395' title='bbox 1839 3120 1892 3174; x_wconf 95' lang='lat' dir='ltr'><strong>in</strong></span> <span class='ocrx_word' id='word_1_396' title='bbox 1935 3119 2080 3173; x_wconf 86' lang='lat' dir='ltr'><strong>lide:</strong></span> 
     </span>
    </p>
   </div>
   <div class='ocr_carea' id='block_1_54' title="bbox 2190 3119 2572 3218">
    <p class='ocr_par' dir='ltr' id='par_1_54' title="bbox 2190 3147 2572 3218">
     <span class='ocr_line' id='line_1_54' title="bbox 2190 3147 2572 3218; baseline 0.003 -19"><span class='ocrx_word' id='word_1_397' title='bbox 2190 3147 2286 3218; x_wconf 78' lang='grc' dir='ltr'>μὲν</span> <span class='ocrx_word' id='word_1_398' title='bbox 2322 3147 2392 3201; x_wconf 80' lang='grc' dir='ltr'>τὰ</span> <span class='ocrx_word' id='word_1_399' title='bbox 2427 3148 2572 3215; x_wconf 87' lang='grc' dir='ltr'><strong>παρά</strong></span> 
     </span>
    </p>
   </div>
   <div class='ocr_carea' id='block_1_55' title="bbox 507 3209 2083 3283">
    <p class='ocr_par' dir='ltr' id='par_1_55' title="bbox 507 3209 2083 3283">
     <span class='ocr_line' id='line_1_55' title="bbox 507 3209 2083 3283; baseline -0.003 -16"><span class='ocrx_word' id='word_1_400' title='bbox 507 3212 634 3267; x_wconf 70' lang='grc' dir='ltr'><strong>ΙΙωο</strong></span> <span class='ocrx_word' id='word_1_401' title='bbox 663 3212 808 3267; x_wconf 89' lang='lat' dir='ltr'><strong>enim</strong></span> <span class='ocrx_word' id='word_1_402' title='bbox 851 3212 982 3283; x_wconf 87' lang='lat' dir='ltr'><strong>quid</strong></span> <span class='ocrx_word' id='word_1_403' title='bbox 1033 3220 1186 3276; x_wconf 89' lang='lat' dir='ltr'><strong>sunt,</strong></span> <span class='ocrx_word' id='word_1_404' title='bbox 1221 3210 1422 3280; x_wconf 87' lang='lat' dir='ltr'><strong>inquit,</strong></span> <span class='ocrx_word' id='word_1_405' title='bbox 1459 3211 1606 3266; x_wconf 85' lang='lat' dir='ltr'><strong>inter</strong></span> <span class='ocrx_word' id='word_1_406' title='bbox 1631 3210 1865 3266; x_wconf 83' lang='lat' dir='ltr'><strong>tantos?</strong></span> <span class='ocrx_word' id='word_1_407' title='bbox 1898 3209 2083 3279; x_wconf 88' lang='lat' dir='ltr'><strong>Atqui,</strong></span> 
     </span>
    </p>
   </div>
   <div class='ocr_carea' id='block_1_56' title="bbox 509 3299 2082 3372">
    <p class='ocr_par' dir='ltr' id='par_1_56' title="bbox 509 3299 2082 3372">
     <span class='ocr_line' id='line_1_56' title="bbox 509 3299 2082 3372; baseline -0.003 -14"><span class='ocrx_word' id='word_1_408' title='bbox 509 3319 610 3358; x_wconf 91' lang='lat' dir='ltr'><strong>nec</strong></span> <span class='ocrx_word' id='word_1_409' title='bbox 654 3304 798 3357; x_wconf 85' lang='lat' dir='ltr'><strong>enim</strong></span> <span class='ocrx_word' id='word_1_410' title='bbox 845 3303 958 3372; x_wconf 89' lang='lat' dir='ltr'><strong>jam</strong></span> <span class='ocrx_word' id='word_1_411' title='bbox 1007 3302 1236 3358; x_wconf 86' lang='lat' dir='ltr'><strong>remisse</strong></span> <span class='ocrx_word' id='word_1_412' title='bbox 1281 3300 1618 3370; x_wconf 90' lang='lat' dir='ltr'><strong>loquendum</strong></span> <span class='ocrx_word' id='word_1_413' title='bbox 1651 3301 1813 3356; x_wconf 90' lang='lat' dir='ltr'><strong>nobis</strong></span> <span class='ocrx_word' id='word_1_414' title='bbox 1845 3310 1949 3364; x_wconf 80' lang='lat' dir='ltr'><strong>est,</strong></span> <span class='ocrx_word' id='word_1_415' title='bbox 1987 3299 2082 3356; x_wconf 89' lang='lat' dir='ltr'><strong>sed</strong></span> 
     </span>
    </p>
   </div>
   <div class='ocr_carea' id='block_1_57' title="bbox 509 3392 2087 3463">
    <p class='ocr_par' dir='ltr' id='par_1_57' title="bbox 509 3392 2087 3463">
     <span class='ocr_line' id='line_1_57' title="bbox 509 3392 2087 3463; baseline -0.001 -15"><span class='ocrx_word' id='word_1_416' title='bbox 509 3395 576 3448; x_wconf 90' lang='lat' dir='ltr'><strong>ad</strong></span> <span class='ocrx_word' id='word_1_417' title='bbox 610 3409 805 3448; x_wconf 88' lang='lat' dir='ltr'><strong>eorum</strong></span> <span class='ocrx_word' id='word_1_418' title='bbox 829 3409 963 3463; x_wconf 69' lang='lat' dir='ltr'><strong>qua:</strong></span> <span class='ocrx_word' id='word_1_419' title='bbox 1007 3394 1340 3449; x_wconf 87' lang='lat' dir='ltr'><strong>mirabiliter</strong></span> <span class='ocrx_word' id='word_1_420' title='bbox 1367 3394 1477 3463; x_wconf 86' lang='lat' dir='ltr'><strong>jam</strong></span> <span class='ocrx_word' id='word_1_421' title='bbox 1516 3392 1656 3448; x_wconf 80' lang='lat' dir='ltr'><strong>facta</strong></span> <span class='ocrx_word' id='word_1_422' title='bbox 1704 3401 1834 3448; x_wconf 90' lang='lat' dir='ltr'><strong>sunt</strong></span> <span class='ocrx_word' id='word_1_423' title='bbox 1865 3403 2087 3449; x_wconf 87' lang='lat' dir='ltr'><strong>strenue</strong></span> 
     </span>
    </p>
   </div>
   <div class='ocr_carea' id='block_1_58' title="bbox 513 3485 2089 3557">
    <p class='ocr_par' dir='ltr' id='par_1_58' title="bbox 513 3485 2089 3557">
     <span class='ocr_line' id='line_1_58' title="bbox 513 3485 2089 3557; baseline 0.001 -19"><span class='ocrx_word' id='word_1_424' title='bbox 513 3485 821 3541; x_wconf 84' lang='lat' dir='ltr'><strong>revocanda</strong></span> <span class='ocrx_word' id='word_1_425' title='bbox 849 3494 933 3540; x_wconf 90' lang='lat' dir='ltr'><strong>est</strong></span> <span class='ocrx_word' id='word_1_426' title='bbox 968 3486 1256 3549; x_wconf 85' lang='lat' dir='ltr'><strong>memoria,</strong></span> <span class='ocrx_word' id='word_1_427' title='bbox 1286 3486 1643 3557; x_wconf 73' lang='lat' dir='ltr'><strong>cogitandum</strong></span> <span class='ocrx_word' id='word_1_428' title='bbox 1675 3485 1830 3540; x_wconf 89' lang='lat' dir='ltr'><strong>cibos</strong></span> <span class='ocrx_word' id='word_1_429' title='bbox 1858 3503 1887 3540; x_wconf 91' lang='lat' dir='ltr'><strong>e</strong></span> <span class='ocrx_word' id='word_1_430' title='bbox 1916 3487 2089 3540; x_wconf 84' lang='lat' dir='ltr'><strong>nihilo</strong></span> 
     </span>
    </p>
   </div>
   <div class='ocr_carea' id='block_1_59' title="bbox 511 3576 2086 3647">
    <p class='ocr_par' dir='ltr' id='par_1_59' title="bbox 511 3576 2086 3647">
     <span class='ocr_line' id='line_1_59' title="bbox 511 3576 2086 3647; baseline -0.001 -15"><span class='ocrx_word' id='word_1_431' title='bbox 511 3592 728 3643; x_wconf 88' lang='lat' dir='ltr'><strong>creare,</strong></span> <span class='ocrx_word' id='word_1_432' title='bbox 765 3586 819 3632; x_wconf 88' lang='lat' dir='ltr'><strong>et</strong></span> <span class='ocrx_word' id='word_1_433' title='bbox 857 3591 1064 3647; x_wconf 84' lang='lat' dir='ltr'><strong>paucos</strong></span> <span class='ocrx_word' id='word_1_434' title='bbox 1112 3576 1404 3632; x_wconf 87' lang='lat' dir='ltr'><strong>admodum</strong></span> <span class='ocrx_word' id='word_1_435' title='bbox 1441 3577 1620 3646; x_wconf 84' lang='lat' dir='ltr'><strong>pisces</strong></span> <span class='ocrx_word' id='word_1_436' title='bbox 1646 3583 1912 3646; x_wconf 52' lang='lat' dir='ltr'><strong>repertos</strong></span> <span class='ocrx_word' id='word_1_437' title='bbox 1941 3577 2086 3631; x_wconf 80' lang='lat' dir='ltr'><strong>divi-</strong></span> 
     </span>
    </p>
   </div>
   <div class='ocr_carea' id='block_1_60' title="bbox 513 3669 2086 3740">
    <p class='ocr_par' dir='ltr' id='par_1_60' title="bbox 513 3669 2086 3740">
     <span class='ocr_line' id='line_1_60' title="bbox 513 3669 2086 3740; baseline -0.002 -15"><span class='ocrx_word' id='word_1_438' title='bbox 513 3670 663 3726; x_wconf 85' lang='lat' dir='ltr'><strong>nitus</strong></span> <span class='ocrx_word' id='word_1_439' title='bbox 714 3669 1102 3740; x_wconf 89' lang='lat' dir='ltr'><strong>multiplicare,</strong></span> <span class='ocrx_word' id='word_1_440' title='bbox 1154 3670 1395 3725; x_wconf 90' lang='lat' dir='ltr'><strong>alienum</strong></span> <span class='ocrx_word' id='word_1_441' title='bbox 1448 3684 1557 3723; x_wconf 94' lang='lat' dir='ltr'><strong>non</strong></span> <span class='ocrx_word' id='word_1_442' title='bbox 1599 3683 1723 3724; x_wconf 90' lang='lat' dir='ltr'><strong>esse</strong></span> <span class='ocrx_word' id='word_1_443' title='bbox 1771 3669 1840 3723; x_wconf 87' lang='lat' dir='ltr'><strong>ab</strong></span> <span class='ocrx_word' id='word_1_444' title='bbox 1881 3683 1947 3724; x_wconf 92' lang='lat' dir='ltr'><strong>eo</strong></span> <span class='ocrx_word' id='word_1_445' title='bbox 1992 3669 2086 3737; x_wconf 90' lang='lat' dir='ltr'><strong>qui</strong></span> 
     </span>
    </p>
   </div>
   <div class='ocr_carea' id='block_1_61' title="bbox 511 3761 2086 3832">
    <p class='ocr_par' dir='ltr' id='par_1_61' title="bbox 511 3761 2086 3832">
     <span class='ocr_line' id='line_1_61' title="bbox 511 3761 2086 3832; baseline -0.001 -18"><span class='ocrx_word' id='word_1_446' title='bbox 511 3777 674 3832; x_wconf 67' lang='lat' dir='ltr'><strong>aqua:</strong></span> <span class='ocrx_word' id='word_1_447' title='bbox 703 3769 953 3816; x_wconf 90' lang='lat' dir='ltr'><strong>naturam</strong></span> <span class='ocrx_word' id='word_1_448' title='bbox 987 3762 1041 3815; x_wconf 90' lang='lat' dir='ltr'><strong>in</strong></span> <span class='ocrx_word' id='word_1_449' title='bbox 1078 3765 1266 3816; x_wconf 90' lang='lat' dir='ltr'><strong>vinum</strong></span> <span class='ocrx_word' id='word_1_450' title='bbox 1307 3763 1560 3824; x_wconf 83' lang='lat' dir='ltr'><strong>mutavit,</strong></span> <span class='ocrx_word' id='word_1_451' title='bbox 1598 3761 1690 3831; x_wconf 92' lang='lat' dir='ltr'><strong>qui</strong></span> <span class='ocrx_word' id='word_1_452' title='bbox 1726 3761 2086 3831; x_wconf 86' lang='lat' dir='ltr'><strong>paralyticum</strong></span> 
     </span>
    </p>
   </div>
   <div class='ocr_carea' id='block_1_62' title="bbox 513 3853 2091 3920">
    <p class='ocr_par' dir='ltr' id='par_1_62' title="bbox 513 3853 2091 3920">
     <span class='ocr_line' id='line_1_62' title="bbox 513 3853 2091 3920; baseline -0.003 -10"><span class='ocrx_word' id='word_1_453' title='bbox 513 3857 750 3920; x_wconf 88' lang='lat' dir='ltr'><strong>sanavit,</strong></span> <span class='ocrx_word' id='word_1_454' title='bbox 779 3863 834 3910; x_wconf 90' lang='lat' dir='ltr'><strong>et</strong></span> <span class='ocrx_word' id='word_1_455' title='bbox 857 3862 966 3908; x_wconf 90' lang='lat' dir='ltr'><strong>tam</strong></span> <span class='ocrx_word' id='word_1_456' title='bbox 1003 3855 1326 3910; x_wconf 91' lang='lat' dir='ltr'><strong>diuturnum</strong></span> <span class='ocrx_word' id='word_1_457' title='bbox 1364 3855 1618 3909; x_wconf 87' lang='lat' dir='ltr'><strong>morbum</strong></span> <span class='ocrx_word' id='word_1_458' title='bbox 1652 3867 1764 3910; x_wconf 90' lang='lat' dir='ltr'><strong>uno</strong></span> <span class='ocrx_word' id='word_1_459' title='bbox 1797 3855 1964 3910; x_wconf 89' lang='lat' dir='ltr'><strong>verbo</strong></span> <span class='ocrx_word' id='word_1_460' title='bbox 2005 3853 2091 3907; x_wconf 78' lang='lat' dir='ltr'><strong>fu-</strong></span> 
     </span>
    </p>
   </div>
   <div class='ocr_carea' id='block_1_63' title="bbox 513 3945 2090 4019">
    <p class='ocr_par' dir='ltr' id='par_1_63' title="bbox 513 3945 2090 4019">
     <span class='ocr_line' id='line_1_63' title="bbox 513 3945 2090 4019; baseline -0.001 -18"><span class='ocrx_word' id='word_1_461' title='bbox 513 3949 680 4019; x_wconf 80' lang='lat' dir='ltr'><strong>gavit.</strong></span> <span class='ocrx_word' id='word_1_462' title='bbox 717 3945 820 4014; x_wconf 89' lang='lat' dir='ltr'><strong>Qui</strong></span> <span class='ocrx_word' id='word_1_463' title='bbox 861 3949 1008 4003; x_wconf 89' lang='lat' dir='ltr'><strong>enim</strong></span> <span class='ocrx_word' id='word_1_464' title='bbox 1065 3948 1157 4002; x_wconf 89' lang='lat' dir='ltr'><strong>illa</strong></span> <span class='ocrx_word' id='word_1_465' title='bbox 1209 3950 1409 4019; x_wconf 87' lang='lat' dir='ltr'><strong>potuit,</strong></span> <span class='ocrx_word' id='word_1_466' title='bbox 1451 3947 1732 4019; x_wconf 89' lang='lat' dir='ltr'><strong>quomodo</strong></span> <span class='ocrx_word' id='word_1_467' title='bbox 1782 3961 1893 4002; x_wconf 90' lang='lat' dir='ltr'><strong>non</strong></span> <span class='ocrx_word' id='word_1_468' title='bbox 1941 3947 2090 4002; x_wconf 89' lang='lat' dir='ltr'><strong>istud</strong></span> 
     </span>
    </p>
   </div>
   <div class='ocr_carea' id='block_1_64' title="bbox 513 4038 2092 4111">
    <p class='ocr_par' dir='ltr' id='par_1_64' title="bbox 513 4038 2092 4111">
     <span class='ocr_line' id='line_1_64' title="bbox 513 4038 2092 4111; baseline 0 -19"><span class='ocrx_word' id='word_1_469' title='bbox 513 4056 734 4111; x_wconf 80' lang='lat' dir='ltr'><strong>quoque</strong></span> <span class='ocrx_word' id='word_1_470' title='bbox 780 4039 1022 4096; x_wconf 78' lang='lat' dir='ltr'><strong>eﬂieict?</strong></span> <span class='ocrx_word' id='word_1_471' title='bbox 1071 4041 1252 4108; x_wconf 88' lang='lat' dir='ltr'><strong>Quare</strong></span> <span class='ocrx_word' id='word_1_472' title='bbox 1300 4041 1632 4096; x_wconf 75' lang='lat' dir='ltr'><strong>imbecillius</strong></span> <span class='ocrx_word' id='word_1_473' title='bbox 1684 4038 2092 4110; x_wconf 88' lang='lat' dir='ltr'><strong>quodammodo</strong></span> 
     </span>
    </p>
   </div>
   <div class='ocr_carea' id='block_1_65' title="bbox 513 4131 2088 4203">
    <p class='ocr_par' dir='ltr' id='par_1_65' title="bbox 513 4131 2088 4203">
     <span class='ocr_line' id='line_1_65' title="bbox 513 4131 2088 4203; baseline 0.001 -18"><span class='ocrx_word' id='word_1_474' title='bbox 513 4150 676 4201; x_wconf 90' lang='lat' dir='ltr'><strong>quam</strong></span> <span class='ocrx_word' id='word_1_475' title='bbox 725 4133 953 4188; x_wconf 87' lang='lat' dir='ltr'><strong>decebat</strong></span> <span class='ocrx_word' id='word_1_476' title='bbox 1000 4149 1099 4203; x_wconf 92' lang='lat' dir='ltr'><strong>par</strong></span> <span class='ocrx_word' id='word_1_477' title='bbox 1152 4133 1284 4187; x_wconf 86' lang='lat' dir='ltr'><strong>illud</strong></span> <span class='ocrx_word' id='word_1_478' title='bbox 1335 4133 1736 4203; x_wconf 89' lang='lat' dir='ltr'><strong>discipulormu</strong></span> <span class='ocrx_word' id='word_1_479' title='bbox 1786 4131 2088 4202; x_wconf 85' lang='lat' dir='ltr'><strong>respondit.</strong></span> 
     </span>
    </p>
   </div>
   <div class='ocr_carea' id='block_1_66' title="bbox 511 4222 2094 4292">
    <p class='ocr_par' dir='ltr' id='par_1_66' title="bbox 511 4222 2094 4292">
     <span class='ocr_line' id='line_1_66' title="bbox 511 4222 2094 4292; baseline 0 -14"><span class='ocrx_word' id='word_1_480' title='bbox 511 4224 805 4292; x_wconf 60' lang='lat' dir='ltr'><strong>(laterum,</strong></span> <span class='ocrx_word' id='word_1_481' title='bbox 835 4224 925 4278; x_wconf 90' lang='lat' dir='ltr'><strong>hic</strong></span> <span class='ocrx_word' id='word_1_482' title='bbox 951 4223 1356 4278; x_wconf 88' lang='lat' dir='ltr'><strong>observandum</strong></span> <span class='ocrx_word' id='word_1_483' title='bbox 1391 4231 1476 4278; x_wconf 87' lang='lat' dir='ltr'><strong>est</strong></span> <span class='ocrx_word' id='word_1_484' title='bbox 1506 4222 1689 4279; x_wconf 90' lang='lat' dir='ltr'><strong>denuo</strong></span> <span class='ocrx_word' id='word_1_485' title='bbox 1747 4239 1861 4278; x_wconf 91' lang='lat' dir='ltr'><strong>non</strong></span> <span class='ocrx_word' id='word_1_486' title='bbox 1894 4222 2094 4278; x_wconf 90' lang='lat' dir='ltr'><strong>inutile</strong></span> 
     </span>
    </p>
   </div>
   <div class='ocr_carea' id='block_1_67' title="bbox 515 4313 2090 4385">
    <p class='ocr_par' dir='ltr' id='par_1_67' title="bbox 515 4313 2090 4385">
     <span class='ocr_line' id='line_1_67' title="bbox 515 4313 2090 4385; baseline 0 -15"><span class='ocrx_word' id='word_1_487' title='bbox 515 4329 660 4383; x_wconf 72' lang='lat' dir='ltr'><strong>saepe</strong></span> <span class='ocrx_word' id='word_1_488' title='bbox 683 4315 890 4369; x_wconf 87' lang='lat' dir='ltr'><strong>sanctis</strong></span> <span class='ocrx_word' id='word_1_489' title='bbox 916 4329 1061 4380; x_wconf 82' lang='lat' dir='ltr'><strong>esse,</strong></span> <span class='ocrx_word' id='word_1_490' title='bbox 1099 4314 1248 4385; x_wconf 88' lang='lat' dir='ltr'><strong>quod</strong></span> <span class='ocrx_word' id='word_1_491' title='bbox 1281 4313 1537 4369; x_wconf 83' lang='lat' dir='ltr'><strong>ridentur</strong></span> <span class='ocrx_word' id='word_1_492' title='bbox 1567 4315 1759 4371; x_wconf 90' lang='lat' dir='ltr'><strong>leviter</strong></span> <span class='ocrx_word' id='word_1_493' title='bbox 1797 4313 2090 4381; x_wconf 85' lang='lat' dir='ltr'><strong>cecidisse,</strong></span> 
     </span>
    </p>
   </div>
   <div class='ocr_carea' id='block_1_68' title="bbox 517 4404 2092 4476">
    <p class='ocr_par' dir='ltr' id='par_1_68' title="bbox 517 4404 2092 4476">
     <span class='ocr_line' id='line_1_68' title="bbox 517 4404 2092 4476; baseline 0 -15"><span class='ocrx_word' id='word_1_494' title='bbox 517 4407 611 4461; x_wconf 87' lang='lat' dir='ltr'><strong>sed</strong></span> <span class='ocrx_word' id='word_1_495' title='bbox 644 4405 807 4459; x_wconf 90' lang='lat' dir='ltr'><strong>habet</strong></span> <span class='ocrx_word' id='word_1_496' title='bbox 835 4404 1044 4475; x_wconf 90' lang='lat' dir='ltr'><strong>aliquid</strong></span> <span class='ocrx_word' id='word_1_497' title='bbox 1075 4421 1372 4472; x_wconf 81' lang='lat' dir='ltr'><strong>annexum,</strong></span> <span class='ocrx_word' id='word_1_498' title='bbox 1403 4406 1551 4476; x_wconf 88' lang='lat' dir='ltr'><strong>quod</strong></span> <span class='ocrx_word' id='word_1_499' title='bbox 1583 4408 1660 4462; x_wconf 88' lang='lat' dir='ltr'><strong>rei</strong></span> <span class='ocrx_word' id='word_1_500' title='bbox 1714 4415 1924 4462; x_wconf 73' lang='lat' dir='ltr'><strong>naturae</strong></span> <span class='ocrx_word' id='word_1_501' title='bbox 1951 4422 2092 4462; x_wconf 89' lang='lat' dir='ltr'><strong>con-</strong></span> 
     </span>
    </p>
   </div>
   <div class='ocr_carea' id='block_1_69' title="bbox 2188 2410 3766 2486">
    <p class='ocr_par' dir='ltr' id='par_1_69' title="bbox 2188 2410 3766 2486">
     <span class='ocr_line' id='line_1_69' title="bbox 2188 2410 3766 2486; baseline -0.002 -16"><span class='ocrx_word' id='word_1_502' title='bbox 2188 2417 2430 2486; x_wconf 67' lang='grc' dir='ltr'>ὀψὰρια·</span> <span class='ocrx_word' id='word_1_503' title='bbox 2456 2415 2617 2469; x_wconf 74' lang='grc' dir='ltr'>ἀλλὰ</span> <span class='ocrx_word' id='word_1_504' title='bbox 2643 2413 2830 2470; x_wconf 84' lang='grc' dir='ltr'>ταῦτα</span> <span class='ocrx_word' id='word_1_505' title='bbox 2852 2414 2908 2467; x_wconf 81' lang='grc' dir='ltr'><strong>τί</strong></span> <span class='ocrx_word' id='word_1_506' title='bbox 2928 2414 3097 2467; x_wconf 80' lang='grc' dir='ltr'>ἐστιν</span> <span class='ocrx_word' id='word_1_507' title='bbox 3122 2415 3208 2480; x_wconf 83' lang='grc' dir='ltr'>εις</span> <span class='ocrx_word' id='word_1_508' title='bbox 3230 2413 3599 2478; x_wconf 83' lang='grc' dir='ltr'>τοσούτους;</span> <span class='ocrx_word' id='word_1_509' title='bbox 3623 2410 3766 2468; x_wconf 68' lang='grc' dir='ltr'><strong>Εἶχε</strong></span> 
     </span>
    </p>
   </div>
   <div class='ocr_carea' id='block_1_70' title="bbox 2187 2505 2602 2574">
    <p class='ocr_par' dir='ltr' id='par_1_70' title="bbox 2187 2505 2602 2574">
     <span class='ocr_line' id='line_1_70' title="bbox 2187 2505 2602 2574; baseline -0.007 -12"><span class='ocrx_word' id='word_1_510' title='bbox 2187 2509 2255 2562; x_wconf 85' lang='grc' dir='ltr'>δὲ</span> <span class='ocrx_word' id='word_1_511' title='bbox 2275 2511 2307 2562; x_wconf 86' lang='grc' dir='ltr'><strong>ό</strong></span> <span class='ocrx_word' id='word_1_512' title='bbox 2349 2505 2602 2574; x_wconf 85' lang='grc' dir='ltr'>Ἰησοῦς.</span> 
     </span>
    </p>
   </div>
   <div class='ocr_carea' id='block_1_71' title="bbox 2271 2592 3767 2668">
    <p class='ocr_par' dir='ltr' id='par_1_71' title="bbox 2271 2592 3767 2668">
     <span class='ocr_line' id='line_1_71' title="bbox 2271 2592 3767 2668; baseline -0.003 -17"><span class='ocrx_word' id='word_1_513' title='bbox 2271 2596 2498 2667; x_wconf 84' lang='grc' dir='ltr'>Ἀδελφὰ</span> <span class='ocrx_word' id='word_1_514' title='bbox 2517 2596 2596 2668; x_wconf 81' lang='grc' dir='ltr'><strong>τῷ</strong></span> <span class='ocrx_word' id='word_1_515' title='bbox 2627 2596 2882 2666; x_wconf 79' lang='grc' dir='ltr'>Φιλίππῳ</span> <span class='ocrx_word' id='word_1_516' title='bbox 2907 2595 2999 2649; x_wconf 70' lang='grc' dir='ltr'><strong>καὶ</strong></span> <span class='ocrx_word' id='word_1_517' title='bbox 3022 2597 3210 2665; x_wconf 84' lang='grc' dir='ltr'>φρονεῖ</span> <span class='ocrx_word' id='word_1_518' title='bbox 3236 2592 3330 2647; x_wconf 73' lang='grc' dir='ltr'>καὶ</span> <span class='ocrx_word' id='word_1_519' title='bbox 3351 2593 3647 2662; x_wconf 77' lang='grc' dir='ltr'>λογίζεται.</span> <span class='ocrx_word' id='word_1_520' title='bbox 3675 2596 3767 2648; x_wconf 69' lang='grc' dir='ltr'>καὶ</span> 
     </span>
    </p>
   </div>
   <div class='ocr_carea' id='block_1_72' title="bbox 2189 2673 3767 2759">
    <p class='ocr_par' dir='ltr' id='par_1_72' title="bbox 2189 2673 3767 2759">
     <span class='ocr_line' id='line_1_72' title="bbox 2189 2673 3767 2759; baseline -0.003 -15"><span class='ocrx_word' id='word_1_521' title='bbox 2189 2673 2420 2759; x_wconf 84' lang='grc' dir='ltr'>συγγενῆ</span> <span class='ocrx_word' id='word_1_522' title='bbox 2470 2706 2586 2753; x_wconf 89' lang='grc' dir='ltr'><strong>πως</strong></span> <span class='ocrx_word' id='word_1_523' title='bbox 2639 2687 2776 2757; x_wconf 70' lang='grc' dir='ltr'>ἔχων</span> <span class='ocrx_word' id='word_1_524' title='bbox 2831 2689 2889 2740; x_wconf 88' lang='grc' dir='ltr'>ἐν</span> <span class='ocrx_word' id='word_1_525' title='bbox 2941 2686 3117 2751; x_wconf 79' lang='grc' dir='ltr'>ἐαυτῷ</span> <span class='ocrx_word' id='word_1_526' title='bbox 3164 2686 3264 2756; x_wconf 83' lang='grc' dir='ltr'><strong>τὴν</strong></span> <span class='ocrx_word' id='word_1_527' title='bbox 3308 2685 3399 2739; x_wconf 75' lang='grc' dir='ltr'><strong>ἐπὶ</strong></span> <span class='ocrx_word' id='word_1_528' title='bbox 3443 2685 3520 2756; x_wconf 82' lang='grc' dir='ltr'>τῷ</span> <span class='ocrx_word' id='word_1_529' title='bbox 3551 2685 3767 2755; x_wconf 77' lang='grc' dir='ltr'>Σωτῆρι</span> 
     </span>
    </p>
   </div>
   <div class='ocr_carea' id='block_1_73' title="bbox 2185 2777 3768 2852">
    <p class='ocr_par' dir='ltr' id='par_1_73' title="bbox 2185 2777 3768 2852">
     <span class='ocr_line' id='line_1_73' title="bbox 2185 2777 3768 2852; baseline -0.003 -18"><span class='ocrx_word' id='word_1_530' title='bbox 2185 2779 2406 2852; x_wconf 88' lang='grc' dir='ltr'>Χριστῷ</span> <span class='ocrx_word' id='word_1_531' title='bbox 2429 2779 2681 2850; x_wconf 78' lang='grc' dir='ltr'>διάληψιν</span> <span class='ocrx_word' id='word_1_532' title='bbox 2708 2779 2800 2832; x_wconf 72' lang='grc' dir='ltr'>καὶ</span> <span class='ocrx_word' id='word_1_533' title='bbox 2833 2778 2995 2841; x_wconf 80' lang='grc' dir='ltr'>αὐτὸς</span> <span class='ocrx_word' id='word_1_534' title='bbox 3023 2777 3386 2846; x_wconf 77' lang='grc' dir='ltr'>ἐξελέγχεται.</span> <span class='ocrx_word' id='word_1_535' title='bbox 3439 2778 3515 2831; x_wconf 79' lang='grc' dir='ltr'><strong>Οὐ</strong></span> <span class='ocrx_word' id='word_1_536' title='bbox 3544 2777 3654 2848; x_wconf 83' lang='grc' dir='ltr'><strong>γὰρ</strong></span> <span class='ocrx_word' id='word_1_537' title='bbox 3682 2778 3768 2829; x_wconf 77' lang='grc' dir='ltr'><strong>ὲν-</strong></span> 
     </span>
    </p>
   </div>
   <div class='ocr_carea' id='block_1_74' title="bbox 2185 2866 3769 2942">
    <p class='ocr_par' dir='ltr' id='par_1_74' title="bbox 2185 2866 3769 2942">
     <span class='ocr_line' id='line_1_74' title="bbox 2185 2866 3769 2942; baseline -0.004 -16"><span class='ocrx_word' id='word_1_538' title='bbox 2185 2873 2386 2942; x_wconf 82' lang='grc' dir='ltr'>νοήσας</span> <span class='ocrx_word' id='word_1_539' title='bbox 2417 2871 2518 2942; x_wconf 81' lang='grc' dir='ltr'>τὴν</span> <span class='ocrx_word' id='word_1_540' title='bbox 2555 2869 2784 2941; x_wconf 80' lang='grc' dir='ltr'>δύναμιν</span> <span class='ocrx_word' id='word_1_541' title='bbox 2805 2909 2820 2934; x_wconf 93' lang='grc'><strong>,</strong></span> <span class='ocrx_word' id='word_1_542' title='bbox 2859 2868 2981 2922; x_wconf 74' lang='grc' dir='ltr'>οὔτε</span> <span class='ocrx_word' id='word_1_543' title='bbox 3019 2869 3126 2939; x_wconf 80' lang='grc' dir='ltr'>μὴν</span> <span class='ocrx_word' id='word_1_544' title='bbox 3159 2869 3223 2922; x_wconf 77' lang='grc' dir='ltr'>ἐκ</span> <span class='ocrx_word' id='word_1_545' title='bbox 3266 2869 3364 2937; x_wconf 83' lang='grc' dir='ltr'>τῆς</span> <span class='ocrx_word' id='word_1_546' title='bbox 3390 2868 3496 2921; x_wconf 87' lang='grc' dir='ltr'><strong>τῶν</strong></span> <span class='ocrx_word' id='word_1_547' title='bbox 3525 2866 3769 2936; x_wconf 74' lang='grc' dir='ltr'>φθασάν-</span> 
     </span>
    </p>
   </div>
   <div class='ocr_carea' id='block_1_75' title="bbox 2185 2959 3767 3033">
    <p class='ocr_par' dir='ltr' id='par_1_75' title="bbox 2185 2959 3767 3033">
     <span class='ocr_line' id='line_1_75' title="bbox 2185 2959 3767 3033; baseline -0.002 -17"><span class='ocrx_word' id='word_1_548' title='bbox 2185 2980 2292 3016; x_wconf 86' lang='grc' dir='ltr'><strong>των</strong></span> <span class='ocrx_word' id='word_1_549' title='bbox 2323 2963 2720 3033; x_wconf 83' lang='grc' dir='ltr'>μεγαλουργίας</span> <span class='ocrx_word' id='word_1_550' title='bbox 2755 2961 2848 3014; x_wconf 76' lang='grc' dir='ltr'><strong>ὲπὶ</strong></span> <span class='ocrx_word' id='word_1_551' title='bbox 2875 2962 2936 3014; x_wconf 83' lang='grc' dir='ltr'>τὸ</span> <span class='ocrx_word' id='word_1_552' title='bbox 2956 2961 3135 3014; x_wconf 81' lang='grc' dir='ltr'>πάντα</span> <span class='ocrx_word' id='word_1_553' title='bbox 3159 2959 3424 3014; x_wconf 77' lang='grc' dir='ltr'>δύνασθαι</span> <span class='ocrx_word' id='word_1_554' title='bbox 3448 2959 3540 3013; x_wconf 82' lang='grc' dir='ltr'>τὸν</span> <span class='ocrx_word' id='word_1_555' title='bbox 3556 2959 3767 3029; x_wconf 78' lang='grc' dir='ltr'>Ἰησοῦν</span> 
     </span>
    </p>
   </div>
   <div class='ocr_carea' id='block_1_76' title="bbox 2189 3049 3768 3122">
    <p class='ocr_par' dir='ltr' id='par_1_76' title="bbox 2189 3049 3768 3122">
     <span class='ocr_line' id='line_1_76' title="bbox 2189 3049 3768 3122; baseline -0.004 -14"><span class='ocrx_word' id='word_1_556' title='bbox 2189 3054 2284 3108; x_wconf 65' lang='grc' dir='ltr'><strong>καλ⁸</strong></span> <span class='ocrx_word' id='word_1_557' title='bbox 2311 3055 2430 3108; x_wconf 84' lang='grc' dir='ltr'>λίαν</span> <span class='ocrx_word' id='word_1_558' title='bbox 2469 3054 2841 3108; x_wconf 81' lang='grc' dir='ltr'>εὐπετέστατα</span> <span class='ocrx_word' id='word_1_559' title='bbox 2871 3053 3405 3122; x_wconf 85' lang='grc' dir='ltr'>παιδαγωγούμενος,</span> <span class='ocrx_word' id='word_1_560' title='bbox 3426 3049 3768 3121; x_wconf 80' lang='grc' dir='ltr'>καταμηνύει</span> 
     </span>
    </p>
   </div>
   <div class='ocr_carea' id='block_1_77' title="bbox 2610 3143 3769 3217">
    <p class='ocr_par' dir='ltr' id='par_1_77' title="bbox 2610 3143 3769 3217">
     <span class='ocr_line' id='line_1_77' title="bbox 2610 3143 3769 3217; baseline -0.003 -19"><span class='ocrx_word' id='word_1_561' title='bbox 2610 3147 2688 3216; x_wconf 84' lang='grc' dir='ltr'>τῷ</span> <span class='ocrx_word' id='word_1_562' title='bbox 2739 3146 3014 3217; x_wconf 83' lang='grc' dir='ltr'>παιδαρίῳ</span> <span class='ocrx_word' id='word_1_563' title='bbox 3043 3146 3291 3216; x_wconf 87' lang='grc' dir='ltr'>κείμενα,</span> <span class='ocrx_word' id='word_1_564' title='bbox 3329 3144 3467 3214; x_wconf 83' lang='grc' dir='ltr'>πλὴν</span> <span class='ocrx_word' id='word_1_565' title='bbox 3500 3143 3769 3212; x_wconf 79' lang='grc' dir='ltr'>ἀτονήσας</span> 
     </span>
    </p>
   </div>
   <div class='ocr_carea' id='block_1_78' title="bbox 2185 3233 3765 3308">
    <p class='ocr_par' dir='ltr' id='par_1_78' title="bbox 2185 3233 3765 3308">
     <span class='ocr_line' id='line_1_78' title="bbox 2185 3233 3765 3308; baseline -0.003 -19"><span class='ocrx_word' id='word_1_566' title='bbox 2185 3237 2380 3308; x_wconf 80' lang='grc' dir='ltr'>δρᾶται</span> <span class='ocrx_word' id='word_1_567' title='bbox 2407 3238 2533 3308; x_wconf 74' lang='grc' dir='ltr'>περὶ</span> <span class='ocrx_word' id='word_1_568' title='bbox 2556 3237 2655 3308; x_wconf 82' lang='grc' dir='ltr'>τὴν</span> <span class='ocrx_word' id='word_1_569' title='bbox 2692 3238 2874 3290; x_wconf 87' lang='grc' dir='ltr'>πίστιν</span> <span class='ocrx_word' id='word_1_570' title='bbox 2901 3253 2913 3268; x_wconf 92' lang='grc'><strong>·</strong></span> <span class='ocrx_word' id='word_1_571' title='bbox 2959 3237 3136 3291; x_wconf 82' lang='grc' dir='ltr'>ταῦτα</span> <span class='ocrx_word' id='word_1_572' title='bbox 3181 3235 3291 3306; x_wconf 82' lang='grc' dir='ltr'><strong>γὰρ</strong></span> <span class='ocrx_word' id='word_1_573' title='bbox 3319 3234 3372 3288; x_wconf 90' lang='grc' dir='ltr'><strong>τί</strong></span> <span class='ocrx_word' id='word_1_574' title='bbox 3402 3236 3548 3296; x_wconf 68' lang='grc' dir='ltr'>ἐστι,</span> <span class='ocrx_word' id='word_1_575' title='bbox 3582 3233 3765 3304; x_wconf 69' lang='grc' dir='ltr'>φησὶν,</span> 
     </span>
    </p>
   </div>
   <div class='ocr_carea' id='block_1_79' title="bbox 2185 3323 3768 3398">
    <p class='ocr_par' dir='ltr' id='par_1_79' title="bbox 2185 3323 3768 3398">
     <span class='ocr_line' id='line_1_79' title="bbox 2185 3323 3768 3398; baseline -0.001 -19"><span class='ocrx_word' id='word_1_576' title='bbox 2185 3329 2264 3390; x_wconf 91' lang='grc' dir='ltr'><strong>είς</strong></span> <span class='ocrx_word' id='word_1_577' title='bbox 2311 3326 2634 3393; x_wconf 78' lang='grc' dir='ltr'>τοσούτουςς</span> <span class='ocrx_word' id='word_1_578' title='bbox 2684 3326 2906 3390; x_wconf 81' lang='grc' dir='ltr'>Καίτοι,</span> <span class='ocrx_word' id='word_1_579' title='bbox 2976 3327 3083 3398; x_wconf 81' lang='grc' dir='ltr'>χρὴ</span> <span class='ocrx_word' id='word_1_580' title='bbox 3143 3325 3250 3395; x_wconf 83' lang='grc' dir='ltr'><strong>γὰρ</strong></span> <span class='ocrx_word' id='word_1_581' title='bbox 3296 3324 3397 3397; x_wconf 72' lang='grc' dir='ltr'>ἤδη</span> <span class='ocrx_word' id='word_1_582' title='bbox 3438 3323 3622 3390; x_wconf 78' lang='grc' dir='ltr'>λέγειν</span> <span class='ocrx_word' id='word_1_583' title='bbox 3670 3324 3768 3393; x_wconf 81' lang='grc' dir='ltr'>οὐχ</span> 
     </span>
    </p>
   </div>
   <div class='ocr_carea' id='block_1_80' title="bbox 2187 3413 3765 3489">
    <p class='ocr_par' dir='ltr' id='par_1_80' title="bbox 2187 3413 3765 3489">
     <span class='ocr_line' id='line_1_80' title="bbox 2187 3413 3765 3489; baseline -0.003 -17"><span class='ocrx_word' id='word_1_584' title='bbox 2187 3417 2636 3488; x_wconf 77' lang='grc' dir='ltr'>ὕπεσταλμὲνως,</span> <span class='ocrx_word' id='word_1_585' title='bbox 2705 3418 2904 3489; x_wconf 79' lang='grc' dir='ltr'>μᾶλλον</span> <span class='ocrx_word' id='word_1_586' title='bbox 2948 3418 3004 3471; x_wconf 80' lang='grc' dir='ltr'>δὲ</span> <span class='ocrx_word' id='word_1_587' title='bbox 3035 3417 3114 3472; x_wconf 77' lang='grc' dir='ltr'>δεῖ</span> <span class='ocrx_word' id='word_1_588' title='bbox 3144 3416 3278 3486; x_wconf 76' lang='grc' dir='ltr'>πρὸς</span> <span class='ocrx_word' id='word_1_589' title='bbox 3299 3415 3602 3486; x_wconf 80' lang='grc' dir='ltr'>ἀνάμνησιν</span> <span class='ocrx_word' id='word_1_590' title='bbox 3633 3413 3765 3468; x_wconf 84' lang='grc' dir='ltr'>ίέναι</span> 
     </span>
    </p>
   </div>
   <div class='ocr_carea' id='block_1_81' title="bbox 2187 3505 3768 3582">
    <p class='ocr_par' dir='ltr' id='par_1_81' title="bbox 2187 3505 3768 3582">
     <span class='ocr_line' id='line_1_81' title="bbox 2187 3505 3768 3582; baseline -0.003 -20"><span class='ocrx_word' id='word_1_591' title='bbox 2187 3511 2402 3581; x_wconf 84' lang='grc' dir='ltr'>γοργῶς</span> <span class='ocrx_word' id='word_1_592' title='bbox 2440 3510 2550 3563; x_wconf 89' lang='grc' dir='ltr'><strong>τῶν</strong></span> <span class='ocrx_word' id='word_1_593' title='bbox 2589 3511 2689 3580; x_wconf 79' lang='grc' dir='ltr'>ἤδη</span> <span class='ocrx_word' id='word_1_594' title='bbox 2732 3507 3050 3582; x_wconf 78' lang='grc' dir='ltr'>παραδόξως</span> <span class='ocrx_word' id='word_1_595' title='bbox 3092 3508 3523 3579; x_wconf 86' lang='grc' dir='ltr'>τετελεσμένων,</span> <span class='ocrx_word' id='word_1_596' title='bbox 3556 3505 3768 3574; x_wconf 74' lang='grc' dir='ltr'>λογίζε-</span> 
     </span>
    </p>
   </div>
   <div class='ocr_carea' id='block_1_82' title="bbox 2189 3597 3770 3674">
    <p class='ocr_par' dir='ltr' id='par_1_82' title="bbox 2189 3597 3770 3674">
     <span class='ocr_line' id='line_1_82' title="bbox 2189 3597 3770 3674; baseline -0.003 -20"><span class='ocrx_word' id='word_1_597' title='bbox 2189 3602 2312 3654; x_wconf 84' lang='grc' dir='ltr'>σθαι</span> <span class='ocrx_word' id='word_1_598' title='bbox 2335 3601 2391 3654; x_wconf 85' lang='grc' dir='ltr'>δὲ</span> <span class='ocrx_word' id='word_1_599' title='bbox 2419 3602 2500 3655; x_wconf 88' lang='grc' dir='ltr'>ὄτι</span> <span class='ocrx_word' id='word_1_600' title='bbox 2527 3601 2674 3668; x_wconf 84' lang='grc' dir='ltr'>ξένον</span> <span class='ocrx_word' id='word_1_601' title='bbox 2704 3597 2772 3672; x_wconf 80' lang='grc' dir='ltr'>ἦν</span> <span class='ocrx_word' id='word_1_602' title='bbox 2805 3601 2964 3674; x_wconf 71' lang='grc' dir='ltr'>ἔργον</span> <span class='ocrx_word' id='word_1_603' title='bbox 3006 3600 3040 3670; x_wconf 73' lang='grc' dir='ltr'>ἢ</span> <span class='ocrx_word' id='word_1_604' title='bbox 3099 3601 3194 3654; x_wconf 75' lang='grc' dir='ltr'>καὶ</span> <span class='ocrx_word' id='word_1_605' title='bbox 3221 3599 3498 3669; x_wconf 82' lang='grc' dir='ltr'>ἀλλότριον</span> <span class='ocrx_word' id='word_1_606' title='bbox 3520 3597 3770 3668; x_wconf 77' lang='grc' dir='ltr'>οὐδαμῶς</span> 
     </span>
    </p>
   </div>
   <div class='ocr_carea' id='block_1_83' title="bbox 2190 3688 3767 3764">
    <p class='ocr_par' dir='ltr' id='par_1_83' title="bbox 2190 3688 3767 3764">
     <span class='ocr_line' id='line_1_83' title="bbox 2190 3688 3767 3764; baseline -0.004 -17"><span class='ocrx_word' id='word_1_607' title='bbox 2190 3693 2282 3747; x_wconf 75' lang='grc' dir='ltr'><strong>τοῦ</strong></span> <span class='ocrx_word' id='word_1_608' title='bbox 2317 3694 2818 3762; x_wconf 80' lang='grc' dir='ltr'>μετασκευάσαντος</span> <span class='ocrx_word' id='word_1_609' title='bbox 2840 3695 2919 3757; x_wconf 83' lang='grc' dir='ltr'><strong>είς</strong></span> <span class='ocrx_word' id='word_1_610' title='bbox 2947 3688 3088 3747; x_wconf 78' lang='grc' dir='ltr'>οἶνον</span> <span class='ocrx_word' id='word_1_611' title='bbox 3113 3692 3210 3764; x_wconf 83' lang='grc' dir='ltr'>τὴν</span> <span class='ocrx_word' id='word_1_612' title='bbox 3241 3689 3333 3744; x_wconf 77' lang='grc' dir='ltr'><strong>τοῦ</strong></span> <span class='ocrx_word' id='word_1_613' title='bbox 3363 3689 3552 3754; x_wconf 80' lang='grc' dir='ltr'>ὓδατος</span> <span class='ocrx_word' id='word_1_614' title='bbox 3585 3691 3767 3760; x_wconf 80' lang='grc' dir='ltr'>φύσιν,</span> 
     </span>
    </p>
   </div>
   <div class='ocr_carea' id='block_1_84' title="bbox 2188 3780 3769 3857">
    <p class='ocr_par' dir='ltr' id='par_1_84' title="bbox 2188 3780 3769 3857">
     <span class='ocr_line' id='line_1_84' title="bbox 2188 3780 3769 3857; baseline -0.003 -19"><span class='ocrx_word' id='word_1_615' title='bbox 2188 3785 2281 3838; x_wconf 80' lang='grc' dir='ltr'>τοῦ</span> <span class='ocrx_word' id='word_1_616' title='bbox 2309 3785 2746 3857; x_wconf 84' lang='grc' dir='ltr'>θεραπεύσαντος</span> <span class='ocrx_word' id='word_1_617' title='bbox 2765 3785 2854 3839; x_wconf 82' lang='grc' dir='ltr'>τὸν</span> <span class='ocrx_word' id='word_1_618' title='bbox 2877 3785 3188 3857; x_wconf 79' lang='grc' dir='ltr'>παράλυτον</span> <span class='ocrx_word' id='word_1_619' title='bbox 3209 3822 3224 3846; x_wconf 89' lang='grc'><strong>,</strong></span> <span class='ocrx_word' id='word_1_620' title='bbox 3257 3781 3349 3835; x_wconf 76' lang='grc' dir='ltr'>καὶ</span> <span class='ocrx_word' id='word_1_621' title='bbox 3370 3782 3471 3847; x_wconf 79' lang='grc' dir='ltr'><strong>τὴν</strong></span> <span class='ocrx_word' id='word_1_622' title='bbox 3489 3780 3632 3834; x_wconf 74' lang='grc' dir='ltr'>οὕτω</span> <span class='ocrx_word' id='word_1_623' title='bbox 3665 3797 3769 3849; x_wconf 82' lang='grc' dir='ltr'>μα-</span> 
     </span>
    </p>
   </div>
   <div class='ocr_carea' id='block_1_85' title="bbox 2192 3870 3774 3947">
    <p class='ocr_par' dir='ltr' id='par_1_85' title="bbox 2192 3870 3774 3947">
     <span class='ocr_line' id='line_1_85' title="bbox 2192 3870 3774 3947; baseline -0.005 -18"><span class='ocrx_word' id='word_1_624' title='bbox 2192 3876 2330 3947; x_wconf 72' lang='grc' dir='ltr'>κρὰν</span> <span class='ocrx_word' id='word_1_625' title='bbox 2359 3876 2669 3946; x_wconf 77' lang='grc' dir='ltr'>ἀρρωστίαν</span> <span class='ocrx_word' id='word_1_626' title='bbox 2717 3876 2798 3930; x_wconf 78' lang='grc' dir='ltr'><strong>ἐνὶ</strong></span> <span class='ocrx_word' id='word_1_627' title='bbox 2836 3874 3309 3945; x_wconf 77' lang='grc' dir='ltr'>κατασοδήσαντος</span> <span class='ocrx_word' id='word_1_628' title='bbox 3345 3871 3524 3942; x_wconf 87' lang='grc' dir='ltr'>λόγῳ,</span> <span class='ocrx_word' id='word_1_629' title='bbox 3579 3870 3676 3923; x_wconf 74' lang='grc' dir='ltr'>καὶ</span> <span class='ocrx_word' id='word_1_630' title='bbox 3709 3870 3774 3922; x_wconf 81' lang='grc' dir='ltr'>ὲκ</span> 
     </span>
    </p>
   </div>
   <div class='ocr_carea' id='block_1_86' title="bbox 2190 3960 3774 4035">
    <p class='ocr_par' dir='ltr' id='par_1_86' title="bbox 2190 3960 3774 4035">
     <span class='ocr_line' id='line_1_86' title="bbox 2190 3960 3774 4035; baseline -0.004 -19"><span class='ocrx_word' id='word_1_631' title='bbox 2190 3963 2283 4016; x_wconf 84' lang='grc' dir='ltr'>τοῦ</span> <span class='ocrx_word' id='word_1_632' title='bbox 2317 3963 2392 4033; x_wconf 83' lang='grc' dir='ltr'>μὴ</span> <span class='ocrx_word' id='word_1_633' title='bbox 2435 3963 2585 4026; x_wconf 77' lang='grc' dir='ltr'>ὄντος</span> <span class='ocrx_word' id='word_1_634' title='bbox 2611 3963 3014 4035; x_wconf 86' lang='grc' dir='ltr'>δημιουργῆσαι</span> <span class='ocrx_word' id='word_1_635' title='bbox 3046 3963 3255 4035; x_wconf 73' lang='grc' dir='ltr'>τροφὰς</span> <span class='ocrx_word' id='word_1_636' title='bbox 3278 4003 3292 4026; x_wconf 83' lang='grc'><strong>,</strong></span> <span class='ocrx_word' id='word_1_637' title='bbox 3342 3962 3436 4014; x_wconf 72' lang='grc' dir='ltr'>καὶ</span> <span class='ocrx_word' id='word_1_638' title='bbox 3459 3960 3650 4027; x_wconf 77' lang='grc' dir='ltr'>ὀλίγας</span> <span class='ocrx_word' id='word_1_639' title='bbox 3681 3975 3774 4011; x_wconf 84' lang='grc' dir='ltr'>κο-</span> 
     </span>
    </p>
   </div>
   <div class='ocr_carea' id='block_1_87' title="bbox 2195 4050 3774 4127">
    <p class='ocr_par' dir='ltr' id='par_1_87' title="bbox 2195 4050 3774 4127">
     <span class='ocr_line' id='line_1_87' title="bbox 2195 4050 3774 4127; baseline -0.003 -19"><span class='ocrx_word' id='word_1_640' title='bbox 2195 4055 2320 4126; x_wconf 84' lang='grc' dir='ltr'>μιδῇ</span> <span class='ocrx_word' id='word_1_641' title='bbox 2367 4055 2462 4119; x_wconf 69' lang='grc' dir='ltr'><strong>τὰς</strong></span> <span class='ocrx_word' id='word_1_642' title='bbox 2491 4056 2808 4127; x_wconf 81' lang='grc' dir='ltr'>ηὑρημένας</span> <span class='ocrx_word' id='word_1_643' title='bbox 2838 4055 3270 4108; x_wconf 80' lang='grc' dir='ltr'>πολυπλασιάσαι</span> <span class='ocrx_word' id='word_1_644' title='bbox 3305 4051 3520 4117; x_wconf 84' lang='grc' dir='ltr'>οεῖκῶς.</span> <span class='ocrx_word' id='word_1_645' title='bbox 3565 4053 3625 4104; x_wconf 83' lang='grc' dir='ltr'><strong>Ἦ</strong></span> <span class='ocrx_word' id='word_1_646' title='bbox 3665 4050 3774 4119; x_wconf 79' lang='grc' dir='ltr'><strong>γὰρ</strong></span> 
     </span>
    </p>
   </div>
   <div class='ocr_carea' id='block_1_88' title="bbox 2193 4140 3772 4214">
    <p class='ocr_par' dir='ltr' id='par_1_88' title="bbox 2193 4140 3772 4214">
     <span class='ocr_line' id='line_1_88' title="bbox 2193 4140 3772 4214; baseline -0.004 -15"><span class='ocrx_word' id='word_1_647' title='bbox 2193 4148 2251 4199; x_wconf 83' lang='grc' dir='ltr'>ὲν</span> <span class='ocrx_word' id='word_1_648' title='bbox 2279 4147 2509 4210; x_wconf 81' lang='grc' dir='ltr'>ἐκείνοις</span> <span class='ocrx_word' id='word_1_649' title='bbox 2541 4145 2758 4210; x_wconf 76' lang='grc' dir='ltr'>ἐξουσία</span> <span class='ocrx_word' id='word_1_650' title='bbox 2778 4188 2792 4210; x_wconf 90' lang='grc'><strong>,</strong></span> <span class='ocrx_word' id='word_1_651' title='bbox 2836 4146 2956 4208; x_wconf 88' lang='grc' dir='ltr'><strong>πῶς</strong></span> <span class='ocrx_word' id='word_1_652' title='bbox 2987 4147 3086 4198; x_wconf 73' lang='grc' dir='ltr'>οὐκ</span> <span class='ocrx_word' id='word_1_653' title='bbox 3111 4145 3176 4198; x_wconf 78' lang='grc' dir='ltr'>ἂν</span> <span class='ocrx_word' id='word_1_654' title='bbox 3204 4143 3316 4214; x_wconf 77' lang='grc' dir='ltr'>ἔχοι</span> <span class='ocrx_word' id='word_1_655' title='bbox 3347 4144 3441 4197; x_wconf 69' lang='grc' dir='ltr'>καὶ</span> <span class='ocrx_word' id='word_1_656' title='bbox 3472 4140 3532 4194; x_wconf 81' lang='grc' dir='ltr'>τὸ</span> <span class='ocrx_word' id='word_1_657' title='bbox 3558 4143 3615 4193; x_wconf 82' lang='grc' dir='ltr'>ὲν</span> <span class='ocrx_word' id='word_1_658' title='bbox 3648 4140 3772 4193; x_wconf 79' lang='grc' dir='ltr'>τού-</span> 
     </span>
    </p>
   </div>
   <div class='ocr_carea' id='block_1_89' title="bbox 2193 4231 3772 4306">
    <p class='ocr_par' dir='ltr' id='par_1_89' title="bbox 2193 4231 3772 4306">
     <span class='ocr_line' id='line_1_89' title="bbox 2193 4231 3772 4306; baseline -0.004 -18"><span class='ocrx_word' id='word_1_659' title='bbox 2193 4252 2307 4298; x_wconf 88' lang='grc' dir='ltr'>τοις</span> <span class='ocrx_word' id='word_1_660' title='bbox 2324 4235 2643 4302; x_wconf 83' lang='grc' dir='ltr'>δραστικόν;</span> <span class='ocrx_word' id='word_1_661' title='bbox 2681 4235 2890 4302; x_wconf 75' lang='grc' dir='ltr'>Οὐκοῦν</span> <span class='ocrx_word' id='word_1_662' title='bbox 2923 4233 3314 4306; x_wconf 75' lang='grc' dir='ltr'>ἀδρανὲστερον</span> <span class='ocrx_word' id='word_1_663' title='bbox 3337 4233 3434 4302; x_wconf 81' lang='grc' dir='ltr'>μὲν</span> <span class='ocrx_word' id='word_1_664' title='bbox 3468 4248 3604 4294; x_wconf 82' lang='grc' dir='ltr'>πως,</span> <span class='ocrx_word' id='word_1_665' title='bbox 3624 4231 3772 4300; x_wconf 74' lang='grc' dir='ltr'>ἥπερ</span> 
     </span>
    </p>
   </div>
   <div class='ocr_carea' id='block_1_90' title="bbox 2194 4319 3776 4402">
    <p class='ocr_par' dir='ltr' id='par_1_90' title="bbox 2194 4319 3776 4402">
     <span class='ocr_line' id='line_1_90' title="bbox 2194 4319 3776 4402; baseline -0.011 -16"><span class='ocrx_word' id='word_1_666' title='bbox 2194 4328 2361 4398; x_wconf 77' lang='grc' dir='ltr'>ἐχρῆν</span> <span class='ocrx_word' id='word_1_667' title='bbox 2422 4327 2602 4402; x_wconf 78' lang='grc' dir='ltr'>ἡτῶν</span> <span class='ocrx_word' id='word_1_668' title='bbox 2655 4327 2912 4398; x_wconf 83' lang='grc' dir='ltr'>μαθητῶν</span> <span class='ocrx_word' id='word_1_669' title='bbox 2949 4325 3276 4397; x_wconf 86' lang='grc' dir='ltr'>ἀπεκρίνετο</span> <span class='ocrx_word' id='word_1_670' title='bbox 3325 4322 3553 4394; x_wconf 87' lang='grc' dir='ltr'>ξυνωρίς</span> <span class='ocrx_word' id='word_1_671' title='bbox 3625 4319 3776 4389; x_wconf 75' lang='grc' dir='ltr'>Πλὴν</span> 
     </span>
    </p>
   </div>
   <div class='ocr_carea' id='block_1_91' title="bbox 2195 4410 3778 4490">
    <p class='ocr_par' dir='ltr' id='par_1_91' title="bbox 2195 4410 3778 4490">
     <span class='ocr_line' id='line_1_91' title="bbox 2195 4410 3778 4490; baseline -0.005 -18"><span class='ocrx_word' id='word_1_672' title='bbox 2195 4418 2458 4490; x_wconf 83' lang='grc' dir='ltr'>ἀορητὲον</span> <span class='ocrx_word' id='word_1_673' title='bbox 2501 4420 2560 4472; x_wconf 83' lang='grc' dir='ltr'>ὲν</span> <span class='ocrx_word' id='word_1_674' title='bbox 2600 4418 2773 4490; x_wconf 85' lang='grc' dir='ltr'>τούτῳ</span> <span class='ocrx_word' id='word_1_675' title='bbox 2810 4417 2970 4472; x_wconf 86' lang='grc' dir='ltr'>πάλιν</span> <span class='ocrx_word' id='word_1_676' title='bbox 3008 4417 3217 4470; x_wconf 70' lang='grc' dir='ltr'><strong>ιέκεϊνο⁹</strong></span> <span class='ocrx_word' id='word_1_677' title='bbox 3267 4414 3335 4466; x_wconf 73' lang='grc' dir='ltr'>τὰ</span> <span class='ocrx_word' id='word_1_678' title='bbox 3376 4414 3484 4482; x_wconf 77' lang='grc' dir='ltr'>γὰρ</span> <span class='ocrx_word' id='word_1_679' title='bbox 3510 4410 3778 4465; x_wconf 81' lang='grc' dir='ltr'>δοκοῦντα</span> 
     </span>
    </p>
   </div>
   <div class='ocr_carea' id='block_1_92' title="bbox 518 4487 2086 4578">
    <p class='ocr_par' dir='ltr' id='par_1_92' title="bbox 518 4492 2086 4563">
     <span class='ocr_line' id='line_1_92' title="bbox 518 4492 2086 4563; baseline 0.003 -17"><span class='ocrx_word' id='word_1_680' title='bbox 518 4492 690 4556; x_wconf 85' lang='lat' dir='ltr'><strong>ducit,</strong></span> <span class='ocrx_word' id='word_1_681' title='bbox 722 4505 850 4561; x_wconf 84' lang='lat' dir='ltr'><strong>erga</strong></span> <span class='ocrx_word' id='word_1_682' title='bbox 899 4508 1063 4563; x_wconf 89' lang='lat' dir='ltr'><strong>quam</strong></span> <span class='ocrx_word' id='word_1_683' title='bbox 1113 4494 1405 4549; x_wconf 85' lang='lat' dir='ltr'><strong>inlirmitas</strong></span> <span class='ocrx_word' id='word_1_684' title='bbox 1430 4510 1620 4550; x_wconf 89' lang='lat' dir='ltr'><strong>cormn</strong></span> <span class='ocrx_word' id='word_1_685' title='bbox 1654 4505 1894 4552; x_wconf 88' lang='lat' dir='ltr'><strong>notetur.</strong></span> <span class='ocrx_word' id='word_1_686' title='bbox 1953 4496 2086 4551; x_wconf 86' lang='lat' dir='ltr'><strong>Nam</strong></span> 
     </span>
    </p>
   </div>
   <div class='ocr_carea' id='block_1_93' title="bbox 2190 4487 3779 4578">
    <p class='ocr_par' dir='ltr' id='par_1_93' title="bbox 2193 4487 3779 4578">
     <span class='ocr_line' id='line_1_93' title="bbox 2193 4487 3779 4578; baseline -0.006 -16"><span class='ocrx_word' id='word_1_687' title='bbox 2193 4487 2304 4574; x_wconf 74' lang='grc' dir='ltr'>τοίς</span> <span class='ocrx_word' id='word_1_688' title='bbox 2325 4487 2504 4578; x_wconf 12' lang='grc' dir='ltr'>ήάγίοις</span> <span class='ocrx_word' id='word_1_689' title='bbox 2526 4510 2619 4563; x_wconf 59' lang='grc' dir='ltr'><strong>καὶ⁸</strong></span> <span class='ocrx_word' id='word_1_690' title='bbox 2642 4487 2982 4564; x_wconf 82' lang='grc' dir='ltr'>διεπταῖσθαι</span> <span class='ocrx_word' id='word_1_691' title='bbox 3005 4507 3146 4562; x_wconf 77' lang='grc' dir='ltr'>κατὰ</span> <span class='ocrx_word' id='word_1_692' title='bbox 3171 4507 3366 4577; x_wconf 77' lang='grc' dir='ltr'>βραχὺ,</span> <span class='ocrx_word' id='word_1_693' title='bbox 3383 4503 3477 4556; x_wconf 76' lang='grc' dir='ltr'>τοῦ</span> <span class='ocrx_word' id='word_1_694' title='bbox 3503 4502 3779 4574; x_wconf 73' lang='grc' dir='ltr'>χρησίμου</span> 
     </span>
    </p>
   </div>
   <div class='ocr_carea' id='block_1_94' title="bbox 517 4585 2094 4659">
    <p class='ocr_par' dir='ltr' id='par_1_94' title="bbox 517 4585 2094 4659">
     <span class='ocr_line' id='line_1_94' title="bbox 517 4585 2094 4659; baseline 0.004 -23"><span class='ocrx_word' id='word_1_695' title='bbox 517 4599 644 4638; x_wconf 81' lang='lat' dir='ltr'><strong>cum</strong></span> <span class='ocrx_word' id='word_1_696' title='bbox 693 4585 980 4638; x_wconf 89' lang='lat' dir='ltr'><strong>memorati</strong></span> <span class='ocrx_word' id='word_1_697' title='bbox 1027 4587 1204 4640; x_wconf 88' lang='lat' dir='ltr'><strong>sancti</strong></span> <span class='ocrx_word' id='word_1_698' title='bbox 1245 4587 1510 4655; x_wconf 89' lang='lat' dir='ltr'><strong>discipuli</strong></span> <span class='ocrx_word' id='word_1_699' title='bbox 1552 4605 1738 4643; x_wconf 89' lang='lat' dir='ltr'><strong>secum</strong></span> <span class='ocrx_word' id='word_1_700' title='bbox 1782 4593 2094 4659; x_wconf 81' lang='lat' dir='ltr'><strong>putaverint</strong></span> 
     </span>
    </p>
   </div>
   <div class='ocr_carea' id='block_1_95' title="bbox 515 4679 2089 4752">
    <p class='ocr_par' dir='ltr' id='par_1_95' title="bbox 515 4679 2089 4752">
     <span class='ocr_line' id='line_1_95' title="bbox 515 4679 2089 4752; baseline 0.002 -17"><span class='ocrx_word' id='word_1_701' title='bbox 515 4688 569 4735; x_wconf 92' lang='lat' dir='ltr'><strong>et</strong></span> <span class='ocrx_word' id='word_1_702' title='bbox 603 4689 792 4750; x_wconf 89' lang='lat' dir='ltr'><strong>aperte</strong></span> <span class='ocrx_word' id='word_1_703' title='bbox 822 4679 1086 4744; x_wconf 76' lang='lat' dir='ltr'><strong>dixerint,</strong></span> <span class='ocrx_word' id='word_1_704' title='bbox 1119 4683 1210 4736; x_wconf 93' lang='lat' dir='ltr'><strong>ille</strong></span> <span class='ocrx_word' id='word_1_705' title='bbox 1243 4683 1488 4752; x_wconf 91' lang='lat' dir='ltr'><strong>quidem,</strong></span> <span class='ocrx_word' id='word_1_706' title='bbox 1517 4684 1882 4740; x_wconf 88' lang='lat' dir='ltr'><strong>ducentorum</strong></span> <span class='ocrx_word' id='word_1_707' title='bbox 1923 4684 2089 4738; x_wconf 84' lang='lat' dir='ltr'><strong>dena-</strong></span> 
     </span>
    </p>
   </div>
   <div class='ocr_carea' id='block_1_96' title="bbox 519 4772 2095 4846">
    <p class='ocr_par' dir='ltr' id='par_1_96' title="bbox 519 4772 2095 4846">
     <span class='ocr_line' id='line_1_96' title="bbox 519 4772 2095 4846; baseline 0.004 -20"><span class='ocrx_word' id='word_1_708' title='bbox 519 4773 724 4827; x_wconf 89' lang='lat' dir='ltr'><strong>riorum</strong></span> <span class='ocrx_word' id='word_1_709' title='bbox 755 4788 925 4842; x_wconf 87' lang='lat' dir='ltr'><strong>panes</strong></span> <span class='ocrx_word' id='word_1_710' title='bbox 967 4788 1074 4828; x_wconf 92' lang='lat' dir='ltr'><strong>non</strong></span> <span class='ocrx_word' id='word_1_711' title='bbox 1113 4772 1446 4828; x_wconf 81' lang='lat' dir='ltr'><strong>sull&#39;eeturos</strong></span> <span class='ocrx_word' id='word_1_712' title='bbox 1493 4774 1584 4840; x_wconf 92' lang='lat' dir='ltr'><strong>iis,</strong></span> <span class='ocrx_word' id='word_1_713' title='bbox 1616 4782 1675 4828; x_wconf 89' lang='lat' dir='ltr'><strong>ut</strong></span> <span class='ocrx_word' id='word_1_714' title='bbox 1712 4776 2095 4846; x_wconf 88' lang='lat' dir='ltr'><strong>unusquisque</strong></span> 
     </span>
    </p>
   </div>
   <div class='ocr_carea' id='block_1_97' title="bbox 519 4862 2091 4936">
    <p class='ocr_par' dir='ltr' id='par_1_97' title="bbox 519 4862 2091 4936">
     <span class='ocr_line' id='line_1_97' title="bbox 519 4862 2091 4936; baseline 0.003 -19"><span class='ocrx_word' id='word_1_715' title='bbox 519 4862 795 4918; x_wconf 89' lang='lat' dir='ltr'><strong>modicum</strong></span> <span class='ocrx_word' id='word_1_716' title='bbox 836 4863 970 4933; x_wconf 88' lang='lat' dir='ltr'><strong>quid</strong></span> <span class='ocrx_word' id='word_1_717' title='bbox 1006 4863 1274 4934; x_wconf 89' lang='lat' dir='ltr'><strong>accipiat;</strong></span> <span class='ocrx_word' id='word_1_718' title='bbox 1315 4865 1402 4920; x_wconf 88' lang='lat' dir='ltr'><strong>hic</strong></span> <span class='ocrx_word' id='word_1_719' title='bbox 1436 4880 1583 4930; x_wconf 79' lang='lat' dir='ltr'><strong>vero,</strong></span> <span class='ocrx_word' id='word_1_720' title='bbox 1623 4864 1691 4920; x_wconf 90' lang='lat' dir='ltr'><strong>de</strong></span> <span class='ocrx_word' id='word_1_721' title='bbox 1720 4865 1963 4935; x_wconf 89' lang='lat' dir='ltr'><strong>quinque</strong></span> <span class='ocrx_word' id='word_1_722' title='bbox 1997 4884 2091 4936; x_wconf 83' lang='lat' dir='ltr'><strong>pa-</strong></span> 
     </span>
    </p>
   </div>
   <div class='ocr_carea' id='block_1_98' title="bbox 521 4953 2095 5027">
    <p class='ocr_par' dir='ltr' id='par_1_98' title="bbox 521 4953 2095 5027">
     <span class='ocr_line' id='line_1_98' title="bbox 521 4953 2095 5027; baseline 0.002 -18"><span class='ocrx_word' id='word_1_723' title='bbox 521 4953 684 5010; x_wconf 87' lang='lat' dir='ltr'><strong>nibus</strong></span> <span class='ocrx_word' id='word_1_724' title='bbox 729 4969 794 5010; x_wconf 90' lang='lat' dir='ltr'><strong>ac</strong></span> <span class='ocrx_word' id='word_1_725' title='bbox 825 4955 1042 5011; x_wconf 89' lang='lat' dir='ltr'><strong>duobus</strong></span> <span class='ocrx_word' id='word_1_726' title='bbox 1072 4956 1343 5027; x_wconf 86' lang='lat' dir='ltr'><strong>piscibus,</strong></span> <span class='ocrx_word' id='word_1_727' title='bbox 1378 4956 1512 5026; x_wconf 84' lang='lat' dir='ltr'><strong>quid</strong></span> <span class='ocrx_word' id='word_1_728' title='bbox 1541 4958 1658 5013; x_wconf 70' lang='lat' dir='ltr'><strong>hwc</strong></span> <span class='ocrx_word' id='word_1_729' title='bbox 1692 4959 1836 5012; x_wconf 85' lang='lat' dir='ltr'><strong>inter</strong></span> <span class='ocrx_word' id='word_1_730' title='bbox 1867 4960 2095 5014; x_wconf 86' lang='lat' dir='ltr'><strong>tantos?</strong></span> 
     </span>
    </p>
   </div>
   <div class='ocr_carea' id='block_1_99' title="bbox 517 5047 2094 5119">
    <p class='ocr_par' dir='ltr' id='par_1_99' title="bbox 517 5047 2094 5119">
     <span class='ocr_line' id='line_1_99' title="bbox 517 5047 2094 5119; baseline 0.003 -17"><span class='ocrx_word' id='word_1_731' title='bbox 517 5047 792 5103; x_wconf 83' lang='lat' dir='ltr'><strong>extollunt</strong></span> <span class='ocrx_word' id='word_1_732' title='bbox 835 5049 1244 5119; x_wconf 88' lang='lat' dir='ltr'><strong>quodammodo</strong></span> <span class='ocrx_word' id='word_1_733' title='bbox 1287 5049 1372 5106; x_wconf 89' lang='lat' dir='ltr'><strong>his</strong></span> <span class='ocrx_word' id='word_1_734' title='bbox 1410 5050 1592 5107; x_wconf 86' lang='lat' dir='ltr'><strong>verbis</strong></span> <span class='ocrx_word' id='word_1_735' title='bbox 1639 5051 1990 5116; x_wconf 80' lang='lat' dir='ltr'><strong>miraculum,</strong></span> <span class='ocrx_word' id='word_1_736' title='bbox 2041 5060 2094 5106; x_wconf 85' lang='lat' dir='ltr'><strong>et</strong></span> 
     </span>
    </p>
   </div>
   <div class='ocr_carea' id='block_1_100' title="bbox 521 5138 2094 5214">
    <p class='ocr_par' dir='ltr' id='par_1_100' title="bbox 521 5138 2094 5214">
     <span class='ocr_line' id='line_1_100' title="bbox 521 5138 2094 5214; baseline 0.003 -21"><span class='ocrx_word' id='word_1_737' title='bbox 521 5138 820 5212; x_wconf 86' lang='lat' dir='ltr'><strong>Salvatoris</strong></span> <span class='ocrx_word' id='word_1_738' title='bbox 847 5141 1147 5210; x_wconf 89' lang='lat' dir='ltr'><strong>potentiam</strong></span> <span class='ocrx_word' id='word_1_739' title='bbox 1181 5141 1541 5198; x_wconf 90' lang='lat' dir='ltr'><strong>illustriorem</strong></span> <span class='ocrx_word' id='word_1_740' title='bbox 1589 5144 1844 5208; x_wconf 87' lang='lat' dir='ltr'><strong>reddunt,</strong></span> <span class='ocrx_word' id='word_1_741' title='bbox 1887 5144 2094 5214; x_wconf 78' lang='lat' dir='ltr'><strong>signifi-</strong></span> 
     </span>
    </p>
   </div>
   <div class='ocr_carea' id='block_1_101' title="bbox 519 5227 2095 5301">
    <p class='ocr_par' dir='ltr' id='par_1_101' title="bbox 519 5227 2095 5301">
     <span class='ocr_line' id='line_1_101' title="bbox 519 5227 2095 5301; baseline 0.005 -18"><span class='ocrx_word' id='word_1_742' title='bbox 519 5227 699 5284; x_wconf 89' lang='lat' dir='ltr'><strong>cando</strong></span> <span class='ocrx_word' id='word_1_743' title='bbox 736 5229 962 5300; x_wconf 76' lang='lat' dir='ltr'><strong>iamjam</strong></span> <span class='ocrx_word' id='word_1_744' title='bbox 999 5232 1262 5287; x_wconf 87' lang='lat' dir='ltr'><strong>satiatmn</strong></span> <span class='ocrx_word' id='word_1_745' title='bbox 1319 5233 1387 5286; x_wconf 93' lang='lat' dir='ltr'><strong>iri</strong></span> <span class='ocrx_word' id='word_1_746' title='bbox 1437 5233 1865 5301; x_wconf 91' lang='lat' dir='ltr'><strong>multitudinem,</strong></span> <span class='ocrx_word' id='word_1_747' title='bbox 1911 5245 1966 5291; x_wconf 83' lang='lat' dir='ltr'><strong>et</strong></span> <span class='ocrx_word' id='word_1_748' title='bbox 2013 5239 2095 5291; x_wconf 87' lang='lat' dir='ltr'><strong>vis</strong></span> 
     </span>
    </p>
   </div>
   <div class='ocr_carea' id='block_1_102' title="bbox 519 5321 2094 5384">
    <p class='ocr_par' dir='ltr' id='par_1_102' title="bbox 519 5321 2094 5384">
     <span class='ocr_line' id='line_1_102' title="bbox 519 5321 2094 5384; baseline 0.004 -8"><span class='ocrx_word' id='word_1_749' title='bbox 519 5321 930 5378; x_wconf 85' lang='lat' dir='ltr'><strong>incredulitatis</strong></span> <span class='ocrx_word' id='word_1_750' title='bbox 973 5323 1028 5378; x_wconf 90' lang='lat' dir='ltr'><strong>in</strong></span> <span class='ocrx_word' id='word_1_751' title='bbox 1072 5325 1275 5378; x_wconf 91' lang='lat' dir='ltr'><strong>bonum</strong></span> <span class='ocrx_word' id='word_1_752' title='bbox 1331 5326 1400 5382; x_wconf 92' lang='lat' dir='ltr'><strong>de</strong></span> <span class='ocrx_word' id='word_1_753' title='bbox 1457 5325 1680 5383; x_wconf 85' lang='lat' dir='ltr'><strong>Christo</strong></span> <span class='ocrx_word' id='word_1_754' title='bbox 1718 5329 2094 5384; x_wconf 87' lang='lat' dir='ltr'><strong>testimonium</strong></span> 
     </span>
    </p>
   </div>
   <div class='ocr_carea' id='block_1_103' title="bbox 519 5413 2093 5477">
    <p class='ocr_par' dir='ltr' id='par_1_103' title="bbox 519 5413 2093 5477">
     <span class='ocr_line' id='line_1_103' title="bbox 519 5413 2093 5477; baseline 0.006 -12"><span class='ocrx_word' id='word_1_755' title='bbox 519 5413 686 5468; x_wconf 88' lang='lat' dir='ltr'><strong>cedit.</strong></span> <span class='ocrx_word' id='word_1_756' title='bbox 721 5413 936 5477; x_wconf 88' lang='lat' dir='ltr'><strong>Quibus</strong></span> <span class='ocrx_word' id='word_1_757' title='bbox 963 5416 1111 5471; x_wconf 86' lang='lat' dir='ltr'><strong>enim</strong></span> <span class='ocrx_word' id='word_1_758' title='bbox 1152 5434 1214 5471; x_wconf 80' lang='lat' dir='ltr'><strong>ex</strong></span> <span class='ocrx_word' id='word_1_759' title='bbox 1252 5419 1412 5473; x_wconf 87' lang='lat' dir='ltr'><strong>rebus</strong></span> <span class='ocrx_word' id='word_1_760' title='bbox 1443 5419 1683 5475; x_wconf 78' lang='lat' dir='ltr'><strong>confessi</strong></span> <span class='ocrx_word' id='word_1_761' title='bbox 1719 5430 1846 5475; x_wconf 85' lang='lat' dir='ltr'><strong>sunt</strong></span> <span class='ocrx_word' id='word_1_762' title='bbox 1886 5430 2093 5474; x_wconf 85' lang='lat' dir='ltr'><strong>tantam</strong></span> 
     </span>
    </p>
   </div>
   <div class='ocr_carea' id='block_1_104' title="bbox 525 5503 2096 5570">
    <p class='ocr_par' dir='ltr' id='par_1_104' title="bbox 525 5503 2096 5570">
     <span class='ocr_line' id='line_1_104' title="bbox 525 5503 2096 5570; baseline 0.006 -14"><span class='ocrx_word' id='word_1_763' title='bbox 525 5503 770 5570; x_wconf 66' lang='lat' dir='ltr'><strong>pecunia:</strong></span> <span class='ocrx_word' id='word_1_764' title='bbox 820 5519 1094 5561; x_wconf 88' lang='lat' dir='ltr'><strong>summam</strong></span> <span class='ocrx_word' id='word_1_765' title='bbox 1136 5507 1200 5562; x_wconf 86' lang='lat' dir='ltr'><strong>ad</strong></span> <span class='ocrx_word' id='word_1_766' title='bbox 1249 5509 1442 5564; x_wconf 87' lang='lat' dir='ltr'><strong>turbas</strong></span> <span class='ocrx_word' id='word_1_767' title='bbox 1474 5511 1557 5566; x_wconf 83' lang='lat' dir='ltr'><strong>vel</strong></span> <span class='ocrx_word' id='word_1_768' title='bbox 1593 5510 1805 5567; x_wconf 84' lang='lat' dir='ltr'><strong>modice</strong></span> <span class='ocrx_word' id='word_1_769' title='bbox 1848 5512 2096 5566; x_wconf 66' lang='lat' dir='ltr'><strong>l‘t‘ﬁtiCH&#39;</strong></span> 
     </span>
    </p>
   </div>
   <div class='ocr_carea' id='block_1_105' title="bbox 597 5673 1103 5742">
    <p class='ocr_par' dir='ltr' id='par_1_105' title="bbox 597 5673 1103 5742">
     <span class='ocr_line' id='line_1_105' title="bbox 597 5673 1103 5742; baseline 0.004 -12"><span class='ocrx_word' id='word_1_770' title='bbox 597 5675 638 5708; x_wconf 80' lang='lat'><strong>&quot;</strong></span> <span class='ocrx_word' id='word_1_771' title='bbox 665 5673 801 5731; x_wconf 76' lang='lat' dir='ltr'><strong>Luc.</strong></span> <span class='ocrx_word' id='word_1_772' title='bbox 832 5680 1103 5742; x_wconf 65' lang='lat'><strong>“111.27.</strong></span> 
     </span>
    </p>
   </div>
   <div class='ocr_carea' id='block_1_106' title="bbox 2198 4582 3779 4672">
    <p class='ocr_par' dir='ltr' id='par_1_106' title="bbox 2198 4582 3779 4672">
     <span class='ocr_line' id='line_1_106' title="bbox 2198 4582 3779 4672; baseline -0.008 -18"><span class='ocrx_word' id='word_1_773' title='bbox 2198 4601 2456 4664; x_wconf 80' lang='grc' dir='ltr'>πολλάκις</span> <span class='ocrx_word' id='word_1_774' title='bbox 2481 4602 2579 4654; x_wconf 84' lang='grc' dir='ltr'>οὐκ</span> <span class='ocrx_word' id='word_1_775' title='bbox 2606 4602 2856 4672; x_wconf 84' lang='grc' dir='ltr'>ἀμοιρεῖ,</span> <span class='ocrx_word' id='word_1_776' title='bbox 2895 4599 3008 4654; x_wconf 77' lang='grc' dir='ltr'>ἀλλ’</span> <span class='ocrx_word' id='word_1_777' title='bbox 3038 4597 3151 4668; x_wconf 72' lang='grc' dir='ltr'>ἔχει</span> <span class='ocrx_word' id='word_1_778' title='bbox 3181 4597 3232 4651; x_wconf 86' lang='grc' dir='ltr'><strong>τί</strong></span> <span class='ocrx_word' id='word_1_779' title='bbox 3263 4582 3779 4666; x_wconf 81' lang='grc' dir='ltr'>συμπεπλεγμένον.</span> 
     </span>
    </p>
   </div>
   <div class='ocr_carea' id='block_1_107' title="bbox 2193 4684 3779 4762">
    <p class='ocr_par' dir='ltr' id='par_1_107' title="bbox 2193 4684 3779 4762">
     <span class='ocr_line' id='line_1_107' title="bbox 2193 4684 3779 4762; baseline -0.006 -18"><span class='ocrx_word' id='word_1_780' title='bbox 2193 4691 2221 4744; x_wconf 78' lang='grc' dir='ltr'><strong><em>ὃ</em></strong></span> <span class='ocrx_word' id='word_1_781' title='bbox 2255 4695 2321 4762; x_wconf 84' lang='grc' dir='ltr'><strong>τῇ</strong></span> <span class='ocrx_word' id='word_1_782' title='bbox 2354 4692 2446 4744; x_wconf 79' lang='grc' dir='ltr'><strong>τοῦ</strong></span> <span class='ocrx_word' id='word_1_783' title='bbox 2497 4692 2820 4761; x_wconf 76' lang='grc' dir='ltr'>πράγματος</span> <span class='ocrx_word' id='word_1_784' title='bbox 2869 4690 3027 4760; x_wconf 76' lang='grc' dir='ltr'>φύσει</span> <span class='ocrx_word' id='word_1_785' title='bbox 3066 4688 3362 4750; x_wconf 85' lang='grc' dir='ltr'>λυσιτελεῖ,</span> <span class='ocrx_word' id='word_1_786' title='bbox 3419 4687 3547 4756; x_wconf 81' lang='grc' dir='ltr'>περὶ</span> <span class='ocrx_word' id='word_1_787' title='bbox 3588 4685 3656 4756; x_wconf 78' lang='grc' dir='ltr'>ἢν</span> <span class='ocrx_word' id='word_1_788' title='bbox 3710 4684 3779 4738; x_wconf 81' lang='grc' dir='ltr'>ἂν</span> 
     </span>
    </p>
   </div>
   <div class='ocr_carea' id='block_1_108' title="bbox 2196 4775 3780 4850">
    <p class='ocr_par' dir='ltr' id='par_1_108' title="bbox 2196 4775 3780 4850">
     <span class='ocr_line' id='line_1_108' title="bbox 2196 4775 3780 4850; baseline -0.003 -18"><span class='ocrx_word' id='word_1_789' title='bbox 2196 4781 2404 4848; x_wconf 88' lang='grc' dir='ltr'>γένοιτο</span> <span class='ocrx_word' id='word_1_790' title='bbox 2418 4782 2514 4850; x_wconf 84' lang='grc' dir='ltr'>τῆς</span> <span class='ocrx_word' id='word_1_791' title='bbox 2531 4779 2793 4850; x_wconf 72' lang='grc' dir='ltr'>δοκούσης</span> <span class='ocrx_word' id='word_1_792' title='bbox 2821 4779 3102 4842; x_wconf 80' lang='grc' dir='ltr'>ἀσθενείας</span> <span class='ocrx_word' id='word_1_793' title='bbox 3134 4777 3313 4831; x_wconf 77' lang='grc' dir='ltr'>αὐτῶν</span> <span class='ocrx_word' id='word_1_794' title='bbox 3341 4777 3407 4830; x_wconf 76' lang='grc' dir='ltr'><strong>τὰ</strong></span> <span class='ocrx_word' id='word_1_795' title='bbox 3430 4775 3780 4844; x_wconf 72' lang='grc' dir='ltr'>ἐγκλήματα.</span> 
     </span>
    </p>
   </div>
   <div class='ocr_carea' id='block_1_109' title="bbox 2195 4865 3779 4942">
    <p class='ocr_par' dir='ltr' id='par_1_109' title="bbox 2195 4865 3779 4942">
     <span class='ocr_line' id='line_1_109' title="bbox 2195 4865 3779 4942; baseline -0.003 -20"><span class='ocrx_word' id='word_1_796' title='bbox 2195 4869 2558 4939; x_wconf 87' lang='grc' dir='ltr'>Λογισάμενοι</span> <span class='ocrx_word' id='word_1_797' title='bbox 2606 4870 2715 4940; x_wconf 77' lang='grc' dir='ltr'>γὰρ</span> <span class='ocrx_word' id='word_1_798' title='bbox 2756 4873 2805 4924; x_wconf 79' lang='lat' dir='ltr'><strong>oi</strong></span> <span class='ocrx_word' id='word_1_799' title='bbox 2835 4869 3296 4942; x_wconf 79' lang='grc' dir='ltr'>μνημονευθέντες</span> <span class='ocrx_word' id='word_1_800' title='bbox 3327 4867 3473 4935; x_wconf 78' lang='grc' dir='ltr'>ἆγιοι</span> <span class='ocrx_word' id='word_1_801' title='bbox 3509 4865 3779 4937; x_wconf 77' lang='grc' dir='ltr'>μαθηταὶ,</span> 
     </span>
    </p>
   </div>
   <div class='ocr_carea' id='block_1_110' title="bbox 2200 4957 3779 5032">
    <p class='ocr_par' dir='ltr' id='par_1_110' title="bbox 2200 4957 3779 5032">
     <span class='ocr_line' id='line_1_110' title="bbox 2200 4957 3779 5032; baseline -0.003 -20"><span class='ocrx_word' id='word_1_802' title='bbox 2200 4959 2295 5012; x_wconf 73' lang='grc' dir='ltr'>καὶ</span> <span class='ocrx_word' id='word_1_803' title='bbox 2327 4959 2512 5028; x_wconf 73' lang='grc' dir='ltr'>σαφῶς</span> <span class='ocrx_word' id='word_1_804' title='bbox 2541 4961 2822 5030; x_wconf 82' lang='grc' dir='ltr'>εἰρηκότες</span> <span class='ocrx_word' id='word_1_805' title='bbox 2841 5000 2855 5026; x_wconf 86' lang='grc'><strong>,</strong></span> <span class='ocrx_word' id='word_1_806' title='bbox 2889 4961 2917 5014; x_wconf 87' lang='grc' dir='ltr'>ὁ</span> <span class='ocrx_word' id='word_1_807' title='bbox 2957 4961 3054 5032; x_wconf 86' lang='grc' dir='ltr'>μὲν</span> <span class='ocrx_word' id='word_1_808' title='bbox 3081 4961 3162 5014; x_wconf 79' lang='grc' dir='ltr'>ὅτι</span> <span class='ocrx_word' id='word_1_809' title='bbox 3194 4959 3484 5013; x_wconf 86' lang='grc' dir='ltr'>διακοσίων</span> <span class='ocrx_word' id='word_1_810' title='bbox 3506 4957 3779 5029; x_wconf 81' lang='grc' dir='ltr'>δηναρίων</span> 
     </span>
    </p>
   </div>
   <div class='ocr_carea' id='block_1_111' title="bbox 2200 5047 3776 5122">
    <p class='ocr_par' dir='ltr' id='par_1_111' title="bbox 2200 5047 3776 5122">
     <span class='ocr_line' id='line_1_111' title="bbox 2200 5047 3776 5122; baseline -0.004 -16"><span class='ocrx_word' id='word_1_811' title='bbox 2200 5051 2354 5121; x_wconf 79' lang='grc' dir='ltr'>ἄρτοι</span> <span class='ocrx_word' id='word_1_812' title='bbox 2403 5051 2504 5104; x_wconf 83' lang='grc' dir='ltr'>οὐκ</span> <span class='ocrx_word' id='word_1_813' title='bbox 2547 5051 2810 5122; x_wconf 75' lang='grc' dir='ltr'>ἀρκοῦσιν</span> <span class='ocrx_word' id='word_1_814' title='bbox 2849 5054 3064 5116; x_wconf 76' lang='grc' dir='ltr'>αὐτοῖς,</span> <span class='ocrx_word' id='word_1_815' title='bbox 3126 5053 3212 5105; x_wconf 82' lang='grc' dir='ltr'>ἵνα</span> <span class='ocrx_word' id='word_1_816' title='bbox 3249 5047 3481 5113; x_wconf 71' lang='grc' dir='ltr'>ἕκαστος</span> <span class='ocrx_word' id='word_1_817' title='bbox 3517 5048 3696 5119; x_wconf 85' lang='grc' dir='ltr'>βραχύ</span> <span class='ocrx_word' id='word_1_818' title='bbox 3729 5064 3776 5099; x_wconf 82' lang='grc' dir='ltr'><strong>τι</strong></span> 
     </span>
    </p>
   </div>
   <div class='ocr_carea' id='block_1_112' title="bbox 2201 5139 3772 5214">
    <p class='ocr_par' dir='ltr' id='par_1_112' title="bbox 2201 5139 3772 5214">
     <span class='ocr_line' id='line_1_112' title="bbox 2201 5139 3772 5214; baseline -0.003 -20"><span class='ocrx_word' id='word_1_819' title='bbox 2201 5141 2340 5214; x_wconf 79' lang='grc' dir='ltr'>λάδῃ</span> <span class='ocrx_word' id='word_1_820' title='bbox 2367 5158 2381 5173; x_wconf 83' lang='lat'><strong><em>°</em></strong></span> <span class='ocrx_word' id='word_1_821' title='bbox 2429 5143 2457 5194; x_wconf 82' lang='lat'>6</span> <span class='ocrx_word' id='word_1_822' title='bbox 2483 5142 2571 5210; x_wconf 85' lang='grc' dir='ltr'>δὲ,</span> <span class='ocrx_word' id='word_1_823' title='bbox 2606 5144 2732 5212; x_wconf 87' lang='grc' dir='ltr'>περί</span> <span class='ocrx_word' id='word_1_824' title='bbox 2757 5161 2816 5196; x_wconf 89' lang='grc' dir='ltr'><strong>τε</strong></span> <span class='ocrx_word' id='word_1_825' title='bbox 2845 5144 2952 5196; x_wconf 89' lang='grc' dir='ltr'><strong>τῶν</strong></span> <span class='ocrx_word' id='word_1_826' title='bbox 2977 5147 3136 5197; x_wconf 83' lang='grc' dir='ltr'>πέντε</span> <span class='ocrx_word' id='word_1_827' title='bbox 3169 5143 3349 5212; x_wconf 80' lang='grc' dir='ltr'>ἀρτων</span> <span class='ocrx_word' id='word_1_828' title='bbox 3369 5183 3384 5206; x_wconf 85' lang='grc'><strong>,</strong></span> <span class='ocrx_word' id='word_1_829' title='bbox 3421 5142 3512 5194; x_wconf 76' lang='grc' dir='ltr'>καὶ</span> <span class='ocrx_word' id='word_1_830' title='bbox 3539 5140 3651 5192; x_wconf 82' lang='grc' dir='ltr'><strong>τῶν</strong></span> <span class='ocrx_word' id='word_1_831' title='bbox 3689 5139 3772 5192; x_wconf 71' lang='grc' dir='ltr'>δῦο</span> 
     </span>
    </p>
   </div>
   <div class='ocr_carea' id='block_1_113' title="bbox 2207 5229 3772 5307">
    <p class='ocr_par' dir='ltr' id='par_1_113' title="bbox 2207 5229 3772 5307">
     <span class='ocr_line' id='line_1_113' title="bbox 2207 5229 3772 5307; baseline -0.006 -19"><span class='ocrx_word' id='word_1_832' title='bbox 2207 5235 2424 5307; x_wconf 78' lang='grc' dir='ltr'>ἰχθύων,</span> <span class='ocrx_word' id='word_1_833' title='bbox 2469 5235 2550 5289; x_wconf 84' lang='grc' dir='ltr'>ὅτι</span> <span class='ocrx_word' id='word_1_834' title='bbox 2591 5235 2764 5288; x_wconf 76' lang='grc' dir='ltr'>ταῦτα</span> <span class='ocrx_word' id='word_1_835' title='bbox 2807 5235 2858 5288; x_wconf 86' lang='grc' dir='ltr'><strong>τί</strong></span> <span class='ocrx_word' id='word_1_836' title='bbox 2889 5237 3036 5287; x_wconf 83' lang='grc' dir='ltr'>ἐστιν</span> <span class='ocrx_word' id='word_1_837' title='bbox 3068 5236 3145 5296; x_wconf 82' lang='grc' dir='ltr'><strong>είς</strong></span> <span class='ocrx_word' id='word_1_838' title='bbox 3185 5231 3520 5298; x_wconf 79' lang='grc' dir='ltr'>τοσούτους;</span> <span class='ocrx_word' id='word_1_839' title='bbox 3563 5229 3772 5301; x_wconf 74' lang='grc' dir='ltr'>αἴρουσί</span> 
     </span>
    </p>
   </div>
   <div class='ocr_carea' id='block_1_114' title="bbox 2203 5307 3778 5397">
    <p class='ocr_par' dir='ltr' id='par_1_114' title="bbox 2203 5307 3778 5397">
     <span class='ocr_line' id='line_1_114' title="bbox 2203 5307 3778 5397; baseline 0.006 -25"><span class='ocrx_word' id='word_1_840' title='bbox 2203 5345 2319 5390; x_wconf 82' lang='grc' dir='ltr'><strong>πως</strong></span> <span class='ocrx_word' id='word_1_841' title='bbox 2347 5329 2424 5391; x_wconf 80' lang='grc' dir='ltr'><strong>εἰς</strong></span> <span class='ocrx_word' id='word_1_842' title='bbox 2457 5327 2588 5397; x_wconf 72' lang='grc' dir='ltr'>ὕψος</span> <span class='ocrx_word' id='word_1_843' title='bbox 2617 5327 2677 5378; x_wconf 73' lang='grc' dir='ltr'>τὸ</span> <span class='ocrx_word' id='word_1_844' title='bbox 2705 5325 2910 5396; x_wconf 81' lang='grc' dir='ltr'>Θαῦμα,</span> <span class='ocrx_word' id='word_1_845' title='bbox 2934 5327 3024 5379; x_wconf 73' lang='grc' dir='ltr'><strong>καὶ</strong></span> <span class='ocrx_word' id='word_1_846' title='bbox 3047 5307 3520 5396; x_wconf 60' lang='grc' dir='ltr'>τὶεριιρανεστάτην</span> <span class='ocrx_word' id='word_1_847' title='bbox 3542 5322 3778 5396; x_wconf 72' lang='grc' dir='ltr'>ἀπεργάο</span> 
     </span>
    </p>
   </div>
   <div class='ocr_carea' id='block_1_115' title="bbox 2204 5415 3784 5490">
    <p class='ocr_par' dir='ltr' id='par_1_115' title="bbox 2204 5415 3784 5490">
     <span class='ocr_line' id='line_1_115' title="bbox 2204 5415 3784 5490; baseline -0.004 -19"><span class='ocrx_word' id='word_1_848' title='bbox 2204 5419 2384 5483; x_wconf 81' lang='grc' dir='ltr'>ζονται</span> <span class='ocrx_word' id='word_1_849' title='bbox 2427 5420 2524 5490; x_wconf 82' lang='grc' dir='ltr'>τὴν</span> <span class='ocrx_word' id='word_1_850' title='bbox 2563 5419 2657 5472; x_wconf 85' lang='grc' dir='ltr'>τοῦ</span> <span class='ocrx_word' id='word_1_851' title='bbox 2703 5419 2952 5490; x_wconf 81' lang='grc' dir='ltr'>Σωτῆρος</span> <span class='ocrx_word' id='word_1_852' title='bbox 2995 5419 3181 5488; x_wconf 79' lang='grc' dir='ltr'>ἰσχὺν,</span> <span class='ocrx_word' id='word_1_853' title='bbox 3228 5417 3326 5488; x_wconf 83' lang='grc' dir='ltr'>τὴν</span> <span class='ocrx_word' id='word_1_854' title='bbox 3375 5418 3498 5470; x_wconf 78' lang='grc' dir='ltr'>ὅσον</span> <span class='ocrx_word' id='word_1_855' title='bbox 3531 5415 3658 5468; x_wconf 71' lang='grc' dir='ltr'>οὐδὲ</span> <span class='ocrx_word' id='word_1_856' title='bbox 3697 5429 3784 5465; x_wconf 85' lang='grc' dir='ltr'><strong>πω</strong></span> 
     </span>
    </p>
   </div>
   <div class='ocr_carea' id='block_1_116' title="bbox 2207 5507 3790 5584">
    <p class='ocr_par' dir='ltr' id='par_1_116' title="bbox 2207 5507 3790 5584">
     <span class='ocr_line' id='line_1_116' title="bbox 2207 5507 3790 5584; baseline -0.003 -20"><span class='ocrx_word' id='word_1_857' title='bbox 2207 5511 2676 5584; x_wconf 79' lang='grc' dir='ltr'>κορεσθησομὲνην</span> <span class='ocrx_word' id='word_1_858' title='bbox 2708 5507 2925 5583; x_wconf 71' lang='grc' dir='ltr'>’πληθὺν</span> <span class='ocrx_word' id='word_1_859' title='bbox 2964 5511 3049 5566; x_wconf 71' lang='grc' dir='ltr'>διὰ</span> <span class='ocrx_word' id='word_1_860' title='bbox 3071 5510 3177 5566; x_wconf 84' lang='grc' dir='ltr'><strong>τῶν</strong></span> <span class='ocrx_word' id='word_1_861' title='bbox 3215 5508 3428 5564; x_wconf 81' lang='grc' dir='ltr'>οἰκείων</span> <span class='ocrx_word' id='word_1_862' title='bbox 3458 5507 3790 5578; x_wconf 76' lang='grc' dir='ltr'>κατασημὴ-</span> 
     </span>
    </p>
   </div>
  </div>
