4032 6200
394 206 504 263 H9

1484 208 1552 265 IN
1584 209 2351 269 ιυΑΝΝιεΕνΑΝοειιωι
2386 211 2512 268 LIB.
2549 212 2636 268 111.

3552 222 3657 280 650
3674 232 3679 241 “

392 336 584 385 iuvre;
600 321 793 391 λόγων,
815 322 908 377 καὶ
930 320 1356 394 περιτέτραπται
1379 322 1475 392 τῆς
1492 323 1752 387 ἀπιστίας
1774 324 1808 393 ἡ
1826 323 1966 378 δύνα-

2084 326 2186 383 das
2217 343 2326 383 non
2358 328 2735 391 snﬂ'erturam,
2781 326 2975 382 iisdem
3009 326 3145 399 ipsis
3177 325 3511 386 incﬂabilem
3542 335 3659 389 illas

389 430 488 483 μις
507 451 528 478 ,
566 415 648 476 εἰς
675 412 888 484 ἀγαθὴν
922 413 1226 483 μαρωρὲαν
1263 412 1362 483 τὴν
1388 414 1483 466 ἐπὶ
1515 414 1755 486 Χριστῷ,
1794 416 1872 468 Δι’
1902 408 1977 469 ὧν

386 503 503 575 Ta?
545 504 662 566 τοῖς
696 503 876 573 ὄχλοις
922 505 1024 557 οὐκ
1060 503 1376 575 ἐξαρκέσειν
1421 503 1806 576 ὡμολογήκασι
1841 507 1976 577 πρὸς

387 595 652 664 βραχεῖαν
698 594 997 648 ἀπόλαυσιν
1033 594 1141 649 τῶν
1166 595 1435 648 τοσούτων
1483 595 1762 667 ἀργυρίων
1788 596 1849 650 τὸ
1880 598 1972 667 μέο

386 702 542 758 τρον,
561 685 652 738 διὰ
678 685 884 739 τούτων
907 686 1084 740 αὐτῶν
1112 688 1213 756 τὴν
1243 687 1555 758 ἀπόρρητον
1579 687 1671 740 τοῦ
1692 687 1977 751 ἐστιῶντος

387 764 835 845 καταστρέφουσι
865 776 1095 846 δύναμιν
1120 817 1136 842 ,
1164 777 1253 831 ὅτε
1276 776 1342 847 δὴ
1373 778 1468 831 καὶ
1495 778 1703 842 ἐνόντος
1723 778 1935 843 οὐδενός
1957 796 1971 810 ·

385 866 443 918 τί
469 866 579 937 γὰρ
616 862 686 936 ἦν
713 869 795 931 είς
821 867 1108 932 τοσούτους
1135 867 1204 922 τά
1244 868 1400 939 παρὰ
1429 868 1510 939 τῷ
1540 869 1809 942 παιδαρίῳ
1833 869 1976 924 κατά

387 957 483 1010 τὸν
530 958 777 1029 Ἀνδρέου
802 958 995 1026 λόγον;
1036 958 1105 1012 τὰ
1133 959 1231 1029 τῆς
1252 959 1332 1022 είς
1354 959 1481 1022 τοὺς
1513 960 1703 1030 ϐχλους
1755 960 1974 1028 ἀγάπης

389 1048 485 1101 καὶ
528 1047 732 1117 σφόδρα
756 1046 1025 1112 πλουσίως
1057 1048 1350 1120 ἐκϐέϐηκε.
1386 1049 1656 1120 Τοιαύτην
1685 1048 1808 1102 τινὰ
1836 1050 1974 1102 κατὰ

384 1140 489 1211 τὴν
534 1140 743 1209 ἔρημον
775 1140 872 1194 καὶ
913 1139 1013 1210 τὴν
1060 1139 1155 1193 τοῦ
1206 1140 1482 1209 πανσόφου
1537 1139 1778 1201 Μωσέως
1803 1139 1974 1207 όλιγου

386 1234 612 1287 πιστίαν
631 1234 961 1305 εὑρήσομεν.
1001 1232 1256 1286 Ἔκλαιον
1293 1231 1393 1304 μὲν
1415 1232 1525 1305 γάρ
1553 1233 1603 1285 οἱ
1640 1231 1700 1296 ἐξ
1735 1230 1970 1303 Ἰσραὴλ,

383 1325 486 1378 καὶ
514 1325 651 1396 πρὸς
682 1324 940 1395 βδελυρὰν
964 1323 1260 1380 ἐπιθυμίαν
1311 1323 1418 1378 τῶν
1464 1325 1521 1378 ἐν
1551 1322 1811 1394 Αἰγύπτῳ
1838 1339 1971 1392 τρα-

381 1415 572 1480 πεζῶν
628 1414 1110 1486 κατηρεθισμένοι,
1168 1414 1402 1485 λέϐητας
1473 1414 1573 1486 μὲν
1628 1415 1970 1487 ἀκαθάρτους

381 1508 756 1575 ἐφαντάζοντο
776 1504 987 1578 κρεῶν,
1018 1504 1321 1579 κρομμύων
1359 1504 1416 1559 δέ
1444 1505 1541 1558 καὶ
1573 1503 1842 1577 σκορόδων
1875 1505 1971 1559 καὶ

381 1600 490 1668 τῆς
522 1599 579 1650 ἐν
615 1599 725 1661 τοῖς
754 1596 1025 1668 ὁμοειδέσι
1057 1597 1426 1668 χυδαιότητος,
1476 1596 1557 1659 είς
1586 1594 1969 1666 ἐκτοπωτάτην

2085 420 2391 473 saturantis
2448 419 2704 473 virtutem
2759 416 3167 487 deprzedicant,
3228 421 3454 488 quando
3510 433 3655 480 certe
3688 469 3707 476 -

2082 509 2246 563 etiam
2294 524 2418 563 cum
2456 510 2592 589 nihil
2648 508 2809 578 plane
2866 509 3084 564 adesset
3135 508 3284 580 (nam
3338 511 3470 581 quid
3515 513 3659 569 inter

2084 601 2267 649 tantos
2300 605 2457 649 erant
2503 595 2618 657 illa,
2670 610 2791 664 qua:
2825 610 2991 666 penes
3039 596 3514 654 adolescentulum
3565 616 3661 658 su-

2082 694 2438 754 pererant,ut
2465 685 2716 740 Andreas
2745 685 2974 756 aiebat),
2996 685 3285 743 charitatis
3310 704 3439 760 erga
3466 692 3656 747 turbas

2080 776 2257 831 cilicia
2319 775 2796 832 abundantissime
2848 776 3150 847 superavit.
3201 777 3389 834 Talem
3438 796 3655 852 quoque

2082 866 2207 924 ﬁdei
2254 867 2578 923 tenuitatem
2617 867 3015 938 sapientissimi
3067 867 3271 939 Moysis
3330 869 3386 924 in
3436 869 3656 926 deserto

2080 959 2502 1030 comperiemus.
2554 955 2783 1014 Flebant
2835 959 2985 1014 enim
3014 958 3298 1026 Israelita,
3336 969 3391 1017 et
3420 961 3652 1018 nefanda

2079 1065 2393 1106 mensarum
2410 1048 2796 1121 Egyptiarum
2816 1048 3116 1120 cupiditate
3135 1052 3379 1121 impuros
3399 1052 3653 1107 carnium

2079 1142 2308 1206 lebetes,
2350 1156 2609 1213 ceparum
2636 1150 2689 1196 et
2725 1142 2976 1195 alliornm
3004 1149 3058 1196 et
3093 1140 3409 1197 istiusmodi
3460 1143 3652 1197 vilium

2079 1249 2262 1288 rerum
2296 1233 2670 1296 somniabant,
2706 1233 2929 1286 immani
2963 1232 3239 1302 voluptate
3269 1234 3437 1303 capti,
3489 1242 3538 1288 et
3570 1233 3644 1288 di-

2077 1325 2328 1379 vinorum
2389 1325 2656 1379 bonorum
2715 1333 3035 1395 contemptu
3088 1325 3142 1379 in
3202 1334 3546 1395 sequestrem
3598 1335 3648 1379 et

2077 1415 2355 1472 doctorem
2402 1416 2566 1486 279
2621 1431 2783 1471 suum
2829 1415 3049 1487 Moysen
3097 1417 3481 1488 insurgebant.
3541 1417 3647 1473 Sed

2077 1523 2185 1563 non
2226 1507 2517 1578 ignorabat
2566 1505 2708 1561 Deus
2753 1506 2958 1577 quibus
3003 1507 3069 1561 de
3126 1508 3288 1562 rebus
3352 1509 3405 1561 in
3464 1508 3645 1563 ﬂetum

2074 1605 2446 1666 erumperent,
2480 1604 2534 1651 et
2566 1604 2714 1652 certe.
2748 1595 3002 1666 promisit
3052 1611 3113 1651 se
3141 1611 3339 1651 carnes
3390 1597 3499 1652 illis
3554 1597 3648 1651 da—

383 1687 704 1751 ἐκνεύοντες
731 1687 925 1759 ἡδονὴν
943 1727 958 1753 ,
998 1688 1092 1762 καὶ
1125 1686 1231 1740 τῶν
1263 1686 1422 1741 θείων
1449 1686 1816 1758 ἀλογήσαντες
1838 1687 1966 1753 ἀγα-

2070 1698 2275 1746 turum.
2320 1687 2425 1744 Sed
2463 1687 2722 1759 quoniam
2763 1687 3063 1758 promissio
3100 1686 3193 1742 illa
3242 1687 3406 1742 [iebat
3457 1687 3510 1740 in
3548 1687 3646 1741 de-

382 1776 520 1841 θῶν,
539 1777 836 1848 ἐπεφύοντό
856 1796 971 1842 πως
990 1779 1086 1831 καὶ
1126 1777 1207 1849 τῷ
1224 1777 1561 1848 μεσιτεύοντι
1583 1780 1675 1833 καὶ
1697 1778 1969 1848 παιδαγωο

381 1869 574 1938 γοῦντι
609 1872 818 1924 Μωσεί.
879 1869 1016 1923 Ἀλλ’
1070 1869 1171 1923 οὐκ
1227 1870 1414 1938 ⁴ῂγνόει
1461 1869 1594 1933 Θεὸς
1653 1868 1726 1923 τά
1769 1869 1856 1938 ἐφ’
1885 1864 1970 1934 οἷς

381 1927 712 2033 ἀνοιμώζειν
742 1963 774 2032 ἡ
807 1961 1014 2034 πληθὺς
1052 1927 1334 2029 ἠπείγετο,
1359 1962 1451 2014 καὶ
1474 1961 1539 2033 δὴ
1557 1927 1648 2015 καὶ
1678 1927 1964 2015 ἐπιδῶσειν

381 2052 572 2113 αὐτοῖς
600 2051 741 2123 κρέα
768 2050 1256 2121 κατεπηγγέλλετο.
1276 2051 1493 2120 Ἐπειδὴ
1522 2050 1578 2105 δὲ
1593 2046 1660 2122 ἦν
1690 2053 1748 2105 ἐν
1775 2052 1967 2124 ἐρήμῳ

380 2140 483 2209 τῆς
519 2140 834 2210 φιλοτιμίας
879 2140 913 2210 ἡ
956 2140 1282 2210 ὑπόσχεσις,
1344 2140 1436 2193 καὶ
1482 2140 1775 2212 δυσήνυτον
1826 2158 1964 2205 πως,

378 2234 507 2285 ὅσον
538 2226 673 2303 ἧκεν
727 2232 808 2295 είς
835 2231 1174 2303 ἀνθρώπινον
1207 2231 1363 2297 νοῦν,
1412 2216 1587 2287 ἐδδκει
1616 2235 1677 2288 τὸ
1711 2235 1964 2306 πρᾶγμα,

382 2321 671 2392 πρόσεισιν
712 2320 958 2375 ἀναϐοῶν
1002 2323 1032 2374 6
1069 2322 1309 2391 Μωσῆςο
1371 2340 1391 2373 ι
1443 2321 1752 2386 Ἐξακόσιαι
1792 2324 1965 2396 χιλιά-

380 2412 474 2472 δες
523 2410 703 2476 πεζῶν
744 2411 959 2477 όλαδς,
1006 2415 1064 2465 ἐν
1108 2406 1189 2476 οἷς
1229 2414 1344 2483 είμι
1391 2414 1449 2466 ἐν
1493 2413 1707 2478 αὐτοῖς,
1752 2417 1848 2470 καὶ
1899 2419 1964 2470 σὺ

384 2500 579 2567 εἶπες,
610 2504 763 2575 Κρέα
789 2502 945 2558 δώσω
975 2505 1187 2570 αὐτοῖς,
1223 2506 1319 2559 καὶ
1349 2505 1613 2575 φάγονται
1651 2507 1795 2578 μῆνα
1824 2510 1963 2579 ἠμε-

387 2594 520 2665 ρῶν.
567 2596 659 2665 Μὴ
709 2595 960 2666 πρόϐατα
1019 2596 1114 2649 καὶ
1173 2594 1294 2666 βόες
1332 2597 1702 2670 σφαγήσονται
1748 2598 1960 2665 αὐτοῖς,

383 2686 481 2739 κά).
526 2684 751 2757 ἀρκέσει
804 2686 1022 2752 αὐτοῖς;
1054 2705 1074 2738 ι
1127 2686 1239 2741 Καὶ
1286 2686 1340 2740 τί
1390 2687 1529 2758 πρὸς
1574 2687 1747 2746 ταῦτα
1796 2688 1962 2755 Θεός;

389 2798 409 2829 ι
449 2779 541 2847 Μὴ
590 2777 714 2849 χεὶρ
760 2778 966 2849 Κυρίου
1028 2777 1127 2832 οὐκ
1184 2778 1445 2847 ἀρκέσεις
1490 2797 1509 2831 ι
1562 2780 1698 2849 Περὶ
1746 2780 1798 2833 τί
1859 2781 1964 2853 γάρ

384 2869 453 2921 ἂν
487 2867 583 2920 καὶ
624 2868 957 2939 ἀδυνατήσαι
981 2867 1152 2931 Θεός;
1201 2865 1408 2920 Οὐκοῦν
1466 2868 1581 2938 ἐρεῖ
1611 2884 1695 2932 τις
1732 2868 1965 2938 εὐλόγως

381 2959 479 3011 καὶ
504 2958 601 3010 ἐπὶ
643 2961 756 3023 τοῖς
790 2959 946 3030 παρά
992 2958 1261 3012 Φιλίππου
1320 2959 1414 3013 καὶ
1456 2958 1699 3030 Ἀνδρέου
1747 2959 1924 3029 λόγοις
1946 2974 1959 2986 ”

380 3047 476 3116 Μὴ
526 3047 650 3118 χεὶρ
695 3049 901 3119 Κυρίου
949 3049 1052 3103 οὐκ
1093 3050 1356 3120 ἀρκέσει;
1422 3050 1710 3120 Δεχόμενοι
1765 3049 1822 3104 δὲ
1871 3050 1964 3103 καὶ

384 3142 550 3209 ἡμεῖς
602 3141 683 3205 είς
716 3141 1160 3212 παραδείγματος
1202 3142 1401 3213 τρόπον
1446 3142 1545 3213 τὴν
1578 3143 1673 3196 τοῦ
1705 3143 1964 3214 πράγμα-

316 3237 323 3243 “
380 3250 477 3296 τος
507 3232 693 3301 φύσιν,
730 3233 1048 3305 νοσημάτων
1075 3234 1301 3306 ἔσχατον
1355 3233 1451 3288 καὶ
1482 3234 1681 3297 παντὸς
1711 3235 1966 3288 ἐπέκεινα

382 3324 560 3378 κακοῦ
602 3324 701 3395 τὴν
752 3326 1119 3395 ὀλιγοπιστίαν
1168 3324 1469 3397 ἡγώμεθα,
1520 3326 1624 3380 κάν
1667 3327 1964 3399 ἐργάζηται

382 3414 545 3479 Θεὸς,
572 3415 607 3485 ἢ
635 3417 730 3470 καὶ
750 3416 970 3488 δράσειν
1002 3418 1429 3489 ἐπαγγέλληται,
1461 3416 1639 3470 πίστει
1658 3417 1723 3487 δὴ
1745 3417 1963 3483 πάντως

381 3508 809 3580 ἀπεριεργάστῳ
840 3508 1077 3577 γινέσθω
1101 3509 1288 3564 δεκτὸν
1310 3549 1326 3575 ,
1378 3510 1473 3562 καὶ
1508 3510 1583 3579 μὴ
1609 3508 1688 3578 τῷ
1713 3509 1773 3561 ού
1804 3508 1963 3562 δύνα-

386 3594 513 3648 σθαι
541 3598 698 3661 νοεῖν,
722 3597 869 3661 ὅπως
892 3596 1045 3651 ἔσται
1069 3598 1138 3652 τὰ
1163 3599 1302 3670 ὑπὲρ
1321 3600 1494 3670 ἡμᾶς,
1514 3600 1599 3651 ἐπ’
1623 3598 1876 3671 ἀσθενείᾳ
1897 3602 1962 3671 τῇ

380 3675 480 3738 ἐπί
508 3702 650 3750 τισι,
698 3687 1110 3759 κατηγορείσθω
1133 3689 1195 3743 τδ
1239 3689 1412 3744 Θείον.
1464 3690 1670 3760 Πρέποι
1707 3690 1750 3744 δ’
1788 3689 1855 3743 ἂν
1888 3690 1965 3761 τῷ

382 3766 601 3845 ἀγᾶθῷ,
640 3776 736 3830 καὶ
774 3778 1047 3850 σώφρονι,
1083 3781 1176 3833 καί¹
1204 3779 1475 3851 βεϐηκότα
1502 3779 1682 3844 καλῶς
1712 3780 1964 3852 φοροῦντι

382 3867 480 3921 τὸν
505 3867 797 3939 λογισμὸν,
825 3870 1045 3924 κάκεῖνο
1088 3868 1385 3941 λαμϐάνειν
1414 3871 1493 3934 είς
1521 3869 1645 3924 νοῦν
1664 3909 1680 3934 ,
1721 3870 1795 3949 ᾡς
1822 3871 1914 3925 καὶ
1937 3872 1965 3923 6

385 3960 483 4014 τοῦ
539 3959 789 4032 σώματος
828 3960 1140 4032 ὀφθαλμὸς,
1185 3960 1282 4032 οὐχ
1322 3961 1447 4015 ὅσον
1485 3960 1552 4014 ἂν
1587 3959 1829 4031 βούλοιτὸ
1857 3977 1961 4024 τις,

386 4048 612 4104 τοσοῦτο
630 4050 693 4121 δὴ
713 4052 929 4115 πάντως
951 4053 1044 4104 καὶ
1058 4051 1373 4121 κατόψεται,
1393 4050 1509 4104 ἀλλ’
1529 4051 1652 4105 ὅσον
1668 4050 1960 4121 ἐνδέχεται,

388 4140 484 4193 καὶ
516 4141 577 4194 τὸ
622 4142 722 4211 τῆς
767 4142 981 4211 φύσεως
1017 4142 1205 4213 ἐφίησι
1256 4140 1454 4213 μέτρον
1483 4155 1497 4171 ·
1549 4140 1620 4195 τά
1657 4140 1712 4194 δὲ
1752 4144 1809 4195 ἐν
1841 4140 1963 4210 ὕψει

386 4228 576 4300 πολλῷ
592 4230 711 4283 λίαν
740 4230 1148 4302 ἀνατεθειμένα,
1177 4232 1283 4285 κᾶν
1310 4231 1447 4296 ὅλως
1473 4229 1831 4303 φαντάζηται,
1856 4232 1965 4286 δια-

2070 1791 2240 1845 serto,
2273 1789 2329 1836 et
2353 1781 2399 1837 si
2430 1790 2653 1851 captum
2676 1775 2878 1835 mentis
2909 1779 3166 1834 humanae
3204 1777 3547 1841 consideres,
3583 1791 3648 1833 ca

2068 1888 2158 1930 res
2210 1872 2581 1944 impossibilis
2617 1870 3022 1942 quodammodo
3075 1869 3386 1934 videbatur,
3434 1869 3648 1924 accedit

2067 1966 2317 2020 clamans
2356 1964 2612 2033 Moyses:
2656 1981 2674 2013 ι
2717 1961 2990 2016 Sexeenta
3028 1961 3200 2015 millia
3251 1960 3491 2031 peditum
3555 1960 3646 2014 hic

2068 2066 2220 2121 sunt,
2251 2057 2306 2111 in
2339 2057 2538 2127 quibus
2565 2070 2685 2110 sum
2720 2055 2773 2109 in
2810 2054 2921 2118 eis;
2958 2060 3012 2107 et
3043 2062 3096 2105 tu
3128 2051 3347 2107 dixisti:
3387 2051 3537 2106 Dabo
3565 2051 3646 2106 eis

2067 2164 2261 2205 carnes
2310 2146 2620 2213 comedere,
2663 2155 2711 2200 et
2763 2144 3055 2199 comedent
3104 2158 3348 2199 mensem
3402 2143 3642 2198 dierum.

2066 2239 2340 2309 Numquid
2375 2254 2504 2295 oves
2537 2246 2588 2292 et
2618 2238 2784 2292 boves
2815 2236 3290 2296 necidenturillis.
3323 2244 3376 2291 et
3410 2234 3646 2290 suﬂiciet

2067 2331 2208 2385 illis?
2232 2350 2248 2381 ι
2277 2328 2418 2396 Quid
2449 2336 2631 2382 autem
2661 2328 2725 2381 ad
2755 2327 2869 2381 haec
2889 2324 3068 2381 Deus?
3110 2344 3127 2375 ι
3151 2322 3425 2395 Numquid
3448 2338 3645 2379 manus

2070 2420 2285 2476 Domini
2334 2434 2443 2474 non
2499 2416 2733 2472 sulliciet
2765 2415 2860 2468 ’⁸2
2895 2434 2914 2466 ι
2950 2414 3089 2481 Quid
3134 2414 3279 2468 enim
3328 2427 3436 2467 non
3468 2411 3645 2484 possit

2067 2511 2256 2567 Deus?
2285 2508 2555 2576 Quocirca
2583 2508 2649 2562 de
2680 2506 2915 2577 Philippi
2944 2513 2997 2560 et
3028 2504 3258 2559 Andreae
3288 2503 3642 2559 sermonibus

2060 2602 2186 2672 jure
2235 2599 2381 2654 dicet
2421 2599 2663 2667 aliquis:
2704 2592 2984 2666 Numquid
3028 2609 3224 2648 manus
3273 2592 3489 2647 Domini
3525 2606 3639 2647 non

2066 2691 2336 2748 suﬂiciet?
2380 2691 2493 2747 Nos
2530 2695 2736 2753 autem,
2764 2687 2843 2742 rei
2883 2695 3082 2741 natura
3113 2685 3348 2755 exempli
3388 2684 3509 2740 vice
3543 2697 3640 2739 as-
3728 2707 3732 2711 ⁴

2066 2794 2309 2856 sumpta.
2331 2783 2655 2839 morborum
2703 2788 2758 2835 et
2803 2780 3075 2834 malorum
3113 2785 3419 2833 extremum
3457 2773 3641 2831 inere-

2065 2878 2348 2933 dulitatem
2382 2889 2507 2931 esse
2531 2873 2819 2933 ducamus.
2849 2878 2924 2934 et,
2977 2871 3023 2927 si
3053 2869 3185 2939 quid
3220 2869 3386 2934 Deus,
3423 2877 3520 2923 aut
3554 2866 3640 2923 fa-

2065 2970 2218 3032 ciat.
2276 2976 2371 3022 aut
2407 2965 2680 3021 facturum
2734 2978 2794 3019 se
2851 2961 3181 3033 promittat,
3241 2958 3344 3016 [ide
3401 2960 3644 3030 simplici

2067 3057 2359 3116 confestim
2393 3055 2525 3111 illud
2572 3054 2930 3124 suscipiatur,
2982 3066 3080 3107 nec
3127 3068 3197 3107 ex
3244 3066 3311 3105 eo
3346 3050 3493 3121 quod
3532 3065 3645 3121 quo

2066 3159 2228 3222 pacto
2276 3148 2456 3205 futura
2487 3146 2599 3202 sint
2636 3159 2699 3201 ea
2732 3159 2855 3215 qua:
2894 3132 3005 3199 nos
3039 3150 3326 3212 superant,
3377 3156 3488 3212 prae
3535 3140 3639 3194 im-

2068 3242 2360 3297 becillitate
2396 3237 2684 3309 cogitando
2728 3235 2948 3307 assequi
2985 3248 3093 3289 non
3143 3245 3462 3304 possumus,
3499 3231 3642 3287 Dens

2065 3339 2377 3389 accusetur.
2425 3327 2636 3383 Bonum
2686 3339 2853 3396 porro
2894 3333 2949 3379 et
2999 3323 3305 3395 sapientem
3345 3336 3411 3377 ac
3443 3337 3641 3378 sanum

2065 3423 2222 3479 decet
2268 3421 2325 3476 in
2374 3421 2617 3475 animum
2654 3416 2937 3479 inducere,
2970 3414 3224 3487 corporis
3250 3414 3496 3477 oculum,
3528 3427 3640 3468 non

2066 3524 2331 3587 quantum
2381 3513 2510 3584 quis
2554 3510 2681 3566 velit
2722 3508 3055 3579 perspicere,
3091 3507 3186 3561 sed
3227 3513 3491 3575 quantum
3526 3502 3641 3559 ﬁeri

2068 3613 2279 3679 potest,
2332 3614 2391 3661 et
2437 3611 2648 3657 natura:
2699 3611 2901 3656 nostra:
2949 3597 3053 3654 fert
3093 3596 3488 3653 mediocritas:
3543 3594 3639 3650 sed

2063 3710 2187 3767 quae
2214 3693 2369 3749 valde
2403 3691 2659 3749 sublimia
2704 3698 2854 3753 sunt,
2888 3689 3018 3743 licet
3052 3686 3177 3757 quis
3232 3683 3432 3740 mentis
3464 3683 3637 3739 aciem

2066 3784 2443 3844 vehementius
2492 3782 2761 3846 intendat,
2810 3781 3130 3835 discernere
3181 3792 3291 3832 non
3335 3789 3517 3845 posse.
3561 3773 3639 3827 Ita

2065 3888 2287 3945 quoque
2306 3872 2598 3928 considera
2628 3879 2864 3925 mentem
2892 3867 3134 3922 hominis
3160 3865 3228 3920 ad
3259 3872 3441 3921 certos
3466 3879 3639 3934 usque

2068 3966 2203 4022 lines
2238 3961 2595 4035 intelligendo
2616 3959 2894 4034 protendi,
2921 3960 3046 4015 licet
3067 3960 3256 4029 utique
3284 3963 3512 4028 purgata
3541 3956 3634 4011 sit.

2063 4056 2213 4112 Nihil
2261 4055 2409 4110 enim
2443 4068 2566 4125 qua:
2612 4067 2779 4123 supra
2811 4067 2912 4108 nos
2960 4050 3137 4122 posita
3173 4059 3303 4105 sunt
3352 4046 3633 4117 perspicit,

2064 4145 2160 4205 sed
2206 4140 2725 4215 supernaturalibus
2774 4143 2937 4198 rebus
2969 4139 3134 4204 cedit,
3167 4139 3250 4195 vel
3284 4137 3477 4202 invita,
3509 4151 3634 4191 cum

2066 4237 2384 4291 nullatenus
2411 4248 2509 4288 eas
2535 4234 2710 4305 possit
2740 4229 3223 4302 comprehendere.
3263 4227 3395 4284 Fide
3432 4229 3632 4297 itaque,

384 4319 600 4389 κρίνειν
626 4321 689 4374 οὐ
716 4320 962 4385 δύναται,
985 4321 1321 4394 λεπτοτάτην
1352 4323 1441 4375 ἐπ’
1472 4323 1656 4386 αὺτοῖς
1681 4322 1776 4377 καὶ
1804 4323 1958 4395 μόλις

2070 4343 2171 4382 non
2199 4324 2453 4396 indagine
2481 4340 2603 4395 qua:
2631 4338 2797 4393 supra
2829 4337 2930 4378 nos
2960 4328 3092 4378 sunt
3121 4321 3442 4391 capiuntur,
3477 4324 3531 4373 et
3575 4325 3636 4370 ut

383 4410 651 4481 ἁρπάζων
678 4412 777 4483 τὴν
808 4411 1064 4481 θεωρίαν.
1112 4413 1270 4468 Οὕτω
1321 4431 1413 4485 μοι
1447 4414 1557 4468 νόει
1600 4414 1696 4469 καὶ
1730 4415 1823 4473 τὸν
1866 4417 1961 4471 ἀν-

2070 4416 2315 4474 laudatur
2346 4416 2438 4486 qui
2473 4414 2667 4476 credit,
2702 4415 2776 4467 ita
2804 4414 2963 4482 culpa
2991 4426 3098 4467 non
3133 4417 3284 4466 caret
3310 4409 3631 4479 quicunque

367 4495 660 4568 ’θρώπινον
689 4499 844 4553 νοῦνσ
877 4502 1041 4573 μέχρι
1079 4500 1187 4573 γάρ
1215 4501 1323 4557 τῶν
1348 4501 1609 4556 δοθέντων
1640 4504 1782 4576 ὅρων
1812 4504 1963 4574 αύτῷ

2070 4511 2118 4564 in
2151 4507 2495 4564 contrarium
2525 4503 2739 4560 incidit.
2775 4503 2946 4573 Cujus
2974 4502 3052 4555 rei
3078 4501 3236 4556 testis
3267 4498 3382 4570 ipse
3415 4510 3635 4552 rursum

384 4589 544 4660 παρά
562 4590 655 4643 τοῦ
679 4592 1039 4663 πεποιηκότος
1060 4593 1380 4662 ἐφικνεῖται,
1401 4595 1494 4649 καὶ
1514 4595 1833 4658 ἐκτείνεται,
1857 4594 1961 4648 κᾶν

2070 4599 2318 4655 Salvator
2342 4598 2504 4654 nobis
2532 4596 2659 4660 erit,
2688 4595 2773 4651 his
2806 4593 3023 4650 verbis:
3062 4611 3080 4644 ι
3111 4590 3217 4658 Qui
3253 4589 3430 4645 credit
3456 4588 3511 4643 in
3545 4584 3634 4641 Fi-

382 4680 527 4743 ὂλως
562 4683 782 4756 ὑπάρχῃ
812 4683 1221 4755 κεκαθαρμένος
1251 4700 1262 4712 ·
1311 4685 1499 4755 ὄψεται
1527 4686 1636 4758 γὰρ
1670 4685 1821 4740 οὐδὲν
1852 4686 1961 4739 τῶν

2070 4694 2361 4756 ιίιηιι,,ιιοη
2395 4689 2715 4760 judicatur;
2758 4687 2851 4757 qui
2904 4693 3088 4740 autem
3135 4697 3245 4738 non
3296 4679 3494 4743 credit,
3520 4678 3633 4747 jam

388 4776 803 4847 ὑπερκειμένων
822 4817 838 4843 ,
872 4776 1265 4848 παραχωρήσει
1300 4776 1389 4839 δὲ,
1425 4780 1518 4831 καὶ⁵
1548 4778 1647 4849 οὐχ
1679 4776 1820 4831 ἐκὼν
1849 4781 1961 4842 τοῖς

2070 4781 2344 4850 iudicatus
2377 4788 2462 4837 est
2492 4781 2558 4835 ³⁷.
2587 4799 2605 4831 ι

386 4868 532 4938 ὑπὲρ
558 4867 656 4936 τὴν
685 4865 1194 4939 φύσιν,οὺδαμόθεν
1222 4868 1359 4939 έχων
1384 4869 1563 4923 αὐτῶν
1598 4869 2069 4940 περιδράττεσθαι.
2121 4873 2312 4928 Πίστει
2384 4873 2564 4926 τοίνυν
2622 4869 2694 4923 τὰ
2732 4869 2874 4938 ὑπὲρ
2914 4869 3086 4938 ὑμᾶς,
3154 4864 3248 4919 καὶ
3279 4863 3339 4916 οὐ
3411 4859 3635 4928 ζητήσει

386 4957 746 5030 λαμϐάνεται,
773 4960 869 5013 καὶ.
899 4959 1236 5029 θαυμάζεται
1281 4959 1379 5029 μὲν
1403 4962 1431 5012 6
1456 4959 1599 5013 οὕτω
1663 4960 1877 5026 πιστὸς,
1942 4963 2331 5037 ἀνεπιτίμητος
2378 4963 2434 5016 δὲ
2499 4961 2743 5031 οὐδαμῶς
2786 4961 2814 5011 6
2846 4959 2958 5021 τοῖς
3000 4956 3261 5017 ἐναντίοις
3298 4947 3629 5021 περιπεσών.

386 5051 503 5106 Καὶ
528 5050 625 5102 ἐπὶ
645 5049 818 5119 τούτῳ
857 5051 1017 5126 πάλιν
1045 5050 1208 5114 αὐτὸς
1241 5052 1372 5121 ἡμῖν
1403 5052 1431 5103 6
1464 5049 1654 5121 Σωτὴρ
1681 5053 2020 5125 μαρτυρήσει
2042 5055 2215 5125 λέγων
2241 5073 2254 5086 ·
2285 5076 2303 5106 ι
2328 5055 2386 5107 '0
2421 5051 2691 5106 πιστεύων
2719 5050 2801 5114 είς
2851 5049 2939 5103 τὸν
2954 5048 3080 5102 Υίὸν
3145 5047 3205 5099 οὐ
3278 5043 3544 5115 κρίνεται,
3606 5042 3635 5091 6

380 5142 549 5212 δὲμὴ
584 5140 875 5204 πιστεύων,
907 5141 1007 5212 ήδη
1038 5141 1311 5210 κέκριται.

455 5231 803 5303 Διειληφότες
829 5232 885 5285 δέ
924 5232 1072 5297 ἅπαξ
1102 5232 1192 5285 τὸν
1224 5231 1382 5299 λόγον
1411 5231 1497 5283 τὸν
1536 5232 1626 5285 ἐπὶ
1650 5232 1727 5285 τῶ
1761 5232 1957 5304 χρῆναι

2139 5228 2242 5283 Sed
2287 5244 2410 5282 cum
2467 5228 2576 5298 iam
2622 5224 2791 5282 semel
2820 5223 2887 5278 de
2933 5219 3318 5276 incredulitate
3368 5219 3420 5274 in
3466 5218 3633 5276 Deum

383 5326 466 5395 μὴ
496 5325 747 5377 ἀπιστεῖν
762 5323 839 5393 τῷ
864 5323 1001 5393 Θεῷ,
1035 5323 1171 5393 φέρε
1197 5322 1338 5393 δήτι
1371 5320 1529 5375 πάλιν
1561 5324 1625 5375 ἐκ
1656 5322 1763 5376 τῶν
1800 5322 1958 5394 ίερῶν

2070 5337 2175 5375 non
2203 5317 2553 5386 suscipienda
2590 5315 3038 5374 disseruerimus,
3081 5326 3198 5381 age,
3223 5324 3442 5365 rursum
3483 5325 3514 5365 e
3545 5326 3634 5366 sa-
3708 5308 3717 5315 ”

380 5414 736 5485 Γραμμάτων
758 5413 1144 5484 ἀναλεξάμενοι
1168 5411 1503 5484 παραϐῶμεν
1530 5413 1610 5476 είς
1642 5413 1826 5486 μέσον,
1863 5416 1956 5469 καὶ

2070 5415 2177 5469 eris
2220 5410 2443 5466 Litteris
2490 5396 2738 5463 nonnihil
2784 5407 2838 5460 in
2891 5403 3130 5459 medium
3169 5400 3533 5472 proferamus,
3575 5414 3633 5458 et

451 5594 498 5626 "
521 5590 688 5647 Num.
721 5605 798 5655 ιι,
844 5588 995 5644 1-23.
1076 5587 1300 5643 "Joan.
1339 5603 1421 5653 Ill,
1455 5587 1543 5644 18.
