4032 6200
413 275 508 332 ιεςι

1397 260 1455 316 S.
1494 257 1770 316 CYRlLLl
1809 255 2273 313 ALEXANDRINI
2312 253 2634 313 ARCIIIEP.

3561 258 3673 314 ‘52

411 409 524 466 quo
554 399 716 462 pacto
742 385 1186 444 incredulitatem
1214 387 1404 436 secuta
1444 379 1518 434 sit
1551 375 1982 440 animadversio,

2087 376 2188 446 τὴν
2213 376 2306 428 ἐπὶ
2329 375 2451 439 ταῖς
2474 372 2756 437 ἀπιστίαις
2776 371 3001 428 κόλασιν
3028 371 3505 444 ἐκλαμπρῶωμεν
3529 373 3668 446 πρὸς

413 464 482 538 ad
515 486 780 539 lectorum
806 479 1092 534 utilitatem
1114 485 1476 542 exponamus.
1495 468 1680 523 lledeo
1705 469 1890 536 itaque
1916 464 1984 520 ad

414 575 638 646 Moysen
696 574 847 626 illum
901 581 1190 624 sacrorum
1254 562 1591 616 antistitem.
1653 558 1851 614 Jussus
1903 565 1988 612 est

290 656 300 664 ’
414 668 567 730 olim,
602 680 725 718 cum
759 665 812 716 in
842 663 1064 716 deserto
1103 656 1338 729 populus
1364 652 1694 708 intolerabili
1739 651 1827 705 siti
1866 665 1989 720 pre-

415 767 676 819 meretur,
709 755 922 808 socium
974 752 1076 807 sibi
1111 752 1384 803 Aaronem
1427 745 1709 810 adhibere,
1739 743 1904 813 280
1933 748 1988 797 et

413 851 564 918 virga
591 863 782 901 saxum
815 853 1124 916 percutere,
1159 850 1216 896 ut
1262 855 1530 910 aquarum
1566 836 1748 891 fontes
1787 839 1988 890 educe-

414 947 516 992 ret.
548 936 652 992 Scd
689 951 811 991 cum
847 933 1257 1002 Dominijussis
1288 930 1430 985 haud
1456 929 1686 982 multum
1716 926 1983 990 crederet,

412 1037 463 1081 et
504 1009 623 1097 'prae
669 1026 1013 1079 humanitate
1059 1023 1262 1092 pusillo
1290 1029 1442 1076 esset
1469 1019 1687 1071 animo:
1727 1036 1745 1067 ι
1789 1016 1987 1070 Audite

413 1135 523 1185 me,
559 1117 757 1188 inquit,
795 1115 1100 1171 increduli:
1135 1111 1398 1182 numquid
1433 1127 1496 1165 ex
1529 1119 1681 1179 petra
1715 1108 1816 1162 hac
1845 1107 1983 1162 edn-‘-

411 1223 600 1264 ccmus
639 1207 794 1261 vobis
838 1205 1082 1275 aquam?
1114 1202 1180 1256 Et
1212 1203 1481 1256 extollens
1518 1201 1729 1274 Moyses
1761 1216 1982 1254 manum

413 1313 591 1364 suam,
641 1296 917 1368 percussit
952 1302 1162 1364 petram
1211 1291 1374 1346 semel
1429 1299 1482 1345 et
1527 1291 1632 1355 his,
1679 1299 1732 1343 et
1775 1287 1987 1343 exsiliit

411 1405 550 1458 aqua
577 1389 764 1443 nntlta.
802 1387 866 1440 Et
897 1386 1034 1440 dixit
1057 1384 1324 1438 Dominus
1349 1381 1414 1436 ad
1434 1381 1653 1452 Moysen
1677 1391 1732 1435 et
1762 1380 1982 1434 Aaron:

413 1480 552 1546 Quia
589 1495 698 1534 non
733 1477 1049 1533 credidistis
1079 1472 1426 1529 sanctiﬁcare
1458 1487 1544 1526 me
1585 1473 1641 1525 in
1681 1477 1982 1540 conspectu

413 1571 649 1626 ﬁliorum
686 1569 875 1632 Israel,
908 1573 1194 1638 propterea
1227 1578 1335 1618 non
1376 1561 1649 1618 inducetis
1687 1576 1782 1616 vos
1823 1574 1979 1631 syna-

412 1673 603 1728 gogam
643 1657 786 1710 hanc
827 1656 882 1709 in
917 1663 1122 1709 terram
1171 1669 1334 1723 quam
1376 1651 1500 1706 dedi
1538 1651 1622 1706 eis
1651 1650 1718 1705 ".
1762 1669 1780 1703 ι
1812 1648 1982 1703 Num-

2088 467 2358 537 ὠφέλειαν
2401 467 2511 520 τῶν
2543 465 2963 537 ἐντευξομένων.
3005 465 3220 520 Οὐκοῦν
3251 464 3338 525 ἐπ’
3361 463 3527 520 αὐτὸν
3553 462 3668 538 εἶμι

2089 561 2252 615 πάλιν
2278 559 2369 614 τὸν
2401 559 2724 630 ἱεροφάντην
2757 559 2983 614 Μωσέα.
3025 557 3339 611 Ἐκελεύετό
3368 573 3499 612 ποτε
3529 559 3670 612 κατά

2086 652 2186 724 τὴν
2207 651 2412 723 ἔρημον
2430 653 2688 723 ἀφορήτῳ
2709 651 2851 721 δίψει
2875 649 3377 721 καταδαρυνθέντος
3391 649 3486 703 τοῦ
3511 649 3668 715 λαοῦ,

2088 744 2342 798 κοινωνὸν
2374 743 2475 814 μὲν
2500 744 2770 797 ποιεῖσθαι
2809 743 2898 797 τὸν
2939 741 3186 815 Ἀαρὼν,
3229 741 3671 812 κατακρούεσθαι

2085 836 2142 889 δὲ
2163 838 2228 906 τῇ
2265 834 2444 905 ρἀδῳ
2466 835 2566 904 τὴν
2597 835 2823 906 πέτραν,
2857 835 2945 887 ῖνα
2977 835 3074 888 καὶ
3101 833 3312 888 ὑδάτων
3343 831 3672 903 ἀνομϐρήσῃ

2088 929 2291 1000 πηγάς.
2339 929 2478 982 Ἀλλ’
2511 929 2570 982 οὑ
2597 929 2800 999 σφόδρα
2827 931 2939 990 τοῖς
2955 927 3049 980 τοῦ
3085 925 3518 997 προστάττοντος
3537 924 3671 977 ἀναο

2087 1024 2454 1092 πεπεισμένος
2501 1019 2708 1087 λόγοις,
2760 1019 3160 1090 ὀλιγοψυχήσας
3211 1017 3269 1071 δέ
3325 1034 3440 1081 πως
3479 1017 3571 1069 διὰ
3605 1017 3672 1070 τὸ

2085 1112 2421 1184 ἀνθρώπινον
2437 1129 2451 1143 ο
2473 1131 2491 1164 ι
2515 1111 2807 1166 Ἀκούσατὲ
2823 1173 2826 1176 ,
2845 1127 2969 1180 μου,
2984 1109 3169 1180 φησιν,
3187 1109 3238 1162 οἱ
3264 1107 3511 1170 ἀπειθεῖς
3532 1124 3546 1137 ·
3589 1106 3670 1178 μὴ

2057 1260 2061 1263 _
2085 1205 2150 1257 ἐκ
2178 1205 2278 1273 τῆς
2311 1205 2516 1275 πέτρας
2551 1203 2753 1273 ταύτης
2781 1202 3047 1271 ἐξάξομεν
3078 1202 3211 1271 ὑμῖν
3239 1199 3534 1270 ί’›δ‹;ι›ρ;1(αἰ⁸
3561 1199 3665 1252 ἐπ-

2087 1296 2224 1367 άρας
2251 1295 2455 1364 Μωσῆς
2482 1295 2581 1365 τὴν
2607 1296 2766 1365 χεῖρα
2794 1292 2980 1355 αὑτοῦ,
3005 1290 3246 1355 ἐπάταξε
3270 1291 3336 1360 τῇ
3365 1288 3544 1360 ῥάϐδῳ
3564 1287 3663 1358 τὴν

2087 1388 2293 1458 πέτραν
2321 1387 2466 1454 ἅπαξ
2512 1387 2606 1440 καὶ
2642 1386 2755 1450 δὶς,
2791 1387 2882 1439 καὶ
2907 1383 3131 1455 ἐξῆλθεν
3163 1383 3308 1454 ὕδωρ
3342 1382 3496 1438 πολύ.
3549 1379 3659 1434 Καὶ

2085 1473 2206 1531 εἷπε
2249 1477 2452 1548 Κύριος
2501 1477 2638 1546 πρὸς
2695 1475 2900 1545 Μωσῆν
2952 1478 3045 1529 καὶ
3083 1474 3328 1545 ’Δαρώνο
3389 1473 3514 1526 Ὅτι
3558 1473 3662 1526 οὐκ

2085 1568 2440 1623 ἐπιστεύσατε
2469 1569 2692 1636 ἁγιάσαι
2722 1586 2788 1640 με
2821 1568 3060 1622 ἐναντίον
3081 1567 3191 1621 τῶν
3233 1565 3366 1620 υίῶν
3404 1563 3656 1636 ἰσραήλο

2085 1659 2174 1713 διὰ
2199 1659 2357 1713 τοῦτο
2387 1661 2485 1714 οὐκ
2525 1660 2767 1724 εἰσάξετε
2805 1661 2962 1730 ὑμεῖς
2987 1659 3086 1730 τὴν
3114 1657 3434 1727 συναγωγὴν
3459 1657 3662 1726 ταύτην

413 1748 548 1820 quid
601 1763 733 1818 ergo
782 1748 908 1801 hinc
962 1745 1137 1800 cuivis
1187 1744 1430 1814 patebit,
1479 1758 1640 1813 quam
1693 1742 1874 1812 gravis
1923 1743 1983 1795 sil

2091 1752 2171 1815 si;
2199 1750 2295 1822 τὴν
2329 1751 2461 1821 γῆν,
2509 1753 2576 1820 ἢν
2603 1751 2811 1804 δέδωκα
2841 1751 3044 1814 αὐτοῖς.
3076 1769 3095 1803 ι
3135 1749 3257 1821 Ἃρ*
3283 1744 3380 1802 οὖν
3415 1747 3662 1801 ἐντεῦθεν

413 1855 626 1895 merces
660 1838 1114 1894 incredulitatis?
1143 1836 1296 1904 Quod
1330 1836 1376 1891 si
1420 1834 1633 1906 Moyses
1663 1835 1753 1888 ille
1799 1843 1986 1887 tantus

412 1933 497 1987 vir
528 1948 656 1987 cum
691 1941 860 1999 esset,
891 1931 1258 2002 reprehensus
1287 1937 1394 1994 est,
1423 1929 1641 1982 cuinam
1666 1925 1810 1980 Deus
1835 1924 1988 1993 igno-

413 2032 550 2087 scet,
578 2031 672 2078 aut
701 2025 827 2095 quis
859 2023 1291 2094 indignationem
1317 2020 1437 2090 ejus
1467 2018 1687 2090 eﬁ‘ugiet
1721 2017 1813 2088 qui
1849 2017 1986 2069 adeo

416 2131 773 2188 personarum
806 2127 1062 2188 acceptor
1098 2131 1207 2170 non
1232 2122 1316 2170 est
1346 2115 1415 2178 ”,
1449 2122 1508 2168 ιιι
1547 2127 1614 2168 ne
1642 2113 1821 2182 ipsum
1863 2111 1984 2180 qui-

413 2205 536 2260 dem
592 2205 812 2277 Moysen
857 2206 1152 2260 immunem
1185 2218 1309 2258 esse
1333 2202 1592 2266 voluerit,
1617 2201 1683 2256 ad
1716 2214 1877 2270 quem
1905 2198 1985 2251 di-

413 2303 561 2349 ctum
588 2305 714 2351 est:
758 2315 776 2346 ι
810 2294 946 2350 Novi
973 2303 1028 2351 te
1064 2302 1258 2366 praeter
1297 2308 1515 2358 omnes,
1548 2301 1602 2348 et
1636 2291 1865 2363 gratiam
1898 2291 1984 2344 in-

412 2386 608 2442 venisti
645 2386 789 2458 apud
825 2402 911 2442 me
934 2386 1002 2442 ³⁶.
1043 2405 1060 2437 ι
1349 2451 1351 2456 η

482 2473 572 2539 Vl,
605 2475 693 2530 l0.
740 2472 929 2528 Facite
960 2474 1202 2542 homines
1239 2472 1587 2528 discumbere.
1636 2470 1768 2526 Erat
1808 2479 1982 2525 autem

412 2565 590 2634 fenum
633 2565 860 2619 multum
893 2565 949 2618 in
999 2564 1136 2619 loco.
1168 2564 1558 2620 Dircubuerunt
1592 2581 1714 2634 ergo
1753 2565 1852 2620 viri
1893 2579 1988 2617 nu-

413 2675 556 2713 mero
587 2659 743 2729 quasi
765 2659 992 2729 quinque
1015 2656 1212 2711 millia.
1758 2708 1772 2716 ,

483 2748 712 2805 Solitam
743 2765 898 2806 suam
936 2750 1327 2820 benignitatem
1362 2747 1617 2802 Salvator
1659 2753 1898 2814 exercet,
1931 2751 1986 2801 et

413 2837 484 2892 ab
540 2839 753 2908 asperis
816 2839 1292 2909 increpationibus
1348 2839 1611 2894 abstinet.
1670 2837 1779 2892 Nec
1835 2840 1980 2893 enim

413 2930 667 2986 acerbius
698 2930 1002 2985 insectatur
1025 2930 1350 3001 discipulos,
1377 2931 1504 2984 licet
1535 2929 1762 2983 nimium
1784 2929 1983 2999 pusillo

412 3021 599 3076 animo
636 3035 701 3076 ac
749 3020 854 3077 ﬁde
901 3022 1242 3089 oscitantes;
1279 3019 1371 3076 sed
1416 3021 1582 3076 rebus
1615 3020 1750 3091 ipsis
1799 3020 1984 3089 potius

412 3115 634 3169 instruit
667 3114 734 3169 ad
770 3113 1314 3184 comprehensionem
1339 3128 1531 3168 eorum
1569 3127 1688 3182 quae
1741 3111 1984 3166 nondum

409 3205 662 3260 credunt.
684 3204 820 3259 Illud
837 3204 1005 3270 enim,
1029 3223 1047 3256 ι
1067 3203 1254 3260 Facite
1287 3203 1538 3260 homines
1562 3202 1933 3265 discumbere,
1959 3220 1976 3253 ι

411 3311 520 3350 non
578 3295 914 3350 mediocrem
960 3294 1126 3349 habet
1171 3294 1501 3364 emphasim,
1560 3306 1613 3347 et
1667 3291 1983 3347 istiusmodi

409 3385 668 3456 quiddam
696 3386 766 3439 ah
791 3384 919 3440 Jesu
951 3384 1058 3440 dici
1091 3393 1304 3439 tantum
1342 3399 1450 3438 non
1495 3383 1741 3439 indicat:
1773 3381 1818 3437 0
1845 3383 1985 3437 tardi

409 3477 910 3547 adpercipiendam
945 3492 1121 3542 meam
1153 3477 1436 3539 virtutem,
1482 3484 1534 3529 et
1569 3474 1982 3545 intelligemlum

409 3569 636 3638 quinam
671 3568 762 3623 ille
792 3567 864 3626 sit
911 3568 1007 3639 qui
1053 3567 1335 3638 loquitur:
1373 3565 1558 3620 Facite
1598 3567 1848 3620 homines
1880 3564 1984 3621 dis-

408 3659 667 3712 cmnbere
708 3677 758 3722 ι,
781 3665 841 3712 ιιι
870 3673 996 3714 cum
1026 3658 1160 3711 nihil
1187 3673 1352 3727 penes
1385 3671 1481 3710 vos
1514 3655 1605 3719 sit,
1637 3655 1764 3710 inde
1799 3667 1983 3711 tamen

408 3749 659 3804 videntes
705 3764 804 3805 eos
857 3757 1160 3812 saturatos,
1199 3746 1497 3802 miremini.
1543 3737 1574 3797 ι’
1601 3745 1786 3801 Facite
1813 3745 1987 3802 homi-

408 3857 507 3898 nes
534 3842 900 3899 discumbere.
929 3841 1080 3895 »11οε
1109 3841 1254 3895 enim
1285 3840 1366 3896 eis
1393 3849 1665 3910 superest.
1690 3838 1809 3894 Non
1837 3843 1983 3896 enim

408 3935 621 3991 denarii
652 3935 874 3991 ducenti
907 3933 1299 4005 comparandis
1334 3933 1400 3988 iis
1431 3947 1552 4003 qua:
1584 3934 1762 3989 turbis
1799 3950 1986 3990 neces-

409 4028 556 4082 saria
599 4034 732 4084 sunt
765 4026 1103 4088 suffecerint,
1137 4023 1229 4079 sed
1283 4024 1430 4094 quod
1468 4023 1675 4078 nummi
1724 4033 1984 4094 praestare

410 4127 690 4189 nequeunt
730 4121 927 4174 virtute
961 4131 1082 4172 mea
1119 4130 1407 4185 assequar,
1443 4128 1562 4183 quae
1597 4114 1663 4168 ad
1697 4129 1822 4170 esse
1853 4131 1985 4169 cun-

345 4274 348 4277 _
411 4221 499 4266 cta
535 4211 771 4275 vocavit,
798 4219 851 4262 et
877 4225 965 4265 res
987 4225 1017 4264 c
1047 4208 1220 4264 nihilo
1246 4205 1529 4278 produxit.
1563 4207 1645 4260 An
1673 4221 1804 4262 vero
1833 4206 1980 4263 Elias

408 4301 672 4371 propheta
703 4301 794 4354 ille
823 4299 998 4354 viduae
1037 4316 1132 4355 vas
1180 4300 1304 4354 oleo
1348 4299 1586 4370 replere,
1629 4306 1684 4352 et
1728 4297 1980 4369 hydriam
2012 4330 2034 4370 ι

410 4390 776 4446 indeﬁcientis
820 4393 927 4445 cibi
974 4382 1202 4448 matrdm
1253 4389 1472 4446 efﬁcere
1515 4391 1696 4462 potuit
1747 4390 1833 4445 “z
1885 4390 1978 4461 qui

408 4491 590 4537 autem
622 4480 702 4535 illi
741 4489 802 4534 ut
834 4482 886 4536 id
919 4489 1103 4550 posset
1136 4483 1351 4546 tribuit,
1400 4499 1506 4536 non
1565 4483 1764 4551 poterit
1801 4481 1980 4536 multi-

2088 1843 2187 1896 οὐκ
2214 1843 2278 1896 ἂν
2309 1843 2518 1912 γένοιτο
2556 1844 2718 1897 παντί
2748 1861 2827 1915 τῳ
2865 1843 3065 1912 σαφὲς,
3103 1845 3251 1906 ὅπως
3294 1842 3414 1896 ἐστὶ
3452 1840 3663 1911 χαλεπὰ

2085 1936 2185 2006 τῆς
2215 1932 2471 2000 ἆπιστίας
2495 1935 2565 1989 τὰ
2597 1935 2838 2006 ὀψώνιας
2878 1937 2988 1988 Καὶ
3025 1938 3074 1988 εί
3107 1933 3360 1997 τοσοῦτος
3406 1932 3662 2003 ὑπάρχων

2087 2027 2394 2098 ἐπετιμήθη
2417 2027 2654 2098 Μωσῆς,
2704 2027 2846 2089 τίνος
2887 2027 2968 2079 ἔτι
2999 2026 3241 2096 φείσεται
3273 2025 3432 2089 Θεὸς,
3473 2025 3580 2076 τίνι
3609 2023 3668 2077 δὲ

2085 2120 2185 2173 οὐκ
2213 2120 2421 2174 ἐποίσει
2449 2119 2541 2172 τὸν
2575 2120 2660 2188 ἐφ’
2699 2112 2782 2182 οἷς
2825 2116 2891 2170 ἂν
2920 2117 3198 2188 ἀπιστήσῃ
3232 2115 3404 2186 θυμὸν
3439 2115 3468 2166 ὁ
3495 2111 3670 2174 οὕτως

2085 2210 2611 2282 ἀπροσωπόληπτος,
2657 2210 2732 2272 ὡς
2769 2208 2902 2280 μηδὲ
2932 2207 3094 2262 αὑτὸν
3132 2206 3388 2275 ἐθελῆσαι
3409 2205 3668 2258 δυσωπεῖ-

2090 2300 2215 2353 σθαι
2238 2301 2462 2364 Μωσέα,
2489 2300 2624 2372 πρὸς
2647 2300 2707 2353 δν
2731 2301 2974 2372 εἴρηται·
3010 2293 3140 2354 υῐδὰ
3163 2314 3224 2350 σε
3257 2296 3409 2369 παρά
3436 2296 3666 2359 πάντας,

2089 2393 2184 2445 καὶ
2211 2391 2372 2463 χάριν
2402 2385 2561 2463 εὗρες
2589 2392 2720 2464 παρ’
2755 2392 2900 2463 ἐμοί;
3497 2381 3500 2384 ’

2156 2481 2454 2548 Ποιήσατε
2501 2482 2644 2548 τοὺς
2674 2481 3023 2550 ἀνθρώπους
3061 2479 3414 2535 ἀναπεσεῖν.
3453 2473 3566 2534 Ἦν
3595 2475 3667 2531 δὲ

2085 2573 2300 2642 χόρτος
2327 2571 2522 2637 πολὺς
2543 2571 2614 2624 ἐν
2638 2569 2717 2638 τῷ
2746 2571 2926 2640 τόπῳ.
2958 2569 3280 2626 Ἀνέπεσον
3306 2565 3422 2626 οὖν
3451 2569 3668 2638 ἄνδρες

2087 2662 2194 2715 τὸν
2229 2661 2480 2731 ἀριθμὸν
2502 2659 2647 2714 ὡσεὶ
2671 2660 3170 2730 πεντακισχίλιοι.

2159 2753 2452 2824 Πραὸτητα
2479 2752 2580 2822 μὲν
2601 2751 2700 2824 τήν
2725 2751 2930 2824 συνήθη
2956 2752 3251 2822 τετίμηκεν
3275 2752 3306 2805 ὁ
3328 2748 3540 2820 Σωτὴρ,
3568 2746 3666 2801 καὶ

2086 2843 2147 2896 τὸ
2180 2843 2279 2915 μὲν
2309 2843 2472 2915 δριμὺ
2504 2842 2614 2898 τῶν
2651 2843 2888 2913 ἐλέγχων
2931 2842 3246 2912 ἀφίστησιν.
3295 2841 3409 2894 Οὐκ
3435 2839 3664 2910 ἐπιτιμᾷ

2087 2934 2196 3006 γὰρ
2227 2933 2496 3005 δηκτικῶς
2547 2933 2641 2989 καὶ
2689 2933 2810 2989 λίαν
2857 2934 3177 2998 νυστάζουσι
3210 2935 3324 2995 τοῖς
3369 2930 3660 3002 μαθηταῖς,

2087 3029 2211 3081 ὅσον
2234 3021 2368 3098 ἧκεν
2396 3027 2477 3090 εἰς
2509 3026 2568 3080 τὺ
2597 3028 2683 3080 ἐπ’
2716 3023 2864 3097 αὐτῷ
2908 3024 3242 3097 μικρόψυχόν
3284 3040 3345 3078 τε
3373 3023 3468 3077 καὶ⁵
3490 3022 3664 3092 δλιγό·

2087 3136 2276 3172 πιστον
2301 3136 2314 3150 ·
2358 3119 2694 3188 παιδαγωγεῖ
2726 3119 2783 3173 δὲ
2839 3118 3038 3189 μᾶλλον
3077 3118 3165 3171 διὰ
3193 3116 3538 3188 πραγμάτων
3565 3117 3662 3168 αὕ-

2085 3211 2194 3264 τῶν
2246 3213 2324 3276 είς
2371 3210 2674 3280 κατάληψιν
2717 3203 2794 3264 ὧν
2842 3208 2996 3263 οὖπω
3043 3209 3373 3268 πιστεύουσι.
3431 3208 3507 3261 Τὸ
3532 3209 3661 3280 γάρ,

2093 3321 2112 3355 ι
2141 3303 2409 3373 Ποιήσατε
2437 3301 2564 3364 τοὺς
2589 3299 2911 3369 ἀνθρώπους
2940 3301 3260 3363 ἀναπεσεῖν,
3285 3319 3305 3352 ›
3335 3301 3395 3353 οὐ
3435 3298 3663 3370 μετρίαν

2087 3393 2200 3463 ἔχει
2224 3393 2321 3464 τὴν
2351 3392 2618 3463 ἔμφασιν,
2667 3392 2826 3462 μόνον
2855 3391 2912 3444 δὲ
2940 3392 3061 3462 οὐχὶ
3095 3393 3190 3446 καὶ
3219 3390 3458 3444 τοιοῦτον
3486 3407 3539 3443 τι
3566 3391 3661 3444 λέ-

2084 3499 2252 3551 γοντα
2279 3481 2509 3535 δεικνύει
2529 3480 2618 3534 τδν
2632 3479 2859 3552 Ἰησοῦν·
2883 3481 2947 3532 Ὢ
2970 3481 3183 3550 βραδεῖς
3215 3481 3295 3543 είς
3317 3480 3376 3532 τδ
3403 3478 3501 3550 τὴν
3521 3479 3661 3550 ἐμήν

2089 3572 2328 3625 συνιέναι
2351 3570 2600 3641 δύναμιν,
2621 3570 2716 3623 καὶ
2733 3571 2921 3640 νοῆσαι
2947 3569 3032 3634 τίς
3058 3572 3088 3624 ὁ
3104 3569 3302 3634 λαλῶν,
3339 3569 3658 3623 ἀνακλίνατε

2083 3664 2210 3726 τοὺς
2251 3661 2482 3733 ἀνδρας,
2516 3660 2584 3714 ἵν’
2611 3663 2676 3716 ὲκ
2705 3661 2932 3732 μηδενὸς
2956 3661 3050 3715 τοῦ
3083 3661 3212 3731 παρ’
3246 3661 3376 3731 ὑμῖν
3405 3661 3658 3732 κειμένου

2087 3753 2592 3825 κατακορεσθέντας
2618 3754 2854 3824 ὁρῶντες
2873 3752 3213 3825 θαυμάζητε.
3251 3771 3270 3805 ι
3311 3753 3658 3807 ’Δνακλίνατε

2083 3846 2209 3908 τοὺς
2234 3845 2451 3918 ἄνδρας.
2484 3863 2503 3897 ι
2532 3844 2704 3898 Τοῦτο
2729 3844 2839 3916 γὰρ
2867 3845 3049 3909 αὐτοῖς
3067 3845 3129 3899 τὸ
3147 3845 3333 3900 λεῖπον
3372 3846 3541 3900 ἐστιν.
3583 3847 3658 3900 οὒ
3699 3845 3707 3855 ’

2085 3936 2194 4007 γὰρ
2237 3936 2470 4007 δηνάρια
2513 3935 2610 4006 μὲν
2661 3936 2912 3990 διακόσια
2953 3936 3024 3990 τα
3071 3935 3298 4008 ζωαρκῆ
3336 3939 3450 4000 τοῖς
3481 3937 3662 4007 ὄχλοις

2085 4031 2390 4102 περιποιεῖν
2418 4027 2482 4082 ἂν
2506 4027 2717 4098 ἴσχυσε,
2745 4045 2847 4100 χρη
2857 4029 3040 4098 μάτων
3058 4027 3114 4081 δὲ
3135 4027 3244 4080 τῶν
3263 4029 3321 4082 ἐν
3351 4027 3661 4100 ἀνθρώποις

2083 4119 2144 4172 τὸ
2183 4121 2332 4188 μεῖον
2371 4118 2429 4170 ἐν
2463 4116 2540 4187 τῷ
2568 4116 2826 4172 δύνασθαι
2866 4115 3094 4178 σώζειν,
3129 4117 3161 4185 ή
3197 4116 3304 4185 ἐμὴ
3329 4116 3658 4186 κεκτήσεται

2081 4209 2309 4280 δύναμις
2332 4248 2348 4272 ,
2379 4210 2412 4279 ή
2456 4208 2629 4262 πάντα
2661 4207 2796 4278 πρὸς
2830 4205 2890 4259 τὸ
2933 4201 3071 4258 εἶναι
3099 4203 3368 4269 καλοῦσα,
3429 4206 3522 4258 καὶ
3551 4204 3657 4257 τῶν

2084 4299 2144 4364 ἐξ
2174 4301 2272 4354 οὐκ
2301 4299 2470 4354 ὄντων
2498 4298 2845 4369 δημιουργός.
2878 4296 3012 4351 οὐδὲ
3046 4296 3231 4361 Ἠλίας
3265 4295 3363 4366 μὲν
3387 4298 3417 4350 δ
3442 4297 3656 4367 προφή-

2080 4407 2181 4461 της
2205 4389 2426 4445 ἀνενδεᾶ
2447 4389 2539 4443 τὸν
2569 4387 2885 4459 ἐλαιοφόρον
2916 4387 3017 4458 τῆς
3045 4388 3220 4458 χήρας
3241 4385 3407 4444 ἐτίθει
3430 4386 3656 4456 καμψά-

2082 4499 2204 4553 κην,
2239 4481 2450 4554 μητέρα
2471 4497 2531 4534 τε
2565 4479 2915 4534 ἀνεκλείπτου
2945 4478 3151 4549 τροφῆς
3183 4478 3281 4550 τὴν
3300 4478 3491 4550 ὑδρίαν
3523 4480 3659 4533 ἀπο-

407 4572 614 4642 plicare
663 4569 920 4632 nihilum,
963 4579 1016 4623 et
1063 4571 1208 4640 quod
1243 4572 1296 4624 in
1331 4572 1583 4626 manibus
1615 4581 1718 4638 est,
1752 4581 1809 4626 ut
1857 4574 1983 4628 sim-

2087 4574 2258 4640 τελεῖ;
2309 4575 2337 4626 ὁ
2366 4573 2422 4627 δὲ
2463 4565 2699 4643 κάκείνῳ
2728 4571 2788 4625 τὸ
2826 4569 3081 4625 δύνασθαι
3109 4569 3283 4633 διδοὺς
3307 4609 3321 4630 .
3350 4569 3450 4623 οὐκ
3477 4569 3543 4623 ἂν
3570 4569 3659 4636 ἐξ·

409 4665 625 4736 pliciter
655 4661 1166 4724 dicam,ineil‘abi|is
1185 4662 1539 4730 benignitatis
1561 4662 1790 4724 fontem.
1814 4673 1979 4734 atque

2091 4665 2271 4733 ίσχυσε
2314 4663 2742 4716 πολυπλασιάσαι
2776 4661 2836 4715 τὸ
2884 4661 3068 4732 μηδὲν,
3109 4661 3204 4714 καὶ
3243 4661 3307 4714 τὸ
3353 4659 3659 4732 προστυχὸν

408 4754 705 4824 inopinata:
733 4753 921 4822 gratiae
957 4758 1120 4819 caput
1148 4758 1203 4804 et
1248 4751 1486 4805 radicem
1528 4751 1791 4805 clneere?
1820 4753 1974 4808 Talia

2085 4753 2272 4816 ἁπλῶς
2322 4754 2421 4822 τῆς
2451 4753 2690 4824 ἀρρήτου
2727 4751 3031 4822 φιλοτιμίας
3078 4752 3412 4824 ἐργάσασθαι
3448 4751 3656 4823 πηγὴν,

405 4846 566 4916 28],
625 4861 754 4916 ergo
807 4844 860 4899 in
901 4843 1085 4896 animo
1118 4841 1398 4897 Christum
1438 4843 1698 4898 habuisse
1749 4859 1858 4898 non
1888 4855 1974 4902 est

2084 4845 2177 4900 καὶ
2211 4843 2474 4915 ἀδοκήτου
2509 4844 2728 4914 χάριτος
2763 4843 2938 4914 ἀρχήν
2965 4859 3024 4895 τε
3049 4843 3143 4896 καὶ
3174 4843 3364 4914 ῥίζανς
3418 4842 3660 4898 Τοιαῦτα

405 4938 785 5010 improbabile,
827 4951 952 4990 cum
988 4935 1292 5006 emphatice
1327 4933 1730 5004 quodammodo
1785 4937 1975 5008 loque-

404 5039 576 5087 retur.
613 5029 776 5086 Notat
810 5044 940 5084 vero
973 5030 1138 5084 etiam
1165 5027 1371 5084 utiliter
1411 5028 1606 5084 beatus
1632 5030 1974 5099 evangelista

407 5128 588 5180 tenam
613 5125 841 5178 multum
865 5123 919 5176 in
947 5137 1010 5177 eo
1029 5123 1149 5176 loco
1174 5119 1365 5187 fuisse,
1382 5120 1766 5176 demonstrans
1789 5130 1971 5191 aptum

408 5214 576 5270 fuisse
625 5214 810 5269 locum
846 5214 900 5268 in
935 5228 1047 5283 quo
1087 5213 1190 5267 viri
1244 5212 1677 5266 discumberent.
1736 5211 1975 5267 Observa

404 5311 587 5359 autem
603 5319 711 5373 quo
731 5313 889 5375 pacto
909 5303 1259 5359 multitudine
1285 5303 1596 5372 promiscue
1621 5311 1972 5374 congregata,

404 5407 638 5462 cumque
673 5395 930 5450 mulieres
966 5409 1072 5448 una
1107 5409 1230 5448 cum
1285 5394 1472 5449 liberis
1529 5395 1643 5448 suis
1697 5393 1973 5460 adessmrl,

405 5483 553 5537 solos
588 5491 768 5540 tamen
808 5487 958 5540 viros
1021 5486 1348 5552 numerarit,
1412 5487 1580 5556 legis,
1643 5494 1701 5538 ut
1757 5487 1974 5554 opinor,

2085 4938 2184 5009 μὲν
2211 4932 2303 4991 οὖν
2332 4935 2582 5006 ἐννοῆσαι
2609 4934 2772 5005 τυχὸν
2797 4935 2896 4988 οὐκ
2923 4936 3185 4988 ἀπίθανον
3219 4935 3310 4988 διὰ
3343 4935 3445 5004 τῆς
3476 4935 3660 5005 ἐμφά-

2083 5046 2219 5091 σεως
2250 5027 2412 5080 οἱονεὶ
2448 5027 2676 5096 λέγοντα
2703 5026 2793 5080 τὸν
2823 5026 3073 5098 Χριστόν.
3118 5027 3569 5098 Ἑπισημαίνεται
3601 5027 3657 5081 δὲ

2078 5122 2362 5192 χρησίμως
2395 5120 2424 5172 ὁ
2456 5119 2726 5191 μακάριος
2752 5118 3169 5188 εὐαγγελιστὴς,
3203 5120 3284 5172 ὃτι
3336 5119 3432 5172 καὶ
3463 5119 3656 5191 χόρτος
3684 5139 3712 5156 ι

2077 5209 2146 5284 ἦν
2173 5215 2229 5265 ἐν
2261 5211 2339 5282 τῷ
2380 5212 2530 5282 τόπῳ
2564 5211 2752 5276 πολὺς,
2787 5211 3109 5284 ἐπιτηδείως
3141 5211 3333 5282 ἔχοντα
3359 5211 3451 5265 τὸν
3477 5212 3653 5283 χῶρον

2077 5304 2215 5375 πρὸς
2244 5304 2302 5356 τὸ
2328 5304 2421 5357 καὶ
2463 5304 2571 5356 δεῖν
2605 5301 2988 5356 ἀνακλίνεσθαι
3026 5304 3167 5366 ,τοὺς
3213 5303 3419 5375 ἄνδρας
3452 5302 3652 5356 ἐπιδει-

2078 5393 2228 5458 κνύς.
2272 5395 2552 5464 Ἐπιτήρει
2584 5393 2639 5446 δὲ
2661 5394 2808 5457 ὅπως
2832 5394 3290 5466 ἀναμεμιγμένης
3335 5396 3416 5459 εἰς
3463 5395 3652 5448 ἑαυτὸν

2078 5487 2177 5556 τῆς
2199 5485 2308 5538 τῶν
2334 5485 2684 5555 τρεφομένων
2705 5484 2965 5555 πληθύος,
2991 5489 3085 5539 καὶ
3111 5487 3388 5554 γυναικῶν
3409 5487 3652 5558 δηλονότι

471 5656 519 5689 ⁸⁸
551 5651 710 5709 Num.
746 5672 838 5721 xx,
868 5658 1052 5714 ιο-ιξ.
1129 5660 1171 5690 ὀ
1199 5658 1355 5714 Rom.
1387 5675 1448 5722 ιι,
1482 5661 1566 5725 tl,
1603 5668 1654 5715 et
1686 5662 1837 5716 alibi.
1915 5663 1960 5695 ‘°

2085 5661 2175 5718 od.
2220 5677 2417 5732 χχχιιι,
2459 5663 2547 5717 17.
2627 5664 2666 5695 ³⁸
2694 5663 2767 5718 lll
2815 5663 2949 5735 Reg.
2993 5679 3117 5730 (ru,
3145 5664 3296 5719 9-16.
