4044 6200
508 277 611 336 455
670 278 673 281 ’

1521 275 1578 330 S.
1620 270 1893 329 CYlllLLI
1935 270 2405 329 ALEXANDRINI
2454 266 2773 326 ARCHIEP.

3652 265 3763 321 £56

507 391 631 455 fert,
665 390 758 446 sed
795 391 997 447 animis
1035 388 1349 446 auditorum
1388 401 1611 441 rursum
1664 386 1937 453 medetur,
1983 400 2071 440 sa-

2176 386 2270 438 τοῦ
2299 386 2495 449 αἰῶνος
2524 384 2739 438 τούτου.
2781 382 2880 436 Διά
2912 398 2992 435 τοι
3023 378 3180 434 τοῦτο
3208 379 3299 433 καὶ
3337 378 3396 432 ἐν
3422 379 3626 452 ἑτέροις
3658 382 3755 445 τὰς

516 481 861 551 pientissitne
886 480 1216 551 quandoque
1243 478 1507 542 inferens,
1539 488 1599 533 ιιι
1622 492 1749 531 cum
1778 477 1854 532 ait
1878 494 1893 531 :
1931 496 1950 527 ι
1980 475 2081 529 Pa-

511 581 615 636 ter,
633 571 837 641 gratias
867 586 972 640 ago
997 570 1119 635 libi,
1140 568 1404 639 quoniam
1436 568 1639 624 audisti
1659 567 1811 647 me“
1843 585 1862 616 ι
1890 566 2084 621 Cernis

512 672 570 717 ut
625 664 864 717 humano
912 677 1065 718 more
1119 663 1415 732 loquatur,
1478 661 1623 715 unde
1674 659 2082 730 simpliciorum

511 767 665 805 mens
695 752 907 805 turbari
951 759 1135 821 queat.
1205 752 1276 806 At
1309 766 1434 808 cum
1480 750 1584 805 hoc
1624 749 1775 805 dicat
1808 758 1867 804 ut
1899 749 2082 813 homo,

498 836 936 911 dispensationis
993 844 1262 899 rationem
1312 844 1501 900 statim
1562 843 1834 913 explicat,
1874 850 1929 898 et
1972 855 2085 912 quo

510 934 743 989 consilio
771 935 941 991 latere
983 935 1147 1001 velit,
1170 943 1335 1006 atqtie
1368 936 1442 991 ita
1482 934 1879 1005 simpliciorum
1913 933 2085 988 imbe-

508 1022 691 1077 cillem
732 1023 974 1079 animum
1024 1033 1221 1078 tractat
1276 1032 1332 1080 et
1383 1023 1696 1078 confirmat.
1736 1041 1755 1074 ι
1795 1023 1904 1093 Ego
1937 1021 2082 1077 enim

510 1113 770 1177 sciebam,
817 1132 836 1165 ι
882 1114 1078 1184 inquit,
1113 1135 1131 1165 ι
1172 1115 1299 1185 quia
1335 1129 1551 1184 semper
1609 1129 1699 1170 me
1745 1113 1906 1170 audis
1934 1113 2001 1166 ”.
2058 1128 2077 1163 ι

511 1204 683 1271 Quam
743 1205 814 1260 ob
845 1221 959 1261 rem
1010 1207 1125 1261 haec
1179 1206 1365 1262 dicis?
1417 1206 1647 1277 Propter
1679 1206 2074 1263 circumfusam

2189 477 2286 546 μὲν
2328 475 2636 545 ἀνθρώποις
2668 472 2980 545 πρεπούσας
3010 471 3405 542 σχηματίζεται
3444 472 3652 541 φωνὰς,
3683 472 3760 536 ὡς

2185 568 2468 638 ἄνθρωπος
2495 583 2503 593 ·
2537 566 2829 638 θεραπεύει
2856 566 2914 619 δὲ
2955 564 3119 619 πάλιν
3150 563 3259 617 τῶν
3280 565 3759 635 ἀκροωμένωντὺν

2185 658 2330 721 νοῦν,
2355 658 2674 729 σοφωτάτην
2706 657 2819 710 ἐσθ’
2843 659 2932 711 ὅτε
2962 655 3287 726 ποιούμενος
3306 655 3407 726 τὴν
3433 656 3755 729 ἐπαγωγὴν,

2184 752 2261 817 ὡς
2286 753 2345 804 έν
2366 750 2466 822 τῷ,
2488 771 2508 805 ι
2537 752 2743 822 Πάτερ,
2766 748 3077 821 εὐχαριστῶ
3098 765 3203 813 σοι,
3232 749 3317 802 ὅτι
3337 749 3575 819 ηκουσάς
3596 766 3754 821 μου..
3816 740 3831 747 “

2197 843 2384 915 Ὁρᾷς,
2421 842 2583 924 ὅπως.
2608 841 3085 914 ἀνθρωποπρεπὴς
3112 842 3143 895 ὀ
3166 840 3356 910 λόγος,
3386 841 3484 895 καὶ
3521 840 3624 910 τὴν
3650 842 3763 896 τῶν
3796 882 3803 885 -

2183 934 2588 1006 ἀκεραιοτέρων
2619 934 2857 988 διάνοιαν
2894 932 3193 1011 ὲκταράξαι
3238 935 3571 1003 δυνάμενος;
3618 932 3767 987 Ἀλλ’

2184 1023 2274 1077 ὅτε
2299 1021 2455 1076 τοῦτό
2497 1039 2683 1093 φησιν,
2716 1021 2793 1085 ὡς
2816 1020 3129 1092 ἄνθρωπος,
3161 1019 3283 1074 τότε
3310 1020 3374 1091 δὴ
3405 1019 3566 1074 πάλιν
3595 1020 3764 1084 εὐθὺς

2184 1113 2285 1185 τῆς
2312 1113 2624 1184 οἰκονομίας
2646 1112 2925 1182 ἐξηγεῖται
2949 1111 3039 1165 τὸν
3066 1110 3289 1182 τρόπον,
3316 1111 3412 1166 καὶ
3435 1111 3526 1166 τὸν
3565 1112 3663 1166 ἐπὶ
3681 1112 3764 1183 τῷ

2186 1203 2473 1275 βούλεσθαι
2499 1202 2782 1257 λανθάνειν
2815 1202 3038 1265 σκοπὸν,
3072 1202 3271 1275 ἄριστα
3307 1201 3372 1273 δὴ
3407 1200 3534 1255 λίαν
3560 1202 3766 1256 οἰκονο-

509 1296 725 1350 turbam
767 1296 880 1351 hazc
916 1296 1053 1365 dixi,
1092 1306 1152 1351 ut
1187 1298 1436 1361 credant,
1492 1298 1694 1368 inquit,
1731 1299 1858 1370 quia
1908 1306 1966 1353 tu
1999 1313 2071 1353 mt

2189 1294 2327 1361 μῶν,
2359 1294 2455 1346 καὶ
2480 1291 2834 1362 ἀνατειχίζων
2863 1290 3305 1362 παραλελυμένον
3340 1290 3448 1344 τῶν
3468 1291 3767 1346 ἁπλουστέ-

512 1389 736 1444 misisti.
770 1388 1044 1481 Numquid
1071 1407 1203 1463 ergo
1246 1392 1376 1447 hinc
1405 1391 1756 1448 manifestum
1790 1400 1873 1448 est
1911 1390 2081 1462 quod,

510 1494 635 1534 cum
689 1481 849 1537 nobis
880 1476 1066 1538 multis
1119 1482 1299 1537 modis
1348 1482 1669 1551 epituletur,
1718 1496 1773 1538 et
1805 1482 2083 1539 occultum

511 1572 907 1629 incarnationis
940 1573 1232 1627 consilium
1274 1587 1398 1628 esse
1427 1573 1581 1639 velit,
1615 1574 1880 1628 humilius
1909 1588 2099 1645 quan--

2189 1400 2297 1454 ρων
2329 1383 2421 1436 τδν
2446 1382 2593 1441 νοῦν.
2633 1401 2652 1435 ι
2695 1381 2838 1450 Ἐγὼ
2858 1382 2967 1451 γὰρ
2997 1382 3165 1453 ⁴ᾔδειν,
3196 1381 3384 1453 φησιν,
3413 1383 3500 1436 ὅτι
3524 1381 3760 1438 πάντοτέ

2188 1492 2292 1546 μου
2321 1474 2560 1538 ἀκούεις.
2596 1492 2615 1527 ι
2649 1474 2808 1539 Τίνος
2830 1471 2924 1529 οὖν
2951 1475 3114 1529 ἕνεκα
3142 1474 3368 1529 τοιαῦτα
3405 1473 3627 1541 λαλεῖς;
3658 1475 3760 1529 Διά

2182 1567 2276 1622 τὸν
2316 1567 2474 1637 δχλον
2512 1568 2604 1623 τὸν
2642 1567 2984 1639 περιεστῶτα
3019 1564 3174 1623 εἷπον
3196 1608 3212 1634 ,
3256 1568 3342 1624 ίνα
3397 1568 3756 1631 πιστεύσωσι,

510 1660 688 1730 doque
716 1660 783 1717 de
802 1676 864 1716 se
890 1661 1276 1733 loquatur‘IUt
1307 1663 1476 1732 igitur
1503 1663 1638 1718 illud
1669 1663 1768 1727 ibi,
1804 1682 1823 1715 ι
1861 1663 2071 1721 Gratia:

2187 1657 2372 1727 φησὶν,
2392 1658 2475 1712 ὅτι
2500 1658 2564 1711 σύ
2596 1675 2663 1728 με
2682 1657 3029 1723 ἀπέστειλας.
3056 1654 3184 1731 *Δρ*
3207 1653 3301 1713 οὖν
3329 1658 3431 1714 οὐκ
3454 1659 3522 1714 ἂν
3548 1659 3759 1728 γένοιτο

510 1716 619 1821 ago
644 1750 767 1815 tibi,
797 1769 816 1803 ι
840 1716 998 1821 juxta
1024 1753 1292 1809 rationem
1317 1716 1753 1825 dispensationis
1781 1753 2071 1827 accipitur,

2184 1716 2272 1804 διά
2299 1716 2506 1803 τουτων
2540 1716 2875 1818 καταφανὲς,
2915 1716 3009 1803 δτὶ
3040 1716 3392 1820 πολυτρόπως
3421 1716 3572 1820 ἡμᾶς
3610 1749 3757 1818 ὠφε-

511 1842 585 1896 ita
633 1842 721 1899 hic
763 1858 985 1914 quoque
1038 1844 1361 1916 intelligitur
1416 1846 1652 1917 panibus
1708 1846 2076 1903 benedixisse.

510 1931 821 1989 Notandum
855 1950 1005 1999 vero,
1060 1950 1161 2005 pro
1190 1935 1605 2010 Εὐχαριστήσας
1636 1936 1953 1994 Matthzeum
1990 1939 2082 1995 di—

512 2024 678 2089 xisse,
707 2025 1042 2097 Εὐλογήσας,
1064 2034 1383 2082 sanctorum
1409 2036 1595 2083 tamen
1622 2028 2081 2099 evangelistarum

509 2115 803 2171 editionem
844 2132 1186 2189 nequaquam
1219 2117 1552 2189 discrepare.
1593 2119 1903 2192 Utrumque
1935 2122 2080 2178 enim

511 2222 682 2263 ttnum
710 2217 765 2264 et
788 2209 928 2265 idem
952 2225 1077 2266 esse
1103 2209 1306 2267 Paulus
1326 2212 1591 2277 ostendit,
1621 2212 1834 2279 dicens,
1861 2228 2080 2271 omnem

508 2297 694 2353 cibum
724 2312 847 2355 esse
874 2299 1097 2364 bonum,
1130 2307 1185 2365 et
1220 2299 1357 2354 nihil
1386 2315 1510 2356 esse
1533 2299 1918 2371 rejiciendum.
1943 2301 2081 2357 San-

508 2386 778 2443 ctiﬁcatur
813 2388 960 2443 enim
991 2403 1087 2459 per
1117 2389 1343 2445 verbum
1401 2388 1499 2446 Dei
1540 2399 1597 2448 et
1653 2392 2075 2460 orationem“;

509 2482 696 2551 utique
727 2496 858 2538 vero
880 2481 1224 2537 benedicitur
1250 2482 1303 2537 id
1353 2483 1499 2553 quod
1555 2500 1651 2555 per
1703 2487 2074 2556 precationem

508 2571 902 2637 sanetilicatur,
930 2588 1092 2642 quam
1127 2586 1294 2643 super
1327 2575 1534 2629 mensis
1581 2584 1847 2646 perpetuo
1897 2575 2076 2633 facere

508 2663 766 2720 solemus.
795 2663 967 2720 Porro
1001 2679 1125 2720 cum
1169 2664 1309 2720 nihil
1346 2666 1612 2721 intactum
1654 2670 2073 2736 praetermitten-

2183 1842 2291 1897 λῶν
2309 1883 2323 1908 ,
2355 1844 2450 1896 καὶ⁸
2491 1841 2583 1895 τὸν
2611 1841 2990 1913 κεκρυμμένον
3017 1841 3117 1913 τῆς
3153 1841 3294 1912 μετὰ
3323 1841 3523 1912 σαρκὸς
3548 1842 3757 1895 οἰκονο-

2186 1933 2334 2005 μίας,
2373 1934 2450 1998 ὠς
2481 1934 2547 1989 ἃν
2567 1934 2716 2007 αὐτῴ
2741 1934 2967 2007 πρέποι,
2989 1933 3221 1988 διανύων
3246 1932 3467 1995 σκοπὸν,
3497 1931 3754 1986 ταπεινό-

2180 2026 2319 2097 τερά
2351 2042 2498 2089 πως,
2538 2024 2571 2096 ἦ
2608 2026 2665 2079 ὲν
2705 2020 2788 2090 οἷς
2827 2027 2976 2080 ἐστιν
3014 2024 3231 2095 ἀληθῶς
3252 2066 3267 2092 ,
3300 2023 3414 2078 ἐσθ’
3438 2025 3530 2079 ὅτε
3564 2023 3757 2087 λαλεῖ;

2193 2120 2280 2183 Ὦς
2310 2114 2403 2173 οὖν
2426 2119 2484 2173 ὲν
2508 2118 2702 2189 ἐκείνῳ
2720 2117 3084 2189 οἰκονομικῶς
3103 2117 3216 2183 τό,ι
3241 2117 3563 2189 Εὐχαριστῶ
3594 2134 3701 2183 σοι,
3733 2137 3755 2170 ι

2182 2209 2551 2279 λαμδάνεται,
2592 2208 2765 2273 οὕτως
2806 2209 2902 2263 καὶ
2947 2208 3182 2263 ἐνταῦθα
3228 2208 3312 2275 τό,
3333 2208 3634 2281 εὐλογήσας
3663 2208 3759 2262 ἐπὶ

2179 2299 2289 2354 τῶν
2333 2300 2534 2371 ἄρτων,
2560 2302 2781 2367 νοεῖται.
2830 2299 3175 2370 Σημειωτέον
3215 2299 3274 2354 δὲ
3295 2338 3311 2366 ,
3361 2299 3443 2353 ὄτι
3490 2299 3615 2354 ἀντὶ
3660 2299 3755 2354 τοῦ

2179 2387 2615 2459 εὐχαριστήσας,
2653 2387 2714 2440 τὸ
2766 2387 3084 2457 Εὐλογήσας
3138 2388 3361 2460 εἴρηκεν
3397 2390 3426 2442 ὀ
3453 2389 3752 2452 Ματθαῐος.

2179 2479 2510 2550 διαφωνήσει
2549 2478 2607 2533 δὲ
2647 2479 2899 2550 οὐδαμῶς
2931 2480 3041 2533 τῶν
3100 2480 3269 2549 ἁγίων
3320 2479 3612 2551 ήεκδοσις.
3656 2482 3756 2534 Ἐν

2181 2572 2288 2645 γὰρ
2318 2564 2590 2639 ἀποδείξει
2623 2571 2684 2625 τὸ
2707 2572 3116 2644 συναμφότερον
3154 2574 3183 2626 ὀ
3212 2571 3420 2636 Παῦλος
3447 2570 3640 2636 εἰπὼν,
3670 2572 3753 2626 ὅτι

2179 2666 2290 2719 πᾶν
2321 2663 2517 2735 βρῶμα
2542 2661 2727 2729 καλὸν,
2760 2664 2858 2719 καὶ
2894 2663 3045 2719 οὐδὲν
3080 2663 3404 2735 ἀπόϐλητον.
3438 2664 3754 2734 ’Δγιάζεται

507 2755 636 2811 dum
665 2754 1014 2828 moobis
1062 2757 1135 2813 sit
1178 2756 1326 2829 quod
1373 2758 1668 2824 conducat,
1730 2760 1963 2830 agedum
2018 2760 2071 2815 in

2176 2755 2285 2826 γάρ
2312 2755 2402 2809 διὰ
2428 2756 2586 2826 λόγου
2638 2756 2775 2810 Θεοῦ
2827 2757 2922 2811 καὶ
2961 2755 3254 2822 ἐντεύξεως
3293 2769 3309 2785 ⁸
3351 2751 3654 2826 εὐλογεῖται
3694 2755 3752 2809 δὲ

508 2848 752 2916 quinque
785 2861 954 2917 panes
983 2848 1076 2919 qui
1116 2862 1285 2919 penes
1318 2847 1785 2903 adolescentulum
1811 2857 1991 2915 erant,
2021 2856 2071 2905 et

2175 2848 2397 2913 πάντως
2423 2848 2484 2903 τὸ
2521 2850 2882 2920 ἁγιαζόμενον
2914 2848 3005 2905 διὰ
3035 2852 3136 2922 τῆς
3164 2851 3223 2905 ὲν
3252 2847 3492 2917 ἐντεύξει
3515 2867 3754 2921 προσευ-

508 2936 563 2989 in
594 2934 1061 3005 duos~pisciculos
1086 2950 1258 3006 pauca
1293 2936 1540 3007 quaedam
1572 2937 1843 2993 dicamus.
1900 2936 2071 2996 liabet

2175 2942 2296 3012 χῆς,
2331 2940 2399 3012 ἢν
2422 2941 2515 2995 ἐπὶ
2538 2941 2838 3012 τραπέζαις
2864 2943 2951 2998 ἀεὶ
2979 2944 3150 2998 ποιεῖν
3184 2941 3491 3013 εἰθίσμεθα.
3532 2942 3753 3014 Ἐπειδὴ

505 3025 650 3080 enim
710 3025 975 3082 rationem
1021 3027 1314 3097 quamdam
1360 3027 1649 3098 mysticam
1711 3042 1902 3084 eorum
1953 3044 2071 3100 quas

2176 3032 2233 3086 δὲ
2289 3031 2558 3104 ἀζήτητον
2605 3032 2714 3087 τῶν
2775 3033 3165 3105 συμφερόντων
3205 3012 3357 3089 οὐδὲν
3403 3012 3754 3106 καταλιμπάέ

506 3122 725 3186 reperta
753 3123 902 3181 sunt,
933 3130 1059 3171 cum
1104 3116 1223 3189 ipsa
1258 3116 1458 3182 forma,
1489 3124 1604 3172 tum
1649 3132 1935 3175 numerus.
1963 3119 2071 3174 Cur

2178 3123 2364 3179 νεσθαι
2396 3125 2620 3195 πρέπει,
2636 3124 2770 3196 φέρε
2809 3125 2874 3197 δή
2898 3144 2952 3181 τι
2981 3125 3156 3198 βραχὺ
3187 3126 3287 3193 καὶ,
3313 3126 3395 3190 είς
3424 3126 3552 3191 τοὺς
3586 3126 3751 3181 πέντε

504 3208 674 3268 enim.
705 3207 991 3264 studiosus
1031 3207 1215 3263 forsan
1257 3208 1403 3264 dicet
1429 3208 1651 3279 aliquis,
1696 3224 1805 3265 non
1840 3218 2075 3281 quatuor

505 3298 686 3369 potius
717 3311 909 3367 panes,
938 3307 988 3352 et
1019 3308 1129 3352 tres
1156 3299 1376 3368 pisces?
1404 3298 1510 3353 Aut
1537 3315 1636 3355 cur
1666 3316 1774 3356 non
1810 3302 2069 3373 quinque,

503 3397 559 3445 et
601 3398 840 3458 quatuor
874 3389 1178 3458 pisciculi?
1220 3388 1364 3457 Quid
1416 3404 1547 3471 vero
1600 3392 1831 3464 cogehat
1880 3408 2072 3448 eorum

490 3486 697 3533 .uotare
724 3491 1035 3544 numerum,
1079 3493 1142 3534 ac
1170 3493 1279 3534 non
1306 3480 1636 3550 simpliciter
1668 3482 1852 3552 potius
1890 3491 1945 3537 et
1978 3482 2074 3536 ah-

504 3565 681 3622 solute
708 3565 941 3632 dicehat,
973 3582 1039 3623 ex
1069 3569 1264 3639 paucis
1293 3570 1519 3623 omnino
1553 3570 1784 3638 repertis
1822 3570 2073 3626 innume-

502 3670 619 3711 ram
651 3657 933 3712 hominum
987 3659 1081 3728 qui
1116 3659 1490 3730 sequebantur
1542 3659 1947 3717 multitudinem
1986 3676 2065 3715 sa-

502 3748 694 3802 tiatam
719 3748 885 3803 esse?
911 3749 981 3803 At
1024 3749 1171 3819 quod
1200 3749 1393 3805 beatus
1418 3736 1753 3823 evangelista
1778 3759 1888 3806 tam
1912 3767 2075 3807 accu-

500 3849 618 3895 rate
644 3853 707 3895 ea
743 3850 1025 3907 recenset,
1050 3840 1261 3913 aliquid
1282 3840 1444 3898 nobis
1469 3841 1821 3915 cogitandum
1849 3844 2068 3914 praebet,

432 4000 443 4011 ι
500 3934 644 4001 quod
691 3932 855 3989 etiam
911 3932 1173 4011 indagare
1223 3942 1308 3991 est
1358 3936 1760 3992 necessarium.
1817 3936 2073 4008 Quinque

498 4038 631 4095 ergo
665 4039 834 4094 panes
870 4039 998 4082 esse
1023 4026 1122 4091 ait,
1174 4040 1382 4097 eosque
1416 4027 1772 4095 bordeaceos,
1806 4030 1949 4086 duos
1978 4043 2072 4083 au-

408 4130 413 4135 '
499 4122 607 4170 tem
648 4115 967 4185 pisciculos,
1000 4117 1201 4185 quibus
1250 4116 1506 4175 Christus
1557 4118 1847 4190 diligentes
1891 4133 1950 4175 se
1982 4134 2072 4190 pa.

498 4204 695 4260 scitur.
745 4204 1011 4263 Existimo
1065 4223 1197 4265 vero
1256 4222 1380 4279 ego,
1432 4217 1656 4265 servato
1710 4209 2069 4265 nihilominus

495 4295 715 4349 erudito
764 4297 963 4368 cuique
1009 4313 1112 4354 suo
1163 4299 1396 4371 judicio,
1454 4314 1552 4370 per
1600 4301 1844 4371 quinque
1894 4317 2069 4371 panes

2175 3213 2425 3286 λέγωμεν
2459 3213 2693 3287 ἄρτους,
2727 3216 2890 3287 οἵπερ
2931 3211 3075 3287 ἦσαν
3123 3216 3277 3289 παρά
3316 3216 3396 3288 τῷ
3447 3218 3747 3289 παιδαρίῳ,

2174 3307 2269 3361 καὶ
2295 3306 2374 3370 είς
2407 3304 2477 3361 τὰ
2513 3306 2606 3360 δύο
2647 3306 2869 3379 ὀψάρια.
2914 3309 3086 3377 Λόγον
3127 3309 3238 3382 γὰρ
3271 3309 3452 3364 ὼδίνει
3480 3310 3747 3380 μυστικὸν

2172 3398 2284 3452 τῶν
2335 3398 2664 3471 ηὑρημένων
2706 3385 2838 3455 αὐτό
2883 3416 2944 3454 τε
2979 3400 3042 3455 τὸ
3080 3397 3256 3467 είδος,
3301 3403 3398 3457 καὶ
3445 3402 3553 3472 μὴν
3590 3402 3687 3457 καὶ
3715 3404 3747 3456 ὀ

2173 3490 2425 3562 ἀριθμός.
2458 3492 2558 3546 Διὰ
2587 3493 2642 3546 τί
2673 3492 2805 3565 γὰρ,
2834 3493 2996 3565 τυχὸν
3026 3494 3146 3564 δρεῖ
3177 3509 3264 3559 τις
3306 3494 3417 3549 τῶν
3444 3494 3744 3567 φιλομαθε-

2175 3582 2405 3653 στέρων,
2434 3583 2558 3655 οὐχὶ
2586 3583 2787 3649 μᾶλλον
2814 3584 3082 3655 τέσσαρες
3114 3586 3163 3639 οί
3190 3586 3367 3658 ἄρτιοι,
3395 3584 3490 3641 καὶ
3514 3588 3665 3658 τρεῖς
3692 3585 3743 3639 οι

2176 3671 2395 3744 ἰχθύες;
2423 3673 2575 3727 Διατί
2605 3673 2663 3728 δὲ
2693 3673 2768 3746 μὴ
2797 3679 2981 3740 πέντε,
3007 3676 3102 3729 καὶ
3133 3675 3374 3746 τέσσαρα
3411 3675 3646 3747 ὀψάριας
3678 3677 3746 3731 Τί

2170 3764 2228 3819 δὲ
2251 3760 2319 3837 ἦν
2351 3764 2486 3829 ὅλως
2509 3765 2573 3819 τὸ
2601 3766 2908 3835 ἀναγκάζον
2938 3766 3160 3821 καὶτῶν
3182 3767 3511 3839 ηὑρημένων
3532 3767 3748 3838 ἐξηγεῖ-

2173 3855 2298 3909 σθαι
2328 3856 2420 3909 τὸν
2451 3854 2681 3927 ἀριθμὸν
2700 3895 2713 3921 ,
2751 3857 2845 3911 καὶ
2889 3857 3009 3929 οὐχὶ
3055 3858 3258 3929 μᾶλλον
3286 3860 3655 3931 ἀπλούστερόν
3680 3876 3747 3914 τι

2172 3945 2267 4001 καὶ
2290 3944 2573 4011 ἀπολύτως
2608 3943 2762 4002 εἶπεν
2793 3948 2853 4015 ἐξ
2882 3948 3077 4019 ὀλίγων
3113 3950 3312 4021 κομιδῆ
3346 3950 3458 4005 τῶν
3491 3951 3749 4025 ηὑρημέ-

2171 4055 2276 4091 νων
2294 4037 2392 4109 τὴν
2413 4037 2722 4111 ἀμέτρητον
2739 4040 2850 4095 τῶν
2875 4039 3315 4097 ἀκολουθούντων
3330 4042 3745 4119 ἀποτετράφθαι

2171 4128 2411 4200 πληθύνς
2442 4129 2518 4184 Τὸ
2544 4130 2601 4184 δὲ
2627 4131 2749 4186 λίαν
2783 4131 3237 4204 ἐσπουδασμένως
3263 4132 3361 4188 καὶ
3385 4133 3515 4205 περὶ
3533 4133 3745 4190 τούτων

2170 4220 2482 4290 ἐξηγεῖσθαι
2535 4223 2628 4299 τὸν
2675 4222 2944 4296 μακάριον
2988 4224 3417 4296 εὐαγγελιστὴν,
3463 4225 3648 4280 δίδωσί
3684 4243 3741 4279 τι

2169 4313 2387 4378 πάντως
2427 4314 2627 4368 ἐννοεῖν
2652 4355 2667 4379 ,
2710 4314 2739 4369 δ
2780 4316 2875 4369 καὶ
2935 4317 3120 4388 ζητεῖν
3158 4318 3476 4386 ἀναγκαῖον.
3527 4318 3745 4372 οὐκοῦν

497 4383 832 4441 hordeaceos
886 4389 1131 4459 quinque
1197 4390 1595 4461 sapientissimi
1665 4390 1833 4447 Mosis
1894 4392 2064 4447 libros

2175 4411 2330 4463 πέντε
2370 4409 2467 4480 μὲν
2498 4406 2637 4464 εἷναί
2679 4427 2812 4482 φησι
2838 4413 2964 4475 τοὺς
2989 4383 3215 4483 νάρτους,
3246 4383 3336 4467 καὶ
3370 4411 3530 4467 τοῦτο
3561 4412 3746 4482 κριθί-

445 4476 457 4498 ⁸
496 4473 770 4541 denotari,
802 4476 906 4533 hoc
952 4486 1040 4535 est
1089 4480 1399 4535 universam
1456 4481 1653 4552 legem,
1700 4489 1890 4552 utpote
1943 4497 2064 4551 quae

497 4578 593 4634 per
610 4564 847 4619 litteram
869 4576 925 4623 et
949 4568 1270 4626 historicum
1288 4585 1512 4627 sensum
1529 4570 1856 4627 crassiorem
1879 4587 2058 4644 quem-

496 4653 619 4706 dam
647 4655 829 4709 cibum
862 4657 1049 4714 infert.
1074 4658 1190 4715 Hoc
1212 4661 1357 4715 enim
1380 4675 1448 4717 ex
1473 4675 1540 4717 eo
1556 4660 1895 4732 signiﬁcatur
1914 4663 2061 4733 quod

492 4752 681 4815 essent
705 4745 1014 4804 hordeacei.
1034 4746 1138 4805 Per
1162 4749 1458 4819 pisciculos
1482 4758 1689 4817 autem,
1719 4751 2056 4824 piscatorum

493 4834 699 4902 cibum,
734 4836 837 4891 hoc
859 4844 962 4903 est,
992 4838 1314 4895 delicatiora
1338 4840 1431 4896 illa
1455 4840 1759 4900 Salvatoris
1793 4845 2057 4902 doctrina:

492 4925 698 4997 scripta
723 4945 735 4981 :
770 4925 908 4983 duos
940 4936 1120 4985 autem
1144 4944 1268 4986 cum
1297 4932 1397 4997 ait,
1422 4933 1780 5004 apostolicam
1816 4946 1871 4994 et
1898 4953 2058 4995 evan-

492 5018 720 5088 gelicam
744 5018 797 5074 in
825 5020 985 5077 nobis
1009 5022 1455 5092 praedicationem
1474 5024 2035 5100 effulgeresignilicat

495 5106 740 5180 Utraque
785 5111 931 5166 enim
980 5112 1095 5166 haec
1130 5121 1258 5168 sunt
1312 5115 1648 5185 piscatorum
1702 5120 1947 5185 inventa.
2002 5130 2058 5178 et

488 5203 764 5272 spiritales
810 5204 959 5262 libri.
1015 5205 1254 5264 Miscens
1308 5210 1496 5282 itaque
1567 5215 1850 5271 veteribus
1914 5194 2069 5272 nova.

490 5292 761 5362 Salvator,
793 5313 889 5369 per
927 5299 1098 5370 legem
1128 5308 1182 5355 et
1210 5299 1346 5356 Novi
1370 5301 1707 5361 Testamenti
1740 5306 2046 5364 doctrinam

490 5383 726 5440 tidelium
766 5389 977 5446 animas
1025 5391 1196 5445 nutrit
1232 5393 1299 5447 ad
1335 5394 1525 5461 vitam,
1581 5396 1837 5451 nimirum
1892 5407 2049 5455 aeter-

488 5488 633 5528 nam.
665 5476 822 5542 Quod
852 5490 1031 5536 autem
1059 5482 1317 5553 discipuli
1354 5487 1658 5556 piscatores
1693 5496 1898 5555 essent,
1939 5493 2047 5546 uti-

558 5646 780 5707 “Joan.
813 5665 885 5713 tu,
913 5651 1001 5705 Η.
1092 5653 1136 5687 ³⁷
1180 5653 1310 5715 ibid.
1349 5658 1433 5713 4'2.
1514 5659 1859 5716 "lTimmh.
1893 5679 1968 5732 Iv,
2006 5666 2059 5723 5.

2168 4516 2292 4564 νους
2314 4539 2329 4565 ,
2362 4500 2456 4554 δύο
2490 4500 2549 4555 δὲ
2581 4501 2648 4554 τὰ
2671 4500 2873 4573 ὀψάρια
2899 4542 2915 4566 ,
2965 4504 3061 4559 καὶ
3089 4504 3177 4559 διὰ
3201 4503 3402 4557 τούτων
3438 4504 3745 4576 ἀποστρέφει

2167 4588 2403 4659 Χριστὸς
2430 4591 2555 4654 τοὺς
2576 4591 2901 4658 ἀγαπῶντας
2928 4592 3109 4649 αὐτόν.
3132 4589 3296 4665 Οἶμαι
3323 4594 3381 4647 δὲ
3401 4591 3575 4663 ἔγωγε
3594 4610 3609 4623 ο
3641 4595 3744 4648 καὶ

2169 4676 2441 4735 σκοπείτω
2465 4680 2527 4733 τὸ
2559 4683 2805 4751 κρεῖττον
2835 4683 2864 4734 ὀ
2896 4684 3202 4756 φιλομαθής
3223 4698 3237 4713 °
3279 4685 3364 4739 ὃτι
3386 4684 3475 4739 διὰ
3506 4684 3605 4756 μὲν
3628 4685 3743 4740 τῶν

2165 4770 2324 4825 πέντε
2356 4771 2537 4843 ἄρτων
2567 4770 2675 4826 τῶν
2710 4775 2966 4845 κριθίνων
2985 4776 3078 4842 ,τὸ
3106 4778 3446 4851 πενταμερὲς
3469 4778 3564 4832 τοῦ
3598 4795 3743 4833 παν-

2164 4862 2328 4932 σόφου
2360 4862 2605 4926 Μωσέως
2624 4862 2828 4935 βιϐλίον
2860 4868 3203 4937 σημαίνεται,
3233 4869 3481 4923 τουτέστι
3510 4869 3739 4939 σύμπας

2160 4951 2190 5002 ὀ
2227 4950 2425 5021 νόμος,
2479 4951 2791 5024 παχυτέραν
2843 4953 3031 5027 ὥσπερ
3070 4956 3340 5028 εἰσφέρων
3378 4957 3480 5030 τὴν
3513 4956 3601 5012 διὰ
3638 4958 3736 5013 τοῦ

2159 5038 2485 5111 γράμματος
2531 5040 2626 5095 καὶ
2674 5041 2775 5112 τῆς
2841 5043 3079 5114 ἱστορίας
3131 5046 3370 5118 τροφήν*
3406 5045 3568 5101 τοῦτο
3625 5047 3738 5120 γὰρ

2160 5131 2435 5202 ὐποδηλοῖ,
2466 5131 2527 5186 τὸ
2556 5133 2664 5186 ἀπὸ
2695 5134 2891 5206 κριθῆς
2913 5151 2929 5167 ⁸
2960 5136 3049 5191 διὰ
3077 5136 3137 5191 δὲ
3173 5138 3283 5192 τῶν
3309 5138 3554 5211 ὀψαρίων
3575 5141 3612 5211 ἡ
3647 5140 3733 5195 διὰ

2157 5221 2266 5275 τῶν
2312 5223 2505 5277 ἀλιέων
2547 5226 2755 5297 τροφὴ,
2797 5228 3044 5283 τουτέστι
3100 5229 3170 5284 τά
3196 5230 3594 5302 τρυφερώτατα
3623 5232 3728 5285 τῶν

2156 5313 2249 5369 τοῦ
2297 5316 2547 5387 Σωτῆρος
2588 5317 2927 5390 μαθημάτων
2984 5323 3394 5393 συγγράμματα
3425 5340 3439 5353 ·
3491 5325 3590 5377 καὶ
3637 5323 3730 5376 δύο

2154 5406 2329 5462 ταῦτά
2352 5414 2537 5478 φησιν,
2581 5410 2936 5465 ἀποστολικὸν
2980 5414 3038 5466 ὲν
3071 5415 3204 5485 ἡμῖν
3243 5415 3339 5470 καὶ
3376 5415 3734 5484 εὐαγγελικδν

2154 5496 2445 5569 διαλάμπει
2487 5501 2769 5573 κήρυγμα.
2819 5504 3021 5575 ’Ἄμφω
3059 5507 3116 5562 δὲ
3168 5508 3337 5563 ταῦτα
3382 5508 3490 5564 τῶν
3530 5507 3737 5564 ἀλιέων
