4032 6200
313 348 408 405 457
1331 342 1395 396 IN
1431 339 1719 397 JOANNIS
1759 337 1885 393 EVA

1988 338 2212 394 ‘ELIUM
2255 339 2383 394 LIB.
2427 341 2515 395 IlI.
3456 358 3561 414 458

311 467 604 538 εὑρήματα,
632 464 728 517 καὶ
757 463 1118 534 λογογραφίαι
1155 463 1546 532 πνευματικαί.
1588 460 1882 530 Ἀναμίξας

1988 475 2090 529 que
2117 460 2470 539 manifestum
2503 470 2609 518 est.
2639 463 2772 520 Nam
2811 467 2939 522 licet
3004 484 3198 526 omnes
3259 474 3562 542 piscatores

309 555 588 628 τοιγαροῦν
620 559 648 610 ὁ
683 555 874 626 Σωτὴρ
917 557 1028 618 τοῖς
1058 554 1306 618 παλαιοῖς
1342 554 1412 608 τὰ
1438 555 1553 619 νέα,
1584 553 1671 607 διὰ
1715 553 1876 621 νόμου

1988 567 2093 606 non
2131 565 2340 619 essent,
2371 563 2550 610 tamen
2587 559 2846 624 quoniam
2871 561 3014 614 inter
3044 577 3141 617 eos
3178 566 3313 621 tales
3335 569 3559 637 quidam

309 649 396 704 καὶ
449 647 788 718 μαθημάτων
838 645 1118 715 Διαθήκης
1170 645 1365 715 καινῆς
1419 643 1529 697 τῶν
1586 645 1668 707 είς
1718 641 1881 694 αὑτὸν

1988 652 2164 708 erant,
2223 643 2428 700 idcirco
2487 665 2518 703 a
2570 653 2804 708 veritate
2859 667 2968 708 non
3005 654 3225 710 aberrat
3283 662 3432 729 quod
3472 663 3560 718 di-

310 739 667 795 πιστευόντων
697 736 796 800 τὰς
821 735 999 806 ψυχὰς
1033 733 1331 806 ἀποτρέψει
1368 734 1502 805 πρὸς
1532 732 1697 804 ζωὴν,
1729 732 1884 801 δῆλον
1989 733 2187 788 cimus.

307 833 386 887 ὅτι
421 833 520 902 τὴν
565 829 802 894 αἰώνιον.
842 830 966 883 Ὅτι
1012 830 1120 899 γὰρ
1168 829 1227 895 ἐξ
1283 828 1478 883 ἀλιέων
1523 829 1572 882 οἱ
1615 826 1874 898 μαθηταὶ,
1919 825 2184 896 πρόδηλον
2211 828 2383 900 δήπου
2415 834 2510 888 καὶ
2536 836 2740 906 σαφέςο
2774 843 2822 892 ει
2849 840 2956 910 γὰρ
2982 841 3057 910 μὴ
3117 842 3316 907 πάντες
3379 847 3561 917 τυχὸν.

309 928 416 982 ἀλλ’
445 926 679 998 ἐπείπερ
710 927 848 979 εἰσιν
897 927 957 978 ἐν
996 927 1179 989 αὐτοῖς
1213 927 1263 978 oi
1293 925 1556 990 τοιοῦτοι,
1601 925 1742 978 οὕτω
1783 922 1880 992 τῆς
1916 921 2007 974 ἐπὶ
2075 926 2190 987 τοῖς
2233 927 2547 998 εἰρημένοις
2580 931 2838 1002 ἀληθείας
2903 937 2932 988 ὁ
2975 934 3131 1005 λόγος
3175 939 3306 1008 ἡμῖν
3349 941 3448 992 οὑκ
3479 943 3565 1007 ἐξ·

308 1023 607 1091 οιχήσεται.

388 1114 485 1176 Ὡς
519 1112 589 1164 δὲ
632 1111 1140 1179 ἐνεπλήσθησαν,
1191 1112 1355 1180 λέγει
1409 1111 1534 1176 τοῖς
1586 1106 1881 1179 μαθηταῖς

307 1200 487 1255 αὑτοῦ
509 1217 522 1230 ·
569 1200 946 1270 Συναγάγετε
1005 1200 1078 1254 τὰ
1139 1202 1633 1268 περισσεύσαντα
1685 1197 1877 1254 ιπιλὰσ⁸

301 1308 474 1361 ματα,
523 1293 624 1344 ἵνα
652 1293 737 1361 μή
772 1309 826 1345 τι
863 1293 1183 1361 ἀπόληται.
1219 1293 1577 1364 Συνήγαγον
1609 1288 1739 1358 οὖν,
1778 1291 1880 1346 καὶ

306 1383 589 1453 ἐγέμισαν
625 1383 852 1437 δώδεκα
887 1385 1179 1453 κοφίνους
1216 1386 1614 1455 κλασμάτων,
1661 1385 1730 1438 ἐκ
1759 1383 1878 1438 τῶν

304 1474 482 1528 πέντε
525 1475 720 1543 ἄρτων
770 1475 888 1529 τῶν
943 1477 1241 1544 κριθίνων,
1286 1477 1437 1546 ἅπερ
1476 1478 1878 1544 ἐπερίσσευσε

303 1566 425 1632 τοῖς
451 1569 816 1634 βεϐρωκόσι.

369 1659 553 1722 Δόξειε
587 1658 686 1728 μὲν
727 1658 790 1712 ἄν
811 1675 888 1726 τῳ
923 1657 1096 1726 φειδοί
1126 1657 1236 1711 τῶν
1284 1661 1738 1730 περισσευμάτων
1765 1662 1878 1722 τοῖς

2060 1103 2150 1170 Vl,
2186 1106 2378 1174 12,15.
2409 1109 2478 1163 Ut
2499 1122 2675 1166 autem
2704 1115 2904 1184 impleti
2934 1127 3080 1183 sunt,
3116 1118 3253 1172 dixit
3285 1120 3561 1192 discipulis

1987 1198 2097 1251 suis
2120 1215 2139 1252 :
2165 1197 2411 1270 Colligite
2436 1219 2555 1273 qua:
2583 1218 2961 1276 superaverunt
2989 1209 3309 1280 fragmenta,
3345 1232 3407 1268 ne
3439 1233 3560 1284 pcr-

1985 1298 2128 1343 eant.
2191 1289 2524 1362 (lo/legerunt
2572 1312 2732 1366 ergo,
2779 1307 2829 1352 et
2890 1300 3229 1368 impleverunt
3283 1305 3560 1362 duodecim

1986 1379 2234 1448 cophinos
2258 1383 2697 1453 fragmentorum,
2728 1404 2794 1442 ea:
2825 1391 3049 1460 quinque
3083 1395 3308 1461 panibus
3337 1395 3559 1454 hordea-

1985 1472 2112 1535 ceis,
2135 1488 2251 1541 qua:
2275 1475 2648 1543 superfuerunt
2672 1477 2754 1533 Itis
2781 1480 2872 1549 qui
2898 1483 3365 1542 manducaverant.

2058 1649 2472 1708 Existimaverit
2513 1654 2712 1726 aliquis
2743 1656 3023 1715 Christum
3064 1663 3401 1731 parcimonia
3434 1685 3561 1738 qua-

304 1749 497 1802 ἑαυτοῦ
530 1749 799 1819 μαθηταῖς
832 1748 1084 1814 ἐπιτάξαι
1122 1750 1360 1822 Χριστὸς
1406 1751 1685 1820 συλλέγειν
1717 1751 1878 1808 αὐτά.

1988 1740 2108 1795 dam
2150 1743 2436 1830 discipulis
2483 1745 2602 1802 suis
2641 1747 2886 1818 jussisse
2929 1758 2987 1805 ut
3033 1755 3298 1824 reliquias
3338 1760 3561 1830 collige-

313 1840 477 1902 Ἀλλ’,
501 1836 676 1910 οἶμαι,
703 1840 1003 1908 παστισαῦν
1030 1842 1283 1912 ὲννοήσαι
1311 1843 1651 1914 πρεπόντως,
1679 1842 1753 1907 ὡς
1781 1843 1881 1896 οὐκ

301 1932 366 1986 ἂν
393 1934 477 1994 είς
500 1929 661 1984 τοῦτο
689 1932 1044 2003 μικρολογίας
1072 1932 1423 1988 καταϐαίνειν
1453 1935 1714 2005 ἠνέσχετο
1741 1950 1752 1962 ⁶
1787 1936 1882 1990 καὶ

297 2025 350 2077 τί
382 2025 527 2093 λέγω
557 2025 819 2094 Χριστός;
862 2023 982 2077 ἀλλ’
1013 2024 1135 2078 οὐδὲ
1167 2021 1250 2089 εἷς
1285 2043 1370 2089 τις
1405 2026 1516 2079 τῶν
1553 2026 1678 2080 καθ’
1711 2028 1880 2098 ἡμᾶς.

300 2115 364 2168 Τί
412 2114 527 2184 γὰρ
570 2111 638 2184 ἦν
681 2117 747 2169 ἐκ
799 2115 964 2170 πέντε
1013 2115 1312 2186 κριθίνων,
1360 2116 1421 2170 τὸ
1471 2116 1881 2189 περιλελεῖφθαι

301 2205 792 2277 προσδοκώμενον;
865 2207 1004 2259 Ἀλλ’
1055 2207 1170 2278 ἔχει
1231 2207 1434 2280 πολλὴν
1492 2209 1804 2279 οίκονομίαν
1853 2211 1883 2262 δ

296 2298 478 2365 λόγος,
506 2299 600 2350 καί
635 2298 696 2350 τὸ
738 2297 922 2368 θαῦμα
951 2299 1062 2361 τοῖς
1093 2300 1466 2370 ἀκροωμένοις
1493 2299 1750 2370 διαφανὲς
1787 2305 1882 2373 ὲρ-

301 2392 548 2458 γάζεται.
612 2389 862 2459 Τοσαύτη
923 2390 1033 2460 γάρ
1091 2407 1176 2452 τις
1240 2392 1492 2460 ἐνέργεια
1544 2391 1884 2462 θεοπρεποῦς

302 2479 549 2545 ἐξουσίας
588 2481 716 2551 περὶ
762 2480 824 2532 τὸ
858 2479 1096 2551 πρᾶγμά
1144 2481 1326 2546 ἐστιν,
1373 2481 1450 2545 ὡς
1492 2485 1566 2554 μὴ
1616 2482 1774 2553 μόνον
1819 2485 1884 2537 ἐκ

303 2573 465 2627 πέντε
492 2573 584 2625 τὸν
611 2571 841 2644 ἀριθμὸν
870 2571 1127 2642 κριθίνων
1153 2572 1244 2625 καὶ
1263 2573 1506 2643 ὀψαρίων
1545 2574 1688 2628 δυοῖν
1711 2575 1882 2647 δῆμον

301 2664 443 2719 οὕτω
469 2662 947 2734 κατακορεσθῆναι
978 2664 1166 2730 πολὺν,
1191 2664 1306 2717 ἀλλ’
1334 2665 1415 2717 ἔτι
1437 2665 1574 2737 πρὸς
1603 2667 1760 2721 τοῦτο
1788 2669 1884 2723 καὶ

301 2754 745 2827 ωγκομισθῆναι
777 2753 1042 2823 λειψάνων
1064 2756 1319 2824 κοφίνους
1342 2755 1573 2811 δώδεκα.
1606 2757 1880 2823 Ἀλλωςτε

302 2848 394 2900 καὶ
421 2845 774 2916 ὲτέραντινά
793 2885 807 2909 ,
837 2846 978 2899 κατὰ
1005 2847 1066 2898 τὸ
1095 2846 1240 2910 εἰκὸς
1261 2885 1274 2910 ,
1308 2846 1369 2899 τὸ
1401 2846 1586 2916 θαῦμα
1622 2848 1722 2919 τὴν
1748 2849 1884 2901 ὑπό-

302 2952 450 2993 νοιαν
487 2934 889 3007 ἀπεκρούσατο,
919 2937 985 3007 τῇ
1013 2936 1122 2988 τῶν
1150 2936 1422 3006 λειψάνων
1455 2937 1670 3009 εὑρέσει
1701 2937 1884 3008 βεϐαι-

297 3029 532 3102 οὐμενον
563 3031 644 3094 είς
661 3029 843 3082 πίστιν
860 3028 954 3082 τοῦ
984 3030 1204 3092 ’πάντως
1233 3046 1295 3082 τε
1319 3029 1415 3082 καὶ
1437 3028 1652 3100 ἀληθῶς
1673 3031 1882 3102 τροφῆς

298 3121 558 3190 γενέσθαι
601 3120 940 3190 πλεονασμὸν
964 3160 980 3184 ,
1028 3121 1123 3175 καὶ
1170 3121 1292 3190 οὐχὶ
1342 3120 1540 3191 μᾶλλον
1579 3122 1881 3191 φαντασίας

296 3209 563 3275 ἐπίδειξιν
603 3208 903 3280 ἀπατώσης
945 3210 1040 3264 καὶ
1085 3209 1178 3262 τὸν
1227 3209 1337 3262 τῶν
1373 3210 1750 3282 ἑστιωμένων,
1791 3212 1885 3265 καὶ

298 3302 405 3355 τῶν
433 3299 834 3355 διακονούντων
857 3300 1043 3362 αὐτοῖς
1087 3297 1387 3369 ὀφθαλμόν.
1420 3298 1462 3350 Τ
1465 3299 1494 3351 ὸ
1516 3299 1574 3352 δέ
1601 3315 1665 3368 γε
1701 3299 1884 3370 μεῖζόν

293 3409 352 3445 τε
370 3394 470 3446 καὶ
499 3389 944 3462 ἀξιολογώτερον,
968 3391 1062 3442 καὶ
1091 3388 1209 3442 λίαν
1235 3390 1386 3460 ἡμᾶς
1411 3389 1676 3458 ὠφελοῦν,
1708 3389 1886 3444 ἐκεῖνό

292 3485 410 3538 ἐστι
434 3502 449 3515 ·
495 3483 750 3537 κατανόει
797 3482 906 3554 γὰρ
945 3485 1094 3544 ὅπως
1135 3481 1582 3553 προθυμοτάτους
1622 3484 1772 3553 ἡμᾶς
1796 3481 1884 3536 διὰ

291 3574 388 3627 τοῦ
443 3573 729 3644 θαύματος
776 3573 1152 3643 ἀπεργάζεται
1199 3572 1339 3644 πρὸς
1381 3574 1443 3624 τὸ
1469 3571 1750 3642 βούλεσθαι
1792 3571 1885 3625 καὶ

291 3664 412 3718 λίαν
441 3665 705 3736 ἀσμένως
741 3663 1038 3732 φιλοξενεῖν
1060 3703 1076 3729 ,
1125 3663 1412 3733 μονονουχὶ
1447 3662 1512 3715 δι’
1545 3662 1726 3716 αὐτῶν
1749 3664 1885 3733 ἡμῖν

287 3758 617 3826 ἀναϐοήσας
657 3755 766 3809 τῶν
812 3754 1196 3826 γεγενημένων
1235 3753 1311 3816 ὡς
1358 3753 1458 3807 οὐκ
1506 3753 1776 3825 ἐπιλείψει
1817 3752 1887 3807 τὰ

291 3850 448 3922 παρὰ
485 3848 627 3902 Θεοῦ
660 3848 752 3902 τὸν
786 3846 1136 3911 κοινωνικὸν,
1171 3847 1264 3899 καὶ
1292 3845 1372 3915 τῷ
1416 3846 1726 3917 φιλαλλήλῳ
1761 3845 1886 3917 χαί-

290 3960 461 4014 ροντα
491 3941 685 4013 τρόπῳ
708 3981 723 4006 ,
754 3940 850 3993 καὶ
879 3939 941 3993 τὺ
968 3939 1354 4010 γεγραμμένον
1386 3937 1737 4009 ἀποπληροῦν
1768 3937 1888 3993 ὲθε-

288 4035 580 4107 λήσανταο
631 4052 650 4085 ι
687 4033 994 4104 Διάθρυπτε
1036 4031 1294 4084 πεινῶντι
1338 4030 1429 4084 τὸν
1486 4030 1650 4100 ἄρτον
1705 4048 1822 4085 σου.
1859 4049 1880 4084 ι

291 4130 487 4200 Ὀκνῳ
527 4127 628 4198 μὲν
656 4126 765 4196 γὰρ
796 4124 875 4194 τῷ
907 4124 1036 4194 περὶ
1066 4123 1228 4177 τοῦτο
1252 4122 1728 4194 κατειλημμένους
1759 4123 1886 4187 τοὺς

296 4221 558 4293 μαθητὰς
611 4219 940 4291 εὑρίσκομεν
985 4220 1043 4270 ὲν
1083 4218 1224 4287 ἀρχῇ
1251 4255 1266 4280 ,
1315 4215 1429 4270 ἀλλ’
1467 4216 1698 4285 ἐπείπερ
1747 4211 1887 4288 ἦσαν

290 4313 437 4366 οὕτω
475 4309 848 4380 διακείμενοι,
875 4307 1136 4361 πλουσίαν
1162 4307 1347 4371 αὐτοῖς
1374 4308 1403 4359 δ
1430 4306 1619 4376 Σωτὴρ
1651 4307 1749 4376 τὴν
1781 4306 1888 4360 ἀπὸ

1986 1839 2129 1888 rent.
2185 1826 2292 1890 Sed
2349 1838 2552 1906 quivis,
2608 1840 2826 1910 opinor,
2875 1843 3040 1916 284
3093 1845 3253 1903 facile
3296 1826 3562 1921 cogitabit

1985 1938 2093 1978 non
2153 1932 2263 1978 tam
2319 1928 2638 1982 restrictum
2701 1929 2873 1986 fuisse
2928 1934 3248 2003 Christum,
3307 1947 3360 1993 et
3415 1942 3552 2009 quid

1982 2015 2108 2069 dico
2190 2009 2527 2074 Christum?
2594 2035 2665 2076 ne
2734 2038 2903 2078 unum
2974 2025 3194 2095 quidem
3272 2045 3303 2084 e
3376 2032 3556 2088 nobis.

1983 2105 2126 2172 Quid
2180 2107 2326 2163 enim
2397 2124 2464 2162 ex
2517 2111 2758 2184 quinque
2811 2114 3048 2184 panibus
3095 2115 3415 2176 hordeaceis
3470 2138 3561 2177 re-

1985 2198 2120 2268 liqui
2171 2201 2480 2269 exspectari
2537 2209 2752 2271 poterat
2780 2203 2804 2257 ?
2830 2204 2899 2257 At
2929 2205 3198 2275 singulari
3233 2211 3463 2265 consilio
3504 2211 3556 2265 id

1983 2289 2212 2356 dicitur,
2242 2299 2294 2348 ct
2326 2292 2678 2348 manifestam
2713 2294 2768 2349 in
2799 2295 3112 2352 auditorum
3159 2301 3435 2357 mentibus
3464 2305 3560 2356 atl-

1985 2381 2332 2438 mirationem
2359 2382 2522 2453 parit.
2558 2382 2732 2438 Tanta
2759 2386 2904 2440 enim
2934 2387 3018 2444 vis
3047 2389 3244 2445 divinae
3269 2395 3560 2460 potestatis

1984 2482 2071 2530 est
2107 2474 2162 2528 in
2201 2491 2264 2531 ea
2331 2491 2411 2538 re,
2449 2485 2510 2530 ut
2566 2492 2674 2531 non
2709 2478 2885 2532 solum
2916 2495 2984 2533 ex
3035 2481 3281 2551 quinque
3323 2484 3558 2552 panibus

1984 2565 2398 2622 hordeaceiset
2434 2567 2717 2636 pisciculis
2764 2568 2982 2624 duobus
3042 2577 3196 2625 tanta
3256 2574 3556 2629 multitudo

1983 2659 2171 2730 populi
2200 2659 2396 2712 satiata
2431 2659 2524 2723 sit,
2565 2659 2659 2714 sed
2689 2668 2950 2728 praeterea
2996 2660 3286 2718 duodecim
3339 2681 3560 2737 quoque

1984 2751 2207 2822 cophini
2234 2750 2594 2821 reliquiarum
2630 2749 3023 2821 superfuerint.
3052 2753 3193 2819 Quin
3229 2756 3556 2813 miraculum

1985 2842 2136 2899 istud
2170 2842 2528 2911 reliquiarum
2566 2842 2908 2897 abundantia
2956 2843 3342 2900 conﬁrmatum
3395 2849 3558 2904 aliam

1984 2935 2280 3006 quamdam
2313 2933 2689 3003 suspicionem
2721 2932 2954 3003 depulit,
3005 2949 3076 2990 ne
3106 2935 3361 2992 videlicet
3411 2940 3559 2994 inani

1985 3026 2172 3097 specie
2217 3025 2578 3080 convivarum
2635 3031 2690 3080 et
2743 3024 3126 3081 ministrorum
3180 3028 3324 3082 oculi
3377 3029 3560 3084 deludi

1983 3117 2326 3182 viderentur,
2380 3116 2477 3172 sed
2517 3129 2710 3171 revera
2745 3115 2900 3171 cibos
2941 3132 3250 3186 superesse.
3291 3117 3396 3174 Sed
3438 3135 3558 3174 ma-

1987 3212 2200 3265 ximum
2253 3217 2308 3265 et
2359 3209 2716 3265 utilissimum
2761 3208 2897 3264 illud
2947 3224 3073 3265 esse
3120 3210 3360 3276 notabis,
3415 3215 3562 3281 quod

1987 3301 2092 3358 hoc
2113 3301 2377 3356 miraculo
2395 3301 2654 3357 Christus
2682 3302 2748 3356 ad
2772 3302 3210 3372 hospitalitatem
3241 3304 3560 3358 sectandam

1988 3395 2286 3451 alacriores
2313 3393 2635 3464 efﬁcit,ipso
2664 3394 2809 3449 facto
2830 3395 3225 3466 propemodum
3252 3396 3562 3454 inclamans

1989 3487 2159 3544 Deum
2191 3501 2302 3542 non
2334 3486 2654 3542 defuturum
2709 3488 2758 3542 ei
2821 3487 2914 3554 qui
2951 3503 3072 3557 quae
3121 3489 3285 3543 habet
3334 3489 3566 3545 libenter

1987 3579 2202 3635 confert
2231 3580 2286 3634 iu
2316 3580 2476 3646 alios,
2507 3586 2561 3634 et
2587 3577 2951 3634 beneﬁcentia
2981 3579 3304 3642 oblectatur,
3338 3588 3392 3633 et
3416 3583 3563 3650 quod

1988 3673 2258 3742 scriptum
2286 3678 2372 3726 est
2406 3670 2638 3740 implere
2683 3670 2921 3724 nititur:
2977 3690 2995 3722 ι
3035 3667 3249 3740 Frange
3298 3671 3564 3725 esurienti

1987 3776 2184 3832 panem
2239 3769 2393 3816 tuum
2416 3762 2484 3816 ".
2542 3778 2560 3811 ι
2619 3760 2926 3830 Discipulos
2983 3762 3128 3816 enim
3193 3763 3563 3830 comperimus

1988 3854 2148 3909 initio
2193 3853 2369 3909 fuisse
2400 3855 2456 3907 in
2498 3854 2602 3907 hoc
2641 3853 2806 3922 paulo
2835 3853 3128 3918 tardiores,
3179 3852 3274 3908 sed
3310 3868 3434 3906 cum
3487 3854 3560 3907 ita

1989 3945 2167 4001 allecti
2190 3953 2401 4010 essent,
2435 3959 2687 4016 magnam
2723 3945 3076 4016 reliquiarum
3118 3946 3330 4016 c0piam
3373 3942 3562 4000 Salva-

1995 4045 2080 4092 tor
2104 4035 2185 4090 eis
2215 4035 2578 4106 colligendam
2607 4034 2855 4091 tradidit.
2876 4033 2971 4090 His
2992 4043 3172 4089 autem
3202 4033 3485 4099 docemur,
3512 4037 3559 4090 si

1991 4128 2270 4184 modicum
2301 4128 2431 4199 quid
2455 4129 2510 4183 in
2539 4127 2634 4183 Dei
2667 4127 2896 4198 gloriam
2934 4127 3388 4198 impenderimus,
3426 4128 3562 4182 ube-

1990 4221 2194 4275 riorem
2227 4234 2327 4275 nos
2347 4218 2417 4273 ab
2439 4233 2504 4274 eo
2525 4217 2771 4275 vicissim
2794 4219 3026 4288 gratiam
3050 4226 3391 4287 recepturos,
3407 4219 3564 4288 juxta

1992 4309 2125 4364 illud
2153 4307 2299 4378 quod
2340 4307 2545 4363 dictum
2576 4313 2661 4363 est
2687 4323 2718 4360 a
2749 4306 3006 4363 Christo:
3047 4327 3066 4359 ι
3122 4305 3434 4363 Mensuram
3465 4308 3567 4363 bo-

291 4405 402 4458 τῶν
439 4404 719 4474 λειψάνων
756 4401 922 4455 ἐτίθει
952 4399 1310 4471 συγκομιδήν.
1362 4399 1612 4452 Διδάσκει
1645 4397 1702 4451 δὲ
1738 4399 1885 4468 ἡμᾶς

1992 4415 2117 4454 nam
2145 4407 2200 4454 et
2221 4397 2544 4463 confertam,
2564 4407 2617 4453 et
2637 4398 2989 4469 coagitatam,
3009 4405 3062 4452 et
3089 4391 3565 4468 supereﬂluentem

287 4496 377 4550 διὰ
407 4495 630 4549 τούτων
654 4535 670 4561 ,
697 4494 778 4547 ὅτι
807 4493 901 4546 καὶ
943 4490 1117 4562 βραχύ
1153 4508 1208 4544 τι
1244 4489 1592 4552 δαπανῶντες
1627 4491 1706 4553 εἰς
1729 4489 1887 4554 δόξαν

287 4588 434 4642 Θεοῦ
459 4627 477 4653 ,
527 4583 934 4654 πλουσιωτέραν
976 4580 1382 4653 ἀντιληψόμεθα
1425 4580 1618 4650 χάριν,
1662 4579 1802 4634 κατὰ
1827 4578 1889 4632 τδ

287 4679 598 4751 εἰρημένον
631 4677 782 4747 παρὰ
801 4673 1057 4744 Χριστοῦο
1091 4691 1110 4725 ι
1134 4673 1350 4743 Μέτρον
1391 4671 1554 4725 καλὸν
1588 4669 1890 4740 πεπιεσμέ-

288 4788 402 4834 νον,
441 4770 546 4825 καὶ
590 4766 1007 4836 σεσαλευμένον,
1041 4763 1577 4836 ὑπερεκχυνόμενον,
1624 4761 1887 4815 δώσουσιν

289 4865 374 4926 εἰς
407 4862 510 4914 τὸν
539 4858 739 4913 κόλπον
782 4856 957 4928 ὑμῶν.
998 4875 1018 4908 ι
1048 4856 1163 4908 Οὐκ
1199 4854 1456 4925 ὀκνητέον
1489 4852 1778 4926 τοιγαροῦν
1811 4855 1891 4916 είς

288 4953 596 5008 κοινωνίαν
631 4951 730 5021 τὴν
758 4949 818 5014 ἐξ
850 4951 1074 5019 ἀγάπης
1111 4948 1212 5016 τῆς
1240 4950 1318 5011 είς
1350 4949 1634 5018 ἀδελφοὺς,
1667 4948 1805 5002 ἰτέον
1829 4946 1888 5000 δὲ

287 5046 515 5118 μᾶλλον
556 5046 638 5107 εἰς
667 5042 955 5113 εὐτολμίαν
994 5035 1236 5111 ἀγαθήνο
1285 5042 1380 5094 καὶ
1415 5041 1572 5094 ὖκνον
1612 5042 1745 5110 μὲν,
1794 5041 1890 5095 καὶ

281 5140 512 5194 δειλίαν
558 5138 659 5208 τὴν
683 5135 1032 5206 ἀφιλοξενεῖν
1073 5132 1510 5198 ἀναπείθουσαν,
1549 5133 1625 5195 ὡς
1667 5135 1884 5205 ποῤῥω..

278 5233 453 5287 τάτω
486 5227 874 5300 ποιησώμεθα,
909 5225 1287 5296 βεϐαιούμενοι
1323 5223 1380 5278 δὲ
1408 5224 1544 5295 πρὸς
1577 5224 1770 5278 ἐλπίδα
1798 5224 1888 5278 διὰ

275 5325 391 5394 τῆς
426 5303 803 5382 πίστεωςποῦ
849 5317 992 5372 κατὰ
1032 5317 1204 5390 μικρὰ
1238 5314 1699 5377 πολυπλασιάζειν
1728 5313 1890 5369 δύνα-

279 5415 426 5468 σθαι
448 5411 552 5464 τὸν
571 5409 722 5476 Θεὸν,
743 5408 1047 5477 ἀνοίξωμεν
1067 5410 1178 5470 τοῖς
1197 5406 1470 5476 δεομένοις
1493 5405 1562 5457 τὰ
1583 5404 1888 5475 σπλάγχνα,

281 5502 446 5558 κατὰ
511 5499 610 5571 τὴν
660 5498 757 5552 τοῦ
811 5499 978 5568 νόμου
1031 5496 1274 5562 διάταξιν
1300 5514 1313 5528 ο
1363 5516 1382 5548 ι
1453 5496 1708 5565 ’Δνοίγων
1756 5498 1886 5570 γὰρ,

291 5597 501 5667 φησὶν,
535 5589 768 5656 ἀνοίξεις
798 5587 867 5640 τὰ
896 5586 1182 5656 σπλάγχνα
1219 5604 1312 5639 σου
1345 5586 1422 5658 τῷ
1449 5586 1662 5658 ἀδελφῷ
1693 5605 1786 5642 σου
1815 5591 1892 5661 τῷ

349 5770 412 5805 '9
446 5767 572 5823 lsa.
607 5784 764 5835 Lviu,
800 5771 852 5824 7.
930 5769 974 5800 ⁸⁸
1005 5769 1138 5826 Luc.
1167 5785 1240 5835 v1,
1273 5768 1362 5832 38,
1439 5768 1484 5802 “
1511 5767 1670 5827 Deut.
1700 5785 1790 5838 xv,
1828 5769 1861 5828 8
1890 5809 1902 5818 -

633 5868 910 5929 Puncta
952 5868 1069 5930 Gn.
1120 5868 1397 5930 LXXIII.

1990 4492 2202 4548 dabunt
2230 4493 2284 4546 in
2316 4491 2498 4545 sinum
2528 4497 2772 4546 vestrum
2796 4491 2866 4544 δ’.
2910 4509 2928 4541 ι
2958 4489 3080 4546 Non
3113 4499 3198 4546 est
3233 4491 3397 4562 igitur
3422 4493 3566 4546 osci-

1990 4591 2172 4638 tanter
2211 4581 2480 4654 agendum
2510 4582 2565 4636 in
2599 4582 2944 4653 excipiendis
2974 4598 3098 4638 cum
3151 4583 3422 4638 charitate
3453 4583 3568 4638 fra-

1991 4675 2191 4740 tribus,
2255 4674 2351 4730 sed
2384 4673 2699 4729 audendum
2729 4675 2936 4745 potius,
2978 4683 3035 4730 et
3087 4675 3452 4730 excutiendus
3485 4683 3570 4730 est

1993 4777 2172 4824 metus
2203 4767 2297 4837 qui
2352 4781 2454 4822 nos
2494 4766 2563 4822 ab
2611 4767 2984 4837 hospitalitate
3023 4773 3237 4831 avocat,
3290 4773 3346 4820 et
3389 4768 3444 4820 in
3475 4781 3571 4834 spe

1996 4860 2196 4916 ﬁrmati
2230 4861 2414 4930 potius
2448 4875 2544 4930 per
2572 4859 2734 4915 ﬁdem
2769 4876 2874 4931 qua
2906 4859 3078 4915 Deum
3115 4859 3311 4928 exigua
3341 4871 3569 4926 quaeque

1995 4953 2363 5023 multiplicare
2416 4967 2580 5022 posse
2642 4953 2943 5015 credimus,
3002 4951 3312 5022 aperiamus
3358 4949 3568 5003 viscera

1995 5044 2395 5115 indigentibus,
2429 5057 2486 5100 ut
2519 5045 2603 5098 lex
2634 5045 2881 5113 praecipit
2925 5060 2938 5095 :
2989 5062 3007 5093 ι
3061 5040 3332 5110 Aperiens
3396 5039 3566 5100 enim,

1995 5137 2194 5205 inquit,
2257 5139 2476 5206 aperies
2532 5136 2744 5190 viscera
2777 5145 2870 5189 tua
2913 5133 3068 5186 fratri
3101 5139 3201 5185 tuo
3239 5129 3336 5201 qui
3362 5129 3570 5198 indiget

1995 5235 2048 5282 te
2071 5229 2137 5280 “.
2176 5246 2194 5277 ι
2225 5226 2458 5292 Quando
2482 5227 2627 5281 enim
2654 5227 2968 5281 misericors
3011 5223 3288 5284 videbere.
3317 5223 3364 5278 si
3394 5222 3570 5276 durus

1998 5319 2053 5372 in
2088 5319 2190 5372 hac
2226 5319 2338 5372 vita
2379 5317 2796 5386 permanseris?
2829 5315 3189 5382 Quandouam
3227 5328 3364 5369 vero
3413 5327 3571 5366 man-

1997 5409 2184 5464 datum
2227 5407 2500 5478 implebis,
2529 5408 2575 5462 si
2607 5417 2823 5477 tempus
2852 5407 3075 5461 ellluere
3104 5405 3336 5476 patiaris
3367 5418 3479 5476 quo
3510 5409 3571 5459 tu

1996 5502 2130 5558 illud
2163 5509 2286 5557 actu
2334 5507 2596 5573 praestare
2635 5499 2858 5572 possis?
2910 5499 3223 5555 Recordare
3269 5497 3576 5555 Psalmistz

2003 5595 2275 5651 dicentis:
2325 5615 2342 5647 ι
2377 5593 2649 5660 Quoniam
2683 5600 2906 5649 nonest
2939 5593 2994 5647 in
3029 5601 3204 5678 morte
3245 5591 3338 5660 qui
3366 5604 3574 5644 memor

3179 5857 3253 5918 15
