2030 3122
175 190 208 216 15
619 194 654 221 IN
668 193 811 221 JOANNIS
825 193 1062 223 EVANGELIUM.
1082 210 1115 215 ——
1134 193 1344 222 PROOEMlUM.
1713 194 1716 197 λ
1765 195 1799 222 Η

174 249 247 275 κεϊοδ
272 248 463 286 θυσιαστήριον
486 252 666 288 γεωργεῖσθαι
691 253 769 287 ξύλον
792 254 843 280 οὐκ
868 253 951 290 ἐφίησ

1015 254 1122 289 piorum
1150 254 1345 282 haereticorum
1370 250 1473 288 s’eripta
1497 260 1545 288 per
1570 252 1652 281 urbes
1671 253 1805 289 intelligi,.

174 295 324 327 παντελῶς.
338 306 346 322 ι
362 297 399 323 οὐ
412 297 553 331 φυτεύσεις
560 298 614 335 γὰρ
622 300 727 335 σεαυτῷ
737 301 790 327 πᾶν
798 301 877 331 ἄλσος
889 300 962 335 παρὰ

175 341 204 367 τὸ
219 341 409 378 Θυσιαστήριον
428 344 530 380 Κυρίου
550 344 596 371 τοῦ
613 345 681 372 Θεοῦ
706 354 782 375 σου.)
812 346 962 380 διαγγέλλει

127 396 131 399 ·
175 387 278 422 σαφῶς.
298 389 354 415 Καὶ
368 390 392 415 εἰ
409 390 459 425 χρή
476 399 503 416 τι
523 391 591 425 πρὸς
604 391 708 423 τούτοις
724 393 820 425 εἰπεῖν,
836 392 908 419 κατὰ
917 392 962 419 τὸν

176 434 279 461 Παῦλον
296 434 353 469 ὲρῶ
370 434 416 461 τὸν
439 435 593 470 σοφώτατον
605 444 612 452 ’
637 445 646 462 ι
662 437 707 472 Μὴ
725 437 788 473 περὶ
806 437 861 464 τῶν
878 437 961 469 ξύλων

176 480 252 514 μέλει
271 480 310 515 τῷ
325 480 398 515 Θεῷ;
413 490 421 506 ι
446 481 484 507 Δι’
504 482 577 516 ἡμᾶς
596 482 703 514 πάντως
717 482 801 517 λέγει,
819 482 862 509 διὰ
874 492 961 518 παχυ-

173 527 261 562 τέρων
291 527 520 563 παραδειγμάτων
550 528 595 556 ἐπὶ
620 529 671 560 τὰς
692 529 746 555 τῶν
769 530 962 565 πνευματικῶν

174 566 291 607 θεωρίᾶς
307 573 495 608 χειραγωγῶν.
516 573 621 600 Οὐκοῦν
641 574 690 609 ἥδη
711 574 845 609 λέγωμεν,
865 576 905 601 ὅτι
928 575 962 602 τὰ

176 619 225 652 μὲν
239 618 294 644 τῶν
311 619 427 645 ἀνοσίων
451 619 597 654 αἱρετικῶν
621 620 843 656 συγγράμματα,
870 621 962 653 πόλεις

174 664 207 689 ἂν
225 663 335 696 νοοῖντο,
358 664 404 690 καὶ
418 664 467 691 οὐκ
484 664 615 700 ἀκόμψως
633 666 702 700 τάχα
725 667 756 701 τῇ
783 666 831 692 τοῦ
858 666 960 701 κόσμου

176 708 256 743 σοῳίᾳ
278 709 325 735 καὶ
341 709 521 741 πολυπλόκοις
534 710 678 745 νοημάτων
690 711 808 743 ἀπάταις
819 720 890 739 πεπυ
895 720 962 747 ργω-

176 754 254 789 μένα.
279 755 447 789 Ἀφικνεῖταί
461 764 493 790 γε
509 756 562 791 μὴν
576 751 795 792 ἐκπολιορκήσων
809 757 903 790 αὑτὰς,
915 757 962 784 καὶ

174 802 274 837 τρόπον
301 801 363 827 τινὰ
386 801 479 837 κύκλῳ
494 802 671 837 περιιζάνειν,
695 803 740 830 τὸν
765 803 815 839 τ’ής
843 804 961 836 πίστεως

173 847 269 882 Ουρεον
283 847 436 881 ἀναλαϐὼν,
453 848 501 875 καὶ
514 849 564 884 τὴν
577 849 624 875 τοῦ
640 849 794 884 πνεύματος
812 850 959 886 μάχαιραν,

173 895 187 920 ὅ
201 895 258 920 ἐστι
276 894 351 929 ῥῆμα
367 894 445 925 Θεοῦ,
466 895 519 926 πᾶς
536 895 550 921 ὁ
561 896 618 926 τοῖς
636 895 718 930 ἱεροῖς
732 895 780 930 τῆς
797 896 961 931 Ἐκκλησίας

141 943 143 945 “
173 940 196 965 ἐ.
212 958 218 965 .
231 958 238 965 .
253 959 258 965 .
274 959 279 965 .
294 958 301 965 .
329 938 442 973 ζόμενος
465 939 597 974 δόγμασι,
617 941 664 966 καὶ
688 940 776 967 σθένει
800 941 882 967 παντὶ
902 943 960 973 ταῖς
977 931 997 959 Β

172 985 284 1012 ἐκείνων
295 985 488 1021 ψευδομυθίαις
501 986 735 1021 ἀντιταττόμενος·
751 987 918 1022 (Λογισμούς
931 996 960 1014 τε

171 1032 315 1068 καθαιρεῖν
331 1032 491 1068 μελετήσας,
504 1042 512 1058 ι
531 1033 569 1064 ὡς
583 1034 596 1059 ὁ
611 1033 717 1064 Παῠλός
728 1042 804 1068 φησι,
826 1043 835 1059 ε
850 1034 896 1061 κιιὶ
907 1035 960 1060 πᾶν

172 1077 272 1112 ὕψωμα
285 1077 465 1113 ἐπαιρόμενον
480 1077 549 1104 κατᾶ
565 1078 614 1113 τῆς
625 1077 751 1112 γνώσεως
764 1078 811 1104 τοῦ
823 1078 901 1112 Θεοῦ,
914 1079 960 1105 καὶ

172 1123 419 1159 αἰχμαλωτίζοντες
441 1123 494 1150 πᾶν
522 1123 612 1158 νόημα
635 1124 675 1155 είς
698 1123 747 1158 τὴν
766 1124 888 1159 ὑπακοὴν
912 1124 959 1150 τοῦ

171 1169 300 1205 Χριστοῦ.
314 1179 322 1195 ι
342 1170 425 1196 Ὅταν
439 1167 485 1195 οὖν
500 1169 514 1195 ό
533 1169 662 1201 τοιοῦτος,
689 1170 766 1204 φησὶ,
792 1169 960 1205 στρατιώτης

171 1215 300 1251 Χριστοῦ,
323 1214 449 1250 καθάπερ
463 1223 498 1241 τι.
514 1234 522 1241 .
537 1234 544 1241 .
570 1214 726 1249 ἀλλοφύλων
749 1214 783 1241 τὰ
805 1216 891 1250 πικρὰ
905 1216 959 1242 τῶν

171 1261 303 1296 αἱρέσεων
315 1261 463 1296 περινοήσῃ
480 1260 692 1295 συγγράμματα,
706 1260 824 1296 δένδροις
838 1269 867 1287 τε
882 1270 959 1296 περι-

171 1308 298 1343 τυγχάνει
324 1309 388 1339 τοίς.
405 1327 431 1334 ..
463 1307 566 1338 τόποις,
590 1306 662 1333 τοῦτ’
688 1306 777 1339 ἔστιν,
804 1307 837 1333 ἂν
863 1307 959 1341 λόγους

171 1354 285 1390 εὑρίσκῃ
300 1354 363 1385 τοὺς
381 1353 435 1379 ἀπὸ
447 1354 497 1388 τῆς
514 1352 694 1379 θεοπνεύστου
711 1353 834 1388 Γραφῆς,
857 1354 873 1388 ἢ
892 1362 958 1388 προ-

172 1400 264 1435 φητῶν
286 1400 406 1435 δηλονότι
429 1400 540 1435 ῥήματα
566 1399 795 1435 περιειλκυσμένα
817 1400 884 1436 πρὸς
912 1400 957 1427 τὸν

170 1447 282 1473 ἐκείνων
299 1446 408 1479 σκοπὸν,
427 1446 473 1472 καὶ
486 1445 638 1481 μαρτυρίας
656 1446 704 1477 τὰς
716 1446 748 1472 ἐκ
760 1445 897 1481 Διαθὴκης
909 1446 956 1481 τῆς

171 1494 284 1528 Καινῆς,
311 1492 348 1527 μὴ
368 1491 494 1526 ἐπαγέτω
522 1491 569 1518 τοῦ
594 1491 640 1518 νοῦ
666 1492 716 1527 τὴν
735 1492 851 1527 ὀξύτητα
886 1492 956 1519 κατά

170 1537 230 1573 [πο.
247 1535 337 1572 καθά]
362 1545 423 1563 τινα
441 1536 548 1572 σίδηρον
564 1536 654 1568 αὐτοῖς
672 1537 710 1568 είς
733 1537 872 1572 ἀναίρεσιν
909 1537 956 1563 καὶ

169 1584 321 1619 ἀποκοπὴν.
338 1583 375 1610 Οὑ
400 1583 465 1617 γὰρ,
486 1583 600 1618 ἐπείπερ
621 1582 724 1617 ἐλήφθη
744 1582 819 1618 παρὰ
833 1583 885 1610 τῶν
905 1583 954 1609 οὐκ

169 1630 276 1656 εἰδότων
292 1628 454 1664 ἑρμηνεύειν
469 1628 566 1664 ὀρθῶς.
580 1628 624 1655 διὰ
639 1628 718 1654 τοῦτο
735 1628 766 1663 δὴ
784 1629 891 1660 πάντως
908 1629 954 1656 καὶ

169 1675 322 1710 ἀπόϐλητον
335 1674 409 1701 ἔσται
421 1674 451 1701 τὸ
465 1674 509 1700 διὰ
523 1674 655 1709 στόματος
670 1672 736 1700 Θεοῦ
749 1683 755 1689 ·
773 1674 830 1700 ἀλλ’
840 1674 954 1710 ἐπείπερ

169 1721 225 1747 ἐστὶ
242 1720 428 1755 καρποφόρον,
444 1719 520 1746 ἔσται
537 1728 578 1745 σοι
592 1719 690 1753 μᾶλλον
704 1719 743 1750 εἰς
762 1719 888 1754 βοήθημα
908 1719 953 1746 καὶ

167 1767 279 1802 τροφήν.
293 1766 329 1792 Τὸ
347 1766 400 1800 γὰρ
417 1766 482 1800 παρ’
503 1765 615 1792 ἐκείνων
638 1765 760 1801 ἀνοήτως
776 1765 831 1792 ἔσθ’
846 1766 889 1792 ὅτε
905 1765 954 1801 λη-

166 1813 242 1847 φθὲν,
259 1813 298 1843 εἰς
314 1812 360 1838 τὸν
380 1811 458 1846 όρϐὺν
472 1811 521 1846 τῆς
541 1811 657 1843 πίστεως
680 1812 887 1847 περιτρέποντες
907 1812 952 1837 λο-

166 1858 274 1893 γισμὸν,
292 1858 340 1892 οὐχ
355 1858 429 1889 ὅπως
450 1857 607 1888 ἀτονοῦντες
631 1858 679 1892 οὐχ
702 1852 869 1892 meisque;
892 1867 951 1884 νευ-

167 1904 287 1940 ρούμεθα
295 1903 433 1939 δὲμᾶλλον
443 1904 482 1935 εἰς
492 1904 555 1934 τοὺς
564 1904 633 1930 κατὰ
643 1904 691 1937 τῆς
703 1904 834 1938 αἱρέσεως
846 1904 950 1937 λόγους.

172 1950 312 1986 Ἐπιφέρει
331 1949 359 1975 δὲ
384 1950 432 1976 καὶ
455 1948 584 1984 λογισμὸν
606 1949 786 1976 ἀναπείθοντά
807 1958 865 1981 πως
889 1951 952 1982 τοὺς

165 1996 366 2031 ἀκροωμένους,
381 1995 421 2021 ὅτι
431 1995 563 2030 προσήκει
579 1994 628 2026 τὰς
643 1994 690 2021 τοῦ
710 1995 898 2030 συναγορεύειν
906 1996 952 2031 ὁρ.

165 2041 219 2077 μὰς
226 2042 276 2068 οὐκ
287 2042 461 2077 ὲπανατροπῇ
474 2041 530 2077 [γρ.
539 2042 582 2067 ἐπ’
592 2040 744 2077 ἀνατροπῇ]
755 2041 854 2076 μᾶλλον
869 2043 952 2068 ποιεῖ-

166 2087 225 2114 σθαι
240 2087 294 2114 τῶν
308 2087 387 2115 θείων
407 2087 513 2121 λογίων,
531 2087 588 2113 ἀλλ’
606 2088 645 2118 εἰς
665 2087 805 2122 ἀναίρεσιν
822 2087 877 2114 τῶν
900 2088 950 2114 οὐκ

163 2133 251 2169 ὀρθῶς
271 2134 425 2169 λεγομένων
442 2133 520 2168 παρὰ
540 2133 594 2160 τῶν
609 2134 643 2160 δι’
654 2134 786 2165 ἐναντίοις·
800 2143 809 2159 ‹
821 2134 865 2169 Μὴ
884 2134 948 2170 γὰρ,

164 2181 260 2215 φησὶν,
282 2180 425 2215 ἅνθρωπος
446 2179 476 2205 τὸ
495 2179 571 2211 ξύλον
588 2179 617 2206 τὸ
635 2180 665 2206 ἐν
683 2179 721 2214 τῷ
742 2180 847 2215 δρυμῷ,
864 2179 950 2206 εἰσελ-

163 2226 218 2252 Οεῖν
232 2225 286 2252 ἀπὸ
304 2225 448 2260 προσώπου
463 2234 508 2251 σου
522 2226 561 2256 εἰς
577 2225 622 2251 τὸν
636 2226 761 2260 ﬁgam;
778 2235 786 2251 I
800 2223 872 2261 ’Ἄρα
896 2226 949 2260 γὰρ

162 2272 253 2306 φησὶν,
269 2272 348 2307 οἰήσῃ
365 2271 438 2302 ποτὲ,
455 2271 578 2306 καθάπερ
600 2271 662 2297 τινὰ
684 2271 738 2297 τῶν
754 2272 946 2306 αῐρεσιαρχῶν,

1004 2273 1127 2309 exposuit
1149 2272 1244 2299 dicens
1265 2279 1271 2297 :

117 2334 120 2337 ι
159 2317 307 2352 αὑτόμολόν
319 2324 349 2343 τε
369 2317 436 2352 πρὸς
453 2316 542 2351 μάχην
559 2316 788 2352 ἐξαναστήσεσθαι
803 2316 833 2342 τὸ
848 2317 879 2343 ἐκ
894 2317 947 2343 τῶν

161 2362 241 2398 ἱερῶν
254 2363 476 2398 συγγραμμάτων
492 2362 583 2398 ῥητὸν,
600 2362 646 2388 καὶ
656 2362 716 2396 οὐχὶ
731 2362 829 2397 μᾶλλον
841 2363 885 2389 διὰ
897 2363 947 2397 τῆς

161 2410 270 2436 ἐκείνων
286 2410 414 2440 ἀπονοίας
429 2408 690 2443 πλεονεκτούμενον;
711 2417 719 2433 ι
731 2408 776 2441 Μὴ
788 2406 834 2434 οὖν
849 2409 947 2434 ἀποτέ-

162 2464 224 2490 μῃς,
247 2455 340 2491 φησὶν,
371 2454 441 2481 ἔστω
465 2454 492 2480 δέ
511 2462 551 2480 σοι
580 2453 627 2480 καὶ
640 2453 739 2488 τροφός
752 2461 758 2467 “
779 2453 809 2481 τὺ
825 2454 853 2481 δὲ
869 2454 945 2486 ξύλον

159 2502 226 2536 ὅπερ
239 2502 288 2528 οὐκ
304 2499 380 2528 οἶσθα
396 2501 603 2536 καρπόὸρωτον,
621 2499 820 2535 ὲξολοθρεύσεις
838 2501 883 2526 καὶ
899 2501 945 2527 ἐκ-

160 2548 264 2581 κόψεις.
277 2556 286 2573 ι
306 2547 444 2582 Ἀϐρωτος
457 2546 510 2581 γὰρ
534 2547 589 2577 τοῖς
606 2545 693 2581 ὀρθῶς
709 2545 830 2571 ἐθέλουσι
846 2547 915 2571 νοεῖν
931 2547 945 2572 ὁ

160 2593 212 2620 τῶν
223 2594 287 2628 ποιρ¹
302 2593 416 2623 ἐκείνοις
429 2592 651 2627 συγγραμμάτων
662 2591 766 2626 καρπός
782 2599 788 2605 ·
804 2593 864 2618 κατ’
877 2592 945 2618 ὲκεί-

159 2648 210 2666 νων
233 2639 322 2674 ἡκέτω
344 2638 425 2665 πάλιν
448 2639 462 2664 ό
487 2638 612 2673 σίδηρος⁴
648 2638 706 2663 ἐκεῖ
735 2637 870 2671 φαινέσθω
890 2637 944 2663 τῶν

159 2684 351 2720 πνευματικῶν
367 2684 503 2719 ὑλοτόμων
518 2684 534 2718 ἠ
547 2683 671 2718 δύναμις,
686 2684 727 2709 ἐπ’
742 2684 856 2715 ἐκείνοις
873 2683 944 2709 στιλ-

159 2729 226 2757 ϐἑτω
240 2731 269 2756 ὲν
283 2729 322 2764 τῷ
337 2728 527 2763 συναγορεύειν
542 2728 661 2759 εὐτονίας
670 2729 687 2758 ia
700 2728 814 2759 πέλεκυς
828 2737 834 2743 ·
850 2728 880 2754 τὸ
891 2727 944 2763 γὰρ

157 2776 290 2811 ἄχρηστόν
313 2785 343 2802 τε
363 2775 410 2802 καὶ
424 2774 561 2809 ἀνωφελὲς
575 2775 625 2809 τῆς
648 2775 701 2801 τῶν
720 2774 943 2809 ὲτεροδοξούντων

159 2822 298 2858 φλυαρίας,
315 2821 362 2849 καί
377 2822 391 2848 ὁ
405 2822 546 2857 προφήτης
564 2822 629 2856 ἡμῖν
651 2820 729 2856 Ὠσηὲ
748 2821 847 2856 ἄριστοι
865 2820 941 2855 διηρ-

209 2918 228 2934 ¹¹
244 2917 335 2957 llcer.
351 2926 379 2951 x,
395 2917 422 2944 ιι.
479 2914 579 2952 "Osee
595 2923 653 2949 vui,
669 2915 694 2941 τ.

1014 308 1064 328 nec
1089 302 1182 336 inepte
1203 300 1307 334 forsan,
1329 303 1423 335 utpote
1438 306 1499 334 qua:
1523 299 1649 327 saeculari
1666 299 1799 334 sapientia

1013 350 1040 373 ct
1072 345 1193 373 versutis
1223 349 1450 381 argumentorum
1481 342 1558 371 tricis
1590 346 1654 371 sunt
1682 344 1797 371 munita.

1013 391 1094 419 Venit
1111 396 1202 420 autem
1228 400 1275 420 eas
1294 398 1444 420 eversurus
1467 395 1493 418 et
1521 391 1724 425 quodammodo
1749 392 1799 419 ob-

1013 445 1144 465 sessurus
1165 441 1308 472 assumpto
1325 437 1384 465 ﬁdei
1401 440 1493 468 scuto,
1508 435 1655 471 gladioque
1671 437 1796 471 spiritus,

1012 484 1088 519 quod
1111 487 1153 512 est
1176 484 1292 511 verbum
1316 483 1376 517 Dei,
1393 482 1550 518 quicunque
1567 482 1655 508 sacris
1668 481 1798 510 Ecclesiae

1012 529 1148 565 dogmatis
1177 530 1307 564 innixus,
1327 529 1401 556 omni
1432 536 1484 563 ope
1511 527 1662 555 mendaciis
1688 527 1796 555 illorum

1013 574 1128 609 resistit,
1168 586 1177 602 (
1196 576 1229 603 Et
1244 575 1361 604 consilia
1377 574 1519 603 destruere
1533 574 1642 608 satagit,
1654 583 1663 599 ι
1681 576 1710 599 ut
1726 571 1797 600 Pau-

1012 622 1055 650 lus
1088 622 1218 657 loquitur,
1250 632 1259 648 ι
1279 625 1306 649 et
1332 629 1441 649 omnem
1472 619 1645 647 altitudinem
1666 619 1797 646 extollen-

1012 672 1067 695 tem
1087 676 1117 696 se
1142 669 1274 696 adversus
1304 667 1445 696 scientiam
1468 666 1527 699 Dei,
1561 669 1588 693 et
1617 666 1645 693 in
1684 664 1798 700 captivi-

1012 718 1096 741 tatem
1124 714 1223 749 redigit
1249 721 1357 742 omnem
1379 713 1550 747 intellectum
1579 713 1608 739 in
1634 711 1797 746 obsequium

1012 759 1161 787 Christi“.
1181 769 1190 786 ι
1207 759 1275 787 Cum
1302 760 1386 795 igitur
1408 758 1565 786 istiusmodi
1581 757 1682 786 Christi
1706 757 1797 788 miles,

1013 806 1111 842 inquit,
1127 815 1176 834 ceu
1192 808 1327 842 quasdam
1351 806 1573 841 alienigenarum
1595 804 1679 832 urbes
1698 803 1797 831 acerba

1012 851 1203 879 haereticorum
1223 852 1325 888 scripta
1338 855 1430 879 tuente
1442 851 1601 886 complexus
1616 849 1712 882 fuerit,
1727 852 1754 877 et
1769 849 1797 875 in

1013 898 1125 926 arbores
1148 897 1296 930 inciderit,
1316 898 1368 924 hoc
1395 900 1449 928 est.
1468 897 1491 924 si
1519 896 1619 923 divina:
1648 894 1798 929 Scriptura:

1012 952 1155 972 sermones
1177 947 1224 971 aut
1249 943 1446 979 prophetarum
1461 942 1545 969 verba
1565 941 1696 968 nimirum
1715 945 1743 967 et
1765 947 1797 967 ex

1010 989 1086 1017 Novo
1107 989 1285 1017 Testamento
1310 989 1371 1016 loca
1384 988 1417 1016 ad
1431 995 1529 1015 eorum
1553 994 1668 1022 scopum
1691 986 1796 1014 detorta

1010 1035 1173 1070 comperiat,
1196 1043 1231 1062 ne
1251 1034 1351 1062 mentis
1367 1035 1455 1062 aciem
1470 1034 1603 1061 continuo
1625 1041 1674 1060 ceu
1692 1032 1796 1060 ferrum

1003 1081 1108 1108 "educat
1120 1080 1153 1108 ad
1172 1088 1203 1107 ea
1222 1080 1383 1107 excidenda.
1397 1078 1457 1107 Non
1476 1079 1551 1107 enim
1575 1087 1609 1106 ex
1628 1086 1661 1106 eo
1675 1077 1749 1113 quod
1764 1078 1797 1105 ab

1011 1127 1114 1162 ignaris
1128 1127 1183 1154 illis
1196 1127 1395 1161 interpretibus
1403 1126 1484 1152 allata
1494 1125 1561 1157 sint,
1573 1125 1679 1152 idcirco
1690 1124 1796 1158 rejieic-

1010 1176 1055 1199 tur
1068 1172 1094 1199 id
1107 1172 1179 1207 quod
1189 1172 1257 1207 hab
1267 1179 1314 1199 ore
1326 1171 1392 1199 Dei:
1406 1171 1453 1198 sed
1467 1178 1530 1197 cum
1556 1170 1591 1197 sit
1611 1169 1795 1201 fructiferum,

1009 1217 1061 1245 erit
1078 1218 1127 1245 tibi
1140 1218 1230 1253 potius
1253 1217 1281 1244 in
1297 1217 1434 1244 auxilium
1447 1219 1486 1243 .et
1505 1215 1611 1242 cibum.
1625 1214 1704 1248 Quod
1722 1215 1795 1242 enim

1009 1264 1044 1292 ab
1070 1263 1125 1292 illis
1150 1262 1287 1291 interdum
1313 1263 1406 1297 inepte
1434 1266 1607 1297 assumptum
1634 1265 1686 1293 est,
1708 1260 1731 1287 si
1763 1260 1795 1287 ad

1008 1314 1112 1338 rectam
1137 1309 1199 1337 ﬁdei
1226 1309 1362 1336 rationem
1388 1311 1598 1339 convertamus,
1628 1314 1683 1334 non
1706 1305 1794 1333 solum

1008 1365 1062 1385 non
1081 1356 1184 1384 infirmi
1202 1355 1452 1391 deprehendemur,
1473 1354 1522 1382 sed
1546 1354 1575 1380 in
1598 1351 1795 1380 convincendis

1008 1403 1146 1431 haereticis
1168 1403 1260 1437 potius
1282 1400 1536 1429 eorroborabimur.
1561 1398 1679 1433 Subjicit
1705 1401 1794 1425 autem

1007 1449 1142 1477 rationem
1165 1455 1226 1484 quae
1250 1447 1424 1479 auditoribus
1442 1445 1647 1481 quodammodo
1670 1444 1792 1474 suadeat.

1007 1495 1178 1523 defensionis
1189 1495 1244 1522 vim
1267 1502 1321 1521 non
1340 1493 1373 1520 ad
1389 1492 1559 1520 destruenda
1571 1491 1683 1519 oracula
1703 1490 1793 1518 divina

1007 1540 1190 1568 adhibendam
1220 1546 1293 1571 esse,
1315 1537 1363 1566 sed
1395 1537 1429 1564 ad
1459 1544 1491 1565 ea
1520 1544 1581 1572 qua:
1607 1536 1698 1563 minus
1720 1538 1793 1562 recte

968 1598 989 1626 α
1006 1586 1079 1614 dicta
1096 1590 1161 1613 sunt
1182 1585 1216 1612 ab
1232 1584 1409 1616 adversariis,
1422 1582 1590 1610 confutanda
1608 1590 1614 1608 :
1633 1580 1792 1616 «Numquid

1005 1632 1089 1665 enim,
1109 1642 1118 1658 ι
1136 1632 1236 1666 inquit,
1256 1640 1265 1657 ι
1285 1630 1390 1666 lignum
1410 1629 1486 1664 quod
1502 1629 1530 1656 in
1549 1636 1626 1663 agro,
1641 1628 1724 1655 homo
1739 1632 1793 1659 est,

1005 1683 1036 1706 ut
1052 1678 1222 1714 ingrediatur
1241 1685 1256 1704 a
1279 1677 1349 1704 faeie
1366 1680 1413 1703 tua
1431 1676 1459 1703 in
1478 1674 1604 1702 vallum?
1624 1684 1633 1700 ι
1651 1674 1692 1700 An
1708 1673 1792 1703 enim,

1004 1724 1103 1760 inquit,
1120 1723 1231 1759 putabis
1248 1729 1369 1758 unquam
1384 1723 1473 1749 instar
1487 1720 1633 1755 cujusdam
1649 1719 1793 1746 hmresiar-

1004 1771 1063 1798 chat
1081 1778 1113 1797 ac
1126 1769 1278 1797 desertoris
1300 1769 1333 1796 ad
1354 1773 1474 1804 pugnam
1498 1767 1572 1794 ultro
1588 1766 1738 1794 excitatum
1758 1765 1792 1801 iri

1003 1818 1117 1844 verbum
1138 1824 1171 1844 cx
1185 1815 1287 1844 divinis
1300 1815 1410 1843 Litteris
1427 1815 1613 1848 desumptum,
1625 1820 1657 1840 ac
1669 1819 1725 1840 non
1743 1819 1792 1847 po-

1004 1862 1059 1890 tius
1087 1862 1199 1889 illorum
1227 1861 1337 1889 insania
1363 1861 1499 1888 violenter
1526 1859 1687 1887 detortum?
1715 1868 1724 1884 ε
1753 1858 1792 1885 Ne

1002 1915 1068 1943 ergo
1083 1907 1223 1940 succidas,
1246 1916 1255 1933 ι
1278 1906 1378 1941 inquit,
1400 1915 1409 1931 ι
1435 1904 1484 1932 sed
1506 1905 1554 1931 tibi
1580 1904 1616 1931 sit
1634 1905 1662 1930 in
1687 1903 1789 1931 cibum.

1003 1953 1118 1988 Lignnm
1134 1960 1199 1980 vero
1214 1952 1288 1988 quod
1310 1951 1384 1979 nosti
1406 1950 1513 1978 edendo
1528 1957 1590 1978 esse
1612 1949 1719 1981 inutile,
1734 1948 1791 1976 dis-

1003 1999 1100 2035 perdes
1126 2003 1153 2026 et
1183 1997 1303 2025 excides.
1321 2006 1329 2022 ι
1361 1995 1427 2023 Esui
1461 1995 1534 2023 enim
1566 2002 1621 2022 non
1651 1998 1693 2022 est
1718 1995 1789 2029 apud

1001 2049 1077 2073 recte
1093 2044 1244 2072 sentientes
1257 2043 1367 2070 illorum
1384 2041 1551 2076 scriptorum
1567 2040 1682 2069 fructus.
1714 2041 1743 2068 ln
1758 2049 1789 2069 ea

1001 2099 1099 2119 rursus
1114 2090 1216 2118 ferrum
1240 2089 1393 2123 stringatur
1422 2097 1428 2115 :
1452 2087 1489 2114 ibi
1511 2087 1676 2122 spiritalium
1697 2086 1789 2114 fabro-

1001 2144 1061 2164 rum
1089 2143 1150 2164 sese
1165 2135 1208 2162 vis
1234 2137 1345 2161 exserat
1358 2142 1364 2159 :
1379 2132 1407 2159 in
1429 2132 1485 2159 illis
1503 2131 1602 2158 emicet
1618 2130 1787 2158 defensionis

1000 2183 1079 2210 firma
1095 2181 1211 2209 securis.
1235 2178 1397 2206 lnanitatem
1419 2177 1491 2205 enim
1516 2176 1652 2204 haeretica:
1671 2177 1786 2211 nugaci-

1000 2229 1065 2256 tatis
1100 2227 1231 2262 propheta
1264 2232 1375 2259 quoque
1409 2223 1489 2250 nobis
1524 2221 1594 2250 Osee
1631 2222 1787 2250 rectissime

1298 2278 1306 2295 ι
1325 2268 1484 2303 Manipulus
1502 2274 1557 2294 non
1581 2267 1686 2295 habens
1700 2268 1784 2298 vires,

1000 2324 1029 2346 ut
1052 2318 1136 2345 faciat
1160 2316 1278 2343 farinam
1297 2324 1303 2341 :
1321 2313 1394 2349 quod
1417 2313 1500 2340 etiam
1533 2312 1557 2339 si
1580 2312 1688 2343 fecerit.
1703 2312 1784 2339 alieni

998 2365 1143 2401 comedent.
1163 2371 1222 2390 eam
1239 2362 1271 2388 ¹².
1292 2371 1301 2387 ι
1319 2360 1371 2393 Qui
1385 2360 1456 2387 enim
1473 2358 1507 2385 ab
1529 2358 1651 2385 amicitia
1673 2358 1720 2385 Dei
1742 2366 1785 2385 re-

998 2411 1107 2446 fugiunt
1136 2417 1176 2436 ace
1196 2408 1362 2438 abhorrent,
1393 2405 1427 2439 hi
1454 2405 1553 2432 anilem
1588 2407 1616 2431 et
1648 2403 1783 2431 infirmam

997 2457 1108 2485 illorum
1133 2454 1294 2491 ignorantia
1319 2452 1472 2480 doctrinam
1503 2450 1684 2478 devorabunt.
1705 2450 1783 2483 Quod

997 2510 1063 2538 ergo
1101 2502 1222 2529 diximus
1256 2499 1357 2529 initio.
1385 2504 1483 2524 rursus
1519 2504 1552 2523 eo
1589 2495 1782 2523 revertendum

997 2549 1138 2576 arbitror:
1154 2547 1290 2580 Perquam
1311 2543 1429 2571 ditlicilis
1445 2546 1488 2570 est
1507 2541 1662 2569 divinorum
1678 2546 1781 2577 myste-

997 2594 1100 2621 riorum
1118 2591 1278 2627 explicatio.
1307 2589 1359 2617 Sed
1376 2596 1439 2616 cum
1452 2595 1503 2615 nos
1517 2588 1612 2615 multis
1627 2587 1781 2615 rationibus

996 2638 1098 2673 adiges,
1119 2635 1321 2664 studiosissime
1345 2634 1439 2666 frater,
1455 2636 1484 2660 ut
1507 2633 1708 2667 expositionem
1731 2639 1780 2660 ceu

995 2683 1141 2719 quemdam
1168 2681 1303 2708 labiOrum
1330 2679 1451 2706 fructum
1474 2681 1502 2706 et
1530 2678 1654 2712 spiritale
1674 2677 1781 2706 sacriﬁ-

996 2730 1068 2756 cium
1088 2728 1246 2758 otl'eramus,
1262 2733 1317 2753 non
1340 2725 1477 2760 gravabor
1491 2724 1518 2751 id
1540 2723 1639 2756 facere,
1661 2723 1717 2750 Deo
1733 2723 1779 2759 qui

994 2781 1083 2801 caecos
1106 2773 1241 2800 illuminat
1268 2770 1401 2803 confisus,
1417 2774 1443 2797 ct
1465 2769 1512 2804 qui
1536 2776 1551 2796 a
1568 2769 1648 2796 nobis
1669 2769 1779 2804 quidem

994 2820 1071 2855 petit,
1085 2827 1139 2846 non
1153 2824 1244 2846 tamen
1262 2824 1346 2853 supra
1364 2816 1436 2844 vires
1451 2819 1571 2849 nostras,
1585 2819 1613 2843 et
1626 2822 1777 2851 pauperum
