2030 3122
219 183 252 210 l5
295 199 300 202 ς
715 182 891 211 S.C\'RILLI
913 182 1147 210 ALEXANDlthl
1165 182 1324 210 ARCIHEP.
1813 183 1846 209 Hi

219 240 331 276 perinde
348 247 380 268 ac
399 240 514 268 divitum
531 238 684 270 oblationes
702 243 827 277 suscipit.
849 242 1003 278 Legislalor
1022 244 1043 272 Α
1060 243 1177 278 μήνευσε

217 288 302 319 enim,
325 292 355 314 ut
381 288 516 323 scriptum
536 293 579 316 est
608 289 688 316 initio
705 289 830 321 Levitici,
858 293 1006 324 postquam

219 334 394 370 praecepisset
414 342 476 363 ettm
493 335 539 370 qui
558 343 664 363 .munus
681 335 780 363 otTcrre.
793 335 860 371 ;Dco
875 337 956 364 vellet
979 337 1006 363 in

219 381 420 414 holocaustum,
436 381 533 409 bovem
554 381 711 414 immolare,
724 383 816 418 ibique
838 383 921 418 typici
945 384 1004 410 cul-

220 432 264 454 tus
289 427 399 455 modum
432 428 659 463 praescripsisset,
682 428 759 455 illum
776 436 874 456 rursus
896 428 1008 462 minuit,

216 480 297 503 .ovem
313 473 355 500 eis
371 473 568 500 immolandam
585 481 646 502 esse
662 473 757 502 dicens
777 474 824 508 qui
844 474 908 501 bovi'
921 474 1008 502 sacri-

219 518 328 546 ﬁcando
355 526 434 553 pares
460 526 516 546 non
547 523 650 546 essent.
681 518 732 546 Sed
768 523 881 546 noverat
917 519 1009 554 utique

219 557 326 593 tristem
348 569 375 592 et
390 565 505 593 auribus
528 569 668 593 carentem
685 565 710 601 5
727 569 875 600 egestatem
897 569 1010 592 coactu-

219 618 277 637 ram
300 610 449 638 nonnullos
469 614 498 638 ut
520 611 543 638 ei
560 619 670 646 quoque
695 611 834 639 sacriﬁcio
856 611 1007 638 deessent:

219 656 391 691 proindeque
407 677 414 689 ,
434 666 443 682 ι
469 657 501 683 Et
528 656 634 688 oﬂeret,
660 667 669 683 ι
690 658 789 693 inquit.
809 666 817 683 ι
836 658 870 685 de
896 657 1010 685 turturi-

219 703 281 734 bns,
298 706 345 729 aut
358 702 391 729 de
405 702 542 730 columbis
561 711 661 731 munus
676 711 757 731 suum
775 703 807 730 ’³.
825 713 834 730 ›
855 703 909 731 Sed
925 709 952 730 et
967 703 1009 730 his

219 748 425 784 pauperiorem,
444 753 471 776 et
492 748 591 775 viliora
612 748 770 776 oﬂ‘ercntem
796 756 851 776 non
876 749 1009 781 dedigna-

220 797 274 821 tur.
293 803 301 820 ι
318 793 414 820 Simila
430 803 438 820 ι
454 794 539 825 enim,
551 794 654 829 inquit,
673 795 748 836 «.erit
763 802 862 823 munus
874 795 934 830 ejus
948 794 978 826 “,
998 804 1006 821 ι

221 838 344 872 parabile
360 839 461 871 cuivis,
482 839 592 874 opinor,
609 843 635 867 et
651 840 724 874 quod
745 844 875 868 extremm
899 848 1011 875 pauper-

222 884 287 910 tatis
303 888 406 910 sortem
423 883 497 910 haud
514 883 630 911 multum
645 884 752 912 excedit
769 893 869 912 munus
883 886 1010 920 praeseri-

222 930 300 957 bens.
315 929 412 957 Melius
432 929 506 957 enirn
525 934 600 957 certe
619 938 651 958 ac
671 931 847 966 praestantius
868 931 1009 966 legislator

221 976 326 1004 sciebat
355 983 433 1009 esse,
464 977 505 1004 vel
535 984 638 1012 paucos
666 976 762 1004 aﬂ‘erre
790 977 899 1004 fructus
927 982 1009 1012 quam

221 1022 326 1050 nullum
350 1029 477 1057 prorsus,
497 1027 524 1050 et
545 1031 579 1050 ne
604 1022 724 1051 videaris
749 1023 829 1050 alteri
853 1024 962 1055 cedere,
981 1024 1009 1050 in

220 1076 279 1096 eam
307 1068 400 1096 venire
426 1069 634 1104 cogitationem,
652 1069 773 1096 universi
797 1068 852 1096 Deo
869 1077 923 1096 non
948 1077 1010 1097 esse

221 1122 334 1142 munera
350 1114 510 1142 deferenda.
529 1114 577 1142 llis
601 1115 731 1143 omnibus
745 1114 872 1150 equidem
889 1123 944 1142 non
961 1115 1010 1143 abs

220 1169 250 1188 re
265 1168 425 1196 persuasus,
439 1164 468 1188 et
488 1161 562 1188 omni
577 1161 759 1188 cunctatione
774 1161 876 1188 silentii
894 1165 1010 1196 patrona

220 1215 253 1235 ex
271 1207 361 1234 animo
382 1215 443 1234 meo
470 1208 583 1242 rejecta,
604 1207 704 1243 quibus
725 1207 809 1235 rebus
834 1211 928 1242 potero
958 1206 1010 1234 Do-

220 1253 326 1280 minum
364 1261 454 1281 meum
495 1253 666 1281 remunerari
705 1253 805 1280 debere
836 1253 956 1288 putabo,
983 1257 1010 1280 et

220 1298 333 1326 oll‘cram
354 1298 502 1333 quamdam
519 1298 602 1326 veluti
622 1298 741 1326 similam
757 1298 816 1325 oleo
831 1302 1010 1330 maccratam,

220 1345 374 1372 doctrinam
391 1345 520 1371 nimirum
543 1352 604 1379 qua:
624 1344 800 1371 auditoribus
822 1344 954 1371 alimento
974 1345 1011 1371 sit

221 1396 253 1417 ac
277 1389 424 1424 voluptati.
446 1388 614 1424 Incipiemus
639 1393 732 1416 autem
757 1396 773 1416 a
795 1387 910 1416 Joannis
926 1387 1012 1416 Evan-

222 1435 303 1470 gelio,
321 1442 449 1470 magnum
461 1438 488 1462 et
503 1434 620 1461 arduum
638 1442 707 1462 sane
723 1441 796 1469 opus
810 1434 948 1469 aggressi,
964 1433 1012 1460 sed

221 1481 257 1508 ob
270 1480 351 1508 [idem
372 1488 426 1507 non
440 1479 659 1515 despondentes.
676 1479 709 1506 Et
726 1479 818 1507 minus
834 1479 944 1514 quidotn
962 1487 1012 1506 nos

221 1526 348 1554 dicturus
376 1525 602 1561 cogitaturosque
636 1533 718 1560 quam
747 1529 887 1560 oporteat,
917 1525 1013 1560 procul

222 1573 306 1600 dubio
337 1571 479 1600 fatendum
511 1577 582 1599 est:
606 1571 654 1599 sed
684 1579 737 1599 nos
769 1572 874 1606 justam
907 1572 934 1598 in
961 1571 1012 1599 hoc

222 1619 330 1647 veniam
352 1619 488 1653 petituros
511 1619 598 1645 multa
612 1617 772 1652 scriptionis
789 1617 851 1652 ejus
866 1618 1012 1646 dillicultas

222 1663 384 1699 persuadet,
399 1666 445 1691 aut
463 1668 549 1697 certe,
562 1663 634 1698 quod
653 1664 746 1690 verius
761 1667 814 1696 est,
836 1664 1014 1692 imbecillitas

224 1710 327 1745 ingenii
351 1710 450 1737 nostri.
469 1708 576 1745 Ubique
602 1717 667 1737 vero
686 1717 815 1737 sermone
839 1709 874 1736 ad
901 1709 1014 1745 dogma-

224 1756 313 1784 ticam‘
329 1757 532 1792 expositionem
554 1763 688 1783 converso
707 1755 793 1783 falsas
817 1755 1013 1783 haereticorum

224 1802 371 1838 opiniones
388 1810 438 1837 pro
453 1802 560 1830 viribus
574 1802 791 1835 confutabimus,
812 1809 865 1829 non
880 1806 1015 1837 quantum

226 1848 321 1876 liceret
341 1855 405 1876 cum
431 1848 630 1883 protendemlo.
653 1847 700 1876 sed
731 1847 870 1883 superﬂua
899 1855 1016 1882 quaeque

225 1894 348 1921 tollendo
379 1898 406 1922 et
430 1895 502 1922 intra
531 1893 640 1921 modum
665 1894 843 1921 continendo.
868 1894 1015 1929 Subjectus

225 1943 318 1967 autem
361 1940 484 1974 capitum
520 1939 658 1967 indieulus
687 1939 887 1968 demonstrabit
922 1947 955 1967 ea
987 1939 1016 1966 in

225 1986 326 2021 quibus
354 1986 435 2020 longe
462 1986 571 2020 lateque
597 1993 626 2013 se
652 1985 749 2021 pandit
783 1986 886 2018 oratio,
913 1985 1016 2020 quibus

225 2032 448 2067 etiamjnumeros
461 2031 640 2066 prmiiximus,
656 2037 685 2058 ut
699 2036 801 2067 praesto
815 2032 850 2059 sit
867 2032 1016 2060 lectoribus

225 2077 300 2113 quod
317 2079 457 2113 quaeritur.

1219 242 1327 276 λέγων·
1370 251 1378 267 ι
1394 241 1507 277 Δράγμα
1539 240 1589 267 οὐκ
1611 240 1671 275 ἕχον
1704 240 1779 275 ίσχὶιν
1799 240 1846 268 τοῦ

1058 289 1169 324 ποιῆσαι
1185 289 1309 324 ἄλευρον·
1325 287 1372 314 ἐὰν
1385 288 1412 314 δὲ
1427 288 1474 314 καὶ
1490 287 1602 322 ποιήσῃ,
1618 286 1752 322 ἀλλότριοι
1766 294 1845 313 κατα-

1058 335 1198 370 φάγονται.
1219 345 1227 360 ι
1256 335 1286 360 Οἱ
1311 333 1364 370 γὰρ
1388 333 1438 368 τῆς
1453 332 1519 368 πρὸς
1541 332 1607 359 Θεὸν
1627 332 1716 366 φιλίας
1735 333 1847 364 ἑαυτοὺς

1059 380 1216 417 ἀλλοτριοῦν
1233 380 1438 412 σπουδάζοντες,
1458 379 1503 406 τὸν
1519 377 1624 414 ἐραώδη
1643 377 1699 412 [πο.
1727 377 1848 413 γραώδη]

1059 426 1106 453 καὶ
1131 425 1232 460 ἀσθενῆ
1256 425 1304 460 τῆς
1327 425 1439 450 ἐκείνων
1464 423 1582 458 ἀμαθίας
1607 422 1849 457 καταθοινήσονται

1058 471 1145 505 λόγον.
1157 471 1246 506 Ὅπερ
1260 469 1306 497 οὖν
1322 470 1426 505 ἔφημεν
1443 470 1473 496 ὲν
1487 469 1570 504 ἀρχῇ,
1586 468 1682 504 χρῆναι
1702 466 1778 503 οἶμαι
1796 476 1849 494 πα-

1058 517 1210 552 λινδρομεῖν
1225 517 1267 543 ἐπ’
1277 517 1375 543 ἐκεῖνο.
1385 515 1592 550 Δυσχερεστὰτη
1602 514 1660 541 λίαν
1676 514 1773 548 ἐστὶνὴ
1785 515 1850 549 περὶ

1058 562 1113 588 τῶν
1127 562 1206 587 θείων
1225 560 1382 597 μυστηρίων
1403 560 1549 595 ἐξήγησις·
1575 558 1631 585 ἀλλ’
1646 558 1760 593 ἐπείπερ
1776 558 1851 592 ἡμᾶς

1061 607 1168 638 πολλοῖς
1183 606 1340 637 ἀναπείθεις
1363 606 1463 640 λόγοις,
1486 601 1508 631 ὦ
1525 603 1725 638 φιλοπονῴτατε
1741 603 1853 637 ἁδελφὲγ

1060 653 1186 689 καθάπερ
1208 652 1269 679 τινὰ
1283 652 1393 688 χειλέων
1412 652 1518 688 καρπὸν
1535 651 1581 678 καὶ
1596 650 1691 677 θυσίαν
1706 657 1851 684 πνευματι-

1061 701 1112 735 κὴν
1126 699 1267 726 ἀναθεῖναι
1284 700 1314 725 τὸ
1331 698 1511 734 σύγγραμμα,
1534 698 1580 724 καὶ
1600 696 1680 723 τοῦτο
1699 696 1786 722 ποιεῖν
1801 695 1851 721 οὐκ

1061 747 1179 781 ὀκνήσω,
1193 745 1231 781 τῷ
1245 745 1369 780 σοφοῦντι
1380 744 1443 776 τοὺς
1457 743 1574 778 τυφλοὺς
1584 742 1771 778 ὲπιθαρσήσας
1780 741 1851 776 Θεῷ,

1061 793 1109 820 καὶ
1119 792 1244 828 ζητοῦντι
1256 792 1304 827 μὲν
1318 791 1379 827 παρ’
1391 790 1478 826 ἡμῶν,
1490 790 1520 816 οὒ
1532 790 1639 820 παντως
1651 788 1672 815 δ’
1685 788 1755 823 ὑπὲρ
1766 787 1850 822 ἡμᾶς,

1060 839 1198 874 δεχομένῳ
1218 839 1245 864 δὲ
1265 837 1302 869 ὡς
1322 838 1412 864 ἐκεῖνα
1433 837 1480 864 καὶ
1499 836 1547 868 τὰς
1570 837 1602 862 ὲκ
1619 834 1672 861 τῶν
1699 833 1853 868 πτωχευόν-

1060 894 1115 911 των
1139 884 1331 920 προσαγωγὰς.
1353 883 1404 910 Τὸν
1429 883 1483 918 γὰρ
1509 881 1704 917 προσκομίζειν
1727 879 1853 906 ἐθέλοντα

1025 921 1046 948 Β
1060 931 1145 966 δῶρον
1163 931 1202 962 εἰς
1217 929 1395 964 ὁλοκαύτωμα
1419 928 1458 964 τῷ
1483 927 1592 964 Κυρίῳ,
1617 927 1743 960 καθάπερ
1757 922 1803 951 οὖν
1823 925 1853 950 ὲν
1875 934 1879 936 ν

1060 977 1130 1012 ἀρχῇ
1156 977 1245 1002 κεῖται
1267 975 1314 1002 τοῦ
1341 973 1503 1008 Λευῖτικοῦ,
1526 973 1666 1008 βουθυτεῖν
1685 970 1816 1003 ἐπιτάξας
1839 970 1853 996 ὁ

1060 1022 1209 1057 νομοθέτης
1220 1042 1227 1053 ,
1243 1021 1290 1047 καὶ
1305 1021 1338 1056 δὴ
1358 1020 1405 1048 καὶ
1420 1021 1448 1046 ἐν
1462 1019 1549 1054 τούτῳ
1565 1018 1616 1053 τῆς
1633 1019 1661 1044 ὲν
1677 1017 1756 1051 τύπῳ
1771 1016 1854 1050 τιμῆς

1061 1069 1153 1104 ὁρίσας
1178 1068 1209 1094 τὸ
1231 1068 1348 1103 μέτρον,
1367 1066 1524 1098 ὐποὸιὸάζει
1554 1064 1635 1092 πάλιν
1659 1063 1742 1096 αὐτὸ,
1771 1061 1854 1097 μηλο-

1062 1116 1175 1148 σφαγεῖν
1186 1114 1284 1149 χρῆναι
1299 1113 1385 1147 λέγων
1414 1113 1478 1144 τοὺς
1505 1112 1584 1147 οἱπερ
1598 1111 1631 1138 ἂν
1641 1108 1753 1144 εἷενούχ
1767 1108 1855 1135 ικανοὶ

1061 1160 1130 1196 πρὸς
1157 1160 1265 1186 ἐκεῖνο·
1291 1158 1348 1185 ἀλλ’
1372 1157 1431 1193 ᾔδει
1454 1158 1486 1192 δὴ
1508 1158 1628 1188 πάντως,
1651 1157 1693 1183 ὃτι
1719 1155 1767 1182 καὶ
1786 1155 1854 1190 πρὸς

1061 1206 1092 1232 τὸ
1115 1205 1195 1240 τυχὸν
1217 1204 1345 1240 ἁτονῆσαί
1367 1212 1442 1235 τινας
1466 1203 1482 1238 ἡ
1504 1202 1606 1237 στυγνὴ
1615 1201 1661 1228 καὶ
1676 1201 1854 1236 ἁνουθέτητος

1061 1251 1200 1278 ἀναπείσει
1218 1250 1315 1277 πενία”
1328 1249 1372 1276 διά
1388 1248 1419 1283 γέ
1437 1257 1477 1275 τοι
1493 1248 1583 1280 τοῦτο,
1603 1257 1612 1273 ι
1629 1247 1684 1274 Καὶ
1705 1247 1854 1282 προσοίσει,

1061 1297 1155 1333 φησὶν,
1173 1297 1228 1324 ἀπὸ
1238 1297 1291 1322 τῶν
1306 1295 1454 1331 τρυγόνων,
1469 1295 1485 1329 ἢ
1500 1293 1554 1321 ἀπὸ
1573 1293 1627 1320 τῶν
1644 1292 1812 1328 περιστερῶν
1824 1291 1855 1318 τὸ

1061 1344 1148 1379 δῶρον
1163 1343 1245 1370 αὑτοῦ
1258 1352 1264 1358 ·
1281 1353 1290 1370 ι
1311 1343 1355 1369 τὸν
1369 1342 1397 1369 δὲ
1410 1341 1564 1368 καὶτούτων
1572 1340 1612 1367 ἔτι
1631 1340 1854 1373 καταδεέστερον.

1062 1390 1110 1417 καὶ
1142 1389 1212 1425 μετὰ
1236 1388 1290 1416 τῶν
1311 1387 1508 1423 εὐτελεστέρων
1536 1386 1576 1414 ἔτι
1604 1386 1753 1422 προσιόντα
1777 1386 1853 1420 τιμᾷ.

1066 1445 1075 1462 ι
1094 1435 1236 1470 Σεμίδαλις
1253 1435 1307 1470 γὰρ
1324 1434 1411 1467 ἔσται,
1431 1444 1440 1460 ι
1469 1433 1535 1468 φησὶ
1551 1442 1560 1458 ι
1577 1432 1608 1459 τὸ
1628 1433 1713 1468 δῶρον
1730 1431 1824 1458 αὑτοῦ·
1843 1439 1852 1456 ι

1063 1481 1233 1517 εὐπόριστον,
1249 1479 1326 1516 οἶμαί
1340 1489 1403 1514 που,
1429 1480 1520 1512 παντὶ,
1539 1479 1587 1506 καὶ
1603 1479 1739 1514 πτωχείαν
1751 1477 1801 1514 τὴν
1816 1478 1855 1508 είς

1063 1527 1148 1562 ἄκρον
1161 1527 1191 1552 οὺ
1201 1525 1302 1562 σφόδρα
1309 1524 1486 1552 πλεονεκτοῦν
1497 1524 1595 1560 ὁρίζων
1606 1524 1743 1559 ἀνάθημα.
1758 1523 1781 1550 Κ
1786 1524 1855 1558 ρεῖτ-

1064 1582 1109 1600 τον
1128 1573 1181 1608 γὰρ
1203 1573 1290 1607 δήπου
1305 1573 1351 1599 καὶ
1369 1572 1479 1608 ἄμεινον
1502 1571 1516 1597 ὁ
1530 1570 1677 1606 νομοθέτης
1693 1569 1851 1605 ὲξηπίστατι

1066 1620 1096 1646 τὸ
1109 1620 1160 1646 κᾶν
1184 1620 1213 1646 ὲν
1237 1619 1338 1653 ὀλίγοις
1361 1619 1546 1654 καρποφορεῖν
1568 1617 1615 1644 τοῦ
1638 1615 1856 1650 ἀπεστειρῶσθαι

1067 1664 1216 1696 παντελῶς,
1233 1666 1303 1691 αἰδοῖ
1326 1673 1356 1691 τε
1384 1664 1430 1690 τοῦ
1446 1664 1484 1699 μὴ
1496 1664 1585 1690 δοκεῖν
1601 1663 1649 1698 τῆς
1662 1663 1762 1689 έτέοων
1775 1661 1857 1697 ἡττᾶ-

1068 1711 1129 1738 σθαι
1152 1712 1253 1747 χειρὸς,
1281 1712 1321 1742 εἰς
1347 1711 1393 1737 τὸν
1408 1711 1454 1737 ἐπὶ
1471 1710 1509 1746 τῷ
1523 1710 1561 1746 μὴ
1587 1709 1686 1744 χρῆναι
1701 1709 1783 1743 τιμᾷν
1803 1707 1856 1734 τῶν

1067 1758 1195 1785 ἁπάντων
1226 1757 1365 1791 Δεσπότην
1381 1756 1590 1783 συνελαύνεσθαι
1612 1754 1751 1790 λογισμόν.
1767 1753 1817 1780 Διὰ
1826 1752 1858 1788 δὴ

1065 1803 1168 1830 τούτων
1179 1803 1307 1830 ἁπάντων
1330 1803 1564 1837 ἁναπεπεισμένος
1587 1800 1716 1835 εὐλόγως,
1735 1799 1813 1826 ὄκνον
1828 1807 1859 1824 τε

1066 1849 1117 1885 τῆς
1132 1849 1238 1884 σιωπῆς
1268 1849 1314 1876 τὸν
1338 1849 1487 1884 συνήγορον
1514 1847 1564 1882 τῆς
1594 1845 1714 1881 ἐμαυτοῦ
1739 1845 1860 1876 διανοίας

1066 1895 1242 1930 ἀποπέμψας,
1271 1893 1368 1931 οἷσπερ
1388 1895 1420 1922 ἂν
1444 1894 1500 1929 έχοι
1530 1902 1563 1929 με
1589 1893 1636 1929 [αι.
1657 1891 1758 1927 ἔχοιμι]
1777 1891 1859 1926 τιμᾷν

1066 1942 1194 1977 οἰήσομαι
1220 1942 1275 1968 δεῖν
1303 1941 1348 1968 τὸν
1361 1940 1480 1977 ἐμαυτοῦ
1495 1940 1642 1974 Δεσπότην,
1660 1939 1706 1965 καὶ
1723 1937 1858 1971 προσοίσω

1067 1987 1192 2022 καθάπερ
1208 1987 1269 2014 τινὰ
1295 1987 1449 2022 σεμίδαλιν,
1480 1986 1563 2021 ὲλαίῳ
1592 1984 1783 2019 δεδευσμένην,
1812 1982 1859 2009 τὸν

1068 2034 1200 2069 τρόφιμον
1230 2043 1267 2060 τε·
1286 2034 1333 2061 καὶ
1354 2033 1443 2069 ἱλαρὸν
1470 2034 1524 2065 τοῖς
1546 2030 1749 2066 ἐντευξομένοις
1761 2029 1858 2062 λόγον*

1070 2080 1209 2115 ἀρξόμεθα
1225 2080 1253 2106 δὲ
1265 2080 1316 2115 τῆς
1338 2080 1461 2107 Ἰωάννου
1483 2078 1665 2114 Συγγραφῆς·
1681 2075 1792 2112 μεγάλῳ
1811 2074 1860 2109 μὲν

225 2122 285 2149 λίαν
319 2123 519 2159 ἐπιχειροῦντες
542 2122 694 2158 πράγματι,
714 2121 783 2158 πλὴν
808 2123 858 2149 οὐκ
880 2122 1037 2155 ἀτονοῦντες
1056 2123 1100 2151 διὰ
1113 2126 1163 2161 τὴν
1180 2125 1345 2152 πίστιν.Κα“ι
1359 2125 1457 2160 ὅτιμὲν
1470 2122 1515 2151 οὖν
1531 2124 1650 2156 ἔλαττον,
1676 2123 1747 2158 ἥπερ
1767 2122 1860 2157 ὲχρῆν·

226 2168 342 2204 ἐροῦμεν
357 2177 385 2195 τε
409 2169 457 2196 καὶ
467 2169 607 2204 νοήσομεν,
618 2168 810 2204 ἀναμφιλόγως
820 2169 998 2204 ὁμολογητέον
1012 2178 1017 2183 ·
1040 2170 1080 2196 ὅτι
1098 2170 1128 2197 δὲ
1142 2171 1250 2198 δικαίαν
1269 2171 1315 2197 ἐπὶ
1331 2170 1416 2204 τούτῳ
1447 2170 1496 2206 τὴν
1519 2170 1683 2206 συγγνώμην
1702 2171 1861 2205 αἰτήσομεν,

225 2216 242 2249 ἡ
259 2214 344 2250 πολλὴ
359 2214 406 2240 τοῦ
431 2215 647 2250 συγγράμματος
674 2213 815 2240 ἀναπείσει
829 2213 982 2249 δυσχέρεια,
996 2214 1013 2249 ἢ
1034 2214 1081 2241 καὶ
1093 2215 1160 2250 ὅπερ
1175 2216 1249 2242 ἐστὶν
1272 2214 1463 2250 ἀληθέστερον,
1481 2216 1498 2250 ή
1529 2215 1578 2248 τῆς
1598 2216 1627 2241 ὲν
1639 2215 1712 2250 ,ἡμῖν
1744 2213 1862 2249 διανοία;

226 2259 364 2286 ἀσθένεια.
384 2259 512 2294 Πανταχῆ
528 2258 556 2284 δὲ
568 2258 613 2285 τὸν
635 2258 713 2292 λόγον
726 2259 765 2289 είς
777 2258 1017 2294 δογματικωτέραν
1037 2260 1247 2295 περιτρέποντες
1262 2259 1401 2294 ἐξήγησιν,
1417 2261 1478 2292 ταῖς
1509 2260 1563 2287 τῶν
1596 2260 1862 2296 ἑτεροδιδασκαλουν-

226 2312 280 2332 των
290 2304 472 2340 ψευδοδοξίαις
497 2304 534 2335 ὡς
551 2303 624 2330 ἐστιν
640 2303 828 2339 ἀντιτάξομεν,
847 2305 897 2330 οὐκ
919 2305 958 2336 είς
991 2305 1051 2331 ὅσον
1072 2304 1135 2339 ἐξῆν
1151 2304 1312 2336 ἐκτείνοντες
1325 2305 1420 2340 μῆκος,
1431 2305 1498 2332 ἀλλὰ
1509 2305 1556 2332 καὶ
1570 2305 1623 2332 τῶν
1634 2305 1767 2341 περιττῶν
1774 2305 1860 2332 ἀπαλ-

228 2349 380 2382 λάττοντες,
397 2350 444 2376 καὶ
459 2350 505 2377 τοῦ
516 2350 666 2386 πρέποντος
679 2350 729 2377 οὐκ
741 2350 835 2377 ἐπιδεᾶ
867 2350 1037 2386 καταστῆσαι
1075 2351 1284 2383 σπουδάσαντες.
1308 2351 1340 2378 Ἡ
1357 2353 1385 2378 δὲ
1406 2352 1611 2386 ὑποτεταγμένη
1636 2351 1691 2378 τῶν
1709 2351 1864 2386 κεφαλαίων

228 2398 441 2434 ὑποσημείωσις,
456 2398 490 2425 τὰ
501 2397 591 2433 έφόἷς
603 2399 668 2434 ἡμῖν
678 2398 819 2425 ἐκτέταταί
843 2407 901 2431 πως
913 2400 927 2426 ὁ
941 2399 1020 2433 λόγος
1038 2400 1203 2435 καταστήσει
1216 2400 1331 2436 φανερὰ,
1353 2397 1393 2432 οἷς
1425 2400 1472 2427 καὶ
1505 2399 1637 2436 ἀριθμοὺς
1653 2399 1864 2435 παρεπήξαμεν,

229 2443 297 2479 πρὸς
308 2443 338 2470 τὸ
353 2444 401 2470 καὶ
412 2444 472 2470 λίαν
487 2442 601 2478 ἑτοίμως
609 2444 817 2480 ἀνευρίσκεσθαι
826 2446 881 2477 τοῖς
895 2444 1093 2480 ἐντευξομένοις
1110 2445 1140 2472 τὸ
1157 2445 1331 2481 ζητούμενον.

267 2533 289 2550 ⁸³
301 2532 386 2562 Levit.
405 2543 424 2568 ι,
440 2535 483 2565 Η.
523 2535 543 2550 ³³
558 2534 643 2564 Levit.
659 2543 688 2569 ιι,
704 2535 728 2563 1.
