2030 3122
164 178 199 204 Π
682 172 717 200 ΙΝ
730 173 872 201 JOANNIS
893 173 1121 203 EVANGELIUM
1145 175 1210 203 LIB.
1225 176 1247 204 l‘.
1766 173 1799 204 18

262 254 1648 268 m

845 332 1128 377 ΚΕΦΑΛΑΙΑ

748 426 793 452 ΤΑ
824 426 869 453 ΕΝ
892 426 935 463 Ἱᾨ
966 426 1080 461 ΠΡΩΤῼ
1102 425 1228 462 ΒῘΒΛΙῼ.

899 591 1104 637 CAPITA

651 688 728 723 QUAE
744 688 778 716 IN
796 688 901 717 LIBRO
921 688 1027 717 PRIMO
1045 687 1302 717 CON'I‘INENTUR.

163 850 199 873 α’.
215 846 279 873 Ὀτι
289 846 383 880 ἀΐδιος
396 847 445 874 καὶ
465 847 521 883 πρὸ
539 846 598 875 τῶν
613 848 728 876 αἰώνων
740 850 756 876 ὁ
772 848 956 884 Μονογενήςδ

198 892 394 928 προκειμένου
405 894 511 928 ῥητοῦ,
528 904 537 920 ι
559 895 611 922 Ἐν
634 895 714 930 ἀρχῇ
733 893 772 930 ἦν
787 896 803 922 ό
819 895 924 930 Λόγος.
944 905 952 921 ι

162 938 197 973 β’.
224 939 290 966 ’Ὁτι
317 939 389 972 Θεὸς
408 940 569 974 όμοούσιος
594 939 634 973 τῷ
658 941 749 975 Πατρὶ
776 940 921 975 ὑπάρχων
940 942 956 967 ὁ

203 985 279 1019 Υίὸς,
296 986 331 1012 ὲν
353 985 412 1020 Ζὸίᾳ
437 986 523 1013 ἐστὶν
536 986 715 1020 ὑποστάσει,
739 988 845 1022 ὁμοίως
857 987 891 1014 δὲ
906 987 956 1014 καὶ

199 1033 216 1059 ὁ
231 1031 331 1066 Πατήρ
343 1040 350 1046 '
364 1033 560 1068 προκειμένου
571 1034 677 1069 ῥητοῦ,
693 1043 702 1060 ι
714 1034 768 1062 Καὶ
778 1036 794 1062 ό
806 1035 902 1070 Λόγος
917 1032 957 1069 ἦν

198 1079 273 1113 πρὸς
287 1079 341 1105 τὸν
355 1079 439 1106 Θεόν.
452 1088 462 1105 ι

160 1129 196 1160 γ’.
219 1127 279 1153 Ὅτι
309 1125 383 1159 Θεὸς
400 1126 597 1162 κατὰφύσιν,
620 1127 670 1154 καὶ
685 1128 750 1155 κατ’
760 1127 869 1155 οὐδένα
892 1129 954 1162 τρό-

197 1178 266 1205 πον,
278 1172 297 1206 ἢ
311 1172 454 1206 ἐλάττων,
468 1173 487 1207 ἢ
498 1173 639 1208 ἀνόμοιός
651 1173 717 1201 ἐστι
737 1173 790 1201 τοῦ
813 1173 928 1207 Πατρὸς
940 1175 956 1200 ό

201 1219 277 1251 Υίός’
293 1218 489 1254 προκειμένου
511 1219 618 1253 ῥητοῦ,
646 1229 656 1246 ‹
679 1219 733 1247 Καὶ
760 1220 833 1252 Θεὸς
867 1217 906 1258 ἦν
939 1220 956 1246 ὀ

198 1267 304 1300 Λόγος.
324 1275 333 1292 ι

160 1311 191 1337 δ’.
211 1304 288 1344 Πρῦς
298 1310 368 1344 τοὺς
377 1310 548 1347 τολμῶντας
563 1311 674 1347 λέγειν,
689 1311 735 1338 ὅτι
753 1311 854 1345 ἕτερός
870 1311 956 1338 ἐστιν

196 1357 364 1391 ἐνδιάθετός
388 1366 421 1384 τε
449 1357 497 1384 καὶ
525 1357 656 1392 φυσικὸς
676 1357 711 1384 ἐν
741 1357 954 1392 ΠατρὶΛόγος,

198 1403 246 1430 καὶ
258 1403 382 1437 ἕτεροςό
394 1404 475 1437 παρὰ
489 1403 554 1437 ταῖς
566 1404 658 1437 θείαις
675 1403 809 1438 Γράφιιῖς
831 1403 955 1438 ,λεγόμε-

197 1458 250 1482 νος
263 1450 328 1482 Υίός
343 1458 350 1465 ·
363 1449 430 1477 ἔστι
444 1449 478 1476 δὲ
493 1448 553 1477 τῶν
565 1450 630 1484 περὶ
637 1450 787 1484 Εὐνόμιον
798 1450 817 1484 ἡ
832 1450 953 1483 τοιαύτη

199 1496 360 1528 κακοδοξία
371 1505 377 1511 ·
396 1497 548 1530 πρόκειται
562 1496 596 1522 δὲ
612 1495 644 1522 τὸ
652 1495 750 1530 ῥητὸν
762 1515 770 1529 ,
789 1503 799 1522 ‹
813 1493 908 1528 Οὗτος
916 1493 956 1531 ἦν

197 1541 231 1568 ἐν
243 1541 322 1576 ἀρχῇ
332 1541 408 1576 πρὸς
421 1541 475 1569 τὸν
492 1542 575 1569 Θεόν.
593 1551 601 1567 ι

162 1591 192 1615 ε’.
207 1589 271 1615 Ὅτι
281 1587 356 1615 κατὰ
379 1588 473 1623 φύσιν
483 1587 664 1622 δημιουργὸς
682 1589 698 1614 ό
715 1587 780 1620 Υἱὸς
797 1587 874 1622 μετὰ
895 1589 956 1614 Πα-

197 1634 277 1668 τρύς,
300 1634 340 1667 ὡς
358 1634 392 1661 ἐκ
422 1633 476 1668 τῆς
499 1633 607 1667 οὐσίας
622 1633 767 1668 ὑπάρχων
785 1633 890 1666 αὐτοῦ,
905 1633 960 1660 καῖ

195 1681 251 1714 οὐχ
263 1679 363 1714 ὥσπερ
372 1679 524 1715 ὑπουργὸς
539 1680 846 1714 παραλαμϐανόμενος
860 1687 867 1694 ”
885 1685 955 1713 προ-

196 1726 335 1761 κειμένου
358 1725 461 1760 ρητοῦ,
480 1735 489 1751 ι
508 1724 610 1752 Πάντα
622 1725 659 1751 δι’
685 1724 779 1752 αὐτοῦ
795 1724 922 1760 ἐγένετο.
942 1734 951 1750 ι

162 1775 198 1805 ς’.
213 1772 277 1798 ’Ὅτι
303 1771 359 1805 ζωὴ
380 1771 454 1798 κατὰ
472 1771 567 1806 φύσιν
597 1771 682 1798 ἐστὶν
695 1772 711 1798 ό
739 1771 816 1803 Υἱός,
836 1771 884 1798 καὶ
906 1770 955 1798 διὰ

197 1818 284 1845 τοῦτο
298 1819 334 1844 οὐ
345 1817 479 1852 γενητὸς,
501 1816 612 1843 ἀλλ’ἐκ
627 1816 681 1850 τῆς
696 1817 800 1849 οὐσίας
814 1817 866 1844 τοῦ
880 1816 954 1843 Θεοῦ

195 1861 244 1888 καὶ
262 1861 391 1895 Πατρός·
407 1860 602 1895 προκειμένου
611 1861 717 1895 ῥητοῦ,
735 1870 744 1886 ι
768 1862 798 1887 Ὃ
817 1860 951 1896 γέγονεν,

195 1906 230 1932 ἐν
244 1905 326 1939 αὐτῷ
342 1905 398 1941 ζωὴ
414 1904 463 1942 ἦν.
483 1916 492 1931 ι
773 1918 777 1921 ν

164 1951 196 1984 ζ’.
222 1953 287 1978 ’Ὀτι
305 1951 367 1986 φῶς
388 1951 463 1979 κατὰ
478 1952 573 1987 φύσιν
589 1952 676 1979 ἐστὶν
697 1954 713 1980 ὁ
733 1953 809 1986 Υἱὸς,
837 1953 886 1980 καὶ
906 1953 955 1981 διὰ

195 1997 283 2024 τοῦτο
299 1999 335 2025 οὐ
353 1998 606 2032 γενητὸς-,ἀλλ’ἐκ
620 1999 675 2032 τῆς
688 1999 796 2032 οὐσίας
812 1999 864 2026 τοῦ
879 1999 954 2026 Θεοῦ

197 2043 246 2070 καὶ
264 2043 390 2078 Πιιτρὸς,
403 2044 443 2076 ὼς
470 2042 533 2078 φῶς
555 2044 701 2077 ἀληθινὸν
711 2044 745 2071 ἐκ
765 2045 862 2079 φωτὸς
878 2045 953 2079 ἁλη-

196 2089 289 2116 Οινοῦ·
315 2090 511 2123 προκειμένου
528 2090 633 2125 ῥητοῦ,
653 2101 662 2116 ‹
681 2091 736 2119 Καὶ
755 2092 772 2125 ἡ
790 2089 845 2125 ζωὴ
869 2089 953 2127 ἦντὸ

197 2133 258 2168 φῶς
273 2134 332 2161 τῶν
342 2135 516 2169 ἀνθρώπων.
535 2145 544 2160 ι

161 2180 259 2215 η¹.¹’οτι
267 2181 362 2215 μόνος
372 2182 388 2207 ὁ
402 2181 468 2214 Υἱὸς
475 2181 527 2209 τοῦ
540 2181 624 2214 Θεοῦ,
634 2181 696 2215 φῶς
703 2181 788 2209 ἐστιν
795 2182 952 2215 ἀληθινόν·

195 2225 214 2258 ἡ
231 2225 264 2252 δὲ
276 2226 373 2259 κτίσις
388 2226 498 2258 οὐκέτι,
513 2227 611 2261 φωτὸς
628 2225 708 2254 οὖσα
721 2227 849 2261 μέτοχος
874 2227 949 2265 [ἅτε]

197 2273 318 2307 γενητή·
335 2272 533 2308 προκειμένου
542 2273 638 2306 ῥητοῦ
650 2293 657 2304 ,
679 2282 687 2298 ι
703 2270 758 2300 ’Ἦν
785 2273 817 2300 τὸ
835 2273 898 2308 φῶς
918 2273 951 2300 τὸ

196 2319 352 2352 ἀληθινόν.
371 2328 380 2344 ι
810 2354 815 2358 _

163 2366 194 2392 θ’.
211 2365 276 2391 Ὅτι
296 2365 331 2392 οὐ
359 2364 541 2399 προϋπάρχει
558 2363 610 2391 τοῦ
629 2363 765 2398 σώματος
787 2365 806 2399 ἡ
831 2363 883 2390 τοῦ
903 2364 954 2391 ἀν-

196 2411 313 2446 θρώπου
329 2411 425 2446 ψυχὴ,
446 2410 518 2437 οὐδὲ
545 2411 578 2437 ἐκ
595 2410 805 2445 πρεσϐυτέρων
825 2411 955 2444 ἁμαρτη-

195 2455 294 2490 μάτων
310 2456 330 2490 ἡ
352 2455 525 2490 σιιιμάτωσις
538 2455 614 2482 κατά
631 2464 715 2488 τινας
726 2462 733 2470 ⁸
759 2455 953 2490 προκειμένου

194 2503 304 2536 ῥητοῦ,
325 2512 334 2528 ι
350 2500 409 2530 Ἦν
431 2501 462 2529 τὸ
480 2498 542 2537 gain;
560 2503 592 2529 τὸ
617 2502 773 2536 ἀληθινὸν.
800 2501 827 2537 ὃ,
839 2500 952 2536 φωτίζει

198 2548 296 2574 πάντα
317 2547 473 2581 ἄνθρωπον
492 2548 655 2583 ἐρχόμενον
673 2549 716 2581 εἰς
736 2548 790 2575 τὸν
817 2548 949 2581 κόσμον·

198 2594 232 2620 ἑν
245 2593 286 2626 τῷ
303 2594 405 2627 κόσμῳ
418 2591 467 2627 ἦν.
485 2603 493 2619 ι

169 2640 190 2667 ι’.
207 2641 271 2666 Ὅτι
287 2641 382 2674 μόνος
399 2640 473 2666 κατὰ
491 2640 586 2673 φύσιν
605 2639 671 2672 mg
685 2639 718 2666 ἐκ
734 2639 846 2673 Πατρός
865 2640 880 2665 ό
891 2640 951 2665 Μο-

199 2685 337 2720 νογενὴς,
346 2686 385 2718 ὡς
391 2685 424 2718 ἐξ
430 2685 533 2717 αὐτοῦ,
543 2686 591 2712 καὶ
600 2685 635 2713 ἐν
647 2685 727 2718 αὐτῷ
736 2693 742 2699 ·
755 2684 950 2719 προκειμένου

196 2731 306 2766 ῥητοῦ,
326 2741 334 2757 ι
354 2731 427 2758 Θεὸν
446 2730 544 2763 οὐδεὶς
557 2731 665 2766 ἑώρακε
676 2731 802 2758 πώποτε.
823 2740 831 2756 ι

1009 861 1034 888 1.
1076 861 1152 894 Quod
1180 866 1294 889 aeternus
1313 866 1338 889 et
1356 866 1417 888 ante
1444 858 1545 887 meula
1569 858 1604 885 sit
1629 857 1796 893 Unigenilus,

1041 907 1175 941 proposito
1193 906 1275 940 dicto,
1289 916 1298 933 ι
1325 907 1359 935 1η
1373 906 1504 942 principio
1521 909 1579 933 erat
1604 904 1725 932 Verbum.
1748 913 1756 930 )

1005 953 1032 980 2.
1055 953 1132 987 Quod
1144 959 1168 981 et
1184 953 1256 981 Deus
1282 958 1308 980 et
1321 951 1555 981 consubstantialis
1579 950 1658 978 Patri
1683 957 1742 977 cum
1764 951 1798 977 sit

1041 999 1141 1032 Filius,
1156 1000 1184 1027 in
1194 999 1303 1034 propria
1327 1004 1366 1027 est
1385 998 1533 1034 ltypostasi,
1560 997 1685 1024 similiter
1708 1000 1798 1023 autem

1042 1051 1066 1073 et
1082 1045 1161 1072 Pater
1176 1053 1184 1072 :
1200 1046 1334 1080 proposito
1353 1045 1436 1084 dicto,
1455 1054 1464 1070 (
1484 1043 1518 1070 Et
1533 1043 1645 1070 Verbum
1659 1047 1716 1069 erat
1727 1042 1799 1077 apud

1043 1091 1138 1119 Deum.
1158 1101 1168 1117 ι

1006 1137 1032 1164 3.
1054 1137 1131 1170 Quod
1148 1137 1218 1164 Deus
1244 1137 1388 1164 secundum
1405 1140 1541 1167 naturam,
1560 1141 1606 1161 nec
1631 1133 1687 1160 ullo
1714 1132 1794 1160 modo

1042 1187 1088 1210 aut
1104 1184 1207 1217 minor,
1224 1188 1269 1210 aut
1287 1183 1426 1210 dissimilis
1439 1181 1517 1209 Patri
1536 1180 1570 1208 sit
1586 1179 1687 1214 Filius,
1702 1187 1798 1215 propo—

1041 1230 1092 1257 sito
1106 1229 1190 1262 dicto,
1214 1238 1224 1256 ι
1245 1229 1278 1256 Et
1304 1229 1374 1256 Deus
1393 1232 1450 1256 erat
1473 1227 1595 1255 Verbum.
1614 1236 1624 1253 ι

1005 1317 1031 1344 4.
1052 1317 1182 1344 Adversus
1202 1325 1245 1344 eos
1265 1317 1311 1352 qui
1333 1316 1420 1343 dicere
1437 1315 1545 1346 audent,
1562 1313 1638 1341 aliud
1661 1322 1717 1340 esse
1731 1313 1798 1340 inte-

1040 1362 1095 1388 rius
1110 1361 1179 1388 illud
1187 1367 1211 1389 et
1224 1361 1348 1389 naturale
1358 1362 1385 1388 in
1406 1361 1487 1387 Patre
1507 1359 1634 1392 Verbum,
1648 1358 1736 1391 aliud,
1752 1359 1799 1393 qui

1041 1408 1110 1441 apud
1131 1407 1234 1435 divinas
1256 1408 1407 1442 Scriptura;
1431 1406 1520 1434 Filius
1549 1406 1715 1437 nominatur,
1739 1413 1798 1440 qua:

1040 1454 1189 1488 perniciosa
1210 1454 1439 1481 Emwmianorum
1455 1457 1493 1480 est
1509 1453 1608 1487 opinio.
1631 1451 1798 1486 Proponitur

1041 1504 1129 1526 autem
1143 1499 1244 1527 dictum
1259 1499 1343 1527 illud:
1359 1509 1367 1526 ι
1389 1499 1446 1526 Hoc
1456 1504 1513 1527 erat
1530 1500 1559 1526 in
1573 1499 1703 1534 principio
1726 1498 1796 1532 apud

1042 1544 1136 1573 Deum.
1153 1554 1163 1571 ι
1767 1577 1776 1582 ..

1004 1591 1031 1619 5.
1053 1591 1131 1624 Quod
1145 1595 1242 1618 natura
1253 1599 1303 1618 sua
1319 1595 1422 1618 creator
1433 1591 1465 1618 sit
1479 1590 1568 1618 Filius
1583 1598 1642 1617 cum
1657 1590 1747 1620 Patre,
1768 1594 1796 1615 ut

1038 1637 1083 1672 qui
1095 1644 1127 1663 τι
1143 1637 1200 1671 ejus
1214 1637 1376 1670 substantia,
1403 1642 1428 1664 et
1453 1645 1506 1664 non
1530 1641 1657 1671 tanquam
1675 1636 1797 1667 minister

1040 1681 1074 1709 ad
1091 1682 1117 1709 id
1131 1687 1293 1717 assumptus,
1304 1683 1438 1718 proposito
1457 1683 1541 1716 dicto,
1555 1692 1565 1709 ‹
1583 1682 1680 1711 Omnia
1696 1689 1742 1716 per
1757 1682 1797 1716 ipa

1040 1736 1098 1754 sum
1110 1728 1183 1762 facta
1197 1733 1268 1758 sunt.
1285 1739 1294 1755 ι

1004 1774 1030 1802 6.
1047 1774 1123 1807 Quod
1138 1775 1191 1802 vita
1212 1776 1354 1802 secundum
1382 1779 1508 1803 naturam
1529 1775 1564 1803 sit
1590 1775 1689 1808 Filius,
1719 1779 1797 1810 atque

1038 1821 1098 1848 ideo
1109 1829 1161 1848 non
1178 1826 1294 1855 creatus,
1310 1822 1356 1850 sed
1367 1831 1400 1850 ex
1409 1822 1561 1850 substantia
1584 1822 1631 1849 Dei
1645 1830 1676 1848 ac
1692 1821 1795 1851 Patris,

1038 1867 1173 1901 proposito
1184 1867 1264 1901 dicto,
1290 1876 1300 1894 ι
1326 1868 1404 1902 Quod
1419 1869 1520 1904 factum
1531 1873 1580 1901 est,
1607 1868 1636 1895 in
1657 1868 1714 1902 ipso
1738 1868 1796 1894 vita

1036 1918 1106 1940 erat.
1129 1922 1138 1938 ι

1005 1957 1029 1984 7.
1049 1957 1126 1990 Quod
1137 1956 1184 1984 lux
1204 1959 1348 1985 secundum
1365 1959 1538 1986 nuturamsit
1561 1958 1661 1991 Filius,
1685 1962 1709 1985 et
1722 1952 1794 1992 ‘pro-

1037 2004 1096 2031 inde
1108 2012 1159 2031 non
1168 2010 1283 2037 creatus,
1303 2005 1348 2033 sed
1359 2013 1391 2033 ex
1403 2005 1555 2034 substantia
1573 2005 1622 2032 Dei
1639 2013 1670 2032 ac
1686 2004 1792 2034 Patris.

1039 2054 1067 2076 ut
1081 2050 1127 2076 lux
1142 2058 1201 2077 vera
1211 2050 1242 2077 de
1263 2051 1319 2078 luce
1334 2060 1406 2085 vera,
1422 2052 1556 2087 proposito
1574 2052 1656 2086 dicto,
1670 2061 1679 2077 ι
1699 2050 1731 2078 Et
1742 2051 1795 2078 vita

1039 2100 1095 2121 erat
1110 2094 1157 2122 lux
1171 2095 1317 2123 hominum.
1337 2106 1346 2123 ι

1006 2185 1032 2213 8.
1054 2185 1131 2219 Quod
1146 2185 1218 2212 solus
1241 2185 1330 2213 Filius
1355 2186 1403 2213 Dei
1421 2187 1456 2213 sit
1478 2195 1539 2214 vera
1567 2187 1614 2214 lux
1637 2193 1646 2213 .‘
1670 2191 1794 2214 creatura

1041 2239 1093 2258 non
1105 2231 1165 2258 item
1179 2252 1186 2264 ,
1206 2240 1267 2258 cum
1284 2233 1319 2259 sit
1333 2232 1400 2259 lucis
1419 2233 1549 2267 particeps
1571 2237 1660 2268 utpote
1685 2237 1792 2260 creata:

1040 2279 1174 2314 proposito
1194 2278 1276 2311 dicto,
1300 2288 1309 2304 ι
1331 2277 1398 2305 Erat
1410 2278 1457 2305 lux
1473 2287 1543 2306 vera.
1565 2288 1573 2304 ι

1005 2366 1031 2394 9.
1053 2366 1129 2400 Quod
1147 2366 1260 2394 hominis
1282 2366 1373 2393 anima
1402 2371 1463 2394 ante
1481 2375 1576 2401 corpus
1590 2374 1641 2392 non
1667 2365 1792 2396 exsistat,

1040 2420 1119 2447 neque
1134 2412 1165 2439 ob
1178 2411 1352 2446 praecedentia
1363 2416 1471 2447 peccata
1488 2412 1592 2446 corpori
1606 2412 1792 2444 immergatur,

1042 2463 1070 2485 ut
1098 2459 1218 2485 nonnulli
1241 2464 1363 2486 asserunt
1382 2467 1391 2485 :
1412 2458 1545 2494 proposito
1571 2458 1642 2484 dicto
1655 2479 1661 2491 ,
1682 2466 1691 2482 ι
1725 2457 1793 2484 Erat

1042 2505 1088 2531 lux
1105 2513 1178 2537 vera,
1193 2505 1399 2540 quaeilluminal
1422 2512 1523 2532 omnem
1546 2503 1674 2530 hominem
1690 2504 1793 2530 venien—

1041 2553 1089 2576 tem
1109 2549 1134 2576 in
1148 2550 1216 2576 hunc
1234 2550 1370 2578 mundum.
1400 2549 1433 2577 In
1450 2549 1546 2576 mundo
1558 2554 1626 2576 erat.
1641 2558 1650 2575 ι

1006 2594 1048 2621 10.
1070 2593 1146 2627 Quod
1157 2595 1228 2622 solus
1238 2596 1381 2622 secundum
1402 2601 1526 2622 naturam
1552 2594 1641 2621 Filius
1656 2602 1688 2622 ex
1710 2594 1792 2622 Patre

1041 2641 1074 2667 sit
1092 2640 1255 2675 Unigenitus,
1273 2646 1301 2668 ut
1315 2649 1346 2668 ex
1359 2642 1429 2676 ipso,
1446 2647 1470 2669 at
1481 2643 1508 2668 in
1522 2643 1590 2676 ipso,
1603 2641 1737 2676 proposito
1750 2640 1791 2666 ai-

1040 2689 1092 2718 cto,
1114 2684 1216 2713 incum
1232 2693 1307 2713 nemo
1322 2685 1386 2713 vidit
1402 2694 1532 2721 unquam.
1549 2695 1558 2711 ι
