2030 3122
225 154 260 184 1')

720 151 748 179 S.
765 149 902 180 CYRILLI
919 149 1158 178 ALEXANDRINI
1171 149 1333 179 ARCHIEP.

1819 150 1855 180 90

229 229 1841 243 Μ

629 311 742 354 ΤΟΥ
778 312 850 354 ΕΝ
882 308 1063 354 ΛΓΙΟΙΣ
1082 309 1297 353 ΠΑΤΡΟΣ
1329 309 1501 353 ΗΜΩΝ-

778 405 1299 473 ΚΥΡΙΛΛΟΥ

477 524 1032 570 ΑΡΧΙΕΠΙΣΚΟΠΟΥ

1097 520 1600 568 ΑΛΕΞΑΝΔΡΕΙΑΣ

818 618 985 646 ΕΞΠΓΗΣΙΣ
1004 617 1293 646 ΥΠΟΜΝΗΜΑΤΙΚΗ

300 702 420 758 ΕΙΣ
460 701 564 759 ΤΟ
615 702 823 759 ΚΑΤΑ
868 702 1219 760 ΙΩΑΝΝΗΝ
1279 697 1782 759 ΕΥΑΓΓΕΔΙΟΝ.

704 811 708 814 ’
838 813 1019 858 ΛΟΓΟΣ
1057 814 1290 857 ΠΡΩΤΟΣ.

671 993 749 1071 S.
773 996 858 1070 P.
891 995 982 1070 N.
1013 996 1405 1072 CYBILLI

569 1138 978 1186 ALEXANDRUE
1045 1139 1506 1188 ARCHIEPISCOPI

900 1238 1198 1268 COMMENTARIUS

401 1340 483 1397 IN
554 1340 613 1397 S.
683 1340 1035 1398 JOANNIS

263 1641 333 1678 6-7
349 1641 495 1676 Perspicax
514 1648 610 1668 revera
636 1643 661 1668 et
677 1639 810 1667 divinitus
828 1639 923 1666 edocla
936 1647 1013 1667 meus
1029 1640 1052 1668 A

230 1691 272 1714 cst
286 1689 445 1713 sanctorum
457 1685 696 1720 evangelistarum,
711 1692 771 1719 qua:
788 1685 862 1712 velut
877 1692 892 1712 e
909 1685 1017 1712 tumulo

231 1732 348 1767 quodam
370 1739 401 1759 ac
415 1731 525 1766 specula
542 1731 693 1767 magnifica:
711 1730 952 1766 contemplationis
965 1739 1017 1757 unc

231 1778 312 1812 dique
323 1777 514 1812 circumspicit
526 1777 599 1812 quod
610 1778 671 1806 usui
688 1777 724 1804 sit
735 1777 918 1810 auditoribus,
931 1781 958 1804 et
970 1785 1018 1805 vc-

231 1824 352 1851 bementi
367 1823 458 1851 studio
467 1823 577 1859 indagat
587 1823 660 1859 quod
670 1824 827 1852 conducere
841 1827 917 1858 putet
926 1823 961 1851 iis
971 1824 1017 1858 qui

231 1876 323 1896 veram
343 1869 499 1896 divinorum
512 1870 666 1897 doctrinam
693 1871 850 1906 dogmatum
867 1869 976 1902 sitiunt,
991 1873 1019 1898 et

231 1915 389 1943 abstrusum
402 1916 428 1942 in
439 1915 591 1951 Seripluris
601 1916 703 1944 divinis
713 1923 787 1944 recto
803 1917 894 1944 animo
905 1923 1018 1944 sensum

232 1961 383 1996 inquirunt.
395 1960 454 1988 Non
465 1961 537 1989 enim
553 1962 670 1989 curiosis
684 1962 903 1997 indagatoribus,
917 1963 1019 1997 quique

231 2007 352 2035 sinuosis
371 2007 508 2036 rationum
535 2008 666 2035 versutiis
689 2008 781 2043 potius
803 2016 885 2043 quam
901 2009 1020 2036 veritate

230 2051 413 2085 delectantur,
432 2053 535 2080 revelat
555 2052 686 2088 Spiritus,
703 2062 764 2081 cum
785 2061 835 2081 nec
857 2055 884 2082 in
901 2055 1020 2082 malevo-

232 2096 284 2123 lam
301 2097 420 2124 animam
444 2097 563 2125 introeat
580 2098 724 2133 sapientia.
747 2106 837 2133 neque
858 2107 940 2134 porro
956 2107 1020 2134 pre-

231 2141 318 2169 tiosas
333 2142 497 2176 margaritas
513 2150 658 2176 porcorum
680 2142 797 2177 pedibus
817 2143 904 2170 obteri
935 2145 1018 2177 sinat,

233 2187 280 2213 sed
299 2186 325 2213 in
342 2187 539 2221 simpliciorum
564 2187 703 2215 mentibus
725 2188 909 2216 libentissime
926 2197 1020 2218 verse-

233 2237 288 2263 tur,
309 2233 458 2266 prresertim
478 2240 540 2259 cum
559 2236 586 2260 et
602 2233 769 2261 sinceriores
784 2238 876 2262 motus
889 2235 1018 2268 habeant,

232 2280 260 2303 ct
280 2284 364 2305 vanas
380 2277 531 2312 argutiolas
546 2283 690 2313 respuant,
703 2279 844 2315 quibu58
857 2288 929 2316 saepe
945 2282 974 2308 ﬁt
990 2286 1019 2308 ut

233 2323 398 2357 percellatur
420 2323 541 2357 animus,
563 2329 590 2352 et
608 2333 741 2361 perverso
760 2326 831 2354 ﬂexu
847 2327 881 2354 de
898 2332 973 2355 recta
994 2331 1020 2354 et
1035 2325 1057 2354 B

233 2370 306 2404 iegia
324 2369 367 2396 via
386 2369 520 2397 decedat:
553 2381 562 2396 ‹
586 2372 716 2399 Ambulat
745 2373 819 2400 enim
849 2373 1019 2400 conﬁdenter

233 2416 280 2450 qui
306 2415 467 2450 simpliciter
492 2417 624 2450 ambulat,
645 2428 654 2444 ›
673 2421 703 2445 ut
731 2422 773 2446 est
800 2419 871 2454 apud
892 2418 1018 2445 Salomoo

235 2469 295 2488 nem
315 2461 356 2488 ¹⁵”.
370 2461 439 2489 Cum
461 2469 526 2497 ergo
543 2463 675 2492 mirabilis
689 2464 724 2491 sit
736 2465 764 2491 in
782 2464 886 2492 sanctis
901 2472 1018 2498 evange-

234 2508 305 2535 listis
321 2513 450 2535 accurata
467 2508 513 2535 illa
529 2509 666 2538 scribendi
684 2511 794 2538 solertia
822 2511 851 2545 (‹
867 2510 926 2537 Non
944 2510 1018 2537 enim

234 2555 285 2588 ipsi
305 2555 465 2589 loquuntur.
486 2565 495 2582 ι
523 2560 553 2583 ut
573 2557 610 2583 ait
635 2557 772 2589 Salvator,
799 2566 809 2583 ‹
834 2557 880 2584 sed
898 2557 1019 2591 Spiritus

234 2599 324 2628 Patris
334 2601 378 2635 qui
393 2601 418 2627 in
431 2601 471 2629 eis
482 2605 523 2629 est
536 2602 557 2618 ¹⁸
570 2603 605 2638 ι),
622 2611 676 2630 non
689 2603 737 2630 abs
750 2610 779 2629 re
796 2602 925 2629 fateberis
935 2602 1018 2629 Joan-

233 2646 277 2674 nis
301 2645 491 2682 Erangelium,
519 2648 543 2675 si
574 2649 718 2676 notionum
747 2648 954 2678 sublimitatem,
992 2651 1019 2676 et

235 2693 333 2720 mentis
351 2700 475 2725 acumen,
502 2699 530 2722 et
546 2694 638 2730 jugem
654 2695 825 2728 aliarumque
840 2694 901 2722 aliis
923 2702 1018 2722 succe-

233 2737 355 2765 dentium
372 2740 569 2767 sententiarum
584 2740 734 2766 illationcm
746 2739 890 2774 respicias,
908 2747 1017 2768 omnem

233 2791 362 2820 superare
378 2786 487 2820 penitus
499 2785 720 2814 admirationem.
734 2785 853 2814 Invicem
867 2787 940 2815 enim
951 2795 1018 2816 con-

269 2864 390 2892 ”‘Prov.
413 2873 440 2898 x,
461 2865 486 2892 9.
528 2865 549 2881 ί⁵
564 2864 659 2892 Matth.
678 2873 704 2900 κ,
722 2865 766 2894 20.

1099 1339 1671 1400 EVANGELIUM.

800 1461 978 1505 LIBER
1021 1460 1266 1506 PRIMUS.

1107 1640 1234 1675 Ἀχριὸὴς
1251 1641 1335 1674 ὅντως
1359 1641 1405 1668 καὶ
1425 1641 1593 1672 θεοδίδακτος
1607 1639 1660 1667 τῶν
1675 1639 1760 1674 ἁγίων
1775 1640 1857 1674 ibin--

1069 1686 1200 1720 γελιστῶν
1211 1688 1227 1722 ἡ
1240 1687 1353 1719 διάνοια,
1371 1687 1494 1723 καθάπερ
1509 1687 1562 1714 ἀπό
1586 1695 1657 1718 τινος
1674 1686 1793 1722 γηλόφου
1810 1686 1858 1713 καὶ

1070 1733 1212 1768 περιωπῆς
1225 1734 1273 1768 τῆς
1283 1734 1311 1760 ὲν
1323 1733 1362 1769 τῷ
1377 1733 1626 1767 δύνασθαιθεωρεῖν
1637 1732 1856 1767 μεγαλειότητος,

1070 1777 1236 1814 πανταχόθεν
1253 1779 1283 1805 τὸ
1308 1780 1362 1811 τοῖς
1387 1778 1572 1814 ἀκροωμένοις
1588 1776 1776 1812 περιαθροῧσα
1789 1777 1857 1812 χρή-

1071 1832 1160 1859 σιμον,
1176 1824 1223 1850 καὶ
1241 1823 1309 1859 μετὰ
1328 1823 1450 1850 συντόνου
1474 1823 1546 1854 τινος
1563 1822 1709 1858 θηρωμένη
1728 1821 1855 1856 σπουδῆς,

1070 1870 1136 1905 ὅπερ
1156 1870 1188 1896 ἂν
1216 1870 1349 1904 ὑπάρχειν
1372 1869 1461 1904 οἴηται
1484 1868 1621 1900 λυσιτελὲς
1637 1868 1693 1899 τοῖς
1706 1867 1750 1894 τὸν
1769 1867 1856 1902 ἀληθῆ

1063 1916 1123 1955 ρῶν
1139 1917 1218 1943 θείων
1229 1916 1371 1951 δογμάτων
1398 1915 1499 1950 διψῶσι
1509 1915 1598 1948 λόγον,
1613 1914 1664 1940 ’καὶ
1679 1913 1747 1948 μετὰ
1761 1921 1856 1947 προαι-

1071 1963 1172 1999 ρέσεως
1186 1963 1292 1998 ἀγαθῆς
1307 1962 1354 1998 τὴν
1367 1962 1592 1998 ὲγκεκρυμμένην
1610 1963 1668 1992 ταῖς
1683 1960 1767 1991 θείαις
1784 1959 1854 1995 Γρα-

1071 2011 1134 2044 φαῖς
1148 2009 1276 2046 ἐρευνῶσι
1303 2009 1430 2035 διάνοιαν.
1447 2008 1484 2034 Οὐ
1506 2007 1559 2042 γὰρ
1575 2008 1631 2038 τοῖς
1648 2005 1858 2042 περιεργότερον

1070 2056 1236 2088 ἐξετάζουσι,
1255 2055 1302 2082 καὶ
1322 2054 1500 2084 πολυπλόκοις
1514 2051 1650 2086 λογισμῶν
1672 2052 1790 2082 ἀπάταις
1810 2053 1858 2086 ἐφ-

1070 2101 1209 2137 ηδομένοις
1217 2100 1315 2135 μᾶλλον
1335 2100 1350 2134 ἣ
1361 2101 1393 2134 τῇ
1404 2099 1516 2133 ἀληθείᾳ
1529 2098 1739 2134 προσχαίρουοιν
1751 2098 1857 2124 ἀποκα-

1070 2148 1165 2175 λύπτει
1179 2147 1209 2174 τὺ
1225 2147 1343 2180 Πνεῦμα,
1355 2145 1416 2172 ἐπεὶ
1431 2145 1499 2180 μήτε
1517 2145 1555 2176 είς
1568 2143 1853 2179 κακότεχνονείσέρχει

1070 2203 1115 2220 ται
1126 2193 1224 2228 ψυχὴν,
1240 2193 1308 2226 μήτε
1323 2191 1376 2226 μὴν
1391 2190 1478 2223 ἄλλως
1490 2190 1629 2217 κυλίεσθαι
1641 2189 1717 2225 παρὰ
1731 2190 1787 2220 τοῖς
1804 2189 1859 2215 ὑῶν

1071 2240 1134 2267 ποσὶ
1158 2239 1222 2269 τοὺς
1243 2238 1350 2272 τιμίους
1373 2238 1466 2273 ἐφίησι
1501 2237 1691 2273 μαργαρίτας·
1709 2235 1806 2270 ἥδιστα
1830 2235 1858 2261 δὲ

1070 2286 1130 2312 λίαν
1143 2285 1201 2316 ταῖς
1217 2283 1416 2319 ἁπλουστέραις
1431 2284 1561 2314 διανοίαις
1576 2282 1744 2318 προσομιλεῖ,
1764 2281 1811 2308 ἅτε
1826 2281 1857 2316 δὴ

1071 2331 1117 2358 καὶ
1132 2330 1366 2366 ἀπανουργότερον
1374 2329 1498 2365 ἐχούσαις
1512 2329 1541 2355 τὸ
1551 2328 1664 2363 κίνημα,
1681 2327 1729 2353 καὶ
1739 2327 1768 2353 τὸ
1784 2326 1856 2361 σοφί-

1071 2376 1164 2409 ζεσθαι
1186 2377 1300 2412 περιττὰ
1321 2375 1561 2411 παραιτουμέναις,
1583 2370 1605 2407 ᾧ
1624 2374 1655 2408 δὴ
1683 2373 1792 2404 πάντως
1811 2372 1853 2401 καί

1070 2422 1100 2448 τὸ
1122 2421 1320 2457 ἐκπλήττεσθαι
1347 2420 1504 2456 συμϐαίνειν
1521 2419 1672 2451 ἀκολουθεῖ,
1687 2419 1734 2446 καὶ
1762 2419 1794 2445 ὲκ
1810 2416 1854 2446 τοὶ

1071 2467 1130 2493 λίαν
1143 2467 1180 2498 εὶς
1195 2465 1280 2497 δεξιὸν
1292 2465 1341 2499 τῆς
1355 2464 1460 2495 εὐθείας
1474 2464 1519 2489 καὶ
1530 2463 1669 2498 βασιλικῆς
1681 2463 1733 2495 ἔξω
1749 2463 1858 2489 πίπτειν

1071 2511 1141 2538 ὁδοῦ·
1164 2521 1172 2537 ι
1187 2510 1333 2546 Πορεύεται
1349 2510 1403 2544 γὰρ
1428 2508 1572 2541 πεποιθὼς,
1588 2508 1617 2540 ὃς
1634 2509 1727 2539 ἁπλῶς
1744 2507 1857 2542 πορεύε-

1069 2566 1124 2588 ται,
1145 2567 1154 2582 ι
1177 2556 1246 2582 κατὰ
1260 2557 1308 2590 τὴν
1321 2555 1367 2582 τοῦ
1383 2555 1553 2589 Σολομῶντος
1574 2555 1681 2590 φωνήν·
1700 2553 1857 2589 θαυμαστὴν

1069 2603 1098 2629 δὲ
1113 2603 1172 2629 λίαν
1184 2602 1300 2638 ἐχόντων
1314 2601 1367 2628 τῶν
1386 2601 1470 2635 ἁγίων
1494 2600 1694 2634 εὐαγγελιστῶν
1705 2599 1754 2635 τὴν
1777 2600 1805 2625 ὲν
1819 2598 1858 2633 τῷ

1069 2649 1186 2685 γράφειν
1209 2647 1365 2683 ἀκρίϐειαν(
1382 2656 1390 2672 ‹
1409 2646 1446 2673 Οὐ
1459 2646 1512 2680 γὰρ
1537 2645 1614 2672 αὐτοὶ
1629 2644 1748 2678 λαλοῦσι,
1765 2644 1857 2671 »κατὰ

1070 2696 1120 2730 τὴν
1133 2695 1180 2722 τοῦ
1197 2695 1321 2730 Σωτῆρος
1335 2693 1434 2729 φωνὴν,
1451 2702 1460 2719 ι
1476 2691 1543 2718 ἀλλὰ
1557 2691 1587 2717 τὸ
1607 2691 1718 2726 Πνεῦμα
1735 2690 1782 2717 τοῦ
1799 2690 1855 2716 Πα-

1071 2742 1133 2777 τρὸς
1145 2742 1175 2768 τὸ
1193 2742 1222 2769 ἐν
1235 2742 1326 2773 αὐτοῖς
1344 2742 1378 2775 ι),
1393 2740 1500 2770 πάντως
1509 2738 1627 2772 εὐλόγως
1644 2739 1770 2764 ἐπέκεινα
1789 2736 1854 2773 Θαύ-

1073 2797 1157 2824 ματος
1172 2787 1220 2823 τὴν
1241 2787 1364 2815 Ἰωάννου
1373 2785 1537 2822 Συγγραφὴν
1550 2783 1735 2812 ἁνατεθεῖσθαι
1746 2781 1803 2818 δοίη
1813 2789 1856 2813 τις
