2030 3122
148 155 164 182 ,Ι
662 154 694 181 ΙΝ
714 154 856 183 JOANNiS
877 156 929 184 EV.

983 158 1099 186 iELlU.“
1121 156 1186 183 L28.
1207 158 1226 184 ί.
1538 179 1540 181 ,
1733 162 1768 188 εετι

134 209 179 247 ἂν,
192 210 232 242 εἷς
241 219 270 237 τε
278 211 308 237 τὸ
320 210 373 238 τῶν
385 210 571 246 (θεωρημάτων
587 211 749 240 ἀποϐλέπων
767 215 929 251 ὑπερφερὲς,

983 219 1097 242 currunt
1114 217 1146 242 ad
1157 216 1315 249 divinorum
1331 217 1489 252 dogmatum
1502 218 1725 253 explicationem,
1741 223 1768 247 et

136 260 182 286 καὶ
195 259 247 293 τῆς
254 259 375 291 διανοίας
381 259 463 286 αὑτοῦ
472 259 520 295 τὴν
530 260 658 296 ὀξύτητα,
667 261 767 297 καὶτὴν
777 262 874 296 συνεχῆ
882 261 928 288 καὶ

136 304 343 340 ἀλλεπάηηλον
357 305 411 332 τῶν
426 307 570 341 νοημάτων
587 308 764 343 ὲπεισφορέιν.
783 307 928 343 Σύνδρομοι

139 351 254 386 μὲνγὰρ
267 351 393 386 ἀλλήλοις
405 352 456 379 εἰσὶ
478 352 542 387 περὶ
557 352 606 387 τὴν
621 352 674 379 τῶν
692 353 770 380 θείων
788 353 929 389 δογμάτων

138 398 278 431 ἐξήγησιν,
297 397 344 423 καὶ
359 397 426 431 πρὸς
437 397 485 423 ἕνα
499 397 624 433 καθάπερ
636 399 689 425 ἀπὸ
704 399 806 433 νύσσης
816 399 930 433 ἀιρέντες

140 443 335 478 ἱπποδρομοῦσι
348 443 460 470 σκοπόν”
475 443 601 480 διάφορον
611 444 639 471 δέ
653 454 711 476 πως
719 445 809 477 αὐτοῖς
821 445 930 480 ἐξυφαί-

138 497 211 515 νεται
225 490 272 515 τοῦ
290 489 368 524 λόγου
385 490 414 516 τὸ
430 490 533 525 σχῆμ’
549 491 595 517 καί
622 500 667 526 μοι
681 491 790 518 δοκοῦσι
807 501 930 527 προσεοι-

139 536 215 562 κέναι
228 537 308 568 τισὶν,
334 534 374 567 οἷς
393 536 434 567 εἰς
453 537 517 571 μίαν
536 537 584 572 μὲν
600 538 794 573 συνενεχθῆναι
811 539 888 565 πόλιν
899 539 930 565 τὸ

139 581 283 616 σύνταγμα
296 602 303 613 ,
332 582 362 608 τό
375 590 405 616 γε
421 582 474 618 μὴν
484 583 527 609 διὰ
546 584 611 617 μιᾶς
631 584 678 611 καὶ
693 585 742 619 τῆς
766 585 850 620 αὐτῆς
863 585 930 612 λεωη

138 625 222 660 φόρου
237 626 354 660 βαδίζειν
367 627 396 652 οὐ
413 628 522 659 πάντως
546 628 699 656 συνδοκοῦν.
718 629 795 655 Ἔστι
812 630 860 665 μὲν
877 629 930 664 γὰρ

139 673 202 703 τοὺς
213 672 262 707 μὲν
274 672 369 703 ἄλλους
382 674 446 709 όρᾷν
462 674 657 708 εὐαγγελιστάς
670 675 738 710 μετὰ
749 675 850 711 πολλῆς
860 685 930 708 τινος

138 718 189 752 ’τῆς
202 719 344 753 ἀκριϐείας
355 719 400 745 τὸν
415 720 478 755 περὶ
495 720 544 755 τῆς
567 721 637 748 κατὰ
653 721 742 757 σάρκα
757 722 929 756 γενεαλογίας

138 764 184 791 τοῦ
200 765 326 801 Σωτῆρος
341 766 419 801 ἡμῶν
433 767 612 801 ποιουμένους
633 767 729 802 λόγον,
750 769 797 795 καὶ¹
816 770 879 801 τοὺς
900 770 930 803 ἐξ

146 810 273 845 Ἀϐραὰμ
287 811 338 842 ἓως
357 811 455 847 Ἰωσὴφ
471 813 610 848 στοιχηδὸν
630 814 845 850 καταφέροντας,
864 815 879 851 ἢ
897 814 929 842 αὖ

140 856 220 883 πάλιν
244 852 530 890 ὰναὸιὸὀιζονταςίτοὺς
552 859 582 892 ἐξ
596 860 692 896 Ἰωσὴφ
704 862 749 887 ἐπὶ
762 861 808 888 τὸν
827 862 911 897 ’Λδάμ
921 871 928 879 ·

139 902 184 928 τὸν
198 902 226 928 δέ
240 910 272 936 γε
290 904 425 939 μακάριον
445 903 635 941 Ὶωάννην,τῆς
653 907 703 941 μὲν
717 907 763 934 ἐπὶ
779 907 884 940 τούτοις
899 910 928 936 οὐ

139 948 198 973 λίαν
222 949 422 982 πεφροντικότα
438 950 565 985 σπουδῆς,
584 950 742 986 θερμοτάτῳ
757 952 786 979 δέ
811 961 865 980 τινι
883 954 930 981 καὶ

139 993 262 1029 διαπύρῳ
292 994 412 1026 διανοίας
443 996 766 1032 κινήματιτιεχρημένον,
789 998 826 1029 ὡς
840 999 929 1026 αὐτῶν

139 1039 273 1067 ἅπτεσθαι
287 1040 342 1066 τῶν
358 1041 427 1076 ὑπὲρ
438 1041 500 1068 νοῦν
512 1042 559 1069 τὸν
581 1043 750 1081 ἀνθρώπινον
772 1044 929 1080 ἐπιχειρεῖν,

138 1086 187 1112 καὶ
203 1085 252 1120 τὴν
265 1086 384 1122 ἄρῤητόν
407 1096 435 1113 τε
471 1088 518 1114 καὶ
534 1088 673 1123 ᾶρραστον
699 1090 745 1116 τοῦ
762 1090 829 1119 Θεοῦ
843 1091 929 1124 Λόγου

139 1131 266 1166 γέννησιν
278 1131 436 1166 ἐξηγεῖσθαι
447 1132 558 1168 τολμᾷν.
574 1134 650 1169 ᾜδει
666 1134 715 1169 μὲν
728 1136 793 1170 γὰρ.
809 1136 849 1162 ὃτι
867 1137 930 1169 δόξα

140 1177 242 1210 Κυρίου
271 1177 386 1213 κρύπτει
412 1179 506 1212 Λόγον,
530 1179 576 1206 καὶ
593 1180 684 1215 πάσης
699 1181 756 1206 ἐστὶ
777 1182 868 1216 μεῖζον
881 1183 930 1217 τῆς

140 1223 169 1248 ὲν
183 1224 248 1257 ἡμῖν
267 1222 371 1254 ἐννοίας
386 1232 414 1250 τε
432 1224 480 1250 καὶ
494 1225 585 1259 φωνῆς
598 1224 628 1251 τὸ
643 1225 794 1260 θεοπρεπὲς
810 1227 928 1262 ἀξίωμα,

139 1267 334 1303 δυσεκφώνητά
348 1278 378 1295 τε
401 1270 449 1296 καὶ
466 1269 533 1304 πρὸς
548 1270 577 1296 τὸ
594 1271 791 1306 ὲκτρανοῦσθαι
807 1272 930 1307 χαλεπώ-

139 1323 207 1341 τατα
219 1315 252 1341 τὰ
265 1315 314 1350 τῆς
327 1315 434 1350 φύσεως
461 1316 524 1343 ι’δια.
547 1317 654 1353 Ἐπειδὴ
681 1318 708 1344 δὲ
728 1316 761 1353 ἦν
783 1319 929 1352 ἀναγκαῖον

139 1361 238 1395 τρόπον
258 1361 318 1387 τινὰ
335 1361 457 1396 σπιθαμῇ
475 1363 608 1397 μετρῆται
624 1363 669 1389 τὸν
680 1363 802 1398 οὐρανὸν,
819 1364 930 1396 καὶτοῖς

140 1406 241 1439 ὀλίγοις
255 1406 304 1440 τῆς
317 1406 527 1442 ἀνθρωπότητος
545 1407 653 1443 μέτροις
676 1409 818 1443 ἐπιτρέψαι
832 1411 930 1445 χωρεῖν

140 1452 186 1478 ἐπὶ
208 1452 242 1478 τὰ
257 1453 322 1478 πᾶσι
339 1452 487 1487 δυσέφικτα
508 1454 554 1480 καὶ
567 1453 742 1490 δυσδιὴγητα,
757 1455 800 1481 ἵνα
820 1455 856 1490 μὴ
875 1457 930 1487 τοῖς

141 1499 425 1534 ὲτεροδιδασκαλοῦσιν
440 1500 454 1526 ό
470 1499 540 1525 κατὰ
552 1488 605 1526 των
619 1500 811 1536 ἁπλουστέρων
827 1501 929 1528 ἐκπλα-

982 261 1014 288 ad
1044 269 1127 288 unum
1148 262 1226 288 velut
1253 269 1268 289 ιδ
1300 263 1458 291 carceribus
1488 263 1614 291 feruntur
1643 272 1766 300 scopum.

982 305 1112 333 Diversus
1134 309 1226 334 autent
1253 306 1279 333 in
1298 307 1337 334 eis
1360 307 1565 342 quodammodo
1581 309 1693 337 habitus
1706 317 1766 336 ora-

981 350 1064 377 tionis
1084 351 1199 384 texitur,
1217 355 1242 378 et
1263 351 1329 378 mihi
1349 351 1452 378 similia
1468 352 1596 380 videnlur
1616 348 1678 381 esse
1700 361 1770 381 non-

982 398 1073 429 nullis,
1087 398 1134 432 qui
1150 397 1222 432 jussi
1236 397 1347 432 quidem
1364 402 1428 425 sunt.
1445 398 1472 424 in
1489 406 1572 426 uuam
1594 400 1690 427 urbem
1704 408 1770 428 con-

982 443 1086 476 venire,
1112 443 1159 471 sed
1187 451 1236 479 per
1261 451 1345 471 unam
1375 444 1553 479 eamdemque
1581 446 1682 480 regiam
1699 446 1769 472 viam

981 497 1035 516 non
1053 489 1148 524 utique
1163 489 1251 516 visum
1267 494 1307 517 est
1326 489 1488 525 procedere.
1504 490 1577 517 Alios
1592 491 1663 517 enim
1678 489 1769 518 videre

981 541 1022 563 est
1036 535 1369 570 evangelistasraccurate
1390 535 1538 563 admodum
1557 536 1712 564 Servatoris
1725 544 1771 572 ειν

981 582 1134 616 nealogiam
1168 581 1324 609 secundum
1360 588 1471 609 carnem
1507 582 1658 617 explicare,
1686 585 1715 609 et
1737 582 1772 609 ab

980 629 1136 655 Abrahamo
1148 628 1180 656 ad
1192 627 1295 664 Joseph
1313 637 1400 664 usque
1413 628 1488 656 illius
1507 628 1608 656 seriem
1623 628 1770 660 deducere,

981 679 1029 701 aut
1048 674 1120 701 facto
1134 682 1231 702 rursus
1246 682 1364 702 ascensu
1379 683 1394 701 a
1408 674 1508 709 .loseph
1521 682 1610 709 usque
1623 674 1657 701 ad
1668 673 1771 707 Adam;

981 721 1091 748 beatum
1117 728 1184 748 vero
1204 720 1339 748 Joannem
1367 721 1464 748 isthzec
1488 720 1560 747 haud
1581 721 1698 747 multum
1722 727 1773 746 cu-

981 775 1071 800 rasse,
1094 768 1141 795 sed
1163 774 1296 802 perquam
1313 766 1404 794 calido
1425 772 1452 794 et.
1467 766 1574 794 fervido
1591 766 1677 793 animi
1695 770 1772 793 motu

981 820 1013 840 ea
1036 812 1130 840 statim
1149 812 1285 847 attingere
1306 819 1368 847 qua:
1381 812 1507 847 ;mentem
1525 812 1674 839 humanam
1690 820 1772 847 supe-

982 863 1055 890 rant.
1074 862 1102 886 et
1124 866 1254 886 arcanam
1270 863 1355 894 alque
1375 858 1542 886 ineffabilem
1565 858 1611 885 Dei
1625 858 1708 885 Verbi
1723 867 1773 885 na-

982 905 1115 932 tivitatem
1134 905 1264 932 audacter
1276 911 1424 939 exponere.
1438 903 1548 932 Sciebat
1565 904 1638 931 enim
1658 904 1772 939 gloriam

981 950 1091 977 Domini
1124 951 1216 978 celare
1241 949 1370 982 Verbum,
1394 954 1421 979 et
1448 950 1582 984 majorem
1611 957 1672 977 esse
1697 950 1772 977 omni

981 995 1101 1022 humana
1117 999 1209 1023 mente
1227 999 1254 1022 et
1272 995 1399 1022 oratione
1416 994 1527 1022 deitatis
1542 994 1727 1028 majestatem,
1746 998 1774 1021 et

982 1044 1088 1068 naturae
1103 1041 1204 1068 divinae
1219 1041 1406 1075 proprietates
1428 1041 1568 1076 explicata
1585 1041 1695 1068 dictuve
1714 1048 1775 1068 esse

981 1084 1170 1112 difﬁcillimas.
1184 1085 1253 1112 Cum
1271 1089 1362 1113 autem
1377 1093 1494 1114 necesse
1507 1090 1582 1114 esset
1599 1086 1690 1120 palmo
1704 1093 1775 1120 quo-

980 1131 1127 1159 dammodo
1142 1131 1232 1159 metiri
1250 1132 1364 1163 cmlum,
1388 1136 1415 1160 et
1434 1131 1562 1160 humanm
1575 1133 1677 1159 mentis
1695 1132 1773 1158 inﬁr-

981 1176 1067 1203 mitati
1079 1177 1183 1204 alitum
1197 1176 1231 1203 ad
1247 1185 1292 1204 res
1307 1181 1389 1211 captu
1403 1181 1431 1204 et
1444 1177 1583 1211 explicatu
1595 1176 1774 1203 difficillimas

980 1222 1098 1256 aperire,
1126 1230 1160 1249 ne
1185 1223 1372 1257 simpliciores
1398 1223 1594 1250 hmreticorum
1623 1221 1775 1249 incursioni

981 1272 1115 1302 paterent,
1133 1263 1212 1303 quasi
1226 1268 1301 1295 nulla
1316 1276 1369 1307 vox
1386 1274 1545 1297 sanctorum
1563 1267 1610 1303 qui
1629 1272 1656 1296 et
1667 1272 1775 1302 specta-

981 1319 1066 1346 tores,
1083 1318 1111 1341 et
1124 1314 1245 1341 ministri
1262 1313 1344 1342 Verbi
1360 1313 1474 1347 fuerint,
1491 1314 1600 1341 illorum
1617 1313 1773 1348 malignita-

982 1365 1034 1386 tem
1055 1360 1194 1391 retundat,
1218 1360 1252 1387 ad
1275 1360 1365 1395 ipsum
1380 1360 1537 1388 divinorum
1552 1359 1712 1395 dogmalum
1730 1365 1775 1385 ca-

982 1411 1029 1442 put
1044 1408 1103 1435 acri
1121 1408 1216 1436 studio
1239 1415 1269 1436 se
1284 1407 1404 1440 confert,
1424 1408 1570 1435 clamans:
1593 1417 1601 1433 ι
1621 1407 1649 1434 ln
1670 1406 1774 1441 princi-

981 1454 1026 1488 pio
1040 1458 1100 1481 erat
1114 1453 1247 1486 Verbum.
1266 1458 1292 1482 et
1310 1454 1431 1482 Verbum
1453 1458 1514 1482 erat
1538 1453 1608 1488 apud
1634 1452 1730 1485 Deum,
1749 1455 1776 1479 et

983 1500 1053 1528 Deus
1079 1505 1139 1527 erat
1164 1500 1296 1528 Verbum.
1325 1499 1383 1528 Hoc
1406 1504 1466 1528 erat
1495 1500 1523 1527 in
1542 1499 1678 1535 principio
1703 1499 1776 1533 apud

141 1546 253 1581 τύνηται
267 1546 376 1581 δρόμος,
391 1546 428 1577 ὡς
446 1546 572 1581 οὐδεμιᾶς
597 1546 651 1573 τῶν
679 1546 764 1581 ἁγίων
788 1548 890 1583 φωνῆς,
904 1550 929 1575 οἳ

983 1545 1065 1573 Deum
1081 1545 1112 1573 “‘.
1135 1555 1144 1571 ι
1167 1545 1263 1581 Operae
1278 1547 1399 1582 pretium
1424 1549 1516 1573 autem
1535 1545 1655 1572 arbitror
1681 1545 1716 1572 iis
1729 1545 1777 1579 qui

141 1591 188 1617 καὶ
202 1591 344 1622 αὐτόπται,
354 1591 399 1618 καὶ
411 1592 545 1626 ὑπηρέται
557 1591 604 1618 τοῦ
622 1592 707 1626 Λόγου
719 1593 857 1626 γεγόνασι,
870 1594 930 1624 ταῖς

142 1636 254 1664 ἐκείνων
273 1637 511 1671 παραποδιζούσης
529 1637 694 1671 κακονοίαις,
711 1638 820 1673 ἔρχεται
831 1638 931 1674 δριμὺς

143 1683 261 1709 tea-3:5
287 1682 342 1709 τῶν
365 1682 444 1709 θείων
465 1683 606 1718 δογμάτων
622 1684 653 1710 τὸ
667 1684 843 1720 κυριώτατον,
856 1694 865 1710 ι
888 1685 932 1710 Ἐν

97 1722 100 1725 ’
142 1730 223 1764 ἀρχῇ,
232 1728 312 1763 βοῶν,
325 1726 359 1763 ἦν
369 1729 382 1755 ό
394 1729 490 1763 Λόγος,
499 1730 658 1764 καὶόΛόγος
672 1728 706 1765 ἦν
722 1730 789 1765 πρὸς
803 1730 848 1757 τὸν
855 1730 931 1763 Θεὸν,

124 1772 132 1780 ’
143 1776 190 1802 καὶ
198 1775 264 1807 Θεὸς
277 1773 311 1811 ἦν
325 1776 339 1800 ό
354 1776 449 1808 Λόγος.
465 1773 547 1807 Οὗτος
555 1773 588 1811 ἦν
600 1777 627 1803 ὲν
634 1777 703 1812 ἀρχῇ
714 1777 781 1812 πρὸς
788 1776 929 1804 τδνΘεόνη

143 1822 164 1848 Χ
170 1822 246 1856 ρῆναι
257 1822 285 1848 δὲ
296 1819 381 1857 οἶμαι,
388 1821 450 1852 τοὺς
457 1823 511 1854 τοῖς
519 1823 600 1858 ἱεροῖς
609 1822 768 1857 ὁμιλοῦντας
774 1823 932 1858 Γράμμασι,

143 1868 205 1899 τοὺς
221 1867 296 1903 παρὰ
313 1867 421 1894 πάντων
434 1867 593 1902 προσίεσθαι
609 1868 715 1901 λόγους,
738 1868 818 1903 οἵπερ
833 1867 864 1894 ἂν
881 1865 933 1894 εἶεν

144 1913 220 1939 καλοί
234 1922 262 1939 τε
279 1914 327 1940 καὶ
341 1913 447 1947 ἀγαθοὶ,
474 1913 521 1940 καὶ
542 1914 573 1940 τὸ
600 1913 696 1948 βλάϐος
711 1913 818 1948 ἔχοντες
839 1913 913 1940 οὖδέν
926 1922 932 1928 ·

144 1959 214 1986 οὕτω
230 1959 285 1994 γὰρ
305 1959 338 1986 ἂν
353 1959 387 1986 τὰ
403 1960 478 1995 παρὰ
495 1961 551 1992 τοῖς
567 1960 674 1992 πολλοῖς
698 1960 827 1992 ποικίλως
837 1960 932 1986 τεθεω-

147 2006 261 2041 ρημένα,
285 2006 331 2032 καὶ
349 2007 388 2038 είς
413 2007 461 2033 ἕνα
479 2007 699 2042 συνεισφέροντες
713 2006 785 2037 νοῦν,
803 2007 842 2038 εἰς
854 2006 935 2032 καλὶν

145 2052 325 2088 ἀναΰήσονται
346 2053 394 2086 τῆς
415 2052 541 2086 γνώσεως
567 2053 675 2088 μέτρον,
690 2052 736 2079 καὶ
759 2052 807 2087 τὴν
824 2052 935 2088 ἐργάτιν

145 2098 191 2124 καὶ
206 2097 290 2133 σοφὴν
315 2098 535 2133 ἀπομιμούμενοι
562 2098 699 2132 μέλιτταν,
712 2098 745 2124 τὰ
769 2097 872 2132 γλυκέα
888 2097 934 2130 τοῦ

146 2142 298 2178 πνεύματος
334 2143 419 2178 κηρία
456 2143 638 2179 συμπήξειαν.
669 2143 736 2170 Φασὶ
764 2143 852 2170 τοίνυν
882 2143 936 2170 τῶν

145 2189 367 2223 φιλοπονωτάτων
377 2188 457 2221 τινὲς,
474 2189 510 2221 ὡς
527 2189 595 2224 μετὰ
606 2189 706 2215 τὸντοῦ
720 2189 844 2224 Σωτῆρος
859 2189 936 2224 ἡμῶν

146 2235 326 2270 σταυρόν,καὶ
338 2234 388 2269 τὴν
403 2235 444 2266 είς
458 2234 587 2270 οὐρανοὺς
597 2233 699 2267 ἄνοδον,
720 2234 932 2270 ψευδοποιμένες
949 2231 970 2259 ί)
985 2233 1139 2262 Beelzebub
1155 2234 1176 2250 ¹⁸
1193 2243 1200 2261 :

146 2281 190 2307 καὶ
209 2278 444 2314 ψευδοδιδάσκαλοι
459 2287 541 2310 τινες,
559 2279 660 2314 θηρίων
682 2279 835 2306 ἀτιθάστων
856 2279 933 2314 δίκην

144 2328 199 2358 τοῖς
212 2326 258 2353 τοῦ
268 2326 392 2361 Σωτῆρος
400 2325 608 2356 ἐπεισπεσόντες
625 2325 771 2360 ποιμνίοις,
783 2325 932 2361 τεθορυϐήο

146 2379 224 2398 κασιν
246 2371 277 2397 οὐ
301 2371 417 2407 μικρῶς,
447 2370 501 2397 ἀπὸ
523 2370 636 2406 καρδίας
666 2369 754 2396 αὐτῶν
779 2370 932 2403 λαλοῦντες,

146 2417 215 2443 καθὰ
245 2417 409 2452 γέγραπται,
433 2416 480 2442 καὶ
506 2415 556 2442 οὐκ
583 2415 637 2441 ἀπὸ
662 2415 795 2450 στόματος
820 2416 932 2451 Κυρίου·

149 2464 246 2498 μᾶλλον
260 2463 300 2495 δὲ,
314 2463 364 2490 οὐκ
382 2463 511 2500 ἐκπμόνης
522 2462 570 2497 τῆς
586 2462 689 2488 ἑαυτῶν
701 2461 823 2497 καρδίας,
836 2462 892 2488 ἀλλ’
904 2463 936 2488 ἐκ

146 2510 318 2545 δεδι-(μάτων
346 2509 394 2536 τοῦ
414 2509 515 2536 οἰκείου
546 2509 658 2544 πατρὸς,
675 2509 722 2535 τοῦ
745 2508 867 2535 διαϐόλου
889 2508 936 2544 δη-

146 2555 223 2590 λαδή.
243 2564 252 2579 ι
266 2555 296 2580 Εἰ
312 2554 365 2590 γὰρ
374 2554 460 2585 οὐδεὶς
476 2553 586 2581 δύναται
601 2554 688 2580 εἰπεῖν
697 2554 820 2590 ἀνάθεμα
835 2554 935 2589 Ἰησοῦ,

148 2600 171 2626 εἰ
187 2599 223 2635 μὴ
238 2601 266 2625 ὲν
284 2599 458 2633 Βεελζεὸοὺλ,
478 2609 487 2624 ι
504 2599 562 2631 πῶς
586 2599 636 2625 οὐκ
649 2599 752 2635 ἀληθὴς
766 2599 831 2635 ἡμῖν
845 2601 860 2626 ό
874 2600 937 2634 περὶ

149 2646 250 2673 τούτων
270 2645 420 2682 ὀφθήσεται
443 2646 537 2680 λόγος;
563 2646 629 2673 Τίνα
652 2646 742 2673 τοίνυν
765 2647 838 2673 ἐστὶν
866 2646 937 2681 amp

149 2692 244 2718 ἐκεῖνοι
272 2692 342 2719 κατὰ
369 2693 418 2727 τῆς
440 2692 544 2723 οἰκείας
562 2692 709 2727 ὴρεύγοντο
733 2692 868 2728 κεφαλῆς,
890 2692 936 2718 τὸν

149 2737 289 2772 Μονογενῆ
303 2737 350 2764 τοῦ
364 2738 430 2764 Θεοῦ
445 2737 542 2772 Λόγον,
557 2739 587 2765 τὸ
602 2737 660 2773 φῶς
674 2739 703 2765 τὺ
717 2739 813 2770 ἀΐδιον,
822 2739 850 2766 ὲν
863 2735 885 2773 ᾧ
904 2739 935 2774 δὴ

149 2785 249 2816 πάντες
277 2784 324 2810 καὶ
345 2783 492 2811 κινούμεθα
507 2785 562 2818 ,καὶ
577 2784 672 2820 ἐσμὲν,
688 2785 750 2812 τότε
767 2786 874 2821 πρῶτον
890 2794 936 2812 κει

170 2857 208 2876 ἰθ
227 2859 306 2889 Joan.
324 2870 347 2896 ι,
369 2862 439 2894 Ι,ίὶ.

983 1591 1010 1618 ἰιι
1028 1593 1116 1619 sacris
1132 1592 1243 1620 Litteris
1258 1598 1407 1621 versantur
1417 1592 1578 1627 quorumvis
1592 1591 1664 1619 dicta
1676 1591 1776 1618 admit-

980 1643 1048 1669 tere.
1059 1645 1120 1673 quae
1133 1638 1217 1674 proba
1229 1639 1283 1667 sint
1293 1638 1404 1672 acﬁnihil
1415 1638 1442 1666 in
1456 1637 1521 1673 se9
1530 1637 1623 1664 damni
1645 1637 1774 1664 habeant.

984 1682 1030 1710 Sic
1049 1683 1123 1711 enim
1142 1684 1188 1710 ﬂet
1203 1687 1234 1711 ut
1251 1684 1359 1711 collatis
1378 1684 1406 1711 in
1422 1691 1507 1710 unum
1525 1683 1619 1710 multis
1638 1682 1775 1710 variorum

983 1728 1237 1760 observationibus,
1253 1729 1287 1756 ad
1314 1732 1421 1756 rectum
1449 1728 1636 1763 cognoscendi
1665 1727 1775 1755 modqu

984 1774 1147 1812 ascendant,
1162 1778 1189 1802 et
1203 1774 1306 1802 sedula:
1325 1782 1358 1802 ac
1373 1775 1484 1803 solertis
1501 1774 1561 1809 apis
1573 1774 1699 1808 exemplo
1717 1772 1778 1800 dul-

984 1828 1030 1849 ces
1044 1821 1158 1856 spiritus
1178 1820 1257 1848 favos
1276 1822 1465 1856 compingant.
1488 1821 1574 1848 Aiunt
1596 1820 1689 1854 itaque
1709 1827 1777 1846 non—

985 1867 1052 1894 nulli
1067 1868 1117 1894 viri
1129 1867 1256 1895 doctrina
1271 1867 1353 1899 clari,
1368 1871 1430 1902 post
1442 1867 1596 1894 Salvatoris
1610 1865 1695 1893 nostri
1712 1873 1777 1892 cru<

984 1920 1055 1944 cem,
1083 1917 1110 1939 et.
1135 1913 1161 1939 in
1188 1914 1274 1940 caelos
1301 1913 1506 1946 ascensionem,
1535 1912 1622 1939 falsos
1642 1911 1775 1946 quosdam

985 1962 1111 1994 pastores
1122 1963 1148 1985 et
1164 1957 1294 1986 doctores
1308 1959 1385 1993 quasi
1399 1959 1572 1986 truculentas
1589 1958 1662 1985 feras
1673 1958 1700 1984 in
1713 1957 1773 1984 Sal-

984 2005 1089 2032 vatoris
1108 2005 1189 2032 ovilia
1215 2005 1363 2037 irruentes,
1380 2012 1436 2031 non
1454 2012 1550 2040 parum
1579 2004 1717 2036 turbasse,
1743 2011 1775 2031 ex

985 2051 1069 2079 corde
1086 2060 1146 2084 suo,
1170 2059 1223 2078 non
1246 2059 1278 2079 ex
1309 2059 1357 2079 ore
1387 2051 1492 2078 Domini
1520 2051 1676 2086 loquentes,
1704 2050 1776 2077 sicut

986 2098 1119 2132 scriptum
1133 2101 1175 2124 est
1192 2097 1224 2131 ”,
1240 2098 1296 2124 imo
1308 2105 1373 2124 vero
1389 2105 1443 2124 non
1469 2104 1501 2123 ex
1524 2097 1584 2123 solo
1606 2103 1656 2123 suo
1680 2095 1774 2127 corde,

987 2142 1034 2170 sed
1054 2150 1085 2170 ex
1104 2142 1190 2176 patris
1204 2143 1246 2170 sui
1267 2142 1405 2175 doctrina,
1426 2142 1528 2169 diaboli
1549 2141 1701 2168 nimirum:
1721 2150 1730 2166 ι
1746 2141 1775 2167 Si

987 2188 1060 2215 enim
1079 2194 1159 2215 nemo
1181 2191 1272 2222 potest
1290 2187 1382 2215 dicere
1411 2187 1556 2214 anathema
1581 2185 1657 2218 Jesu,
1674 2184 1728 2212 nisi
1749 2185 1776 2212 in

1225 2243 1234 2259 ι
1251 2233 1390 2268 quomodo
1405 2241 1500 2260 verum
1517 2240 1571 2259 non
1591 2239 1652 2260 esse
1665 2237 1775 2266 compe-

987 2281 1072 2307 rietur
1083 2279 1159 2315 quod
1181 2279 1213 2306 de
1235 2279 1279 2306 his
1295 2278 1434 2307 dicimus?
1454 2278 1585 2311 Quaenam
1611 2283 1676 2306 sunt
1695 2278 1778 2314 igitur

987 2334 1047 2361 qua:
1063 2327 1089 2352 in
1106 2333 1187 2353 suum
1202 2325 1241 2352 illi
1256 2329 1338 2360 caput
1353 2330 1528 2358 eructat-unt,
1545 2325 1590 2359 qui
1606 2325 1777 2360 unigenitum

988 2373 1034 2400 Dei
1045 2372 1176 2404 Verbum,
1190 2372 1281 2399 lumen
1291 2371 1360 2398 illud
1372 2375 1516 2403 zeternum,
1532 2371 1558 2398 in
1570 2379 1623 2405 quo
1634 2375 1707 2398 certe
1718 2377 1779 2397 om-

989 2427 1037 2447 nes
1050 2422 1077 2446 et
1091 2425 1233 2446 moremur
1244 2420 1270 2445 et
1281 2424 1376 2445 sumus
1393 2418 1425 2450 η,
1437 2421 1494 2443 tum
1511 2416 1629 2451 primum
1643 2417 1670 2443 in
1686 2423 1776 2443 rerum

989 2469 1113 2493 naturam
1131 2465 1264 2499 prodiisse
1279 2464 1388 2491 indocte
1406 2468 1432 2490 et
1444 2463 1525 2498 impie
1539 2466 1676 2496 asserunt,
1690 2470 1778 2498 quan-

989 2511 1024 2538 do
1040 2518 1072 2538 ex
1088 2514 1181 2538 sancta
1200 2502 1313 2546 Virgine
1325 2510 1407 2536 homo
1421 2513 1502 2536 natus
1521 2512 1576 2541 est,
1597 2513 1624 2536 et
1640 2509 1777 2536 comtnuni

991 2555 1041 2582 hac
1063 2555 1149 2582 forma
1173 2559 1314 2589 assumpta
1333 2555 1360 2581 in
1385 2559 1458 2582 terra
1477 2554 1554 2581 visus
1582 2558 1634 2586 est,
1652 2559 1682 2581 ut
1709 2554 1779 2582 seri-

990 2602 1066 2636 ptum
1082 2605 1138 2629 est:
1152 2610 1160 2626 ι
1175 2601 1207 2627 Ει
1219 2609 1281 2628 cum
1298 2601 1455 2629 hominibus
1471 2604 1650 2629 conversatus
1661 2601 1754 2628 est"?
1767 2610 1775 2625 ι

989 2646 1063 2680 Quos
1079 2646 1116 2674 ita
1134 2646 1295 2678 sentientes,
1311 2649 1338 2673 et
1357 2645 1522 2673 inell‘abilem
1537 2653 1568 2673 ac
1583 2649 1714 2673 aeternam
1734 2644 1779 2671 Fi-

986 2693 1014 2721 lii
1040 2692 1242 2728 generationem
1260 2692 1392 2720 vellicare
1409 2693 1552 2725 audentes,
1571 2691 1715 2727 prophetae
1735 2691 1778 2718 di-

986 2743 1059 2767 ctum
1076 2740 1203 2775 sic’urget
1221 2748 1226 2766 :
1244 2748 1253 2764 ι
1266 2737 1320 2766 Vos
1336 2742 1426 2767 autem
1444 2739 1565 2767 accedite
1584 2739 1647 2771 huc,
1665 2737 1712 2765 ﬁlii
1730 2737 1781 2764 ini.

990 2785 1048 2822 qui,
1080 2792 1174 2813 semen
1211 2784 1396 2812 adulterorum
1424 2790 1451 2812 et
1482 2785 1636 2812 furiiicarim
1664 2787 1670 2811 ἑ
1697 2789 1781 2820 super

480 2863 499 2879 ιτ
519 2861 573 2890 .ler.
603 2869 682 2895 xxnl,
700 2863 739 2890 l6.
773 2863 793 2879 ιε
828 2862 927 2900 lCar._

998 2864 1023 2891 5.
1041 2864 1060 2881 ⁸³
1078 2863 1139 2892 Act.
1167 2871 1230 2897 xvn,
1252 2862 1313 2898 '23._
1337 2863 1359 2879 '°
1375 2861 1480 2889 Barueh
1493 2869 1533 2893 ιιι,
1554 2862 1599 2889 53.
