2030 3122
165 161 201 191 25
360 165 371 175 "
676 166 710 195 IN
725 167 868 197 JOANNIS
886 168 1112 199 EVANGELIUM
1136 170 1200 199 LIB.
1220 170 1242 199 l.
1314 199 1318 202 ,
1757 171 1792 200 το

164 222 221 258 γὰρ
238 221 327 257 ἀρχῆς
344 221 394 249 οὐκ
416 221 449 249 ἂν
470 223 512 258 εἴη
537 223 612 256 ποτὲ,
644 225 660 260 ἢ
677 226 786 259 πάντως
805 227 952 263 ἐκϐήσεται

1003 235 1138 263 nusquam
1162 228 1261 255 fuerit:
1280 231 1327 255 aut
1342 227 1364 255 si
1386 228 1516 263 quiddam
1531 228 1605 256 aliud
1620 232 1683 256 ante
1699 228 1790 264 ipsum

167 269 195 296 τδ
209 267 279 296 εἷναι
289 269 360 296 κατὰ
376 269 502 304 ἀλήθειαν
519 271 600 306 ἀρχὴ,
618 274 866 309 προεπινοουμένου
881 275 952 307 τινος

165 315 258 350 ἐτέρου
283 315 329 341 καὶ
345 315 555 351 προανίσχοντος
578 317 681 353 αὐτῆς·
711 320 798 352 ἄλλως
823 329 853 348 τε
871 323 893 348 εἰ
909 322 952 348 ὲνο

164 359 273 395 δέχεται
287 369 312 386 τι
324 361 511 396 προϋπάρχειν
526 363 576 397 τῆς
588 363 673 396 ὄντως
688 365 774 400 ἀρχῆς
785 386 793 397 ,
812 366 855 393 ἐπ’
875 367 952 394 ἄπει-

166 414 213 441 ρον
228 406 292 441 ἡμῖν
306 407 319 432 6
334 407 398 442 περὶ
408 407 493 444 αὐτῆς
507 409 645 444 οἰχήσεται
659 410 751 444 λόγος,
766 411 810 438 ἀεὶ
831 421 951 448 προανα-

164 451 311 493 τελλούσης
324 453 420 488 ἐτέρας
431 474 438 485 ,
463 454 511 481 καὶ
537 454 665 491 δευτέραν
685 455 889 493 ἀποφαινούσης
903 459 952 493 τὴν

164 498 208 532 ἐφ’
225 495 295 534 ᾗπερ
309 498 342 525 ἂν
360 499 376 534 ἡ
395 500 459 534 παρ’
479 498 557 534 ἡμῶν
577 500 683 534 γένοιτο
699 500 823 536 ζήτησις.
848 503 952 530 οὐκοῦν

166 544 238 579 ἀρχὴ
251 544 300 579 μὲν
313 545 402 580 ἀρχῆς
416 545 466 572 οὑκ
481 545 568 578 ἔσται,
583 546 654 573 κατὰ
676 547 722 574 τὸν
745 548 846 583 ἀκριϐῆ
863 557 892 575 τε
907 549 952 576 καὶ

165 589 254 624 ἀληθῆ
279 589 427 624 λογισμὸν,
461 590 519 617 ἀλλ’
540 592 579 622 εἰς
604 592 743 628 ἀμήρυτον
778 594 868 629 μέντοι
905 595 952 622 καὶ

165 635 357 670 ἀκατάληπτον
374 636 388 662 ὁ
407 637 470 672 περὶ
483 638 569 672 αὐτῆς
588 639 758 675 ἀποδημήσει
771 641 859 675 λόγος.
870 641 952 673 Τέλος

164 681 194 708 δὲ
209 682 259 708 οὐκ
275 683 390 718 ἐχούσης
403 684 452 718 τῆς
465 684 509 711 ἀεὶ
527 684 594 719 πρὸς
614 685 644 712 τὺ
660 686 756 713 ἀνόπιν
773 687 862 722 φυγῆς
873 706 881 719 ,
905 687 953 714 καὶ

164 727 196 753 τὺ
210 727 263 754 τῶν
283 727 387 755 αἰώνων
404 729 592 766 ἀναφοιτὼσης
612 731 711 766 μέτρον
722 752 730 765 ,
744 732 794 759 οὐκ
816 733 845 758 ἐν
865 732 953 768 χρόνῳ

165 772 285 807 γεγονὼς
308 774 322 800 6
339 773 422 806 Υἱὸς,
448 775 539 806 ἀϊδίως
561 775 589 802 δὲ
614 776 713 811 μᾶλλον
736 777 866 812 ὑπάρχων
884 778 954 812 μετὰ

166 818 274 854 nam
287 819 474 855 εὑρεθήσεται.
492 818 546 847 Ἦν
564 822 618 857 γὰρ
632 822 660 849 ἐν
683 822 765 858 ἀρχῇ.
782 823 813 849 Εἰ
829 823 857 849 δὲ
873 821 906 858 ἦν
925 824 953 850 έν

164 864 236 900 ἀρχῇ
248 884 256 896 ,
273 866 365 897 ποῖος,
381 866 442 892 εἰπέ
459 875 514 901 μοι,
529 867 672 902 δυνήσεται
691 868 751 900 νοῦς
773 868 822 904 τὴν
842 868 888 895 τοῦ
915 867 954 903 ἦν

1006 275 1174 311 intelligatur
1195 276 1348 308 oriaturve,
1375 283 1439 303 vere
1467 276 1635 311 principium
1659 284 1718 304 esse
1742 276 1791 304 de-

1005 321 1086 349 sinet.
1107 321 1227 356 Alioqui,
1244 321 1266 348 si
1281 321 1339 349 ﬁeri
1354 324 1445 356 potest
1461 326 1491 349 ut
1512 322 1615 357 aliquid
1638 327 1700 350 ante
1722 323 1789 350 illud

1005 367 1078 401 quod
1103 374 1168 394 vere
1194 366 1359 401 principium
1379 370 1422 394 est
1447 367 1572 401 exsistat,
1599 368 1627 395 in
1650 368 1789 396 inﬁnitum

1005 416 1101 440 nostra
1118 412 1152 440 de
1166 412 1212 439 illo
1229 412 1335 439 abitura
1347 415 1389 440 est
1403 412 1505 444 oratio,
1524 413 1579 440 alio
1589 413 1665 448 prius
1681 422 1791 449 semper

1005 458 1157 491 exoriente,
1166 463 1192 486 et
1204 462 1265 494 post
1277 466 1305 486 se
1314 457 1457 493 rejiciente
1466 458 1514 492 11
1525 458 1591 485 illud
1603 460 1674 493 quod
1683 468 1790 494 quaere-

1006 508 1062 531 tur.
1084 505 1178 539 ltaque
1198 505 1366 540 principium
1382 504 1492 539 quidem
1514 504 1641 540 principii
1658 513 1712 532 non
1726 506 1790 541 erit,

1005 550 1028 578 si
1044 557 1106 578 vere
1133 556 1161 578 et
1180 554 1276 578 exacte
1300 550 1459 578 ratiocinari
1482 550 1620 584 volumus,
1641 551 1687 578 sed
1708 551 1734 578 in
1750 552 1792 578 in-

1006 595 1112 622 ﬁnitum
1132 601 1160 623 et
1179 595 1456 630 incompreltensibile
1480 596 1612 630 procedet
1628 596 1654 623 id
1671 598 1742 632 quod
1759 597 1793 625 de

1006 641 1066 676 ipso
1092 641 1210 669 dicetur.
1227 642 1352 677 Cumque
1368 641 1421 669 ﬁne
1450 645 1543 669 careat
1562 642 1608 669 illa
1631 647 1706 670 retro
1730 647 1792 670 acta

1006 691 1138 720 perpetuo
1157 687 1311 721 conversio,
1322 691 1349 715 et
1363 687 1462 716 saecula
1475 693 1629 722 percurrat,
1644 696 1698 715 non
1718 688 1793 716 exsi-

1006 736 1080 759 stere
1097 732 1124 759 in
1147 736 1270 767 tempore
1283 732 1380 767 Filius,
1397 734 1445 762 sed
1463 734 1497 761 ab
1514 738 1617 761 aeterno
1629 734 1720 769 potius
1734 741 1794 761 esse

1007 786 1068 806 cum
1091 778 1172 806 Patre
1199 780 1395 814 comperietur.
1414 779 1478 807 Erat
1503 780 1575 807 enim
1599 781 1625 808 in
1646 781 1792 815 principio.

1006 822 1084 856 Quod
1099 823 1122 851 si
1142 828 1201 851 erat
1223 823 1250 851 in
1267 824 1415 859 principio,
1435 832 1496 859 qua!
1510 833 1596 858 meus,
1614 826 1721 857 amabo,
1742 834 1792 860 pu-

1007 868 1071 896 terit
1085 869 1139 896 vim
1163 869 1237 897 illius
1259 870 1353 903 verbi,
1375 875 1443 904 erat,
1467 871 1653 899 transvoiare?
1677 871 1794 905 Quando

165 909 400 946 ὑπερανίπτασθαι
413 911 540 947 δύναμιν;
556 913 624 940 Πότε
637 913 665 940 δὲ
679 914 746 945 ὅλως
761 914 792 940 τὸ
806 912 846 949 ἦν
862 914 899 946 ὡς
925 915 952 942 ὲν

1005 915 1122 950 denique
1142 915 1220 948 illud,
1242 920 1308 948 erat,
1327 916 1403 943 velut
1427 917 1454 944 in
1481 917 1534 944 ﬁne
1560 918 1704 951 consistet,
1729 926 1793 945 cum

164 955 236 982 τέλει
263 956 407 992 στήσεται,
431 959 634 994 προανατρέχον
663 960 706 986 ἀεὶ
735 959 781 986 τοῦ
810 959 954 992 διώκοντος

164 1001 317 1037 λογισμοῦ,
347 1004 394 1030 καὶ
417 1003 467 1039 τῆς
494 1005 630 1040 ἑπομένης
655 1005 730 1041 αύτῷ
756 1006 954 1041 προαναπηδῶν

164 1047 288 1083 ὲννοίαςς
313 1049 374 1076 Ἐπὶ
397 1050 484 1086 τούτῳ
509 1051 540 1087 δὴ
569 1052 624 1088 ἄρα
654 1052 916 1088 καταπεπληγμένος
941 1054 954 1079 6

165 1090 308 1130 προφήτης
326 1096 408 1130 φησὶν
438 1096 567 1129 Ἡσαΐας·
595 1108 604 1123 ε
622 1098 677 1134 Τὴν
701 1098 796 1132 γενεὰν
813 1098 895 1125 αὑτοῦ
913 1098 954 1130 τίς

164 1139 340 1176 διηγήσεται;
355 1143 396 1169 ὅτι
409 1142 515 1179 αἴρεται
529 1144 583 1170 ἀπὸ
598 1144 647 1179 τῆς
664 1145 715 1180 γῆς
727 1145 744 1179 ἡ
756 1144 812 1180 ζωὴ
826 1144 921 1171 αὐτοῦ.
941 1154 950 1169 ι

164 1183 276 1222 Αἵρεται
289 1187 344 1222 γὰρ
354 1187 438 1219 ὅντως
447 1189 501 1215 ἀπὸ
515 1189 564 1224 τῆς
575 1189 627 1224 γῆς
643 1189 656 1216 ὁ
667 1190 730 1225 περὶ
741 1190 791 1224 τῆς
802 1190 955 1224 γεννήσεως

165 1231 243 1266 λόγος
258 1232 305 1259 τοῦ
320 1234 488 1268 Μονογενοῦς
500 1255 507 1267 ,
523 1235 595 1262 τοῦτ’
606 1235 689 1268 ἐστιν,
705 1235 774 1271 ὑπὲρ
789 1236 879 1262 πᾶσάν
895 1236 954 1263 ἐστι

165 1276 285 1304 διάνοιαν
300 1278 354 1305 τῶν
377 1278 460 1306 ὄντων
486 1279 532 1305 ἐπὶ
551 1280 599 1315 τῆς
623 1280 692 1315 γῆς,
709 1280 756 1307 καὶ
779 1281 848 1316 ὑπὲρ
866 1281 955 1307 πάντα

165 1322 244 1358 λόγον
254 1344 262 1357 ,
279 1323 316 1356 ὠς
330 1321 399 1351 εἶναι
414 1325 506 1352 λοιπὸν
519 1325 683 1361 ἁνεξήγητον
693 1334 699 1341 ·
715 1327 740 1352 εἰ
760 1326 788 1352 δὲ
806 1327 876 1362 ὑπὲρ
892 1327 954 1354 νοῦν

166 1368 224 1396 ἐστι
246 1369 294 1396 καὶ
319 1370 414 1405 λόγους
428 1371 492 1403 τοὺς
508 1372 538 1398 ὲν
557 1373 634 1407 ἡμῖν,
653 1372 711 1404 πῶς
725 1372 758 1400 ἂν
774 1372 817 1407 εἴη
831 1372 953 1407 γενητὸς,

165 1415 215 1441 οὐκ
228 1415 375 1451 ἁτονούσης
387 1416 437 1452 τῆς
451 1417 563 1453 ἐνούσης
577 1419 643 1453 ἡμῖν
662 1418 792 1452 διανοίας,
809 1419 856 1445 καὶ
866 1419 955 1454 χρόνῳ

166 1461 213 1488 καὶ
225 1461 296 1497 λόγῳ
312 1462 478 1498 περιορίζειν
493 1463 529 1490 τὰ
542 1464 644 1500 γενητά
655 1473 662 1497 ;

171 1506 295 1541 Ἑτέρως
315 1509 358 1541 εἰς
376 1508 409 1535 τὸ
430 1509 504 1570 αὺτὲ
518 1509 691 1571 θίῗιέρητέον,
710 1520 719 1536 ‹
744 1511 796 1537 Ἐν
817 1510 897 1545 ἀρχῇ
915 1508 955 1546 ἦν

571 1553 632 1571 νος.
648 1555 657 1570 ι

571 1553 632 1579 γος.
648 1555 657 1570 ι

207 1588 307 1626 Ἀρχὴν
332 1589 399 1621 ὅλως
420 1590 468 1626 τὴν
486 1591 515 1617 ὲν
539 1591 628 1627 χρόνῳ
651 1591 799 1628 νοουμένην
821 1592 872 1619 οὐκ
897 1591 954 1619 ἔστι

165 1632 255 1661 λαϐεῖν
283 1633 330 1660 ἐπὶ
359 1634 405 1661 τοῦ
432 1635 611 1670 Μονογενοῦς.
637 1637 711 1663 Ἐπεὶ
740 1637 795 1672 γάρ
824 1638 881 1664 ἐστι
901 1637 954 1672 πρὸ

165 1679 261 1714 χρόνου
289 1680 408 1712 παντὸς,
431 1681 478 1707 καὶ
495 1681 657 1716 προαιώνιον
682 1682 737 1717 ἔχει
761 1682 809 1717 τὴν
827 1682 954 1717 ὓπαρξιν,

165 1725 204 1752 ἔτι
231 1734 261 1752 τε
277 1726 344 1762 πρὸς
358 1726 463 1758 τούτοις
481 1727 511 1754 τὸ
535 1728 698 1763 καταλήγειν
713 1729 752 1760 εἰς
768 1729 843 1760 τέλος
859 1730 876 1763 ἡ
894 1728 956 1755 Θεία

165 1772 337 1806 παραιτεῖται
354 1772 433 1806 φύσις
457 1772 523 1808 (ἕξει
538 1773 591 1808 γὰρ
608 1773 738 1805 ὡσαύτως
755 1774 799 1800 ἀεὶ
810 1794 816 1806 ,
833 1773 905 1800 κατὰ
924 1773 954 1800 τὸ

166 1818 194 1844 ἑν
208 1817 333 1853 Ψαλμοῖς
352 1817 564 1854 μελῳδούμενον,
583 1829 591 1845 ι
606 1819 642 1847 Σὺ
659 1819 687 1846 δὲ
707 1820 721 1846 ό
743 1819 824 1851 αὐτὸς
848 1818 882 1852 εἴ,
908 1820 954 1846 καὶ

165 1862 198 1889 τὰ
211 1862 258 1898 ἐτη
275 1871 322 1889 σου
334 1863 385 1890 οὐκ
399 1864 568 1899 ἐκλείψουσιν
580 1864 614 1900 ι)·
628 1865 686 1901 ἀπὸ,
694 1866 773 1897 ποίας
788 1866 854 1901 ἡμῖν
867 1866 954 1901 ἀρχῆς

164 1908 213 1943 τῆς
227 1910 256 1935 ἐν
269 1909 357 1944 χρόνῳ
374 1911 421 1937 καὶ
434 1910 509 1946 ποσῷ
524 1911 713 1947 μετρουμένης
727 1913 740 1938 6
753 1912 816 1943 Υἱὸς
833 1912 950 1947 ἐκϐήσε-

164 1964 208 1982 ται
221 1975 229 1987 ,
245 1956 352 1991 τρέχειν
367 1957 407 1988 εἰς
421 1956 496 1988 τέλος
517 1957 567 1983 οὐκ
593 1957 756 1992 ἀνεχόμενος
769 1977 776 1989 ,
795 1956 842 1983 ἆτε
858 1957 891 1992 δὴ
906 1957 954 1984 καὶ

165 2001 234 2028 κατὰ
261 2002 342 2036 φύσιν
372 2002 502 2038 ὑπάρχων
518 2002 583 2033 Θεὸς
596 2024 603 2036 ,
630 2003 678 2030 καὶ
706 2003 749 2030 διὰ
765 2003 844 2030 τοῦτο
862 2003 930 2038 βοῶν
944 2011 950 2018 ·

167 2057 176 2073 ι
195 2048 264 2082 Ἐγώ
279 2049 338 2083 εἰμι
353 2049 370 2084 ὴ
392 2048 447 2083 ζωή
463 2057 492 2081 ;ι
518 2048 600 2085 Ἀρχὴ
616 2048 671 2084 γὰρ
692 2048 761 2085 αὐτὴ
777 2048 838 2076 καθ’
853 2048 952 2084 ἑαυτὴν

164 2093 213 2120 οὐκ
223 2094 255 2120 ἄν
267 2094 336 2126 ὅλως
347 2094 479 2130 ὑπάρχειν
490 2095 574 2121 νοοῖτό
590 2103 666 2128 ποτε,
683 2094 719 2130 μὴ
731 2094 799 2130 πρὸς
811 2094 841 2121 τὸ
854 2095 952 2121 οἰκεῖον

165 2140 300 2175 βλέπουσα
315 2140 392 2172 τέλος
404 2149 410 2155 ·
430 2141 545 2176 ἐπείπερ
561 2141 598 2173 ὡς
616 2141 683 2176 πρὸς
705 2141 781 2173 τέλος
804 2141 854 2176 μὲν
869 2142 951 2177 ἀρχὴ,

163 2186 238 2218 τέλος
252 2186 274 2212 δ’
289 2184 324 2213 αὖ
352 2186 432 2213 πάλιν
454 2186 491 2218 ὡς
508 2187 575 2222 πρὸς
590 2187 676 2222 ἀρχὴν
692 2186 865 2222 ὀνομάζεται.
888 2188 952 2223 ’Δρ-

164 2230 213 2266 χὴν
228 2230 256 2257 δὲ
273 2231 353 2257 πάλιν
371 2232 400 2257 ὲν
414 2231 519 2262 τούτοις
537 2231 585 2266 τὴν
600 2231 670 2257 κατὰ
691 2232 806 2267 χρόνον,
821 2232 880 2267 ἢτοι
905 2241 952 2258 πο-

165 2277 273 2313 σὸτητα,
286 2278 466 2313 σημαίνομεν.
487 2277 590 2304 Οὐκοῦν
614 2277 762 2314 ἐπειδήπερ
786 2278 834 2305 καὶ
862 2279 951 2305 αὐτῶν

165 2323 220 2349 ἐστι
237 2323 293 2350 τῶν
321 2324 426 2350 αἰώνων
454 2323 639 2359 πρεσϐύτερος
667 2325 680 2350 6
703 2324 781 2357 Υἱὸς,
797 2324 827 2351 τὸ
855 2325 903 2360 μὲν
923 2325 952 2351 ἐν

164 2368 250 2404 γοόνῳ
264 2369 427 2405 γεγενῆσθαι
440 2369 630 2404 διαφεύξεται·
642 2367 676 2405 ἦν
690 2370 719 2397 δὲ
733 2371 779 2397 καὶ
792 2370 835 2397 διὰ
851 2371 952 2402 παντὸς

163 2414 199 2446 ὡς
213 2415 241 2441 ἐν
257 2416 332 2450 πηγῇ
347 2415 386 2450 τῷ
401 2416 498 2450 Πατρὶ,
517 2416 586 2442 κατὰ
602 2416 631 2442 τὸ
643 2417 707 2451 παρ’
722 2415 805 2442 αὑτοῦ
821 2416 952 2451 λελεγμέ-

163 2466 216 2485 νον·
233 2469 242 2485 ι
259 2460 329 2499 ᾙγὼ
343 2461 374 2487 ἐκ
387 2461 434 2487 τοῦ
450 2461 556 2496 Πατρδς
571 2461 691 2496 ἐξῆλθον,
704 2462 749 2488 καὶ
760 2462 845 2496 ἥκω.»
858 2462 952 2497 Πηγῆς

163 2507 306 2540 τοιγαροῦν
317 2506 462 2541 νοουμένου
476 2507 522 2533 τοῦ
533 2507 652 2543 Πατρὸς,
664 2505 697 2542 ἦν
710 2508 723 2534 ὀ
733 2507 818 2541 Λόγος
832 2508 861 2534 ἐν
876 2507 950 2542 αύτῷ

164 2552 254 2585 σοφία,
268 2552 314 2578 καὶ
329 2552 442 2587 δύναμις
453 2572 460 2583 .
476 2553 522 2579 καὶ
538 2553 679 2589 χαρακτὴρ
689 2573 696 2584 ,
709 2554 755 2580 καὶ
770 2553 949 2588 ἀπαύγασμα,

164 2598 209 2624 καὶ
225 2598 307 2624 εἰκὼν
322 2598 452 2634 ὑπάρχων
468 2599 560 2625 αὐτοῦ.
573 2599 628 2625 Καὶ
652 2600 675 2625 εἰ
692 2599 786 2634 χρόνος
801 2596 835 2634 ἦν
852 2599 949 2630 οὐδεὶς,

163 2644 204 2670 ὅτε
218 2644 304 2678 Λόγου
319 2645 404 2680 χωρὶς
415 2664 421 2676 ,
437 2646 483 2671 καί
506 2645 600 2679 sopiat;
611 2666 618 2676 ,
632 2646 678 2671 καὶ
695 2646 868 2680 χαρακτῆρος
880 2665 887 2676 ,
904 2645 951 2671 καὶ

163 2690 377 2725 ἀπαυγὰσματος
403 2688 436 2725 ἦν
464 2691 478 2716 ὁ
496 2691 603 2726 Πατήρ·
632 2691 737 2726 ἀνάγκη
759 2691 949 2726 συνομολογεῖν

163 2735 244 2761 (ii/32w
261 2735 395 2771 ὑπάρχειν
414 2736 458 2763 τὸν
479 2736 543 2763 Υἰὺν
555 2758 562 2769 ,
587 2737 615 2767 ὃς
637 2737 723 2763 ταυτά.
740 2738 797 2763 ἐστι
814 2737 853 2772 τῷ
873 2737 950 2772 ἀϊδίῳ

165 2781 260 2816 "arpi.
277 2781 340 2813 Πῶς
354 2782 407 2817 γὰρ
424 2782 491 2813 ὅλως
507 2783 565 2808 ἐστὶ
581 2784 734 2819 χαρακτὴρ,
752 2784 810 2815 πῶς
827 2784 855 2810 δὲ
869 2783 949 2809 εἰκὼν

162 2818 297 2861 ἁέριϐὴς,
316 2827 340 2853 εἰ
366 2827 403 2862 μὴ
425 2828 491 2862 πρὸς
514 2829 601 2854 ἐκεῖνο
622 2818 837 2865 μεμορρωμένος
854 2831 948 2865 δρᾶται

199 2880 223 2905 ἓ⁵
243 2881 294 2915 lsa.
318 2890 378 2915 Lm,
396 2883 421 2910 8.
461 2884 483 2899 ’⁵
507 2883 576 2911 i‘sal.
598 2893 633 2916 III,
655 2885 700 2912 “28.
741 2886 761 2901 ²⁷
777 2885 922 2917 δυοπιλιν,
939 2886 964 2912 6.

1005 965 1217 997 prosequentem
1247 962 1442 997 cogitationem
1480 970 1588 997 semper
1620 963 1762 994 antecedat
1781 982 1790 995 ,

1005 1011 1179 1041 mentemque
1200 1008 1373 1042 praecurrat?
1396 1007 1482 1041 Quam
1509 1009 1546 1036 ob
1571 1015 1629 1036 rem
1661 1009 1794 1036 attonitus

1006 1053 1141 1087 propheta
1159 1052 1244 1080 Isaias
1265 1052 1354 1088 inquit
1374 1062 1381 1080 :
1400 1062 1408 1078 ι
1428 1053 1639 1081 Generationem
1656 1054 1716 1088 ejus
1731 1054 1795 1088 quis

1005 1098 1166 1125 euarrabit?
1177 1098 1245 1131 Quia
1260 1098 1368 1126 tollitur
1381 1106 1396 1125 a
1412 1102 1484 1126 terra
1502 1101 1557 1126 vita
1573 1100 1634 1133 ejus
1647 1099 1682 1126 “.
1701 1109 1710 1125 ι
1730 1099 1794 1126 Tol-

1006 1142 1071 1169 litur
1089 1143 1162 1170 enim
1179 1142 1303 1177 profecto
1319 1150 1334 1169 a
1353 1147 1427 1170 terra
1446 1143 1633 1178 generationis
1653 1143 1793 1179 Unigeniti

1006 1188 1088 1221 ratio,
1105 1187 1155 1214 hoc
1169 1191 1222 1219 est,
1244 1189 1367 1215 omnium
1389 1189 1546 1216 mortalium
1569 1193 1686 1217 mentem
1713 1197 1794 1218 exce-

1005 1233 1056 1265 dit,
1071 1240 1237 1268 omnemque
1254 1234 1390 1261 rationem
1405 1239 1526 1268 superat,
1540 1234 1608 1262 adeo
1624 1239 1653 1261 ut
1668 1235 1794 1262 enarrari

1005 1282 1134 1314 nequeat.
1154 1279 1232 1312 Quod
1259 1279 1282 1307 si
1303 1283 1421 1306 mentem
1453 1284 1480 1306 et
1507 1280 1641 1307 rationem
1669 1284 1792 1307 nostram

1005 1325 1124 1358 excedit,
1145 1325 1285 1360 quomodo
1300 1329 1410 1354 creatus
1424 1326 1486 1359 erit,
1501 1333 1562 1353 eum
1584 1331 1612 1354 et
1629 1331 1750 1361 tempore
1766 1329 1795 1354 et

1006 1372 1113 1399 ratione
1131 1371 1361 1399 circumscribere
1381 1379 1428 1400 res
1451 1376 1559 1400 creatas
1580 1372 1683 1407 ingenii
1705 1372 1794 1400 nostri

1006 1417 1079 1445 vires
1096 1424 1151 1444 non
1169 1417 1305 1444 excedat?
1650 1440 1692 1457 Μ,

1669 1454 1724 1472 ε.

1102 1506 1164 1534 Alia
1180 1506 1337 1538 observatio,
1352 1507 1379 1533 in
1394 1506 1473 1539 illud,
1495 1515 1504 1532 ι
1522 1505 1556 1533 1η
1570 1506 1701 1541 principio

1287 1546 1345 1569 erat
1361 1542 1481 1569 Verbum.
1504 1551 1513 1566 ι
1547 1556 1550 1558 -

968 1577 989 1605 C
1043 1587 1210 1622 Principium
1239 1587 1333 1623 utique
1354 1587 1420 1614 illud
1435 1587 1509 1623 quod
1527 1587 1555 1614 in
1574 1590 1699 1622 tempore
1716 1586 1797 1615 intel-

1006 1634 1101 1669 ligitur
1120 1634 1277 1662 nullatenus
1292 1640 1391 1668 capere
1407 1633 1527 1663 licctde
1548 1632 1708 1668 Unigenito.
1727 1633 1795 1660 Nam

1005 1688 1067 1707 cum
1099 1680 1134 1707 sit
1162 1683 1226 1707 ante
1249 1687 1331 1707 omne
1355 1683 1463 1714 tempus
1489 1682 1517 1706 et
1543 1679 1651 1707 sazculis
1676 1679 1796 1714 priorem

1005 1727 1196 1754 exsistentiam
1224 1726 1334 1759 habeat,
1351 1734 1383 1753 ac
1402 1730 1533 1760 praeterea
1560 1725 1642 1753 ﬁnem
1660 1726 1796 1761 attingere

1005 1778 1105 1800 natura
1120 1772 1212 1800 divina
1227 1771 1335 1799 nesciat
1353 1772 1459 1807 (eodem
1481 1772 1553 1800 enim
1569 1772 1649 1799 modo
1672 1779 1701 1800 se
1721 1780 1796 1800 sem-

1004 1827 1052 1854 per
1069 1818 1189 1853 habebit,
1209 1818 1289 1854 juxta
1310 1818 1377 1846 illud
1400 1818 1574 1846 Psalmistac:
1602 1827 1611 1843 ι
1639 1818 1679 1845 Tu
1704 1822 1795 1845 autem

1003 1865 1074 1893 idem
1091 1865 1149 1900 ipse
1162 1872 1202 1896 es,
1221 1869 1248 1892 et
1263 1864 1326 1891 anni
1345 1864 1384 1891 tui
1403 1872 1458 1891 non
1481 1863 1611 1891 deﬁcient
1627 1864 1650 1879 ’θ
1667 1864 1701 1899 ι),
1726 1872 1796 1898 quo-

1003 1919 1067 1938 nam
1102 1918 1117 1937 a
1153 1911 1290 1946 principio
1324 1914 1447 1944 tempore
1477 1913 1504 1937 et
1541 1909 1694 1944 quantitate
1726 1909 1810 1937 deﬁ-,

1004 1957 1062 1984 nilo
1087 1955 1173 1984 Filius
1197 1955 1337 1991 prodibit,
1367 1955 1414 1990 qui
1441 1954 1475 1981 ad
1500 1954 1580 1982 linem
1609 1955 1720 1982 tendere
1747 1963 1796 1983 ne-

1004 2002 1066 2034 scit,
1085 2005 1179 2036 utpote
1192 2001 1346 2028 secundum
1365 2004 1492 2027 naturam
1510 2000 1647 2030 exsistens
1662 2001 1743 2033 Deus,
1762 2009 1794 2029 ac

1003 2050 1149 2081 propterea
1179 2046 1318 2073 clamans:
1340 2054 1349 2070 ‹
1369 2044 1426 2080 Ego
1447 2044 1508 2072 sum
1524 2046 1580 2072 vita
1594 2046 1638 2072 ’7?
1659 2056 1668 2072 ι
1684 2046 1794 2073 Princi-

1004 2092 1077 2126 pium
1095 2091 1168 2118 enim
1185 2091 1213 2117 in
1230 2098 1261 2118 se
1278 2090 1438 2126 neutiquam
1460 2090 1630 2125 intelligetur
1647 2099 1717 2124 esse,
1744 2099 1794 2118 nec

1004 2137 1037 2164 ad
1052 2136 1135 2164 ﬁnem
1152 2143 1231 2164 suum
1246 2136 1394 2172 respicere,
1408 2143 1470 2163 cum
1487 2136 1652 2171 principium
1667 2142 1792 2172 respectu

1003 2183 1038 2210 ad
1054 2183 1146 2214 linem,
1162 2189 1261 2210 rursus
1284 2185 1375 2209 autem
1394 2181 1457 2209 ﬁnis
1475 2188 1604 2217 respectu
1631 2184 1663 2210 ad
1690 2184 1795 2217 princi-

1003 2229 1078 2264 pium
1094 2232 1280 2264 nuncupetur.
1293 2227 1463 2263 Principium
1474 2236 1540 2256 vero
1553 2229 1597 2256 hic
1614 2236 1712 2257 rursus
1725 2234 1796 2257 tem"

1003 2278 1089 2312 poris,
1109 2278 1168 2305 sive
1192 2276 1373 2312 quantitatem
1400 2276 1599 2312 signiﬁcamus.
1626 2276 1693 2303 Cum
1712 2278 1795 2312 igitur

1001 2322 1069 2358 ipsis
1083 2322 1165 2349 etiam
1187 2321 1295 2349 saeculis
1310 2321 1450 2355 antiquior
1464 2321 1500 2348 sit
1514 2320 1610 2352 Filius,
1627 2321 1654 2348 in
1670 2327 1794 2356 tempore

1002 2369 1112 2404 genitus
1126 2375 1186 2396 esse
1202 2375 1256 2395 non
1270 2367 1382 2404 poterit,
1400 2367 1446 2395 sed
1467 2372 1526 2395 erat
1544 2375 1654 2403 semper
1667 2369 1694 2395 in
1710 2367 1793 2396 Patre

1001 2416 1076 2443 velut
1093 2415 1119 2441 in
1137 2415 1222 2447 tante,
1237 2414 1317 2442 sicuti
1334 2414 1368 2441 ab
1383 2414 1443 2448 ipso
1461 2414 1563 2441 dictum
1580 2418 1638 2441 est:
1657 2423 1666 2440 ι
1686 2415 1742 2450 Ego
1759 2423 1792 2443 ex

1003 2462 1083 2489 Patre
1099 2461 1170 2489 exivi
1186 2465 1213 2488 et
1230 2460 1292 2487 veni
1309 2459 1341 2486 ’³.
1361 2470 1369 2484 ι
1399 2459 1467 2487 Cum
1483 2467 1547 2496 ergo
1564 2459 1646 2487 Pater
1665 2460 1727 2488 fons
1748 2462 1791 2488 in-

1005 2507 1154 2543 telligatur,
1170 2509 1229 2532 erat
1245 2505 1364 2532 Verbum
1387 2504 1414 2531 in
1431 2504 1503 2539 ipse,
1522 2504 1668 2539 sapientia,
1693 2509 1720 2533 et
1736 2507 1792 2533 vir-

1004 2557 1061 2583 tus.
1081 2556 1108 2579 et
1129 2551 1284 2583 character,
1300 2555 1326 2577 et
1342 2550 1483 2585 splendor,
1502 2554 1528 2577 et
1550 2551 1640 2585 imago
1661 2551 1721 2586 ejus
1745 2551 1794 2579 ex:

1004 2600 1115 2627 sistens.
1132 2598 1184 2632 12
1202 2597 1234 2623 Et
1250 2597 1273 2624 si
1289 2601 1396 2631 tempus
1411 2596 1515 2623 nullum
1531 2602 1590 2624 erat
1604 2598 1713 2632 quando
1730 2599 1792 2627 abs-

1003 2652 1057 2680 que
1081 2643 1182 2675 Verbo,
1202 2648 1229 2671 et
1253 2643 1398 2677 sapientia,
1413 2646 1440 2669 et
1456 2642 1627 2676 charactere,
1648 2647 1674 2670 et
1699 2644 1791 2679 splen-

1004 2691 1071 2717 dore
1092 2694 1150 2717 erat
1166 2688 1257 2719 Pater,
1274 2688 1354 2715 simul
1369 2687 1449 2714 etiam
1466 2687 1546 2715 fateri
1564 2696 1677 2715 necesse
1698 2695 1741 2716 est
1756 2698 1790 2716 a2-

1002 2741 1110 2764 teruum
1138 2743 1199 2763 esse
1219 2734 1335 2767 Filium,
1356 2734 1403 2769 qui
1429 2734 1524 2761 eadem
1544 2738 1586 2762 est
1609 2742 1669 2761 eum
1688 2739 1790 2763 aeterno

1004 2783 1094 2810 Patre.
1119 2781 1262 2816 Quomodo
1285 2780 1371 2813 enim,
1390 2780 1498 2812 amabo,
1516 2780 1660 2807 character
1673 2784 1725 2811 est,
1743 2785 1790 2808 aut

1004 2829 1140 2864 quomodo
1155 2833 1248 2855 exacta
1268 2827 1366 2861 imago.
1386 2827 1438 2854 nisi
1463 2826 1495 2854 ad
1512 2827 1586 2853 illam
1605 2826 1788 2861 pulchritudi-

1005 2887 1028 2901 ”
1041 2885 1120 2913 Joan.
1135 2893 1190 2918 xrt,
1207 2885 1251 2912 28.
