2030 3122
135 183 170 211 9.9
655 179 689 207 IN
706 179 850 208 JOANNIS
862 179 1085 208 EVANGELIUM
1109 178 1172 207 LIB.
1188 179 1208 206 l.
1721 180 1756 209 50

134 239 185 271 ἔξω
199 238 307 265 πάντων
319 237 348 264 ἐν
365 235 433 272 αὐτῇ
447 235 578 271 φυσικῶς,
600 235 636 268 ὡς
654 237 757 273 καρπὸς
773 237 918 269 συναῖδιος,

973 240 1047 263 extra
1062 236 1153 263 omnia
1170 238 1196 263 in
1212 235 1272 270 ipso
1288 236 1462 269 naturaliter,
1485 242 1536 263 ceu
1560 235 1666 264 fructus
1682 243 1754 264 eoa:-

133 284 215 311 τόπον
227 283 321 318 ὥσπερ
331 282 400 318 ἔχων
412 282 465 308 τῶν
487 282 614 309 ἁπάντων
626 281 800 318 ἀρχαιότερον
814 283 862 316 τὴν
874 281 920 308 τοῦ

134 330 315 365 γεννήσαντος
329 329 419 364 φύσιν.
435 329 480 356 Διδ
501 329 534 364 δὴ
557 328 603 356 καὶ
622 328 764 364 ἐλεύθερος
777 329 920 364 ἐλευθέρου

134 377 241 411 Πατρὸς
253 375 392 410 πεφυκὼς,
406 375 455 411 τὴν
472 374 542 402 κατὰ
563 374 671 401 πάντων
685 374 772 410 ἀρχὴν
789 375 836 401 σὺν
848 374 922 410 αὐτῷ

134 423 310 457 κεκτήσεται.
338 422 386 453 Τίς
411 419 457 448 οὖν
481 421 536 456 ἄρα
562 420 609 448 καὶ
625 419 673 446 νῦν
695 421 709 447 ὁ
723 420 772 454 τῆς
788 420 816 446 ὲν
833 419 922 456 τούτῳ

134 468 308 502 κατασκευῆς
321 468 463 502 γενήσεται
478 467 566 501 λόγος.
576 466 721 494 ἀκόλουθον
734 466 858 492 συνιδεῖν.
868 466 921 492 Ῥι-

133 512 301 548 ιζιοκινδύνως
316 512 397 546 τινὲς,
416 512 542 547 καθάπερ
554 511 658 546 ἔφημεν
673 513 702 537 ἐν
715 513 771 543 τοῖς
781 511 920 546 ἀνωτέρω,

133 559 179 586 τὸν
191 558 238 585 τοῦ
253 558 320 585 Θεοῦ
348 558 433 591 Λόγον
454 557 515 585 τότε
527 557 558 592 δὴ
571 557 677 592 πρῶτον
697 557 735 589 εἰς
745 556 776 583 τὸ
790 554 858 583 εἶναι
875 565 922 583 κε-

135 604 249 640 κλῆσθαι
266 603 469 639 διισχυρίζοντο,
482 603 526 629 ὅτε
542 603 587 630 τὸν
605 603 639 630 ὲκ
655 603 705 637 τῆς
721 602 801 636 ἁγίας
815 602 920 637 Παρθέ-

133 659 180 677 νου
207 649 270 676 ναὸν
294 648 394 681 λαϐὼν,
411 648 553 684 ἄνθρωπος
567 648 663 682 γέγονε
683 648 715 674 δι’
727 648 801 682 ἡμᾶς
816 647 860 674 Τ.ί
875 644 920 673 οὖν

133 695 224 730 ἂνεῖη
250 694 351 726 λοιπὸν,
371 694 450 729 εἴπερ
477 692 625 730 ᾖγενητὺς
652 693 699 719 καὶ
726 692 918 728 πεποιημένος,

133 742 250 773 καὶτοῖς
262 741 352 772 ἄλλοις
367 740 467 766 ἅπασιν
488 738 620 774 ὁμοφυὴς,
637 736 676 770 οἷς
692 738 721 770 ἐξ
737 738 786 764 οὐκ
805 737 888 764 ὄντων
903 737 919 772 ἡ

133 788 250 821 γένεσις,
266 787 312 813 καὶ
331 786 360 813 τὸ
374 786 423 821 τῆς
437 785 558 817 δουλείας
575 783 661 819 ὄνομά
683 792 713 810 τε
738 784 785 810 καὶ
802 784 919 818 πρᾶγμα

132 833 246 864 δικαίως
259 831 471 867 ὲπαληθεύεταις
487 830 520 857 Τί
532 829 586 865 γὰρ
601 829 654 856 τῶν
667 829 857 865 πεποιημένων
871 828 920 864 τὴν

133 879 185 906 ὑπο
197 879 236 914 τῷ
254 879 361 906 πάντων
387 876 533 912 κρατοῦντι
553 875 611 910 Θεῷ
627 875 750 902 δουλείαν
773 874 920 905 ἀκινδύνως

133 924 333 959 παραιτήσεται
346 931 353 956 ;
383 921 409 948 τί
425 921 452 948 δὲ
465 921 514 956 οὐχ
526 920 660 955 ὑποκύψει
679 921 712 955 τῇ
726 920 797 946 κατά
814 919 920 946 πάντων

132 972 204 1006 ἀρχῇ
219 979 248 996 τε
277 969 324 996 καὶ
350 968 471 1003 ἐξουσίᾳ,
495 967 542 994 καὶ
557 966 707 1003 κυριότητι,
728 966 760 1000 ἢν
774 965 821 992 καὶ
841 965 920 997 αὑτός

131 1025 183 1042 που
200 1014 328 1050 σημαίνει
341 1013 428 1047 λέγων
439 1014 452 1040 ὁ
468 1012 609 1048 Σολομὼν·
629 1021 638 1037 ι
656 1011 733 1038 Μετά
749 1011 802 1046 γὰρ
821 1011 922 1038 δικαιο-

133 1063 216 1095 σύνης
248 1059 421 1095 ὲτοιμάζεται
446 1058 539 1094 Θρόνος
563 1058 670 1094 ἁρχῆς;
689 1066 698 1083 ›
714 1057 842 1091 ’Ἑτοιμος
867 1055 922 1092 γὰρ

133 1108 180 1135 καὶ
194 1108 262 1134 πολὺ
275 1107 334 1133 λίαν
353 1105 493 1141 εὐπρεπὴς
507 1105 547 1136 εἰς
561 1103 755 1139 δικαιοσύνηνὸ
770 1103 819 1138 τῆς
836 1103 922 1138 ἀρχῆς

132 1154 237 1190 θρόνος,
249 1154 298 1188 τῆς
313 1153 360 1179 ἐπὶ
373 1151 475 1183 πάντας
490 1150 600 1185 δηλαδή.
612 1150 668 1178 Καὶ
682 1149 744 1181 τίςὰ
756 1149 849 1184 θρόνος
861 1148 923 1184 περὶ

133 1193 163 1224 οὗ
183 1198 231 1224 νῦν
245 1198 259 1224 ὁ
273 1197 361 1231 λόγος,
377 1195 459 1223 ἄκουε
474 1195 600 1228 λέγοντος
614 1195 661 1221 τοῦ
678 1194 744 1221 Θεοῦ
754 1195 787 1221 δι’
799 1194 856 1225 ἑνὸς
870 1193 922 1219 τῶν

134 1244 230 1278 ἁγίωψ
250 1252 258 1268 ι
282 1243 311 1269 Ὀ
340 1241 454 1277 οὐρανός
485 1250 528 1276 μοι
544 1240 647 1277 Θρόνος.
667 1250 676 1267 ›
692 1240 796 1267 Οὐκοῦν
815 1239 923 1274 ἕτοιμος

133 1289 172 1321 είς
186 1288 357 1323 δικαιοσύνην
373 1288 386 1313 ὁ
400 1286 522 1323 οὐρανὸς,
534 1286 606 1313 τοῦτ’
621 1286 689 1319 ἔστι,
706 1286 740 1313 τὰ
760 1287 855 1317 ἐντοῖς
876 1284 923 1311 οὐ-

134 1336 224 1371 ρανοῖς
241 1335 306 1369 ἆγια
334 1334 485 1369 πνεύματα..
514 1333 622 1369 Ἐπειδὴ
651 1332 740 1359 τοίνυν
762 1329 795 1367 ἦν
817 1331 923 1367 ἀνάγκη

134 1381 334 1416 συνομολογεῖν,
349 1380 417 1415 μετὰ
429 1379 482 1406 τῶν
496 1379 582 1407 ἄλλων
596 1379 756 1415 ποιημάτων
764 1378 923 1405 ὑποκεῖσθαι

133 1427 170 1462 τῷ
181 1427 240 1462 Θεῷ
257 1427 303 1453 καὶ
329 1426 416 1462 Πατρὶ
435 1425 479 1452 τὸν
507 1425 582 1457 Υίδν,
612 1425 650 1457 ὡς
674 1425 809 1460 οἰκετικὴν
829 1423 924 1459 ἔχοντα.

132 1474 219 1507 τάξιν⁹
249 1474 296 1500 καὶ
319 1473 371 1500 ὑπὸ
396 1472 445 1508 τὴν
469 1472 519 1507 τῆς
554 1471 640 1507 ἀρχῆς
669 1471 791 1503 ἐξουσίαν
824 1470 924 1505 ὁμοίως

133 1521 266 1547 πίπτοντα
281 1520 336 1551 τοῖς
353 1519 453 1550 ἄλλοις,
481 1519 559 1553 εἴπερ
580 1517 639 1544 ἐστὶ
655 1517 715 1543 κατ’
730 1517 850 1548 ἐκείνους
863 1516 923 1550 ὀψι-

972 287 1085 314 ternus,
1103 283 1210 313 locum,
1232 285 1262 308 ut
1293 281 1329 308 ita
1360 281 1465 315 dicam,
1495 281 1599 310 habens
1627 282 1756 309 omnibus

972 327 1168 362 antiquiorem,
1198 326 1288 353 Patris
1318 325 1447 353 nimirum
1481 330 1617 354 naturam.
1651 326 1756 354 Idcirco

970 373 1052 400 etiam
1075 373 1144 400 liber
1168 373 1253 400 libero
1268 371 1350 399 Patre
1365 372 1491 407 genitus,
1517 372 1639 400 universi
1668 373 1755 406 impe-

971 418 1041 445 rimn
1060 425 1113 444 una
1133 425 1194 445 cum
1214 417 1274 452 ipso
1292 417 1383 445 habet.
1404 416 1532 449 Quaenam
1544 424 1608 451 ergo
1623 417 1659 444 sit
1677 416 1755 443 dein-

971 471 1035 498 ceps
1058 463 1153 491 horum
1181 463 1326 490 verborum
1344 466 1501 494 structura,
1519 469 1608 496 operae
1632 462 1750 496 pretium

971 511 1013 536 est
1034 508 1262 536 animadvertere.
1290 507 1421 535 Nonnulli
1445 507 1593 539 audacter,
1621 510 1650 533 ut
1675 512 1754 535 antea

970 553 1100 585 diximus,
1116 553 1163 581 Dei
1176 553 1296 581 Verbum
1312 558 1368 580 tum
1386 553 1506 588 primum
1525 552 1552 579 in
1567 560 1658 579 rerum
1673 556 1756 579 natu-

969 607 1029 627 ram
1054 599 1158 626 editum
1182 599 1361 630 asserebant,
1392 605 1454 625 cum
1481 601 1625 632 assumpto
1655 600 1757 624 sanctae

970 645 1091 681 Virginis
1108 645 1211 680 templo
1225 649 1337 679 propter
1353 651 1403 671 nos
1419 643 1509 670 factus
1521 647 1563 670 est
1579 642 1670 670 homo.
1686 642 1755 674 Quid

969 697 1034 725 ergo
1056 690 1165 716 demum
1191 688 1261 720 erit,
1281 689 1305 715 si
1330 691 1377 714 aut
1397 691 1507 714 creatus
1528 690 1575 714 aut
1599 685 1704 717 iactus,
1731 689 1757 712 rt

970 735 1093 770 ejusdem
1113 740 1176 761 cum
1191 733 1253 760 aliis
1273 732 1403 760 omnibus
1422 735 1535 764 natur-te,
1553 731 1587 758 de
1606 730 1706 765 quibus
1730 734 1757 757 et

969 788 984 807 e
1004 779 1092 806 nihilo
1115 779 1235 810 creatio,
1256 783 1283 806 et
1308 777 1449 805 servitutis
1469 784 1569 803 nomen
1587 779 1614 803 et
1638 783 1682 802 res
1698 774 1757 809 ipsa

968 826 1030 861 jure
1049 823 1199 852 dicuntur?
1221 823 1292 856 Quid
1314 823 1386 850 enim
1411 825 1533 849 creatum
1558 819 1758 854 cunctipotenli

971 871 1026 899 Deo
1041 870 1146 898 servire
1159 869 1272 904 impune
1291 867 1474 897 detrectabit?
1490 867 1560 900 Quid
1576 871 1665 894 autem
1680 873 1757 899 leun-

971 917 1114 952 etipotenti
1135 915 1280 951 principio,
1298 913 1437 949 potestati,
1457 916 1484 941 et
1503 912 1686 940 dominationi
1702 918 1759 938 non

972 963 1142 998 subjacebit,
1170 969 1252 997 quam
1271 961 1330 996 ipse
1358 959 1459 988 alicubi
1484 965 1596 994 quoque
1620 956 1759 992 signiﬁcat

973 1009 1102 1037 Salomon
1119 1009 1214 1037 dicens
1231 1017 1238 1035 :
1259 1016 1269 1033 ‹
1290 1007 1357 1035 Cum
1370 1005 1480 1042 justitia
1494 1005 1568 1032 enim
1585 1005 1758 1038 praeparatur

973 1054 1071 1082 solium
1091 1054 1236 1090 potestatis
1252 1053 1285 1079 ³¹.
1305 1062 1315 1079 ι
1333 1052 1450 1078 Paratus
1466 1050 1539 1078 enim
1563 1052 1606 1077 est
1627 1047 1759 1083 praeclare

972 1101 1005 1128 ad
1018 1100 1154 1135 justitiam
1167 1099 1212 1127 ille
1231 1099 1348 1126 thronus
1367 1097 1427 1132 ejus
1443 1096 1574 1123 nimirum
1589 1096 1661 1129 qum;
1674 1099 1760 1128 supra

973 1153 1067 1172 omnes
1086 1149 1126 1172 est
1146 1144 1302 1180 potestatis.
1329 1144 1364 1170 Et
1378 1143 1441 1178 quis
1465 1142 1510 1169 ille
1529 1141 1646 1168 thronus
1663 1139 1710 1172 sit,
1725 1138 1760 1166 do

973 1199 1027 1226 quo
1041 1191 1087 1218 hic
1102 1191 1253 1226 loquimur,
1267 1189 1331 1217 audi
1344 1189 1429 1216 Deum
1442 1195 1492 1223 per
1501 1194 1587 1214 unum
1600 1189 1759 1214 sanctorum

973 1237 1108 1264 dicentem
1133 1246 1140 1264 :
1170 1235 1300 1263 «Caelum
1324 1234 1391 1261 mihi
1414 1233 1571 1267 thronusfr
1593 1232 1687 1267 Itaque
1711 1239 1760 1266 pa-

974 1286 1063 1309 ratum
1081 1285 1123 1309 est
1139 1281 1173 1308 ad
1190 1280 1325 1315 justitiam
1339 1279 1452 1310 coelum,
1469 1278 1522 1305 hoc
1538 1281 1589 1310 est,
1606 1277 1653 1312 qui
1674 1277 1759 1304 caelos

974 1327 1098 1354 incolunt
1122 1327 1210 1354 sancti
1236 1325 1361 1361 spiritus.
1396 1323 1532 1357 Quoniam
1556 1329 1623 1357 ergo
1647 1328 1760 1349 necesse

973 1377 1032 1401 erat
1048 1373 1172 1400 conﬁteri
1190 1379 1244 1399 una
1267 1379 1329 1398 cum
1347 1370 1409 1397 aliis
1425 1368 1569 1401 creaturis}
1583 1367 1682 1402 subjici
1705 1366 1761 1394 Deo

974 1427 1006 1447 ac
1022 1418 1097 1447 Patri
1116 1418 1215 1445 Filium
1227 1438 1234 1450 ,
1253 1422 1382 1451 tanquam
1404 1414 1496 1443 servili
1515 1413 1672 1441 conditione
1688 1419 1761 1447 pra!-

974 1465 1076 1497 ditum,
1098 1469 1125 1492 et
1147 1463 1274 1498 principii
1299 1461 1427 1497 potestati
1449 1459 1502 1495 14
1516 1459 1630 1494 perinde
1653 1466 1685 1485 ac
1708 1457 1761 1484 alia

974 1511 1125 1540 subditum.
1140 1510 1174 1541 si,
1191 1513 1222 1536 ut
1236 1509 1275 1535 illi
1294 1507 1398 1539 volunt,
1413 1513 1477 1534 sero
1494 1505 1613 1542 genitus,
1623 1507 1651 1532 et
1665 1511 1761 1531 eorum

133 1566 226 1601 γενὴς,
242 1563 353 1592 καὶτῶν
367 1565 395 1591 ὲν
408 1563 496 1599 χρόνῳ
503 1550 695 1598 πεποιημένων
705 1560 754 1593 εἷς·
770 1561 922 1595 ἀναγκαίως

975 1559 1022 1594 qui
1048 1558 1076 1585 in
1100 1561 1223 1591 tempore
1247 1554 1313 1582 facti
1331 1557 1396 1581 sunt
1424 1560 1496 1580 unus
1521 1556 1562 1580 est
1580 1561 1587 1579 :
1604 1550 1761 1578 necessario

133 1614 147 1639 ὁ
162 1612 296 1648 μακάριος
317 1610 514 1646 εὐαγγελιστὴς
538 1609 700 1645 δριμύτερον
723 1609 779 1640 τοῖς
807 1608 924 1643 ἑτεροδι-

133 1658 312 1686 δισκαλοῦσιν
327 1658 456 1693 ὲπιπηδᾷο
484 1657 530 1684 καὶ
552 1656 673 1687 δουλείας
698 1655 746 1690 μὲν
760 1654 868 1690 ἁπάσης
882 1655 924 1687 ἐξ·

133 1705 204 1732 έλκει
219 1705 264 1732 τὸν
281 1705 363 1731 Υίόν·
393 1705 425 1731 ἐκ
448 1704 476 1730 δὲ
503 1704 552 1740 τῆς
579 1703 722 1739 ἐλευθέρας
738 1703 785 1730 καὶ
814 1702 923 1729 πάντων

135 1751 271 1787 ἀρχούσης
297 1751 391 1783 οὐσίας
412 1751 585 1786 ὲκπεφηνότσ.
604 1750 731 1780 δεικνύει,
747 1750 793 1776 καὶ
810 1749 839 1777 ἐν
854 1749 922 1784 αὐτῇ

136 1797 258 1830 φυσικῶς
270 1798 401 1833 ὑπάρχειν
415 1797 591 1833 ίσχυρίςεται,
605 1797 703 1830 λέγων·
713 1796 766 1822 Ἐν
783 1795 860 1830 ἀρχῇ
883 1793 923 1829 ἦν

136 1844 152 1869 ὀ
168 1844 274 1876 Λόγος.

176 1887 333 1914 Ἐπιπλέκει
355 1887 383 1914 δὲ
412 1887 450 1922 τῷ
462 1888 511 1921 τῆς
535 1887 632 1922 ἀρχῆς
654 1887 766 1922 ὀνόματι
781 1886 924 1922 χρησίμως

135 1933 164 1960 τὸ
179 1931 228 1968 ἦν,
244 1933 288 1960 ἵνα
303 1933 339 1969 μὴ
355 1933 435 1968 μόνον
450 1932 573 1969 εὐκλεὴς,
593 1932 660 1960 ἀλλὰ
679 1932 774 1968 νοῆται
798 1932 844 1958 καὶ
859 1941 920 1966 προ-

136 1978 241 2011 αιὼνιος
253 1987 260 1994 ·
271 1978 389 2005 τέθειται
401 1978 456 2014 γὰρ
481 1980 510 2006 ὲν
521 1979 626 2010 τούτοις
646 1978 675 2005 τὸ
689 1976 737 2013 ἦν,
756 1978 795 2009 είς
813 1977 922 2012 βαθεῖάν

136 2032 205 2055 τινα,
222 2024 269 2050 καὶ
286 2023 486 2059 ἀκατάληπτον,
502 2024 548 2051 καὶ
561 2023 610 2059 τὴν
626 2022 677 2055 ἔξω
691 2022 794 2059 χρόνων
806 2022 924 2058 ἄρρητον

136 2069 260 2104 γέννησιν
273 2069 409 2096 ἀνατεῖνον
440 2069 486 2095 τοῦ
512 2070 677 2105 θεωροῦντος
692 2069 742 2105 τὴν
761 2069 874 2096 ἔννοιαν.
889 2068 925 2095 Τὺ

137 2116 189 2150 γὰρ
204 2113 253 2151 ἦν,
266 2115 428 2150 ἀδιορίστως
441 2116 607 2151 ὲκφωνηθὲν,
621 2117 660 2148 είς
677 2117 751 2143 ποῖον
762 2117 829 2151 ἡμῖν
839 2124 923 2142 κατα-

136 2162 209 2197 λήξει
250 2161 343 2192 τόπον,
366 2151 408 2187 ἀελ¹
435 2161 609 2196 προελαύνειν
636 2162 683 2188 τοῦ
706 2160 847 2193 διώκοντος
878 2160 924 2188 νοῦ

138 2207 269 2240 πεφυκδς,
289 2208 336 2233 καὶ
349 2207 382 2241 ἢν
396 2206 484 2241 οἴηταί
495 2216 534 2238 τις
550 2207 620 2242 ἔχειν
634 2207 715 2234 αὑτοῦ
725 2208 773 2243 τὴν
783 2207 924 2234 κατάπαυ-

138 2263 189 2286 σιν,
203 2254 305 2287 ταύτην
315 2253 361 2280 τοῦ
375 2253 502 2280 ἐπέκεινα
516 2253 615 2290 δρόμου
636 2254 796 2288 ποιούμενον
813 2253 901 2289 ἀρχήν
913 2262 920 2285 ;
941 2246 960 2273 ί)
976 2240 1040 2265 nam

140 2311 149 2326 ι
167 2299 219 2327 Ἦν
246 2297 293 2327 οὖν
315 2301 329 2326 ὀ
356 2299 441 2334 Λόγος
457 2300 485 2326 ὲν
505 2300 586 2335 ἀρχῇ,
604 2309 613 2326 ι
629 2300 700 2326 τοῦτ’
726 2300 809 2332 ἔστιν,
829 2299 866 2331 ὡς
894 2300 923 2326 ὲν

137 2347 207 2382 ἀρχῇ
223 2347 255 2382 τῇ
270 2346 316 2372 ὲπὶ
331 2346 429 2378 πάντα,
443 2346 490 2373 καὶ
506 2345 535 2378 ἐξ
557 2347 641 2381 αὐτῆς
655 2346 785 2381 ὑπάρχων
800 2346 921 2380 φυσικῶς

100 2415 111 2423 ,
138 2393 166 2419 τὸ
178 2392 337 2419 δεσποτικὸν
351 2391 419 2427 ἔχων
440 2391 558 2427 ἀξίωμα.
574 2392 604 2418 Εἰ
613 2392 641 2418 δὲ
653 2391 732 2418 τοῦτο
746 2392 853 2428 ἀληθὲς,
866 2392 923 2423 πῶς

138 2439 177 2465 ἔτι
203 2439 326 2474 γενητὸς.
344 2439 360 2474 ἢ
378 2437 576 2474 πεποιημένος;
597 2438 682 2465 Ὅπου
701 2438 727 2464 δὲ
748 2438 814 2469 ὅλως
829 2438 858 2464 τὺ
872 2438 922 2472 ἦν,

139 2485 209 2511 κατὰ
219 2485 280 2511 τίνα
293 2484 394 2520 τρόπον
415 2485 446 2511 τὸ
475 2486 534 2512 οὐκ
561 2482 598 2519 ἦν
621 2485 795 2520 deﬁes-rat;
814 2484 830 2520 ἢ
849 2485 926 2510 ποῖον

142 2529 196 2561 ἕξει
208 2530 299 2557 λοιπὸν
313 2530 357 2557 τὸν
373 2531 442 2557 κατά
455 2530 501 2557 τοῦ
516 2530 580 2557 Υίοῦ
598 2531 693 2563 adma;

438 2675 562 2702 ΚΕΦᾹΛ.
584 2675 622 2701 B’.

139 2721 202 2747 "On
216 2720 263 2747 καί
283 2719 418 2756 Θεὸςνκαί
435 2722 593 2754 όμοούσιος
608 2718 647 2752 τῷ
675 2720 765 2755 Πατρί
783 2721 926 2756 ὑπάρχων

172 2758 188 2782 ὁ
201 2756 278 2787 ΥΙὸς,
291 2756 327 2781 ἐν
345 2755 404 2788 ἰδίᾳ
415 2756 501 2782 ἐστίν
512 2756 690 2788 ὑποστάσει,
708 2756 815 2790 ὁμοίως
833 2756 867 2782 δὲ
877 2757 926 2783 καί

174 2792 190 2817 ὀ
199 2790 312 2824 Πατήρ.

285 2835 338 2862 Kal
355 2837 370 2861 ό
384 2836 478 2870 Λόγος
489 2834 527 2871 ἦν
545 2837 619 2870 πρὸς
635 2837 686 2864 τὸν
702 2837 785 2864 Θεῶν.

174 2881 278 2908 Ἕωλον
304 2880 354 2916 ἤδη
379 2881 425 2907 καὶ
453 2881 500 2916 τῆς
527 2882 654 2918 ἀληθείας
683 2881 925 2917 ἀποτφαλλομένην

178 2948 199 2964 “
217 2948 296 2975 Prov.
311 2955 365 2979 τινι,
383 2947 424 2975 12.

975 1604 1071 1631 beatus
1091 1600 1261 1636 evangelista
1275 1599 1366 1627 acrius
1381 1598 1495 1626 insultat
1515 1597 1661 1628 haereticis,
1676 1599 1704 1623 et
1727 1596 1761 1623 ab

974 1647 1048 1676 omni
1064 1646 1176 1682 quidem
1193 1644 1325 1673 servitute
1338 1643 1437 1670 Filium
1455 1642 1587 1675 vindicat,
1605 1645 1632 1669 et
1649 1640 1683 1668 ab
1699 1647 1761 1667 om-

974 1693 1113 1728 nipotente
1139 1689 1294 1719 substantia
1320 1695 1432 1716 manare
1457 1686 1593 1719 ostendit,
1621 1686 1650 1713 in
1675 1692 1762 1720 eaque

974 1738 1138 1765 naturaliter
1160 1736 1250 1771 ipsum
1279 1734 1415 1762 exsistere
1443 1733 1554 1766 asserit,
1582 1732 1677 1760 dicens
1698 1740 1705 1758 2
1727 1730 1761 1758 In

973 1784 1101 1818 prinnipio
1116 1786 1174 1809 erat
1197 1780 1322 1809 Verbum.

1010 1872 1140 1906 Principii
1156 1875 1246 1908 autem
1263 1869 1399 1898 vocabulo
1429 1868 1507 1901 illud,
1522 1872 1590 1898 erat,
1608 1865 1759 1901 sulijungit,

973 1921 1003 1944 ut
1017 1924 1070 1944 non
1092 1917 1181 1944 solum
1201 1915 1350 1950 gloriosus,
1369 1922 1464 1942 verum
1479 1913 1561 1941 etiam
1574 1916 1636 1938 ante
1660 1911 1761 1938 saecula

973 1963 1082 1998 genitus
1099 1961 1276 1996 intelligatur.
1295 1959 1363 1987 Illud
1379 1960 1469 1991 enim,
1492 1958 1566 1990 erat,
1583 1957 1628 1984 hic
1641 1957 1760 1991 positum

975 2014 1035 2040 est,
1069 2014 1124 2042 quo
1156 2005 1368 2040 eontemplantis
1399 2005 1508 2031 animus
1537 2004 1564 2030 in
1597 2002 1760 2038 profundam

973 2053 1120 2090 quamdam
1144 2057 1171 2080 et
1190 2050 1511 2086 incomprehensibilem,
1537 2052 1564 2077 et
1597 2047 1761 2076 ineﬂ‘abilem

973 2108 1034 2135 quae
1049 2102 1150 2127 cuncta
1172 2102 1284 2133 superat
1299 2100 1423 2131 tempora
1447 2095 1653 2131 generationem
1669 2094 1762 2120 inten-

973 2148 1065 2174 datur.
1085 2155 1095 2171 ‹
1112 2145 1179 2172 Erat
1194 2153 1202 2169 ι
1217 2143 1301 2176 enim,
1318 2141 1459 2169 indeﬁnite
1477 2140 1625 2175 prolatum,
1641 2145 1760 2173 quonam
1775 2170 1778 2177 ί

975 2193 1002 2218 in
1026 2191 1086 2218 loco
1111 2195 1163 2216 nos
1188 2187 1282 2219 sistet,
1313 2193 1375 2213 cum
1405 2187 1616 2220 prosequentem
1644 2187 1761 2209 utentem

1043 2243 1073 2263 ra
1086 2243 1136 2263 sua
1150 2240 1260 2269 semper
1274 2235 1435 2262 antevertat,
1451 2235 1479 2258 et
1494 2237 1575 2264 quam
1592 2229 1666 2256 illius
1682 2228 1762 2263 quie-

974 2287 1027 2311 tem
1047 2289 1109 2311 esse
1129 2279 1287 2316 putaveris,
1310 2278 1382 2304 hanc
1403 2275 1544 2303 ulterioris
1563 2281 1664 2302 cursus
1680 2273 1764 2301 faciat

974 2327 1099 2358 initium?
1117 2335 1126 2352 ι
1141 2326 1206 2353 Erat
1225 2335 1234 2351 ι
1252 2324 1335 2359 igitur
1354 2332 1363 2349 ι
1379 2322 1499 2350 Verbum
1524 2321 1552 2348 in
1576 2320 1729 2355 principio,
1751 2329 1760 2345 ν

977 2377 1029 2403 hoc
1044 2379 1101 2407 est,
1124 2373 1152 2400 in
1169 2374 1306 2407 potestate
1322 2376 1382 2404 quae
1402 2372 1444 2396 est
1465 2375 1549 2402 supra
1566 2366 1667 2398 omnia,
1689 2369 1715 2393 et
1729 2373 1763 2392 ex

976 2423 1034 2458 ipsa
1058 2421 1194 2449 exsistens
1221 2416 1402 2448 naturaliter,
1429 2412 1593 2447 Dominique
1619 2411 1763 2446 majestate
1808 2431 1814 2439 .

977 2457 1130 2503 praeditum.
1157 2463 1236 2498 Quod
1250 2463 1272 2490 si
1291 2462 1328 2488 ita
1344 2464 1403 2492 est,
1422 2459 1561 2494 quomodo
1579 2462 1690 2485 creatus
1715 2457 1762 2484 dev

979 2522 1052 2542 mum
1074 2517 1122 2540 aut
1145 2512 1234 2539 factus
1247 2509 1318 2536 erit?
1334 2506 1387 2534 Ubi
1399 2506 1517 2540 denique
1543 2503 1609 2531 illud
1633 2507 1691 2530 erat
1710 2502 1760 2529 ali-

978 2567 1033 2595 quo
1045 2558 1126 2586 modo
1139 2565 1190 2584 non
1204 2559 1272 2587 erat,
1287 2553 1377 2584 inibit,
1393 2555 1440 2579 aut
1453 2558 1534 2586 quem
1547 2548 1658 2576 tandem
1671 2548 1762 2575 locum

979 2604 1091 2634 habebit
1106 2603 1133 2630 in
1149 2600 1237 2629 Filio?

1308 2642 1384 2671 CAP.
1402 2641 1434 2669 il.

978 2705 1055 2740 Quod
1078 2708 1102 2731 et
1125 2703 1211 2740 Deus.
1235 2704 1260 2740 et
1284 2694 1624 2740 (oasjtbstanliaglis!{art-ri“
1635 2692 1762 2740 erilium-sit

1013 2730 1113 2770 Filias,
1125 2739 1152 2765 in
1167 2730 1275 2770 propria
1289 2738 1328 2762 est
1343 2731 1489 2767 hypostasi,
1503 2730 1625 2757 similiter
1637 2732 1723 2755 autem
1739 2731 1762 2753 et

1015 2777 1106 2803 Pater.
1650 2797 1654 2807 ,

1103 2829 1124 2862 l,
1146 2828 1171 2854 l.
1193 2828 1227 2854 Et
1251 2823 1363 2853 Verbum
1379 2825 1437 2849 erat
1457 2820 1526 2855 apud
1546 2819 1640 2848 Deum.

1014 2878 1082 2906 Cum
1105 2860 1214 2903 inanem
1232 2875 1259 2901 et
1275 2869 1399 2924 verit'atis
1419 2870 1557 2904 expertem
1584 2865 1691 2892 illorum
1716 2860 1764 2896 qui
