2030 3122
130 181 165 207 53

657 179 689 207 ΙΝ
709 179 852 209 JOANNlS
872 179 1099 210 EVANGELIUM
1120 180 1184 208 [ΑΒ.
1203 182 1224 212 1.

1730 184 1766 212 54

131 226 169 262 τῷ
187 227 283 263 Πατρὶ.
296 227 352 262 ἔχει
367 228 394 254 δὲ
412 229 491 255 πάλιν
505 229 532 255 ἐν
547 228 637 265 ἑαυτῷ
649 231 693 256 τδν
704 231 812 265 Πατέρα
829 231 928 266 (καλῶς

981 231 1098 265 beatque
1120 230 1245 258 vicissim
1263 230 1290 257 in
1314 231 1407 265 seipso
1424 230 1547 263 Patrem,
1562 234 1637 258 recte
1652 229 1764 265 quidem

132 273 183 307 μὲν
200 272 280 304 αὐτος
291 293 298 305 ,
313 273 438 310 καθάπερ
455 274 506 310 ἤδη
525 276 696 311 προείρηται,
717 277 784 312 πρὸς
808 277 857 312 τὴν
876 277 922 303 τοῦ

132 319 314 354 γεννήσαντος
323 320 555 356 ἀπηκριϐωμένος
570 322 677 357 μορφήν
689 329 696 337 ⁴
709 322 923 357 ἀπαραποιήτως

130 365 158 390 δὲ
176 365 267 396 πάλιν,
285 365 314 397 ἓξ
329 362 365 392 ὧν
381 368 454 392 ἐστιν
471 363 551 397 αὑτὸς
564 367 592 393 ἐν
604 367 692 404 ἐαυτῷ
702 368 747 395 τὸν
757 369 924 404 γεννήσαντα

131 409 297 445 ζωγραφῶν)
314 419 322 427 ·
339 413 370 438 οὑ
394 411 437 439 διὰ
450 412 529 439 τοῦτο
542 413 572 439 τὸ
584 414 716 449 ὑπάρχειν
734 412 806 446 ἰδίως
824 414 925 450 ζημιω-

130 456 254 490 θήσεται,
272 457 325 483 οὐδ’
341 455 373 484 αὖ
387 457 470 484 πάλιν
484 459 610 485 ἀπολέσει
627 460 640 485 ὁ
655 460 749 495 Πατὴρ
765 461 794 486 τὸ
808 455 922 495 ὑφεστά-

130 510 175 528 ναι
192 502 252 528 καθ’
265 503 376 529 ἑαυτόν·
389 502 446 531 ἀλλ’
469 504 529 531 οὐδὲ
541 506 558 540 ἡ
571 505 656 542 πολλὴ
671 506 730 533 λίαν
745 507 879 542 ἐμφέρειά
895 516 924 534 τε

130 549 178 574 καὶ
197 549 325 584 ὁμοιότης
335 550 465 585 ἀνάχυσίν
481 560 542 578 τινα
557 552 611 578 τῶν
623 552 797 580 ὑποστάσεων
809 554 924 588 ἐργάσε-

129 604 186 627 ται,
201 597 239 627 ὡς
264 595 293 622 ἓν
309 597 428 624 νοεῖσθαι
447 597 487 633 τῷ
503 598 612 634 ἀριθμῷ
629 599 674 626 τὸν
685 601 853 636 γεννήσαντα
869 601 925 627 Πα-

130 642 208 675 τέρα,
221 642 267 668 καὶ
283 642 329 669 τὸν
346 643 374 676 ἐξ
392 643 474 670 αὑτοῦ
493 644 657 680 γεννηθέντα
672 645 736 672 Υίόν
748 655 755 662 ο
770 645 827 673 ἀλλ’
842 647 858 682 ὴ
875 646 924 682 μὲν

130 688 265 724 ταυτότης
279 689 328 723 τῆς
345 689 452 723 φύσεως
465 691 508 717 ἐπ’
521 692 622 727 ἀμᾳοῖν
636 692 878 727 ὑμολογηθήσεται,
895 693 925 719 τὸ

131 734 158 760 δὲ
178 734 250 766 ίὸίως
270 735 401 771 ἑκάτερον
413 737 563 770 ὑφεστάναι
582 738 690 770 πάντως
710 739 868 765 ἀκολουθεί-
882 739 925 766 ἵνα

132 779 178 806 καὶ
190 781 204 806 ό
215 781 310 816 Πατὴρ
326 782 410 813 ὄντως
420 782 513 818 νοῆται
529 783 635 819 Πατὴρ,
649 784 695 810 καὶ
710 785 723 810 ὁ
736 784 797 816 Υἱὸς
808 785 835 810 δὲ
851 785 924 816 Υἱός.

139 826 393 861 Ἐπαριθμουμένου
424 827 477 864 γὰρ
504 828 575 855 οὕτω
597 829 644 855 καὶ
665 828 924 865 συνθεολογουμένου

131 872 178 898 τοῦ
200 873 278 906 ἁγίου
307 873 465 908 Πνεύματος
478 894 485 906 ,
502 875 519 909 ἡ
540 874 605 908 ἁγία
629 875 676 902 καὶ
700 876 923 912 προσκυνουμένη

132 917 254 953 Τριὰςτὺ
272 919 369 945 οίκεῖον
388 919 443 952 ἕξει
460 919 606 963 πλήρωμα.
942 913 964 940 Β

170 965 285 993 'AAAO.
300 965 331 991 Et
347 965 430 998 αὐτός
447 967 521 993 ἐστιν
538 969 551 994 ὁ
565 967 630 999 Υἱὸς
653 968 699 995 καὶ
714 968 825 1005 Πατὴρ,
850 970 926 996 ποῖον

132 1011 188 1045 ἔχει
215 1011 327 1047 λόγονὴ
352 1012 407 1039 τῶν
426 1012 566 1048 ὀνομάτων
590 1013 714 1050 διαστολή
732 1024 738 1048 ;
756 1015 786 1041 Ei
810 1016 847 1050 μὴ
872 1015 926 1051 γὰρ

131 1057 199 1088 ὅλως
214 1057 368 1093 ἐγέννησεν,
384 1058 425 1085 ἵνα
441 1059 467 1085 τί
479 1059 708 1096 καλεῖταιΠατήρ
720 1070 727 1094 ;
741 1061 803 1092 Πῶς
819 1061 846 1088 δὲ
859 1061 927 1092 ὅλως

133 1105 206 1136 Υἱὸς,
225 1105 249 1131 εί
270 1105 307 1141 μὴ
326 1106 457 1142 ἐγεννήθη
478 1107 554 1142 παρὰ
578 1108 684 1143 Πατρός
701 1117 708 1141 ;
725 1109 802 1135 Atrei
816 1108 869 1143 γὰρ
889 1108 928 1140 ὡς

132 1150 163 1183 ἐξ
188 1152 312 1186 ἀνάγκης
338 1152 387 1188 τὴν
413 1152 541 1188 τοιαύτην
567 1153 609 1187 ἐρ’
634 1154 739 1185 ἑαυτοῖς
762 1154 879 1189 θεωρίαν
893 1154 928 1180 τὰ

132 1197 262 1232 ὀνόματα.
284 1198 393 1234 Ἐπειδὴ
409 1199 437 1225 δὲ
453 1199 632 1235 γεγεννῆσθαι
655 1200 700 1226 τὸν
717 1200 781 1227 Υίὸν
803 1201 831 1226 αί
857 1200 927 1228 θεῖαι

132 1243 298 1278 κηρύττουσι
313 1244 429 1280 Γραφαὶ,
454 1247 500 1272 καὶ
518 1247 531 1273 ὁ
552 1247 601 1281 τῆς
623 1247 753 1282 ἀληθείας
769 1246 855 1278 οὕτως
870 1246 926 1282 ἔχει

132 1288 212 1322 λόγος
225 1309 232 1321 ,
251 1290 403 1326 ὑφέστηκεν
429 1291 483 1327 ἄρα
505 1292 565 1319 καθ’
583 1293 688 1320 ἑαυτόν.
704 1293 779 1321 Ἐστι
798 1293 825 1319 δὲ
847 1292 927 1319 πάλιν

134 1334 290 1366 ἰδιαζόντως
307 1335 354 1361 καὶ
368 1337 381 1362 ὁ
395 1336 502 1372 Πατὴρ,
515 1337 593 1372 εἴπερ
607 1337 698 1373 ἕτερον
713 1337 741 1371 ἐξ
755 1337 848 1373 ἐτέρου
863 1338 927 1372 φαί-

133 1390 207 1407 νεται
222 1381 253 1408 τὺ
270 1381 439 1417 γεννώμενον
451 1383 487 1414 ὡς
500 1382 568 1419 πρὸς
584 1383 613 1410 τὸ
627 1384 739 1418 γεννῶν.

171 1473 286 1501 ’ΛΑΛΟ.
308 1473 337 1500 Ὀ
362 1473 496 1509 μακάριος
521 1474 636 1506 Παῦλος,
651 1475 814 1502 ἐπιστέλλων
833 1475 927 1502 Φιλιπ-

133 1519 254 1554 ττησίοις,
277 1519 342 1555 περὶ
350 1519 396 1546 τοῦ
414 1519 479 1546 Tia?)
494 1528 594 1555 φησιν·
616 1530 625 1546 ‹
640 1521 688 1552 ’ος
703 1522 731 1547 ἐν
750 1523 840 1556 μορφῇ
858 1521 926 1547 Θεοῦ

133 1566 276 1613 ὑπάρξων,
293 1567 344 1601 οὑχ
358 1566 504 1601 ἁρπαγμὸν
516 1567 638 1602 ἡγήσατο
653 1567 684 1593 τὸ
699 1564 769 1593 εἴναι
780 1565 827 1594 ἴσα
840 1567 924 1603 Θεῷ.»
943 1586 963 1614 C

134 1611 182 1642 Τίς
195 1609 241 1638 οὖν
262 1611 316 1646 ἄρα
332 1612 406 1638 ἐστὶν
419 1613 433 1637 ὁ
443 1612 589 1647 ἁρπαγμὸν
601 1612 631 1639 οὐ
644 1612 761 1648 θελήσας
774 1613 928 1648 ἡγήσασθαι

134 1656 163 1682 τὸ
186 1655 256 1683 εἶναι
281 1654 327 1683 ἶσα
342 1656 419 1692 Θεῷς
438 1657 473 1683 Ἦ
500 1657 555 1692 γὰρ
570 1657 620 1684 οὐκ
637 1658 749 1694 ἀνάγκη.
767 1658 866 1694 λέγειν,
881 1659 928 1685 ἕνα

135 1702 184 1738 μέν
201 1712 262 1730 τινα
278 1703 410 1739 ὑπάρχειν
427 1703 472 1730 τὸν
486 1704 515 1730 ἐν
532 1705 623 1740 μορφῇ
635 1703 713 1736 Θεοῦ,
725 1704 818 1740 ἕτερον
833 1705 860 1731 δὲ
877 1704 929 1731 πά-

134 1748 175 1775 λιν
202 1748 247 1775 τδν
265 1745 351 1784 οὗπερ
371 1746 405 1784 ἦν
425 1749 441 1784 ἠ
458 1749 548 1784 μορλεή
563 1757 570 1780 ;
593 1748 662 1775 Ἀλλ’
678 1749 735 1775 ἔστι
751 1749 830 1784 δῆλον
844 1750 929 1776 ἅπασι

133 1795 181 1821 καὶ
196 1795 425 1830 ὁμολογούμενον.
440 1794 545 1821 Οὐκοῦν
562 1795 610 1830 οὑχ
624 1794 655 1821 ’ἐν
668 1804 694 1821 τι
716 1796 762 1822 καὶ
776 1796 874 1822 ταυτὸν
891 1796 929 1832 τῷ

133 1840 244 1876 ἀριθμῴ
271 1841 367 1876 Πατὴρ
389 1840 438 1867 καὶ
460 1840 534 1873 Υἱὸς,
547 1840 603 1867 ἀλλ’
626 1841 818 1874 ίδιοσὺστατοι,
833 1842 880 1868 καὶ
900 1843 929 1869 ὲν

134 1886 260 1921 ἀλλήλοις
275 1885 474 1922 θεωρούμενοι,
490 1886 562 1913 κατὰ
576 1887 626 1922 τὴν
651 1887 805 1922 ταυτότητα
817 1887 867 1922 τῆς
883 1887 928 1913 οὒ-

135 1932 194 1964 σίας
206 1951 214 1965 ,
229 1933 254 1959 εί
271 1933 319 1959 καὶ
339 1929 379 1964 εἷς
401 1932 431 1965 ἐξ
447 1932 522 1966 ἐνὸς,
538 1933 570 1959 ἐκ
587 1932 694 1968 Πατρὸς
710 1933 724 1959 ὁ
737 1933 802 1965 Υἱὸς
816 1933 926 1969 δηλαδή.

173 2065 288 2092 'AAAO.
303 2074 312 2090 ι
336 2064 407 2099 Ἐγὼ
419 2065 466 2092 καὶ
481 2064 602 2101 ὁΠατὴρ
619 2064 648 2092 ἓν
668 2065 762 2101 ἐσμεν,
782 2076 791 2092 ι
810 2065 929 2101 ἔφασκεν

134 2112 148 2139 ὁ
166 2113 280 2148 Σωτήρ·
297 2111 334 2143 ὡς
350 2111 429 2144 εἰδὼς
444 2111 565 2147 δηλονότι
583 2112 630 2138 καὶ
655 2112 753 2138 ἑαυτὸν
783 2112 856 2144 ἰδίως
879 2113 929 2147 ὐφ-

134 2159 280 2194 εστηκότα,
295 2159 342 2185 καὶ
358 2159 404 2185 τὸν
418 2158 530 2194 Πατέρα
541 2166 548 2173 ⁶
562 2158 594 2185 Εἰ
607 2158 634 2184 δὲ
654 2158 691 2193 μὴ
706 2157 792 2190 οὕτως
807 2158 863 2193 ἔχει
881 2158 928 2185 τοῦ

136 2205 299 2239 πράγματος
324 2205 340 2239 ἡ
361 2203 484 2239 ἀλήθεια,
497 2205 525 2230 τῐ
552 2202 589 2239 μὴ
610 2204 733 2239 τηρήσας
752 2204 785 2240 τῇ
810 2203 882 2230 ἐνάδι
899 2203 947 2230 τὸ¹

975 277 1045 311 ipse,
1061 282 1088 303 ut
1101 277 1179 311 prius
1197 277 1254 311 jam
1271 276 1374 304 dictum
1397 281 1451 310 est,
1466 281 1493 304 et
1511 277 1631 312 perfecte
1654 277 1688 304 ad
1706 275 1764 304 for-

975 329 1046 348 mam
1064 321 1156 349 Patris
1180 329 1339 356 expressus,
1360 321 1490 357 idemque
1513 321 1718 357 simplicissime
1732 329 1765 348 ex

975 371 1074 394 natura
1091 375 1141 395 sua
1158 368 1216 402 ipse
1233 368 1259 394 in
1279 367 1371 402 seipso
1387 366 1494 394 Patrem
1510 368 1667 402 exprimens
1684 377 1689 394 :
1709 375 1765 394 nou

975 418 1068 440 tamen
1083 413 1188 441 idcirco
1204 415 1321 450 propriae
1333 413 1505 441 exsistentia:
1517 413 1655 448 jacturam
1673 413 1765 446 faciet,

976 467 1067 494 neque
1091 460 1214 487 vicissim
1239 460 1318 487 Pater
1338 467 1386 495 per
1408 467 1437 487 se
1462 460 1616 487 subsistere
1640 460 1766 494 desinet;

976 505 1022 532 sed
1038 513 1089 533 nec
1108 513 1215 533 summa
1236 506 1281 532 illa
1299 505 1454 533 similitudo
1473 505 1665 532 confusionem
1682 505 1766 532 ultam

977 550 1175 585 hypostasibus
1191 550 1296 583 alieret,
1316 551 1352 577 ita
1371 554 1400 578 ut
1419 557 1473 577 una
1497 558 1540 577 res
1557 557 1672 577 numero
1687 550 1767 577 intel-

976 596 1076 631 ligatur
1095 596 1176 624 Pater
1193 597 1240 632 qui
1263 597 1375 632 genuit7
1393 601 1421 624 et
1445 596 1493 632 qui
1517 604 1548 623 ex
1578 597 1638 632 ipso
1656 604 1677 632 ς·
1691 596 1768 623 nitus
1788 632 1792 637 λ

976 642 1116 671 estFilius
1132 653 1139 671 :
1158 651 1252 671 verum
1274 643 1445 670 identitatem
1472 647 1578 670 natura;
1603 643 1630 669 in
1651 647 1769 676 utroque

976 689 1191 723 confitebimur,
1224 695 1251 718 et
1281 694 1431 725 utrumque
1468 689 1580 725 proprie
1615 689 1769 716 subsistere

977 737 1071 771 utique
1088 736 1224 772 sequitur,
1243 741 1273 763 ut
1284 741 1310 764 et
1321 737 1403 764 Pater
1417 744 1480 763 vere
1493 736 1664 771 intelligatur
1673 735 1768 767 Pater,

976 788 1003 809 et
1021 781 1110 809 Filius
1133 790 1197 810 vere
1216 782 1315 809 Filius.
1341 782 1387 809 Sic
1411 783 1484 810 enim
1505 786 1718 814 connumerato,
1742 785 1768 808 et

978 828 1049 855 inter
1065 828 1223 856 divinitatis
1247 836 1382 864 personas
1408 828 1489 856 simul
1513 829 1649 855 collocato
1671 833 1769 855 sancto

978 873 1093 908 Spiritu,
1109 877 1207 901 sancta
1224 877 1251 901 et
1270 873 1409 901 adoranda
1424 871 1549 900 Trinitas
1569 871 1767 908 plenitudinem

979 926 1057 945 suam
1074 918 1218 946 obtinebit.

1014 963 1129 992 ALIUD.
1151 965 1179 991 Si
1195 964 1242 1000 qui
1255 969 1298 992 est
1312 963 1410 997 Filius,
1422 964 1483 999 ipse
1493 971 1605 999 quoque
1616 962 1697 990 Pater
1708 966 1768 995 est,

979 1018 1062 1045 quam
1086 1011 1222 1038 rationem
1237 1011 1349 1038 habebit
1369 1011 1417 1038 illa
1439 1011 1581 1038 nominum
1607 1009 1769 1037 distinctio?

978 1056 1045 1083 Nam
1059 1057 1082 1084 si
1097 1057 1178 1093 plane
1193 1065 1246 1084 non
1265 1058 1368 1093 genuit,
1387 1064 1520 1094 quorsum
1543 1060 1658 1084 vocatur
1672 1055 1769 1083 Pater?

979 1102 1124 1136 Quomodo
1143 1111 1208 1131 vero
1227 1102 1316 1130 Filius
1334 1109 1385 1136 est,
1403 1103 1424 1130 si
1440 1111 1495 1130 non
1510 1107 1551 1131 est
1567 1110 1582 1129 a
1598 1101 1679 1129 Patre
1690 1101 1769 1137 geni-

980 1149 1044 1177 tus?
1059 1148 1166 1176 [labent
1182 1149 1255 1176 enim
1279 1149 1307 1176 in
1333 1149 1432 1183 seipsis
1451 1149 1498 1176 illa
1517 1148 1651 1176 vocabula
1668 1155 1769 1175 neces-

979 1194 1054 1222 sario
1070 1194 1151 1221 talem
1166 1194 1346 1221 intellectum.
1360 1194 1427 1222 Cum
1449 1197 1539 1221 autem
1564 1194 1685 1229 genitum
1707 1201 1770 1220 esse

979 1238 1078 1266 Filium
1095 1239 1197 1266 divina:
1212 1238 1361 1274 Scriptura;
1378 1240 1540 1275 praedicent,
1552 1243 1579 1266 et
1597 1239 1633 1266 ita
1649 1247 1692 1266 res
1706 1246 1770 1266 vere

980 1285 1040 1313 sit:
1067 1285 1196 1313 subsistit
1211 1285 1307 1320 utique
1331 1285 1358 1312 in
1380 1285 1483 1320 seipso.
1504 1284 1537 1311 Et
1555 1285 1676 1312 vicissim
1701 1291 1770 1319 quo-

979 1338 1033 1367 que
1055 1331 1234 1366 singulariter
1249 1334 1292 1358 est
1307 1330 1388 1357 Pater
1407 1340 1413 1358 :
1435 1330 1570 1365 siquidem
1596 1330 1713 1357 alterum
1735 1337 1768 1356 ex

980 1376 1068 1403 altero
1082 1376 1256 1410 agnoscitur,
1268 1375 1295 1402 id
1307 1374 1380 1411 quod
1396 1380 1437 1403 est
1451 1376 1572 1411 genitum
1588 1375 1721 1402 relatione
1735 1374 1768 1401 ad

979 1422 1005 1450 id
1020 1422 1092 1458 quod
1110 1423 1215 1458 genuit.
1770 1446 1775 1450 ,

1013 1468 1128 1496 ALIUD.
1150 1469 1250 1496 Beatus
1267 1468 1369 1496 Paulus
1385 1469 1418 1495 ad
1436 1468 1628 1504 Philippeuses
1644 1466 1770 1495 scribens

980 1515 1018 1541 ait
1034 1515 1067 1542 de
1092 1515 1162 1542 Filio
1178 1523 1183 1541 :
1199 1525 1207 1540 ε
1226 1515 1354 1548 Quicum
1378 1515 1405 1542 in
1430 1515 1520 1543 forma
1541 1514 1588 1541 Dei
1612 1519 1696 1546 esset,
1715 1520 1771 1540 non

981 1561 1106 1596 rapinam
1126 1562 1280 1588 arbitratus
1294 1564 1335 1589 est
1357 1568 1418 1588 esse
1434 1568 1462 1587 sc.
1477 1561 1610 1595 aequalem
1632 1559 1689 1586 Deo
1703 1559 1735 1584 ³³.
1758 1568 1767 1584 ι

981 1607 1050 1640 Quis
1071 1611 1113 1635 est
1137 1608 1222 1643 igitur
1245 1608 1291 1634 ille
1313 1607 1359 1642 qui
1384 1607 1510 1642 rapinam
1533 1606 1621 1634 noluit
1643 1604 1771 1633 arbitrari

980 1661 1042 1681 esse
1066 1661 1095 1682 se
1116 1654 1247 1689 aequalem
1263 1653 1338 1681 Deo?
1355 1653 1492 1687 Numquid
1508 1653 1580 1680 enim
1602 1659 1716 1679 necesse
1729 1655 1772 1678 est

980 1699 1093 1733 dicere,
1130 1708 1215 1727 unum
1245 1699 1392 1735 quemdam
1423 1701 1559 1727 exsistere
1592 1699 1639 1734 qui
1672 1699 1708 1727 sit
1743 1699 1772 1725 in

980 1745 1069 1772 forma
1094 1745 1159 1779 Dei,
1189 1746 1273 1773 alium
1303 1753 1369 1773 vero
1396 1753 1493 1775 rursus
1524 1745 1602 1773 illum
1630 1745 1711 1780 cujus
1737 1745 1772 1772 sit

980 1791 1088 1819 forma?
1103 1792 1185 1827 Atqui
1201 1796 1277 1826 patet
1292 1791 1360 1819 illud
1373 1795 1400 1819 et
1427 1792 1455 1818 in
1481 1791 1610 1819 confesso
1627 1796 1669 1832 est
1700 1792 1772 1826 apud

980 1845 1088 1865 omnes.
1121 1837 1181 1865 Non
1212 1842 1277 1865 sunt
1298 1846 1363 1873 ergo
1394 1846 1480 1865 unum
1506 1843 1533 1865 et
1558 1838 1629 1865 idem
1656 1845 1773 1867 numero

980 1884 1061 1912 Pater
1072 1889 1098 1912 et
1117 1884 1213 1918 Filius,
1231 1885 1278 1912 sed
1300 1885 1441 1920 propriam
1467 1885 1568 1911 habent
1589 1884 1771 1919 hypostasim,

980 1934 1007 1958 et
1032 1931 1103 1958 alter
1121 1931 1148 1957 in
1161 1932 1248 1958 altero
1274 1931 1450 1966 conspicitur
1470 1930 1622 1958 secundum
1641 1929 1772 1956 identita-

981 1979 1036 2002 tem
1050 1975 1226 2009 substantiae,
1240 1975 1306 2003 licet
1322 1983 1394 2003 unus
1408 1983 1440 2003 ex
1458 1983 1523 2008 uno,
1541 1983 1572 2002 ex
1587 1974 1668 2001 Patre
1684 1974 1771 2002 Filius

980 2022 1118 2050 videlicet.

1015 2068 1131 2096 ALIUD.
1155 2077 1165 2094 ‹
1187 2068 1278 2104 Egoet
1306 2068 1390 2096 Pater
1417 2077 1502 2096 unum
1523 2077 1620 2097 smnus
1637 2069 1670 2101 ³⁸,
1694 2079 1702 2095 ι
1728 2069 1771 2095 in-

980 2116 1093 2151 quiebat
1110 2115 1248 2147 Salvator.
1268 2119 1364 2151 utpote
1380 2123 1442 2143 cum
1465 2116 1550 2143 Sciret
1570 2116 1691 2151 seipsum
1708 2123 1773 2150 pro-

980 2161 1038 2196 prie
1064 2168 1176 2196 quoque
1203 2161 1368 2192 subsistere,
1388 2167 1414 2189 et
1428 2162 1551 2188 Patrem.
1575 2160 1653 2194 Quod
1681 2161 1704 2188 si
1732 2161 1772 2188 rei

981 2208 1085 2236 veritas
1113 2207 1150 2234 ita
1177 2215 1206 2235 se
1235 2216 1288 2234 non
1319 2208 1404 2235 habet
1421 2217 1427 2235 :
1443 2207 1540 2242 quidni
1563 2213 1673 2236 servato
1698 2208 1774 2243 quod

134 2251 238 2285 ’πρέπον
264 2250 383 2284 ἕσασκεν
397 2258 403 2264 ·
427 2249 499 2283 Ἐγὼ
522 2250 569 2276 καὶ
591 2251 604 2276 ό
624 2249 719 2285 Πατὴρ
734 2249 762 2276 ἓν
781 2250 858 2285 είμι;
884 2248 927 2275 Ἐ-

982 2253 1082 2280 unitati
1109 2253 1261 2286 convenit,
1296 2253 1408 2287 aiebat,
1441 2253 1498 2289 Ego
1524 2258 1551 2281 et
1578 2253 1661 2280 Pater
1687 2261 1771 2280 unum

135 2297 213 2332 πειδὴ
232 2296 260 2323 δὲ
278 2297 318 2328 εἰς
341 2295 521 2332 πληθυντικὸν
535 2296 651 2331 ἀριθμὸν
675 2296 706 2322 τὸ
729 2295 927 2331 σημαινόμενον

134 2343 255 2375 ἐξαπλοῖ,
271 2342 350 2376 δῆλος
364 2341 396 2368 ἂν
410 2342 453 2376 εἴη
466 2341 570 2376 λοιπὸν,
583 2341 630 2377 τὴν
639 2341 692 2368 τῶν
701 2341 927 2376 ἑτεροδοξούντων

135 2388 296 2424 ἀνατρέπων
322 2388 460 2414 ὑπόνοιαν.
486 2388 554 2415 Οὐδὲ
579 2387 634 2422 γὰρ
662 2388 694 2414 ἂν
727 2387 786 2414 καθ’
811 2388 870 2419 ἑνὸς
898 2387 928 2414 τὺ

133 2434 227 2469 ἐσμὲν
242 2433 401 2469 ἐπενεχθείη
416 2433 544 2465 συνετῶς.

171 2481 287 2507 'AAAO.
317 2480 379 2508 Ἐπὶ
396 2481 429 2516 τῇ
454 2480 500 2506 τοῦ
516 2480 662 2515 ἀνθρώπου
679 2482 834 2516 κατασκευῇ
851 2481 926 2517 φωνὴ

134 2526 247 2562 φέρεται
273 2526 351 2558 Θεοῦ,
378 2535 387 2552 ι
412 2527 573 2562 Ποιήσωμεν
590 2526 743 2562 ἄνθρωπον,
758 2536 767 2552 ι
788 2527 927 2561 λέγοντος,

137 2581 146 2597 ι
164 2572 225 2598 κατ’
251 2572 343 2598 εἰκόνα
363 2572 501 2608 ἡμετέραν
521 2573 568 2600 καὶ
588 2572 648 2599 καθ’
661 2573 800 2608 ὁμοίωσιν.
817 2583 826 2598 ι
842 2573 928 2608 Εἴπερ

133 2616 179 2645 οὖν
196 2619 236 2649 είς
253 2617 282 2643 ’ἐν
298 2626 323 2643 τι
339 2617 378 2653 τῷ
396 2617 506 2653 ἀριθμῷ
525 2617 555 2644 τὸ
568 2619 618 2653 τῆς
632 2618 712 2652 ἁγίας
730 2618 844 2654 Τριάδος
859 2618 929 2644 πλά-

133 2673 188 2698 τος,
208 2665 252 2691 Ζνα
270 2664 356 2695 οὑτως
379 2664 458 2696 είπω,
469 2664 652 2696 συστέλλεται,
667 2665 713 2691 καὶ
734 2664 928 2704 ῥυσσεϐοὖντες

134 2709 276 2746 ἀναιροῦσι
300 2709 331 2735 τὸ
348 2709 494 2744 ὑφεστᾶναι
518 2709 579 2735 καθ’
602 2709 715 2741 ἑαυτοὺς
738 2710 858 2744 Πατέρα,
881 2710 928 2735 καὶ

136 2756 198 2782 Υίόν
215 2764 221 2770 “
237 2756 278 2787 τίς
295 2757 309 2782 ὁ
327 2755 395 2790 πρὸς
408 2755 468 2782 τίνα
484 2751 571 2789 λέγων
586 2755 654 2787 ἐστὶ,
669 2765 678 2780 ι
702 2756 861 2791 Ποιήσωμεν
880 2755 927 2782 ἆν-

135 2801 243 2837 θρωπον
257 2801 318 2828 κατ’
329 2801 418 2829 εἰκόνα
434 2801 483 2837 τὴν
495 2801 632 2836 ἡμετέραν
645 2809 651 2833 ;
663 2810 671 2825 ι
688 2801 764 2836 Χρῆν
775 2800 828 2836 γὰρ
843 2801 927 2836 δήπου

168 2900 191 2916 ³³
206 2899 308 2935 Philip.
328 2908 358 2934 tt,
371 2900 395 2928 6.
437 2900 460 2917 “
479 2899 652 2934 Joan.x,'50.
692 2900 792 2928 “Gen.
809 2908 828 2933 ι,
841 2899 887 2927 ‘26.

978 2299 1062 2327 sum?
1091 2299 1160 2326 Cum
1194 2303 1285 2326 autem
1311 2299 1411 2334 plurali
1440 2307 1555 2326 numero
1580 2299 1606 2326 id
1633 2303 1770 2334 exponat,

978 2345 1172 2372 haereticorum
1194 2345 1353 2380 opinionem
1374 2349 1500 2372 evertere
1524 2345 1575 2380 17
1593 2346 1770 2373 manifestum

977 2390 1029 2419 e'st.
1047 2391 1142 2427 Neque
1154 2392 1226 2419 enim
1245 2400 1346 2425 sumus,
1362 2391 1396 2418 de
1416 2399 1471 2419 uno
1485 2395 1560 2419 recte
1577 2391 1693 2421 dixeris.

1015 2480 1132 2508 ALIUD.
1146 2481 1215 2508 Cum
1237 2481 1308 2509 Deus
1322 2481 1442 2509 condere
1457 2481 1540 2509 vellet
1559 2481 1711 2513 hominem,
1728 2481 1771 2508 di-

980 2525 1056 2553 xisse
1074 2525 1180 2553 fertur:
1210 2535 1219 2552 ι
1247 2526 1393 2555 Faciamus
1411 2527 1550 2554 hominem
1571 2526 1603 2553 ad
1623 2526 1771 2561 imaginem

981 2575 1104 2599 nostram
1131 2576 1157 2599 et
1175 2572 1385 2600 similitudinem
1400 2572 1433 2598 ³⁸.
1453 2581 1463 2598 ι
1491 2571 1520 2598 Si
1540 2579 1607 2607 ergo
1632 2571 1666 2598 ad
1687 2579 1772 2598 unum

979 2617 1113 2652 qui'ddam
1140 2625 1255 2645 numero
1277 2623 1379 2646 sanctae
1403 2618 1548 2646 Trinitatis
1562 2617 1724 2652 amplitudo,
1745 2622 1771 2644 ut

980 2663 1018 2690 ita
1034 2663 1136 2696 dicam,
1160 2664 1345 2696 contrahitur,
1366 2668 1393 2692 et
1413 2664 1497 2699 impie
1515 2663 1638 2691 haeretici
1661 2662 1772 2690 Patrem

982 2712 1008 2736 et
1034 2708 1133 2736 Filium
1158 2709 1270 2744 propria
1293 2709 1400 2736 nudant
1417 2709 1577 2745 hypostasi:
1592 2709 1656 2744 quis
1671 2713 1713 2736 est
1727 2708 1774 2735 ille

983 2755 1030 2789 qui
1051 2755 1084 2782 ad
1101 2754 1184 2782 alium
1204 2754 1286 2782 dicit:
1307 2763 1315 2780 ι
1334 2754 1480 2783 Faciamus
1494 2756 1633 2783 hominem
1652 2754 1685 2781 ad
1702 2754 1773 2781 ima—

983 2802 1074 2837 ginem
1102 2802 1246 2830 nostram?
1269 2812 1277 2828 ι
1299 2801 1396 2830 Dicere
1413 2803 1484 2829 enim
1504 2802 1657 2837 oportebat,
1682 2800 1705 2829 si
1733 2799 1773 2828 ita
