2030 3122
157 196 190 223 57
661 172 854 223 tsioanms
876 192 1100 221 E\'Al\GEl.lUM
1123 191 1186 221 Lm.
1205 195 1227 221 f.
1525 170 1529 172 γ
1753 194 1787 221 δε

159 253 238 289 ῳδδς,
253 253 302 289 οὐχ
313 253 414 288 ετέρως
429 252 560 280 δύνασθαι
580 252 747 289 διασωθῆναι
762 254 792 280 τὸ
811 253 889 287 γένος
910 254 939 279 ὲν

1005 252 1083 279 aliter
1094 252 1199 280 servari
1215 259 1297 287 posse
1305 260 1393 288 genus
1405 253 1556 280 humanum
1571 252 1695 288 putabat,
1705 259 1786 286 quam

157 301 225 327 ενόει
241 301 272 327 τὸ
285 300 466 334 ἀνθρώπινον,
482 300 506 325 εἰ
525 298 561 334 μὴ
574 299 617 325 διὰ
632 299 715 334 μόνης
726 301 775 332 τῆς
792 298 950 332 ἐπιφανείας

157 346 202 373 τοῦ
219 345 285 372 Υίοῦ
297 345 344 372 τοῦ
366 345 445 377 Θεοῦ,
462 344 509 371 τοῦ
531 345 620 371 πάντα
642 345 749 381 ῥᾳδίως,
767 346 808 379 ἐφ’
828 345 898 380 ὅπερ
918 345 950 372 ἂν

157 391 277 427 βούλοιτο
305 390 537 426 μεταρῥυθμίζειν
564 390 710 425 ἰσχύοντος.
735 391 785 417 Διά
806 399 846 417 τοι
871 390 950 417 τοῦτο

156 437 314 472 πέμπεσθαι
339 436 408 472 πρὸς
434 437 509 472 ἡμᾶς
532 437 681 471 παρεκάλει
707 437 751 463 τὸν
766 437 839 468 Υῐὸν,
853 437 900 464 ἆτε
917 437 948 472 δὴ

155 483 202 509 καὶ
227 484 306 518 μόνον
331 481 474 513 διασώζειν
496 482 621 516 ἰσχύοντα
643 483 706 514 τοὺς
723 482 775 509 ὑπὸ
799 484 877 518 χεῖρα
903 483 948 509 καὶ

154 527 311 560 πλεονεξίαν
333 527 497 562 γενομένους
511 527 683 563 διαϐολικήν·
705 527 751 555 καὶ
778 527 809 562 δὴ
829 526 948 562 ἔφασκεν

153 574 190 605 ὡς
204 574 272 609 πρὸς
289 573 334 600 τὸν
361 573 428 599 Θεὸν
442 573 489 599 καὶ
508 573 635 608 Πατέρά-
657 583 666 599 ι
691 573 896 605 Ἐξαπόστειλον
917 573 947 599 τὺ

153 619 212 652 φῶς
238 627 286 645 σου
314 619 361 645 καὶ
387 618 438 654 τὴν
453 618 583 654 ἀλήθειάν
608 626 666 645 σου.
688 627 697 643 ι
726 619 805 645 Ποῖον
830 616 877 644 οὖν
892 618 946 653 ἄρα
963 627 970 634 ·

154 665 212 691 ἐστὶ
235 665 266 690 τὸ
290 664 364 698 φῶς,
380 664 444 690 ποία
470 664 532 699 δὲὴ
555 664 688 699 ἀλήθεια,
714 664 797 691 αὑτοῦ
821 663 946 698 λέγοντος

153 709 235 736 ἄκουε
249 709 296 736 τοῦ
315 709 378 736 Υἰιῦ
388 718 394 724 ·
416 719 425 735 ι
442 709 512 743 Ἐγώ
527 709 584 744 εἰμι
595 709 624 736 τὸ
637 709 703 744 φῶς,
721 710 766 736 καὶ
789 709 843 743 ἐγώ
857 710 915 744 εἰμι
928 711 944 745 ἡ

148 756 281 792 ⁴ἀλήθεια·
298 766 307 782 ι
338 757 370 782 Εί
387 756 415 782 δὲ
439 756 578 791 πέμπεται
600 756 668 792 πρὸς
685 757 758 792 ἡμᾶς
774 756 803 782 τὸ
821 756 879 790 φῶς
897 756 944 782 καὶ

153 803 169 836 ἡ
183 801 296 837 ἀλήθεια
313 801 359 828 τοῦ
377 801 499 836 Πατρδς,
516 800 588 827 τοῦτ’
603 801 676 828 ἔστιν
693 801 708 827 ό
723 801 798 833 Υἱὸς,
818 801 876 832 πῶς
895 802 943 837 οὑχ

152 847 244 882 ἕτερΰς
269 848 326 873 ἐστι
344 848 408 882 παρ’
422 846 512 879 αὑτὸν,
526 847 587 873 ὅσον
602 847 642 878 εἰς
658 846 688 873 τὸ
702 846 775 878 ἰδίως
799 847 941 882 ὑπάρχειν,

151 895 176 920 εἱ
191 895 237 920 καὶ
251 894 280 920 ἓν
293 894 366 920 ἐστιν
388 893 425 925 ὡς
449 893 518 928 πρὸς
541 893 632 925 αὑτὸν,
649 893 713 920 ὅσον
725 894 765 925 εἰς
775 893 824 929 τὴν
837 894 887 928 τῆς
897 894 942 920 ού-

152 939 213 970 σίας
224 939 390 973 ταυτότητα;
406 939 437 965 Et
452 937 506 974 γὰρ
522 938 559 973 μὴ
573 937 659 970 οὕτως
669 937 739 973 ἔχειν
746 938 846 965 οἴονταί
858 947 939 972 τινες,

150 986 164 1012 ὁ
176 986 256 1017 αὐτὸς
271 985 300 1011 δὲ
315 985 363 1011 καὶ
377 982 417 1015 εἷς
439 985 497 1011 ἐστι
521 984 616 1019 Πατὴρ
633 984 681 1010 καὶ
695 984 769 1016 Υίδς,
786 984 814 1010 τί
831 984 868 1020 μὴ
884 984 942 1011 ἕτε-

152 1040 199 1066 ρον
218 1031 335 1057 ἐποιεῖτο
351 1030 395 1056 τὸν
416 1030 465 1064 τῆς
478 1029 560 1064 εὐχῆς
574 1029 674 1065 τρόπον
687 1029 702 1056 δ
720 1029 942 1065 πνευματοφόρος

151 1076 230 1111 βοῶν·
251 1076 328 1102 Ἐλθὲ
343 1075 410 1111 πρὸς
425 1071 539 1110 ἡμᾶςμῦ
551 1074 674 1108 φῶς,;καὶ
683 1074 815 1109 mem;
833 1074 942 1110 Ἐπειδὴ

149 1122 177 1148 δὲ
198 1121 229 1148 τὺ
255 1121 475 1154 ἐξαπόστειλσν
495 1120 588 1152 λέγει,
604 1120 683 1155 δῆλος
711 1120 745 1147 ἂν
770 1121 813 1155 εἴη
839 1120 942 1152 λοιπὸν,

1003 305 1051 332 per
1074 298 1162 325 solum
1185 298 1332 325 adventum
1360 297 1420 326 lt‘ilii
1445 298 1509 333 Dei,
1539 298 1585 334 qui
1614 298 1693 325 facile
1720 298 1786 324 illud

1001 348 1096 378 posset
1113 343 1140 370 in
1151 344 1224 378 quod
1241 344 1323 372 vellet
1340 343 1501 372 reformare.
1518 344 1653 377 Quocirca
1668 343 1738 370 mitti
1753 343 1786 370 ad

1000 397 1050 417 nos
1073 389 1173 416 Filium
1191 390 1316 425 rogabat.
1339 390 1457 416 maxime
1481 397 1543 416 cum
1573 390 1651 417 solus
1678 394 1787 417 servare

999 439 1093 470 posset
1109 435 1208 463 diaboli
1227 436 1319 463 manui
1339 443 1371 463 ac
1384 435 1523 471 tyrannidi
1541 435 1686 462 subditos:
1702 435 1786 462 adeo-

998 489 1052 516 que
1066 483 1140 510 velut
1161 481 1194 509 ad
1216 482 1301 509 Deum
1327 489 1359 509 ac
1382 481 1491 509 Patrem
1516 480 1644 508 dicebat:
1659 490 1669 506 α
1688 480 1787 508 Emitte

998 528 1086 555 lucem
1116 531 1202 560 tuam,
1229 532 1256 556 et
1286 529 1427 556 veritatem
1455 532 1529 554 tuam
1548 526 1584 554 ”.
1610 538 1620 552 ›
1656 526 1785 559 Qua-imm

996 573 1082 608 igitur
1098 573 1134 600 sit
1154 573 1199 600 illa
1217 574 1273 606 lux,
1291 579 1317 601 et
1333 581 1457 608 quaenam
1478 573 1592 604 veritas,
1614 572 1704 607 ipsum
1722 572 1785 599 audi

997 618 1096 646 Filium
1113 620 1271 647 (licentem:
1291 631 1300 646 ι
1321 621 1377 656 Εςο
1390 628 1449 648 sum
1468 620 1524 651 lux,
1541 623 1567 646 et
1586 626 1638 653 ego
1661 626 1720 645 smn
1739 625 1786 644 ve-

996 665 1064 691 ritas
1073 664 1108 692 δο.
1127 675 1136 690 ι
1152 665 1229 698 Quod
1254 666 1276 693 si
1305 666 1338 692 ad
1357 673 1407 693 nos
1429 665 1549 692 mittitur
1569 665 1614 691 lux
1633 667 1660 691 et
1685 663 1787 690 veritas

996 709 1095 742 Patris,
1111 710 1164 738 hoc
1181 715 1224 738 est
1241 711 1340 743 Filius,
1359 711 1498 747 quomodo
1527 718 1583 738 non
1600 709 1670 736 alius
1696 713 1737 735 est
1752 709 1787 734 ab

995 756 1152 791 ipso,quod
1171 757 1204 784 ad
1228 757 1369 792 propriam
1392 757 1555 793 liypostasin
1582 756 1698 786 attinet,
1722 755 1786 782 licet

994 810 1079 829 unum
1096 803 1130 830 sit
1145 810 1215 830 cum-
1232 805 1293 838 ipso
1317 803 1461 830 identitate
1485 802 1664 830 substantim?
1680 801 1747 827 Nam
1762 799 1785 826 εἰ

994 848 1105 883 quidam
1122 849 1159 875 ita
1174 857 1230 876 rem
1245 857 1307 876 esse
1327 857 1381 876 non
1396 848 1568 880 existimant,
1581 851 1608 874 et
1620 846 1690 874 idem
1703 849 1786 880 atque

994 902 1065 922 unus
1075 898 1118 922 est
1128 894 1212 922 Pater
1223 903 1254 922 ac
1264 895 1352 923 Filius
1366 903 1372 921 :
1386 895 1483 930 quidni
1493 895 1547 922 alio
1561 893 1690 929 precandi
1704 892 1785 919 modo

994 941 1121 969 utebatur
1131 941 1224 968 divino
1238 941 1342 976 Spiritu
1356 939 1462 968 amatus
1487 939 1633 967 Psalinista
1643 937 1783 965 clamans:

993 987 1062 1014 Veni
1078 987 1121 1014 ad
1136 994 1196 1020 nos,
1213 994 1231 1014 ο
1244 987 1292 1013 lux
1312 990 1340 1013 et
1364 985 1486 1013 veritas?
1505 985 1572 1012 Cum
1597 988 1689 1010 autem
1711 982 1785 1008 mille

994 1033 1083 1064 dicat,
1105 1033 1198 1068 utique
1223 1033 1308 1059 alium
1335 1031 1481 1067 quemdam
1501 1031 1579 1058 novit
1601 1029 1648 1064 qui
1679 1027 1782 1055 mittat.

995 1079 1090 1111 alium,
1113 1078 1159 1113 qui
1180 1077 1315 1105 mittatur.
1332 1077 1385 1105 Sed
1409 1076 1551 1105 missionis
1573 1074 1672 1102 modus
1687 1081 1736 1108 pro
1751 1079 1784 1098 eo

995 1131 1027 1151 ac
1043 1123 1127 1151 Deum
1142 1124 1222 1151 decet
1235 1123 1415 1159 intelligatur.

149 1167 242 1202 ἕτερον
266 1166 316 1201 μέν
335 1174 396 1193 τινα
410 1165 608 1193 ἀποστέλλοντα
627 1165 705 1197 εἰδὼς
716 1186 724 1199 ,
737 1165 831 1201 ἕτερον
849 1165 878 1192 δὲ
893 1166 939 1194 τὸν
957 1168 1188 1204 ἀποστελλόμενον
1199 1177 1205 1184 ·
1238 1169 1253 1196 ὁ
1268 1168 1297 1195 δὲ
1312 1169 1362 1204 τῆς
1392 1167 1543 1202 ἀποστολῆς
1557 1167 1656 1203 τρόπος
1670 1163 1783 1192 νοείσθω

149 1211 320 1246 Θεοπρεπῶς.

186 1259 302 1285 ’ΛΛΛΟ.
322 1258 360 1285 Δι’
377 1258 441 1285 Υἱοῦ
458 1257 623 1293 πεποιῆσθαι
637 1258 672 1285 τὰ
691 1258 780 1285 πάντα
802 1250 884 1294 φασιν
908 1259 938 1286 αἱ

149 1305 221 1331 θεῖαι
244 1305 350 1340 Γραφιὶ
375 1305 409 1331 τὰ
426 1304 511 1339 ὁρατὰ
528 1305 575 1331 καὶ
594 1305 629 1331 τὰ
653 1304 768 1340 ἀόρατα,
783 1305 817 1332 τὰ
839 1305 868 1331 ὲν
887 1306 943 1337 τοῖς

149 1351 275 1386 οὐρανοῖς
299 1351 392 1377 καὶτὰ
409 1351 455 1377 ἐπὶ
471 1350 518 1386 τῆς
539 1350 600 1385 γῆς,
621 1350 667 1377 καὶ
681 1349 752 1377 οὕτω
771 1350 943 1383 πιστεύοντες

150 1397 178 1423 ὲν
196 1396 322 1432 ὀρθότητι
338 1396 487 1432 λογισμῶν,
497 1396 543 1423 καὶ
560 1397 613 1423 τῶν
627 1397 677 1431 τῆς
689 1396 829 1429 εὐσεϐείας
841 1397 954 1433 δόγμα-τ

149 1450 203 1468 των
221 1443 286 1468 εἵσω
309 1442 465 1477 βεϐήκαμεν
483 1443 506 1469 oi
527 1442 576 1477 τῆς
592 1441 722 1478 ἀληθείας
742 1443 938 1478 προσκυνηταί.

150 1488 254 1514 Οἰκοῦν
265 1487 435 1522 ἐξετάσωμεν
446 1487 477 1514 τὺ
494 1487 543 1514 διὰ
556 1488 608 1515 τοῦ
628 1488 707 1521 Υίοῦ,
721 1489 768 1515 καὶ
780 1489 859 1515 ποίαν
872 1489 939 1524 ἡμῖν

149 1533 271 1568 εἰσφέρει
283 1533 332 1568 τὴν
345 1533 463 1560 διάνοιαν
476 1534 676 1570 ὲρευνήσωμεν.
695 1530 763 1560 Ἀλλ’
778 1534 834 1561 ἔστι
850 1534 939 1569 δῆλον,

149 1580 185 1611 ὡς
198 1581 290 1616 ἕτερον
305 1581 354 1616 μέν
370 1590 431 1609 τινα
442 1582 511 1608 νοεῖν
525 1581 665 1608 ἀναπείθει
679 1582 724 1608 τὸν
739 1582 866 1610 ποιοῦντα
890 1582 938 1609 καὶ

149 1626 343 1662 ἐργαζόμενον,
358 1627 450 1662 ἕτερον
463 1627 491 1654 δέ
510 1636 570 1654 τινα
582 1627 627 1654 τὸν
637 1628 676 1654 δι’
688 1625 719 1655 οὗ
735 1628 770 1655 τὰ
792 1629 879 1656 πάντα
892 1631 938 1664 ὲρ-

149 1671 270 1705 γάζεται.
287 1672 338 1699 Δύο
353 1672 407 1708 γὰρ
427 1673 582 1708 προσώπων
597 1673 634 1705 ὡς
658 1673 687 1707 ἐξ
708 1674 830 1709 ἀνάγκης
851 1674 941 1710 παρά-

151 1727 244 1745 στασιν
273 1718 329 1753 ἔχει
358 1719 401 1745 τὸ·
415 1719 454 1746 δι’
477 1719 546 1746 Υιοῦ
567 1719 583 1755 ἢ
612 1719 764 1754 λεγέτωσαν
787 1720 857 1747 κατὰ
876 1721 940 1748 τίνα

149 1763 248 1799 τρόπον
261 1764 292 1790 τδ
306 1764 334 1790 ἓν
349 1764 386 1796 ὡς
402 1765 431 1791 ἒν
449 1764 570 1800 ἀριθμῷ,
582 1766 629 1792 καὶ
641 1766 673 1800 τῇ
689 1765 749 1792 κατ’
765 1765 845 1797 αὐτὸν
860 1766 941 1793 ποσό-

149 1817 209 1844 τητι
230 1810 260 1836 ὲν
283 1809 322 1845 τῷ
347 1818 374 1836 τι
395 1811 482 1837 ποιεῖν
497 1811 635 1845 λέγεσθαι,
650 1811 731 1846 τὸῂδι*
751 1811 818 1838 Ποῦ
840 1811 942 1847 κυρίως

149 1856 195 1882 καὶ
220 1856 327 1891 ἀληθῶς
347 1856 514 1890 ὲπιδέξεται,
532 1857 638 1889 οὐδενὸς
653 1857 747 1892 ἑτέρου
767 1865 940 1884 συνεπινοου-

151 1901 230 1936 μένου
255 1903 302 1928 καὶ
329 1903 561 1937 συνειστρέχοντος
582 1911 589 1918 ο
605 1903 663 1930 ἀλλ’
687 1900 762 1937 οἶμαι
801 1903 940 1935 παντελῶς

149 1949 298 1982 ἀπορήσειν
313 1948 375 1980 τοὺς
390 1947 422 1974 δι’
437 1948 569 1979 ἐναντίας.
589 1948 694 1984 Ἐπειδὴ
711 1949 738 1975 δὲ
762 1949 809 1975 τὸν
832 1949 940 1984 Πατέρα

149 1995 180 2021 δι’
196 1995 262 2022 Υἱοῦ
281 1995 315 2022 τὰ
336 1995 425 2021 πάντα
442 1994 594 2030 είργάσθαι,
606 1995 652 2021 καὶ
668 1995 746 2027 αὑταὶ
760 1995 939 2030 κηρύττουσιν

149 2042 175 2068 αξ
191 2041 262 2068 θεῖαι
274 2041 392 2077 Γραφαὶ,
410 2041 458 2067 καὶ
474 2042 555 2076 ἡμεῖς
571 2040 751 2076 πιστεύομεν,
765 2039 842 2076 οἶμαι
856 2041 883 2067 δὲ
898 2041 939 2067 ὅτι

149 2087 273 2116 κακεῖνος
283 2094 289 2100 ·
304 2085 363 2116 πῶς
382 2086 432 2112 οὐκ
453 2085 559 2120 ἀνάγκη
583 2086 652 2111 νοεῖν
669 2085 778 2121 Πατέρα
791 2085 841 2120 μὲν
855 2085 936 2118 ίδίως,

149 2130 186 2162 ὡς
202 2130 263 2156 καθ’
280 2130 376 2157 ἑαυτὸν
405 2130 565 2164 ὑφεστᾶναι.
582 2129 646 2156 Υἱὸν
664 2129 692 2156 δὲ
720 2129 799 2156 πάλιν
826 2130 937 2165 ὁμοίως,

149 2177 197 2202 οὐκ
212 2176 412 2211 ἀνατρέποντος
426 2175 520 2202 τούτου
536 2175 565 2202 τὸ
579 2176 607 2202 ἐν
622 2175 763 2210 ταυτότητι
780 2176 829 2211 τῆς
845 2176 939 2207 οὐσίας

149 2222 196 2257 τὴν
208 2223 288 2256 ἁγίαν
303 2222 418 2256 ὁρᾶσθαι
435 2221 536 2258 Τριάδα
549 2230 556 2254 ;

454 2278 580 2304 ΚΕΦΛΛ.
601 2278 637 2304 Ρ.

149 2321 207 2348 Ὅτι
223 2322 294 2354 Θεὸς
310 2322 385 2349 κατὰ
397 2322 499 2356 φύσιν,
518 2322 565 2348 καί
579 2321 642 2348 κατ’
653 2321 761 2348 οὐδένα
782 2321 901 2355 τρόπον,
915 2321 934 2356 ἣ

181 2358 322 2390 ἐλάττων,
337 2358 356 2390 ἣ
369 2357 508 2391 ἀνόμοιός
520 2357 585 2383 ἐστι
599 2356 650 2384 τοῦ
664 2356 779 2390 Πατρός
790 2358 805 2383 ό
821 2358 897 2389 Υἱός.

389 2403 442 2430 Kal
465 2403 536 2436 Θεὸς
553 2401 593 2437 ἦν
607 2404 623 2430 ὁ
638 2403 742 2437 Λόῴος.

182 2450 239 2477 Οὐκ
253 2449 387 2485 ἠγνόησεν
401 2450 415 2476 ὁ
430 2449 666 2485 πνευματοφόρος,
684 2449 722 2480 ὡς
741 2449 937 2484 ἀναστήσονται

147 2503 218 2526 τινες
240 2496 269 2521 ὲν
290 2495 413 2530 ἐσχάτοις
434 2496 540 2530 καιροῖς
563 2495 611 2530 τῆς
627 2494 672 2521 τοῦ
691 2494 859 2529 Μονογενοῠς
872 2503 938 2521 κατ-

148 2540 309 2576 ηγοροῦντες
322 2540 430 2572 οὐσίας,
458 2541 504 2567 καὶ
525 2541 569 2579 τὸν
592 2541 762 2575 ἀγοράσαντα
776 2541 874 2572 αὐτοὺς
891 2543 938 2567 Δε-

150 2586 251 2620 σπότην
267 2585 444 2621 ἀρνούμενοι,
464 2585 507 2612 διὰ
527 2585 573 2612 τοῦ
589 2585 659 2612 κατὰ
676 2585 755 2620 φύσιν
778 2586 881 2612 οἴεσθαι
899 2585 936 2621 μὴ

149 2629 216 2658 εἶναι
232 2631 297 2657 Θεὸν
312 2631 357 2658 τὸν
370 2632 402 2658 ὲκ
420 2630 486 2657 Θεοῦ
500 2631 547 2657 καὶ
563 2631 667 2666 [ἰατρὸς
684 2631 822 2667 πεφηνότα
838 2631 933 2665 Λόγον,

149 2677 214 2703 ἀλλὰ
230 2677 306 2704 νόθον
321 2677 416 2711 ὥσπερ
430 2677 490 2703 τινὰ
514 2676 560 2702 καὶ
575 2676 748 2711 ψευδώνυμον
764 2677 828 2710 ἡμῖν
843 2677 935 2702 ἔπεισε

149 2722 293 2758 φέρεσθαι,
319 2721 349 2749 τὸ
376 2722 425 2756 μὲν
451 2722 501 2756 τῆς
527 2722 649 2756 υἱότητός
679 2729 709 2748 τε
738 2721 785 2747 καὶ
809 2720 934 2756 Oed-tnta;

148 2769 231 2803 ὃνομα
254 2767 445 2803 περικείμενον
455 2788 461 2799 ,
485 2767 581 2802 ἔχοντα
594 2767 621 2794 δὲ
638 2768 687 2801 οὐχ
703 2766 772 2793 οὕτω
785 2766 855 2793 κατὰ
870 2766 936 2800 ἀλή-

148 2814 233 2841 θειαν.
251 2814 365 2849 ’Ὀμοιόν
381 2822 407 2840 τι
420 2813 541 2840 ποιοῦσιν
561 2814 585 2839 οἱ
602 2813 650 2848 τὴν
658 2812 761 2848 Ἀρείου
777 2812 935 2838 δυσσέϐειαν

183 2904 205 2920 ³³
225 2904 297 2932 Psal.
318 2911 391 2937 xui,
407 2903 434 2930 5.
472 2901 582 2929 u’Joan.
604 2901 723 2934 vnum;
746 2909 799 2935 xiv,
815 2900 840 2927 6.

951 2291 973 2318 Ι)

1028 1255 1144 1284 ALIUD.
1176 1255 1228 1283 Per
1256 1255 1356 1283 Filium
1387 1255 1535 1291 Scriptura:
1563 1255 1662 1283 divinas
1689 1257 1784 1283 omnia

992 1300 1065 1327 facta
1085 1307 1147 1327 esse
1169 1299 1278 1332 dicunt,
1299 1300 1419 1328 visibilis
1435 1304 1463 1327 et
1476 1300 1634 1332 invisibilia,
1659 1301 1781 1328 cmlestia

993 1353 1024 1373 ae
1038 1349 1146 1373 terrena
1160 1352 1167 1372 :
1182 1349 1265 1380 atque
1279 1345 1316 1372 ita
1333 1344 1481 1373 credentes
1501 1345 1553 1380 ιθ
1567 1345 1594 1372 in
1612 1345 1782 1373 rectitudine

993 1391 1126 1419 doctrina:
1149 1395 1175 1418 et
1203 1391 1315 1425 pietatis
1338 1390 1497 1426 dogmatum
1522 1390 1676 1418 incedimus
1701 1395 1781 1426 quot-

993 1439 1059 1470 quot
1074 1435 1218 1462 veritatem
1238 1435 1365 1462 colimus.
1385 1434 1580 1469 Expendamus
1597 1435 1681 1469 igitur
1701 1435 1779 1467 illud,

991 1488 1038 1515 per
1053 1479 1166 1512 Filium,
1184 1484 1211 1508 et
1226 1480 1335 1515 qualem
1353 1480 1433 1508 nobis
1449 1487 1562 1507 sensum
1585 1480 1684 1507 inferat
1702 1480 1782 1507 inda-

993 1535 1098 1562 gemus.
1121 1526 1203 1561 Atqui
1222 1525 1400 1554 manifestum
1423 1530 1465 1554 est
1488 1526 1571 1553 alium
1589 1527 1697 1561 quidem
1715 1533 1781 1554 cen-

994 1573 1110 1600 sendum
1139 1580 1201 1601 esse
1230 1580 1293 1600 eum
1317 1572 1364 1607 qui
1392 1571 1458 1600 facit
1481 1577 1507 1599 et
1533 1576 1675 1606 operatur,
1696 1573 1779 1599 alium

953 1612 974 1640 C
990 1626 1055 1646 vero
1072 1625 1135 1646 eum
1153 1626 1200 1654 per
1214 1625 1295 1654 quem
1314 1619 1443 1659 uniuersa
1457 1622 1598 1653 operatur.
1616 1617 1690 1645 Duas
1706 1618 1778 1646 enim

991 1672 1124 1700 personas
1142 1664 1301 1693 necessario
1327 1664 1408 1692 nobis
1431 1664 1543 1691 exhibet
1567 1664 1645 1696 illud,
1662 1672 1708 1698 per
1725 1663 1779 1690 Fi-

991 1712 1078 1738 lium:
1093 1711 1242 1739 autdicant
1258 1718 1314 1746 quo
1333 1714 1414 1746 pacto
1430 1710 1510 1743 illud,
1525 1718 1571 1745 per
1585 1710 1698 1742 Filium,
1716 1718 1780 1746 pro-

990 1757 1049 1791 prie
1066 1763 1097 1784 ac
1111 1764 1176 1785 vere
1187 1757 1215 1784 in
1232 1764 1262 1784 re
1276 1756 1403 1784 facienda
1420 1764 1504 1784 unum
1520 1763 1636 1784 numero
1654 1761 1680 1784 et
1695 1764 1779 1791 quan-

990 1801 1070 1829 titate
1084 1801 1298 1836 complectetur,
1315 1801 1339 1829 si
1356 1800 1425 1828 nihil
1449 1800 1524 1828 aliud
1544 1801 1625 1828 simul
1641 1801 1778 1835 intelliga-

991 1852 1035 1875 tur
1047 1851 1076 1875 et
1091 1847 1126 1875 ad
1143 1843 1315 1882 operandum
1340 1850 1508 1880 concurrat;
1532 1850 1560 1873 at
1585 1846 1631 1873 hic
1655 1846 1779 1874 lia‘suros

990 1894 1072 1930 plane
1090 1893 1264 1921 adversarios
1288 1896 1366 1928 puto.
1390 1893 1459 1920 Cum
1484 1896 1578 1920 autem
1602 1892 1709 1920 Patrem
1730 1900 1779 1927 per

990 1939 1088 1966 Filium
1116 1939 1207 1966 omnia
1235 1939 1335 1967 fecisse
1359 1942 1387 1966 et
1414 1939 1480 1973 ipsa:
1501 1938 1601 1965 divinae
1630 1937 1778 1972 Scriptum

990 1983 1151 2020 pradicent,
1173 1987 1201 2010 et
1215 1990 1266 2010 nos
1281 1983 1437 2016 credamus,
1457 1982 1548 2017 itaque
1563 1989 1613 2017 ego
1629 1986 1749 2009 statuam
1769 1991 1775 2009 :

989 2037 1083 2058 nonne
1103 2036 1214 2057 necesse
1235 2033 1277 2056 est
1295 2029 1446 2064 intelligere
1462 2028 1569 2056 Patrem
1588 2028 1698 2063 quidem
1713 2036 1777 2063 pro-

989 2079 1048 2112 prie
1065 2077 1091 2104 in
1116 2084 1146 2104 se
1162 2075 1330 2106 subsistere,
1352 2081 1384 2101 ac
1407 2075 1533 2102 similiter
1553 2074 1668 2103 Filium,
1687 2081 1776 2109 neque

990 2123 1016 2150 id
1041 2122 1153 2150 obstare
1179 2121 1329 2156 quominus
1355 2124 1451 2147 sancta
1470 2119 1589 2147 Trinitas
1606 2118 1776 2154 intelligatur

989 2169 1017 2196 in
1033 2168 1176 2196 identitate
1194 2166 1375 2195 substantiae?

1297 2266 1373 2294 CAP.
1401 2265 1447 2292 lll.

989 2313 1065 2346 Quod
1092 2312 1160 2340 Deus
1179 2313 1321 2340 secundum
1343 2318 1481 2342 naturam,
1503 2319 1548 2338 nec
1568 2311 1622 2337 ulla
1639 2311 1715 2338 modo
1728 2315 1774 2338 aut

1097 2350 1194 2380 minor,
1210 2353 1256 2374 aut
1270 2347 1410 2375 dissimilis
1428 2346 1508 2373 Patri
1521 2347 1556 2373 sit
1571 2346 1668 2373 Filius.

1163 2396 1190 2429 1,
1214 2395 1238 2422 1.
1259 2394 1293 2421 Et
1310 2394 1380 2421 Deus
1398 2398 1454 2420 erat
1476 2392 1597 2420 Verbum.

1024 2441 1082 2469 Non
1101 2441 1236 2477 ignoravit
1248 2439 1342 2467 divino
1359 2439 1462 2474 Spiritu
1483 2438 1589 2465 afllatus
1606 2436 1773 2471 evangelista

988 2489 1135 2523 postremis
1151 2486 1320 2522 temporibus
1334 2485 1510 2514 suborituros
1525 2484 1633 2518 aliquos
1649 2483 1695 2517 qui
1709 2482 1774 2509 sub-

989 2535 1097 2562 stantia:
1111 2529 1249 2568 Unigeniti
1265 2533 1458 2563 detraherent,
1483 2534 1510 2557 et
1525 2529 1669 2556 Dominum
1687 2535 1702 2554 a
1718 2535 1773 2562 quo

989 2580 1121 2614 redempti
1137 2585 1201 2606 sunt
1223 2583 1374 2614 negarent,
1397 2585 1457 2605 eum
1475 2575 1623 2604 secundum
1645 2579 1772 2601 naturam

989 2634 1042 2653 non
1058 2633 1118 2653 esse
1130 2625 1212 2652 Deum
1227 2633 1259 2652 ex
1277 2625 1332 2652 Deo
1343 2628 1369 2651 ct
1383 2624 1463 2651 Patre
1475 2622 1596 2657 genitum
1613 2620 1772 2650 asserenda.

988 2673 1035 2700 sed
1050 2672 1173 2708 spurium
1192 2671 1271 2698 nobis
1286 2670 1369 2698 veluti
1381 2669 1526 2704 quemdam
1540 2671 1566 2694 et
1578 2667 1639 2694 falsi
1653 2665 1773 2693 nominis

988 2719 1159 2751 invehendo,
1182 2718 1322 2745 ﬁliationis
1348 2717 1458 2752 quidem
1481 2723 1512 2742 ac
1532 2713 1642 2742 deitatis
1661 2711 1774 2739 nomine

988 2765 1154 2798 redimitum,
1172 2764 1220 2791 sed
1235 2763 1270 2790 ita
1288 2771 1317 2790 se
1332 2770 1427 2790 revera
1443 2769 1495 2790 non
1511 2761 1666 2788 habentem.
1678 2756 1774 2784 Simile

988 2811 1118 2847 quiddam
1144 2810 1269 2843 faciunt,
1293 2809 1340 2844 qui
1366 2807 1508 2836 Judaicam
1528 2806 1584 2833 Arii
1602 2803 1770 2839 impietatem
