2030 3122
233 189 268 218 39
353 177 358 179 Δ
744 188 772 214 S.
794 186 931 215 CYRILLl
949 183 1182 213 ALEXANDRINI
1200 185 1357 213 ARCHIEP.
1827 185 1861 213 ιο

235 245 340 275 intimis
355 246 514 282 praecordiis
538 252 732 282 susceperunt,
747 247 919 283 proindcque
937 251 964 275 et
986 246 1020 274 de

1077 244 1224 281 Ἱουδαῖκὴν
1244 246 1284 278 εἰς
1301 247 1348 272 τὸν
1363 245 1467 272 ἑαυτῶν
1482 244 1672 276 εἰσοικίζοντες
1689 243 1760 277 νοῦν,
1777 244 1816 272 διὸ
1829 245 1860 280 δὴ

235 297 345 320 mortuo
362 292 446 320 corde
468 292 615 328 proferunt
641 301 695 321 non
718 293 854 321 viviﬁcum
883 296 934 328 piae
954 300 1021 321 con-

235 338 424 372 templationis
438 338 565 381 verbum,‘
579 338 627 366 sed
637 338 829 373 quodcunque
844 338 877 366 ad
905 342 1020 368 mortem

236 382 325 411 tendit
345 390 377 411 ac
394 383 508 418 respicit
522 393 528 411 ε
547 392 556 409 ι
579 382 683 419 Sagitta
699 383 800 418 quippe
814 387 855 410 est
871 383 1021 410 vulnerans

235 429 329 464 lingua
340 436 453 461 eorum;
467 428 563 456 dolosa
575 429 658 457 verba
674 430 731 456 oris
745 436 841 456 eorum
857 428 890 455 “.
913 438 922 454 ι
936 428 1021 462 Quasi
1038 452 1042 458 ,

234 482 301 510 ergo
315 475 372 509 jam
389 474 417 502 in
441 474 570 502 veritatis
585 474 669 501 verba
689 477 850 509 exsurgeret
867 473 978 508 aliquis,
995 477 1022 500 ct

236 523 362 548 sanctum
388 519 585 555 evangelistam
602 519 638 546 ita
656 518 852 554 propemodum
877 518 1023 552 compella-

237 570 279 593 ret
298 574 304 591 :
320 569 380 594 erat
401 565 510 600 quidem
533 564 666 598 Verbum,
687 572 704 592 ο
720 565 801 597 bone,
824 564 896 599 apud
921 563 1021 597 Deum;

237 617 315 640 esto:
335 612 384 638 tibi
397 612 469 645 enim
485 611 537 639 ista
551 610 684 639 scribenti
697 610 846 637 credimus.
868 610 910 637 Sit
931 613 1021 637 autem

237 662 265 685 et
286 657 421 686 subsistat
437 657 519 684 Pater
534 657 657 692 proprie,
677 656 798 691 itemque
822 655 909 684 Filius
925 655 1023 682 simili~

238 708 280 731 ter
293 711 303 734 ε,
312 703 448 738 quodnam
461 710 526 738 ergo
536 702 590 737 20
602 702 757 730 secundum
768 705 894 728 naturam
905 700 1023 728 Verbum

237 755 298 775 csse
316 747 467 782 putandum
484 747 548 775 est?
568 747 635 774 lllud
652 747 736 780 enim,
750 754 810 775 esse
834 746 906 782 apud
926 747 1022 780 Deum,

237 795 350 822 omnino
375 794 559 822 substantiam
583 801 639 821 non
665 793 811 828 signiﬁcat.
837 793 905 820 Cum
930 797 1023 820 autem

239 849 323 868 unum
350 840 436 868 Deum
457 839 607 875 Scriptura
629 839 728 867 divinae
753 839 923 874 prmdicent,
947 838 1023 865 Patri

239 886 290 914 soli
307 886 359 913 hoc
371 886 533 919 tribuemus,
551 885 622 921 apud
640 893 721 921 quem
734 890 794 913 erat
811 885 938 912 Verbum.
953 883 1024 917 Quid

239 933 272 960 ad
289 933 345 960 haec
358 933 441 968 igitur
454 934 492 960 ait
504 941 595 968 praeco
606 931 749 961 veritatis?
759 932 818 959 Non
832 932 921 959 solum
935 941 945 957 ι
960 931 1025 958 Erat

239 978 359 1007 Verbum
374 980 444 1015 apud
461 980 557 1012 Deum,
576 989 586 1005 ι
605 980 654 1007 sed
669 983 728 1006 erat
741 979 824 1006 etiam
843 979 924 1011 Deus,
945 982 975 1005 ut
991 986 1023 1006 ex

239 1033 272 1053 eo
292 1025 366 1060 quod
393 1029 435 1053 est
458 1025 530 1060 apud
556 1024 655 1057 Deum,
672 1025 742 1052 alius
767 1032 828 1052 esse
847 1031 862 1050 a
881 1023 962 1051 Patre
979 1031 1026 1051 co-

240 1075 400 1105 gnoscatur,
425 1075 453 1098 et
467 1071 553 1099 Filius
569 1071 680 1106 proprie
700 1070 856 1098 subsistere
875 1073 903 1096 et
922 1077 970 1106 per
994 1076 1026 1097 se

239 1116 382 1149 credatur;
407 1123 441 1143 ex
455 1123 488 1143 eo
502 1123 568 1143 vero
587 1115 661 1150 quod
678 1118 721 1143 est
738 1114 821 1147 Deus,
841 1114 1024 1142 consubstan-

240 1162 324 1194 tialis,
339 1165 366 1189 et
381 1169 414 1189 ex
435 1162 496 1196 ipso
517 1161 688 1196 intelligatur
701 1168 761 1188 esse
778 1159 927 1188 secundum
944 1164 1024 1187 natu-

240 1215 309 1239 ram,
326 1211 419 1242 utpote
436 1206 517 1238 Deus,
538 1209 565 1234 et
585 1214 617 1233 ex
633 1206 686 1234 Deo
702 1206 848 1233 exsislcns.
865 1204 936 1232 Fieri
951 1205 1024 1232 enim

240 1251 335 1286 nequit
353 1256 392 1284 ut,
412 1259 475 1278 cum
499 1259 553 1278 una
568 1251 672 1286 liquido
690 1251 726 1278 sit
741 1250 812 1285 apud
829 1250 956 1278 homines
981 1249 1024 1276 di-

240 1298 354 1330 vinitas,
368 1298 395 1325 in
411 1297 582 1324 identitatem
609 1296 770 1325 substantiae
794 1300 889 1323 sancta
905 1295 1025 1322 Trinitas

241 1351 297 1371 non
309 1344 458 1374 coalescat,
477 1347 558 1378 atque
573 1343 610 1370 ita
630 1342 658 1369 in
671 1350 754 1370 uuam
768 1342 879 1369 deitatis
889 1341 1024 1368 rationem

241 1387 386 1416 referatur.
413 1389 478 1416 Erat
500 1388 598 1424 igitur,
618 1392 646 1415 et
672 1388 743 1415 Deus
768 1392 862 1423 postea
889 1395 943 1415 non
963 1387 1022 1419 fuit,

242 1435 288 1462 sed
304 1435 370 1462 olim
384 1439 454 1466 erat,
472 1434 589 1461 maxime
607 1441 669 1461 cum
694 1434 779 1461 Deum
795 1441 855 1461 esse
869 1434 903 1461 ab
923 1438 1026 1460 artemo

241 1488 352 1515 quoque
367 1488 426 1508 esse
442 1485 637 1516 consequatur,
656 1480 881 1516 quandoquidem
901 1480 927 1507 id
952 1480 1024 1514 quod

243 1527 271 1553 in
286 1531 408 1561 tempore
430 1526 531 1554 factum
549 1531 600 1559 est,
616 1531 663 1554 aut
687 1535 702 1555 c
725 1527 810 1554 nihilo
827 1527 854 1554 in
870 1534 962 1554 rerum
979 1534 1027 1553 na-

1072 290 1119 318 xal.
1138 291 1192 317 ἀπὸ
1215 292 1314 326 νεκρᾶς
1348 290 1516 326 προφέρουσι
1537 289 1666 325 καρδίας,
1687 290 1717 316 οὐ
1732 290 1777 318 τὸν
1794 290 1862 323 ζωο-

1072 336 1148 362 ποιὸν
1163 336 1213 370 τῆς
1228 337 1357 368 εὐσεϐοῦς
1373 336 1489 371 θεωρίας
1505 335 1582 369 λόγον
1593 355 1600 367 ,
1626 335 1683 362 ἀλλ’
1703 336 1728 362 εἴ
1745 344 1772 368 τι
1794 335 1862 371 πρὸς

1072 383 1185 410 θάνατον
1194 384 1245 419 ὁρᾷ
1252 392 1282 410 τε
1294 383 1339 410 καλ
1351 383 1443 418 βλέπει
1453 390 1460 397 '
1477 383 1568 414 «Βολὶς
1580 382 1664 414 ὅντως
1675 382 1862 417 τιτρώσκουσα

1072 429 1088 463 ἡ
1101 428 1212 462 γλῶσσα
1226 429 1325 461 αὐτῶν,
1342 429 1418 456 δόλια
1431 427 1466 455 τὰ
1482 429 1592 463 ῥήματα
1603 427 1650 454 τοῦ
1667 427 1800 462 στόματος
1813 428 1862 454 αὺ-

1072 473 1153 501 τῶν.)
1168 474 1276 510 Ὥσπερ
1285 472 1331 501 οὖν
1341 474 1392 510 ἤδη
1405 474 1477 506 τινὸς
1491 475 1546 506 τοῖς
1557 474 1586 506 ἐξ
1600 473 1729 509 ἀληθείας
1743 473 1861 500 ἀντιτεί-

1072 528 1163 551 νοντος
1186 520 1306 555 ῥήμασι,
1334 520 1382 546 καὶ
1409 519 1549 555 μονονουχὶ
1574 519 1699 553 λέγοντος
1725 519 1793 554 πρὸς
1817 519 1863 545 τὸν

1073 565 1149 599 ἅγιον
1164 564 1369 600 εὐαγγελιστήν·
1385 562 1439 591 Ἥν
1453 565 1501 600 μὲν
1514 565 1528 591 ὁ
1542 564 1637 598 Λόγος,
1653 562 1675 591 ὦ
1688 561 1775 596 οὗτος,
1795 564 1863 599 πρὸς

1052 622 1059 628 ·
1072 610 1117 636 τὸν
1127 610 1203 643 Θεὸν,
1213 610 1260 637 καὶ
1268 611 1354 645 ἐχέτω
1365 610 1438 646 τῇδε·
1454 610 1582 645 πείθομαι
1595 610 1649 646 γὰρ
1660 611 1717 642 τοῖς
1733 611 1788 641 σοῖς
1799 610 1863 645 περὶ

1072 656 1167 683 τούτου
1185 656 1400 692 συγγράμμασιν
1410 664 1418 672 ·
1442 655 1513 683 ἔστω
1529 656 1568 688 δὲ,
1585 656 1632 682 καὶ
1648 655 1794 691 ὑπαρχέτω
1809 655 1864 682 Πα-

1072 702 1125 738 τὴρ
1141 703 1191 738 μὲν
1208 702 1297 734 ἰδίως,
1322 702 1386 734 Υἱὸς
1405 702 1433 729 δὲ
1450 702 1531 729 πάλιν
1547 702 1658 736 ὁμοίως.
1685 701 1753 728 Τίνα
1769 701 1802 736 δὴ
1817 698 1863 727 οὖν

1074 748 1206 784 ὑπάρχειν
1226 748 1330 775 οἴεσθαι
1351 749 1484 784 προσήκει
1504 748 1574 775 κατὰ
1587 748 1680 783 ’φύσιν
1698 748 1744 775 τὸν
1756 748 1842 782 Λόγον
1855 756 1872 779 ;,

1074 794 1111 821 Τὸ
1130 794 1184 829 γὰρ
1203 792 1272 821 εἶναι
1287 795 1358 830 πρὸς
1377 795 1458 827 Θεὸν,
1485 795 1515 821 οὺ
1534 795 1643 826 πάντως
1663 794 1719 830 ἔχει
1742 794 1790 821 καὶ
1813 793 1864 828 τῆς

1075 839 1167 872 οὐσίας
1179 841 1228 876 τὴν
1244 840 1371 876 δήλωσιν.
1388 841 1495 877 Ἐπειδὴ
1506 841 1532 867 δὲ
1541 841 1606 867 Θεὸν
1621 841 1670 867 Eva
1684 840 1864 875 κηρύττουσιν

1075 887 1102 912 αἱ
1122 885 1192 913 θεῖαι
1206 887 1321 921 Γραῳαὶ,
1337 887 1508 922 ἀναθήσομεν
1525 886 1604 913 τοῦτο
1626 886 1698 922 μόνῳ
1712 885 1750 920 τῷ
1763 885 1862 920 Πατρὶ,

1075 932 1143 966 πρὸς
1159 932 1188 958 ὃν
1200 930 1234 967 ἦν
1249 934 1262 959 ό
1273 933 1366 967 Λόγος.
1381 933 1414 959 Τί
1429 931 1475 960 οὖν
1489 934 1543 968 ἄρα
1557 933 1603 959 καὶ
1618 933 1686 968 πρὸς
1701 932 1780 959 τοῦτό
1796 940 1864 967 φησι

1074 979 1125 1013 τῆς
1135 970 1265 1014 ἀληθείας
1276 980 1291 1005 ό
1304 979 1391 1014 κήρυξ
1406 987 1413 1011 ;
1427 979 1464 1006 Οὐ
1483 979 1562 1013 μόνον
1579 988 1588 1005 ι
1603 976 1658 1005 Ἦν
1671 979 1685 1004 ό
1697 978 1784 1012 Λόγος
1796 977 1865 1013 πρὸς

1074 1024 1150 1057 Θεὸν,
1169 1034 1179 1051 ι
1197 1025 1254 1052 ἀλλ’
1269 1023 1304 1060 ἦν
1316 1025 1363 1052 καὶ
1376 1025 1452 1058 Θεὸς,
1470 1025 1512 1052 ἵνα
1525 1025 1570 1052 διὰ
1584 1025 1634 1060 μὲν
1646 1024 1693 1051 τοῦ
1711 1021 1779 1050 εἶναι
1796 1024 1864 1058 πρὸς

1074 1071 1149 1104 Θεὸν,
1168 1071 1260 1106 ἕτερος
1274 1071 1313 1097 ὢν
1335 1072 1410 1106 παρὰ
1432 1071 1478 1097 τὸν
1493 1071 1604 1105 Πατέρα
1620 1070 1797 1106 γνωρίζηται,
1816 1069 1865 1095 καί

1075 1115 1138 1147 Υίὸς
1156 1116 1289 1152 ὑπάρχειν
1307 1117 1360 1152 ίδίᾳ
1378 1117 1426 1143 καὶ
1439 1115 1498 1143 καθ’
1513 1116 1610 1143 ἑαυτὸν
1627 1114 1800 1150 πιστεύηται·
1819 1114 1864 1140 διὰ

1074 1161 1102 1188 δὲ
1118 1161 1165 1188 τοῦ
1183 1159 1254 1188 εἶναι
1271 1162 1347 1194 Θεὸς,
1365 1161 1508 1197 ὁμοούσιός
1522 1169 1552 1188 τε
1565 1161 1612 1187 καὶ
1627 1160 1656 1193 ἐξ
1672 1160 1754 1187 αὐτοῦ
1773 1161 1865 1194 νοῆται

1075 1207 1144 1233 κατὰ
1159 1207 1253 1241 φύσιν,
1267 1207 1314 1234 διτε
1328 1207 1360 1242 δὴ
1372 1208 1418 1234 καὶ
1432 1207 1511 1239 Θεὸς,
1529 1208 1576 1234 καὶ
1590 1207 1621 1233 ὲκ
1635 1206 1703 1233 Θεοῦ
1715 1205 1863 1242 προελθών.

1081 1253 1232 1288 ’Λμήχανον
1240 1253 1305 1288 γὰρ,
1315 1254 1378 1288 μιᾶς
1389 1251 1457 1280 εἶναι
1468 1253 1542 1289 παρὰ
1554 1254 1636 1280 πᾶσιν
1647 1251 1865 1288 ὁμολογουμένης

1075 1298 1216 1334 θεότητος,
1242 1299 1279 1334 μὴ
1304 1299 1412 1331 πάντως
1436 1300 1476 1332 εἰς
1507 1299 1661 1334 ταυτότητα
1684 1298 1790 1334 φύσεως
1816 1297 1866 1332 τὴν

1076 1345 1156 1379 ἁγίαν
1170 1346 1324 1373 ἀναϐαίνειν
1342 1344 1460 1381 Τριάδα,
1489 1346 1573 1377 οὕτως
1587 1354 1615 1372 τε
1635 1346 1674 1377 εἰς
1691 1345 1736 1372 τὸν
1755 1345 1802 1371 ἕνα
1815 1346 1866 1380 τῆς

1076 1391 1202 1426 θεότητος
1217 1391 1399 1427 ἀναφέρεσθαι
1413 1392 1501 1424 λόγον.
1528 1390 1582 1419 Ἦν
1599 1389 1645 1419 οὖν
1656 1411 1663 1423 ,
1691 1391 1739 1418 καὶ
1752 1390 1819 1423 Θεὸς
1831 1391 1863 1416 οὐ

1076 1439 1184 1472 γέγονεν
1198 1438 1326 1473 ὕστερον,
1341 1438 1410 1465 ἀλλὰ
1425 1439 1508 1465 πάλαι
1523 1436 1572 1473 ἦν,
1591 1439 1615 1464 εἱ
1631 1438 1677 1464 καὶ
1693 1438 1734 1464 ὅτι
1749 1437 1865 1473 μάλιστα

1076 1484 1114 1519 τῷ
1132 1482 1201 1510 εἶναι
1226 1483 1291 1510 Θεὸν
1313 1484 1490 1519 ἀκολουθήσει
1518 1484 1626 1515 πάντως
1649 1484 1694 1510 καὶ
1717 1483 1748 1510 τὸ
1773 1483 1866 1514 ἁῑδίως

1077 1529 1146 1557 εἶναι
1159 1538 1166 1546 ·
1185 1531 1246 1557 ἐπεὶ
1263 1530 1293 1557 τὸ
1317 1532 1346 1557 ἐν
1360 1531 1448 1566 χρόνῳ
1464 1529 1585 1564 γεγονὸς.
1601 1530 1618 1565 ἢ
1634 1530 1681 1556 καὶ
1696 1529 1763 1560 ὅλως
1781 1530 1812 1555 ὲκ
1828 1528 1866 1564 μὴ

242 1577 333 1599 turam
357 1572 474 1604 editum,
498 1577 597 1600 natura
624 1572 696 1600 Deus
724 1580 778 1600 non
795 1577 849 1600 cst.
868 1572 937 1600 Cum
961 1580 1026 1607 ergo

1078 1576 1153 1609 ὄντος
1169 1577 1208 1609 είς
1224 1577 1254 1603 τὸ
1267 1575 1335 1603 εἶναι
1344 1576 1519 1612 παρενεχθὲν,
1531 1576 1581 1602 οὐκ
1594 1575 1627 1602 ἂν
1639 1576 1681 1611 εἴη
1698 1575 1776 1610 φύσει
1788 1575 1864 1606 Θεός.

241 1619 288 1645 Ι)ιεὶ
304 1617 420 1646 Verbum
441 1626 490 1654 per
502 1619 579 1651 illud,
592 1624 659 1652 erat,
669 1620 848 1646 aeternitatem
860 1619 968 1650 habeat,
981 1627 1027 1654 per

242 1665 307 1692 illud
319 1670 422 1696 autem,
440 1673 496 1692 esse
512 1665 603 1697 Deum,
619 1673 681 1692 cum
694 1664 776 1693 Patre
787 1665 1029 1693 consubstantiali-

246 1716 340 1742 tatmn.
356 1711 452 1747 quanti
468 1712 592 1746 supplicii
606 1719 638 1738 ac
650 1719 736 1747 poenae
754 1719 815 1740 reos
832 1712 973 1739 inventum
993 1713 1026 1740 iri

243 1756 395 1790 putandum
405 1761 457 1788 est,
468 1757 514 1791 qui
524 1757 657 1784 minorem
670 1757 874 1792 quodammodo
885 1759 1026 1786 autetiam

242 1801 402 1829 dissimilem
429 1801 501 1829 Patri
531 1803 621 1837 ipsum
646 1810 706 1830 esse
732 1803 910 1837 arbitrantur,
940 1811 1028 1838 eoque

243 1847 396 1882 impietatis
412 1848 540 1883 progredi
556 1855 611 1875 non
627 1848 750 1880 horrent.
762 1852 791 1876 ut
803 1850 892 1884 palam
909 1849 1027 1884 idipsum

243 1902 353 1929 quoque
368 1894 494 1929 proferre
508 1895 637 1927 audeant,
652 1903 701 1922 nec
714 1903 774 1930 quae
787 1895 883 1922 dicunt
897 1896 1027 1928 scientes,

244 1947 333 1975 neque
354 1940 387 1967 de
403 1941 503 1975 quibus
527 1941 706 1968 asseverant?
721 1941 799 1968 Nulla
813 1942 886 1968 enim
902 1950 934 1969 ex
952 1946 1029 1978 parte

243 1986 378 2014 minorem
402 1994 463 2014 esse
482 1987 561 2014 Patre
580 1987 678 2014 Filium
703 1995 736 2015 ex
760 1988 820 2023 ipso
844 1992 871 2016 et
894 1996 958 2017 vcre
980 1996 1028 2024 ge-

244 2033 345 2064 nitum,
370 2039 403 2060 ex
424 2033 554 2068 subjectis
580 2033 733 2062 rationibus
758 2041 868 2062 rursum
895 2041 1028 2070 agnosce-

244 2085 315 2106 mus.

280 2123 396 2152 ALIUD.
431 2124 523 2152 Multis
558 2125 698 2160 variisque
731 2125 890 2153 nominibus
930 2125 1030 2154 divime

245 2169 394 2204 Scriptura:
419 2170 517 2197 Filium
540 2172 689 2206 appellant.
714 2171 883 2206 Sapientiam
906 2173 978 2199 enim
1003 2177 1030 2201 et

1083 1623 1209 1658 Ἔχοντος
1223 1623 1312 1650 τοίνυν
1331 1623 1378 1649 τοῦ
1392 1622 1460 1649 Θεοῦ
1473 1622 1560 1656 Λόγου
1581 1621 1624 1648 διὰ
1643 1621 1692 1656 μὲν
1712 1621 1758 1647 τοῦ
1779 1621 1819 1654 ἢν
1835 1620 1867 1646 τὸ

1080 1669 1182 1702 ἀΐδιον,
1205 1668 1248 1695 διὰ
1267 1669 1294 1695 δὲ
1308 1669 1356 1695 τοῦ
1375 1666 1451 1695 εῖναι
1469 1668 1544 1695 Θεὸν
1564 1668 1594 1694 τὸ
1614 1667 1682 1702 πρὸς
1697 1666 1742 1693 τὸν
1756 1666 1867 1702 Πατέρα

1079 1713 1231 1748 όμοούσιον,
1244 1713 1330 1749 πόσης
1341 1713 1443 1740 οἴεσθαι
1454 1713 1506 1749 χρὴ
1522 1712 1658 1744 κολάσεώς
1671 1721 1699 1738 τε
1721 1712 1767 1738 καὶ
1781 1720 1867 1746 τιμω-

1083 1759 1142 1794 ρίας
1163 1759 1271 1794 ἐνόχους
1288 1759 1498 1794 εὑρεθήσεσθαι,
1526 1759 1589 1790 τοὺς
1609 1758 1738 1784 ἐλάττονα
1756 1758 1826 1785 κατά
1841 1765 1868 1783 τι

1081 1803 1181 1838 γοῦν,ἢ
1198 1803 1245 1830 καὶ
1259 1803 1383 1838 ἀνόμοιον
1396 1803 1442 1829 τοῦ
1459 1803 1652 1838 γεγεννηκότος
1664 1802 1803 1837 οἰομένους
1817 1803 1867 1828 in:—

1080 1849 1173 1884 ἁρχειν
1187 1849 1277 1881 αὑτὸν,
1295 1850 1341 1876 καὶ
1353 1850 1392 1882 εἰς
1403 1849 1481 1876 τοῦτο
1493 1849 1633 1884 προελθεῖν
1647 1849 1804 1880 δυσσεϐείας
1817 1849 1868 1875 οὐκ

1081 1894 1305 1929 ἀποφρίττοντας,
1314 1895 1351 1926 ὡς
1364 1895 1413 1930 ἤδη
1424 1895 1524 1930 τολμᾷν
1537 1895 1584 1921 καὶ
1595 1895 1697 1930 ἑτέροις
1708 1894 1742 1920 τὰ
1756 1893 1867 1921 τοιαῦτα

1083 1941 1255 1977 προσλαλεῖν,
1273 1941 1310 1977 μὴ
1329 1941 1465 1973 νοοῦντας,
1479 1941 1579 1976 ante}
1589 1940 1706 1974 λέγουσι,
1725 1941 1792 1974 μήτε
1803 1939 1868 1974 περὶ

1082 1987 1162 2014 τίνων
1178 1987 1403 2014 διαϐεϐαιοῦνται.
1429 1987 1488 2013 Ὅτι
1511 1986 1565 2021 γὰρ
1582 1986 1729 2021 οὐδαμόθεν
1749 1986 1867 2012 ἐλάττων

1082 2034 1141 2060 ἐστὶ
1161 2034 1208 2060 τοῦ
1233 2034 1351 2069 Πατρὸς¹
1372 2034 1386 2060 ὁ
1413 2033 1442 2064 ἐξ
1470 2032 1550 2058 αὑτοῦ
1577 2033 1624 2059 καὶ
1657 2033 1717 2058 κατ’
1739 2031 1868 2066 ἀλήθειαν

1047 2091 1056 2096 -
1082 2079 1156 2113 Υἱὸς,
1164 2081 1196 2106 ἐκ
1205 2079 1258 2106 τῶν
1273 2078 1492 2113 συνεζευγμένων
1505 2077 1614 2104 ὲννοιῶν
1632 2077 1761 2112 εἰσόμεθα
1777 2077 1865 2104 πάλιν.

1120 2126 1234 2153 ’ΛΛΛο.
1261 2125 1370 2156 Πολλοῖς
1390 2124 1436 2151 καὶ
1456 2123 1594 2159 διαφόροις
1610 2123 1722 2158 ὀνόμασι
1744 2123 1790 2149 τὸν
1804 2123 1868 2149 Υῑὸν

1084 2173 1111 2198 αἱ
1127 2171 1318 2198 θεῖαικαλοῦσι
1335 2170 1450 2205 Γραφαί.
1467 2170 1567 2203 Σοφίαν
1583 2169 1633 2204 μὲν
1658 2168 1712 2203 γὰρ
1733 2169 1780 2195 καὶ
1793 2168 1869 2195 δύναο

244 2214 372 2241 virtutem
397 2214 485 2242 Patris
501 2216 591 2250 ipsum
606 2223 666 2243 esse
683 2216 771 2249 aiunt,
792 2217 870 2251 juxta
897 2217 973 2245 Pauli
990 2219 1026 2246 di~

1084 2225 1129 2252 μιν
1142 2216 1189 2243 τοῦ
1203 2215 1308 2251 Πατρὸς
1321 2211 1390 2240 εἶναί
1406 2222 1486 2248 φασιν
1499 2213 1589 2245 αὑτὸν,
1601 2213 1671 2240 κατὰ
1683 2213 1713 2238 τὸ
1724 2212 1868 2247 εἰρημένον

245 2264 318 2286 ctum
333 2268 338 2285 :
361 2269 369 2285 ι
392 2260 520 2288 Christus
537 2260 584 2288 Dei
601 2262 689 2290 virtus
702 2267 729 2290 et
751 2262 796 2290 Dei
816 2265 949 2299 sapientia
966 2266 999 2292 δ’.
1018 2275 1026 2292 ι

245 2305 339 2334 Dictus
360 2311 402 2334 est
420 2315 531 2334 rursum
550 2308 596 2335 lux
612 2309 672 2343 ejus
700 2313 726 2336 ct
752 2311 855 2339 veritas
869 2333 876 2344 ,
898 2312 976 2347 juxta
1003 2312 1030 2339 id

245 2352 318 2386 quod
342 2359 357 2379 a
383 2353 501 2387 quodam
527 2358 684 2381 sanctorum
711 2355 737 2382 in
761 2355 878 2385 Psalmis
903 2359 1028 2385 canitur:

247 2408 256 2423 ι
282 2398 379 2426 Emitte
397 2399 486 2426 lucem
509 2403 584 2426 tuam
603 2405 630 2428 et
656 2403 795 2430 xci-ilatcm
812 2407 885 2430 tuam
901 2403 934 2430 η.
955 2414 964 2430 ι
981 2404 1030 2431 Ju-

244 2445 318 2471 stitia
340 2452 449 2479 quoque
472 2445 628 2474 nominatus
645 2452 696 2479 est,
709 2448 787 2482 juxta
810 2449 875 2476 illud
889 2459 896 2477 :
912 2458 921 2475 ι
940 2451 968 2477 1η
983 2455 1029 2477 tua

243 2490 351 2523 justitia
375 2491 482 2518 viviﬁca
509 2500 551 2519 me
570 2494 602 2520 “.
621 2503 630 2519 ι
648 2493 871 2531 Υἰνίῐίςαιριιίιη
897 2495 978 2523 Pater
1001 2496 1030 2523 in

245 2535 356 2563 Christo
373 2537 526 2564 'Credcntcs
551 2538 576 2566 in
607 2539 706 2574 ipsum.
731 2540 802 2573 Quin
831 2545 858 2567 et
882 2541 1029 2568 consilium

246 2585 421 2616 nuncupatus
445 2588 487 2610 est
510 2583 608 2618 Patris,
631 2586 709 2620 juxta
735 2586 821 2614 illud:
843 2596 852 2612 ι
870 2587 898 2614 In
915 2587 1031 2614 consilio

246 2629 294 2652 tuo
310 2626 447 2655 deduxisti
461 2637 502 2656 me
518 2630 551 2658 ".
570 2640 579 2656 ι
599 2630 627 2658 Et
644 2639 756 2660 rursus:
776 2642 785 2658 ι
806 2633 959 2660 Consilium
978 2633 1030 2660 Do-

246 2671 312 2698 mini
329 2677 419 2700 manet
438 2674 465 2701 in
487 2680 619 2703 mternum
633 2677 664 2703 “.
684 2687 692 2703 ι
711 2677 778 2704 Cum
798 2678 880 2712 igitur
895 2679 952 2705 haec
970 2686 1030 2705 om-

246 2717 291 2742 nia
309 2716 394 2745 Filius
413 2719 448 2746 sit
462 2720 516 2748 Dco
533 2729 565 2749 ac
580 2721 666 2754 Patri,
692 2723 788 2750 dicant
811 2723 890 2750 nobis
910 2724 956 2758 qui
972 2724 1029 2751 Arii

245 2762 332 2788 errori
359 2770 538 2794 assentanlur
564 2771 590 2794 et
616 2768 662 2802 qui
691 2768 765 2796 illius
791 2768 929 2797 dementia
956 2770 1029 2804 pleni

246 2811 320 2840 sunt,
334 2812 471 2843 quomodo
486 2813 519 2840 sit
537 2814 627 2840 minor
644 2815 711 2848 ipsa.
729 2813 757 2841 Si
774 2815 845 2842 enim
862 2815 900 2842 ita
917 2823 962 2844 res
976 2821 1029 2850 est,

281 2866 302 2880 “
316 2866 371 2894 Jcr.
387 2877 424 2902 ix,
437 2870 463 2897 8.
517 2871 538 2886 “
553 2870 562 2897 Ι
580 2870 642 2899 Cor.
662 2879 680 2903 ι,
695 2871 738 2899 2i.

778 2873 800 2889 ⁵³
816 2873 886 2900 Psal.
906 2882 970 2908 xui,
987 2876 1014 2903 5.

246 2907 331 2936 xxx”,
344 2903 385 2930 Η.

1081 2263 1119 2296 τῷ
1132 2261 1230 2296 Παύλῳ
1241 2269 1248 2276 ·
1264 2270 1272 2286 ι
1286 2259 1402 2296 Χριστὸς
1413 2259 1480 2286 Θεοῦ
1491 2259 1658 2294 δύναμιςκαὶ
1673 2257 1740 2284 Θεοῦ
1756 2258 1861 2291 σοφία.)

1081 2308 1195 2343 Εἴρηται
1208 2308 1235 2334 δὲ
1252 2307 1333 2334 πάλιν
1348 2308 1394 2334 καὶ
1409 2306 1467 2341 φῶς
1480 2306 1561 2332 αὑτοῦ
1579 2306 1625 2332 καὶ
1640 2305 1752 2339 ἀλήθεια
1762 2325 1768 2336 ,
1798 2305 1869 2331 κατὰ

1081 2355 1110 2381 τὸ
1133 2355 1161 2380 ὲν
1178 2354 1302 2389 Ψαλμοῖς
1327 2353 1380 2379 ὑπό
1402 2361 1450 2379 του
1474 2352 1528 2378 τῶν
1547 2351 1632 2386 ἁγίων
1654 2351 1866 2387 μελῳδούμενον·

1084 2411 1092 2425 ι
1105 2399 1310 2432 Ἐξαπόστειλον
1324 2399 1354 2425 τὸ
1370 2397 1427 2432 φῶς
1439 2397 1560 2430 σου,ῗκαὶ
1574 2396 1622 2431 τὴν
1640 2396 1768 2432 ἀλήθειάν
1785 2406 1842 2424 σου.
1856 2407 1865 2423 ι

1082 2446 1195 2481 Εἴρηται
1207 2445 1254 2472 καὶ
1266 2444 1432 2478 δικαιοσύνη,
1444 2442 1514 2470 κατὰ
1531 2443 1571 2476 τὸ,
1585 2452 1594 2468 ι
1608 2443 1650 2469 Ἐν
1665 2444 1697 2478 τῇ
1713 2442 1868 2478 δικαιοσυνῃ

1083 2501 1128 2518 σου
1155 2491 1238 2526 ζῆσόν
1255 2498 1298 2526 με.
1315 2499 1324 2515 ι
1349 2490 1479 2516 Ζωοποιεῐ
1495 2489 1549 2525 γὰρ
1572 2489 1586 2515 ὁ
1604 2488 1699 2524 Πατὴρ
1716 2489 1744 2515 ὲν
1759 2489 1869 2525 Χριστῷ

1080 2538 1143 2569 τοὺς
1164 2536 1340 2566 πιστεύοντας
1365 2536 1405 2566 εἰς
1424 2535 1514 2563 αὐτόν.
1548 2535 1710 2570 Ὠνόμασται
1725 2535 1772 2561 καὶ
1787 2535 1868 2570 βουλὴ

1082 2584 1127 2610 τοῦ
1141 2583 1255 2618 Πατρὸς,
1269 2580 1339 2608 κατὰ
1351 2581 1381 2607 τὸ
1393 2580 1548 2616 εἰρημένον·
1575 2589 1584 2605 ι
1602 2580 1646 2606 Ἐν
1661 2581 1693 2615 τῇ
1715 2580 1795 2615 βουλῇ
1823 2587 1868 2605 σου

1081 2629 1226 2664 ὡδήγησάς
1243 2635 1287 2663 με*
1302 2636 1312 2653 ι
1328 2626 1374 2654 καὶ
1391 2626 1482 2658 πάλιν,
1501 2637 1510 2652 ι
1522 2627 1552 2652 'H
1565 2626 1593 2652 δὲ
1609 2625 1690 2660 βουλὴ
1703 2625 1750 2651 τοῦ
1766 2625 1868 2659 Κυρίου

1081 2676 1120 2706 εἰς
1133 2675 1177 2701 τὸν
1190 2674 1276 2700 αἰῶνα
1289 2673 1375 2708 μένει.
1389 2682 1399 2698 ι
1421 2672 1487 2700 Ὅτε
1494 2672 1584 2698 τοίνυν
1593 2671 1679 2698 ταῦτα
1696 2671 1785 2697 πάντα
1796 2671 1869 2697 ἐστὶν

1081 2722 1094 2748 ὁ
1109 2721 1171 2753 Υἱὸς
1190 2721 1229 2755 τῷ
1248 2719 1306 2756 Θεῷ
1324 2721 1370 2746 καὶ
1393 2719 1497 2753 Πατρὶ,
1520 2719 1673 2753 λεγέτωσαν
1692 2719 1758 2754 ἡμῖν
1782 2719 1805 2744 οἱ
1822 2717 1870 2753 τὴν

1088 2767 1191 2803 Ἀρείου
1205 2766 1398 2798 κολακεύοντες
1411 2766 1527 2800 πλάνην,
1542 2765 1648 2800 καὶτῆς
1662 2764 1767 2791 ἐκείνου
1783 2771 1872 2799 παρα-

1083 2814 1154 2846 νοίας
1172 2812 1429 2848 ἀναπεπλησμένοι,
1455 2811 1513 2843 πῶς
1538 2812 1611 2838 ἐστιν
1637 2810 1756 2837 ἐλάττων
1777 2810 1870 2838 αὑτοῦ,

1071 2876 1090 2892 δε
1117 2872 1189 2902 Ρέειῐ.
1212 2878 1306 2903 cum,
1321 2870 1364 2897 40.
1421 2869 1525 2897 "Psal.
1555 2875 1641 2901 Lxxu,
1658 2867 1703 2895 23.
1762 2867 1870 2895 “Psal.
