2030 3122
127 192 157 219 II
653 189 685 216 IN
704 188 846 216 JOANNIS
860 188 1091 217 EVANGELIUM
1111 188 1174 216 LIB.
1196 187 1217 215 I.
1711 180 1748 207 49

127 251 200 285 Ὥρα
212 249 267 284 γὰρ
279 248 370 282 λέγειν
381 268 389 281 ,
405 243 486 284 είπέρ
499 247 586 280 οὕτως
599 247 656 284 ἔχοι
671 249 732 275 κατ’
748 249 861 281 αὐτοὺς,
876 249 917 276 ὅτι

971 253 999 275 ιιι
1014 247 1053 275 illi
1072 247 1180 279 volunt,
1197 247 1320 283 sequilur
1334 247 1443 276 Patrem
1457 248 1509 284 21
1531 255 1585 275 non
1605 255 1667 276 esse
1686 255 1748 284 pcr-

127 305 180 331 περ
191 296 222 322 οὺ
239 295 349 326 τελείως
366 294 446 329 σοφὸς
468 295 482 321 6
499 294 609 330 Πατὴρ,
623 295 653 322 οὐ
668 295 779 327 τελείως
792 296 915 329 δυνατὸς,

127 342 158 368 οὺ
171 340 281 372 τελείως
304 340 361 375 φῶς
370 361 378 373 ,
393 340 424 366 οὐ
438 340 548 372 τελείως
561 340 673 376 ἀλήθεια
682 361 689 374 ,
710 341 742 368 οὐ
756 341 866 373 τελείως
878 342 919 368 δίε

128 395 206 418 καιος
216 407 224 418 ,
248 386 304 413 ἀλλ’
318 386 379 412 οὐδὲ
394 386 495 418 τέλειος
517 387 546 413 ἐν
561 386 641 423 βουλῇ
653 407 661 420 ,
685 387 764 423 εἴπερ
777 387 862 419 ὅντως
873 387 919 415 διὰ

127 432 158 459 τὸ
172 433 282 459 ἔλαττον
295 431 417 468 ἔχειν,οὑ
431 433 555 467 φανεῖται
567 432 669 465 τέλειος
681 433 775 465 όΥἱὸς.
791 433 820 465 ὃς
830 433 919 461 πάντα

131 479 216 505 ταῦτά
239 479 312 505 ἑστιν
333 477 417 514 αὐτῷ.
450 478 530 506 una
548 479 601 514 μὴν
622 480 652 506 τὸ
668 479 740 506 οὕτω
762 480 870 515 φρονεῖν
900 479 918 514 ἢ

129 525 221 559 λέγειν
244 524 388 556 δυσσεϐές⁸
412 523 514 557 τέλειος
538 525 591 552 δὲὸ
608 526 702 561 Πατὴρ
716 526 760 552 διὰ
781 525 813 552 τὸ
830 527 919 553 πάντα

129 568 203 604 ἔχειν
226 569 255 595 ὲν
268 569 357 604 ἑαυτῷ
375 569 484 601 τελείως
494 577 502 585 ·
528 569 628 601 τέλειος
642 571 696 606 ἄρα
709 571 829 606 δηλονότι
844 572 891 598 καὶ
905 572 920 598 ὀ

130 615 206 648 Υίὸς,
215 615 232 650 ή
249 615 340 650 σοφία,
355 614 402 641 καὶ
413 615 429 650 ἠ
440 615 564 651 δύναμις,
574 615 606 642 τὸ
619 616 687 650 φῶς,
700 617 745 643 καὶ
754 618 771 652 ή
793 616 917 652 ἀλήθεια,

129 661 148 696 ή
162 661 330 696 δικαιοσύνη.
347 660 395 687 καὶ
410 660 427 695 ή
444 660 526 696 βουλὴ
544 660 591 687 τοῦ
604 662 721 698 Πατρός.
743 661 772 689 '0
785 662 814 689 δὲ
826 663 875 699 τήν
889 663 918 689 ἑν

129 706 170 741 τῷ
191 706 284 742 οἰκείῳ
301 707 443 742 γεννήτορι
466 707 623 743 τελειότητα
645 707 774 744 πληρῶν,
799 708 859 740 πῶς
884 708 918 735 ἂν

132 752 250 780 ἐλάττων
261 753 346 779 νοοῖτο
357 761 365 785 ;
469 744 472 746 I

166 799 269 826 ΑΛΛΟ.
296 798 328 826 EI
348 799 379 826 τὸ
393 798 503 826 ἔλαττον
519 799 589 835 ἔχων
601 800 616 827 6
636 799 700 832 Υίδς
719 801 756 832 ὡς
772 799 839 836 πρὸς
852 800 918 827 Θεὸν

131 845 180 872 καὶ
194 844 320 879 Πατέρα,
336 846 528 881 προσκυνεῖται
550 845 626 882 παρά
641 854 671 872 τε
689 846 770 882 ήμῶν
799 847 847 873 καὶ
864 847 918 874 τῶν

131 890 218 924 ἁγίων
237 891 360 925 ἀγγέλων
370 910 378 923 ,
398 891 446 917 δύο
457 891 633 926 λατρεύοντες
653 892 812 928 ἁλωσόμεθα
823 892 916 925 Θεοὺς,

131 936 212 972 εῐπερ
226 936 375 973 οὐδαμόθεν
395 937 436 969 είς
455 937 606 974 ταυτότητα
624 937 730 972 φύσεως
750 937 917 973 ἀναϐήσεται

131 981 170 1017 τῷ
183 982 278 1017 τελείῳ
297 981 328 1009 τὺ
344 983 381 1018 μὴ
398 982 485 1014 οὕτως
498 982 569 1018 ἔχον.
599 983 687 1019 Πολλὴ
708 983 738 1010 δέ
751 983 793 1015 τίς
813 983 886 1010 ἑστιν
899 984 916 1019 ἡ

130 1027 247 1064 διαφορὰ
259 1027 293 1055 τὰ
305 1028 343 1064 μὴ
354 1028 484 1060 ὡσαύτως
494 1028 589 1064 ἔχοντα
604 1029 675 1056 κατὰ
688 1029 734 1056 τὸν
749 1029 799 1064 τῆς
811 1029 918 1064 φύσεως

132 1074 211 1109 λόγον
234 1074 276 1106 είς
295 1074 488 1110 ἀλλοτριότητα
509 1075 699 1110 διατέμνουσα.
732 1075 802 1102 Ἀλλ’
815 1075 866 1102 οὐκ
879 1075 919 1107 εἰς

131 1120 262 1147 πολύθεον
270 1120 386 1156 ἀριθμὸν
397 1121 414 1157 ἡ
425 1121 527 1154 πίστις,
539 1120 579 1153 εἷς
592 1121 620 1148 δὲ
631 1121 696 1153 Θεὸς
707 1121 721 1148 6
733 1121 839 1159 Πατὴρ,
851 1122 918 1149 ἀνα-

132 1165 271 1198 ϐαίνοντος
284 1167 325 1198 είς
346 1166 459 1202 ἑνότητα
472 1167 521 1202 τὴν
536 1167 604 1203 πρὸς
621 1168 703 1195 αὐτὸν
717 1167 764 1195 τοῦ
778 1167 855 1201 Υἰοῦ,
868 1167 918 1202 δῆ-

131 1210 176 1238 λον
186 1211 215 1238 δὲ
235 1212 277 1239 ὅτι
293 1212 340 1239 καὶ
354 1211 401 1239 τοῦ
431 1212 508 1247 ἁγίου
526 1213 684 1249 Πνεύματος
696 1221 703 1228 ·
722 1214 798 1241 οὐδὲν
820 1214 874 1250 ἄρα
888 1215 919 1241 τὸ

132 1257 315 1294 κατηγόρημα
326 1258 418 1286 λοιπὸν
432 1260 461 1286 ἑν
474 1259 541 1294 Υίῷ.
567 1260 630 1292 Πῶς
645 1260 699 1296 γὰρ
713 1260 752 1288 ἑτι
765 1261 795 1287 τὸ
808 1261 918 1288 ἔλαττον

131 1303 284 1336 ἑπιδέξεται
297 1304 337 1336 είς
355 1305 467 1339 ἑνότητα
481 1304 520 1340 τῷ
539 1305 634 1341 τελείῳ
647 1306 745 1342 Πατρὶ,
759 1307 805 1333 καὶ
819 1308 859 1340 είς
872 1307 919 1334 66-

132 1347 192 1380 σίας
205 1350 358 1385 ταυτότητα
375 1350 518 1386 ἑνούμενος
533 1351 655 1386 φυσικῶς
668 1360 675 1385 ;

165 1394 269 1422 ΔΛΔΟ.
296 1396 328 1423 Ei
343 1395 479 1432 πλήρωμά
493 1397 566 1424 ἑστιν
581 1398 596 1425 6
610 1397 690 1429 Υίόςσ
707 1408 716 1424 ι
730 1399 784 1426 ἀπὸ
797 1400 852 1437 γὰρ
871 1401 920 1428 τοῦ

133 1440 315 1476 πληρώματος
323 1442 404 1469 αὐτοῦ
416 1443 512 1474 πάντες
519 1443 738 1479 ήμείς¹ἑλάϐομεν
746 1452 768 1471 ⁸1
783 1446 919 1475 κατὰτίνα

131 1487 233 1522 τρόπον
254 1487 285 1514 τὺ
296 1487 406 1515 ἔλαττον
424 1488 593 1523 ἑπιδὲξεταις
616 1489 774 1524 Ἀσύμσατα
787 1490 841 1526 γὰρ
856 1492 917 1519 καθ’

132 1531 162 1560 Iv
175 1541 202 1560 τι
218 1532 249 1559 τὸ
263 1533 441 1569 ὑποκείμενον
456 1534 486 1561 ἐν
504 1534 595 1570 ταυτῷ
609 1535 644 1562 τὰ
662 1535 787 1572 ἀλλήλοις
798 1537 917 1564 ἑναντία.

970 294 1042 322 fecte
1061 294 1225 329 sapientem,
1246 301 1300 321 non
1323 294 1442 329 perfecte
1455 298 1605 329 potentem,
1622 302 1677 322 non
1691 302 1751 330 per-

969 339 1040 368 fecte
1061 340 1160 372 lucem,
1174 347 1230 369 non
1246 340 1364 375 perfecte
1383 341 1537 373 veritatem,
1554 348 1610 367 non
1631 339 1753 377 perfecte

967 386 1087 422 justum,
1108 386 1156 415 sed
1179 394 1229 414 nec
1246 386 1359 422 perfecti
1376 387 1501 420 consilii,
1518 387 1540 415 si
1567 387 1691 423 proferto
1717 395 1751 414 ex

969 440 1002 461 eo
1022 433 1096 469 quod
1117 433 1206 461 minor
1222 433 1268 465 sit,
1288 440 1343 460 non
1358 433 1482 460 videatur
1497 432 1582 461 Filius
1602 433 1751 468 perfectus.

969 479 1016 516 qui
1029 479 1120 506 omnia
1134 479 1190 507 hmc
1201 483 1244 507 est
1257 479 1319 514 ipsi.
1329 479 1411 514 Atqui
1426 479 1477 506 hoc
1487 478 1580 506 dicere
1591 483 1638 506 aut
1650 481 1753 508 sentire

968 527 1011 551 est
1028 523 1153 560 impium.
1168 524 1310 552 Perfectus
1325 528 1415 551 autem
1439 529 1482 551 est
1509 523 1602 555 Pater.
1627 528 1754 559 propter-

969 576 1000 597 ea
1029 569 1103 604 quod
1125 570 1207 597 habet
1235 570 1327 598 omnia
1352 570 1378 597 in
1401 570 1493 605 seipso
1509 569 1648 606 perfecte:
1664 570 1753 605 perfe-

969 622 1031 645 ctus
1058 617 1141 652 igitur
1163 621 1206 645 est
1229 625 1338 653 quoque
1353 617 1450 650 Filius,
1466 617 1600 653 sapientia
1614 620 1642 646 et
1655 617 1753 648 virtus.

969 663 1015 693 lux
1039 667 1067 691 et
1093 664 1204 694 veritas.
1221 663 1328 699 justitia
1351 668 1379 691 et
1405 663 1550 691 consilium
1576 662 1675 691 Patris.
1700 663 1751 697 Qu:

970 713 1060 738 autem
1079 710 1105 737 in
1122 717 1172 738 suo
1185 709 1267 737 Patre
1283 709 1480 745 perfectionem
1495 709 1600 744 implet,
1615 709 1750 746 quomodtI
1771 704 1779 713 λ

970 757 1059 784 minor
1072 757 1242 792 intelligatur
1249 757 1262 783 ‘l

1003 801 1120 830 ALIUD.
1139 802 1169 830 Si
1187 803 1280 830 minor
1295 809 1360 830 cum
1376 801 1413 830 sit
1432 801 1488 831 Dco
1504 808 1537 830 ac
1551 800 1632 828 Patre
1644 800 1733 831 Filius
1748 812 1751 815 ·

969 847 1102 875 adoratur
1115 855 1130 874 a
1148 847 1227 875 nobis
1247 851 1274 875 et
1291 847 1395 875 sanctis
1407 846 1522 882 angelis,
1537 846 1606 874 duos
1623 845 1692 875 Deos
1707 853 1753 874 co-

969 893 1025 921 lere
1042 893 1288 929 deprehendemur,
1302 893 1436 929 siquidem
1455 893 1482 920 in
1497 896 1605 921 natura!
1623 891 1755 920 identita-

970 944 1023 967 tem
1039 947 1180 975 nunquam
1191 940 1328 967 coalescet
1341 938 1531 975 imperfectum
1546 946 1607 966 cum
1620 938 1753 974 perfecto.

967 983 1085 1012 Maxima
1098 988 1188 1012 autem
1200 987 1243 1012 est
1257 984 1412 1012 differentia
1430 991 1491 1018 quae
1505 990 1551 1011 res
1567 982 1640 1010 inter
1655 990 1685 1010 se
1706 990 1755 1010 na-

967 1033 1030 1056 tura
1047 1029 1172 1057 diversas
1189 1033 1309 1065 separat.
1327 1029 1411 1064 Atqui
1429 1028 1497 1056 ﬁdes
1517 1031 1610 1056 nostra
1628 1028 1753 1056 multitu-

967 1075 1059 1102 dinem
1076 1074 1194 1103 Deorum
1213 1082 1267 1102 nou
1282 1074 1422 1106 admittit,
1448 1074 1495 1102 sed
1519 1081 1592 1101 unus
1614 1077 1658 1101 est
1681 1073 1754 1101 Deus

968 1120 1065 1154 Pater,
1078 1121 1105 1148 in
1120 1121 1251 1150 unitatem
1266 1128 1328 1149 cum
1340 1121 1399 1156 ipso
1414 1120 1583 1148 ascendente
1594 1120 1665 1148 Filio
1676 1120 1756 1149 nimi-

968 1176 1028 1197 rum
1041 1189 1048 1201 ,
1065 1173 1093 1195 et
1114 1172 1212 1197 sancto
1227 1167 1341 1202 Spiritu.
1358 1166 1431 1196 Nihil
1442 1173 1508 1202 ergo
1528 1166 1650 1194 deterius
1667 1169 1710 1194 est
1726 1165 1753 1194 in

968 1213 1048 1241 Filio.
1067 1213 1209 1248 Quomodo
1225 1213 1297 1241 enim
1315 1212 1424 1240 tandem
1440 1213 1531 1239 minor
1545 1212 1613 1244 erit,
1629 1211 1676 1246 qui
1693 1211 1755 1239 uui-

969 1263 1024 1287 tate
1042 1259 1165 1295 perfecto
1181 1259 1256 1286 Patri
1281 1262 1308 1286 et
1335 1258 1479 1286 identitate
1494 1257 1656 1287 substantia
1674 1260 1754 1286 natu-

970 1303 1064 1332 raliter
1081 1303 1196 1332 unitur?

1003 1393 1117 1422 ALIUD.
1137 1393 1166 1421 Si
1183 1392 1325 1429 plenitudo
1341 1396 1384 1420 est
1396 1391 1483 1420 Filius
1500 1391 1522 1428 (ι
1535 1392 1568 1420 de
1584 1391 1754 1427 plenitudine

969 1440 1041 1468 enim
1052 1439 1114 1475 ejus
1127 1447 1223 1468 omnes
1233 1440 1392 1475 accepimus
1400 1439 1439 1466 δ’»
1451 1440 1471 1473 ),
1482 1446 1601 1474 quonam
1611 1438 1692 1466 modo
1703 1439 1755 1466 mi-

969 1494 1022 1514 nus
1039 1486 1147 1522 capiet?
1164 1485 1309 1514 Contraria
1324 1485 1397 1513 enim
1416 1485 1442 1513 in
1457 1492 1513 1512 uno
1528 1485 1654 1520 subjecto
1671 1484 1753 1512 simul

969 1538 997 1561 et
1012 1533 1108 1561 eodem
1122 1536 1246 1568 tempore
1261 1532 1414 1560 consistere
1428 1536 1578 1566 nequeunt.

166 1579 267 1606 AAAO.
295 1579 327 1606 Εἰ
340 1579 371 1605 τὸ
382 1579 492 1606 ἔλαττον
506 1580 575 1616 ἔχων
589 1582 604 1608 6
618 1581 682 1613 Υίδς
696 1581 730 1609 τὰ
743 1582 832 1609 πάντα
847 1583 917 1619 πλη-

1005 1578 1119 1606 ALIUD.
1136 1577 1164 1605 Si
1177 1585 1237 1606 cum
1252 1577 1344 1605 minus
1356 1578 1455 1605 habeat
1470 1576 1567 1609 Filius,
1583 1576 1679 1612 implet
1692 1577 1753 1604 uui-

136 1626 186 1660 ροτ,
201 1624 254 1651 ποῦ
269 1625 387 1661 χωρήσει
408 1625 435 1652 εδ
451 1626 543 1660 μεῖζον
557 1626 604 1653 τοῦ
621 1627 747 1663 Πατρός;
772 1629 919 1665 Εἰρήσεται

134 1671 186 1707 γὰρ
198 1671 245 1698 καὶ
256 1670 494 1707 οωματικώτερον,
503 1672 541 1703 ὡς
551 1673 579 1699 ἑν
590 1673 810 1709 παραδείγματος
817 1675 918 1711 τρόπῳ,

134 1716 281 1752 νοουμένης
296 1717 394 1752 ἑτέρως
406 1716 454 1752 τῆς
465 1718 494 1744 ἑν
507 1717 663 1752 ἀσωμάτοις
675 1719 810 1756 ὑπεροχῆς
826 1728 855 1747 τε
874 1722 921 1748 καὶ

134 1761 316 1794 ἐλαττώσεως.

168 1807 271 1834 ΔΛΛΟ.
292 1808 323 1834 Εἰ
340 1808 371 1835 τὸ
385 1808 455 1844 ὑπὲρ
478 1809 532 1836 πᾶν
545 1809 629 1846 ὄνομά
644 1809 718 1838 ἑστιν
742 1812 756 1838 ὁ
770 1811 845 1845 Θεὸς,
861 1809 920 1840 εἶτα

134 1852 228 1880 τούτου
250 1852 416 1888 κληρονόμος
431 1854 562 1890 ὑπάρχων
574 1856 588 1882 6
604 1856 668 1888 Υἱὸς
689 1857 740 1884 οὐκ
758 1857 815 1893 ἔχει
829 1858 861 1885 τὸ
875 1859 920 1885 τέ-

134 1898 204 1931 λειος
220 1896 289 1926 εἶναι
303 1899 347 1926 διὰ
359 1900 390 1926 τὸ
403 1900 529 1934 ἔλαττον,
553 1901 613 1929 οὐδὲ
625 1902 654 1929 ἑν
670 1902 719 1938 [αι.
734 1903 809 1932 οὐδὲν
823 1904 864 1942 ἑν]
882 1905 920 1940 τῷ

135 1944 206 1980 ὑπὲρ
225 1945 314 1973 πάντα
334 1946 364 1973 τδ
380 1946 451 1982 μέγα
465 1954 473 1962 ο
493 1947 573 1974 τοῦτο
594 1947 624 1974 δέ
647 1948 706 1975 ἑστι
730 1949 811 1982 Θεός.·
841 1950 921 1978 Ἀλλὰ

135 1990 212 2018 τοῦτο
226 1991 326 2019 ἄτοπον
336 1992 354 2027 ἢ
368 1993 476 2028 φρονεῖν
496 1992 514 2028 ἢ
525 1992 614 2027 λέγειν
624 2001 632 2009 ⁸
647 1994 751 2027 τέλειος
773 1995 827 2031 ἄρα
847 1995 921 2022 ἐστὶν

135 2038 150 2064 6
164 2037 239 2069 Υἱὸς,
251 2038 289 2069 ὼς
305 2038 376 2074 ὑπὲρ
389 2039 443 2066 πᾶν
453 2039 550 2075 ὄνομα,
568 2039 614 2067 καὶ
627 2040 702 2072 Θεός.

169 2083 271 2111 ΑΛΛΟ.
286 2083 318 2110 Et
335 2084 352 2119 ή
366 2083 425 2111 θεία
438 2084 519 2119 φύσις
532 2085 563 2112 οὐ
577 2087 746 2117 πεπόσωται,
763 2086 920 2122 συμϐαίνειν

136 2129 162 2156 δὲ
174 2127 228 2156 οἶδε
245 2129 275 2156 τὸ
287 2129 396 2157 ἑλαττον
408 2129 438 2157 ἑν
455 2131 562 2162 ποσοῖς,
585 2131 643 2163 πῶς
657 2131 690 2158 ἂν
704 2131 822 2160 ἐλάττων
836 2133 922 2159 νοοῖτο

137 2174 205 2202 κατὰ
217 2174 298 2210 φύσιν
311 2175 441 2211 ὑπάρχων
453 2175 520 2208 Θεὸς
540 2177 553 2202 6
567 2176 651 2209 Υιόςς
674 2177 704 2203 οὐ
728 2177 782 2212 γὰρ
801 2177 852 2211 ἔξω
874 2178 921 2205 τοῦ

137 2221 219 2248 ποσοῦ
242 2221 378 2253 κείσεται,
405 2221 457 2248 κᾶν
481 2222 518 2254 ὡς
544 2222 611 2259 πρὸς
631 2223 740 2258 Πατέρα
762 2224 793 2250 τδ
813 2224 921 2251 ἔλαττον

136 2265 250 2301 λέγωσιν
262 2266 336 2301 ἔχειν
353 2266 443 2294 αὐτόν.

170 2355 273 2382 ΔΛΛΟ.
290 2355 320 2382 '0
329 2355 463 2391 μακάριος
475 2355 600 2391 Ἰωάννης
614 2364 646 2382 πε
652 2356 676 2392 pi
691 2357 737 2384 τοῦ
748 2357 812 2384 Υίοῦ
826 2367 918 2394 φησιν,

137 2401 176 2428 δτι
201 2411 210 2427 ι
222 2401 280 2429 οὐκ
292 2402 324 2428 ἑκ
341 2402 441 2437 μέτρου
454 2401 544 2429 δίδωσι
557 2402 587 2429 τὺ
604 2402 726 2438 Πνεῦμα,
741 2413 750 2429 i
770 2405 826 2436 τοῖς
837 2404 922 2437 ἀξίοις

136 2446 246 2482 δηλαδή.
270 2447 336 2474 Ὅτε
356 2447 445 2474 τοίνυν
463 2447 564 2483 μέτρον
583 2447 633 2475 οὐκ
655 2448 728 2475 ἔστιν
745 2449 775 2475 ἑν
798 2448 837 2484 τῷ
853 2449 920 2485 Υίῷ,

137 2492 290 2527 ἀμέτρητος
308 2493 362 2527 ἄρα
375 2492 434 2520 ἐστὶ
443 2512 451 2524 ,
474 2493 522 2520 καὶ
535 2493 626 2520 πᾶσαν
638 2494 790 2521 ἁναὸαίνων
803 2495 922 2530 κατάλη-

136 2537 182 2572 ψιν
194 2537 245 2573 τὴν
257 2538 286 2564 ἑν
296 2537 371 2573 ποσῷ
384 2538 530 2574 νοουμένην
541 2539 578 2571 ὡς
588 2539 663 2571 Θεός.
675 2539 736 2571 Πῶς
745 2537 791 2567 οὖν
804 2540 921 2568 ἐλάττων

137 2583 150 2609 ὁ
164 2583 202 2618 μὴ
223 2583 425 2619 μετρούμενοςς

170 2628 272 2654 AAAO.
304 2628 335 2654 El
357 2628 476 2655 ἑλάττων
501 2629 574 2656 ἐστὶν
596 2630 610 2656 6
626 2629 706 2661 Υἱὸς,
734 2625 843 2665 μείζων
856 2630 885 2657 δὲ
907 2631 923 2658 6

137 2673 247 2709 Πατὴρ,
270 2673 406 2708 διαφόρως
431 2673 550 2709 δηλονότι
575 2675 628 2708 ξκαὶ
654 2674 856 2708 ἀνσλογούντως
881 2673 923 2707 οἷς

137 2721 251 2753 ἕκαστος
269 2721 326 2757 ἔχει
344 2721 453 2757 μέτροις
468 2722 645 2758 ἐνεργήσουσι
659 2723 724 2759 περὶ
739 2723 784 2750 τὸν
798 2724 838 2755 είς
849 2724 924 2759 ἡμᾶς

138 2767 282 2802 ἁγιασμόν.
302 2767 355 2793 Καὶ
367 2768 476 2802 ἀγιάσει
492 2768 541 2803 μὲν
556 2768 686 2803 μειζόνως
696 2770 710 2795 6
727 2769 831 2805 Πατὴρ,
846 2770 923 2797 ἑλατ‹

137 2813 219 2845 τόνως
237 2813 266 2840 δὲ
278 2814 326 2840 καὶ
342 2813 403 2840 καθ’
427 2814 546 2842 ἑαυτδνὸ
562 2815 633 2847 Υἱός.
652 2814 747 2842 Ἔσται
775 2816 920 2852 τοιγαροῦν

189 2902 213 2918 ⁸⁸
226 2902 338 2933 102ml,
358 2904 404 2932 l6.
445 2905 466 2920 "
478 2904 559 2934 .Ioan.
571 2913 612 2936 ul,
629 2906 673 2933 54.

295 2951 429 2983 PATROL.
453 2952 510 2983 GR.
535 2953 662 2983 LXXIII.

971 1632 1051 1653 versa
1065 1634 1071 1652 :
1090 1625 1200 1652 ubinam
1214 1624 1303 1659 major
1316 1623 1362 1651 illa
1377 1623 1467 1651 Patris
1480 1623 1619 1658 capacitas
1633 1623 1754 1650 colloca-

970 1670 1065 1698 hitur!
1086 1670 1192 1698 Licebit
1206 1669 1279 1697 enim
1292 1669 1408 1704 exempli
1428 1676 1512 1697 causa
1526 1669 1606 1705 quasi
1621 1668 1656 1697 de.
1672 1669 1754 1697 rebus

970 1717 1111 1751 cm-poreis
1127 1716 1163 1743 ita
1178 1715 1263 1751 loqui,
1275 1723 1337 1742 cum
1349 1723 1439 1742 rerum
1453 1715 1680 1749 incorporearum
1695 1721 1752 1741 ma-

970 1763 1085 1798 gnitudo
1099 1767 1126 1790 et
1142 1761 1299 1789 imminutio
1312 1761 1393 1789 aliter
1408 1761 1590 1796 intelligatur.

1006 1808 1123 1836 ALIUD.
1139 1808 1166 1835 Si
1178 1808 1251 1843 quod
1264 1813 1308 1836 est
1321 1814 1404 1842 super
1414 1814 1495 1834 omne
1506 1813 1605 1834 nomen
1616 1805 1689 1834 Deus
1701 1811 1753 1837 est.
1803 1799 1807 1804 ’

970 1859 998 1883 et
1014 1854 1096 1890 hujus
1117 1854 1204 1881 haeres
1226 1861 1288 1881 cum
1304 1853 1340 1880 sit
1353 1852 1438 1880 Filius
1448 1873 1455 1885 ,
1469 1851 1608 1887 perfectus
1623 1859 1685 1880 esse
1699 1860 1754 1880 non

971 1903 1060 1935 potest
1071 1899 1135 1935 quia
1153 1899 1243 1926 minor
1260 1906 1267 1924 :
1292 1905 1354 1926 esse
1370 1905 1454 1933 super
1469 1897 1561 1925 omnia
1580 1897 1648 1925 nihil
1663 1898 1754 1932 magni

970 1950 1032 1978 est,
1057 1945 1109 1972 hoc
1132 1949 1222 1972 autem
1242 1947 1285 1972 est
1306 1943 1390 1971 Deus.
1412 1942 1466 1970 Sed
1485 1942 1638 1970 absurdum
1655 1947 1698 1971 est
1716 1942 1754 1970 ita

971 1991 1074 2020 sentire
1085 1994 1132 2017 aut
1143 1989 1237 2025 loqui:
1251 1988 1389 2025 perfectus
1406 1989 1489 2025 igitur
1498 1992 1540 2017 est
1550 1987 1648 2021 Filius.
1661 1992 1755 2025 utpote

972 2045 1054 2072 super
1069 2043 1151 2063 omne
1167 2042 1266 2062 nomen
1277 2053 1285 2066 ,
1302 2038 1330 2062 et
1344 2034 1428 2062 Deus.

1006 2081 1120 2111 ALIUD.
1135 2081 1163 2109 Si
1173 2085 1271 2110 natura
1281 2080 1373 2108 divina
1383 2079 1546 2116 quantitatis
1557 2083 1598 2107 est
1606 2085 1715 2114 expers.
1727 2083 1755 2106 et

971 2130 1000 2158 in
1017 2129 1099 2158 rebus
1113 2127 1262 2163 aliquantis
1277 2126 1368 2154 minus
1381 2125 1495 2162 reperiri
1510 2125 1600 2153 solet:
1617 2125 1755 2160 quomodo

971 2176 1062 2203 minor
1072 2174 1244 2209 intelligatur
1255 2171 1407 2200 secundum
1423 2175 1550 2198 naturam
1565 2169 1651 2198 Filius
1661 2190 1668 2202 ,
1683 2169 1756 2198 Deus

971 2229 1034 2249 cum
1063 2220 1126 2249 sit?
1157 2219 1217 2247 Non
1245 2218 1318 2246 enim
1347 2217 1510 2253 quantitatis
1540 2223 1638 2251 expers
1675 2215 1728 2243 erit
1745 2235 1754 2248 .

972 2267 1098 2303 quamvis
1121 2270 1245 2301 respectu
1265 2264 1353 2292 Patris
1373 2263 1464 2291 minus
1481 2262 1582 2290 habere
1605 2262 1693 2297 ipsum
1713 2261 1756 2288 di-

972 2318 1045 2341 cant.

1008 2357 1123 2385 ALIUD.
1140 2356 1238 2385 Beatus
1252 2355 1373 2383 Joannes
1389 2355 1423 2382 dc
1435 2353 1505 2382 Filio
1524 2353 1577 2388 22
1598 2354 1652 2386 ait,
1672 2362 1682 2379 ι
1700 2360 1755 2380 non

972 2403 1006 2430 ad
1019 2409 1175 2430 mensuram
1192 2402 1257 2429 dare
1272 2400 1406 2437 Spiritum
1416 2399 1439 2415 ⁸⁷
1453 2409 1463 2426 ι
1475 2418 1483 2432 ,
1497 2398 1597 2434 'dignis
1611 2397 1753 2425 nimirum.

972 2449 1040 2477 Cum
1064 2455 1129 2483 ergo
1152 2454 1283 2475 mensura
1304 2453 1359 2473 non
1387 2444 1424 2473 sit
1444 2445 1472 2472 in
1493 2443 1580 2478 Filio,
1602 2444 1754 2470 immensus

971 2499 1015 2522 est
1030 2494 1123 2530 igitur.
1140 2497 1167 2521 et
1180 2500 1288 2520 omnem
1306 2490 1469 2527 quantitatis
1480 2488 1753 2525 comprehensionem

971 2544 1084 2577 superat
1109 2543 1201 2574 utpote
1226 2537 1298 2565 Deus
1319 2545 1326 2564 :
1348 2535 1485 2572 quomodo
1506 2541 1573 2571 ergo
1595 2534 1686 2562 minor
1713 2538 1756 2562 est

971 2589 1018 2616 ille
1031 2587 1078 2622 qui
1093 2593 1223 2614 mensura
1243 2592 1298 2612 non
1314 2582 1442 2618 capitur?

1008 2631 1123 2660 ALIUD.
1138 2630 1167 2659 Si
1184 2631 1274 2658 minor
1289 2629 1386 2662 Filius,
1399 2628 1488 2663 major
1501 2631 1592 2655 autem
1607 2626 1688 2655 Pater
1701 2630 1755 2660 est,

972 2679 1082 2706 diverse
1097 2677 1226 2705 nimirum
1240 2683 1290 2703 nec
1301 2674 1387 2703 simili
1399 2674 1507 2702 ratione
1520 2680 1570 2708 pro
1581 2681 1632 2701 suo
1639 2673 1758 2709 quisque

973 2724 1054 2752 modo
1071 2721 1316 2751 sanctificationem
1333 2725 1455 2748 nostram
1471 2719 1636 2755 perﬁcient:
1656 2722 1685 2747 et
1699 2725 1758 2746 mav

972 2771 1013 2806 gis
1034 2769 1144 2804 quidem
1169 2767 1250 2795 Pater
1270 2766 1470 2799 sanctiﬁcahit,
1488 2766 1580 2794 minus
1599 2769 1706 2796 autem,
1723 2771 1756 2791 ac

974 2823 1023 2851 pro
1038 2823 1090 2843 suo
1101 2813 1211 2842 modulo
1224 2812 1323 2841 Filius.
1341 2811 1399 2840 Erit
1412 2812 1496 2848 igitur
1515 2810 1634 2847 Spiritus
1646 2816 1757 2846 quoque

1539 2947 1557 2978 2
