2030 3122
240 172 275 201 ιδ
731 164 759 192 S.
775 161 916 192 CYRILLI
932 158 1169 188 ALEXANDRINI
1188 159 1351 188 ARCIIIEP.
1827 159 1864 188 44

241 227 338 262 duplex
351 246 358 259 ,
382 229 408 253 et
432 224 522 253 minor
540 222 651 259 quidem
667 222 694 249 iu
718 221 787 248 Filio
800 240 807 252 ,
830 219 877 247 sed
899 219 927 246 iu
947 217 1030 245 Patre

1095 216 1127 242 :ai.
1142 216 1172 243 τὸ
1184 216 1296 252 Πνεῦμα
1310 214 1429 248 διπλοῦν,
1449 215 1495 242 καὶ
1513 216 1589 251 μεῖον
1607 214 1657 251 μὲν
1672 215 1701 242 ἐν
1718 215 1785 250 Υίῷ,
1804 217 1866 251 μεῐ-

241 272 340 307 major.
367 271 398 298 Et
423 270 543 307 perferte
557 268 668 305 quidem
685 265 933 295 sanctiﬁcabuntur
948 263 993 298 qui
1013 269 1028 289 a

242 317 338 350 Patre,
363 323 394 343 ac
413 315 534 343 vicissim
559 322 613 342 non
633 313 754 349 perfecte
777 311 825 347 qui
848 318 896 346 per
918 309 1026 337 Filium.

242 362 324 398 Atqui
340 361 424 389 multa
440 365 482 388 est
506 360 532 387 in
552 360 595 388 his
614 359 752 386 rationum
769 355 935 384 absurditas.
952 353 1030 382 Unus

242 409 316 437 enim
327 411 370 436 est
383 410 497 434 sanctus
511 404 643 441 Spiritus,
658 411 711 431 una
729 407 756 430 et
769 401 892 438 perfecta
907 399 1029 428 sanctifi-

244 457 315 483 catio
325 474 332 488 ,
347 462 408 490 qua:
431 461 446 480 a
470 453 548 481 Patre
566 460 615 488 per
630 451 731 479 Filium
746 448 910 477 naturaliter
924 446 1029 483 praebe-

243 506 299 529 tur.
317 500 378 528 Non
398 500 470 535 ergo
484 499 573 526 minor
592 501 634 525 est
649 497 695 532 qui
718 494 843 524 eamdem
860 493 940 520 habet
968 499 1030 519 cum

243 546 366 582 perfecto
377 544 457 572 Patre
468 542 667 579 operationem,
681 539 783 576 quique
796 538 885 567 Patris
899 537 1031 572 Spiritum

246 592 346 623 habet,
360 595 466 618 naturae
483 596 540 617 suae
554 588 669 619 bonum,
682 586 818 614 viventem
835 592 867 612 ac
880 583 1032 612 subsisten-

247 645 311 670 tem,
332 634 559 672 quemadmodum
577 639 674 668 nempe
686 636 713 659 et
727 630 819 658 Pater.

281 681 397 710 ALIUD.
427 690 436 706 ι
454 679 482 708 Si
503 680 532 707 in
554 679 642 706 forma
664 681 692 705 et
712 675 868 711 :equalitate
887 672 1007 701 Patris"
1021 681 1030 698 ι

247 732 305 756 erat
332 727 439 757 Filius,
465 726 543 760 juxta
573 723 650 752 Pauli
683 721 867 751 sententiam,
896 718 1034 755 quomodo

247 775 336 802 minor
350 773 410 808 ipso
422 772 482 800 est?
493 770 553 799 Non
567 771 641 798 enim
656 774 729 797 certe
742 766 941 796 incarnationis
953 765 1033 797 ratio,

246 825 273 849 et
299 827 330 848 ea
354 826 415 855 qua:
439 816 543 845 dicitur
571 815 728 843 liumiliatio
755 813 890 849 dignitate
915 810 1034 839 naturali

248 864 346 894 Filium
376 864 490 892 nudabit
513 870 575 891 cum
601 861 724 890 secundo
749 860 868 887 adventu
894 861 1035 886 cessatura

249 914 294 941 sit.
318 923 327 939 ι
349 911 473 939 Veniet!
503 909 575 937 enim
600 907 734 939 omnino,
758 910 788 933 ut
811 913 874 933 eum
899 904 1034 931 dicentem
1052 888 1073 918 Β

250 958 405 992 accepimus
418 976 425 989 ,
452 964 462 981 ι
482 955 510 982 in
527 953 617 990 gloria
643 952 731 979 Patris
754 951 797 979 sui
810 951 843 977 δι’.
861 959 870 975 ι
893 948 1036 982 Quomodo

252 1004 333 1040 igitur
356 1004 384 1031 in
409 1001 494 1038 gloria
516 1005 557 1029 est
583 999 630 1027 Dei
652 997 743 1025 Patris
758 1017 765 1028 ,
790 996 837 1032 qui
863 995 952 1024 minor
977 993 1037 1028 ipso

251 1049 287 1076 sit
297 1049 308 1076 ἲ

285 1134 400 1163 ALIUD.
418 1132 559 1161 Invenitur
580 1131 681 1158 alicubi
702 1137 748 1165 per
764 1135 856 1164 unum
879 1127 1038 1163 prophetam

252 1182 324 1209 Deus
337 1188 368 1208 ac
378 1179 459 1207 Pater
474 1179 587 1206 dicere:
606 1185 615 1202 ι
633 1176 753 1204 Gloriam
776 1181 865 1201 meam
885 1173 964 1200 alteri
985 1180 1039 1199 non

253 1228 324 1255 dabo
337 1227 371 1253 ⁸ο.
393 1235 401 1252 ι
423 1222 609 1259 lnterrogandi
623 1225 687 1250 sunt
702 1221 786 1257 igitur
799 1220 955 1255 quicunque
971 1217 1040 1244 Filio

254 1273 335 1309 impie
347 1271 508 1302 detrahunt,
525 1270 580 1296 imo
595 1276 660 1296 vero
677 1267 750 1294 Patri
769 1274 817 1301 per
829 1266 919 1301 ipsum
939 1273 945 1290 :
964 1273 973 1289 ι
990 1263 1040 1296 Qui

253 1320 327 1347 enim
344 1317 442 1344 Filium
461 1323 515 1343 non
534 1315 670 1346 honorat,
694 1313 718 1340 is
739 1320 788 1340 nee
803 1313 914 1338 Patrem
929 1309 1041 1345 quidem

261 1365 379 1392 honorat
390 1363 428 1395 “;
445 1371 453 1387 ι
475 1365 566 1388 utrum
583 1360 704 1390 tandem,
715 1358 794 1386 sicuti
807 1357 966 1385 existimant
979 1354 1041 1390 ipsi,

258 1410 315 1437 Deo
337 1415 369 1435 ac
390 1407 470 1434 Patre
487 1406 577 1432 minor
593 1404 730 1432 exsistens
745 1401 831 1429 Filius
842 1422 848 1434 ,
863 1400 1045 1428 consubstan-

259 1455 335 1483 tialis
352 1454 389 1482 sit
413 1452 487 1488 ipsi,
506 1458 539 1478 an
558 1457 624 1477 non.
649 1449 677 1477 Si
697 1447 958 1476 consubstantialem
983 1453 1044 1474 esse

257 1500 352 1528 dicunt
363 1519 370 1532 ,
385 1497 451 1534 quid
468 1497 570 1524 frustra
581 1495 677 1522 minus
691 1494 715 1522 ei
735 1493 877 1520 tribuunt?
891 1493 956 1526 Qum
971 1492 1043 1519 enim

1082 262 1127 294 ζον
1143 261 1171 288 δὲ
1195 261 1224 288 ὲν
1239 261 1336 297 Πατρί.
1365 261 1421 288 Καὶ
1436 261 1545 293 τελείως
1561 261 1609 296 μὲν
1630 262 1654 287 οἱ
1673 261 1748 296 παρὰ
1762 260 1867 296 Πατρδς

1080 307 1291 343 ἁγιασθήσονται
1300 328 1311 340 ,
1325 307 1355 333 οὺ
1365 306 1474 339 τελείως
1488 307 1515 334 δὲ
1525 306 1606 334 πάλιν
1617 306 1642 332 oi
1656 306 1688 332 δι’
1700 305 1775 333 Υἱοῦ.
1789 305 1867 332 Ἀλλὰ

1081 353 1165 388 πολλή
1180 352 1222 384 τίς
1239 353 1312 378 ἐστιν
1330 352 1358 378 ἐν
1378 352 1483 384 τούτοις
1504 353 1521 388 ἡ
1533 352 1587 378 τῶν
1610 351 1747 386 λογισμῶν
1758 351 1867 378 ἀτοπία.

1084 399 1132 426 Ἐν
1158 398 1212 435 γὰρ
1233 398 1264 425 τὸ
1287 398 1398 434 Πνεῦμα
1416 399 1446 425 τδ
1463 398 1540 433 ἅγιόν
1559 399 1650 430 ἐστιν,
1673 395 1714 429 εἷς
1728 398 1755 424 δὲ
1768 398 1869 430 τέλειος

1081 444 1232 478 ἁγιασμὸς,
1254 443 1330 479 παρὰ
1345 443 1451 478 Πατρδς
1466 443 1500 470 δι’
1513 443 1577 470 Υίοῦ
1601 443 1722 477 φυσικῶς
1739 442 1870 478 χορηγού-

1083 498 1163 526 μενος
1176 500 1181 505 ·
1195 490 1246 517 οὐκ
1259 489 1314 525 ἄρα
1328 489 1447 516 ἐλάττων
1457 489 1532 516 ἐστὶν
1545 490 1560 516 6
1573 489 1621 525 τὴν
1634 489 1718 524 αὐτὴν
1733 489 1871 524 ἐνέργειαν

1082 534 1151 571 ἔχων
1174 535 1212 571 τῷ
1234 536 1330 572 τελείῳ
1356 537 1461 572 Πατρὶ,
1490 527 1537 563 καὶ
1564 535 1596 562 τὺ
1621 535 1679 568 ’τοῦ⁴
1693 536 1872 570 γεννήσαντος

1083 581 1196 616 Πνεῦμα
1210 581 1318 615 φύσεως
1332 582 1398 613 ιδίας
1413 581 1482 617 ἔχων
1502 581 1617 615 ἀγαθὸν,
1633 581 1702 614 ζῶν,
1716 580 1764 607 καὶ
1776 580 1872 608 ὲνυπό-

1085 636 1192 660 στατον,
1206 627 1301 663 ὥσπερ
1313 625 1359 655 οὖν
1373 627 1468 663 ἀμέλει
1484 628 1531 655 καὶ
1548 629 1562 654 6
1579 627 1684 663 Πατήρ.

1119 673 1221 701 ΔΛΛΟ.
1238 673 1269 700 El
1290 683 1299 699 ι
1313 674 1343 700 ὲν
1359 675 1450 709 μορφῇ
1485 673 1532 700 καὶ
1555 674 1658 709 ἰσότητι
1670 672 1718 701 τοῦ
1738 672 1843 709 Πατρδς
1859 682 1869 698 ι

1085 717 1208 753 ὑπῆρχεν
1225 718 1240 744 6
1264 717 1326 749 Υἰὺς
1345 717 1417 744 κατὰ
1437 717 1486 753 τὴν
1504 717 1551 744 τοῦ
1567 717 1672 744 Παύλου
1687 717 1794 753 φωνὴν,
1815 718 1873 748 πῶς

1085 763 1204 790 ἐλάττων
1217 762 1300 790 αὑτοῦ
1315 763 1406 797 ὲστιν;
1421 763 1457 790 Οὺ
1476 763 1531 799 γὰρ
1550 763 1582 799 δή
1601 772 1652 790 που
1667 764 1716 799 τῆς
1729 763 1797 799 μετὰ
1811 772 1875 798 σαρ-

1085 809 1132 842 κὸς
1151 809 1307 845 οἰκονομίας
1323 810 1337 835 6
1350 809 1446 845 λόγος,
1472 811 1518 837 καὶ
1542 811 1560 845 ἡ
1576 810 1620 837 διὰ
1641 810 1721 837 τοῦτο
1740 810 1873 845 λεγομένη

1086 854 1264 888 ταπείνωσις,
1290 855 1338 882 τοῦ
1354 856 1424 883 κατὰ
1449 855 1530 891 φύσιν
1549 856 1695 892 προσόντος
1716 855 1874 890 ἀξιώματος

1087 901 1281 936 ἁπογυμνώσει
1307 901 1352 929 τὸν
1370 902 1447 935 Υἱὸν,
1471 902 1546 929 λύσιν
1566 902 1664 937 ἔχουσα
1680 901 1730 936 τὴν
1747 901 1874 936 δευτέραν

1087 947 1117 980 ἐξ
1128 946 1243 982 οὐρανοῦ
1255 948 1415 984 παρουσίαν.
1427 947 1521 981 ι’Ήξει
1531 958 1539 974 ι
1555 948 1608 983 γὰρ
1620 947 1738 980 πάντως,
1746 947 1783 978 ὡς
1793 947 1876 981 ἡκού-

1089 1001 1177 1028 σαμεν
1192 992 1333 1027 λέγοντοςι
1350 1002 1359 1018 ι
1376 994 1405 1021 ὲν
1416 994 1449 1029 τῇ
1466 993 1529 1029 δόξῃ
1550 993 1597 1021 τοῦ
1619 993 1725 1028 Πατρὺς
1750 992 1843 1020 αὐτοῦ.
1863 1001 1872 1018 ι

1090 1038 1152 1070 Πῶς
1173 1036 1218 1066 οῦν
1240 1039 1308 1071 ὅλως
1330 1039 1359 1065 ὲν
1380 1039 1412 1074 τῇ
1438 1039 1501 1075 δόξῃ
1527 1039 1574 1066 τοῦ
1595 1039 1701 1076 Πατρὺς
1723 1039 1738 1065 6
1758 1038 1876 1066 ἐλάττων

1090 1093 1172 1111 αυτου
1186 1093 1193 1117 ;

1125 1130 1226 1157 ΑΛΛΟ.
1242 1130 1404 1166 Εὕρίσκεταί
1430 1138 1478 1157 που
1501 1130 1586 1165 λέγων
1610 1130 1643 1157 δι’
1658 1131 1718 1162 ἑνὸς
1739 1130 1792 1158 τῶν
1809 1139 1876 1166 προ-

1092 1176 1206 1211 φητῶνὸ
1216 1176 1280 1207 Θεὸς
1292 1176 1338 1202 καὶ
1352 1176 1445 1211 Πατήρ
1459 1184 1465 1191 ·
1482 1185 1491 1202 ι
1505 1176 1559 1211 Τὴν
1575 1176 1654 1209 δόξαν
1673 1185 1724 1211 μου
1744 1176 1829 1212 ἑτέρῳ
1847 1177 1878 1202 οὺ

1091 1223 1179 1250 δώσω.
1202 1232 1211 1249 ι
1238 1222 1404 1258 Ἐρωτητέον
1425 1222 1568 1258 τοιγαροῦν
1591 1222 1654 1254 τοὺς
1673 1216 1730 1249 ὅσοι
1750 1222 1796 1249 τὸν
1815 1222 1880 1249 Υἱὺν

1092 1269 1269 1304 ἀτιμάζουσιν
1291 1268 1396 1300 ἀσεὸὦς
1409 1288 1416 1301 ,
1443 1267 1544 1304 μᾶλλον
1565 1268 1593 1294 δὲ
1613 1268 1646 1295 δι’
1667 1268 1749 1295 αὐτοῦ
1765 1269 1812 1295 καὶ
1834 1269 1881 1295 τὸν

1093 1316 1204 1350 Πατέρα
1214 1323 1220 1329 ·
1234 1325 1243 1341 ι
1255 1315 1283 1342 Ὀ
1292 1314 1344 1350 γὰρ
1359 1315 1397 1350 μὴ
1411 1315 1497 1349 τιμῶν
1507 1314 1552 1341 τὸν
1561 1314 1635 1349 Υίὸν,
1643 1315 1702 1342 οὐδὲ
1713 1315 1757 1341 τὸν
1771 1315 1881 1351 Πατέρα

1094 1363 1161 1397 τιμᾷ
1176 1371 1198 1388 ·›
1217 1361 1331 1396 πότερόν
1353 1369 1417 1388 ποτε
1428 1380 1437 1395 ,
1455 1361 1580 1396 καθάπερ
1601 1361 1782 1395 ὑπειλήφασιν
1793 1361 1880 1393 αὐτοὶ,

1099 1408 1146 1436 τοῦ
1161 1408 1229 1436 Θεοῦ
1254 1409 1301 1436 καὶ
1317 1409 1422 1442 [ἰατρὸς
1445 1408 1563 1436 ἐλάττων
1577 1407 1613 1436 ὢν
1627 1409 1641 1434 6
1654 1409 1726 1442 Υἱὸς,
1740 1407 1882 1444 ὁμοούσιός

1100 1455 1184 1486 ἐστιν,
1199 1453 1237 1485 ὡς
1250 1453 1318 1489 πρὸς
1334 1453 1430 1487 αὑτὸν,
1446 1453 1462 1489 ἢ
1479 1453 1547 1488 οὐχί.
1579 1453 1612 1479 Εἰ
1631 1454 1680 1488 μὲν
1701 1451 1747 1480 οὖν
1763 1453 1880 1488 ἐροῦσιν,

1095 1499 1132 1532 ὡς
1147 1499 1220 1526 ἐστιν
1235 1499 1386 1534 ὁμοούσιος,
1400 1499 1426 1525 τί
1439 1499 1526 1534 μάτην
1539 1498 1569 1526 τὸ
1583 1498 1692 1525 Ελαττον
1707 1499 1883 1534 ἐπιφέρουσιν

257 1545 380 1582 ejusdem
394 1547 458 1572 sunt
474 1541 636 1570 substantia:
658 1548 689 1567 ac
713 1545 831 1571 natura),
853 1538 943 1565 minus
965 1538 992 1565 in
1012 1544 1042 1565 se

1096 1545 1189 1580 αὑτῷ;
1218 1545 1259 1572 Τὰ
1274 1545 1328 1580 γὰρ
1345 1545 1394 1580 τῆς
1415 1545 1500 1580 αὐτῆς
1517 1544 1611 1576 οὐσίας
1629 1544 1692 1571 ὄντα
1706 1545 1752 1570 καὶ
1766 1544 1883 1578 φύσεως,

260 1592 383 1627 profecto
403 1598 457 1618 non
484 1589 584 1616 habent
606 1586 697 1622 quoad
720 1585 852 1612 rationem
871 1583 1041 1612 substantiae.

261 1637 317 1664 lloc
333 1641 422 1663 autem
439 1633 563 1669 estquod
576 1632 736 1668 qnmrimus.
753 1630 807 1659 Sed
825 1638 878 1657 non
891 1630 1043 1658 assentien-

261 1687 307 1709 tur
318 1681 422 1714 forsan,
433 1688 522 1715 neque
541 1677 805 1707 consubstantialem
822 1684 883 1704 esse
895 1676 1045 1703 concedent

262 1728 337 1755 Patri
351 1727 460 1760 Filium,
479 1733 539 1753 cum
555 1726 644 1752 minor
668 1724 715 1756 sit,
735 1727 764 1750 ut
778 1723 830 1758 ipsi
842 1723 945 1750 volunt.
963 1721 1046 1756 Igitur

263 1773 388 1801 diversus
407 1772 459 1800 erit
473 1771 586 1799 omnino
603 1775 630 1798 et
648 1770 755 1797 alienus
772 1776 786 1796 a
802 1768 891 1796 Patre.
905 1767 1046 1800 Quomodo

264 1820 356 1854 itaque
369 1819 482 1854 gloriam
496 1817 555 1852 ejus
571 1815 673 1843 habet?
690 1824 699 1841 ι
719 1814 748 1842 Ei
765 1814 837 1842 enim
860 1814 940 1842 datus
959 1817 1017 1845 est,
1035 1823 1044 1839 ι

265 1869 294 1892 ιιι
309 1865 347 1892 ait
360 1864 456 1891 beatus
473 1861 566 1890 Daniel
577 1883 584 1895 ,
609 1870 618 1887 ι
634 1864 739 1894 honor,
758 1866 785 1888 et
801 1867 914 1895 regnum
924 1860 957 1887 “.
973 1869 982 1885 ι
1001 1858 1047 1886 Vel

264 1910 336 1938 enim
356 1909 408 1944 23
423 1908 569 1936 mentietur
585 1907 657 1935 Deus
674 1909 700 1934 et
717 1906 798 1933 Pater
817 1905 934 1933 dicens:
959 1914 968 1930 ι
984 1904 1048 1932 Glo-

265 1957 333 1983 riam
346 1962 434 1982 meam
452 1953 532 1981 alteri
551 1960 605 1980 non
626 1952 696 1979 dabo
708 1952 730 1967 ⁵⁸
744 1961 751 1985 ;
767 1961 776 1977 ›
797 1951 836 1979 vel
853 1952 874 1978 si
889 1958 971 1978 verax
986 1954 1027 1978 est
1040 1970 1047 1983 ,

266 2009 399 2036 suamque
421 2000 537 2036 gloriam
553 1999 628 2027 dedit
641 1998 724 2030 Filio.
744 2005 798 2025 non
816 1998 885 2025 alius
901 1996 997 2032 utique
1008 2000 1050 2024 est

266 2049 303 2075 ab
322 2048 401 2083 ipso,
428 2054 490 2074 cum
514 2045 551 2073 sit
573 2045 679 2072 fructus
703 2044 863 2072 substantia:
887 2043 991 2078 ipsius,
1018 2049 1051 2070 ac

268 2101 361 2121 verum
375 2093 511 2128 genimen.
528 2091 580 2124 Qui
595 2096 684 2117 autem
702 2089 797 2118 eodem
820 2089 902 2116 modo
922 2096 951 2116 se
970 2088 1052 2116 habet

267 2146 329 2166 cum
351 2138 445 2171 Patre,
461 2136 613 2165 secundum
631 2140 735 2162 natura:
751 2135 895 2168 rationem,
913 2135 1051 2169 quomodo

269 2185 329 2220 ipso
342 2184 452 2211 demum
465 2183 518 2210 erit
535 2182 625 2208 minor
638 2181 649 2207 ?

455 2228 516 2254 Alia
529 2227 660 2260 simplicia
673 2231 697 2252 et
709 2227 863 2253 inconnexa.

306 2274 335 2302 Si
347 2274 519 2308 omnipotens
533 2277 574 2300 est
586 2272 675 2305 Pater,
688 2277 714 2299 et
726 2272 853 2299 similiter
864 2271 950 2300 Filius
962 2274 1052 2301 omni-

271 2325 377 2356 potens,
403 2318 541 2354 quomodo
568 2318 659 2345 minor
684 2322 725 2345 est
752 2318 832 2353 ipso?
851 2318 908 2345 Non
931 2319 1004 2347 enim
1029 2320 1052 2347 si

271 2369 344 2394 recte
362 2363 598 2400 philosophamur,
615 2363 727 2398 perfecti
749 2363 934 2391 conditionem
952 2365 1052 2399 imper-

273 2412 372 2439 fectum
391 2413 566 2444 assequetur.
585 2408 626 2441 Et.
642 2410 664 2436 si
684 2409 816 2437 Dominus
835 2414 876 2437 est
891 2410 982 2442 Pater,
1001 2410 1054 2437 Do-

273 2456 419 2490 minusque
441 2453 569 2482 similiter
578 2458 620 2480 est
631 2453 727 2486 Filius,
741 2455 878 2488 quomodo
894 2455 952 2490 ipso
967 2455 1056 2482 minor

273 2501 333 2527 est?
357 2499 416 2526 Erit
435 2498 508 2526 enim
535 2506 588 2525 non
614 2499 735 2533 perfecte
762 2499 840 2529 liber.
869 2499 1003 2534 siquidem
1029 2499 1055 2525 in

273 2545 460 2573 dominatione
480 2544 569 2572 minor
592 2549 643 2578 est,
662 2552 712 2571 nec
735 2545 816 2572 habet
833 2545 859 2571 in
875 2545 965 2580 seipso
988 2552 1056 2571 con-

273 2595 436 2619 summatam
461 2590 631 2625 dignitatem.
656 2590 699 2622 Et,
727 2591 749 2618 si
775 2591 818 2618 lux
845 2597 885 2618 est
904 2591 993 2622 Pater,
1010 2591 1056 2617 lu-x

273 2637 336 2664 item
357 2636 453 2668 Filius,
480 2637 616 2671 quomodo
640 2637 731 2664 minor
750 2641 793 2664 est
809 2637 886 2671 ipso?
902 2636 959 2662 Erit
982 2637 1054 2663 enim

273 2689 326 2709 non
353 2681 473 2716 perfecte
498 2682 553 2713 lux.
575 2682 622 2710 sed
643 2691 675 2710 ex
693 2687 769 2718 parte
793 2683 913 2709 tenebris
931 2689 1055 2716 compre-

274 2727 416 2760 hendetur,
442 2729 644 2764 mentieturque
661 2729 844 2764 evangelista,
860 2729 954 2755 dicens
973 2738 978 2754 :
1000 2737 1008 2752 ι
1023 2727 1054 2754 Et

273 2773 389 2800 tenebrte
407 2781 468 2801 eum
481 2782 534 2801 non
548 2775 810 2810 comprehenderunt
825 2774 877 2800 “.i
897 2773 939 2803 Et.
957 2774 978 2800 si
999 2774 1052 2800 vita

328 2831 349 2846 ⁸⁸
359 2830 474 2868 Philipp.
494 2842 522 2863 ιι,
543 2834 569 2860 6.

627 2834 648 2848 ⁸⁸
659 2833 740 2860 Marc.
759 2841 817 2864 vm,
835 2833 876 2860 38.

273 2873 363 2895 xum.
385 2868 424 2894 ll.

481 2870 502 2884 ⁵⁸
520 2869 586 2895 Joan
611 2876 629 2898 ι,
642 2869 666 2894 5.

936 2834 958 2849 ⁵ο
974 2833 1025 2860 lsa.
1036 2842 1129 2868 nun,
1149 2835 1190 2862 ll.

1094 1591 1145 1618 οὐκ
1157 1591 1190 1618 ἂν
1203 1591 1271 1622 ὅλως
1286 1590 1343 1625 ἔχοι
1360 1590 1420 1617 καθ’
1435 1591 1539 1616 ἑαυτῶν
1551 1590 1582 1616 τὸ
1595 1589 1696 1625 μεῖζον,
1711 1591 1781 1617 κατά
1795 1598 1826 1624 γε
1837 1590 1884 1616 τὸν

1094 1635 1141 1663 τοῦ
1154 1636 1212 1668 πῶς
1229 1633 1298 1663 εἴναι
1312 1636 1398 1670 λόγον.
1411 1635 1495 1663 Τοῦτο
1510 1636 1538 1662 δὲ
1553 1636 1661 1668 πάντως
1673 1636 1731 1662 ἐστὶ
1744 1636 1775 1662 τὸ
1789 1635 1884 1671 ζητού-

1098 1690 1188 1716 μενον.
1222 1681 1289 1708 Ἀλλ’
1306 1681 1336 1708 οὐ
1350 1682 1526 1717 συνθήσονται
1541 1682 1638 1717 τυχὸν,
1665 1682 1724 1708 οὐδὲ
1744 1683 1885 1716 ὸμοούσιον

1097 1725 1166 1754 εἶναι
1181 1727 1294 1754 δώσουσι
1307 1727 1346 1763 τῷ
1358 1729 1446 1763 Πατρὶ
1460 1728 1505 1754 τὸν
1520 1728 1585 1754 Υἱὺν
1596 1748 1604 1760 ,
1631 1728 1669 1760 ὡς
1681 1727 1808 1754 ἐλάττονα
1826 1728 1884 1754 κατ’

1097 1773 1210 1804 αὐτούς·
1227 1773 1323 1800 οὐκοῦν
1339 1773 1432 1809 ἔτερος
1443 1774 1519 1801 ἔσται
1536 1773 1674 1805 παντελῶς
1690 1773 1737 1800 καὶ
1748 1767 1885 1810 ἀλλότριος

1098 1818 1144 1845 τοῦ
1166 1819 1281 1854 Πατρός.
1310 1819 1371 1851 Πῶς
1385 1817 1432 1846 οὖν
1444 1819 1499 1854 ἔχει
1513 1819 1561 1855 τὴν
1573 1819 1651 1852 δόξαν
1665 1819 1746 1846 αὑτοῦ
1759 1827 1767 1851 ς
1786 1829 1794 1844 ι
1806 1819 1886 1853 Αὐτῷ

1099 1864 1152 1899 γὰρ
1163 1864 1250 1899 ἐδόθη,
1266 1873 1275 1890 ι
1285 1864 1357 1891 καθά
1368 1873 1448 1900 φησιν
1464 1867 1478 1892 6
1487 1865 1620 1901 μακάριος
1633 1864 1743 1900 Δανιὴλ,
1754 1874 1763 1890 ι
1775 1865 1791 1899 ἡ
1804 1865 1882 1900 τιμὴ,

1100 1910 1146 1936 καὶ
1163 1911 1180 1945 ἡ
1197 1910 1328 1945 βασιλεία.
1343 1921 1352 1937 ι
1372 1912 1407 1938 Ἦ
1422 1911 1476 1947 γὰρ
1491 1911 1665 1946 διαψεύσεται
1679 1910 1765 1944 λέγων
1784 1910 1798 1936 6
1816 1908 1885 1940 Θεὸς

1100 1955 1146 1982 καὶ
1162 1955 1257 1990 Πατήρ
1272 1963 1278 1969 ’
1294 1965 1304 1981 ί
1317 1956 1372 1992 Τὴν
1401 1957 1477 1989 δόξαν
1499 1965 1550 1992 μου
1570 1957 1655 1991 ἑτέρῳ
1679 1955 1708 1982 οὐ
1729 1954 1806 1981 δώσω
1817 1962 1824 1969 ·
1837 1963 1847 1980 ι
1869 1954 1887 1989 ἠ

1100 2001 1178 2037 εἴπερ
1195 2002 1266 2028 ἐστὶν
1283 2001 1394 2037 ἀληθὴς,
1409 2002 1507 2028 δέδωκε
1525 2001 1554 2028 δὲ
1576 2001 1627 2036 τὴν
1640 1999 1734 2027 ἑαυτοῦ
1755 1999 1834 2032 δόξαν
1848 2000 1888 2034 τῷ

1103 2048 1176 2083 Υίῷ,
1198 2049 1247 2083 οὺχ
1262 2048 1354 2083 ἕτερος
1371 2048 1424 2083 ἄρα
1439 2048 1496 2074 ἐστὶ
1510 2048 1574 2083 παρ’
1591 2047 1688 2079 αὐτον,
1716 2046 1821 2082 καρπὸς
1834 2046 1888 2072 ῦπ-

1103 2092 1192 2129 άρχων
1206 2095 1255 2128 τῆς
1269 2093 1362 2124 οὐσίας
1373 2093 1466 2125 αὑτοῦ,
1483 2094 1530 2120 καὶ
1542 2093 1651 2128 γνήσιον
1665 2092 1798 2127 γέννημα.
1811 2091 1846 2118 ⁴0
1860 2091 1888 2117 δὲ

1102 2138 1232 2170 ὡσαύτως
1246 2138 1314 2173 ἔχων
1327 2137 1365 2173 τῷ
1375 2138 1462 2173 Πατρὶ
1477 2138 1547 2164 κατὰ
1558 2137 1603 2164 τδν
1614 2137 1664 2172 τῆς
1677 2136 1783 2171 φύσεως
1799 2135 1889 2170 λόγον,

1105 2184 1162 2216 πῶς
1178 2184 1210 2212 ἂν
1223 2184 1267 2219 εἴη
1279 2184 1372 2210 λοιπὸν
1386 2184 1504 2210 ἐλάττων
1515 2184 1597 2211 αὑτοῦ
1612 2192 1619 2216 ;

1289 2230 1381 2256 Ἄλλα
1399 2229 1481 2257 ἁπλᾶ
1493 2230 1541 2256 καὶ
1555 2229 1717 2257 ἀσύνδετα.

1142 2275 1172 2301 Ei
1189 2275 1383 2310 παντοκράτωρ
1405 2276 1478 2302 ἐστὶν
1491 2277 1504 2302 6
1519 2275 1612 2310 Πατὴρ
1624 2295 1630 2307 ,
1652 2274 1848 2310 παντοκράτωρ
1861 2274 1889 2300 δὲ

1105 2320 1204 2355 ὁμοίως
1225 2321 1271 2348 καὶ
1294 2322 1308 2347 ὁ
1329 2321 1402 2354 Υἱὸς,
1421 2321 1478 2352 πῶς
1499 2321 1617 2348 ἐλάττων
1634 2318 1715 2345 αὑτοῦ
1733 2320 1825 2351 ἐστινς
1852 2319 1890 2345 υὺ

1105 2366 1160 2401 γὰρ
1182 2365 1279 2402 δήπου,
1296 2367 1367 2393 κατά
1376 2375 1407 2401 γε
1431 2367 1476 2392 τὸν
1499 2366 1547 2400 τῆς
1570 2365 1725 2396 ἀκολουθίας
1741 2364 1836 2398 λόγον,
1852 2365 1891 2395 εις

1106 2411 1135 2438 τὸ
1150 2411 1196 2438 τοῦ
1208 2412 1308 2439 τελείου
1321 2413 1418 2447 μέτρον
1429 2412 1459 2438 τὸ
1474 2412 1510 2446 μὴ
1520 2411 1619 2437 τέλειον
1632 2410 1808 2445 ἀναϐήσεται.
1825 2410 1890 2440 Καὶ,

1107 2458 1131 2483 sl
1149 2457 1249 2493 Κύριός
1273 2458 1345 2484 ἐστιν
1369 2458 1383 2484 6
1400 2457 1512 2492 Πατὴρ,
1535 2456 1636 2492 Κύριος
1660 2456 1687 2483 δὲ
1702 2455 1800 2491 ὁμοίως
1816 2455 1862 2482 καὶ
1878 2456 1892 2481 6

1108 2503 1181 2536 Υἱὸς,
1204 2503 1261 2534 πῶς
1284 2503 1402 2529 ἐλάττων
1418 2502 1500 2529 αὑτοῦ
1521 2504 1610 2535 ἐστινς
1635 2501 1730 2528 Ἔσται
1741 2502 1793 2536 γὰρ
1805 2501 1835 2527 οὐ
1849 2509 1892 2527 τε·

1107 2549 1184 2580 λείως
1204 2548 1344 2583 ἐλεύθερος
1354 2549 1456 2584 ,εἴπερ
1479 2549 1552 2576 ἐστὶν
1568 2549 1685 2576 ἐλάττων
1697 2549 1725 2574 ὲν
1741 2547 1891 2582 κυριότητι,

1108 2594 1154 2620 καὶ
1165 2594 1194 2620 οὐ
1211 2594 1311 2629 πλῆρες
1327 2593 1395 2628 ἔχων
1409 2595 1436 2620 ὲν
1451 2594 1540 2630 ἑαυτῷ
1553 2594 1582 2621 τὺ
1595 2594 1711 2629 ἀξίωμα.
1727 2593 1781 2619 Καὶ
1795 2593 1820 2618 εί
1834 2591 1892 2626 φῶς

1108 2640 1181 2665 ἐστιν
1192 2640 1206 2665 6
1220 2639 1324 2674 Πατὴρ,
1341 2640 1398 2674 φῶς
1412 2640 1439 2667 δὲ
1454 2641 1553 2676 ὁμοίως
1567 2641 1614 2666 καὶ
1629 2641 1642 2666 6
1655 2639 1728 2672 Υἱὸς,
1746 2638 1803 2669 πῶς
1820 2637 1894 2664 ἐλάτ-

1108 2693 1160 2711 των
1173 2683 1255 2711 αὐτοῦ
1272 2685 1360 2717 tactv;
1378 2687 1473 2713 Ἔσται
1491 2687 1544 2722 γὰρ
1556 2687 1586 2712 οῦ
1601 2685 1709 2716 τελείως
1723 2684 1789 2718 φῶς,
1809 2691 1892 2709 κατα·
1940 2676 1942 2678 ⁷

1107 2730 1274 2766 ληφθήσεται
1296 2732 1324 2758 δὲ
1345 2733 1397 2759 ἀπὸ
1427 2733 1525 2768 μέρους
1550 2735 1602 2760 ὑπὸ
1621 2735 1667 2770 τῆς
1698 2733 1820 2764 σκοτίας,
1846 2732 1893 2757 καὶ

1105 2775 1234 2810 ψεύσεται
1254 2777 1340 2811 λέγων
1363 2780 1376 2805 6
1394 2779 1605 2815 εὐαγγελιστής’
1629 2789 1638 2804 ι
1659 2780 1690 2806 ’Π
1705 2780 1796 2806 σκοτία
1813 2779 1894 2806 αὐτὸν

1517 2838 1539 2853 ⁵¹
1556 2837 1623 2864 Dan.
1643 2845 1689 2870 vn,
1706 2836 1747 2863 14.

1247 2836 1269 2852 ⁵⁸
1281 2836 1358 2863 Joan.
1377 2844 1402 2867 ι’,
1416 2837 1460 2864 ‘25.
1517 2838 1539 2853 δ’
1556 2837 1623 2864 Dan.
1643 2845 1689 2867 vn.
1706 2836 1747 2863 14.
1799 2836 1822 2852 ⁵⁸
1839 2837 1892 2863 lsa.
