2030 3122
171 184 204 211 ιε
492 154 495 156 -
697 179 729 206 l‘N
744 178 887 207 JOANNIS
906 177 1130 206 EVANGELIUM
1150 178 1214 205 LIB.
1237 179 1255 205 l.
1753 183 1785 210 ω

170 244 200 270 οὑ
217 242 360 270 κατέλαϐε.
375 250 384 267 ι
411 240 467 268 Καὶ
482 241 507 266 εἰ
529 241 584 275 ζωή
601 240 673 266 ἐστιν
693 241 706 266 6
723 239 834 275 Πατὴρ.
857 239 914 274 ζωὴ
927 239 950 266 δὲ

1005 243 1046 267 est
1074 239 1165 272 Pater,
1184 239 1238 266 vita
1256 239 1319 266 item
1341 239 1441 272 Filius,
1457 241 1597 275 quomodo
1620 242 1710 270 minor
1726 243 1786 279 ipso

168 288 268 323 ὁμοίως
291 287 337 313 καὶ
350 286 365 312 ὸ
381 285 460 317 Υἱὸς,
486 284 544 315 πῶς
561 283 678 310 ἐλάττων
693 282 774 311 αὑτοῦ
799 285 889 317 conv;
917 284 954 310 Οὐ

169 333 223 367 γάρ
242 333 300 358 ἐστι
322 331 432 362 τελείως
449 330 478 356 ὲν
501 330 595 365 ἡμῖν-ἡ
617 329 689 364 ζωὴ,
718 329 770 355 κᾶν
785 329 824 360 εἰς
843 328 887 355 τὸν
901 328 955 355 ἔσω

169 378 310 413 ἄνθρωπον
327 376 484 411 κατοικήσει
500 374 618 410 Χριστός
631 382 638 389 ·
662 375 753 410 νεκροὶ
772 375 800 402 δέ
815 384 872 407 πως
885 375 955 402 κατά

167 433 194 450 τι
211 423 293 458 μέρος
314 423 339 448 oi
362 421 571 452 πιστεύσαντες,
597 420 676 456 εἴπερ
698 421 772 447 ἐστὶν
794 422 824 447 οὑ
846 421 955 453 τελείως

168 469 236 504 ζωὴ,
248 468 280 494 τὸ
294 467 403 494 ἔλαττον
418 465 487 502 ἔχων
498 467 512 493 6
527 466 601 498 Υἱός.
632 466 741 501 Ἐπειδὴ
752 466 780 492 δὲ
796 466 849 501 χρὴ
864 466 912 501 τὴν
926 468 954 493 ὲν

166 515 272 546 τούτοις
288 513 403 541 ἀτοπίαν
420 512 458 544 ὡς
482 511 650 548 πορρωτάτω
675 511 825 542 ποιεῖσθαι.
851 511 954 538 τέλειον

166 558 237 587 εἷναί
252 567 341 594 φαμεν
353 558 398 585 τὸν
409 558 473 585 Υἰδν
488 558 516 584 ἐν
527 557 567 593 τῷ
581 556 676 592 τελείῳ
688 557 776 592 Πατρῖ¹
786 556 952 592 παρισούμε-

166 614 210 632 νον
227 605 270 631 διὰ
286 605 318 631 τὸ
333 604 382 639 τῆς
395 603 488 634 οὐσίας
503 602 722 637 ἀπαράλλακτον.

201 652 303 678 ΑΛΛΟ.
322 651 353 677 Εἰ
365 650 484 676 ἐλάττων
496 649 555 675 ἐστὶ
570 648 617 675 τοῦ
631 647 737 683 Πατρδς
752 648 766 674 6
782 647 854 679 Υἱὸς,
870 647 912 674 διὰ
923 656 952 674 τε

165 696 245 723 τοῦτο
260 696 308 730 οὐχ
331 694 491 730 ὁμοούσιος·
516 694 609 728 ἕτερος
630 693 685 728 ἄρα
704 693 762 720 ἐστὶ
783 692 853 719 κατὰ
874 692 953 726 φύσιν

166 742 214 768 καὶ
233 741 373 776 ἀλλότριος
390 738 544 770 παντελῶς·
557 738 655 765 οὐκοῦν
670 739 719 773 οὐχ
733 738 807 770 Υἱδς,
822 738 878 765 ἀλλ’
893 738 953 765 οὐδὲ

165 785 233 816 ὅλως
253 785 328 815 Θεὸς.
356 783 419 815 Πῶς
437 783 491 818 γὰρ
512 783 545 810 ἂν
570 783 617 809 καὶ
633 783 741 810 καλοῖτο
760 783 823 814 Υἱὸς
844 785 858 810 6
872 784 908 819 μὴ
921 784 953 810 ἐκ
979 812 981 815 _

167 830 287 866 Πατρὸς,
305 829 321 864 ἢ
338 828 396 860 πῶς
413 828 452 854 ἔτι
467 828 548 860 Θεὸς,
563 828 578 853 ὸ
596 827 633 863 μὴ
647 828 679 854 ὲκ
691 827 758 854 Θεοῦ
769 827 839 854 κατὰ
853 827 951 861 φύσης

166 877 198 902 Τί
212 884 294 910 φασιν
306 874 424 901 ἐνταῦθα
441 874 465 900 οἰ
478 873 541 905 τοὺς
558 873 595 908 μὴ
609 873 659 908 τὴν
674 873 714 904 εἰς
728 872 773 899 τὸν
785 873 847 899 Υίὸν
864 881 952 908 παρα-

1006 286 1065 312 est?
1079 285 1138 312 Non
1153 284 1227 312 enim
1242 289 1284 312 est
1299 284 1418 319 perfecte
1438 286 1464 313 in
1482 287 1562 314 nobis
1581 288 1649 320 vita,
1661 290 1786 323 quamvis

1006 330 1033 356 in
1050 329 1174 357 interiori
1189 329 1300 356 homine
1322 329 1450 357 Christus
1473 331 1588 362 habitet,
1606 332 1653 360 sed
1667 332 1785 367 quadam

1005 382 1038 402 ex
1050 378 1129 410 parte
1143 375 1245 402 mortui
1266 379 1331 402 sunt
1354 375 1509 407 credentes,
1524 377 1658 411 siquidem
1675 386 1730 405 non
1744 383 1787 407 est

1006 419 1060 446 vita
1073 418 1202 454 perfecte,
1215 426 1277 446 cum
1293 418 1383 447 minus
1397 419 1496 446 habeat
1506 420 1679 448 Filius.Cum
1694 427 1784 450 autem

1005 464 1204 492 absurditatem
1233 465 1308 492 illam
1335 465 1363 492 in
1389 465 1432 493 his
1457 465 1616 500 longissime
1643 456 1802 504 proﬂigarei

1004 514 1141 545 oporteat,
1158 510 1309 545 perfectum
1325 518 1387 540 esse
1406 511 1525 539 dicimus
1538 511 1639 539 Filium
1664 513 1786 547 perfecto

1004 555 1078 583 Patri
1111 557 1261 591 aequalem,
1291 562 1403 592 propter
1433 557 1583 592 perfectam
1614 557 1786 586 identitatem

1005 601 1175 629 substantiae.
1294 601 1299 606 '

1038 646 1152 674 ALIUD.
1168 646 1196 673 Si
1213 647 1303 674 minor
1316 651 1359 674 est
1378 646 1459 674 Patre
1478 646 1576 680 Filius,
1595 654 1626 674 ac
1644 650 1786 682 propterea

1004 699 1058 719 non
1079 692 1334 725 consubstantialis,
1354 692 1426 719 alius
1448 693 1543 727 utique
1563 693 1714 732 secundum
1740 701 1786 720 na-

1004 740 1106 769 turam,
1123 744 1154 763 ac
1170 737 1249 772 plane
1264 737 1382 764 alienus.
1399 736 1484 772 Igitur
1501 745 1556 764 non
1567 737 1664 770 Filius,
1678 738 1725 765 sed
1739 746 1786 766 ne-

1003 789 1057 817 que
1072 789 1187 817 prorsus
1208 782 1291 811 Deus.
1308 782 1450 815 Quomodo
1464 783 1536 810 enim
1560 787 1674 810 vocetur
1687 783 1786 817 Filius,

1003 827 1050 863 qui
1066 835 1123 855 non
1140 832 1183 855 est
1196 835 1228 855 ex
1249 827 1341 861 Patre,
1361 832 1408 855 aut
1423 829 1562 863 quomodo
1577 829 1687 857 tandem
1703 829 1785 861 Deus.

1002 873 1050 909 qui
1065 881 1120 901 non
1135 879 1178 902 est
1194 881 1227 901 ex
1249 873 1305 902 Deo
1328 875 1479 902 secundum
1495 875 1641 902 naturam?
1654 875 1724 908 Quid
1740 875 1786 905 hic

129 943 135 949 .
165 921 328 956 δεξαμένους
355 920 457 952 πίστιν,
479 919 662 951 ἀπεκτονότας
679 919 707 945 δὲ
730 919 830 954 μᾶλλον
845 919 950 949 τοῦτον,

1002 919 1099 947 dicunt
1121 920 1168 955 qui
1192 925 1320 948 asserunt
1341 920 1369 947 in
1386 919 1494 947 Patrem
1518 921 1631 948 credere
1652 929 1708 949 non
1737 929 1786 949 eos

166 966 206 997 εἰς
214 965 260 992 τὸν
269 964 378 1000 Πατέρα
386 963 747 999 πιστεύειν,ἰσχυριζόμενοι;
761 963 902 999 Ἐπειδὴδὲ
913 964 953 994 είς

168 1011 231 1037 Υίόν
242 1010 340 1045 ἐστινὴ
351 1009 498 1042 πίστις,ἔτι
510 1009 580 1036 κατὰ
593 1010 623 1036 τὺ
637 1009 709 1041 είκδς
721 1009 896 1045 πλανώμεθα,
907 1009 952 1036 τὸν

166 1056 293 1091 ἀληθινὸν
303 1056 352 1082 οὐκ
365 1055 552 1089 ἐπεγνωκότες
561 1054 636 1082 Θεόν.
655 1055 736 1081 Ἀλλὰ
749 1055 828 1082 τοῦτο
842 1055 953 1082 ἄτοπον.

167 1101 347 1132 Πιστεύοντες
358 1101 380 1127 δ’
396 1101 436 1132 εἰς
449 1100 523 1132 Υἱδν,
537 1100 584 1127 καὶ
595 1101 634 1132 εις
650 1100 695 1126 τὸν
706 1101 815 1136 Πατέρα
830 1100 953 1127 πιστεύο-

167 1155 227 1182 μεν,
244 1146 291 1173 καὶ
305 1147 345 1178 εἰς
358 1145 388 1172 τὸ
404 1145 481 1179 ἅγιον
494 1145 608 1180 Πνεῦμα
626 1145 737 1181 δηλαδή.
761 1145 817 1172 Οὐκ
827 1145 881 1181 ἄρα
895 1146 953 1173 ἐστὶ

165 1192 211 1217 τοῦ
227 1190 294 1217 Θεοῦ
306 1191 352 1217 καὶ
365 1190 482 1226 Πατρὺς,
497 1190 535 1222 ὡς
551 1190 680 1220 ἐλάττων,
697 1189 836 1225 ἀλλότριος
849 1190 863 1216 6
878 1190 951 1222 Υἱὸς,

165 1235 222 1262 ἀλλ’
235 1235 264 1261 ἓν
277 1236 315 1267 ὡς
331 1235 399 1270 πρὸς
413 1235 504 1268 αὐτὸν,
532 1235 577 1262 διὰ
589 1236 619 1261 τὸ
633 1235 662 1268 ἐξ
674 1235 756 1261 αὑτοῦ
774 1236 844 1262 κατά
861 1236 951 1269 φύσιν,

167 1280 222 1312 ἴσος
235 1288 264 1306 τε
280 1280 324 1306 διὰ
338 1280 417 1306 τοῦτο
433 1280 483 1306 καὶ
496 1279 608 1311 τέλειος.

200 1378 300 1404 ΔΛΛΟ.
318 1378 348 1404 Εἰ
366 1378 414 1412 μὲν
429 1377 492 1409 Υἱός
507 1377 564 1404 ἐστι
580 1377 650 1404 κατὰ
665 1377 793 1413 ἀλήθειαν
811 1378 825 1404 6
840 1378 872 1404 ἐκ
885 1377 952 1404 Θεοῦ

165 1424 270 1458 Πατρὺς
291 1422 452 1458 ἀναλάμψας
465 1422 531 1454 Θεὸς
550 1422 653 1456 Λόγος,
679 1422 784 1458 ἀνάγκη
807 1423 885 1449 πᾶσα
906 1422 953 1449 καὶ

165 1469 214 1504 οὺχ
232 1469 344 1500 ἑκόντας
366 1470 428 1501 τοὺς
443 1468 476 1495 δι’
493 1467 617 1499 ἐναντίας
631 1467 771 1502 ὁμολογεῖν
796 1469 828 1494 ἐκ
843 1468 892 1503 τῆς
906 1468 951 1494 οὺ-

165 1514 225 1545 σίας
249 1513 328 1540 αὐτὸν
346 1513 481 1548 ὑπάρχειν
492 1513 543 1547 τῆς
564 1513 611 1539 τοῦ
625 1513 740 1548 Πατρός.
765 1512 849 1540 Τοῦτο
864 1513 918 1549 γὰρ
933 1514 950 1549 ἠ

168 1558 240 1585 κατὰ
255 1558 385 1594 ἀλήθειαν
411 1558 504 1593 υἱότης
520 1557 656 1593 σημαίνει.
672 1555 738 1584 Εἶτα
765 1557 823 1589 πῶς
836 1559 849 1585 6
862 1558 951 1585 τοιοῦ-
965 1576 986 1606 c

163 1613 206 1635 τος
224 1604 342 1630 ἐλάττων
361 1603 419 1630 ἐστὶ
434 1603 480 1630 τοῦ
498 1602 604 1637 Πατρδς
620 1603 683 1635 Tib;
694 1623 702 1635 ,
726 1604 803 1638 εἴπερ
817 1603 890 1630 ἐστὶν
904 1604 950 1630 οὺ-

164 1650 222 1681 σίας
238 1649 354 1684 καρπὸς,
372 1649 520 1683 οὐδαμόθεν
536 1649 568 1675 τὸ
597 1649 706 1676 ἔλαττον
724 1648 767 1683 ἐφ’
779 1650 861 1684 ἑαυτῇ
877 1649 950 1685 δεχο-

164 1697 264 1731 μένης;
290 1696 382 1722 Πάντα
404 1696 458 1731 γὰρ
479 1695 588 1727 τελείως
611 1697 640 1722 ἐν
661 1695 700 1730 τῷ
717 1696 784 1730 Θεῷ.
807 1697 838 1723 Εἰ
857 1696 885 1723 δὲ
901 1697 950 1723 οὐκ

163 1742 235 1769 ἔστιν
254 1743 286 1768 ὲκ
308 1742 356 1778 τῆς
371 1743 462 1774 οὐσίας
484 1741 529 1769 τοῦ
542 1742 648 1777 Πατρὸς
671 1742 729 1768 οὐδὲ
747 1741 809 1772 Tib;
826 1742 888 1777 ἄρα·
909 1743 950 1769 νό-

162 1787 207 1817 Θος
223 1786 251 1812 δὲ
266 1786 360 1822 ὥσπερ
375 1796 414 1818 τις
431 1787 476 1813 καὶ
493 1786 676 1821 ψευδώνυμος.
708 1787 776 1813 Ἀλλ’
789 1787 849 1814 οὐδὲ
870 1788 950 1820 αὐτὸς

161 1834 175 1860 ὁ
190 1833 293 1868 Πατὴρ,
307 1833 402 1868 Πατὴρ
419 1832 452 1860 ἂν
465 1833 571 1859 καλοῖτο
587 1833 698 1864 δικαίως
712 1841 752 1864 τε,
767 1834 814 1859 καὶ
830 1833 948 1868 ἀληθῶς.

162 1880 226 1907 Υἱοῦ
243 1880 298 1914 γὰρ
310 1880 360 1906 οὐκ
375 1880 451 1911 ὄντος
467 1879 513 1905 τοῦ
531 1879 600 1905 κατὰ
618 1879 710 1913 φύσιν,
727 1879 760 1905 δι’
774 1879 803 1905 ὃν
817 1879 874 1905 ἐστι
893 1880 949 1905 Ila.-

158 1924 221 1959 τὴρ,
234 1924 292 1956 πῶς
300 1924 332 1951 ἂν
343 1925 426 1950 νοοῖτο
436 1924 544 1959 Πατὴρς
559 1923 637 1950 ’Λλλὰ
648 1924 725 1950 τοῦτο
739 1923 848 1950 ἄτοπον.
872 1924 948 1950 ’Ἐστι

159 1968 187 1996 δὲ
201 1969 294 2005 Πατὴρ
307 1969 432 2004 ἀληθινὸς
453 1971 467 1995 6
481 1969 547 2000 Θεός
560 1977 567 1983 ⁸
597 1968 676 1995 τοῦτο
701 1968 754 2004 γὰρ
770 1968 800 2004 δὴ
812 1969 867 1995 ’καὶ
889 1968 947 1995 ὅλαι

161 2014 257 2049 βοῶσιν
269 2015 297 2041 αἱ
308 2015 381 2041 θεῖαι
395 2015 502 2049 Γραφαί
511 2022 518 2029 ’
531 2014 595 2046 Υἱὸς
606 2013 658 2050 ἄρα
673 2014 780 2045 πάντως
791 2015 805 2040 ὁ
821 2014 851 2046 ἐξ
864 2013 946 2040 αὑτοῦ

161 2059 291 2093 φυσικῶς.
314 2061 344 2086 Et
361 2060 389 2086 δὲ
406 2059 499 2092 τοῦτο,
521 2059 571 2086 οὐκ
584 2059 702 2086 ἐλάττων
715 2066 721 2073 ·
738 2059 880 2094 ὁμοούσιος
894 2059 947 2094 γὰρ

160 2104 197 2136 ὡς
212 2104 285 2136 Υἱός.

199 2151 301 2177 ΔΛΛΟ.
332 2150 369 2177 Τὸ
389 2152 439 2186 τῆς
453 2151 567 2186 πατριᾶς
591 2150 649 2185 ἦτοι
671 2150 838 2185 πατρότητος
861 2150 945 2185 ὄνομα

160 2196 209 2222 οὐκ
226 2196 256 2228 ἐξ
271 2196 350 2231 ἡμῶν
363 2196 418 2232 ἔχει
429 2196 495 2228 θεὸς
506 2216 512 2228 ,
536 2195 593 2222 ἀλλ’
608 2196 688 2231 ἡμεῖς
706 2196 805 2232 μᾶλλον
819 2196 848 2229 ἐξ
863 2196 944 2223 αὑτοῦ

1003 964 1050 998 qui
1079 964 1157 992 iidem
1187 969 1369 999 susceperunt
1391 965 1418 992 in
1442 964 1553 998 Filium,
1568 965 1616 993 scd
1641 966 1689 1001 qui
1712 966 1785 994 hunc

1003 1010 1095 1044 potius
1114 1009 1329 1038 interfecerunt?
1349 1010 1418 1038 Cum
1442 1014 1532 1038 autent
1557 1010 1624 1039 ﬁdes
1645 1012 1680 1039 sit
1697 1012 1723 1039 in
1739 1010 1785 1039 Fi-

1003 1055 1081 1087 lium,
1098 1055 1199 1088 adhuc,
1214 1060 1243 1083 ut
1257 1056 1389 1083 credibile
1401 1059 1453 1089 est,
1468 1063 1604 1091 erramus,
1619 1064 1713 1084 verum
1730 1064 1785 1085 non

1002 1106 1183 1137 agnoscentes
1206 1101 1302 1130 Deum.
1322 1102 1358 1129 At
1371 1102 1425 1130 hoc
1445 1101 1605 1130 absurdum.
1635 1103 1785 1131 Credentes

1003 1151 1093 1175 autem
1109 1148 1136 1174 in
1157 1147 1269 1180 Filium,
1289 1148 1316 1175 in
1341 1147 1450 1175 Patrem
1474 1156 1583 1184 quoque
1602 1149 1740 1178 credimus
1758 1154 1786 1177 et

1003 1195 1030 1221 in
1056 1194 1189 1229 Spiritum
1217 1198 1343 1222 sanctum
1370 1195 1514 1223 nimirum.
1552 1195 1610 1222 Non
1634 1200 1677 1223 est
1701 1196 1786 1231 igitur

1002 1240 1080 1275 quasi
1097 1239 1151 1267 Dco
1164 1247 1196 1267 ac
1210 1240 1290 1268 Patre
1305 1241 1394 1268 minor
1408 1241 1515 1269 alienus
1530 1241 1627 1275 Filius,
1639 1242 1688 1269 sed
1700 1250 1784 1269 unum

1002 1286 1066 1320 quid
1082 1294 1144 1313 cum
1162 1286 1230 1321 ipso,
1247 1291 1391 1321 propterea
1407 1287 1481 1322 quod
1504 1294 1537 1314 ex
1552 1287 1611 1322 ipso
1624 1292 1667 1314 est
1688 1295 1781 1314 secun-

1002 1331 1066 1357 dum
1086 1335 1221 1363 naturam,
1237 1336 1264 1358 et
1281 1331 1342 1358 ideo
1358 1332 1473 1366 aequalis
1491 1339 1522 1358 ac
1535 1332 1684 1366 perfectus.

1037 1375 1152 1403 ALIUD.
1169 1375 1196 1402 Si
1212 1375 1298 1403 Filius
1325 1383 1386 1404 vere
1403 1380 1446 1404 est
1468 1376 1492 1404 is
1514 1376 1560 1412 qui
1579 1385 1612 1404 ex
1631 1376 1684 1404 Deo
1705 1376 1786 1404 Patre

1002 1419 1104 1448 effulsit
1127 1420 1199 1449 Deus
1220 1421 1350 1452 Verbum,
1368 1428 1482 1449 necesse
1501 1421 1614 1448 omnino
1631 1425 1672 1449 est
1688 1421 1786 1449 adver-

1002 1466 1091 1494 sarios
1115 1466 1158 1493 vel
1183 1466 1309 1494 nolentes
1335 1466 1476 1499 conﬁteri,
1500 1465 1554 1502 24
1574 1474 1608 1494 ex
1631 1467 1784 1494 substantia

1002 1511 1092 1539 Patris
1119 1512 1209 1546 ipsum
1240 1511 1397 1540 exsistere:
1422 1511 1474 1539 hoc
1498 1512 1572 1539 enim
1600 1519 1665 1539 vera
1691 1512 1785 1539 iiliatio

1002 1556 1149 1593 signiﬁcat.
1166 1558 1200 1583 At
1215 1556 1354 1591 quomodo
1369 1556 1393 1584 is
1411 1556 1498 1584 minor
1517 1560 1559 1585 est
1581 1556 1662 1585 Patre
1686 1557 1782 1585 Filius.

1002 1601 1136 1636 siquidem
1162 1601 1200 1628 sit
1224 1601 1383 1629 substantia:
1405 1600 1524 1636 fructus,
1545 1609 1605 1637 qua:
1626 1602 1782 1632 nullatenus

1002 1646 1029 1672 in
1044 1653 1074 1673 se
1096 1646 1186 1673 minus
1206 1646 1340 1681 suscipit?
1353 1646 1459 1674 Cuncta
1482 1647 1556 1674 enim
1580 1647 1699 1682 perfecte
1720 1653 1783 1676 sunt

1001 1691 1028 1718 in
1047 1691 1111 1718 Deo.
1127 1691 1206 1724 Quod
1226 1692 1248 1719 si
1264 1699 1319 1719 non
1339 1696 1381 1720 est
1395 1700 1428 1720 ex
1445 1693 1602 1720 substantia
1621 1693 1722 1726 Patris,
1737 1701 1785 1721 ne-

999 1744 1053 1771 que
1078 1736 1165 1765 Filius
1188 1741 1231 1765 est
1253 1737 1347 1773 igitur,
1366 1738 1413 1766 sed
1437 1738 1549 1773 spurius
1567 1739 1652 1767 veluti
1674 1739 1784 1774 quidam

999 1791 1032 1812 ac
1047 1783 1108 1812 falsi
1123 1785 1254 1812 nominis.
1269 1785 1323 1814 Sed
1339 1793 1428 1821 neque
1443 1786 1524 1814 Pater
1539 1788 1599 1823 ipse
1609 1787 1693 1816 Pater
1706 1788 1783 1823 iuste

999 1837 1031 1856 ac
1043 1837 1107 1858 vere
1121 1835 1234 1859 vocetur
1252 1840 1258 1858 :
1275 1831 1299 1859 si
1313 1831 1386 1859 enim
1400 1831 1487 1860 Filius
1501 1840 1556 1861 non
1573 1837 1616 1861 est
1631 1834 1782 1862 secundum

998 1879 1127 1902 naturam
1143 1880 1257 1911 propter
1278 1884 1360 1911 quem
1379 1878 1415 1904 sit
1430 1877 1528 1911 Pater,
1545 1879 1682 1913 quomodo
1702 1879 1784 1907 Pater

999 1920 1187 1956 intelligatur?
1205 1920 1259 1949 Sed
1273 1922 1326 1949 hoc
1346 1922 1507 1951 absurdum.
1533 1923 1579 1951 Est
1595 1928 1687 1952 autem
1702 1924 1784 1951 Pater

1000 1973 1079 1993 verus
1106 1966 1175 1995 Deus
1199 1966 1263 2002 (hoc
1285 1967 1360 1995 enim
1385 1969 1487 2004 ubique
1513 1968 1663 2004 Scriptura:
1684 1970 1783 1999 divina:

997 2012 1164 2047 clamitant),
1181 2012 1265 2042 Filius
1285 2022 1350 2049 ergo
1366 2017 1408 2042 est
1419 2015 1499 2050 plane
1516 2015 1562 2050 qui
1579 2024 1611 2043 ex
1627 2016 1687 2052 ipso
1703 2022 1783 2045 natu-

997 2058 1102 2086 raliter.
1118 2058 1196 2091 Quod
1220 2059 1243 2086 si
1260 2059 1358 2092 Filius,
1377 2067 1431 2087 non
1455 2068 1520 2096 ergo
1541 2062 1640 2089 minor.
1656 2062 1783 2091 Consuli-

997 2104 1138 2131 stantialis
1156 2105 1228 2132 enim
1249 2109 1291 2132 est
1310 2109 1406 2140 utpote
1425 2105 1524 2134 Filius.

1030 2147 1146 2175 ALIUD.
1164 2148 1342 2176 Paternitatis
1365 2157 1465 2178 nomen
1482 2158 1539 2178 non
1561 2151 1643 2179 habet
1660 2151 1731 2181 Deus
1748 2160 1780 2180 ex

996 2194 1087 2226 nobis,
1106 2193 1152 2222 sed
1171 2202 1222 2222 nos
1240 2195 1331 2230 potius
1353 2195 1387 2222 ab
1404 2195 1464 2230 ipso
1483 2197 1624 2232 accepisse
1643 2197 1778 2225 videmur.

161 2240 288 2272 λαϐόντες
303 2239 439 2275 ὁρώμεϐα.
459 2240 556 2272 Πιστὸς
571 2240 598 2266 δὲ
614 2240 627 2266 ὁ
644 2240 722 2274 λόγος
737 2240 844 2266 Παύλου
862 2239 945 2274 βοῶν-

1000 2240 1100 2268 Fidelis
1123 2241 1225 2276 quippe
1250 2244 1292 2268 est
1315 2244 1407 2269 sermo
1433 2241 1509 2269 Pauli
1530 2243 1674 2271 clamantis
1693 2253 1700 2271 :
1718 2253 1728 2270 ‹
1743 2243 1781 2271 Ex

159 2294 203 2318 τος
222 2285 287 2312 ὡδί·
305 2295 314 2311 ι
336 2286 380 2319 Ἐξ
397 2283 427 2312 οὗ
452 2288 526 2313 πᾶσα
554 2286 654 2322 πατριὰ
677 2286 704 2312 ἔν
721 2294 750 2312 τε
768 2286 873 2322 οὐρανῷ
898 2287 945 2313 καὶ

159 2333 204 2359 ἐπὶ
220 2333 272 2367 γῆς
295 2332 466 2367 ὀνομάζεται.
484 2341 493 2357 ι
526 2331 632 2367 Ἐπειδὴ
654 2332 681 2359 δὲ
698 2332 765 2364 Θεὸς
784 2332 813 2358 τὸ
836 2332 944 2359 πάντων

158 2379 216 2404 ἐστὶ
230 2377 417 2414 πρεσϐύτατον
429 2398 435 2409 ,
459 2378 530 2405 κατὰ
554 2378 669 2413 μίμησιν
686 2377 806 2412 δηλονότι
826 2376 944 2412 πατέρες

158 2423 248 2457 ἡμεῖς⁷
258 2423 282 2448 οἱ
300 2422 366 2457 πρὸς
380 2421 411 2448 τὸ
425 2422 528 2449 ἐκείνου
554 2422 645 2458 σχῆμα
661 2421 703 2448 διὰ
718 2421 765 2448 τοῦ
780 2421 944 2456 πεποιῆσθαι

158 2469 217 2494 κατ’
232 2467 336 2500 εἰκόνα,
349 2467 521 2503 κεκλημένοι.
536 2465 603 2494 Εἴτα
619 2467 687 2500 πῶς,
703 2467 763 2493 είπέ
779 2475 833 2501 μοι.
852 2467 944 2493 λοιπὸν

156 2515 180 2540 οἱ
197 2513 259 2540 καθ’
281 2513 410 2549 ὁμοίωσιν
424 2513 565 2548 γεγονότες
579 2513 666 2548 αὐτῷ,
682 2513 752 2540 κατὰ
767 2512 847 2547 φύσιν
859 2513 942 2548 ἐσμὲν

156 2558 210 2585 τῶν
222 2558 329 2585 οἰκείων
348 2559 450 2586 τέκνων
465 2559 581 2594 πατέρες
592 2579 599 2590 ,
624 2560 648 2586 εί
665 2559 701 2594 μὴ
720 2559 848 2594 πρόσεστι
865 2558 942 2585 τοῦτο

155 2606 188 2640 τῇ
206 2604 353 2640 ἀρχετύπῳ
379 2605 478 2636 εἰκόνι,
507 2605 573 2640 πρὸς
594 2605 626 2640 ἢν
643 2605 689 2631 καὶ
714 2603 939 2641 μεμορφώμεθας

157 2649 219 2681 Πῶς
241 2650 264 2676 δ’
283 2650 317 2676 ἂν
338 2650 406 2681 ὅλως
426 2650 456 2676 τὺ
477 2650 526 2686 τῆς
546 2652 663 2686 πατριᾶς
687 2652 746 2686 ἦτοι
776 2651 944 2686 πατρὸτητος

156 2695 241 2730 δνομα
266 2696 313 2721 καὶ
327 2696 367 2727 εἰς
389 2696 451 2727 τοὺς
468 2695 562 2728 ἄλλους
582 2696 693 2731 ἐκϐῆναι
710 2696 784 2733 παρὰ
804 2696 872 2723 Θεοῦ
886 2696 944 2730 δοίη

157 2747 198 2771 τις
212 2739 260 2772 ἂν,
284 2740 311 2766 εἴ
324 2748 356 2774 γε
368 2740 452 2772 ὅντως
466 2741 515 2767 οὐκ
528 2741 586 2768 ἔστι
603 2742 697 2778 Πατήρ
709 2750 715 2774 ;
739 2742 865 2769 Φαίνεται
879 2742 943 2778 γὰρ,

158 2782 190 2810 ἂν
212 2783 297 2815 οὕτως
321 2784 388 2819 ἔχῃ,
409 2784 547 2817 παντελῶς
567 2786 776 2821 ἀνεστραμμὲνη
800 2787 849 2813 τοῦ
873 2787 944 2822 πρά-

158 2837 259 2863 γματος
272 2831 290 2865 ὴ
305 2830 385 2864 φύσις
396 2849 404 2862 ,
424 2831 502 2865 ἡμεῖς
515 2830 542 2856 δὲ
558 2830 657 2866 μᾶλλον
674 2831 748 2866 αὐτῷ
767 2832 827 2858 καθ’
844 2832 945 2867 ὁμοίω-

209 2885 232 2901 ⁸⁵
247 2884 347 2920 Ephes.
358 2892 399 2917 tu,
421 2885 463 2912 15.

999 2295 1053 2322 quo
1069 2286 1159 2314 omnis
1179 2286 1331 2322 paternitas
1347 2287 1373 2314 in
1387 2287 1465 2315 caelis
1480 2292 1506 2315 et
1521 2288 1547 2315 in
1563 2292 1636 2316 terra
1655 2289 1782 2316 nomina-

998 2336 1042 2359 tur
1058 2332 1093 2359 ⁵³.
1108 2341 1117 2357 ι
1136 2331 1205 2359 Cum
1235 2337 1324 2359 autem
1346 2331 1415 2360 Deus
1434 2333 1469 2360 sit
1497 2340 1541 2360 res
1560 2334 1682 2361 omnium
1710 2335 1782 2361 anti-

997 2378 1144 2412 quissima,
1162 2377 1317 2405 imitatione
1346 2378 1466 2412 quadam
1481 2383 1508 2406 et
1530 2380 1709 2408 similitudine
1730 2389 1781 2409 nos

999 2428 1091 2458 patres
1110 2423 1289 2458 appellamur,
1310 2424 1382 2458 quod
1409 2424 1443 2451 ad
1467 2424 1527 2459 ejus
1548 2425 1694 2460 imaginem
1716 2426 1781 2454 facti

994 2476 1100 2496 sumus.
1113 2470 1147 2495 At
1164 2469 1312 2503 quomodo,
1328 2477 1431 2504 quaeso,
1441 2469 1474 2496 ad
1491 2470 1551 2504 ejus
1569 2470 1634 2498 facti
1648 2471 1778 2499 similitu-

993 2512 1083 2540 dinem
1099 2516 1260 2540 nostrorum
1277 2513 1395 2540 ﬁliorum
1410 2517 1502 2548 patres
1519 2522 1615 2543 sumus
1628 2516 1778 2544 secundum

992 2563 1131 2589 naturam,
1147 2558 1170 2585 si
1194 2559 1354 2593 exemplari,
1373 2559 1451 2594 cujus
1472 2560 1624 2589 imitatione
1645 2562 1673 2590 id
1693 2563 1777 2590 habe-

992 2610 1065 2635 mus,
1075 2603 1127 2630 hoc
1145 2610 1199 2630 non
1216 2603 1304 2630 inest?
1319 2603 1464 2636 Quomodo
1477 2605 1594 2641 denique
1605 2608 1777 2641 paternitatis

994 2656 1094 2676 nomen
1107 2648 1190 2676 etiam
1206 2648 1239 2675 ad
1253 2648 1322 2675 alios
1331 2657 1344 2674 :i
1358 2648 1413 2676 Deo
1425 2657 1590 2684 permanare
1601 2652 1777 2684 concedetur,

995 2696 1017 2722 si
1035 2695 1116 2722 Pater
1131 2702 1195 2721 vere
1207 2701 1260 2721 non
1278 2694 1340 2722 est?
1353 2694 1419 2722 Nam
1437 2695 1461 2724 si
1475 2696 1513 2723 ita
1528 2704 1558 2725 se
1576 2697 1669 2731 habet,
1682 2705 1777 2726 eversa

996 2749 1110 2776 prorsus
1127 2740 1236 2768 videtur
1255 2740 1293 2768 rei
1315 2745 1425 2774 natura,
1439 2745 1467 2770 et
1479 2750 1528 2770 nos
1542 2743 1567 2771 ei
1579 2743 1668 2772 Patris
1686 2745 1778 2779 appel-

994 2788 1124 2815 lationem
1145 2787 1179 2815 ad
1198 2787 1407 2815 similitudinem
1424 2793 1547 2816 nostram
1565 2791 1656 2825 potius
1676 2791 1779 2819 tribue-

997 2841 1069 2865 mus,
1087 2840 1170 2868 quam
1184 2833 1243 2869 ipse
1255 2833 1346 2862 nobis.
1360 2833 1417 2862 Hoc
1433 2835 1505 2863 enim
1521 2837 1591 2864 ratio
1605 2836 1685 2864 fateri
1699 2842 1779 2872 coget
