2030 3122
241 183 274 210 ﬂ
745 180 773 209 S.
786 181 925 210 CYRlLlJ
943 182 1178 211 ALEXANDRINI
1199 184 1361 214 ΑιιρηιΕρ.
1834 191 1868 220 ιε

242 239 403 267 liazreticum
424 238 466 266 vel
486 237 617 266 invitum.
635 237 730 274 Itaque
744 239 878 266 mentitur
894 240 973 268 testis
986 240 1022 268 illt

1083 249 1125 269 σιν
1151 242 1200 277 τὴν
1221 242 1288 277 πρὸς
1313 243 1387 278 ἡμᾶς
1403 243 1434 270 τὸ
1459 244 1556 281 Πατὴρ
1575 245 1715 274 καλεῖσθαι
1735 247 1869 284 δώσομεν.

240 286 376 317 veritatis,
398 284 446 320 qui
471 292 506 312 ex
530 286 592 320 ipso
614 285 808 320 pateruitatem
834 293 945 313 omnem
966 294 1028 315 esse

238 332 318 366 dicit,
336 332 364 359 in
387 331 458 359 cwlo
475 335 502 359 ct
520 337 603 359 terra.
621 331 656 359 At
678 331 730 360 hoc
752 331 844 359 dicere
869 337 911 359 est
931 332 1028 360 absur-

239 379 398 407 dissimum.
416 378 505 406 Verax
522 378 595 406 enim
618 383 663 406 est
685 378 732 413 qui
750 385 849 413 magna
869 378 968 406 ﬁducia
984 379 1028 406 di-

239 425 278 452 cit
293 435 300 453 :
317 433 326 451 t
336 425 376 452 Au
388 424 607 460 experimentum
617 423 741 459 quaeritis
753 423 815 458 ejus
827 423 873 458 qui
890 424 916 450 in
934 431 977 451 me
989 424 1028 451 lo-

238 471 334 506 quitur
346 471 480 498 Christus
492 470 533 497 “’I
544 479 553 496 ι
568 469 603 496 Et
618 476 652 497 ex
666 469 722 496 Deo
736 470 911 504 paternitatis
926 477 1026 497 nomen

237 517 320 544 etiam
337 517 365 548 iu
379 524 430 544 nos
447 516 551 544 deﬂuit.
570 515 656 550 Igitur
673 515 825 542 secundum
841 520 970 543 naturam
983 519 1025 543 est

239 563 318 592 Pater
327 563 427 596 Verbi;
441 563 487 592 sed
501 563 595 598 genuit
612 569 667 589 non
679 561 841 590 dissimilem
862 562 925 592 sibi,
941 562 978 588 ita
995 565 1024 588 ut

238 610 343 645 aliquid
362 609 390 637 in
410 609 462 636 hoc
479 609 571 636 minus
585 607 621 635 sit
639 600 773 642 quam'in
789 606 860 641 ipso.
877 606 933 634 Nos
949 607 1022 633 enim

237 656 272 684 ad
287 655 469 684 imitationem
483 655 545 688 ejus
560 653 635 686 facti,
650 653 772 681 minores
790 653 838 680 illo
854 661 961 685 sumus,
974 653 1022 681 sed

237 703 284 738 qui
300 710 316 729 a
330 701 411 729 nobis
425 701 545 728 eduntur
559 700 678 735 aequales
691 699 774 727 nobis
788 703 852 727 sunt
871 699 1022 727 secundum

238 753 342 775 natura:
362 748 506 774 rationem.

1080 288 1151 324 ἥπερ
1167 287 1248 319 αὐτὸς
1271 289 1347 323 ἡμῖν.
1372 289 1458 316 Τοῦτο
1473 290 1528 326 γὰρ
1546 293 1560 318 ὁ
1581 292 1660 326 λόγος
1681 294 1871 328 συνομολογεῖν

1080 333 1229 367 ἀναγκάσει
1249 333 1296 360 καὶ
1313 333 1413 361 ἄκοντα
1430 335 1476 361 τὸν
1491 337 1639 371 αἱρετικόν.
1656 338 1762 366 Οὐκοῦν
1774 339 1870 374 ψεύδε-

1080 386 1125 405 ται
1144 379 1194 414 τῆς
1212 379 1342 415 ἀληθείας
1359 381 1373 406 6
1389 381 1504 416 μάρτυς,
1524 382 1554 414 ἐξ
1578 383 1660 410 αὑτοῦ
1680 383 1765 418 λέγων
1780 386 1869 412 πᾶσαν

1081 421 1151 450 εἶναι
1164 425 1294 460 πατριὰν,
1313 425 1342 452 ἔν
1355 434 1385 452 τε
1400 427 1506 463 οὐρανῷ
1522 428 1569 454 καὶ
1581 428 1627 455 ἐπὶ
1642 429 1705 464 γῆς.
1727 430 1796 456 Ἀλλ’
1812 431 1869 458 ἔστι

1078 469 1158 496 τοῦτο
1173 470 1255 504 φάναι
1267 470 1322 498 τῶν
1339 471 1534 501 ἀτοπωτάτων.
1558 475 1696 510 Ἀληθεύει
1709 477 1762 511 γὰρ
1776 478 1790 503 6
1803 478 1869 512 θαρ-

1079 515 1166 551 σήσας
1181 518 1269 544 εἰπεῖν
1283 525 1290 533 ⁸
1312 527 1322 543 ι
1342 517 1374 544 ΕΞ
1392 518 1506 555 δοκιμὴν
1521 520 1627 556 ζητεῖτε
1640 522 1686 548 τοῦ
1708 524 1737 549 ὲν
1748 523 1809 558 ἐμοὶ
1823 523 1870 550 λα-

1077 562 1187 595 λοῦντος
1213 564 1350 599 Χριστοῦζ
1368 574 1377 590 ι
1404 566 1459 592 Καὶ⁸
1482 567 1514 593 ὲκ
1535 567 1603 594 Θεοῦ
1629 568 1660 594 τὸ
1679 569 1728 604 τῆς
1750 570 1868 604 πατριᾶς

1076 609 1162 644 ὄνομα
1187 611 1233 637 καὶ
1247 612 1286 642 είς
1298 612 1372 646 ἡμᾶς
1386 613 1528 647 καταρρεῖ.
1544 614 1648 640 Οὐκοῦν
1661 615 1719 641 ἐστι
1735 615 1804 641 κατὰ
1819 614 1869 649 φύ-

1078 664 1121 683 σιν
1142 656 1188 682 τοῦ
1215 657 1302 691 Λόγου
1326 659 1439 695 Πατήρ·
1458 659 1552 686 τέτοκε
1575 660 1602 686 δὲ
1622 661 1731 693 πάντως
1754 662 1803 688 οὐκ
1821 662 1869 688 ἀν-

1076 701 1168 736 όμοιον
1180 703 1269 738 ἐαυτῷ
1278 725 1285 736 ,
1298 703 1340 730 διὰ
1353 703 1399 730 τοῦ
1415 704 1444 730 τὸ
1458 705 1566 732 ἔλαττον
1580 706 1652 741 ἔχειν
1662 727 1669 737 ,
1683 707 1699 742 ἦ
1721 708 1749 733 ὲν
1767 705 1866 742 οἷςπέρ

1076 747 1150 773 ἐστὶν
1171 747 1252 780 αὐτός
1266 756 1272 763 ·
1297 749 1320 775 ui
1340 749 1395 785 γὰρ
1412 749 1480 784 πρὸς
1497 750 1611 785 μίμησιν
1621 751 1770 785 ,γεγονότες
1787 752 1866 786 ἡμεῖς

235 795 286 830 τὴν
312 793 417 820 ἐκείνου
430 813 438 827 ,
455 792 554 828 ἔχομεν
578 792 627 828 οὐχ
640 792 712 819 οὕτω
724 792 758 819 τὰ
792 791 822 824 ἐξ
855 791 959 818 ἑαυτῶν
992 791 1162 828 γεννώμενα,
1192 794 1237 822 ῐσα
1256 795 1284 822 δὲ
1310 796 1450 828 παντελῶς
1472 797 1542 823 κατὰ
1564 806 1596 832 γε
1617 798 1663 825 τὸν
1685 799 1736 834 τῆς
1759 798 1866 833 φύσεως

235 841 323 876 λόγον.

269 886 383 914 ALIUD.
396 885 435 914 Ne
448 886 589 914 veritatem
601 885 676 914 vafer
690 886 838 914 haereticus
852 886 1019 920 ludilicetur,

1112 884 1216 912 ΑΛΔΟ,
1233 884 1279 921 Μὴ
1300 886 1452 921 σοφιζέσθω
1463 887 1512 922 τὴν
1526 887 1653 923 ἀλήθειαν
1668 889 1682 915 ὸ
1696 889 1816 922 ποικίλος
1826 891 1865 922 εἰς

236 941 325 968 neque
336 933 434 960 Filium
448 932 494 960 Dei
506 932 560 968 25
573 931 692 961 Verbum
709 932 819 960 fatendo
838 933 941 961 nudum
956 933 981 961 ei
995 936 1023 960 et

235 979 329 1006 verbis
350 984 430 1007 tenus
445 979 577 1006 honorem
592 979 707 1011 tribuat,
721 987 776 1007 non
799 987 862 1007 esse
883 980 973 1015 ipsum
989 987 1023 1006 ex

235 1025 390 1052 substantia
413 1025 502 1053 Patris
526 1032 667 1052 asserens.
685 1024 830 1058 Quomodo
845 1026 918 1052 enim
941 1025 1023 1060 plane

235 1070 322 1098 Filius
347 1076 400 1102 est,
418 1070 441 1098 si
466 1075 566 1097 natura
590 1071 631 1097 ita
651 1078 705 1097 non
728 1070 789 1098 est?
809 1071 864 1098 Aut
886 1078 952 1105 ergo
976 1070 1023 1098 de-

235 1121 321 1143 tracta
340 1117 496 1152 hypocrisis
512 1124 632 1152 persona
650 1117 740 1152 palam
754 1116 957 1152 blasphement,
972 1125 1023 1145 nec

235 1161 319 1188 Deum
336 1168 388 1188 nec
403 1160 502 1188 Filium
521 1168 583 1188 esse
598 1160 718 1187 latentes
731 1169 738 1187 ε
750 1164 799 1186 aut
816 1161 839 1187 si
859 1161 1022 1188 auctoritate

235 1209 442 1244 Scripturarum
475 1208 613 1239 convicti,
646 1212 674 1235 et
705 1213 864 1234 sanctorum
897 1207 1022 1235 doctrina

234 1255 310 1286 tacti,
336 1255 476 1282 veritatem
503 1257 673 1285 reverentur,
696 1256 722 1280 et
743 1252 841 1280 Filium
870 1252 965 1280 dicunt
991 1259 1022 1280 ac

235 1302 329 1333 Deum.
346 1309 379 1328 ne
394 1299 476 1328 Patre
495 1299 629 1326 minorem
651 1305 712 1326 esse
735 1298 864 1333 cogitent.
881 1297 1022 1330 Quomodo

233 1347 308 1374 enim
333 1346 425 1373 minus
453 1344 570 1379 accipiet
584 1347 708 1378 respectu
726 1343 814 1370 Patris
833 1341 890 1375 Dei,
904 1350 966 1369 cum
986 1343 1022 1370 sit

234 1393 306 1420 Deus
321 1390 457 1420 Verbum?
473 1389 540 1417 Nam
566 1393 593 1416 et
617 1389 698 1416 homo
722 1388 842 1416 hominis
867 1388 979 1420 dicitur,
996 1393 1022 1416 et

234 1441 287 1470 est,
301 1437 384 1469 ﬁlius,
401 1435 448 1464 scd
466 1443 521 1463 non
536 1435 588 1462 erit
610 1434 714 1462 idcirco
737 1437 813 1468 patre
835 1434 935 1466 minor,
952 1442 1021 1469 qua-

235 1489 315 1512 tenus
340 1486 383 1510 est
404 1482 496 1509 homo.
510 1479 596 1507 Homo
611 1479 684 1506 enim
709 1479 829 1511 homine,
845 1479 872 1506 in
890 1484 1022 1514 quantum

235 1529 316 1556 homo
341 1531 394 1559 est,
410 1534 465 1553 non
487 1529 529 1553 est
555 1524 643 1559 major
669 1528 715 1551 aut
742 1525 842 1558 minor,
858 1524 906 1552 sed
933 1532 1022 1560 neque

1073 931 1169 965 λόγους
1190 931 1336 967 αίρετικὸς,
1354 933 1421 968 μηδὲ
1446 932 1510 960 Υἱὸν
1526 933 1664 968 ὁμολογῶν
1678 934 1723 962 τὸν
1737 935 1783 962 τοῦ
1796 935 1864 963 Θεοῦ

1073 977 1160 1012 Λόγον
1171 998 1178 1011 ,
1193 977 1275 1013 ψιλὴν
1290 978 1365 1014 αὐτῷ
1385 979 1432 1005 καὶ
1451 980 1501 1015 τὴν
1514 980 1541 1006 ὲν
1565 980 1668 1016 ῥήμασι
1685 981 1775 1016 μόνοις
1788 991 1865 1017 χαρι-

1073 1023 1161 1055 ζέσθω
1178 1024 1261 1059 τιμὴν
1272 1044 1279 1057 ,
1301 1025 1352 1051 οὐκ
1368 1023 1437 1052 εἶναι
1452 1026 1539 1060 λέγων
1553 1026 1634 1053 αὑτὸν
1652 1028 1685 1053 ἐκ
1704 1028 1753 1062 τῆς
1767 1028 1863 1060 οὐσίας

1072 1069 1121 1105 τῆς
1147 1069 1193 1096 τοῦ
1209 1070 1325 1105 Πατρός.
1358 1070 1421 1102 Πῶς
1446 1071 1501 1106 γὰρ
1522 1071 1590 1102 ὅλως
1613 1072 1695 1105 Υἱὸς,
1721 1073 1745 1099 εἰ
1763 1073 1800 1108 μὴ
1817 1073 1864 1099 οὖ-

1072 1123 1126 1146 τως
1151 1115 1206 1151 ἔχοι
1221 1115 1292 1142 κατὰ
1306 1115 1387 1150 φύσιν
1400 1124 1407 1149 ;
1434 1117 1468 1143 Ἣ
1483 1116 1573 1143 τοίνυν
1586 1117 1616 1143 τὸ
1629 1117 1680 1152 τῆς
1695 1118 1862 1154 ὑποκρίσεως

1072 1160 1244 1195 περιελόντες
1281 1163 1453 1197 προσωπεῖον
1479 1162 1704 1197 δυσφημείτωσαν
1744 1163 1863 1198 ἀναφαν-

1071 1203 1133 1236 δὸν,
1161 1205 1229 1240 μήτε
1256 1205 1321 1231 Θεὸν
1344 1205 1412 1241 μήτε
1435 1205 1499 1232 Υίὸν
1516 1206 1728 1245 ὁμολογοῦντεςσ
1752 1207 1863 1243 ἢεῖπερ

1072 1251 1104 1278 ὲκ
1120 1252 1208 1286 πάσης
1232 1251 1403 1288 ἐλεγχόμενοι
1423 1253 1472 1288 τῆς
1489 1253 1564 1285 θείας
1581 1254 1707 1290 Γραφῆς,
1735 1255 1782 1282 καὶ
1806 1256 1863 1286 τοῖς

1072 1294 1125 1320 τῶν
1157 1295 1243 1329 ἁγίων
1265 1295 1355 1330 λόγοις
1389 1297 1682 1334 κατασφενδονούμενοι
1709 1299 1863 1326 δυσωποῦν-

1071 1348 1116 1366 ται
1131 1339 1179 1375 τὴν
1195 1339 1333 1375 ἀλήθειαν,
1349 1341 1396 1368 καὶ
1418 1342 1482 1369 Υῑὸν
1501 1341 1572 1369 εἶναι
1591 1343 1700 1378 λέγουσι
1720 1344 1768 1371 καὶ
1785 1345 1862 1378 Θεὸν,

1073 1384 1110 1419 μὴ
1124 1384 1308 1419 φρονείτωσαν
1323 1386 1362 1417 ὡς
1376 1385 1450 1413 ἐστιν
1466 1386 1584 1414 ἐλάττων
1598 1388 1645 1415 τοῦ
1656 1389 1861 1424 γεγεννηκότος.

1072 1430 1133 1461 Πῶς
1150 1430 1204 1466 γὰρ
1217 1431 1287 1463 ὅλως
1307 1431 1457 1464 ὲπιδέξεται
1478 1433 1509 1459 τὸ
1532 1433 1642 1461 ἔλαττον
1668 1435 1705 1467 ὼς
1727 1436 1795 1471 πρὸς
1817 1435 1863 1462 τὸν

1073 1476 1181 1512 Πατέρα
1196 1477 1272 1509 Θεὸν,
1288 1477 1354 1510 Θεὸς
1368 1477 1406 1504 ὢν
1422 1479 1436 1505 6
1449 1479 1554 1513 Λόγος;
1573 1480 1669 1507 Καίτοι
1694 1481 1740 1507 καὶ
1755 1481 1862 1517 ἄνθρω-

1072 1529 1122 1553 πος
1137 1522 1280 1557 ἀνθρώπου
1305 1524 1471 1559 χρηματίζει
1490 1534 1521 1551 τε
1547 1526 1595 1552 καὶ
1621 1526 1695 1553 ἐστιν
1714 1527 1788 1559 Υἱὸς,
1804 1527 1863 1554 ἀλλ’

235 1576 327 1602 forsan
352 1573 464 1608 angelus
489 1571 597 1606 angelo,
621 1575 758 1606 quatenus
785 1570 909 1606 angelus,
933 1578 1022 1606 neque

1074 1568 1122 1594 οὐκ
1137 1568 1256 1596 ἐλάττων
1278 1570 1355 1597 ἔσται
1371 1571 1417 1597 τοῦ
1432 1571 1540 1608 Πατρὸς
1555 1573 1626 1600 κατὰ
1641 1581 1673 1607 γε
1688 1573 1718 1599 τὸ
1733 1571 1802 1600 εἷναι
1815 1574 1862 1600 ἇν-

234 1628 279 1648 rcs
291 1620 345 1647 ulla
361 1622 486 1653 respectu
506 1617 618 1644 alterius
633 1623 694 1651 quae
708 1616 744 1643 sit
763 1615 885 1651 ejusdem
905 1619 1019 1648 naturzr,

233 1670 260 1694 et
288 1664 411 1700 ejusdem
437 1663 563 1692 essentia:
589 1663 721 1689 rationem
751 1661 857 1689 sortita.
877 1660 970 1696 itaque
997 1661 1020 1689 si

234 1719 329 1739 revera
343 1714 385 1738 est
397 1709 494 1743 Filius,
507 1716 620 1737 necesse
636 1712 678 1736 est
697 1708 789 1736 dicere
805 1708 896 1743 ipsum
911 1715 972 1736 esse
987 1715 1020 1735 ex

235 1755 324 1782 Pa‘tris
354 1753 522 1786 substantia,
556 1760 651 1780 omnes
686 1753 746 1788 ejus
775 1753 956 1788 proprietates
993 1752 1020 1779 in

236 1801 325 1836 seipse
340 1800 472 1827 ferentem
491 1799 655 1826 naturaliter
666 1808 676 1826 τ
694 1799 759 1827 etsi
776 1803 874 1826 natura
893 1798 964 1826 Deus
979 1802 1022 1826 est

235 1847 325 1879 Pater,
341 1847 414 1875 Deus
438 1846 533 1881 utique
555 1846 706 1874 secundum
733 1849 859 1872 naturam
882 1845 964 1872 etiam
980 1848 1022 1872 est

237 1892 353 1920 Verbum
376 1899 410 1920 ex
439 1891 500 1927 ipso
523 1891 655 1927 genitum.
675 1890 817 1923 Quomodo
842 1897 907 1925 ergo
932 1891 1022 1917 minor

232 1938 286 1966 erit
313 1937 384 1966 Deus
415 1937 481 1972 Deo,
501 1944 533 1965 ca
567 1944 665 1972 nempe
697 1937 802 1964 ratione
826 1943 879 1972 qua
908 1940 1022 1970 uterque

235 1986 305 2013 Deus
314 1985 377 2013 cst?

267 2137 382 2165 ALIUD.
407 2135 485 2164 Unde
509 2135 597 2168 vobis,
610 2142 714 2171 quaeso,
738 2138 814 2162 tanta
843 2134 968 2167 audacia,
993 2139 1022 2163 ut

233 2183 332 2211 dicatis
360 2181 500 2209 inferioris
527 2180 693 2208 conditionis
718 2187 779 2207 esse
808 2178 908 2206 Filium
939 2187 1021 2214 quam

235 2226 362 2256 Patrem?
378 2224 516 2260 quomodo
533 2231 598 2251 vero
611 2223 702 2250 minus
717 2222 848 2257 aceipict?
862 2221 1020 2250 Exsistendi

233 2276 306 2301 certe
321 2276 455 2306 tempore,
465 2277 548 2297 nemo
564 2270 606 2297 vel
619 2269 739 2296 maxime
753 2268 857 2296 delirus
872 2268 1019 2304 putaverit.

233 2319 281 2346 Est
298 2317 371 2346 enim
390 2321 454 2344 ante
479 2315 580 2344 saecula
604 2314 702 2347 Filius,
722 2319 749 2342 et
771 2314 830 2349 ipse
857 2315 1021 2343 seculorum

232 2369 275 2393 est
295 2363 423 2391 conditor
447 2372 454 2391 :
482 2369 571 2397 neque
593 2359 786 2388 circumscribi
813 2364 935 2395 tempore
959 2359 1022 2395 jure

233 2411 392 2439 censebitur
409 2409 455 2444 qui
478 2413 601 2443 tempore
615 2407 713 2442 quovis
731 2407 933 2441 generationem
951 2407 1022 2433 anti-

232 2457 358 2492 quiorem
371 2456 464 2484 habet.
479 2454 532 2482 Sed
551 2461 640 2489 neque
655 2453 853 2489 magnitudinis
868 2453 1022 2488 quantitate

233 2503 293 2537 ipso
314 2502 371 2530 erit
388 2500 506 2529 inferior
526 2509 533 2528 :
549 2499 746 2535 magnitudinis
763 2499 846 2532 enim,
864 2503 891 2527 ct
908 2498 1020 2534 quanti-

233 2548 309 2581 tatis,
326 2551 352 2575 et
371 2547 496 2582 corporis
514 2553 614 2581 expers
626 2548 724 2573 natura
741 2545 832 2573 divina
845 2545 1019 2581 intelligitur,

231 2598 259 2621 et
282 2597 335 2622 est.
362 2592 506 2626 Quomodo
527 2599 595 2627 ergo
625 2591 774 2619 minoratio
803 2590 965 2619 ostendetur
993 2591 1020 2618 in

231 2638 320 2666 Filio?
337 2637 367 2665 In
386 2638 472 2674 gloria
493 2637 574 2668 forte.
593 2637 665 2664 dicet
679 2637 791 2671 aliquis,
812 2637 839 2664 iu
859 2637 972 2669 virtute,
993 2636 1020 2663 in

233 2684 385 2720 Sapientia;
404 2683 497 2710 dicant
514 2690 590 2718 ergo,
603 2686 722 2718 quantus
739 2683 775 2710 sit
797 2683 824 2710 in
840 2682 882 2710 his
898 2685 925 2709 et
940 2689 1020 2717 quam

234 2730 346 2765 grandis
367 2729 458 2760 Pater,
485 2733 513 2756 ut
541 2729 579 2756 ita
608 2729 710 2762 dicam,
738 2734 766 2755 ut
795 2729 885 2755 minor
910 2727 1022 2755 demum

235 2774 320 2802 Filius
334 2774 503 2809 intelligatur
518 2773 550 2801 ad
564 2774 636 2802 illius
653 2781 809 2801 mensuram
822 2777 998 2808 comparatus
1012 2782 1018 2800 :

234 2822 281 2846 aut
301 2819 322 2846 si
338 2819 663 2853 incomprehensibilibus
679 2823 706 2846 et
723 2818 865 2847 immensis
883 2819 962 2846 bouis
978 2822 1020 2846 est

285 2906 309 2924 ⁵⁵
319 2906 342 2935 ll
357 2907 418 2936 Cor.
437 2915 494 2942 xm,
514 2908 540 2935 '5.

1073 1612 1180 1650 θρωπος
1192 1624 1199 1631 ·
1216 1615 1358 1652 ἄνθρωπος
1371 1617 1425 1652 γὰρ
1438 1617 1582 1653 ἀνθρώπου
1593 1638 1600 1650 ,
1627 1618 1694 1645 καοὸ
1708 1619 1863 1654 ἄνθρωπος,

1073 1660 1123 1687 οὐκ
1139 1661 1171 1687 ἂν
1191 1661 1234 1696 εἴη
1260 1662 1362 1697 μείζων
1389 1663 1405 1698 ἢ
1429 1663 1567 1697 ἐλάττων,
1597 1664 1655 1691 ἀλλ’
1670 1665 1732 1690 οὐδὲ
1748 1665 1862 1699 ἄγγελος

1073 1706 1189 1740 ἀγγέλου
1204 1707 1284 1742 τυχὸν
1309 1707 1376 1735 καθὸ
1397 1708 1523 1744 ἄγγελος,
1537 1709 1554 1745 ἢ
1566 1709 1659 1745 ἕτερόν
1671 1719 1697 1736 τι
1712 1710 1766 1737 τῶν
1777 1711 1863 1738 ὄντων

1072 1751 1141 1787 πρὸς
1154 1753 1208 1780 πᾶν
1224 1753 1313 1780 ὁτιοῦν
1329 1754 1460 1790 ὀμοφυὲς,
1493 1756 1539 1782 καὶ
1554 1756 1599 1783 τὸν
1611 1756 1660 1792 τῆς
1671 1756 1756 1791 αὐτῆς
1768 1757 1862 1789 οὐσίας

1074 1798 1153 1832 λόγον
1175 1799 1450 1836 ἀποκεκληρωμένον.
1477 1801 1582 1828 Οὐκοῦν
1598 1802 1622 1828 εί
1642 1803 1713 1829 κατὰ
1732 1802 1862 1838 ἀλήθειάν

1073 1843 1147 1870 ἐστιν
1163 1843 1245 1877 Υἱὸς,
1268 1845 1374 1881 ἀνάγκη
1392 1845 1499 1880 λέγειν,
1517 1846 1554 1878 ὠς
1570 1846 1643 1873 ἐστιν
1659 1847 1690 1873 ὲκ
1705 1847 1754 1882 τῆς
1767 1847 1862 1879 οὐσίας

1072 1888 1118 1915 τοῦ
1133 1889 1255 1925 Πατρὸς,
1273 1891 1361 1918 πάντα
1377 1890 1411 1917 τὰ
1428 1891 1536 1927 ἐκείνης
1552 1892 1604 1919 ἴδια
1619 1893 1708 1928 φέρων
1731 1893 1760 1919 ἐν
1774 1893 1862 1927 ἑαυτῷ

1073 1936 1194 1970 φυσικῶς
1207 1945 1214 1952 ’
1232 1936 1280 1963 καὶ
1295 1938 1319 1963 εί
1333 1937 1413 1972 φύσει
1429 1937 1495 1969 Θεὸς
1509 1939 1522 1964 6
1537 1938 1642 1974 Πατὴρ,
1657 1938 1723 1969 Θεὸς
1741 1938 1863 1973 δηλονότι

1072 1982 1144 2008 κατὰ
1157 1982 1238 2017 φύσιν
1251 1983 1300 2010 καὶ
1313 1983 1328 2008 ό
1342 1983 1427 2017 Λόγος
1442 1984 1457 2010 6
1478 1983 1508 2016 ἐξ
1528 1984 1612 2019 αὐτῆς
1625 1985 1775 2019 γεννηθείς.
1799 1986 1862 2018 Πῶς

1072 2024 1119 2054 οὖν
1134 2027 1252 2055 ἐλάττων
1265 2028 1340 2055 ἔσται
1355 2029 1421 2061 Θεὸς
1434 2028 1501 2056 Θεοῦ
1511 2048 1519 2062 ,
1544 2030 1591 2056 καὶ
1602 2030 1684 2056 ταύτὸ
1695 2030 1728 2066 δὴ
1740 2031 1819 2058 τοῦτο
1832 2032 1864 2060 τὸ

1073 2071 1142 2100 εἶναι
1158 2073 1223 2106 Θεός
1236 2082 1244 2108 ;

1108 2129 1213 2157 AAAO.
1233 2129 1319 2156 Πόθεν
1333 2129 1397 2165 ὑμῖν
1407 2150 1414 2162 ,
1438 2127 1460 2157 ὦ
1473 2127 1562 2163 οὗτοι,
1584 2131 1701 2167 πάρεστι
1719 2132 1821 2169 τολμᾷν
1833 2133 1863 2159 τὸ

1073 2174 1102 2201 ἐν
1117 2175 1241 2202 ἐλάττοσι
1256 2175 1362 2202 κεῖσθαι
1380 2175 1470 2209 λέγειν
1491 2176 1536 2203 τὸν
1552 2177 1615 2204 Υίὸν
1625 2197 1632 2209 ,
1657 2178 1674 2213 ἠ
1690 2178 1718 2205 ὲν
1733 2175 1772 2210 οἷς
1788 2179 1863 2206 ἐστιν

1072 2220 1229 2255 ὸγεννήσας
1243 2220 1343 2254 αὑτόνς
1369 2222 1439 2248 κατὰ
1454 2223 1514 2250 τινα
1533 2223 1561 2249 δὲ
1585 2224 1684 2258 τρόπον
1698 2224 1728 2251 τὸ
1753 2224 1863 2251 ἔλαττον

1073 2265 1246 2299 ἐπιδέξεται;
1280 2267 1359 2293 Κατὰ
1380 2267 1436 2302 μὲν,
1450 2266 1496 2295 οὖν
1520 2269 1565 2295 τὸν
1579 2270 1608 2295 ὲν
1620 2269 1659 2304 τῷ
1675 2267 1744 2296 εἶναι
1757 2269 1861 2305 χρόνον,

1074 2311 1124 2338 οὐκ
1136 2312 1169 2340 ἄν
1183 2321 1235 2345 τις,
1253 2310 1340 2348 οἶμαι,
1356 2314 1403 2340 καὶ
1415 2314 1516 2350 σφόδρα
1533 2314 1623 2350 ληρῶν
1638 2315 1777 2342 ὑπολάϐοι.
1792 2317 1863 2351 Προ-

1075 2358 1183 2391 αιώνιος
1205 2360 1259 2395 γὰρ
1272 2361 1286 2386 6
1306 2360 1383 2392 Υἱὸς,
1407 2361 1454 2388 καὶ
1477 2361 1557 2393 αὑτός
1577 2362 1635 2388 ἐστι
1659 2362 1714 2388 τῶν
1728 2362 1833 2389 αἰώνων
1847 2362 1861 2387 6

1076 2405 1200 2440 ποιητὴς,
1216 2405 1263 2432 καὶ
1272 2406 1313 2432 ὅτι
1329 2406 1379 2432 οὐκ
1394 2405 1428 2433 ἂν
1441 2405 1509 2437 ὅλως
1525 2405 1705 2442 περιορίζοιτο
1729 2406 1816 2442 χρόνῳ
1832 2407 1863 2432 τὸ

1074 2451 1170 2486 χρόνου
1185 2452 1285 2483 παντὸς
1300 2451 1490 2488 πρεσὸυτὲραν
1503 2452 1565 2487 ἔχον
1587 2453 1637 2488 τὴν
1650 2453 1785 2487 γέννησιν,
1801 2462 1862 2487 νοη-

1075 2496 1134 2533 θείη
1149 2497 1272 2529 είκότως.
1305 2497 1375 2524 Ἀλλ’
1395 2498 1456 2524 οὐδὲ
1469 2499 1497 2525 ὲν
1513 2498 1588 2533 ποσῷ
1603 2498 1643 2534 τῷ
1660 2499 1730 2525 κατὰ
1749 2498 1863 2533 μέγεθος

1076 2541 1194 2569 ἐλάττων
1216 2542 1299 2569 αὑτοῦ
1311 2549 1317 2556 ·
1330 2542 1468 2578 ἀμεγέθης
1485 2543 1553 2578 γὰρ,
1565 2543 1666 2575 ἄποσός
1677 2552 1706 2570 τε
1726 2544 1773 2570 καὶ
1789 2543 1862 2570 ἀσώ-

1078 2596 1160 2623 ματος
1177 2588 1194 2623 ἡ
1211 2588 1271 2614 θεία
1285 2589 1384 2614 νοεῖται
1408 2589 1456 2615 κα)⁸
1475 2588 1533 2615 ἐστι
1558 2589 1648 2623 φύσις,
1673 2589 1736 2621 Πῶς
1749 2587 1795 2616 οὖν
1809 2590 1864 2625 ἄρα

1073 2634 1105 2660 τὸ
1128 2633 1238 2660 ἔλαττον
1263 2634 1310 2660 ἐπὶ
1330 2633 1378 2660 τοῦ
1403 2634 1578 2670 γεννηθέντος
1601 2635 1791 2671 Saxo-haemi;
1818 2635 1863 2661 ‘Ev

1072 2680 1137 2716 δόξῃ
1151 2680 1243 2708 λοιπὸν
1255 2701 1263 2713 ,
1277 2681 1336 2715 ὲρεῖ
1351 2689 1391 2712 τις
1405 2681 1502 2716 τυχὸν,
1529 2682 1558 2708 ὲν
1576 2682 1706 2717 δυνάμει,
1727 2682 1755 2708 ὲν
1771 2681 1860 2717 σοφίᾳ,

1073 2726 1236 2760 Λεγέτωσαν
1254 2726 1344 2753 τοίνυν
1354 2749 1362 2760 ,
1377 2727 1459 2758 πόσος
1471 2721 1544 2754 ὲολτὶν
1557 2728 1585 2754 ὲν
1602 2727 1706 2760 τούτοις
1723 2727 1769 2753 καὶ
1782 2727 1862 2760 πηλί-

1073 2781 1121 2804 κος
1132 2773 1145 2799 6
1158 2773 1263 2808 Πατὴρ,
1283 2774 1310 2800 εί
1318 2782 1348 2808 γε
1363 2774 1415 2810 χρὴ
1429 2774 1477 2800 καὶ
1490 2773 1572 2800 τοῦτο
1588 2775 1674 2800 εἰπεῖν
1688 2793 1696 2805 ,
1713 2773 1755 2800 ἵνα
1770 2773 1863 2808 νοῆται

1074 2819 1166 2848 λοιπὸν
1176 2820 1294 2848 ἐλάττων
1311 2821 1325 2847 6
1342 2820 1404 2852 Υἱὸς
1414 2841 1421 2855 ,
1437 2820 1474 2852 ὼς
1488 2820 1555 2856 πρὸς
1572 2821 1660 2847 ἐκεῖνο
1675 2818 1864 2855 ἐκμετρούμε-
