2030 3122
171 195 205 223 49
707 191 739 218 ΙΝ
757 191 898 219 JOANNIS
914 191 955 218 EV

1006 191 1136 220 GELIUM
1159 191 1223 219 LIB.
1243 192 1263 220 1.
1755 195 1790 223 δο

168 257 215 281 νος
227 257 233 263 -
249 247 265 283 ἢ
282 247 363 284 εἴπερ
380 247 454 276 ἐστὶν
466 248 495 276 ὲν
506 249 709 285 ἀκαταλήπτοις
724 251 770 278 καὶ
782 251 954 287 άνεκμετρή-

1006 251 1146 286 praeditus,
1160 255 1188 279 et
1204 255 1305 279 nostrae
1327 251 1426 279 mentis
1440 254 1549 286 captum
1573 250 1689 278 multum
1710 259 1787 280 exce—

167 303 226 326 τοις
245 295 260 321 ὁ
276 294 371 330 Πατὴρ
392 294 515 329 ἀγαθοῖς,
538 295 585 322 καὶ
605 295 672 323 πολὺ
692 297 724 323 τὸ
743 298 793 332 τῆς
820 297 957 332 ἡμετέρας

168 339 288 370 διανοίας
298 339 477 375 ἀνατρέχουσι
489 339 590 376 μέτρον
599 360 607 373 ,
617 341 700 367 πόθεν
709 341 838 369 ἐλάττονα
849 341 957 376 λέγουσι

168 384 216 411 τὸν
236 383 300 410 Υίὺν
323 385 347 411 ol
374 385 464 412 πάντα
485 386 640 421 τολμῶντες
665 387 782 422 ἑτοίμως
806 388 955 423 Ἀρειανοὶ,

170 429 239 464 πρὸς
265 429 421 466 ἀνατροπὴν
444 430 491 458 τοῦ
517 432 663 468 προσόντος
687 432 761 468 αὒτῷ
783 433 854 460 κατὰ
877 433 957 468 φύσιν

169 474 341 510 ἀξιώματος;
371 476 527 512 Ἐλέγχεται
541 477 596 512 γὰρ
614 478 827 514 ἀντιπαραθέσει
839 480 872 514 τῇ
888 478 957 514 πρὸς

169 519 201 546 τὸ
217 520 309 555 μεῖζον
332 521 363 548 τδ
381 521 490 550 ἔλαττον
502 543 509 550 .
533 523 583 550 οὐκ
605 524 830 560 ὲκμετρουμένης
850 524 878 551 δὲ
907 524 957 560 τῆς

170 564 249 597 ἀξίας
261 565 308 593 τοῦ
319 567 434 603 Πατρὸς,
447 567 511 595 ποία
527 568 608 601 δεῖξις
624 569 653 596 ὲν
666 569 725 605 Υίῷ
736 569 783 596 τοῦ
799 570 957 606 μειονεκτή-

172 618 257 645 ματος
267 619 275 644 ί

205 678 308 705 ΔΛΛΟ.
337 679 398 706 Ἐπὶ
415 681 448 715 τῇ
469 679 594 717 βδελυρίᾳ
610 681 664 709 τῶν
680 682 794 709 ἀνοσίων
811 683 956 718 αίρετικῶν

169 722 275 755 ἔξεστιν
296 723 380 755 ὅντως
401 725 487 752 εἰπεῖν
505 725 687 760 ἀληθεύοντας
706 734 714 742 ·
741 736 751 754 ι
765 728 797 754 οι
821 727 849 754 δὲ
865 728 957 763 ἐχθροὶ

171 768 250 802 ἡμῶν
263 769 382 804 ἀνόητοι.
397 779 407 797 ι
440 771 502 803 Πῶς
517 771 571 807 γὰρ
585 772 635 799 οὑκ
655 771 688 800 ἃν
708 771 763 800 εἶεν
779 773 869 809 πάσης
885 775 957 809 ἀμα-

175 814 234 846 θίας
255 815 398 851 ἀνάπλεῳ,
418 825 426 841 ι
445 817 481 852 μὴ
504 817 604 850 εἰδότες
624 819 692 854 μήτε
709 818 727 846 ἃ
740 819 868 853 λέγουσι,
888 820 956 855 μήτε

171 860 236 895 περὶ
248 859 328 887 τίνων
338 861 568 896 διαῦεϐαιοῦνταις
586 872 595 889 ι
613 863 740 900 καθάπερ
755 865 769 890 ό
781 864 887 896 Παῦλός
902 874 954 900 φη-

170 914 223 932 σιν.
237 906 318 933 Ὀτου
340 907 368 933 δὲ
387 907 419 943 δὴ
440 907 520 944 χάριν
532 910 712 945 ἐπισκήπτειν
733 911 824 943 αὐτοῖς
845 911 957 947 οἰόμεθα

1007 297 1136 324 dentibus
1151 318 1159 330 ,
1183 296 1320 324 undenam
1341 297 1474 324 minorem
1493 297 1589 324 dicunt
1606 304 1666 324 esse
1690 296 1788 324 Filium

1007 342 1053 377 qui
1078 341 1170 369 omnia
1193 346 1295 369 temere
1315 341 1417 368 audent
1437 341 1542 374 Ariani,
1558 341 1591 369 ad
1612 341 1789 369 evertendam

1007 392 1068 419 qua:
1078 384 1103 412 ei
1122 385 1282 412 naturaliter
1295 384 1369 411 inest
1389 383 1568 419 dignitatem?
1581 384 1790 419 Comparatione

1007 430 1061 465 26
1073 430 1147 457 cnim
1169 429 1282 464 majoris
1298 430 1389 458 minus
1407 430 1554 457 inualescit
1568 439 1575 456 :
1587 429 1677 457 Patris
1697 434 1788 458 autem

1007 475 1167 511 dignitatem
1197 483 1251 503 non
1275 476 1403 511 dimensi,
1421 475 1557 511 quomodo
1580 475 1788 503 diminutionem

1006 521 1158 550 ostendatis
1169 521 1197 550 in
1210 520 1295 550 Filio?

1041 675 1155 704 ALIUD.
1179 674 1215 703 De
1245 674 1407 703 exsecrabili
1434 676 1572 708 .mpietate
1598 672 1789 700 haereticorum

1008 726 1081 749 certe
1097 725 1162 748 etex
1180 721 1220 749 rei
1233 720 1347 748 veritate
1362 720 1454 748 dicere
1465 726 1614 754 possumus
1628 727 1635 746 :
1653 727 1663 744 ι
1683 717 1789 745 inimici

1008 765 1095 793 nostri
1118 765 1217 792 insani.
1239 775 1248 791 ι
1270 764 1413 797 Quomodo
1428 764 1499 791 enim
1527 763 1601 790 onmi
1620 770 1719 798 genere
1741 761 1789 790 de-

1007 811 1115 837 mentia:
1130 817 1184 836 non
1199 809 1269 844 pleni
1283 810 1349 840 sint,
1365 810 1410 844 qui
1429 818 1438 835 ι
1457 816 1544 843 neque
1554 816 1615 843 qua!
1628 808 1788 843 loquuntur,

1007 862 1096 889 neque
1119 854 1153 881 de
1176 854 1275 889 quibus
1292 854 1427 881 aﬂirmant
1442 853 1616 888 intelligunt?
1636 862 1645 879 ι
1662 853 1791 888 quemad-

1007 900 1117 927 modum
1132 899 1234 927 Paulus
1259 900 1296 926 ait
1313 900 1348 926 ".
1361 899 1451 926 Causa
1468 903 1558 926 autem
1582 903 1692 934 propter
1707 905 1789 933 quam

169 952 234 982 δεῖν.
249 953 337 979 ἐκεῖνό
357 954 431 980 ἐστιν
445 963 452 970 ·
471 955 501 980 El
523 955 594 982 κατὰ
616 943 745 992 άλήθειαν
761 957 827 984 Θεὸν
841 958 874 984 ὲκ
887 943 955 984 Deci

1008 944 1069 972 illos
1086 944 1325 979 reprehendendos
1347 948 1487 979 putamus,
1504 952 1536 972 ea
1553 949 1613 971 est:
1628 943 1658 970 Si
1680 951 1709 970 re
1725 950 1790 971 vera

168 997 215 1025 τοῦ
233 999 339 1034 Πατρδς
353 1000 531 1035 γεγεννῆσθαι
547 1001 654 1035 λέγουσι
667 1001 714 1028 τὸν
724 1002 804 1035 Υίὺν,
823 1003 870 1029 καὶ
886 1002 958 1030 οὕτω

169 1044 343 1077 πιστεύουσι,
372 1044 431 1076 πῶς
444 1045 563 1072 ἐλάττων
583 1047 641 1073 ἐστὶ
655 1047 701 1073 τοῦ
716 1047 841 1084 Πατρός;
869 1048 958 1084 Πολλὴ

169 1089 223 1124 γὰρ
238 1089 361 1116 ἐντεῦθεν
375 1090 589 1127 ἀποτεχθήσεται
601 1092 741 1127 λογισμῶν
751 1093 867 1126 ἀτοπία,
887 1102 957 1120 παν-

167 1135 237 1171 ταχῆ
253 1135 284 1162 τὸ
296 1135 436 1172 δύσφημον
456 1136 574 1172 ἔχουσα,
602 1138 649 1164 καὶ
673 1139 777 1174 ὅσαπερ
801 1139 834 1166 ἄν
854 1149 896 1171 τις
911 1141 958 1168 καὶ

169 1181 250 1216 μόνον
263 1181 377 1209 ἀκοῦσαι
391 1184 598 1219 παραιτήσεται.
614 1185 644 1210 Et
659 1185 713 1220 γὰρ
727 1185 795 1217 ὅλως
811 1185 876 1217 Θεὸς
888 1186 958 1213 κατὰ

167 1225 250 1260 φύσιν
272 1227 402 1263 ὑπάρχων
416 1229 431 1256 ό
449 1229 513 1261 Υἱὸς
526 1230 678 1263 ὲπιδέξεται
700 1231 770 1258 κατά
793 1240 819 1258 τι
833 1231 898 1265 γοῦν
914 1226 957 1266 ἐφ’

167 1272 258 1308 ἑαυτῷ
268 1273 298 1299 τὸ
315 1273 435 1306 ἔλαττον,
458 1274 563 1310 ἀνάγκη
577 1275 671 1302 λοιπὸν
681 1276 790 1308 ἐννοεῖν,
805 1276 842 1307 ὡς
859 1276 917 1303 ἐστι
930 1285 957 1303 τι

169 1317 262 1352 μεῖζον
277 1318 355 1345 Θεοῦ.
379 1319 483 1346 Οὐκοῦν
497 1318 547 1346 οὐκ
561 1321 589 1346 ὲν
605 1320 753 1356 τελειότητι
772 1323 804 1357 τῇ
820 1322 891 1349 κατὰ
903 1323 957 1349 πᾶν

166 1362 255 1388 ὁτιοῦν
269 1363 285 1397 ἡ
300 1362 346 1389 τοῦ
362 1363 469 1398 Πατρὺς
480 1364 558 1390 οὐσία
570 1365 687 1398 νοεῖται,
710 1365 761 1392 κᾶν
778 1365 887 1402 ὑπάρχῃ
907 1366 956 1400 φύ-

168 1416 209 1433 σει
227 1407 293 1439 Θεός
306 1416 313 1423 ·
331 1409 462 1444 προκόψει
477 1409 505 1435 δέ
524 1419 569 1436 ποι
591 1410 636 1436 καὶ
654 1410 734 1442 αὐτὸς
749 1411 794 1437 ἐπὶ
809 1411 838 1437 τὺ
853 1411 953 1446 μεῖζον,

166 1452 355 1488 ἐλεγχόμενος,
371 1454 465 1490 ὥσπερ
481 1456 565 1482 εικόνι
576 1455 615 1491 τῷ
630 1456 698 1491 Υἱῷ,
716 1456 757 1482 ὅτι
775 1456 828 1492 πέρ
841 1457 899 1483 ἐστι
910 1457 956 1483 καὶ

166 1498 248 1530 αὐτὸς
263 1499 312 1534 τῆς
327 1500 358 1526 τὸ
377 1500 487 1527 ἔλαττον
501 1501 696 1537 ἐπιδεχομένης
711 1502 816 1534 οὐσίας.
842 1502 954 1538 Φορέσει

166 1544 194 1570 δὲ
207 1544 271 1571 αὐτὸ
285 1544 409 1580 δυνάμει,
425 1546 471 1573 καὶ
484 1547 508 1573 εί
525 1547 561 1582 μή
577 1556 620 1574 πω
636 1548 789 1583 πεφόρεκεν
799 1556 806 1565 ·
827 1547 887 1574 ὲπεί
901 1557 954 1583 περ

165 1589 200 1615 τὰ
214 1589 325 1617 δεκτικά
336 1599 408 1622 τινος
422 1591 496 1624 ὄντα,
504 1591 608 1623 δέξεται
619 1591 727 1624 πάντως
742 1593 789 1619 καὶ
801 1593 836 1620 τὰ
844 1590 881 1620 ὢν
895 1594 952 1620 ἐστι

165 1635 287 1667 δεκτικὰ,
304 1637 349 1663 καὶ
363 1636 458 1672 καιροῦ
470 1637 615 1670 καλοῦντος
631 1639 670 1669 είς
685 1638 715 1665 τδ
727 1639 821 1667 παθεῖν
838 1640 867 1666 οὺ
882 1649 949 1675 παρ-

166 1681 316 1716 αιτήσεται.
347 1681 427 1708 Ἀλλὰ
444 1682 527 1718 πολλή
552 1692 593 1714 τις
613 1684 641 1709 ὲν
657 1684 762 1715 τούτοις
783 1684 954 1719 ἡδυσφημία

166 1727 301 1759 φαίνεται.
329 1726 398 1754 οὔτε
412 1727 466 1763 γάρ
485 1728 652 1763 προϐήσεται
664 1737 710 1755 ποι
725 1729 794 1764 πρὸς
815 1729 846 1756 τὸ
861 1730 954 1765 μεῖζον

165 1773 180 1797 ὁ
197 1773 305 1808 Πατὴρ,
332 1773 390 1799 ἀλλ’
412 1774 472 1800 οὐδὲ
487 1774 517 1800 τὸ
538 1774 648 1801 ἔλαττον
670 1775 832 1807 ὲπιδέξεται,
856 1775 900 1802 διὰ
923 1775 954 1802 τὸ

166 1816 234 1845 εἶναι
250 1819 319 1846 κατὰ
334 1818 414 1853 φύσιν
427 1819 502 1850 Θεός.
513 1819 617 1847 Οὐκοῦν
628 1820 658 1846 τὸ
670 1820 780 1847 ἔλαττον
793 1821 851 1847 οὐδὲ
866 1822 880 1848 ὁ
890 1821 953 1852 Υἱὸς

166 1864 208 1897 ἐφ’
225 1864 314 1900 ἑαυτῷ
332 1865 530 1898 καταδέξεται,
556 1865 621 1897 Θεὸς
647 1866 694 1893 καὶ
718 1867 798 1898 αὐτὸς
824 1867 954 1902 ὑπάρχων

166 1910 237 1936 κατὰ
252 1910 344 1945 φύσιν,
358 1910 401 1937 ἵνα
415 1910 451 1945 μὴ
465 1912 514 1945 τῆς
527 1911 657 1938 ἀνωτάτω
673 1912 767 1938 πασῶν
782 1912 877 1944 οὐσίας
886 1921 953 1939 κατ-

164 1956 293 1991 ηγόρημα
307 1956 400 1992 νοῆται
423 1956 453 1982 τὸ
466 1955 496 1989 ἐξ
513 1956 633 1992 ἀμαθίας
653 1957 708 1985 τῶν
732 1957 876 1993 αἰρετικῶν
893 1958 954 1985 ἐπι-

171 2001 266 2036 νοηθὲν
283 2002 427 2037 ῥημάτιον.

201 2077 302 2104 ΔΛΔΟ.
318 2077 348 2104 El
362 2077 427 2109 Υἰός
439 2077 509 2104 κατὰ
523 2076 603 2112 φύσιν
616 2078 746 2114 ὑπάρχων
761 2077 809 2105 τοῦ
823 2079 892 2106 Θεοῦ
907 2079 955 2107 καὶ

167 2123 274 2158 Πατρὺς
287 2123 302 2149 ὁ
325 2123 355 2156 ἐξ
379 2123 460 2150 αὑτοῦ
477 2123 563 2158 Λόγος
579 2124 697 2151 ἐλάττων
718 2125 792 2152 ἐστὶν
806 2125 888 2152 αὐτοῦ
900 2146 907 2159 ,
936 2126 953 2162 ἢ

167 2168 238 2194 κατὰ
259 2168 305 2195 τὸν
320 2169 370 2203 τῆς
383 2168 552 2205 θεοπρεποῦς
573 2169 651 2202 ἀξίας
670 2169 767 2204 λόγον,
794 2169 862 2205 ἢὼς
884 2171 955 2198 κατᾶ

167 2212 248 2246 φύσιν
261 2213 312 2239 οὐκ
329 2212 398 2247 ἔχων
411 2213 641 2249 ἀπαραλλάκτως,
665 2214 682 2250 ἦ
696 2214 767 2242 κατά
784 2223 811 2241 τι
823 2215 890 2249 γοῦν
901 2215 955 2242 τῶν

168 2260 197 2286 ἐν
217 2260 276 2292 τοῖς
298 2261 514 2296 μειονεκτήμασι
530 2261 650 2297 τρόπων,
667 2262 717 2288 οὐκ
730 2262 813 2289 αὐτοῦ
827 2262 954 2289 τοσοῦτον

168 2305 244 2332 ἔσται
256 2305 288 2332 τὸ
301 2306 483 2343 κατηγόρημα
498 2307 611 2342 μᾶλλον,
636 2308 698 2334 ὅσον
711 2307 761 2342 τῆς
777 2308 871 2339 οὐσίας
881 2308 911 2341 ἑξ
921 2306 955 2344 ἦς

168 2349 237 2378 εἶναι
251 2351 428 2379 πεπίστευται
438 2372 446 2383 ,
475 2353 554 2388 ειπερ
573 2352 641 2384 ὅλως
656 2353 686 2379 τὺ
700 2352 828 2385 ἔλαττον,
853 2354 912 2389 ἦτοι
925 2354 956 2381 τὸ

169 2398 270 2432 χεῖρον,
281 2398 318 2429 ὼς
333 2397 400 2433 πρὸς
414 2397 478 2424 αὐτὸ
487 2407 501 2425 ν
515 2398 691 2433 ἁπογεννῶσα
704 2398 844 2433 φαίνεται,
868 2400 957 2426 καίτοι

171 2442 221 2477 τῆς
235 2442 353 2477 γενητῆς
369 2443 416 2469 καὶ
433 2443 620 2479 πεποιημένης
633 2444 684 2470 οὐκ
696 2444 864 2479 άνεχομένης
878 2444 957 2472 τοῦτο

169 2488 277 2514 παθεῖν.
307 2488 399 2515 Τίκτει
421 2489 475 2524 γὰρ
497 2489 606 2521 πάντως
618 2489 649 2516 τὸ
672 2490 763 2526 ὅμοιον
788 2489 877 2525 ἑαυτῷ
901 2491 956 2517 πᾶν

171 2533 237 2568 επερ
258 2533 317 2559 ἐστὶ
336 2535 514 2569 καρπηγόνον.
540 2535 571 2562 El
595 2536 624 2562 δὲ
645 2535 702 2563 ἄνω
724 2536 825 2568 παντὸς
852 2536 958 2563 κεῖσθαι

169 2579 273 2611 πάθους
286 2579 335 2614 τὴν
350 2579 425 2606 θείαν
443 2580 491 2607 τοῦ
506 2581 612 2617 Πατρδς
629 2582 723 2617 ἐροῦσι
739 2581 830 2616 φύσιν,
848 2582 900 2616 ἔξω
912 2582 958 2618 δη-

107 2639 136 2653 »,
170 2623 258 2650 λονότι
272 2625 319 2652 καὶ
334 2625 383 2660 τῆς
399 2626 444 2652 ἐπὶ
457 2626 534 2653 τοῦτο
548 2627 716 2663 κατηγορίας
727 2628 864 2660 κείσεται,
877 2628 915 2660 ὡς
930 2628 959 2654 δὲ

170 2669 325 2704 ἀρχέτυπος
339 2668 406 2697 οὖσα
420 2671 475 2698 τῶν
498 2672 527 2698 ὲν
543 2673 610 2707 ἡμῖν
623 2673 734 2707 ἀγαθῶν
746 2693 753 2706 ,
767 2674 817 2700 οὐκ
831 2674 959 2701 ἐλάττονα

169 2714 216 2741 τὸν
239 2715 304 2741 Υίδν
324 2716 502 2749 άποτέξεται,
527 2718 584 2745 ἀλλ’
597 2716 656 2745 ἶσόν
671 2727 701 2745 τε
729 2720 776 2746 καὶ
799 2719 953 2754 όμοούσιον,

171 2759 215 2785 ἴνα
227 2761 265 2796 μὴ
276 2761 322 2787 καὶ
332 2761 409 2796 ἡμῶν
420 2762 641 2800 ἁπολιμπάνηται
650 2764 716 2797 Θεὸς
725 2765 740 2792 ὁ
750 2764 875 2793 τοσοῦτον
889 2765 959 2801 ὑπὲρ

172 2806 256 2840 ἡμᾶς.

226 2895 248 2911 ⁸⁷
267 2895 355 2924 ITim.
376 2904 395 2929 l,
408 2896 433 2925 7.

1009 989 1092 1017 Deum
1117 998 1149 1018 ex
1171 990 1225 1018 Dco
1241 991 1322 1018 Patre
1344 991 1465 1025 genitum
1483 998 1544 1018 esse
1564 990 1660 1017 dicunt
1679 989 1789 1022 Filium,

1008 1040 1089 1070 atque
1115 1036 1153 1063 ita
1182 1037 1311 1069 credunt,
1333 1037 1473 1072 quomodo
1500 1036 1591 1063 minor
1623 1038 1666 1062 est
1690 1034 1791 1062 Patre?

1007 1080 1077 1108 lliue
1102 1081 1175 1108 enim
1202 1082 1323 1116 prodibit
1348 1082 1432 1109 multa
1458 1081 1595 1108 rationum
1620 1079 1788 1111 absurditas,

1007 1131 1118 1154 scatens
1144 1127 1246 1162 ubique
1266 1127 1458 1163 hlasphemiis,
1478 1131 1506 1154 et
1525 1134 1594 1161 quas
1619 1133 1702 1152 aures
1717 1125 1789 1152 rel’tt-

1006 1173 1092 1207 giant.
1109 1171 1175 1199 Nam
1193 1173 1217 1200 si
1237 1172 1308 1200 Deus
1325 1173 1473 1201 secundant
1503 1176 1628 1199 naturam
1661 1178 1723 1197 cum
1752 1171 1790 1198 sit

1007 1217 1104 1250 Filius,
1124 1218 1324 1252 quadamtenus
1346 1218 1374 1245 in
1396 1226 1426 1246 se
1442 1218 1534 1245 minus
1559 1217 1661 1252 capiat,
1675 1224 1789 1244 necesse

1006 1267 1050 1290 est
1082 1263 1191 1290 tandem
1218 1264 1341 1298 cogitare
1373 1263 1476 1298 aliquid
1512 1271 1575 1290 esse
1603 1262 1692 1297 majus
1723 1262 1788 1289 Deo.

1007 1307 1091 1343 Igitur
1117 1316 1172 1336 non
1201 1308 1228 1335 in
1262 1309 1430 1344 perfectione
1453 1308 1610 1336 omnimoda
1636 1308 1788 1336 substantia

1007 1354 1099 1383 Patris
1115 1355 1277 1390 intelligitur
1291 1359 1364 1387 esse,
1377 1355 1502 1389 quamvis
1516 1358 1616 1381 natura
1636 1354 1672 1380 sit
1691 1353 1761 1380 Deus
1780 1362 1786 1379 :

1006 1400 1054 1428 sed
1079 1401 1136 1436 ipse
1153 1409 1264 1436 quoque
1282 1402 1309 1428 in
1326 1401 1415 1436 majus
1439 1399 1573 1435 proﬁciet,
1589 1399 1616 1426 in
1631 1398 1701 1425 Filio
1718 1399 1789 1426 sicut

1006 1447 1124 1481 imagine
1158 1448 1306 1474 ostendens
1341 1453 1372 1473 se
1402 1453 1511 1481 quoque
1539 1452 1600 1473 esse
1633 1444 1788 1472 substantia

1005 1493 1148 1528 praeditum
1165 1501 1225 1528 quae
1240 1493 1331 1520 minus
1345 1491 1470 1526 suscipit.
1484 1491 1542 1518 lloc
1560 1495 1650 1517 autem
1667 1489 1788 1525 potentia

1006 1539 1085 1570 feret,
1101 1539 1165 1567 licet
1187 1539 1276 1566 adhuc
1299 1545 1353 1566 non
1377 1538 1472 1565 tulerit
1489 1546 1496 1564 :
1513 1544 1575 1564 nam
1593 1543 1652 1571 quae
1670 1535 1789 1570 alicujus

1005 1589 1068 1611 sunt
1084 1583 1208 1618 capacia.
1228 1591 1260 1610 ea
1285 1584 1380 1618 utique
1407 1582 1556 1617 suscipient
1581 1588 1699 1616 quorum
1724 1584 1789 1608 sunt

1005 1630 1127 1665 rapacia,
1145 1633 1171 1657 et
1187 1633 1310 1664 tempore
1321 1629 1354 1656 ad
1370 1628 1576 1663 suscipiendum
1591 1632 1720 1659 vocante,
1734 1633 1788 1654 non

1004 1677 1182 1704 recusabunt.
1197 1675 1250 1703 Sed
1268 1675 1352 1702 multa
1371 1675 1398 1702 in
1415 1674 1458 1702 his
1474 1673 1642 1708 blasphemia
1655 1673 1786 1700 cernitur.

1003 1721 1098 1756 Neque
1122 1721 1195 1750 enim
1216 1722 1244 1749 in
1263 1721 1352 1756 majus
1374 1720 1456 1748 Pater
1472 1720 1565 1754 utique
1589 1719 1786 1754 progredictur,

1004 1769 1052 1796 sed
1077 1775 1127 1795 nec
1154 1768 1245 1795 minus
1267 1767 1409 1800 suscipiet,
1432 1770 1574 1801 propterea
1596 1765 1668 1800 quod
1690 1772 1788 1792 secun-

1004 1815 1068 1842 dum
1097 1818 1224 1841 naturam
1258 1817 1301 1841 est
1324 1812 1407 1840 Deus.
1433 1811 1504 1847 Ergo
1531 1819 1620 1845 neque
1648 1809 1734 1838 Filius
1760 1810 1787 1837 iu

1005 1861 1097 1895 scipso
1117 1861 1208 1888 minus
1224 1859 1354 1894 accipiet,
1373 1858 1444 1886 Deus
1464 1865 1526 1884 cum
1551 1858 1587 1884 sit
1604 1857 1661 1891 ipse
1681 1863 1788 1891 quoque

1005 1906 1157 1934 secundum
1171 1911 1310 1937 naturam,
1327 1912 1362 1932 ne
1381 1910 1538 1938 supremam
1557 1902 1679 1929 omnium
1695 1909 1787 1928 essen-

1005 1952 1072 1979 tiam
1101 1952 1198 1979 laedere
1225 1955 1372 1979 censeatur
1400 1949 1445 1976 illa
1472 1955 1505 1975 ex
1533 1947 1723 1975 haereticorum
1741 1954 1790 1974 vc-

1004 1997 1099 2025 cordia
1115 1997 1268 2033 excogitata
1284 1997 1391 2025 vocula.
1747 1990 1750 1994 ’

1040 2077 1156 2106 ALIUD.
1178 2076 1208 2105 Si
1241 2075 1326 2104 Filius
1359 2074 1511 2104 secundum
1545 2077 1672 2101 naturam
1709 2078 1786 2099 suam

1005 2124 1143 2152 cxsistens
1173 2121 1220 2150 Dei
1246 2129 1278 2148 ac
1295 2120 1383 2149 Patris
1403 2120 1534 2152 Verbum,
1558 2119 1648 2145 minus
1671 2121 1712 2145 est
1736 2124 1787 2148 eo,

1005 2170 1063 2198 sive
1087 2169 1186 2197 divina:
1213 2167 1365 2202 majestatis
1388 2166 1505 2198 ratione,
1524 2165 1581 2192 sive
1593 2163 1667 2199 quod
1687 2170 1787 2190 secun-

1005 2216 1070 2243 dum
1090 2219 1216 2242 naturam
1242 2221 1319 2241 suam
1345 2220 1400 2240 non
1423 2212 1511 2247 possit
1525 2218 1586 2239 esse
1602 2211 1682 2246 plane
1703 2209 1787 2238 idem.

1007 2265 1054 2288 aut
1074 2264 1148 2288 certe
1169 2260 1223 2287 alio
1258 2259 1356 2294 quovis
1386 2256 1577 2285 diminutionis
1612 2255 1711 2287 modo,
1734 2261 1788 2281 non

1007 2311 1062 2334 tam
1078 2307 1101 2334 is
1125 2305 1255 2336 laedetur,
1280 2311 1362 2339 quam
1387 2311 1419 2331 ea
1441 2310 1474 2330 ex
1506 2309 1559 2337 qua
1586 2301 1708 2329 creditur
1728 2306 1790 2328 esse

1006 2352 1183 2383 substantia,
1207 2351 1342 2385 siquidem
1369 2357 1427 2377 rem
1458 2349 1549 2383 seipso
1579 2347 1712 2374 minorem
1742 2349 1789 2372 aut

1005 2398 1172 2426 deteriorem
1201 2398 1311 2432 gignere
1342 2396 1462 2428 videtur,
1484 2395 1546 2422 licet
1572 2393 1599 2420 id
1633 2397 1726 2421 creata
1761 2395 1790 2419 et

1005 2445 1078 2473 facta
1103 2444 1260 2472 substantia
1287 2451 1342 2470 non
1372 2441 1558 2476 ferat.Gignit
1576 2440 1648 2468 enim
1675 2446 1790 2474 prorsus

1005 2492 1058 2519 sibi
1075 2491 1174 2523 simile,
1188 2490 1374 2525 quodcunque
1404 2487 1575 2515 fructiferum
1598 2489 1649 2513 est.
1666 2484 1745 2518 Quod
1765 2484 1789 2512 si

1006 2537 1079 2564 omni
1108 2536 1235 2571 passione
1264 2534 1432 2569 superiorem
1463 2540 1523 2560 esse
1550 2532 1642 2558 dicent
1669 2531 1789 2558 divinam

1006 2582 1095 2609 Patris
1120 2585 1258 2611 naturam,
1286 2586 1385 2614 expers
1413 2579 1507 2612 utique
1532 2577 1606 2603 illius
1632 2575 1703 2603 labis
1724 2575 1789 2607 erit,

1007 2634 1125 2662 cumque
1154 2625 1315 2661 primigenia
1342 2623 1379 2651 sit
1402 2623 1526 2650 omnium
1552 2621 1632 2649 nobis
1655 2621 1789 2648 bonorum

1008 2673 1061 2708 27
1093 2672 1223 2703 essentia,
1246 2678 1300 2698 non
1335 2670 1468 2698 minorem
1493 2669 1586 2704 gignat
1608 2667 1718 2699 Filium,
1741 2666 1789 2693 sed

1006 2720 1138 2755 aqualem
1163 2722 1190 2746 ct
1211 2716 1486 2746 censubstantialem,
1504 2723 1538 2742 ne
1563 2713 1646 2746 Deus,
1668 2712 1715 2748 qui
1732 2716 1791 2741 tau-

1007 2769 1102 2801 tepere
1117 2772 1168 2793 nos
1183 2763 1301 2797 excedit,
1319 2763 1400 2792 nobis
1417 2769 1527 2797 queque
1541 2761 1575 2790 sit
1596 2759 1719 2788 inferior.
