2030 3122
256 189 284 216 5|
765 185 794 212 S.
809 184 949 212 CYRILLI
969 183 1204 212 ALEXANDRINI
1224 185 1383 213 ABCIIIEP.
1836 188 1869 215 δὲ

288 245 401 280 ALIUD,
420 254 466 280 per
478 247 656 274 reductionem
678 246 712 273 ad
738 247 894 275 absurdum.
911 247 1037 282 Seipsum

1131 247 1236 281 ΛΛΛΟ,
1256 247 1306 274 διὰ
1328 247 1384 283 τῆς
1400 249 1442 282 εις
1465 248 1579 276 ἄτοπον
1604 248 1773 285 ἀπαγωγῆς.
1801 252 1871 279 Ἴσον

253 293 383 327 aequalem
416 292 471 320 Deo
498 292 538 320 ac‘
562 293 639 320 Patri
672 293 832 324 ostendens,
848 293 886 319 ait
911 292 1037 320 Christus

253 337 354 365 alicubi
378 337 411 364 ad
429 344 494 365 suos
508 337 659 373 discipulos
678 347 685 365 τ
709 347 718 363 ι
734 338 792 372 Qui,
808 339 874 366 vidit
899 346 952 370 me,
970 338 1037 364 vidit

254 383 360 411 Patrem
376 391 466 412 meum
485 383 518 411 ⁸⁸.
540 393 549 410 ι
567 385 601 410 At
617 384 755 420 quomodo
778 384 801 412 is
817 385 864 419 qui
884 384 1036 411 secundum

254 433 380 457 naturam
396 430 460 458 talis
474 434 527 463 est,
541 431 648 465 qualem
665 437 694 458 se
710 437 773 458 vere
787 430 896 462 asserit,
909 430 1038 457 imminu-

255 476 355 503 tionem
380 475 525 504 habiturus
548 480 600 509 est,
619 480 648 503 ut
662 476 747 504 stulte
769 475 894 503 nonnulli
922 475 1039 502 volunt?

255 521 322 548 Nam
339 522 362 549 si
378 523 467 549 minor
482 522 630 555 exsistens,
648 523 673 549 in
689 522 783 557 seipso
798 521 904 548 Patrem
918 521 1039 549 ostendit

254 568 332 595 nullo
365 567 550 596 intercedente
566 568 738 601 discrimine,
753 568 786 595 ad
816 568 922 595 Patrem
948 567 1037 594 inuni-

255 615 332 642 nutio
351 614 509 649 pertinebit,
525 614 570 649 qui
591 614 619 642 in
645 614 811 641 immutabili
835 617 947 648 apparet
972 613 1038 639 ima-

253 660 327 695 gine,
353 659 420 688 Filio
461 660 603 687 nimirum.
627 660 663 686 At
693 661 746 687 hoc
772 659 934 687 absurdum.
956 659 1039 694 Igitur

254 713 309 733 non
338 706 428 733 minor
455 711 497 734 est
520 706 618 738 Filius,
650 706 677 733 in
707 713 760 741 quo
787 705 868 733 Pater
902 705 1039 740 perfectus

253 752 390 779 cxsistens
406 753 577 786 exprimitur.

288 796 402 825 ALIUD.
417 798 559 830 Quomodo
571 797 657 826 Filius
671 799 763 826 Ininus
782 806 862 833 quam
875 798 954 825 Pater
967 797 1039 824 acci-

255 843 320 877 piat,
338 844 384 878 qui
407 845 476 871 citra
502 845 611 880 culpam
635 845 672 872 ait
689 854 696 872 :
712 854 722 871 ‹
743 843 841 872 Omnia
867 850 1039 879 qumcunque

255 889 336 916 habet
351 889 432 916 Pater
448 897 508 917 mea
527 895 592 918 sunt
607 891 648 917 ⁵⁸7
662 901 671 916 ι
688 889 722 917 Et
740 898 849 922 rursus,
862 889 989 917 oratione
1003 888 1036 915 ad

254 934 337 962 Deum
355 941 380 962 et
392 935 500 962 Patrem
513 944 646 964 conversa
662 945 668 963 :
684 945 693 962 ι
712 936 809 964 Omnia
826 943 884 963 mea
902 940 946 962 tua
960 938 1035 967 sunt,

253 986 277 1010 et
294 985 339 1007 tua
361 988 420 1009 mea
433 981 466 1008 “.
487 991 495 1007 ι
511 981 540 1008 Si
556 981 646 1014 enim,
665 986 694 1008 ut
705 986 807 1009 temere
823 981 945 1008 nonnulli
960 989 1037 1008 asse-

254 1031 328 1058 runt,
347 1033 442 1053 revera
469 1027 559 1053 minor
583 1031 626 1054 est
653 1025 752 1059 Filius,
768 1027 897 1061 quoniam
914 1033 976 1053 vere
998 1026 1038 1053 lo-

254 1073 348 1107 quitur
362 1071 426 1098 dum
443 1071 511 1099 dicit
529 1071 563 1099 ad
587 1071 695 1100 Patrem
714 1081 721 1099 :
740 1081 749 1097 r
770 1071 828 1100 Mea
851 1075 897 1098 tua
923 1076 997 1103 sunt,
1010 1075 1038 1098 et

253 1123 298 1144 tua
312 1125 388 1149 mea;
409 1127 418 1143 ι
435 1117 525 1144 minus
541 1117 568 1144 in
584 1117 692 1145 Patrem
705 1117 792 1150 cadet,
808 1121 835 1144 et
851 1119 942 1151 majus
960 1117 1038 1144 simi-

254 1163 317 1190 liter
331 1163 359 1190 ln
372 1163 481 1196 Filium,
498 1164 656 1198 promiscuo
670 1170 760 1191 rerum
777 1163 885 1195 ordine,
901 1162 1036 1198 siquidem

253 1210 280 1236 in
296 1210 384 1237 altero
404 1217 465 1244 quae
488 1209 566 1237 alteri
590 1209 686 1237 insunt
711 1209 896 1244 reperiuntur,
916 1214 943 1236 et
963 1208 1036 1244 quod

255 1255 342 1282 Patris
363 1258 415 1286 est,
434 1254 486 1282 hoc
511 1255 595 1281 etiam
610 1259 653 1282 est
667 1254 741 1281 Filii.
761 1254 794 1281 Et
819 1261 932 1286 rursus,
949 1253 1037 1289 quod-

253 1306 363 1333 cunque
394 1298 455 1325 Filii
484 1299 626 1333 proprium
646 1307 709 1327 esse
735 1299 860 1331 videtur,
895 1299 969 1326 istud
995 1303 1037 1326 est

254 1345 352 1372 Patris.
385 1344 458 1372 Nihil
481 1352 547 1380 ergo
571 1345 664 1372 dicere
687 1345 789 1372 vetabit
814 1345 948 1372 minorem
976 1353 1038 1373 esse

253 1390 323 1418 Filio
345 1390 466 1422 Patrem,
486 1395 514 1417 et
537 1391 668 1426 majorem
694 1391 775 1418 Patre
792 1390 901 1418 Filium.
926 1390 980 1418 Sed
995 1391 1037 1418 vel

252 1436 374 1471 cogitatu
389 1436 461 1464 istud
483 1440 523 1464 est
535 1436 774 1464 absurdissimum.
801 1436 927 1471 Equalis
943 1436 1036 1471 igitur,

252 1487 281 1510 et
297 1490 350 1509 non
365 1482 455 1509 minor
471 1487 514 1510 est
536 1483 583 1517 qui
597 1489 758 1510 communes
780 1482 862 1510 habet
877 1489 939 1510 cum
957 1482 1037 1510 Patre

253 1527 379 1556 essentthe
393 1527 598 1562 prmrogativas.

288 1617 402 1649 ALIUD,
417 1625 450 1644 ea:
468 1617 567 1645 eodem.
588 1617 617 1644 Si
637 1625 808 1653 quaecunque
839 1618 919 1645 habet
946 1617 1035 1650 Pater,

254 1663 311 1690 haec
324 1663 415 1690 omnia
424 1667 489 1691 sunt
503 1662 576 1695 Filii,
586 1667 629 1691 est
645 1667 736 1691 autent
750 1663 776 1690 in
791 1663 872 1691 Patre
887 1663 1018 1698 perfectio
1031 1673 1036 1690 :

254 1708 389 1744 perlectus
403 1709 456 1736 crit
472 1714 497 1737 et
514 1709 612 1742 Filius,
628 1710 674 1744 qui
695 1710 777 1737 habet
793 1717 853 1744 quae
870 1709 958 1737 Patris
976 1717 1039 1744 pro-

254 1757 311 1790 pria
336 1760 445 1784 suntet
470 1757 582 1784 eximia.
607 1757 692 1792 Igitur
716 1764 770 1784 non
795 1760 837 1784 est
862 1757 981 1785 inferior.
1010 1761 1038 1783 ut

252 1802 335 1837 impie
352 1802 470 1830 haeretici
484 1802 614 1830 sentiunt.

287 1847 402 1881 ALIUD,
418 1855 462 1882 per
481 1848 656 1876 reductionem
673 1849 699 1876 in
714 1848 868 1881 absurdum,
882 1856 940 1876 cum
955 1849 1037 1883 sylla-

253 1894 331 1928 gismi
357 1894 547 1928 complexione.
563 1894 660 1922 Dicant
685 1894 764 1922 nobis
781 1894 827 1929 qui
858 1895 1037 1929 inexstingui-

254 1939 334 1966 bilem
353 1939 490 1966 ﬂammam
509 1939 536 1966 in
560 1943 642 1974 caput
665 1946 744 1968 suum
772 1942 927 1970 arcessunt,
947 1942 975 1966 et
995 1946 1037 1966 re-

253 1990 324 2012 ttam
338 1985 492 2012 divinorum
503 1985 660 2020 dogmatum
673 1985 805 2012 rationem
819 1988 992 2016 aversantur,
1005 1991 1037 2011 ac

252 2030 391 2057 variarum
418 2030 587 2066 argutiarum
608 2030 663 2065 28
680 2031 826 2062 versutias,
851 2030 885 2057 ad
913 2030 1036 2057 fraudem

253 2075 451 2110 simpliciorum
476 2079 504 2102 et
528 2075 735 2103 subversionem
759 2075 927 2110 excogitant,
944 2078 1036 2102 utrum

253 2121 362 2149 tandem
381 2121 476 2149 melior
491 2121 526 2149 sit
546 2121 625 2149 Pater
642 2121 722 2153 Filio,
738 2130 798 2148 cnm
814 2121 900 2156 major
915 2121 950 2148 sit
967 2121 1035 2155 ipso,

252 2170 276 2195 si
298 2167 383 2196 Filius
401 2169 491 2195 minor
503 2168 560 2200 est,
576 2171 605 2194 ut
629 2167 666 2194 illi
689 2171 836 2202 nugantur,
857 2175 890 2194 an
912 2175 978 2194 non.
992 2167 1036 2201 At,

252 2205 364 2246 opinor,
390 2213 530 2241 meliorem
559 2221 620 2240 esse
649 2213 816 2240 fatebuntur.
841 2212 937 2240 Dieant
972 2220 1037 2248 ergo

1088 292 1184 319 ἑαυτὸν
1205 293 1381 320 ἐπιδεικνύων
1404 294 1443 329 τῷ
1466 294 1526 329 Θεῷ
1549 294 1595 321 καὶ.
1621 295 1717 330 Πατρὶ⁹
1731 296 1797 329 φησί
1819 303 1871 322 που

1088 338 1203 374 Χριστὸς
1221 339 1288 375 πρὸς
1301 340 1365 372 τοὺς
1377 340 1492 371 οἰκείους
1507 340 1627 375 μαθητάς
1640 348 1647 355 ·
1668 350 1677 366 r
1697 340 1726 367 '0
1742 341 1871 376 ἑωρακὼς

1088 384 1148 419 ἐμὲ,
1165 384 1270 420 ἑώρακε
1289 386 1334 413 τὸν
1356 386 1464 422 Πατέρα
1482 395 1542 422 μου.
1560 396 1568 412 ι
1593 385 1658 413 Εἶτα
1683 387 1741 418 πῶς
1764 389 1778 414 6
1801 388 1872 414 κατὰ

1088 429 1168 464 φύσιν
1180 430 1309 463 τοιοῦτος,
1325 432 1395 459 οὕτω
1407 441 1436 459 τε
1451 433 1580 468 ὑπάρχων
1592 433 1629 465 ὠς
1643 433 1724 465 αὐτὸς
1735 433 1873 468 ἀληθεύων

1088 475 1289 510 διισχυρίζεται,
1305 478 1336 504 τὸ
1349 478 1458 506 ἔλαττον
1472 479 1526 511 ἕξει
1543 479 1612 506 κατὰ
1627 479 1676 515 τήν
1697 488 1778 506 τινων
1792 479 1873 506 ἁϐου-

1088 522 1166 554 λίαν;
1191 523 1222 550 Et
1238 522 1291 558 γὰρ
1308 523 1436 559 ὑπάρχων
1452 524 1570 551 ἐλάττων
1592 525 1621 550 ἐν
1645 525 1733 559 ἐαυτῷ
1758 524 1873 551 δεικνύει

1088 568 1134 594 τὸν
1161 568 1281 603 Πατέρα,
1296 569 1430 604 μηδεμιᾶς
1453 569 1651 604 μεσολαϐούσης
1680 569 1873 605 παραλλαγῆς,

1089 613 1134 639 ἐπὶ
1148 614 1193 640 τὸν
1203 614 1312 650 Πατέρα
1325 615 1355 641 τὸ
1371 614 1479 642 ἔλαττον
1492 615 1665 650 ἀναϐήσεται,
1680 615 1717 646 ὡς
1731 617 1760 641 ὲν
1770 616 1873 650 ἀμετα-

1090 659 1194 695 ποιήτῳ
1212 660 1372 694 φαινόμενον
1387 661 1471 688 εικόνι
1487 661 1526 696 τῷ
1541 660 1607 695 Υίῷ,
1630 661 1709 687 Ἀλλὰ
1721 660 1800 687 τοῦτο
1815 661 1874 688 ἄτο-

1089 715 1150 733 πον.
1174 707 1278 734 Οὐκοῦν
1292 707 1342 733 οὐκ
1357 707 1475 734 ἐλάττων
1490 708 1504 734 6
1519 707 1591 740 Υἱὸς,
1611 708 1639 734 ἐν
1654 704 1730 742 ᾧπερ
1745 706 1873 738 εἰκονίζε-

1089 759 1133 778 ται
1148 751 1250 783 τέλειος
1265 751 1303 778 ὢν
1316 753 1330 778 6
1345 752 1450 788 Πατήρ.

1124 798 1224 825 ΑΛΛο.
1246 797 1301 824 Καὶ
1313 798 1372 830 πῶς
1388 798 1420 824 ἂν
1436 798 1467 824 τὸ
1481 798 1599 828 ἔλαττον,
1614 797 1630 831 ἦ
1648 798 1676 823 ὲν
1691 794 1787 832 οἵσπερ
1800 797 1874 824 ἐστιν

1089 843 1103 868 ὁ
1125 843 1228 878 Πατὴρ,
1245 844 1259 870 ὁ
1280 843 1343 875 Υἱὸς
1368 843 1539 878 ἐπιδείξηται,
1567 843 1652 877 λέγων
1681 843 1853 877 ἀνεγκλήτως
1866 851 1872 857 ·

1092 896 1101 912 ί
1118 888 1209 914 Πάντα
1219 889 1268 915 ὅσα
1281 887 1336 922 ἔχει
1349 889 1362 914 6
1377 888 1470 924 Πατὴρ
1489 888 1543 923 ἐμά
1556 889 1623 914 ἐστι·
1642 898 1651 913 ι
1673 887 1719 913 καὶ
1733 887 1824 919 πάλιν,
1836 887 1873 918 ὡς

1089 933 1156 969 πρὸς
1179 933 1223 959 τὸν
1241 934 1306 960 Θεὸν
1323 934 1368 960 καὶ
1384 934 1503 968 Πατέρα,
1525 935 1565 960 ὅτι
1593 942 1602 959 ε
1617 933 1708 960 Πάντα
1722 932 1756 958 τὰ
1772 933 1826 967 ἐμὰ
1841 931 1874 958 σά

1088 979 1171 1012 ἐστιν,
1187 979 1279 1006 καὶτὰ
1297 980 1331 1006 σὰ
1350 980 1420 1014 ὲμά;
1438 989 1446 1005 ι
1466 980 1495 1006 Εἰ
1512 979 1564 1014 γὰρ
1577 979 1660 1009 ὅντως
1674 978 1730 1004 ἐστὶ
1744 976 1814 1004 κατὰ
1824 977 1874 1011 τήν

1088 1033 1167 1051 τινων
1181 1024 1309 1051 ἀϐουλίαν
1324 1025 1443 1051 ἐλάττων
1456 1026 1470 1051 6
1483 1025 1556 1057 Υἱὸς,
1581 1024 1729 1060 ἐπειδήπερ
1749 1022 1874 1058 ἀληθεύει

1088 1069 1174 1103 λέγων
1191 1069 1259 1104 πρὸς
1275 1069 1319 1095 τὸν
1335 1069 1443 1104 Πατέρα
1455 1077 1461 1084 ·
1491 1078 1500 1094 ‹
1514 1068 1554 1095 Τὰ
1576 1068 1631 1103 ἐμὰ
1646 1069 1679 1095 σά
1693 1068 1762 1099 ἐστι,
1778 1067 1823 1093 καὶ
1840 1066 1874 1092 τὰ

1089 1115 1123 1142 σὰ
1149 1115 1213 1150 ἐμὰ,
1229 1124 1238 1140 ι
1264 1117 1382 1151 χωρήσει
1398 1115 1445 1141 καὶ
1459 1115 1504 1142 ἐπὶ
1515 1114 1560 1141 τὸν
1577 1115 1686 1149 Πατέρα
1703 1114 1733 1140 τὸ
1754 1113 1872 1142 ἔλαττον,

1088 1162 1135 1188 καὶ
1147 1162 1177 1187 τὸ
1194 1161 1284 1196 μεῖζον
1297 1161 1398 1196 ὁμοίως
1412 1160 1457 1186 ἐπὶ
1470 1159 1515 1186 τὸν
1527 1159 1601 1190 Υἱὸν,
1617 1158 1813 1194 ἀδιαφορούσης
1825 1156 1874 1190 τῆς

1087 1207 1141 1233 τῶν
1157 1208 1326 1242 πραγμάτων
1342 1207 1455 1240 τάξεως,
1473 1206 1550 1241 εἴπερ
1572 1207 1599 1232 ἐν
1621 1205 1744 1240 ἐκατέρῳ
1758 1203 1791 1230 τὰ
1808 1205 1872 1230 ἑκα-

1087 1253 1160 1289 τέρῳ
1176 1253 1311 1289 προσόντα
1326 1253 1460 1287 φαίνεται,
1486 1253 1532 1278 καὶ
1550 1252 1618 1286 ὅπερ
1633 1251 1665 1277 ἂν
1687 1250 1730 1285 εἴη
1745 1249 1791 1276 τοῦ
1816 1250 1872 1276 Πα-

1087 1299 1160 1333 τρδς,
1175 1298 1253 1325 τοῦτό
1266 1300 1323 1324 ἐστι
1333 1297 1380 1324 τοῦ
1393 1297 1458 1324 Υἱοῦ
1467 1317 1475 1329 ,
1489 1297 1536 1323 καὶ
1555 1296 1646 1329 πάλιν,
1660 1296 1728 1331 ὅπερ
1743 1295 1775 1322 ἂν
1787 1294 1870 1328 ὑπάρ-

1088 1353 1134 1380 χον
1149 1345 1213 1371 ίδιον
1228 1344 1355 1379 φαίνηται
1368 1343 1415 1370 τοῦ
1431 1343 1507 1376 Υίοῦ,
1517 1342 1593 1369 τοῦτό
1609 1343 1666 1368 ἐστι
1683 1340 1729 1368 τοῦ
1749 1339 1852 1374 Πατρός
1866 1349 1870 1354 ·

1087 1395 1162 1422 οὐδὲν
1177 1392 1222 1422 οὖν
1237 1394 1353 1421 κωλύσει
1366 1394 1456 1428 λέγειν
1470 1393 1598 1420 ἐλάττονα
1612 1392 1659 1419 τοῦ
1677 1391 1742 1418 Υίοῦ
1758 1391 1803 1416 τὸν
1818 1391 1872 1415 Ila»

1087 1439 1163 1473 τέρα,
1178 1439 1224 1465 καὶ
1247 1438 1358 1473 μείζονα
1372 1438 1419 1464 τοῦ
1436 1437 1541 1473 Πατρὺς
1564 1437 1610 1463 τὸν
1635 1437 1709 1463 Υίόν.
1734 1435 1802 1462 Ἀλλ’
1817 1435 1872 1460 ἐστι

1086 1482 1141 1509 τῶν
1165 1482 1361 1514 ἀτοπωτάτων,
1384 1482 1430 1509 καὶ
1455 1482 1534 1517 μόνον
1563 1481 1661 1508 ἐννοεῖν
1681 1489 1707 1507 τι
1729 1479 1848 1506 τοιοῦτον
1863 1489 1869 1494 ·
1907 1484 1910 1489 ¹

1086 1526 1145 1560 ἶσος
1161 1527 1226 1564 ἄρα,
1245 1528 1292 1555 καὶ
1306 1528 1355 1554 οὐκ
1369 1528 1487 1554 ἐλάττων
1499 1528 1514 1554 6
1528 1527 1605 1554 κοινὰ
1620 1527 1688 1562 πρὸς
1702 1526 1748 1553 τὸν
1765 1526 1874 1561 Πατέρα

1051 1583 1072 1611 c
1088 1574 1122 1600 τὰ
1135 1574 1184 1608 τῆς
1196 1574 1290 1606 οὐσίας
1308 1573 1377 1608 ἔχων
1393 1573 1626 1607 πλεονεκτήματα.

1126 1620 1227 1651 ΔΛΛΟ,
1246 1619 1280 1646 ἐκ
1299 1619 1352 1646 τοῦ
1369 1619 1471 1647 αὑτοῦ.
1499 1620 1530 1645 Et
1547 1619 1634 1646 πάντα
1647 1618 1695 1644 ὅσα
1712 1617 1768 1652 ἔχει
1784 1618 1798 1643 6
1816 1618 1872 1643 Πα-

1090 1665 1151 1700 τὴρ,
1166 1665 1252 1691 ταῦτα
1267 1666 1356 1692 πάντα
1371 1665 1429 1691 ἐστὶ
1452 1664 1499 1691 τοῦ
1516 1663 1590 1695 Υῑοῠ,
1613 1664 1670 1690 ἔστι
1690 1663 1719 1690 δὲ
1741 1664 1769 1689 ὲν
1786 1664 1873 1698 Πατρὶ

1089 1711 1119 1737 τὸ
1133 1711 1246 1742 τέλειον,
1265 1711 1365 1742 τέλειος
1390 1710 1466 1737 ἔσται
1483 1710 1531 1736 κα)⁸
1547 1711 1562 1736 6
1584 1709 1647 1740 Υἱὸς
1669 1709 1684 1735 ὁ
1706 1708 1752 1735 τοῦ
1768 1708 1873 1742 Harpe;

1090 1757 1158 1791 ἔχων
1168 1757 1202 1783 τὰ
1214 1756 1266 1783 ἴδια
1278 1756 1324 1783 καὶ
1339 1756 1475 1791 ἐξαίρετα.
1487 1755 1590 1782 Οὐκοῦν
1602 1755 1651 1782 οὐκ
1665 1755 1793 1786 ἐλάττων,
1804 1753 1872 1780 κατὰ

1089 1803 1139 1838 τὴν
1151 1803 1204 1829 τῶν
1219 1802 1364 1838 αἰρετικῶν
1378 1802 1548 1835 δυσσέϐειαν.

1124 1848 1226 1880 AAAO,
1251 1847 1299 1874 διὰ
1320 1847 1375 1882 τῆς
1390 1848 1440 1880 ἐις
1464 1847 1577 1874 ἄτοπον
1601 1845 1774 1881 ἀπαγωγῆς,
1799 1845 1873 1879 μετὰ

1089 1893 1271 1929 συμπλοκῆς
1290 1893 1509 1928 συλλογισμοῦ.
1533 1892 1695 1926 Λεγέτωσαν
1711 1892 1774 1927 ἡμῖν
1788 1892 1812 1917 οἱ
1825 1891 1872 1925 τὴν

1088 1939 1219 1967 ἄσϐεστον
1234 1939 1319 1973 φλόγα
1342 1938 1521 1974 καταχέοντες
1547 1937 1597 1973 τῆς
1619 1937 1722 1964 ἑαυτῶν
1741 1937 1871 1972 κεφαλῆς,

1089 1985 1136 2012 καὶ
1151 1985 1200 2020 τὴν
1217 1984 1266 2019 μὲν
1280 1985 1308 2011 ἐν
1320 1985 1376 2016 τοῖς
1392 1984 1474 2015 θείοις
1486 1984 1618 2018 δόγμασιν
1632 1982 1765 2018 ὀρθότητα
1778 1990 1874 2018 παραι·

1088 2030 1222 2064 τούμενοι,
1250 2030 1367 2065 στροφὰς
1390 2030 1419 2056 δὲ
1444 2029 1573 2056 ποικίλων
1596 2029 1765 2060 ἐπινοοῦντες
1781 2029 1873 2055 συλλο-

1088 2076 1193 2110 γισμῶν
1208 2076 1275 2110 πρὸς
1288 2076 1395 2110 ἀπάτην
1410 2075 1464 2102 τῶν
1479 2076 1679 2111 ἁκεραιοτέρων
1698 2076 1744 2102 καὶ
1765 2076 1873 2110 ἀνατρο-

1089 2123 1153 2157 πὴν,
1171 2121 1285 2156 πότερόν
1297 2129 1362 2147 ποτε
1376 2121 1507 2156 κρείττων
1522 2121 1594 2148 ἐστὶν
1606 2122 1619 2148 6
1632 2121 1725 2156 Πατὴρ
1739 2121 1785 2147 τοῦ
1797 2120 1871 2151 Υἰοῦ,

1087 2168 1119 2194 τὺ
1137 2167 1230 2202 μεῖζον
1240 2167 1278 2199 ὡς
1293 2167 1362 2202 πρὸς
1375 2166 1455 2194 αὐτὸν
1471 2167 1551 2202 ἔχων,
1572 2167 1649 2202 εἰπερ
1672 2167 1790 2194 ἐλάττων
1805 2166 1872 2197 ἐστὶ,

1089 2213 1179 2245 καθὼς
1193 2213 1290 2240 ἐκεῖνοι
1311 2213 1457 2248 ληροῦντές
1472 2222 1564 2248 φασιν,
1578 2213 1595 2248 ἦ
1611 2213 1681 2248 οὐχί.
1715 2213 1783 2239 Ἀλλ’
1796 2210 1873 2247 οἶμαι

253 2258 382 2293 quidnam
396 2257 487 2284 eximii
501 2257 600 2284 habere
617 2257 697 2284 Pater
716 2257 853 2284 videbitur
869 2257 895 2284 in
915 2265 948 2284 eo
964 2258 1036 2292 quod

1088 2258 1121 2294 δὴ
1135 2259 1252 2291 πάντως,
1263 2258 1312 2290 ὅτι,
1330 2258 1479 2294 Κρείττων,
1495 2259 1586 2294 ἐροῦσι
1600 2267 1606 2272 ·
1617 2258 1770 2292 λεγέτωσαν
1785 2258 1874 2285 τοίνυν

253 2303 341 2338 majus
355 2303 446 2335 habet,
466 2302 518 2330 nisi
533 2302 631 2329 melior
654 2307 706 2329 est.
731 2302 798 2329 Nam
816 2303 839 2330 si
855 2302 922 2330 nihil
945 2303 1035 2338 plane,

254 2349 342 2377 soluta
355 2348 465 2378 demum
480 2352 522 2375 est
539 2347 629 2375 omnis
644 2347 689 2375 illa
703 2348 765 2375 Filii
786 2348 973 2383 reprehensio.
989 2348 1038 2376 Sin

253 2398 342 2422 autem
368 2394 484 2421 multum
506 2397 628 2429 praestat,
652 2394 749 2421 melior
771 2393 855 2429 igitur
875 2398 927 2426 est,
946 2399 1038 2430 utpote

252 2440 300 2475 qui
315 2440 403 2475 majus
417 2440 507 2467 habet.
521 2438 714 2473 Respondeant
724 2444 836 2475 ergo,ct
847 2447 897 2468 nos
911 2441 1037 2474 doceant,

253 2486 276 2513 si
296 2492 391 2512 revera
406 2484 528 2518 sapiunt,
548 2491 629 2519 quam
650 2484 686 2511 ob
708 2491 819 2512 causam
844 2484 941 2512 Filium
956 2485 1036 2514 Pater

252 2537 313 2557 cum
335 2531 470 2565 genuerit,
487 2538 542 2557 non
561 2531 692 2565 mqualem
718 2530 771 2558 sibi
795 2532 898 2566 genuit,
919 2532 966 2560 sed
986 2533 1036 2560 mi-

252 2583 358 2602 norem.
373 2575 440 2602 Nam
456 2576 478 2603 si
493 2576 591 2604 melius
604 2576 744 2604 videretur
767 2577 899 2612 :equalem
919 2578 971 2606 sibi
989 2586 1037 2613 per

252 2621 344 2648 omnia
367 2621 496 2656 genuisse
521 2621 632 2655 Filium,
655 2623 716 2658 quis
741 2623 830 2651 facere
854 2624 927 2651 istud
945 2624 1038 2659 prohi-

252 2666 348 2694 beret?
367 2666 395 2693 Si
413 2667 485 2694 enim
516 2667 618 2702 aliquid
643 2668 824 2703 prohibuerit,
851 2669 1036 2697 necessarium

251 2719 313 2739 esse
337 2711 380 2739 vel
404 2711 481 2739 inviti
507 2712 679 2747 fatebuntur,
703 2718 733 2741 ut
758 2715 794 2741 sit
826 2715 929 2750 aliquid
958 2715 1038 2742 Patre

252 2756 352 2791 majus.
377 2756 454 2790 Quod
481 2757 503 2785 si
532 2758 598 2786 nihil
625 2760 706 2794 plane
731 2760 878 2794 prohibuit,
902 2761 949 2788 sed
973 2768 1035 2788 cum

251 2805 386 2836 potestate
402 2803 532 2837 praeditus
547 2808 629 2838 esset,
645 2806 783 2840 sciretque
806 2805 903 2832 melius
925 2813 986 2833 esse
1008 2809 1036 2832 ut

285 2888 308 2905 "
321 2888 398 2918 Joan.
417 2899 470 2925 χιι,
485 2893 510 2921 9.
566 2894 589 2911 ⁵⁸
601 2893 679 2921 Joan.
694 2902 748 2927 ari,
764 2895 807 2922 I5.

1089 2305 1115 2332 τί
1131 2304 1259 2340 περισσὸν
1273 2305 1302 2331 ἐν
1317 2303 1356 2339 τῷ
1369 2305 1517 2340 κεκλῆσθαι
1527 2305 1558 2331 τὸ
1572 2305 1663 2340 μεῖζον
1676 2304 1690 2330 ὁ
1700 2305 1794 2340 Πατὴρ
1805 2305 1873 2339 ἔχων

1090 2350 1231 2383 φανεῖται,
1253 2349 1278 2376 εί
1301 2349 1338 2384 μὴ
1354 2349 1484 2384 κρείττων
1504 2349 1589 2375 ἐστίν,
1612 2349 1644 2375 Et
1668 2349 1718 2384 μὲν
1735 2349 1789 2384 γὰρ
1806 2350 1873 2381 ὅλως

1089 2395 1173 2428 οὐδὲν,
1189 2395 1296 2422 λέλυται
1312 2395 1404 2422 λοιπδν
1419 2395 1468 2430 ἤδη
1483 2395 1537 2422 πᾶν
1548 2395 1578 2421 τὸ
1601 2395 1644 2430 ἐφ’
1667 2395 1732 2422 Υἱοῦ
1758 2397 1874 2430 κατηγό-

1092 2450 1166 2476 ρημα
1176 2450 1183 2456 ·
1207 2442 1230 2468 εί
1245 2441 1273 2468 δὲ
1289 2441 1355 2467 πολύ
1367 2449 1394 2467 τι
1409 2441 1439 2467 τὺ
1451 2440 1578 2475 διάφορόν
1593 2441 1661 2472 ἐστι,
1672 2441 1805 2477 κρείττων
1820 2441 1874 2476 ἄρα

1089 2487 1191 2518 λοιπὸν,
1207 2487 1245 2518 ὡς
1259 2486 1327 2522 ἔχων
1340 2487 1370 2513 τὸ
1388 2486 1489 2526 μεῖζον.
1510 2486 1758 2520 Ἀπολογείσθωσαν
1774 2487 1873 2518 τοίνυν,

1090 2533 1136 2560 καὶ
1148 2532 1347 2560 διδασκέτωσαν
1361 2532 1444 2567 ἡμᾶς,
1458 2531 1536 2567 εἴπερ
1550 2532 1619 2558 εἰσὶν
1631 2531 1714 2564 ὅντως
1728 2533 1814 2566 σοφοὶ,
1827 2532 1873 2559 τοῦ

1089 2578 1121 2614 δὴ
1133 2579 1213 2614 χάριν
1231 2579 1362 2613 γεννήσας
1375 2577 1422 2605 τὸν
1435 2578 1499 2604 Υἱὺν
1513 2579 1527 2605 6
1539 2578 1633 2613 Πατὴρ
1648 2579 1697 2604 οὐκ
1710 2576 1767 2604 ἴσον
1786 2579 1874 2613 ἐαυτῷ

1089 2624 1263 2658 γεγέννηκεν,
1287 2623 1345 2650 ἀλλ’
1373 2623 1511 2650 ἐλάττονα.
1538 2624 1570 2650 Ei
1601 2624 1650 2658 μὲν
1676 2625 1729 2660 γὰρ
1753 2625 1874 2658 φαίνοιτο

1088 2671 1210 2704 κρεῖττον
1235 2669 1265 2696 τὸ
1288 2666 1347 2696 ἴσον
1371 2668 1460 2704 ἐαυτῷ
1483 2669 1552 2696 κατὰ
1577 2669 1665 2696 πάντα
1685 2670 1812 2704 γεννῆσαι
1828 2670 1873 2697 τὸν

1089 2715 1163 2748 Υἰδν,
1177 2715 1217 2747 τίς
1233 2715 1248 2741 6
1261 2714 1386 2746 κωλύσας
1399 2714 1477 2741 τοῦτο
1493 2715 1578 2741 ποιεῖν
1591 2723 1598 2747 ;
1622 2716 1653 2741 Εἰ
1669 2716 1718 2750 μὲν
1730 2716 1785 2751 γάρ
1800 2725 1826 2742 τι
1844 2716 1874 2742 τὸ

1090 2761 1214 2787 κωλύσαν
1227 2761 1264 2792 ὡς
1280 2760 1310 2792 ἐξ
1321 2760 1442 2795 ἀνάγκης
1461 2761 1544 2792 ἐστὶν,
1558 2761 1753 2796 ὁμολογήσουσι
1767 2762 1812 2788 καὶ
1825 2762 1874 2797 οὐχ

1089 2807 1195 2839 ἑκόντες
1212 2804 1281 2834 εἶναί
1296 2815 1322 2833 τι
1338 2806 1366 2833 τὸ
1384 2806 1474 2842 μεῖζον
1488 2806 1532 2833 τοῦ
1547 2807 1660 2843 Πατρός.
1685 2808 1715 2835 Εἰ
1732 2808 1760 2834 δὲ
1776 2808 1805 2834 τὸ
1819 2817 1871 2834 κω-

862 2896 884 2912 θ⁰
904 2895 982 2924 Joan.
1001 2902 1068 2929 xv",
1085 2895 1127 2923 to.
