2030 3122
142 177 179 208 53
691 186 724 214 IN
737 187 878 216 JOANNIS
896 189 1120 221 EVANGELIUM
1141 194 1204 223 LIB.
1226 197 1245 224 Ι.
1741 205 1775 233 54

144 237 205 264 λύον
220 235 256 273 ἦν
272 239 341 273 ὅλως
355 241 440 274 οὐδὲν,
455 243 525 278 ἔχων
540 243 567 270 δὲ
580 244 629 280 τὴν
644 245 777 280 ἐξουσίαν,
793 249 840 274 καὶ
850 235 937 281 εἰδὼς,

144 284 185 310 ὅτι
199 285 309 312 κάλλιόν
329 287 387 314 ὲστι
403 289 531 325 γεννῆσαι
548 290 594 317 τὸν
611 289 684 324 ἴσον,
711 292 873 329 βεὸούληται
889 295 936 322 τὸν

146 329 287 364 ἐλάττονα,
317 333 414 367 φθόνος
438 334 493 370 ἄρα
516 336 580 371 περὶ
613 337 695 364 αὐτὸν
731 339 778 366 καὶ
804 339 937 375 βασκανία

147 375 281 410 γενομένη
306 378 429 413 φαίνεται
441 387 449 394 ·
477 380 507 407 οὐ
526 381 580 417 γὰρ
597 380 730 419 ἠθέλησεν
744 385 890 413 ἀποδοῦναι
905 388 935 414 τὸ

145 419 203 447 ἴσον
213 421 253 457 τῷ
267 423 333 458 Υίῷ.
349 425 385 451 Ἣ
397 426 487 453 τοίνυν
497 427 658 464 ἀδυνατήσει
672 431 735 466 περὶ
747 431 796 466 τὴν
809 432 935 468 γέννησιν

145 468 160 493 ό
175 468 281 505 Πατὴρ,
304 470 321 505 ή
339 469 473 505 βάσκανος
487 473 563 500 ἔσται
581 475 651 502 κατὰ
671 476 703 502 τὺ
723 477 754 503 ὲκ
771 478 825 504 τῶν
840 478 933 506 συλλο-

145 514 252 549 γισμῶν
267 517 449 550 συναγόμενον
472 519 616 555 θεώρημα,
635 520 668 547 ἂν
684 522 732 557 ἔχῃ
749 522 780 549 τὸ
796 523 905 550 ἔλαττον
920 526 934 552 ὁ

146 558 208 591 Υἱὸς
225 561 297 588 κατὰ
318 562 363 588 τὸν
378 563 490 590 ἐκείνων
511 565 598 597 λόγον.
627 567 707 594 Ἀλλὰ
722 568 802 595 τοῦτο
817 569 932 596 ἄτοπον·

144 605 200 632 ἄνω
214 606 269 642 γὰρ
285 607 388 640 πάθους
403 610 504 641 παντὸς
517 611 533 646 ἡ
548 611 608 639 θεία
625 613 672 639 καὶ
687 613 823 649 ἀκήρατος
841 615 930 650 φύσις.

144 651 249 678 Οὐκοῦν
262 653 312 680 οὐκ
324 653 443 681 ἐλάττων
458 655 472 681 ό
488 655 561 688 Υἱὸς,
577 657 620 684 ἵνα
634 657 670 693 μὴ
684 658 713 684 τὸ
730 657 787 685 ἴσον
800 660 930 697 ἀπολέσῃ,

144 696 203 722 κατ’
218 697 313 725 οὐδένα
330 699 430 734 τρόπον
445 701 624 736 ἀτονήσαντος
639 703 686 729 τοῦ
705 704 810 739 Πατρὸς
824 706 886 740 περὶ
902 706 932 732 τὸ

143 740 201 768 ἶσον
225 744 321 771 ἑαυτοῦ
341 746 468 781 γεννῆσαι
493 747 539 773 τὸν
561 747 590 780 ἐξ
611 749 710 780 αὑτοῦ,
737 751 805 785 μήτε
822 752 875 787 μὴν
899 753 931 779 ὲκ

144 789 292 822 βασκανίας
307 791 497 828 κεκωλυμένου
511 794 541 820 τὸ
557 794 684 830 ἐθελῆσαι
701 796 730 822 τὸ
745 797 864 831 ἄμεινον.

179 836 282 863 ΑΛΛΟ.
297 837 382 870 Αὐτός
398 839 449 865 πού
466 848 548 875 φησιν
562 842 575 867 ὁ
589 841 693 877 Σωτὴρ,
709 842 746 874 ὡς
759 843 801 877 εἴη
819 843 868 878 μὲν
881 843 929 870 αὺη

141 880 186 913 τος
201 882 229 908 ὲν
243 883 341 918 Πατρὶ,
359 885 403 910 καὶ
419 886 432 912 ό
446 886 540 921 Πατὴρ
552 887 579 913 δὲ
595 888 695 922 ὁμοίως
712 888 740 914 ὲν
755 888 838 924 αὐτῷ.
860 889 928 916 Ἀλλ’

954 258 975 286 Α
990 253 1122 286 aequalem
1141 255 1274 290 gigneret,
1301 258 1433 287 minorem
1464 261 1569 294 maluit,
1591 262 1692 291 invidia
1712 272 1777 301 ergo

986 302 1012 325 et
1038 298 1122 327 livore
1140 300 1237 330 ducttts
1253 303 1376 337 videtur;
1397 306 1484 334 noluit
1499 309 1572 336 enim
1590 298 1774 344 a‘qttalitateitt

985 343 1051 390 dare
1064 344 1143 374 Filio.
1161 347 1214 375 Aut
1238 355 1303 384 ergo
1319 351 1456 385 impotens
1477 353 1530 380 erit
1552 354 1579 381 in
1598 343 1776 390 generatione

986 389 1075 425 Pater,
1086 397 1133 420 aut
1148 393 1266 427 invidus,
1278 399 1308 422 ut
1322 403 1355 423 ex
1369 389 1609 432 argumentatione
1631 402 1776 436 perspicue

985 437 1134 473 colligitur,
1153 439 1185 473 si}
1196 440 1286 468 minus
1304 441 1404 469 habeat
1419 442 1516 475 Filius,
1535 448 1565 471 ut
1580 445 1619 471 illi
1635 450 1773 474 asserunt.

986 482 1038 510 Sed
1064 483 1116 511 hoc
1144 484 1293 513 absurdum
1318 488 1435 516 :omnis
1465 489 1536 516 enim
1572 490 1708 524 passionis
1732 495 1774 519 est

984 535 1083 564 expers
1103 529 1193 558 divina
1209 535 1236 559 et
1252 532 1418 561 immortalis
1435 538 1543 562 natura.
1562 534 1647 570 Igitur
1660 543 1714 563 non
1732 541 1774 564 est

984 575 1074 603 minor
1097 575 1195 611 Filius,
1215 585 1250 606 ne
1279 579 1460 614 aequalitatem
1486 580 1590 615 perdat.
1613 587 1675 608 cum
1698 581 1774 608 nullo

984 621 1064 648 modo
1090 621 1170 650 Pater
1196 623 1304 651 viribus
1332 625 1452 652 caruerit
1477 625 1504 652 in
1533 625 1692 661 generando
1720 625 1772 653 sibi

983 667 1081 700 mquali
1094 667 1173 701 Filio,
1192 675 1281 703 neque
1295 669 1382 697 livore
1401 670 1557 705 prohibitus
1574 670 1609 698 sit
1624 670 1772 705 quominus

982 712 1065 741 vellet
1081 713 1107 740 id
1123 714 1196 748 quod
1211 715 1310 744 melius
1334 720 1418 744 esset.

1016 843 1130 871 ALIUD.
1143 844 1201 880 Ipse
1215 845 1315 873 alicubi
1330 846 1455 874 Salvator
1469 844 1507 873 ait
1528 855 1557 874 se
1566 854 1626 875 esse
1640 847 1666 874 in
1679 847 1769 882 Patre,

979 892 1007 915 et
1028 887 1135 916 Patrem
1161 890 1287 917 similiter
1307 891 1334 918 in
1353 891 1414 926 ipso
1432 892 1465 919 ει.
1482 891 1535 919 Sed
1552 895 1626 926 patet
1642 892 1769 920 omnibus

141 926 198 954 ἔστι
214 929 296 955 παντί
310 938 361 956 που
378 931 466 966 δῆλον,
485 932 523 964 ὼς
545 933 576 959 οὐ
597 934 730 969 προσήκει
745 934 824 966 νοεῖν,
844 935 927 963 καϐά-

980 943 1034 963 non
1063 943 1124 964 esse
1149 936 1216 963 illud
1247 937 1468 973 intelligendum,
1495 938 1578 966 sicuti
1609 946 1710 974 corpus
1740 938 1768 966 in

141 980 193 1007 περ
207 973 287 1008 σῶμα
300 974 329 1001 ἐν
344 975 460 1011 σώματι,
477 977 494 1013 ἢ
511 977 607 1010 σκεῦος
621 979 649 1005 ὲν
672 979 774 1012 σκεύει,
789 980 875 1013 οὕτως
891 980 929 1008 εἴ·

141 1026 185 1044 ναι
197 1021 321 1054 χωρητὸν
336 1020 365 1048 ὲν
381 1021 438 1057 Υξῷ
453 1023 497 1049 τὸν
515 1024 634 1059 Πατέρα,
649 1025 666 1060 ἢ
681 1023 714 1052 αὖ
731 1026 812 1053 πάλιν
829 1027 929 1062 ἀντεμ-

140 1063 298 1097 ϐιϐάζεσοαι
324 1067 423 1103 τρόπον
455 1069 515 1096 τινὰ
543 1070 582 1105 τῷ
608 1071 714 1106 Haupt,
742 1068 819 1103 οὗτος
847 1072 874 1099 δὲ
900 1074 928 1100 ὲν

140 1109 246 1144 ἐκείνῳ,
272 1111 396 1144 κάκεῖνος
411 1113 440 1140 ὲν
450 1113 537 1149 τούτῳ
552 1115 676 1149 φαίνεται
688 1116 725 1148 ὡς
739 1117 768 1143 ὲν
785 1118 928 1153 ταυτότητι

130 1153 444 1193 οὺσᾶιςάπαραλλάκτῳ,
465 1160 512 1186 καὶ
527 1161 558 1196 τῇ
579 1161 652 1188 κατὰ
675 1162 755 1196 φύσιν
779 1163 884 1198 ὲνότητί
899 1172 927 1190 τε

140 1202 186 1227 καὶ
209 1202 358 1237 ὁμοιότητι,
386 1204 479 1240 ὥσπερ
496 1205 528 1232 ἂν
543 1206 570 1233 ετ
591 1215 633 1238 τις
653 1207 699 1234 καὶ
722 1209 751 1235 ὲν
770 1209 854 1236 είκόνι
879 1210 928 1245 τὴν

139 1247 242 1274 οἰκείαν
267 1250 474 1286 καταθεώμενος
495 1253 602 1288 μορφὴν
627 1254 731 1288 λέγοιτο
759 1255 827 1289 πρός
853 1264 928 1288 τινας

139 1293 287 1328 ἀληθεύων,
301 1296 348 1322 καὶ
361 1295 409 1331 τὴν
422 1297 462 1328 εἰς
479 1297 563 1332 ἄκρον
578 1297 768 1334 ἐξησκημένην
779 1300 927 1336 ἐμφέρειαν

138 1340 184 1366 τοῦ
200 1341 301 1367 οίκείου
323 1343 461 1378 σχήματος
484 1344 673 1379 ἀποθαυμάζοι
697 1345 766 1380 βοῶν
785 1355 792 1362 ·
813 1346 882 1381 Ἐγὼ
899 1348 927 1374 ἐν

138 1386 199 1420 τῇδε
214 1388 246 1422 τῇ
267 1389 375 1423 γραφῇ,
391 1389 438 1416 καὶ
454 1390 470 1425 ή
483 1390 575 1426 γραφὴ
588 1391 616 1417 δὲ
633 1392 662 1418 ὲν
677 1392 737 1427 ἐμοί
750 1401 756 1408 ·
779 1393 794 1428 ἢ
809 1394 855 1419 καὶ
866 1394 926 1420 καθ’

138 1432 230 1467 ἕτερον
244 1433 353 1468 τρόπον,
368 1433 461 1468 ὥσπερ
480 1435 513 1462 ἂν
529 1437 553 1462 εί
575 1437 621 1463 καὶ
643 1438 659 1473 ή
680 1437 727 1464 τοῦ
743 1439 849 1473 μέλιτος
863 1439 927 1474 γλυ-

137 1479 198 1505 κεῖα
212 1479 320 1514 ποιότης
343 1480 481 1508 ἐντεθεῖσα
495 1481 612 1519 γλώττῃ,
624 1483 687 1518 περὶ
714 1484 901 1520 ὲαυτῆς.λὲγοι
918 1495 924 1501 ·

143 1524 213 1559 Ἐγὼ
226 1526 254 1552 ὲν
276 1525 315 1561 τῷ
331 1525 429 1561 μέλιτι.
447 1528 493 1554 καὶ
509 1527 539 1554 τὸ
557 1528 618 1563 μέλι
634 1528 662 1555 δὲ
681 1530 710 1555 ὲν
734 1529 796 1565 ἐμοί
809 1538 815 1545 ·
848 1531 864 1567 ἢ
881 1531 926 1558 καὶ

136 1568 229 1605 ὥσπερ
242 1569 322 1597 πάλιν
336 1572 351 1606 ἡ
366 1571 398 1598 ὲκ
412 1572 497 1607 πυρὸς
512 1573 633 1606 φυσικῶς
645 1574 777 1610 προϊοῦσα
789 1575 924 1611 θερμότης

137 1617 229 1652 φωνὴν
242 1618 352 1652 ἀφιεῖσα
369 1618 442 1653 λέγοι
456 1627 463 1634 ·
485 1619 556 1654 Ἐγὼ
574 1621 602 1646 ὲν
617 1620 654 1656 τῷ
668 1620 743 1655 πυρὶ,
761 1621 807 1648 καὶ
824 1622 853 1648 τὸ
869 1621 925 1657 πῦρ

135 1661 162 1688 δὲ
175 1662 203 1688 ὲν
213 1663 285 1698 ὲμοί,
294 1664 371 1690 Ἔστι
386 1664 435 1700 μέν
448 1672 506 1696 πως
518 1665 572 1700 γὰρ
584 1665 637 1691 τῶν
649 1665 801 1700 εἰρημένων
811 1666 924 1693 ἕκαστον

135 1708 241 1744 ἐπινοίᾳ
257 1710 393 1745 μεριστὸν,
410 1710 440 1737 ἓν
465 1710 492 1737 δὲ
513 1713 547 1746 τῇ
569 1711 660 1746 φύσει,
676 1712 722 1738 καὶ
746 1711 774 1738 ἒν
799 1712 828 1744 ἐξ
853 1713 922 1744 ἐνὸς,

135 1753 277 1790 ἀμερίστῳ
302 1756 354 1782 τινὶ
380 1755 427 1782 καὶ
447 1756 599 1792 ἀδιαστάτῳ
629 1757 734 1793 προόδῳ
759 1757 926 1793 προκύπτον,

135 1799 228 1835 ὥσπερ
246 1801 294 1827 καὶ
318 1801 480 1836 χωρίζεσθαι
504 1802 598 1829 δοκοῦν
614 1803 660 1829 τοῦ
683 1804 711 1830 ὲν
737 1801 812 1840 ᾧπέρ
826 1805 900 1831 ἐστιν
917 1812 924 1818 ·

135 1846 209 1879 ὅμως
231 1846 253 1872 δ’
267 1844 314 1873 οὖν
329 1848 353 1873 εί
378 1848 425 1874 καὶ
446 1847 540 1875 τοῦτον
557 1848 612 1884 ἔχει
640 1849 685 1876 τὸν
711 1850 795 1876 τύπον
809 1849 862 1876 τῶν
880 1850 923 1875 ἐπ’

135 1890 226 1923 αὐτοῖς
254 1893 429 1929 νοημάτωνὴ
448 1893 572 1929 δύναμις,
590 1894 647 1920 ἀλλ’
672 1896 700 1921 ἐν
721 1895 806 1931 ἑτέρῳ
833 1895 926 1929 φαίνε-

138 1945 189 1967 ται,
197 1937 245 1964 καὶ¹
256 1937 353 1964 ταυτόν
364 1939 433 1965 εἰσιν
443 1939 503 1966 ὅσον
513 1940 552 1971 είς
561 1939 655 1966 οὐσίαν
670 1940 822 1975 ἀμφότερα.
841 1940 926 1976 Είπερ

135 1981 190 2016 οὖν,
208 1983 252 2010 διὰ
267 1984 297 2010 τὸ
318 1985 366 2020 τῆς
381 1985 474 2016 οὐσίας
486 1985 693 2021 ἀπαράλλακτον
716 1986 763 2012 καὶ
785 1986 816 2013 τὺ
835 1987 864 2014 ὲν
887 1987 926 2022 τῷ

136 2030 290 2065 χαρακτῆρι
315 2030 455 2062 παντελῶς
473 2032 691 2067 ἀπαραποίητον,
709 2033 723 2058 ὁ
742 2033 838 2068 Πατήρ
851 2033 925 2060 ἐστιν

134 2077 162 2102 ὲν
179 2075 249 2111 Υίῷ,
265 2076 323 2108 πῶς
335 2077 349 2103 ὁ
365 2076 465 2112 μείζων
482 2077 511 2104 ὲν
527 2077 647 2104 ἐλάττονι
661 2079 720 2105 κατ’
735 2078 857 2110 ἐκείνους
869 2079 924 2106 ὄντι

133 2122 171 2157 τῷ
194 2122 252 2157 Υἱῷ
276 2123 394 2158 χωρήσει
423 2123 470 2150 καὶ
490 2123 655 2159 όφϐήσεται;
682 2123 790 2160 Ἐπειδὴ
809 2124 837 2152 δὲ
863 2125 924 2157 ὅλος

980 985 1105 1013 corpore,
1133 984 1180 1006 aut
1206 988 1254 1008 vas
1283 981 1310 1008 in
1335 989 1421 1014 vase,
1447 982 1484 1009 ita
1511 983 1617 1010 Patrem
1645 982 1674 1010 in
1700 982 1769 1010 Filio

980 1025 1128 1058 contineri,
1151 1030 1198 1052 aut
1226 1026 1347 1054 vicissim
1371 1028 1443 1055 hunc
1471 1028 1676 1064 quodammodo
1695 1028 1769 1057 Patri

981 1071 1101 1106 imponi;
1123 1072 1170 1099 sed
1189 1073 1264 1100 hunc
1288 1073 1315 1100 in
1339 1073 1397 1105 illo,
1416 1078 1442 1100 et
1467 1074 1542 1101 illum
1571 1075 1597 1101 in
1630 1077 1682 1102 hoc
1708 1082 1770 1102 esse

979 1117 1084 1149 videri.
1111 1125 1161 1145 ceu
1194 1119 1221 1145 in
1247 1119 1390 1147 idenlitate
1417 1120 1578 1147 substantia:
1604 1127 1652 1155 per
1677 1120 1768 1147 omnia

979 1163 1072 1196 simili,
1094 1168 1122 1191 et
1145 1165 1264 1192 naturali
1288 1166 1393 1193 unitate
1410 1173 1442 1193 ac
1467 1165 1657 1198 similitudine,
1686 1166 1768 1193 veluti

979 1210 1001 1236 si
1016 1211 1081 1245 quis
1105 1210 1132 1237 in
1158 1210 1278 1245 imagine
1301 1211 1416 1238 formam
1427 1218 1505 1239 suam
1523 1211 1726 1246 contemplans.
1741 1215 1769 1239 et

978 1256 1143 1291 exquisitam
1162 1256 1254 1284 vultus
1264 1257 1307 1283 sui
1321 1257 1527 1284 similitudinem
1544 1257 1694 1288 admirans,
1706 1264 1769 1284 vere

978 1302 1098 1329 clamare
1114 1302 1222 1329 dicatur
1237 1311 1243 1328 :
1263 1301 1318 1337 Ego
1341 1302 1368 1329 in
1384 1302 1435 1329 bac
1454 1302 1565 1332 tabella.
1578 1305 1615 1333 et.
1629 1301 1728 1329 tabella
1741 1302 1768 1328 in

979 1357 1021 1376 me
1055 1353 1108 1377 est.
1136 1348 1189 1375 Aut
1218 1348 1449 1383 quemadmodum
1480 1349 1502 1376 si
1531 1348 1622 1376 dulcis
1650 1348 1769 1383 qualitas

978 1394 1066 1422 mellis
1087 1395 1223 1430 impressa
1249 1395 1348 1429 lingua;
1374 1395 1408 1422 de
1433 1394 1523 1429 seipsa
1546 1394 1639 1422 dlcat:
1660 1394 1717 1429 Ego
1737 1395 1765 1421 in

979 1440 1068 1472 melle,
1085 1444 1112 1468 et
1128 1440 1180 1467 mcl
1195 1441 1222 1467 in
1238 1447 1281 1468 me
1294 1444 1351 1473 est;
1366 1443 1411 1467 aut
1424 1440 1447 1468 si
1466 1440 1542 1467 calor
1559 1447 1591 1466 ex
1608 1439 1671 1474 igne
1689 1443 1769 1466 natu-

978 1485 1073 1512 raliter
1096 1485 1151 1521 29
1172 1485 1304 1521 prodiens
1330 1486 1432 1514 emissa
1461 1492 1530 1513 voce
1554 1485 1650 1513 dicat:
1669 1484 1724 1520 Ego
1743 1485 1769 1511 in

977 1532 1086 1567 igne,et
1109 1532 1180 1567 ignis
1203 1532 1231 1559 in
1259 1526 1310 1560 me.
1330 1531 1551 1567 Unumquodque
1574 1531 1647 1559 enim
1673 1537 1768 1558 eorum

977 1584 1037 1611 qua:
1053 1577 1124 1604 dicta
1137 1580 1202 1605 sunt
1222 1577 1374 1612 separabile
1387 1581 1429 1604 est
1444 1577 1600 1610 intellectu;
1613 1576 1660 1604 sed
1677 1583 1763 1602 unum

979 1626 1092 1654 natura,
1109 1626 1136 1650 et
1153 1631 1236 1650 unutn
1262 1631 1294 1651 ex
1322 1630 1377 1650 uno
1394 1622 1571 1658 inseparabili
1597 1621 1715 1657 quodam
1741 1624 1769 1648 et

979 1669 1132 1696 continenti
1155 1677 1303 1705 progressu
1320 1665 1422 1705 prodit;
1440 1669 1672 1705 quemadmodum
1693 1668 1768 1699 etab

977 1722 1010 1742 eo
1025 1715 1052 1742 in
1071 1722 1126 1749 quo
1142 1718 1185 1742 est
1210 1716 1334 1749 separari
1351 1715 1459 1743 videtur
1474 1723 1481 1741 :
1499 1719 1686 1742 verumtamen
1707 1713 1769 1741 licet

976 1760 1050 1787 hunc
1074 1761 1248 1796 concipiendi
1270 1761 1381 1789 modum
1408 1769 1466 1797 pra:
1488 1769 1517 1789 se
1535 1761 1635 1793 ferant,
1651 1761 1767 1787 alterum

977 1810 1069 1834 tamen
1098 1807 1124 1834 in
1153 1807 1240 1834 altero
1269 1807 1405 1841 cernitur,
1420 1812 1446 1836 et
1465 1808 1537 1834 idem
1563 1811 1629 1834 sunt
1653 1809 1767 1839 utraque

977 1853 1068 1887 quoad
1082 1852 1275 1880 substantiam.
1290 1852 1318 1880 Si
1333 1861 1398 1888 ergo
1412 1857 1523 1888 propter
1538 1852 1768 1887 perfectissimam

976 1898 1146 1925 identitatem
1162 1899 1337 1931 substantim,
1351 1903 1377 1926 et
1396 1899 1568 1926 characteris
1582 1896 1768 1925 omnimodam

977 1943 1185 1972 similitudinem
1200 1945 1281 1972 Pater
1292 1949 1335 1972 est
1354 1945 1380 1972 in
1394 1944 1474 1975 Filio,
1487 1944 1625 1980 qttomodo
1638 1943 1725 1977 major
1741 1943 1768 1968 in

977 1990 1100 2021 minore,
1117 1994 1147 2017 ut
1172 1990 1210 2018 illi
1228 1991 1334 2023 volunt,
1355 1989 1424 2018 Filio
1444 1990 1628 2018 continebitur
1659 1996 1690 2015 ac
1707 1995 1768 2025 cer-

977 2034 1156 2062 netur?Cum
1185 2038 1277 2063 autem
1305 2038 1381 2062 totus
1410 2034 1446 2062 sit
1476 2035 1504 2061 in
1536 2033 1606 2068 ipso,
1628 2031 1768 2068 perfectus

979 2080 1073 2115 utique
1093 2088 1207 2116 prorsus
1224 2085 1266 2108 est
1287 2079 1384 2111 Filius.
1403 2079 1449 2115 qui
1475 2079 1628 2115 perfectum
1643 2077 1727 2113 capit.
1741 2080 1768 2103 et

974 2126 1118 2154 character
1135 2130 1176 2155 est
1193 2127 1282 2162 magni
1299 2126 1400 2154 Patris.

134 2168 207 2194 ἐστὶν
221 2169 250 2195 ὲν
263 2167 347 2204 αὐτῷ,
366 2169 468 2200 τέλειος
489 2169 544 2205 ἄρα
566 2170 674 2202 πάντως
699 2171 771 2197 ἐστὶν
789 2172 802 2198 ό
818 2171 893 2204 Υἱὸς,
910 2173 923 2198 ὁ
941 2173 987 2199 τοῦ
1022 2173 1125 2199 τελείου
1149 2173 1313 2209 χωρητικδς,
1337 2174 1383 2200 καὶ
1418 2172 1558 2208 χαρακτὴρ
1577 2170 1622 2197 τοῦ
1648 2167 1767 2204 μεγάλου

136 2214 251 2251 Πατρός.

443 2264 567 2291 ΚΕΦΑΛ.
587 2266 621 2291 Δ¹.

134 2307 217 2345 Πρὸς
229 2306 300 2345 ⁶σοὺς
316 2308 488 2345 τολμῷντίις
506 2309 616 2344 λέγειν,
633 2311 677 2337 ὅτι
695 2311 794 2345 ἕτερός
810 2311 894 2337 ἐστιν
908 2312 924 2337 ὀ

167 2341 335 2379 ἐνδιάθετος
441 2341 571 2378 φυσικὸῖς
600 2346 635 2372 ἐν
663 2345 724 2378 Θεῷ
740 2341 799 2372 ’κιὶὶ
828 2346 919 2379 Πατρί

169 2378 275 2415 Λόγος,
291 2378 454 2415 καίνὲτερος
474 2381 490 2406 ό
507 2380 585 2413 παρὰ
597 2380 660 2412 ταῖς
677 2381 768 2412 θείαις
786 2378 920 2415 Γραφιιῗς

167 2414 330 2451 λεγόμενος
344 2414 521 2451 ΥιοξςηίΕο-τι
540 2415 573 2441 δὲ
588 2414 648 2442 τῶν
665 2416 730 2450 περὶ
743 2414 891 2451 Εὐνόμιον
902 2416 920 2449 vi

167 2448 289 2481 τοιαύτη
307 2448 478 2480 κακοδοξία.

165 2491 259 2527 Οὗτος
272 2492 312 2529 ἦν
325 2494 359 2520 ἐν
377 2495 456 2530 ἀρχῇ
468 2496 542 2530 πρὸς
557 2494 611 2522 τὸν
628 2496 709 2523 Θεόν.

174 2537 423 2572 ’Δνακεφαλαίωσιν
436 2539 485 2574 μὲν
500 2539 594 2576 ὥσπερ
611 2541 672 2567 τινὰ
690 2541 744 2567 τῶν
764 2541 814 2579 ᾔδη
830 2549 921 2577 προει-

136 2583 261 2618 ρημένων
273 2584 302 2611 ὲν
311 2585 415 2617 τούτοις
430 2586 444 2611 ὁ
457 2587 651 2622 εὐαγγελιστὴς
667 2587 822 2622 ἐποιήσατο.
835 2587 921 2622 Προσ-

133 2629 190 2661 Oet;
217 2629 246 2656 δὲ
270 2631 301 2657 τὸ
328 2640 338 2657 t
355 2628 450 2665 Οὗτος,
473 2641 481 2657 ι
519 2633 660 2668 μονονουχὶ
684 2633 783 2668 βοήσας
812 2634 919 2669 ὁρᾶται,

136 2685 145 2701 ι
155 2676 185 2702 '0
197 2676 234 2702 ὣν
247 2677 276 2703 ὲν
289 2677 373 2713 ἀρχῇ,
389 2688 397 2703 ν
415 2679 429 2705 ὁ
445 2679 521 2714 παρὰ
534 2679 573 2714 τῷ
588 2679 673 2714 Harp).
682 2680 775 2714 Λόγος,
792 2679 921 2715 ὑπάρχων

134 2721 199 2752 Θεὸς
217 2723 249 2749 ὲκ
264 2723 344 2755 Θεοῦ,
361 2720 438 2756 οὗτός
452 2725 510 2751 ἐστι
524 2725 572 2751 καὶ
585 2725 634 2760 οὺχ
647 2725 752 2762 ἔτερος,
768 2725 831 2761 περὶ
851 2723 881 2752 οὗ
892 2725 923 2751 τό

136 2767 234 2802 σεμνὸν
250 2768 316 2804 ἡμῖν
334 2770 477 2804 πρόκειται
493 2770 671 2807 σύγγραμμα.
689 2773 781 2799 Ἐοικε
796 2772 824 2798 δὲ
843 2772 923 2798 πάλιν

139 2811 164 2837 ιὺ
178 2813 268 2848 μάτην
279 2815 336 2846 τοῖς
358 2815 512 2850 εἰρημένοις
530 2817 685 2851 ἐπενεγκεῖν
708 2817 746 2849 τὸ,
762 2827 770 2843 ι
786 2814 868 2849 Οὗτος
889 2815 922 2853 ἦν

190 2900 211 2916 ⁶¹
228 2899 305 2928 Joan.
322 2908 348 2933 Χ,
365 2901 412 2929 58.

1294 2263 1367 2291 CAP.
1404 2263 1448 2291 ιν.

975 2309 1107 2337 Adversus
1126 2318 1169 2336 eos
1194 2310 1239 2344 qui
1268 2310 1353 2337 dicere
1377 2311 1492 2345 audent,
1513 2313 1588 2339 aliud
1612 2322 1668 2340 esse
1686 2315 1766 2342 inter-

1010 2345 1244 2382 nuntetrnoturalc
1258 2346 1286 2382 in
1302 2345 1354 2373 Deo
1366 2351 1390 2373 et
1404 2346 1486 2374 Patre
1505 2347 1627 2381 Verbum,
1641 2353 1666 2376 et
1678 2350 1765 2382 aliud,

1009 2380 1243 2416 quodkScriptura:
1258 2381 1356 2408 divina:
1370 2383 1505 2416 appellant
1519 2380 1631 2410 Filiunt.
1653 2383 1700 2411 Est
1720 2380 1768 2412 au;

1009 2420 1059 2442 lem
1076 2414 1304 2442 Eunomianarum
1317 2414 1391 2442 error
1405 2414 1568 2453 istiusmodi.

1011 2505 1033 2524 ι,
1049 2492 1077 2520 2.
1100 2492 1156 2519 Hoc
1170 2497 1227 2520 erat
1249 2494 1276 2520 in
1291 2494 1424 2533 principio
1439 2494 1509 2529 apud
1531 2495 1623 2522 Deum.

1009 2538 1060 2566 Hic
1077 2539 1247 2574 Evangelista
1268 2541 1425 2568 summatim
1446 2541 1651 2576 qttodammodo
1668 2545 1766 2580 repetit

975 2592 1036 2620 quae
1047 2585 1124 2620 prius
1145 2584 1220 2612 dicta
1241 2589 1316 2613 sunt.
1340 2585 1407 2613 Cum
1424 2591 1514 2614 autem
1536 2587 1647 2623 adding
1668 2589 1735 2622 Hoc,
1755 2601 1763 2616 ι

975 2630 1171 2665 propemodum
1202 2631 1326 2659 clamare
1352 2630 1485 2660 videtur:
1514 2641 1523 2657 ι
1553 2633 1631 2666 Quod
1656 2639 1715 2662 erat
1739 2635 1765 2662 in

975 2676 1121 2711 principio,
1134 2685 1143 2702 ν
1160 2676 1224 2703 illud
1245 2676 1316 2711 apud
1338 2676 1446 2705 Patrem
1461 2677 1580 2707 Verbum
1594 2701 1601 2713 ,
1619 2680 1692 2709 Deus
1719 2689 1767 2709 ex-

976 2725 1079 2753 sistens
1092 2732 1125 2752 ex
1141 2724 1205 2757 Deo,
1222 2723 1285 2757 hoc,
1303 2724 1427 2760 inquam.
1449 2730 1476 2753 et
1495 2734 1549 2754 non
1567 2728 1642 2755 aliud
1668 2733 1710 2756 est
1734 2728 1767 2755 de

974 2779 1029 2806 quo
1044 2778 1198 2799 sermonem
1224 2770 1316 2798 facere
1341 2771 1367 2798 in
1385 2772 1437 2799 hoc
1461 2773 1533 2800 libro
1557 2774 1764 2809 proposuimus.

978 2817 1083 2844 Rursus
1097 2819 1187 2843 autem
1205 2823 1259 2843 non
1270 2815 1376 2844 videtur
1392 2815 1492 2845 frustra
1507 2817 1658 2853 subjecisse
1673 2816 1740 2844 illud
1757 2826 1764 2846 :
