2030 3122
269 189 305 216 55
761 181 791 209 S.
801 178 947 208 -CYRII.L|
962 176 1198 207 ALEXANDBINI
1215 176 1376 205 ARCHIEI’.
1604 209 1615 216 Χ
1854 171 1889 199 56

271 255 280 269 ι
308 244 365 271 Hoc
387 246 448 270 erat
477 242 504 269 in
530 239 667 277 principio
688 239 759 280 apud
787 239 880 266 Deum.
897 247 907 263 ι
933 237 1053 272 Accepta

1108 237 1135 263 tv
1149 232 1221 272 ἆρχῇ
1237 235 1305 271 πρὸς
1312 235 1358 261 τὸν
1373 233 1448 261 Θεόν.
1471 243 1480 260 ι
1507 234 1551 265 Ὧς
1575 209 1629 268 γᾶρ
1647 230 1700 259 ὑπὸ
1716 230 1789 258 θείου
1804 230 1890 257 Πνεύ-

268 290 339 317 cnim
360 296 374 316 a
388 288 480 316 divino
495 288 599 323 Spiritu
611 293 702 314 rerum
717 285 871 312 futurarum
889 283 1056 319 cognitione,

268 344 322 363 non
337 334 481 371 ignoravit,
504 337 534 360 ut
552 333 659 368 opinor,
674 339 706 359 ac
720 338 786 359 vere
806 329 941 357 allirmare
957 335 1056 363 possu-

269 388 341 414 mus,
353 380 486 415 quosdam
499 379 659 415 prodituros
671 374 834 412 perditionis
849 374 980 408 artiﬁces,
997 373 1057 401 dia-

269 427 323 454 boli
344 426 471 461 aucupia,
490 425 589 453 mortis
612 425 735 459 laqueos,
755 422 784 450 in
803 421 931 449 cubicula
951 426 979 448 et
994 427 1057 456 pro-

269 472 381 500 fundum
404 471 505 500 inferni
520 470 698 499 detrudentes
718 475 767 496 eos
779 466 827 502 qui
845 474 900 502 prae
920 465 1056 501 imperitia

268 518 413 546 attendunt
427 517 460 545 iis
479 523 539 551 quae
558 518 684 543 eructant
705 513 739 542 de
759 511 843 541 corde
858 511 930 539 malo
945 511 979 538 ⁸³.
1011 509 1057 537 Ιιι-

268 564 380 592 stabunt
393 569 469 596 vero,
480 561 546 590 etin
559 568 640 589 suum
661 559 714 594 ipsi
728 562 810 594 caput
823 557 1003 588 invalescent,
1015 555 1057 583 di-

268 615 372 642 centes,
395 607 469 636 aliud
495 607 605 642 quidem
631 612 692 633 esse
714 603 780 632 illud
807 602 921 630 insitum
949 601 977 629 in
1002 600 1056 628 Deo

268 655 350 682 Patre
367 653 496 685 Verbum,
517 651 592 679 aliud
616 650 698 679 insito
715 650 795 684 longe
819 647 990 676 simillimum
1013 645 1057 673 Fi-

268 699 334 727 lium
347 719 354 730 ,
370 703 396 727 et
410 695 542 729 Verbum,
558 704 606 732 per
623 695 698 730 quod
718 694 789 722 Deus
805 692 897 720 omnia
915 694 1055 727 operatur,

268 749 298 772 ut
311 744 351 772 sic
365 743 484 771 Verbum
500 741 591 773 Verbi,
605 745 633 769 et
648 741 738 775 imago
760 737 899 773 imaginis,
919 740 947 764 et
964 736 1055 771 splen-

267 791 319 818 dor
332 788 488 825 splendoris
508 788 687 823 intelligatur.
712 784 797 818 Quasi
821 791 888 818 οι·εο
912 782 969 817 jam
994 781 1056 809 illos

267 837 351 873 impia
368 837 421 865 ista
435 835 618 872 pradicantes
636 833 755 865 audiret,
773 836 800 859 et
815 830 947 858 adversus
960 829 1057 856 imma-

267 891 330 912 nem
344 882 510 918 scriptorum
525 881 579 916 30
591 880 712 916 ipsorum
730 877 852 905 furorem
870 875 968 902 merito
981 880 1057 900 eom-

267 932 359 955 motus
372 927 471 954 beatus
485 925 669 961 evangelista,
690 927 836 958 postquam
853 920 947 947 multis
964 918 1056 946 verbis

262 972 323 1008 jam
338 971 447 1004 statuit,
461 974 500 1004 et,
528 974 558 997 ut
574 969 702 1000 decebat,
719 966 885 1002 signiﬁcavit
908 971 1005 996 unum,
1024 969 1057 990 ac

266 1018 357 1046 solum
374 1022 401 1045 et
422 1024 517 1044 rerum
532 1017 566 1043 de.
588 1015 656 1048 Deo,
670 1019 698 1042 et
722 1014 750 1042 in
766 1013 821 1041 Deo
837 1017 863 1040 et
881 1011 952 1046 apud
971 1010 1055 1037 Deum

265 1072 328 1093 esse
340 1063 471 1095 Verbum,
489 1063 581 1092 statim
604 1061 687 1089 infert
702 1069 709 1087 :
728 1068 738 1086 ι
762 1058 821 1086 Hoc
835 1061 894 1086 erat
906 1058 934 1084 in
951 1056 1056 1091 princi-

267 1110 313 1145 pio
331 1110 401 1145 apud
415 1109 511 1142 Deum,
524 1117 534 1135 ι
545 1112 574 1136 ιιι
594 1106 681 1134 Filius
699 1105 828 1134 nimirum
848 1103 920 1139 apud
936 1102 1055 1134 Patrem,

266 1161 297 1184 ut
313 1157 448 1190 insitum;
467 1159 498 1183 ut
512 1163 546 1182 ex
560 1153 622 1189 ejus
642 1151 810 1183 substantia,
824 1153 855 1177 ut
869 1148 1056 1183 Unigenitum,

270 1212 279 1229 Ι
298 1202 368 1235 Hoc,
389 1211 401 1228 ι
416 1209 480 1229 cum
506 1207 561 1228 non
588 1199 625 1226 sit
658 1196 822 1226 secundum.
848 1193 902 1222 Sed
925 1193 1056 1229 quoniam

267 1256 360 1284 opera:
382 1248 501 1283 pretium
522 1245 602 1274 nobis
630 1251 692 1272 esse
721 1247 799 1278 puto,
812 1241 861 1277 qui
886 1240 1056 1275 impietatem

268 1293 427 1322 istiusmodi
451 1292 541 1328 palam
565 1291 658 1318 facere
675 1296 818 1320 conamur,
835 1287 936 1315 nudam
961 1292 1057 1314 eorum

265 1346 407 1375 exponere
427 1337 638 1372 blasphemiam,
653 1335 687 1362 ad
705 1333 905 1369 simpliciorum
924 1331 1058 1359 securita-

244 1380 250 1386 ’
266 1389 323 1412 tem
347 1383 472 1419 (cavebit
494 1381 567 1410 enim
584 1380 713 1415 quisquis
725 1379 863 1410 didicerit,
879 1385 911 1404 ac
929 1381 1058 1411 tanquam

266 1433 421 1465 serpentem
431 1428 568 1456 transiliet
580 1427 607 1454 in
619 1426 708 1454 medio
719 1425 848 1452 latentem
858 1422 966 1457 itinere)
989 1421 1059 1448 utili-

266 1481 308 1504 ter
321 1483 417 1504 eorum
429 1475 580 1502 doctrinam
598 1479 747 1508 exponam,
763 1469 889 1505 opposita
907 1467 1056 1495 contraria.

268 1522 315 1550 Sic
329 1522 402 1550 enim
416 1521 547 1554 deinceps
561 1519 607 1546 illa
636 1516 803 1545 refutabitur
827 1514 862 1542 iis
882 1513 972 1553 modis
987 1520 1058 1547 quos

267 1567 350 1595 nobis
367 1568 438 1596 Deus
461 1566 643 1597 concesserit,
668 1563 714 1598 qui
734 1561 865 1589 omnibus
891 1559 1056 1596 sapientiam
1070 1571 1092 1604 ο

267 1613 396 1648 largitur.

444 1695 568 1725 Eunomii
584 1695 672 1731 opinio
689 1694 721 1721 de
736 1692 808 1720 Filio
823 1693 884 1721 Dei.

306 1744 480 1780 Uuigenitus,
496 1742 597 1778 inquit,
612 1741 658 1768 Dei
672 1740 769 1772 Filius,
783 1747 838 1766 non
855 1742 898 1766 est
911 1745 945 1765 ex
957 1744 986 1765 se
1000 1744 1060 1772 pro-

271 1792 329 1827 prie
343 1791 462 1817 \'erbum
478 1789 553 1822 ejus;
571 1786 620 1815 sed
641 1786 780 1813 internum
795 1784 863 1812 illud
880 1782 997 1811 Verbum
1012 1780 1058 1808 Dei

271 1845 302 1865 ac
313 1837 407 1864 Patris
420 1836 448 1863 in
468 1837 530 1870 ipso
546 1837 681 1863 movetur,
694 1836 721 1858 et
740 1834 783 1858 est
799 1837 918 1865 semper.
935 1829 988 1862 Qui
1009 1835 1059 1855 au-

271 1887 325 1909 tem
342 1889 375 1909 ex
394 1882 452 1915 ipso
466 1879 575 1915 genitus
595 1885 658 1905 esse
672 1874 758 1903 Filius
781 1874 895 1907 dicitur,
919 1873 1058 1901 internum

269 1927 330 1962 ejus
345 1926 464 1954 Verbum
480 1923 649 1958 suscipiens,
670 1925 771 1949 cuncta
787 1920 821 1947 ab
838 1927 871 1947 eo
884 1919 999 1947 edoctus
1014 1925 1061 1945 no-

269 1974 319 2004 vit,
336 1977 363 2000 et
380 1971 413 1999 ad
435 1971 495 2006 ejus
512 1967 721 1997 similitudinem
743 1966 862 1994 Verbum
884 1969 927 1993 est
941 1970 969 1993 et
987 1972 1060 1991 nun-

270 2023 399 2053 cupatur.
499 2053 501 2056 γ

305 2064 365 2093 1am
383 2064 417 2091 ad
442 2061 659 2091 conﬁrmandam
687 2067 766 2088 suam
791 2062 822 2086 ut
839 2057 979 2085 existimat
1006 2056 1059 2083 im-

272 2112 413 2147 pietatem,
432 2114 459 2137 et
474 2115 618 2144 perversas
636 2105 788 2135 sententias
803 2102 960 2132 istiusmodi
976 2101 1061 2130 nectit

273 2157 458 2193 syllogismos,
481 2159 522 2186 ut,
549 2151 782 2189 quemadmodum
804 2149 938 2183 scriptum
957 2148 1059 2180 esp",

273 2210 385 2230 suorum
400 2205 574 2236 peccatorum
589 2198 696 2226 catenis
712 2197 796 2224 miser
818 2195 1034 2229 constringatur.

309 2292 339 2320 Si
355 2292 485 2323 Verbum,
501 2290 603 2324 inquit,
617 2289 646 2315 in
666 2288 722 2315 Deo
734 2294 767 2314 ac
784 2285 864 2313 Patre
879 2284 1014 2316 naturale,
1032 2287 1060 2311 et

274 2340 412 2367 internum
437 2342 480 2364 est
505 2337 563 2370 ipse
587 2333 685 2365 Filius,
707 2336 735 2360 el.
756 2330 1002 2359 consubstantialis
1018 2333 1060 2357 est

275 2385 403 2420 genitori,
431 2382 496 2418 quid
519 2382 575 2416 jam
596 2379 723 2415 prohibet
753 2377 904 2413 quominus
936 2375 1057 2404 Verbqu

275 2433 330 2464 sit,
357 2435 385 2458 et
415 2433 526 2457 vocetur
553 2427 653 2457 Pater,
684 2428 779 2460 utpotc
809 2422 1059 2450 consubstantialis

275 2477 386 2506 Verbo?

311 2535 394 2562 lTEM
411 2543 419 2560 ι
437 2533 466 2560 Si
491 2532 609 2560 Verbum
627 2535 670 2559 est
687 2531 733 2557 Dei
751 2538 783 2557 ac
806 2528 896 2556 Patris
912 2527 1013 2559 Filius,
1036 2531 1064 2553 et

277 2585 375 2615 praeter
388 2580 477 2613 ipsum
491 2586 546 2605 non
559 2582 602 2605 est
613 2578 698 2608 aliud,
714 2585 761 2612 per
784 2576 922 2611 quodnam
932 2573 1064 2606 Verbum,

278 2625 377 2660 inquit.
389 2623 469 2651 Pater
486 2623 518 2651 ad
530 2624 618 2658 ipsum
633 2622 726 2650 dicere
742 2621 911 2657 comperitur
926 2629 933 2647 :
949 2629 958 2646 ‹
976 2619 1064 2646 Filius

281 2678 358 2698 meus
372 2678 402 2698 es
423 2674 470 2702 tu;
494 2677 546 2704 ego
571 2669 652 2696 hodie
668 2668 750 2704 genui
763 2672 789 2695 te
801 2668 842 2694 "'2
863 2676 872 2692 ι
891 2666 969 2693 Patet
989 2665 1063 2693 enim

280 2725 335 2744 non
354 2716 458 2751 absque
473 2715 556 2742 verbo
569 2714 678 2741 Patrem
697 2714 732 2741 ad
751 2712 850 2740 Filium
871 2711 958 2739 luisse
986 2711 1063 2737 locu-

279 2769 348 2793 tum.
373 2769 434 2789 cum
458 2761 484 2788 id
504 2768 585 2788 omne
601 2761 674 2795 quod
693 2760 804 2790 dicitur,
823 2759 851 2785 in
866 2757 950 2784 verbo
968 2757 1062 2790 utique

278 2809 397 2839 dicatur,
416 2814 472 2834 non
493 2807 582 2834 aliter.
608 2806 640 2832 Et
655 2806 713 2840 ipse
728 2804 831 2831 alicubi
854 2802 979 2829 Salvator
999 2802 1037 2828 ait
1053 2810 1060 2827 :

334 2898 443 2926 "Prov.
461 2906 497 2929 Ix,
520 2898 541 2924 i.
581 2897 611 2911 “'
624 2896 705 2924 Prov.
720 2903 766 2928 ru,
785 2894 829 2920 ‘22.
870 2894 891 2909 ⁸³
904 2891 975 2920 Psal.
993 2899 1021 2925 ll,
1036 2891 1059 2917 7.

1108 291 1191 318 ματος
1204 283 1244 314 εἰς
1257 281 1307 317 τὴν
1331 281 1386 308 τῶν
1400 280 1535 316 ἐσομένων
1551 279 1651 314 γνῶσιν
1672 277 1890 313 φωαγωγοὺμε-

1106 337 1151 360 νος
1166 327 1216 354 οὐκ
1228 327 1371 363 ἠγνόησεν,
1386 326 1424 358 ὥς
1438 325 1470 360 γέ
1483 334 1527 361 μοι
1539 325 1623 356 δοκεῖ,
1638 325 1685 351 καὶ
1697 323 1735 355 ὡς
1755 323 1829 350 ἔστιν
1852 324 1890 349 ει-

1106 375 1167 401 πεῖν
1180 373 1369 408 ἀληθεύοντας,
1401 372 1442 399 ὅτι
1459 380 1512 408 περ
1530 370 1727 406 ἁναφανοῦνταί
1740 378 1812 401 τινες
1837 370 1890 396 ἀπ-

1105 419 1203 451 ωλείας
1218 419 1342 454 ἐργάται,
1355 417 1477 445 διαδόλου
1491 416 1625 452 θήρατρα,
1639 415 1753 443 θανάτου
1765 415 1888 449 παγιδες,

1106 466 1146 498 εἰς
1161 466 1263 501 ταμεϊα
1277 464 1476 500 καταφέρουσαι
1490 463 1538 490 καὶ
1553 463 1593 494 εἰς
1608 462 1743 498 πέταυρον
1753 462 1815 497 ᾅδου
1826 462 1889 493 τοὺς

1105 511 1135 544 ἐξ
1162 510 1298 546 ἀμαθειας
1325 510 1506 545 προσέχοντας
1527 506 1566 539 οἷς
1585 507 1619 535 ἂν
1640 508 1673 534 ἐκ
1687 507 1798 543 καρδίας
1812 507 1891 542 ὲρεύ-

1105 565 1199 592 γονται
1219 557 1350 591 πονηρᾶς,
1383 555 1570 590 Ἑνστήσονται
1599 553 1625 580 δὲ
1639 574 1647 586 ,
1670 553 1716 579 καὶ
1748 552 1818 579 κατὰ
1839 551 1890 586 τῆς

1106 603 1209 630 ἑαυτῶν
1235 601 1411 637 ἀνδριοῠνται-
1423 600 1544 635 κεφαλῆς
1559 599 1693 633 λέγοντες,
1720 598 1813 634 ἕτερον
1840 598 1890 633 μὲν

1105 646 1175 675 εἶναι
1188 647 1234 675 τὸν
1246 647 1396 674 ἐνδιάθετον
1408 646 1437 672 ὲν
1450 644 1509 680 Θεῷ
1525 645 1614 679 Πατρὶ
1635 643 1733 678 Λόγον,
1754 643 1847 680 ἕτερον
1861 643 1890 670 δέ

1105 701 1167 720 τινα
1186 693 1233 720 καὶ
1261 691 1300 728 τῷ
1318 690 1463 726 ἑνδιαθέτῳ
1485 689 1545 716 λίαν
1568 688 1771 724 ὲμφερέστατόν
1791 696 1821 714 τε
1842 688 1890 714 καὶ

1105 739 1262 774 ὁμοιότατον
1278 737 1323 764 τὸν
1341 737 1404 763 Υἱὸν
1420 736 1468 763 καὶ
1479 735 1573 770 Λόγον,
1588 735 1620 761 δι’
1633 732 1663 762 οὗ
1677 734 1741 766 Θεὸς
1754 734 1789 761 τὰ
1802 734 1891 761 πάντα

1105 784 1252 821 ἐργάζεται
1262 792 1270 800 '
1283 784 1328 811 ῐνα
1340 783 1426 817 Λόγος
1443 782 1530 817 Λόγου
1543 782 1646 817 νοῆται,
1662 780 1805 808 καὶέικὼν
1819 780 1891 807 εἰκό-

1105 839 1169 863 νος,
1198 831 1245 857 καὶ
1265 829 1434 864 ἀπαύγασμα
1459 828 1684 862 ἀπαυγάσματος.
1710 827 1815 862 ’Ὠσπερ
1844 824 1891 853 οὖν

1106 877 1156 912 ἢδη
1179 875 1390 911 δυσφημοῦντων
1412 873 1530 905 ἀκούσας
1553 873 1657 905 αὐτῶν,
1681 873 1729 899 καὶ
1748 873 1816 908 πρὸς
1839 872 1890 904 τὰς

1107 919 1240 951 ἐκτύπους
1254 919 1382 950 ἀπονοίας
1405 918 1459 945 τῶν
1473 918 1539 954 παρ’
1553 918 1645 950 αὐτοῖς
1665 918 1889 953 συγγραμμάτων

1106 965 1224 999 εὐλόγως
1263 964 1442 999 κεκινημένος
1465 963 1480 989 ὁ
1509 964 1643 999 μακάριος
1677 962 1889 998 εὐαγγελιστὴς,

1105 1012 1266 1049 ὁρισάμενος
1277 1011 1327 1047 ήδη
1341 1011 1389 1038 καὶ
1404 1011 1450 1037 διὰ
1462 1010 1578 1042 πολλῶν,
1592 1010 1629 1042 ὡς
1641 1010 1696 1036 ἔδει
1706 1030 1715 1044 ,
1731 1009 1892 1045 κατασημή-

1107 1066 1155 1088 νας
1166 1057 1212 1084 τὸν
1225 1057 1284 1088 ινα,
1304 1057 1352 1083 καὶ
1368 1056 1458 1091 μόνον,
1473 1055 1521 1083 καὶ
1545 1055 1671 1091 ἀληθινὸν
1688 1057 1720 1083 ὲκ
1735 1055 1816 1088 Θεοῦ,
1843 1055 1892 1082 καὶ

1106 1104 1136 1131 ὲν
1151 1103 1222 1139 Θεῷ,
1237 1103 1284 1130 καὶ
1298 1103 1366 1138 πρὸς
1388 1102 1457 1128 Θεὸν
1480 1101 1543 1128 δντα
1559 1102 1656 1136 Λόγον,
1676 1101 1803 1137 ἐπιφέρει
1826 1109 1892 1136 γορ-

1106 1148 1162 1183 γῶς
1178 1157 1185 1164 ·
1204 1157 1214 1174 ι
1228 1145 1312 1180 οὗτος
1328 1145 1362 1182 ἦν
1375 1148 1403 1174 ὲν
1418 1147 1488 1182 ἀρχῇ
1501 1146 1567 1181 πρὸς
1581 1146 1627 1172 τὸν
1646 1146 1722 1178 Θεὸν,
1743 1155 1753 1172 ι
1770 1146 1808 1177 ὡς
1828 1146 1891 1177 Υἱὸς

1106 1194 1205 1229 δηλαδὴ
1225 1193 1292 1229 πρὸς
1313 1193 1358 1220 τὸν
1374 1192 1495 1228 Πατέρα,
1519 1192 1556 1224 ὡς
1571 1191 1701 1228 ἔμφυτος,
1725 1192 1764 1224 ὡς
1788 1192 1821 1218 ὲκ
1840 1192 1891 1226 τῆς

1106 1240 1199 1272 οὐσίας
1214 1239 1306 1272 αὑτοῦ,
1321 1238 1358 1270 ὡς
1378 1239 1532 1273 Μονογενής
1546 1245 1553 1253 -
1579 1247 1589 1263 ι
1605 1235 1698 1270 Οὗτος,
1715 1247 1724 1264 ι
1746 1238 1796 1264 οὒκ
1814 1237 1892 1269 ὄντος

1106 1286 1244 1321 δευτέρου.
1276 1284 1383 1320 Ἐπειδὴ
1407 1284 1436 1311 δὲ
1454 1284 1603 1320 προσήκειν
1620 1283 1738 1319 ἡγοῦμαι
1765 1283 1800 1310 τὰ
1827 1283 1892 1318 περὶ

1107 1333 1155 1367 τῆς
1173 1331 1299 1366 τοιαύτης
1318 1330 1475 1362 δυσσεϐείας
1498 1329 1653 1365 ἐξηγεῖσθαι
1682 1329 1892 1361 σπουδάζοντας,

1107 1377 1276 1413 γυμνοσέραν
1290 1377 1378 1404 αὐτῶν
1394 1376 1563 1410 καταστῆσαι
1588 1375 1638 1410 τῆν
1658 1374 1824 1410 δυσφημίαν,
1847 1374 1893 1401 διὰ

1106 1423 1156 1459 τὴν
1166 1423 1219 1450 τῶν
1233 1423 1431 1458 ἀκεραιοτέρων
1444 1422 1592 1457 ἀσφάλειαν
1610 1430 1618 1437 ο
1645 1422 1790 1456 φυλάξεται
1805 1422 1860 1456 γὰρ
1878 1422 1893 1448 6

1109 1469 1217 1507 μαθὼνὶ
1229 1469 1277 1496 καὶ
1286 1468 1323 1500 ὡς
1338 1468 1398 1502 ὅφιν
1422 1467 1608 1503 ὺπεραλείται,
1632 1467 1702 1494 κατὰ
1716 1467 1801 1502 μέσην
1829 1467 1894 1494 λαν-

1108 1515 1222 1542 θάνοντα
1244 1514 1293 1550 τὴν
1318 1513 1393 1540 ὁδόν·
1430 1512 1583 1546 ἀναγκαίως
1620 1512 1704 1546 αὐτὴν
1730 1512 1892 1548 ἐκθήσομαι,

1108 1560 1158 1596 τὴν
1170 1559 1292 1592 ἐκείνοιν,
1314 1559 1352 1590 ὡς
1375 1558 1404 1585 ὲν
1418 1557 1579 1589 ἀντιθέσεως
1591 1557 1719 1592 σχήματι.
1737 1557 1821 1584 Λάϐοι
1838 1557 1893 1592 γὰρ

1109 1606 1142 1633 ἂν
1156 1605 1227 1632 οὕτω
1242 1605 1291 1636 τὰς
1304 1604 1394 1636 λύσεις
1408 1603 1517 1639 ἐφεξῆς,
1533 1603 1594 1630 καθ’
1617 1603 1718 1638 οὖς-περ
1731 1603 1764 1630 ἂν
1786 1602 1893 1630 ἐπιδοίη

1107 1651 1225 1685 τρόπους
1240 1651 1255 1677 ό
1275 1650 1365 1677 πάντα
1393 1650 1483 1684 σοιρῶν
1500 1649 1576 1681 Θεὸς.

1181 1696 1328 1732 Εὐνομιου
1342 1695 1417 1728 δόξα
1430 1695 1497 1729 περὶ
1516 1695 1570 1722 τοῦ
1585 1694 1654 1722 Υἰοῦ
1674 1694 1727 1721 τοῦ
1738 1693 1822 1721 Θεοῦ.

1154 1744 1183 1772 '0
1195 1742 1361 1778 Μονογενὴς,
1387 1743 1464 1778 φησὶ,
1481 1742 1528 1769 τοῦ
1554 1741 1621 1768 Θεοῦ
1646 1741 1719 1774 Υἱὸς,
1742 1741 1793 1767 οὐκ
1818 1740 1894 1767 ἐστιν

1109 1790 1276 1826 αὖτοκυρίως
1292 1791 1306 1817 ὁ
1325 1789 1411 1824 Λόγος
1440 1789 1521 1816 αὐτοῦ
1536 1798 1545 1806 ·
1565 1789 1622 1816 ἀλλ’
1641 1791 1656 1816 ό
1671 1789 1719 1824 μὲν
1744 1787 1894 1819 ἐνδιάθετος

1109 1835 1195 1869 Λόγος
1209 1834 1255 1861 τοῦ
1269 1833 1338 1861 Θεοῦ
1361 1834 1408 1860 καὶ
1419 1833 1525 1869 Πατρὸς
1544 1834 1574 1860 ὲν
1598 1833 1671 1869 αὐτῷ
1694 1834 1818 1866 κινεῖται,
1845 1833 1894 1859 καὶ

1110 1880 1183 1907 ἐστιν
1196 1880 1239 1907 ἀεί
1251 1887 1258 1895 ·
1273 1881 1288 1906 ό
1297 1879 1326 1907 δὲ
1338 1879 1368 1912 ἐξ
1377 1879 1458 1906 αὑτοῦ
1471 1879 1632 1914 γεννηθῆναι
1647 1879 1791 1914 λεγόμενος
1815 1878 1891 1910 Υἱὸς,

1108 1926 1155 1952 τὸν
1167 1925 1318 1953 ἐνδιάθετον
1336 1924 1418 1952 αὐτοῦ
1440 1925 1524 1959 Λόγον
1538 1925 1692 1960 δεχόμενος,
1703 1925 1791 1951 πάντα
1805 1932 1834 1950 τε
1854 1921 1893 1949 οϊ-

1109 1972 1153 1998 δεν
1171 1971 1308 2007 ἐκμαθὼν,
1328 1972 1375 1998 καὶ
1396 1971 1457 1998 καθ’
1482 1970 1628 2006 ὁμοιότητα
1653 1969 1702 2006 τὴν
1721 1970 1827 1997 ἐκείνου
1841 1969 1893 1996 Δό-

1109 2026 1156 2052 γος
1167 2017 1299 2048 καλεῖται,
1313 2016 1360 2042 καὶ
1372 2015 1456 2042 ἔστιν.

1147 2060 1213 2089 Εἶτα
1229 2061 1297 2097 πρὸς
1311 2061 1468 2096 βεϐαίωσιν,
1478 2060 1516 2092 ὡς
1538 2060 1633 2092 οἴεται,
1647 2061 1697 2095 τῆς
1716 2059 1813 2087 ἑαυτοῦ
1830 2060 1894 2086 δυσ-

1111 2107 1227 2139 σεδείας,
1241 2106 1288 2134 καὶ
1311 2105 1364 2133 τῶν
1387 2105 1609 2141 διεστραμμένων
1627 2105 1734 2132 ἐννοιῶν
1757 2106 1893 2138 τοιούτους

1110 2151 1186 2182 τινὰς
1200 2151 1346 2178 ὰναπλέκει
1370 2151 1566 2186 συλλογισμοὺς
1580 2171 1587 2183 ,
1608 2152 1650 2178 ἵνα
1663 2172 1670 2184 ,
1695 2151 1766 2178 καθὰ
1791 2151 1893 2186 γέγρα-

1110 2206 1186 2229 πται,
1199 2198 1258 2228 ταῖς
1270 2197 1324 2224 τῶν
1344 2197 1451 2224 οἰκείων
1467 2197 1670 2233 ἁμαρτημάτων
1695 2198 1798 2232 σειραῖς
1814 2197 1828 2222 ὸ
1839 2196 1893 2223 δεί-

1075 2241 1098 2268 D
1111 2243 1183 2274 λαιος
1197 2243 1425 2277 κατασφίγγηται.

1146 2289 1177 2315 Εἰ
1191 2290 1204 2315 ό
1214 2289 1308 2322 Λόγος,
1322 2289 1414 2324 φησὶν,
1430 2290 1459 2315 ὲν
1471 2289 1510 2323 τῷ
1521 2288 1579 2324 Θεῷ
1599 2289 1645 2315 καὶ
1669 2289 1756 2324 Harp).
1780 2289 1894 2323 φυσικός

1110 2343 1139 2362 τε
1155 2335 1201 2361 καὶ
1216 2334 1366 2366 ἐνδιάθετος
1384 2334 1463 2366 αὐτός
1486 2336 1560 2361 ἐστιν
1576 2335 1591 2360 ὸ
1606 2335 1680 2366 Υἱὸς,
1704 2335 1762 2361 ἐστι
1779 2335 1808 2361 δὲ
1831 2336 1895 2370 ὁμο-

1111 2381 1200 2411 οὑσιος
1214 2380 1252 2415 τῷ
1266 2381 1436 2416 γεννήσαντι,
1450 2380 1478 2406 τι
1492 2381 1523 2406 τὸ
1537 2380 1639 2407 χωλὺον
1657 2380 1697 2407 ἔτι
1718 2381 1804 2415 Λόγον
1825 2379 1896 2408 εἶναι

1111 2436 1142 2454 τε
1169 2427 1215 2454 καὶ
1226 2427 1364 2454 καλεῖσθαι
1379 2426 1425 2453 τὸν
1445 2427 1562 2462 Πατέρα,
1582 2426 1620 2459 ὡς
1639 2427 1779 2462 ὁμοούσιον
1796 2427 1896 2462 Αόγῳ;

1149 2527 1209 2552 ΚΑΙ
1229 2526 1335 2552 ΠΛΛΙΝ
1348 2535 1354 2540 -
1371 2526 1403 2552 Et
1419 2526 1433 2551 ὁ
1451 2526 1535 2559 Λόγος
1547 2526 1605 2552 ἐστὶ
1620 2526 1666 2554 τοῦ
1681 2526 1748 2553 Θεοῦ
1768 2526 1815 2553 καὶ
1840 2527 1896 2552 Πα-

1113 2571 1176 2606 τρὸς
1191 2572 1204 2597 ὁ
1221 2571 1294 2604 Υἱὸς,
1320 2571 1366 2598 καὶ
1381 2570 1446 2606 παρ’
1464 2571 1545 2597 αὑτὸν
1557 2571 1608 2598 οὐκ
1623 2571 1697 2598 ἔστιν
1716 2571 1825 2606 ἕτερος·
1853 2571 1898 2598 διὰ

1113 2617 1190 2643 ποίου
1203 2616 1302 2650 Λόγου,
1321 2616 1436 2651 φησὶν,ὸ
1454 2615 1549 2651 Πατὴρ
1563 2616 1631 2651 πρὸς
1644 2616 1725 2643 αὑτὸν
1742 2616 1898 2651 εὑρίσκεται

1110 2663 1197 2697 λέγων
1210 2670 1217 2677 ·
1242 2672 1251 2688 ι
1274 2662 1338 2693 Υἱός
1351 2670 1403 2697 μου
1416 2659 1442 2688 εἴ
1458 2662 1490 2688 σύ
1507 2671 1514 2677 ·
1530 2662 1585 2696 ἐγὼ
1611 2662 1731 2697 σήμερον
1745 2661 1899 2696 γεγέννηκά

1112 2717 1141 2734 σε
1157 2717 1163 2742 ;
1185 2718 1193 2734 ι
1211 2707 1342 2744 πρόδηλον
1361 2708 1415 2743 γὰρ
1431 2708 1468 2739 ὡς
1485 2708 1516 2734 οὐ
1534 2707 1594 2742 δίχα
1609 2708 1688 2742 λόγου
1701 2708 1750 2739 τὰς
1770 2707 1838 2742 πρὸς
1852 2706 1898 2733 a6-

1116 2755 1161 2781 τὸν
1179 2754 1308 2786 διαλέξεις
1322 2753 1440 2789 ὁΠατὴρ
1457 2754 1612 2789 ἐποιήσατο,
1637 2754 1698 2779 ἐπεὶ
1717 2753 1771 2779 πᾶν
1800 2753 1831 2779 τὸ
1853 2753 1899 2778 λα-

1117 2800 1244 2836 λούμενον
1270 2801 1298 2827 ὲν
1319 2800 1390 2834 λόγῳ
1419 2799 1517 2830 παντὸς
1546 2798 1605 2834 [ἴσ.
1627 2798 1752 2834 πάντως]
1768 2798 1899 2830 λαλεῖται,
