2030 3122
167 199 202 227 57
679 191 714 220 IN
729 191 874 220 JOANNIS
896 191 1119 219 EVANGELIUH
1141 190 1205 219 LIB.
1227 191 1247 218 Ι.
1763 190 1800 219 58

167 257 215 285 καὶ
222 257 272 292 οὐχ
279 255 390 292 ἑτέρως.
396 254 452 282 Καὶ
458 253 538 285 αὐτὸς
545 253 572 279 δέ
582 252 632 279 πού
643 261 679 288 φη
684 261 725 279 σιν
734 253 748 279 6
757 252 862 288 Σωτὴρ,
869 261 878 277 1
885 252 936 278 '0:
942 261 950 277 :

1009 259 1018 275 ι
1036 250 1104 283 Quia
1124 249 1185 277 novi
1204 249 1322 282 Patrem,
1342 253 1368 276 et
1385 249 1497 276 verbum
1511 247 1572 282 ejus
1595 255 1676 276 servo
1687 247 1720 275 ".
1741 257 1750 274 ι
1768 247 1799 275 ει

166 301 227 330 οἶδα
237 302 284 329 τὸν
296 301 417 337 Πατέρα,
426 299 472 326 καὶ
484 299 530 326 τὸν
537 297 616 332 λόγον
628 297 711 324 αὑτοῦ
719 296 806 332 τηρῶ.
817 306 826 322 ι
840 296 896 323 Καὶ
911 296 961 323 πά-

167 350 210 376 λιν
223 357 231 364 ⁸
254 357 263 374 1
276 348 312 374 "0
324 347 402 381 λόγος
415 345 444 372 ὃν
456 344 580 377 ἀκούετε,
594 342 732 370 οὺκιέστιν
747 342 823 378 ἐμὸς,
835 341 903 370 ἀλλὰ
913 341 960 368 τοῦ

168 392 327 429 πέμψαντός
342 400 386 427 με.
399 399 410 416 ι
426 390 490 417 Ὀτε
498 388 588 416 τοίνυν
594 389 622 414 ὲν
630 387 702 422 λόγῳ
710 387 760 422 μὲν
769 388 783 413 6
790 386 885 422 Πατὴρ
892 385 960 422 πρὸς

169 439 251 467 αὐτὸν
266 437 429 472 διαλέγεται,
459 434 635 470 συνομολογεί
660 433 689 460 δὲ
708 433 756 460 καὶ
778 432 869 466 αὐτὸς,
895 432 959 458 ποτὲ

170 485 221 519 μὲν
239 485 280 511 ὅτι
293 484 372 519 τηρεῖ
388 483 433 510 τὸν
444 481 523 516 λόγον
533 480 580 507 τοῦ
593 479 700 516 Πατρδς
713 500 721 512 ,
735 479 802 506 ποτὲ
818 479 847 505 δὲ
866 478 958 511 πάλιν,

168 531 207 563 ὡς
221 531 252 557 οὐ
266 529 312 556 τὸν
332 528 413 556 αὐτοῦ
427 527 516 562 λόγον,
533 526 602 553 ἀλλὰ
616 526 661 553 τὸν
669 525 717 552 τοῦ
737 524 846 561 Πατρὺς
860 524 959 559 ἤκουον

168 576 194 602 οἱ
220 575 340 602 Ἰουδαῖοι
355 581 363 589 ”
380 573 439 605 πῶς
456 573 507 599 οὐκ
521 572 554 599 ἂν
567 571 622 607 εἴη,
646 570 728 606 φησὶν
742 591 750 604 ,
765 570 960 601 ἀνενδοιάστως

169 620 398 656 ὁμολογούμενον,
407 617 444 651 ὼς
455 618 547 655 ἕτερός
556 617 629 644 ἐστιν
637 618 651 645 6
660 615 724 649 Υίδς
732 616 795 652 περὶ
802 616 859 653 [Ian
871 615 957 652 παρὰ]

168 666 216 692 τὸν
234 666 395 697 ἐνδιάθετον,
409 664 470 700 ἢτοι
485 663 531 690 τὸν
549 663 578 690 ὲν
591 662 718 698 γεννήσει
739 664 891 698 νοηματικῇ
905 662 958 689 Λό-

170 720 228 747 τον,
240 709 270 740 οὗ
292 711 413 746 μετέχων
429 709 477 737 καὶ
494 709 738 744 ἀναπιμπλάμενος
759 708 881 735 καλεῖται
904 708 958 735 Δό-

168 766 218 793 γος
233 759 248 785 6
262 756 440 793 προφορικὸς,
452 756 499 784 καὶ
508 756 557 791 τῆς
568 755 615 783 τοῦ
626 756 734 791 Πατρδς
747 755 840 788 οὐσίας
856 755 955 789 ἐκφαν-

168 803 255 836 τικδς,
274 802 346 829 τοῦτ’
364 802 448 835 ἐστιν,
458 803 472 829 6
484 801 564 836 Υίός;
580 800 698 828 Τοιαῦτα
719 800 768 836 μὲν
786 799 832 828 οὖν
847 801 861 827 6
873 800 957 835 παρά-

169 857 247 884 φρων
270 847 358 884 ἑαυτῷ
378 847 493 883 συνείρει
515 846 597 879 κακὰ,
621 846 668 874 καὶ
692 846 794 878 πάσαις
811 846 879 882 ὁμοῦ
896 847 957 878 ταῖς

169 893 256 925 θείαις
277 894 399 929 Γραφαίς
422 892 580 927 ἀντιφωνῶν
600 892 650 918 οὐκ
673 892 842 926 αἰσχύνεται,
865 891 896 918 1:6
909 900 956 926 γε-

169 938 329 973 γραμμένον
349 938 391 972 ἐφ’
420 937 510 973 ἑαυτῷ
539 937 668 964 δεικνύων
693 937 802 972 ἀληθές
835 946 844 963 1
873 936 958 964 Ὅταν

169 984 235 1020 ἱλθῃ
244 983 342 1019 ἀσεϐὴς
354 983 393 1014 είς
402 982 483 1018 βάθος
495 982 599 1015 κακῶν,
611 983 776 1018 καταφρονεῖ
787 991 792 996 “
806 991 816 1009 ι
826 982 893 1009 Λίαν
905 982 960 1018 γὰρ

168 1029 255 1062 ὗντως
285 1028 414 1056 ἐϐάθυνεν
440 1028 480 1060 είς
502 1028 626 1056 κάκωσιν
652 1027 681 1060 ἐξ
704 1027 798 1059 ἀνοίας
821 1027 836 1054 6
859 1027 960 1062 θεομά-

169 1084 236 1111 χος,
266 1074 298 1101 τὸ
328 1074 376 1109 μὲν
400 1074 430 1106 ἐξ
452 1074 579 1109 ἀληθείας
600 1073 745 1109 ὀρθοῦσθαι
776 1072 961 1109 παραιτούμε-

169 1129 233 1152 νος.
251 1122 285 1157 τῇ
306 1120 335 1148 δὲ
358 1120 504 1157 σαθρότητι
530 1119 584 1147 τῶν
604 1119 713 1146 οἰκείων
739 1118 862 1151 ὀκλάζων
884 1119 960 1153 λογι-

170 1165 257 1201 σμῶν·
270 1165 312 1193 ὅτι
331 1166 385 1201 γὰρ
406 1163 553 1201 μονογενὴς
566 1163 612 1190 τοῦ
626 1163 693 1190 Θεοῦ
705 1163 752 1190 καὶ
770 1163 878 1198 Πατρδς
896 1163 961 1195 Υἱὸς

170 1211 340 1246 αὖτοκυρίως
354 1210 429 1237 ἐστὶν
445 1210 459 1236 6
474 1209 560 1244 Λόγος
576 1209 669 1242 αὑτοῦ,
683 1208 727 1236 διὰ
740 1209 794 1235 τῶν
810 1209 958 1243 ὑποτεταγξ

171 1256 261 1292 μένων
275 1256 413 1292 εἰσόμεθα.

235 1300 330 1332 Λύσις
343 1298 456 1334 ἐφεξῆς
469 1298 526 1333 τῆς
548 1298 700 1333 Εὐνομιου
715 1299 907 1334 κακοδοξίας.

211 1345 358 1380 Δυσμαθὴς
379 1346 394 1372 6
420 1344 575 1380 παράφρων
601 1344 748 1380 αἱρετικός.
767 1344 829 1376 Πῶς
851 1345 906 1381 γὰρ
928 1345 961 1372 ἂν

172 1391 242 1423 ὅλως
260 1391 300 1423 εἰς
312 1391 474 1425 κακότεχνον
485 1390 574 1426 ψυχὴν
590 1390 705 1417 εἰσέλθοι
720 1390 821 1425 σοφία;
837 1390 853 1427 ἢ
871 1391 961 1418 τίτῶν

169 1437 298 1464 τοιούτων
321 1437 420 1471 γένοιτ’
436 1436 481 1468 ἂν,
506 1437 566 1463 είπὲ
583 1445 640 1472 μοι,
661 1436 918 1472 κακοτεχνέστερον,
936 1438 963 1464 οἵ

169 1491 202 1517 γε
215 1483 284 1510 κατὰ
298 1483 328 1510 τὸ
342 1483 544 1518 γεγραμμένον,
564 1482 618 1509 ἀπὸ
635 1482 685 1518 μὲν
697 1482 747 1517 τῆς
760 1482 890 1518 ἀληθείας
911 1483 960 1519 τὴν

170 1529 255 1565 ἀκοὴν
266 1528 495 1565 ἀποστρέφουσιν,
506 1529 553 1555 ἐπὶ
571 1527 600 1555 δὲ
610 1528 673 1560 τοὺς
681 1527 782 1563 μύθους
788 1529 843 1556 τῶν
853 1530 961 1557 οἰκείων

168 1575 357 1612 διανοημάτων
376 1575 570 1611 εὐπετέστερον
584 1575 736 1610 τρέχουσιν,
748 1574 792 1602 ἵνα
806 1575 838 1611 δὴ
862 1576 910 1603 καὶ
922 1576 960 1603 δι-
973 1592 994 1620 c

169 1623 256 1654 καίως
267 1622 423 1654 ἀκούσειαν,
439 1621 469 1648 οὗ
486 1621 520 1648 τὰ
534 1622 566 1648 ὲκ
580 1621 630 1656 τῆς
644 1621 718 1653 θείας
730 1621 873 1654 λαλοῦντες
887 1622 959 1658 Γρα-

170 1668 223 1703 φῆς
237 1675 244 1683 ·
263 1676 273 1693 1
291 1667 358 1694 Οὐαὶ
370 1667 395 1694 οἱ
409 1666 626 1703 προφητεύοντες
647 1666 701 1693 ἀπὸ
718 1667 832 1702 καρδίας
857 1668 958 1700 αὐτῶν,

169 1714 217 1740 καὶ
228 1713 278 1740 οὐκ
288 1713 340 1740 611:6
350 1713 482 1748 στόματος
490 1704 605 1747 Κυρίου.
613 1721 622 1737 ι
636 1711 687 1743 Τίς
699 1711 753 1747 γὰρ
764 1712 817 1739 ἀπὸ
828 1712 960 1748 στόματος

169 1759 272 1795 Κυρίου
290 1758 389 1791 λαλῶν,
411 1757 485 1791 λέγει
502 1757 625 1792 ἀνάθεμα
653 1757 778 1793 Ἰησοῦν;
807 1759 839 1785 Ὂ
860 1758 892 1793 δὴ
913 1759 960 1785 καὶ

169 1805 277 1832 ποιοῦσι
297 1813 370 1836 τινες
390 1804 444 1831 τῶν
470 1803 518 1839 τῆς
534 1802 676 1835 εὐσεϐείας
698 1803 843 1838 δογμάτων
863 1804 960 1840 ἀνέδην

168 1851 451 1886 κατασοϐαρευόμενοι
462 1869 470 1882 ,
486 1849 532 1876 καὶ
546 1849 671 1884 καθάπερ
686 1849 737 1885 ἔφη
748 1858 790 1882 τις
807 1849 861 1876 τῶν
874 1850 960 1884 ἁγίων

169 1896 328 1933 προφητῶν,
341 1895 429 1922 πάντα
438 1895 472 1922 τὰ
486 1894 554 1930 ὀρθὰ
566 1893 772 1929 διαστρέφοντες
790 1903 797 1909 ·
812 1894 879 1928 φασὶ
893 1894 959 1930 γὰρ,

172 1946 266 1980 ἕτερον
283 1945 332 1980 μὲν
353 1941 422 1970 εἶναι
445 1942 490 1969 τὸν
507 1941 621 1977 φυσικὸν
641 1941 689 1968 καὶ
703 1941 853 1968 ἐνδιάθετον
873 1943 902 1969 ὲν
919 1943 959 1978 τῷ

168 1990 229 2025 Θεῷ
254 1989 303 2016 καὶ
318 1988 406 2024 Πατρὶ
419 1987 620 2022 Λόγον-ιὲτερον
637 1986 666 2013 δὲ
684 1984 717 2013 αὖ
732 1986 814 2013 πάλιν
828 1986 874 2014 τὸν
892 1986 959 2014 divo-

174 2036 314 2071 μασμένον
330 2035 395 2062 Υίὸν
417 2034 465 2061 καὶ
481 2034 578 2068 Λόγον·
590 2032 638 2060 καὶ
651 2033 763 2069 φέρουσι
774 2032 843 2068 πρὸς
852 2033 960 2060 ἀπόδει-

169 2081 210 2113 ξιν
223 2081 272 2116 τῆς
284 2079 397 2110 ἑαυτῶν,
413 2079 452 2110 ὡς
466 2079 579 2109 οἴονται,
597 2077 688 2112 δόξης,
702 2077 802 2113 μᾶλλον
816 2076 844 2104 δὲ
863 2077 958 2112 ἀχαλι-

168 2135 214 2152 νου
227 2124 396 2156 δυσσεῦείας,
409 2123 522 2158 λέγοντα
530 2123 574 2149 τὸν
587 2122 690 2158 Κύριον
702 2122 781 2158 ἡμῶν
799 2122 902 2156 Ἰησοῦν
913 2123 959 2150 τὸν

170 2171 287 2208 Χριττὸν
300 2171 329 2197 ἐν
340 2171 400 2201 ταῖς
413 2169 482 2206 1:96;
499 2168 642 2200 Ἰουδαίους
653 2168 773 2204 ὁμιλίαις
783 2188 791 2200 ,
812 2168 852 2195 ὅτι
873 2177 882 2193 ι
893 2166 958 2195 Οἶδα

168 2217 214 2243 τὸν
225 2216 344 2251 Πατέρα,
362 2214 409 2241 καὶ
420 2213 466 2241 τὸν
481 2213 560 2247 λόγον
569 2212 652 2239 αὑτοῦ
666 2212 742 2248 τηρῶ
753 2220 760 2227 ·
771 2221 781 2238 ι
799 2211 866 2248 πρὸς
879 2212 908 2239 δέ
925 2221 957 2246 γε

1011 303 1129 322 rursus:
1161 303 1170 320 1
1191 292 1311 321 Verbum
1333 293 1405 328 quod
1429 293 1532 320 auditis
1558 297 1671 320 nonest
1690 301 1798 327 meum,

1010 341 1057 367 sed
1070 340 1133 375 ejus
1157 340 1203 375 qui
1223 339 1298 367 misit
1317 347 1360 366 me
1378 339 1412 365 ".
1434 349 1442 364 ι
1469 338 1537 366 Cum
1552 338 1636 373 igitur
1663 339 1691 365 in
1715 339 1800 366 verbo

1010 385 1120 420 quidem
1139 384 1220 412 Pater
1239 384 1274 411 ad
1296 384 1385 419 ipsum
1408 384 1547 418 loquatur,
1564 383 1701 418 simulque
1713 382 1806 411 conti;

1010 434 1103 458 teatur
1118 429 1185 465 ipse,
1199 429 1337 457 interdum
1354 428 1463 463 quidem
1477 435 1506 454 se
1521 427 1609 455 Patris
1621 428 1672 463 31
1688 436 1800 456 servare

1009 477 1136 510 verbum,
1160 476 1299 504 interdum
1317 483 1382 503 vero
1397 473 1506 501 Judaaos
1525 481 1576 500 non
1598 474 1695 501 audire
1716 482 1798 501 suum

1010 523 1136 555 verbum,
1149 522 1197 550 sed
1211 522 1286 556 '_illud
1305 521 1395 548 Patris
1412 529 1418 547 :
1448 518 1586 554 quomodo
1613 527 1667 546 non
1694 519 1799 554 liquido

1010 567 1146 597 constabit
1165 568 1235 603 apud
1250 575 1347 603 omnes
1371 566 1454 593 alium
1474 573 1536 593 esse
1555 565 1653 592 Filium
1677 573 1691 591 a
1715 565 1798 592 verbo

1010 615 1103 646 insito,
1122 617 1169 641 aut
1189 613 1216 640 in
1231 601 1321 640 ηιεηια
1342 615 1474 647 concepto
1487 631 1495 644 ,
1521 612 1600 645 cuius
1627 618 1689 637 cum
1716 610 1800 645 parti-

1008 668 1073 696 ceps
1097 663 1124 688 et
1148 660 1246 695 plenus
1271 659 1307 687 sit
1333 658 1431 690 Filius,
1455 657 1573 685 Verbum
1596 657 1798 684 enuntiativum

1009 706 1175 742 appellatur,
1192 709 1219 733 et
1233 704 1396 732 substantia:
1413 703 1504 730 Patris
1523 701 1723 737 expressivum.
1742 700 1799 726 Hn-

1005 752 1126 788 jusmodi
1143 752 1214 778 mala
1232 751 1284 778 sibi
1299 750 1412 778 demens
1427 749 1474 776 ille
1485 748 1618 779 contexit,
1630 752 1658 774 et
1670 746 1799 774 omnibus

1007 798 1090 826 simul
1103 797 1256 832 Scripturis
1280 796 1382 824 divinis
1396 795 1547 823 reclamare
1559 801 1613 821 non
1635 797 1757 825 veretur,
1771 793 1798 818 in

1007 847 1098 882 seipso
1120 853 1216 874 verum
1239 852 1302 873 esse
1325 843 1445 879 probans
1468 843 1542 878 quod
1572 841 1707 878 scriptum
1733 843 1797 869 est:

1011 902 1020 919 1
1039 892 1106 919 Cum
1118 891 1222 919 venerit
1233 890 1336 925 impius
1348 889 1376 916 in
1390 888 1557 924 profundum
1573 888 1719 920 malorum,
1730 895 1797 916 con-

1012 938 1109 966 temnit
1127 937 1162 964 “.
1182 946 1192 963 ι
1211 936 1360 964 Verissime
1382 935 1454 962 enim
1477 935 1606 962 detrusus
1624 939 1667 962 est
1681 935 1707 961 in
1734 942 1798 970 pro-

1013 986 1125 1013 fundum
1146 983 1258 1011 malitiae
1272 991 1328 1018 pra:
1342 989 1392 1010 sua
1411 981 1547 1009 dementia
1564 979 1610 1008 Dei
1631 980 1731 1012 hostis,
1748 987 1799 1007 nec

1010 1033 1079 1068 erigi
1108 1039 1137 1059 se
1159 1030 1274 1058 veritate
1297 1029 1412 1064 patitur,
1437 1027 1483 1055 sed
1506 1027 1667 1062 opinionum
1684 1034 1797 1054 suarum

1011 1079 1085 1106 carie
1100 1085 1132 1104 ac
1146 1077 1199 1104 situ
1220 1075 1345 1103 labascit.
1359 1073 1534 1109 Unigenitum
1550 1073 1623 1099 enim
1640 1072 1685 1099 Dei
1701 1080 1733 1099 ac
1744 1071 1798 1099 Pa-

1010 1125 1061 1152 tris
1072 1124 1171 1151 Filium
1185 1131 1218 1150 ex
1234 1130 1264 1150 se
1276 1120 1385 1156 proprie
1400 1120 1460 1156 ejus
1476 1127 1537 1147 esse
1550 1118 1682 1151 Verbum,
1700 1126 1731 1146 ex
1751 1126 1797 1146 se-

1011 1170 1159 1207 quentibus
1171 1175 1365 1204 agnosccmus.

1205 1288 1339 1324 Refulatio
1354 1286 1451 1314 erroris
1465 1285 1601 1312 Eunomii.

1046 1336 1174 1365 Hebeseit
1192 1335 1305 1362 demens
1330 1333 1489 1360 hwreticus.
1518 1330 1660 1364 Quomodo
1680 1330 1752 1357 enim
1769 1329 1795 1357 in

1011 1384 1160 1418 malignam
1176 1381 1296 1408 animam
1313 1378 1452 1406 introierit
1479 1377 1640 1412 sapientia?
1664 1380 1710 1403 aut
1732 1376 1796 1410 quid

1010 1438 1072 1458 esse
1093 1431 1200 1464 potest,
1219 1433 1323 1461 quaeso,
1343 1425 1387 1452 bis
1412 1423 1578 1459 malignius,
1597 1423 1661 1458 qui,
1680 1426 1709 1448 ut
1728 1422 1798 1449 scri-

1011 1475 1136 1509 ptumest
1143 1473 1209 1504 °°',a
1221 1471 1335 1498 veritate
1346 1469 1470 1496 auditum
1488 1471 1628 1500 avertunt,
1639 1467 1673 1494 ad
1689 1467 1798 1494 fabulas

1011 1524 1102 1548 autem
1122 1517 1323 1554 cogitationum
1342 1522 1454 1543 suarum
1473 1514 1566 1542 statim
1585 1517 1795 1545 convertuntur,

1011 1569 1042 1592 ut
1066 1568 1093 1592 et
1120 1562 1219 1591 merito
1243 1561 1379 1588 audiant:
1396 1569 1405 1586 1
1422 1559 1468 1587 Var
1497 1560 1544 1594 qui
1573 1559 1736 1594 propltctant
1764 1559 1799 1587 de

1011 1608 1094 1636 corde
1109 1615 1176 1640 suo,
1194 1610 1221 1634 et
1238 1614 1295 1633 non
1315 1613 1348 1633 ex
1368 1613 1417 1633 ore
1439 1604 1546 1632 Domini
1562 1605 1596 1635 ⁶⁷,.
1614 1614 1623 1630 ι
1638 1604 1706 1637 Quis
1724 1604 1797 1632 enim

1010 1655 1045 1683 ab
1062 1662 1110 1682 ore
1132 1652 1239 1682 Domini
1266 1652 1385 1687 loquens
1413 1651 1481 1678 dicit
1504 1651 1651 1678 anathema
1676 1650 1741 1678 Jesu
1757 1650 1798 1677 “'2

1009 1701 1088 1735 Quod
1104 1699 1230 1728 nonnulli
1247 1703 1322 1727 certe
1341 1698 1457 1729 faciunt,
1470 1697 1581 1732 pietatis
1596 1696 1725 1732 dogmata
1745 1697 1800 1723 im-

1010 1749 1144 1784 pudenter
1160 1746 1358 1783 proculcantes
1370 1764 1377 1777 ,
1393 1749 1420 1771 et
1435 1743 1509 1772 sicut
1527 1743 1721 1778 prophetarutn
1735 1751 1799 1770 san-

1010 1798 1117 1820 ctorum
1135 1799 1207 1819 unus
1230 1791 1315 1823 dixit,
1344 1789 1437 1818 omnia
1463 1792 1537 1816 recta
1561 1791 1747 1823 pervertentes
1763 1788 1798 1816 ".

1010 1840 1093 1866 Aiunt
1109 1839 1182 1866 enim
1200 1837 1273 1864 aliud
1291 1843 1353 1864 esse
1371 1835 1497 1863 naturale
1512 1838 1540 1862 et
1558 1834 1673 1862 insitum
1697 1833 1751 1861 Deo
1767 1841 1799 1861 ac

1009 1883 1083 1911 Patri
1105 1884 1220 1911 verbum
1232 1904 1239 1916 ,
1259 1882 1334 1910 aliud
1351 1889 1451 1909 rursus
1468 1882 1517 1916 qui
1541 1881 1648 1908 dicitur
1665 1880 1754 1908 Filius
1772 1885 1799 1908 et

1011 1929 1144 1956 Verbum.
1162 1929 1195 1955 Et
1214 1928 1247 1954 ad
1265 1927 1444 1955 asserendum
1461 1934 1556 1959 suam,
1575 1921 1797 1958 ut’existimant,

1010 1973 1186 2005 sententiam,
1205 1973 1261 2000 imo
1288 1979 1355 2000 vero
1378 1971 1540 1999 effrenatam
1559 1970 1798 2008 impietatemnaf-

1009 2021 1103 2048 ferunt
1120 2018 1214 2047 Iesum
1231 2018 1372 2046 Christum
1390 2017 1536 2044 Dominum
1557 2020 1682 2044 nostrum
1698 2017 1724 2043 in
1739 2017 1798 2044 suis

1009 2065 1042 2093 ad
1059 2064 1169 2091 Judmos
1186 2063 1365 2091 sermonibus
1378 2062 1516 2089 dicentem
1531 2070 1538 2088 :
1561 2071 1570 2087 1
1586 2061 1655 2094 Quia
1671 2063 1730 2089 scio
1745 2062 1798 2088 Pa-

1010 2115 1095 2142 trem,
1108 2113 1135 2138 et
1152 2108 1267 2136 verbum
1284 2108 1344 2143 ejus
1361 2115 1441 2135 servo
1459 2107 1493 2134 ⁷ο.
1510 2117 1520 2134 ι
1531 2107 1668 2135 Praeterea
1685 2108 1711 2134 id
1723 2107 1796 2142 quod

1009 2157 1061 2191 ipsi
1084 2163 1100 2182 a
1122 2155 1203 2182 Patre
1218 2155 1322 2182 dictum
1340 2158 1382 2182 est
1397 2162 1403 2180 :
1419 2162 1427 2179 1
1445 2153 1484 2180 Ex
1506 2157 1584 2181 utero
1608 2157 1672 2181 ante
1690 2153 1797 2181 Lucife-

1009 2210 1071 2229 rum
1092 2201 1174 2237 genui
1194 2205 1220 2228 te
1236 2201 1270 2228 '".
1289 2214 1298 2226 ι
1314 2199 1358 2231 At,
1381 2200 1531 2236 inquiunt,
1550 2207 1684 2227 venenum
1704 2206 1719 2226 a
1747 2207 1799 2227 suo

167 2263 265 2296 τούτῳ,
286 2246 332 2288 καὶ
347 2260 378 2286 1:6
397 2259 466 2295 πρὸς
482 2246 563 2285 αὐτὸν
579 2246 723 2292 εἰρημένον
745 2246 825 2293 παρὰ
836 2257 881 2283 τοῦ
901 2257 957 2283 ῐΙα-

1010 2252 1087 2284 patre
1112 2250 1254 2282 acceptum
1273 2250 1444 2278 cruciantes,
1466 2246 1490 2273 si
1513 2246 1559 2281 qui
1587 2246 1708 2280 loquitur
1726 2246 1798 2272 alius

168 2307 242 2342 796;,
260 2316 269 2332 1
293 2307 341 2332 Ἐκ
359 2304 476 2339 γαστρὸς
498 2303 551 2338 πρὸ
568 2302 722 2337 Ἑωσφόρου
740 2301 873 2337 ὲγέννησὰ
892 2310 933 2330 σε,
945 2311 955 2328 ι

169 2350 236 2378 Ε’τά
248 2349 378 2384 φασι,τδν
390 2350 422 2375 ὲκ
430 2348 477 2374 τοῦ
491 2347 590 2374 οἰκείου
605 2346 706 2380 πατρὸς
719 2345 756 2372 ίὸν
765 2346 954 2381 ἐρευγόμενοι·

170 2399 200 2424 l-Ii
215 2398 229 2424 ὁ
242 2396 330 2424 λαλῶν
349 2396 445 2433 ἔτερος
461 2394 499 2426 ὡς
517 2393 586 2428 πρὸς
608 2392 654 2418 τὸν
667 2389 690 2425 ᾧ
704 2391 868 2425 διαλέγεται,
895 2391 954 2418 δια-

169 2444 276 2478 λέγεται
293 2442 322 2468 δὲ
334 2442 377 2468 διὰ
391 2442 476 2475 Λόγου
494 2440 560 2475 πρὸς
574 2438 620 2464 τὸν
635 2438 700 2465 Υῐὸν
712 2439 726 2464 ὁ
737 2437 844 2473 Πατὴρ.
863 2437 957 2473 ἕτερος

168 2488 223 2522 ἄρα
240 2487 304 2521 παρ’
324 2485 404 2511 αὑτὸν
421 2485 436 2510 ὁ
462 2484 580 2519 ἔμφυτος
592 2482 624 2510 ἂν
644 2483 687 2518 εἴη
698 2482 791 2516 Λόγος,
810 2483 824 2508 ὁ
836 2482 865 2508 ὲν
881 2479 958 2519 ᾧπερ

168 2533 284 2559 ἐποιεῖτο
299 2531 348 2562 τὶς
362 2530 493 2563 διαλέξεις
509 2529 523 2555 6
535 2528 629 2564 Πατήρ
645 2536 652 2543 ⁸
671 2528 718 2554 καὶ
734 2529 815 2555 πάλιν
831 2536 838 2542 ·
854 2529 885 2555 Εἰ
902 2529 953 2555 αὑ-

168 2579 214 2610 τός
233 2586 295 2608 που,
322 2576 418 2612 φησὶν,
441 2577 455 2602 ό
472 2575 534 2606 Υίὺς
552 2575 645 2609 τηρεῖν
662 2573 707 2600 τὸν
725 2573 772 2601 τοῦ
787 2573 894 2610 Πατρδς
912 2575 958 2601 λόο

168 2633 216 2659 γον
239 2623 436 2658 διισχυρίσατο,
467 2621 525 2652 πῶς
541 2621 589 2647 οὐκ
609 2620 642 2647 ἂν
663 2620 756 2656 ἕτερος
776 2621 819 2655 εἴη
843 2620 936 2647 λοιπὸν
950 2621 963 2647 ὁ

168 2670 260 2706 τηρῶν
287 2669 362 2704 παρά
382 2668 428 2695 τὸν
451 2667 638 2703 τηρούμενον;
667 2667 738 2703 Πρὸς
761 2667 790 2693 δέ
813 2676 845 2701 γε
875 2667 962 2693 ταῦτα

168 2715 286 2751 χαλεπὸν
303 2714 352 2750 μὲν
375 2713 439 2745 ἴσως
458 2713 533 2739 οὐδὲν
547 2711 698 2745 ἀντιλέγειν
724 2719 731 2727 ·
750 2721 760 2737 1
780 2711 865 2738 Δώσει
879 2711 934 2746 γὰρ
950 2712 964 2738 6

169 2760 269 2796 Κύριος
284 2761 359 2795 ῥῆμα
374 2759 428 2789 τοῖς
440 2756 691 2791 εὐαγγελιζομένοις
703 2756 817 2791 δυνάμει
833 2756 928 2791 πολλῇ·
949 2765 958 2782 ι

170 2807 239 2842 χρῆν
253 2807 283 2833 δέ
299 2814 330 2840 γε
354 2805 417 2836 τοὺς
431 2804 511 2838 οἵπερ
531 2803 584 2829 εἰσί
596 2802 645 2838 τὴν
665 2802 793 2838 τοιαύτην
818 2801 961 2833 νοσοῦντες

207 2896 230 2910 ⁶⁵
249 2894 326 2922 Joan.
348 2895 450 2928 \‘ltl,55
489 2895 510 2910 εδ
523 2894 599 2922 Joan.
617 2903 673 2927 χιιι,
689 2896 731 2922 ΞΗ.

172 2939 229 2962 1n,
248 2932 273 2958 5.
316 2931 336 2946 ⁶⁷
359 2931 439 2958 lilzclt.
458 2930 547 2963 111,9.

769 2895 791 2910 δε
808 2894 888 2922 Prov;
906 2902 982 2924 XVIII,
996 2893 1021 2919 ἴς.
1045 2893 1105 2919 6""ll
1120 2891 1188 2918 Tim.
1202 2900 1237 2922 IV,
1252 2893 1272 2918 ί.

588 2931 609 2946 7°
626 2930 704 2958 Juan.
726 2939 794 2962 rm,
814 2930 855 2956 55'.
896 2931 916 2945 7‘
940 2929 1012 2956 Paul.
1033 2936 1076 2956 ctx
1090 2950 1096 2961 ,
1117 2929 1140 2955 5.

1009 2297 1053 2321 est
1070 2293 1104 2320 ab
1117 2300 1150 2320 eo
1164 2292 1208 2320 cui
1223 2292 1356 2327 loquitur,
1374 2291 1455 2319 Pater
1470 2295 1562 2319 autem
1577 2291 1646 2319 Filio
1662 2297 1710 2326 per
1730 2290 1795 2319 Ver-

1010 2341 1074 2368 bum
1101 2339 1242 2376 loquitur,
1271 2337 1344 2365 aliud
1369 2345 1435 2373 ergo
1458 2337 1493 2365 ab
1517 2337 1578 2372 ipso
1603 2338 1656 2364 erit
1682 2337 1796 2364 insittnn

1010 2386 1133 2414 Verbum
1151 2385 1218 2412 illud
1236 2384 1265 2410 in
1287 2390 1342 2418 quo
1366 2382 1448 2411 Pater
1465 2383 1641 2418 loquebatur.
1657 2381 1724 2409 item
1739 2391 1745 2409 :
1766 2382 1796 2410 Si

1010 2433 1067 2468 ipse
1080 2431 1182 2458 alicubi
1201 2429 1290 2457 Filius
1304 2437 1334 2456 se
1351 2428 1441 2456 Patris
1457 2429 1572 2456 verbum
1590 2436 1702 2456 servare
1722 2436 1799 2456 asse-

1009 2478 1081 2508 ruit,
1099 2477 1236 2512 quomodo
1253 2483 1306 2502 non
1324 2475 1398 2502 aliud
1416 2475 1525 2502 demum
1545 2474 1598 2509 32
1613 2475 1666 2501 erit
1684 2474 1709 2501 id
1725 2475 1798 2509 quod

1010 2528 1101 2552 servat
1128 2523 1163 2550 ab
1188 2530 1222 2549 eo
1245 2521 1318 2556 quod
1348 2521 1498 2549 servatur?
1518 2520 1580 2547 llaec
1600 2521 1725 2549 refellere
1745 2529 1798 2549 non

1010 2569 1064 2598 erit
1091 2569 1183 2596 forsan
1209 2567 1339 2594 diliicile:
1359 2576 1368 2592 1
1387 2567 1467 2593 Dabit
1490 2567 1563 2594 enim
1583 2566 1715 2595 Dominus
1738 2576 1799 2595 vcr-

1012 2616 1076 2643 bum
1103 2612 1364 2649 evangelizantibus
1391 2612 1493 2639 virtute
1507 2613 1592 2639 multa
1607 2613 1640 2640 ⁷¹.
1656 2622 1665 2638 ι
1686 2613 1800 2641 Decet-et

1012 2666 1103 2688 autent
1121 2668 1168 2688 eos
1193 2659 1241 2694 qui
1262 2663 1337 2686 tanta
1363 2659 1490 2686 laborant
1509 2659 1620 2687 inscitia
1640 2659 1800 2687 meminisse

1011 2707 1130 2735 dicentis
1144 2716 1151 2734 :
1167 2716 1176 2732 1
1189 2706 1211 2733 Ο
1225 2706 1272 2741 qui
1288 2705 1474 2740 dereliquistis
1490 2705 1549 2733 vias
1565 2710 1672 2738 rectas,
1694 2709 1724 2732 ut
1739 2713 1797 2732 am-

1011 2753 1146 2780 bularetis
1175 2752 1202 2779 in
1233 2751 1285 2778 viis
1304 2751 1480 2778 tenebrarum
1499 2751 1536 2778 τερ
1555 2761 1564 2777 ι
1587 2752 1674 2779 Nobis
1704 2756 1796 2779 autent

1011 2803 1228 2826 consentaneum
1243 2801 1285 2825 est
1301 2796 1335 2824 ad
1359 2805 1420 2824 eum
1437 2797 1484 2832 qui
1512 2797 1539 2824 in
1563 2798 1642 2825 caelis
1665 2802 1710 2824 est
1737 2798 1795 2824 clav

1307 2890 1430 2918 κίκι-ροι-
1450 2890 1584 2917 “111.96.
1599 2890 1644 2915 27.
1681 2887 1797 2914 “'lCor.

1182 2929 1204 2943 ⁷²
1226 2927 1296 2955 l‘sal.
1314 2935 1405 2960 um,
1429 2926 1468 2952 12.
1509 2927 1531 2940 τ³
1553 2925 1633 2951 Micb.
1652 2930 1701 2951 ιιι,
1718 2923 1742 2950 6,
