2030 3122
249 222 282 250 59
740 214 759 241 S
784 211 923 240 Ci'lilLLl
951 206 1184 237 ALEXANDRINI
1196 205 1350 234 ARClllEP.
1838 202 1872 230 60

252 289 327 309 mare
351 280 491 307 doctorem
506 299 512 305 .
540 286 549 302 ‹
566 277 665 303 Averte
678 275 784 306 oculos,
801 281 834 300 ne
849 272 959 299 videant
985 278 1030 296 va-

1090 266 1202 301 Ιιμαθίαν
1226 264 1481 301 ἀναμιμνήσκεσθαι
1511 264 1558 291 τοῦ
1586 263 1711 297 λέγοντος
1728 271 1734 278 ·
1752 271 1761 287 ‹
1792 262 1825 288 Ὢ
1848 262 1874 286 oi.

250 327 363 354 nitatem
381 325 414 352 ⁷⁸.
434 334 442 350 ι
459 323 575 351 Vauitas
593 321 666 350 enim
685 319 829 355 profecto,
846 322 873 345 et
890 324 984 352 nugae,
1003 323 1034 342 ac

252 371 318 398 nihil
332 369 405 398 aliud
422 372 487 398 sunt
512 368 557 408 illa
579 374 640 401 qua!
662 373 693 393 ex
720 363 875 400 ignorantia
902 370 951 389 sua
966 361 1034 408 edn:

250 417 335 443 tiunt.
354 414 413 442 Non
428 414 500 441 enim
516 404 594 447 quasi
612 410 730 438 Verbum
747 408 846 435 habeat
864 406 948 433 ullum
961 404 1034 431 aliud

251 463 280 489 in
296 462 387 497 seipse
402 459 495 487 Patris
508 458 605 490 Filius,
619 457 689 484 dixit
704 463 732 482 se
745 454 834 481 Patris
852 459 964 480 servare
979 458 1036 477 ver-

253 509 339 535 bum:
356 514 445 541 neque
471 505 504 532 ad
531 512 580 531 uos
603 502 711 530 venisse
737 506 859 534 unquam
874 497 1034 528 allirmavit,

251 551 331 586 quasi
358 551 535 586 paedagogum
558 546 703 583 quemdam
721 545 822 575 ferret.
840 543 887 572 sed
905 548 1034 577 tanquam

252 598 331 624 solus
353 595 522 624 inexsistens
542 593 618 620 Patri
633 591 785 620 secundum
810 594 949 620 naturam,
968 589 1035 616 etin

252 651 283 670 se
298 643 420 669 vicissim
444 641 554 668 Patrem
572 640 675 667 habens
692 638 830 669 similiter,
848 635 1038 663 intercedente

254 688 331 715 nullo
347 697 353 714 :
369 686 488 723 «Ego,»
514 686 621 721 inquit,
648 693 657 710 ι
675 685 701 712 in
728 683 826 716 Patre,
854 686 880 709 et
908 681 985 708 Pater
1010 681 1037 707 in

255 741 298 759 me
312 732 356 765 ";
374 741 383 758 ι
399 740 451 759 non
468 731 580 759 insitqu
597 729 681 761 illud,
699 735 788 763 neque
805 727 879 754 aliud
897 725 1037 761 quoddam

251 777 373 805 -Verbum
385 798 391 809 ,
410 778 457 805 sed
482 777 561 803 Pater
576 777 603 803 in
619 783 673 802 me.
698 773 841 807 Quomodo
858 773 941 807 igitur
958 771 1038 798 intel-

254 823 390 857 ligendum
406 827 447 849 est
462 822 529 849 illud
543 821 616 857 quod
630 821 663 847 ad
677 819 786 847 Judzeos
807 819 842 846 ab
857 819 916 852 ipso
932 818 1037 844 dictum

253 873 312 902 est,
327 872 430 904 qumret
444 867 544 902 aliquis
556 887 562 897 .
580 875 630 894 nec
645 866 759 901 injuria.
786 864 836 891 Cui
851 872 885 891 ex
911 864 949 891 rei
965 863 1038 890 veri-

253 919 310 941 tate
332 913 562 949 respondebimus
589 920 650 948 qnaa
672 912 751 939 nobis
777 912 803 938 in
823 914 939 938 mentem
956 917 1037 937 vene-

255 960 321 986 rint.
340 959 458 986 Dorebat
474 958 600 985 Salvator
615 957 862 985 obstinatissimum
879 955 1035 983 Judzeorum

210 1024 213 1027 .
254 1005 394 1040 pupulum.
410 1009 437 1031 et
450 1003 580 1039 paulatim
596 1011 611 1030 a
629 1003 708 1038 legali
724 1002 800 1029 cultu
816 1001 956 1028 auditores
971 1000 1037 1028 abs-

253 1051 384 1082 trahens,
415 1050 515 1084 sapius
541 1049 707 1076 inclamabat
724 1057 730 1074 :
748 1057 756 1073 ι
777 1047 831 1082 Ego
868 1054 929 1075 sum
968 1046 1039 1073 veri-

254 1096 353 1128 tus’°,i
364 1103 431 1130 prop
451 1095 560 1122 modum
578 1094 674 1121 dicens
688 1103 695 1120 ε
710 1093 846 1125 Excutite,
856 1100 959 1127 qu:eso.
977 1099 1038 1125 vos,

254 1142 340 1176 legale
353 1141 448 1176 iugum
466 1150 473 1167 :
494 1140 685 1167 adoratiouem
708 1139 735 1166 in
754 1139 853 1173 spiritu
880 1138 1011 1173 suscipite
1031 1148 1038 1164 :

253 1187 343 1212 valeat
362 1185 471 1213 tandem
488 1185 584 1212 umbra
597 1206 605 1218 ,
625 1189 798 1212 removeatur
817 1185 920 1219 ﬁgura.
937 1183 1040 1211 veritas

253 1231 353 1258 illuxit.
373 1231 425 1258 Sed
450 1239 503 1258 non
527 1231 656 1257 omnibus
679 1235 752 1257 recte
778 1229 869 1256 facere
895 1229 1041 1256 videbatur

253 1278 325 1312 quod
343 1276 463 1304 Mosaiea
480 1281 614 1311 praecepta
629 1280 781 1306 everteret.
799 1275 853 1301 imo
867 1283 930 1301 vero
944 1275 976 1302 ad
995 1283 1040 1302 ve-

253 1325 362 1350 ritatem
380 1323 587 1354 adduceret,ita
605 1327 634 1349 ut
648 1321 774 1348 nonnulli
788 1321 877 1355 palam
894 1321 1038 1348 dicereut:

256 1378 264 1394 ι
285 1369 312 1395 Si
336 1373 408 1394 esset
434 1368 477 1394 hic
500 1368 581 1394 homo
609 1374 624 1393 a
651 1366 722 1399 Deo,
752 1374 805 1393 non
830 1366 951 1393 solveret
974 1366 1041 1394 Sab-

254 1415 315 1442 bata
329 1414 351 1430 ⁷⁷
365 1423 371 1441 ί
385 1423 394 1440 ο
407 1414 479 1448 quod
494 1418 554 1441 erat
569 1413 664 1448 procul
680 1413 762 1440 dubio
778 1412 962 1440 condemnare
977 1421 1040 1447 pec-

253 1460 305 1486 cati
320 1466 382 1487 eum
394 1461 440 1494 qui
457 1467 510 1486 non
527 1459 601 1486 novit
616 1458 694 1485 illud.
709 1457 866 1485 Istiusmodi
884 1457 1040 1485 Iudaeorum

255 1505 363 1532 furores
393 1505 486 1540 itaque
516 1505 644 1537 dilueus,
673 1511 782 1531 omnem
803 1504 901 1530 fastum
930 1504 1040 1538 quidem

253 1550 371 1577 orationi
388 1549 542 1582 subtrahit,
557 1553 583 1576 et
599 1549 751 1580 submisse,
763 1556 812 1575 uce
823 1551 917 1582 aperte
928 1547 1042 1574 edocerc

1085 312 1310 347 ἐγκαταλιπόντες
1333 312 1408 342 ὁδοὺς
1441 310 1548 341 εὐθείας
1578 311 1624 336 τοῦ
1657 309 1818 344 πορεύεσθαι
1843 307 1874 334 ἐν

1087 359 1155 390 ὁδοῖς
1174 359 1286 390 σκότους
1299 367 1304 373 ·
1330 368 1338 383 ι
1361 358 1433 392 ἡμᾶς
1445 357 1472 383 δὲ
1485 356 1630 383 ἀκόλουθον
1643 355 1710 391 πρὸς
1722 354 1767 381 τὸν
1774 355 1802 380 ὲν
1816 355 1873 385 τοῖς

1086 405 1208 441 οὐρανοῖς
1234 404 1453 438 ἀναφθέγγεσθαι
1479 402 1659 438 μυσταγωγόν
1677 410 1684 417 ν
1703 410 1712 427 ‹
1729 401 1874 436 Ἀπόστρε-

1087 451 1136 486 ψον
1154 451 1217 483 τοὺς
1229 450 1384 485 ὀφθαλμοὺς
1395 450 1442 476 τοῦ
1457 449 1493 485 μὴ
1507 449 1569 476 [δεῖν
1584 448 1760 484 ματαιότητα.
1783 457 1792 472 ι
1812 447 1869 474 Μα-

1086 496 1196 531 ταιότης
1219 495 1273 531 γὰρ
1297 495 1390 526 ὅντως,
1410 494 1490 530 λῆρός
1512 502 1541 520 τε
1565 494 1612 521 καὶ
1627 493 1720 528 ἕτερον
1744 492 1819 519 οὐδὲν
1841 492 1874 518 τὰ

1087 543 1119 568 ὲκ
1133 541 1181 576 τῆς
1198 540 1310 567 ἐκείνων
1327 540 1505 570 ἀπαιδευσίας
1516 539 1740 574 κενοφωνούμενα
1754 546 1760 554 ·
1777 538 1807 564 οὺ
1820 538 1874 572 γὰρ

1087 587 1124 619 ὡς
1144 587 1230 621 Λόγον
1251 586 1319 622 ἔχων
1336 587 1429 621 ἕτερον
1450 585 1544 612 οὐδένα
1556 586 1585 612 ὲν
1605 585 1691 619 ἐαυτῷ
1706 585 1752 611 τοῦ
1768 584 1874 619 Πατρδς

1088 635 1102 660 ὁ
1115 634 1187 665 Υἱὸς.
1197 634 1242 660 τὸν
1255 633 1302 659 τοῦ
1316 633 1420 668 Πατρδς
1433 633 1533 666 ἔφασκε
1550 632 1628 665 λόγον
1636 633 1737 667 τηρεῖν·
1752 631 1809 658 ἀλλ’
1820 631 1874 658 οὐδ’

1088 680 1180 715 ὥςπερ
1203 680 1263 706 τινὰ
1283 679 1454 713 παιδαγωγον
1467 678 1691 713 ὲπικομιζόμενος
1709 677 1775 713 πρὸς
1802 671 1876 712 ἡμᾶς

1089 727 1202 761 ἀφῖχθαι
1227 726 1410 761 διισχυρίσατό
1427 734 1502 757 ποτε,
1519 725 1557 757 ὡς
1573 725 1600 751 δὲ
1619 725 1697 759 μόνος
1715 724 1876 760 ἐνυπάρχων

1090 772 1159 799 κατὰ
1178 771 1258 806 φύσιν
1283 771 1322 806 τῷ
1339 771 1436 807 Πατρὶ,
1448 771 1517 806 ἔχων
1537 779 1565 797 τε
1581 769 1614 797 αὖ
1631 771 1710 797 πάλιν
1733 769 1832 805 ὁμοίως
1847 771 1876 796 ἐν

1090 818 1177 854 ἐαυτῷ
1192 818 1238 845 τὸν
1263 818 1383 854 Πατέρα,
1409 817 1622 854 μεσολαὸοὖντος
1641 817 1733 852 ἑτέρου
1751 817 1874 852 μηδενός-

1093 874 1101 890 ί
1132 864 1212 898 Ἐγὼ,
1239 865 1331 900 φησὶν,
1359 864 1386 890 ἐν
1415 863 1453 898 τῷ
1481 864 1579 899 Πατρὶ,
1611 864 1658 890 καὶ
1687 864 1701 888 ὁ
1722 863 1817 897 Πατὴρ
1846 865 1875 888 εν

1091 909 1161 943 ἐμοὶ,
1181 919 1189 935 ι
1204 909 1252 944 οὐχ
1268 910 1282 935 ό
1298 908 1426 944 ἔμφυτος,
1440 907 1496 934 ἀλλ’
1509 908 1568 934 οὐδὲ
1582 908 1596 933 ὁ
1610 908 1703 943 ἕτερός
1720 916 1762 939 τις
1776 908 1872 941 Λόγος,

1090 955 1146 981 ἀλλ’
1160 956 1173 982 ό
1190 955 1282 990 Πατὴρ
1294 955 1323 981 ἐν
1343 954 1414 990 ὲμοι.
1440 953 1500 982 Πῶς
1526 952 1571 980 οὖν
1599 953 1652 988 ἄρα
1677 953 1771 988 νοῆσαι
1791 961 1875 988 προσ‹

1089 1002 1150 1036 ήκοι
1175 1001 1206 1027 τὸ
1231 1001 1296 1036 παρ’
1321 1000 1404 1028 αὑτοῦ
1425 1000 1492 1034 πρὸς
1518 1001 1581 1030 τοὺς
1600 999 1743 1030 Ἰουδαίους
1763 999 1876 1034 εἰρημέ‹

1090 1056 1144 1078 νον,
1159 1047 1230 1073 εἴποι
1251 1056 1291 1078 τις
1302 1046 1335 1073 ἂν
1347 1048 1423 1081 ἡμῖν,
1444 1046 1491 1072 καὶ
1514 1046 1585 1080 μάλα
1611 1045 1722 1077 εἰκότως
1736 1054 1742 1059 ·
1758 1045 1826 1080 πρὸς
1845 1045 1876 1080 δὴ

1089 1093 1168 1120 τοῦτο
1197 1092 1312 1129 ἐροῦμεν
1340 1092 1516 1128 ἀληθεύοντες
1546 1093 1580 1118 τὰ
1609 1092 1648 1122 εἰς
1671 1091 1734 1118 νοῦν
1766 1091 1878 1118 ἀναϐαί-

1090 1148 1168 1167 νοντα
1189 1139 1234 1166 τὸν
1253 1140 1394 1175 ἡμέτερον.
1416 1139 1569 1166 Ἐδὶδασκεν
1593 1140 1607 1165 ό
1627 1138 1722 1173 Σωτὴρ
1745 1137 1790 1164 τὸν
1813 1138 1876 1164 δυσ-

1091 1185 1265 1212 πειθέστατον
1281 1185 1334 1212 τῶν
1353 1184 1485 1212 Ἰουδαίων
1504 1184 1576 1212 λαῶν
1587 1184 1643 1221 [71).
1655 1183 1741 1219 λαθν],
1754 1184 1878 1211 καὶκατὰ

1093 1228 1176 1264 βραχὺ
1195 1228 1245 1263 τῆς
1266 1229 1380 1264 νομικῆς
1396 1229 1512 1262 ἐξέλκων
1537 1229 1662 1263 λατρείας
1685 1229 1746 1260 τοὺς
1774 1229 1879 1263 ἀκροω-

1093 1274 1199 1308 μένους,
1210 1273 1343 1308 ἐπεφώνει
1358 1273 1497 1305 πολλάκις*
1515 1283 1523 1299 ι
1542 1273 1612 1308 Ἐγώ
1626 1274 1683 1309 εἰμι
1698 1274 1713 1308 ὴ
1728 1273 1850 1308 ἀλήθεια,
1866 1282 1875 1297 ι

1093 1319 1234 1353 μονονουχὶ
1249 1318 1335 1352 λέγων
1347 1327 1355 1334 θ
1364 1318 1558 1345 ’Λποσείσασοε
1572 1319 1616 1345 τὸν
1631 1319 1751 1354 νομικὸν,
1761 1315 1783 1344 ὦ
1793 1315 1877 1350 οὗτοι,

1092 1364 1172 1398 ζυγόν
1187 1373 1193 1380 ·
1218 1364 1399 1397 καταδέξασθε
1432 1365 1480 1400 τὴν
1503 1365 1532 1392 ἐν
1557 1365 1693 1400 πνεύματι
1726 1365 1853 1401 λατρείαν
1870 1374 1876 1380 ⁸

1092 1409 1206 1444 οἰχέσθω
1234 1408 1325 1436 λοιπὸν
1348 1411 1364 1444 ἡ
1389 1410 1463 1440 σκιὰ,
1483 1410 1606 1445 χωρείτω
1626 1411 1734 1446 μακρὰν
1752 1411 1766 1436 ό
1783 1411 1877 1442 τύπος,

1093 1453 1251 1489 ἐπέλαμψεν
1271 1455 1286 1489 ἠ
1303 1454 1426 1489 ἀλήθεια.
1445 1455 1515 1481 Ἀλλ’
1532 1455 1562 1481 οὐ
1585 1457 1668 1482 πᾶσιν
1684 1455 1771 1482 ἐδόκει
1793 1457 1878 1483 ποιεῖν

1092 1500 1193 1536 ὀρθῶς,
1217 1501 1377 1536 ἀνατρέπων
1402 1500 1436 1526 τὰ
1457 1501 1596 1533 Μωσέως,
1629 1502 1728 1537 μᾶλλον
1756 1501 1784 1528 δὲ
1805 1502 1879 1536 ἄγων

1092 1546 1139 1572 ἐπὶ
1156 1546 1186 1572 τὸ
1207 1545 1395 1581 ἀληθέστερον,
1422 1546 1459 1578 ὡς
1481 1546 1526 1573 καί
1549 1555 1625 1578 τινας
1640 1547 1690 1582 ἤδη
1706 1547 1771 1582 βοᾷν
1787 1556 1793 1562 ·
1816 1558 1824 1573 ι
1849 1547 1879 1573 Et

254 1596 310 1623 vult
324 1596 394 1630 quod
407 1595 472 1622 nihil
488 1599 585 1629 praeter
594 1595 763 1621 voluntatem
772 1593 816 1621 Dei
827 1601 859 1620 ae
869 1593 958 1621 Patris
972 1593 1038 1621 fece-

1095 1590 1128 1627 ἦν
1153 1590 1229 1624 οὗτος
1254 1592 1329 1628 παρὰ
1355 1591 1422 1618 Θεοῦ
1446 1591 1598 1627 ἅνθρωπος,
1630 1593 1679 1619 οὒκ
1708 1593 1740 1620 ἂν
1764 1593 1824 1620 ἔλυε
1846 1593 1880 1620 τὰ

254 1642 306 1672 rit,
327 1641 372 1676 qui
386 1648 439 1667 non
455 1641 530 1667 novit
541 1644 680 1674 peceatum
696 1639 793 1667 Filius.
826 1639 923 1667 Verum
937 1659 944 1671 ,
968 1647 1004 1667 ne
1020 1639 1041 1666 si

254 1686 374 1721 apertius
384 1686 499 1719 diceret,
514 1685 658 1712 Peccatum
676 1693 728 1712 non
745 1685 818 1715 novi,
834 1693 931 1712 rursus
950 1692 997 1712 eos
1012 1689 1041 1711 ut

254 1733 280 1759 in
293 1739 323 1759 se
337 1731 473 1766 lapidibus
488 1731 624 1763 saevirent,
638 1736 764 1762 acueret;
778 1732 870 1758 statim
884 1731 985 1765 quippe
1000 1731 1041 1757 ira

255 1777 352 1804 l'ervidi
371 1781 398 1804 et
411 1781 560 1804 :estuantes
575 1776 712 1804 dixissent
727 1786 732 1802 :
751 1775 803 1803 Uni
827 1776 880 1803 Deo
896 1777 1038 1811 proprium

253 1828 296 1851 est
313 1831 367 1851 non
385 1831 497 1857 peccare
508 1843 515 1856 ,
534 1828 561 1849 tu
578 1827 668 1850 autem
685 1822 769 1849 homo
785 1830 846 1849 cum
865 1823 920 1854 sis,
938 1823 993 1849 noli
1010 1831 1041 1849 ca

255 1869 377 1904 proferre
392 1877 452 1904 quae
465 1869 516 1896 soli
532 1869 586 1896 Deo
600 1868 780 1896 conveniunt.
795 1868 871 1900 Quod
887 1869 954 1896 alias
969 1873 1042 1895 certe

255 1916 395 1945 l'eeerlmt.
417 1915 539 1942 dicentes
556 1914 619 1948 jure
639 1921 668 1941 se
692 1921 752 1941 eum
776 1914 912 1948 lapidibus
934 1919 1038 1949 petere,

253 1960 306 1995 33
337 1960 421 1995 quod,
450 1968 512 1987 eum
546 1964 620 1987 esset
658 1960 756 1992 homo,
786 1961 906 1995 seipsum
939 1961 1040 1988 faceret

255 2004 337 2031 Deum
356 2005 522 2032 :obscurius
541 2005 677 2038 Salvator,
704 2006 852 2040 prmsertim
876 2014 937 2032 cum
960 2007 1040 2033 homo

254 2052 342 2078 factus
357 2055 442 2082 esset,
462 2056 500 2078 ett
513 2055 642 2086 tauquam
659 2052 710 2086 legi
737 2051 865 2078 subditus
883 2059 945 2078 cum
973 2052 1039 2086 legis

253 2097 382 2128 subditis,
398 2104 552 2124 sermonem
569 2097 639 2124 dixit
652 2104 763 2124 servare
779 2104 810 2124 se
826 2095 923 2128 Patris,
941 2104 1038 2131 prope-

253 2142 364 2169 modum
399 2142 528 2177 inquieus
553 2152 559 2170 :
584 2142 724 2177 Nusquam
754 2142 842 2170 Patris
869 2143 1038 2169 voluntatem

254 2188 462 2222 prtelergrediar
477 2197 484 2221 ;
513 2192 653 2223 peccatum
668 2188 741 2215 enim
759 2192 800 2215 est
815 2188 842 2215 in
858 2188 958 2215 divina:
973 2188 1038 2223 legis

254 2234 495 2268 transgressione;
513 2241 563 2268 ego
579 2241 642 2260 vero
656 2241 709 2260 non
726 2234 787 2260 novi
803 2237 957 2268 peceatum,
974 2241 1037 2261 eum

254 2280 305 2306 sim
324 2278 395 2307 Deus
426 2279 577 2306 secundum
598 2283 734 2305 naturam.
752 2278 844 2314 Itaque
861 2287 923 2306 cum
941 2279 1036 2311 doceo,
1055 2268 1076 2296 D

254 2325 363 2353 Patrem
381 2333 436 2353 non
454 2324 573 2352 olfendo.
597 2324 732 2352 Cancrum
755 2332 836 2352 nemo
860 2325 1042 2360 reprehendat

253 2379 316 2398 eum
337 2372 383 2407 qui
406 2371 546 2406 legislator
569 2370 679 2405 quidem
707 2375 750 2398 est
776 2374 872 2397 natura
902 2377 969 2402 sua,
993 2371 1039 2398 sed

254 2423 364 2452 propter
373 2417 579 2445 similitudinem
594 2424 674 2451 quam
691 2416 773 2444 habet
784 2417 938 2447 nobiscum,
954 2417 1039 2451 legem

253 2463 390 2490 observat.
405 2463 451 2489 Ait
468 2467 558 2490 autem
579 2470 609 2489 se
629 2461 736 2489 Patrem
753 2469 846 2494 nosse,
862 2469 915 2489 non
934 2462 1040 2497 simpli--

253 2509 332 2540 (πίων,
348 2509 430 2536 sicuti
458 2516 518 2539 nos,
535 2508 571 2535 ob
595 2508 668 2535 istud
691 2509 791 2541 solum,
813 2509 886 2543 quod
902 2509 973 2537 Deus
988 2514 1040 2542 est,

253 2555 300 2582 sed
317 2563 349 2582 ex
367 2563 400 2582 eo
421 2555 493 2590 quod
511 2555 568 2589 ipse
586 2558 642 2587 est,
667 2554 756 2583 Patris
778 2560 902 2582 naturam
922 2556 994 2583 seire
1008 2564 1038 2584 se

253 2601 405 2626 roiiﬂrmat.
420 2600 554 2633 Quoniam
581 2608 644 2627 vero
668 2601 827 2629 mutationis
847 2603 969 2629 nescium
985 2601 1037 2629 Pa-

254 2650 322 2673 trem
337 2654 398 2674 esse
417 2646 511 2679 novit,
535 2646 588 2674 scit
607 2647 689 2673 etiam
708 2648 834 2674 nimirum
859 2656 888 2675 se
908 2649 1035 2675 immuta-

255 2692 333 2719 bilem
355 2700 387 2719 ex
405 2692 567 2720 immutabili
589 2692 676 2720 Patre.
696 2693 773 2726 Quod
800 2698 891 2721 autem
908 2695 1036 2721 mutatio-

253 2744 314 2763 nem
340 2737 444 2767 nescit,
469 2737 605 2771 quomodo
630 2745 742 2768 peccare
766 2739 893 2770 dicetur,
925 2746 956 2765 ac
983 2747 1037 2766 non

254 2781 344 2815 potius
369 2781 396 2808 in
422 2782 540 2816 propriis
570 2788 674 2809 natura:
690 2783 800 2811 dotibus
824 2783 930 2810 lirunnn
945 2784 1036 2811 eousi‘

253 2826 345 2854 itere?
369 2826 442 2854 Vana
458 2833 499 2854 est
515 2827 605 2863 itaque
620 2828 775 2857 Judzuorum
791 2830 966 2861 obtrectatio,
991 2831 1035 2865 qui

286 2917 311 2935 ⁷⁵
330 2918 401 2947 Psal.
422 2927 523 2954 cxvtu,
544 2920 587 2948 57.
626 2921 647 2936 ⁷³
668 2919 746 2949 Joan.
767 2929 804 2954 κ,
823 2921 866 2950 58.
906 2922 928 2937 τε
949 2921 1027 2949 loan.
1050 2930 1105 2955 xxv,
1124 2924 1152 2949 6.

1095 1638 1222 1665 Σάϐϐατα
1239 1647 1245 1654 ·
1272 1648 1281 1663 ι
1314 1639 1382 1674 ὅπερ
1412 1636 1446 1673 ἦν
1473 1639 1602 1674 ἄντικρυς
1629 1639 1765 1674 ἁμαρτίαν
1795 1648 1876 1666 κατα.

1093 1683 1259 1719 ψηφίζεσθαι
1277 1684 1322 1711 τοῦ
1345 1684 1381 1718 μὴ
1410 1684 1510 1715 εἰδότος
1540 1684 1636 1720 αὑτήν,
1661 1685 1733 1718 Πρὸς
1756 1683 1803 1711 οὖν
1830 1685 1880 1717 τὰς

1094 1730 1220 1762 τοιαύτας
1243 1730 1297 1757 τῶν
1325 1730 1458 1758 Ἰουδαίων
1480 1731 1609 1763 ἀπονοίας
1638 1731 1856 1767 ἀπολογούμενος
1871 1752 1879 1761 .

1095 1775 1181 1802 πάντα
1220 1775 1269 1810 μὲν
1295 1776 1405 1812 ὑφαιρεῖ
1426 1776 1471 1803 τὸν
1490 1777 1519 1802 ὲν
1547 1778 1602 1808 τοῖς
1625 1777 1728 1812 ῥήμασι
1757 1777 1879 1812 κόμπον,

1094 1821 1246 1856 ὑφειμένως
1271 1821 1307 1853 δὲ,
1330 1822 1376 1848 καὶ
1406 1822 1436 1849 οὐ
1467 1823 1594 1858 τρανῶς,
1619 1823 1789 1850 ἐκδιδάσκειν
1817 1824 1880 1859 βού-

1093 1867 1183 1898 λεται,
1216 1867 1253 1898 ὡς
1277 1867 1326 1894 οὐκ
1354 1867 1385 1894 ἄν
1409 1877 1434 1894 τι
1466 1868 1541 1903 παρὰ
1568 1869 1597 1895 τὸ
1618 1868 1712 1896 δοκοῦν
1735 1869 1882 1905 ἐργάσαιτο

1093 1911 1131 1947 τῷ
1160 1912 1220 1948 Θεῷ
1243 1912 1290 1940 καὶ
1322 1913 1408 1949 Πατρὶ
1433 1913 1446 1939 ὁ
1472 1913 1508 1948 μὴ
1535 1914 1613 1944 εἰδὼς
1639 1915 1777 1950 ἁμαρτίαν
1804 1915 1878 1948 Υἱός.

1094 1959 1152 1984 Ἵνα
1166 1958 1193 1985 δὲ
1214 1959 1251 1994 μὴ
1275 1961 1439 1994 γυμνότερον
1460 1959 1563 1993 λέγων,
1583 1960 1730 1996 ’Λμαρτίαν
1745 1961 1795 1987 οὐκ
1811 1960 1879 1992 οἶδα,

1093 2003 1248 2040 παροτρύνῃ
1260 2005 1340 2030 πάλιν
1358 2004 1455 2036 αὐτοὺς
1475 2006 1513 2035 εἰς
1523 2005 1553 2031 τὸ
1568 2005 1728 2032 καταλεύειν
1747 2006 1828 2033 αὐτόν
1841 2016 1846 2021 ·
1863 2007 1880 2042 ἢ

1093 2050 1146 2086 γὰρ
1155 2051 1187 2077 ἂν
1197 2051 1276 2082 εὐθὺς
1286 2050 1444 2082 ἀναζέοντες
1452 2051 1491 2083 εἷς
1502 2051 1585 2085 ὀργὰς
1594 2052 1737 2087 ἐπεπήδων
1747 2053 1879 2087 λέγοντες·

1092 2095 1151 2130 Θεῷ
1166 2096 1238 2130 μόνῳ
1257 2096 1287 2122 τὸ
1301 2095 1337 2131 μὴ
1350 2095 1517 2137 ἁμαρτάνειν
1528 2097 1638 2124 οἰκεῖον·
1651 2098 1683 2124 σὺ
1698 2097 1725 2124 δὲ
1739 2098 1880 2134 ἄνθρωπος

1092 2141 1138 2171 ὢν,
1151 2141 1188 2174 μὴ
1199 2141 1272 2167 λάλει
1282 2142 1314 2167 τὰ
1322 2141 1394 2176 μόνῳ
1407 2142 1546 2177 πρέποντα
1552 2143 1659 2178 Θεῴ.¹¹0
1667 2144 1698 2179 δὴ
1705 2145 1751 2171 καὶ
1768 2144 1880 2180 ἑτέρωθί

1093 2195 1143 2213 που
1167 2187 1335 2222 πεπράχασι,
1358 2187 1482 2221 λέγοντες
1504 2188 1624 2221 λιθάζειν
1651 2189 1732 2216 αὑτὸν
1756 2190 1879 2222 εἰκότως,

1091 2234 1186 2268 ὅτιπερ
1208 2233 1349 2268 ἅνθρωπος
1364 2234 1410 2265 ὣν,
1430 2233 1524 2260 ἑαυτὸν
1538 2235 1607 2261 ποιεῖ
1617 2234 1682 2261 Θεόν
1698 2244 1704 2251 ·
1723 2234 1883 2270 περιεσταλ-

1092 2279 1180 2314 μένως
1197 2280 1210 2306 ὁ
1225 2280 1329 2314 Σωτὴρ,
1349 2280 1396 2307 ἆτε
1415 2279 1447 2315 δὴ
1464 2281 1510 2307 καὶ
1530 2281 1671 2316 ἄνθρωπος
1687 2282 1817 2315 γεγονὼς,
1834 2282 1878 2309 καὶ

1090 2325 1127 2356 ὼς
1140 2325 1193 2351 ὑπὸ
1203 2325 1284 2359 νόμον
1301 2325 1370 2360 μετὰ
1384 2325 1437 2351 τῶν
1452 2325 1504 2352 ὑπὸ
1520 2326 1600 2360 νόμον
1613 2327 1658 2352 τὸν
1674 2326 1752 2360 λόγον
1766 2327 1817 2363 ἔφη
1836 2336 1876 2362 τηι

1092 2372 1148 2407 ρετν
1160 2371 1205 2398 τοῦ
1217 2371 1334 2406 Πατρὺς,
1349 2371 1490 2406 μονονουχὶ
1513 2371 1599 2405 λέγων
1612 2380 1619 2386 ·
1640 2371 1764 2407 Οὐδαμοῦ
1788 2372 1817 2399 τὸ
1833 2373 1878 2399 τοῦ

1089 2417 1193 2452 [ἰατρὸς
1207 2417 1312 2452 Θέλημα
1327 2418 1547 2452 παρεκὸήσομαι.
1561 2418 1606 2444 Ἐν
1622 2417 1674 2453 γὰρ
1691 2417 1728 2453 τῷ
1748 2418 1793 2444 τὸν
1808 2418 1878 2445 θεῖον

1090 2463 1247 2498 ὲξέρχετθαι
1262 2463 1342 2498 νόμον
1362 2463 1378 2498 ἡ
1394 2463 1515 2498 ἁμαρτία
1527 2462 1632 2496 γίνεται
1643 2471 1650 2477 ·
1665 2462 1720 2498 ἐγὼ
1739 2463 1767 2490 δὲ
1789 2464 1874 2499 ἁμαρ-

1090 2508 1149 2534 τίαν
1165 2508 1215 2534 οὐκ
1230 2506 1297 2539 οἶδα,
1328 2507 1398 2534 κατὰ
1422 2507 1502 2542 φύσιν
1524 2508 1654 2543 ὑπάρχων
1674 2508 1749 2540 Θεὸς.
1774 2508 1878 2535 Οὐκοῦν

1090 2554 1233 2586 διδάσκων,
1250 2554 1280 2580 οὐ
1301 2553 1377 2580 λυπῶ
1401 2553 1446 2580 τὸν
1470 2554 1590 2589 Πατέρα.
1607 2554 1707 2581 Λοιπὸν
1723 2554 1876 2589 ἐπιτιμάτω

1093 2600 1186 2636 μηδεὶς
1194 2600 1234 2636 τῷ
1247 2600 1317 2627 κατὰ
1331 2599 1412 2635 φύσιν
1426 2600 1475 2634 μὲν
1488 2600 1630 2635 νομοθέτῃ,
1646 2600 1689 2627 διὰ
1706 2599 1734 2626 δὲ
1749 2599 1798 2635 τὴν
1811 2600 1876 2635 πρὸς

1092 2648 1164 2682 ἡμᾶς
1179 2647 1308 2681 ὁμοίωσιν
1337 2646 1515 2682 νομοφύλακι.
1539 2646 1641 2672 Εἰδέναι
1656 2646 1684 2672 δὲ
1702 2646 1748 2672 τον
1768 2645 1875 2680 Πατέρα

1088 2692 1179 2726 φηςὶν,
1197 2691 1245 2725 οὐχ
1269 2691 1361 2722 ἁπλῶς
1387 2691 1512 2726 καθάπερ
1534 2691 1624 2726 ἡμεῖς,
1638 2691 1876 2726 ἁπεριεργότερον,

1087 2738 1152 2763 αὐτὸ
1178 2737 1210 2772 δὴ
1230 2737 1308 2764 τοῦτο
1335 2737 1423 2771 μόνον,
1439 2737 1554 2770 ἐπείπερ
1571 2735 1613 2770 εἴη
1628 2735 1706 2767 (θεὸς,
1721 2735 1778 2762 ἀλλ’
1795 2735 1825 2768 ἐξ
1840 2731 1876 2761 ὧν

1087 2783 1159 2807 ἐπὶν
1169 2781 1247 2812 αὐτὸς
1258 2781 1305 2814 τὴν
1321 2781 1365 2807 τοῦ
1381 2781 1485 2815 Πατρδς
1497 2780 1576 2813 φύῖιν
1589 2779 1783 2815 διισχυρίζεται
1794 2780 1873 2806 νοεῖν.

1098 2827 1204 2861 Ἐπειδὴ
1227 2827 1253 2853 δὲ
1275 2826 1341 2853 οἶδεν
1370 2827 1514 2861 ὑπομένειν
1538 2826 1586 2852 οὐκ
1606 2826 1692 2854 εἰδότα
1709 2827 1813 2862 τροπὴν
1831 2826 1875 2854 τὸν

1194 2922 1215 2935 ττ
1237 2917 1318 2945 Joan.
1341 2926 1365 2947 Ix
1381 2938 1388 2951 .
1412 2918 1454 2946 ιο.
