2030 3122
160 193 188 219 61
683 191 716 219 ΙΝ
736 192 876 220 JOANNlS
891 192 933 219 εν

985 193 1112 221 GELIL‘M
1130 195 1194 222 LIB.
1215 195 1233 223 Ι.
1745 205 1778 232 62

157 251 337 285 γεννήσαντα,
350 248 404 277 οἵδε
428 250 558 285 δηλονότι,
584 253 630 278 καί
647 253 741 280 ἑαυτὸν
763 253 896 288 ἄτρεπτον
912 253 934 284 ἐξ

993 262 1008 279 a
1038 253 1125 282 Patris
1150 255 1289 290 voluntate
1315 257 1462 286 dissentire
1490 258 1586 289 Filium
1609 261 1775 290 existimant.

157 297 293 331 ἀτρέπτου
322 296 427 331 Πατρός
439 305 445 311 ’
464 297 494 323 τὸ
512 297 540 323 δὲ
558 299 660 333 τροπὴν
672 299 721 326 οὐκ
742 299 820 331 είδὸς,
837 300 895 330 πῶς
910 301 942 327 ἂν

156 342 261 376 λέγοιτό
276 350 301 368 τι
322 343 368 368 καὶ
379 343 556 377 ἁμαρτάνειν,
575 344 622 370 καὶ
640 345 700 380 οὐχὶ
715 344 813 380 μᾶλλον
828 344 940 380 ἀκλονή-

156 395 209 417 τως
222 387 251 412 ἐν
262 387 317 417 τοῖς
334 386 408 418 ἰδίοις
421 387 530 414 ἑστάναι
548 390 671 422 φυσικοῖς
691 389 942 425 πλεονεκτήμασιν;

157 431 267 457 Είκαῖον
280 429 327 457 οὖν
341 432 394 467 ἀρα
410 431 464 458 τῶν
482 431 613 459 Ἰουδαίων
621 433 651 459 τὺ
665 434 854 469 κατηγόρημα,
867 434 943 469 παρά

155 476 204 511 τὴν
214 476 262 503 τοῦ
278 477 384 512 Πατρδς
400 477 526 513 βούλησιν
542 479 635 514 ἔτερόν
648 489 674 506 τι
691 481 798 516 φρονεῖν
812 480 942 515 οἰομένων

153 523 200 548 τὸν
220 523 295 550 Υίόν.
311 523 395 558 Τηρεῖ
405 524 468 559 γὰρ,
484 524 522 556 ὦς
537 534 614 560 φησι,
632 526 677 552 τὸν
690 526 769 559 λόγον
785 526 879 560 αὐτοῦ,
894 527 941 553 καὶ

154 570 246 603 ἀγνοεῖ
261 569 291 596 τὸ
305 570 472 605 ἁμαρτάνειν
486 571 608 605 φυσικῶς
622 580 628 587 ·
642 569 696 598 οἶδε
709 573 764 607 γὰρ
776 573 821 599 τὸν
832 573 942 607 Πατέρα

153 614 232 641 τοῦτο
257 614 352 641 παθεῖν
378 615 408 641 οὺ
426 616 584 651 δυνάμενον,
605 613 681 652 ᾧπέρ
708 618 781 643 ἐστιν
801 618 942 653 ὀμοούσιος

153 660 190 690 ὠς
214 659 277 691 Υἱὸς
297 660 432 696 ἀληθινός.
454 661 564 697 Ἐπειδὴ
581 662 609 688 δὲ
633 662 702 697 πρὸς
721 662 800 689 τοῦτό
817 671 882 697 φασι
896 664 941 690 καὶ

152 704 182 730 τὸ
200 705 371 740 συνημμένον
386 707 419 741 τῇ
435 707 498 742 παρ’
512 707 600 734 αὐτῶν
619 708 752 734 ἀντιθέσει
767 717 774 724 ·
796 718 805 733 t
832 709 878 734 Ἐκ
893 717 941 742 γα-

155 750 234 785 στρὸς
264 750 315 786 πρὸ
336 751 491 787 Ἑωσφόρου
523 753 684 788 ὲξεγέννησά
709 760 753 779 σε·
779 763 788 780 ι
817 753 882 788 φέρε
909 754 939 789 δὴ

154 796 246 829 πάλιν,
262 797 308 823 καὶ
324 797 369 824 ἐπὶ
377 798 463 833 τούτῳ
475 798 520 824 τὸν
534 799 584 833 τῆς
596 799 734 831 εὐσεϐείας
742 799 940 834 ἀναπτύξωμεν

152 843 240 876 λόγον.
256 844 293 870 Ui:
310 844 363 880 γὰρ
382 845 529 881 ἐπειδήπερ
546 845 580 872 τὰ
595 846 706 872 τοιαῦτά
724 855 790 881 φησι
812 847 877 882 πρὸς
894 847 939 873 τὸν

152 889 215 915 Υξὺν
229 889 243 914 ὸ
257 889 362 925 Πατὴρ,
380 889 424 916 διὰ
436 890 515 916 τοῦτο
525 890 557 925 δὴ
574 890 682 922 πάντως
694 891 795 918 οἴεσθαι
814 891 877 927 χρὴ,
893 892 938 918 Λό-

151 943 197 967 γον
208 934 258 969 μὲν
271 935 406 969 ὑπάρχειν
423 935 542 970 ἔμφυτον
557 936 640 971 αὐτῷ,
656 936 749 971 ἕτερον
762 936 791 962 δέ
799 945 858 963 τινα
873 946 909 963 πα
915 937 937 971 ρ’

150 979 254 1006 ὶκεῖνον
269 980 369 1007 ἐννοεῖν
390 981 434 1007 τὸν
462 981 540 1007 Υἱόν·
559 981 626 1008 ἀλλά
648 982 755 1016 πρῶτον
781 982 830 1016 μὲν
851 983 938 1008 έκεῖνο

150 1024 209 1050 καθ’
222 1025 336 1057 ἑαυτοὺς
352 1025 542 1061 ἐνθυμώμεθα,
559 1027 600 1052 ὅτι
612 1027 754 1062 προφήτης
763 1028 791 1053 ὲν
804 1027 937 1062 πνεύματι

149 1069 240 1096 λαλεῖν
271 1071 424 1106 μελετήσας
462 1072 609 1107 μυστήρια,
641 1072 670 1098 τὸ
698 1072 842 1108 πρόσωπον
872 1074 937 1107 ἡμῖν

149 1114 326 1149 ὑποκρίνεται
343 1114 390 1140 τοῦ
406 1115 482 1148 Υἱοῦ,
499 1115 545 1141 καὶ
555 1115 586 1149 δὴ
604 1115 651 1142 καὶ
668 1116 786 1150 εἰσφέρει
803 1117 875 1152 παρά
890 1117 936 1143 τοῦ

150 1159 255 1194 [ἰατρὸς
268 1159 400 1186 ἀκούοντα.
414 1160 512 1186 αὐτόν’
535 1170 543 1186 ι
561 1160 623 1192 Υἱός
641 1168 692 1196 μου
710 1159 737 1187 εῐ
756 1161 799 1192 σὺ,
820 1171 828 1187 ι
847 1162 935 1188 καὶτὰ

149 1204 251 1236 τούτοις
266 1205 409 1232 ἀκόλουθα.
430 1205 485 1232 Καὶ
507 1206 537 1232 οὐ
555 1205 640 1241 δήπου
666 1206 802 1242 πάντωςή
821 1207 890 1234 κατά
905 1208 935 1234 τὺ

148 1244 319 1286 ἀνθρώπινον
346 1253 437 1286 σχῆμα
456 1252 588 1287 γενομένη
612 1252 741 1287 διασκευὴ
762 1252 808 1279 δύο
832 1253 934 1287 Λόγους

149 1296 220 1330 ἡμᾶς
237 1297 387 1331 ἀναγκάσει
413 1297 494 1328 νοεῖν,
513 1297 582 1323 ἀλλὰ
596 1299 652 1329 τοῖς
679 1297 823 1332 ἡμετέροις
847 1297 934 1324 ἔθεσιν

148 1339 291 1372 ἀναθέντες
306 1341 356 1377 τὴν
372 1341 415 1368 διὰ
429 1341 484 1368 τῶν
496 1342 624 1368 τοιούτων
634 1342 819 1378 ἀπαραίτητον
833 1343 934 1369 οἰκονο-

150 1385 223 1418 μίαν,
238 1386 420 1422 αἰτιασόμεθα
433 1387 492 1422 μὲν,
508 1387 535 1413 εῐ
548 1395 579 1421 γε
597 1387 649 1423 μὴν
659 1388 824 1424 πράττοιμεν
835 1389 932 1424 ὀρθῶς,

151 1430 195 1464 τῆς
211 1431 314 1458 ἑαυτῶν
327 1431 432 1466 φύσεως
445 1432 493 1467 τὴν
510 1432 660 1466 ἀσθένειαν,
673 1433 734 1460 οὗτε
749 1433 841 1468 λόγους
863 1436 934 1470 ἑχούο

148 1484 208 1510 σης,
223 1475 284 1503 οὔτε
306 1477 358 1512 μὴν
374 1477 490 1513 τρόπους
511 1478 696 1513 θεωρημάτων
712 1480 773 1511 τοὺς
790 1481 845 1512 τοῖς
862 1481 932 1516 ὑπὲρ

149 1522 220 1555 ἡμᾶς
232 1522 389 1557 μυστηρίοις
398 1523 516 1558 ἀκριϐῶς
530 1523 765 1559 διακονουμένους,
782 1525 798 1560 ἢ
813 1526 858 1552 καὶ
870 1527 933 1559 τοὺς

147 1566 319 1600 ἀνεγκλήτως
332 1567 517 1602 διερμηνεύειν
532 1568 672 1603 ἰσχύοντας
688 1570 721 1596 τά
732 1569 931 1605 θεοπρεπέστε-

147 1620 190 1645 ρα.
201 1612 238 1638 Τὸ
251 1613 328 1647 νικᾷν
340 1613 368 1639 δὲ
381 1613 460 1640 πάλιν
476 1614 657 1650 ἐπιτρέψομεν
670 1617 701 1651 τῇ
723 1616 782 1652 θείᾳ
794 1617 872 1651 φύσει
886 1618 931 1645 τὸν

147 1657 174 1682 ὲν
191 1658 257 1693 ἡμῖν
274 1659 334 1685 νοῦν
350 1668 379 1685 τε
394 1659 441 1686 καὶ
461 1660 538 1694 λόγον
550 1681 557 1693 ,
574 1661 622 1696 οὺχ
639 1661 676 1693 ὡς
692 1662 799 1696 λέγεται
821 1663 930 1696 πάντως

147 1703 314 1734 νοοῦντεςτά
335 1704 399 1739 περὶ
424 1705 519 1740 αὐτῆς,
542 1706 597 1732 ἀλλ’
609 1706 646 1738 ὡς
667 1707 734 1743 αὐτῇ
756 1708 864 1744 πρέπει,
884 1710 931 1737 καὶ

148 1747 279 1776 Βοῦλεται.
296 1750 331 1776 Ἢ
354 1751 431 1786 εἴπερ
451 1751 501 1778 οὐκ
526 1751 615 1787 ὀρθῶς
640 1754 697 1785 τοῖς
716 1754 845 1787 τοιούτοις
858 1757 931 1791 ἡμᾶς

146 1793 352 1829 ἀποκεχρῆσθαι
367 1795 455 1830 λόγοις
466 1796 565 1824 οἴονταί
581 1806 653 1830 τινες
665 1798 719 1825 τῶν
732 1800 846 1826 ἀνοσίων
858 1803 931 1837 αίρε-

145 1837 238 1870 τικῶν,
266 1839 316 1874 τήν
339 1840 367 1866 δὲ
382 1841 442 1868 καθ’
463 1842 537 1877 ἡμᾶς
552 1843 707 1871 ἀναϐαίνειν
721 1845 865 1880 συνήθειαν
882 1847 931 1874 οὑκ

146 1883 323 1920 ἐπιτρέπουσι
342 1884 372 1911 τὺ
395 1887 486 1921 σχῆμα
502 1888 548 1914 tu?)
570 1888 659 1922 λόγου,
676 1889 785 1921 δικαίως
800 1892 930 1920 ἀκούσον-

145 1937 188 1955 ται
199 1936 207 1944 ·
234 1930 347 1957 νοείσθω
380 1932 441 1958 καθ’
457 1934 529 1968 ἡμᾶς
551 1936 598 1961 καὶ
627 1936 729 1970 γεννῶν
743 1937 757 1963 ὁ
772 1937 875 1973 Πατὴρ,
893 1941 930 1975 μὴ

145 1974 278 2009 ἀρνείσθω
302 1977 421 2012 γαστέρα
444 1979 490 2005 καὶ
512 1979 561 2011 τὰς
585 1982 631 2007 ἐπὶ
652 1981 691 2017 τῷ
703 1982 805 2009 τίκτειν
819 1983 926 2017 ὠδῖνας.

147 2030 156 2045 ι
173 2021 220 2047 Ἐκ
234 2023 351 2057 γαστρὸς
366 2033 375 2047 ι
389 2025 441 2059 γὰρ
452 2034 460 2050 t
481 2025 642 2062 ὲξεγέννησά
655 2036 695 2060 σε,
713 2037 721 2053 ι
737 2029 802 2064 φησὶ
814 2029 853 2064 τῷ
862 2030 927 2066 Υίῷ.

151 2066 219 2093 Ἀλλ’
246 2070 311 2100 ἴσως
339 2070 438 2105 μᾶλλον
457 2071 484 2097 δὲ
500 2072 599 2104 πάντες
619 2074 726 2109 ἐροῦσιν
750 2076 781 2102 ὲκ
798 2076 848 2110 τῆς
868 2078 929 2104 καθ’

145 2115 216 2149 ἡμᾶς
236 2114 393 2150 ὁμοιότητος
422 2117 471 2151 τὴν
488 2118 530 2152 ἐφ’
554 2118 612 2153 Υἱῷ
634 2120 748 2155 γνησίαν
772 2122 853 2149 ὠδῖνα
880 2131 930 2158 ση-

145 2160 285 2193 μαίνεσθαι
313 2161 358 2188 τοῦ
391 2163 505 2198 Πατρός.
531 2165 635 2192 οὐκοῦν
669 2167 789 2200 εὐσεϐῶς
818 2170 930 2197 κάκεῖνο

144 2204 265 2237 νοείσθω,
281 2205 332 2232 κᾶν
346 2206 382 2239 ὡς
412 2208 440 2233 ὲν
462 2209 623 2246 ἀνθρωπίνῳ
649 2211 769 2239 λαλεῖται
794 2215 927 2250 σχήματί,

997 300 1092 344 §ervat
1107 301 1179 329 enim
1187 289 1254 336 .ejus
1271 310 1424 331 sermonem
1438 325 1445 337 ,
1460 308 1489 332 ut
1504 306 1559 338 ait,
1575 310 1601 334 et
1615 312 1712 335 natura
1727 317 1776 336 sua

994 350 1149 384 expersest
1174 347 1313 382 peccandi.
1338 348 1394 376 Srit
1419 351 1492 378 enim
1516 352 1590 380 istud
1613 353 1640 380 in
1666 353 1775 382 Patrem

992 391 1088 418 cadere
1116 399 1169 418 non
1190 400 1290 427 posse,
1318 394 1362 421 cui
1389 395 1636 425 consubstantialis
1655 403 1717 432 est,
1747 400 1774 426 in

991 440 1123 470 quantum
1145 437 1230 465 Filius
1252 447 1342 467 verus.
1360 439 1420 467 Jam
1444 448 1519 473 vero,
1539 449 1600 468 cum
1625 443 1774 478 objectioni

992 489 1048 508 sua:
1061 485 1182 510 attexant
1194 484 1268 516 illud,
1286 493 1295 510 ι
1311 484 1348 511 Ex
1365 490 1442 513 utero
1453 489 1516 513 ante
1527 486 1682 514 Luciferum
1694 490 1774 523 genui

991 527 1056 560 te",
1085 536 1095 553 ι
1122 529 1248 562 agedum,
1279 530 1386 563 pietatis
1412 531 1565 558 doctrinam
1596 531 1640 558 hic
1666 540 1774 560 rursum

990 573 1169 607 explicemus.
1185 574 1243 601 Non
1257 575 1328 602 enim
1342 583 1376 602 ex
1395 584 1428 603 eo
1449 577 1521 611 quod
1538 577 1618 604 Pater
1635 577 1728 605 isthth
1741 579 1773 606 ad

991 617 1087 644 Filium
1105 618 1182 650 dicit,
1199 619 1302 647 idcirco
1324 621 1472 655 putandum
1510 625 1552 648 est
1574 621 1698 648 innatant
1714 623 1774 656 qui-

992 662 1053 689 dem
1075 664 1099 691 ei
1120 672 1182 692 esse
1202 664 1338 697 Verbum,
1358 667 1405 694 sed
1431 667 1504 693 aliud
1524 666 1652 701 quiddam
1680 668 1713 694 ab
1729 668 1774 694 illo

992 709 1202 743 concipiendum
1224 717 1286 738 esse
1305 709 1403 738 Filium
1423 719 1429 737 :
1448 718 1541 738 verum
1563 711 1628 738 illud
1656 712 1772 746 primum

991 754 1060 788 apud
1077 762 1126 783 nos
1148 756 1365 791 perpendamus,
1386 757 1458 791 quod
1475 764 1537 784 cum
1558 757 1695 791 propheta:
1710 765 1771 792 pro-

990 799 1109 833 positum
1126 804 1199 828 esset
1215 801 1243 827 in
1262 801 1360 836 spiritu
1384 801 1456 836 loqui
1473 802 1612 836 mysteria.
1629 808 1771 835 personam

992 844 1071 871 nobis
1094 845 1171 880 ﬁngit
1189 845 1262 878 Filii,
1281 846 1402 881 adeoque
1427 846 1532 873 inducit
1559 847 1646 882 ipsum
1663 854 1678 872 a
1693 846 1772 873 Patre

990 891 1165 918 audientem:
1187 900 1196 917 ι
1216 890 1302 919 Filius
1319 899 1397 919 meus
1421 899 1450 919 es
1476 892 1552 924 tu",
1573 901 1582 917 ι
1599 895 1625 918 et
1644 899 1704 926 qua:
1730 899 1772 919 sc-

989 940 1122 970 quuntur.
1141 937 1232 972 Neque
1247 944 1311 964 vero
1327 937 1447 964 humano
1462 945 1539 965 more
1551 937 1639 965 eliicta
1656 938 1769 970 locutio,

988 982 1042 1010 duo
1063 983 1148 1011 Verba
1167 983 1316 1018 intelligere
1336 991 1387 1011 nos
1416 983 1522 1019 adiget,
1539 983 1587 1011 sed
1602 984 1635 1010 ad
1650 988 1770 1011 nostram

988 1029 1212 1056 consuetudinem
1240 1029 1397 1056 istiusmodi
1433 1029 1619 1056 necessarium
1643 1029 1769 1064 loquendi

988 1083 1075 1109 genus
1090 1074 1241 1102 referentes
1254 1095 1261 1107 ,
1282 1082 1336 1102 non
1352 1074 1455 1109 injuria
1478 1079 1578 1102 nostrae
1599 1080 1704 1101 natura:
1720 1076 1770 1101 im-

988 1121 1163 1149 becillitatem
1191 1120 1400 1151 accusabimus.
1430 1121 1474 1147 cui
1500 1120 1598 1148 desunt
1632 1121 1714 1147 verba
1742 1124 1769 1147 et

986 1166 1246 1200 contemplationes,
1280 1172 1339 1199 quae
1369 1165 1507 1199 mysteriis
1540 1164 1649 1200 ingenio
1666 1169 1769 1194 ,nostro

986 1210 1128 1236 altioribus
1147 1214 1240 1236 exacte
1264 1209 1432 1243 e‘plicandis
1459 1210 1629 1240 inserviant.
1662 1214 1709 1236 aut
1725 1217 1769 1237 res

985 1256 1077 1283 deitati
1106 1259 1289 1290 congruentes
1328 1255 1465 1290 inculpata
1506 1255 1559 1291 34
1595 1256 1769 1291 interpretari

985 1302 1118 1328 valeant:
1143 1300 1190 1328 sed
1215 1305 1342 1327 naturam
1372 1307 1453 1335 porro
1476 1300 1596 1327 divinant
1623 1305 1712 1330 mente
1743 1305 1769 1327 et

985 1348 1108 1375 oratione
1126 1351 1218 1374 nostra
1239 1347 1408 1381 superiorem
1435 1353 1496 1373 esse
1523 1345 1687 1378 fatebimur,
1715 1354 1768 1373 nou

985 1393 1095 1429 perinde
1115 1397 1195 1427 atque
1219 1391 1356 1420 dicuntur.
1374 1399 1418 1418 res
1443 1391 1551 1418 divinas
1569 1392 1661 1418 anitno
1690 1392 1769 1426 plane

984 1439 1133 1474 capientes,
1150 1438 1196 1465 sed
1217 1440 1297 1472 prout
1317 1437 1368 1471 ipsi
1390 1437 1566 1468 conveniunt,
1587 1443 1690 1471 easque
1709 1437 1767 1463 vult

985 1492 998 1512 a
1014 1484 1092 1512 nobis
1111 1482 1313 1518 comprehendi.
1344 1482 1469 1517 Alioqui,
1499 1482 1522 1509 si
1551 1489 1693 1516 perperam
1715 1490 1766 1509 nos

984 1529 1136 1557 istiusmodi
1148 1528 1220 1556 abuti
1234 1527 1323 1555 verbis
1339 1527 1457 1554 haeretici
1477 1527 1586 1562 quidam
1599 1527 1766 1558 existimant,

946 1586 967 1616 ο
983 1580 1009 1604 et
1023 1575 1149 1610 loquendi
1165 1582 1250 1610 genus
1268 1573 1300 1600 ad
1327 1578 1448 1601 nostram
1471 1573 1696 1601 consuetudinem
1724 1581 1768 1600 ac-

982 1621 1107 1649 commod
1118 1621 1156 1648 ari
1169 1620 1275 1652 nolunt,
1286 1619 1347 1654 jure
1361 1619 1471 1648 audient
1485 1628 1490 1645 :
1508 1619 1660 1646 Censeatur
1674 1623 1767 1646 nostro

982 1675 1091 1702 quoque
1120 1674 1195 1694 more
1223 1666 1302 1693 Pater
1330 1666 1461 1701 gignere;
1492 1670 1586 1692 uterus
1617 1668 1643 1691 et
1670 1669 1762 1699 partus

982 1713 1091 1740 dolores
1112 1712 1137 1740 ei
1160 1720 1221 1739 esse
1244 1719 1297 1738 non
1324 1717 1466 1745 negentur.
1486 1719 1494 1735 ι
1513 1709 1550 1737 Ex
1571 1713 1649 1736 utero
1664 1719 1672 1735 ι
1695 1710 1738 1736 cui
1752 1720 1766 1736 ιι

984 1757 1092 1793 «genui
1118 1761 1160 1788 te,
1191 1766 1199 1782 ι
1234 1756 1323 1790 inquit
1356 1755 1435 1782 Filio.
1472 1753 1524 1781 Sed
1561 1754 1766 1789 respondebunt

983 1802 1085 1834 forsan,
1096 1801 1180 1828 nostri
1193 1799 1382 1831 similitudine,
1394 1807 1488 1826 vertun
1503 1799 1529 1825 in
1546 1798 1613 1825 Filio
1633 1798 1768 1833 gigni-udo

982 1852 1088 1883 partum
1107 1847 1255 1882 significari
1273 1846 1373 1874 Patris.
1393 1845 1486 1880 Itaque
1508 1845 1551 1880 pie
1575 1845 1640 1872 illud
1666 1845 1767 1872 intelli-

981 1898 1076 1928 gatur.
1103 1892 1209 1919 tametsi
1236 1892 1353 1918 humano
1372 1898 1446 1918 more
1465 1890 1584 1922 dicitur,
1613 1893 1694 1924 atque
1721 1890 1757 1915 ita

982 1939 1102 1967 solvetur
1129 1937 1229 1964 acerba
1253 1937 1374 1971 ipsorum
1392 1941 1419 1962 et
1439 1935 1520 1969 impia
1537 1934 1664 1968 objectio.
1686 1934 1765 1960 Sulli-

981 1987 1073 2012 eercnt
1087 1983 1191 2014 istlnec,
1208 1986 1235 2008 ut
1255 1988 1326 2008 reor.
1343 1980 1394 2007 Sed
1410 1987 1471 2007 cuin
1491 1979 1570 2007 nobis
1593 1980 1764 2014 propositum

981 2031 1016 2057 sit
1028 2029 1134 2056 illorum
1149 2026 1319 2062 objectioncs
1334 2025 1437 2052 nefarie
1455 2024 1586 2052 conliatas
1599 2032 1647 2052 ceu
1668 2032 1762 2060 quam—

981 2075 1042 2103 dam
1066 2075 1184 2102 hostium
1200 2077 1317 2099 tttrtnam
1336 2071 1442 2106 piorum
1459 2070 1616 2105 dogmatum
1647 2071 1766 2098 sinceri-

982 2125 1037 2148 tate
1049 2119 1240 2154 comprimere,
1265 2116 1391 2152 agedum,
1405 2115 1440 2144 iis
1463 2115 1560 2143 ordine
1577 2116 1677 2150 cuique
1701 2123 1764 2142 con-

980 2166 1100 2194 vcnienti
1115 2163 1263 2200 propositis
1276 2183 1282 2195 ,
1300 2162 1468 2190 contrarium
1484 2168 1654 2196 opponamus
1666 2181 1673 2193 ,
1695 2165 1720 2187 et
1738 2160 1765 2188 iu

982 2220 1029 2240 cas
1044 2212 1208 2239 instructam
1228 2208 1355 2236 doctrina
1380 2214 1486 2241 semper
1502 2205 1640 2233 victricem
1666 2206 1765 2232 verita-

144 2251 189 2276 καὶ
200 2250 308 2278 λέλυται
321 2251 350 2278 τὸ
365 2254 462 2289 πικρὸν
475 2255 565 2282 αὐτῶν
586 2257 632 2283 καὶ
647 2257 752 2284 ἀνόσιον
771 2260 925 2295 πρόϐλημα.

985 2266 1032 2286 .em
1044 2262 1177 2292 generosa
1189 2259 1278 2282 mente
1287 2260 1434 2280 armemus.
1449 2251 1554 2279 Rursus
1561 2255 1649 2278 autem
1661 2251 1765 2278 lucreti-

150 2296 274 2342 Ἐξήρκει
290 2298 339 2332 μὲν
359 2297 415 2331 οὖν,
429 2300 466 2331 ὡς
483 2298 569 2336 οἴμαι,
587 2303 633 2328 καὶ¹
654 2303 748 2331 ταῦτα.
777 2306 883 2342 Ἐπειδὴ
899 2307 928 2334 δὲ

143 2341 240 2388 χρῆναι
257 2342 311 2369 δεῖν
324 2344 513 2388 ῦπειλήφαμεν
527 2346 560 2373 τὰ
582 2347 614 2374 ἐκ
628 2349 677 2383 τῆς
693 2350 803 2376 ἐκείνων
817 2341 928 2388 δυστρο-

143 2385 208 2417 πίας
223 2387 399 2423 ἐπινοηθέντα
424 2389 613 2425 προϐλήματα,
630 2391 755 2428 καθάπερ
767 2393 827 2420 τινὰ
846 2385 925 2421 πολε-

144 2430 213 2464 μίων
225 2431 319 2467 ἐσμὸν,
346 2434 378 2469 τῇ
403 2434 457 2460 τῶν
486 2435 605 2462 εὐσεϐῶν
630 2436 772 2472 δογμάτων
801 2439 926 2475 ὀρθότητι

981 2311 1075 2332 corum
1084 2301 1199 2336 objectio
1209 2299 1373 2336 syllogismis
1381 2299 1466 2333 ipsam
1475 2297 1642 2325 diluentibus
1650 2297 1766 2332 praemit-

982 2355 1064 2383 tctur,
1075 2356 1134 2384 qum
1144 2346 1339 2383 disputationis
1352 2347 1483 2372 rationem
1497 2350 1625 2372 accurato
1638 2344 1765 2377 subjiciat

979 2395 1107 2427 examini,
1118 2398 1144 2422 et
1158 2394 1244 2421 instar
1252 2393 1337 2427 rapidi
1348 2391 1490 2426 cujusdam
1504 2390 1763 2417 ﬂuminislcctorum

980 2442 1085 2469 animos
1098 2441 1202 2467 alacres
1220 2439 1289 2466 ferat
1304 2437 1337 2465 ad
1363 2436 1550 2472 percipiendas
1564 2434 1762 2470 oppositiones.

143 2478 369 2512 κατακρούεσθαι,
384 2479 449 2515 φέρε
459 2479 490 2515 δὴ
503 2481 671 2516 παραθέντες
701 2483 769 2511 αὐτὰ
783 2487 852 2513 κατά
878 2487 954 2523 λόγον
985 2490 1091 2523 ἑκάστῳ
1120 2487 1164 2513 τὸν
1190 2487 1292 2517 δέοντα,
1309 2485 1339 2511 τὸ
1363 2483 1535 2511 ἀντιστατοῠν
1556 2482 1764 2517 ἀντεγείρωμςν,

143 2522 188 2548 καὶ
203 2522 374 2559 θερμοτέρως
390 2527 448 2551 κατ’
461 2526 551 2553 αὐτῶν
565 2527 749 2564 ἐξοπλίσωμεν
760 2531 918 2568 θεωρήμασι
936 2535 984 2570 τὴν
997 2535 1039 2561 ἀεὶ
1054 2522 1171 2560 νικῶσαν
1186 2532 1327 2567 ἀλήθειαν·
1341 2530 1485 2566 πρόϐλημα
1503 2529 1531 2555 δὲ
1546 2528 1634 2559 πάλιν,
1648 2528 1685 2559 ὡς
1701 2537 1765 2563 παρ’

142 2567 253 2594 ἐκείνων
263 2568 316 2594 τῶν
329 2569 491 2598 ἐπιλυόντων
515 2572 580 2599 αὐτὸ
604 2574 799 2611 συλλογισμῶν,
822 2567 1015 2612 προτετάξεται
1041 2579 1091 2614 τὴν
1101 2578 1146 2605 τοῦ
1163 2578 1242 2611 λόγου
1254 2576 1346 2611 νῆψιν,
1369 2576 1408 2607 είς
1438 2574 1636 2610 ἀκριϐεστέραν
1668 2576 1765 2609 χωρεῖν

143 2612 262 2646 ὲρεθίζον
277 2613 403 2648 βάσανον,
418 2616 464 2642 καὶ
481 2617 643 2650 οἱονείτινος
655 2621 777 2656 ποταμοῦ
810 2622 944 2658 ῥεύματος
963 2612 1074 2659 φθορὰν,-
1098 2623 1144 2649 ἐπὶ
1167 2622 1198 2647 τὸ
1219 2621 1321 2656 πρανὲς
1344 2621 1403 2647 ὲκεῖ
1428 2619 1580 2655 καταφέρον
1600 2619 1649 2654 τὴν
1668 2619 1714 2646 ἐπὶ
1735 2621 1764 2647 τδ

143 2659 285 2705 βούλεσθαι
309 2660 339 2686 τὸ
352 2661 497 2689 ἀντιτεῖνον
512 2664 656 2698 μανθάνειν
677 2665 720 2692 ἀεὶ
736 2666 790 2694 τῶν
806 2669 1004 2705 ἐντευξομένων
1020 2669 1124 2704 ἀγαθὴν
1141 2667 1306 2703 πρσουμίανο

143 2703 312 2738 Ιιρόὄλημα,
328 2704 393 2739 ἤτοι
413 2707 564 2741 ἀντίθεσις
581 2710 621 2743 ὡς
641 2710 675 2737 ἐκ
690 2711 748 2738 τῶν
763 2703 925 2747 αἰρετικῶνξ

179 2749 209 2776 Et
225 2750 262 2784 μὴ
273 2751 376 2786 ἕτερος,
395 2753 486 2786 φασὶν,
504 2754 651 2790 ἐνυπάρχει
671 2757 708 2791 τῷ
730 2757 789 2793 Θεῷ
813 2759 859 2785 καὶ
875 2760 928 2787 Πα-

144 2794 188 2829 τρὶ
202 2795 300 2829 Λόγος,
312 2796 441 2832 adcubat];
456 2807 484 2825 τε
507 2800 553 2826 καὶ
571 2801 720 2834 ἐνδιάθετος
746 2804 819 2840 παρὰ
836 2805 879 2832 τὴν
900 2805 929 2836 ἐξ

183 2882 205 2898 ⁷³
226 2884 297 2912 Psal.
319 2893 371 2917 ειν.
385 2886 410 2913 '6.
450 2888 470 2902 ⁷⁹
491 2887 562 2917 Psal.
581 2897 610 2921 tt,
629 2890 654 2917 7.

1089 2713 1236 2748 Oppositio,
1255 2713 1307 2739 sire
1330 2711 1439 2746 objr'ctio
1454 2711 1643 2738 Itwreticorum.

1012 2760 1080 2792 Nisi,
1100 2759 1238 2794 inquiunt,
1254 2759 1280 2785 in
1297 2758 1351 2785 Deo
1365 2762 1392 2784 et
1409 2757 1488 2784 l‘att‘c
1505 2755 1621 2783 Verbum
1644 2756 1678 2782 sit
1695 2763 1762 2781 con-

980 2805 1160 2834 substantialc
1175 2809 1201 2833 ct
1220 2805 1367 2836 internum,
1387 2803 1458 2830 aliud
1477 2804 1509 2830 ab
1532 2803 1676 2839 Unigenito
1695 2800 1762 2828 Filio
1808 2818 1815 2837 ι
