2030 3122
134 182 170 210 65
678 173 710 200 IN
728 171 869 200 JOANNIS
887 169 1110 197 EVANGELIUM
1131 169 1195 198 LIB.
1215 171 1234 197 I.
1730 172 1764 200 06

136 246 196 270 τος,
212 237 291 271 εἴπερ
310 234 420 270 ἐξαρκεῖ
445 233 491 260 τὸν
509 232 559 268 τῆς
581 231 732 267 μεταϐολῆς
755 230 855 266 τρόπον
869 230 926 265 ἦτοι

981 228 1053 255 ratio
1071 229 1315 257 transmutationis
1331 234 1378 257 aut
1392 231 1563 266 migrationis
1577 229 1687 258 modum
1700 238 1757 267 sup-

135 282 329 319 μεταστάσεως
349 281 364 306 6
385 279 435 314 τῆς
464 277 674 314 ὁμοουσιότητος
702 277 790 311 λόγος.
820 275 924 303 Οὐκοῦν

133 327 248 356 νοείσθω
266 326 362 361 Πατὴρ
373 327 387 352 6
401 325 475 357 Υἱὸς,
488 324 590 357 λεγέτω
600 323 640 354 δὲ,
651 322 690 354 ὡς
704 322 783 348 τοῦτο
795 321 925 356 ὑπάρχων

133 374 196 409 ἤδη,
216 373 284 408 πρὸς
298 372 343 398 τὸν
358 370 466 406 ἀληθῶς
484 370 548 396 ὄντα
564 368 675 404 Πατέρα
689 376 696 383 ·
718 377 727 393 ι
747 367 795 394 Ἐκ
809 366 926 401 γαστρδς

133 420 188 456 πρὸ
211 419 352 453 ἑωσφόρου
376 415 541 451 ὲξεγέννησά
567 421 615 441 σε·
640 423 649 440 ι
668 412 882 448 ἀναλαμϐανέτω
897 411 926 438 δὲ

132 467 172 498 εἰς
189 465 284 492 ἑαυτὸν
301 465 347 491 καὶ
371 464 462 490 πᾶσαν
484 461 577 492 ἁπλῶς
592 460 642 496 τὴν
659 459 746 495 Ilath
767 458 927 494 πρέπουσαν

133 511 240 546 φωνήν.
268 507 305 536 Οὔ
332 509 364 544 δὴ
378 506 530 542 γεγονότος,
549 505 580 532 τὸ
607 506 661 532 πᾶν
685 504 735 539 ήδη
750 504 926 538 συγκέχυται,

133 556 181 582 καὶ
196 556 227 581 τὸ
246 554 290 581 dei.
312 552 442 584 ὡσαύτως
465 552 543 586 ἔχον,“
561 549 634 577 τοῦτ’
653 549 739 580 ἐστιν,
762 549 779 584 ἢ
797 548 863 583 ἁγία
881 547 929 574 καὶ

131 600 278 635 ὁμοούσιος
295 598 380 633 Τριὰς
404 597 604 632 συσταλήσεται
629 595 698 631 πρὸς
722 594 802 621 ἑνάδα
823 593 927 626 λοιπὸν,

133 647 213 682 εἴπερ
227 646 257 672 τὸ
269 645 377 680 ἑκάστῳ
404 643 507 678 κυρίως
521 651 551 669 τε
575 642 623 669 καὶ
640 640 794 673 ἰδιαζόντως
811 640 927 676 προσὸν,

133 692 173 728 τῷ
202 692 252 727 τῆς
283 689 493 726 ὁμοουσιότητος
523 687 738 723 ἀφανισθήσεται
769 686 852 721 λόγῳ,
881 685 929 712 καὶ

133 737 281 774 ἀνατρέψει
295 737 344 772 τὴν
356 735 412 762 τῶν
431 734 587 770 προσώπων
609 733 751 768 διαστολὴν
772 734 789 768 ὴ
812 732 860 768 τῆς
877 731 928 766 φύ-

140 793 212 816 σεως
223 783 367 818 ταυτότης.
385 781 466 808 Ἀλλὰ
485 780 563 807 τοῦτο
587 779 696 807 ἄτοπον.
711 779 767 806 Οὺκ
783 779 836 814 ἄρα
854 778 928 804 ἔσται

134 829 221 863 Λόγος
238 829 251 854 6
266 826 371 862 Πατὴρ,
389 825 427 857 ὡς
449 824 592 860 ὀμοούσιος
614 824 704 859 Λόγῳ,
722 824 797 858 μενεῖ
810 822 838 848 δὲ
853 822 929 858 ἀτρε-

137 882 217 906 πτος,
232 872 311 899 τοῦτο
336 871 466 906 ὑπάρχων
486 870 554 905 ὅπερ
573 869 643 901 ἐστὶ,
661 868 711 895 κᾶν
733 867 782 904 ἔχῃ
804 867 871 902 πρὸς
882 866 928 893 τὸν

977 272 1094 308 peditat.
1111 273 1206 308 Itaque
1219 278 1365 301 censeatur
1388 275 1468 302 Pater
1482 283 1544 304 esse
1559 275 1656 307 Filius.
1677 283 1765 310 eoque

977 320 1089 346 nomine
1117 319 1228 346 demum
1260 320 1292 347 ad
1319 329 1412 348 verum
1440 322 1549 349 Patrem
1580 315 1676 349 dicat:
1698 331 1707 347 ι
1726 322 1764 349 Ex

976 369 1055 393 utero
1072 369 1136 393 ante
1158 365 1314 393 Luciferum
1330 367 1409 401 genui
1426 371 1453 394 te
1467 368 1501 399 ε’,
1517 377 1526 393 ι
1543 368 1650 402 sibique
1662 368 1689 394 in
1704 369 1765 394 uni-

976 418 1085 438 versum
1103 411 1256 446 quamlibet
1283 419 1377 439 vocem
1407 411 1481 438 Patri
1496 413 1706 440 convenientem
1722 420 1766 439 ar-

976 461 1064 491 roget.
1080 456 1160 490 Quod
1176 457 1199 485 si
1216 457 1319 484 factum
1347 457 1438 490 fuerit,
1460 457 1552 484 omnia
1577 458 1685 485 demum
1699 465 1766 485 con-

976 502 1136 535 l'undentur,
1152 506 1180 530 et
1193 502 1267 538 quod
1284 502 1380 530 eodem
1400 510 1430 530 se
1448 502 1532 529 modo
1549 510 1656 537 semper
1672 503 1765 535 habet,

977 547 1029 575 hoc
1048 551 1091 575 est
1116 551 1212 575 sancta
1241 550 1268 574 et
1293 547 1544 574 consubstantialis
1569 547 1699 579 Trinitas,
1732 547 1766 574 ad

978 593 1113 621 unitatem
1149 593 1341 626 contrahetur,
1363 593 1387 621 si
1405 593 1478 628 quod
1492 592 1641 628 unicuique
1656 593 1768 628 proprie

977 643 1004 666 et
1024 638 1202 673 peculiariter
1228 638 1312 671 inest,
1336 638 1638 666 consubstantialitatis
1659 638 1768 665 ratione

978 685 1111 716 deleatur,
1126 688 1154 711 et
1171 692 1353 720 personarum
1370 684 1585 713 distinctionem
1604 690 1708 713 evertat
1722 693 1768 713 na-

978 734 1046 758 tura:
1060 730 1202 758 identitas.
1221 730 1275 758 Sed
1310 731 1364 759 hoc
1393 731 1546 759 absurdum
1564 736 1627 760 est:
1647 740 1700 760 non
1714 733 1768 760 erit

978 785 1043 812 ergo
1055 776 1177 804 Verbum
1188 776 1280 810 Pater,
1296 781 1391 812 utpote
1398 777 1490 806 Verbo
1504 778 1767 813 consubstantialis;

979 823 1027 850 sed
1058 822 1239 850 immutabilis
1269 823 1402 856 manebit,
1417 823 1558 851 exsistens
1573 823 1601 850 id
1617 824 1690 858 (βιοὰ
1714 830 1767 857 est,

978 868 1044 895 licet
1059 875 1121 895 cum
1142 875 1193 895 suo
1204 867 1295 895 Verbo
1312 867 1436 902 ejusdem
1451 868 1486 895 sit
1509 872 1614 896 naturae
1628 869 1686 896 sive
1703 869 1768 896 sub-

135 920 202 947 ιδιον
227 919 314 952 Λόγον
338 916 369 943 τὸ
385 916 504 951 όμοφυὲς
522 915 581 950 ἤτοι
595 914 626 941 τὸ
641 913 792 949 όμοούσιον.
808 913 863 940 Καὶ
884 912 927 939 δέ-

978 913 1098 941 stantiat.
1130 915 1221 948 Atque
1251 913 1290 940 ita
1318 912 1428 940 demum
1448 921 1519 941 vana
1535 921 1596 942 esse
1612 913 1768 942 ostenditur

132 965 241 992 δεικται
251 963 344 990 λοιπὸν
356 963 459 989 εἰκαῖον
471 957 501 987 τδ
516 960 629 987 ἐκείνων
645 959 802 995 πρόϐλημα.

169 1011 272 1038 ΛΛΛΟ.
291 1011 321 1036 Εί
337 1010 391 1041 πᾶς
409 1009 488 1042 λόγος
508 1006 580 1038 τινός
597 1007 655 1033 ὲστι
678 1005 767 1040 λόγος,
786 1004 833 1032 τοῦ
859 1013 928 1040 προ-

133 1057 242 1092 χέοντος
265 1056 320 1082 ἀπὸ
348 1054 470 1089 γλώττης
501 1052 632 1088 δηλονότι,
655 1051 671 1086 ἢ
694 1051 742 1079 καὶ
762 1051 794 1077 ὲκ
816 1050 929 1086 καρδίας

133 1102 316 1138 ὲρευγομένου
345 1099 391 1127 καὶ
419 1099 600 1134 ἀναφέροντος
617 1105 623 1111 ·
651 1096 728 1123 ἔσται
754 1096 782 1122 δὲ
807 1096 892 1129 Λόγος
914 1095 929 1121 6

135 1149 241 1184 Πατὴρ,
257 1147 372 1182 ἐπείπερ
382 1145 456 1171 ἐστὶν
467 1144 610 1179 ὁμοούσιος
623 1143 702 1178 Λόγῳ
715 1149 721 1156 ·
738 1141 834 1168 ἑαυτοῦ
843 1141 929 1175 Λόγος

134 1195 212 1222 ἔσται
237 1193 340 1224 λοιπὸν,
369 1190 469 1227 μᾶλλον
501 1189 530 1216 δὲ
561 1189 679 1221 οὐδενὸς,
694 1188 711 1223 ἢ
727 1188 774 1214 καὶ
789 1187 856 1218 ὅλως
880 1187 929 1222 οὐχ

135 1241 264 1276 ὑπάρχει.
283 1238 346 1269 Πῶς
362 1237 416 1272 γὰρ
437 1236 514 1262 ἕσται
530 1235 627 1268 Λόγος,
647 1233 685 1268 μὴ
700 1233 776 1264 ὄντος
795 1231 879 1265 τινος,
895 1229 926 1259 οὗ

135 1285 222 1319 Λόγος
237 1284 327 1317 tactv;
351 1282 431 1309 Ἀ)λά
440 1280 519 1308 τοῦτο
531 1280 640 1307 ἄτοπον.
653 1279 690 1305 Οὐ
702 1279 757 1314 γὰρ
773 1279 849 1305 ἔσται
858 1277 929 1305 ’ποτὲ

135 1330 183 1357 τοῦ
200 1330 238 1366 μὴ
262 1327 333 1356 εἶναι
355 1326 466 1362 δεκτικὴ
491 1327 508 1362 ὴ
540 1325 600 1352 θεία
617 1325 664 1352 καὶ
678 1324 817 1360 ἀκήρατος
835 1323 927 1358 φύσις,

135 1374 196 1402 οὐδὲ
225 1372 416 1409 μεταχωρήσει
448 1371 487 1402 εις
517 1369 606 1404 Λόγον
634 1369 698 1396 ποτὲ
720 1369 735 1394 6
754 1368 859 1403 Πατὴρ,
876 1368 930 1394 κᾶν

136 1421 285 1457 ὁμοοὺσιος
313 1419 424 1454 ὑπάρχῃ
456 1416 550 1451 Λόγῳ·
566 1415 641 1451 μένει
666 1414 695 1441 δὲ
713 1413 818 1449 Πατὴρ,
835 1410 865 1439 οὗ
882 1414 930 1440 καὶ

136 1467 223 1501 Λόγος
238 1465 313 1492 ἐστὶν
323 1465 338 1491 6
350 1464 424 1496 Υἱός.

171 1552 274 1579 ΑΛΛΟ.
300 1551 332 1577 El
360 1548 464 1585 τροπῆς
492 1547 599 1582 ἀπάσης
620 1546 667 1573 καὶ
686 1545 854 1578 ἀλλοιώσεως
879 1546 929 1581 τῆς

137 1598 209 1625 κατὰ
222 1597 268 1624 τὸν
284 1595 334 1630 τῆς
358 1593 511 1625 οὺσιώσεως
528 1593 607 1626 λόγον
629 1593 642 1628 ἡ
658 1591 717 1619 θεία
730 1591 810 1626 φύσις
830 1592 925 1618 ἀνεπί-

135 1646 229 1676 δεκτος
257 1641 328 1670 εἶναι
351 1641 531 1672 πιστεύεται,
560 1638 619 1670 πῶς
647 1638 693 1665 τὸν
720 1639 818 1665 οἰκεῖον
832 1638 925 1673 ὥσπερ

136 1691 216 1726 ἀφεὶς
232 1689 324 1721 τόπον,
336 1688 376 1720 εἰς
389 1687 420 1713 τὸ
435 1686 505 1713 εἶναι
520 1686 606 1719 Λόγος
618 1685 632 1711 6
648 1684 742 1720 Πατὴρ
757 1685 925 1720 μεταστήσε-

136 1746 199 1770 ται;
214 1736 325 1771 Τροπῆς
335 1734 388 1769 γὰρ
401 1733 477 1760 ἔσται
488 1731 664 1764 δεκτικὸς,ὡς
675 1731 704 1764 ἐξ
714 1731 836 1766 ἀνάγκης
847 1731 926 1757 τοῦτο

137 1783 243 1814 παθὼν,
252 1783 266 1808 6
280 1781 360 1812 αὐτὸς
373 1780 401 1807 δὲ
414 1779 465 1805 οὐκ
478 1778 567 1810 ἔσται,
578 1777 615 1813 μὴ
628 1777 750 1813 τηρήσας
764 1777 832 1812 ὅπερ
845 1775 879 1812 ἦν
894 1775 923 1809 ἐξ

136 1826 234 1862 ἀρχῆς.
244 1826 275 1852 Εἰ
294 1825 322 1851 δὲ
332 1823 411 1850 τοῦτο
433 1824 532 1850 ἄτοπον
546 1831 554 1838 ·
569 1822 600 1849 τὸ
615 1822 668 1858 γὰρ
689 1821 859 1849 ἀλλοιοῦσθαι
876 1822 925 1857 τῆς

137 1873 212 1904 θείας
227 1871 334 1906 φύσεως
349 1869 487 1901 παντελῶς
504 1868 644 1903 ἀλλότριον
655 1876 662 1883 ⁸
676 1868 727 1895 οὐκ
737 1867 791 1903 ἄρα
803 1868 859 1900 ἕξει
875 1867 925 1902 τὴν

138 1917 291 1953 μεταϐολὴν
316 1916 366 1952 τὴν
392 1916 432 1947 εἰς
447 1915 533 1948 Λόγον
549 1915 564 1940 6
584 1913 689 1949 Πατὴρ,
704 1913 761 1940 ἀλλ’
775 1914 852 1940 ἔσται
868 1914 924 1940 Πα-

136 1965 189 2001 τὴρ
214 1964 274 1998 ἀεὶ,
299 1963 330 1989 τὸ
359 1962 494 1997 ἄτρεπτον
525 1959 593 1996 ἔχων
617 1960 664 1986 καὶ
693 1959 870 1987 ἀναλλοίωτον
887 1959 924 1992 ὡς

136 2010 212 2041 Θεός.

172 2054 263 2082 ΛΛΛΟ
286 2053 321 2080 ἐκ
337 2051 390 2079 τοῦ
404 2050 508 2083 αὐτοῦ,
527 2049 756 2085 διηγηματικῶς.
775 2050 841 2077 Θεὸν
856 2049 924 2085 ἀλη-

137 2101 208 2128 θινὸν
221 2100 253 2126 ὲκ
278 2097 346 2125 Θεοῦ
374 2097 481 2133 Πατρος
497 2096 624 2132 ἀληθινοῦ
640 2096 777 2131 πεφηνότα
795 2095 924 2122 δεικνύων

137 2147 231 2176 ἑαυτὸν
245 2148 259 2173 6
280 2144 426 2182 μονογενὴς
439 2143 498 2178 ζτοῦ
527 2143 595 2170 Θεοῦ
616 2143 701 2177 Λόγος
727 2151 757 2169 τε
783 2143 830 2169 κα)⁸
850 2143 923 2175 Υἱὸς,

140 2203 149 2220 ι
165 2194 267 2224 Πάντα,
286 2201 296 2219 ›
314 2191 407 2227 φησὶν,
423 2199 432 2216 ι
451 2190 502 2217 ὃσα
515 2189 570 2225 ἔχει
582 2190 596 2216 ὁ
611 2190 716 2225 Πατὴρ,
735 2189 790 2224 ὲμά
803 2189 894 2215 ἐστιν·
911 2198 921 2214 ο

136 2238 205 2266 ἀλλὰ
215 2237 263 2265 καὶ
275 2237 384 2265 πάντων
394 2235 512 2262 ὲστὶτῶν
522 2235 636 2261 ἐνόντων
648 2234 687 2269 τῷ
700 2234 787 2270 Πατρὶ
802 2234 925 2268 φυσικῶς
941 2252 962 2279 D

138 2284 291 2319 ιόιωμάτων
321 2281 489 2317 κληρονόμος
511 2282 525 2307 6
553 2280 627 2311 Υἱὸς,
646 2280 692 2306 καὶ
707 2278 737 2312 eg
758 2280 839 2307 αὐτοῦ
853 2279 924 2306 κατὰ

137 2330 218 2365 φύσιν
243 2328 391 2363 ὑπάρχων·
419 2327 488 2353 ἀλλά
515 2335 547 2361 γε
564 2326 594 2353 τὸ
610 2324 680 2353 εἶναι
697 2326 791 2361 Πατὴρ
806 2326 855 2361 οὐχ
868 2325 923 2358 ἔξει

137 2374 202 2402 ποτέ
215 2382 222 2388 ⁸
232 2373 367 2400 καὶτοῦτο
382 2371 436 2408 γὰρ
449 2372 478 2397 ἓν
489 2371 543 2398 τῶν
551 2371 706 2406 προσόντων
717 2370 756 2405 τῷ
763 2371 904 2406 γεννήτορι
914 2377 920 2384 ·

138 2421 215 2457 μενεῖ
228 2419 257 2446 δὲ
267 2420 282 2446 ό
293 2419 357 2450 Υἱὸς
368 2418 474 2449 οὐδενὸς
496 2415 730 2452 ἀποστερούμενος
744 2415 798 2442 τῶν
813 2416 928 2442 ἐνόντων

135 2467 176 2502 τῷ
190 2465 291 2502 Πατρὶ,
304 2466 356 2492 κᾶν
374 2464 411 2500 μὴ
426 2465 520 2499 νοῆται
548 2462 653 2498 Πατὴρ,
667 2462 756 2489 πάντα
771 2462 799 2488 δὲ
814 2461 883 2497 ἔχων
899 2462 928 2488 ὲν

138 2511 228 2546 ἐαυτῷ
243 2510 357 2541 τελείως
378 2510 412 2536 τὰ
433 2509 483 2544 τῆς
499 2507 546 2534 τοῦ
569 2506 675 2542 Πατρὸς
695 2506 789 2538 οὐσίας
809 2507 862 2533 ῐδια
882 2506 928 2533 καὶ

137 2558 275 2594 ἐξαίρετα.
296 2556 349 2583 Τὸν
370 2555 450 2582 αὑτὸν
473 2554 506 2590 δὴ
527 2553 621 2580 τοῦτον
643 2553 788 2589 τοιγαροῦν
817 2553 864 2580 καὶ
890 2552 928 2588 τῷ

137 2603 276 2640 προσώπῳ
290 2601 338 2628 τοῦ
370 2600 476 2635 Πατρός
499 2599 704 2634 ὲφαρμόσαντες
725 2598 803 2632 λόγον
814 2618 822 2631 ,
838 2597 928 2624 πάντα

139 2651 188 2686 μὲν
202 2650 274 2684 ἔχειν
286 2647 367 2674 αὐτὸν
381 2647 415 2673 τὰ
424 2645 470 2672 τοῦ
484 2644 548 2672 Υἱοῦ
567 2652 656 2679 φαμεν
673 2643 804 2679 φυσικῶς,
825 2644 861 2679 μὴ
875 2643 928 2679 μὴν

137 2694 266 2722 δύνασθαί
279 2702 355 2724 ποτε,
372 2692 419 2719 καὶ
435 2692 474 2722 είς
490 2691 611 2724 υίότητα,
639 2690 685 2716 καὶ
700 2691 739 2722 είς
750 2690 780 2716 τὸ
794 2688 862 2716 εἶναι
877 2689 928 2716 Λό-

137 2750 184 2776 γον
200 2740 380 2777 μεταχωρεῖν,
396 2738 434 2769 ὼς
459 2737 488 2764 δὲ
518 2736 651 2772 ἄτρεπτον
672 2736 735 2763 ὄντα
755 2735 826 2763 κατὰ
847 2737 928 2770 φύσιν

137 2786 216 2814 τοῦτο
243 2786 335 2821 μένειν
360 2785 427 2820 ὅπερ
455 2782 540 2815 ἐστὶν,
555 2782 599 2808 ἵνα
624 2782 692 2817 πρὸς
711 2782 750 2818 τῷ
761 2780 832 2810 εἶναι
851 2783 927 2815 Θεὸς,

170 2889 195 2906 ’³
215 2887 290 2916 Psal.
311 2893 372 2921 cu,
391 2887 419 2913 5.
455 2886 478 2901 ‘“
498 2885 577 2914 Joan.
599 2891 665 2916 xvt,
686 2883 730 2911 I5.

977 960 1086 987 illorum
1107 959 1235 994 objectio.

1013 1004 1128 1032 ALIUD.
1146 1004 1175 1032 Si
1190 1012 1271 1032 omne
1296 1005 1424 1037 verbum,
1452 1005 1570 1040 alicujus
1587 1006 1699 1033 verbum
1713 1010 1765 1038 est,

978 1050 1038 1085 ejus
1051 1050 1178 1078 videlicet
1189 1051 1236 1086 qui
1259 1051 1351 1086 lingua
1365 1051 1431 1078 illud
1446 1051 1571 1084 etlundit,
1588 1055 1634 1078 aut
1650 1060 1665 1079 e
1685 1052 1768 1080 corde

978 1100 1087 1124 eructat
1097 1104 1129 1124 ac
1141 1096 1257 1131 profert;
1268 1097 1350 1124 Pater
1361 1100 1450 1124 autem
1458 1097 1580 1124 t'uturum
1590 1096 1766 1129 cstVerbum,

978 1141 1110 1176 quoniam
1126 1141 1249 1175 ejusdem
1278 1144 1321 1168 est
1340 1148 1403 1168 eum
1418 1140 1509 1168 Verbo
1523 1141 1685 1168 substantia:
1699 1147 1706 1166 :
1725 1140 1767 1167 sui

978 1186 1067 1222 ipsius
1078 1187 1196 1214 Verbum
1208 1187 1272 1218 erit,
1286 1186 1340 1213 imo
1357 1194 1422 1214 vero
1430 1187 1541 1218 nullius,
1556 1191 1602 1213 aut
1613 1186 1640 1213 iu
1658 1187 1769 1213 univer-

978 1240 1039 1260 sum
1054 1240 1110 1259 non
1124 1232 1244 1260 exsistit.
1262 1232 1406 1264 Quomodo
1422 1233 1495 1259 enim
1514 1231 1630 1259 Verbum
1647 1232 1700 1259 erit
1714 1232 1768 1259 nisi

979 1279 1017 1306 sit
1032 1277 1138 1313 aliquid
1155 1278 1237 1313 cujus
1252 1279 1287 1305 sit
1306 1277 1442 1305 Verbum?
1466 1278 1519 1305 Sed
1539 1278 1589 1305 hoc
1606 1278 1766 1305 absurdum.

979 1323 1053 1352 Fieri
1068 1323 1141 1351 enim
1157 1323 1254 1358 nequit
1273 1327 1303 1350 ut
1321 1322 1414 1350 divina
1429 1327 1456 1350 et
1482 1322 1647 1350 immortalis
1667 1327 1769 1350 natura

978 1377 1034 1398 non
1049 1369 1179 1402 exsistat,
1198 1376 1249 1396 nec
1277 1368 1305 1395 in
1326 1367 1446 1396 Verbum
1464 1369 1634 1396 transiturus
1650 1371 1693 1395 est
1713 1376 1769 1394 un-

978 1423 1060 1451 quam
1075 1415 1169 1447 Pater,
1181 1414 1246 1442 licet
1271 1414 1395 1448 ejusdem
1411 1414 1519 1441 sitcum
1533 1413 1625 1441 Verbo
1644 1413 1770 1441 substan-

979 1462 1023 1489 tia:
1038 1471 1045 1488 :
1061 1460 1109 1488 sed
1126 1460 1186 1496 ejus
1202 1459 1284 1487 Pater
1298 1459 1420 1487 manebit
1432 1479 1440 1492 ,
1458 1459 1537 1495 cujus
1550 1463 1577 1487 et
1594 1458 1714 1487 Verbum
1725 1463 1770 1487 est

979 1507 1075 1535 Filius.

1015 1552 1130 1581 ALIUD.
1145 1551 1173 1580 Si
1186 1551 1276 1580 omnis
1288 1551 1450 1579 mutationis
1462 1555 1488 1578 et
1500 1550 1670 1578 alterationis
1679 1550 1769 1586 quoad

979 1598 1187 1627 substantialem
1234 1597 1367 1624 rationem
1407 1604 1506 1632 expers
1551 1601 1649 1624 natura
1677 1597 1769 1624 divina

979 1644 1113 1675 creditur,
1133 1643 1273 1679 quomodo
1303 1642 1415 1677 proprio
1440 1642 1524 1669 veluti
1545 1642 1605 1670 loco
1629 1643 1724 1670 relicto
1741 1642 1769 1669 in

978 1689 1061 1717 Verbi
1076 1693 1204 1716 naturam
1228 1687 1310 1715 Pater
1334 1688 1484 1723 migrabit?
1501 1687 1528 1714 Si
1544 1688 1618 1715 enim
1637 1688 1663 1715 id
1679 1687 1703 1715 ei
1721 1695 1768 1714 at:-

978 1735 1086 1767 ciderit,
1101 1734 1280 1762 mutationetn
1288 1734 1383 1768 utique
1392 1734 1552 1761 necessario
1565 1733 1665 1768 capiet,
1681 1741 1770 1768 neque

978 1781 1048 1809 idem
1065 1781 1129 1812 erit.
1144 1788 1196 1808 non
1210 1784 1317 1808 servato
1331 1787 1365 1807 eo
1385 1779 1458 1814 quod
1473 1783 1533 1806 erat
1546 1778 1626 1807 initio
1650 1779 1730 1812 Quod
1745 1779 1769 1807 si

978 1827 1127 1855 absurdum
1141 1830 1182 1854 est
1196 1826 1322 1862 (mutatio
1339 1826 1412 1853 enim
1429 1833 1444 1853 a
1462 1831 1562 1853 natura
1583 1825 1673 1853 divina
1695 1833 1770 1860 pror-

978 1880 1027 1900 sus
1036 1877 1078 1900 est
1090 1871 1201 1904 aliena),
1213 1879 1266 1898 non
1277 1878 1342 1906 ergo
1354 1871 1506 1898 mutabitur
1515 1870 1543 1897 in
1551 1869 1671 1897 Verbum
1679 1869 1769 1902 Pater,

978 1919 1026 1946 sed
1043 1918 1095 1945 erit
1108 1924 1215 1951 semper
1231 1916 1322 1948 Pater,
1341 1916 1504 1943 mutationis
1519 1916 1609 1943 omnis
1630 1919 1656 1943 et
1669 1916 1767 1942 altera-

979 1963 1063 1992 tionis
1077 1970 1187 1998 expers,
1202 1970 1257 1997 qua
1274 1961 1356 1990 Deus.

1012 2051 1118 2080 ALIUD
1155 2059 1187 2079 ex
1221 2051 1321 2084 eodem,
1343 2051 1521 2085 explanatius.
1556 2051 1640 2079 Deum
1675 2059 1769 2080 verum

978 2098 1012 2127 de
1038 2099 1093 2126 Deo
1114 2097 1197 2125 Patre
1224 2105 1290 2125 vero
1307 2097 1445 2126 eﬂulsisse
1471 2097 1593 2132 seipsum
1618 2098 1768 2126 ostendens

980 2144 1153 2179 unigenitum
1184 2143 1233 2171 Dei
1260 2143 1392 2175 Verbum,
1413 2147 1440 2171 et
1464 2143 1560 2175 Filius,
1584 2152 1592 2169 ι
1623 2143 1731 2177 Omnia,
1755 2153 1765 2169 ›

978 2191 1080 2226 inquit,
1099 2200 1109 2216 ‹
1125 2197 1298 2225 quaecunque
1322 2189 1405 2217 habet
1433 2188 1527 2221 Pater,
1551 2196 1610 2216 mea
1630 2193 1695 2216 sunt
1711 2189 1764 2216 ⁵³.)

977 2236 1064 2264 Porro
1090 2237 1212 2264 omnium
1246 2243 1417 2270 quaecunque
1450 2235 1546 2263 insunt
1569 2234 1644 2262 Patri
1669 2239 1768 2262 natura

976 2282 1172 2318 proprietatum
1192 2281 1284 2310 haeres
1313 2284 1355 2309 est
1369 2280 1468 2312 Filius,
1491 2285 1517 2308 et
1532 2281 1578 2316 qui
1596 2288 1629 2308 ex
1646 2281 1706 2316 ipso
1723 2289 1768 2308 se-

975 2328 1097 2354 cundum
1112 2332 1239 2355 naturam
1265 2327 1391 2359 exsistit;
1408 2330 1599 2354 verumtamen
1627 2334 1767 2362 nunquam

975 2374 1028 2409 37
1045 2372 1126 2401 Pater
1140 2380 1201 2401 esse
1221 2373 1321 2408 poterit
1336 2372 1407 2407 (hoc
1423 2372 1498 2400 enim
1515 2379 1610 2400 eorum
1625 2379 1710 2399 unum
1726 2376 1769 2399 est

976 2427 1036 2455 quae
1060 2420 1181 2455 genitori
1195 2419 1315 2453 insunt),
1326 2419 1374 2447 sed
1389 2419 1540 2447 remanebit
1553 2418 1649 2450 Filius,
1666 2418 1768 2446 nullius

976 2472 1074 2500 expers
1091 2473 1187 2493 eorum
1206 2473 1269 2501 qua:
1292 2465 1368 2493 Patri
1393 2465 1506 2498 insunt,
1530 2465 1594 2493 licet
1612 2473 1669 2493 non
1686 2465 1768 2493 intel-

976 2512 1078 2547 ligatur
1090 2511 1191 2543 Pater,
1207 2512 1356 2546 omniaque
1373 2511 1477 2539 habens
1500 2512 1527 2538 in
1542 2511 1634 2546 seipse
1647 2511 1769 2546 perfecte

977 2564 1038 2591 qure
1051 2556 1161 2591 propria
1185 2560 1212 2583 et
1235 2557 1384 2591 peculiaria
1403 2559 1467 2583 sunt
1488 2556 1578 2583 Patris
1595 2556 1767 2583 substantiae.

977 2601 1101 2637 ldipsum
1127 2602 1210 2637 igitur
1230 2602 1263 2629 de
1283 2602 1363 2629 Patre
1379 2602 1521 2635 dicentes,
1537 2603 1637 2630 habere
1655 2603 1767 2638 quidem

978 2648 1069 2683 Ipsum
1084 2647 1175 2674 omnia
1189 2655 1249 2682 qua:
1263 2651 1328 2675 sunt
1339 2647 1400 2675 Filii
1411 2669 1418 2681 ,
1436 2649 1609 2681 naturaliter,
1627 2657 1767 2684 nunquam

979 2696 1072 2719 tamen
1094 2692 1194 2719 Filium
1219 2700 1281 2720 esse
1305 2701 1404 2726 posse.
1428 2701 1478 2721 nec
1499 2694 1526 2720 in
1544 2694 1624 2721 Verbi
1640 2698 1768 2722 naturam

979 2738 1098 2773 migrare
1116 2738 1266 2766 asserimus
1279 2759 1286 2772 ,
1306 2740 1364 2771 sed,
1386 2739 1569 2767 immutabilis
1588 2748 1649 2767 cum
1667 2740 1703 2767 sit
1718 2746 1768 2766 ua—

980 2787 1042 2810 tura
1057 2791 1118 2816 sua,
1131 2791 1243 2812 manere
1258 2784 1284 2812 id
1298 2785 1371 2820 quod
1387 2789 1439 2820 est,
1457 2789 1485 2812 ut
1498 2789 1679 2822 prmtel‘quam
1695 2784 1768 2820 quod
