2030 3122
250 162 287 194 67η
743 158 771 185 S.
784 156 919 186 CYRILLI
930 155 1164 184 ALEXANDRINI
1178 156 1340 185 ARCIlIEP.
1835 157 1871 184 εκ

251 226 292 250 est
311 222 401 254 Deus,
421 221 503 248 etiam
527 220 606 247 Pater
632 220 763 252 exsistat,
787 225 813 248 ct
838 218 1034 249 immutabilis,

1095 219 1134 244 ιαὶ
1159 219 1254 253 Πατὴρ
1275 218 1398 253 ὑπάρχῃ,
1423 217 1468 244 καὶ
1488 217 1676 250 ἀναλλοίωτος,
1695 216 1872 244 ἀναλλοίωτον

253 267 423 298 immutabile
446 267 473 293 in
496 267 589 300 seipso
611 265 717 293 habens
738 265 810 300 quod
834 274 868 293 ex
891 265 952 300 ipso
974 271 1037 298 pro-

251 313 336 340 cessit
351 311 493 344 Verbum,
515 311 566 338 hoc
583 314 625 339 est
640 310 751 338 Filium.

286 357 402 386 ALIUD.
418 357 500 393 Legis
515 362 612 384 auctor
628 356 699 384 Dens
710 377 718 389 ,
736 364 785 392 per
797 359 908 384 sanctos
920 355 1038 391 prophe-

251 409 293 432 tas
310 404 442 439 arguebat
466 403 613 431 nonnullos
632 403 728 430 dicens
749 411 756 430 :
784 411 793 428 ι
813 401 886 430 Inter
911 405 1036 429 sanctum

251 453 279 478 et
294 449 439 485 profanum
459 458 515 477 non
536 449 743 485 distinguebant
753 449 786 474 “.
807 458 816 475 ι
837 448 953 476 Maxima
965 449 1037 475 enim

251 496 377 532 proiecto
404 497 432 524 in
458 497 501 525 his
521 503 629 524 morum
648 495 801 523 dill‘erentia
823 494 964 528 cernitur,
992 499 1039 521 aut

252 542 436 570 contrarietas
448 564 456 576 ,
481 543 552 578 apud
573 550 620 570 eos
635 542 682 577 qui
706 545 781 568 recte
794 541 930 576 judicant.
946 540 998 568 Sed
1015 541 1038 568 si

252 588 310 616 ﬁeri
328 591 418 623 potest
434 591 465 615 ut
477 596 573 615 eorum
588 595 649 622 quae
666 592 729 615 sunt
741 587 863 622 ejusdem
879 587 1040 615 substantia

252 637 350 660 natura
368 634 394 660 in
410 641 440 661 se
455 633 642 661 confundatur
654 653 662 666 ,
678 639 705 661 et
727 633 882 669 singulares
903 637 984 668 atque
1000 633 1040 659 in~

251 680 372 707 dividua:
388 680 550 716 hypostases
572 679 606 707 ad
627 679 701 707 aliud
725 679 910 714 quodcunque
931 679 1039 715 generis

251 726 374 760 ejusdem
399 730 446 753 aut
469 726 571 761 speciei
598 726 793 761 commigrent,
821 733 947 760 quaenam
969 726 1040 754 rat-io

252 772 361 799 tandem
377 772 522 807 profanum
535 780 550 800 a
565 773 670 800 sanctis
684 776 819 804 secernet,
835 772 859 800 si
873 773 942 800 nihil
955 773 1041 800 inter-

251 817 288 845 sit
306 818 438 852 quidnam
456 818 492 846 sit
510 818 632 854 aliquid,
647 826 681 846 an
698 818 810 854 proprie
827 821 854 846 et
867 818 1042 854 hypostatice

251 863 379 895 exsistat.
389 864 435 891 sed
445 867 557 899 propter
569 863 741 891 identitatem
751 864 913 892 substantia:
924 865 1038 892 alterum

252 908 288 936 sit
306 909 334 936 in
357 909 463 936 altero?
482 909 570 937 Erunt
591 917 673 945 ergo,
691 917 760 947 cum
780 909 845 937 hinc
868 918 923 938 uno
943 910 1040 938 ordine

252 963 348 983 omnes
363 956 516 984 habeamus
530 977 538 988 ,
560 956 587 983 in
603 956 732 984 omnibus
749 956 842 984 omnia
862 956 976 984 confusa
992 966 998 983 :
1014 960 1041 984 et

254 1002 378 1036 proditor
395 1002 504 1037 quidem
519 1001 604 1030 ludas
614 1002 726 1037 perinde
740 1003 820 1031 nobis
834 1003 888 1030 erit
902 1010 934 1030 ac
943 1001 1041 1030 Petrus

254 1051 300 1074 aut
319 1047 436 1080 Paulus,
454 1051 518 1082 puta
535 1048 607 1083 quod
627 1048 663 1076 sit
683 1048 763 1076 Petro
780 1052 807 1076 et
821 1048 905 1076 Paulo
922 1049 1039 1076 consub—

254 1093 409 1120 stantialis:
429 1098 455 1120 ct
470 1093 605 1125 vicissim,
620 1093 728 1127 Petrus,
747 1097 794 1121 aut
817 1093 929 1126 Paulus,
944 1092 1039 1125 Judas,

254 1140 373 1166 maxime
396 1147 459 1166 cum
484 1140 540 1168 sint
561 1140 685 1174 ejusdem
711 1148 773 1168 cum
797 1140 846 1168 illo
867 1140 1040 1168 substantia.

254 1185 336 1220 Atqui
351 1185 392 1212 sic
408 1186 513 1213 sentire
531 1189 573 1213 est
595 1185 829 1213 absurdissimum
847 1195 853 1213 :
874 1193 963 1220 neque
976 1192 1042 1213 vero

255 1228 379 1256 funditus
396 1229 509 1256 tolletur
520 1236 616 1257 eorum
633 1237 695 1264 qua:
711 1233 776 1257 sunt
792 1229 916 1263 ejusdem
934 1229 1042 1264 generis

254 1277 301 1300 aut
322 1273 423 1308 speciei
443 1273 618 1307 dill'erentia,
644 1283 677 1302 ex
698 1282 732 1302 eo
752 1274 825 1310 quod
839 1274 963 1310 ejusdem
978 1279 1043 1302 sunt

254 1319 312 1353 ipsa
336 1319 510 1347 substantiae.
535 1319 635 1347 Nostra
654 1327 719 1354 ergo
742 1319 889 1347 inﬁrmitas
910 1319 1043 1347 adversus

255 1363 375 1390 divinam
399 1364 548 1391 essentiam
566 1371 620 1391 non
640 1367 748 1391 tantum
766 1363 894 1396 audebit,
913 1367 942 1391 ut
963 1368 1043 1399 cogat

257 1408 374 1437 Verbum
389 1417 451 1437 esse
465 1416 497 1436 ac
512 1410 606 1437 vocari
621 1409 706 1437 Deum
720 1414 747 1436 et
763 1409 884 1441 Patrem,
900 1415 1043 1444 propterea

254 1455 327 1490 quod
349 1455 471 1490 ejusdem
494 1459 536 1482 est
560 1463 621 1482 cum
647 1455 737 1482 Verbo
757 1455 931 1483 substantiae.
955 1455 1044 1482 Manet

203 1528 211 1531 ν
254 1500 328 1527 enim
345 1507 453 1535 semper
468 1499 549 1527 Pater
559 1520 566 1533 ,
579 1499 733 1527 dill'erentia
747 1500 889 1527 essentiali
905 1500 1045 1527 nihilomi-

255 1554 307 1574 nus
322 1546 397 1574 omni
416 1554 448 1574 cx
465 1550 544 1580 parte
561 1545 693 1573 incolumi
707 1553 714 1571 :
733 1545 781 1573 sed
800 1552 890 1580 neque
905 1545 1042 1573 identitati
1057 1554 1079 1583 ο

256 1592 416 1620 substantia?
431 1592 501 1619 nihil
516 1591 656 1626 peculiare
672 1591 814 1626 relinquit,
828 1595 856 1618 et
870 1598 1044 1626 nequaquam

256 1637 354 1665 Filium
372 1637 479 1665 idcirco
492 1637 643 1672 superabit,
661 1636 709 1665 sed
726 1644 820 1664 verum
836 1644 869 1664 ac
885 1643 1046 1670 germanum

257 1683 332 1710 illum
351 1690 414 1710 esse
431 1682 576 1716 ostendet,
602 1687 630 1710 et
652 1690 684 1710 ex
707 1682 769 1718 ipso
789 1682 943 1710 secundum
967 1686 1048 1709 natu-

257 1737 315 1756 ram
340 1728 445 1756 habere
466 1728 717 1756 immutabilitatem
746 1728 890 1763 genitore,
912 1731 941 1755 et
961 1735 995 1755 ex
1014 1735 1048 1754 eo

257 1775 332 1810 quod
345 1775 428 1802 etiam
446 1774 504 1809 ipse
522 1774 634 1809 proprie
653 1778 679 1802 et
696 1774 872 1809 peculiariter
888 1773 976 1802 Filius
990 1779 1046 1806 est,

260 1821 288 1848 in
301 1820 357 1856 38
368 1820 475 1847 Patrem
492 1827 604 1855 quoque
619 1827 674 1847 non
689 1820 801 1853 mutari,
816 1819 1047 1855 quemadmodum

260 1872 349 1900 neque
363 1864 471 1892 Patrem
490 1865 517 1892 in
533 1865 643 1892 Filium.

329 1912 464 1946 Oppositio
474 1931 481 1944 ,
502 1912 556 1939 sive
571 1912 683 1946 objectio
698 1912 754 1939 alia
771 1911 967 1940 haereticorum.

294 1989 352 2017 Non
368 1989 438 2024 jure,
455 1990 596 2025 inquiunt,
612 1990 639 2017 in
657 1997 709 2018 nos
724 1995 854 2026 tanquam
869 1992 961 2019 minus
976 1996 1048 2019 recte
1084 2002 1087 2005 -

260 2036 408 2064 sentientes
422 2036 599 2070 invehimini,
616 2037 663 2072 qui
681 2037 801 2065 dicimus
815 2037 928 2064 insitum
948 2037 1002 2065 Deo
1016 2046 1048 2065 ac

262 2081 334 2108 Patri
358 2082 469 2109 verbum
494 2082 568 2109 aliud
594 2089 655 2110 esse
680 2089 695 2109 a
717 2081 804 2114 Filio,
827 2091 888 2109 cum
910 2083 999 2117 ipsum
1020 2084 1048 2111 in

261 2127 417 2162 Evangeliis
437 2128 512 2154 clare
535 2129 674 2155 dicentem
693 2129 834 2155 audiatis:
857 2137 865 2153 t
887 2127 951 2156 Scio
968 2137 1047 2162 eum,

263 2178 290 2200 et
305 2173 418 2200 verbum
440 2174 500 2207 ejus
521 2181 600 2200 servo
613 2174 646 2202 ⁸³.
663 2183 672 2198 ι
691 2173 769 2205 Quod
786 2173 809 2201 si
827 2177 856 2199 ut
872 2174 931 2208 ipse
948 2175 1048 2201 conﬁr-

1088 263 1157 298 ἔχων
1171 264 1201 290 ὲν
1220 263 1364 298 summa»
1377 262 1407 295 ἐξ
1430 261 1512 290 αὐτοῦ
1527 262 1667 298 πεφηνότα
1686 261 1783 297 Λόγον,
1800 261 1872 290 τοῦτ’

1087 309 1156 339 ἐστι.
1167 309 1213 336 τὸν
1228 309 1301 335 Υἱόν.

1122 353 1224 379 ΔΛΛΟ.
1252 351 1407 388 Κατῃτιᾶτό
1426 361 1502 384 τινας
1528 353 1542 378 ὁ
1567 352 1724 388 Νομοθέτης
1752 352 1796 379 διὰ
1819 351 1875 380 τῶν

1088 398 1174 432 ἁγίων
1186 397 1344 434 προφητῶν,
1353 398 1474 429 meum
1482 398 1579 433 λέγων·
1592 407 1602 424 ι
1620 399 1684 425 ’Λνά
1704 399 1785 434 μέσον
1796 398 1873 432 ἁγίου

1090 444 1136 471 καὶ
1163 444 1279 479 βεϐήλου
1300 444 1330 471 οὐ
1348 444 1508 472 διέστελλον,
1526 453 1536 470 ι
1560 444 1648 480 Πολλὴ
1668 444 1723 481 γὰρ
1738 445 1822 476 ὅντως
1846 445 1874 471 ὲν

1088 491 1194 523 τούτοις
1217 493 1314 527 ὁρᾶται
1342 492 1450 527 τρόπων
1471 492 1602 527 διαφορὰ,
1626 492 1685 527 ’ήτοι
1709 492 1874 527 ἐναντιότης,

1090 537 1165 573 παρὰ
1174 539 1229 570 τοίς
1239 537 1360 565 ἐθέλουσι
1375 538 1547 573 φιλοκρινεῖν.
1564 537 1633 564 Ἀλλ’
1651 537 1729 573 εἴπερ
1740 537 1875 573 ἐνδέχεται

1089 584 1140 619 τὴν
1156 583 1210 610 τῶν
1229 583 1378 618 όμοουσίων
1395 584 1435 615 είς
1451 583 1549 619 ἑαυτὴν
1571 583 1767 618 ἀνακιρνᾶσθαι
1783 583 1874 618 φύσιν,

1090 630 1137 657 καὶ
1161 630 1196 657 τὰ
1213 631 1242 657 ὲν
1261 629 1425 662 ἰδιαζούσαις
1448 638 1477 656 τε
1501 629 1549 656 καὶ
1564 629 1676 664 ἀτόμοις
1695 630 1875 657 ὕποστάσεσιν

1090 674 1154 701 ὄντα
1176 673 1355 709 δραπετεύσει
1379 674 1447 710 πρὸς
1461 674 1529 709 ὅπερ
1543 673 1575 701 ἃν
1592 674 1720 709 βούληται
1741 674 1796 701 τῶν
1810 674 1877 710 ὀμο-

1089 720 1187 755 γενῶν,
1204 720 1221 755 ἢ
1233 719 1364 755 ὁμοειδῶν
1375 728 1383 736 υ
1401 721 1476 752 ποῖος
1491 721 1557 755 ήμῖν
1570 719 1624 755 ἄρα
1639 719 1789 747 διαστέλλει
1798 719 1876 754 λόγος

1089 767 1145 794 τῶν
1168 767 1254 800 ἁγίων
1274 766 1320 793 τὸν
1338 765 1468 802 βέϐηλον,
1490 766 1514 792 εί
1538 765 1693 801 μηδαμόθεν
1707 766 1803 800 ὁρᾶται
1828 765 1876 792 τοῦ

1093 812 1164 844 ιδίως
1187 812 1262 844 ὄντος
1278 812 1294 847 ἠ
1307 812 1354 838 τοῦ
1371 811 1413 844 τίς
1426 813 1483 838 ἐστι
1498 811 1624 847 διαφορὰ,
1639 811 1683 838 διὰ
1701 811 1729 838 δὲ
1747 811 1797 847 τὴν
1812 820 1878 838 ταυα

1091 858 1191 893 τότητα
1215 858 1266 892 τῆς
1286 856 1379 888 οὐσίας
1400 857 1429 883 ὲν
1443 855 1483 891 τῷ
1502 856 1588 892 ἑτέρῳ
1614 857 1703 883 κεῖται
1718 856 1749 882 τὸ
1765 856 1876 892 ἐτερον;

1092 904 1183 930 Ἔστω
1198 903 1287 930 τοίνυν
1300 903 1382 938 ἡμῖν,
1407 901 1609 937 ἀδιαφορούσης
1625 901 1750 928 ἐντεῦθεν
1772 902 1822 936 τῆς
1835 903 1877 936 ἐφ’

1091 949 1199 985 ἑκάστῳ
1229 948 1374 983 γνώσεως,
1404 948 1598 983 συγκεχυμένα
1630 948 1664 975 τὰ
1703 948 1811 976 πάντων
1837 949 1877 980 είς

1091 995 1196 1021 πάντα·
1215 994 1262 1021 καὶ
1284 995 1298 1021 ὁ
1322 993 1371 1029 μὲν
1395 993 1529 1029 προδότης
1550 993 1665 1025 Ἰούδας,
1685 993 1722 1025 ὡς
1738 994 1842 1029 Πέτρος
1860 993 1877 1028 ἢ

1091 1039 1215 1071 Παῦλος,
1238 1039 1277 1071 ὡς
1291 1039 1435 1074 όμοούσιος
1454 1038 1550 1074 Πέτρῳ
1573 1039 1621 1065 καὶ
1644 1039 1759 1074 Παύλῳ·
1777 1040 1878 1075 Πέτρος

1094 1084 1117 1111 δ’
1140 1081 1174 1111 αὖ
1202 1084 1284 1111 πάλιν
1300 1084 1317 1120 ἢ
1334 1083 1450 1116 Παῦλος,
1475 1083 1585 1116 Ἰούδας,
1602 1084 1649 1110 ἀτε
1663 1084 1695 1119 δὴ
1712 1084 1779 1119 πρὸς
1798 1084 1878 1111 αὑτὸν

1091 1131 1168 1162 ὄντες
1182 1130 1329 1166 ὀμοούσιοι.
1359 1130 1429 1157 Ἀλλ’
1444 1129 1502 1157 ἔστι
1516 1130 1546 1157 τὸ
1559 1130 1630 1157 οὕτω
1648 1132 1756 1166 φρονεῖν
1773 1130 1879 1166 ἀλογώ-

1091 1185 1182 1208 τατον,
1200 1176 1246 1202 καὶ
1261 1176 1312 1203 οὐκ
1326 1176 1471 1211 ἀναιρήσει
1494 1176 1601 1208 πάντως
1622 1177 1672 1211 τὴν
1694 1177 1765 1204 κατά
1783 1186 1809 1204 τι
1825 1177 1879 1204 τῶν

1092 1222 1240 1258 ὁμογενῶν,
1255 1222 1272 1258 ἢ
1285 1222 1415 1257 ὁμοειδῶν
1426 1221 1493 1257 πρὸς
1508 1222 1610 1257 ἄλληλα
1624 1223 1755 1258 διαφορὰν
1767 1223 1798 1250 τὸ
1809 1221 1880 1250 εἶναι

1092 1268 1140 1303 τῆς
1158 1267 1243 1304 αὐτῆς
1262 1267 1356 1300 οὐσίας
1379 1267 1459 1296 αὑτά.
1479 1268 1535 1295 Οὐχ
1555 1268 1609 1304 ἄρα.
1629 1269 1676 1296 καὶ
1691 1269 1722 1295 τὸ
1744 1270 1787 1304 ἐφ’
1801 1269 1880 1304 ἡμῶν

1092 1313 1221 1340 ἀσθενοῦν
1235 1313 1306 1340 κατὰ
1318 1314 1368 1349 τῆς
1379 1313 1454 1346 θείας
1469 1314 1563 1345 οὐσίας
1585 1314 1711 1341 τοσοῦτον
1727 1315 1881 1342 ὲκνεανιεύ-

1094 1366 1181 1390 σεται,
1194 1357 1232 1390 ὡς
1246 1358 1435 1392 ὲπαναγκάσαι
1450 1359 1535 1392 Λόγον
1549 1356 1619 1386 εἷναί
1637 1368 1666 1385 τε
1681 1360 1727 1386 καὶ
1740 1360 1882 1387 καλεῖσθαι

1094 1404 1139 1432 τὸν
1161 1404 1227 1432 Θεὸν
1252 1405 1299 1431 καὶ
1323 1405 1451 1440 Πατέρα,
1471 1406 1619 1440 ἐπειδήπερ
1640 1406 1714 1433 ἐστὶν
1739 1406 1882 1441 όμοούσιος

1094 1451 1180 1486 Λόγῳ.
1199 1451 1282 1478 Μένει
1295 1450 1349 1486 γὰρ
1369 1451 1412 1477 ἀεὶ
1426 1451 1531 1487 Πατὴρ,
1552 1452 1601 1486 τὴν
1617 1451 1664 1478 τοῦ
1686 1451 1712 1478 τί
1731 1453 1789 1479 ὲστι
1812 1453 1882 1480 κατά

1093 1497 1173 1523 τοῦτο
1199 1496 1331 1531 διαφορὰν
1357 1496 1507 1532 οὐδαμόθεν
1529 1496 1693 1532 ζημιοῦσθαι
1717 1498 1880 1532 δυναμενος’

1095 1542 1152 1568 ἀλλ’
1177 1542 1236 1568 οὐδὲ
1253 1543 1286 1577 τῇ
1301 1542 1447 1577 ταυτότητι
1473 1543 1522 1578 τῆς
1548 1543 1641 1573 οὐσίας
1664 1543 1694 1569 τὺ
1712 1543 1794 1578 μηδὲν
1811 1543 1884 1574 ίδίως

1097 1587 1246 1622 κεκτῆσθαι
1262 1587 1450 1622 παραχωρῶν,
1466 1587 1514 1614 καὶ
1531 1587 1722 1622 πλεονεκτήσει
1743 1587 1883 1622 μὲν“οὑδαι

1098 1633 1155 1668 μῶς
1171 1633 1242 1660 κατὰ
1255 1632 1335 1659 τοῦτο
1344 1632 1390 1659 τὸν
1403 1632 1478 1666 Υίὺν,
1492 1633 1603 1668 γνήσιον
1617 1633 1645 1659 δὲ
1661 1633 1760 1668 μᾶλλον
1775 1633 1884 1660 ἀποδεί-

1101 1677 1150 1709 ξει,
1175 1677 1223 1703 καὶ
1243 1676 1273 1710 ἐξ
1292 1676 1375 1704 αὑτοῦ
1395 1678 1465 1705 κατά
1482 1677 1563 1713 φύσιν
1585 1678 1680 1713 ἔχοντα
1699 1678 1729 1704 τὸ
1751 1678 1886 1714 ἄτρεπτον

1096 1722 1144 1749 καὶ
1157 1722 1336 1749 ἀναλλοίωτον
1348 1722 1395 1749 τοῦ
1408 1723 1599 1759 γεννήσαντος,
1613 1723 1658 1749 καὶ
1667 1723 1711 1750 διὰ
1724 1722 1771 1750 τοῦ
1788 1724 1885 1758 next-1";-

1099 1769 1161 1796 σθαι
1177 1770 1224 1796 καὶ
1237 1769 1318 1797 αὑτὸν
1336 1769 1408 1801 ἰδίως
1433 1770 1481 1796 καὶ
1505 1770 1593 1805 μόνως
1616 1769 1665 1804 τὴν
1688 1769 1816 1805 νεότητα,
1839 1771 1886 1797 καὶ

1097 1815 1138 1846 είς
1160 1816 1269 1850 Πατέρα
1293 1815 1331 1850 μὴ
1360 1815 1595 1850 μεταϐάλλεσθαι,
1624 1815 1719 1849 ὥσπερ
1747 1813 1794 1842 οὖν
1825 1815 1885 1842 οὐδὲ

1097 1861 1186 1887 ἐκεῖνο
1209 1859 1262 1896 [ίσ.
1279 1860 1400 1897 ἐκεῖνον]
1418 1861 1458 1892 είς
1477 1861 1550 1889 Υίόν.

1098 1907 1276 1941 Πρόϐλημα,
1301 1907 1368 1941 ἤτοι
1392 1907 1546 1968 ἀιῖτίθεσες
1564 1907 1649 1941 ἑτέρα
1667 1907 1708 1940 ὡς
1731 1907 1810 1942 παρὰ
1828 1907 1887 1935 τῶν

1398 1950 1417 1967 α
1429 1950 1563 1968 οετικων.

1398 1950 1563 1976 αιρετικων.

1135 1987 1193 2013 Οὐκ
1212 1987 1340 2021 εὐλόγως,
1357 1988 1450 2021 φασὶν,
1466 1987 1504 2019 ὠς
1518 1987 1548 2013 οὐ
1561 1987 1706 2021 φρονοῦσιν
1719 1987 1807 2024 ὀρθῶς
1825 1989 1886 2014 ὲπι-

1101 2033 1249 2067 σκήπτετε,
1267 2034 1323 2064 τοῖς
1340 2033 1432 2070 ἕτερον
1454 2031 1524 2059 εἶναι
1538 2033 1647 2067 λέγουσι
1665 2034 1710 2061 τὸν
1720 2034 1839 2070 ἔμφυτον
1858 2035 1887 2061 ἐν

1099 2078 1138 2114 τῷ
1156 2079 1216 2114 Θεῴ
1235 2079 1282 2106 καὶ
1306 2079 1396 2115 Πατρὶ
1421 2080 1500 2114 λόγον
1524 2080 1601 2116 παρὰ
1624 2080 1669 2108 τὸν
1684 2080 1749 2108 Υίὺν
1765 2101 1772 2112 ,
1795 2080 1884 2108 καίτοι

1100 2124 1196 2158 σαφῶς
1220 2124 1302 2151 αὑτοῦ
1320 2125 1447 2158 λέγοντος
1467 2125 1611 2158 ἀκούοντες
1629 2127 1658 2153 ὲν
1670 2128 1730 2158 ταῖς
1747 2126 1888 2161 εὐαγγελι-

1101 2172 1164 2202 mi;
1187 2169 1348 2205 ἐξηγήσεσιν
1364 2191 1372 2204 ,
1396 2171 1436 2197 ὅτι
1462 2180 1471 2197 ι
1487 2169 1553 2199 Οἶδα
1571 2172 1617 2198 τὸν
1636 2172 1828 2207 Πατέρα,·καὶ
1841 2172 1888 2198 τὸν

262 2218 366 2247 mavit,
388 2218 500 2245 verbum
524 2217 612 2245 Patris
637 2223 745 2251 servat,
770 2220 927 2246 necessario
955 2220 1045 2255 utique

1103 2216 1181 2250 λόγον
1202 2216 1285 2243 αὑτοῦ
1307 2216 1394 2252 τηρῶ.
1413 2226 1422 2242 ι
1439 2218 1470 2244 Εἰ
1485 2217 1531 2250 δὲ,
1548 2218 1673 2253 καθάπερ
1689 2218 1770 2249 αὐτὸς
1787 2218 1890 2253 διισχυ-

262 2263 334 2291 alius
348 2263 382 2290 ab
397 2265 460 2298 ipso
474 2265 538 2295 erit,
555 2263 778 2298 quandoquidem
794 2272 907 2293 necesse
920 2270 958 2293 est
976 2266 1050 2293 aliud

262 2317 324 2338 esse
338 2309 410 2345 quod
427 2315 517 2337 servat
532 2310 566 2337 ab
579 2317 612 2337 eo
623 2310 695 2345 quod
712 2315 849 2338 servatur.

268 2443 356 2470 Varia:
374 2443 515 2470 solutiones
528 2463 534 2473 ,
555 2442 649 2476 quibus
669 2442 739 2470 clare
762 2443 909 2470 ostenditur
935 2444 1046 2471 Verbum

446 2486 502 2504 esse
519 2477 566 2504 Dei
585 2486 616 2503 ac
635 2477 724 2504 Patris
747 2477 857 2505 Filium.

298 2523 356 2551 Nisi
375 2524 434 2558 ipse
449 2524 607 2557 unigenitus
630 2522 716 2550 Filius
734 2522 782 2550 Dei
807 2530 839 2550 ac
855 2523 962 2556 Patris,
979 2523 1050 2552 Ver-

267 2570 328 2596 hum
342 2574 384 2596 est
397 2569 472 2604 ejus;
489 2569 535 2595 sed
550 2568 625 2595 aliud
644 2568 781 2603 quoddam
796 2569 868 2597 inest
883 2569 937 2598 Deo
952 2575 1051 2605 praeter

266 2617 355 2650 ipsum
368 2635 375 2647 ,
391 2616 462 2650 quod
479 2616 617 2642 internum
634 2615 778 2642 nominant
791 2636 798 2647 ,
822 2617 869 2652 qui
882 2618 1051 2645 contrariam

266 2662 415 2689 ostendunt
436 2661 611 2693 sententiam,
638 2660 733 2688 dicant
757 2662 838 2690 nobis
867 2666 959 2690 utrum
982 2663 1052 2691 illud

266 2703 337 2738 quod
364 2703 448 2730 stulte
471 2703 721 2731 comminiscuntur
741 2704 1051 2741 verbum,hypostatice

266 2750 393 2782 exsistat,
409 2758 443 2776 an
466 2757 530 2777 non.
550 2749 615 2777 Nam
632 2751 655 2778 si
675 2757 726 2784 per
742 2758 772 2778 se
790 2750 818 2777 in
837 2752 948 2786 propria
964 2752 1053 2787 hypo~

267 2795 333 2822 stasi
355 2795 447 2822 dicent
468 2796 637 2829 subsistere,
658 2795 729 2823 duos
753 2796 866 2824 omnino
891 2797 1053 2825 fatebuntur

301 2876 323 2891 ⁸⁸
346 2875 441 2902 Ezccb.
462 2883 536 2907 ml,
554 2875 598 2902 26.
639 2874 660 2890 ⁸⁵
676 2873 754 2901 Joan.
768 2882 826 2909 vni,
841 2875 885 2903 55.

1103 2262 1206 2297 ρίσατο,
1223 2262 1267 2288 τὸν
1288 2261 1334 2288 τοῦ
1350 2263 1456 2298 Πατρὸς
1473 2265 1552 2299 τηρεῖ
1574 2263 1668 2298 λόγον,
1683 2263 1776 2298 ἕτερος
1791 2264 1825 2290 ἂν
1846 2265 1896 2298 εἴη

1102 2308 1209 2339 πάντως
1231 2308 1335 2344 δήπου,
1365 2309 1411 2335 καὶ
1435 2309 1609 2343 ἀναγκαίως,
1635 2309 1674 2341 ὼς
1699 2309 1766 2345 πρὸς
1795 2310 1888 2342 αὑτὸν,

1103 2354 1253 2389 ἐπειδήπερ
1265 2354 1373 2389 ἀνάγκη
1388 2354 1437 2389 τὴν
1451 2355 1500 2389 τῆς
1513 2353 1669 2389 ἑτερότητος
1682 2354 1816 2387 σώζεσθαι
1832 2355 1890 2382 δια-

1104 2399 1190 2435 φορὰν
1201 2399 1240 2435 τῷ
1260 2401 1386 2436 τηροῦντι
1404 2400 1470 2435 πρὸς
1487 2401 1517 2427 τὸ
1535 2400 1711 2436 τηρούμενον.

1103 2446 1214 2479 Λύσεις
1230 2446 1341 2480 ἐφεξῆς
1359 2446 1700 2482 διάφοροιγὸεικνύουσαι
1715 2448 1831 2482 σαφῶς,
1847 2449 1890 2476 ὅτι

1145 2482 1162 2508 ὁ
1174 2483 1268 2516 Λόγος
1282 2482 1347 2508 ἐστὶ
1367 2482 1420 2509 τοῦ
1436 2481 1509 2508 Θεοῦ
1524 2482 1572 2508 καί
1588 2483 1702 2517 Πατρός
1725 2485 1740 2511 d
1758 2481 1840 2516 Ἰίός.

1143 2527 1174 2552 El
1194 2525 1232 2561 μὴ
1255 2526 1336 2558 αὑτός
1366 2527 1439 2554 ἐστιν
1458 2528 1472 2554 ό
1500 2528 1646 2564 μονογενὴς
1667 2528 1732 2561 Υίδς
1753 2528 1800 2555 τοῦ
1823 2528 1890 2556 Θεοῦ

1106 2573 1153 2598 καὶ
1168 2572 1274 2607 Πατρός
1290 2574 1304 2598 ὁ
1320 2573 1406 2606 Λόγος
1425 2573 1506 2600 αὑτοῦ
1517 2593 1524 2606 ,
1538 2574 1631 2610 ἕτερος
1644 2574 1673 2601 δέ
1687 2584 1728 2607 τις
1743 2576 1891 2611 ἐνυπάρχει

1106 2615 1144 2650 τῷ
1158 2616 1217 2651 Θεῷ
1230 2617 1295 2650 παρ’
1318 2616 1408 2650 αὑτὸν,
1429 2617 1459 2644 ὃν
1478 2618 1630 2646 ἐνδιάθετον
1643 2619 1821 2656 ὀνομάζουσιν
1833 2641 1840 2654 ,
1866 2621 1891 2647 οι

1106 2661 1155 2696 τὴν
1179 2663 1303 2690 ἐναντίαν
1319 2664 1509 2699 προϊσχόμενοι
1535 2664 1612 2697 δόξαν
1636 2665 1791 2700 λεγέτωσαν
1814 2667 1890 2702 ἡμῖν,

1108 2707 1221 2743 πότερόν
1238 2718 1302 2736 ποτε
1315 2711 1329 2736 ὁ
1342 2710 1385 2737 διὰ
1397 2711 1446 2746 τῆς
1462 2711 1551 2738 αὐτῶν
1564 2712 1685 2747 ἀμαθίας
1701 2713 1892 2748 ὲπινοούμενος

1107 2754 1191 2787 Λόγος
1203 2754 1383 2787 ὲνυπόστατός
1399 2757 1482 2789 ἐστιν,
1497 2757 1513 2792 ἢ
1529 2758 1597 2792 οὐχί.
1610 2757 1641 2784 Εἰ
1654 2758 1702 2793 μὲν
1718 2759 1772 2793 γὰρ
1784 2759 1891 2793 ἐροῦσιν

1107 2799 1256 2833 ὑφεστάναι
1273 2801 1333 2827 καθ’
1350 2802 1446 2828 ἑαυτὸν
1471 2803 1500 2828 ὲν
1524 2803 1638 2838 ὑπάρξει
1658 2804 1802 2839 νοούμενον
1827 2804 1888 2841 ίδίᾳ,
