2030 3122
156 158 190 185 69

689 157 722 184 IN
741 157 882 186 JOANNIS
899 157 1119 186 EVANGELIUM
1140 158 1202 186 LIB.
1224 158 1242 185 I.

1741 161 1773 189 70

155 216 203 244 δύο
223 215 256 252 δὴ
279 216 388 248 πάντως
411 216 621 251 ὁμολογήσουσιν
649 217 728 248 Tino;
760 214 838 245 εἶναι.
865 218 894 243 ΕΞ
911 217 937 243 δὲ

989 224 1050 244 esse
1076 217 1169 244 Filios.
1198 217 1245 244 Sin
1275 222 1364 245 autem
1393 218 1533 254 hypostasi
1555 219 1661 255 propria
1681 227 1774 248 carere

156 263 342 290 ἀνυπόστατον
365 263 473 298 ἐροῦσιν
487 263 584 294 αὐτὸν,
602 263 706 295 οὐδενὸς
729 264 940 299 μεσολαὸοὖντος

157 307 198 334 ἔτι
219 308 267 334 καὶ
283 308 487 343 διατειχίζοντος
511 309 556 335 τὸν
577 308 655 340 Υἱέιν,
672 309 730 340 πῶς
758 309 833 336 ἔσται
851 310 941 345 τρίτος

157 355 189 380 ὲκ
203 355 320 390 Πατρός,
332 354 379 381 καὶ
391 355 451 389 οὐχὶ
468 355 566 390 μᾶλλον
580 355 730 390 προσεχῶς,
745 355 782 387 ὡς
798 356 859 387 Υἱὸς
873 356 940 391 πρὸς

158 399 267 434 Πατέρα
280 408 287 431 ;

192 446 284 472 ΑΛΛΟ
300 445 348 471 διὰ
369 445 428 471 τῶν
443 445 542 472 αὐτῶν
560 445 765 480 θεωρημάτων.
786 446 874 480 Λόγον
891 447 940 482 μὲν

157 489 290 524 ὑπάρχειν
327 489 365 524 τῷ
388 488 448 523 Θεῷ
474 489 523 526 καὶ
555 490 641 524 Harp!
668 490 713 516 τὸν
740 489 889 516 ἐνδιάθετον
915 490 940 515 oi.

156 534 189 561 δι’
203 535 328 566 ἐναντίας
335 535 479 570 ὁρίζονται,
496 535 531 561 δι’
542 532 584 567 οὗ,
601 535 672 566 κατὰ
685 535 734 570 τὴν
751 535 840 562 αὐτῶν
856 535 940 562 nixa)»

156 581 291 616 λεστάτην
304 581 442 613 ὑπόνοιαν,
458 581 507 616 τὴν
520 581 566 607 τοῦ
581 581 686 616 Πατρός
701 581 827 616 βούλησιν
844 582 859 608 ὁ
877 582 940 614 Υἱὸς

160 626 367 652 ἐκδιδάσκεται·
383 625 440 652 ἀλλ’
458 626 524 661 ὅσην
540 626 595 661 ἔχει
616 627 721 662 μωρίαν
742 626 832 658 αὐτοῖς
846 626 876 653 τὺ
894 627 940 652 ἐπὶ

157 671 244 706 τούτῳ
254 670 355 704 δόγμα,
365 670 476 706 θεωρεῖν
488 672 645 705 ἀναγκαῖον.
664 671 804 706 Ἐννοῆσαι
811 671 838 698 δὲ
848 671 939 702 τοιῶς-

156 717 184 742 δε
216 716 348 751 προσήκει
371 715 416 742 τὸν
440 715 485 742 ἐπὶ
504 715 543 748 τῷ
569 715 712 750 πράγματι
738 716 885 751 λογισμόν·
903 715 939 741 Τὸ

158 762 254 796 Πατὴρ
275 761 361 796 ὄνομα
378 760 415 792 ὡς
429 761 497 796 πρὸς
507 761 552 787 τὸν
565 761 628 788 Υἱδν
641 761 718 788 οὐδὲν
732 761 787 796 ἕχει
802 762 832 788 τὺ
845 762 937 797 μέσον,

156 807 194 838 ὡς
217 806 246 840 ἐξ
272 806 394 841 ἀνάγκης
430 806 573 833 εἰσϐαἰνον.
604 807 637 832 Τί
671 806 724 842 γὰρ
749 806 824 833 ἔσται
858 808 938 842 μέσον

159 854 265 889 Πατρδς
283 853 352 888 πρὸς
368 853 433 879 Υἱὸν
446 872 453 885 ,
476 853 493 888 ἢ
508 851 541 880 αὖ
557 853 637 880 πάλιν
652 853 717 879 Υἱοῦ
731 854 797 887 πρὸς
812 853 936 888 Πατέρας

161 899 231 925 Ἀλλ’
257 899 336 934 εἴπερ
359 898 430 925 κατὰ
451 898 499 934 τὴν
519 899 630 926 ἐκείνων
645 899 763 934 ἀμαθίαν
779 899 935 934 διατειχὶζει

155 944 202 971 τοῦ
219 945 325 980 Πατρός
347 945 393 971 τὸν
421 944 485 971 Υίδν
514 944 699 980 μεσολαϐοὖσα
727 944 867 980 βούλησις,
891 945 938 972 καὶ

155 992 240 1025 Λόγος
259 991 420 1022 ἐνδιάθετος,
445 991 474 1017 ὂν
488 990 534 1017 καὶ
550 990 651 1025 ταύτης
678 988 747 1017 εἶναι
762 998 843 1025 φασιν
856 990 939 1025 ἑρμη-

155 1037 292 1068 νευτικὸν,
314 1037 364 1063 οὐκ
387 1036 424 1063 ἐτ’
449 1036 481 1063 ἂν
504 1037 590 1062 νοοῖτο
605 1036 700 1071 Πατὴρ
716 1035 784 1067 ὅλως
804 1037 818 1062 ὁ
831 1035 936 1071 Πατὴρ.

155 1083 212 1110 ἀλλ’
230 1083 290 1109 οὑδέ
306 1082 369 1114 Υἱὸς
384 1083 398 1108 ό
416 1082 479 1114 Υἱὸς
492 1103 499 1114 ,
517 1082 596 1117 εἴπερ
616 1082 645 1108 ἐν
669 1081 747 1113 ἰδίαις
772 1076 937 1108 ὑποστάσεσι

155 1129 261 1155 κεῖσθαι
274 1129 415 1164 νοήσομεν.
431 1129 481 1163 τήν
495 1136 523 1154 τε
541 1127 668 1163 βούλησιν
683 1127 731 1154 τοῦ
742 1127 812 1154 Θεοῦ
832 1128 879 1154 καὶ
892 1127 937 1154 τὸν

154 1174 256 1210 ταύτην
285 1173 497 1208 διερμηνεύοντα
524 1174 620 1207 Λόγον.
649 1174 680 1200 Εἰ
711 1173 740 1200 δὲ
764 1173 938 1199 ἀνυπόστατα

153 1218 276 1254 δώσομεν
291 1218 423 1254 ὑπάρχειν
437 1218 516 1250 αὐτὰ,
532 1218 644 1253 ἀμέσως
663 1218 717 1253 ἄρα
734 1218 781 1245 καὶ
797 1218 938 1253 προσεχῶς

154 1266 170 1291 ὁ
189 1265 254 1296 Υἱός
275 1265 349 1292 ἐστιν
364 1266 393 1291 ἐν
411 1264 472 1299 Θεῷ
489 1264 536 1291 καὶ
549 1264 637 1300 Πατρί
650 1272 657 1280 ·
671 1265 718 1290 ποῖ
730 1264 762 1299 δὴ
776 1264 829 1299 ἄρα
844 1263 938 1292 λοιπὸν

154 1312 168 1337 ὁ
188 1309 340 1341 ἐνδιάθετος
358 1310 478 1345 χωρήσει
509 1309 610 1343 Λόγος,
639 1309 659 1344 ἦ
675 1310 749 1336 ποῖον
771 1309 826 1341 ἕξει
856 1309 938 1337 τόπον

155 1358 171 1391 ἡ
186 1355 321 1390 βούλησις,
337 1355 418 1389 ἑτέρα
436 1355 567 1390 νοουμένη
587 1354 662 1390 παρὰ
677 1354 722 1381 τὸν
735 1354 813 1388 Υἱόν;

189 1445 282 1472 ΔΔΔΟ
298 1444 347 1471 διὰ
359 1443 413 1478 τῆς
431 1445 474 1476 εις
493 1443 607 1470 ἄτοπον
628 1442 797 1478 ἀπαγωγῆς.
824 1443 936 1478 Ὀμοού-

156 1499 213 1518 σιον
238 1490 306 1517 εἶναι
324 1489 486 1524 πιστεύομεν
508 1489 557 1524 τὴν
576 1489 656 1523 ἁγίαν
675 1489 721 1516 καὶ
735 1488 938 1524 προσκυνουμέ-

154 1545 203 1572 νην
215 1536 327 1572 Τριάδα,
339 1535 390 1562 κᾶν
401 1536 418 1570 ἡ
428 1535 482 1562 τῶν
493 1534 637 1570 αἱρετικῶν
650 1534 732 1568 μανία
746 1533 784 1569 μὴ
798 1533 934 1568 βούληται·

156 1582 213 1609 ἀλλ’
230 1579 309 1616 οἶμαι
326 1581 473 1616 προσήκειν
493 1580 539 1607 ἐπὶ
553 1579 607 1606 τῶν
623 1579 773 1614 ὁμοουσίων
792 1578 937 1614 παραδέχε-

156 1628 218 1655 σθαι
239 1629 286 1654 καὶ
311 1627 342 1654 τὸ
364 1627 488 1662 ἀλλήλοις
504 1625 573 1652 αὐτὰ
591 1625 661 1652 κατὰ
677 1624 765 1651 πάντα
780 1624 937 1659 προσεοικέ-

155 1682 218 1705 ναι,
236 1673 308 1700 κατά
334 1681 366 1707 γε
390 1672 436 1699 τὸν
459 1671 513 1698 τῶν
538 1670 660 1705 φυσικῶν
684 1670 834 1705 ἰδιωμάτων
848 1669 936 1704 λόγον.

157 1719 242 1754 Εἴπερ
266 1717 312 1745 οὖν
330 1718 400 1745 κατὰ
416 1718 465 1752 τήν
485 1725 565 1744 τινων
582 1715 709 1743 ἀϐουλίαν
728 1715 875 1750 ἐνυπάρχει
900 1714 938 1750 τῷ

155 1765 215 1800 Θεῴ
231 1764 276 1791 καὶ
297 1763 386 1798 Ilath
407 1762 491 1796 Λόγος
513 1770 555 1794 τις
577 1761 670 1796 ἕτερος
695 1761 845 1793 ἐνδιάθετος
863 1760 939 1795 παρὰ

155 1810 201 1837 τὸν
216 1809 279 1836 Υἰδν
290 1829 298 1841 ,
315 1809 370 1841 ἕξει
395 1808 501 1839 πάντως
519 1807 564 1834 καὶ
579 1808 594 1833 ό
612 1806 674 1838 Υίδς
687 1806 772 1840 Λόγον
787 1805 939 1832 ἐνδιάθετον

142 1850 185 1883 δᾶν
198 1855 287 1890 ἐαυτῷ
299 1875 307 1888 ,
321 1855 358 1886 ὡς
376 1854 457 1881 είκὼν
474 1853 555 1880 αὐτοῦ
569 1873 577 1886 ,
594 1853 640 1880 καὶ
661 1851 869 1888 ἀπαράλλακτος
888 1850 939 1885 τῆς

157 1901 331 1932 ὕποστάσεως
347 1899 490 1935 χαρακτὴρ
501 1919 509 1931 ,
531 1898 621 1930 καθὼς
646 1897 799 1933 γέγραπται
812 1905 819 1911 ·
834 1895 889 1929 ἕξει
910 1895 939 1922 δέ

158 1947 256 1982 ὁμοίως
271 1945 345 1980 αὐτῷ
359 1946 405 1972 καὶ
423 1945 453 1971 τὸ
466 1944 578 1979 Πνεῦμα
590 1943 621 1970 τὸ
633 1944 720 1977 ἅγιον,
732 1941 802 1969 κατὰ
816 1942 865 1977 τὴν
879 1942 940 1976 ἴσην

156 1993 210 2020 τῶν
226 1992 368 2027 νοημάτων
384 1990 537 2024 ἀναλογίαν.
553 1990 666 2024 Γέγονεν
679 1986 725 2016 οὖν
743 1988 808 2023 ἡμῖν
824 1988 841 2023 ὴ
855 1987 940 2023 Τριὰς

157 2037 187 2062 ἐν
203 2035 289 2070 διπλῷ
302 2056 309 2067 ,
324 2035 372 2062 καὶ
398 2035 428 2060 ὲν
442 2033 564 2061 συνθέσει
590 2032 681 2059 λοιπὸν
706 2033 722 2068 ἠ
745 2032 804 2058 θεία
818 2032 940 2066 φαίνεται

157 2081 246 2115 φύσις.
256 2081 335 2107 ’Δλλὰ
348 2080 426 2106 τοῦτο
438 2079 546 2107 ἄτοπον·
561 2079 589 2106 ἐν
600 2079 628 2106 δὲ
639 2079 697 2110 ταῖς
716 2078 813 2109 ἁπλαῖς
823 2078 938 2110 οὐσίαις,

156 2126 232 2153 οὐδὲν
244 2126 337 2161 ἕτερον
351 2126 409 2152 ἐστι
424 2125 454 2151 τὺ
468 2125 532 2160 παρ’
548 2124 633 2156 αὑτάς
643 2132 649 2140 ·
668 2124 743 2151 οὐδὲν
765 2123 820 2159 ἄρα
840 2124 940 2150 διακω-

157 2172 233 2199 λύσει
255 2172 304 2207 τὴν
323 2171 403 2206 ἁγίαν
431 2170 479 2198 καὶ
501 2170 643 2206 όμοούσιον
671 2170 774 2205 Τριάδα
799 2170 940 2206 προσεχῶς

158 2217 293 2252 συνῆφθαι
300 2236 308 2248 ,
323 2215 535 2252 μεσολαϐοὖντος
544 2215 659 2246 οὐδενός.

193 2262 285 2289 ΛΔΛΟ
305 2260 531 2296 διηγηματικῶς.
547 2260 610 2286 Ὅτε
633 2259 667 2287 τὰ
682 2260 801 2294 ὀνόματα
823 2267 940 2295 προτατ-

157 2308 275 2343 τομένων
294 2307 347 2334 τῶν
363 2306 471 2342 ἄρθρων
485 2307 500 2342 ἡ
520 2306 579 2332 θεία
593 2305 682 2340 τίθησι
694 2306 788 2341 Γραφὴ
798 2325 805 2336 .
817 2305 877 2332 τότε
894 2306 941 2332 καὶ

157 2351 187 2377 ἓν
201 2359 227 2377 τι
241 2350 383 2385 σημαίνει,
397 2350 410 2376 ὂ
426 2350 505 2384 μόνον
521 2350 578 2375 ἐστὶ
598 2349 698 2384 κυρίως
722 2350 769 2376 καὶ
795 2349 939 2384 ἀληθινῶς,

158 2396 248 2422 ὁποῖον
264 2392 333 2421 εἶναι
350 2394 457 2428 λέγεται
469 2402 475 2408 ”
496 2393 596 2429 ἄρθρον
619 2393 646 2419 δὲ
666 2393 695 2419 οὐ
713 2392 860 2427 προσθεῖσα
875 2392 885 2429 [
898 2393 941 2420 ἴσ.

159 2440 326 2476 προθεῖσα],
346 2439 529 2474 γενικωτέραν
545 2439 663 2465 ποιεῖται
684 2438 754 2466 κατὰ
780 2439 880 2471 παντὸς
894 2438 940 2465 τοῦ

160 2485 361 2521 σημαινομένου
380 2485 428 2520 τὴν
441 2485 555 2520 δήλωσιν
567 2505 573 2517 ,
596 2482 651 2511 οἷον
669 2484 739 2520 (ἥξει
762 2485 815 2520 γὰρ
837 2485 851 2510 ό
864 2485 941 2519 λόγος

158 2533 205 2558 καὶ
217 2531 250 2558 δι’
262 2531 392 2566 ἐναργοῦς
405 2530 578 2565 ἀποδείξεως)
595 2530 687 2557 πολλοὶ¹
710 2530 853 2557 καλοῦνται
868 2530 923 2557 θεοί
932 2538 940 2546 ο

159 2576 215 2603 ἀλλ’
230 2576 294 2602 ὅταν
309 2576 377 2611 μετὰ
388 2575 434 2603 τοῦ
447 2575 548 2611 ἄρθρου
562 2575 674 2610 λέγηται
687 2577 702 2603 ὁ
712 2577 794 2609 Θεὸς,
802 2576 846 2602 τὸν
863 2575 942 2610 μόνον

950 1563 972 1592 C

159 2621 223 2648 ὄντα
248 2621 296 2648 καὶ
325 2621 427 2656 κυρίως
453 2621 598 2656 σημαίνει⁹
622 2621 804 2656 ἁπλούστερον
831 2621 879 2653 δέ,
897 2621 944 2647 καὶ

159 2668 260 2702 ἄρθρου
278 2667 377 2702 χωρὶς,
393 2668 440 2693 ἕνα
454 2668 533 2702 τυχὸν
553 2667 606 2694 τῶν
625 2668 663 2699 είς
683 2667 761 2694 τοῦτο
778 2667 848 2694 κατὰ
864 2667 943 2702 χάριν

159 2711 344 2746 κεκλημένων.
361 2712 414 2737 Καὶ
425 2712 504 2737 πάλιν
517 2711 674 2744 ’Ἄνθρωποι
689 2711 800 2738 πολλοί
809 2721 813 2726 ’
831 2711 888 2738 ἀλλ’
901 2711 944 2737 ὅτε

161 2759 229 2791 μετὰ
244 2756 289 2781 τοῦ
306 2755 406 2791 ἄρθρου
421 2757 501 2791 ιεησῖν
511 2757 524 2782 ό
535 2756 636 2791 Σωτὴρ,
651 2757 677 2782 Ὀ
692 2756 755 2788 Υἱὸς
768 2756 819 2783 τοῦ
830 2756 941 2789 ἀνθρώ-

196 2855 218 2870 ⁸⁶
237 2853 316 2881 Hebr.
332 2862 350 2886 ι,
369 2855 395 2881 5.

993 264 1082 297 ipsum
1099 263 1212 296 dicent,
1239 271 1300 291 cum
1320 264 1385 291 nihil
1407 265 1442 291 sit
1457 265 1529 300 quod
1549 264 1644 292 Filium
1664 274 1678 292 a
1694 265 1774 294 Patre

990 309 1130 344 dispesrat
1142 330 1149 342 ,
1172 309 1310 344 quomodo
1332 310 1428 338 tertius
1443 311 1494 338 erit
1515 318 1530 338 a
1546 311 1627 339 Patre
1641 333 1649 345 ,
1667 320 1698 340 ac
1718 321 1772 340 nou

991 355 1083 390 potius
1098 355 1221 390 proxime
1237 361 1264 397 et
1279 355 1445 386 immediate.
1464 360 1493 383 ut
1508 355 1594 385 Filius
1611 357 1704 385 Patri?

1025 441 1129 469 ALIUD
1141 463 1148 475 ,
1164 443 1191 469 in
1210 442 1327 470 eamdem
1343 443 1510 471 sententiam.
1528 443 1646 471 Verbum
1662 445 1771 479 quidem

991 489 1081 516 inesse
1106 488 1161 515 Deo
1186 496 1217 516 ac
1246 488 1321 515 l'atri
1344 489 1481 515 internum
1509 488 1596 522 illud,
1621 489 1772 518 adversarii

991 538 1127 567 statuunt,
1144 541 1192 568 per
1209 533 1292 569 quod,
1306 538 1334 560 ut
1349 534 1399 568 ipsi
1415 534 1575 562 stultissime
1588 535 1772 569 suspicantur,

990 581 1158 607 voluntatem
1181 580 1272 607 Patris
1295 580 1381 607 Filius
1408 581 1537 608 edocetur
1564 590 1570 608 :
1599 581 1647 608 sed
1671 587 1773 616 quanta

990 625 1094 652 insania
1118 625 1224 652 laboret
1242 625 1315 651 istud
1342 632 1437 652 eorum
1459 625 1572 660 dogma,
1600 625 1774 653 considerare

993 676 1035 697 est
1055 678 1144 705 operae
1171 671 1299 705 pretium.
1319 670 1375 697 Hoc
1389 675 1478 697 autem
1501 675 1580 705 pacto
1606 670 1632 697 in
1653 678 1683 697 re
1705 678 1773 705 pra:-

990 717 1060 745 senti
1078 718 1327 752 philosophandum
1345 718 1423 745 nobis
1440 721 1493 745 est.
1511 717 1577 744 Illud
1594 724 1702 748 nomen,
1722 715 1774 742 Pa-

989 767 1040 794 ter,
1056 763 1088 790 ad
1110 763 1207 790 Filiqu
1226 764 1358 796 relatum,
1378 764 1446 791 nihil
1465 765 1623 792 necessario
1641 763 1713 798 capit
1728 763 1772 790 in-

989 810 1123 837 termedii.
1149 804 1218 842 Qitid
1242 810 1314 837 enim
1333 810 1486 837 intercedet
1508 810 1584 837 Patri
1603 817 1666 837 cum
1686 809 1771 841 Filio,

989 859 1036 881 aut
1059 855 1181 882 vicissim
1198 855 1266 882 Filio
1280 863 1342 882 cum
1361 856 1462 883 Patre?
1482 855 1516 882 At
1535 856 1578 887 si,
1594 855 1772 890 quemadmo-

952 890 972 918 θ
987 899 1050 926 dum
1065 899 1103 926 illi
1119 900 1202 927 stulte
1219 901 1358 933 sentiunt,
1384 900 1493 927 Patrem
1515 907 1529 927 a
1551 900 1620 927 Filio
1640 900 1772 935 dispescit

989 943 1114 971 voluntas
1131 944 1292 971 iutermedia
1305 965 1312 977 ,
1332 948 1359 971 et
1376 945 1488 972 verbum
1513 945 1649 971 internum
1666 963 1674 976 ,
1697 944 1772 979 quod

987 991 1069 1016 etiam
1086 990 1136 1025 ipsi
1154 990 1306 1017 voluntatis
1324 991 1403 1018 istius
1425 990 1561 1025 interpres
1575 997 1637 1018 esse
1656 990 1770 1022 dicunt,

988 1040 1042 1060 non
1063 1033 1119 1068 jam
1143 1033 1225 1061 Pater
1241 1035 1335 1069 utique
1354 1034 1513 1062 censebitur
1528 1042 1589 1062 esse
1608 1035 1704 1068 Pater,
1723 1036 1771 1063 sed

988 1086 1074 1114 neque
1083 1078 1169 1107 Filius
1183 1079 1268 1107 Filius
1278 1100 1285 1112 ,
1305 1080 1439 1114 siquidem
1458 1080 1484 1106 in
1505 1081 1625 1115 propriis
1640 1081 1771 1116 byposta-

988 1124 1062 1152 sibus
1086 1125 1219 1153 exsistere
1241 1126 1419 1153 censebimus
1435 1125 1524 1153 Patris
1539 1126 1727 1159 voluntatem,
1744 1131 1772 1153 et

987 1171 1060 1206 quod
1074 1179 1133 1198 eam
1157 1172 1353 1207 interpretatur
1366 1172 1421 1207 39
1433 1172 1556 1199 verbum.
1573 1172 1621 1199 Sin
1637 1176 1726 1199 autem
1739 1180 1770 1199 ea
1791 1188 1794 1189 ν

988 1208 1099 1250 propria
1127 1217 1269 1251 hypostasi
1295 1225 1389 1245 carere
1417 1217 1581 1249 fatebimur,
1615 1218 1773 1246 immediate

988 1268 1063 1296 ergo,
1079 1267 1105 1289 et
1119 1263 1243 1297 proxime
1259 1268 1303 1290 est
1319 1263 1345 1290 in
1363 1263 1418 1291 Deo
1436 1270 1467 1290 ac
1486 1263 1566 1292 Patre
1581 1263 1681 1297 Filius;
1701 1271 1770 1298 quo-

988 1313 1051 1332 nam
1068 1306 1150 1342 igitur
1163 1307 1272 1334 demum
1289 1308 1386 1336 evadet
1403 1309 1544 1336 internum
1564 1309 1631 1336 illttd
1645 1310 1770 1341 verbum,

988 1355 1035 1378 aut
1048 1359 1128 1386 quem
1144 1352 1234 1379 locum
1251 1353 1377 1381 voluntas
1399 1354 1528 1382 habitura
1553 1358 1596 1382 est
1608 1374 1615 1387 ,
1641 1362 1702 1389 qua:
1719 1355 1772 1381 alia

988 1402 1114 1424 censetur
1134 1405 1196 1425 esse
1214 1406 1229 1424 a
1244 1398 1336 1426 Filio?

1022 1441 1139 1475 ALIUD,
1159 1451 1204 1477 per
1226 1443 1403 1470 radat-tionem
1419 1444 1454 1470 ad
1469 1443 1622 1471 absurdum.
1647 1443 1772 1472 Consub-

988 1488 1143 1516 stautialem
1165 1496 1226 1516 esse
1252 1489 1389 1516 credimus
1413 1493 1536 1516 sanctam
1560 1493 1588 1517 et
1606 1489 1772 1517 adorandam

988 1530 1162 1564 Trinitatem,
1179 1533 1241 1559 licet
1261 1533 1455 1560 haereticorum
1473 1534 1549 1561 l‘uror
1566 1534 1591 1560 id
1610 1541 1664 1561 non
1685 1534 1772 1569 patia-

989 1580 1043 1604 tur.
1067 1577 1118 1604 Sed
1140 1577 1279 1605 fatendum
1300 1583 1351 1612 est,
1369 1579 1477 1614 opinor,
1493 1587 1526 1606 ca
1541 1587 1602 1614 qua:
1617 1584 1682 1607 sunt
1699 1580 1774 1614 ejus-

988 1623 1048 1650 dem
1061 1623 1224 1651 substantia:
1237 1624 1308 1652 inter
1323 1633 1352 1652 se
1366 1625 1472 1653 ratione
1483 1626 1679 1661 proprietatum
1693 1630 1772 1652 natu-

988 1669 1086 1696 ralium
1103 1670 1182 1705 plane
1198 1671 1355 1698 convenire.
1380 1670 1408 1698 Si
1424 1679 1507 1706 ergo,
1530 1675 1560 1699 ut
1585 1676 1686 1699 temere
1703 1680 1773 1698 non-

989 1715 1056 1742 nulli
1079 1715 1197 1749 docent,
1216 1716 1287 1744 inest
1311 1716 1365 1744 Deo
1383 1724 1414 1744 ac
1430 1716 1506 1744 Patri
1528 1717 1641 1745 verbum
1662 1718 1773 1753 aliquod

989 1760 1127 1787 internum
1145 1760 1284 1789 diversum
1309 1769 1324 1788 a
1343 1761 1422 1794 Filio,
1446 1762 1559 1790 habebit
1576 1763 1670 1798 utique
1687 1763 1774 1791 Filius

988 1806 1102 1832 vcrbutu
1126 1806 1265 1833 internum
1282 1815 1391 1842 quoque
1412 1808 1439 1835 in
1456 1809 1558 1844 seipse,
1572 1814 1667 1844 utpote
1683 1812 1774 1847 imago

989 1851 1057 1885 ejus,
1084 1856 1110 1879 et
1130 1852 1227 1880 similis
1248 1861 1295 1888 per
1315 1854 1407 1881 omnia
1432 1855 1594 1882 substantia:
1618 1856 1771 1891 character,

989 1896 1061 1923 sicut
1080 1897 1214 1932 scriptum
1230 1902 1272 1925 est
1287 1897 1320 1924 ⁸⁸.
1338 1897 1390 1925 Sed
1403 1902 1430 1925 et
1443 1899 1553 1927 habebit
1567 1901 1681 1935 perinde
1692 1907 1773 1937 atque

990 1942 1047 1976 ipse
1063 1945 1175 1968 sanctus
1190 1950 1300 1977 quoque
1327 1942 1458 1977 Spiritus,
1483 1945 1575 1972 eadem
1598 1953 1771 1983 prorsusra-

990 1987 1073 2014 tionis
1087 1987 1294 2015 consecutione.
1311 1988 1359 2015 Est
1375 1988 1459 2024 igitur
1471 1989 1527 2023 jam
1543 1990 1624 2018 nobis
1637 1991 1773 2027 duplicata

976 2032 1129 2066 «Trinitas,
1160 2038 1187 2061 et
1213 2034 1365 2068 composita
1396 2035 1506 2062 demutn
1535 2040 1648 2072 apparet
1675 2043 1773 2066 natura

991 2080 1093 2107 divina.
1110 2072 1170 2106 'Sed
1183 2079 1234 2107 hoc
1253 2080 1413 2108 absurdum.
1436 2080 1465 2107 In
1485 2080 1654 2116 simplicibus
1672 2085 1774 2119 quippe

991 2124 1156 2153 substantiis
1173 2125 1243 2152 nihil
1259 2128 1301 2152 est
1315 2130 1412 2160 praeter
1428 2126 1511 2161 ipsas.
1534 2126 1605 2155 Nihil
1625 2136 1690 2164 ergo
1710 2138 1773 2165 pro-

992 2171 1094 2198 hibebit
1110 2171 1258 2205 quominus
1275 2177 1370 2199 sancta
1383 2176 1411 2199 et
1424 2173 1669 2202 consubstantialis
1682 2175 1773 2203 Trini-

957 2227 978 2254 ιδ
993 2221 1035 2244 tas
1048 2217 1172 2251 proxime
1184 2221 1212 2244 et
1226 2216 1381 2245 immediate
1397 2217 1479 2245 simul
1495 2219 1639 2254 conjuncta
1656 2222 1701 2248 sit.

1029 2258 1153 2292 ALIUD,
1185 2260 1362 2294 explanatius.
1395 2261 1462 2288 Cum
1492 2263 1652 2292 nominibus
1680 2265 1773 2293 divina

994 2303 1133 2339 Scriptura
1148 2304 1281 2339 praeponit
1293 2305 1438 2338 articulos,
1458 2309 1525 2334 tunc
1543 2315 1627 2335 unum
1644 2310 1774 2344 quiddam

993 2349 1140 2384 signiﬁcat,
1158 2349 1229 2384 quod
1246 2350 1332 2377 solum
1356 2351 1465 2385 proprie
1489 2358 1521 2378 ac
1537 2359 1599 2379 vere
1614 2357 1667 2386 est,
1684 2355 1776 2389 cujus-

992 2395 1066 2422 modi
1080 2403 1140 2422 esse
1152 2395 1263 2422 dicitur.
1287 2395 1356 2423 Cum
1373 2400 1463 2424 autem
1480 2398 1626 2425 articulum
1643 2407 1695 2426 non
1711 2408 1776 2435 pra:-

992 2441 1085 2475 ponit,
1108 2441 1265 2476 generalius
1291 2441 1401 2476 quidvis
1424 2442 1549 2477 designat
1568 2452 1574 2470 :
1590 2444 1665 2471 verbi
1688 2447 1777 2480 gratia

994 2486 1039 2520 (id
1064 2485 1135 2512 enim
1160 2487 1328 2521 propositum
1351 2494 1458 2522 quoque
1485 2488 1563 2516 nobis
1582 2493 1623 2516 est
1642 2490 1715 2518 clare
1730 2491 1776 2519 de-

995 2534 1148 2558 monstrare
1157 2531 1177 2566 ),
1194 2532 1324 2560 dicuntur
1339 2532 1432 2559 πολλοὶ
1448 2533 1513 2560 θεοί.
1528 2533 1580 2562 Sed
1593 2536 1701 2570 quando
1714 2545 1776 2564 cum

990 2577 1107 2603 articulo
1135 2577 1237 2604 dicitur
1267 2579 1280 2604 ὁ
1307 2578 1392 2611 Θεός,
1424 2579 1500 2607 solus
1525 2587 1599 2613 esse,
1621 2585 1647 2608 et
1669 2584 1777 2617 proprie

989 2621 1160 2656 significatur
1177 2632 1184 2649 :
1201 2626 1228 2649 at
1243 2630 1305 2649 cum
1326 2624 1498 2659 simplicius,
1521 2629 1548 2652 et
1569 2625 1630 2654 sine
1647 2628 1776 2660 articulo,

989 2667 1054 2699 Θεὸς
1084 2667 1212 2699 dicitur,
1240 2675 1323 2695 unum
1351 2669 1420 2697 forte
1445 2670 1580 2705 signiﬁcat
1610 2679 1642 2699 ex
1673 2673 1707 2700 iis
1731 2674 1777 2708 qui

992 2720 1039 2746 per
1055 2712 1169 2747 gratiam
1189 2713 1277 2739 vocati
1293 2717 1358 2740 sunt
1377 2714 1424 2740 dii.
1445 2714 1518 2742 Idem
1541 2717 1707 2744 censendum
1723 2722 1775 2750 est,

997 2765 1072 2786 cum.
1097 2757 1211 2793 exempli
1239 2758 1336 2792 gratia,
1368 2759 1505 2794 ἄνθρωποι
1528 2761 1618 2788 πολλοὶ
1648 2763 1774 2790 dicimus.
