2030 3122
206 172 241 201 79

704 169 732 197 S.
753 169 892 197 CYRlLLl
909 166 1147 197 ALEXANDRINI
1157 167 1323 201 ARCHIEP.

1803 168 1838 196 80

207 238 258 258 nos
285 229 466 257 advontitiam
500 228 614 262 habens,
633 229 863 263 appellationem,
890 233 917 256 et
948 234 988 264 pet

1048 227 1193 261 ἐπίκτητον
1214 226 1284 262 εχων
1306 226 1355 262 τὴν
1379 225 1582 262 προσηγορίαν.
1608 225 1656 253 καὶ
1679 226 1724 253 διὰ
1752 227 1837 262 μόνης

205 276 291 303 solam
310 275 426 310 gratiam
444 275 524 302 nobis
542 274 661 301 additam
676 295 683 308 ,
701 275 780 310 juxta
802 274 869 302 illud
884 284 890 302 :
911 284 919 300 |
938 274 994 309 Ego

205 321 261 349 dixi
278 330 284 347 :
301 320 341 347 Dii
355 320 434 353 estis,
450 324 478 348 et
492 319 540 347 lilii
555 320 659 349 Excelsi
680 328 781 348 attines
791 320 824 348 ".
849 330 859 347 ι
878 320 906 348 Si
920 320 994 348 enim

204 367 296 394 oiimia
313 367 384 393 facta
398 371 462 393 sunt
474 374 523 402 per
540 367 645 402 ipsum,
664 367 792 395 diversus
806 367 859 394 erit
879 366 938 401 ipse
959 366 994 393 ab

204 412 345 441 oninibus.
372 412 439 440 Nam
462 420 525 440 cum
543 412 637 445 dicat,
659 421 672 438 1
692 413 801 447 omnia,
822 422 832 440 ι
858 412 925 440 nihil
952 416 995 440 est

203 459 277 495 quod
298 459 325 486 in
348 458 478 487 omnibus
496 466 549 486 non
572 459 842 494 comprehendatur,
861 458 994 494 quemad-

204 505 316 532 modum
333 513 431 540 nempe
460 505 557 533 beatus
584 513 694 540 quoque
720 504 823 533 Paulus
848 505 885 532 ita
912 505 990 537 illud,

206 561 215 579 ι
237 551 342 583 omnia,
356 561 369 577 ο
401 551 570 579 intellexisse
597 552 775 587 coniperitur.
794 551 861 578 Nam
887 560 948 579 cum
965 553 992 579 in

203 598 322 633 quadam
332 597 457 632 Epistola
471 597 503 625 de
517 597 660 625 Salvatore
677 601 774 625 nostro
787 597 868 625 verba
881 597 992 630 laceret,

203 645 364 679 diceretque
378 644 469 671 omnia
491 643 614 677 subjeda
632 651 695 672 esse
720 644 772 672 sub
790 645 903 679 pedibus
921 645 992 680 ejus,

203 693 275 719 bene
308 691 403 726 utique
430 691 576 727 sulijungit
603 700 610 718 :
641 700 650 718 ι
681 691 750 719 Cum
781 696 871 720 autem
906 692 991 725 dicat,

202 739 322 768 Omnia.
360 737 428 766 nihil
465 738 569 766 dimisit
600 746 655 766 non
684 738 842 774 subjectum
877 739 901 767 ei
916 740 949 768 ’·.
980 749 989 766 ι

201 784 255 821 45
267 784 364 820 Itaque
382 792 443 811 cum
467 784 560 812 omnia
579 792 626 819 per
641 783 740 811 Filium
765 784 836 812 facta
853 792 914 813 csse
930 793 992 813 cre-

202 829 319 861 damus,
348 835 403 855 non
434 833 523 856 tamen
548 828 640 863 ipsum
667 837 751 856 unum
777 830 899 857 omnium
929 838 991 858 esse

202 878 343 910 putemus,
358 874 409 902 sed
418 879 501 902 extra
516 875 608 902 omnia
626 875 738 910 quidem
759 876 880 911 positum
896 884 990 905 cense-

200 921 309 954 bimus,
340 928 457 956 eumque
484 927 500 947 a
526 924 719 948 creaturarum
742 926 840 949 natura
859 926 886 949 et
901 923 991 957 specie

201 968 395 1003 sejungentes.
421 966 489 995 nihil
507 966 580 994 aliud
603 974 685 1001 quam
709 966 795 995 Deum
819 967 854 995 de
870 967 926 996 Deo
940 976 991 995 na-

199 1018 262 1042 tura
275 1008 329 1042 sua
342 1021 403 1041 csse
418 1013 573 1041 fatebimur.
592 1012 663 1046 Quid
679 1013 751 1041 enim
765 1013 837 1041 inter
860 1013 943 1042 Deum
963 1020 991 1043 et

177 1090 180 1092 ,
198 1067 355 1088 creaturam
378 1060 548 1088 intercedere
564 1060 764 1093 concetlemus,
790 1068 846 1089 non
863 1061 929 1089 dico
943 1070 990 1089 ra-

199 1107 277 1134 tione
302 1106 466 1134 substantiae
491 1106 608 1142 (magna
629 1105 703 1133 enim
724 1110 767 1134 est
783 1107 988 1142 intercapedo),

199 1153 247 1180 sed
262 1153 335 1188 quod
359 1153 550 1180 tantummodo
578 1153 652 1180 aliud
681 1161 743 1180 esse
768 1154 920 1188 cogitetur?
942 1146 1007 1180 aut-

198 1206 280 1233 quem
295 1198 386 1227 locum
402 1198 487 1226 alium
503 1199 651 1226 habiturus
669 1202 711 1225 est
726 1198 823 1232 Filius,
845 1199 891 1234 qui
915 1206 990 1226 erea-

199 1249 325 1273 turarutn
347 1249 475 1273 naturam
492 1250 603 1280 superat
614 1266 623 1279 ,
648 1246 704 1273 imo
721 1253 786 1273 vero
800 1249 988 1273 creaturarum

198 1296 241 1318 est
253 1290 365 1326 opifex?
383 1290 479 1318 Omnia
500 1291 603 1327 quippe
631 1291 702 1319 facta
732 1295 797 1319 sunt
816 1298 863 1326 per
886 1291 987 1326 ipsum,

198 1341 332 1373 tanquam
348 1345 395 1373 per
411 1338 539 1364 virtutem
552 1343 579 1365 et
597 1337 761 1373 sapientiam
782 1336 830 1365 Dei
842 1345 874 1365 ac
886 1336 987 1370 Patris,

198 1391 252 1410 non
261 1383 370 1418 quidem
384 1383 412 1410 in
424 1387 520 1410 natura
536 1383 670 1419 genitoris
683 1382 884 1414 absconditam.
895 1383 987 1418 cujus-

199 1428 273 1456 modi
287 1428 397 1456 exsistit
420 1428 447 1456 in
467 1428 578 1456 homine
602 1428 736 1464 sapientia
758 1431 786 1456 et
809 1428 917 1461 virtus,
940 1429 987 1456 sed

199 1473 311 1508 proprie
331 1477 358 1500 et
381 1480 429 1508 per
453 1480 483 1500 se
499 1473 698 1501 subsistentem
712 1493 719 1506 ,
748 1481 842 1501 verum
858 1472 987 1502 ineﬂ'abili

197 1518 384 1554 generationis
405 1517 487 1545 modo
502 1518 684 1546 nihilominus
699 1526 730 1546 ex
747 1518 829 1547 Patre
849 1519 988 1555 prodeun-

1045 274 1110 308 ἡμῖν
1129 272 1348 308 προσγενομένην
1362 272 1482 308 χάριτος,
1501 273 1571 300 κατὰ
1584 272 1631 306 τὸ,
1646 282 1656 298 ι
1675 272 1747 308 Ἐγὼ
1759 270 1836 306 εἶπα,

1044 319 1106 346 Θεοί
1116 319 1193 349 ἐστε.
1209 319 1257 345 καὶ
1269 319 1321 345 υἱοὶ
1342 319 1468 354 Ὑψίστου
1484 320 1593 351 πάντες.
1610 329 1620 345 ι
1637 320 1668 346 Et
1680 319 1736 356 γὰρ
1747 320 1836 347 πάντα

1044 365 1076 391 δι’
1092 365 1174 392 αὐτοῦ
1187 364 1312 399 ἐγένετο,
1333 365 1427 402 ἔτερος
1444 365 1476 393 ἂν
1491 366 1533 401 εἴη
1547 366 1602 393 τῶν
1614 365 1724 393 πάντων
1738 366 1834 398 αὑτός·

1044 412 1072 438 ὲν
1084 411 1137 447 γὰρ
1150 410 1189 446 τῷ
1202 420 1210 436 ι
1222 411 1320 442 πάντα,
1334 420 1343 437 ι
1360 411 1437 439 οὐδέν
1455 413 1539 444 ἐστιν,
1554 412 1568 438 ὂ
1584 412 1621 447 μὴ
1635 412 1664 438 ὲν
1682 413 1738 445 τοῖς
1752 413 1836 440 πᾶσιν

1043 458 1150 492 ὁρᾶται,
1172 457 1266 493 ὥσπερ
1280 455 1327 485 οὖν
1343 457 1439 492 ἀμέλει
1461 457 1508 484 καὶ
1529 459 1544 484 ὸ
1564 458 1699 494 μακάριος
1716 458 1834 491 Παῦλος,

1043 503 1113 530 οὕτω
1130 503 1159 530 τὸ
1176 504 1294 531 ιπάνται
1312 504 1412 540 νοήσας
1428 504 1593 540 εὑρίσκεται.
1614 505 1723 541 Ἐπειδὴ
1739 504 1792 540 γὰρ
1805 506 1835 532 ὲν

1045 550 1094 585 μιᾷ
1111 558 1162 576 που
1176 549 1230 576 τῶν
1246 550 1394 577 ἐπιστολῶν
1408 551 1453 577 τὸν
1470 551 1533 587 περὶ
1552 550 1598 578 τοῦ
1613 552 1737 587 Σωτῆρος
1756 552 1835 587 ἡμῶν

1043 597 1162 624 ἐποιεῖτο
1179 597 1266 632 λόγον,
1285 597 1374 624 πάντα
1396 605 1427 623 τε
1448 596 1566 632 ἔφασκεν
1585 597 1765 633 ὑποτετάχθαι
1782 597 1835 625 ὑπὸ

1043 643 1106 676 τοὺς
1122 643 1204 675 πόδας
1219 643 1312 676 αὐτοῦ,
1329 643 1419 675 καλῶς
1430 652 1461 678 γε
1478 643 1579 679 σφόδρα
1594 644 1676 671 ποιῶν
1689 645 1814 679 ἐπιφέρει
1824 652 1833 661 ’

1046 700 1055 716 ι
1075 690 1119 717 Ἐν
1141 690 1196 724 γὰρ
1217 689 1256 725 τῷ
1270 690 1356 716 εἰπεῖν
1372 690 1406 716 τὰ
1420 689 1519 722 πάντα,
1540 690 1617 717 οὐδὲν
1630 690 1736 725 ἀφῆκεν
1759 690 1834 726 αὐτῷ

1042 735 1240 762 ἀνυπότακτον.
1266 744 1275 761 ι
1306 735 1411 763 Οὐκοῦν
1442 735 1589 771 ἐπειδήπερ
1613 736 1647 763 τὰ
1674 736 1763 763 πάντα
1784 746 1834 772 γε-

1042 782 1172 817 γενῆσθαι
1185 782 1219 809 δι’
1236 782 1301 809 Υἰοῦ
1317 782 1490 818 πιστεύομεν,
1505 783 1554 810 οὐκ
1574 782 1606 809 ἂν
1622 782 1702 809 αὑτὸν
1718 783 1765 809 Eva
1778 783 1833 810 τῶν

1043 828 1152 855 πάντων
1165 825 1234 855 εἶναι
1245 829 1397 864 νοήσωμεν,
1410 829 1467 855 ἀλλ’
1480 828 1532 862 ἔξω
1546 828 1597 865 μὲν
1609 830 1713 858 κεῖσθαι
1724 831 1832 859 πάντων

1042 874 1215 910 λογιούμεΘα,
1232 877 1281 911 τῆς
1298 875 1326 902 δὲ
1342 875 1397 902 τῶν
1413 876 1534 911 γενητῶν
1549 876 1765 913 ἀποδιορίζοντες
1781 877 1832 915 φύ-

1042 920 1112 953 σεώς
1138 930 1167 947 τε
1188 921 1236 948 καὶ
1252 921 1398 957 ὁμοειδίας,
1415 922 1489 949 οὐδὲν
1505 923 1597 958 ἕτερον
1611 920 1680 950 εἶναι
1698 923 1799 955 λοιπὸν,
1813 923 1831 959 ἢ

1040 966 1107 995 Θεὸν
1126 967 1158 994 ἐκ
1179 967 1247 994 Θεοῦ
1263 967 1333 995 κατὰ
1351 967 1432 1002 φύσιν
1445 968 1658 1004 ὁμολογήσομεν.
1681 969 1714 996 Τί
1730 969 1784 1005 γάρ
1797 970 1832 997 ἄν

1040 1022 1081 1045 τις
1104 1013 1162 1050 δοίη
1179 1013 1209 1040 τὸ
1235 1014 1333 1050 μεταξὺ
1350 1014 1417 1041 Θεοῦ
1445 1015 1491 1042 καὶ
1510 1015 1624 1047 κτίσεως
1645 1015 1702 1050 (καὶ
1716 1015 1746 1042 οὑ
1760 1016 1833 1050 κατά

1039 1060 1117 1095 λογον
1139 1061 1211 1097 φημὶ
1224 1061 1269 1087 τὸν
1285 1061 1336 1096 τῆς
1358 1062 1452 1094 οὐσίας
1463 1070 1471 1077 ·
1496 1062 1563 1089 πολὺ
1588 1062 1643 1098 γὰρ
1659 1062 1689 1089 τὺ
1707 1061 1829 1096 μεταξύ·

1039 1105 1110 1143 κατὰ
1133 1105 1218 1142 μόνην
1233 1106 1262 1133 δὲ
1285 1107 1334 1143 τὴν
1350 1107 1443 1142 ἐτέρου
1459 1107 1531 1139 τινὸς
1552 1107 1607 1134 τῶν
1631 1107 1726 1139 ὅντων,
1747 1106 1786 1139 ὡς
1800 1111 1830 1134 ὲν

1039 1151 1131 1189 νοήσει
1147 1151 1233 1187 θέσιν)
1244 1152 1279 1188 ;ἢ
1295 1154 1373 1184 ποῖον¹
1385 1153 1440 1186 ἕξει
1455 1153 1536 1180 τόπον
1552 1154 1644 1189 ἕτερον
1660 1154 1675 1180 ὁ
1689 1153 1764 1186 Υίδς,
1779 1155 1830 1191 τὴν

1038 1197 1092 1234 τῷν
1105 1198 1265 1235 ποιημάτων
1279 1198 1359 1234 φύσιν
1374 1199 1582 1235 ὑπερκείμενος,
1596 1199 1696 1236 μᾶλλον
1708 1200 1736 1227 δὶ
1749 1201 1830 1232 αὐτὸς
1843 1235 1846 1238 _

1039 1243 1172 1279 ὑπάρχων
1187 1245 1201 1271 ὁ
1217 1245 1348 1281 ποιητήςς
1373 1246 1469 1280 Γέγονε
1488 1247 1537 1281 μὲν
1559 1246 1613 1281 γὰρ
1628 1246 1663 1273 τὰ
1687 1247 1775 1274 πάντα
1794 1247 1828 1274 δι’

1039 1289 1133 1322 αὑτοῦ,
1150 1289 1187 1322 ὡς
1199 1290 1243 1317 διὰ
1255 1290 1406 1326 δυνάμεως,
1418 1291 1456 1324 ὡς
1470 1292 1514 1319 διὰ
1530 1292 1625 1326 σοφίας
1638 1292 1684 1319 τοῦ
1699 1293 1766 1320 θεοῦ
1782 1294 1829 1320 καὶ

1039 1335 1162 1374 Πατρδς,
1187 1336 1237 1363 οὐκ
1253 1337 1281 1364 ὲν
1296 1338 1329 1372 τῇ
1350 1337 1430 1371 φύσει
1451 1337 1497 1364 τού
1512 1339 1691 1374 γεννήσαντος
1708 1348 1828 1375 κρυπτο-

1039 1382 1144 1420 μένης,
1170 1381 1264 1419 ὥσπερ
1286 1381 1333 1410 οὖν
1358 1383 1416 1410 ἐστι
1437 1384 1484 1410 καὶ
1502 1384 1529 1410 ὲν
1546 1383 1682 1420 ἀνθρώπῳ
1707 1385 1787 1421 τυχὸν
1810 1387 1828 1422 ἡ

1038 1428 1229 1464 ἐνυπάρχουσα
1244 1428 1319 1465 αὑτῷ
1336 1430 1417 1464 σοφία
1445 1430 1492 1457 καὶ
1517 1430 1641 1467 δύναμις,
1666 1431 1723 1459 ἀλλ’
1755 1432 1828 1464 ἰδίως

1039 1474 1088 1511 μὲν
1105 1475 1151 1501 καὶ
1175 1475 1236 1501 καθ’
1252 1475 1352 1511 ἑαυτὴν
1374 1476 1551 1512 ὑφεστώσης,
1575 1478 1785 1514 προκοπτούσης
1804 1480 1827 1506 δ’

1037 1518 1084 1547 οὖν
1100 1520 1174 1556 ὅμως
1196 1521 1267 1548 κατὰ
1281 1521 1326 1548 τὸν
1344 1521 1464 1558 ἄρρητον
1487 1524 1535 1559 τῆς
1551 1524 1704 1559 γεννήσεως
1727 1525 1828 1561 τρόπον

199 1570 269 1597 tem,
296 1568 325 1592 ut
343 1565 426 1592 etiam
449 1565 618 1601 intelligatur
633 1573 695 1593 esse
719 1573 816 1593 revera
836 1565 922 1593 Filius
940 1573 986 1593 sa-

1040 1566 1072 1593 ὲκ
1095 1566 1211 1602 Πατρὸς,
1230 1567 1273 1593 ἰνα
1291 1567 1338 1594 καὶ
1352 1568 1444 1603 νοῆται
1462 1568 1532 1596 κατὰ
1551 1569 1680 1605 ἀλήθειαν
1696 1570 1828 1607 ὑπάρχων

199 1611 301 1646 pientia
320 1615 347 1638 ct
369 1610 458 1638 virtus
481 1609 584 1638 Patris.
608 1610 661 1639 Sed
687 1612 796 1640 tametsi
821 1612 914 1639 omnia
939 1620 988 1648 per

199 1658 288 1692 ipsum
309 1658 405 1685 beatus
421 1657 589 1692 evangelista
617 1657 689 1686 facta
717 1665 781 1686 esse
804 1657 898 1692 dicat,
919 1659 987 1687 nihil

197 1708 288 1731 tamen
313 1711 345 1732 ea
365 1712 426 1739 qua:
452 1703 486 1732 de
506 1704 566 1739 ipso
592 1703 725 1732 dicuntur
749 1704 812 1733 inde
837 1705 932 1733 laesum
954 1705 987 1733 iri

197 1753 273 1784 puto.
291 1749 349 1777 Non
364 1749 438 1777 enim
452 1750 517 1785 quia
532 1758 574 1786 pet
591 1750 680 1786 ipsum
694 1758 739 1779 res
751 1750 832 1778 facta
845 1751 986 1784 dicuntur,

197 1795 301 1822 ideirco
323 1803 420 1824 sen'us
443 1800 470 1824 et
493 1797 589 1824 alienae
614 1797 764 1825 voluntatis
787 1796 911 1824 minister
923 1805 988 1824 cen-

195 1841 300 1869 sendus
313 1841 376 1874 erit,
399 1849 434 1870 ne
448 1847 475 1869 et
488 1846 588 1869 natura
608 1849 658 1870 sua
674 1847 785 1870 creator
802 1842 897 1871 haberi
911 1843 987 1871 desi-

196 1892 253 1919 nat.
267 1891 315 1915 aut
326 1888 359 1915 ab
371 1887 425 1915 alio
434 1887 552 1924 quodam
564 1888 677 1916 creandi
689 1892 852 1924 potestatem
863 1890 987 1925 accipere

195 1933 322 1961 videatur
339 1942 346 1961 :
362 1933 490 1969 quinimo
509 1933 568 1969 ipsc
589 1934 666 1961 solus
685 1933 775 1962 virtus
791 1942 856 1961 cum
877 1934 914 1962 sit
938 1933 985 1963 Dei

194 1972 229 2007 ac
237 1978 338 2012 Patris,
352 1987 405 2015 qua
418 1978 505 2006 Filius
517 1983 544 2006 ct
556 1977 722 2014 Unigenitus
738 1980 830 2008 omnia
843 1984 984 2015 operatur,

191 2029 361 2062 cooperante
384 2026 516 2053 nimirum
539 2029 567 2053 et
581 2025 763 2054 coexsistente
779 2025 831 2061 ipsi
851 2025 942 2058 Patre,
959 2032 986 2055 et

194 2078 290 2101 sancto
314 2072 429 2108 Spiritu,
463 2073 554 2100 omnia
574 2072 675 2108 quippe
693 2077 759 2100 sunt
781 2080 814 2100 ex
835 2072 915 2100 Patre
937 2080 986 2108 per

193 2119 304 2154 Filium,
315 2120 342 2147 in
358 2123 453 2148 sancto
467 2118 582 2156 Spiritu.
603 2118 712 2147 Patrem
733 2127 798 2147 vero
818 2119 985 2148 cocxsistere

193 2166 273 2199 Filio,
284 2173 441 2197 censemus,
452 2172 506 2192 non
518 2164 597 2200 quasi
617 2164 651 2192 ad
667 2163 770 2200 aliquid
785 2164 933 2192 creandum
949 2165 986 2193 sit

191 2212 339 2247 impotens,
357 2210 489 2246 sedquod
508 2214 582 2238 totus
600 2210 636 2238 sit
652 2210 680 2251 in
695 2210 755 2246 ipso
769 2214 881 2246 propter
895 2210 984 2237 omni-

1039 1613 1101 1645 Υἱὸς
1114 1615 1131 1649 ὴ
1151 1614 1231 1648 σοφία
1254 1615 1300 1641 καὶ
1317 1615 1432 1651 δύναμις
1458 1616 1505 1644 τοῦ
1519 1617 1634 1654 Πατρός.
1656 1618 1726 1645 Ἀλλ’
1740 1619 1764 1645 ει
1779 1619 1827 1646 καὶ

1039 1659 1128 1691 πάντα
1142 1660 1175 1687 δι’
1188 1661 1270 1688 αὑτοῦ
1285 1662 1449 1697 γεγενῆσθαί
1464 1672 1547 1698 φησιν
1560 1665 1574 1691 ὁ
1587 1664 1723 1700 μακάριος
1738 1665 1827 1700 Εὐαγ-

1037 1705 1173 1742 γελιστὴς,
1200 1707 1275 1734 οὐδὲν
1300 1706 1377 1743 οἶμαι
1405 1708 1436 1735 τὺ
1462 1709 1558 1744 βλάϐος
1579 1711 1634 1742 τοῖς
1657 1711 1723 1746 περὶ
1744 1711 1826 1738 αὑτοῦ

1038 1752 1214 1788 προξενήσειν
1230 1754 1318 1788 λόγοις
1342 1755 1372 1781 τὸ
1394 1755 1480 1790 ῥῆμα.
1506 1755 1543 1783 Οὐ
1558 1755 1611 1791 γὰρ
1627 1757 1776 1793 ἐπειδήπερ
1791 1757 1827 1784 δι’

1036 1798 1118 1826 αὑτοῦ
1137 1799 1264 1833 γενέσθαι
1279 1800 1313 1827 τὰ
1325 1800 1390 1828 ὂντα
1404 1800 1523 1835 λέγεται,
1546 1802 1654 1834 πάντως
1667 1802 1753 1838 δήπου
1778 1803 1826 1830 καὶ

1036 1845 1173 1881 ὑπουργὸς
1189 1846 1265 1881 ἡμῖν,
1283 1846 1300 1881 ἢ
1316 1845 1363 1873 καὶ
1385 1846 1532 1883 ἀλλοτρίων
1545 1846 1705 1883 θελημάτων
1720 1848 1824 1885 ὑπηρέ-

1035 1899 1086 1926 της
1097 1891 1111 1917 δ
1126 1891 1189 1928 Υίδς
1203 1891 1370 1928 είσϐήσεται,
1386 1892 1430 1919 ἵνα
1444 1893 1544 1928 μηκέτι
1554 1893 1646 1929 νοῆται
1661 1894 1733 1922 κατὰ
1744 1895 1825 1930 φύσιν

1036 1936 1167 1974 ὑπάρχων
1183 1937 1357 1974 δημιουργὸς,
1372 1937 1389 1974 ἢ
1407 1939 1455 1966 καὶ
1467 1939 1501 1973 ἐξ.
1513 1939 1605 1975 ἕτερον
1622 1939 1695 1973 τινος
1714 1941 1764 1976 τὴν
1778 1942 1826 1969 ἐπὶ

1035 1982 1074 2021 τῷ
1099 1983 1227 2011 δύνασθαι
1252 1984 1355 2016 κτίζειν
1380 1985 1582 2021 χορηγούμενος
1602 1985 1734 2022 δύναμιν,
1757 1987 1825 2015 ἀλλὰ

1036 2029 1136 2064 μᾶλλον
1152 2029 1233 2062 αὑτὸς
1250 2030 1297 2057 καὶ
1315 2031 1394 2066 μόνος
1419 2032 1435 2066 ἡ
1453 2031 1529 2066 ἰσχὺς
1543 2031 1673 2069 ὑπάρχων
1694 2032 1741 2060 τοῦ
1757 2033 1826 2061 θεοῦ

1035 2076 1081 2102 καὶ
1098 2076 1215 2112 Πατρὸς,
1227 2076 1264 2109 ὡς
1279 2077 1353 2109 Υἱὸς.
1369 2077 1408 2109 ὡς
1421 2078 1576 2114 Μονογενὴς
1589 2079 1624 2106 τὰ
1638 2079 1728 2107 πάντα.
1742 2081 1826 2115 ἐργά-

1035 2121 1121 2155 ζεται,
1138 2123 1372 2160 συνεργαξομὲνου
1400 2124 1521 2160 δηλονότι
1544 2126 1592 2154 καὶ
1613 2128 1739 2161 συνόντος
1749 2130 1825 2166 αὐτῷ

1034 2166 1081 2194 τοῦ
1094 2168 1200 2203 "acpbe
1222 2169 1269 2195 καὶ
1282 2168 1328 2196 τοῦ
1339 2169 1417 2205 ἁγίου
1433 2171 1590 2207 Πνεύματος
1601 2181 1608 2188 ·
1625 2174 1713 2201 πάντα
1725 2177 1779 2211 γὰρ
1792 2177 1824 2203 ἐκ

1035 2212 1142 2247 Πατρὸς
1164 2213 1198 2240 δι’
1216 2213 1281 2241 Υἱοῦ
1302 2214 1331 2241 ἰν
1353 2215 1424 2252 ἁγίῳ
1441 2216 1591 2253 Πνεύματι.
1608 2219 1729 2254 Συνεῖναι
1742 2221 1771 2248 δὲ
1785 2221 1824 2257 τῷ

191 2243 300 2292 modem
318 2243 489 2291 identitatem
509 2246 682 2289 substantiae,
704 2243 731 2283 et
754 2243 890 2283 summam
908 2256 983 2284 illam

1037 2243 1150 2294 Υἰῷπδν
1165 2260 1272 2297 Πατέρα
1284 2243 1416 2297 vomitu-'1;

190 2303 437 2339 coniunctionem,
471 2305 497 2329 et
526 2301 713 2329 immediatam
751 2301 982 2338 propinquitatem

188 2349 252 2383 ejus
267 2339 301 2375 ad
314 2356 374 2376 eam
385 2347 432 2383 qui
444 2355 476 2375 ex
493 2347 552 2383 ipso
562 2347 726 2375 naturaliter
737 2347 872 2382 procedit.
883 2346 983 2381 Quem-

190 2394 338 2421 admodum
357 2393 380 2421 si
396 2393 458 2429 quis
475 2393 549 2421 dicat
573 2401 626 2420 una
641 2400 704 2420 cum
725 2392 803 2421 ﬂoris
830 2393 915 2420 odore
931 2392 980 2420 ad-

190 2447 253 2467 esse
270 2440 359 2475 ipsum
378 2440 471 2475 utique
487 2438 581 2467 ﬂorem
595 2438 629 2466 ad
644 2438 815 2467 eﬂiciendam
832 2437 980 2477 illamfra-
997 2468 1001 2471 ,

191 2487 339 2521 grautia-u,
359 2487 490 2521 quoniam
506 2493 539 2513 ex
567 2484 628 2520 ipso
656 2485 776 2521 erumpit
794 2490 905 2514 natura.
924 2485 978 2513 Sed

190 2532 287 2567 exigua
314 2532 355 2559 vis
382 2531 499 2566 exempli
525 2530 638 2566 quidem
660 2533 703 2558 est
729 2523 859 2559 in'hisce
881 2530 977 2566 rebus,

189 2576 314 2610 adeoque
328 2582 411 2610 supra
424 2574 476 2601 hoc
492 2574 581 2610 posita
595 2578 639 2601 est
653 2578 752 2602 natura
764 2574 868 2613 divina,
880 2579 978 2604 tenues

188 2626 413 2657 argumentorum
441 2625 520 2648 notas
550 2621 653 2657 quibus
686 2627 854 2658 agnoscatur
884 2630 918 2650 ex
946 2630 980 2651 eo

188 2668 311 2702 capiens.
350 2666 417 2694 Nam
448 2674 503 2702 quo
535 2672 616 2703 pacto
651 2668 838 2706 intelligemus
872 2669 939 2697 illud
969 2676 977 2696 :

191 2723 199 2738 ι
219 2712 300 2749 Pater
319 2720 396 2741 meus
412 2720 500 2748 usque
519 2713 601 2741 modo
623 2720 763 2750 operatur,
781 2719 809 2742 et
833 2722 884 2751 ego
902 2723 977 2755 _ope-

188 2758 283 2786 ror‘?
310 2767 318 2784 I
343 2757 401 2786 Non
436 2759 510 2787 enim
546 2760 663 2788 seorsim
693 2765 719 2788 et
751 2760 842 2788 solum
871 2760 975 2796 aliquid

189 2803 296 2839 operari
312 2803 385 2831 circa
398 2811 442 2832 res
457 2804 623 2834 cxsistentes
634 2805 719 2844 Deum
734 2812 766 2832 ac
779 2804 888 2833 Patrem
909 2806 978 2834 dicit

1035 2305 1198 2341 ἐργάζεσθαί
1214 2316 1240 2335 τι
1256 2307 1310 2335 τῶν
1324 2308 1419 2342 ὄντων,
1436 2310 1493 2337 ἀλλ’
1509 2311 1546 2344 ὡς
1561 2311 1620 2339 ὅλον
1637 2312 1701 2339 ὄντα
1709 2314 1823 2350 ὲναὺτῷ

1033 2351 1078 2388 διᾲ
1102 2352 1132 2379 τὸ
1157 2354 1366 2390 ἀπαράλλακτον
1394 2355 1444 2391 τῆς
1473 2356 1582 2389 οὐσίας,
1610 2358 1657 2384 καὶ
1677 2358 1710 2386 τὸ
1729 2359 1823 2396 ἄκρως

1033 2399 1167 2434 προσεχές
1191 2408 1221 2427 τε
1255 2401 1302 2428 καὶ
1328 2401 1429 2437 ἄμεσον
1449 2402 1543 2435 αὑτοῦ,
1561 2403 1628 2438 πρὸς
1648 2404 1679 2431 τδ
1693 2405 1722 2438 ιε
1738 2406 1822 2432 αὑτοῦ

1033 2445 1155 2480 φυσικῶς
1171 2447 1298 2481 προελοόν
1311 2457 1316 2461 ι
1332 2447 1425 2482 ὥσπερ
1438 2447 1471 2475 ἂν
1485 2448 1512 2475 εἰ
1525 2457 1565 2481 τις
1580 2448 1664 2484 λέγει.
1680 2450 1728 2478 καὶ
1738 2453 1776 2487 ,τῇ
1791 2451 1823 2484 ἐξ

1031 2489 1128 2523 ἄνθους
1152 2492 1251 2527 εὐωδίᾳ
1280 2495 1397 2520 συνεῖναι
1414 2493 1472 2529 κατ’
1490 2495 1628 2530 ἐνέργειαν
1641 2495 1692 2532 τὴν
1714 2497 1746 2524 ἐκ
1770 2497 1821 2531 τῆς

1031 2535 1162 2573 εὐοσμίας
1175 2537 1240 2563 αὐτὸ
1255 2537 1286 2573 δὴ
1309 2537 1340 2564 τὸ
1354 2538 1450 2570 ἄνθος,
1476 2540 1592 2576 ἐπείπερ
1610 2541 1639 2575 ἐξ
1658 2541 1740 2570 αὐτοῦ
1754 2543 1820 2579 πρό-

1019 2577 1083 2608 ”εισι
1108 2582 1240 2617 φυσικῶς.
1273 2581 1343 2610 Ἀλλ’
1367 2585 1445 2621 ὀλίγη
1471 2587 1521 2621 μὲν
1544 2587 1573 2613 ὲν
1601 2587 1707 2620 τούτοις
1730 2588 1747 2624 ἡ
1772 2577 1820 2616 τοῦ

1029 2626 1251 2664 παραδείγματος
1265 2627 1389 2664 δύναμις,
1403 2631 1419 2665 ἡ
1435 2630 1463 2658 δὲ
1481 2632 1551 2667 ὑπὲρ
1567 2631 1657 2659 πάντα
1672 2633 1753 2667 φύσις
1773 2634 1819 2660 καὶ

1027 2672 1107 2699 τοῦτο
1126 2673 1332 2710 ὑπερκείσεται,
1346 2677 1460 2712 μικροὺς
1479 2676 1508 2710 ἐξ
1522 2678 1605 2705 αὑτοῦ
1620 2679 1819 2716 δεχομένητῶν

1028 2716 1213 2756 θεωρημάτων
1229 2721 1290 2752 τοὺς
1305 2723 1491 2758 χαρακτῆρας.
1514 2724 1590 2750 Ἐπεὶ
1603 2724 1818 2761 πῶςνοήσομεν,

1026 2763 1084 2795 τδ.-
1109 2774 1118 2789 ι
1138 2765 1166 2791 '0
1193 2765 1287 2804 Πατήρ
1312 2776 1365 2803 μου
1388 2768 1440 2800 ἕως
1463 2769 1525 2804 ἄρτι
1554 2770 1714 2806 ἐργάζεται,
1741 2771 1819 2806 κάγὼ

1026 2808 1195 2845 ὲργάζομαις
1212 2821 1221 2836 ι
1243 2812 1280 2839 Οὐ
1296 2812 1351 2848 γὰρ
1367 2813 1419 2849 ἰδίᾳ
1447 2814 1495 2849 μὲν
1519 2815 1572 2845 καὶ,
1582 2815 1642 2843 καθ’
1659 2807 1756 2843 tanta»!
1773 2817 1816 2843 ὲν-

221 2903 244 2921 "
256 2902 330 2934 Psal.
349 2911 447 2939 Lxxxl,
464 2904 498 2933 6.
535 2906 557 2926 ³³
578 2904 661 2935 Hebr.
679 2912 718 2940 tt,
735 2904 763 2933 8.
802 2905 809 2921 '
831 2904 910 2934 Joan.
929 2914 962 2941 v,
982 2906 1025 2933 Π.

2028 540 2030 619 l
