2030 3122
251 181 288 211 95
765 184 794 213 S.
815 186 956 215 CYRlLLl
975 186 1214 216 ALEXANDRINI
1239 186 1401 216 ABCHIEP.
1843 181 1879 212 εἳ

250 239 443 268 ίιίιιιηὶηιιιιιιτ
472 241 508 270 ab
536 241 617 278 ipso?
630 241 770 280 Numquid
795 246 869 274 enim
897 246 972 274 aliud
996 254 1027 274 es

1091 246 1300 283 πεποιημένοις,
1318 246 1365 273 καὶ
1386 246 1417 273 τὸ
1436 241 1505 273 uim
1529 246 1641 282 γενητὸς
1652 245 1799 282 οὐδαμόθεν
1818 246 1880 273 δια-

249 285 323 321 quod
340 285 579 321 itluminat,aliud
593 289 668 324 quod
683 289 876 320 ilhiminatur?
890 292 975 328 Atqui
988 300 1038 321 ne-

252 331 318 357 mini
333 331 561 361 obscurumistud
570 341 632 363 esse
643 339 741 370 potest.
758 336 789 364 Si
802 337 875 365 enim
888 338 958 365 idem
975 346 1038 367 esse

249 377 435 406 concedamus
447 380 585 415 qualitate.
594 381 755 410 substantiae
768 387 795 410 et
813 384 921 411 esscndi
935 386 1015 412 modo
1028 394 1036 412 :

249 423 315 458 quid
334 424 396 458 plus
410 428 453 452 est
468 425 497 453 in
511 433 545 454 eo
559 427 633 462 quod
657 428 803 461 illuminat,
820 434 847 457 et
867 430 933 465 quid
946 432 1037 459 minus

249 468 371 497 vicissim
386 469 456 498 ineo
468 472 541 506 quod
553 473 622 501 lucis
637 473 756 510 indiget?
769 475 902 502 eritenim
917 477 944 503 in
960 481 1034 504 utro-

248 522 302 550 que
317 516 432 544 alterum
445 518 580 550 vicissim.
590 523 617 547 et
628 519 673 547 lux
685 519 796 556 quidem
813 522 865 548 erit
882 522 954 556 quod
968 523 1037 550 locis

248 559 363 596 indiget,
373 564 400 589 et
409 561 453 589 lux
462 563 648 591 confundetur
655 572 717 592 cum
727 573 759 593 eo
772 567 844 601 quod
856 567 1035 595 illuminat-ir.

248 605 330 641 Atqui
342 614 468 643 magnam
483 609 527 636 hic
538 609 614 638 vides
625 610 677 646 55
688 611 821 639 doctrina:
833 613 1033 641 confusionem.

247 650 366 680 Necesse
383 653 456 681 enim
472 658 514 681 est
527 662 559 683 ea
575 663 636 690 qua
656 663 870 686 commemorata
888 663 952 687 sunt
964 660 1035 688 invi-

246 704 306 724 cem
327 697 478 733 distingui.
502 703 530 726 et
557 700 586 727 in
606 702 716 737 propria
737 708 835 730 natura
854 704 986 732 collocari
1008 706 1036 733 id

247 742 320 776 quod
333 743 438 778 aliquid
450 745 609 780 suppeditat
619 747 736 775 seorsim
753 749 787 776 ab
800 756 833 777 eo
847 751 891 777 cui
907 751 1036 786 suppedi-

246 791 330 815 tatur.
338 788 397 816 Non
407 794 528 829 estergo
540 793 664 829 ejusdem
677 799 784 824 natura:
795 804 856 823 cum
871 797 951 826 rebus
963 806 1037 826 crea-

246 834 283 860 tis
300 833 396 867 Filius,
408 835 456 864 sed
470 837 498 865 in
512 838 601 867 Patris
615 839 770 869 substantia
784 842 975 876 collocabitur,
990 845 1035 873 lux

246 885 311 906 vera
329 880 364 908 de
382 881 444 909 luce
468 890 532 911 vera
549 885 698 914 exsistens.
714 886 768 914 Sed
791 896 845 915 non
869 889 920 915 erit
943 888 1034 917 forsan

243 922 356 954 djlllcile
384 926 438 955 huc
458 930 594 958 translato
608 938 736 960 sermone
758 941 813 968 quo
836 940 915 962 antea
934 934 1033 963 Filium

244 970 328 998 vitam
340 979 414 1005 esse,
425 978 452 1002 et
460 975 544 1003 alium
556 977 591 1004 ab
600 977 636 1005 iis
644 977 671 1005 in
682 978 782 1014 quibus
794 984 836 1008 est
848 981 1032 1014 ostendimus,

246 1017 328 1052 hujus
345 1019 444 1054 capitis
463 1020 566 1049 claram
590 1023 800 1058 explicationem
823 1025 929 1053 aﬂ‘erre.
946 1026 1031 1059 Quem

244 1061 366 1091 laborem
377 1071 412 1091 ne
424 1065 486 1094 aliis
498 1066 665 1102 relinquere,
674 1073 720 1096 aut
735 1070 869 1098 desidiam
886 1071 977 1099 colere
992 1072 1032 1099 vi-

243 1107 319 1140 dear,
330 1117 428 1137 rursus
440 1119 493 1147 ego
506 1112 565 1147 ipse
574 1113 795 1150 syllogismorum
810 1124 880 1152 quos
894 1118 970 1152 prius
990 1122 1031 1145 at-

244 1153 357 1179 tulimus
378 1154 504 1188 formam,
522 1158 611 1193 quoad
626 1164 731 1194 potero,
745 1166 930 1190 Iransmutare
950 1171 1033 1190 cona-

243 1196 303 1225 bor.
314 1197 348 1227 Ut
358 1201 430 1228 enim
444 1202 501 1229 illic
509 1203 564 1230 vita
576 1205 730 1233 secundum
743 1211 870 1235 naturam
882 1208 1031 1242 exsistcns,

242 1245 369 1275 diversus
383 1248 418 1276 ab
435 1248 470 1277 iis
481 1249 509 1277 in
528 1250 631 1286 quibus
641 1256 684 1280 est
699 1252 807 1281 videtur
821 1262 828 1281 :
844 1255 881 1282 ita
900 1256 944 1283 hic
964 1264 1032 1291 quo-

241 1300 297 1327 que
322 1293 371 1321 lux
395 1295 538 1323 hominum
562 1305 626 1325 cum
654 1306 716 1328 esse
741 1300 858 1333 dicatur,
874 1310 906 1329 ac
937 1311 1031 1330 revera

241 1338 288 1370 sit.
301 1339 372 1368 alius
397 1347 459 1369 esse
479 1341 514 1369 ab
534 1342 569 1371 iis
584 1344 770 1379 comperietur
785 1354 845 1381 qua:
871 1346 939 1374 lucis
958 1348 1029 1375 indi-

241 1389 316 1419 gent,
329 1392 445 1422 eamque
460 1388 635 1424 participant.
652 1391 681 1418 ld
696 1396 787 1419 autem
803 1401 836 1420 ex
852 1395 1030 1428 sequentibus

241 1431 398 1461 accuratius
412 1440 606 1468 agnoscenms.

1088 290 1226 327 φεύξεται.
1240 292 1303 324 Πῶς
1317 290 1375 325 οὖν,
1391 293 1406 319 6
1417 291 1473 328 [ισ.
1482 289 1517 328 ὧ]
1525 292 1615 327 πάσης
1628 289 1879 328 μωρίαςάνάτιλεψ.

1088 336 1200 372 φωτίζει
1227 337 1277 372 μὲν
1295 337 1388 371 αὐτὸς,
1406 337 1441 364 τὰ
1454 336 1483 364 δὲ
1498 337 1544 364 ὑπ’
1559 337 1643 364 αὐτοῦ
1658 336 1807 372 φωτίζεται
1820 345 1828 370 ;
1842 337 1880 364 ἸΙ

1087 382 1141 417 γὰρ
1155 382 1203 417 οὐχ
1220 382 1313 417 ἕτερον
1338 382 1387 416 μὲν
1407 381 1438 408 τὸ
1457 382 1573 416 φωτίζον
1595 382 1669 408 ἐστὶν
1679 402 1686 415 ,
1700 382 1791 417 ἕτερον
1806 382 1834 408 δὲ
1849 381 1881 407 τὸ

1088 428 1289 463 φωτιζόμενον;
1307 428 1376 454 Ἀλλ’
1392 428 1449 454 ἐστι
1468 428 1547 463 δῆλον
1570 429 1617 455 καὶ
1632 428 1713 455 παντί
1727 436 1766 463 τῳ
1782 427 1879 461 σαφές.

1087 475 1118 501 EE
1137 474 1191 510 γὰρ
1209 474 1307 502 ταυτὸν
1331 472 1400 501 εἶναι
1418 474 1548 509 δοίημεν,
1568 475 1629 501 ὅσον
1642 475 1683 507 εις
1701 474 1792 505 οὐσίας
1809 473 1881 499 ποιό-

1086 529 1165 556 τητα,
1178 521 1225 547 καὶ
1239 520 1284 547 τὸν
1296 520 1342 547 τοῦ
1359 519 1415 552 πῶς
1426 519 1496 547 εἶναι
1512 520 1635 554 λόγον·τί
1651 521 1681 547 τὸ
1697 520 1778 546 πλέον
1794 520 1824 545 ἐν
1839 519 1879 553 τῷ

1086 565 1214 600 φωτίζειν
1231 566 1365 602 ἰσχύοντι;
1382 566 1448 593 τίδὲ
1462 567 1492 593 τὸ
1504 566 1614 594 ἔλαττον
1629 564 1706 599 αὖθις
1722 567 1749 593 ἑν
1765 566 1804 601 τῷ
1820 575 1878 601 φω-

1086 612 1132 644 τὸς
1143 612 1279 648 διομένῳ;
1296 612 1355 647 ἥξει
1370 611 1425 648 γὰρ
1440 613 1481 639 ἐπ’
1499 612 1618 647 ἀμφοῖν,
1633 612 1701 647 ὅπερ
1718 612 1750 638 ἂν
1767 613 1812 644 τοι,
1832 612 1881 638 καὶ

1086 658 1138 685 ἀνὰ
1162 658 1245 694 μέρος
1270 659 1313 693 ἐφ’
1328 658 1462 694 ἐκατέρῳ-
1480 658 1527 685 καὶ
1551 658 1608 692 φῶς
1633 658 1681 693 μὲν
1705 657 1780 684 ἔσται
1795 657 1825 684 τὺ
1849 658 1880 684 ιν

1086 705 1166 740 χρείᾳ
1189 705 1287 738 φωτὸς,
1302 704 1332 731 τὸ
1356 704 1385 731 δὲ
1403 703 1460 738 φῶς
1483 704 1663 739 ἀδιαφορήπι
1682 703 1878 739 φωτιζόμενον.

1092 750 1172 777 Ἀλλὰ
1186 749 1269 786 πολλή
1283 759 1324 782 τις
1338 750 1367 777 ὲν
1383 749 1488 781 τούτοις
1506 750 1523 785 ἡ
1541 750 1596 776 τῶν
1613 749 1801 785 θεωρημάτων
1813 749 1880 785 ὁρᾶ-

1086 806 1131 825 ται
1156 797 1296 832 σύγχυσις,
1311 797 1359 824 καὶ
1381 797 1529 831 ἀναγκαῖος
1552 797 1619 832 ἡμῖν
1638 796 1785 831 ἀποτέμνει
1800 796 1879 830 λόγος

1086 843 1140 870 τῶν
1152 843 1355 878 ὀνομασθέντων
1371 843 1502 877 ἑκάτερον
1514 851 1521 858 ·
1535 843 1564 869 έν
1581 842 1633 878 ἰδίᾳ
1646 851 1676 868 τε
1690 841 1781 877 τίθησι
1797 841 1878 876 φύσει

1085 889 1116 915 τδ
1130 888 1264 925 χορηγοῦν
1282 889 1311 917 ὲν
1327 888 1432 920 τούτοις
1450 888 1524 924 παρὰ
1538 888 1569 914 τὸ
1586 888 1798 924 χορηγούμενον.
1821 888 1879 915 Οὐκ

1052 919 1072 947 Β
1086 919 1145 970 ᾱρᾶ
1157 919 1279 969 θμίοφυὴς
1297 935 1353 966 τοῖς
1374 919 1571 969 πετιοιημένοις
1687 955 1694 966 ,
1709 919 1769 961 αλλ’
1788 935 1818 961 ὲν
1843 935 1877 969 τῇ

1085 979 1132 1006 τοῦ
1149 980 1256 1015 [ἰατρὸς
1277 980 1357 1015 οὐσίᾳ
1372 980 1491 1006 κείσεται
1503 998 1510 1011 ,
1523 979 1579 1014 φῶς
1601 979 1727 1015 ἀληθινὸν
1744 980 1777 1006 ἑκ
1788 979 1877 1014 φωτὸς

1085 1026 1216 1061 ὑπάρχων
1241 1025 1378 1061 ἀληθινοῦ.
1399 1026 1522 1053 Χαλεπὸν
1536 1026 1564 1053 δὲ
1588 1026 1674 1059 οὐδὲν,
1688 1026 1734 1052 τὸν
1759 1025 1805 1053 ἐπὶ
1821 1026 1877 1057 τοῖς

1085 1072 1249 1107 προλαϐοῦσι
1267 1072 1539 1108 μεταρρυθμίζοντας
1553 1072 1640 1106 λόγον,
1650 1072 1679 1098 ὃν
1690 1072 1736 1098 ἐπὶ
1755 1071 1793 1107 τῷ
1806 1071 1878 1098 κατὰ

1084 1119 1165 1154 φύσιν
1183 1119 1316 1154 ὑπάρχειν
1331 1118 1402 1154 ζωὴν
1417 1119 1463 1145 τὸν
1486 1118 1551 1145 Υίὺν
1574 1117 1749 1152 πεποιήμεθα
1760 1137 1767 1149 ,
1783 1117 1879 1153 ἕτερον

1082 1173 1112 1190 τε
1129 1164 1193 1191 ὂντα
1212 1164 1286 1200 παρὰ
1307 1164 1340 1190 τὰ
1366 1164 1395 1189 ἑν
1414 1161 1455 1195 οἷς
1470 1165 1544 1190 ἐστιν
1565 1162 1748 1198 ὲδεικνὺομεν,
1766 1163 1811 1189 καὶ
1826 1162 1878 1198 τὴν

1083 1210 1112 1236 ὲν
1125 1210 1192 1245 τῷδε
1216 1210 1254 1245 τῷ
1276 1209 1415 1244 κεφαλαίῳ
1433 1209 1672 1244 διευκρινήσασθαι
1685 1208 1797 1243 γνῶσιν,
1814 1209 1877 1235 Ὲτιὶ

1082 1255 1110 1281 δὲ
1129 1255 1177 1282 τοῦ
1194 1256 1232 1291 μὴ
1246 1256 1348 1291 ἑτέροις
1362 1256 1407 1282 τὸν
1422 1256 1468 1282 ἐπὶ
1480 1255 1584 1287 τούτοις
1599 1255 1760 1290 καταλείψαι
1775 1255 1875 1286 πόνον,

1082 1301 1098 1336 ἢ
1111 1302 1159 1328 καὶ
1175 1302 1246 1336 ὄκνῳ
1260 1302 1448 1337 κεκρατῆσθαι
1462 1302 1561 1334 δοκεῖν,
1575 1302 1655 1333 αὐτὸς
1668 1301 1723 1334 ἐγὼ
1737 1301 1818 1328 πάλιν
1828 1301 1877 1327 τὸν

1083 1347 1113 1374 ὲν
1127 1349 1183 1379 τοῖς
1194 1347 1358 1383 προλαὼῦσι
1371 1348 1559 1383 συλλογισμοῖς
1576 1348 1819 1384 μεταστοιχειῶσαι
1829 1347 1876 1374 τὸν

1083 1392 1178 1425 τύπον,
1199 1393 1236 1425 ὡς
1263 1393 1296 1419 ἂν
1320 1391 1375 1424 οἶός
1398 1401 1428 1420 τε
1456 1391 1493 1425 ὦ.
1519 1394 1694 1430 πειράσομαι.
1717 1394 1759 1424 Ὡς
1773 1393 1828 1428 γὰρ
1846 1393 1877 1419 ὲν

1082 1438 1197 1469 ἐκείνοις
1216 1438 1272 1473 ζωὴ
1300 1438 1370 1465 κατὰ
1386 1438 1467 1473 φύσιν
1482 1439 1623 1474 ὑπάρχων,
1638 1439 1732 1474 ἔτερος
1745 1438 1783 1465 ὢν
1799 1438 1876 1473 παρὰ

1080 1484 1115 1510 τὰ
1140 1485 1168 1511 ὲν
1185 1481 1223 1515 οἷς
1238 1482 1272 1520 ἦν
1292 1484 1485 1518 ἀναφαίνεται,
1501 1484 1572 1511 οὕτω
1591 1484 1642 1511 κάν
1667 1484 1753 1521 τούτῳ
1770 1484 1799 1510 τὸ
1816 1483 1875 1518 φῶς

240 1518 295 1545 ⁴τῶν
308 1519 459 1555 ἀνθρώπιον
483 1519 553 1549 εἶναι
569 1522 715 1559 λεγόμενός
733 1534 761 1551 τε
787 1526 834 1553 καὶ
851 1528 910 1554 κατ’
926 1529 1054 1564 ἀλήθειαν
1073 1529 1121 1563 ὢν,
1133 1531 1224 1565 ἔτερος
1240 1518 1416 1565 εὑρεθήσεται
1440 1529 1514 1566 παρὰ
1526 1529 1559 1556 τὰ
1576 1529 1663 1564 φωτὸς
1681 1518 1794 1565 δεόξλενα
1826 1526 1875 1556 καὶ

241 1564 389 1600 μετέχοντα
406 1566 488 1594 αὑτοῦ
505 1575 513 1583 ·
531 1568 586 1595 ἀπὸ
597 1569 626 1596 δὲ
646 1569 701 1598 τῶν
718 1571 817 1607 ἑφεξῆς
837 1574 1032 1611 ἀκριΰέστερον
1051 1576 1190 1611 εἰσόμεθα.

241 1621 553 1669 negotiatione???”
570 1626 738 1669 sgliagismos
753 1630 851 1669 :_Quod
883 1634 1026 1661 secundum

1083 1634 1260 1668 Ἀποδείξεις
1281 1634 1330 1661 διὰ
1352 1634 1577 1669 συλλογισμῶν.
1602 1634 1647 1661 ὅτι
1671 1635 1744 1662 κατὰ
1770 1635 1871 1668 φύσιν

276 1662 401 1684 naturam
425 1658 507 1686 alius
517 1661 553 1688 sit

598 1662 661 1690 um
684 1663 843 1694 illuminans
865 1675 883 1694 α
905 1673 1030 1696 creatura

275 1700 335 1727 qua
350 1692 531 1722 illuminat".

276 1748 306 1777 Si
321 1748 440 1778 Verbum
464 1756 507 1780 est
530 1751 558 1781 in
586 1753 620 1782 iis
637 1762 698 1790 qua
713 1755 854 1791 dicuntur,
873 1766 927 1787 non
948 1768 1029 1790 secus

239 1802 272 1822 ac
289 1795 335 1823 lux
352 1797 503 1826 secundum
529 1803 654 1827 naturam
675 1809 723 1837 per
739 1803 975 1840 participationem
998 1814 1029 1835 se

239 1841 323 1869 rebus
346 1842 492 1876 immiscet,
508 1845 582 1873 aliud
603 1854 668 1883 ergo
686 1852 729 1876 est
748 1850 783 1876 ab
810 1849 846 1878 iis
868 1850 896 1879 in
926 1852 1028 1887 quibus

236 1894 300 1915 esse
328 1888 461 1917 creditur.
485 1891 563 1924 Quod
593 1899 684 1922 autem
716 1896 868 1925 secundum
900 1902 1027 1929 naturam

235 1932 323 1978 aliud
340 1939 384 1961 est
408 1935 443 1962 ab
457 1943 489 1963 ea
512 1945 574 1972 quae
598 1939 687 1974 ipsum
716 1941 862 1978 participat
883 1948 912 1971 et
934 1944 970 1972 ab
994 1952 1027 1972 eo

238 1976 409 2007 illnminatur
425 1985 563 2017 creatura,
583 1985 720 2019 quomodo
737 1994 792 2015 non
810 1976 864 2016 erit
881 1996 1027 2025 supremus

237 2021 330 2051 Deus?
479 2044 482 2047 ι

272 2067 387 2097 ALIUD.
417 2069 445 2098 Si
470 2071 517 2100 lux
554 2075 707 2103 secundum
740 2082 867 2106 naturam
897 2087 959 2108 cum
989 2081 1026 2109 sit

237 2112 337 2149 Filius,
356 2116 428 2145 inter
444 2123 587 2149 creaturas
611 2127 640 2149 ut
655 2128 777 2152 creatum
795 2125 842 2153 Dei
860 2126 947 2155 hostis
963 2136 1025 2157 esse

235 2161 283 2193 ait,
293 2161 491 2209 illuminantem
500 2173 532 2193 ea
545 2174 606 2201 qum
613 2168 681 2196 lucis
690 2169 827 2206 indigent;
837 2172 953 2206 primum
962 2174 1025 2209 qui-

234 2206 295 2233 dcm
310 2207 368 2242 ipse
380 2207 409 2234 in
422 2209 514 2245 seipso
523 2209 692 2249 intelligetur
702 2216 847 2251 exsistere,
857 2217 954 2246 deinde
966 2206 1024 2254 ipse

234 2261 346 2288 quoque
362 2255 498 2291 suiipsius
525 2259 662 2294 particeps
685 2261 748 2295 erit,
760 2265 787 2289 et
813 2262 869 2296 lux,
885 2264 1024 2300 siquidem

1114 1669 1214 1731 ἓτιὶρος
1235 1671 1252 1697 ό
1262 1669 1392 1705 φωτίζων
1407 1670 1469 1704 Υἱὸς
1486 1669 1566 1704 παρὰ
1590 1670 1650 1703 τὴν
1668 1669 1874 1704 φωτιζομένην

1114 1713 1151 1731 κτ
1164 1712 1227 1731 σιν.

1114 1712 1186 1732 κτισ
1187 1713 1227 1732 ιν.

1112 1761 1144 1789 El
1168 1761 1197 1788 ὲν
1211 1763 1269 1793 τοῖς
1284 1761 1442 1797 λεγομένοις
1459 1762 1474 1789 6
1491 1762 1577 1796 Λόγος
1597 1758 1632 1798 ἦν
1649 1762 1688 1795 ὡς
1710 1761 1778 1797 φῶς,
1800 1762 1872 1790 κατὰ

1078 1803 1159 1839 φύσιν
1177 1804 1221 1833 διὰ
1232 1806 1350 1841 μετοχῆς
1370 1807 1426 1839 τοῖς
1437 1804 1513 1833 οὖσιν
1527 1807 1624 1834 ἑαυτὸν
1635 1808 1796 1843 ἀναμιγνὺς,
1805 1807 1868 1834 ἓτε-

1079 1859 1124 1886 ρος
1134 1850 1188 1886 ἄρα
1204 1851 1263 1878 ἐστὶ
1280 1851 1332 1879 τῶν
1348 1852 1377 1879 ὲν
1388 1850 1428 1884 οἷς
1446 1851 1516 1880 εἶναι
1534 1852 1703 1881 πιστεύεται.
1729 1854 1757 1881 '0
1772 1854 1800 1881 δὲ
1819 1855 1870 1891 τὴν

1077 1896 1158 1931 φύσιν
1170 1896 1263 1933 ἕτερος
1288 1896 1337 1931 ὢν,
1359 1898 1376 1934 ἢ
1399 1898 1469 1935 ὅπερ
1484 1899 1591 1934 ὲστὶνὴ
1616 1900 1764 1934 μετέχουσα
1786 1901 1869 1928 αὐτοῦ

1075 1943 1124 1970 καὶ
1148 1943 1320 1979 φωτιζομένη
1342 1944 1441 1978 κτίσις,
1465 1944 1523 1977 πῶς
1540 1945 1590 1972 οὐκ
1612 1944 1646 1972 ἂν
1666 1945 1710 1981 τίη
1738 1945 1832 1974 λοιπὸν
1854 1948 1870 1974 6

1076 1988 1146 2025 ὑπὲρ
1164 1991 1254 2017 πάντα
1267 1990 1333 2023 Θεὸς
1346 1999 1354 2024 ;

1109 2080 1212 2108 ΔΔΔΟ.
1227 2081 1259 2109 El
1279 2081 1337 2116 φῶς
1355 2082 1426 2109 κατά
1441 2081 1520 2117 φύσιν
1536 2081 1601 2111 ὄντα
1613 2083 1661 2111 τὸν
1675 2084 1751 2117 Υιὸν,
1766 2084 1796 2111 έν
1810 2086 1867 2116 τοῖς

1074 2126 1197 2161 γενητοῖς
1211 2125 1249 2157 ὡς
1261 2126 1374 2161 γενητδν
1385 2127 1399 2154 6
1411 2126 1546 2163 θεομάχος
1556 2127 1626 2156 εἷναί
1643 2137 1721 2165 φησι,
1730 2129 1764 2156 τὰ
1776 2130 1867 2163 φωτὸς

1073 2169 1223 2205 δεδεημένα
1239 2170 1390 2205 φωτίζοντα
1407 2179 1414 2186 ·
1440 2173 1548 2208 πρῶτον
1561 2174 1612 2209 μὲν
1628 2174 1710 2207 αὐτὸς
1734 2175 1866 2211 ὑπάρχων

1074 2213 1102 2241 ιν
1117 2214 1205 2250 ἐαυτῷ
1227 2215 1400 2251 νοηθήσεται,
1418 2214 1478 2245 εἶτα
1500 2217 1568 2254 πρὸς
1583 2218 1688 2254 τούτῳ,
1703 2220 1748 2246 καὶ
1778 2220 1861 2253 αὐτος

1062 2261 1170 2288 -ἑαυτοῦ
1185 2261 1297 2297 μέτοχος
1306 2261 1393 2295 ἔσται,
1410 2263 1459 2290 καὶ
1475 2263 1544 2299 φῶς,
1562 2265 1640 2300 εἰπερ
1650 2265 1688 2292 ὣν
1707 2266 1736 2293 ἐν
1748 2267 1803 2298 τοῖς
1815 2275 1864 2301 γε-

232 2298 371 2328 exsistens
386 2300 413 2328 in
431 2301 514 2329 rebus
526 2304 638 2336 creatis,
653 2313 724 2334 unus
737 2315 857 2343 quoque,
879 2298 1019 2338 cx'earum

1079 2308 1204 2342 θεμένοις,
1230 2307 1269 2341 εἷς
1287 2310 1333 2337 καὶ
1353 2310 1435 2343 αὐτὸς
1455 2311 1483 2344 ἐξ
1505 2311 1595 2338 αὐτῶν
1612 2298 1746 2348 ὑ-πάρχειν
1759 2298 1861 2348 ὑπολη-

234 2352 350 2373 numero
373 2354 434 2375 esse
459 2348 518 2384 ipse
534 2351 701 2379 censebitur.
724 2352 776 2381 Sed
799 2354 874 2382 videt
896 2357 1020 2386 eruditus

232 2390 317 2418 corde
348 2391 375 2419 in
404 2393 548 2428 sapientia,
568 2395 642 2423 sicut
660 2397 793 2433 scriptum
821 2404 864 2428 est
885 2400 917 2434 ¹¹,
936 2409 1019 2437 quam

232 2437 269 2464 sit
294 2437 442 2466 absurdum
472 2439 500 2467 id
531 2441 560 2469 in
591 2443 712 2471 animum
746 2444 885 2476 inducere.
917 2447 1018 2483 Igitur.

232 2482 255 2510 si
271 2491 318 2518 per
337 2484 576 2521 participationem
592 2488 619 2516 in
635 2491 770 2519 creaturis
781 2496 823 2521 est
836 2482 955 2522 Verbum
970 2504 1018 2525 eas

232 2527 403 2561 illuminans,
420 2537 474 2558 non
488 2532 541 2559 erit
556 2532 646 2567 ipsum
658 2543 768 2572 quoque
786 2537 812 2565 in
828 2538 866 2567 iis
879 2547 940 2575 qua:
955 2548 1018 2576 par-

229 2572 350 2608 ticipant
375 2578 403 2601 et
431 2575 634 2612 illuminantur,
661 2581 709 2609 sed
735 2582 810 2611 aliud
828 2572 963 2613 nimiruni
981 2587 1016 2615 ab

231 2618 311 2653 ipsis.
332 2619 411 2653 Quod
431 2622 454 2649 si
475 2623 510 2650 ita
527 2628 580 2657 est,
598 2633 653 2653 non
671 2627 725 2655 erit
738 2635 804 2665 ergo
820 2635 953 2663 creatum,
967 2631 1015 2659 sed

230 2669 262 2691 ut
283 2665 328 2692 lux
346 2668 497 2696 secundum
514 2674 651 2706 naturam,
668 2678 695 2701 ct
712 2673 784 2703 Deus
800 2675 828 2704 in
843 2676 877 2704 iis
890 2685 951 2712 quae
971 2678 1015 2705 lu-

229 2710 271 2737 cis
288 2710 421 2747 indigent.

267 2755 380 2784 ALIUD.
402 2756 431 2784 Si
452 2766 506 2786 non
521 2768 554 2788 ex
570 2762 725 2792 substantia
740 2764 787 2793 Dei
807 2773 839 2794 ac
866 2767 957 2796 Patris
972 2772 1015 2797 est

230 2799 328 2835 Filius,
349 2802 396 2830 sed
421 2805 594 2836 extrinsecus
610 2814 648 2842 ut,
667 2810 707 2838 illi
804 2813 908 2848 volunt,
923 2815 1012 2851 ipsum

248 2889 270 2906 "
291 2889 370 2918 l‘i'ov.
390 2900 433 2921 xvt
446 2914 453 2926 ,
470 2894 520 2923 ‘20.
537 2895 583 2923 2L

1071 2355 1214 2391 φθήσεται.
1240 2356 1309 2383 Ἀλλ’
1337 2357 1390 2392 ὁρᾷ
1410 2365 1461 2383 που
1485 2357 1594 2389 πάντως
1612 2358 1627 2384 6
1645 2359 1861 2394 πεπαιδευμένος

1069 2403 1119 2439 τὴν
1132 2403 1244 2439 καρδίαν
1261 2403 1291 2430 ὲν
1312 2404 1403 2439 σοφίᾳ,
1426 2403 1515 2435 καθὼς
1531 2404 1706 2440 γέγραπται,
1726 2406 1792 2440 ὅσην
1804 2406 1861 2441 ἔχει

1068 2449 1118 2485 τὴν
1133 2449 1246 2477 ἀτοπίαν
1266 2449 1297 2477 τὸ
1317 2449 1388 2477 οὕτω
1407 2451 1486 2477 νοεῖν.
1502 2450 1606 2478 οὐκοῦν
1629 2453 1654 2478 εἰ
1673 2451 1813 2485 μεθεκτῶς
1829 2453 1860 2479 ἐν

1067 2496 1124 2526 τοῖς
1136 2497 1260 2531 γενητοῖς
1279 2496 1352 2522 ἐστιν
1376 2496 1391 2523 6
1416 2496 1541 2531 φωτίζων
1560 2498 1629 2524 αὐτὰ
1651 2498 1746 2533 Λόγος,
1758 2499 1808 2526 οὐκ
1829 2500 1859 2526 ὲν

1069 2542 1125 2573 τοῖς
1145 2541 1286 2577 μετέχουσι
1310 2541 1356 2568 καὶ
1373 2542 1569 2577 φωτιζομένοις
1593 2542 1669 2570 ἔσται
1694 2544 1740 2571 καὶ
1766 2545 1857 2578 αὐτὸς,

1069 2587 1127 2615 ἀλλ’
1146 2588 1240 2622 ἕτερος
1258 2587 1379 2623 δηλονότι
1400 2588 1464 2623 παρ’
1479 2588 1580 2616 ἐκεῖνα.
1598 2587 1630 2615 El.
1652 2589 1681 2616 δὲ
1696 2590 1790 2623 τοῦτο,
1808 2592 1859 2618 οὐκ

1069 2634 1122 2669 ἄρα
1136 2633 1258 2669 γενητὸς,
1275 2633 1332 2660 ἀλλ’
1350 2633 1388 2666 ὡς
1405 2633 1462 2669 φῶς
1482 2635 1552 2661 κατὰ
1573 2635 1664 2670 φύσιν,
1683 2638 1730 2664 καὶ
1748 2637 1816 2670 Θεὸς
1828 2638 1858 2665 έν

1067 2680 1123 2712 τοῖς
1137 2679 1225 2714 φωτὸς
1243 2679 1388 2714 δεομένοις.

1102 2769 1203 2798 ΔΛΔΟ.
1217 2770 1248 2798 ΕΞ
1262 2771 1300 2807 μὴ
1314 2772 1345 2798 ὲκ
1363 2772 1414 2807 τῆς
1429 2772 1523 2804 οὐσίας
1542 2772 1589 2799 τοῦ
1608 2772 1675 2800 Θεοῦ
1691 2773 1737 2800 καὶ
1750 2773 1857 2806 Πατρός

1067 2815 1141 2842 ἐστιν
1151 2817 1165 2843 6
1178 2816 1251 2851 Υἱὸς,
1264 2817 1363 2851 ἔξωθεν
1375 2817 1402 2844 δὲ
1411 2818 1493 2846 αὑτὸν
1505 2819 1565 2845 κατ’
1576 2818 1695 2852 ἐκείνους
1705 2819 1854 2855 ὑπέστησε·
