2030 3122
244 180 279 208 99
734 176 763 204 S.
781 175 916 203 CYRIILI
936 170 1169 201 ALEXANDRINI
1189 169 1350 199 ARCIIIEP.

1813 166 1865 196 I00

281 235 395 263 ALIUD.
413 233 493 267 Quod
509 233 597 261 lucem
616 232 772 268 participat,
788 241 842 260 non
857 235 899 260 est
923 229 1031 266 proprie

1117 227 1218 254 AAAO.
1235 226 1272 253 Τὸ
1285 226 1343 260 φῶς
1366 224 1487 261 μετέχων
1502 223 1549 260 [aL
1564 223 1651 259 φωτὸς
1668 223 1803 260 μετίχονῖ,
1816 225 1868 251 οὐκ

245 284 306 316 lux;
323 282 394 309 aliud
410 282 482 308 enim
499 279 637 316 quoddam
665 280 692 306 in
716 279 776 313 ipso
793 286 853 306 esse
865 278 982 306 videtur.
1002 277 1030 304 Si

244 336 309 365 ergo
325 327 565 356 communicabilis
591 325 728 353 creaturis
747 329 789 352 est
803 324 898 356 Filius,
917 328 946 351 ut
971 323 1031 356 lux,

245 376 372 403 diversus
385 373 437 401 erit
451 373 484 400 ab
499 373 534 400 iis
548 380 607 408 qum
621 371 787 407 participant
808 370 910 404 ipsum,
924 375 951 397 et
962 369 1032 396 lucis

246 421 378 455 indigent.
402 419 487 454 Igitur
510 427 564 446 non
588 422 631 446 est
659 422 786 448 creatus,
809 423 898 450 neque
930 419 960 442 ut
988 422 1033 442 res

245 470 344 493 creata:
360 465 395 492 ab
412 465 466 492 alio
485 463 635 492 illuminari
651 463 783 498 postulat.
802 461 874 489 Deus
887 462 989 495 itaque,
1005 463 1033 487 et

246 510 402 538 illuminare
421 510 502 545 potis.
518 507 596 542 Quod
613 509 634 536 si
660 508 696 534 ita
716 511 770 540 est,
783 507 864 534 etiam
891 514 923 533 ex
942 506 1034 533 Patris

246 556 401 584 substantia
432 555 540 590 genitus
570 553 751 588 intelligetur,
778 552 914 588 siquidem
950 559 1033 579 unum

247 603 396 630 adoramus
424 600 530 638 Deum,
558 607 608 627 nec
641 600 757 627 alterum
790 599 824 626 ab
851 605 885 626 eo
914 598 961 633 qui
992 601 1035 625 est

247 649 374 676 colimus.

283 692 396 720 ALIUD.
408 693 510 720 Iterum
522 696 648 719 naturam
664 690 823 726 diligentius
834 690 1035 721 examinantcs,

249 739 333 766 Deum
345 739 468 766 videmus
482 743 508 765 et
526 742 692 770 creaturam,
708 741 836 772 praeterea
854 736 930 764 nihil.
945 736 1036 769 Quod-

246 792 356 820 cunque
369 785 442 811 enirn
459 783 531 811 Deus
546 791 599 810 non
619 786 661 810 est
677 787 775 809 natura
792 790 852 815 sua,
867 782 919 809 hoc
941 783 1036 816 utique

247 838 372 860 creatum
393 837 445 865 est,
459 836 486 859 ct
509 831 582 867 quod
608 831 661 858 sub
677 830 845 858 creationem
867 829 966 856 cadere
983 837 1036 856 non

248 882 350 914 potest,
368 878 480 905 omnino
504 885 616 905 necesse
645 880 687 904 est.
713 877 764 903 hoc
789 884 851 904 esse
873 876 968 903 Deum.
986 876 1036 902 His

249 926 286 952 ita
313 925 364 952 rite
382 924 546 959 perspectis,
561 923 746 957 respondeant
771 923 851 951 nobis
865 922 912 958 qui
936 930 951 949 a
969 922 1036 950 sub-

249 969 350 997 stantia
370 968 415 996 Dei
440 976 471 995 ac
490 968 579 996 Patris
601 968 700 995 Filium
720 972 873 1000 removent,
899 967 1036 1002 quomodo

250 1015 334 1050 possit
359 1015 518 1042 illuminare
544 1020 572 1041 ut
597 1014 653 1046 lux,
682 1021 744 1041 cum
776 1014 835 1049 ipsa
864 1014 973 1049 propria
1000 1013 1036 1041 sit

250 1065 355 1088 natura!
371 1060 472 1088 divinae
488 1068 538 1087 nec
555 1060 634 1088 alteri
650 1060 797 1088 tribuatur.
828 1060 906 1094 Quod
923 1061 946 1088 si
961 1067 1038 1088 crea-

250 1112 295 1134 tus
313 1114 376 1134 cum
400 1107 437 1134 sit
448 1105 545 1139 Filius,
560 1106 641 1134 etiam
665 1107 711 1134 lux
728 1114 790 1134 esse
805 1110 908 1142 potest,
923 1106 958 1134 ad
975 1106 1038 1134 uni-

250 1161 345 1180 versas
362 1153 456 1188 utique
477 1161 521 1180 res
543 1158 650 1181 creatas
669 1153 815 1188 pertinebit
835 1153 917 1180 istius
934 1160 1037 1187 praero-

249 1198 347 1234 gativae
377 1199 475 1233 gratia,
491 1203 628 1234 eruntque
650 1198 744 1226 omnia
764 1198 810 1226 lux
836 1205 885 1233 per
899 1203 1037 1226 naturam.

251 1244 323 1277 Quid
337 1252 402 1279 ergo
417 1244 459 1272 eis
485 1252 554 1279 opus
577 1245 630 1271 erit
657 1244 868 1280 participatione
893 1243 967 1275 Filii.
992 1249 1040 1272 aut

251 1291 316 1326 quid
334 1291 397 1318 inde
415 1292 456 1318 eis
471 1291 593 1322 accedet.
609 1298 672 1318 cum
686 1296 716 1318 ut
739 1290 796 1318 sint
823 1291 868 1317 lux
885 1290 1039 1317 secundum

252 1344 329 1364 suam
356 1341 482 1364 naturam
506 1337 572 1371 ipsae
596 1345 705 1372 quoque
736 1336 866 1367 habeant.
882 1343 936 1363 non
960 1343 1040 1364 secus

252 1389 285 1409 ac
303 1381 407 1409 Filius?
424 1381 478 1409 Sed
502 1382 678 1410 illuminante
702 1388 772 1415 opus
799 1380 881 1408 habet
902 1385 1040 1412 creatura.

252 1436 314 1455 cum
335 1427 407 1455 istud
421 1435 435 1454 a
452 1435 481 1455 se
507 1436 560 1455 non
592 1428 689 1455 habent
708 1436 714 1454 :
733 1427 805 1454 Deus
827 1426 911 1462 igitur
927 1431 969 1454 est
994 1434 1042 1461 per

254 1479 379 1502 naturam
398 1474 497 1506 Filius.
522 1480 605 1510 atque
631 1475 735 1502 idcirco
759 1474 817 1506 lux,
835 1477 865 1501 ut
891 1473 937 1508 qui
955 1473 1042 1508 possit

253 1521 410 1548 illuminare
425 1528 456 1547 ea
474 1529 533 1555 quae
551 1521 619 1547 lucis
636 1520 770 1555 indigent.

290 1609 405 1637 ALIUD.
420 1609 478 1636 Lux
503 1610 652 1636 scentulum
676 1613 801 1636 naturam
829 1617 906 1638 suam
923 1617 985 1638 cum
1007 1609 1044 1637 slt

256 1655 352 1689 Filius,
375 1660 422 1683 aut
443 1656 515 1682 alius
536 1660 577 1682 est
608 1663 622 1681 a
647 1660 786 1687 creatura,
815 1663 913 1690 nempe
938 1656 1044 1683 ratione

253 1703 453 1735 cssontiae,aut
476 1701 598 1737 ejusdem
623 1709 685 1728 eum
717 1702 775 1737 ipsa
801 1706 916 1730 natura.
934 1701 962 1729 Si
978 1710 1044 1737 ergo

255 1749 378 1782 ejusdem
415 1749 523 1783 generis
553 1751 596 1775 est
629 1756 661 1775 ac
689 1749 860 1781 substantia,
881 1747 995 1777 frustra.
1015 1752 1045 1775 ut

257 1794 375 1826 videtur,
388 1795 466 1822 nobis
482 1794 520 1821 ait
539 1803 566 1821 ιι
581 1793 637 1829 Ego
652 1794 698 1821 lux
713 1794 741 1821 in
759 1795 890 1821 mundqu
905 1794 968 1821 veni
980 1794 1012 1822 ".
1030 1804 1040 1820 ι

258 1838 342 1865 liabet
358 1840 431 1866 enim
448 1839 529 1866 etiam
545 1848 559 1865 a
575 1847 606 1866 se
620 1844 746 1866 creatura
775 1839 847 1871 quod
864 1839 908 1866 lux
920 1839 955 1866 sit
973 1847 980 1865 :
997 1839 1044 1867 lux

258 1888 347 1911 autem
378 1884 447 1910 lueis
476 1884 615 1919 particeps
634 1891 696 1911 esse
723 1892 778 1911 non
806 1884 899 1915 debet,
922 1889 951 1911 ut
979 1892 1044 1912 cen-

255 1933 349 1957 seatur
374 1936 438 1956 esse
459 1929 512 1955 lux.
533 1928 588 1964 58
603 1928 650 1956 Sin
677 1932 768 1956 autem
791 1929 913 1964 ejusdem
940 1934 1044 1957 naturae

257 1983 310 2004 non
324 1980 380 2008 est,
395 1974 442 2002 sed
459 1978 586 2002 creatura
603 1975 674 2002 lucis
690 1974 802 2010 indiget,
819 1983 881 2002 cum
902 1975 1020 2003 audierit
1035 1985 1042 2003 :

259 2031 268 2047 ι
284 2021 358 2055 Quid
378 2022 449 2049 enim
468 2020 558 2049 'babes
586 2021 658 2056 quod
681 2029 736 2048 non
754 2021 884 2056 accepisti
898 2022 939 2048 ὀῗ
958 2031 967 2047 ι
995 2029 1043 2048 ne—

254 2068 379 2095 cessario
412 2067 496 2102 igitur
520 2072 629 2095 creatus
655 2075 718 2095 esse
744 2075 798 2094 non
827 2068 926 2103 poterit
946 2067 1044 2101 Filius,

256 2115 310 2142 sibi
336 2113 416 2141 simul
435 2113 572 2148 arripiens
589 2106 660 2148 quod
679 2114 821 2149 proprium
844 2117 887 2141 est
911 2119 1045 2140 creatura}

258 2161 369 2186 bonum.
386 2159 446 2186 Non
472 2159 546 2186 enim
567 2164 693 2186 creatura
719 2158 763 2185 lnx
789 2159 841 2186 erit
867 2163 965 2186 natura
983 2166 1043 2191 sua,

256 2205 305 2232 sed
318 2206 387 2231 lueis
405 2205 494 2240 potius
513 2204 605 2239 indiga
623 2209 650 2232 et
664 2205 813 2239 particeps.

1081 272 1146 299 αὐτὸ
1163 273 1264 308 κυρίως
1282 272 1340 298 ἐστὶ
1351 271 1418 306 φῶς·
1438 272 1530 307 ἕτερον
1547 271 1600 306 γάρ
1611 279 1637 297 τι
1646 271 1768 306 ὑπάρχον
1779 271 1808 297 ὲν
1818 271 1869 298 αὑ⁴

1081 318 1119 354 τῷ
1136 318 1269 352 φαίνεται·
1283 318 1405 344 είτοίνυν
1418 316 1548 352 μεθεκτδς
1561 318 1576 343 6
1587 317 1652 348 Υἱὸς
1664 317 1720 348 τοῖς
1732 317 1868 352 γενητοῖς.

1081 365 1119 397 ὠς
1136 364 1204 399 φῶς,
1217 363 1309 399 ἔτερος
1320 363 1352 390 ἂν
1364 363 1406 398 εἴη
1422 363 1497 398 παρὰ
1511 363 1545 389 τὰ
1559 363 1706 397 μετέχοντα
1717 361 1798 389 αὑτοῦ
1823 362 1870 388 καὶ

1082 411 1171 445 φωτὸς
1185 410 1309 445 δεόμενα·
1326 409 1424 436 οὐκοῦν
1447 409 1477 435 οὐ
1503 409 1628 444 γενητὸς,
1649 408 1703 434 οὐδ’
1718 408 1814 443 ὥσπερ
1834 408 1870 434 τὰ

1082 457 1183 491 γενητὰ
1201 455 1365 491 φωτίζεσθαι
1381 456 1445 490 παρ’
1457 454 1550 490 ἑτέρου
1566 454 1666 489 ζητῶν·
1689 453 1755 486 Θεὸς
1770 454 1798 480 δὲ
1816 454 1870 489 ἄρα

1083 503 1185 534 λοιπὸν,
1198 502 1244 528 καὶ
1259 501 1386 536 φωτίζειν
1405 501 1563 536 δυνάμενος.
1576 501 1605 527 Εἰ
1619 500 1646 527 δὲ
1661 499 1750 530 τοῦτο,
1765 501 1812 526 καὶ
1821 500 1872 535 τῆς

1084 550 1130 576 τοῦ
1150 548 1264 584 ,Πατρὺς
1287 547 1381 579 οὐσίας
1409 546 1571 580 ὲκπεφυκὼς
1599 545 1770 581 νοηῦήσεται.
1793 546 1872 580 είπερ

1084 595 1132 622 Eva
1149 594 1358 630 προσκυνοῦμεν
1387 593 1463 626 Θεὸν,
1481 593 1527 620 καὶ
1553 593 1603 628 οὐχ
1617 593 1702 629 ἑτέρῳ
1727 592 1781 619 τινὶ
1796 593 1873 628 παρὰ

1085 641 1129 668 τὸν
1145 641 1209 668 ὄντα
1220 641 1398 676 λατρεύωμεν.

1119 687 1220 713 ΑΛΛΟ.
1237 687 1293 722 Τὴν
1308 686 1361 713 τῶν
1369 687 1452 713 ὄντων
1470 685 1590 721 ἀκριϐῶς
1601 685 1772 719 ἐξετάζοντες
1781 686 1873 720 φύσιν.

1085 732 1151 759 Θεὸν
1175 733 1282 768 ὁρῶμεν
1311 733 1357 759 καὶ
1381 732 1486 763 κτίσιν,
1511 732 1559 758 καὶ
1587 732 1679 768 ἕτερον
1699 732 1746 758 ἐπὶ
1769 732 1874 764 τούτοις

1085 779 1173 805 οὐδέν’
1191 779 1205 805 ὃ
1224 779 1277 814 γὰρ
1295 778 1328 805 ἂν
1349 779 1452 814 ὲκπέαῃ
1468 778 1514 805 τοῦ
1528 775 1596 805 εῖναι
1611 778 1677 810 Θεὸς
1694 779 1765 805 κατὰ
1781 778 1873 813 φύσιν,

1086 824 1165 850 τοῦτο
1178 825 1286 856 πάντως
1300 825 1358 850 ἐστὶ
1370 825 1492 860 γενητόν·
1515 824 1561 851 καὶ
1576 824 1644 860 ὅπερ
1660 824 1693 851 ἂν
1704 824 1749 851 τὸν
1762 824 1808 850 τοῦ
1824 833 1875 851 πε-

1089 871 1216 906 ποιῆσθαι
1236 871 1371 907 διαφεύγῃ
1398 872 1494 906 λόγον,
1511 871 1591 898 τοῦτο
1607 872 1654 898 καὶ
1682 871 1747 898 εἴσω
1766 872 1876 903 πάντως

1086 917 1145 944 ἐστὶ
1160 918 1212 944 τῶν
1225 917 1274 952 τῆς
1287 917 1413 952 θεότητος
1422 918 1503 952 ὅρων.
1520 917 1584 944 Ὅτε
1599 917 1687 944 τοίνυν
1706 917 1805 953 ἄριστά
1817 926 1875 948 πως

1086 964 1120 990 τὰ
1143 963 1254 990 τοιαῦτα
1275 964 1471 999 διεσκέμμεθα,
1490 963 1623 997 λεγόντων
1648 965 1713 998 ἡμῖν
1729 965 1752 990 οἱ
1767 965 1816 999 τῆς
1828 963 1875 990 τοῦ

1087 1011 1154 1037 Θεοῦ
1169 1010 1217 1038 καὶ
1233 1010 1340 1045 Πατρὸς
1359 1010 1454 1041 οὐσίας
1473 1009 1637 1043 ἐξωθοῦντες
1652 1010 1699 1036 τὸν
1714 1010 1779 1036 Υἱόν
1792 1019 1798 1026 ·
1813 1009 1877 1042 Πῶς

1088 1057 1120 1084 ἂν
1131 1056 1237 1084 δύναιτο
1253 1057 1380 1091 φωτίζειν
1392 1056 1431 1088 ὼς
1445 1057 1512 1091 φῶς,
1529 1056 1594 1083 ἴδιον
1611 1056 1727 1091 ἐχούσης
1739 1057 1807 1083 αὐτο
1827 1056 1877 1091 τῆς

1089 1103 1163 1135 θείας
1175 1103 1291 1138 φύσεως,
1310 1102 1395 1138 ἑτέρῳ
1411 1102 1439 1129 δὲ
1457 1103 1674 1138 παραχωρούσης
1691 1102 1778 1129 οὐδενί
1785 1112 1792 1136 ;
1808 1104 1832 1129 εί
1849 1103 1878 1129 δὲ

1088 1150 1200 1186 γενητὸς
1223 1150 1353 1186 ὑπάρχων
1374 1151 1388 1177 6
1409 1149 1491 1183 Υἱὸς,
1515 1150 1563 1176 καὶ
1588 1151 1646 1184 φῶς
1667 1149 1737 1178 εἶναι
1755 1151 1877 1182 δύναται,

1089 1196 1187 1231 φθάσει
1217 1196 1250 1232 δὴ
1287 1197 1396 1228 πάντως
1431 1197 1476 1224 ἐπὶ
1508 1196 1598 1225 πάντα
1632 1197 1666 1224 τὰ
1700 1200 1803 1234 γενητὰ
1829 1199 1879 1225 τοῦ

1090 1242 1328 1277 πλεονεκτήματος
1345 1244 1362 1278 ἡ
1376 1243 1468 1278 χάρις,
1485 1242 1561 1270 ἔσται
1578 1243 1608 1269 δὲ
1623 1243 1712 1270 πάντα
1729 1243 1787 1277 φῶς
1809 1245 1880 1271 κατὰ

1091 1286 1182 1322 φύσιν.
1198 1287 1246 1319 Τίς
1262 1285 1309 1315 οὖν
1327 1288 1420 1318 αὐτοῖς
1433 1288 1473 1314 ἔτι
1488 1288 1566 1324 χρεία
1578 1289 1628 1324 τῆς
1650 1288 1697 1315 τοῦ
1717 1289 1784 1316 Υίοῦ
1801 1298 1881 1325 μετο-

1091 1334 1151 1368 χῆς,
1169 1333 1226 1369 ἧτί
1241 1334 1271 1360 τδ
1285 1334 1366 1361 πλέον
1387 1334 1512 1360 ἐντεῦθεν
1532 1335 1688 1370 εὑρήσουσι,
1706 1335 1776 1362 κατὰ
1799 1337 1882 1370 φύσιν

1091 1379 1186 1414 ἔχοντα
1208 1380 1255 1406 καὶ
1266 1379 1334 1406 αὐτὰ
1359 1380 1388 1406 τδ
1403 1377 1474 1407 εἶναι
1493 1380 1568 1414 φῶς,
1589 1380 1685 1416 ὥσπερ
1705 1379 1752 1408 οὖν
1766 1381 1880 1418 ἀμέλει,

1092 1425 1139 1452 καὶ
1153 1425 1215 1456 Tib;
1230 1427 1258 1451 ἐν
1280 1426 1384 1457 ἑαυτοῖς
1401 1425 1409 1461 [
1423 1435 1468 1460 γρ.
1487 1426 1575 1462 ἑαυτῷ
1586 1426 1614 1462 ];
1637 1427 1717 1454 Ἀλλὰ
1727 1427 1823 1463 χρῄζει
1834 1427 1883 1454 τοῦ

1093 1470 1255 1506 φωτίζοντος
1264 1473 1281 1507 ἡ
1297 1472 1398 1506 κτίσις,
1426 1472 1530 1500 οἴκοθεν
1541 1474 1590 1500 οὐκ
1604 1474 1704 1509 ἔχουσα
1719 1475 1807 1502 τοῦτο.
1816 1476 1885 1507 Θεός

1092 1517 1146 1553 ἄρα
1159 1517 1229 1544 κατὰ
1245 1518 1325 1552 φύσιν
1339 1519 1352 1544 6
1368 1518 1442 1551 Υἱὸς,
1461 1519 1509 1545 καὶ
1530 1518 1576 1546 διὰ
1598 1518 1678 1547 τοῦτο
1701 1520 1769 1555 φῶς,
1785 1521 1824 1553 ὡς
1849 1522 1884 1548 τὰ

1055 1571 1077 1599 C
1094 1563 1181 1598 φωτὸς
1196 1563 1310 1598 δεόμενα
1326 1564 1452 1598 φωτίζειν
1466 1565 1623 1600 δυνάμενος.

1129 1610 1230 1636 AAAO.
1242 1609 1301 1641 Φῶς
1313 1610 1382 1637 κατὰ
1398 1611 1478 1645 φύσιν
1493 1612 1623 1647 ὑπάρχων
1635 1613 1650 1639 6
1664 1612 1737 1645 Υἱὸς,
1759 1613 1776 1648 ἢ
1789 1612 1885 1649 ἕτερός

1094 1656 1151 1682 ἐστι
1168 1655 1243 1691 παρὰ
1254 1655 1303 1691 τὴν
1314 1656 1410 1689 κτίσιν,
1427 1656 1508 1692 δῆλον
1518 1657 1546 1684 δὲ
1564 1659 1605 1685 ὅτι
1619 1659 1690 1685 κατὰ
1703 1659 1750 1685 τδν
1763 1659 1810 1686 τοῦ
1824 1659 1885 1691 πῶς

1094 1699 1163 1728 εἶναι
1176 1702 1265 1736 λόγον,
1284 1703 1300 1737 ἢ
1317 1703 1439 1738 ὁμοφυὴς
1455 1704 1534 1739 αὐτῇ.
1560 1705 1580 1731 Ε
1612 1706 1661 1740 μὲν
1686 1703 1732 1732 οὖν
1749 1706 1885 1741 ὁμογενής

1094 1748 1209 1775 ἐστικαὶ
1224 1748 1374 1783 όμοούσιος,
1385 1750 1482 1785 μάτην,
1496 1749 1534 1782 ὡς
1559 1750 1656 1784 ἔοικεν,
1682 1752 1747 1787 ἡμῖν
1774 1753 1884 1786 ἐπεφοί-

1093 1801 1159 1828 τησε
1178 1792 1264 1826 λέγων
1279 1801 1286 1808 ο
1303 1802 1313 1819 ι
1326 1793 1396 1827 Ἐγὼ
1408 1794 1465 1827 φῶς
1483 1795 1524 1825 είς
1547 1794 1594 1822 τὸν
1606 1795 1708 1830 κόσμον
1728 1796 1846 1831 ἐλήλυθα
1872 1806 1882 1822 ο

1093 1839 1152 1874 ἔχει
1168 1839 1223 1874 γὰρ
1243 1840 1260 1875 ἡ
1279 1840 1367 1872 κτίσις
1389 1840 1494 1867 οἴκοθεν
1514 1841 1545 1867 τδ
1557 1842 1616 1876 φῶς
1640 1840 1710 1868 εἶναι
1725 1843 1773 1869 καὶ
1789 1843 1860 1877 αὐτή
1875 1852 1882 1858 ·

1094 1884 1153 1920 φῶς
1166 1885 1194 1912 δὲ
1209 1886 1297 1920 φωτὸς
1320 1885 1463 1921 ἀμέτοχον,
1488 1886 1532 1913 ἵνα
1546 1886 1638 1921 νοῆται
1655 1887 1722 1921 φῶς·
1748 1888 1773 1914 εί
1791 1887 1820 1914 δὲ
1833 1889 1884 1914 οὐκ

1095 1931 1167 1959 ἔστιν
1186 1931 1319 1967 ὁμοφυὴς,
1342 1932 1427 1958 δεῖται
1440 1932 1468 1958 δὲ
1484 1931 1571 1966 φωτὸς
1589 1933 1605 1968 ἡ
1622 1934 1709 1964 κτίσις
1731 1933 1884 1965 ἀκούσασα,

1097 1988 1107 2004 ι
1128 1978 1160 2005 Τί
1179 1978 1232 2012 γὰρ
1247 1977 1330 2013 ἔχεις,
1346 1978 1361 2004 ὃ
1375 1979 1424 2005 οὐκ
1448 1978 1553 2011 ἔλαϐες,
1575 1988 1584 2004 ι
1606 1980 1762 2014 ἀναγκαίως
1784 1980 1835 2015 ἤδη
1854 1979 1885 2006 τὸ

1094 2020 1164 2049 εἶναι
1181 2023 1292 2057 γενητὸς
1305 2024 1319 2050 6
1333 2023 1396 2054 Υἱὸς
1413 2023 1594 2057 διαφεύξεται,
1612 2024 1778 2056 συνεξέλκων
1791 2025 1883 2059 ἑαυτῷ

1094 2069 1143 2103 τῆς
1161 2070 1275 2101 κτίσεως
1296 2069 1326 2096 τὸ
1339 2070 1405 2097 ἴδιον
1421 2070 1532 2104 ἀγαθόν·
1546 2072 1577 2097 οὺ
1593 2071 1647 2106 γὰρ
1662 2072 1678 2106 ἠ
1695 2072 1784 2103 κτίσις
1807 2071 1884 2098 ἔσται

1095 2115 1165 2141 κατὰ
1182 2115 1262 2149 φύσιν
1286 2115 1316 2142 τὸ
1333 2115 1400 2150 φῶς,
1429 2117 1518 2151 φωτὸς
1535 2117 1563 2143 δὲ
1583 2118 1682 2152 μᾶλλον
1702 2118 1814 2153 δεομένη
1837 2119 1886 2144 καὶ

1096 2160 1217 2195 μέτοχος.

293 2249 406 2277 ALIUD.
427 2250 455 2277 Si
483 2250 553 2277 nihil
580 2250 714 2285 suiipsins
744 2253 787 2278 est
812 2249 967 2285 particeps,
995 2250 1039 2278 sed

1131 2250 1234 2278 ΛΛΛΟ.
1255 2250 1287 2276 Εἰ
1307 2250 1384 2277 οὐδὲν
1413 2250 1509 2278 ἑαυτοῦ
1535 2251 1656 2287 μέτοχον,
1685 2253 1793 2287 μετέχει
1817 2253 1846 2279 δὲ
1867 2254 1884 2287 ἡ

257 2300 383 2323 creatura
399 2295 498 2322 Filium
519 2299 548 2322 ut
569 2295 656 2322 lucem
675 2295 841 2330 participat;
855 2304 909 2323 non
923 2301 965 2323 est
979 2303 1044 2331 ergo

258 2343 315 2376 ipse
338 2346 477 2373 creatura,
495 2341 542 2368 sed
573 2348 663 2376 neque
689 2345 816 2368 creatura
840 2342 896 2374 lux,
914 2342 986 2377 quod
1003 2346 1045 2369 ta-

259 2395 319 2413 men
332 2392 374 2414 est
390 2386 488 2414 Filius.

292 2431 406 2459 ALIUD.
425 2431 453 2459 Si
483 2431 557 2458 aliud
585 2436 628 2458 est
658 2430 826 2463 illuminare,
844 2432 917 2459 aliud
942 2434 1044 2461 illumi-

258 2477 329 2508 nari,
347 2476 420 2503 sicut
435 2482 516 2511 agere
536 2480 563 2502 ct
578 2475 646 2510 pati,
661 2480 688 2503 et
713 2475 850 2504 illuminat
871 2478 980 2513 quidem
997 2478 1044 2506 Fi—

259 2522 322 2552 lius,
339 2520 512 2547 illnmiuatur
537 2524 628 2547 autem
647 2525 774 2547 creatura
791 2530 798 2548 :
815 2529 868 2548 non
886 2530 952 2557 ergo
971 2522 1044 2550 idem

244 2562 300 2595 ‘cst
317 2566 404 2593 Filius
417 2570 444 2593 et
455 2569 596 2597 creatura,
609 2570 640 2593 ut
657 2574 746 2601 neque
760 2566 787 2594 id
803 2567 876 2602 quod
896 2569 951 2603 agit
974 2568 1043 2596 idem

257 2618 300 2641 est
314 2620 376 2640 cum
389 2619 422 2638 eo
440 2611 513 2646 quod
528 2612 628 2647 agitur.

268 2660 271 2661 ⁷
293 2657 314 2684 l.
377 2658 411 2683 Ει
423 2657 471 2683 lux
485 2657 511 2683 in
526 2657 638 2684 latebris
656 2657 734 2692 lucet,
749 2663 772 2685 et
795 2658 907 2686 tenebrw
921 2667 979 2686 eam
995 2668 1045 2687 non

257 2703 518 2736 comprehenderunt.

293 2747 456 2775 Necessario
493 2748 574 2775 nobis
616 2748 837 2784 sapientissimus
874 2751 1042 2785 evangelista

259 2794 457 2829 prmccdentem
473 2794 627 2822 doctrinam
641 2795 778 2830 explicare
799 2796 849 2823 hoc
868 2797 927 2824 loco
947 2805 1041 2833 aggre-

294 2884 315 2903 "
334 2884 414 2915 .ioan.
432 2896 487 2921 xu,
504 2888 548 2916 46.
588 2889 609 2904 '°
631 2888 717 2916 ICor.
737 2896 781 2922 tr,
799 2887 824 2914 7.

1097 2294 1183 2327 κτίσις
1201 2295 1239 2326 ὼς
1261 2296 1348 2329 φωτὸς
1371 2295 1417 2323 τοῦ
1440 2297 1514 2324 Υῐοῦ’
1538 2297 1588 2323 οὐκ
1602 2297 1657 2332 ἄρα
1682 2298 1884 2332 κτίσις-αὐτὸς,

1096 2342 1153 2369 ἀλλ’
1165 2342 1224 2369 οὐδὲ
1239 2343 1254 2377 ἡ
1270 2342 1358 2374 κτίσις
1374 2342 1404 2369 τὸ
1420 2343 1487 2378 φῶς,
1503 2343 1572 2377 ὅπερ
1585 2344 1660 2370 ἐστὶν
1677 2344 1692 2369 6
1708 2344 1782 2375 Υἱός.

1132 2433 1232 2459 ΑΛΛΟ.
1258 2432 1290 2459 Et
1312 2431 1342 2458 τὸ
1371 2431 1498 2466 φωτίζειν
1525 2431 1629 2467 ἕτερον,
1660 2431 1751 2467 ἕτερον
1772 2431 1802 2457 δέ
1827 2431 1887 2457 ἐστι

1092 2478 1123 2504 τὺ
1143 2478 1325 2513 φωτίζεσθαι,
1348 2478 1385 2510 ὼς
1409 2477 1532 2513 ἐνέργεια
1549 2478 1596 2504 καὶ
1619 2478 1719 2509 πάθος,
1736 2478 1784 2504 καὶ
1799 2478 1887 2511 φωτί-

1093 2525 1134 2557 ζει
1149 2525 1198 2560 μὲν
1211 2525 1225 2551 ὁ
1241 2524 1313 2556 Υίδς,
1329 2524 1474 2558 φωτίζεται
1491 2523 1546 2559 δὲή
1567 2523 1664 2556 κτίσις·
1680 2524 1730 2550 οὐκ
1746 2523 1799 2559 ἄρα
1815 2532 1886 2550 ταυ-

1093 2569 1138 2596 τδν
1154 2569 1219 2602 Υἱὸς
1242 2570 1288 2597 καὶ
1299 2569 1397 2601 κτίσις,
1414 2570 1476 2597 ἐπεὶ
1489 2569 1556 2605 μηδὲ
1568 2570 1598 2596 τὸ
1616 2569 1745 2605 ἐνεργοῦν
1756 2569 1795 2603 τῷ
1808 2569 1887 2605 ἐνερ-

1095 2623 1143 2650 γου
1149 2615 1231 2650 μένῳ,

1131 2661 1184 2688 Καὶ
1202 2661 1234 2689 τὸ
1245 2661 1308 2696 φῶς
1322 2662 1355 2688 ἐν
1371 2661 1407 2696 τῇ
1426 2662 1534 2696 σκοτίᾳ
1547 2661 1656 2696 φαίνει.
1674 2661 1722 2688 καί
1742 2662 1759 2694 ὴ
1776 2663 1888 2689 σκοτία

1096 2706 1168 2733 αὐτὸ
1182 2707 1218 2733 οὐ
1232 2707 1404 2735 κατέλαϐεν.

1138 2752 1306 2786 Ἀνιγκαέως
1323 2753 1387 2788 ἡμῖν
1407 2755 1421 2780 ό
1443 2753 1595 2788 σοφώτατος
1617 2752 1811 2788 εὐαγγελιστὴς
1835 2753 1885 2787 τὴν

1097 2799 1124 2824 ἐπι
1141 2799 1194 2830 τοῖς
1212 2799 1375 2834 προλαϐοῦσι
1391 2799 1506 2836 θεωρίαν
1519 2800 1696 2827 ἐκπλατύνειν
1709 2799 1754 2826 καὶ
1765 2798 1809 2825 διὰ
1830 2799 1885 2826 τῶν
