2030 3122
148 184 196 214 {Ol
683 186 717 214 IN
734 186 878 215 JOANNIS
896 187 925 214 El

976 187 1117 217 ςοιιωυιι
1128 189 1195 218 LIB.
1217 189 1238 219 Ι.
1726 195 1779 224 illi

147 243 337 279 προκειμένων
349 244 496 279 ἐπείγεται.
512 245 548 272 Οὐ
560 244 614 282 γὰρ
624 245 709 281 δήπου
721 247 776 278 τοῖς
792 246 920 282 ἀκροωμέ

989 246 1072 274 ditur.
1088 247 1146 274 Non
1167 248 1240 275 enim
1259 249 1374 290 putabat
1390 250 1562 280 auditoribus
1586 253 1654 282 satis
1668 253 1728 282 fore
1742 258 1777 292 ait

145 298 200 322 νοις
213 291 382 326 ἀποχρήσειν
391 291 516 326 ἐνόμιζεν
528 291 568 323 εἰς
580 291 610 318 τὸ
623 291 754 319 δύνασθαι
769 293 838 319 νοεῖν
850 293 937 319 ἀπλα-

145 337 199 368 νῶς
216 337 282 372 περὶ
303 336 350 363 τοῦ
372 336 439 364 Θεοῦ
473 329 580 371 Λόγου,
601 337 697 373 ὅτιπερ
719 338 804 370 ιντως
831 339 889 366 ἐστὶ
907 339 937 366 τὸ

146 382 205 416 φῶς
237 383 292 409 τῶν
311 383 462 418 ἀνθρώπων
483 383 580 415 αὐτὸς,
604 383 647 410 διὰ
663 384 710 410 τοῦ
731 385 815 419 φάναι
839 386 935 420 μόνον·

148 438 157 453 ι
183 429 264 465 Καιή
288 429 344 464 ζωὴ
361 426 394 464 ἦν
415 429 446 455 τὸ
459 429 516 464 φῶς
534 429 588 456 τῶν
611 429 762 465 ἀνθρώπων
774 439 781 446 ο
807 441 816 456 ι
835 429 868 466 ἦν
882 431 937 467 γὰρ

144 473 177 509 δὴ
192 474 239 500 καὶ
261 473 346 507 εἰκὸς,
369 474 613 510 ἀναδειχθήσεσθαί
641 484 717 508 τινας
747 476 936 509 ἀόασανίστως

145 519 200 546 τῶν
209 519 363 555 λεγομένων
374 520 533 553 ἀκούοντας·
545 521 592 548 καὶ
604 521 636 558 δὴ
647 523 694 549 καὶ
705 522 877 558 πρεσϐεύειν,
889 523 936 549 καὶ

143 566 255 601 ἑτέρους
284 566 420 593 διδάσκειν
450 566 610 602 ἐπιχειρεῖν,
636 567 677 594 ὅτι
701 567 758 602 φῶς
780 568 829 603 μὲν
850 568 935 599 ὅντως

143 612 219 638 ἐστὶν
233 613 246 638 ό
258 611 303 638 τοῦ
317 611 384 639 Θεοῦ
395 611 490 646 Λόγος,
504 612 573 648 πλὴν
584 613 614 639 οὺ
626 614 692 640 πᾶσι
705 614 793 647 φωτὸς
805 614 932 649 χορηγός’

143 656 201 694 ἀλλ’
217 655 257 690 οἷς
271 656 305 685 ἂν
322 657 401 690 αὐτὸς
419 658 558 694 βούληται,
579 658 608 685 τὸ
623 658 673 693 τῆς
688 659 822 690 συνέσεως
846 659 934 694 ἐνίησι

143 703 212 738 φῶς,
228 703 384 738 δοκιμάζων
400 704 445 730 τὸν
463 704 603 738 ὀφείλοντα
618 705 721 737 λαϐεῖν,
739 706 786 732 καὶ
801 705 852 740 τῆς
862 705 934 731 οὕτω

142 749 274 786 λαμπρᾶς
291 750 365 784 ἄξιον
391 750 456 778 ὄντα
469 751 583 786 δωρεᾶς·
602 752 619 787 ἡ
633 752 661 779 δέ
678 760 710 787 γε
726 752 780 779 τῶν
793 752 879 779 ἄλλων
891 752 934 779 λο-

142 795 230 829 γικῶν
245 796 401 831 κτισμάτων
425 796 516 831 φύσις,
533 796 549 831 ἢ
565 797 595 829 ἐξ
608 797 716 824 οἰκείων
732 797 826 834 ὥσπερ
851 806 933 834 σπερ-

142 841 247 875 μάτων,
260 841 309 875 τὴν
327 841 374 868 ἐπὶ
388 841 426 876 τῷ
449 840 578 869 δύνασθαι
592 843 700 876 φρονεῖν
716 843 869 877 ἐρανίζεται
885 843 931 870 δύ-

140 886 268 922 ναμιν,ἦ
289 887 426 922 ἐντίθησιν
448 888 517 923 αὐτῇ
537 887 599 914 νοῦν
623 888 669 914 καὶ
699 887 805 915 σύνεσιν
831 889 845 915 ὁ
866 888 930 920 Θεὸς

988 298 1061 322 recte
1078 295 1283 330 intelligendum
1299 295 1344 322 Dei
1358 295 1476 324 Verbum
1496 307 1592 326 revera
1608 308 1671 328 esse
1686 301 1776 329 lucetn

987 340 1142 372 hominum.
1157 341 1180 368 si
1198 340 1332 368 duntaxat
1351 341 1455 369 diceret
1475 353 1481 370 :
1507 353 1516 368 ι
1543 344 1573 370 Et
1589 346 1644 373 vita
1657 352 1715 374 erat
1731 348 1776 375 lux

987 385 1141 412 hominum.
1162 395 1170 411 ι
1191 385 1337 413 Probabile
1361 387 1433 413 enim
1459 392 1518 415 erat
1545 390 1653 419 futuros
1668 391 1777 427 aliquos

986 433 1032 468 qui
1048 437 1150 460 temere
1162 437 1189 460 et
1205 433 1410 461 inconsiderate
1424 441 1454 460 ca
1472 442 1532 469 quae
1547 435 1679 464 dicuntur
1697 445 1776 473 cape—

987 482 1056 507 rent,
1074 478 1198 513 aliosque
1213 478 1344 506 ducerent
1357 487 1389 506 ac
1405 479 1547 508 traderent
1565 482 1652 509 lucem
1666 484 1776 517 quidem

986 531 1082 551 revera
1104 532 1166 552 esse
1184 524 1231 551 Dei
1250 524 1386 556 Verbum,
1410 529 1439 553 at
1470 534 1525 553 non
1550 528 1681 556 omnibus
1707 529 1777 557 lucis

985 568 1158 603 largitorem,
1181 569 1227 596 sed
1245 569 1346 605 quibus
1363 570 1426 597 velit
1443 571 1598 606 prudentiae
1620 573 1707 600 lucem
1726 573 1777 601 im-

985 614 1106 645 mittere,
1122 622 1241 650 eumque
1259 617 1376 651 probare
1392 619 1437 652 qui
1458 618 1557 653 dignus
1579 620 1614 646 sit
1633 623 1691 647 tam
1708 620 1774 649 illu-

984 660 1034 688 stri
1052 661 1124 688 dono
1138 671 1144 688 :
1164 666 1292 689 caeterum
1309 663 1425 691 aliarum
1445 669 1634 693 creaturarum
1651 666 1776 694 rationa-

984 706 1050 734 lium
1090 712 1215 738 naturam
1254 712 1300 735 aut
1334 717 1367 736 ex
1411 711 1532 745 propriis
1571 711 1776 746 quodammodo

984 752 1137 780 seminibus
1154 753 1306 788 prudentiae
1321 755 1373 782 vim
1398 757 1535 791 accipere,
1550 762 1598 784 aut
1617 757 1774 794 intelligen-

983 799 1048 826 tiam
1075 800 1100 827 ei
1123 800 1353 836 prudentiamque
1379 809 1394 828 a
1416 802 1471 830 Deo
1493 810 1525 830 ac
1552 802 1634 830 Patre
1653 803 1774 837 immitti,

982 846 1062 880 quasi
1087 854 1141 873 non
1170 847 1257 881 possit
1274 847 1348 874 istud
1375 853 1507 882 praestare
1532 849 1629 877 Filius.
1654 848 1690 877 Ut
1708 858 1775 886 ergo

982 889 1161 917 manifestum
1182 890 1269 926 ﬁeret,
1286 892 1374 926 ipsum
1388 891 1472 920 Deum
1494 892 1611 921 Verbum
1631 895 1658 921 in
1674 894 1730 923 Deo
1741 903 1773 923 ac

140 932 188 958 καὶ
201 929 306 969 Πατὴρ,
321 933 359 965 ὡς
372 933 422 960 οὐκ
437 933 608 969 ὲξισχύοντος
619 934 696 961 τοῦτο
709 934 775 970 δρᾷν
789 934 835 961 τοῦ
853 934 925 961 Υίοῦ.

980 937 1061 965 Patre
1074 938 1157 965 vitam
1173 946 1235 966 esse
1252 942 1335 974 atque
1350 939 1451 973 lucem,
1464 948 1518 967 non
1531 941 1687 976 aliquorum
1702 943 1786 975 dun-Z

140 982 200 1008 Ἰνα
213 980 302 1008 τοίνυν
318 980 446 1016 φαίνηται
474 980 567 1016 σαφῶς
581 981 662 1013 αὐτὸς
680 982 694 1008 ὁ
707 981 773 1013 Θεδς
791 981 885 1016 Λόγος,
900 982 929 1014 ὂς

137 1026 174 1063 ἦν
193 1028 222 1054 ἐν
237 1025 297 1060 Θεῷ
322 1027 369 1053 καὶ
387 1027 486 1061 ιιατρὶ,
501 1027 548 1053 κα).
571 1026 639 1062 ζωὴ,
655 1028 702 1055 καὶ
720 1027 787 1062 φῶς,
802 1027 832 1054 οὐ
849 1027 929 1055 τινῶν

140 1073 191 1108 μὲν
216 1072 268 1099 ἀνὰ
290 1071 384 1109 μέρος,
405 1072 506 1107 ἑτέρων
533 1071 561 1098 δὲ
578 1072 680 1101 οὐκέτι.
697 1071 765 1100 ἀλλὰ
780 1073 851 1100 κατά
869 1081 929 1100 τινα

138 1119 287 1155 μετουσίας
301 1119 419 1155 ἄρρητον
441 1119 550 1154 τρόπον,
571 1119 608 1151 ὡς
637 1119 718 1154 σοφία
747 1119 795 1147 καὶ
823 1119 930 1152 σύνεσις

137 1166 220 1202 (ὅπερ
231 1166 305 1192 ἐστὶν
318 1165 346 1191 ὲν
361 1166 417 1197 τοῖς
431 1165 549 1199 λογικοῖς
561 1165 591 1192 τὸ
602 1165 766 1201 καλούμενον
776 1165 857 1201 φῶς),
867 1167 929 1192 ἐαυ-

136 1212 185 1238 τὸν
198 1211 269 1244 ὅλοις
283 1213 338 1243 τοῖς
359 1209 417 1238 οὖσι
441 1201 622 1246 καταμιγνὺς,
639 1212 682 1239 ἵνα
705 1211 878 1247 λογικεύηται
895 1211 929 1238 τὰ

135 1258 245 1293 λογικὰ,
261 1259 308 1286 καὶ
320 1258 449 1294 φρόνησιν
462 1258 512 1294 ἔχῃ
525 1258 559 1285 τὰ
575 1259 731 1294 φρονήσεως
748 1258 869 1292 δεκτικὰ,
879 1258 929 1285 οὐκ

136 1305 172 1332 ἂν
187 1305 288 1341 ἑτέρως
313 1302 477 1332 εἶναιτοῦτο
494 1304 642 1340 δυνηθέντα
666 1304 746 1331 ποτέ·
772 1303 928 1339 ἀναγκαίως

137 1353 232 1388 φησὶν,
251 1352 292 1379 ὃτι
307 1352 353 1379 καὶ
371 1361 379 1378 ι
395 1350 432 1378 Τὸ
445 1351 501 1386 φῶς
523 1352 552 1378 ὲν
567 1353 600 1388 τῇ
621 1351 715 1386 σκοτίᾳ
733 1350 832 1386 φαίνει,
852 1349 926 1386 καὶὴ

137 1400 234 1427 σκοτία
240 1399 306 1427 αὐτὸ
314 1399 344 1426 οὐ
354 1399 514 1426 κατέλαϐεν.
526 1399 628 1426 »Μόνον
638 1398 692 1435 γὰρ
702 1398 763 1434 οὐχὶ
772 1397 892 1425 τοιοῦτόν
900 1406 927 1424 τι

136 1447 194 1478 τοῖς
203 1446 386 1482 ἀκροωμένοις
395 1447 426 1473 ὲκ
435 1445 535 1480 πολλῆς
548 1445 691 1481 ἀκριϐείας
705 1445 816 1480 ἀναϐοᾷ·
826 1445 924 1480 Ἔφην,

135 1489 159 1518 ὦ
175 1488 259 1525 οὗτοι,
267 1491 353 1518 καίτοι
365 1492 468 1527 σφόδρα
482 1491 615 1518 διδάσκων
631 1490 666 1517 τὰ
682 1490 782 1525 ἀληθῆ,
793 1490 842 1525 τὴν
854 1488 926 1524 ζωὴν

134 1536 207 1565 εἶναι
221 1537 276 1565 τῶν
289 1536 440 1574 ἁνθρώταυν
465 1538 495 1564 τὸ
512 1538 580 1572 φῶς,
594 1538 644 1573 οὐχ
667 1537 711 1564 ἵνα
727 1538 773 1572 νοῇ
793 1545 834 1568 τις
851 1535 880 1562 ἐν
893 1544 925 1570 γε

134 1585 192 1616 τοῖς
205 1582 321 1619 παροῦσι
344 1583 463 1618 μάλιστα
490 1582 589 1616 λόγοις,
614 1582 644 1615 ἐξ
671 1582 764 1618 ἐτέρου
789 1581 924 1613 πολιτείας
937 1601 960 1633 c

131 1629 297 1665 κομίζεσθαι
311 1629 395 1665 γέρας
427 1629 472 1656 τὸν
494 1629 557 1664 παρ’
579 1629 661 1656 αὑτοῦ
688 1631 838 1664 φωτισμὸν,
860 1627 924 1660 τοὺς

132 1676 246 1711 ὅσοιπερ
265 1674 298 1702 ἂν
314 1675 449 1710 φαίνοιντο
477 1675 575 1702 δίκαιοί
591 1683 621 1701 τε
648 1674 694 1702 καὶ
717 1674 813 1709 ἀγαθοί
835 1681 842 1688 ·
866 1673 923 1700 ἀλλ’

135 1722 181 1758 ἵνα
212 1722 365 1757 μανῦάνητε
388 1721 479 1753 πάλιν,
493 1722 587 1757 ὅτιπερ
613 1721 642 1747 ὃν
660 1721 761 1757 τρόπον
793 1721 866 1747 ἐστὶν
895 1720 924 1747 ὲν

134 1769 203 1795 πᾶσι
213 1768 269 1800 τοῖς
284 1768 422 1802 γεγονόσιν
437 1768 451 1794 ὁ
466 1767 552 1801 Λόγος
564 1767 630 1803 ζωὴ,
648 1766 789 1801 ζωογονῶν
804 1766 922 1800 δηλονότι

132 1814 169 1842 τὰ
179 1814 252 1850 ζωῆς
261 1813 386 1841 δεκτικά·
398 1813 482 1845 οὓτως
494 1813 568 1840 ἐστὶν
582 1813 610 1840 ὲν
621 1813 712 1845 αὐτοῖς
729 1814 777 1841 καὶ
797 1812 866 1848 φῶς,
888 1812 923 1839 τὰ

134 1860 268 1893 συνέσεώς
284 1869 314 1887 τε
326 1861 372 1888 καὶ
389 1861 546 1896 φρονήσεως
560 1860 685 1893 δεκτικὰ,
699 1860 779 1887 τοῦτο
792 1859 922 1886 δεικνύων

132 1908 202 1943 ὅπερ
212 1907 265 1934 εἰσί
274 1915 280 1922 ⁸
290 1907 378 1934 πάντα
390 1907 445 1942 γὰρ
458 1908 486 1933 ὲν
498 1907 565 1934 πᾶσί
577 1907 650 1933 ἐστιν
670 1907 684 1932 ὁ
698 1906 792 1941 Πατὴρ
805 1906 838 1932 δι’
856 1905 921 1932 Υίοῦ

133 1955 163 1981 ὲν
182 1953 332 1988 Πνεύματι.
353 1953 466 1980 Σκοτίαν
483 1953 511 1980 δὲ
527 1953 656 1988 ὀνομάζει
673 1953 723 1988 τὴν
740 1953 787 1979 τοῦ
805 1950 920 1986 φωτίζε-

132 1999 196 2026 σθαι
208 1999 339 2035 δεομένην
347 1999 429 2034 φύσιν
439 1999 643 2031 καθόλου,τοῦτ’
656 1999 779 2033 ἐστι,τὴν
792 1998 920 2034 γενητήν,

139 2045 248 2081 Ἐπειδὴ
271 2046 325 2080 γὰρ
349 2035 430 2072 αὐτὸν
453 2045 576 2080 ὠνόμασε
590 2045 621 2071 τὸ
639 2044 706 2079 φῶς,
723 2044 819 2080 ἑτέραν
839 2042 922 2070 οὖσαν

133 2090 310 2118 ἔπιδεικνύων
325 2091 375 2126 τὴν
389 2091 484 2117 ἐπιδεᾶ
501 2090 547 2117 καὶ
563 2091 696 2126 ἀμέτοχον
716 2089 771 2126 [ian
796 2090 920 2126 μέτοχον]

132 2135 216 2163 αὐτοῦ
244 2137 331 2163 κτίσιν
347 2137 469 2172 λογικὴν,
489 2137 530 2168 εἰς
555 2136 586 2163 τὸ
615 2136 736 2163 ἐναντίον
759 2135 920 2172 περιτρέπει

130 2181 180 2209 τοῦ
210 2182 412 2218 σημαινομένου
438 2182 487 2218 τὴν
512 2181 635 2218 δύναμιν,
663 2182 713 2208 οὐκ
739 2181 793 2209 ἀπὸ
807 2181 918 2213 σκοποῦ,

131 2228 202 2256 κατά
218 2236 250 2263 γε
272 2228 317 2256 τὸν
343 2228 477 2264 ἡμέτερον
501 2228 574 2260 νοῦν,
591 2228 638 2255 καὶ
650 2227 730 2254 τοῦτο
748 2227 843 2259 ποιῶν,
862 2227 919 2254 ἀλλ’

981 986 1066 1016 taxat,
1090 984 1207 1011 aliorum
1227 992 1283 1012 non
1308 985 1386 1017 item,
1411 986 1460 1013 sed
1493 986 1627 1015 ineffabili
1650 988 1771 1022 quodam

980 1030 1244 1058 communicationis
1268 1031 1359 1065 modo,
1378 1037 1442 1067 puta
1458 1041 1520 1060 eum
1539 1034 1575 1061 sit
1591 1035 1726 1069 sapientia
1745 1041 1772 1063 et

980 1077 1128 1111 prudentia
1146 1077 1230 1112 (quod
1246 1079 1273 1105 in
1288 1078 1406 1106 rationis
1424 1080 1598 1114 compotibus
1619 1081 1705 1108 lucem
1723 1089 1786 1116 ap-.

981 1122 1137 1158 pellamus),
1156 1124 1279 1158 seipsum
1298 1124 1435 1152 universis
1459 1125 1542 1153 rebus
1559 1125 1726 1158 immiscere.
1741 1131 1772 1154 ut

980 1167 1125 1195 rationalia
1158 1168 1295 1196 rationem
1330 1169 1476 1204 accipiant,
1503 1173 1531 1197 et
1561 1170 1770 1206 intelligentiam

980 1213 1099 1241 habeant
1125 1221 1185 1249 quae
1204 1214 1265 1248 ejus
1284 1218 1350 1241 sunt
1373 1215 1497 1250 capacia,
1519 1223 1570 1243 nec
1591 1216 1672 1244 aliter
1697 1217 1769 1246 istud

979 1264 1097 1294 possunt
1122 1259 1244 1295 assequi.
1265 1260 1423 1288 necessario
1440 1260 1534 1292 infert.
1555 1271 1564 1287 ι
1591 1265 1619 1289 et
1635 1262 1722 1290 lucem
1742 1263 1770 1291 in

979 1306 1100 1333 tenebris
1119 1306 1222 1339 lucere,
1238 1311 1267 1334 et
1288 1307 1417 1334 tenebras
1433 1315 1494 1334 eam
1512 1315 1566 1334 non
1588 1308 1771 1343 comprobent-

978 1351 1062 1379 disse.
1082 1361 1091 1377 ι
1107 1351 1135 1379 ld
1151 1352 1225 1379 enim
1244 1352 1441 1387 propemodum
1458 1352 1629 1388 auditoribus
1646 1354 1769 1382 studiose

978 1398 1108 1425 inclamat
1127 1407 1134 1426 :
1149 1397 1220 1429 Dixi.
1234 1406 1250 1425 ο
1265 1399 1346 1433 horti,
1360 1399 1503 1427 veritatem
1520 1407 1582 1426 cum
1596 1399 1768 1435 primisetlo-

977 1450 1054 1476 cens,
1067 1443 1151 1470 vitam
1167 1443 1221 1479 59
1230 1451 1291 1472 esse
1307 1444 1448 1471 hominum
1460 1444 1560 1475 lucem.
1573 1452 1627 1472 non
1645 1451 1674 1473 ut
1691 1446 1767 1481 quis-

977 1496 1059 1525 quam
1077 1497 1110 1516 ex
1126 1489 1169 1517 his
1187 1490 1278 1517 verbis
1290 1489 1429 1517 existimet
1441 1498 1489 1518 eos
1502 1491 1549 1526 qui
1562 1491 1630 1526 justi
1647 1496 1675 1520 et
1687 1492 1767 1527 probi

977 1543 1039 1563 esse
1049 1535 1177 1562 videntur
1193 1535 1307 1564 aliunde
1322 1537 1383 1564 \itae
1398 1537 1561 1565 Christianae
1571 1538 1674 1565 donum
1689 1539 1765 1567 seei-

976 1587 1060 1617 pere,
1083 1580 1212 1608 nimirum
1238 1581 1467 1609 illuminationem
1483 1603 1491 1616 ,
1525 1583 1572 1611 sed
1595 1587 1625 1611 ut
1651 1583 1766 1617 discatur

977 1634 1086 1659 rursus,
1097 1627 1182 1662 quod,
1200 1635 1255 1662 quo
1270 1628 1351 1655 modo
1362 1633 1404 1656 εει
1418 1629 1444 1655 in
1456 1629 1585 1658 omnibus
1593 1630 1675 1658 rebus
1690 1638 1765 1658 crea-

976 1672 1010 1700 tis
1027 1671 1144 1700 Verbum
1173 1674 1244 1707 vita,
1260 1673 1404 1702 vivificaris
1431 1682 1530 1710 nempe
1559 1683 1592 1703 ea
1620 1684 1681 1710 quae
1703 1676 1765 1704 vitae

975 1721 1039 1755 sunt
1066 1719 1187 1753 capacia,
1212 1720 1250 1746 ita
1278 1727 1389 1755 quoque
1405 1728 1468 1748 esse
1489 1721 1517 1748 in
1543 1721 1577 1749 iis
1596 1721 1685 1750 lucem
1704 1730 1765 1757 qtae

975 1765 1160 1799 intelligentiae
1180 1770 1208 1794 et
1230 1766 1384 1801 prudentiae
1407 1771 1472 1794 sunt
1497 1768 1620 1803 capacia.
1639 1768 1665 1796 id
1690 1769 1764 1803 quod

974 1814 1038 1838 sunt
1053 1811 1185 1839 cllicicns.
1205 1810 1303 1838 Omnia
1322 1812 1394 1839 enim
1418 1812 1501 1840 estin
1521 1813 1651 1841 omnibus
1667 1813 1762 1846 Pater,

972 1866 1021 1893 per
1038 1857 1148 1889 Filium,
1171 1858 1198 1884 in
1227 1857 1341 1892 Spiritu.
1367 1858 1508 1886 Tenebras
1530 1864 1620 1886 autem
1641 1860 1764 1888 nominat

973 1908 1099 1931 naturam
1123 1904 1192 1931 lucis
1215 1904 1346 1939 indigam,
1364 1904 1416 1931 hoc
1440 1908 1483 1931 est
1509 1912 1617 1932 omnem
1649 1906 1764 1932 onmino

972 1954 1106 1977 creatam.
1120 1949 1269 1985 Postquam
1285 1950 1357 1977 enim
1374 1950 1463 1985 ipsum
1478 1950 1567 1977 lucem
1583 1951 1761 1986 nuncuparit,

972 1996 1054 2023 aliam
1077 2003 1137 2024 esse
1158 1996 1307 2024 ostendens
1326 1996 1493 2031 indigentem
1511 2000 1538 2024 et
1563 1996 1651 2032 ipsius
1672 1998 1758 2032 parti-

973 2043 1061 2077 cipem
1074 2046 1231 2070 creaturam
1252 2042 1427 2074 rationalem,
1446 2043 1473 2070 in
1490 2043 1659 2071 contrarium
1679 2044 1760 2071 vertit

971 2089 1025 2115 vim
1041 2092 1067 2116 et
1090 2088 1222 2116 rationem
1241 2089 1301 2122 ejus
1329 2088 1404 2124 quod
1427 2088 1609 2124 significatur.
1634 2097 1688 2117 non
1711 2090 1760 2118 abs

971 2143 1012 2167 re,
1027 2142 1088 2163 meo
1109 2135 1224 2170 judicio,
1243 2135 1270 2164 id
1288 2135 1403 2167 faciens,
1422 2135 1470 2164 sed
1484 2135 1557 2170 quod
1574 2136 1644 2170 apud
1667 2144 1697 2164 se
1711 2145 1760 2163 ro-

973 2181 1082 2216 gitat-ct,
1096 2189 1189 2209 rerum
1211 2186 1367 2208 creatarum
1380 2185 1518 2214 naturam,
1534 2189 1596 2208 eum
1613 2182 1721 2210 nihilex
1730 2191 1760 2210 se

973 2236 1087 2263 prorsus
1104 2227 1237 2263 proferat,
1255 2227 1303 2255 sed
1320 2235 1402 2256 omne
1423 2235 1502 2255 suum
1522 2235 1593 2258 esse.
1611 2232 1637 2254 et
1655 2232 1759 2255 rectum

129 2276 219 2302 ἐκεῖνο
229 2275 261 2312 δὴ
271 2275 379 2307 πάντως
391 2275 553 2302 καθ’ἐαυτδν
569 2275 706 2310 ἐννοήσας,
726 2275 766 2301 ὅτι
778 2274 832 2301 τῶν
843 2283 920 2310 γενη-

976 2275 1140 2303 consistendi
1151 2274 1261 2302 modum
1275 2274 1372 2302 habeat.
1386 2274 1421 2301 ab
1433 2273 1540 2308 opilice.
1557 2273 1619 2308 jure
1638 2274 1734 2301 audire
1750 2284 1757 2301 :

130 2320 184 2346 τῶν
197 2320 214 2355 ἡ
232 2320 321 2355 φύσις,
335 2320 411 2347 οὐδὲν
425 2320 494 2352 ὅλως
511 2320 541 2353 ea
554 2320 639 2355 αὐτῆς
658 2319 828 2355 πηγάζουσα,
847 2320 919 2354 σύμ-

129 2375 186 2393 παν
200 2366 230 2393 se
254 2366 286 2393 τὸ
310 2364 380 2393 εἶναι
396 2366 489 2393 καὶτὸ
508 2364 538 2393 εὖ
553 2363 622 2393 εἶναι
640 2365 751 2392 τοιῶσδε
774 2366 855 2400 τυχὸν
876 2366 919 2392 δε-

129 2413 232 2448 χομένη
244 2412 320 2448 παρὰ
327 2413 374 2439 τοῦ
384 2412 566 2448 Δημιουργοῦ,
574 2411 684 2443 δικαίως
693 2410 785 2437 ἀκούει
794 2411 853 2438 ἰΤί
863 2411 918 2446 γὰρ

129 2459 201 2493 ἔχεις
214 2458 230 2485 ὃ
245 2459 296 2485 οὐκ
315 2459 424 2491 ἑλαὸες;
439 2469 448 2484 ι
465 2458 574 2492 Ἐπειδὴ
593 2458 621 2485 δὲ
649 2458 717 2492 πρὸς
745 2458 800 2489 τοῖς
816 2457 917 2489 ἄλλοις,

127 2506 176 2532 καὶ
184 2505 253 2532 αὐτὸ
264 2504 401 2532 θεόσδοτον
415 2504 515 2540 ἔχειὀὸ
534 2504 602 2539 φῶς,
619 2505 669 2530 οὐκ
683 2503 783 2538 ἔχουσα
796 2503 917 2538 δηλονότι

127 2551 260 2586 λαμϐάνει
270 2560 278 2568 ο
293 2552 324 2578 τὸ
337 2551 366 2578 δὲ
379 2552 437 2586 φῶς
449 2552 499 2578 οὐκ
510 2551 571 2587 ἔχον
583 2551 613 2583 ἐξ
628 2550 737 2582 ἑαυτοῦ,
748 2550 805 2582 πῶς
820 2550 869 2576 οὐκ
883 2549 916 2576 ἂν

126 2598 169 2634 εἴη
182 2598 213 2624 τὸ
228 2598 349 2625 ἐναντίον
358 2599 391 2633 ﬁt
405 2598 465 2629 πῶς
479 2599 530 2625 οὐκ
543 2598 576 2624 ἂν
594 2597 699 2632 λέγοιτο
712 2598 819 2629 σκοτίοι;
832 2596 917 2623 Πιθα-

125 2643 158 2678 νὴ
175 2643 240 2678 γὰρ,
259 2643 359 2678 μᾶλλον
375 2643 404 2669 δὲ
425 2643 475 2678 ήδη
490 2644 537 2670 καὶ
555 2643 755 2677 ἀναγκαιοτάτη
775 2642 835 2669 λίαν
848 2643 916 2669 ἀπό-

123 2688 218 2720 δειξις,
230 2688 277 2715 τοῦ
291 2689 342 2724 τὴν
359 2689 409 2723 μὲν
425 2689 512 2715 κτίσιν
523 2686 592 2714 εἶναι
608 2688 728 2719 σκοτίαν,
743 2689 800 2723 φῶς
819 2689 847 2715 δὲ
864 2689 915 2715 πά-

124 2735 166 2760 λιν
183 2735 229 2761 τὸν
252 2734 299 2761 τοῦ
326 2735 394 2762 Θεοῦ
414 2736 509 2769 Λόγον,
523 2735 554 2762 τὸ
580 2735 685 2769 φαίνειν
708 2735 737 2760 ὲν
754 2736 787 2769 τῇ
817 2735 914 2769 σκοτία

123 2781 153 2807 τι
175 2781 244 2815 φῶς.
262 2781 294 2808 El
315 2781 369 2816 γὰρ
389 2781 494 2816 δέχεται
518 2782 570 2808 τῶν
591 2781 712 2816 γενητῶν
735 2781 752 2816 ἡ
772 2780 851 2815 φύσις
867 2781 913 2807 τὸν

122 2827 170 2855 τοῦ
189 2828 257 2856 Θεοῦ
275 2828 361 2862 Λόγον
380 2829 449 2855 κατὰ
473 2829 628 2864 μετουσίαν,
655 2828 692 2860 ὡς
712 2828 779 2863 φῶς,
797 2828 813 2863 ἢ
829 2829 866 2860 ὠς
881 2830 913 2854 ἐκ

158 2917 181 2936 ⁸⁸
199 2918 212 2947 ι
229 2919 286 2947 Cor
315 2925 363 2948 ιν.
382 2920 407 2947 7.

974 2331 982 2345 ι
1001 2320 1071 2353 Quid
1084 2320 1156 2348 enim
1177 2319 1262 2346 habes
1291 2318 1364 2353 quod
1385 2326 1440 2345 non
1459 2318 1590 2353 accepisti
1604 2318 1644 2344 “?
1663 2328 1673 2344 ι
1691 2318 1758 2346 Cum

952 2386 953 2389 η
970 2370 1061 2393 autem
1080 2369 1178 2400 prmter
1193 2370 1292 2392 caetera
1313 2365 1399 2398 ipsam
1424 2371 1534 2399 quoque
1553 2364 1686 2391 divinitus
1708 2364 1757 2392 da-

969 2416 1024 2439 tam
1050 2413 1137 2439 lucent
1163 2412 1272 2444 habeat,
1290 2418 1350 2438 eam
1378 2410 1470 2446 utique
1494 2417 1555 2437 cum
1580 2418 1634 2436 non
1648 2409 1756 2441 habeat.

969 2458 1068 2492 accipit
1091 2467 1097 2485 :
1120 2458 1193 2492 quod
1213 2465 1277 2484 vero
1304 2457 1391 2484 lucem
1413 2465 1445 2483 ex
1473 2457 1562 2491 seipso
1584 2463 1637 2482 non
1664 2456 1756 2489 habet,

968 2504 1107 2539 quomodo
1126 2512 1181 2531 non
1210 2503 1262 2531 erit
1287 2502 1477 2530 contrarium?
1497 2506 1542 2528 aut
1564 2502 1699 2536 quomodo
1718 2508 1757 2528 te-

967 2550 1059 2576 nebrte
1081 2556 1137 2576 non
1161 2549 1305 2575 dicentur?
1327 2546 1470 2574 Probabile
1487 2547 1571 2580 enim,
1593 2547 1756 2575 inioncrcs-

968 2596 1070 2624 sarium
1093 2600 1282 2630 argumentum
1305 2597 1348 2624 est
1365 2597 1519 2620 creaturam
1534 2600 1595 2620 esse
1618 2593 1754 2626 Lnebras,

968 2643 1014 2670 Dei
1035 2647 1125 2669 autem
1144 2641 1262 2669 Verbum
1287 2641 1388 2672 lucem,
1407 2638 1479 2674 quod
1500 2647 1509 2664 ι
1530 2639 1574 2665 lux
1591 2639 1618 2665 in
1637 2640 1756 2667 trochi-is

968 2689 1049 2715 lucet.
1067 2697 1075 2713 ι
1091 2687 1158 2714 Nam
1178 2687 1201 2714 si
1218 2693 1308 2714 rerum
1333 2690 1487 2712 creatarunt
1507 2688 1603 2710 natura
1624 2683 1668 2711 Dei
1690 2683 1756 2711 Vt-r-

967 2735 1031 2761 bum
1055 2742 1103 2768 per
1130 2731 1367 2768 participationem
1392 2729 1502 2764 accipit,
1531 2733 1560 2756 ut
1585 2730 1683 2762 lucem,
1710 2734 1757 2756 aut

967 2784 1097 2815 tanquam
1111 2787 1143 2807 ex
1162 2780 1233 2809 lure,
1248 2778 1306 2812 ipsa
1322 2776 1431 2812 quidem
1446 2780 1475 2802 ut
1491 2775 1607 2802 tenebra-
1626 2775 1754 2808 nimirum

967 2826 1085 2861 accipit;
1103 2826 1175 2854 lucet
1195 2828 1286 2852 autem
1303 2823 1330 2851 in
1353 2823 1412 2858 ipsa
1429 2821 1502 2849 velut
1517 2821 1544 2848 in
1562 2821 1680 2851 tenebris
1698 2821 1752 2852 lux.
