2030 3122
138 191 190 219 105

683 187 716 214 ΙΝ
735 183 877 214 JOANNIS
888 181 1108 211 EVANGELIUM
1126 184 1189 212 LIB.
1210 185 1229 213 l.

1712 184 1760 212 106

138 249 187 285 μὲν
198 248 254 274 τῶν
263 247 349 282 ἁγίων
366 246 537 283 μαρτύρωνή
550 246 674 281 ξυνωρὶς,
693 245 783 275 πίστις
797 244 825 270 δὲ
836 241 927 269 λοιπὸν

981 249 1038 275 qua:
1063 250 1125 270 cum
1151 243 1318 278 plenitudine
1341 244 1415 279 legis,
1434 249 1490 272 tum
1509 253 1688 280 personarum
1706 248 1758 283 61

137 292 288 328 οὐδαμόθεν
302 291 525 327 κατηγορουμένη
540 292 595 323 τοῖς
609 290 762 325 λεγομένοις
777 288 924 323 ὀφείλεται,

138 339 185 375 καὶ
201 338 231 364 τὺ
248 339 281 365 ὲκ
293 338 375 373 νόμον
387 337 505 364 λαϐοῦσα
517 337 661 372 πλήρωμα,
672 337 717 362 καὶ
730 337 762 370 τῇ
776 334 831 361 τῶν
843 342 924 369 προσ-

137 384 220 410 ώπων
251 384 414 419 περιφανείᾳ
447 383 638 418 βεϐαιουμένη.
664 382 699 408 Τὸ
724 382 772 416 μὲν
792 379 838 407 οὖν
863 380 926 415 περὶ

137 430 237 457 ἑαυτοῦ
250 439 277 456 τι
292 425 375 463 φάναι
391 429 436 456 τὸν
449 429 582 464 μακάριον
597 427 801 462 εύαγγελιστὴν,
812 427 857 453 καὶ
873 426 926 452 τῶν

139 476 214 504 ἰδίων
226 475 370 511 ἐγκωμίων
385 475 549 510 ἐφάψασθαι,
571 475 697 510 φορτικὸν
720 472 753 509 ἦν
769 474 861 504 ὅντως,
881 473 926 499 καὶ

137 521 226 553 ἄλλως
252 521 412 548 ἀπαίδευτον
424 529 430 535 ·
456 518 474 556 ἦ
488 520 541 555 γὰρ
558 519 590 546 ἂν
610 520 708 555 ἢκουσε
733 518 854 550 δικαίως,
871 527 879 543 ι
891 517 926 543 Σὺ

138 568 204 603 περὶ
219 567 330 594 σεαυτοῦ
361 567 517 603 μαρτυρεῖς,
538 567 554 601 ἡ
581 564 717 601 μαρτυρία
731 573 776 591 σου
790 564 840 590 οὑκ
854 563 926 589 ἔστιν

139 613 253 649 ἀληθής.
265 623 273 640 ι
285 613 334 640 Διά
344 622 383 639 τοι
393 613 471 639 τοῦτο
481 614 536 644 τοῖς
549 612 645 638 εἰδόσιν
661 611 740 638 αὑτὸν
754 610 788 637 τὰ
796 609 921 636 καθ’ὲαυ-

139 659 186 686 τὸν
197 661 266 686 νοεῖν
284 659 437 694 ἐπιτρέπει,
462 659 506 685 ἐπὶ
525 659 552 685 δὲ
577 658 624 684 τὸν
642 657 785 692 ὁμώνυμον
806 656 925 691 ἔρχεται,

140 704 231 736 καλῶς
247 713 277 738 γε
293 704 395 739 σφόδρα
408 704 487 730 τοῦτο
503 703 652 736 ποιῶν,καὶ
665 701 830 730 ἀπεστάλθαι
847 701 927 736 φησὶν

140 751 222 777 αὑτὸν
249 751 323 786 παρὰ
354 749 433 776 Θεοῦ.
453 749 524 776 Ἔδει
549 749 601 784 γὰρ
623 749 672 776 οὐκ
694 748 850 783 αὐτόμολον,
867 747 926 774 οὐδὲ

139 798 297 833 αὐτοκλήτῳ
307 797 407 832 σπουδῇ
423 796 490 831 πρὸς
504 796 552 831 τὴν
568 795 638 831 ὑπὲρ
652 794 698 822 τοῦ
713 794 837 829 Σωτῆρος
849 793 927 828 ἡμῶν

141 845 215 871 ἰόντα
227 843 376 879 μαρτυρίαν
389 842 520 869 δεικνύειν
531 842 575 871 τὸν
591 842 667 876 ἅγιον
683 841 847 875 Βαπτιοτὴν,
859 839 927 867 ἀλλὰ

137 892 195 922 τοῖς
206 890 307 918 ἀνωθεν
318 889 538 924 διατεταγμένοις
553 888 707 920 ὑπείκοντα,
719 888 766 914 καὶ
779 888 834 919 τοῖς
847 886 927 918 θείοις

138 936 186 964 τοῦ
200 937 305 972 [ἰατρὸς
320 935 506 972 ὑπηρετοῦντα
520 935 662 971 θελήμασι.
680 933 728 961 Διὰ
745 933 823 960 τοῦτό
835 941 925 967 φησιν·

141 993 150 1009 ι
181 983 303 1017 Ἐγένετο
345 981 485 1017 ἅνθρωπος
515 980 718 1016 ἀπεσταλμένος
750 979 823 1014 παρὰ
848 979 926 1010 Θεοῦ,

137 1029 224 1064 ὄνομα
256 1027 330 1063 αὐτῷ
365 1027 500 1061 Ἰωάννης.
532 1036 541 1053 ι
577 1025 769 1062 Ἐπιτηρητέον
794 1025 822 1051 δὲ
854 1025 928 1055 ὅπως

139 1073 249 1110 ἀσφαλῆ
271 1082 300 1100 τε
323 1074 370 1100 καὶ
398 1073 536 1108 πρέποντα
554 1072 598 1098 τὸν
618 1073 682 1107 περὶ
705 1071 820 1098 ἑκάστου
851 1070 927 1104 λόγον

139 1121 298 1155 ἐποιήσατο,
318 1119 365 1146 καὶ
381 1120 414 1155 τῇ
429 1118 483 1145 τῶν
495 1118 703 1154 σημαινομένων
718 1117 796 1152 φύσει
811 1117 928 1152 ἐπάλλη-

138 1168 196 1195 λον.
216 1168 277 1194 ¹Επὶ
295 1167 344 1203 μὲν
357 1167 410 1203 γὰρ
426 1166 472 1193 τοῦ
488 1165 554 1193 Θεοῦ
570 1166 667 1201 Λόγου,
683 1166 711 1192 τὸ
726 1175 735 1191 ι
749 1164 782 1201 ἦν
793 1175 802 1191 ι
814 1165 928 1193 ἀκολού-

139 1213 195 1245 θως
219 1212 375 1247 εἰσφέρεται
402 1211 527 1246 πανταχῆ
554 1210 603 1246 τὴν
632 1210 772 1245 ἀῖδιότητα
796 1210 928 1244 σημαῖνον

139 1258 234 1291 αὑτοῦ,
250 1258 297 1285 καὶ
311 1258 340 1284 τὸ
358 1258 446 1293 πάσης
462 1257 550 1292 ἀρχῆς
566 1255 615 1291 τῆς
630 1257 658 1283 ἐν
675 1254 763 1291 χρόνῳ
776 1254 928 1290 πρεσὸύτε-

142 1312 199 1339 ρον,
225 1302 318 1330 καὶτὸ
347 1301 510 1336 πεποιῆσθαι
540 1300 658 1336 νομίζειν
687 1299 767 1326 αὑτὸν
787 1298 925 1334 ἁναιροῦν.

140 1351 179 1377 Τὸ
193 1349 247 1386 γὰρ
258 1349 287 1376 ὂν
302 1349 345 1376 ἀεὶ
362 1348 420 1379 πῶς
436 1347 469 1374 ἂν
488 1347 573 1373 νοοῖτο
589 1346 635 1372 καὶ
657 1344 770 1379 γενητὸν
785 1352 792 1376 ;
819 1344 878 1370 Ἐπὶ
900 1343 928 1370 δὲ

139 1396 188 1423 τοῦ
204 1395 335 1432 μακαρίου
350 1393 512 1426 Βαπτιστοῦ,
536 1392 691 1428 πρεπόντως
707 1390 798 1426 φησιν·
815 1399 824 1416 ι
851 1389 927 1424 Ἐγέ-

141 1450 203 1469 νετο
216 1441 358 1476 ἄνθρωπος
383 1438 586 1474 ἀπεσταλμένος
606 1436 682 1473 παρὰ
708 1436 786 1469 Θεοῦ,
805 1445 813 1462 ι
832 1435 869 1468 ὡς
885 1435 927 1461 ἐπ’

141 1488 286 1525 ἀνθρώπου
308 1486 423 1523 γενητὴν
447 1486 553 1522 ἔχοντος
573 1484 725 1520 τὴνφύσιν.
746 1483 824 1509 Δοκεῖ
835 1482 863 1508 δέ
883 1490 928 1517 μοι

141 1536 191 1562 καὶ
216 1534 277 1562 λίαν
297 1533 505 1568 ὴσφαλισμένως
529 1533 557 1558 ἐν
573 1531 677 1562 τούτοις
697 1531 710 1557 ὁ
735 1528 928 1565 εύαγγελιστὴς

141 1581 192 1617 οὑχ
205 1580 296 1612 ἁπλῶς
312 1580 353 1606 ὅτι
365 1589 373 1605 ι
384 1579 493 1614 γέγονεν
512 1588 521 1604 ι
536 1579 632 1608 εἰπεῖν,
647 1577 712 1604 ἀλλὰ
730 1577 773 1603 διὰ
788 1576 832 1603 τοῦ
844 1584 928 1612 προσ-

142 1628 230 1655 θεῖναι
245 1625 291 1653 καὶ
307 1635 315 1652 ι
329 1626 482 1660 ἅνθρωπος,
501 1634 510 1650 ι
530 1623 712 1658 ἀϐουλοτάτην
726 1623 804 1650 τινῶν
819 1623 931 1657 ἀνατρέ-

142 1682 204 1700 πειν
217 1673 353 1700 ὑπόνοιαν.
371 1671 440 1706 Ἤδη
453 1670 505 1706 γάρ
516 1679 556 1702 τις
568 1670 641 1705 παρὰ
650 1669 755 1701 πολλοῖς
766 1668 931 1705 περιηνὲχοη

141 1719 232 1753 λόγος,
249 1719 298 1745 οὐκ
314 1717 454 1753 ἄνθρωπον
467 1716 549 1747 ὅντως
561 1716 692 1750 ὑπάρχειν
709 1715 788 1749 φύσει
799 1715 843 1741 τὸν
855 1714 931 1749 ἅγιον

144 1763 300 1800 Βαπτιστὴν
314 1762 489 1799 διαθρυλλῶν,
520 1761 576 1788 ἀλλ’
596 1761 643 1787 ’ἐνα
669 1761 722 1787 τῶν
738 1760 821 1787 ὄντων
838 1761 865 1786 ὲν
876 1761 932 1792 τοῖς

143 1810 267 1845 οὐρανοῖς
290 1809 376 1843 ἁγίων
409 1807 550 1841 ἀγγέλων,
575 1806 738 1842 ἀνθρωπίνῳ
761 1806 933 1841 χρησάμενον

145 1855 262 1890 σώματι,
278 1855 324 1882 καὶ
339 1854 408 1890 πρὸς
426 1853 455 1879 τὸ
481 1853 626 1888 κηρύττειν
642 1852 844 1887 ἀπεσταλμένον
858 1851 933 1886 παρὰ

144 1901 223 1929 Θεοῦ.
245 1900 404 1936 Ἐξεύρηται
422 1899 450 1926 δὲ
471 1899 551 1926 πάλιν
566 1899 658 1931 αὑτοῖς
676 1899 725 1934 τῆς
742 1898 869 1929 ὑπονοίας
884 1898 933 1933 τῆς

145 1949 191 1975 ἐπὶ
206 1947 292 1982 τούτῳ
309 1947 456 1983 πρόφασις,
472 1946 502 1972 τὸ
517 1944 642 1980 εἰρῆσθαι
657 1944 731 1979 παρὰ
746 1943 824 1970 Θεοῖν
841 1953 849 1969 ι
868 1943 932 1970 Ἰδοὺ

145 1993 200 2028 ἐγὼ
212 1992 371 2020 ἀποστέλλω
383 1991 428 2018 τὸν
447 1989 561 2025 ἄγγελόν
582 1999 632 2026 μου
644 1990 697 2025 πρὸ
714 1988 859 2025 προσώπου
874 1997 932 2021 σου,

145 2040 174 2072 ὃς
199 2038 399 2066 κατασκευάσει
425 2037 473 2072 τὴν
500 2037 558 2064 ὁδόν
595 2045 641 2063 σου
668 2035 822 2071 ἔμπροσθέν
848 2043 903 2063 σου.
921 2045 930 2061 ι

152 2083 382 2118 Ἀποσφάλλονται
398 2082 426 2108 δὲ
445 2082 494 2117 τῆς
507 2081 635 2116 ἀληθείας
652 2082 675 2107 οἰ
688 2081 750 2116 τῇδε
767 2080 932 2112 δοξάζοντες,

145 2129 175 2157 οὐ
193 2129 315 2160 νοοῦντες
325 2149 332 2161 ,
347 2128 387 2154 ὅτι
402 2127 432 2154 τὸ
446 2127 572 2162 ἅγγελος
585 2127 669 2160 ὄνομα
681 2126 850 2161 λειτουργίας
865 2125 934 2161 μᾶλ-

145 2174 190 2202 λῶν
207 2175 291 2207 ἐστιν,
309 2174 381 2209 ἢπερ
397 2172 490 2204 οὐσίας
507 2171 681 2207 σημαντικὸν,
696 2170 790 2207 ὥσπερ
802 2169 848 2197 οὖν
868 2170 934 2206 ἀμέ-

145 2221 197 2255 λει,
210 2221 257 2247 καὶ
271 2220 300 2247 ὲν
322 2220 378 2250 τοῖς
406 2219 475 2246 κατὰ
505 2218 551 2244 τὸν
569 2218 702 2254 μακάριον
723 2217 783 2244 Ἶὼῦ
795 2217 873 2249 ἄλλος
889 2217 932 2244 ἐπ’

146 2268 218 2303 ᾂλλῳ
239 2266 381 2302 τρέχουσιν
394 2265 504 2300 ἄγγελοι
534 2264 568 2290 τὰ
580 2263 736 2291 πολύπλοκα
753 2264 932 2300 κηρύττοντες

146 2313 231 2349 πάθη,
248 2313 296 2340 καὶ
314 2313 373 2344 ταῖς
402 2311 561 2347 ἀνηκέστοις
588 2310 705 2341 ἐκείναις
730 2309 930 2347 διακονούμενοι

147 2357 420 2395 συμφοραῖς.’ορίζει
435 2357 462 2384 δέ
474 2366 499 2384 τι
510 2356 629 2383 τοιοῦτον
638 2356 684 2383 ἐπὶ
697 2356 840 2390 τῶνὰγίων
848 2356 932 2391 ἀγγέ-

145 2406 198 2433 λων
214 2405 262 2433 καὶ
277 2404 358 2435 αὐτὸς
374 2404 439 2439 ἡμῖν
455 2404 469 2430 ὸ
484 2403 637 2438 σοφώτατος
650 2402 755 2434 Παῦλος
770 2402 932 2430 ἐπιστέλλων

147 2452 194 2479 ὡδί
207 2461 213 2468 ’
232 2461 241 2477 ι
260 2451 328 2485 Οὐχὶ
345 2450 444 2481 πάντες
460 2449 513 2476 εἰσὶ
535 2449 707 2484 λειτουργικὰ
730 2449 872 2484 πνεύματα
894 2450 933 2482 εἰς

146 2497 284 2525 διακονίαν
297 2495 578 2530 ἀποστελλόμενα,διὲι
595 2496 658 2526 τοὺς
673 2495 817 2529 μέλλοντας
835 2495 933 2531 κληρο-

147 2544 240 2578 νομεῖν
265 2541 415 2577 σωτηρίαν;
448 2550 457 2566 ι
487 2541 591 2567 Οὐκοῦν
627 2541 740 2575 ἅγγελος
766 2542 779 2567 ὁ
802 2541 935 2577 μακάριος

148 2587 305 2623 Βαπτιστὴς
325 2588 450 2622 Ἰωάννης
461 2586 505 2613 διὰ
517 2587 566 2622 τῆς
577 2587 623 2613 τοῦ
635 2587 769 2613 Δεσπότου
782 2588 936 2622 κατωνόμα-

149 2644 208 2663 σται
224 2634 329 2670 φωνῆς.
343 2634 393 2661 οὑκ
405 2634 485 2665 αὐτὸς
502 2633 573 2660 κατὰ
590 2633 670 2667 φύσιν
691 2633 805 2667 ἅγγελος
819 2632 865 2666 ὢν,
878 2632 935 2659 ἀλλ’

146 2683 183 2714 ὡς
196 2682 237 2714 είς
251 2682 283 2708 τὸ
299 2680 441 2716 ἀγγέλλειν
466 2679 678 2714 ἀπεσταλμένος,
704 2679 761 2712 καὶ,
783 2689 792 2705 ι
807 2680 861 2715 Τὴν
878 2680 936 2706 ὁδὸν

148 2728 251 2763 Κυρίου
279 2727 453 2761 ἑτοιμάσατε,
476 2735 485 2752 ›
507 2726 581 2761 βοᾷν.
597 2725 746 2761 Χρησίμως
766 2725 794 2752 δὲ
813 2726 872 2752 λίαν
891 2726 938 2752 καὶ

148 2774 222 2810 παρά
239 2774 308 2801 Θεοῦ
336 2773 380 2800 τὸν
406 2772 521 2807 ἄγγελον
549 2772 716 2803 ἀπεστάλθαι
743 2772 937 2809 διῖσχυρίσατο,

183 2867 215 2882 ’⁸⁸
233 2864 315 2893 Joan.
328 2873 388 2897 vni,
405 2865 447 2893 l5.
485 2864 631 2893 "Malach.
651 2875 690 2900 ιιι,
719 2868 744 2895 l.

148 2911 174 2939 ὅ.
211 2911 235 2928 ⁵⁸
259 2910 353 2938 Galat.
373 2918 392 2942 ι,
412 2911 437 2938 l.

332 2934 468 2988 iisin-on.
487 2934 544 2989 illi.
564 2958 694 2989 LXXIII-

793 2869 826 2887 ’θ’
839 2867 890 2897 Job
913 2876 934 2902 I,
948 2867 979 2895 Η
992 2876 1054 2903 sqq.

977 287 1102 316 claritate
1126 289 1315 317 conﬁrmatur.
1339 288 1376 317 De
1400 297 1429 318 se
1453 295 1543 318 autem
1563 292 1636 326 loqui
1650 293 1759 320 beatum

977 333 1183 369 evangelistam,
1196 342 1314 370 suasque
1333 335 1428 364 laudes
1444 337 1588 372 attingere,
1602 346 1683 374 grave
1694 346 1760 366 sane

978 377 1092 412 fuisset,
1113 387 1145 407 ac
1171 380 1338 415 creteroquin
1369 380 1536 416 imperitum.
1561 383 1671 419 Alioqui
1698 384 1760 419 jure

979 423 1129 452 audiiSSet:
1147 424 1207 452 «Tu
1232 425 1265 453 de
1279 426 1366 460 tcipso
1389 427 1556 460 testiﬁcaris,
1573 430 1758 457 testimonium

979 474 1054 497 tuum
1072 479 1125 498 non
1141 476 1183 498 est
1197 474 1342 499 verum”.
1362 482 1371 498 ι
1383 473 1487 500 Idcirco
1505 474 1538 502 iis
1561 475 1662 509 quibus
1679 481 1760 505 notus

978 518 1047 547 erat,
1056 516 1174 551 seipsum
1186 518 1319 553 permittit
1328 519 1543 553 agnoscendum,
1553 521 1760 556 ethomonymia

979 560 1073 592 utitur,
1090 569 1140 589 nec
1171 562 1220 591 abs
1248 572 1286 596 re,
1311 569 1337 592 et
1354 564 1467 592 missum
1491 572 1552 593 esse
1576 566 1612 592 ait
1635 567 1724 601 ipsum
1745 576 1760 594 a

979 605 1044 635 Deo.
1061 606 1179 635 Decehat
1199 609 1271 636 enim
1299 610 1443 637 ostendere
1469 616 1594 638 sanctum
1611 611 1760 646 Baptistam

978 661 1031 680 non
1052 661 1100 688 per
1120 662 1159 686 se,
1178 662 1228 682 nec
1255 663 1303 683 sua
1330 661 1428 691 sponte
1451 657 1486 685 ad
1514 659 1700 686 testimonium
1729 659 1762 686 de

979 700 1121 729 Salvatore
1137 707 1232 730 nostro
1247 703 1387 731 ferendum
1404 706 1564 738 accessisse,
1577 706 1623 733 sed
1636 706 1762 741 supernis

979 748 1113 775 mandatis
1129 748 1343 784 obtemperasse,
1359 758 1390 778 ac
1409 751 1509 779 divinis
1535 750 1625 780 Patris
1649 752 1761 780 nutibus

978 800 1080 821 morem
1105 796 1236 828 gessisse.
1257 795 1393 829 Quocirca
1418 797 1529 832 inquit:
1551 807 1560 824 ι
1586 797 1648 825 Fuit
1679 798 1761 825 homo

979 837 1081 865 missus
1102 846 1116 865 a
1136 839 1200 871 Deo,
1218 841 1261 867 cui
1282 848 1380 868 nomen
1405 845 1464 868 erat
1481 840 1609 868 Joannes.
1633 851 1641 867 I
1661 841 1762 869 Obsero

980 885 1097 911 randum
1112 889 1201 913 autem
1216 890 1268 920 est,
1292 895 1346 922 quo
1364 891 1442 922 pacto
1459 891 1544 919 certa,
1562 888 1659 915 idonea
1674 893 1700 914 et
1719 895 1762 915 rc-

979 937 1038 957 rum
1055 934 1160 959 naturae
1175 933 1380 960 accommodata
1396 933 1520 961 oratione
1537 937 1638 961 utatur.
1656 933 1762 962 Etenim

979 976 1055 1008 illud,
1072 986 1081 1002 ‹
1101 982 1171 1010 erat,
1193 987 1201 1003 ι
1220 978 1252 1005 de
1268 978 1322 1006 lico
1338 978 1427 1006 Verbo
1444 984 1627 1007 consentanee
1647 979 1760 1012 dicitur,

978 1024 1157 1050 aeternitatem
1176 1024 1246 1058 ejus,
1272 1028 1299 1052 et
1319 1025 1506 1060 antiquitatem
1533 1026 1608 1053 omni
1629 1026 1762 1061 principio

979 1069 1108 1104 temporis
1130 1070 1249 1105 priorem
1265 1071 1365 1106 ubique
1382 1071 1552 1106 signiﬁcans,
1564 1076 1591 1100 et
1605 1073 1761 1107 opinionem

978 1116 1052 1151 quod
1065 1121 1172 1144 creatus
1187 1117 1232 1149 sit,
1247 1125 1281 1144 ex
1301 1118 1391 1145 animo
1407 1125 1520 1153 prorsus
1537 1119 1667 1146 evellens.
1685 1118 1763 1151 Quod

978 1161 1050 1188 enim
1063 1169 1171 1197 semper
1193 1167 1244 1194 est,
1266 1163 1403 1198 quomodo
1415 1168 1538 1191 creatum
1556 1165 1625 1192 erit?
1635 1164 1672 1192 De
1683 1165 1764 1192 beato

979 1213 1043 1234 vero
1066 1206 1188 1241 Baptista
1212 1208 1408 1236 convenienter
1425 1209 1473 1241 ait,
1492 1218 1501 1235 ι
1521 1208 1582 1237 Fuit
1597 1210 1679 1238 homo
1697 1211 1764 1239 mis-

979 1258 1027 1278 sus
1055 1258 1071 1278 a
1098 1251 1164 1283 Deo,
1184 1262 1193 1278 ι
1218 1255 1313 1287 utpote
1339 1253 1373 1281 de
1404 1253 1515 1282 homine
1546 1259 1635 1282 creata
1666 1259 1763 1282 natura

979 1296 1103 1331 pratdito.
1121 1296 1186 1324 Mihi
1203 1303 1293 1325 autem
1317 1298 1426 1326 videtur
1441 1300 1485 1327 hic
1501 1301 1670 1335 evangelista
1687 1306 1765 1328 caule

979 1342 1126 1370 admodum
1153 1343 1256 1377 dieere,
1280 1352 1334 1373 non
1364 1345 1525 1381 simpliciter
1549 1355 1558 1372 ‹
1576 1346 1649 1378 Fuit,
1679 1356 1688 1372 ι
1717 1348 1763 1375 sed

979 1388 1083 1421 addito,
1104 1398 1114 1415 ι
1133 1389 1223 1422 homo,
1242 1400 1251 1416 )
1270 1392 1441 1419 temerariam
1456 1392 1638 1427 quorumdam
1656 1398 1765 1421 senten-

979 1427 1046 1461 tiam
1076 1440 1207 1463 evertere.
1224 1435 1283 1463 1am
1309 1437 1382 1464 enim
1408 1437 1436 1464 in
1462 1438 1559 1474 vulgus
1587 1439 1664 1466 multi
1688 1446 1766 1474 spar-

979 1484 1084 1515 serant,
1103 1489 1167 1509 vere
1186 1482 1325 1510 hominem
1350 1490 1405 1510 non
1433 1490 1494 1511 esse
1525 1487 1653 1511 sanctum
1673 1483 1766 1519 Bapti—

980 1534 1062 1563 stam,
1085 1528 1132 1556 sed
1162 1536 1245 1555 unum
1274 1536 1289 1556 e
1316 1529 1419 1557 sanctis
1446 1529 1550 1565 angelis
1576 1530 1639 1559 cmli
1655 1530 1765 1561 incolis.

944 1576 967 1608 ο
982 1575 1101 1602 humano
1124 1574 1232 1610 quidem
1263 1582 1378 1610 corpore
1400 1579 1532 1609 utentem,
1553 1579 1580 1604 et
1608 1576 1722 1604 missum
1750 1584 1766 1605 ι

983 1619 1037 1648 Deo
1053 1621 1087 1648 ad
1102 1621 1317 1656 prazdicandum.
1329 1621 1414 1657 Cujus
1432 1622 1470 1649 rei
1482 1629 1592 1650 causam
1607 1623 1678 1650 hanc
1692 1630 1767 1650 com-

982 1666 1066 1694 menti
1094 1671 1157 1694 sunt
1185 1667 1259 1702 quod
1284 1674 1299 1694 a
1320 1667 1376 1695 Deo
1393 1668 1495 1695 dictum
1523 1669 1558 1696 sit
1579 1678 1585 1696 :
1606 1678 1615 1695 ι
1631 1669 1701 1697 Ecce
1716 1677 1768 1705 ego

984 1713 1060 1740 mitto
1074 1713 1200 1748 angelum
1224 1721 1314 1741 meum
1335 1718 1398 1741 ante
1419 1713 1515 1742 faciem
1533 1719 1618 1748 tuam,
1631 1715 1678 1750 qui
1697 1723 1768 1751 pra:-

982 1759 1090 1794 parabit
1118 1759 1187 1786 viam
1217 1763 1291 1787 tuam
1318 1764 1381 1788 ante
1405 1763 1432 1788 te
1444 1761 1477 1788 “.
1500 1770 1510 1788 ι
1530 1760 1582 1789 Sed
1599 1762 1728 1790 aberrant
1752 1770 1768 1790 ιι

983 1812 1046 1833 vero
1066 1805 1112 1840 qui
1130 1805 1157 1832 in
1173 1805 1223 1833 hac
1249 1809 1313 1833 sunt
1331 1807 1478 1839 sententia,
1495 1806 1561 1834 dum
1591 1815 1644 1834 non
1673 1808 1769 1836 adver-

983 1855 1045 1878 tunt
1057 1858 1155 1878 nomen
1169 1851 1246 1884 illud,
1260 1853 1383 1886 angelus,
1399 1852 1478 1879 otﬁcii
1494 1859 1593 1880 nomen
1602 1861 1664 1881 esse
1678 1854 1768 1888 potius

983 1903 1067 1931 quam
1094 1896 1264 1930 substantiae,
1290 1897 1520 1932 quemadmodum
1548 1906 1645 1933 nempe
1658 1899 1692 1926 ad
1718 1899 1769 1926 Job

984 1942 1054 1970 alius
1076 1945 1138 1977 post
1153 1942 1236 1969 alium
1260 1942 1349 1978 angeli
1367 1945 1528 1974 accurrunt,
1551 1943 1716 1978 multiplices
1743 1945 1767 1971 ei

983 1997 1121 2018 aerumnas
1151 1990 1358 2022 annuntiantes,
1384 1994 1411 2017 et
1441 1990 1632 2017 insanabilium
1661 1991 1767 2018 illarum

984 2034 1168 2062 calamitatum
1184 2035 1336 2063 ministerio
1346 2035 1467 2071 deputati
1477 2037 1521 2063 ιδ’.
1537 2035 1602 2064 Tale
1611 2037 1675 2072 quid
1689 2038 1768 2065 nobis

983 2079 1018 2107 de
1047 2080 1148 2108 sanctis
1176 2080 1280 2116 angelis
1313 2080 1373 2116 ipse
1406 2089 1515 2116 quoque
1549 2081 1769 2116 sapientissimus

983 2125 1086 2153 Paulus
1109 2126 1205 2153 scribit
1230 2127 1257 2153 in
1273 2126 1348 2154 hunc
1370 2126 1480 2154 modum
1500 2138 1505 2155 ι
1525 2137 1534 2153 ι
1553 2127 1649 2155 Nonne
1675 2136 1770 2156 omnes

985 2175 1049 2199 sunt
1063 2171 1292 2199 administratorii
1307 2172 1429 2207 spiritus,
1441 2173 1468 2200 in
1483 2173 1664 2201 ministerium
1680 2174 1768 2205 missi,

985 2217 1038 2253 62
1056 2222 1168 2253 propter
1191 2226 1239 2246 eos
1266 2219 1312 2253 qui
1343 2219 1528 2247 haereditatem
1556 2220 1668 2255 capiunt
1696 2221 1771 2247 salu-

986 2265 1077 2293 tis"?
1096 2275 1106 2291 ι
1135 2265 1220 2300 Igitur
1238 2266 1335 2294 beatus
1363 2266 1485 2302 Baptista
1515 2266 1635 2295 Joannes
1662 2266 1769 2295 Domini

987 2319 1056 2339 voce
1082 2312 1196 2347 angelus
1224 2315 1399 2347 nuncupatus
1423 2316 1483 2345 est,
1506 2321 1568 2340 cum
1611 2321 1665 2341 non
1699 2317 1771 2341 esset

987 2358 1100 2394 angelus
1117 2363 1226 2391 natura,
1239 2359 1287 2387 sed
1308 2359 1410 2387 missus
1426 2360 1458 2386 ad
1474 2359 1656 2387 nuntiandum
1670 2363 1698 2387 et
1713 2359 1772 2387 cla-

987 2404 1118 2431 mandum
1137 2413 1143 2432 :
1162 2413 1171 2430 ‹
1192 2403 1292 2432 Parate
1314 2405 1385 2432 viam
1413 2404 1521 2432 Domini
1547 2405 1580 2432 ³⁷.
1602 2413 1612 2431 ›
1639 2405 1771 2433 Caeterum

987 2449 1090 2477 utiliter
1118 2450 1263 2484 admodum
1284 2457 1306 2477 ‘a
1326 2449 1382 2477 Deo
1407 2450 1521 2479 missam
1553 2458 1615 2478 esse
1646 2451 1772 2478 nuntium

989 2496 1173 2530 conﬁrmavit,
1203 2496 1350 2524 ostendens
1366 2496 1553 2524 ﬁrmissimum
1577 2496 1638 2530 ejus
1658 2503 1720 2524 esse
1734 2500 1775 2523 te-

988 2542 1158 2570 stimonium.
1177 2540 1232 2568 Nec
1243 2541 1316 2568 enim
1333 2542 1356 2568 is
1365 2541 1412 2576 qui
1427 2541 1461 2569 ad
1473 2541 1678 2576 przedicandum
1689 2549 1704 2569 a
1718 2541 1774 2568 Deo

988 2589 1090 2616 missus
1109 2592 1180 2621 erat,
1192 2587 1265 2615 aliud
1280 2588 1410 2622 quiddam
1431 2587 1586 2622 protulerit,
1604 2595 1687 2624 quam
1702 2588 1774 2624 quod

988 2642 1003 2661 a
1018 2635 1144 2662 mittente
1168 2633 1266 2669 jussus
1279 2638 1346 2661 erat.
1359 2633 1454 2668 itaque
1467 2641 1550 2661 verax
1564 2637 1606 2662 est
1623 2633 1712 2667 testis,
1729 2635 1776 2669 qui

989 2681 1024 2710 sit
1039 2688 1054 2708 a
1072 2680 1127 2708 Deo
1150 2681 1275 2709 edoctus.
1297 2670 1354 2708 Hoc
1379 2680 1451 2707 enim
1476 2679 1632 2715 signiﬁcare
1657 2680 1777 2707 arbitror

991 2728 1070 2760 illud,
1094 2737 1103 2754 ε
1123 2727 1223 2755 missus
1247 2734 1261 2754 a
1286 2726 1352 2754 Deo.
1376 2736 1385 2752 ι
1405 2725 1472 2753 Nam
1493 2730 1520 2754 et
1539 2726 1641 2754 Paulus
1666 2726 1776 2761 sapien-

992 2773 1127 2807 tissimus,
1137 2773 1202 2801 dum
1216 2774 1252 2800 ait
1267 2773 1288 2789 "
1299 2780 1327 2800 se
1336 2772 1450 2800 missum
1462 2779 1510 2807 per
1517 2771 1611 2800 Jesum
1622 2770 1774 2804 Christum,

1105 2868 1127 2883 ³⁸
1139 2867 1223 2895 Hebr.
1241 2873 1267 2898 l,
1299 2865 1340 2892 Μ.
1392 2865 1413 2881 ¹⁷
1436 2864 1488 2892 lsa.
1506 2873 1557 2896 ιιι,
1573 2864 1589 2891 3
1601 2872 1608 2897 ;
1622 2861 1716 2891 Matth.
1734 2865 1776 2892 tu,

1588 2965 1603 2986 4
