  <div class='ocr_page' id='page_1' title='image "/cluster/home/n/w/nwhite01/storage/ocr_20150623/73/njp.32101077772760/062.png"; bbox 0 0 2030 3122; ppageno 0'>
   <div class='ocr_carea' id='block_1_1' title="bbox 133 170 184 198">
    <p class='ocr_par' dir='ltr' id='par_1_1' title="bbox 133 170 184 198">
     <span class='ocr_line' id='line_1_1' title="bbox 133 170 184 198; baseline 0 0"><span class='ocrx_word' id='word_1_1' title='bbox 133 170 184 198; x_wconf 73' lang='grc'><strong>109</strong></span> 
     </span>
    </p>
   </div>
   <div class='ocr_carea' id='block_1_2' title="bbox 670 160 1234 193">
    <p class='ocr_par' dir='ltr' id='par_1_2' title="bbox 670 160 1234 193">
     <span class='ocr_line' id='line_1_2' title="bbox 670 160 1234 193; baseline 0.002 -1"><span class='ocrx_word' id='word_1_2' title='bbox 670 168 701 192; x_wconf 60' lang='grc' dir='ltr'>ιλ</span> <span class='ocrx_word' id='word_1_3' title='bbox 722 167 861 193; x_wconf 59' lang='lat' dir='ltr'><strong>tunsis</strong></span> <span class='ocrx_word' id='word_1_4' title='bbox 888 160 1109 193; x_wconf 60' lang='lat' dir='ltr'><strong>EVAMJ‘LLIUM</strong></span> <span class='ocrx_word' id='word_1_5' title='bbox 1130 167 1193 192; x_wconf 77' lang='lat' dir='ltr'><strong>LIB.</strong></span> <span class='ocrx_word' id='word_1_6' title='bbox 1214 167 1234 193; x_wconf 93' lang='lat' dir='ltr'><strong>l.</strong></span> 
     </span>
    </p>
   </div>
   <div class='ocr_carea' id='block_1_3' title="bbox 1704 169 1753 196">
    <p class='ocr_par' dir='ltr' id='par_1_3' title="bbox 1704 169 1753 196">
     <span class='ocr_line' id='line_1_3' title="bbox 1704 169 1753 196; baseline 0 0"><span class='ocrx_word' id='word_1_7' title='bbox 1704 169 1753 196; x_wconf 82' lang='grc' dir='ltr'>Ηθ</span> 
     </span>
    </p>
   </div>
   <div class='ocr_carea' id='block_1_4' title="bbox 132 221 927 261">
    <p class='ocr_par' dir='ltr' id='par_1_4' title="bbox 132 221 919 261">
     <span class='ocr_line' id='line_1_4' title="bbox 132 221 919 261; baseline -0.005 -9"><span class='ocrx_word' id='word_1_8' title='bbox 132 226 204 261; x_wconf 82' lang='grc' dir='ltr'>ἕχον,</span> <span class='ocrx_word' id='word_1_9' title='bbox 226 225 273 252; x_wconf 76' lang='grc' dir='ltr'>καὶ</span> <span class='ocrx_word' id='word_1_10' title='bbox 284 223 373 259; x_wconf 75' lang='grc' dir='ltr'>φωτὸς</span> <span class='ocrx_word' id='word_1_11' title='bbox 389 223 419 250; x_wconf 85' lang='grc' dir='ltr'><strong>ού</strong></span> <span class='ocrx_word' id='word_1_12' title='bbox 429 223 532 258; x_wconf 81' lang='grc' dir='ltr'>δεηθέν.</span> <span class='ocrx_word' id='word_1_13' title='bbox 548 222 651 250; x_wconf 75' lang='grc' dir='ltr'>Οὐκοῦν</span> <span class='ocrx_word' id='word_1_14' title='bbox 667 221 783 257; x_wconf 80' lang='grc' dir='ltr'>ἔκφυλός</span> <span class='ocrx_word' id='word_1_15' title='bbox 800 230 840 254; x_wconf 86' lang='grc' dir='ltr'><strong>τε,</strong></span> <span class='ocrx_word' id='word_1_16' title='bbox 862 222 919 254; x_wconf 75' lang='grc' dir='ltr'>καὶ,</span> 
     </span>
    </p>
   </div>
   <div class='ocr_carea' id='block_1_5' title="bbox 978 221 1752 261">
    <p class='ocr_par' dir='ltr' id='par_1_5' title="bbox 978 221 1752 259">
     <span class='ocr_line' id='line_1_5' title="bbox 978 221 1752 259; baseline 0.004 -11"><span class='ocrx_word' id='word_1_17' title='bbox 978 221 1094 249; x_wconf 78' lang='lat' dir='ltr'><strong>minandi</strong></span> <span class='ocrx_word' id='word_1_18' title='bbox 1116 222 1141 248; x_wconf 87' lang='lat' dir='ltr'><strong>vi</strong></span> <span class='ocrx_word' id='word_1_19' title='bbox 1159 221 1309 257; x_wconf 76' lang='lat' dir='ltr'><strong>praeditam,</strong></span> <span class='ocrx_word' id='word_1_20' title='bbox 1326 227 1353 250; x_wconf 83' lang='lat' dir='ltr'><strong>et</strong></span> <span class='ocrx_word' id='word_1_21' title='bbox 1369 222 1479 250; x_wconf 91' lang='lat' dir='ltr'><strong>minime</strong></span> <span class='ocrx_word' id='word_1_22' title='bbox 1493 222 1562 250; x_wconf 87' lang='lat' dir='ltr'><strong>lucis</strong></span> <span class='ocrx_word' id='word_1_23' title='bbox 1575 222 1752 259; x_wconf 75' lang='lat' dir='ltr'><strong>indigentem.</strong></span> 
     </span>
    </p>
   </div>
   <div class='ocr_carea' id='block_1_6' title="bbox 133 267 921 304">
    <p class='ocr_par' dir='ltr' id='par_1_6' title="bbox 133 267 921 304">
     <span class='ocr_line' id='line_1_6' title="bbox 133 267 921 304; baseline -0.003 -8"><span class='ocrx_word' id='word_1_24' title='bbox 133 270 167 296; x_wconf 74' lang='grc' dir='ltr'><strong>ἶν’</strong></span> <span class='ocrx_word' id='word_1_25' title='bbox 177 268 264 301; x_wconf 66' lang='grc' dir='ltr'>οὕτως</span> <span class='ocrx_word' id='word_1_26' title='bbox 286 268 419 303; x_wconf 69' lang='grc' dir='ltr'>εἴπωμεν,</span> <span class='ocrx_word' id='word_1_27' title='bbox 444 268 591 304; x_wconf 73' lang='grc' dir='ltr'>ἑτεροφυὴς</span> <span class='ocrx_word' id='word_1_28' title='bbox 606 267 644 299; x_wconf 84' lang='grc' dir='ltr'><strong>ὡς</strong></span> <span class='ocrx_word' id='word_1_29' title='bbox 665 268 732 303; x_wconf 72' lang='grc' dir='ltr'>πρὸς</span> <span class='ocrx_word' id='word_1_30' title='bbox 746 267 795 303; x_wconf 88' lang='grc' dir='ltr'>τὴν</span> <span class='ocrx_word' id='word_1_31' title='bbox 809 267 896 294; x_wconf 81' lang='grc' dir='ltr'>κτίσιν</span> <span class='ocrx_word' id='word_1_32' title='bbox 907 269 921 294; x_wconf 88' lang='lat'><strong>6</strong></span> 
     </span>
    </p>
   </div>
   <div class='ocr_carea' id='block_1_7' title="bbox 88 313 920 349">
    <p class='ocr_par' dir='ltr' id='par_1_7' title="bbox 88 313 920 349">
     <span class='ocr_line' id='line_1_7' title="bbox 88 313 920 349; baseline 0 -9"><span class='ocrx_word' id='word_1_33' title='bbox 88 326 98 331; x_wconf 50' lang='grc' dir='ltr'><strong>ε</strong></span> <span class='ocrx_word' id='word_1_34' title='bbox 132 314 180 341; x_wconf 75' lang='grc' dir='ltr'>τοῦ</span> <span class='ocrx_word' id='word_1_35' title='bbox 193 313 261 340; x_wconf 79' lang='grc' dir='ltr'>Θεοῦ</span> <span class='ocrx_word' id='word_1_36' title='bbox 275 313 370 347; x_wconf 80' lang='grc' dir='ltr'><strong>Λόγος,</strong></span> <span class='ocrx_word' id='word_1_37' title='bbox 388 314 466 349; x_wconf 76' lang='grc' dir='ltr'>εἴπερ</span> <span class='ocrx_word' id='word_1_38' title='bbox 485 313 568 345; x_wconf 77' lang='grc' dir='ltr'>δντως</span> <span class='ocrx_word' id='word_1_39' title='bbox 584 322 614 339; x_wconf 87' lang='grc' dir='ltr'><strong>τε</strong></span> <span class='ocrx_word' id='word_1_40' title='bbox 641 313 688 340; x_wconf 77' lang='grc' dir='ltr'>καὶ</span> <span class='ocrx_word' id='word_1_41' title='bbox 709 313 816 349; x_wconf 84' lang='grc' dir='ltr'>ἀληθῶς</span> <span class='ocrx_word' id='word_1_42' title='bbox 840 313 920 345; x_wconf 81' lang='grc' dir='ltr'>αὐτὸς</span> 
     </span>
    </p>
   </div>
   <div class='ocr_carea' id='block_1_8' title="bbox 134 358 918 395">
    <p class='ocr_par' dir='ltr' id='par_1_8' title="bbox 134 358 918 395">
     <span class='ocr_line' id='line_1_8' title="bbox 134 358 918 395; baseline -0.001 -9"><span class='ocrx_word' id='word_1_43' title='bbox 134 360 183 395; x_wconf 83' lang='grc' dir='ltr'>μέν</span> <span class='ocrx_word' id='word_1_44' title='bbox 198 360 256 385; x_wconf 74' lang='grc' dir='ltr'>ἐστι</span> <span class='ocrx_word' id='word_1_45' title='bbox 277 359 379 394; x_wconf 82' lang='grc' dir='ltr'><strong>κυρίως</strong></span> <span class='ocrx_word' id='word_1_46' title='bbox 394 358 424 385; x_wconf 82' lang='grc' dir='ltr'><strong>τὸ</strong></span> <span class='ocrx_word' id='word_1_47' title='bbox 435 359 502 393; x_wconf 81' lang='grc' dir='ltr'>φῶς,</span> <span class='ocrx_word' id='word_1_48' title='bbox 515 359 602 394; x_wconf 73' lang='grc' dir='ltr'>φωτὸς</span> <span class='ocrx_word' id='word_1_49' title='bbox 614 359 643 385; x_wconf 82' lang='grc' dir='ltr'>δὲ</span> <span class='ocrx_word' id='word_1_50' title='bbox 658 360 674 394; x_wconf 87' lang='grc' dir='ltr'><strong>ἡ</strong></span> <span class='ocrx_word' id='word_1_51' title='bbox 691 359 780 391; x_wconf 82' lang='grc' dir='ltr'><strong>κτίσις</strong></span> <span class='ocrx_word' id='word_1_52' title='bbox 797 359 918 394; x_wconf 78' lang='grc' dir='ltr'>μέτοχος.</span> 
     </span>
    </p>
   </div>
   <div class='ocr_carea' id='block_1_9' title="bbox 139 404 921 440">
    <p class='ocr_par' dir='ltr' id='par_1_9' title="bbox 139 404 921 440">
     <span class='ocr_line' id='line_1_9' title="bbox 139 404 921 440; baseline -0.003 -8"><span class='ocrx_word' id='word_1_53' title='bbox 139 405 167 432; x_wconf 87' lang='grc' dir='ltr'>Ὁ</span> <span class='ocrx_word' id='word_1_54' title='bbox 178 405 206 432; x_wconf 80' lang='grc' dir='ltr'>δὲ</span> <span class='ocrx_word' id='word_1_55' title='bbox 223 406 279 436; x_wconf 85' lang='grc' dir='ltr'>τοῖς</span> <span class='ocrx_word' id='word_1_56' title='bbox 292 404 487 439; x_wconf 77' lang='grc' dir='ltr'><strong>πεποιημένοις</strong></span> <span class='ocrx_word' id='word_1_57' title='bbox 510 404 677 436; x_wconf 80' lang='grc' dir='ltr'><strong>ἀσύντακτος</strong></span> <span class='ocrx_word' id='word_1_58' title='bbox 693 404 753 440; x_wconf 72' lang='grc' dir='ltr'>ἥδη,</span> <span class='ocrx_word' id='word_1_59' title='bbox 769 404 816 431; x_wconf 77' lang='grc' dir='ltr'>καὶ</span> <span class='ocrx_word' id='word_1_60' title='bbox 831 405 921 439; x_wconf 81' lang='grc' dir='ltr'>ἑτερο-</span> 
     </span>
    </p>
   </div>
   <div class='ocr_carea' id='block_1_10' title="bbox 133 448 920 486">
    <p class='ocr_par' dir='ltr' id='par_1_10' title="bbox 133 448 920 486">
     <span class='ocr_line' id='line_1_10' title="bbox 133 448 920 486; baseline -0.001 -10"><span class='ocrx_word' id='word_1_61' title='bbox 133 450 204 486; x_wconf 51' lang='lat' dir='ltr'><strong>qui];</strong></span> <span class='ocrx_word' id='word_1_62' title='bbox 222 450 266 477; x_wconf 76' lang='grc' dir='ltr'><strong>διὰ</strong></span> <span class='ocrx_word' id='word_1_63' title='bbox 292 449 371 476; x_wconf 82' lang='grc' dir='ltr'>τοῦτο</span> <span class='ocrx_word' id='word_1_64' title='bbox 389 450 542 485; x_wconf 82' lang='grc' dir='ltr'>νοούμενος,</span> <span class='ocrx_word' id='word_1_65' title='bbox 570 449 629 481; x_wconf 84' lang='grc' dir='ltr'><strong>πῶς</strong></span> <span class='ocrx_word' id='word_1_66' title='bbox 653 450 703 476; x_wconf 80' lang='grc' dir='ltr'>οὐκ</span> <span class='ocrx_word' id='word_1_67' title='bbox 720 448 753 476; x_wconf 82' lang='grc' dir='ltr'>ἂν</span> <span class='ocrx_word' id='word_1_68' title='bbox 769 449 812 484; x_wconf 80' lang='grc' dir='ltr'>εἴη</span> <span class='ocrx_word' id='word_1_69' title='bbox 829 449 920 477; x_wconf 78' lang='grc' dir='ltr'>λοιπὸν</span> 
     </span>
    </p>
   </div>
   <div class='ocr_carea' id='block_1_11' title="bbox 134 494 920 536">
    <p class='ocr_par' dir='ltr' id='par_1_11' title="bbox 134 494 920 536">
     <span class='ocr_line' id='line_1_11' title="bbox 134 494 920 536; baseline 0 -14"><span class='ocrx_word' id='word_1_70' title='bbox 134 496 200 522; x_wconf 73' lang='grc' dir='ltr'>εἵσω</span> <span class='ocrx_word' id='word_1_71' title='bbox 213 495 270 522; x_wconf 83' lang='grc' dir='ltr'>τῶν</span> <span class='ocrx_word' id='word_1_72' title='bbox 285 496 334 536; x_wconf 80' lang='grc' dir='ltr'>τῆς</span> <span class='ocrx_word' id='word_1_73' title='bbox 361 494 487 531; x_wconf 84' lang='grc' dir='ltr'>θεότητος</span> <span class='ocrx_word' id='word_1_74' title='bbox 511 496 592 531; x_wconf 80' lang='grc' dir='ltr'>ὅρων,</span> <span class='ocrx_word' id='word_1_75' title='bbox 606 495 652 522; x_wconf 81' lang='grc' dir='ltr'><strong>καὶ</strong></span> <span class='ocrx_word' id='word_1_76' title='bbox 665 495 716 530; x_wconf 73' lang='grc' dir='ltr'>τῆς</span> <span class='ocrx_word' id='word_1_77' title='bbox 735 494 782 522; x_wconf 83' lang='grc' dir='ltr'><strong>τοῦ</strong></span> <span class='ocrx_word' id='word_1_78' title='bbox 795 495 920 527; x_wconf 83' lang='grc' dir='ltr'>τεκόντος</span> 
     </span>
    </p>
   </div>
   <div class='ocr_carea' id='block_1_12' title="bbox 133 542 422 577">
    <p class='ocr_par' dir='ltr' id='par_1_12' title="bbox 133 542 422 577">
     <span class='ocr_line' id='line_1_12' title="bbox 133 542 422 577; baseline 0.003 -9"><span class='ocrx_word' id='word_1_79' title='bbox 133 542 248 577; x_wconf 70' lang='grc' dir='ltr'>εὐφυΐας</span> <span class='ocrx_word' id='word_1_80' title='bbox 264 542 404 573; x_wconf 79' lang='grc' dir='ltr'>ἀνάπλεως</span> <span class='ocrx_word' id='word_1_81' title='bbox 415 551 422 576; x_wconf 85' lang='grc'><strong>;</strong></span> 
     </span>
    </p>
   </div>
   <div class='ocr_carea' id='block_1_13' title="bbox 173 642 919 679">
    <p class='ocr_par' dir='ltr' id='par_1_13' title="bbox 173 642 919 679">
     <span class='ocr_line' id='line_1_13' title="bbox 173 642 919 679; baseline 0 -9"><span class='ocrx_word' id='word_1_82' title='bbox 173 645 234 671; x_wconf 83' lang='grc' dir='ltr'>οὐκ</span> <span class='ocrx_word' id='word_1_83' title='bbox 244 642 283 679; x_wconf 80' lang='grc' dir='ltr'><strong>ἦν</strong></span> <span class='ocrx_word' id='word_1_84' title='bbox 300 643 416 676; x_wconf 77' lang='grc' dir='ltr'>ἐκεῖνος</span> <span class='ocrx_word' id='word_1_85' title='bbox 429 642 463 669; x_wconf 83' lang='grc' dir='ltr'>τὸ</span> <span class='ocrx_word' id='word_1_86' title='bbox 488 642 563 677; x_wconf 69' lang='grc' dir='ltr'>φῶς,</span> <span class='ocrx_word' id='word_1_87' title='bbox 586 643 654 670; x_wconf 69' lang='grc' dir='ltr'><strong>ἀλλ’</strong></span> <span class='ocrx_word' id='word_1_88' title='bbox 673 643 723 670; x_wconf 81' lang='grc' dir='ltr'><strong>ἵνα</strong></span> <span class='ocrx_word' id='word_1_89' title='bbox 742 642 919 678; x_wconf 79' lang='grc' dir='ltr'><strong>μαρτυρήσῃ</strong></span> 
     </span>
    </p>
   </div>
   <div class='ocr_carea' id='block_1_14' title="bbox 134 689 386 724">
    <p class='ocr_par' dir='ltr' id='par_1_14' title="bbox 134 689 386 724">
     <span class='ocr_line' id='line_1_14' title="bbox 134 689 386 724; baseline -0.004 -8"><span class='ocrx_word' id='word_1_90' title='bbox 134 690 201 724; x_wconf 77' lang='grc' dir='ltr'>περὶ</span> <span class='ocrx_word' id='word_1_91' title='bbox 211 689 264 716; x_wconf 88' lang='grc' dir='ltr'>τοῦ</span> <span class='ocrx_word' id='word_1_92' title='bbox 280 690 386 724; x_wconf 65' lang='grc' dir='ltr'>φωτός.</span> 
     </span>
    </p>
   </div>
   <div class='ocr_carea' id='block_1_15' title="bbox 171 733 920 770">
    <p class='ocr_par' dir='ltr' id='par_1_15' title="bbox 171 733 920 770">
     <span class='ocr_line' id='line_1_15' title="bbox 171 733 920 770; baseline -0.001 -9"><span class='ocrx_word' id='word_1_93' title='bbox 171 736 227 766; x_wconf 84' lang='grc' dir='ltr'>Τὰς</span> <span class='ocrx_word' id='word_1_94' title='bbox 238 735 267 761; x_wconf 84' lang='grc' dir='ltr'>ὲν</span> <span class='ocrx_word' id='word_1_95' title='bbox 283 736 315 770; x_wconf 89' lang='grc' dir='ltr'>τῇ</span> <span class='ocrx_word' id='word_1_96' title='bbox 331 736 427 770; x_wconf 79' lang='grc' dir='ltr'>ἐρήμῳ</span> <span class='ocrx_word' id='word_1_97' title='bbox 441 733 581 770; x_wconf 76' lang='grc' dir='ltr'>διατριὸὰς</span> <span class='ocrx_word' id='word_1_98' title='bbox 590 734 642 760; x_wconf 80' lang='grc' dir='ltr'>τῶν</span> <span class='ocrx_word' id='word_1_99' title='bbox 658 735 686 760; x_wconf 85' lang='grc' dir='ltr'>ὲν</span> <span class='ocrx_word' id='word_1_100' title='bbox 698 733 805 760; x_wconf 85' lang='grc' dir='ltr'>πόλεσιν</span> <span class='ocrx_word' id='word_1_101' title='bbox 821 733 920 760; x_wconf 76' lang='grc' dir='ltr'>ἐνδιαι-</span> 
     </span>
    </p>
   </div>
   <div class='ocr_carea' id='block_1_16' title="bbox 134 777 921 816">
    <p class='ocr_par' dir='ltr' id='par_1_16' title="bbox 134 777 921 816">
     <span class='ocr_line' id='line_1_16' title="bbox 134 777 921 816; baseline -0.001 -9"><span class='ocrx_word' id='word_1_102' title='bbox 134 781 264 816; x_wconf 81' lang='grc' dir='ltr'>τημάτων</span> <span class='ocrx_word' id='word_1_103' title='bbox 291 781 462 816; x_wconf 78' lang='grc' dir='ltr'><strong>προτιμήσας</strong></span> <span class='ocrx_word' id='word_1_104' title='bbox 485 781 500 807; x_wconf 85' lang='grc' dir='ltr'><strong>ὁ</strong></span> <span class='ocrx_word' id='word_1_105' title='bbox 527 779 691 815; x_wconf 84' lang='grc' dir='ltr'>Βαπτιστὴς,</span> <span class='ocrx_word' id='word_1_106' title='bbox 721 777 767 806; x_wconf 76' lang='grc' dir='ltr'>καὶ</span> <span class='ocrx_word' id='word_1_107' title='bbox 791 779 869 814; x_wconf 81' lang='grc' dir='ltr'>ξένην</span> <span class='ocrx_word' id='word_1_108' title='bbox 892 780 921 806; x_wconf 81' lang='grc' dir='ltr'>ὲν</span> 
     </span>
    </p>
   </div>
   <div class='ocr_carea' id='block_1_17' title="bbox 135 824 922 861">
    <p class='ocr_par' dir='ltr' id='par_1_17' title="bbox 135 824 922 861">
     <span class='ocr_line' id='line_1_17' title="bbox 135 824 922 861; baseline -0.003 -9"><span class='ocrx_word' id='word_1_109' title='bbox 135 826 251 861; x_wconf 76' lang='grc' dir='ltr'><strong>ἀσκήσει</strong></span> <span class='ocrx_word' id='word_1_110' title='bbox 265 825 314 861; x_wconf 79' lang='grc' dir='ltr'>τὴν</span> <span class='ocrx_word' id='word_1_111' title='bbox 326 826 482 861; x_wconf 82' lang='grc' dir='ltr'>-καρτερίαν</span> <span class='ocrx_word' id='word_1_112' title='bbox 508 825 721 860; x_wconf 67' lang='grc' dir='ltr'><strong>ἐπιδειξάμενος1</strong></span> <span class='ocrx_word' id='word_1_113' title='bbox 741 825 789 851; x_wconf 76' lang='grc' dir='ltr'>καὶ</span> <span class='ocrx_word' id='word_1_114' title='bbox 805 825 845 856; x_wconf 84' lang='grc' dir='ltr'><strong>είς</strong></span> <span class='ocrx_word' id='word_1_115' title='bbox 856 824 922 851; x_wconf 77' lang='grc' dir='ltr'>αὐτὸ</span> 
     </span>
    </p>
   </div>
   <div class='ocr_carea' id='block_1_18' title="bbox 134 865 921 908">
    <p class='ocr_par' dir='ltr' id='par_1_18' title="bbox 134 865 921 908">
     <span class='ocr_line' id='line_1_18' title="bbox 134 865 921 908; baseline -0.005 -8"><span class='ocrx_word' id='word_1_116' title='bbox 134 873 186 908; x_wconf 82' lang='grc' dir='ltr'>τῆς</span> <span class='ocrx_word' id='word_1_117' title='bbox 201 873 231 899; x_wconf 79' lang='grc' dir='ltr'>ὲν</span> <span class='ocrx_word' id='word_1_118' title='bbox 246 872 398 908; x_wconf 68' lang='grc' dir='ltr'>ἀνθρώποις</span> <span class='ocrx_word' id='word_1_119' title='bbox 410 870 582 906; x_wconf 79' lang='grc' dir='ltr'>δικαιοσύνης</span> <span class='ocrx_word' id='word_1_120' title='bbox 597 871 627 897; x_wconf 78' lang='grc' dir='ltr'>τὸ</span> <span class='ocrx_word' id='word_1_121' title='bbox 643 865 791 905; x_wconf 73' lang='grc' dir='ltr'>ἀκρότατον</span> <span class='ocrx_word' id='word_1_122' title='bbox 804 870 921 906; x_wconf 77' lang='grc' dir='ltr'>ἀναδραο</span> 
     </span>
    </p>
   </div>
   <div class='ocr_carea' id='block_1_19' title="bbox 137 915 922 954">
    <p class='ocr_par' dir='ltr' id='par_1_19' title="bbox 137 915 922 954">
     <span class='ocr_line' id='line_1_19' title="bbox 137 915 922 954; baseline -0.005 -9"><span class='ocrx_word' id='word_1_123' title='bbox 137 919 208 954; x_wconf 79' lang='grc' dir='ltr'>μὼν,</span> <span class='ocrx_word' id='word_1_124' title='bbox 221 918 269 944; x_wconf 78' lang='grc' dir='ltr'>καὶ</span> <span class='ocrx_word' id='word_1_125' title='bbox 288 917 360 953; x_wconf 81' lang='grc' dir='ltr'>μάλα</span> <span class='ocrx_word' id='word_1_126' title='bbox 381 917 492 948; x_wconf 79' lang='grc' dir='ltr'>δικαίως</span> <span class='ocrx_word' id='word_1_127' title='bbox 515 916 735 951; x_wconf 80' lang='grc' dir='ltr'>ἀπεθαυμάζετο,</span> <span class='ocrx_word' id='word_1_128' title='bbox 755 915 802 943; x_wconf 71' lang='grc' dir='ltr'>καὶ</span> <span class='ocrx_word' id='word_1_129' title='bbox 821 915 853 951; x_wconf 86' lang='grc' dir='ltr'>δὴ</span> <span class='ocrx_word' id='word_1_130' title='bbox 875 915 922 942; x_wconf 74' lang='grc' dir='ltr'>καὶ</span> 
     </span>
    </p>
   </div>
   <div class='ocr_carea' id='block_1_20' title="bbox 136 960 923 1000">
    <p class='ocr_par' dir='ltr' id='par_1_20' title="bbox 136 960 923 1000">
     <span class='ocr_line' id='line_1_20' title="bbox 136 960 923 1000; baseline -0.004 -9"><span class='ocrx_word' id='word_1_131' title='bbox 136 960 288 1000; x_wconf 74' lang='grc' dir='ltr'>ὑπείλῆπτο</span> <span class='ocrx_word' id='word_1_132' title='bbox 316 964 391 1000; x_wconf 84' lang='grc' dir='ltr'>παρά</span> <span class='ocrx_word' id='word_1_133' title='bbox 418 972 488 990; x_wconf 84' lang='grc' dir='ltr'>τισιν</span> <span class='ocrx_word' id='word_1_134' title='bbox 513 963 595 994; x_wconf 79' lang='grc' dir='ltr'>αὐτὸς</span> <span class='ocrx_word' id='word_1_135' title='bbox 618 961 711 990; x_wconf 81' lang='grc' dir='ltr'>εἶναιὸ</span> <span class='ocrx_word' id='word_1_136' title='bbox 725 963 852 998; x_wconf 85' lang='grc' dir='ltr'>Χριστός.</span> <span class='ocrx_word' id='word_1_137' title='bbox 867 962 923 989; x_wconf 79' lang='grc' dir='ltr'><strong>Καὶ</strong></span> 
     </span>
    </p>
   </div>
   <div class='ocr_carea' id='block_1_21' title="bbox 135 1007 922 1045">
    <p class='ocr_par' dir='ltr' id='par_1_21' title="bbox 135 1007 922 1045">
     <span class='ocr_line' id='line_1_21' title="bbox 135 1007 922 1045; baseline -0.005 -7"><span class='ocrx_word' id='word_1_138' title='bbox 135 1011 203 1045; x_wconf 85' lang='grc' dir='ltr'>γοῦν</span> <span class='ocrx_word' id='word_1_139' title='bbox 212 1012 236 1037; x_wconf 79' lang='grc' dir='ltr'>οἱ</span> <span class='ocrx_word' id='word_1_140' title='bbox 250 1010 304 1037; x_wconf 83' lang='grc' dir='ltr'><strong>τῶν</strong></span> <span class='ocrx_word' id='word_1_141' title='bbox 322 1009 474 1037; x_wconf 81' lang='grc' dir='ltr'>Ἰουδαϊκῶν</span> <span class='ocrx_word' id='word_1_142' title='bbox 485 1009 631 1045; x_wconf 82' lang='grc' dir='ltr'>ἡγούμενοι</span> <span class='ocrx_word' id='word_1_143' title='bbox 651 1008 797 1044; x_wconf 83' lang='grc' dir='ltr'><strong>ταγμάτων</strong></span> <span class='ocrx_word' id='word_1_144' title='bbox 813 1007 857 1035; x_wconf 83' lang='grc' dir='ltr'><strong>διὰ</strong></span> <span class='ocrx_word' id='word_1_145' title='bbox 869 1007 922 1034; x_wconf 82' lang='grc' dir='ltr'><strong>τῶν</strong></span> 
     </span>
    </p>
   </div>
   <div class='ocr_carea' id='block_1_22' title="bbox 136 1054 923 1092">
    <p class='ocr_par' dir='ltr' id='par_1_22' title="bbox 136 1054 923 1092">
     <span class='ocr_line' id='line_1_22' title="bbox 136 1054 923 1092; baseline -0.005 -9"><span class='ocrx_word' id='word_1_146' title='bbox 136 1057 292 1092; x_wconf 79' lang='grc' dir='ltr'>προσόντων</span> <span class='ocrx_word' id='word_1_147' title='bbox 315 1055 389 1091; x_wconf 83' lang='grc' dir='ltr'><strong>αὑτῷ</strong></span> <span class='ocrx_word' id='word_1_148' title='bbox 409 1055 479 1083; x_wconf 80' lang='grc' dir='ltr'>κατὰ</span> <span class='ocrx_word' id='word_1_149' title='bbox 499 1056 600 1092; x_wconf 78' lang='grc' dir='ltr'>ἀρετὴν</span> <span class='ocrx_word' id='word_1_150' title='bbox 623 1054 867 1090; x_wconf 78' lang='grc' dir='ltr'>πλεονεκτημάτων</span> <span class='ocrx_word' id='word_1_151' title='bbox 883 1054 923 1085; x_wconf 76' lang='grc' dir='ltr'><strong>εἰς</strong></span> 
     </span>
    </p>
   </div>
   <div class='ocr_carea' id='block_1_23' title="bbox 135 1099 923 1138">
    <p class='ocr_par' dir='ltr' id='par_1_23' title="bbox 135 1099 923 1138">
     <span class='ocr_line' id='line_1_23' title="bbox 135 1099 923 1138; baseline -0.004 -10"><span class='ocrx_word' id='word_1_152' title='bbox 135 1102 266 1138; x_wconf 83' lang='grc' dir='ltr'>τοιαύτην</span> <span class='ocrx_word' id='word_1_153' title='bbox 285 1100 438 1137; x_wconf 70' lang='grc' dir='ltr'>ἐνεχθέντες</span> <span class='ocrx_word' id='word_1_154' title='bbox 458 1101 602 1134; x_wconf 76' lang='grc' dir='ltr'>ὑπόνοιαν,</span> <span class='ocrx_word' id='word_1_155' title='bbox 630 1099 824 1127; x_wconf 75' lang='grc' dir='ltr'>ἀποστέλλουσι</span> <span class='ocrx_word' id='word_1_156' title='bbox 847 1107 923 1131; x_wconf 78' lang='grc' dir='ltr'>τινας</span> 
     </span>
    </p>
   </div>
   <div class='ocr_carea' id='block_1_24' title="bbox 136 1145 924 1183">
    <p class='ocr_par' dir='ltr' id='par_1_24' title="bbox 136 1145 924 1183">
     <span class='ocr_line' id='line_1_24' title="bbox 136 1145 924 1183; baseline -0.003 -10"><span class='ocrx_word' id='word_1_157' title='bbox 136 1147 206 1183; x_wconf 63' lang='grc' dir='ltr'>πρὸς</span> <span class='ocrx_word' id='word_1_158' title='bbox 231 1147 312 1174; x_wconf 80' lang='grc' dir='ltr'>αὑτὸν</span> <span class='ocrx_word' id='word_1_159' title='bbox 339 1145 524 1173; x_wconf 78' lang='grc' dir='ltr'>ἀναπυθέσθαι</span> <span class='ocrx_word' id='word_1_160' title='bbox 557 1146 768 1182; x_wconf 79' lang='grc' dir='ltr'>προστάξαντες,</span> <span class='ocrx_word' id='word_1_161' title='bbox 797 1146 821 1172; x_wconf 85' lang='grc' dir='ltr'><strong>εί</strong></span> <span class='ocrx_word' id='word_1_162' title='bbox 842 1145 924 1176; x_wconf 73' lang='grc' dir='ltr'>αὑτός</span> 
     </span>
    </p>
   </div>
   <div class='ocr_carea' id='block_1_25' title="bbox 137 1190 925 1228">
    <p class='ocr_par' dir='ltr' id='par_1_25' title="bbox 137 1190 925 1228">
     <span class='ocr_line' id='line_1_25' title="bbox 137 1190 925 1228; baseline -0.005 -8"><span class='ocrx_word' id='word_1_163' title='bbox 137 1195 212 1220; x_wconf 79' lang='grc' dir='ltr'>ἐστιν</span> <span class='ocrx_word' id='word_1_164' title='bbox 229 1194 243 1219; x_wconf 99' lang='lat'><strong>6</strong></span> <span class='ocrx_word' id='word_1_165' title='bbox 257 1193 384 1228; x_wconf 82' lang='grc' dir='ltr'>Χριστός.</span> <span class='ocrx_word' id='word_1_166' title='bbox 401 1193 458 1219; x_wconf 83' lang='grc' dir='ltr'><strong>Οὐκ</strong></span> <span class='ocrx_word' id='word_1_167' title='bbox 483 1192 618 1228; x_wconf 82' lang='grc' dir='ltr'>ἀγνοήσας</span> <span class='ocrx_word' id='word_1_168' title='bbox 645 1191 734 1219; x_wconf 82' lang='grc' dir='ltr'>τοίνυν</span> <span class='ocrx_word' id='word_1_169' title='bbox 757 1192 772 1218; x_wconf 88' lang='lat'><strong>6</strong></span> <span class='ocrx_word' id='word_1_170' title='bbox 790 1190 925 1226; x_wconf 84' lang='grc' dir='ltr'>μακάριος</span> 
     </span>
    </p>
   </div>
   <div class='ocr_carea' id='block_1_26' title="bbox 74 1235 925 1274">
    <p class='ocr_par' dir='ltr' id='par_1_26' title="bbox 74 1235 925 1274">
     <span class='ocr_line' id='line_1_26' title="bbox 74 1235 925 1274; baseline -0.006 -8"><span class='ocrx_word' id='word_1_171' title='bbox 74 1255 81 1258; x_wconf 99' lang='grc'><strong>-</strong></span> <span class='ocrx_word' id='word_1_172' title='bbox 136 1238 334 1274; x_wconf 76' lang='grc' dir='ltr'>εὐαγγελιστὴς</span> <span class='ocrx_word' id='word_1_173' title='bbox 349 1238 384 1265; x_wconf 84' lang='grc' dir='ltr'><strong>τὰ</strong></span> <span class='ocrx_word' id='word_1_174' title='bbox 397 1238 473 1273; x_wconf 81' lang='grc' dir='ltr'>παρὰ</span> <span class='ocrx_word' id='word_1_175' title='bbox 485 1238 592 1270; x_wconf 77' lang='grc' dir='ltr'>πολλοῖς</span> <span class='ocrx_word' id='word_1_176' title='bbox 599 1236 847 1272; x_wconf 75' lang='grc' dir='ltr'>διατεθρυλλημὲνα</span> <span class='ocrx_word' id='word_1_177' title='bbox 861 1235 925 1271; x_wconf 80' lang='grc' dir='ltr'>περὶ</span> 
     </span>
    </p>
   </div>
   <div class='ocr_carea' id='block_1_27' title="bbox 137 1279 926 1319">
    <p class='ocr_par' dir='ltr' id='par_1_27' title="bbox 137 1279 926 1319">
     <span class='ocr_line' id='line_1_27' title="bbox 137 1279 926 1319; baseline -0.003 -9"><span class='ocrx_word' id='word_1_178' title='bbox 137 1284 232 1314; x_wconf 76' lang='grc' dir='ltr'>αὑτοῦ,</span> <span class='ocrx_word' id='word_1_179' title='bbox 245 1283 351 1319; x_wconf 77' lang='grc' dir='ltr'>τίθησιν</span> <span class='ocrx_word' id='word_1_180' title='bbox 368 1283 524 1317; x_wconf 73' lang='grc' dir='ltr'>ἀναγκαίως</span> <span class='ocrx_word' id='word_1_181' title='bbox 541 1283 583 1315; x_wconf 76' lang='grc' dir='ltr'><strong>τὸ,</strong></span> <span class='ocrx_word' id='word_1_182' title='bbox 605 1291 614 1308; x_wconf 87' lang='grc'><strong>‹</strong></span> <span class='ocrx_word' id='word_1_183' title='bbox 632 1282 689 1309; x_wconf 82' lang='grc' dir='ltr'><strong>Ούκ</strong></span> <span class='ocrx_word' id='word_1_184' title='bbox 701 1279 735 1317; x_wconf 82' lang='grc' dir='ltr'>ἦν</span> <span class='ocrx_word' id='word_1_185' title='bbox 767 1282 869 1312; x_wconf 78' lang='grc' dir='ltr'>ἐκεῖνος</span> <span class='ocrx_word' id='word_1_186' title='bbox 894 1280 926 1308; x_wconf 79' lang='grc' dir='ltr'><strong>τὺ</strong></span> 
     </span>
    </p>
   </div>
   <div class='ocr_carea' id='block_1_28' title="bbox 138 1327 924 1365">
    <p class='ocr_par' dir='ltr' id='par_1_28' title="bbox 138 1327 924 1365">
     <span class='ocr_line' id='line_1_28' title="bbox 138 1327 924 1365; baseline -0.004 -9"><span class='ocrx_word' id='word_1_187' title='bbox 138 1330 208 1365; x_wconf 73' lang='grc' dir='ltr'>φῶς,</span> <span class='ocrx_word' id='word_1_188' title='bbox 229 1340 237 1356; x_wconf 76' lang='grc' dir='ltr'><strong>ι</strong></span> <span class='ocrx_word' id='word_1_189' title='bbox 256 1330 299 1356; x_wconf 78' lang='grc' dir='ltr'>ἵνα</span> <span class='ocrx_word' id='word_1_190' title='bbox 313 1330 360 1356; x_wconf 84' lang='grc' dir='ltr'>καὶ</span> <span class='ocrx_word' id='word_1_191' title='bbox 378 1330 482 1364; x_wconf 81' lang='grc' dir='ltr'>πλάνην</span> <span class='ocrx_word' id='word_1_192' title='bbox 507 1328 684 1365; x_wconf 76' lang='grc' dir='ltr'><strong>ἀπορριζώσῃ</strong></span> <span class='ocrx_word' id='word_1_193' title='bbox 700 1327 748 1363; x_wconf 84' lang='grc' dir='ltr'>τὴν</span> <span class='ocrx_word' id='word_1_194' title='bbox 767 1327 814 1354; x_wconf 68' lang='grc' dir='ltr'>ἐπὶ</span> <span class='ocrx_word' id='word_1_195' title='bbox 828 1327 924 1362; x_wconf 82' lang='grc' dir='ltr'>τούτῳ,</span> 
     </span>
    </p>
   </div>
   <div class='ocr_carea' id='block_1_29' title="bbox 138 1372 926 1410">
    <p class='ocr_par' dir='ltr' id='par_1_29' title="bbox 138 1372 926 1410">
     <span class='ocr_line' id='line_1_29' title="bbox 138 1372 926 1410; baseline -0.005 -8"><span class='ocrx_word' id='word_1_196' title='bbox 138 1376 187 1403; x_wconf 80' lang='grc' dir='ltr'>καὶ</span> <span class='ocrx_word' id='word_1_197' title='bbox 217 1376 297 1402; x_wconf 80' lang='grc' dir='ltr'>πάλιν</span> <span class='ocrx_word' id='word_1_198' title='bbox 324 1375 493 1408; x_wconf 81' lang='grc' dir='ltr'>ἀξιοπιστίαν</span> <span class='ocrx_word' id='word_1_199' title='bbox 517 1373 688 1410; x_wconf 82' lang='grc' dir='ltr'>ὲπισωρεύσῃ</span> <span class='ocrx_word' id='word_1_200' title='bbox 714 1372 775 1400; x_wconf 81' lang='grc' dir='ltr'>τινὰ</span> <span class='ocrx_word' id='word_1_201' title='bbox 800 1372 839 1408; x_wconf 81' lang='grc' dir='ltr'>τῷ</span> <span class='ocrx_word' id='word_1_202' title='bbox 858 1372 926 1407; x_wconf 81' lang='grc' dir='ltr'>πρὸς</span> 
     </span>
    </p>
   </div>
   <div class='ocr_carea' id='block_1_30' title="bbox 140 1418 927 1457">
    <p class='ocr_par' dir='ltr' id='par_1_30' title="bbox 140 1418 927 1457">
     <span class='ocr_line' id='line_1_30' title="bbox 140 1418 927 1457; baseline -0.004 -9"><span class='ocrx_word' id='word_1_203' title='bbox 140 1421 294 1457; x_wconf 83' lang='grc' dir='ltr'>μαρτυρίαν</span> <span class='ocrx_word' id='word_1_204' title='bbox 309 1420 506 1456; x_wconf 79' lang='grc' dir='ltr'>ἁπεσταλμένῳ</span> <span class='ocrx_word' id='word_1_205' title='bbox 512 1420 585 1456; x_wconf 79' lang='grc' dir='ltr'>παρὰ</span> <span class='ocrx_word' id='word_1_206' title='bbox 599 1419 676 1447; x_wconf 83' lang='grc' dir='ltr'>Θεοῦ.</span> <span class='ocrx_word' id='word_1_207' title='bbox 689 1419 749 1450; x_wconf 83' lang='grc' dir='ltr'><strong>Πῶς</strong></span> <span class='ocrx_word' id='word_1_208' title='bbox 758 1419 812 1455; x_wconf 84' lang='grc' dir='ltr'>γὰρ</span> <span class='ocrx_word' id='word_1_209' title='bbox 826 1418 855 1445; x_wconf 81' lang='grc' dir='ltr'>οὐ</span> <span class='ocrx_word' id='word_1_210' title='bbox 867 1418 927 1446; x_wconf 93' lang='grc' dir='ltr'>λίαν</span> 
     </span>
    </p>
   </div>
   <div class='ocr_carea' id='block_1_31' title="bbox 139 1463 927 1503">
    <p class='ocr_par' dir='ltr' id='par_1_31' title="bbox 139 1463 927 1503">
     <span class='ocr_line' id='line_1_31' title="bbox 139 1463 927 1503; baseline -0.005 -9"><span class='ocrx_word' id='word_1_211' title='bbox 139 1468 309 1503; x_wconf 69' lang='grc' dir='ltr'>ὑπερφερὴς,</span> <span class='ocrx_word' id='word_1_212' title='bbox 322 1467 380 1499; x_wconf 84' lang='grc' dir='ltr'><strong>πῶς</strong></span> <span class='ocrx_word' id='word_1_213' title='bbox 392 1467 421 1493; x_wconf 81' lang='grc' dir='ltr'>δὲ</span> <span class='ocrx_word' id='word_1_214' title='bbox 436 1467 495 1502; x_wconf 84' lang='grc' dir='ltr'>οὐχὶ</span> <span class='ocrx_word' id='word_1_215' title='bbox 505 1466 575 1494; x_wconf 79' lang='grc' dir='ltr'>κατὰ</span> <span class='ocrx_word' id='word_1_216' title='bbox 589 1466 675 1493; x_wconf 81' lang='grc' dir='ltr'>πάντα</span> <span class='ocrx_word' id='word_1_217' title='bbox 684 1466 784 1501; x_wconf 86' lang='grc' dir='ltr'>τρόπον</span> <span class='ocrx_word' id='word_1_218' title='bbox 800 1463 927 1497; x_wconf 78' lang='grc' dir='ltr'>ἀξιοθαύ-</span> 
     </span>
    </p>
   </div>
   <div class='ocr_carea' id='block_1_32' title="bbox 141 1509 928 1549">
    <p class='ocr_par' dir='ltr' id='par_1_32' title="bbox 141 1509 928 1549">
     <span class='ocr_line' id='line_1_32' title="bbox 141 1509 928 1549; baseline -0.005 -9"><span class='ocrx_word' id='word_1_219' title='bbox 141 1522 255 1549; x_wconf 77' lang='grc' dir='ltr'>μαστος,</span> <span class='ocrx_word' id='word_1_220' title='bbox 282 1514 297 1539; x_wconf 89' lang='lat'><strong>6</strong></span> <span class='ocrx_word' id='word_1_221' title='bbox 323 1513 445 1549; x_wconf 78' lang='grc' dir='ltr'>μεγάλην</span> <span class='ocrx_word' id='word_1_222' title='bbox 471 1512 542 1540; x_wconf 74' lang='grc' dir='ltr'>οὕτω</span> <span class='ocrx_word' id='word_1_223' title='bbox 560 1511 801 1547; x_wconf 82' lang='grc' dir='ltr'>κατημφιεσμένος</span> <span class='ocrx_word' id='word_1_224' title='bbox 816 1509 928 1546; x_wconf 82' lang='grc' dir='ltr'>ἀρετὴν,</span> 
     </span>
    </p>
   </div>
   <div class='ocr_carea' id='block_1_33' title="bbox 972 266 1754 304">
    <p class='ocr_par' dir='ltr' id='par_1_33' title="bbox 972 266 1754 304">
     <span class='ocr_line' id='line_1_33' title="bbox 972 266 1754 304; baseline 0.004 -10"><span class='ocrx_word' id='word_1_225' title='bbox 972 267 1066 302; x_wconf 85' lang='lat' dir='ltr'><strong>itaque</strong></span> <span class='ocrx_word' id='word_1_226' title='bbox 1082 267 1128 294; x_wconf 88' lang='lat' dir='ltr'><strong>Dei</strong></span> <span class='ocrx_word' id='word_1_227' title='bbox 1144 266 1262 295; x_wconf 81' lang='lat' dir='ltr'><strong>Verbum</strong></span> <span class='ocrx_word' id='word_1_228' title='bbox 1276 268 1395 295; x_wconf 87' lang='lat' dir='ltr'><strong>alienum</strong></span> <span class='ocrx_word' id='word_1_229' title='bbox 1413 272 1567 304; x_wconf 87' lang='lat' dir='ltr'><strong>est,atque,</strong></span> <span class='ocrx_word' id='word_1_230' title='bbox 1579 273 1609 296; x_wconf 91' lang='lat' dir='ltr'><strong>ut</strong></span> <span class='ocrx_word' id='word_1_231' title='bbox 1626 269 1664 297; x_wconf 91' lang='lat' dir='ltr'><strong>ita</strong></span> <span class='ocrx_word' id='word_1_232' title='bbox 1679 269 1754 297; x_wconf 84' lang='lat' dir='ltr'><strong>dica-</strong></span> 
     </span>
    </p>
   </div>
   <div class='ocr_carea' id='block_1_34' title="bbox 971 313 1753 351">
    <p class='ocr_par' dir='ltr' id='par_1_34' title="bbox 971 313 1753 351">
     <span class='ocr_line' id='line_1_34' title="bbox 971 313 1753 351; baseline 0.004 -11"><span class='ocrx_word' id='word_1_233' title='bbox 971 320 1043 344; x_wconf 88' lang='lat' dir='ltr'><strong>mus,</strong></span> <span class='ocrx_word' id='word_1_234' title='bbox 1062 313 1174 341; x_wconf 75' lang='lat' dir='ltr'><strong>alterius</strong></span> <span class='ocrx_word' id='word_1_235' title='bbox 1189 313 1297 349; x_wconf 79' lang='lat' dir='ltr'><strong>generis</strong></span> <span class='ocrx_word' id='word_1_236' title='bbox 1313 320 1328 340; x_wconf 89' lang='lat' dir='ltr'><strong>a</strong></span> <span class='ocrx_word' id='word_1_237' title='bbox 1342 317 1478 346; x_wconf 78' lang='lat' dir='ltr'><strong>creatura,</strong></span> <span class='ocrx_word' id='word_1_238' title='bbox 1491 315 1626 350; x_wconf 88' lang='lat' dir='ltr'><strong>siquidem</strong></span> <span class='ocrx_word' id='word_1_239' title='bbox 1646 322 1753 351; x_wconf 85' lang='lat' dir='ltr'><strong>reapse,</strong></span> 
     </span>
    </p>
   </div>
   <div class='ocr_carea' id='block_1_35' title="bbox 971 359 1754 394">
    <p class='ocr_par' dir='ltr' id='par_1_35' title="bbox 971 359 1754 394">
     <span class='ocr_line' id='line_1_35' title="bbox 971 359 1754 394; baseline 0.005 -9"><span class='ocrx_word' id='word_1_240' title='bbox 971 361 998 385; x_wconf 88' lang='lat' dir='ltr'><strong>et</strong></span> <span class='ocrx_word' id='word_1_241' title='bbox 1013 366 1088 391; x_wconf 86' lang='lat' dir='ltr'><strong>vere,</strong></span> <span class='ocrx_word' id='word_1_242' title='bbox 1105 366 1138 386; x_wconf 92' lang='lat' dir='ltr'><strong>ac</strong></span> <span class='ocrx_word' id='word_1_243' title='bbox 1162 359 1271 394; x_wconf 79' lang='lat' dir='ltr'><strong>proprie</strong></span> <span class='ocrx_word' id='word_1_244' title='bbox 1292 359 1337 387; x_wconf 81' lang='lat' dir='ltr'><strong>lux</strong></span> <span class='ocrx_word' id='word_1_245' title='bbox 1356 362 1409 391; x_wconf 85' lang='lat' dir='ltr'><strong>est,</strong></span> <span class='ocrx_word' id='word_1_246' title='bbox 1429 364 1555 387; x_wconf 78' lang='lat' dir='ltr'><strong>creatura</strong></span> <span class='ocrx_word' id='word_1_247' title='bbox 1571 364 1663 388; x_wconf 88' lang='lat' dir='ltr'><strong>autem</strong></span> <span class='ocrx_word' id='word_1_248' title='bbox 1685 361 1754 389; x_wconf 83' lang='lat' dir='ltr'><strong>lucis</strong></span> 
     </span>
    </p>
   </div>
   <div class='ocr_carea' id='block_1_36' title="bbox 972 403 1755 439">
    <p class='ocr_par' dir='ltr' id='par_1_36' title="bbox 972 403 1755 439">
     <span class='ocr_line' id='line_1_36' title="bbox 972 403 1755 439; baseline 0.005 -9"><span class='ocrx_word' id='word_1_249' title='bbox 972 403 1119 439; x_wconf 83' lang='lat' dir='ltr'><strong>particeps.</strong></span> <span class='ocrx_word' id='word_1_250' title='bbox 1135 403 1186 437; x_wconf 85' lang='lat' dir='ltr'><strong>Qui</strong></span> <span class='ocrx_word' id='word_1_251' title='bbox 1213 409 1303 432; x_wconf 87' lang='lat' dir='ltr'><strong>autem</strong></span> <span class='ocrx_word' id='word_1_252' title='bbox 1321 404 1348 431; x_wconf 90' lang='lat' dir='ltr'><strong>in</strong></span> <span class='ocrx_word' id='word_1_253' title='bbox 1375 404 1472 433; x_wconf 83' lang='lat' dir='ltr'><strong>ordine</strong></span> <span class='ocrx_word' id='word_1_254' title='bbox 1487 409 1675 434; x_wconf 86' lang='lat' dir='ltr'><strong>creaturarum</strong></span> <span class='ocrx_word' id='word_1_255' title='bbox 1700 414 1755 434; x_wconf 89' lang='lat' dir='ltr'><strong>non</strong></span> 
     </span>
    </p>
   </div>
   <div class='ocr_carea' id='block_1_37' title="bbox 971 450 1756 486">
    <p class='ocr_par' dir='ltr' id='par_1_37' title="bbox 971 450 1756 486">
     <span class='ocr_line' id='line_1_37' title="bbox 971 450 1756 486; baseline 0.003 -9"><span class='ocrx_word' id='word_1_256' title='bbox 971 454 1024 482; x_wconf 89' lang='lat' dir='ltr'><strong>est,</strong></span> <span class='ocrx_word' id='word_1_257' title='bbox 1042 454 1125 485; x_wconf 87' lang='lat' dir='ltr'><strong>atque</strong></span> <span class='ocrx_word' id='word_1_258' title='bbox 1141 450 1243 478; x_wconf 87' lang='lat' dir='ltr'><strong>idcirco</strong></span> <span class='ocrx_word' id='word_1_259' title='bbox 1257 451 1358 478; x_wconf 86' lang='lat' dir='ltr'><strong>diversi</strong></span> <span class='ocrx_word' id='word_1_260' title='bbox 1376 451 1485 486; x_wconf 75' lang='lat' dir='ltr'><strong>generis</strong></span> <span class='ocrx_word' id='word_1_261' title='bbox 1500 458 1563 479; x_wconf 86' lang='lat' dir='ltr'><strong>esse</strong></span> <span class='ocrx_word' id='word_1_262' title='bbox 1579 455 1708 479; x_wconf 79' lang='lat' dir='ltr'><strong>censetur</strong></span> <span class='ocrx_word' id='word_1_263' title='bbox 1721 453 1756 480; x_wconf 88' lang='lat' dir='ltr'><strong>ab</strong></span> 
     </span>
    </p>
   </div>
   <div class='ocr_carea' id='block_1_38' title="bbox 971 492 1756 532">
    <p class='ocr_par' dir='ltr' id='par_1_38' title="bbox 971 492 1756 532">
     <span class='ocr_line' id='line_1_38' title="bbox 971 492 1756 532; baseline 0.001 -8"><span class='ocrx_word' id='word_1_264' title='bbox 971 496 1037 527; x_wconf 82' lang='lat' dir='ltr'><strong>illis,</strong></span> <span class='ocrx_word' id='word_1_265' title='bbox 1051 496 1190 531; x_wconf 88' lang='lat' dir='ltr'><strong>quomodo</strong></span> <span class='ocrx_word' id='word_1_266' title='bbox 1207 497 1346 525; x_wconf 89' lang='lat' dir='ltr'><strong>increatus</strong></span> <span class='ocrx_word' id='word_1_267' title='bbox 1365 504 1422 524; x_wconf 91' lang='lat' dir='ltr'><strong>non</strong></span> <span class='ocrx_word' id='word_1_268' title='bbox 1441 497 1511 525; x_wconf 84' lang='lat' dir='ltr'><strong>erit?</strong></span> <span class='ocrx_word' id='word_1_269' title='bbox 1530 492 1593 525; x_wconf 40' lang='lat' dir='ltr'><strong>imo‘</strong></span> <span class='ocrx_word' id='word_1_270' title='bbox 1605 504 1671 525; x_wconf 84' lang='lat' dir='ltr'><strong>vero</strong></span> <span class='ocrx_word' id='word_1_271' title='bbox 1687 505 1756 532; x_wconf 52' lang='lat' dir='ltr'><strong>quo.</strong></span> 
     </span>
    </p>
   </div>
   <div class='ocr_carea' id='block_1_39' title="bbox 972 542 1756 576">
    <p class='ocr_par' dir='ltr' id='par_1_39' title="bbox 972 542 1756 576">
     <span class='ocr_line' id='line_1_39' title="bbox 972 542 1756 576; baseline 0 -6"><span class='ocrx_word' id='word_1_272' title='bbox 972 542 1054 570; x_wconf 91' lang='lat' dir='ltr'><strong>modo</strong></span> <span class='ocrx_word' id='word_1_273' title='bbox 1072 543 1193 571; x_wconf 85' lang='lat' dir='ltr'><strong>rationes</strong></span> <span class='ocrx_word' id='word_1_274' title='bbox 1209 550 1306 572; x_wconf 86' lang='lat' dir='ltr'><strong>omnes</strong></span> <span class='ocrx_word' id='word_1_275' title='bbox 1325 543 1435 572; x_wconf 88' lang='lat' dir='ltr'><strong>deitatis</strong></span> <span class='ocrx_word' id='word_1_276' title='bbox 1461 544 1489 571; x_wconf 90' lang='lat' dir='ltr'><strong>in</strong></span> <span class='ocrx_word' id='word_1_277' title='bbox 1509 551 1539 572; x_wconf 86' lang='lat' dir='ltr'><strong>se</strong></span> <span class='ocrx_word' id='word_1_278' title='bbox 1555 550 1611 571; x_wconf 92' lang='lat' dir='ltr'><strong>non</strong></span> <span class='ocrx_word' id='word_1_279' title='bbox 1633 543 1756 576; x_wconf 85' lang='lat' dir='ltr'><strong>habebit,</strong></span> 
     </span>
    </p>
   </div>
   <div class='ocr_carea' id='block_1_40' title="bbox 971 589 1505 619">
    <p class='ocr_par' dir='ltr' id='par_1_40' title="bbox 971 589 1505 619">
     <span class='ocr_line' id='line_1_40' title="bbox 971 589 1505 619; baseline 0.002 -2"><span class='ocrx_word' id='word_1_280' title='bbox 971 595 998 617; x_wconf 86' lang='lat' dir='ltr'><strong>et</strong></span> <span class='ocrx_word' id='word_1_281' title='bbox 1012 589 1084 617; x_wconf 85' lang='lat' dir='ltr'><strong>Patri</strong></span> <span class='ocrx_word' id='word_1_282' title='bbox 1105 597 1158 617; x_wconf 93' lang='lat' dir='ltr'><strong>non</strong></span> <span class='ocrx_word' id='word_1_283' title='bbox 1173 590 1227 618; x_wconf 90' lang='lat' dir='ltr'><strong>erit</strong></span> <span class='ocrx_word' id='word_1_284' title='bbox 1240 590 1505 619; x_wconf 80' lang='lat' dir='ltr'><strong>consubstantialis?</strong></span> 
     </span>
    </p>
   </div>
   <div class='ocr_carea' id='block_1_41' title="bbox 1007 642 1756 682">
    <p class='ocr_par' dir='ltr' id='par_1_41' title="bbox 1007 642 1756 682">
     <span class='ocr_line' id='line_1_41' title="bbox 1007 642 1756 682; baseline 0 -7"><span class='ocrx_word' id='word_1_285' title='bbox 1007 647 1026 680; x_wconf 79' lang='grc' dir='ltr'>Ι,</span> <span class='ocrx_word' id='word_1_286' title='bbox 1047 647 1074 675; x_wconf 88' lang='grc'><strong>8.</strong></span> <span class='ocrx_word' id='word_1_287' title='bbox 1090 647 1152 675; x_wconf 89' lang='lat' dir='ltr'><strong>Non</strong></span> <span class='ocrx_word' id='word_1_288' title='bbox 1176 653 1232 675; x_wconf 81' lang='lat' dir='ltr'><strong>erat</strong></span> <span class='ocrx_word' id='word_1_289' title='bbox 1245 649 1289 676; x_wconf 80' lang='lat' dir='ltr'><strong>ille</strong></span> <span class='ocrx_word' id='word_1_290' title='bbox 1303 649 1360 681; x_wconf 68' lang='lat' dir='ltr'><strong>lux,</strong></span> <span class='ocrx_word' id='word_1_291' title='bbox 1374 648 1420 676; x_wconf 74' lang='lat' dir='ltr'><strong>sed</strong></span> <span class='ocrx_word' id='word_1_292' title='bbox 1434 653 1461 675; x_wconf 84' lang='lat' dir='ltr'><strong>ut</strong></span> <span class='ocrx_word' id='word_1_293' title='bbox 1478 642 1655 675; x_wconf 67' lang='grc' dir='ltr'>ιεδιίηἱοιιὶιιηι</span> <span class='ocrx_word' id='word_1_294' title='bbox 1670 648 1756 682; x_wconf 79' lang='lat' dir='ltr'><strong>perhi-</strong></span> 
     </span>
    </p>
   </div>
   <div class='ocr_carea' id='block_1_42' title="bbox 973 694 1212 722">
    <p class='ocr_par' dir='ltr' id='par_1_42' title="bbox 973 694 1212 722">
     <span class='ocr_line' id='line_1_42' title="bbox 973 694 1212 722; baseline 0.008 -1"><span class='ocrx_word' id='word_1_295' title='bbox 973 694 1042 722; x_wconf 73' lang='lat' dir='ltr'><strong>beret</strong></span> <span class='ocrx_word' id='word_1_296' title='bbox 1061 694 1092 721; x_wconf 83' lang='lat' dir='ltr'><strong>de</strong></span> <span class='ocrx_word' id='word_1_297' title='bbox 1105 695 1212 722; x_wconf 78' lang='lat' dir='ltr'><strong>lumine.</strong></span> 
     </span>
    </p>
   </div>
   <div class='ocr_carea' id='block_1_43' title="bbox 1007 740 1760 775">
    <p class='ocr_par' dir='ltr' id='par_1_43' title="bbox 1007 740 1760 775">
     <span class='ocr_line' id='line_1_43' title="bbox 1007 740 1760 775; baseline -0.001 -7"><span class='ocrx_word' id='word_1_298' title='bbox 1007 740 1086 773; x_wconf 86' lang='lat' dir='ltr'><strong>Cum,</strong></span> <span class='ocrx_word' id='word_1_299' title='bbox 1098 741 1202 769; x_wconf 78' lang='lat' dir='ltr'><strong>relictis</strong></span> <span class='ocrx_word' id='word_1_300' title='bbox 1218 741 1343 775; x_wconf 83' lang='lat' dir='ltr'><strong>urbibus,</strong></span> <span class='ocrx_word' id='word_1_301' title='bbox 1362 741 1389 769; x_wconf 93' lang='lat' dir='ltr'><strong>in</strong></span> <span class='ocrx_word' id='word_1_302' title='bbox 1408 741 1582 769; x_wconf 85' lang='lat' dir='ltr'><strong>solitudinem</strong></span> <span class='ocrx_word' id='word_1_303' title='bbox 1591 741 1712 775; x_wconf 81' lang='lat' dir='ltr'><strong>Baptista</strong></span> <span class='ocrx_word' id='word_1_304' title='bbox 1729 747 1760 768; x_wconf 88' lang='lat' dir='ltr'><strong>se</strong></span> 
     </span>
    </p>
   </div>
   <div class='ocr_carea' id='block_1_44' title="bbox 973 787 1760 823">
    <p class='ocr_par' dir='ltr' id='par_1_44' title="bbox 973 787 1760 823">
     <span class='ocr_line' id='line_1_44' title="bbox 973 787 1760 823; baseline 0 -10"><span class='ocrx_word' id='word_1_305' title='bbox 973 788 1132 823; x_wconf 86' lang='lat' dir='ltr'><strong>recepisset,</strong></span> <span class='ocrx_word' id='word_1_306' title='bbox 1154 790 1181 815; x_wconf 92' lang='lat' dir='ltr'><strong>et</strong></span> <span class='ocrx_word' id='word_1_307' title='bbox 1196 787 1326 815; x_wconf 80' lang='lat' dir='ltr'><strong>inauditis</strong></span> <span class='ocrx_word' id='word_1_308' title='bbox 1343 787 1454 822; x_wconf 88' lang='lat' dir='ltr'><strong>pietatis</strong></span> <span class='ocrx_word' id='word_1_309' title='bbox 1476 787 1616 815; x_wconf 81' lang='lat' dir='ltr'><strong>laboribus</strong></span> <span class='ocrx_word' id='word_1_310' title='bbox 1634 792 1663 815; x_wconf 83' lang='lat' dir='ltr'><strong>se</strong></span> <span class='ocrx_word' id='word_1_311' title='bbox 1681 794 1760 814; x_wconf 78' lang='lat' dir='ltr'><strong>exer-</strong></span> 
     </span>
    </p>
   </div>
   <div class='ocr_carea' id='block_1_45' title="bbox 973 832 1758 868">
    <p class='ocr_par' dir='ltr' id='par_1_45' title="bbox 973 832 1758 868">
     <span class='ocr_line' id='line_1_45' title="bbox 973 832 1758 868; baseline 0.001 -10"><span class='ocrx_word' id='word_1_312' title='bbox 973 837 1058 865; x_wconf 78' lang='lat' dir='ltr'><strong>ceret,</strong></span> <span class='ocrx_word' id='word_1_313' title='bbox 1075 837 1158 868; x_wconf 82' lang='lat' dir='ltr'><strong>atque</strong></span> <span class='ocrx_word' id='word_1_314' title='bbox 1174 833 1301 860; x_wconf 72' lang='lat' dir='ltr'><strong>humana:</strong></span> <span class='ocrx_word' id='word_1_315' title='bbox 1318 832 1433 868; x_wconf 76' lang='lat' dir='ltr'><strong>justitia:</strong></span> <span class='ocrx_word' id='word_1_316' title='bbox 1459 840 1596 861; x_wconf 90' lang='lat' dir='ltr'><strong>summum</strong></span> <span class='ocrx_word' id='word_1_317' title='bbox 1620 832 1758 868; x_wconf 75' lang='lat' dir='ltr'><strong>fastigium</strong></span> 
     </span>
    </p>
   </div>
   <div class='ocr_carea' id='block_1_46' title="bbox 974 877 1760 913">
    <p class='ocr_par' dir='ltr' id='par_1_46' title="bbox 974 877 1760 913">
     <span class='ocr_line' id='line_1_46' title="bbox 974 877 1760 913; baseline 0 -9"><span class='ocrx_word' id='word_1_318' title='bbox 974 878 1123 913; x_wconf 78' lang='lat' dir='ltr'><strong>attigisset,</strong></span> <span class='ocrx_word' id='word_1_319' title='bbox 1141 878 1314 906; x_wconf 83' lang='lat' dir='ltr'><strong>admirationi</strong></span> <span class='ocrx_word' id='word_1_320' title='bbox 1339 879 1436 906; x_wconf 85' lang='lat' dir='ltr'><strong>merito</strong></span> <span class='ocrx_word' id='word_1_321' title='bbox 1461 878 1570 905; x_wconf 86' lang='lat' dir='ltr'><strong>cunctis</strong></span> <span class='ocrx_word' id='word_1_322' title='bbox 1593 877 1760 910; x_wconf 88' lang='lat' dir='ltr'><strong>erat,adeo-</strong></span> 
     </span>
    </p>
   </div>
   <div class='ocr_carea' id='block_1_47' title="bbox 973 923 1757 958">
    <p class='ocr_par' dir='ltr' id='par_1_47' title="bbox 973 923 1757 958">
     <span class='ocr_line' id='line_1_47' title="bbox 973 923 1757 958; baseline 0.003 -10"><span class='ocrx_word' id='word_1_323' title='bbox 973 929 1027 956; x_wconf 89' lang='lat' dir='ltr'><strong>que</strong></span> <span class='ocrx_word' id='word_1_324' title='bbox 1053 926 1082 949; x_wconf 91' lang='lat' dir='ltr'><strong>ut</strong></span> <span class='ocrx_word' id='word_1_325' title='bbox 1108 923 1236 950; x_wconf 87' lang='lat' dir='ltr'><strong>nonnulli</strong></span> <span class='ocrx_word' id='word_1_326' title='bbox 1258 923 1398 951; x_wconf 82' lang='lat' dir='ltr'><strong>Christum</strong></span> <span class='ocrx_word' id='word_1_327' title='bbox 1424 928 1553 958; x_wconf 89' lang='lat' dir='ltr'><strong>putarent</strong></span> <span class='ocrx_word' id='word_1_328' title='bbox 1575 923 1665 958; x_wconf 90' lang='lat' dir='ltr'><strong>ipsum</strong></span> <span class='ocrx_word' id='word_1_329' title='bbox 1687 930 1757 951; x_wconf 88' lang='lat' dir='ltr'><strong>esse.</strong></span> 
     </span>
    </p>
   </div>
   <div class='ocr_carea' id='block_1_48' title="bbox 973 959 1759 1004">
    <p class='ocr_par' dir='ltr' id='par_1_48' title="bbox 973 959 1759 1004">
     <span class='ocr_line' id='line_1_48' title="bbox 973 959 1759 1004; baseline 0.001 -10"><span class='ocrx_word' id='word_1_330' title='bbox 973 959 1108 1000; x_wconf 69' lang='lat' dir='ltr'><strong>Quocirca</strong></span> <span class='ocrx_word' id='word_1_331' title='bbox 1131 967 1289 996; x_wconf 68' lang='lat' dir='ltr'><strong>Judaeorum</strong></span> <span class='ocrx_word' id='word_1_332' title='bbox 1307 968 1449 1004; x_wconf 85' lang='lat' dir='ltr'><strong>principes</strong></span> <span class='ocrx_word' id='word_1_333' title='bbox 1469 969 1505 996; x_wconf 87' lang='lat' dir='ltr'><strong>ob</strong></span> <span class='ocrx_word' id='word_1_334' title='bbox 1529 968 1683 1003; x_wconf 76' lang='lat' dir='ltr'><strong>singulares</strong></span> <span class='ocrx_word' id='word_1_335' title='bbox 1698 967 1759 1003; x_wconf 88' lang='lat' dir='ltr'><strong>ejus</strong></span> 
     </span>
    </p>
   </div>
   <div class='ocr_carea' id='block_1_49' title="bbox 973 1013 1759 1046">
    <p class='ocr_par' dir='ltr' id='par_1_49' title="bbox 973 1013 1759 1046">
     <span class='ocr_line' id='line_1_49' title="bbox 973 1013 1759 1046; baseline 0.001 -7"><span class='ocrx_word' id='word_1_336' title='bbox 973 1013 1092 1041; x_wconf 82' lang='lat' dir='ltr'><strong>virtutes</strong></span> <span class='ocrx_word' id='word_1_337' title='bbox 1117 1013 1144 1040; x_wconf 88' lang='lat' dir='ltr'><strong>in</strong></span> <span class='ocrx_word' id='word_1_338' title='bbox 1166 1021 1225 1041; x_wconf 86' lang='lat' dir='ltr'><strong>eam</strong></span> <span class='ocrx_word' id='word_1_339' title='bbox 1249 1013 1360 1041; x_wconf 84' lang='lat' dir='ltr'><strong>adducti</strong></span> <span class='ocrx_word' id='word_1_340' title='bbox 1387 1013 1562 1046; x_wconf 88' lang='lat' dir='ltr'><strong>sententiam,</strong></span> <span class='ocrx_word' id='word_1_341' title='bbox 1584 1013 1700 1041; x_wconf 87' lang='lat' dir='ltr'><strong>mittunt</strong></span> <span class='ocrx_word' id='word_1_342' title='bbox 1725 1013 1759 1041; x_wconf 81' lang='lat' dir='ltr'><strong>ad</strong></span> 
     </span>
    </p>
   </div>
   <div class='ocr_carea' id='block_1_50' title="bbox 974 1059 1760 1095">
    <p class='ocr_par' dir='ltr' id='par_1_50' title="bbox 974 1059 1760 1095">
     <span class='ocr_line' id='line_1_50' title="bbox 974 1059 1760 1095; baseline 0.003 -11"><span class='ocrx_word' id='word_1_343' title='bbox 974 1064 1037 1085; x_wconf 89' lang='lat' dir='ltr'><strong>eum</strong></span> <span class='ocrx_word' id='word_1_344' title='bbox 1065 1065 1128 1086; x_wconf 91' lang='lat' dir='ltr'><strong>cum</strong></span> <span class='ocrx_word' id='word_1_345' title='bbox 1157 1059 1295 1087; x_wconf 83' lang='lat' dir='ltr'><strong>mandatis</strong></span> <span class='ocrx_word' id='word_1_346' title='bbox 1310 1063 1401 1087; x_wconf 88' lang='lat' dir='ltr'><strong>certos</strong></span> <span class='ocrx_word' id='word_1_347' title='bbox 1418 1059 1555 1092; x_wconf 88' lang='lat' dir='ltr'><strong>homines,</strong></span> <span class='ocrx_word' id='word_1_348' title='bbox 1569 1059 1615 1095; x_wconf 88' lang='lat' dir='ltr'><strong>qui</strong></span> <span class='ocrx_word' id='word_1_349' title='bbox 1630 1063 1760 1095; x_wconf 72' lang='lat' dir='ltr'><strong>rogarent</strong></span> 
     </span>
    </p>
   </div>
   <div class='ocr_carea' id='block_1_51' title="bbox 975 1094 1759 1140">
    <p class='ocr_par' dir='ltr' id='par_1_51' title="bbox 975 1094 1759 1140">
     <span class='ocr_line' id='line_1_51' title="bbox 975 1094 1759 1140; baseline 0.003 -10"><span class='ocrx_word' id='word_1_350' title='bbox 975 1107 1067 1131; x_wconf 91' lang='lat' dir='ltr'><strong>utrum</strong></span> <span class='ocrx_word' id='word_1_351' title='bbox 1080 1103 1209 1132; x_wconf 86' lang='lat' dir='ltr'><strong>Christus</strong></span> <span class='ocrx_word' id='word_1_352' title='bbox 1220 1094 1308 1132; x_wconf 53' lang='lat' dir='ltr'><strong>esset:</strong></span> <span class='ocrx_word' id='word_1_353' title='bbox 1319 1104 1385 1131; x_wconf 90' lang='lat' dir='ltr'><strong>Cum</strong></span> <span class='ocrx_word' id='word_1_354' title='bbox 1402 1111 1467 1140; x_wconf 76' lang='lat' dir='ltr'><strong>ergo</strong></span> <span class='ocrx_word' id='word_1_355' title='bbox 1482 1094 1759 1139; x_wconf 52' lang='lat' dir='ltr'><strong>beatusevanéelista</strong></span> 
     </span>
    </p>
   </div>
   <div class='ocr_carea' id='block_1_52' title="bbox 974 1149 1759 1187">
    <p class='ocr_par' dir='ltr' id='par_1_52' title="bbox 974 1149 1759 1187">
     <span class='ocr_line' id='line_1_52' title="bbox 974 1149 1759 1187; baseline 0.001 -10"><span class='ocrx_word' id='word_1_356' title='bbox 974 1149 1067 1178; x_wconf 82' lang='lat' dir='ltr'><strong>varios</strong></span> <span class='ocrx_word' id='word_1_357' title='bbox 1086 1149 1121 1177; x_wconf 90' lang='lat' dir='ltr'><strong>de</strong></span> <span class='ocrx_word' id='word_1_358' title='bbox 1136 1149 1182 1177; x_wconf 93' lang='lat' dir='ltr'><strong>illo</strong></span> <span class='ocrx_word' id='word_1_359' title='bbox 1195 1158 1321 1178; x_wconf 90' lang='lat' dir='ltr'><strong>rumores</strong></span> <span class='ocrx_word' id='word_1_360' title='bbox 1339 1158 1454 1186; x_wconf 83' lang='lat' dir='ltr'><strong>sparsos</strong></span> <span class='ocrx_word' id='word_1_361' title='bbox 1471 1158 1525 1178; x_wconf 92' lang='lat' dir='ltr'><strong>non</strong></span> <span class='ocrx_word' id='word_1_362' title='bbox 1542 1149 1597 1187; x_wconf 70' lang='grc'><strong>64</strong></span> <span class='ocrx_word' id='word_1_363' title='bbox 1610 1151 1759 1186; x_wconf 75' lang='lat' dir='ltr'><strong>ignoraret,</strong></span> 
     </span>
    </p>
   </div>
   <div class='ocr_carea' id='block_1_53' title="bbox 974 1194 1763 1231">
    <p class='ocr_par' dir='ltr' id='par_1_53' title="bbox 974 1194 1763 1231">
     <span class='ocr_line' id='line_1_53' title="bbox 974 1194 1763 1231; baseline 0.001 -9"><span class='ocrx_word' id='word_1_364' title='bbox 974 1195 1135 1223; x_wconf 87' lang='lat' dir='ltr'><strong>necessario</strong></span> <span class='ocrx_word' id='word_1_365' title='bbox 1161 1195 1314 1231; x_wconf 74' lang='lat' dir='ltr'><strong>subjungit,</strong></span> <span class='ocrx_word' id='word_1_366' title='bbox 1347 1205 1356 1221; x_wconf 78' lang='grc' dir='ltr'><strong>ι</strong></span> <span class='ocrx_word' id='word_1_367' title='bbox 1376 1194 1436 1223; x_wconf 84' lang='lat' dir='ltr'><strong>Non</strong></span> <span class='ocrx_word' id='word_1_368' title='bbox 1457 1200 1517 1223; x_wconf 88' lang='lat' dir='ltr'><strong>erat</strong></span> <span class='ocrx_word' id='word_1_369' title='bbox 1541 1196 1588 1224; x_wconf 92' lang='lat' dir='ltr'><strong>ille</strong></span> <span class='ocrx_word' id='word_1_370' title='bbox 1614 1197 1675 1229; x_wconf 77' lang='lat' dir='ltr'><strong>lux,</strong></span> <span class='ocrx_word' id='word_1_371' title='bbox 1696 1205 1707 1223; x_wconf 75' lang='grc' dir='ltr'><strong><em>ο</em></strong></span> <span class='ocrx_word' id='word_1_372' title='bbox 1733 1202 1763 1224; x_wconf 82' lang='grc' dir='ltr'><strong>ιιι</strong></span> 
     </span>
    </p>
   </div>
   <div class='ocr_carea' id='block_1_54' title="bbox 975 1241 1763 1278">
    <p class='ocr_par' dir='ltr' id='par_1_54' title="bbox 975 1241 1763 1278">
     <span class='ocr_line' id='line_1_54' title="bbox 975 1241 1763 1278; baseline 0.003 -11"><span class='ocrx_word' id='word_1_373' title='bbox 975 1248 1099 1268; x_wconf 88' lang='lat' dir='ltr'><strong>errorem</strong></span> <span class='ocrx_word' id='word_1_374' title='bbox 1119 1241 1257 1274; x_wconf 77' lang='lat' dir='ltr'><strong>evelleret,</strong></span> <span class='ocrx_word' id='word_1_375' title='bbox 1271 1242 1410 1277; x_wconf 89' lang='lat' dir='ltr'><strong>simulque</strong></span> <span class='ocrx_word' id='word_1_376' title='bbox 1425 1241 1583 1270; x_wconf 84' lang='lat' dir='ltr'><strong>ostenderet</strong></span> <span class='ocrx_word' id='word_1_377' title='bbox 1597 1245 1707 1278; x_wconf 61' lang='lat' dir='ltr'><strong>quanta</strong></span> <span class='ocrx_word' id='word_1_378' title='bbox 1726 1242 1763 1271; x_wconf 88' lang='lat' dir='ltr'><strong>sit</strong></span> 
     </span>
    </p>
   </div>
   <div class='ocr_carea' id='block_1_55' title="bbox 976 1286 1763 1322">
    <p class='ocr_par' dir='ltr' id='par_1_55' title="bbox 976 1286 1763 1322">
     <span class='ocr_line' id='line_1_55' title="bbox 976 1286 1763 1322; baseline 0.001 -9"><span class='ocrx_word' id='word_1_379' title='bbox 976 1287 1151 1314; x_wconf 82' lang='lat' dir='ltr'><strong>auctoritatis</strong></span> <span class='ocrx_word' id='word_1_380' title='bbox 1182 1287 1206 1314; x_wconf 85' lang='lat' dir='ltr'><strong>is</strong></span> <span class='ocrx_word' id='word_1_381' title='bbox 1229 1287 1277 1322; x_wconf 91' lang='lat' dir='ltr'><strong>qui</strong></span> <span class='ocrx_word' id='word_1_382' title='bbox 1294 1294 1309 1313; x_wconf 89' lang='lat' dir='ltr'><strong>a</strong></span> <span class='ocrx_word' id='word_1_383' title='bbox 1327 1286 1382 1314; x_wconf 89' lang='lat' dir='ltr'><strong>Deo</strong></span> <span class='ocrx_word' id='word_1_384' title='bbox 1403 1287 1430 1314; x_wconf 91' lang='lat' dir='ltr'><strong>in</strong></span> <span class='ocrx_word' id='word_1_385' title='bbox 1453 1287 1644 1315; x_wconf 87' lang='lat' dir='ltr'><strong>testimonium</strong></span> <span class='ocrx_word' id='word_1_386' title='bbox 1659 1287 1763 1315; x_wconf 82' lang='lat' dir='ltr'><strong>missus</strong></span> 
     </span>
    </p>
   </div>
   <div class='ocr_carea' id='block_1_56' title="bbox 975 1331 1762 1367">
    <p class='ocr_par' dir='ltr' id='par_1_56' title="bbox 975 1331 1762 1367">
     <span class='ocr_line' id='line_1_56' title="bbox 975 1331 1762 1367; baseline 0 -7"><span class='ocrx_word' id='word_1_387' title='bbox 975 1335 1045 1360; x_wconf 87' lang='lat' dir='ltr'><strong>erat.</strong></span> <span class='ocrx_word' id='word_1_388' title='bbox 1063 1332 1117 1365; x_wconf 85' lang='lat' dir='ltr'><strong>Qui</strong></span> <span class='ocrx_word' id='word_1_389' title='bbox 1136 1331 1211 1360; x_wconf 86' lang='lat' dir='ltr'><strong>enim</strong></span> <span class='ocrx_word' id='word_1_390' title='bbox 1230 1332 1289 1360; x_wconf 84' lang='lat' dir='ltr'><strong>ﬁeri</strong></span> <span class='ocrx_word' id='word_1_391' title='bbox 1310 1336 1401 1367; x_wconf 88' lang='lat' dir='ltr'><strong>potest</strong></span> <span class='ocrx_word' id='word_1_392' title='bbox 1425 1336 1454 1359; x_wconf 90' lang='lat' dir='ltr'><strong>ut</strong></span> <span class='ocrx_word' id='word_1_393' title='bbox 1474 1332 1520 1360; x_wconf 92' lang='lat' dir='ltr'><strong>ille</strong></span> <span class='ocrx_word' id='word_1_394' title='bbox 1541 1340 1595 1360; x_wconf 91' lang='lat' dir='ltr'><strong>non</strong></span> <span class='ocrx_word' id='word_1_395' title='bbox 1612 1333 1762 1367; x_wconf 66' lang='lat' dir='ltr'><strong>praecellat,</strong></span> 
     </span>
    </p>
   </div>
   <div class='ocr_carea' id='block_1_57' title="bbox 975 1369 1763 1414">
    <p class='ocr_par' dir='ltr' id='par_1_57' title="bbox 975 1369 1763 1414">
     <span class='ocr_line' id='line_1_57' title="bbox 975 1369 1763 1414; baseline 0.003 -10"><span class='ocrx_word' id='word_1_396' title='bbox 975 1381 1003 1405; x_wconf 86' lang='lat' dir='ltr'><strong>et</strong></span> <span class='ocrx_word' id='word_1_397' title='bbox 1031 1378 1106 1405; x_wconf 87' lang='lat' dir='ltr'><strong>omni</strong></span> <span class='ocrx_word' id='word_1_398' title='bbox 1134 1377 1318 1406; x_wconf 87' lang='lat' dir='ltr'><strong>admiratione</strong></span> <span class='ocrx_word' id='word_1_399' title='bbox 1342 1378 1442 1414; x_wconf 78' lang='lat' dir='ltr'><strong>dignus</strong></span> <span class='ocrx_word' id='word_1_400' title='bbox 1464 1369 1599 1412; x_wconf 67' lang='lat' dir='ltr'><strong>videatur,</strong></span> <span class='ocrx_word' id='word_1_401' title='bbox 1613 1379 1662 1414; x_wconf 88' lang='lat' dir='ltr'><strong>qui</strong></span> <span class='ocrx_word' id='word_1_402' title='bbox 1687 1383 1763 1407; x_wconf 85' lang='lat' dir='ltr'><strong>tanta</strong></span> 
     </span>
    </p>
   </div>
   <div class='ocr_carea' id='block_1_58' title="bbox 977 1423 1764 1460">
    <p class='ocr_par' dir='ltr' id='par_1_58' title="bbox 977 1423 1764 1460">
     <span class='ocr_line' id='line_1_58' title="bbox 977 1423 1764 1460; baseline 0.001 -9"><span class='ocrx_word' id='word_1_403' title='bbox 977 1423 1081 1452; x_wconf 89' lang='lat' dir='ltr'><strong>virtute</strong></span> <span class='ocrx_word' id='word_1_404' title='bbox 1111 1423 1243 1459; x_wconf 76' lang='lat' dir='ltr'><strong>praeditus</strong></span> <span class='ocrx_word' id='word_1_405' title='bbox 1267 1424 1433 1460; x_wconf 72' lang='lat' dir='ltr'><strong>iustitiaque</strong></span> <span class='ocrx_word' id='word_1_406' title='bbox 1465 1425 1502 1452; x_wconf 85' lang='lat' dir='ltr'><strong>sit</strong></span> <span class='ocrx_word' id='word_1_407' title='bbox 1530 1425 1709 1460; x_wconf 87' lang='lat' dir='ltr'><strong>conspicuus,</strong></span> <span class='ocrx_word' id='word_1_408' title='bbox 1734 1430 1764 1452; x_wconf 87' lang='lat' dir='ltr'><strong>ut</strong></span> 
     </span>
    </p>
   </div>
   <div class='ocr_carea' id='block_1_59' title="bbox 978 1469 1765 1505">
    <p class='ocr_par' dir='ltr' id='par_1_59' title="bbox 978 1469 1765 1505">
     <span class='ocr_line' id='line_1_59' title="bbox 978 1469 1765 1505; baseline 0.003 -9"><span class='ocrx_word' id='word_1_409' title='bbox 978 1469 1068 1504; x_wconf 89' lang='lat' dir='ltr'><strong>ipsum</strong></span> <span class='ocrx_word' id='word_1_410' title='bbox 1089 1469 1230 1497; x_wconf 86' lang='lat' dir='ltr'><strong>Christum</strong></span> <span class='ocrx_word' id='word_1_411' title='bbox 1247 1469 1381 1503; x_wconf 86' lang='lat' dir='ltr'><strong>imitetur,</strong></span> <span class='ocrx_word' id='word_1_412' title='bbox 1402 1473 1430 1497; x_wconf 92' lang='lat' dir='ltr'><strong>et</strong></span> <span class='ocrx_word' id='word_1_413' title='bbox 1453 1470 1489 1498; x_wconf 88' lang='lat' dir='ltr'><strong>ob</strong></span> <span class='ocrx_word' id='word_1_414' title='bbox 1507 1470 1636 1497; x_wconf 80' lang='lat' dir='ltr'><strong>eximiam</strong></span> <span class='ocrx_word' id='word_1_415' title='bbox 1656 1471 1765 1505; x_wconf 82' lang='lat' dir='ltr'><strong>pietatis</strong></span> 
     </span>
    </p>
   </div>
   <div class='ocr_carea' id='block_1_60' title="bbox 978 1514 1766 1551">
    <p class='ocr_par' dir='ltr' id='par_1_60' title="bbox 978 1514 1766 1551">
     <span class='ocr_line' id='line_1_60' title="bbox 978 1514 1766 1551; baseline 0.001 -9"><span class='ocrx_word' id='word_1_416' title='bbox 978 1514 1211 1550; x_wconf 87' lang='lat' dir='ltr'><strong>pulchritudinem</strong></span> <span class='ocrx_word' id='word_1_417' title='bbox 1241 1515 1301 1550; x_wconf 88' lang='lat' dir='ltr'><strong>ipsa</strong></span> <span class='ocrx_word' id='word_1_418' title='bbox 1331 1515 1441 1543; x_wconf 90' lang='lat' dir='ltr'><strong>demum</strong></span> <span class='ocrx_word' id='word_1_419' title='bbox 1472 1515 1518 1543; x_wconf 85' lang='lat' dir='ltr'><strong>lux</strong></span> <span class='ocrx_word' id='word_1_420' title='bbox 1547 1523 1609 1544; x_wconf 88' lang='lat' dir='ltr'><strong>esse</strong></span> <span class='ocrx_word' id='word_1_421' title='bbox 1638 1516 1766 1551; x_wconf 77' lang='lat' dir='ltr'><strong>putetur?</strong></span> 
     </span>
    </p>
   </div>
   <div class='ocr_carea' id='block_1_61' title="bbox 140 1557 927 1599">
    <p class='ocr_par' dir='ltr' id='par_1_61' title="bbox 140 1557 927 1596">
     <span class='ocr_line' id='line_1_61' title="bbox 140 1557 927 1596; baseline -0.005 -9"><span class='ocrx_word' id='word_1_422' title='bbox 140 1560 190 1588; x_wconf 78' lang='grc' dir='ltr'>καὶ</span> <span class='ocrx_word' id='word_1_423' title='bbox 202 1559 354 1595; x_wconf 80' lang='grc' dir='ltr'>διαπρεπὴς</span> <span class='ocrx_word' id='word_1_424' title='bbox 369 1560 409 1590; x_wconf 82' lang='grc' dir='ltr'><strong>είς</strong></span> <span class='ocrx_word' id='word_1_425' title='bbox 436 1558 618 1596; x_wconf 81' lang='grc' dir='ltr'>δικαιοσύνην,</span> <span class='ocrx_word' id='word_1_426' title='bbox 634 1558 671 1590; x_wconf 88' lang='grc' dir='ltr'>ὡς</span> <span class='ocrx_word' id='word_1_427' title='bbox 694 1558 775 1584; x_wconf 75' lang='grc' dir='ltr'>αὐτδν</span> <span class='ocrx_word' id='word_1_428' title='bbox 788 1557 927 1592; x_wconf 77' lang='grc' dir='ltr'>ἀπομιμή-</span> 
     </span>
    </p>
   </div>
   <div class='ocr_carea' id='block_1_62' title="bbox 978 1557 1766 1599">
    <p class='ocr_par' dir='ltr' id='par_1_62' title="bbox 982 1560 1766 1597">
     <span class='ocr_line' id='line_1_62' title="bbox 982 1560 1766 1597; baseline 0.003 -9"><span class='ocrx_word' id='word_1_429' title='bbox 982 1560 1041 1588; x_wconf 85' lang='lat' dir='ltr'><strong>Non</strong></span> <span class='ocrx_word' id='word_1_430' title='bbox 1058 1565 1118 1589; x_wconf 88' lang='lat' dir='ltr'><strong>erat</strong></span> <span class='ocrx_word' id='word_1_431' title='bbox 1143 1561 1228 1596; x_wconf 77' lang='lat' dir='ltr'><strong>igitur</strong></span> <span class='ocrx_word' id='word_1_432' title='bbox 1251 1561 1297 1589; x_wconf 89' lang='lat' dir='ltr'><strong>ille</strong></span> <span class='ocrx_word' id='word_1_433' title='bbox 1318 1561 1376 1594; x_wconf 82' lang='lat' dir='ltr'><strong>lux,</strong></span> <span class='ocrx_word' id='word_1_434' title='bbox 1399 1562 1500 1597; x_wconf 86' lang='lat' dir='ltr'><strong>inquit,</strong></span> <span class='ocrx_word' id='word_1_435' title='bbox 1522 1561 1570 1589; x_wconf 88' lang='lat' dir='ltr'><strong>sed</strong></span> <span class='ocrx_word' id='word_1_436' title='bbox 1592 1561 1625 1589; x_wconf 84' lang='lat' dir='ltr'><strong>ad</strong></span> <span class='ocrx_word' id='word_1_437' title='bbox 1642 1562 1766 1590; x_wconf 85' lang='lat' dir='ltr'><strong>testimo-</strong></span> 
     </span>
    </p>
   </div>
   <div class='ocr_carea' id='block_1_63' title="bbox 142 1603 930 1642">
    <p class='ocr_par' dir='ltr' id='par_1_63' title="bbox 142 1603 930 1642">
     <span class='ocr_line' id='line_1_63' title="bbox 142 1603 930 1642; baseline -0.005 -9"><span class='ocrx_word' id='word_1_438' title='bbox 142 1606 241 1634; x_wconf 84' lang='grc' dir='ltr'>σασθαι</span> <span class='ocrx_word' id='word_1_439' title='bbox 253 1606 299 1633; x_wconf 82' lang='grc' dir='ltr'>τὸν</span> <span class='ocrx_word' id='word_1_440' title='bbox 315 1606 442 1642; x_wconf 80' lang='grc' dir='ltr'>Χριστὸν,</span> <span class='ocrx_word' id='word_1_441' title='bbox 457 1604 531 1632; x_wconf 84' lang='grc' dir='ltr'>διὰτε</span> <span class='ocrx_word' id='word_1_442' title='bbox 541 1605 571 1631; x_wconf 82' lang='grc' dir='ltr'>τὸ</span> <span class='ocrx_word' id='word_1_443' title='bbox 585 1604 721 1640; x_wconf 75' lang='grc' dir='ltr'>ἐξαίρετον</span> <span class='ocrx_word' id='word_1_444' title='bbox 730 1604 779 1639; x_wconf 76' lang='grc' dir='ltr'>τῆς</span> <span class='ocrx_word' id='word_1_445' title='bbox 789 1603 930 1635; x_wconf 80' lang='grc' dir='ltr'>εὐλαϐείας</span> 
     </span>
    </p>
   </div>
   <div class='ocr_carea' id='block_1_64' title="bbox 140 1649 928 1688">
    <p class='ocr_par' dir='ltr' id='par_1_64' title="bbox 140 1649 928 1688">
     <span class='ocr_line' id='line_1_64' title="bbox 140 1649 928 1688; baseline -0.005 -9"><span class='ocrx_word' id='word_1_446' title='bbox 140 1652 251 1684; x_wconf 80' lang='grc' dir='ltr'>κάλλος,</span> <span class='ocrx_word' id='word_1_447' title='bbox 266 1652 332 1679; x_wconf 71' lang='grc' dir='ltr'>αὐτὸ</span> <span class='ocrx_word' id='word_1_448' title='bbox 340 1652 371 1688; x_wconf 84' lang='grc' dir='ltr'>δὴ</span> <span class='ocrx_word' id='word_1_449' title='bbox 386 1651 478 1678; x_wconf 72' lang='grc' dir='ltr'>λοιπὸν</span> <span class='ocrx_word' id='word_1_450' title='bbox 491 1651 624 1686; x_wconf 80' lang='grc' dir='ltr'>ὑπάρχειν</span> <span class='ocrx_word' id='word_1_451' title='bbox 634 1650 805 1677; x_wconf 80' lang='grc' dir='ltr'>ὑπονοεῖσθαι</span> <span class='ocrx_word' id='word_1_452' title='bbox 813 1649 844 1675; x_wconf 85' lang='grc' dir='ltr'>τὸ</span> <span class='ocrx_word' id='word_1_453' title='bbox 854 1649 928 1684; x_wconf 73' lang='grc' dir='ltr'>φῶςς</span> 
     </span>
    </p>
   </div>
   <div class='ocr_carea' id='block_1_65' title="bbox 141 1695 931 1734">
    <p class='ocr_par' dir='ltr' id='par_1_65' title="bbox 141 1695 931 1734">
     <span class='ocr_line' id='line_1_65' title="bbox 141 1695 931 1734; baseline -0.004 -9"><span class='ocrx_word' id='word_1_454' title='bbox 141 1699 199 1725; x_wconf 61' lang='grc' dir='ltr'><strong>οὐκ</strong></span> <span class='ocrx_word' id='word_1_455' title='bbox 210 1696 243 1734; x_wconf 83' lang='grc' dir='ltr'>ἦν</span> <span class='ocrx_word' id='word_1_456' title='bbox 256 1695 313 1731; x_wconf 79' lang='grc' dir='ltr'>οὖν,</span> <span class='ocrx_word' id='word_1_457' title='bbox 328 1698 420 1734; x_wconf 71' lang='grc' dir='ltr'>φησιν,</span> <span class='ocrx_word' id='word_1_458' title='bbox 433 1698 534 1731; x_wconf 77' lang='grc' dir='ltr'>ἐκεῖνος</span> <span class='ocrx_word' id='word_1_459' title='bbox 541 1697 570 1724; x_wconf 67' lang='grc' dir='ltr'>τὸ</span> <span class='ocrx_word' id='word_1_460' title='bbox 581 1696 648 1732; x_wconf 82' lang='grc' dir='ltr'>φῶς,</span> <span class='ocrx_word' id='word_1_461' title='bbox 658 1696 715 1723; x_wconf 82' lang='grc' dir='ltr'>ἀλλ’</span> <span class='ocrx_word' id='word_1_462' title='bbox 726 1696 765 1728; x_wconf 84' lang='grc' dir='ltr'><strong>είς</strong></span> <span class='ocrx_word' id='word_1_463' title='bbox 777 1695 931 1732; x_wconf 87' lang='grc' dir='ltr'>μαρτυρίαν</span> 
     </span>
    </p>
   </div>
   <div class='ocr_carea' id='block_1_66' title="bbox 141 1741 929 1780">
    <p class='ocr_par' dir='ltr' id='par_1_66' title="bbox 141 1741 929 1780">
     <span class='ocr_line' id='line_1_66' title="bbox 141 1741 929 1780; baseline -0.003 -10"><span class='ocrx_word' id='word_1_464' title='bbox 141 1745 193 1780; x_wconf 83' lang='grc' dir='ltr'><strong>τὴν</strong></span> <span class='ocrx_word' id='word_1_465' title='bbox 206 1744 271 1780; x_wconf 76' lang='grc' dir='ltr'>περὶ</span> <span class='ocrx_word' id='word_1_466' title='bbox 285 1743 332 1771; x_wconf 79' lang='grc' dir='ltr'>τοῦ</span> <span class='ocrx_word' id='word_1_467' title='bbox 349 1743 436 1779; x_wconf 70' lang='grc' dir='ltr'>φωτὸς</span> <span class='ocrx_word' id='word_1_468' title='bbox 452 1743 664 1779; x_wconf 78' lang='grc' dir='ltr'>ἀπεσταλμένος.</span> <span class='ocrx_word' id='word_1_469' title='bbox 675 1742 779 1777; x_wconf 66' lang='grc' dir='ltr'>Τόφῶς</span> <span class='ocrx_word' id='word_1_470' title='bbox 791 1742 818 1769; x_wconf 82' lang='grc' dir='ltr'>δὲ</span> <span class='ocrx_word' id='word_1_471' title='bbox 833 1741 929 1777; x_wconf 80' lang='grc' dir='ltr'>λέγων,</span> 
     </span>
    </p>
   </div>
   <div class='ocr_carea' id='block_1_67' title="bbox 144 1787 931 1827">
    <p class='ocr_par' dir='ltr' id='par_1_67' title="bbox 144 1787 931 1827">
     <span class='ocr_line' id='line_1_67' title="bbox 144 1787 931 1827; baseline -0.004 -9"><span class='ocrx_word' id='word_1_472' title='bbox 144 1791 216 1827; x_wconf 73' lang='grc' dir='ltr'>μετὰ</span> <span class='ocrx_word' id='word_1_473' title='bbox 231 1791 280 1826; x_wconf 85' lang='grc' dir='ltr'>τῆς</span> <span class='ocrx_word' id='word_1_474' title='bbox 297 1791 344 1818; x_wconf 79' lang='grc' dir='ltr'>τοῦ</span> <span class='ocrx_word' id='word_1_475' title='bbox 362 1790 464 1826; x_wconf 77' lang='grc' dir='ltr'>ἄρθρου</span> <span class='ocrx_word' id='word_1_476' title='bbox 481 1790 640 1826; x_wconf 83' lang='grc' dir='ltr'>προσθήκης</span> <span class='ocrx_word' id='word_1_477' title='bbox 651 1811 658 1822; x_wconf 87' lang='grc'><strong>,</strong></span> <span class='ocrx_word' id='word_1_478' title='bbox 676 1789 705 1817; x_wconf 80' lang='grc' dir='ltr'>ἓν</span> <span class='ocrx_word' id='word_1_479' title='bbox 729 1788 795 1816; x_wconf 78' lang='grc' dir='ltr'>αὐτὸ</span> <span class='ocrx_word' id='word_1_480' title='bbox 815 1787 931 1816; x_wconf 84' lang='grc' dir='ltr'>δεικνύει</span> 
     </span>
    </p>
   </div>
   <div class='ocr_carea' id='block_1_68' title="bbox 144 1834 931 1873">
    <p class='ocr_par' dir='ltr' id='par_1_68' title="bbox 144 1834 931 1873">
     <span class='ocr_line' id='line_1_68' title="bbox 144 1834 931 1873; baseline -0.004 -9"><span class='ocrx_word' id='word_1_481' title='bbox 144 1837 239 1872; x_wconf 78' lang='grc' dir='ltr'>σαφῶς</span> <span class='ocrx_word' id='word_1_482' title='bbox 253 1845 260 1851; x_wconf 94' lang='grc'><strong>·</strong></span> <span class='ocrx_word' id='word_1_483' title='bbox 277 1836 334 1873; x_wconf 75' lang='grc' dir='ltr'>ἔχει</span> <span class='ocrx_word' id='word_1_484' title='bbox 345 1837 398 1872; x_wconf 86' lang='grc' dir='ltr'><strong>γὰρ</strong></span> <span class='ocrx_word' id='word_1_485' title='bbox 414 1836 485 1864; x_wconf 70' lang='grc' dir='ltr'>οὕτω</span> <span class='ocrx_word' id='word_1_486' title='bbox 497 1835 569 1863; x_wconf 83' lang='grc' dir='ltr'>κατὰ</span> <span class='ocrx_word' id='word_1_487' title='bbox 585 1835 723 1871; x_wconf 82' lang='grc' dir='ltr'>ἀλήθειαν.</span> <span class='ocrx_word' id='word_1_488' title='bbox 740 1835 800 1862; x_wconf 89' lang='grc' dir='ltr'>’Ότι</span> <span class='ocrx_word' id='word_1_489' title='bbox 816 1834 870 1870; x_wconf 66' lang='grc' dir='ltr'>μὲν</span> <span class='ocrx_word' id='word_1_490' title='bbox 878 1834 931 1870; x_wconf 86' lang='grc' dir='ltr'><strong>γὰρ</strong></span> 
     </span>
    </p>
   </div>
   <div class='ocr_carea' id='block_1_69' title="bbox 145 1879 930 1917">
    <p class='ocr_par' dir='ltr' id='par_1_69' title="bbox 145 1879 930 1917">
     <span class='ocr_line' id='line_1_69' title="bbox 145 1879 930 1917; baseline -0.004 -8"><span class='ocrx_word' id='word_1_491' title='bbox 145 1883 203 1917; x_wconf 75' lang='grc' dir='ltr'>φῶς</span> <span class='ocrx_word' id='word_1_492' title='bbox 218 1882 251 1909; x_wconf 77' lang='grc' dir='ltr'>ἂν</span> <span class='ocrx_word' id='word_1_493' title='bbox 264 1882 374 1908; x_wconf 88' lang='grc' dir='ltr'>καλοῖτο</span> <span class='ocrx_word' id='word_1_494' title='bbox 385 1881 505 1913; x_wconf 82' lang='grc' dir='ltr'>δικαίως,</span> <span class='ocrx_word' id='word_1_495' title='bbox 521 1881 567 1907; x_wconf 73' lang='grc' dir='ltr'>καὶ</span> <span class='ocrx_word' id='word_1_496' title='bbox 578 1882 592 1908; x_wconf 89' lang='grc' dir='ltr'>ὁ</span> <span class='ocrx_word' id='word_1_497' title='bbox 611 1880 745 1916; x_wconf 79' lang='grc' dir='ltr'>μακάριος</span> <span class='ocrx_word' id='word_1_498' title='bbox 766 1879 930 1915; x_wconf 76' lang='grc' dir='ltr'>Βαπτιστὴς,</span> 
     </span>
    </p>
   </div>
   <div class='ocr_carea' id='block_1_70' title="bbox 144 1925 933 1964">
    <p class='ocr_par' dir='ltr' id='par_1_70' title="bbox 144 1925 933 1964">
     <span class='ocr_line' id='line_1_70' title="bbox 144 1925 933 1964; baseline -0.004 -9"><span class='ocrx_word' id='word_1_499' title='bbox 144 1929 162 1964; x_wconf 79' lang='grc' dir='ltr'><strong>ἢ</strong></span> <span class='ocrx_word' id='word_1_500' title='bbox 182 1929 229 1955; x_wconf 75' lang='grc' dir='ltr'>καὶ</span> <span class='ocrx_word' id='word_1_501' title='bbox 248 1928 364 1960; x_wconf 75' lang='grc' dir='ltr'>ἕκαστος</span> <span class='ocrx_word' id='word_1_502' title='bbox 384 1927 437 1954; x_wconf 85' lang='grc' dir='ltr'><strong>τῶν</strong></span> <span class='ocrx_word' id='word_1_503' title='bbox 454 1927 549 1962; x_wconf 84' lang='grc' dir='ltr'>ἁγίων,</span> <span class='ocrx_word' id='word_1_504' title='bbox 570 1927 620 1954; x_wconf 76' lang='grc' dir='ltr'><strong>οὐκ</strong></span> <span class='ocrx_word' id='word_1_505' title='bbox 635 1925 821 1963; x_wconf 78' lang='grc' dir='ltr'>ἀρνησόμεθα,</span> <span class='ocrx_word' id='word_1_506' title='bbox 836 1925 881 1954; x_wconf 82' lang='grc' dir='ltr'><strong>διὰ</strong></span> <span class='ocrx_word' id='word_1_507' title='bbox 901 1925 933 1952; x_wconf 82' lang='grc' dir='ltr'>τὸ</span> 
     </span>
    </p>
   </div>
   <div class='ocr_carea' id='block_1_71' title="bbox 145 1970 931 2008">
    <p class='ocr_par' dir='ltr' id='par_1_71' title="bbox 145 1970 931 2008">
     <span class='ocr_line' id='line_1_71' title="bbox 145 1970 931 2008; baseline -0.004 -8"><span class='ocrx_word' id='word_1_508' title='bbox 145 1973 189 2000; x_wconf 72' lang='grc' dir='ltr'><strong>ἐπ’</strong></span> <span class='ocrx_word' id='word_1_509' title='bbox 218 1974 311 2005; x_wconf 81' lang='grc' dir='ltr'>αὐτοῖς</span> <span class='ocrx_word' id='word_1_510' title='bbox 338 1972 414 2008; x_wconf 79' lang='grc' dir='ltr'>παρὰ</span> <span class='ocrx_word' id='word_1_511' title='bbox 439 1971 486 1999; x_wconf 86' lang='grc' dir='ltr'>τοῦ</span> <span class='ocrx_word' id='word_1_512' title='bbox 514 1973 639 2007; x_wconf 85' lang='grc' dir='ltr'>Σωτῆρος</span> <span class='ocrx_word' id='word_1_513' title='bbox 662 1971 740 2006; x_wconf 80' lang='grc' dir='ltr'>ἡμῶν</span> <span class='ocrx_word' id='word_1_514' title='bbox 776 1970 931 2007; x_wconf 80' lang='grc' dir='ltr'>εἰρημένον,</span> 
     </span>
    </p>
   </div>
   <div class='ocr_carea' id='block_1_72' title="bbox 148 2016 932 2054">
    <p class='ocr_par' dir='ltr' id='par_1_72' title="bbox 148 2016 932 2054">
     <span class='ocr_line' id='line_1_72' title="bbox 148 2016 932 2054; baseline -0.004 -8"><span class='ocrx_word' id='word_1_515' title='bbox 148 2030 158 2046; x_wconf 78' lang='grc' dir='ltr'><strong>ι</strong></span> <span class='ocrx_word' id='word_1_516' title='bbox 170 2019 263 2054; x_wconf 83' lang='grc' dir='ltr'>Ὑμεῖς</span> <span class='ocrx_word' id='word_1_517' title='bbox 282 2020 343 2045; x_wconf 77' lang='grc' dir='ltr'>ἐστε</span> <span class='ocrx_word' id='word_1_518' title='bbox 353 2018 384 2045; x_wconf 87' lang='grc' dir='ltr'><strong>τὺ</strong></span> <span class='ocrx_word' id='word_1_519' title='bbox 396 2018 452 2053; x_wconf 87' lang='grc' dir='ltr'>φῶς</span> <span class='ocrx_word' id='word_1_520' title='bbox 468 2017 514 2045; x_wconf 80' lang='grc' dir='ltr'>τοῦ</span> <span class='ocrx_word' id='word_1_521' title='bbox 529 2017 642 2053; x_wconf 86' lang='grc' dir='ltr'>κόσμου.</span> <span class='ocrx_word' id='word_1_522' title='bbox 660 2026 670 2043; x_wconf 75' lang='grc' dir='ltr'><strong>ι</strong></span> <span class='ocrx_word' id='word_1_523' title='bbox 684 2016 797 2053; x_wconf 76' lang='grc' dir='ltr'>Εἴρηται</span> <span class='ocrx_word' id='word_1_524' title='bbox 814 2016 841 2043; x_wconf 80' lang='grc' dir='ltr'>δὲ</span> <span class='ocrx_word' id='word_1_525' title='bbox 853 2016 932 2044; x_wconf 82' lang='grc' dir='ltr'>πάλιν</span> 
     </span>
    </p>
   </div>
   <div class='ocr_carea' id='block_1_73' title="bbox 145 2062 932 2101">
    <p class='ocr_par' dir='ltr' id='par_1_73' title="bbox 145 2062 932 2101">
     <span class='ocr_line' id='line_1_73' title="bbox 145 2062 932 2101; baseline -0.005 -9"><span class='ocrx_word' id='word_1_526' title='bbox 145 2065 211 2101; x_wconf 77' lang='grc' dir='ltr'>περὶ</span> <span class='ocrx_word' id='word_1_527' title='bbox 227 2064 275 2092; x_wconf 77' lang='grc' dir='ltr'><strong>τοῦ</strong></span> <span class='ocrx_word' id='word_1_528' title='bbox 298 2065 375 2099; x_wconf 82' lang='grc' dir='ltr'>ἁγίου</span> <span class='ocrx_word' id='word_1_529' title='bbox 394 2063 557 2096; x_wconf 83' lang='grc' dir='ltr'>Βαπτιστοῦ,</span> <span class='ocrx_word' id='word_1_530' title='bbox 576 2072 585 2089; x_wconf 74' lang='grc' dir='ltr'><strong>ι</strong></span> <span class='ocrx_word' id='word_1_531' title='bbox 609 2062 762 2098; x_wconf 84' lang='grc' dir='ltr'>Ἦτοίμασα</span> <span class='ocrx_word' id='word_1_532' title='bbox 782 2062 877 2097; x_wconf 90' lang='grc' dir='ltr'>λύχνον</span> <span class='ocrx_word' id='word_1_533' title='bbox 894 2062 932 2098; x_wconf 84' lang='grc' dir='ltr'><strong>τῷ</strong></span> 
     </span>
    </p>
   </div>
   <div class='ocr_carea' id='block_1_74' title="bbox 145 2105 933 2145">
    <p class='ocr_par' dir='ltr' id='par_1_74' title="bbox 145 2105 933 2145">
     <span class='ocr_line' id='line_1_74' title="bbox 145 2105 933 2145; baseline -0.006 -9"><span class='ocrx_word' id='word_1_534' title='bbox 145 2110 256 2145; x_wconf 81' lang='grc' dir='ltr'>Χριστῷ</span> <span class='ocrx_word' id='word_1_535' title='bbox 275 2117 335 2144; x_wconf 71' lang='grc' dir='ltr'>μου.</span> <span class='ocrx_word' id='word_1_536' title='bbox 357 2118 366 2134; x_wconf 73' lang='grc' dir='ltr'><strong>ι</strong></span> <span class='ocrx_word' id='word_1_537' title='bbox 379 2108 444 2140; x_wconf 78' lang='grc' dir='ltr'>Καὶ,</span> <span class='ocrx_word' id='word_1_538' title='bbox 457 2116 466 2133; x_wconf 80' lang='grc' dir='ltr'><strong>ι</strong></span> <span class='ocrx_word' id='word_1_539' title='bbox 479 2107 596 2138; x_wconf 83' lang='grc' dir='ltr'>Ἐκεῖνος</span> <span class='ocrx_word' id='word_1_540' title='bbox 607 2105 641 2142; x_wconf 84' lang='grc' dir='ltr'>ἦν</span> <span class='ocrx_word' id='word_1_541' title='bbox 657 2107 670 2133; x_wconf 88' lang='lat'><strong>6</strong></span> <span class='ocrx_word' id='word_1_542' title='bbox 682 2105 777 2140; x_wconf 87' lang='grc' dir='ltr'>λύχνος</span> <span class='ocrx_word' id='word_1_543' title='bbox 792 2106 806 2132; x_wconf 94' lang='lat'><strong>6</strong></span> <span class='ocrx_word' id='word_1_544' title='bbox 821 2105 933 2140; x_wconf 75' lang='grc' dir='ltr'>καιόμεο</span> 
     </span>
    </p>
   </div>
   <div class='ocr_carea' id='block_1_75' title="bbox 146 2150 933 2190">
    <p class='ocr_par' dir='ltr' id='par_1_75' title="bbox 146 2150 933 2190">
     <span class='ocr_line' id='line_1_75' title="bbox 146 2150 933 2190; baseline -0.008 -6"><span class='ocrx_word' id='word_1_545' title='bbox 146 2166 192 2189; x_wconf 87' lang='grc' dir='ltr'><strong>νος</strong></span> <span class='ocrx_word' id='word_1_546' title='bbox 216 2156 264 2183; x_wconf 79' lang='grc' dir='ltr'>καὶ</span> <span class='ocrx_word' id='word_1_547' title='bbox 293 2155 414 2190; x_wconf 68' lang='grc' dir='ltr'>φαίνων·</span> <span class='ocrx_word' id='word_1_548' title='bbox 442 2154 522 2189; x_wconf 83' lang='grc' dir='ltr'>ὑμεῖς</span> <span class='ocrx_word' id='word_1_549' title='bbox 544 2153 571 2179; x_wconf 78' lang='grc' dir='ltr'>δὲ</span> <span class='ocrx_word' id='word_1_550' title='bbox 589 2152 740 2188; x_wconf 72' lang='grc' dir='ltr'>ἠθελήσατε</span> <span class='ocrx_word' id='word_1_551' title='bbox 761 2150 831 2188; x_wconf 70' lang='grc' dir='ltr'>πρὸς</span> <span class='ocrx_word' id='word_1_552' title='bbox 858 2150 933 2186; x_wconf 80' lang='grc' dir='ltr'>ὥραν</span> 
     </span>
    </p>
   </div>
   <div class='ocr_carea' id='block_1_76' title="bbox 147 2196 933 2237">
    <p class='ocr_par' dir='ltr' id='par_1_76' title="bbox 147 2196 933 2237">
     <span class='ocr_line' id='line_1_76' title="bbox 147 2196 933 2237; baseline -0.008 -8"><span class='ocrx_word' id='word_1_553' title='bbox 147 2202 364 2237; x_wconf 83' lang='grc' dir='ltr'>ὰγαλλιασθῆναι</span> <span class='ocrx_word' id='word_1_554' title='bbox 394 2202 423 2228; x_wconf 78' lang='grc' dir='ltr'>ὲν</span> <span class='ocrx_word' id='word_1_555' title='bbox 442 2200 480 2236; x_wconf 80' lang='grc' dir='ltr'>τῷ</span> <span class='ocrx_word' id='word_1_556' title='bbox 508 2199 578 2234; x_wconf 84' lang='grc' dir='ltr'>φωτὶ</span> <span class='ocrx_word' id='word_1_557' title='bbox 606 2197 700 2226; x_wconf 75' lang='grc' dir='ltr'>αὑτοῦ.</span> <span class='ocrx_word' id='word_1_558' title='bbox 718 2207 728 2224; x_wconf 75' lang='grc' dir='ltr'><strong>ι</strong></span> <span class='ocrx_word' id='word_1_559' title='bbox 750 2197 822 2224; x_wconf 73' lang='grc' dir='ltr'>Ἀλλ’</span> <span class='ocrx_word' id='word_1_560' title='bbox 846 2196 871 2224; x_wconf 83' lang='grc' dir='ltr'><strong>εί</strong></span> <span class='ocrx_word' id='word_1_561' title='bbox 886 2197 933 2223; x_wconf 76' lang='grc' dir='ltr'><strong>καὶ</strong></span> 
     </span>
    </p>
   </div>
   <div class='ocr_carea' id='block_1_77' title="bbox 982 1606 1765 1642">
    <p class='ocr_par' dir='ltr' id='par_1_77' title="bbox 982 1606 1765 1642">
     <span class='ocr_line' id='line_1_77' title="bbox 982 1606 1765 1642; baseline 0 -8"><span class='ocrx_word' id='word_1_562' title='bbox 982 1607 1058 1634; x_wconf 89' lang='lat' dir='ltr'><strong>nium</strong></span> <span class='ocrx_word' id='word_1_563' title='bbox 1075 1606 1108 1634; x_wconf 87' lang='lat' dir='ltr'><strong>de</strong></span> <span class='ocrx_word' id='word_1_564' title='bbox 1124 1606 1228 1634; x_wconf 87' lang='lat' dir='ltr'><strong>lumine</strong></span> <span class='ocrx_word' id='word_1_565' title='bbox 1246 1606 1445 1642; x_wconf 88' lang='lat' dir='ltr'><strong>perbibendum</strong></span> <span class='ocrx_word' id='word_1_566' title='bbox 1467 1607 1579 1635; x_wconf 89' lang='lat' dir='ltr'><strong>missus.</strong></span> <span class='ocrx_word' id='word_1_567' title='bbox 1589 1606 1657 1635; x_wconf 91' lang='lat' dir='ltr'><strong>Cum</strong></span> <span class='ocrx_word' id='word_1_568' title='bbox 1673 1610 1765 1634; x_wconf 86' lang='lat' dir='ltr'><strong>autem</strong></span> 
     </span>
    </p>
   </div>
   <div class='ocr_carea' id='block_1_78' title="bbox 981 1651 1767 1687">
    <p class='ocr_par' dir='ltr' id='par_1_78' title="bbox 981 1651 1767 1687">
     <span class='ocr_line' id='line_1_78' title="bbox 981 1651 1767 1687; baseline 0.003 -9"><span class='ocrx_word' id='word_1_569' title='bbox 981 1652 1011 1679; x_wconf 79' lang='grc' dir='ltr'><strong>τὺ</strong></span> <span class='ocrx_word' id='word_1_570' title='bbox 1026 1651 1084 1687; x_wconf 84' lang='grc' dir='ltr'><strong>φῶς</strong></span> <span class='ocrx_word' id='word_1_571' title='bbox 1101 1652 1150 1684; x_wconf 86' lang='lat' dir='ltr'><strong>ait,</strong></span> <span class='ocrx_word' id='word_1_572' title='bbox 1162 1652 1281 1680; x_wconf 85' lang='lat' dir='ltr'><strong>articulo</strong></span> <span class='ocrx_word' id='word_1_573' title='bbox 1295 1652 1399 1684; x_wconf 85' lang='lat' dir='ltr'><strong>addito,</strong></span> <span class='ocrx_word' id='word_1_574' title='bbox 1416 1660 1497 1680; x_wconf 88' lang='lat' dir='ltr'><strong>unam</strong></span> <span class='ocrx_word' id='word_1_575' title='bbox 1515 1652 1604 1680; x_wconf 90' lang='lat' dir='ltr'><strong>lucem</strong></span> <span class='ocrx_word' id='word_1_576' title='bbox 1620 1659 1681 1680; x_wconf 88' lang='lat' dir='ltr'><strong>esse</strong></span> <span class='ocrx_word' id='word_1_577' title='bbox 1693 1652 1767 1680; x_wconf 87' lang='lat' dir='ltr'><strong>clare</strong></span> 
     </span>
    </p>
   </div>
   <div class='ocr_carea' id='block_1_79' title="bbox 982 1697 1765 1733">
    <p class='ocr_par' dir='ltr' id='par_1_79' title="bbox 982 1697 1765 1733">
     <span class='ocr_line' id='line_1_79' title="bbox 982 1697 1765 1733; baseline -0.003 -7"><span class='ocrx_word' id='word_1_578' title='bbox 982 1698 1113 1731; x_wconf 85' lang='lat' dir='ltr'><strong>ostendit,</strong></span> <span class='ocrx_word' id='word_1_579' title='bbox 1133 1697 1209 1733; x_wconf 89' lang='lat' dir='ltr'><strong>quod</strong></span> <span class='ocrx_word' id='word_1_580' title='bbox 1237 1705 1304 1725; x_wconf 82' lang='lat' dir='ltr'><strong>sane</strong></span> <span class='ocrx_word' id='word_1_581' title='bbox 1326 1705 1421 1725; x_wconf 89' lang='lat' dir='ltr'><strong>verum</strong></span> <span class='ocrx_word' id='word_1_582' title='bbox 1450 1702 1502 1726; x_wconf 84' lang='lat' dir='ltr'><strong>est.</strong></span> <span class='ocrx_word' id='word_1_583' title='bbox 1524 1697 1632 1725; x_wconf 84' lang='lat' dir='ltr'><strong>Etenim</strong></span> <span class='ocrx_word' id='word_1_584' title='bbox 1656 1698 1765 1725; x_wconf 84' lang='lat' dir='ltr'><strong>beatum</strong></span> 
     </span>
    </p>
   </div>
   <div class='ocr_carea' id='block_1_80' title="bbox 982 1742 1767 1779">
    <p class='ocr_par' dir='ltr' id='par_1_80' title="bbox 982 1742 1767 1779">
     <span class='ocr_line' id='line_1_80' title="bbox 982 1742 1767 1779; baseline -0.003 -9"><span class='ocrx_word' id='word_1_585' title='bbox 982 1743 1143 1779; x_wconf 77' lang='lat' dir='ltr'><strong>Baptistam,</strong></span> <span class='ocrx_word' id='word_1_586' title='bbox 1160 1747 1208 1770; x_wconf 89' lang='lat' dir='ltr'><strong>aut</strong></span> <span class='ocrx_word' id='word_1_587' title='bbox 1225 1746 1353 1772; x_wconf 85' lang='lat' dir='ltr'><strong>sanctum</strong></span> <span class='ocrx_word' id='word_1_588' title='bbox 1364 1742 1527 1778; x_wconf 85' lang='lat' dir='ltr'><strong>quemlibet,</strong></span> <span class='ocrx_word' id='word_1_589' title='bbox 1549 1742 1637 1769; x_wconf 86' lang='lat' dir='ltr'><strong>lucem</strong></span> <span class='ocrx_word' id='word_1_590' title='bbox 1656 1748 1767 1777; x_wconf 85' lang='lat' dir='ltr'><strong>quoque</strong></span> 
     </span>
    </p>
   </div>
   <div class='ocr_carea' id='block_1_81' title="bbox 982 1785 1767 1821">
    <p class='ocr_par' dir='ltr' id='par_1_81' title="bbox 982 1785 1767 1821">
     <span class='ocr_line' id='line_1_81' title="bbox 982 1785 1767 1821; baseline -0.004 -6"><span class='ocrx_word' id='word_1_591' title='bbox 982 1788 1081 1816; x_wconf 89' lang='lat' dir='ltr'><strong>merito</strong></span> <span class='ocrx_word' id='word_1_592' title='bbox 1099 1787 1190 1816; x_wconf 86' lang='lat' dir='ltr'><strong>vocari</strong></span> <span class='ocrx_word' id='word_1_593' title='bbox 1210 1795 1264 1815; x_wconf 91' lang='lat' dir='ltr'><strong>non</strong></span> <span class='ocrx_word' id='word_1_594' title='bbox 1286 1787 1394 1815; x_wconf 77' lang='lat' dir='ltr'><strong>inficias</strong></span> <span class='ocrx_word' id='word_1_595' title='bbox 1409 1787 1522 1819; x_wconf 87' lang='lat' dir='ltr'><strong>ibimus,</strong></span> <span class='ocrx_word' id='word_1_596' title='bbox 1537 1794 1598 1814; x_wconf 90' lang='lat' dir='ltr'><strong>cum</strong></span> <span class='ocrx_word' id='word_1_597' title='bbox 1618 1786 1652 1814; x_wconf 88' lang='lat' dir='ltr'><strong>de</strong></span> <span class='ocrx_word' id='word_1_598' title='bbox 1666 1785 1735 1821; x_wconf 87' lang='lat' dir='ltr'><strong>ipsis</strong></span> <span class='ocrx_word' id='word_1_599' title='bbox 1752 1793 1767 1812; x_wconf 83' lang='lat' dir='ltr'><strong>a</strong></span> 
     </span>
    </p>
   </div>
   <div class='ocr_carea' id='block_1_82' title="bbox 983 1831 1767 1862">
    <p class='ocr_par' dir='ltr' id='par_1_82' title="bbox 983 1831 1767 1862">
     <span class='ocr_line' id='line_1_82' title="bbox 983 1831 1767 1862; baseline -0.004 -1"><span class='ocrx_word' id='word_1_600' title='bbox 983 1834 1127 1862; x_wconf 84' lang='lat' dir='ltr'><strong>Salvatore</strong></span> <span class='ocrx_word' id='word_1_601' title='bbox 1151 1837 1250 1861; x_wconf 89' lang='lat' dir='ltr'><strong>nostro</strong></span> <span class='ocrx_word' id='word_1_602' title='bbox 1275 1833 1380 1861; x_wconf 86' lang='lat' dir='ltr'><strong>dictum</strong></span> <span class='ocrx_word' id='word_1_603' title='bbox 1411 1833 1448 1861; x_wconf 90' lang='lat' dir='ltr'><strong>sit</strong></span> <span class='ocrx_word' id='word_1_604' title='bbox 1472 1840 1480 1860; x_wconf 83' lang='lat'><strong>:</strong></span> <span class='ocrx_word' id='word_1_605' title='bbox 1511 1841 1521 1858; x_wconf 79' lang='grc' dir='ltr'><strong>ι</strong></span> <span class='ocrx_word' id='word_1_606' title='bbox 1541 1831 1597 1860; x_wconf 87' lang='lat' dir='ltr'><strong>Vos</strong></span> <span class='ocrx_word' id='word_1_607' title='bbox 1624 1832 1692 1860; x_wconf 84' lang='lat' dir='ltr'><strong>estis</strong></span> <span class='ocrx_word' id='word_1_608' title='bbox 1720 1831 1767 1858; x_wconf 77' lang='lat' dir='ltr'><strong>lux</strong></span> 
     </span>
    </p>
   </div>
   <div class='ocr_carea' id='block_1_83' title="bbox 982 1877 1767 1913">
    <p class='ocr_par' dir='ltr' id='par_1_83' title="bbox 982 1877 1767 1913">
     <span class='ocr_line' id='line_1_83' title="bbox 982 1877 1767 1913; baseline -0.005 -6"><span class='ocrx_word' id='word_1_609' title='bbox 982 1879 1078 1907; x_wconf 91' lang='lat' dir='ltr'><strong>mundi</strong></span> <span class='ocrx_word' id='word_1_610' title='bbox 1097 1879 1131 1906; x_wconf 75' lang='grc'><strong>⁸⁸.</strong></span> <span class='ocrx_word' id='word_1_611' title='bbox 1150 1888 1160 1905; x_wconf 74' lang='grc' dir='ltr'><strong>ι</strong></span> <span class='ocrx_word' id='word_1_612' title='bbox 1178 1878 1211 1906; x_wconf 85' lang='lat' dir='ltr'><strong>Et</strong></span> <span class='ocrx_word' id='word_1_613' title='bbox 1220 1878 1367 1906; x_wconf 75' lang='lat' dir='ltr'><strong>deloanne</strong></span> <span class='ocrx_word' id='word_1_614' title='bbox 1377 1878 1512 1913; x_wconf 87' lang='lat' dir='ltr'><strong>Baptista,</strong></span> <span class='ocrx_word' id='word_1_615' title='bbox 1531 1886 1541 1904; x_wconf 76' lang='grc' dir='ltr'><strong>ι</strong></span> <span class='ocrx_word' id='word_1_616' title='bbox 1558 1877 1653 1906; x_wconf 85' lang='lat' dir='ltr'><strong>Paravi</strong></span> <span class='ocrx_word' id='word_1_617' title='bbox 1676 1877 1767 1905; x_wconf 88' lang='lat' dir='ltr'><strong>lucer-</strong></span> 
     </span>
    </p>
   </div>
   <div class='ocr_carea' id='block_1_84' title="bbox 984 1919 1769 1954">
    <p class='ocr_par' dir='ltr' id='par_1_84' title="bbox 984 1919 1769 1954">
     <span class='ocr_line' id='line_1_84' title="bbox 984 1919 1769 1954; baseline -0.005 -4"><span class='ocrx_word' id='word_1_618' title='bbox 984 1931 1046 1950; x_wconf 86' lang='lat' dir='ltr'><strong>nam</strong></span> <span class='ocrx_word' id='word_1_619' title='bbox 1061 1922 1174 1950; x_wconf 85' lang='lat' dir='ltr'><strong>Christo</strong></span> <span class='ocrx_word' id='word_1_620' title='bbox 1190 1929 1252 1950; x_wconf 89' lang='lat' dir='ltr'><strong>meo</strong></span> <span class='ocrx_word' id='word_1_621' title='bbox 1266 1922 1300 1949; x_wconf 80' lang='lat'><strong>&quot;.</strong></span> <span class='ocrx_word' id='word_1_622' title='bbox 1312 1931 1323 1948; x_wconf 79' lang='grc' dir='ltr'><strong>ι</strong></span> <span class='ocrx_word' id='word_1_623' title='bbox 1341 1921 1418 1954; x_wconf 84' lang='lat' dir='ltr'><strong>Item,</strong></span> <span class='ocrx_word' id='word_1_624' title='bbox 1431 1931 1440 1947; x_wconf 78' lang='grc' dir='ltr'><strong>ι</strong></span> <span class='ocrx_word' id='word_1_625' title='bbox 1466 1921 1515 1948; x_wconf 83' lang='lat' dir='ltr'><strong>Ille</strong></span> <span class='ocrx_word' id='word_1_626' title='bbox 1527 1924 1586 1948; x_wconf 90' lang='lat' dir='ltr'><strong>erat</strong></span> <span class='ocrx_word' id='word_1_627' title='bbox 1599 1919 1711 1948; x_wconf 85' lang='lat' dir='ltr'><strong>lucerna</strong></span> <span class='ocrx_word' id='word_1_628' title='bbox 1722 1926 1769 1946; x_wconf 86' lang='lat' dir='ltr'><strong>ar-</strong></span> 
     </span>
    </p>
   </div>
   <div class='ocr_carea' id='block_1_85' title="bbox 983 1965 1770 1997">
    <p class='ocr_par' dir='ltr' id='par_1_85' title="bbox 983 1965 1770 1997">
     <span class='ocr_line' id='line_1_85' title="bbox 983 1965 1770 1997; baseline -0.006 0"><span class='ocrx_word' id='word_1_629' title='bbox 983 1969 1051 1997; x_wconf 89' lang='lat' dir='ltr'><strong>dens</strong></span> <span class='ocrx_word' id='word_1_630' title='bbox 1059 1968 1204 1996; x_wconf 87' lang='lat' dir='ltr'><strong>etlucens:</strong></span> <span class='ocrx_word' id='word_1_631' title='bbox 1214 1974 1263 1995; x_wconf 88' lang='lat' dir='ltr'><strong>vos</strong></span> <span class='ocrx_word' id='word_1_632' title='bbox 1279 1970 1369 1994; x_wconf 85' lang='lat' dir='ltr'><strong>autem</strong></span> <span class='ocrx_word' id='word_1_633' title='bbox 1379 1965 1505 1993; x_wconf 87' lang='lat' dir='ltr'><strong>voluistis</strong></span> <span class='ocrx_word' id='word_1_634' title='bbox 1522 1965 1555 1993; x_wconf 88' lang='lat' dir='ltr'><strong>ad</strong></span> <span class='ocrx_word' id='word_1_635' title='bbox 1569 1965 1665 1993; x_wconf 90' lang='lat' dir='ltr'><strong>horam</strong></span> <span class='ocrx_word' id='word_1_636' title='bbox 1678 1965 1770 1994; x_wconf 78' lang='lat' dir='ltr'><strong>exsul-</strong></span> 
     </span>
    </p>
   </div>
   <div class='ocr_carea' id='block_1_86' title="bbox 983 2011 1768 2048">
    <p class='ocr_par' dir='ltr' id='par_1_86' title="bbox 983 2011 1768 2048">
     <span class='ocr_line' id='line_1_86' title="bbox 983 2011 1768 2048; baseline -0.005 -6"><span class='ocrx_word' id='word_1_637' title='bbox 983 2019 1042 2042; x_wconf 87' lang='lat' dir='ltr'><strong>tare</strong></span> <span class='ocrx_word' id='word_1_638' title='bbox 1065 2015 1093 2041; x_wconf 92' lang='lat' dir='ltr'><strong>in</strong></span> <span class='ocrx_word' id='word_1_639' title='bbox 1106 2014 1169 2041; x_wconf 89' lang='lat' dir='ltr'><strong>luce</strong></span> <span class='ocrx_word' id='word_1_640' title='bbox 1189 2013 1250 2048; x_wconf 85' lang='lat' dir='ltr'><strong>ejus</strong></span> <span class='ocrx_word' id='word_1_641' title='bbox 1266 2012 1300 2041; x_wconf 83' lang='lat'><strong>&quot;.</strong></span> <span class='ocrx_word' id='word_1_642' title='bbox 1324 2021 1334 2039; x_wconf 75' lang='grc' dir='ltr'><strong>ι</strong></span> <span class='ocrx_word' id='word_1_643' title='bbox 1354 2011 1548 2040; x_wconf 84' lang='lat' dir='ltr'><strong>Verumtamen</strong></span> <span class='ocrx_word' id='word_1_644' title='bbox 1569 2011 1696 2047; x_wconf 88' lang='lat' dir='ltr'><strong>quamvis</strong></span> <span class='ocrx_word' id='word_1_645' title='bbox 1721 2011 1768 2038; x_wconf 82' lang='lat' dir='ltr'><strong>lux</strong></span> 
     </span>
    </p>
   </div>
   <div class='ocr_carea' id='block_1_87' title="bbox 983 2048 1770 2092">
    <p class='ocr_par' dir='ltr' id='par_1_87' title="bbox 983 2048 1770 2092">
     <span class='ocr_line' id='line_1_87' title="bbox 983 2048 1770 2092; baseline -0.009 -3"><span class='ocrx_word' id='word_1_646' title='bbox 983 2061 1071 2089; x_wconf 85' lang='lat' dir='ltr'><strong>sancti</strong></span> <span class='ocrx_word' id='word_1_647' title='bbox 1097 2064 1125 2088; x_wconf 87' lang='lat' dir='ltr'><strong>et</strong></span> <span class='ocrx_word' id='word_1_648' title='bbox 1148 2059 1259 2087; x_wconf 86' lang='lat' dir='ltr'><strong>lucerna</strong></span> <span class='ocrx_word' id='word_1_649' title='bbox 1278 2057 1401 2092; x_wconf 82' lang='lat' dir='ltr'><strong>Baptista</strong></span> <span class='ocrx_word' id='word_1_650' title='bbox 1420 2048 1564 2088; x_wconf 82' lang='lat' dir='ltr'><strong>dicantur,</strong></span> <span class='ocrx_word' id='word_1_651' title='bbox 1584 2062 1640 2083; x_wconf 87' lang='lat' dir='ltr'><strong>non</strong></span> <span class='ocrx_word' id='word_1_652' title='bbox 1658 2055 1770 2091; x_wconf 84' lang='lat' dir='ltr'><strong>ignora-</strong></span> 
     </span>
    </p>
   </div>
   <div class='ocr_carea' id='block_1_88' title="bbox 983 2101 1768 2141">
    <p class='ocr_par' dir='ltr' id='par_1_88' title="bbox 983 2101 1768 2141">
     <span class='ocr_line' id='line_1_88' title="bbox 983 2101 1768 2141; baseline -0.009 -6"><span class='ocrx_word' id='word_1_653' title='bbox 983 2115 1045 2135; x_wconf 88' lang='lat' dir='ltr'><strong>mus</strong></span> <span class='ocrx_word' id='word_1_654' title='bbox 1055 2112 1149 2135; x_wconf 85' lang='lat' dir='ltr'><strong>tamen</strong></span> <span class='ocrx_word' id='word_1_655' title='bbox 1159 2113 1206 2133; x_wconf 86' lang='lat' dir='ltr'><strong>eos</strong></span> <span class='ocrx_word' id='word_1_656' title='bbox 1217 2104 1332 2141; x_wconf 77' lang='lat' dir='ltr'><strong>gratiam</strong></span> <span class='ocrx_word' id='word_1_657' title='bbox 1341 2111 1374 2131; x_wconf 89' lang='lat' dir='ltr'><strong>ac</strong></span> <span class='ocrx_word' id='word_1_658' title='bbox 1384 2103 1485 2131; x_wconf 89' lang='lat' dir='ltr'><strong>donum</strong></span> <span class='ocrx_word' id='word_1_659' title='bbox 1497 2102 1609 2129; x_wconf 87' lang='lat' dir='ltr'><strong>luminis</strong></span> <span class='ocrx_word' id='word_1_660' title='bbox 1618 2101 1768 2136; x_wconf 80' lang='lat' dir='ltr'><strong>accepisse.</strong></span> 
     </span>
    </p>
   </div>
   <div class='ocr_carea' id='block_1_89' title="bbox 985 2142 1771 2187">
    <p class='ocr_par' dir='ltr' id='par_1_89' title="bbox 985 2142 1771 2187">
     <span class='ocr_line' id='line_1_89' title="bbox 985 2142 1771 2187; baseline -0.009 -8"><span class='ocrx_word' id='word_1_661' title='bbox 985 2151 1078 2187; x_wconf 81' lang='lat' dir='ltr'><strong>Neque</strong></span> <span class='ocrx_word' id='word_1_662' title='bbox 1088 2142 1166 2178; x_wconf 18' lang='lat' dir='ltr'><strong>enim!</strong></span> <span class='ocrx_word' id='word_1_663' title='bbox 1177 2151 1224 2177; x_wconf 75' lang='lat' dir='ltr'><strong>lux</strong></span> <span class='ocrx_word' id='word_1_664' title='bbox 1239 2148 1352 2185; x_wconf 86' lang='lat' dir='ltr'><strong>propria</strong></span> <span class='ocrx_word' id='word_1_665' title='bbox 1365 2151 1409 2176; x_wconf 88' lang='lat' dir='ltr'><strong>est</strong></span> <span class='ocrx_word' id='word_1_666' title='bbox 1424 2148 1555 2179; x_wconf 66' lang='lat' dir='ltr'><strong>lucernae,</strong></span> <span class='ocrx_word' id='word_1_667' title='bbox 1564 2154 1654 2182; x_wconf 89' lang='lat' dir='ltr'><strong>neque</strong></span> <span class='ocrx_word' id='word_1_668' title='bbox 1665 2145 1771 2174; x_wconf 87' lang='lat' dir='ltr'><strong>sanctis</strong></span> 
     </span>
    </p>
   </div>
   <div class='ocr_carea' id='block_1_90' title="bbox 984 2191 1770 2226">
    <p class='ocr_par' dir='ltr' id='par_1_90' title="bbox 984 2191 1770 2226">
     <span class='ocr_line' id='line_1_90' title="bbox 984 2191 1770 2226; baseline -0.005 -4"><span class='ocrx_word' id='word_1_669' title='bbox 984 2195 1162 2226; x_wconf 87' lang='lat' dir='ltr'><strong>illuminatio,</strong></span> <span class='ocrx_word' id='word_1_670' title='bbox 1181 2193 1230 2222; x_wconf 88' lang='lat' dir='ltr'><strong>sed</strong></span> <span class='ocrx_word' id='word_1_671' title='bbox 1243 2193 1371 2221; x_wconf 88' lang='lat' dir='ltr'><strong>veritatis</strong></span> <span class='ocrx_word' id='word_1_672' title='bbox 1396 2192 1599 2220; x_wconf 87' lang='lat' dir='ltr'><strong>illuminatione</strong></span> <span class='ocrx_word' id='word_1_673' title='bbox 1623 2191 1770 2226; x_wconf 87' lang='lat' dir='ltr'><strong>splenden-</strong></span> 
     </span>
    </p>
   </div>
   <div class='ocr_carea' id='block_1_91' title="bbox 147 2237 927 2283">
    <p class='ocr_par' dir='ltr' id='par_1_91' title="bbox 147 2243 927 2283">
     <span class='ocr_line' id='line_1_91' title="bbox 147 2243 927 2283; baseline -0.009 -7"><span class='ocrx_word' id='word_1_674' title='bbox 147 2249 206 2283; x_wconf 78' lang='grc' dir='ltr'>φῶς</span> <span class='ocrx_word' id='word_1_675' title='bbox 222 2249 247 2275; x_wconf 81' lang='grc' dir='ltr'>οἱ</span> <span class='ocrx_word' id='word_1_676' title='bbox 264 2248 346 2282; x_wconf 67' lang='grc' dir='ltr'>ἅγιοι,</span> <span class='ocrx_word' id='word_1_677' title='bbox 361 2247 408 2274; x_wconf 76' lang='grc' dir='ltr'><strong>καὶ</strong></span> <span class='ocrx_word' id='word_1_678' title='bbox 415 2246 511 2281; x_wconf 86' lang='grc' dir='ltr'>λύχνος</span> <span class='ocrx_word' id='word_1_679' title='bbox 523 2246 537 2271; x_wconf 91' lang='lat'><strong>6</strong></span> <span class='ocrx_word' id='word_1_680' title='bbox 548 2244 712 2280; x_wconf 78' lang='grc' dir='ltr'>Βαπτιστὴς,</span> <span class='ocrx_word' id='word_1_681' title='bbox 726 2243 775 2279; x_wconf 80' lang='grc' dir='ltr'>τὴν</span> <span class='ocrx_word' id='word_1_682' title='bbox 787 2243 830 2270; x_wconf 76' lang='grc' dir='ltr'><strong>ἐπ’</strong></span> <span class='ocrx_word' id='word_1_683' title='bbox 842 2243 927 2274; x_wconf 62' lang='grc' dir='ltr'>αὐτοῖς</span> 
     </span>
    </p>
   </div>
   <div class='ocr_carea' id='block_1_92' title="bbox 978 2237 1770 2283">
    <p class='ocr_par' dir='ltr' id='par_1_92' title="bbox 987 2237 1770 2275">
     <span class='ocr_line' id='line_1_92' title="bbox 987 2237 1770 2275; baseline -0.006 -6"><span class='ocrx_word' id='word_1_684' title='bbox 987 2246 1038 2273; x_wconf 87' lang='lat' dir='ltr'><strong>tes,</strong></span> <span class='ocrx_word' id='word_1_685' title='bbox 1054 2245 1081 2269; x_wconf 91' lang='lat' dir='ltr'><strong>et</strong></span> <span class='ocrx_word' id='word_1_686' title='bbox 1103 2240 1246 2275; x_wconf 87' lang='lat' dir='ltr'><strong>conspicui</strong></span> <span class='ocrx_word' id='word_1_687' title='bbox 1270 2239 1335 2267; x_wconf 79' lang='lat' dir='ltr'><strong>facti</strong></span> <span class='ocrx_word' id='word_1_688' title='bbox 1355 2242 1431 2271; x_wconf 88' lang='lat' dir='ltr'><strong>sunt,</strong></span> <span class='ocrx_word' id='word_1_689' title='bbox 1446 2242 1472 2266; x_wconf 90' lang='lat' dir='ltr'><strong>et</strong></span> <span class='ocrx_word' id='word_1_690' title='bbox 1490 2237 1638 2265; x_wconf 83' lang='lat' dir='ltr'><strong>luminaria</strong></span> <span class='ocrx_word' id='word_1_691' title='bbox 1662 2241 1727 2265; x_wconf 79' lang='lat' dir='ltr'><strong>sunt</strong></span> <span class='ocrx_word' id='word_1_692' title='bbox 1743 2237 1770 2264; x_wconf 89' lang='lat' dir='ltr'><strong>in</strong></span> 
     </span>
    </p>
   </div>
   <div class='ocr_carea' id='block_1_93' title="bbox 147 2288 935 2329">
    <p class='ocr_par' dir='ltr' id='par_1_93' title="bbox 147 2288 935 2329">
     <span class='ocr_line' id='line_1_93' title="bbox 147 2288 935 2329; baseline -0.01 -7"><span class='ocrx_word' id='word_1_693' title='bbox 147 2296 198 2322; x_wconf 84' lang='grc' dir='ltr'>οὐκ</span> <span class='ocrx_word' id='word_1_694' title='bbox 213 2295 383 2329; x_wconf 75' lang='grc' dir='ltr'>ἀγνοήσομεν</span> <span class='ocrx_word' id='word_1_695' title='bbox 400 2292 489 2328; x_wconf 83' lang='grc' dir='ltr'>χάριν,</span> <span class='ocrx_word' id='word_1_696' title='bbox 506 2291 553 2318; x_wconf 78' lang='grc' dir='ltr'>καὶ</span> <span class='ocrx_word' id='word_1_697' title='bbox 566 2290 615 2325; x_wconf 87' lang='grc' dir='ltr'>τὴν</span> <span class='ocrx_word' id='word_1_698' title='bbox 626 2290 680 2317; x_wconf 75' lang='grc' dir='ltr'><strong>ἀπὸ</strong></span> <span class='ocrx_word' id='word_1_699' title='bbox 692 2289 740 2316; x_wconf 81' lang='grc' dir='ltr'><strong>τοῦ</strong></span> <span class='ocrx_word' id='word_1_700' title='bbox 753 2288 840 2324; x_wconf 79' lang='grc' dir='ltr'>φωτὸς</span> <span class='ocrx_word' id='word_1_701' title='bbox 852 2297 935 2324; x_wconf 87' lang='grc' dir='ltr'>χορη-</span> 
     </span>
    </p>
   </div>
   <div class='ocr_carea' id='block_1_94' title="bbox 147 2334 934 2375">
    <p class='ocr_par' dir='ltr' id='par_1_94' title="bbox 147 2334 934 2375">
     <span class='ocr_line' id='line_1_94' title="bbox 147 2334 934 2375; baseline -0.009 -7"><span class='ocrx_word' id='word_1_702' title='bbox 147 2341 220 2375; x_wconf 89' lang='grc' dir='ltr'>γίαν.</span> <span class='ocrx_word' id='word_1_703' title='bbox 234 2340 303 2367; x_wconf 74' lang='grc' dir='ltr'>οὔτε</span> <span class='ocrx_word' id='word_1_704' title='bbox 320 2339 373 2374; x_wconf 75' lang='grc' dir='ltr'>γὰρ</span> <span class='ocrx_word' id='word_1_705' title='bbox 387 2339 451 2365; x_wconf 77' lang='grc' dir='ltr'>ἴδιον</span> <span class='ocrx_word' id='word_1_706' title='bbox 465 2338 495 2364; x_wconf 82' lang='grc' dir='ltr'>ὲν</span> <span class='ocrx_word' id='word_1_707' title='bbox 514 2336 552 2372; x_wconf 84' lang='grc' dir='ltr'>τῷ</span> <span class='ocrx_word' id='word_1_708' title='bbox 573 2336 661 2372; x_wconf 88' lang='grc' dir='ltr'>λύχνῳ</span> <span class='ocrx_word' id='word_1_709' title='bbox 678 2336 708 2362; x_wconf 81' lang='grc' dir='ltr'>τὸ</span> <span class='ocrx_word' id='word_1_710' title='bbox 720 2335 787 2369; x_wconf 84' lang='grc' dir='ltr'>φῶς,</span> <span class='ocrx_word' id='word_1_711' title='bbox 801 2334 863 2362; x_wconf 78' lang='grc' dir='ltr'>οὕτε</span> <span class='ocrx_word' id='word_1_712' title='bbox 881 2335 934 2371; x_wconf 83' lang='grc' dir='ltr'><strong>μὴν</strong></span> 
     </span>
    </p>
   </div>
   <div class='ocr_carea' id='block_1_95' title="bbox 147 2379 935 2418">
    <p class='ocr_par' dir='ltr' id='par_1_95' title="bbox 147 2379 935 2418">
     <span class='ocr_line' id='line_1_95' title="bbox 147 2379 935 2418; baseline -0.009 -5"><span class='ocrx_word' id='word_1_713' title='bbox 147 2387 177 2412; x_wconf 71' lang='grc' dir='ltr'>ἐν</span> <span class='ocrx_word' id='word_1_714' title='bbox 205 2386 263 2417; x_wconf 77' lang='grc' dir='ltr'>τοῖς</span> <span class='ocrx_word' id='word_1_715' title='bbox 292 2384 379 2418; x_wconf 80' lang='grc' dir='ltr'>ἁγίοις</span> <span class='ocrx_word' id='word_1_716' title='bbox 406 2383 422 2410; x_wconf 86' lang='grc' dir='ltr'><strong>ό</strong></span> <span class='ocrx_word' id='word_1_717' title='bbox 444 2381 592 2418; x_wconf 70' lang='grc' dir='ltr'>ῳιοτισμὸς,</span> <span class='ocrx_word' id='word_1_718' title='bbox 609 2380 677 2407; x_wconf 81' lang='grc' dir='ltr'>ἀλλὰ</span> <span class='ocrx_word' id='word_1_719' title='bbox 692 2382 726 2416; x_wconf 86' lang='grc' dir='ltr'>τῇ</span> <span class='ocrx_word' id='word_1_720' title='bbox 745 2380 794 2416; x_wconf 85' lang='grc' dir='ltr'>τῆς</span> <span class='ocrx_word' id='word_1_721' title='bbox 806 2379 935 2416; x_wconf 80' lang='grc' dir='ltr'>ἀληθείας</span> 
     </span>
    </p>
   </div>
   <div class='ocr_carea' id='block_1_96' title="bbox 148 2425 936 2466">
    <p class='ocr_par' dir='ltr' id='par_1_96' title="bbox 148 2425 936 2466">
     <span class='ocr_line' id='line_1_96' title="bbox 148 2425 936 2466; baseline -0.008 -9"><span class='ocrx_word' id='word_1_722' title='bbox 148 2430 282 2466; x_wconf 71' lang='grc' dir='ltr'>ἐλλάμψει</span> <span class='ocrx_word' id='word_1_723' title='bbox 308 2428 425 2464; x_wconf 79' lang='grc' dir='ltr'>φαιδροὶ,</span> <span class='ocrx_word' id='word_1_724' title='bbox 455 2427 502 2454; x_wconf 73' lang='grc' dir='ltr'>καὶ</span> <span class='ocrx_word' id='word_1_725' title='bbox 518 2426 657 2461; x_wconf 79' lang='grc' dir='ltr'>διαφανεῖς</span> <span class='ocrx_word' id='word_1_726' title='bbox 677 2425 873 2456; x_wconf 74' lang='grc' dir='ltr'>ἀνεδείκνυντο,</span> <span class='ocrx_word' id='word_1_727' title='bbox 888 2425 936 2452; x_wconf 76' lang='grc' dir='ltr'>καὶ</span> 
     </span>
    </p>
   </div>
   <div class='ocr_carea' id='block_1_97' title="bbox 149 2470 936 2511">
    <p class='ocr_par' dir='ltr' id='par_1_97' title="bbox 149 2470 936 2511">
     <span class='ocr_line' id='line_1_97' title="bbox 149 2470 936 2511; baseline -0.008 -9"><span class='ocrx_word' id='word_1_728' title='bbox 149 2475 294 2511; x_wconf 81' lang='grc' dir='ltr'>φωστῆρές</span> <span class='ocrx_word' id='word_1_729' title='bbox 311 2475 379 2501; x_wconf 79' lang='grc' dir='ltr'>εἰσιν</span> <span class='ocrx_word' id='word_1_730' title='bbox 392 2474 420 2500; x_wconf 79' lang='grc' dir='ltr'>ὲν</span> <span class='ocrx_word' id='word_1_731' title='bbox 437 2473 531 2508; x_wconf 83' lang='grc' dir='ltr'>κόσμῳ</span> <span class='ocrx_word' id='word_1_732' title='bbox 540 2472 620 2506; x_wconf 87' lang='grc' dir='ltr'>λόγον</span> <span class='ocrx_word' id='word_1_733' title='bbox 633 2471 705 2506; x_wconf 79' lang='grc' dir='ltr'>ζωῆς</span> <span class='ocrx_word' id='word_1_734' title='bbox 721 2470 936 2506; x_wconf 82' lang='grc' dir='ltr'>ὲπέχοντες.Καὶ</span> 
     </span>
    </p>
   </div>
   <div class='ocr_carea' id='block_1_98' title="bbox 148 2514 934 2556">
    <p class='ocr_par' dir='ltr' id='par_1_98' title="bbox 148 2514 934 2556">
     <span class='ocr_line' id='line_1_98' title="bbox 148 2514 934 2556; baseline -0.008 -9"><span class='ocrx_word' id='word_1_735' title='bbox 148 2522 190 2553; x_wconf 80' lang='grc' dir='ltr'><strong>τίς</strong></span> <span class='ocrx_word' id='word_1_736' title='bbox 205 2522 223 2556; x_wconf 89' lang='grc' dir='ltr'>ὴ</span> <span class='ocrx_word' id='word_1_737' title='bbox 238 2520 306 2556; x_wconf 80' lang='grc' dir='ltr'>ζωὴ,</span> <span class='ocrx_word' id='word_1_738' title='bbox 321 2517 355 2556; x_wconf 83' lang='grc' dir='ltr'>ἦς</span> <span class='ocrx_word' id='word_1_739' title='bbox 371 2519 416 2545; x_wconf 70' lang='grc' dir='ltr'><strong>τὸν</strong></span> <span class='ocrx_word' id='word_1_740' title='bbox 429 2518 509 2553; x_wconf 84' lang='grc' dir='ltr'>λόγον</span> <span class='ocrx_word' id='word_1_741' title='bbox 522 2517 664 2553; x_wconf 76' lang='grc' dir='ltr'>ἐπέχοντες</span> <span class='ocrx_word' id='word_1_742' title='bbox 674 2514 856 2551; x_wconf 76' lang='grc' dir='ltr'>ἐχρημάτιζον</span> <span class='ocrx_word' id='word_1_743' title='bbox 866 2515 934 2550; x_wconf 82' lang='grc' dir='ltr'>φῶς,</span> 
     </span>
    </p>
   </div>
   <div class='ocr_carea' id='block_1_99' title="bbox 148 2561 936 2603">
    <p class='ocr_par' dir='ltr' id='par_1_99' title="bbox 148 2561 936 2603">
     <span class='ocr_line' id='line_1_99' title="bbox 148 2561 936 2603; baseline -0.009 -10"><span class='ocrx_word' id='word_1_744' title='bbox 148 2568 165 2603; x_wconf 74' lang='grc' dir='ltr'>ἢ</span> <span class='ocrx_word' id='word_1_745' title='bbox 178 2568 287 2598; x_wconf 79' lang='grc' dir='ltr'>πάντως</span> <span class='ocrx_word' id='word_1_746' title='bbox 301 2565 381 2597; x_wconf 75' lang='grc' dir='ltr'>αὐτὸς</span> <span class='ocrx_word' id='word_1_747' title='bbox 394 2566 408 2592; x_wconf 84' lang='lat'><strong>6</strong></span> <span class='ocrx_word' id='word_1_748' title='bbox 420 2563 584 2600; x_wconf 76' lang='grc' dir='ltr'>Μονογενὴς,</span> <span class='ocrx_word' id='word_1_749' title='bbox 599 2564 614 2590; x_wconf 92' lang='lat'><strong>6</strong></span> <span class='ocrx_word' id='word_1_750' title='bbox 629 2562 724 2598; x_wconf 80' lang='grc' dir='ltr'>λέγων·</span> <span class='ocrx_word' id='word_1_751' title='bbox 746 2573 754 2588; x_wconf 81' lang='grc' dir='ltr'><strong>ι</strong></span> <span class='ocrx_word' id='word_1_752' title='bbox 765 2561 837 2597; x_wconf 81' lang='grc' dir='ltr'><strong>Ἐγώ</strong></span> <span class='ocrx_word' id='word_1_753' title='bbox 851 2562 907 2597; x_wconf 77' lang='grc' dir='ltr'>εἰμι</span> <span class='ocrx_word' id='word_1_754' title='bbox 919 2562 936 2597; x_wconf 87' lang='grc' dir='ltr'>ἡ</span> 
     </span>
    </p>
   </div>
   <div class='ocr_carea' id='block_1_100' title="bbox 987 2283 1772 2319">
    <p class='ocr_par' dir='ltr' id='par_1_100' title="bbox 987 2283 1772 2319">
     <span class='ocr_line' id='line_1_100' title="bbox 987 2283 1772 2319; baseline -0.005 -5"><span class='ocrx_word' id='word_1_755' title='bbox 987 2287 1089 2314; x_wconf 90' lang='lat' dir='ltr'><strong>mundo</strong></span> <span class='ocrx_word' id='word_1_756' title='bbox 1097 2287 1160 2314; x_wconf 57' lang='lat' dir='ltr'><strong>vitae</strong></span> <span class='ocrx_word' id='word_1_757' title='bbox 1170 2293 1325 2314; x_wconf 88' lang='lat' dir='ltr'><strong>sermonem</strong></span> <span class='ocrx_word' id='word_1_758' title='bbox 1338 2285 1500 2313; x_wconf 87' lang='lat' dir='ltr'><strong>retinentes.</strong></span> <span class='ocrx_word' id='word_1_759' title='bbox 1512 2283 1575 2311; x_wconf 87' lang='lat' dir='ltr'><strong>Vita</strong></span> <span class='ocrx_word' id='word_1_760' title='bbox 1588 2287 1679 2311; x_wconf 88' lang='lat' dir='ltr'><strong>autem</strong></span> <span class='ocrx_word' id='word_1_761' title='bbox 1692 2283 1772 2319; x_wconf 78' lang='lat' dir='ltr'><strong>cujus</strong></span> 
     </span>
    </p>
   </div>
   <div class='ocr_carea' id='block_1_101' title="bbox 987 2329 1772 2365">
    <p class='ocr_par' dir='ltr' id='par_1_101' title="bbox 987 2329 1772 2365">
     <span class='ocr_line' id='line_1_101' title="bbox 987 2329 1772 2365; baseline -0.006 -4"><span class='ocrx_word' id='word_1_762' title='bbox 987 2334 1015 2361; x_wconf 91' lang='lat' dir='ltr'><strong>in</strong></span> <span class='ocrx_word' id='word_1_763' title='bbox 1043 2341 1072 2361; x_wconf 88' lang='lat' dir='ltr'><strong>se</strong></span> <span class='ocrx_word' id='word_1_764' title='bbox 1088 2332 1219 2360; x_wconf 90' lang='lat' dir='ltr'><strong>dicuntur</strong></span> <span class='ocrx_word' id='word_1_765' title='bbox 1247 2331 1349 2359; x_wconf 87' lang='lat' dir='ltr'><strong>habere</strong></span> <span class='ocrx_word' id='word_1_766' title='bbox 1377 2338 1543 2363; x_wconf 87' lang='lat' dir='ltr'><strong>sermonem,</strong></span> <span class='ocrx_word' id='word_1_767' title='bbox 1567 2337 1694 2365; x_wconf 67' lang='lat' dir='ltr'><strong>quaenam</strong></span> <span class='ocrx_word' id='word_1_768' title='bbox 1719 2329 1772 2356; x_wconf 88' lang='lat' dir='ltr'><strong>alia</strong></span> 
     </span>
    </p>
   </div>
   <div class='ocr_carea' id='block_1_102' title="bbox 987 2374 1772 2415">
    <p class='ocr_par' dir='ltr' id='par_1_102' title="bbox 987 2374 1772 2415">
     <span class='ocr_line' id='line_1_102' title="bbox 987 2374 1772 2415; baseline -0.009 -7"><span class='ocrx_word' id='word_1_769' title='bbox 987 2387 1050 2408; x_wconf 88' lang='lat' dir='ltr'><strong>esse</strong></span> <span class='ocrx_word' id='word_1_770' title='bbox 1065 2383 1167 2415; x_wconf 86' lang='lat' dir='ltr'><strong>potest,</strong></span> <span class='ocrx_word' id='word_1_771' title='bbox 1180 2385 1261 2414; x_wconf 86' lang='lat' dir='ltr'><strong>quam</strong></span> <span class='ocrx_word' id='word_1_772' title='bbox 1274 2376 1438 2413; x_wconf 76' lang='lat' dir='ltr'><strong>Unigenitus</strong></span> <span class='ocrx_word' id='word_1_773' title='bbox 1453 2381 1528 2404; x_wconf 88' lang='lat' dir='ltr'><strong>certe</strong></span> <span class='ocrx_word' id='word_1_774' title='bbox 1545 2376 1613 2411; x_wconf 85' lang='lat' dir='ltr'><strong>ipse,</strong></span> <span class='ocrx_word' id='word_1_775' title='bbox 1631 2375 1677 2410; x_wconf 87' lang='lat' dir='ltr'><strong>qui</strong></span> <span class='ocrx_word' id='word_1_776' title='bbox 1694 2374 1728 2402; x_wconf 91' lang='lat' dir='ltr'><strong>de</strong></span> <span class='ocrx_word' id='word_1_777' title='bbox 1742 2382 1772 2402; x_wconf 84' lang='lat' dir='ltr'><strong>se</strong></span> 
     </span>
    </p>
   </div>
   <div class='ocr_carea' id='block_1_103' title="bbox 987 2420 1772 2461">
    <p class='ocr_par' dir='ltr' id='par_1_103' title="bbox 987 2420 1772 2461">
     <span class='ocr_line' id='line_1_103' title="bbox 987 2420 1772 2461; baseline -0.006 -9"><span class='ocrx_word' id='word_1_778' title='bbox 987 2425 1036 2458; x_wconf 86' lang='lat' dir='ltr'><strong>ait,</strong></span> <span class='ocrx_word' id='word_1_779' title='bbox 1055 2434 1065 2451; x_wconf 76' lang='grc' dir='ltr'><strong>ι</strong></span> <span class='ocrx_word' id='word_1_780' title='bbox 1081 2424 1137 2461; x_wconf 75' lang='grc' dir='ltr'>Εεο</span> <span class='ocrx_word' id='word_1_781' title='bbox 1155 2432 1215 2452; x_wconf 89' lang='lat' dir='ltr'><strong>sum</strong></span> <span class='ocrx_word' id='word_1_782' title='bbox 1239 2424 1294 2451; x_wconf 84' lang='lat' dir='ltr'><strong>vita</strong></span> <span class='ocrx_word' id='word_1_783' title='bbox 1316 2423 1359 2449; x_wconf 70' lang='lat'><strong>&quot;1&#39;</strong></span> <span class='ocrx_word' id='word_1_784' title='bbox 1383 2432 1393 2448; x_wconf 71' lang='grc' dir='ltr'><strong>ι</strong></span> <span class='ocrx_word' id='word_1_785' title='bbox 1415 2422 1499 2458; x_wconf 72' lang='lat' dir='ltr'><strong>Igitur</strong></span> <span class='ocrx_word' id='word_1_786' title='bbox 1527 2429 1580 2449; x_wconf 88' lang='lat' dir='ltr'><strong>una</strong></span> <span class='ocrx_word' id='word_1_787' title='bbox 1599 2420 1710 2456; x_wconf 86' lang='lat' dir='ltr'><strong>quidem</strong></span> <span class='ocrx_word' id='word_1_788' title='bbox 1729 2424 1772 2448; x_wconf 88' lang='lat' dir='ltr'><strong>est</strong></span> 
     </span>
    </p>
   </div>
   <div class='ocr_carea' id='block_1_104' title="bbox 988 2467 1771 2507">
    <p class='ocr_par' dir='ltr' id='par_1_104' title="bbox 988 2467 1771 2507">
     <span class='ocr_line' id='line_1_104' title="bbox 988 2467 1771 2507; baseline -0.008 -7"><span class='ocrx_word' id='word_1_789' title='bbox 988 2479 1084 2507; x_wconf 88' lang='lat' dir='ltr'><strong>reapse</strong></span> <span class='ocrx_word' id='word_1_790' title='bbox 1115 2479 1179 2499; x_wconf 86' lang='lat' dir='ltr'><strong>vera</strong></span> <span class='ocrx_word' id='word_1_791' title='bbox 1212 2471 1270 2503; x_wconf 79' lang='lat' dir='ltr'><strong>lux,</strong></span> <span class='ocrx_word' id='word_1_792' title='bbox 1305 2470 1472 2501; x_wconf 89' lang='lat' dir='ltr'><strong>illuminans,</strong></span> <span class='ocrx_word' id='word_1_793' title='bbox 1506 2475 1561 2496; x_wconf 89' lang='lat' dir='ltr'><strong>non</strong></span> <span class='ocrx_word' id='word_1_794' title='bbox 1590 2467 1771 2495; x_wconf 84' lang='lat' dir='ltr'><strong>illuminata:</strong></span> 
     </span>
    </p>
   </div>
   <div class='ocr_carea' id='block_1_105' title="bbox 990 2512 1772 2550">
    <p class='ocr_par' dir='ltr' id='par_1_105' title="bbox 990 2512 1772 2550">
     <span class='ocr_line' id='line_1_105' title="bbox 990 2512 1772 2550; baseline -0.006 -6"><span class='ocrx_word' id='word_1_795' title='bbox 990 2516 1071 2544; x_wconf 89' lang='lat' dir='ltr'><strong>unius</strong></span> <span class='ocrx_word' id='word_1_796' title='bbox 1086 2520 1176 2543; x_wconf 86' lang='lat' dir='ltr'><strong>autem</strong></span> <span class='ocrx_word' id='word_1_797' title='bbox 1191 2515 1399 2550; x_wconf 88' lang='lat' dir='ltr'><strong>participatione</strong></span> <span class='ocrx_word' id='word_1_798' title='bbox 1407 2513 1539 2549; x_wconf 90' lang='lat' dir='ltr'><strong>quidquid</strong></span> <span class='ocrx_word' id='word_1_799' title='bbox 1553 2513 1600 2540; x_wconf 79' lang='lat' dir='ltr'><strong>lux</strong></span> <span class='ocrx_word' id='word_1_800' title='bbox 1608 2512 1772 2546; x_wconf 78' lang='lat' dir='ltr'><strong>dicitur,lux</strong></span> 
     </span>
    </p>
   </div>
   <div class='ocr_carea' id='block_1_106' title="bbox 992 2559 1588 2598">
    <p class='ocr_par' dir='ltr' id='par_1_106' title="bbox 992 2559 1588 2598">
     <span class='ocr_line' id='line_1_106' title="bbox 992 2559 1588 2598; baseline -0.005 -9"><span class='ocrx_word' id='word_1_801' title='bbox 992 2569 1040 2598; x_wconf 86' lang='lat' dir='ltr'><strong>per</strong></span> <span class='ocrx_word' id='word_1_802' title='bbox 1056 2561 1234 2588; x_wconf 83' lang='lat' dir='ltr'><strong>imitationem</strong></span> <span class='ocrx_word' id='word_1_803' title='bbox 1250 2561 1324 2589; x_wconf 92' lang='lat' dir='ltr'><strong>illius</strong></span> <span class='ocrx_word' id='word_1_804' title='bbox 1343 2568 1405 2589; x_wconf 88' lang='lat' dir='ltr'><strong>esse</strong></span> <span class='ocrx_word' id='word_1_805' title='bbox 1421 2559 1588 2588; x_wconf 89' lang='lat' dir='ltr'><strong>censebitur.</strong></span> 
     </span>
    </p>
   </div>
   <div class='ocr_carea' id='block_1_107' title="bbox 149 2605 1772 2648">
    <p class='ocr_par' dir='ltr' id='par_1_107' title="bbox 149 2605 1772 2648">
     <span class='ocr_line' id='line_1_107' title="bbox 149 2605 1772 2648; baseline -0.005 -8"><span class='ocrx_word' id='word_1_806' title='bbox 149 2613 205 2648; x_wconf 82' lang='grc' dir='ltr'>ζωή</span> <span class='ocrx_word' id='word_1_807' title='bbox 221 2622 228 2645; x_wconf 85' lang='lat'><strong>;</strong></span> <span class='ocrx_word' id='word_1_808' title='bbox 250 2622 260 2638; x_wconf 83' lang='lat'><strong>)</strong></span> <span class='ocrx_word' id='word_1_809' title='bbox 276 2612 391 2644; x_wconf 79' lang='grc' dir='ltr'>Οὐκοῦν,</span> <span class='ocrx_word' id='word_1_810' title='bbox 408 2611 437 2638; x_wconf 82' lang='grc' dir='ltr'>ἓν</span> <span class='ocrx_word' id='word_1_811' title='bbox 452 2611 499 2647; x_wconf 79' lang='grc' dir='ltr'>μὲν</span> <span class='ocrx_word' id='word_1_812' title='bbox 512 2610 595 2642; x_wconf 77' lang='grc' dir='ltr'>ὅντως</span> <span class='ocrx_word' id='word_1_813' title='bbox 606 2609 663 2636; x_wconf 68' lang='grc' dir='ltr'>ἐστὶ</span> <span class='ocrx_word' id='word_1_814' title='bbox 676 2609 706 2635; x_wconf 81' lang='grc' dir='ltr'>τὸ</span> <span class='ocrx_word' id='word_1_815' title='bbox 723 2608 794 2635; x_wconf 80' lang='grc' dir='ltr'>κατὰ</span> <span class='ocrx_word' id='word_1_816' title='bbox 806 2607 934 2643; x_wconf 82' lang='grc' dir='ltr'>ἀλήθειαν</span> <span class='ocrx_word' id='word_1_817' title='bbox 953 2608 1020 2643; x_wconf 76' lang='grc' dir='ltr'>φῶς,</span> <span class='ocrx_word' id='word_1_818' title='bbox 1032 2607 1157 2644; x_wconf 76' lang='grc' dir='ltr'>φωτίζον,</span> <span class='ocrx_word' id='word_1_819' title='bbox 1169 2608 1199 2634; x_wconf 80' lang='grc' dir='ltr'><strong>ού</strong></span> <span class='ocrx_word' id='word_1_820' title='bbox 1212 2607 1402 2644; x_wconf 79' lang='grc' dir='ltr'>φωτιζόμενον·</span> <span class='ocrx_word' id='word_1_821' title='bbox 1422 2608 1454 2643; x_wconf 81' lang='grc' dir='ltr'><strong>τῇ</strong></span> <span class='ocrx_word' id='word_1_822' title='bbox 1474 2607 1501 2634; x_wconf 84' lang='grc' dir='ltr'>δὲ</span> <span class='ocrx_word' id='word_1_823' title='bbox 1515 2605 1563 2633; x_wconf 78' lang='grc' dir='ltr'>τοῦ</span> <span class='ocrx_word' id='word_1_824' title='bbox 1582 2605 1640 2639; x_wconf 75' lang='grc' dir='ltr'>ἑνὸς</span> <span class='ocrx_word' id='word_1_825' title='bbox 1659 2605 1772 2643; x_wconf 78' lang='grc' dir='ltr'><strong>μετοχῇ²</strong></span> 
     </span>
    </p>
   </div>
   <div class='ocr_carea' id='block_1_108' title="bbox 150 2654 1222 2693">
    <p class='ocr_par' dir='ltr' id='par_1_108' title="bbox 150 2654 1222 2693">
     <span class='ocr_line' id='line_1_108' title="bbox 150 2654 1222 2693; baseline -0.008 -4"><span class='ocrx_word' id='word_1_826' title='bbox 150 2663 204 2689; x_wconf 77' lang='grc' dir='ltr'>πᾶν</span> <span class='ocrx_word' id='word_1_827' title='bbox 233 2659 285 2687; x_wconf 86' lang='grc' dir='ltr'>εἴτι</span> <span class='ocrx_word' id='word_1_828' title='bbox 310 2659 422 2693; x_wconf 79' lang='grc' dir='ltr'>λέγεται</span> <span class='ocrx_word' id='word_1_829' title='bbox 437 2657 504 2693; x_wconf 83' lang='grc' dir='ltr'>φῶς,</span> <span class='ocrx_word' id='word_1_830' title='bbox 532 2656 601 2684; x_wconf 85' lang='grc' dir='ltr'>κατὰ</span> <span class='ocrx_word' id='word_1_831' title='bbox 615 2655 730 2692; x_wconf 85' lang='grc' dir='ltr'>μίμησιν</span> <span class='ocrx_word' id='word_1_832' title='bbox 746 2654 795 2691; x_wconf 81' lang='grc' dir='ltr'>τὴν</span> <span class='ocrx_word' id='word_1_833' title='bbox 812 2655 850 2687; x_wconf 82' lang='grc' dir='ltr'>ὡς</span> <span class='ocrx_word' id='word_1_834' title='bbox 865 2654 934 2690; x_wconf 77' lang='grc' dir='ltr'>πρὸς</span> <span class='ocrx_word' id='word_1_835' title='bbox 952 2656 1039 2682; x_wconf 81' lang='grc' dir='ltr'>ἐκεῖνο</span> <span class='ocrx_word' id='word_1_836' title='bbox 1052 2654 1222 2690; x_wconf 82' lang='grc' dir='ltr'>νοηθήσεται.</span> 
     </span>
    </p>
   </div>
   <div class='ocr_carea' id='block_1_109' title="bbox 185 2735 927 2776">
    <p class='ocr_par' dir='ltr' id='par_1_109' title="bbox 185 2737 927 2776">
     <span class='ocr_line' id='line_1_109' title="bbox 185 2737 927 2776; baseline -0.008 -5"><span class='ocrx_word' id='word_1_837' title='bbox 185 2741 207 2759; x_wconf 71' lang='grc'><strong>⁸⁸</strong></span> <span class='ocrx_word' id='word_1_838' title='bbox 226 2742 323 2771; x_wconf 80' lang='lat' dir='ltr'><strong>Matth.</strong></span> <span class='ocrx_word' id='word_1_839' title='bbox 338 2750 366 2776; x_wconf 89' lang='lat' dir='ltr'><strong>v,</strong></span> <span class='ocrx_word' id='word_1_840' title='bbox 383 2741 426 2770; x_wconf 74' lang='grc' dir='ltr'><strong>Η.</strong></span> <span class='ocrx_word' id='word_1_841' title='bbox 465 2741 488 2758; x_wconf 86' lang='grc'><strong><em>³⁸</em></strong></span> <span class='ocrx_word' id='word_1_842' title='bbox 506 2741 578 2770; x_wconf 84' lang='lat' dir='ltr'><strong>Psal.</strong></span> <span class='ocrx_word' id='word_1_843' title='bbox 595 2748 677 2770; x_wconf 72' lang='lat' dir='ltr'><strong>exul</strong></span> <span class='ocrx_word' id='word_1_844' title='bbox 691 2759 698 2773; x_wconf 85' lang='lat'><strong>,</strong></span> <span class='ocrx_word' id='word_1_845' title='bbox 716 2739 759 2768; x_wconf 82' lang='grc' dir='ltr'><strong>ΓΙ.</strong></span> <span class='ocrx_word' id='word_1_846' title='bbox 800 2739 830 2755; x_wconf 78' lang='grc'><strong>³⁸</strong></span> <span class='ocrx_word' id='word_1_847' title='bbox 849 2737 927 2766; x_wconf 75' lang='lat' dir='ltr'><strong>Joan.</strong></span> 
     </span>
    </p>
   </div>
   <div class='ocr_carea' id='block_1_110' title="bbox 978 2735 1310 2776">
    <p class='ocr_par' dir='ltr' id='par_1_110' title="bbox 989 2735 1310 2767">
     <span class='ocr_line' id='line_1_110' title="bbox 989 2735 1310 2767; baseline -0.012 -2"><span class='ocrx_word' id='word_1_848' title='bbox 989 2737 1034 2765; x_wconf 80' lang='grc'><strong>55.</strong></span> <span class='ocrx_word' id='word_1_849' title='bbox 1073 2737 1095 2754; x_wconf 83' lang='grc'><strong>³⁷</strong></span> <span class='ocrx_word' id='word_1_850' title='bbox 1119 2737 1199 2764; x_wconf 78' lang='lat' dir='ltr'><strong>Jonn.</strong></span> <span class='ocrx_word' id='word_1_851' title='bbox 1215 2744 1270 2767; x_wconf 63' lang='grc' dir='ltr'>κη’,</span> <span class='ocrx_word' id='word_1_852' title='bbox 1284 2735 1310 2762; x_wconf 84' lang='grc'><strong>6.</strong></span> 
     </span>
    </p>
   </div>
  </div>
