2030 3122
270 175 317 203 m
594 205 596 207 τ

579 226 654 253 CAP.
678 224 746 252 VIII.

268 286 344 321 Quod
369 285 440 312 solus
466 284 519 321 Dei
537 282 623 321 Filius
648 282 763 321 sit_vrra
789 282 845 313 lux,
859 285 979 307 creatura
1003 288 1053 306 non

336 322 409 351 item,
427 328 484 346 cum
498 319 531 346 sit
547 318 613 345 lucis
632 317 771 352 particeps,
787 321 873 350 utpote
884 320 983 342 creata.

303 409 322 440 I,
338 408 365 436 9.
383 407 449 434 Erat
463 407 509 434 lux
525 415 594 434 vera.

303 453 609 490 Dii-inusevangelista
629 451 673 479 hic
693 449 798 478 utiliter
825 451 956 476 retractat
981 447 1053 483 quod

269 504 350 527 antea
376 499 482 526 dictum
507 502 560 526 est.
577 498 656 525 Clare
674 495 820 531 distinguit
836 501 928 522 veram
951 494 1052 526 lucem,

269 547 320 573 hoc
337 550 380 573 cst
399 544 588 580 Unigenitum,
608 543 642 570 ab
666 542 701 570 iis
714 549 775 577 qua:
789 549 842 568 non
873 543 938 568 sunt
958 540 1054 568 istius-

267 593 352 625 modi,
366 592 496 619 nimirum
516 590 662 618 crcaturis.
674 588 822 623 Distinguit
835 591 928 622 aperte
942 587 967 614 id
981 585 1053 621 quod

268 643 311 666 cst
329 643 428 665 natura
454 637 488 665 ab
503 645 536 664 co
562 635 634 672 quod
652 643 699 670 per
724 633 840 669 gratiam
859 632 950 667 :qnod
969 632 1055 666 parti-

268 685 375 720 cipatur
389 683 443 719 65
461 683 494 710 ab
517 690 550 710 eo
567 681 641 717 quod
657 680 804 716 participat
820 689 826 706 :
841 677 915 714 quod
933 678 1054 712 seipsmn

269 730 457 766 indigentibus
496 728 632 763 largitur,
665 726 702 754 ab
735 726 769 754 iis
813 725 913 760 quibus
946 723 1055 758 largitio

269 777 310 804 lit.
337 775 416 809 Quod
442 774 466 803 si
497 775 545 802 lux
583 781 647 800 vera
674 775 717 800 est
748 770 857 803 Filius,
879 769 955 797 nulla
991 775 1055 804 ergo

269 827 368 858 przetcr
390 821 481 856 ipsum
508 824 550 848 est
571 826 634 847 vcra
669 819 714 845 lux
742 827 748 845 :
775 824 865 852 neque
894 816 997 843 habent
1022 821 1055 842 ex

270 877 299 897 se
317 871 451 896 creaturae
466 871 496 894 ut
510 865 615 901 possint
630 871 692 892 esse
704 868 731 891 et
750 863 845 890 vocari
861 862 918 894 lux,
936 861 983 889 sed
1006 867 1056 888 nec

784 168 812 195 S.
831 167 970 195 CYIIILIJ
992 166 1224 195 ALEXANDRINI
1246 165 1391 194 AIICIIIEP

1839 161 1891 188 ΗΞ

1406 222 1528 249 ΚΕΦΛᾹ.
1548 222 1588 249 ιιι,

1107 279 1271 314 ’Ότιμόνος
1286 281 1301 307 ό
1321 279 1386 311 Υῐιῖ·ς
1401 279 1454 305 τοῦ
1468 278 1513 305 Θε(
1525 279 1541 305 ὗ
1555 277 1618 313 φῶς
1631 277 1714 314 ἐστιν
1726 274 1890 314 Δἀληθινὸν,

1140 315 1159 348 ἠ
1178 309 1220 340 ’δὲ
1242 309 1341 347 κτίσις
1368 309 1476 346 οὐκέτι,
1499 309 1594 348 prodig
1608 309 1836 346 Ncrayétoxoq,
1852 309 1892 343 ὡς

1140 349 1261 387 γενητή-

1139 403 1195 433 THoc
1205 405 1238 432 τὸ
1254 405 1316 440 φῶς
1332 405 1366 432 τὸ
1381 405 1537 438 ἀληθινόν.

1147 451 1375 487 Ἐπεξεργάζεται
1404 451 1487 478 πάλιν
1509 449 1649 485 χρησίμως
1664 448 1694 475 τδ
1719 447 1863 483 εἰρημένον
1879 446 1893 472 ὁ

1105 497 1246 530 θεσπέσιος
1263 497 1467 532 εὐαγγελιστής.
1481 495 1657 531 ’Λποδιορίζει
1673 494 1765 529 σαφῶς
1780 493 1809 519 τὸ
1821 492 1894 519 κατά

1105 544 1231 579 ἀλήθειαν
1240 544 1307 578 φῶς,
1323 544 1393 570 τοῦτ’
1411 544 1478 576 ἔστι,
1488 542 1532 569 τὸν
1545 542 1682 576 Μονογενῆ
1694 540 1747 566 τῶν
1760 539 1796 574 μὴ
1806 538 1894 569 οὕτως

1106 590 1232 625 ἐχόντων,
1247 589 1319 616 τοῦτ’
1327 589 1395 620 ἐστι,
1408 589 1462 615 τῶν
1471 587 1591 623 γενητῶν
1600 596 1606 603 ⁸
1619 586 1804 620 ἀποδιίστησιν
1811 586 1890 618 εναρν

1105 637 1161 671 γῶς
1170 637 1200 662 τὸ
1208 636 1345 671 φύσειτῶν
1352 636 1421 661 κατὰ
1431 635 1520 670 χάριν,
1530 634 1584 660 τῶν
1593 634 1620 660 ὲν
1629 632 1734 669 μεθέξει
1742 632 1772 658 τὸ
1782 629 1895 666 μετεχό-

1108 693 1196 720 μενον,
1211 683 1264 710 τῶν
1282 684 1310 709 ἐν
1321 683 1437 718 χορηγίᾳ.
1462 683 1492 709 τὸ
1505 683 1560 713 τοῖς
1576 680 1711 715 δεομένοις
1721 678 1800 706 ἑαυτὸ
1809 685 1895 713 χορ-[γι

1106 730 1181 765 γοῦν.
1189 729 1243 756 Καὶ
1252 730 1275 755 εί
1284 728 1340 764 φῶς
1353 730 1424 755 ἐστιν
1435 727 1578 763 ἁληθινδνό
1585 726 1659 758 Υἱὸς,
1672 725 1747 752 οὐδὲν
1758 724 1811 760 ἄρα
1828 721 1895 758 παρ’

1106 777 1187 804 αὑτὸν
1200 776 1261 803 κατ’
1274 775 1402 811 ἀλήθειαν
1419 775 1486 809 φῶς,
1507 773 1566 800 οὐδὲ
1588 772 1692 799 οἴκοθεν
1707 772 1763 806 ἔχει
1781 770 1897 804 δυνάμει

1108 823 1152 850 τὸς
1167 821 1235 850 εἶναι
1262 822 1308 849 καὶ
1320 821 1459 848 καλεῖσθαι
1482 819 1553 855 φῶς*
1574 819 1630 846 ἀλλ’
1646 818 1705 844 οῦδὲ
1723 818 1830 852 φύσεως
1846 816 1897 849 τῆς

1108 870 1175 901 ιδίας
1184 868 1295 895 ἐκδώσει
1304 867 1408 902 καρπὸν
1415 866 1449 892 τὰ
1459 865 1558 901 γενητὰ
1567 865 1611 892 τὸν
1618 864 1696 900 antas
1702 871 1790 898 μενον,
1802 861 1876 888 ὥσπε
1883 869 1898 895 ρ

270 923 303 942 ex
317 921 367 942 sua
383 917 483 940 natura
498 911 617 938 fructum
634 910 746 938 luminis
764 915 883 944 unquam
893 907 1034 936 ediderint
1048 916 1055 934 :

1113 915 1135 942 Ξὲ
1150 914 1180 947 ἑξ
1197 914 1246 940 οὐκ
1263 914 1346 940 ὄντων
1359 913 1442 942 ἐστὶν,
1458 911 1542 943 οὕτως
1559 912 1591 937 ὲκ
1613 909 1659 936 τοῦ
1676 909 1713 945 μὴ
1733 905 1803 935 εἶναι
1825 906 1896 941 φῶς.

271 960 319 988 sed
342 958 573 996 quemadmodum
601 960 666 985 sunt
685 963 718 984 ex
738 955 837 988 nihilo,
853 955 894 982 sic
919 961 981 982 cum
999 960 1057 980 non

272 1008 328 1035 sint
343 1007 400 1039 lux,
411 1013 473 1034 esse
491 1004 629 1040 incipiunt
644 1006 759 1037 accepto
774 1001 832 1029 veri
849 1000 995 1036 splendore
1015 1000 1057 1026 lu-

271 1053 365 1084 minis.
390 1056 418 1080 et
444 1050 654 1087 participatione
680 1048 780 1076 divinae
814 1051 920 1075 natura:
941 1046 974 1074 ad
997 1045 1058 1081 ejus

270 1098 453 1126 imitationem
474 1097 621 1128 illustrata,
640 1095 779 1130 simulque
805 1093 851 1122 lux
879 1093 1008 1121 dicuntur
1031 1096 1058 1120 ot

270 1149 346 1173 sunt.
363 1144 396 1171 Et
417 1143 465 1172 Dei
491 1142 601 1179 quidem
616 1140 736 1170 Verbum
761 1139 982 1168 substantialitcr
1012 1138 1057 1165 lux

272 1194 325 1225 est,
339 1198 394 1218 non
407 1188 620 1225 participatione
635 1195 683 1223 per
697 1187 828 1223 gratiam,
844 1193 934 1220 neque
954 1184 1059 1212 adven-

273 1238 360 1266 titiam
373 1237 447 1264 illam
459 1237 487 1263 in
502 1243 531 1263 se
542 1235 649 1262 habens
664 1233 823 1269 dignitatem
836 1236 883 1260 aut
899 1231 1058 1263 ascititiam,

273 1288 304 1312 ut
325 1282 513 1319 gratiam,sed
533 1284 640 1308 natura;
664 1278 843 1306 immutabilis
865 1277 984 1305 fructum
1010 1276 1060 1303 im-

274 1329 444 1361 mutabilem,
465 1331 494 1355 et
512 1326 710 1354 inconcussum
738 1324 841 1352 bonum
863 1329 897 1350 ex
922 1321 1003 1349 Patre
1026 1319 1059 1348 ad

273 1374 438 1404 substantiae.
466 1372 557 1400 Patris
585 1371 722 1399 heredem
751 1369 904 1405 pertinens.
927 1367 1061 1395 Creatura

274 1429 340 1450 vero
356 1420 515 1455 neutiquam
536 1425 569 1446 eo
582 1417 665 1446 modo
686 1416 733 1443 lux
751 1416 822 1443 erit:
837 1419 866 1441 ut
881 1422 936 1442 non
957 1412 1061 1440 habens

274 1467 386 1503 accipit,
410 1465 583 1494 illum'matur
614 1466 645 1490 ut
669 1461 800 1493 tenebrae,
835 1460 948 1488 ascitam
980 1458 1062 1486 habet

274 1513 402 1550 gratiam,
435 1519 468 1539 ex
495 1507 667 1538 humanitate
698 1506 854 1543 largientis,
888 1504 1060 1540 dignitatem.

275 1560 362 1596 Igitur
380 1557 448 1586 illud
475 1556 585 1592 quidem
603 1557 645 1583 est
669 1554 725 1600 lux;
743 1559 818 1600 vera,
838 1552 896 1580 haec
918 1558 984 1600 vero
1007 1558 1061 1578 non
1075 1571 1097 1600 ϐ

275 1607 352 1634 item.
371 1603 490 1631 Tantum
516 1608 580 1636 ergo
604 1598 774 1628 discriminis
799 1601 826 1625 et
843 1596 979 1625 intervalli
1000 1603 1062 1624 cum

273 1651 314 1679 sit
328 1651 399 1678 inter
409 1652 565 1677 creaturam
579 1654 611 1674 ac
628 1646 674 1674 Dei
689 1644 801 1676 Filium,
814 1646 949 1679 quantum
964 1646 1064 1670 natura

278 1697 350 1725 inter
364 1695 526 1726 sedistant,
538 1693 601 1729 quis
622 1699 680 1720 non
697 1698 746 1719 eos
757 1690 877 1719 delirare
893 1689 956 1725 jure
971 1688 1066 1716 existi-

273 1747 344 1776 met,
354 1750 386 1770 ac
399 1747 514 1777 prorsus
528 1739 661 1772 insanire,
673 1737 832 1773 quicunque
841 1739 965 1764 creatum
975 1735 1066 1770 ipsum

272 1789 386 1822 dicunt,
400 1792 427 1816 et
445 1787 472 1815 in
495 1790 683 1815 creaturarum
701 1783 799 1812 ordine
823 1781 946 1811 universi
966 1788 1065 1817 paren-

276 1841 334 1864 tem
351 1837 379 1863 et
399 1837 541 1861 auctorem
564 1830 747 1864 constituunt,
763 1836 818 1857 non
844 1826 1065 1856 animadverten-

274 1887 332 1914 tes,
347 1885 377 1908 ut
388 1887 462 1912 reor,
474 1886 532 1914 quo
548 1880 745 1914 prorupturum
763 1876 799 1904 sit
809 1873 958 1910 impietatis
976 1872 1066 1900 audax

274 1926 347 1954 illud
372 1925 492 1957 facinus,
514 1924 579 1951 dum
603 1926 632 1950 et
655 1921 722 1957 quid
745 1921 849 1952 dicant,
865 1924 892 1947 et
909 1918 944 1947 de
965 1917 1066 1953 quibus

275 1971 417 2000 afﬁrmem
439 1970 565 1998 nesciunt
582 1969 627 1995 ³⁷“.
651 1967 729 2001 Quod
749 1967 821 1994 enim
846 1964 1003 2000 diligentius
1019 1970 1066 1990 ve-

280 2018 390 2045 ritatem
410 2016 547 2048 dictorum
573 2019 731 2042 nostrorum
754 2010 982 2046 inquirentibus,
1008 2016 1066 2036 ma-

281 2062 412 2091 nifestum
431 2061 553 2089 futurum
577 2060 613 2088 sit
633 2059 793 2087 nullatenus
806 2055 997 2091 Unigenitum,
1016 2054 1068 2081 hoc

281 2113 324 2138 est
348 2109 436 2136 lucem
463 2115 569 2140 veram,
599 2109 720 2134 creatum
746 2107 794 2131 aut
817 2103 938 2134 factum,
967 2105 1015 2128 aut
1041 2100 1068 2135 in

282 2154 441 2182 universum
451 2151 577 2186 eiusdem
589 2154 695 2178 naturae
709 2155 771 2176 cum
783 2150 910 2174 creatura
923 2144 1067 2177 exsistere,

282 2199 374 2235 quivis
403 2198 481 2225 nullo
505 2196 614 2231 negotio
632 2194 724 2222 videre
741 2193 862 2228 undique
885 2190 1000 2226 poterit,
1022 2189 1069 2218 sed

283 2253 317 2273 ex
342 2243 521 2278 sequentibus
547 2239 718 2275 argumentis
746 2245 800 2265 non
825 2237 928 2269 minus,
953 2243 1014 2271 quae
1037 2235 1069 2262 ad

284 2289 445 2324 ampliorem
462 2294 554 2314 rerum
567 2285 771 2321 propositarum
787 2283 996 2318 explicationem
1013 2281 1069 2310 col-

276 2335 411 2370 elegimus.

285 2381 425 2411 Rationes,
442 2380 493 2406 sive
511 2378 645 2405 rationum
653 2376 781 2409 collectio,
814 2382 847 2402 ea:
861 2375 953 2409 quibus
967 2373 1068 2401 discere

322 2416 381 2443 licet
397 2414 483 2441 solum
499 2412 601 2441 Filium
620 2412 702 2439 lucem
714 2419 769 2438 esse
790 2418 893 2441 ceram.
919 2414 1069 2436 creaturam

322 2459 374 2478 non
388 2451 462 2482 item,
476 2456 556 2484 neque
570 2448 668 2474 idcirco
681 2446 799 2481 ejusdem
809 2454 867 2473 cum
881 2445 937 2480 ipso
955 2450 1068 2472 natum.

316 2497 351 2524 .Si
366 2496 450 2524 Filius
468 2495 533 2531 quia
558 2492 687 2529 splendor
700 2492 793 2528 gloria:
807 2491 855 2519 Dei
878 2498 910 2518 ac
925 2489 1013 2517 Patris
1024 2497 1071 2516 ex-

286 2542 370 2576 sistit,
383 2542 485 2569 ideirco
499 2548 561 2567 vera
573 2539 617 2566 lux
629 2542 681 2573 est,
696 2545 749 2565 non
764 2537 817 2565 erit
829 2535 952 2571 ejusdem
967 2537 1072 2562 naturae

287 2595 350 2615 eum
366 2590 504 2618 creatura,
528 2592 561 2612 ne
575 2588 702 2612 creatura
731 2589 843 2619 quoque
869 2580 996 2616 splendor
1012 2587 1072 2607 esse

285 2637 433 2661 censeatur
449 2631 544 2667 gloria:
562 2638 594 2658 ac
602 2629 698 2657 Patris
710 2649 717 2662 ,
734 2629 760 2656 id
775 2635 837 2656 esse
857 2627 930 2663 potis
954 2633 1002 2661 per
1024 2632 1072 2652 na-

288 2684 379 2707 turam
395 2676 468 2714 quod
485 2681 527 2705 est
543 2675 641 2704 Filius.

322 2768 378 2804 66
386 2766 496 2794 ALIUD.
507 2765 535 2794 Si
544 2765 634 2793 omnis
641 2768 767 2792 creatura
776 2769 842 2790 vera»
849 2761 898 2789 lux
905 2767 966 2788 esse
974 2762 1072 2795 potest,

289 2822 370 2852 quam
389 2813 424 2841 ob
450 2819 563 2840 causam
578 2810 652 2840 istud
668 2810 701 2839 de
719 2808 777 2838 solo
790 2807 860 2836 Filio
887 2805 1006 2834 dicitur?
1020 2804 1073 2832 Ne-

317 2893 362 2910 ·¹τ·
384 2891 476 2920 ITlm.
498 2899 517 2923 ι,
533 2891 557 2919 7.

1107 961 1154 987 ἐπὶ
1168 960 1198 986 τὸ
1210 957 1279 986 εἶναι
1289 958 1346 993 φῶς
1357 957 1532 992 ἀναϐήσεται,
1541 955 1588 982 τοῦ
1604 954 1693 989 φωτὸς
1707 952 1754 980 τοῦ
1768 951 1897 986 ἀληθινοῦ

1108 1005 1242 1041 δεξάμενα
1256 1004 1305 1039 τὴν
1317 1003 1413 1038 αὺγὴν,
1428 1002 1474 1029 καὶ
1489 1003 1521 1037 τῇ
1535 995 1640 1036 μεθέξει
1657 999 1706 1034 τῆς
1721 997 1796 1029 θείας
1813 1005 1898 1023 κατα-

1108 1050 1324 1087 λαμπρυνόμενα
1357 1048 1473 1083 φύσεως,
1498 1046 1566 1082 πρὸς
1585 1046 1634 1080 τὴν
1650 1043 1755 1078 ἐκείνης
1769 1042 1897 1077 μίμησιν,

1109 1085 1257 1133 χρηματιεῖ
1268 1103 1297 1121 τε
1309 1094 1376 1129 ἅμα,
1385 1093 1432 1120 καὶ
1442 1092 1517 1118 ἔσται
1537 1090 1604 1126 φῶς.
1615 1089 1670 1117 Καὶ
1683 1089 1697 1115 ό
1714 1088 1763 1124 μὲν
1772 1086 1818 1114 τοῦ
1829 1085 1899 1113 Θεοῦ

1109 1131 1194 1177 λόγος
1209 1141 1345 1172 οὑσιωδῶς
1361 1140 1419 1166 ἑστι
1431 1138 1497 1173 φῶς,
1513 1137 1543 1164 οὒ
1559 1135 1665 1172 μεθέξει
1683 1135 1716 1170 τῇ
1733 1133 1804 1160 κατὰ
1818 1131 1900 1168 χάριν

1103 1176 1188 1216 ’τοῦτο
1196 1187 1340 1222 ὑπάρχων,
1364 1184 1424 1211 οὐδὲ
1442 1178 1615 1218 συμϐεὸηκδς
1630 1181 1699 1216 ἔχων
1714 1181 1744 1207 ὲν
1764 1177 1855 1213 ἑαυτῷ
1868 1176 1900 1204 τδ

1110 1235 1229 1270 ἀξίωμα,
1243 1233 1300 1260 ἀλλ’
1310 1231 1370 1259 οὐδὲ
1383 1230 1554 1260 ἐπείσακτον,
1566 1228 1603 1259 ὡς
1611 1227 1701 1262 χάριν,
1717 1225 1783 1252 ἀλλὰ
1791 1223 1900 1258 φύσεως

1110 1269 1318 1317 ἀπαραποιήτου
1346 1276 1451 1312 καρπὸν
1476 1275 1618 1311 ἄτρεπτον,
1646 1273 1694 1299 καὶ
1722 1269 1902 1298 ἀναλλοίωτον

1110 1314 1222 1360 ἀγαθὸν,
1237 1314 1269 1351 ἐκ
1284 1323 1391 1359 Πατρὺς
1412 1321 1504 1357 διῆκον
1526 1321 1566 1352 είς
1582 1319 1627 1346 τὸν
1643 1319 1692 1352 τῆς
1709 1316 1801 1348 οὐσίας
1817 1314 1902 1342 αὐτοῦ

1111 1372 1289 1409 κληρονόμον.
1311 1371 1343 1397 Ἦ
1364 1369 1393 1396 δὲ
1411 1368 1499 1400 κτίσις
1514 1367 1562 1402 οὺχ
1578 1365 1649 1392 οὕτω
1663 1364 1773 1400 φορέσει
1788 1362 1818 1389 τὸ
1832 1360 1903 1388 εἶναι

1113 1407 1170 1454 φῶς
1184 1426 1190 1434 ·
1206 1407 1244 1449 ὡς
1255 1417 1305 1443 οὐκ
1317 1415 1417 1451 ἔχουσα
1431 1413 1578 1449 λαμὸάνει,
1587 1411 1624 1442 ὡς
1640 1410 1732 1436 σκοτία
1742 1407 1902 1443 φωτίζεται,

1112 1452 1257 1499 έπίκτητον
1271 1463 1326 1497 ἔχει
1340 1460 1389 1497 τὴν
1408 1460 1497 1496 χάριν,
1516 1459 1548 1485 ὲκ
1567 1454 1771 1492 φιλανθρωπίας
1784 1454 1836 1488 τῆς
1854 1452 1904 1479 τοῦ

1112 1511 1237 1542 διδόντος,
1254 1509 1284 1535 τὸ
1295 1507 1412 1543 ἀξίωμα.
1430 1505 1534 1532 Οὐκοῦν
1554 1505 1568 1531 ό
1591 1504 1640 1538 μὲν
1653 1502 1711 1537 φῶς
1731 1500 1869 1537 άληθινλλν,
1887 1500 1904 1535 ή

1113 1556 1141 1583 δὲ
1155 1554 1257 1582 οὐκέτι.
1269 1552 1410 1586 Τοσαύτης
1422 1548 1567 1585 τοιγαροῦν
1585 1547 1686 1584 μεταξὺ
1704 1546 1833 1581 κειμένης
1845 1544 1908 1571 δια-

1117 1603 1212 1638 φορᾶς,
1230 1600 1278 1629 καὶ
1294 1599 1367 1626 οὕτω
1391 1596 1497 1634 μακροῦ
1524 1594 1731 1630 διατειχίζοντος
1755 1592 1832 1625 λόγου
1854 1590 1907 1626 τῆς

1116 1636 1230 1678 κτίσεως
1247 1646 1293 1673 τδν
1309 1645 1373 1672 Υίὺν
1396 1643 1443 1670 τοῦ
1460 1641 1539 1673 Θεοῦ,
1555 1642 1618 1668 ὅσον
1635 1640 1675 1672 είς
1690 1638 1843 1673 ταυτότητα
1854 1636 1907 1671 φύ-

1117 1685 1195 1726 σεως,
1225 1691 1285 1724 πῶς
1316 1691 1366 1718 οὐκ
1389 1690 1420 1717 ἄν
1443 1697 1485 1720 τις
1500 1688 1547 1715 καὶ⁸
1559 1687 1632 1723 μάλα
1651 1685 1762 1716 εἰκότως
1772 1683 1906 1711 ὑπολάϐοι

1117 1740 1296 1776 παραληρεῖν,
1323 1737 1422 1774 μᾶλλον
1449 1736 1477 1763 δὲ
1495 1735 1585 1770 πάσης
1598 1733 1651 1766 ἔξω
1665 1731 1793 1767 γενέσθαι
1807 1729 1907 1766 φρενὸς

1116 1785 1221 1821 ἀγαθῆς
1234 1785 1306 1817 τοὺς,
1319 1784 1431 1818 ὅσοιπερ
1439 1782 1471 1809 ἂν
1483 1780 1596 1816 γενητὸν
1608 1778 1677 1806 εἶναι
1687 1778 1802 1812 λέγωσιν
1812 1776 1906 1809 αὑτὸν,

1116 1832 1228 1863 καὶτοῖς
1241 1829 1435 1865 πεποιημένοις
1447 1827 1629 1854 συντάττωσιν
1637 1825 1683 1853 τὺν
1691 1824 1818 1852 ἁπάντων
1829 1832 1908 1858 γενε-

1118 1877 1253 1913 σιουργδν,
1280 1876 1328 1911 οὐχ
1349 1874 1476 1910 ὁρῶντες,
1504 1872 1541 1904 ὥς
1556 1871 1587 1906 γέ
1619 1880 1663 1906 μοι
1681 1870 1814 1905 φαίνεται,
1838 1868 1908 1904 πρὸς

1117 1924 1183 1958 ὅσην
1194 1923 1285 1954 αὐτοῖς
1294 1921 1422 1948 ἀσέϐειαν
1435 1917 1654 1947 ἀποκινδυνεύσει
1667 1917 1696 1944 τὸ
1710 1917 1848 1951 τόλμημα,
1869 1914 1909 1950 μὴ

1117 1969 1207 1996 νοοῦσι
1224 1968 1292 2004 μήτε
1303 1967 1321 1994 ἃ
1335 1966 1456 2001 λέγουσι,
1470 1966 1538 2001 μήτε
1553 1964 1617 1999 περὶ
1629 1963 1709 1990 τίνων
1720 1961 1908 1989 διαὸεὸαιοῦν-

1118 2023 1173 2042 ται.
1195 2014 1256 2040 Ὅτι
1269 2013 1324 2048 γὰρ
1336 2013 1392 2043 τοῖς
1408 2010 1602 2047 άκριὸέστερον
1623 2008 1778 2044 βασανίζειν
1797 2007 1908 2035 εἰωθόσι

1118 2061 1167 2096 τὴν
1180 2060 1208 2086 ὲν
1224 2060 1280 2091 τοῖς
1301 2057 1492 2094 προκειμένοις
1512 2055 1650 2091 ἀλήθειαν,
1675 2053 1822 2089 οὐδαμόθεν
1840 2054 1908 2089 ἡμῖν

1119 2107 1133 2132 ὁ
1143 2105 1309 2140 Μονογενὴς,
1321 2103 1393 2130 τοῦτ’
1408 2102 1476 2134 ἔστι,
1490 2101 1519 2127 τὸ
1526 2101 1582 2135 φῶς
1595 2100 1626 2127 τὸ
1640 2099 1773 2135 ἀληθινὸν,
1783 2098 1907 2134 γενητὸς,

1119 2152 1136 2187 ἦ
1155 2150 1348 2186 πεποιημένος,
1364 2149 1380 2184 ἢ
1396 2149 1443 2175 καὶ
1456 2148 1523 2178 ὅλως
1533 2148 1565 2182 τῇ
1581 2146 1668 2173 κτίσει
1685 2145 1811 2180 συμφυὴς
1825 2145 1910 2180 ὑπάρ-

1121 2205 1175 2232 χων
1183 2196 1254 2223 κατά
1267 2203 1291 2221 τι
1305 2194 1370 2229 γοῦν
1383 2193 1621 2228 ἀποδειχθήσεται,
1637 2190 1803 2225 πανταχόθεν
1815 2190 1865 2225 μὲν
1877 2190 1909 2217 ἄν

1089 2243 1108 2271 D
1123 2249 1164 2272 τις
1179 2239 1294 2272 κατίδοι,
1306 2239 1353 2265 καὶ
1369 2238 1442 2273 μάλα
1454 2237 1562 2273 ῥᾳδίως,
1581 2236 1630 2271 οὐχ
1642 2236 1741 2270 ἥκιστα
1752 2235 1781 2261 δὲ
1791 2235 1835 2261 διὰ
1854 2234 1910 2261 τῶν

1123 2286 1219 2322 ὲιρεξῆς
1229 2284 1456 2319 ὑποτεταγμένων
1470 2283 1590 2313 ἐννοιῶν,
1600 2281 1644 2308 διὰ
1661 2281 1708 2317 τὴν
1729 2282 1758 2308 ὲν
1773 2282 1828 2312 τοῖς
1844 2289 1911 2318 προ-

1123 2333 1258 2368 κειμένοις
1272 2330 1389 2366 θεωρίαν
1407 2328 1632 2364 συνειλεγμένων.

1125 2376 1336 2413 Ἔννοιαιγῆτοι
1348 2372 1609 2413 συξνζογισέιοὶηδε
1621 2368 1664 2400 ὧν
1672 2371 1785 2413 βξεοντιε
1793 2371 1911 2413 μαίξεῗτςξ

1158 2413 1202 2440 ὅτι
1226 2406 1320 2447 μόνός
1334 2412 1356 2447 ,ὁ
1382 2406 1458 2447 ηὸς’
1471 2406 1540 2447 φῶς.
1553 2408 1641 2447 ἐστιν
1663 2406 1826 2447 ἀληθινόν·ι
1834 2406 1854 2440 ἠ
1879 2407 1913 2433 δὲ

1158 2441 1256 2480 κτίσις
1271 2441 1378 2478 οὐκέτι,
1395 2441 1496 2478 διόπερ
1511 2442 1581 2470 οὐδὲ
1598 2441 1733 2478 ὀμοφυὴς
1750 2441 1839 2474 αὐτῷ.

1159 2494 1190 2521 Et
1214 2494 1384 2527 ἀπαύγασμα
1405 2490 1454 2526 τῆς
1476 2489 1555 2524 δόξης
1577 2488 1623 2516 τοῦ
1651 2488 1718 2515 Θεοῦ
1736 2488 1782 2515 καὶ
1807 2487 1913 2523 Harpe;

1125 2540 1255 2575 ὑπάρχων
1268 2540 1282 2565 ό
1297 2538 1371 2570 Υἱὸς,
1388 2536 1445 2572 φῶς
1467 2535 1591 2571 ἀληθινὸν
1605 2534 1648 2562 διά
1661 2533 1739 2560 τοῦτό
1762 2534 1846 2567 ἐστιν,
1864 2534 1913 2560 οὐκ

1125 2587 1200 2614 ἔσται
1215 2587 1247 2622 τῇ
1267 2584 1354 2612 κτίσει
1377 2582 1509 2618 όμοφυὴς,
1525 2581 1568 2608 ἵνα
1589 2580 1627 2617 μὴ
1650 2580 1698 2607 καὶ
1714 2581 1730 2616 ἡ
1749 2579 1837 2611 κτίσις
1861 2580 1915 2607 ἀπ-

1125 2632 1254 2667 αύγασμα
1275 2630 1368 2666 νοῆται
1394 2629 1442 2664 τῆς
1465 2628 1544 2662 δόξης
1566 2627 1613 2654 τοῦ
1634 2626 1701 2653 Θεοῦ
1726 2626 1773 2653 καὶ
1795 2626 1913 2662 Πατρδς,

1125 2677 1223 2712 ἔχουσα
1236 2676 1348 2711 δυνάμει
1358 2672 1471 2702 τὸ-εῖναι
1484 2673 1562 2700 τοῦτο
1574 2671 1644 2699 κατὰ
1655 2671 1746 2705 φύσιν,
1759 2671 1828 2707 ὅπερ
1841 2671 1914 2698 ἐστὶν

1125 2724 1140 2749 ὁ
1290 2755 1322 2783 Εἰ
1354 2755 1429 2782 πᾶσα
1456 2755 1473 2790 ὴ
1499 2753 1587 2785 κτίσις
1613 2751 1737 2787 ἀληθινὸν
1766 2748 1836 2778 εἶναι
1864 2751 1916 2778 δύ-

1126 2812 1204 2832 ναται
1222 2803 1290 2838 φῶς,
1306 2802 1350 2830 διὰ
1360 2803 1439 2829 ποίαν
1448 2801 1536 2829 αἰτίαν
1549 2799 1595 2827 ἐπὶ
1611 2800 1690 2836 μόνον
1705 2798 1822 2826 τέθειται
1837 2798 1918 2826 τοῦτο
