2030 3122
149 191 200 220 “'5

647 236 650 241 ‘
674 201 705 228 IN
722 203 863 233 ,ιυΑλΝιδ
882 207 1106 239 EVANGELIUM
1129 212 1191 241 LIB.
1208 213 1229 241 1.

1725 226 1778 254 “4

144 249 193 276 τοῦ
215 249 298 283 Υδοῦἇ
318 251 394 287 Χρῆν
410 251 463 289 γὰρ
478 253 562 289 δήπου
581 257 650 283 κατά
667 266 697 292 γε
718 259 762 286 τὸν
786 261 836 296 τῆς
854 263 926 298 ίσότη

149 303 191 313 -ιν-
207 295 287 313 Han
318 297 361 313 νηὶ
389 299 444 313 υτ-
468 301 602 313 ---,......ι
623 311 659 313 ην
686 305 692 313 .
795 307 818 313 ...
853 308 863 313 ι.

975 279 980 296 ι
996 273 1074 295 cesse
1090 269 1161 296 enim
1177 274 1219 298 est
1234 272 1329 306 requali
1345 280 1460 308 prorsus
1475 277 1580 306 ratione
1594 279 1628 307 de
1641 285 1775 313 creaturis

149 303 191 326 τος
207 295 297 329 λόγον,
318 297 364 323 καὶ
389 299 444 330 τοῖς
468 301 660 336 πεποιημένοις
684 295 896 341 ἐπιφημίζεσθαι
909 295 938 336 τί)

145 340 274 375 ἀληθινὸν
297 341 366 369 εἶναι
393 343 460 378 φῶς.
480 345 549 372 Ἀλλ’
570 348 656 375 οὐδενὶ
679 350 726 384 μὲν
744 340 857 387 ἁρμόζει
883 353 938 381 τῶν

146 387 477 424 γενητῶν,κατηγορεῖται
492 391 519 418 δὲ
532 393 614 427 μόνης
626 394 673 430 τῆς
688 396 781 428 οὐσίας
796 398 842 425 τοῦ
857 399 934 426 Υίοῠ.

147 431 257 465 Κυρίως
276 432 329 468 ἄρα
356 435 401 461 καὶ
431 436 536 471 ἀληθῶς
560 439 679 466 κείσεται
703 441 752 476 μὲν
775 444 817 470 ἐπ’
842 445 934 478 αὐτοῦ,

145 476 192 502 ἐπὶ
207 477 235 503 δὲ
250 477 303 504 τῶν
318 480 475 515 ποιημάτων
488 481 589 510 οὐκέτι.
606 485 667 517 Πῶς
679 485 727 513 οὖν
743 487 783 514 ἔτι
797 490 829 524 τῇ
848 490 935 517 κτίσει

147 522 284 558 συμφυὴς,
301 525 348 551 καὶ
362 526 420 560 οὐχὶ
438 527 536 561 μᾶλλον
549 529 603 556 τῶν
625 531 694 568 ὑπὲρ
715 533 765 568 τὴν
786 534 884 569 κτίσιν,
897 535 935 568 ὡς

146 567 216 604 ὑπὲρ
232 570 317 605 αὐτὴν
334 571 464 607 ὑπάρχων
481 574 550 608 μετὰ
567 576 690 611 Πατρός;

180 616 281 644 AAAO.
300 616 332 643 El
347 618 415 651 φωτὶ
430 619 468 654 τῷ
483 620 553 647 κατὰ
570 622 698 657 ἀλήθειαν
711 624 740 651 οὐ
763 627 860 654 ταυτόν
875 628 932 654 ἐστι

144 661 176 686 τὸ
191 660 228 696 μὴ
243 662 313 688 κατὰ
325 661 452 697 ἀλήθειαν
467 664 537 698 φῶς·
552 665 608 701 ἔχει
623 667 676 703 γάρ
693 677 718 695 τι
738 669 768 695 τὸ
785 670 900 706 ἑτεροῖον
915 673 931 708 ἡ

144 705 275 742 ἐκατέρου
298 706 412 741 δήλωσις
424 717 431 724 ·
446 709 502 743 φῶς
514 710 542 736 δὲ
556 711 679 747 ἀληθινὸν
700 715 714 740 ό
733 714 796 747 Υἱὸς
813 705 932 744 κοιτωνόζ

145 759 256 786 μασται,
273 752 320 778 καὶ
340 752 416 779 τοῦτό
431 755 488 781 ἐστι
504 757 572 783 κατὰ
592 757 671 791 φύσιν
684 768 691 775 ·
705 760 755 786 οὐκ
768 761 821 796 ἄρα
838 763 854 798 ἡ
871 764 930 790 κτί-

145 804 187 827 σις
206 797 329 832 ἀληθινὸν
345 798 420 825 ἔσται
439 800 504 834 φῶς.
524 802 627 830 Οὐκοῦν
643 804 702 831 οὐδὲ
725 805 850 841 ἀλλήλοις
866 808 930 844 ὁμο-

143 841 198 876 φυῆ
215 841 247 868 τὰ
264 841 350 874 οὕτως
365 843 560 880 ἐξηλλαγμένα.

178 887 280 913 ΑΛΛΟ.
298 888 329 914 Et
344 888 380 923 μὴ
408 889 487 924 μόνος
508 892 522 917 ό
543 892 698 929 Μονογενὴς
711 895 741 922 τὸ
756 897 812 931 φῶς
828 898 885 925 ἐστι
899 898 929 924 τὸ

142 931 278 967 ἀληθινὸν,
292 932 348 968 ἔχει
363 934 390 960 δὲ
406 935 452 961 καὶ
465 936 481 970 ὴ
496 936 584 970 κτίσις
596 939 626 964 τὸ
638 938 707 966 εἶναι
721 941 779 975 φῶς
792 943 927 979 ἀληθινὸν,

141 977 185 1004 διὰ
207 978 285 1005 ποίαν
309 979 398 1006 αἰτίαν
418 981 499 1014 αὐτὸς
523 991 533 1007 ι
554 985 665 1018 φωτίζει
682 986 769 1014 πάντα
788 989 930 1025 ἄνθρωπον

141 1023 288 1059 ἐρχόμενον
304 1024 343 1056 είς
363 1025 408 1052 τὸν
428 1025 546 1062 κόσμον;
565 1038 574 1054 ι
594 1029 724 1067 Ἐχούσης
746 1032 800 1068 γὰρ
825 1023 929 1060 οίκοθεν

139 1068 219 1095 τοῦτο
245 1069 292 1096 καὶ
316 1071 364 1106 τῆς
383 1073 514 1108 γεννητῆς
550 1075 653 1107 οὐσίας,
679 1078 804 1112 περιττὸν
828 1076 862 1114 ἦν
889 1079 928 1106 ἔτι

139 1114 307 1149 φωτίζεσθαι
324 1116 358 1142 δι’
374 1117 453 1144 Υἱοῦ’
474 1118 542 1145 ἀλλὰ
562 1120 614 1155 μὴν
631 1122 742 1155 φωτίζει
767 1123 816 1159 μὲν
837 1125 927 1158 αὐτὸς,

140 1159 250 1194 μέτοχοι
266 1160 293 1186 δὲ
308 1161 388 1188 αὐτοῦ
408 1163 506 1194 πάντες
525 1164 618 1200 ἡμεῖς·
637 1166 687 1193 οὐκ
707 1167 761 1203 ἄρα
778 1169 875 1196 ταυτὸν
889 1171 928 1202 είς

137 1205 233 1238 οὐσίας
246 1206 376 1242 ποιότητα
394 1207 467 1241 Υἱὸς,
491 1210 538 1236 καὶ
562 1210 666 1244 κτίσιςι
682 1211 776 1250 ὥσπερ
795 1212 843 1242 οὖν
867 1215 928 1243 οὐδὲ

137 1249 178 1286 τῷ
193 1250 332 1286 μετέχοντι
346 1253 376 1278 τὸ
393 1252 582 1288 μετεχόμενον.

173 1338 276 1366 ΔΛΛΟ.
305 1339 336 1365 Εἰ
367 1339 404 1375 μὴ
432 1340 504 1376 μόνῳ
531 1342 660 1377 πρόσεστι
689 1343 760 1371 κατὰ
786 1344 867 1380 φύσιν
889 1346 927 1383 τῷ

136 1383 197 1420 Υίῷ
211 1384 241 1410 τὸ
255 1385 388 1420 ὑπάρχειν
402 1386 459 1421 φῶς
475 1387 611 1423 ἀληθινὸν,
632 1388 688 1424 ἔχει
708 1389 736 1416 δὲ
758 1391 824 1418 αὐτὸ
846 1393 892 1419 καὶ
909 1394 925 1429 ή

135 1430 236 1462 κτίσις,
252 1432 386 1466 περιττὸς,
407 1432 444 1463 ὡς
461 1430 547 1468 οἶμαι,
561 1435 684 1469 φανεῖται
705 1436 773 1472 πρός
792 1445 868 1470 τινας
883 1438 926 1465 λέ-

135 1476 383 1511 γωνὸΨαλμῳδός·
397 1479 577 1514 ιῐῘροσέλθετε
593 1481 660 1515 πρὸς
675 1481 764 1515 αὐτὸν,
784 1483 831 1510 καὶ
843 1484 926 1518 φωτί-

137 1522 246 1558 σθητεσι
259 1523 289 1549 τὸ
303 1523 356 1559 γὰρ
369 1523 436 1556 ὅλως
451 1526 510 1551 κατ’
533 1525 663 1562 ἀλήθειαν
682 1527 749 1562 φῶς,
765 1528 815 1555 οὐκ
835 1529 868 1556 ἂν
881 1529 923 1564 γέ-

135 1577 208 1595 νοιτο
236 1569 342 1604 μεθέξει
365 1572 398 1606 τῇ
421 1571 487 1607 πρὸς
509 1571 600 1607 ἕτερόν
622 1583 683 1601 τινα
706 1574 773 1610 φῶς,
789 1575 846 1602 ἀλλ’
865 1577 924 1604 οὐδὲ

135 1614 268 1650 ἐλλάμψει
280 1617 312 1650 τῇ
328 1616 392 1652 παρ’
409 1617 501 1652 ἑτέρου
517 1619 753 1655 φαιδρυνθήσεται,
767 1621 871 1649 τελείαν
893 1622 921 1650 δὲ

136 1659 238 1695 μᾶλλον
252 1660 305 1687 ἀπὸ
319 1661 368 1696 τῆς
385 1661 453 1694 ίδίας
468 1663 574 1698 φύσεως
590 1665 639 1701 τὴν
657 1666 830 1703 καθαρότητα
844 1677 926 1705 χορη-

134 1705 296 1741 γηθήσεται.
313 1707 381 1733 Ἀλλ’
397 1708 504 1744 όρῶμεν
518 1709 558 1736 ὅτι
572 1711 660 1745 φωτὸς
675 1712 785 1748 ἐπιδεὴς
798 1714 812 1740 ό
826 1714 926 1750 ἅνθρω-

134 1760 195 1785 πος,
208 1754 319 1788 κτιστῆς
335 1753 465 1790 ὑπάρχων
481 1755 601 1790 φύσεως·
618 1757 665 1784 καὶ
689 1757 816 1794 ἀληθεύει
829 1759 898 1795 βοῶν
912 1761 926 1787 ό

134 1797 295 1833 Ψαλμῳδὸς,
310 1799 348 1830 ὡς
367 1801 434 1835 πρὸς
446 1800 491 1826 τδν
514 1801 562 1828 τοῦ
578 1802 644 1829 Θεοῦ
666 1802 762 1838 Λόγον,
787 1813 797 1830 ι
813 1805 873 1832 Ὀτι
893 1807 925 1833 σὺ

135 1844 244 1877 eumsi;
264 1843 360 1880 λύχνον
382 1846 549 1882 μου,Κύριε·
570 1848 584 1874 ό
609 1848 675 1880 Θεός
696 1858 757 1884 μου,
774 1852 883 1884 φωτιεῖς
895 1853 926 1878 τὸ

135 1888 231 1920 ςκότος
254 1898 316 1925 μου.
336 1900 346 1916 ›
361 1891 417 1917 Οὐκ
433 1892 486 1927 ἄρα
504 1892 561 1926 φῶς
586 1893 656 1921 κατὰ
680 1895 809 1931 ἀληθειαν
833 1897 924 1932 ἡμεῖς,

135 1934 244 1969 μέτοχοι
262 1935 290 1962 δὲ
306 1936 405 1970 μᾶλλον
420 1938 465 1964 τοῦ
481 1939 644 1972 φωτίζοντος
664 1941 762 1976 Λόγου,
780 1943 828 1970 καὶ
844 1944 923 1971 ἀλλό-

133 1989 204 2016 τριοι
218 1981 290 2008 κατὰ
305 1981 386 2016 φύσιν
400 1982 446 2009 τοῦ
459 1984 545 2018 φωτὸς
557 1985 604 2012 τοῦ
617 1985 755 2022 ἀληθινοῦ,
770 1988 838 2025 ὅπερ
850 1990 924 2018 ἐστὶν

133 2026 148 2052 ὸ
166 2026 239 2058 Υὶός.

168 2072 261 2099 ΑΛΛΟ
286 2073 321 2100 ἐκ
348 2074 400 2101 τοῦ
426 2075 529 2103 αὑτοῦ.
550 2076 581 2103 Εἰ
607 2077 701 2113 λύχνος
721 2080 735 2106 ὁ
756 2080 923 2116 ἀνθρώπινος

133 2119 343 2154 κατωνόμασται
365 2120 437 2152 νοῦς,
459 2122 529 2149 κατὰ
548 2123 578 2149 τὸ
596 2124 625 2150 ὲν
641 2124 765 2160 Ψαλμοῖς
782 2127 921 2162 ᾀδόμενον,

135 2174 145 2191 ι
159 2165 222 2192 ’Ὅτι
236 2166 393 2201 σὺ-φωτιεῖς
405 2167 499 2202 λύχνον
512 2177 573 2202 μου,
589 2169 684 2205 Κύριε,
701 2180 710 2196 ι
726 2172 783 2204 πῶς
805 2173 922 2207 ἐσόμεθα

133 2211 205 2238 κατὰ
225 2211 351 2246 ἀλήθειαν
366 2212 439 2247 φῶς;
463 2214 641 2242 Ἐπείσακτον
661 2215 716 2252 γὰρ
730 2217 776 2243 καὶ
796 2217 870 2244 δοτδν
883 2218 922 2254 τῷ

131 2255 223 2292 λύχνῳ
237 2257 268 2283 τὸ
285 2257 351 2292 φῶς.
370 2259 424 2285 Καὶ
442 2259 466 2285 εί
480 2259 510 2285 τὸ
532 2260 626 2292 σκότος
638 2261 668 2287 τὸ
690 2262 718 2288 ὲν
732 2262 797 2298 ἡμῖν
811 2263 922 2298 φωτίζει

134 2299 214 2334 μόνος
239 2300 253 2326 ό
275 2301 438 2337 Μονογενὴς,
461 2303 518 2335 πῶς
543 2304 602 2339 οὐχὶ
629 2305 727 2340 μᾶλλον
749 2307 831 2339 αὐτὸς
851 2309 921 2335 κατὰ
938 2308 958 2335 D

132 2344 261 2379 ἀλήθειαν
273 2345 339 2380 φῶς,
357 2347 436 2381 ἡμεῖς
457 2346 484 2373 δὲ
500 2348 590 2375 οὐκέτι
603 2357 610 2382 ;
628 2349 659 2376 Ei
676 2349 703 2376 δὲ
719 2350 797 2377 τοῦτο
811 2352 920 2387 ἀληθὲς,

132 2388 192 2420 πῶς
210 2389 243 2416 ἂν
260 2389 302 2425 εἴη
318 2389 411 2417 λοιπον
428 2391 550 2427 όμοφυὴς
565 2393 597 2429 τῇ
621 2393 719 2427 κτίσει,
733 2394 858 2422 τοσοῦτον
873 2397 921 2422 αὺ-

131 2436 181 2470 τῆς
198 2436 396 2471 ὑπερκείμενος
408 2445 415 2470 ;

117 2492 127 2511 ἔ
165 2491 268 2518 ΑΛΛΟ.
288 2493 321 2519 Εἰ
338 2494 477 2528 προσεῖναι
499 2493 609 2521 δύναται
632 2496 665 2531 τῇ
690 2496 777 2523 κτίσει
802 2497 835 2524 τὸ
852 2495 920 2525 εἷναι

130 2536 187 2570 φῶς
205 2537 341 2572 ἀληθινὸν,
359 2538 451 2574 ὥσπερ
467 2537 512 2566 οὖν
527 2539 621 2574 ἀμέλει
638 2540 685 2568 καὶ
699 2541 738 2576 τῷ
756 2541 824 2577 Υίῷ,
842 2542 919 2569 ἔσται

129 2581 250 2616 δηλονότι
266 2582 323 2616 φῶς
343 2583 467 2617 ἀληθινὸν
489 2584 503 2610 ό
527 2583 678 2620 ἄνθρωπος,
695 2585 775 2621 μέρος
790 2585 919 2622 ὑπάρχων

129 2627 224 2663 αὐτῆς.
243 2628 320 2654 Τίσιν
338 2626 384 2654 οὖν
401 2629 453 2664 ἄρα
478 2629 522 2655 διὰ
545 2629 600 2656 τῶν
629 2630 712 2665 ἁγίων
739 2633 885 2667 προφητῶν
904 2634 918 2660 ὀ

129 2673 194 2706 Θεὸς
216 2674 264 2701 καὶ
289 2674 385 2710 Πατὴρ
411 2675 602 2710 ἐπηγγέλλετο,
626 2677 711 2711 λέγων
726 2685 732 2692 ·
752 2687 763 2703 ι
783 2679 837 2705 Καὶ
853 2680 917 2706 ἀνα-

129 2721 202 2747 τελεῖ
227 2722 292 2757 ὑμῖν
316 2723 373 2753 τοῖς
397 2722 573 2757 φοὸουμένοις
599 2723 629 2750 τὸ
652 2724 738 2760 όνομά
761 2734 812 2760 μου
842 2726 917 2761 ἥλιος

128 2763 312 2800 δικαιοσύνης.
334 2774 343 2791 ι
360 2764 393 2792 Τί
412 2765 466 2802 γὰρ
490 2766 522 2794 ἂν
538 2767 605 2800 ὅλως
621 2768 695 2803 ἡλίου
712 2769 757 2795 τοῦ
781 2772 918 2805 καταυγα-

126 2809 218 2843 ζοντος
228 2810 260 2838 τὸ
281 2811 342 2838 κατ’
358 2811 484 2847 ἀλήθειαν
501 2813 596 2849 ἐδεήθη
623 2814 697 2849 φῶ;;
717 2815 794 2843 Ἀλλά
810 2817 863 2852 μὴν
879 2818 917 2850 ὡς

992 312 1058 346 diei,
1077 321 1124 342 eas
1140 323 1202 343 esse
1215 324 1306 344 veram
1326 317 1428 346 lucem.
1443 321 1524 356 Atqui
1540 325 1608 351 nulli
1621 331 1719 354 ereatze
1735 330 1774 357 rei

990 361 1128 394 convenit,
1146 363 1193 390 sed
1211 363 1244 391 de
1269 364 1326 391 sola
1339 364 1399 393 Filii
1413 367 1567 397 substantia
1582 371 1693 401 dicitur.
1707 374 1773 403 Pro~

989 407 1048 441 prie
1061 415 1126 443 ergo
1141 416 1174 436 ac
1200 417 1262 437 vere
1280 411 1314 439 de
1336 411 1395 447 ipso
1417 411 1546 447 dicetur,
1572 417 1606 445 de
1637 422 1774 450 creaturis

988 458 1043 478 non
1063 452 1139 480 item.
1157 453 1300 487 Quomodo
1323 456 1406 492 igitur
1435 458 1558 493 ejusdem
1586 462 1639 489 erit
1668 469 1782 494 naturze‘

986 504 1048 524 cum
1064 503 1201 534 creatura,
1229 509 1262 529 ac
1279 510 1333 530 non
1346 504 1438 539 ροιὶιιε
1453 510 1608 534 creaturam
1638 516 1691 536 una
1709 519 1772 538 cum

986 541 1066 571 Patre
1085 545 1243 579 superabit?

1019 633 1132 662 ALIUD.
1152 635 1181 663 Si
1199 644 1263 664 vera
1278 637 1323 666 lux
1339 639 1433 667 eadem
1449 649 1502 668 non
1529 647 1571 670 est
1604 648 1688 679 atque
1722 645 1768 673 lux

983 685 1037 706 non
1051 687 1114 706 vera
1130 680 1249 716 (diversa
1263 683 1336 710 enim
1351 687 1392 712 est
1403 686 1605 720 quodammodo
1623 689 1769 726 utriusque

983 723 1168 761 signiﬁcatio),
1183 727 1228 754 lux
1243 731 1332 756 autem
1342 737 1406 757 vera
1424 737 1598 767 nuncupatus
1613 739 1654 762 est
1671 723 1767 769 Filius,

981 773 1008 796 et
1034 770 1190 806 istiusmodi
1216 777 1258 800 est
1283 775 1434 803 secundum
1464 782 1590 805 naturam
1611 788 1617 806 :
1639 785 1770 810 creatura

981 815 1076 850 utique
1092 824 1156 844 vera
1183 818 1229 845 lux
1245 826 1298 846 non
1315 820 1377 848 erit.
1417 822 1501 857 Igitur
1528 831 1615 860 neque
1644 826 1767 861 ejusdem

981 865 1085 889 natum
1099 863 1171 890 inter
1182 870 1212 891 se
1226 871 1257 891 ea
1274 872 1335 900 quae
1360 870 1501 902 tantopere
1514 869 1658 898 dissident.

1016 908 1133 937 ALIUD.
1155 909 1183 937 Si
1200 918 1255 938 non
1273 911 1348 940 solus
1378 913 1543 949 Unigenitus
1555 924 1622 944 vera
1651 917 1697 945 lux
1711 923 1764 952 est,

945 955 966 984 lt
981 953 1027 982 sed
1047 959 1175 982 creatura
1196 963 1258 983 vera
1272 964 1382 992 quoque
1404 959 1451 986 lux
1466 968 1527 988 esse
1543 966 1633 996 potest
1658 973 1667 992 :
1682 972 1763 999 quam

980 999 1016 1027 ob
1034 1007 1147 1028 causam
1169 1001 1228 1036 ipse
1256 1012 1265 1028 ‹
1286 1003 1422 1031 illuminat
1436 1013 1545 1034 omnem
1562 1008 1699 1036 hominem
1716 1018 1768 1037 ve—

979 1044 1098 1073 nientem
1116 1045 1145 1073 in
1165 1047 1317 1074 mundum?
1339 1057 1348 1074 ›
1367 1048 1434 1076 Nam
1460 1050 1483 1078 si
1509 1058 1524 1078 a
1548 1058 1579 1080 se
1603 1051 1631 1080 id
1654 1053 1764 1082 haberet

978 1098 1088 1126 quoque
1102 1096 1193 1120 creata
1210 1093 1374 1126 substantia,
1404 1096 1571 1130 superﬂuum
1588 1102 1662 1126 esset
1677 1098 1764 1134 ipsam

978 1135 1126 1164 illuminari
1144 1144 1193 1172 per
1214 1136 1324 1166 Filium.
1343 1139 1377 1165 At
1401 1139 1537 1168 illuminat
1562 1142 1671 1177 quidem
1694 1144 1763 1179 ipse,

978 1189 1030 1210 nos
1054 1187 1146 1210 autem
1170 1190 1266 1212 omnes
1287 1184 1346 1220 ejus
1370 1186 1521 1221 participes
1546 1196 1642 1217 sumus
1667 1197 1674 1216 :
1703 1199 1760 1219 non

977 1235 1043 1264 ergo
1062 1228 1134 1257 idem
1147 1235 1213 1257 sunt
1235 1231 1325 1266 quoad
1341 1231 1524 1260 substantiam
1544 1233 1631 1263 Filius
1644 1239 1672 1263 et
1686 1243 1764 1264 crea-

977 1279 1050 1309 tura,
1063 1276 1148 1304 sicuti
1164 1285 1252 1312 neque
1265 1278 1292 1305 id
1308 1277 1380 1312 quod
1397 1278 1544 1314 participat
1558 1279 1630 1308 idem
1645 1285 1689 1310 est
1700 1288 1761 1310 eum

977 1313 1009 1349 eo
1024 1322 1097 1354 quod
1114 1322 1305 1357 participatur.

1014 1366 1129 1394 ALIUD.
1156 1366 1185 1394 Si
1206 1375 1261 1394 non
1288 1367 1361 1396 inest
1385 1372 1483 1396 natura
1502 1369 1554 1397 soli
1578 1368 1649 1398 Filio
1672 1375 1702 1397 ut
1726 1371 1763 1398 sit

977 1420 1040 1440 vera
1056 1413 1114 1445 lux,
1132 1413 1179 1441 sed
1193 1413 1313 1449 idipsum
1330 1414 1358 1441 in
1381 1418 1537 1442 creaturam
1555 1423 1665 1452 quoque
1678 1417 1760 1450 cadit,

975 1459 1076 1492 inanis,
1095 1462 1124 1486 ut
1135 1466 1207 1491 reor,
1225 1460 1277 1487 erit
1290 1459 1437 1489 Psalmista
1450 1460 1547 1490 dicens
1576 1471 1584 1491 :
1602 1472 1612 1489 ι
1633 1463 1763 1491 Accedite

975 1504 1009 1532 ad
1022 1513 1096 1537 eum,
1110 1509 1138 1533 et
1151 1506 1387 1534 illuminamini".
1405 1516 1414 1532 ι
1433 1507 1510 1540 Quod
1527 1509 1600 1536 enim
1623 1517 1688 1537 vera
1716 1510 1762 1538 lux

975 1554 1027 1582 est,
1045 1557 1185 1585 nunquam
1199 1557 1266 1578 sane
1281 1550 1395 1579 alterius
1412 1553 1622 1587 participatione
1636 1554 1681 1582 lux
1698 1555 1760 1587 erit.

975 1603 1064 1632 neque
1075 1596 1190 1624 alterius
1214 1597 1361 1632 splendore
1387 1597 1608 1633 collustrabitur,
1631 1600 1679 1628 sed
1703 1608 1762 1636 per-

936 1631 955 1660 c
975 1631 1077 1669 fectum
1090 1649 1124 1669 ex
1139 1649 1169 1670 se
1185 1631 1275 1676 potius
1294 1646 1321 1669 et
1336 1646 1435 1670 natura
1453 1651 1503 1671 sua
1519 1631 1760 1679 splendoremba-

975 1687 1098 1714 biturum
1109 1692 1161 1715 est.
1183 1687 1267 1722 Atqui
1282 1688 1406 1717 videmus
1423 1689 1560 1718 hominem
1587 1690 1657 1719 lucis
1686 1691 1760 1718 indi-

975 1738 1049 1767 gere,
1070 1739 1132 1759 cum
1151 1736 1255 1760 naturae
1277 1732 1314 1760 sit
1328 1738 1438 1761 creatae.
1462 1734 1495 1762 Et
1512 1743 1607 1764 verum
1625 1741 1667 1765 est
1686 1737 1760 1772 quod

975 1775 1050 1803 canit
1064 1776 1222 1810 Psalmista,
1238 1781 1368 1814 tanquam
1383 1779 1416 1807 ad
1433 1779 1480 1808 Dei
1493 1780 1612 1810 Verbum
1628 1791 1636 1810 :
1658 1792 1668 1810 ι
1686 1784 1760 1816 Quo-

975 1821 1048 1847 niam
1063 1824 1091 1848 tu
1105 1821 1245 1850 illuminas
1265 1823 1405 1851 lucernam
1423 1833 1524 1859 meam,
1543 1827 1672 1856 Domine:
1688 1828 1760 1857 Deus

975 1873 1064 1898 mens,
1080 1867 1205 1895 illumina
1221 1869 1350 1898 tenebras
1365 1877 1441 1898 meas
1451 1871 1483 1899 ".
1500 1881 1510 1898 ι
1527 1873 1587 1901 Non
1617 1881 1681 1909 ergo
1696 1883 1759 1902 vera

975 1911 1022 1939 lux
1037 1919 1088 1940 nos
1103 1920 1210 1945 sumus,
1227 1914 1275 1942 sed
1291 1914 1474 1944 illuminanlis
1491 1917 1573 1946 Verbi
1591 1920 1682 1954 potius
1697 1928 1758 1955 par-

974 1957 1081 1992 ticipes,
1099 1962 1127 1986 et
1140 1958 1241 1987 diversi
1258 1963 1356 1987 natura
1372 1967 1387 1987 a
1400 1968 1464 1989 vera
1489 1962 1561 1997 luce,
1582 1964 1656 1993 Filio
1676 1966 1757 1993 nimi-

974 2009 1046 2029 I‘UIII.

1009 2091 1115 2119 ALIUD
1127 2100 1160 2120 ea:
1174 2093 1275 2121 eodem.
1290 2093 1319 2122 Si
1333 2102 1410 2124 mens
1424 2095 1546 2126 hominis
1564 2097 1675 2127 lucerna
1685 2107 1756 2128 nun-

974 2143 1072 2172 eupata
1087 2143 1130 2167 est
1143 2139 1223 2175 juxta
1244 2141 1312 2169 illud
1338 2141 1492 2171 Psalmista:
1508 2152 1515 2171 :
1539 2153 1549 2170 ι
1568 2145 1701 2178 Quoniam
1725 2151 1754 2174 tu

973 2183 1113 2212 illuminas
1132 2185 1274 2213 lucernam
1294 2194 1393 2221 meam,
1420 2188 1536 2217 Domine
1553 2199 1560 2218 :
1583 2200 1592 2216 ›
1619 2193 1756 2226 quomodo

973 2237 1038 2257 vera
1053 2229 1098 2258 lux
1126 2231 1249 2259 erimus?
1262 2232 1417 2261 Adventitia
1430 2234 1507 2262 enim
1529 2239 1557 2263 et
1581 2236 1690 2264 aliunde
1707 2246 1756 2265 ae—

974 2279 1051 2309 cepla
1066 2275 1184 2304 lucernze
1201 2276 1246 2304 lux
1259 2281 1311 2306 est.
1328 2279 1383 2314 67
1400 2279 1480 2312 Quod
1507 2281 1531 2309 si
1552 2282 1679 2310 tenebras
1705 2291 1755 2311 no-

974 2324 1046 2348 stras
1073 2321 1209 2350 illuminat
1228 2323 1305 2351 solus
1331 2323 1495 2360 Unigenitus
1509 2346 1517 2359 ,
1541 2328 1679 2361 quomodo
1700 2336 1754 2356 non

972 2366 1048 2394 solus
1063 2367 1122 2402 ipse
1141 2375 1206 2396 vera
1222 2368 1268 2396 lux
1295 2369 1359 2404 erit,
1377 2377 1427 2398 nos
1443 2375 1533 2399 autem
1565 2375 1756 2408 nequaquam?

972 2410 1048 2444 Quod
1058 2413 1081 2439 si
1092 2420 1184 2440 verum
1196 2421 1248 2446 est,
1257 2415 1396 2449 quomodo
1403 2416 1523 2451 ejusdem
1534 2422 1637 2446 naturae
1645 2419 1753 2446 demum

970 2457 1022 2484 erit
1033 2465 1095 2484 cum
1104 2462 1241 2491 creatura,
1253 2460 1302 2494 qui
1313 2465 1389 2489 tanto
1399 2462 1543 2490 intervallo
1553 2471 1612 2491 eam
1626 2466 1756 2499 superat?

1005 2502 1119 2531 ALIUD.
1144 2504 1172 2532 Si
1186 2510 1311 2532 creatura
1335 2514 1400 2534 vera
1425 2508 1469 2535 lux
1498 2516 1559 2536 esse
1580 2514 1670 2544 potest
1699 2519 1752 2538 non

972 2555 1054 2575 secus
1072 2555 1104 2575 ac
1120 2548 1204 2578 Filius
1215 2571 1222 2581 .
1237 2551 1291 2577 erit
1308 2559 1405 2587 nempe
1421 2554 1466 2580 lux
1485 2562 1548 2581 vera
1577 2555 1668 2589 homo,
1691 2565 1753 2584 cum

972 2591 1006 2617 sit
1026 2598 1089 2626 pars
1104 2592 1185 2620 illius.
1204 2593 1374 2627 Quibusnam
1395 2604 1459 2632 ergo
1483 2606 1531 2633 per
1555 2606 1666 2628 sanctos
1693 2609 1754 2636 pro-

971 2636 1067 2670 phetas
1077 2638 1251 2671 promittebat
1266 2639 1336 2668 Deus
1348 2649 1380 2669 ac
1391 2641 1470 2669 Pater
1479 2643 1574 2672 dicens
1587 2654 1594 2672 :
1608 2655 1617 2671 ι
1637 2645 1669 2672 Et
1682 2648 1754 2674 orie-

971 2687 1014 2709 tur
1025 2683 1102 2711 vobis
1119 2684 1275 2713 timentibus
1288 2694 1385 2714 nomen
1400 2696 1488 2716 meum
1509 2690 1671 2725 Suljustitize
1679 2692 1723 2719 ‘°?
1741 2703 1749 2719 I

971 2727 1041 2760 Quid
1059 2729 1144 2762 enim,
1165 2737 1270 2764 quaeso,
1282 2739 1353 2759 verte
1371 2733 1424 2760 luci
1440 2734 1597 2764 illustrante
1612 2738 1667 2765 sole
1683 2746 1752 2773 opus

971 2773 1038 2801 fuit?
1053 2775 1134 2810 Atqui
1150 2774 1221 2804 Deus
1234 2784 1266 2804 ac
1281 2777 1362 2806 Pater
1378 2779 1462 2806 solem
1483 2788 1515 2808 se
1535 2781 1661 2809 daturum
1688 2791 1751 2818 pro-

971 2819 1095 2848 mittebat
1113 2820 1192 2849 nobis
1210 2822 1255 2857 qui
1271 2822 1331 2858 ejus
1350 2824 1540 2861 indigebamus
1551 2848 1558 2860 ,
1575 2835 1662 2863 eoque
1676 2836 1751 2856 acce-

159 2900 182 2917 "
198 2899 275 2930 Psal.
294 2908 380 2928 uml
392 2921 399 2935 ,
416 2901 442 2929 6.
482 2903 502 2919 "
521 2903 591 2932 I’sal.
608 2913 679 2939 χιιι,
695 2906 739 2934 29.
780 2907 800 2923 ⁵ο
819 2907 933 2936 Μςιῐςιυιι.
950 2917 985 2942 μ’,
1002 2909 1028 2936 τ.
