2030 3122
295 211 344 238 “5

806 208 834 236 S.
855 207 989 236 CYBlLIJ
1009 205 1242 234 ALEXANDRINI
1262 207 1419 235 ARCHIEP.

1861 204 1911 232 “6

292 274 339 304 pte
362 267 508 295 illuminati
523 274 629 294 sumus.
656 266 734 294 Alius
756 266 840 301 igitur
866 273 881 293 a
908 266 988 293 nobis
1013 269 1040 292 et
1060 272 1075 292 a

1129 265 1156 292 ὲν
1182 266 1260 302 χρείᾳ
1277 267 1472 302 καθεστηκόσιν
1486 269 1499 295 6
1520 267 1586 299 Θεδς
1608 267 1654 295 καὶ
1668 265 1761 302 Πατὴρ
1778 265 1914 301 ἐπηγγέλ-

292 317 416 342 creatura
437 315 480 341 est
503 310 593 348 quoad
616 312 768 339 naturalem
789 311 959 339 identilatem
976 310 1078 346 Uuige-

292 359 377 392 nitus,
392 365 455 386 cum
474 359 509 386 sit
532 358 580 386 lux
595 366 670 391 vera,
693 362 721 386 et
745 362 843 386 natura
867 366 917 386 sua
940 358 1076 386 illuminet

292 411 392 440 eaquae
404 403 473 432 lucis
491 404 622 440 indigent.

327 492 442 521 ALIUD.
456 493 485 521 Si
499 492 585 522 Filius
600 493 676 522 solus
698 501 753 522 non
767 498 806 522 est
822 493 867 521 lux
884 500 958 525 vera,
973 492 1022 521 sed
1050 493 1076 520 in

293 544 446 566 creaturam
459 539 575 574 idipsum
590 539 681 571 cadit,
693 540 720 567 in
735 540 815 567 uobis
825 539 908 567 etiam
921 539 985 566 erit.
997 538 1077 572 Quae-

294 592 356 612 nam
374 592 440 620 ergo
451 585 521 612 ratio
541 590 651 614 sanctos
668 585 761 613 Patres
776 585 883 613 induxit
903 588 932 611 ut
947 585 980 612 ad
993 584 1077 612 Deum

294 629 447 658 clamarent
476 640 482 658 :
510 640 520 657 ι
540 631 640 658 Emitte
666 631 755 658 lucem
781 635 854 658 tuam
890 635 917 658 et
937 632 1078 658 veritatem

294 675 418 703 tuam“?
435 686 444 702 ι
463 675 533 709 Quid
559 684 624 704 vero
641 677 769 704 utilitatis
791 677 843 704 sibi
856 676 916 704 fore
935 676 1077 711 putabant,

294 721 358 748 dum
374 729 420 748 eas
436 729 517 750 voces
536 722 684 750 identidem
700 723 873 757 repeterent?
891 722 959 749 Nam
982 722 1006 750 si
1027 729 1079 750 no-

294 772 355 794 rant
370 767 491 803 indigere
509 768 576 796 lucis
594 768 730 796 hominem
744 787 752 800 .
777 771 804 796 et
821 767 930 795 aliunde
945 767 972 795 id
993 767 1018 795 ei
1032 774 1078 795 ac-

293 812 389 840 cedere
405 817 531 848 oportere
549 822 555 840 :
578 813 717 848 quomodo
732 821 796 841 vere
815 814 887 841 dicet
909 813 1020 848 aliquis,
1038 813 1080 847 ip-

295 866 354 887 sum
369 866 431 886 esse
453 866 562 894 quoque
578 867 670 886 veram
690 859 802 886 lucem?
823 858 900 892 Quod
921 859 945 886 si
962 858 1030 886 nihil
1053 858 1078 885 ei

293 913 363 940 opus
373 910 433 933 erat
446 905 617 932 illuminantc
632 905 729 938 Verbo,
755 912 804 932 cur
825 905 925 932 l'rusua
947 904 1081 932 vocabant

1129 310 1189 338 λετο
1203 311 1298 338 δώσειν
1314 312 1403 344 αὐτὸν,
1419 313 1465 340 καὶ
1480 313 1605 345 λαὸόντες
1620 311 1820 347 πεφωτίσμεθα.
1835 311 1914 337 ’Ἑτε-

1130 366 1176 393 ρος
1189 358 1243 394 ἄρα
1257 359 1324 394 πρός
1337 368 1366 386 τε
1380 360 1464 395 ἡμᾶς,
1479 360 1525 386 καὶ
1543 359 1592 395 τὴν
1606 359 1703 389 κτίσιν,
1717 359 1778 385 ὅσον
1794 357 1834 388 εἰς
1849 365 1915 383 tau-

1128 403 1227 439 τότητα
1244 405 1370 440 φυσικὴν,
1385 406 1399 432 6
1413 405 1575 440 Μονογενὴς,
1594 404 1651 440 φῶς
1670 404 1798 439 ὑπάρχων
1817 401 1913 438 ἀληθι-

1130 447 1182 481 νδν,
1198 449 1245 476 καὶ
1261 450 1386 483 φωτίζειν
1401 450 1521 484 πεφυκὸς
1535 449 1569 476 τὰ
1584 448 1672 484 φωτὸς
1685 448 1809 483 δεόμενα.

1163 494 1263 521 ΔΑΜ).
1281 495 1311 521 Εἰ
1329 495 1365 531 μὴ
1386 495 1464 531 μόνος
1486 496 1500 521 6
1523 495 1582 526 Υἱὸς
1602 494 1658 529 φῶς
1682 495 1754 520 ἐστιν
1776 492 1915 528 ἀληθινὸν,

1130 539 1186 575 ἔχει
1197 540 1224 566 δὲ
1237 541 1301 568 αὐτὸ
1312 542 1358 568 καὶ
1370 542 1386 577 ἡ
1404 541 1499 572 κτίσις.
1515 541 1589 568 ἔσται
1605 540 1724 579 δηλονότι
1737 540 1783 567 καὶ
1795 542 1824 566 ὲν
1837 541 1914 574 ἡμῖν.

1130 586 1209 618 Ποῖος
1224 583 1269 612 οὖν
1283 585 1336 622 ἄρα
1347 587 1409 618 τοὺς
1424 586 1517 620 ἁγίους
1534 584 1661 612 ἀνέπεισε
1674 584 1752 618 λόγος
1769 584 1835 619 πρὸς
1850 583 1915 609 Θεὸν

1130 632 1257 667 ἀναόοᾷν·
1271 641 1281 657 4
1307 632 1511 664 Ἐξαπόστειλον
1527 632 1557 658 τὸ
1573 630 1630 666 φῶς
1653 639 1708 662 σου,
1722 631 1768 657 καὶ
1784 630 1833 666 τὴν
1848 630 1915 664 ἁλή-

1131 677 1204 704 θειάν
1220 685 1266 704 σου
1277 685 1284 709 ;
1295 687 1304 702 ι
1316 678 1347 704 Τί
1363 677 1391 703 δὲ
1405 678 1479 712 ἡμᾶς
1495 677 1619 704 ἐντεῦθεν
1634 676 1784 711 ὠφελήσειν
1798 675 1916 709 οἰόμενοι

1130 722 1179 753 τὰς
1200 722 1324 755 τοιαύτας
1347 723 1476 755 πολλάκις
1498 723 1622 758 ἠφίεσαν,
1647 722 1705 749 εἰπέ
1726 731 1780 757 μοι.
1806 721 1915 755 φωνά;;

1131 768 1162 794 Et
1192 768 1240 802 μὲν
1257 768 1310 804 γὰρ
1333 768 1431 804 ᾔδεσαν
1452 770 1480 795 ὲν
1501 769 1579 805 χρείᾳ
1605 768 1692 802 φωτ)ις
1717 767 1849 803 ὑπάρχειν
1874 765 1918 793 τὲν

1131 812 1283 848 ἄνθρωπον,
1300 814 1347 839 καὶ
1368 814 1417 848 τῆς
1436 813 1501 849 παρ’
1521 813 1613 849 ἑτέρου
1636 812 1794 848 προσθήκης
1812 811 1915 841 ἐπιδεᾶ,

1132 857 1190 889 πῶς
1206 859 1264 893 ὲρεῖ
1283 867 1324 890 τις
1340 858 1487 894 ἀληθεύων,
1505 859 1545 885 ὅτι
1564 858 1620 893 φῶς
1635 858 1752 893 ὑπάρχει
1773 857 1818 884 καὶ
1837 856 1916 887 αὐτὸς

1132 904 1272 939 ἀληθινόν;
1296 905 1320 931 εί
1342 904 1370 931 δὲ
1392 904 1441 931 οὐκ
1464 904 1547 931 ἐδεῖτο
1569 903 1616 930 τοῦ
1633 903 1794 938 φωτίζοντος
1817 901 1914 936 Λόγου,

295 951 383 986 ipsum
411 958 425 977 a
446 958 500 985 quo
525 951 591 977 nihil
605 951 694 985 juvari
717 950 860 986 poterant?
883 950 917 976 At
941 949 995 977 dici
1020 958 1075 977 non

1129 949 1154 976 τί
1171 949 1259 984 μάτην
1284 949 1396 976 ἐκάλουν
1421 949 1466 976 τὸν
1489 949 1565 976 οὐδὲν
1584 948 1724 984 ὠφελῆσαι
1749 948 1915 982 δυνάμενονς

294 1000 384 1034 potest
408 1001 566 1024 sanctorum
599 1001 716 1024 mentem
751 996 892 1032 deceptam
925 996 1029 1030 fuisse,
1052 1002 1079 1024 et

294 1045 422 1076 praeterea
449 1042 505 1077 ipse
522 1041 592 1069 Deus
617 1045 644 1069 et
668 1041 747 1069 Pater
768 1042 928 1068 hominibus
947 1045 1078 1077 tanquam

294 1088 363 1116 lucis
393 1088 493 1124 indigis
519 1088 602 1115 mittit
631 1087 740 1115 Filium.
766 1087 844 1115 Alius
873 1087 958 1123 igitur
981 1095 1080 1115 secum

293 1133 357 1161 dum
370 1137 497 1160 naturam
511 1137 554 1162 est
573 1132 738 1168 Unigenitus
749 1140 764 1159 ιι
783 1136 922 1163 creatura,
939 1136 969 1159 ut
987 1132 1034 1167 qui
1045 1139 1078 1160 ea

293 1186 355 1214 qua?
369 1179 440 1207 lucis
459 1179 581 1215 indigent
594 1179 742 1206 illuminat.

328 1224 443 1252 ALIUD.
467 1224 496 1252 Si
512 1230 665 1252 creaturam
691 1224 762 1252 lucis
786 1224 909 1260 indigere
932 1224 1077 1257 videmus,

293 1280 352 1299 eam
367 1276 457 1300 autem
482 1271 643 1307 Unigenitus
658 1271 811 1305 illuminat.
828 1279 885 1300 non
904 1271 1022 1308 scipsam
1043 1271 1078 1300 ad

293 1318 381 1346 lucem
400 1317 455 1353 agit
471 1321 599 1346 creatura
628 1326 635 1345 τ
654 1325 707 1345 non
723 1325 788 1352 ergo
801 1321 844 1345 est
859 1318 905 1345 lux
919 1325 994 1350 vera,
1024 1312 1078 1345 sic-

255 1360 259 1364 ’
295 1364 334 1392 uti
350 1363 447 1391 Filius.

331 1409 444 1437 ALIUD.
459 1409 488 1437 Si
503 1409 638 1438 naturalis
658 1415 685 1438 et
703 1417 765 1438 vera
781 1410 827 1437 lux
844 1417 899 1437 non
915 1409 1078 1437 obtenebra-

294 1459 350 1486 tur.
366 1462 430 1482 vera
445 1459 536 1483 autem
557 1455 603 1482 lux
625 1459 668 1483 est
696 1454 871 1490 Unigenitus,
905 1460 933 1483 et
952 1456 1079 1483 similiter

295 1508 358 1529 vera
375 1501 421 1528 lux
439 1505 482 1529 est
502 1506 638 1534 creatura.
663 1502 841 1536 quamobrem
872 1502 907 1529 de
930 1501 1000 1530 Filio
1015 1501 1077 1536 qui-

294 1544 356 1572 dem
375 1544 517 1581 Scriptura
529 1545 613 1574 dicit:
638 1555 650 1572 ‹
668 1545 799 1574 Tenebra:
812 1555 872 1574 eam
887 1555 941 1574 non
951 1555 1078 1582 compre-

294 1590 466 1625 henderunt;
484 1601 494 1618 ι
512 1593 547 1620 dc
571 1593 652 1621 nobis
665 1598 756 1620 autem
771 1593 874 1621 Paulus
889 1593 982 1621 scribit
998 1603 1005 1621 :
1021 1603 1030 1620 ι
1047 1594 1077 1621 In

1138 995 1207 1021 Ἀλλ’
1221 996 1270 1022 οὐκ
1290 995 1362 1023 ἔστιν
1379 996 1474 1028 εἰπεῖν,
1497 996 1538 1022 ὃτι
1563 995 1612 1030 τῆς
1634 994 1761 1029 ἀληθείας
1779 993 1915 1027 ἀπεσφάλ-

1131 1040 1192 1068 λετο
1204 1041 1257 1068 τῶν
1275 1042 1359 1077 ἁγίων
1383 1043 1397 1069 6
1419 1042 1490 1074 νοῦς,
1507 1042 1554 1068 καὶ
1577 1041 1658 1073 αὐτὸς
1672 1041 1701 1067 δὲ
1724 1040 1803 1067 πάλιν
1821 1041 1835 1067 6
1852 1038 1917 1070 Θεὸς

1131 1087 1179 1113 καὶ
1205 1087 1308 1122 Πατὴρ,
1333 1086 1370 1118 ὡς
1388 1087 1475 1122 φωτὸς
1495 1087 1630 1122 δεομένοις
1655 1085 1759 1120 πέμπει
1783 1085 1828 1111 τὸν
1842 1084 1914 1110 Υίόν.

1133 1131 1245 1167 Ἕτερος
1258 1132 1312 1168 ἄρα
1326 1132 1397 1158 κατὰ
1411 1132 1501 1167 φύσιν,
1516 1132 1553 1164 ὡς
1565 1131 1632 1166 πρὸς
1644 1131 1694 1167 τὴν
1709 1131 1796 1158 κτίσιν
1806 1131 1820 1157 ὸ
1833 1130 1917 1157 Μονο-

1131 1177 1223 1213 γενὴς,
1234 1177 1271 1210 ὡς
1287 1177 1410 1212 φωτίζων
1423 1177 1457 1204 τὰ
1469 1178 1556 1211 φωτὸς
1570 1177 1695 1212 δεόμενα.
1835 1200 1837 1203 ,

1166 1223 1266 1250 ΔΛΛΟ.
1284 1223 1314 1249 El
1329 1223 1417 1257 φωτὸς
1432 1223 1538 1258 ὁρῶμεν
1553 1223 1603 1258 τὴν
1618 1222 1705 1248 κτίσιν
1717 1221 1820 1253 ἐπιδεᾶ,
1835 1219 1918 1255 φωτί-

1131 1267 1172 1301 ζει
1187 1268 1215 1295 δὲ
1237 1267 1318 1295 αὑτὸν
1340 1268 1396 1304 [τρ.
1417 1267 1514 1304 αὐτὴν]
1538 1268 1553 1294 6
1574 1267 1738 1302 Μονογενὴς,
1753 1267 1802 1302 οὐχ
1819 1266 1917 1301 ἑαυτὴν

1130 1314 1147 1348 ἡ
1164 1313 1252 1345 κτίσις
1268 1313 1329 1348 ἄγει
1347 1313 1414 1349 πρὸς
1431 1313 1461 1340 τὸ
1480 1313 1553 1348 φῶς·
1572 1312 1668 1340 οὐκοῦν
1679 1313 1738 1340 οὐδὲ
1752 1312 1809 1348 φῶς
1823 1311 1918 1348 ἀληθι-

1131 1359 1174 1386 νὸν
1190 1359 1283 1395 ὥσπερ
1296 1360 1311 1386 6
1325 1359 1398 1391 Υἱός.

1166 1404 1266 1432 ΔΛΛΟ.
1281 1405 1312 1431 El
1333 1405 1363 1432 τὸ
1383 1404 1462 1440 φύσει
1484 1405 1530 1431 καὶ
1556 1404 1626 1432 κατὰ
1651 1403 1779 1440 ἀλήθειαν
1804 1403 1861 1438 φῶς
1887 1403 1918 1430 οὔ

1132 1450 1294 1482 σκοτίζεται,
1311 1450 1369 1486 φῶς
1389 1450 1418 1477 δὲ
1436 1450 1560 1485 ἀληθινὸν
1580 1451 1594 1476 6
1609 1449 1771 1484 Μονογενὴς,
1794 1449 1841 1476 καὶ
1860 1449 1918 1483 φῶς

1130 1495 1230 1530 ὁμοίως
1242 1495 1366 1531 ἀληθινὸν
1379 1496 1395 1531 ἡ
1411 1496 1508 1530 κτίσις,
1523 1496 1583 1522 ὅτου
1599 1495 1631 1531 δὴ
1647 1495 1726 1530 χάριν
1743 1495 1787 1521 ἐπὶ
1805 1494 1854 1530 μὲν
1869 1493 1916 1521 τοῦ

1132 1539 1196 1566 Υίοῦ
1210 1540 1315 1575 τίθησιν
1329 1541 1345 1575 ἡ
1361 1540 1465 1576 Γραφὴ,
1479 1541 1519 1567 τό·
1538 1549 1547 1566 ι
1573 1540 1606 1567 Ἦ
1621 1540 1713 1566 σκοτία
1727 1539 1792 1567 αὐτὸ
1805 1540 1836 1566 οὐ
1852 1548 1918 1566 κατ-

1131 1585 1244 1612 έλαϐεν·
1264 1595 1273 1612 ι
1291 1587 1333 1622 ἐφ’
1346 1587 1412 1622 ἡμῖν
1437 1586 1464 1613 δὲ
1489 1587 1503 1613 6
1528 1586 1641 1618 Παῦλος·
1658 1595 1667 1612 ι
1691 1587 1735 1613 Ἐν
1756 1583 1796 1618 οἷς
1816 1587 1830 1613 6
1852 1586 1918 1618 Θεὸς

295 1637 395 1671 quibus
410 1637 482 1665 Deus
492 1637 575 1673 hujus
585 1639 678 1672 saeculi
695 1639 845 1666 excaecavit
860 1643 965 1667 mentes
980 1639 1078 1667 intide—

1129 1631 1176 1658 τοῦ
1198 1632 1294 1664 αἰῶνος
1315 1632 1408 1658 τούτου
1432 1631 1569 1666 ἐτύφλωσε
1590 1632 1624 1658 τὰ
1638 1632 1761 1666 νοήματα
1782 1631 1836 1658 τῶν
1852 1631 1917 1658 ἀπί-

294 1682 362 1709 lium
373 1683 395 1700 δ’
409 1690 417 1716 ς
430 1692 440 1710 ι
462 1687 487 1710 et
501 1691 599 1712 rursus
609 1683 735 1712 Salvator
750 1685 809 1720 ipse
824 1694 831 1712 :
848 1694 857 1710 ι
881 1684 972 1713 Donec
990 1686 1079 1713 lucem

296 1726 412 1760 habetis.
430 1728 569 1756 ambulate
583 1729 610 1756 in
624 1729 684 1756 luce
694 1749 702 1762 ,
717 1733 747 1756 ut
759 1737 814 1757 non
829 1737 879 1758 vos
891 1730 1010 1758 tenebrae
1023 1730 1080 1766 ϐε

295 1773 529 1808 comprehendant
551 1774 725 1802 “YCunctis
764 1775 838 1803 enim
878 1779 952 1811 patet
988 1776 1076 1812 quod,

295 1818 349 1845 nisi
366 1819 477 1853 quidam
503 1824 627 1847 nostrum
643 1820 764 1848 tenebris
781 1821 895 1849 involuti
915 1827 1018 1854 essent,
1034 1823 1078 1849 ni-

295 1864 334 1892 hil
351 1865 404 1893 tale
416 1864 542 1893 Salvator
566 1865 692 1894 dixisset.
724 1867 867 1900 Quomodo
891 1875 957 1903 ergo
981 1872 1078 1896 natura

296 1910 367 1939 idem
392 1915 456 1939 sunt
488 1912 652 1948 Unigenitus
679 1917 706 1940 et
731 1917 869 1945 creatura,
900 1914 1080 1942 immutabilis

295 1965 357 1985 cum
377 1958 510 1990 mutabili,
536 1958 695 1994 impatibilis
712 1966 773 1987 cum
799 1959 920 1987 tenebris
937 1961 1038 1993 obsita,
1052 1964 1079 1987 et

295 2010 356 2038 qua:
371 2003 458 2031 lucem
475 2004 599 2032 amittere
616 2007 720 2040 potest,
737 2005 884 2032 ascititiam
897 2006 1025 2033 videlicet
1035 2006 1078 2033 lu-

296 2054 356 2074 cem
373 2048 486 2080 habens;
500 2055 553 2075 non
564 2054 662 2076 natura
682 2049 732 2076 sibi
748 2049 875 2076 insitam?

332 2177 446 2206 ALIUD.
465 2178 492 2206 Si
514 2178 673 2214 Unigenitus
691 2180 737 2207 lux
755 2187 819 2207 vera
849 2181 925 2209 solus
945 2189 1000 2210 non
1023 2187 1076 2216 est,

295 2223 343 2252 sed
356 2224 436 2251 habet
448 2223 475 2250 id
489 2231 597 2260 quoque
611 2228 736 2252 creatura
749 2245 756 2256 .
770 2230 863 2261 utpote
879 2227 1002 2262 ejusdem
1014 2236 1077 2256 cum

294 2271 355 2320 ipso
370 2273 489 2320 natum,
512 2277 568 2304 quo
585 2273 664 2320 pacto
675 2278 725 2298 nos
741 2274 872 2307 tanquam
894 2274 928 2302 ad
944 2274 1028 2302 Deum
1043 2283 1076 2304 ac
1092 2292 1114 2320 ι)

295 2313 403 2341 Patrem
415 2313 566 2342 clamamus
583 2319 620 2342 :‘c
638 2314 666 2342 In
683 2315 786 2344 lumine
801 2321 848 2344 tuo
865 2319 1018 2349 ridebimus
1029 2322 1075 2348 lu-

294 2368 357 2388 men
366 2360 408 2388 “1
427 2370 436 2386 ι
456 2359 483 2388 Si
498 2360 570 2388 enim
589 2367 685 2388 sumus
702 2361 748 2389 lux
771 2370 847 2396 vera,
858 2365 996 2400 quomodo
1014 2366 1077 2393 illu-

293 2406 460 2434 minabimur
482 2406 510 2434 in
531 2406 606 2434 alio?
629 2406 679 2434 Sin
694 2411 785 2435 autem
810 2413 840 2436 ut
858 2410 948 2439 alieno
975 2412 1079 2439 lumine

294 2451 461 2486 indigentes,
479 2452 535 2480 haec
545 2451 680 2485 dicimus.
704 2454 806 2489 patebit
821 2456 916 2491 utique
943 2464 994 2485 nos
1012 2465 1081 2485 vere

277 2497 381 2524 ’lucem
397 2505 452 2524 non
467 2505 539 2525 esse.
568 2497 655 2533 Igitur
672 2506 761 2534 neque
770 2500 893 2534 ejusdem
906 2509 969 2530 cum
986 2502 1074 2531 Verbo

294 2546 408 2575 natum,
421 2543 495 2578 quod
510 2550 562 2570 nos
575 2547 650 2571 tanto
667 2552 716 2580 per
729 2548 857 2574 naturam
874 2547 1020 2576 intervallo
1034 2555 1077 2576 su-

293 2591 379 2623 perat.

326 2632 431 2660 ALIUD
445 2633 614 2668 explicatius.
634 2633 765 2664 Dominus
786 2641 881 2665 noster
898 2636 978 2665 Jesus
992 2637 1074 2665 Chri-

293 2684 352 2707 stus
366 2679 393 2705 in
411 2678 556 2713 Evangelia
568 2680 706 2714 reperitur
719 2681 813 2710 dicens
830 2691 837 2710 :
853 2692 864 2709 ι
886 2682 943 2710 Hoc
967 2689 1010 2711 est
1027 2691 1074 2711 au-

292 2730 346 2752 tem
359 2724 503 2759 judicium,
518 2725 582 2760 quia
597 2725 642 2753 lux
657 2727 733 2754 venit
756 2727 784 2755 in
811 2729 954 2761 mundum.
983 2733 1011 2756 et
1033 2729 1074 2756 di-

292 2772 416 2801 lexerunt
441 2773 564 2802 homines
594 2775 681 2808 magis
712 2774 838 2802 tenebras
865 2782 946 2810 quam
973 2775 1073 2803 lucem.

293 2817 376 2846 Erant
389 2819 461 2848 enim
478 2829 574 2849 eorum
592 2822 662 2848 mala
685 2828 778 2856 opera.
805 2820 900 2849 Omnis
927 2821 1000 2849 enim
1026 2822 1073 2857 qui

332 2914 353 2930 “
367 2912 439 2941 Psal.
459 2920 522 2945 ιιιι,
541 2914 568 2941 '5-
606 2915 626 2931 "
646 2914 666 2941 ll
680 2915 742 2942 Cor.
760 2923 796 2949 iv,
814 2917 839 2944 ι.
879 2916 902 2932 ⁵³
920 2915 1000 2944 .loau.
1015 2923 1068 2944 Η.
1085 2916 1129 2943 55.

1131 1685 1200 1704 στων
1211 1686 1218 1693 ·
1237 1686 1246 1703 ›
1272 1678 1319 1704 καὶ
1342 1678 1423 1704 πάλιν
1439 1678 1518 1710 αὐτὸς
1535 1679 1549 1704 6
1572 1678 1667 1712 Σωτήρ
1679 1685 1686 1691 ³
1703 1686 1712 1703 ι
1730 1678 1801 1709 Ἕως
1814 1677 1844 1704 τὺ
1859 1677 1918 1712 φῶς

1130 1722 1216 1757 ἔχετε,
1228 1725 1404 1758 περιπατεῖτε
1418 1724 1446 1750 ὲν
1456 1723 1493 1758 τῷ
1507 1723 1587 1758 φωτὶ,
1599 1723 1641 1749 ἵνα
1657 1723 1694 1758 μὴ
1707 1723 1723 1758 ή
1736 1723 1830 1750 σκοτία
1845 1723 1917 1758 ὑμᾶς

1129 1768 1269 1806 καταλάϐῃ
1281 1777 1287 1799 ς
1307 1779 1316 1796 υ
1333 1769 1468 1805 Πρόδηλον
1481 1769 1535 1804 γὰρ
1550 1769 1634 1804 δήπου
1647 1769 1729 1795 πᾶσίν
1742 1769 1826 1800 ἐστιν,
1842 1769 1879 1801 ὡς
1892 1770 1916 1796 εί

1131 1813 1168 1848 μὴ
1184 1822 1259 1845 τινας
1271 1814 1322 1840 ὐπδ
1336 1814 1384 1850 τῆς
1400 1814 1507 1845 σκοτίας
1519 1814 1646 1849 ἐνεχώρει
1660 1814 1916 1850 καταλαμϐάνεσθαι

1129 1859 1182 1886 τῶν
1199 1859 1259 1886 καθ’
1276 1861 1359 1895 ἡμᾶς,
1373 1860 1448 1887 οὐδὲν
1467 1859 1519 1895 ἔφη
1532 1869 1558 1886 τι
1572 1860 1690 1887 τοιοῦτον
1705 1862 1718 1887 6
1733 1861 1839 1897 Σωτήρ.
1855 1861 1915 1892 Πῶς

1128 1903 1176 1932 οὖν
1192 1905 1233 1932 ἔτι
1247 1906 1343 1932 ταυτὸν
1358 1906 1397 1939 είς
1411 1905 1490 1940 φύσιν
1505 1906 1519 1932 6
1541 1906 1693 1941 Μονογενὴς
1715 1906 1760 1932 καὶ
1777 1906 1794 1941 ἡ
1815 1906 1914 1940 κτίσις,

1129 1953 1143 1978 6
1160 1950 1336 1982 ἀναλλοίωτος
1347 1951 1379 1986 τῇ
1389 1950 1576 1987 ἀλλοιουμένῃ,
1591 1952 1686 1977 παθεῖν
1698 1951 1773 1978 οὐδὲν
1786 1952 1839 1978 τῶν
1856 1951 1919 1978 ἀδι-

1128 1998 1247 2025 κούντων
1263 1996 1424 2031 ἀνεχόμενος
1440 1997 1473 2032 τῇ
1494 1996 1670 2032 σκοτιξομένῃ
1695 1997 1742 2023 καὶ
1758 1997 1915 2032 ἀποκτήσαο

1129 2043 1192 2070 σθαι
1206 2042 1340 2079 δυναμένῃ
1351 2041 1396 2068 τὸν
1409 2042 1547 2078 φωτισμὸν
1557 2064 1564 2076 ,
1585 2043 1622 2075 ὼς
1641 2043 1669 2069 ὲν
1689 2043 1847 2079 προσθήκης
1867 2044 1914 2078 μὲ-

1130 2098 1171 2125 pst
1187 2089 1321 2125 προσόντα
1333 2088 1463 2124 δηλονότι,
1481 2089 1526 2116 καὶ
1545 2090 1603 2124 οὐχὶ
1619 2089 1688 2116 κατὰ
1701 2090 1780 2124 φύσιν
1799 2090 1914 2126 ἐρριζω-

1129 2136 1213 2172 μένην
1229 2135 1258 2162 ἐν
1271 2136 1353 2171 αὐτῇς

1162 2181 1262 2208 ΑΛΛΟ.
1279 2180 1311 2208 El
1335 2181 1372 2216 μὴ
1394 2180 1473 2215 μόνος
1491 2181 1505 2207 6
1523 2181 1677 2217 Μονογενὴς
1691 2181 1720 2208 τδ
1740 2180 1798 2216 φῶς
1812 2182 1870 2209 ἐστι
1884 2182 1913 2208 τὸ

1127 2225 1263 2261 ἀληθινὸν,
1283 2225 1339 2260 ἔχει
1362 2225 1390 2252 δὲ
1419 2225 1465 2252 καὶ
1489 2226 1554 2252 αὐτὸ
1573 2227 1590 2262 ἡ
1608 2227 1706 2259 κτίσις,
1730 2227 1768 2258 ὡς
1791 2228 1913 2262 ὁμοφυὴς

1127 2272 1212 2308 αὐτῷ,
1229 2272 1300 2299 κατὰ
1316 2272 1375 2299 τίνα
1389 2271 1488 2308 τρόπον
1507 2273 1664 2308 ἀναῦοῶμεν
1678 2275 1768 2308 ἡμεῖς,
1792 2274 1830 2306 ὡς
1847 2275 1913 2309 πρὸς

1127 2318 1193 2344 Θεὺν
1212 2317 1259 2344 καὶ
1272 2318 1390 2354 Πατέρα·
1405 2327 1414 2343 ι
1427 2319 1470 2345 Ἐν
1481 2318 1519 2354 τῷ
1532 2319 1600 2353 φωτί
1616 2327 1661 2345 συυ
1674 2319 1795 2354 ὀψόμεθα
1810 2320 1885 2355 φῶς;
1901 2330 1910 2345 ι

1128 2363 1159 2390 Εἰ
1180 2363 1234 2398 γὰρ
1255 2363 1312 2398 φῶς
1334 2364 1416 2398 ἐσμεν
1435 2363 1569 2399 ἀληθινὸν,
1593 2363 1650 2396 πῶς
1676 2364 1705 2391 ἐν
1727 2365 1812 2401 ἑτέρῳ
1831 2375 1912 2400 φωτι-

1128 2409 1299 2444 σοησόμεοα;
1315 2410 1346 2436 Εἰ
1363 2409 1391 2436 δὲ
1413 2409 1451 2441 ὡς
1468 2409 1612 2445 χρῄζοντες
1636 2411 1798 2438 ἐπεισάκτου
1814 2413 1912 2446 φωτὸς,

1126 2455 1160 2482 τὰ
1175 2455 1284 2482 τοιαῦτά
1297 2463 1397 2490 φαμεν,
1412 2455 1461 2481 οὐκ
1475 2455 1550 2486 ὅντες
1568 2455 1687 2491 δηλονότι
1701 2457 1770 2483 κατὰ
1784 2457 1913 2493 ἀλήθειαν

1126 2501 1183 2536 φῶς
1199 2501 1369 2536 ὰλωσόμεθα.
1392 2500 1496 2528 Οὐκοῦν
1509 2502 1568 2528 οὐδὲ
1585 2503 1712 2538 ὁμοφυεῖς
1731 2502 1769 2537 τῷ
1787 2503 1913 2530 τοσοῦτον

1128 2548 1198 2575 κατὰ
1214 2547 1294 2583 φύσιν
1308 2547 1378 2582 ὑπὲρ
1394 2547 1468 2582 ἡμᾶς
1485 2547 1633 2583 ὑπάρχοντι
1651 2548 1739 2583 Λόγῳ.

1162 2637 1253 2664 ΔΛΛο
1280 2636 1506 2672 διηγηματικῶς.
1528 2637 1557 2664 ’0
1584 2637 1685 2673 Κύριος
1710 2637 1788 2673 ἡμῶν
1809 2639 1913 2674 Ἰησοῦς

1126 2683 1242 2719 Χριστὸς
1267 2684 1295 2711 ὲν
1328 2686 1383 2716 τοῖς
1409 2683 1584 2718 Εὑαγγελίοις
1616 2685 1770 2720 εὑρίσκεται
1804 2685 1911 2720 λέγων’

1128 2739 1138 2756 ι
1155 2730 1229 2766 Αὕτη
1241 2729 1269 2756 δέ
1283 2731 1356 2756 ἐστιν
1368 2730 1384 2766 ή
1397 2729 1497 2764 κρίσις,
1508 2730 1548 2756 ὅτι
1560 2729 1589 2756 τὺ
1603 2729 1661 2764 φῶς
1672 2730 1798 2766 ἐλήλυθεν
1813 2732 1853 2763 είς
1867 2732 1912 2758 τὸν

1127 2776 1237 2811 κόσμον,
1250 2776 1297 2802 καὶ
1307 2775 1452 2810 ἠγάπησαν
1464 2776 1488 2801 οί
1503 2774 1638 2810 ἄνθρωποι
1651 2775 1749 2810 μᾶλλον
1759 2776 1790 2803 τὺ
1804 2777 1911 2809 σκότος,

1126 2822 1143 2858 ἢ
1157 2821 1186 2848 τὸ
1201 2821 1268 2856 φῶς.
1284 2818 1338 2848 Ἦν
1354 2820 1408 2856 γὰρ
1421 2820 1509 2847 αὐτῶν
1521 2821 1626 2856 πονηρὰ
1639 2821 1673 2848 τὰ
1690 2821 1767 2857 ἔργα.
1783 2823 1840 2856 Πᾶς
1857 2823 1911 2861 γὰρ

1168 2916 1190 2931 ⁵³
1208 2915 1282 2945 Psal.
1300 2923 1387 2949 xxxv,
1407 2916 1447 2945 l0.
