2030 3122
173 168 226 198 H7

712 178 744 206 IN
758 178 901 208 JOANNIS
925 179 1145 210 EVANGELIUM
1166 181 1229 209 LIB.
1246 181 1266 209 1.

1751 185 1801 214 H8

172 229 188 255 ό
201 228 236 275 τὰ
249 229 340 275 φαῦλα
355 232 492 267 πράσσων,
510 237 585 269 μισεί
598 235 627 263 τὺ
642 236 710 270 φῶς,
725 238 773 264 καὶ
787 238 837 265 οὒκ
851 238 960 274 ἔρχεται

1015 240 1086 267 male
1108 239 1174 275 agit.
1190 239 1248 267 odit
1262 239 1398 273 lucem,et
1414 248 1468 268 non
1484 241 1556 269 venit
1578 241 1611 270 ad
1636 242 1722 271 lucem
1732 244 1765 271 ".
1789 253 1799 269 ι

174 273 243 308 πρὸς
256 273 286 299 τδ
303 273 371 308 φῶς.
387 284 397 301 ›
416 276 484 302 Ἀλλ’
498 277 576 314 ειπερ
597 279 656 306 ἐστὶ
674 280 703 307 τὸ
716 280 773 315 φῶς
790 281 820 307 es
838 273 963 316 ἀληθινὸν

173 319 188 344 ό
203 318 366 356 Μονογενὴς,
379 321 437 355 φῶς
451 322 479 349 δέ
493 323 593 358 ὁμοίως
615 325 740 361 ἀληθινὸν
761 324 831 354 εῖναι
852 327 963 354 δύναται

174 364 252 401 καὶὴ
270 366 374 398 κτίσις·
392 367 450 400 πῶς
471 369 486 395 ό
509 369 559 404 μὲν
583 370 692 406 ἔρχεται
711 373 818 406 φωτιῶν
833 373 928 408 αὐτὴν,
946 373 962 408 ἠ

173 408 202 434 δὲ
217 409 313 444 ἠγάπα
324 411 354 437 τὸ
370 412 464 445 σκότος
477 422 484 447 ;
501 414 564 446 Πῶς
576 415 604 441 δέ
623 414 690 447 ὂλως
707 417 756 443 οὐκ
770 417 878 452 ἔρχεται
895 418 963 452 πρῦς

173 453 287 488 ’τὸ-φῶς,
300 455 379 492 εἴπερ
394 458 467 485 ἐστὶν
482 458 552 495 αὕτη
574 461 604 486 τὸ
626 460 683 495 φῶς
704 461 735 488 τὺ
757 462 901 498 ἀληθινόν;
923 463 963 489 Τά

176 499 225 534 μὲν
242 500 296 536 γὰρ
309 501 388 536 φύσει
404 505 537 539 προσόντα
552 506 621 532 τισὶν
641 507 828 542 ἐρριζωμένην
839 506 895 542 ἔχει
913 507 962 543 τὴν

174 544 256 579 φύσιν
268 554 274 560 ·
289 546 324 573 τὰ
335 547 362 574 δὲ
379 549 473 584 αἱρετά
493 550 561 577 κατὰ
581 551 698 587 θέλησιν,
715 553 745 578 ού
768 553 895 589 τοιαύτην
905 553 961 589 ἔχει

173 590 223 625 τὴν
248 590 349 624 στάσιν,
375 590 430 619 οἷον
457 594 524 630 φέρε
553 596 653 623 εἰπεῖν·
674 597 723 623 οὐκ
749 598 781 624 ἐκ
810 598 961 633 βουλήσεως

172 634 225 669 τῆς
239 635 305 668 ιδίας
317 637 346 663 τὸ
364 636 504 672 ἄνθρωπος
518 638 587 667 εἶναι
601 641 707 676 λογικὸς
720 643 881 678 κεκτήσεται
901 652 940 676 τις
952 653 958 659 ·

173 679 230 714 εχει
247 680 307 723 γὰρέ
322 681 387 708 αὐτὸ
406 683 480 719 παρὰ
492 685 541 720 τῆς
556 686 677 720 φύσεως·
700 687 755 719 ἕξει
778 687 799 714 δ’
821 686 866 715 οὖν
886 689 959 724 ὅμως

174 725 245 770 κατὰ
260 725 366 762 θέλησιν
387 728 435 764 τὴν
452 730 559 763 ἑαυτοῦ,
576 731 606 758 τὸ
624 729 692 759 εἶναι
718 733 843 770 πονηρὸς,
857 733 873 769 ἦ
889 734 957 768 ἀγα-

174 769 230 803 θός,
243 770 379 807 ἀγαπήσει
393 781 421 800 τε
440 774 539 809 ὁμοίως
554 776 597 802 ἐπ’
617 776 740 810 ἐξουσίας
761 778 791 804 τὸ
813 778 926 810 δίκαιον,
939 779 955 815 ἢ

173 816 204 842 τὸ
215 817 345 846 ἐναντίον.
363 819 448 856 Εἴπερ
465 817 512 848 οὖν
530 821 604 848 ἐστιν
620 824 635 858 ή
651 823 738 855 κτίσις
751 824 821 850 κατά
837 824 916 858 φύσιν
927 825 957 851 τὺ

172 862 248 896 φῶς·
263 862 340 890 τοῦτο
353 864 408 900 γὰρ
421 866 548 901 σημαίνει
561 867 591 893 τὸ
602 868 762 902 ἀληθινόν·
781 869 839 900 πῶς
851 869 900 896 οὐκ
913 869 957 904 ἔρ-

1014 285 1048 312 At
1062 285 1084 313 si
1102 285 1147 312 lux
1160 292 1224 312 vera
1240 289 1283 312 est
1300 284 1471 321 Unigenitus,
1490 290 1517 315 et
1533 287 1577 315 lux
1595 295 1659 315 vera
1671 288 1801 317 similiter

1013 337 1073 358 esse
1087 334 1175 365 potest
1194 335 1319 358 creatura
1336 340 1342 357 :
1360 331 1499 366 quomodo
1515 332 1560 360 ille
1587 333 1697 368 quidem
1727 335 1800 362 venit

1015 375 1219 404 illuminaturus
1236 383 1307 408 eam,
1333 376 1389 403 haec
1415 380 1506 404 autem
1535 379 1666 407 tenebras
1684 379 1801 407 dilexit?

1013 420 1067 447 Aut
1080 421 1218 456 quomodo
1235 421 1258 449 si
1272 421 1318 449 lux
1339 429 1402 449 vera
1415 426 1457 450 est
1471 422 1504 449 ad
1526 424 1613 451 lucem
1635 432 1691 452 non
1708 425 1800 453 venit?

1012 464 1078 492 Nam
1089 473 1149 501 quae
1160 470 1259 494 natura
1274 468 1416 495 nonnullis
1446 468 1551 501 insunt,
1568 473 1696 497 naturam
1724 470 1800 498 radi—

1012 511 1084 539 citus
1100 512 1212 539 inlixam
1231 513 1348 546 habent;
1365 521 1425 548 quae
1445 518 1534 541 autem
1551 522 1565 541 a
1579 515 1722 543 voluntate
1737 524 1801 550 pro-

1012 556 1191 590 ficiscuntur,
1211 566 1265 586 non
1278 563 1331 586 tam
1349 560 1426 586 ﬁrma
1439 568 1471 586 ac
1488 560 1599 586 stabilia
1614 564 1688 587 sunt.
1702 560 1798 587 Exem-

1011 603 1045 636 pli
1060 603 1147 637 gratia
1168 613 1174 631 :
1199 611 1280 631 nemo
1305 605 1385 632 habet
1403 613 1416 631 a
1442 605 1587 632 voluntate
1607 610 1635 632 ut
1651 606 1688 633 sit
1718 606 1801 633 homo

1010 647 1130 675 rationis
1144 655 1275 683 compos;
1292 649 1318 675 id
1331 649 1405 676 enim
1425 649 1506 676 habet
1527 656 1541 676 a
1554 654 1652 676 natura
1679 658 1686 675 :
1716 649 1799 676 habet

1013 695 1108 719 tamen
1120 700 1134 719 a
1147 693 1286 721 voluntate
1306 694 1378 728 quod
1391 694 1425 720 sit
1440 701 1541 728 pravus
1567 697 1615 721 aut
1642 693 1745 729 probus
1773 697 1800 722 ct

1012 737 1040 763 in
1055 737 1114 772 ejus
1133 741 1266 773 potestate
1292 742 1333 766 est
1350 739 1476 774 amplecti
1493 739 1610 773 justum.
1623 742 1670 766 aut
1684 742 1792 766 contra.

1008 781 1037 809 Si
1063 791 1127 818 ergo
1154 787 1280 810 creatura
1304 784 1350 810 lux
1379 787 1420 812 est
1438 784 1587 811 secundum
1610 791 1686 811 suam
1715 789 1796 810 natu-

1007 836 1077 862 ram,
1096 829 1122 855 id
1137 832 1179 857 est
1199 836 1272 861 vera,
1286 829 1432 864 quomodo_
1448 830 1482 857 ad
1506 829 1595 857 lucem
1619 837 1674 856 non
1707 829 1796 862 venit,

1008 877 1054 900 aut
1079 873 1216 909 quomodo
1248 874 1375 901 tenebras
1397 874 1503 909 diligit,
1529 874 1610 910 quasi
1632 878 1730 902 natura
1751 875 1797 902 lux

172 915 250 954 κεται
267 908 334 954 προς
345 908 375 935 τὸ
391 909 465 944 φῶς,
484 910 500 945 ἢ
516 911 574 942 πῶς
586 912 680 947 ἀγαπᾷ
694 913 723 939 τὸ
740 913 844 946 σκότος,
859 914 896 945 ὡς
912 914 960 941 οὐκ

1014 926 1075 946 νει-³
1089 908 1288 954 essenequeat,
1320 919 1367 947 sed
1382 920 1497 947 arbitrio
1524 928 1575 947 suo
1603 928 1635 947 ac
1655 920 1798 952 voluntate

172 952 273 988 ἔχουσα
284 953 404 989 δηλονότι
425 956 495 983 κατὰ
511 955 591 991 φύσιν
612 958 642 984 τὸ
664 956 732 985 εἶναι
748 958 807 992 φῶς
822 957 958 994 ἀληθινὸν,

173 1000 368 1036 προαιρετικὴν
381 1001 409 1028 δὲ
428 1002 527 1037 μᾶλλον
542 1003 690 1038 ποιουμένη
704 1003 753 1040 τὴν
766 1004 812 1030 ἐπὶ
833 1003 864 1030 τὺ
878 1003 958 1039 ἀμει-

172 1053 229 1077 νον,
247 1045 264 1080 ἢ
285 1046 318 1072 τὰ
338 1047 422 1083 χείρω
445 1049 550 1084 ῥοπήν;
565 1050 600 1076 ’Ἡ
617 1049 707 1076 τοίνυν
728 1050 958 1085 ἀποτολμὰτωσαν

171 1091 198 1117 οἱ
213 1090 247 1118 δι’
259 1092 384 1124 ἐναντίας
404 1092 440 1129 μὴ
464 1095 584 1128 φυσικῶς
605 1095 766 1132 ἐνυπάρχειν
787 1095 826 1131 τῷ
847 1095 902 1131 Υίῷ
925 1095 958 1123 τὰ

171 1136 244 1172 ὑπὲρ
255 1137 304 1173 τὴν
319 1137 406 1165 κτίσιν
426 1138 647 1175 πλεονεκτήματα
659 1140 757 1175 λέγειν,
774 1141 816 1168 ἵνα
828 1141 957 1177 γυμνότε-

174 1190 220 1218 ρον
247 1183 450 1219 δυσφημοῦντες
474 1185 656 1220 ἐλέγχωνται,
681 1187 727 1213 καὶ
751 1187 826 1222 παρὰ
849 1188 957 1214 πάντων

172 1228 334 1262 ἀκούσωσιν,
349 1238 358 1255 ι
380 1230 581 1266 Ἐξολοθρεύσαι
604 1231 706 1267 Κύριος
721 1232 808 1260 πάντα
827 1232 861 1259 τά
880 1233 955 1269 χείλη

168 1273 207 1300 τὰ
228 1273 310 1307 δόλια,
326 1274 451 1308 γλῶσσαν
472 1277 761 1312 μεγαλορῤήμονα,ἢ
790 1277 868 1312 εἴπερ
890 1278 956 1312 ὁμο-

173 1319 282 1353 λογοῦσι
295 1320 386 1354 σαφῶς
396 1320 531 1352 οὐσιωδῶς
545 1322 707 1357 ἐνυπάρχειν
720 1322 794 1358 αὐτῷ
805 1322 839 1349 τὰ
853 1322 953 1357 ἀγαθὰ,

173 1364 211 1400 μὴ
230 1366 435 1393 συνατπέτωσαν
449 1366 524 1402 αὐτῷ
539 1367 606 1402 πρὸς
622 1368 734 1404 ἐνότητα
753 1368 804 1404 τὴν
818 1367 888 1395 κατά
901 1367 990 1403 φύσιν,

172 1410 367 1439 ἀποδέδεικται.

207 1456 307 1484 ΑΛΛΟ.
325 1457 356 1484 El
380 1457 417 1493 μὴ
441 1458 520 1494 μόνος
544 1459 558 1486 ό
581 1459 628 1486 τοῦ
651 1459 719 1487 Θεοῦ
741 1460 826 1494 Λόγος
848 1460 879 1487 τὸ
900 1460 957 1495 φῶς

173 1500 233 1527 ἐστι
247 1501 277 1527 τὸ
291 1501 425 1536 ἀληθινὸν,
437 1503 504 1530 ἀλλά
518 1504 566 1530 καὶ
578 1504 594 1539 ὴ
611 1504 709 1537 κτίσις,
725 1504 849 1541 καθάπερ
863 1505 955 1536 αὐτὸς.

172 1545 216 1573 διὰ
234 1546 312 1574 ποίαν
333 1547 420 1575 αἰτίαν
435 1557 444 1574 ι
465 1549 535 1583 Ἐγώ
549 1549 616 1584 ειμι,
634 1559 644 1576 ι
660 1550 735 1586 φησὶ,
754 1560 763 1576 ι
783 1550 814 1577 τδ
838 1550 894 1585 φῶς
909 1550 955 1577 τοῦ

172 1592 293 1627 κόσμοιη
311 1602 320 1618 ι
343 1593 441 1629 ῆλπῶς
462 1594 611 1631 ἀνεξόμεθα
635 1596 681 1622 τοῦ
706 1595 846 1623 καλλίστου
863 1595 956 1624 πλεον-

172 1639 326 1674 εκτήματος
351 1640 570 1676 ἀπογυμνοῦντες
592 1641 642 1678 τὴν
666 1641 764 1677 φύσιν.
790 1642 870 1677 εἴπερ
890 1642 958 1674 ὅλως

172 1685 305 1721 ἐνδέχεται
322 1686 369 1712 καὶ
382 1687 455 1722 ἡμᾶς
471 1686 597 1722 ἀληθινὸν
620 1685 689 1714 εἶναι
710 1687 777 1722 φῶς,
793 1687 831 1720 ὡς
846 1687 959 1722 ἐχούσης

173 1730 239 1758 αὐτὸ
253 1730 298 1757 καὶ
313 1730 361 1766 τῆς
375 1731 491 1766 γενητῆς
504 1731 614 1765 ode-lac;
641 1732 672 1758 Εί
687 1731 716 1758 δὲ
731 1732 857 1768 ἀληθεύει
873 1732 959 1767 λέγων

172 1775 188 1802 ὁ
211 1775 376 1811 Μονογενὴς,
401 1785 410 1801 ι
430 1776 500 1811 Ἐγώ
530 1777 587 1812 εἰμι
611 1776 641 1803 τὸ
665 1777 722 1812 φῶς
745 1777 791 1804 τοῦ
814 1777 926 1812 κόσμου,
947 1787 956 1803 ι

175 1821 268 1856 σχέσει
286 1821 405 1857 δηλονότι
430 1823 461 1858 τῇ
486 1823 552 1859 πρὸς
575 1822 655 1850 αὐτὸν
680 1823 697 1859 ὴ
724 1823 821 1856 κτίσις.
843 1824 890 1850 καὶ
911 1824 959 1859 οὺχ

175 1867 276 1903 ἑτέρως
293 1867 368 1894 ἔσται
390 1867 457 1902 φῶς.
471 1868 502 1894 El
522 1868 550 1894 δὲ
572 1868 660 1902 τοῦτο,
676 1869 725 1905 οὐχ
742 1869 864 1905 όμοιρυὴς
875 1869 957 1905 αὐτῷ.

209 1912 312 1940 ΑΛΛΟ.
339 1913 370 1941 Εἰ
395 1914 431 1949 μὴ
455 1913 533 1949 μόνος
554 1913 624 1941 κατὰ
643 1914 771 1949 ἀλήθειαν
787 1914 845 1948 φῶς
859 1915 932 1940 ἐστιν
945 1915 960 1941 ό

176 1958 250 1991 Υίδς,
264 1959 352 1986 κεῖται
367 1959 395 1986 δὲ
409 1960 487 1986 τοῦτο
508 1960 555 1986 καὶ
579 1960 607 1994 ἐν
625 1961 680 1991 τοῖς
702 1961 839 1995 γενητοῖς·
854 1960 880 1986 τί
895 1968 959 1986 ποτε

176 2004 230 2040 ἄρα
244 2005 369 2040 ἐροῦμεν,
384 2005 447 2031 ὅταν
463 2006 527 2040 ἡμῖν
545 2005 560 2031 ό
577 2003 729 2040 σοφώτατος
746 2004 887 2040 ἐπιστέλλῃ
907 2004 961 2031 Πέ-

175 2057 249 2084 τρος
259 2058 269 2074 ι
281 2048 374 2084 Ὑμεῖς
383 2049 411 2075 δέ
421 2049 497 2083 γένος
512 2048 648 2082 ἐκλεκτὸν,
658 2048 790 2084 βασίλειον
801 2049 959 2084 ἱεράτευμα,

176 2094 252 2126 ἔθνος
266 2094 353 2129 ἆγιον,
373 2094 435 2126 λαὸς
454 2096 493 2127 είς
509 2095 692 2131 περιποίησιν,
708 2095 781 2127 ὅπως
798 2095 849 2127 τάς
858 2095 960 2130 ἀρετὰς

176 2140 351 2175 ἐξαγγείλητε
369 2140 415 2167 τοῦ
429 2141 460 2167 ἐκ
475 2141 587 2172 σκότους
599 2141 671 2176 ὑμᾶς
694 2140 855 2173 καλέσαντος
870 2143 909 2173 εἰς
931 2141 961 2168 τδ

177 2186 332 2221 θαυμαστὸν
358 2186 440 2213 αὐτοῦ
462 2187 535 2221 φῶς;
566 2187 645 2214 Ποῖον
673 2187 726 2223 γὰρ
756 2187 823 2219 ὅλως
846 2188 874 2214 ἐν
897 2189 960 2222 ἡμῖν

177 2234 236 2260 ἐστι
253 2232 357 2265 σκότος,
373 2233 389 2268 ἢ
407 2233 435 2259 ἐν
450 2233 519 2268 ποίῳ
536 2233 686 2268 γεγόναμεν
704 2233 801 2268 σκότῳ,
825 2233 872 2260 καὶ
886 2233 961 2260 αὐτοὶ

1007 964 1089 991 modo
1102 964 1129 991 in
1145 964 1253 998 melius,
1273 965 1355 992 modo
1368 965 1396 992 in
1414 966 1490 1000 pejus
1505 965 1632 993 feratur?
1656 966 1710 992 Aut
1748 966 1797 1000 igi-

1008 1013 1054 1037 ιιιι·
1066 1007 1216 1036 adversarii
1231 1011 1454 1044 supernaturales
1469 1011 1548 1038 dotes
1572 1011 1599 1038 in
1616 1010 1684 1038 Filio
1714 1015 1798 1037 natu-

1009 1053 1105 1081 raliter
1119 1054 1254 1082 exsistere
1279 1055 1410 1082 audacter
1428 1061 1539 1091 negent,
1557 1060 1587 1082 ut
1602 1056 1711 1090 cognita
1737 1055 1797 1082 illo-

1008 1106 1067 1125 rum
1084 1099 1251 1134 blasphemia
1267 1100 1300 1127 ab
1311 1101 1442 1129 omnbus
1458 1101 1572 1128 audiant
1593 1111 1599 1129 :
1621 1111 1630 1127 ι
1650 1101 1797 1136 Disperdat

1011 1143 1144 1173 Dominus
1157 1146 1287 1173 universa
1309 1146 1381 1173 labia
1409 1146 1516 1180 dolosa,
1533 1151 1561 1174 et
1588 1147 1708 1182 linguam
1737 1155 1796 1174 Μαι

1007 1189 1186 1225 gniloquam"
1201 1191 1256 1226 69
1278 1200 1284 1218 :
1309 1195 1355 1218 aut
1371 1191 1394 1219 si
1421 1191 1540 1220 fatentur
1574 1193 1794 1228 supernaturalia

1007 1234 1079 1262 bona
1098 1235 1123 1262 ei
1143 1236 1364 1264 substantialiter
1384 1236 1494 1270 inesse,
1525 1245 1558 1265 ne
1577 1238 1746 1273 conjungant
1770 1237 1796 1264 ei

1007 1279 1125 1306 naturali
1135 1280 1241 1307 unitate
1251 1283 1416 1313 creaturam,
1434 1288 1493 1316 quae
1504 1281 1658 1309 istiusmodi
1676 1289 1730 1309 non
1743 1285 1794 1313 est,

1008 1328 1039 1351 ut
1051 1328 1130 1352 antea
1144 1325 1407 1353 demonstravimus.

1008 1369 1056 1405 τὴν
1071 1370 1119 1405 οὐχ
1149 1369 1235 1403 οὕτως
1269 1370 1382 1406 ἔχουσαν
1407 1371 1512 1404 κτίσιν,
1543 1371 1581 1404 ὡς
1614 1371 1713 1408 ἀρτίως
1732 1370 1796 1406 ἡμῖν

1045 1458 1159 1486 ALIUD.
1179 1458 1207 1486 Si
1222 1465 1276 1486 non
1292 1458 1379 1486 solum
1396 1457 1443 1487 Dei
1467 1458 1587 1487 Verbum
1602 1458 1666 1488 vera
1680 1460 1725 1488 lux
1740 1448 1793 1490 est.

1009 1503 1058 1531 sed
1094 1507 1219 1531 creatura
1245 1508 1375 1539 praeterea
1403 1504 1474 1532 sicut
1508 1504 1619 1539 ipsum:
1653 1511 1734 1539 quam
1761 1505 1796 1531 ob

1008 1549 1191 1588 causam‘ait:
1211 1558 1220 1574 ι
1238 1548 1293 1584 Ego
1307 1557 1368 1577 sum
1392 1549 1438 1576 lux
1462 1549 1557 1576 mundi
1572 1550 1614 1576 ‘7?
1636 1559 1645 1576 ι
1663 1553 1709 1576 aut
1728 1557 1796 1585 quo-

1008 1594 1089 1622 modo
1096 1594 1374 1630 pmclarissimadote
1383 1595 1495 1630 spoliari
1504 1595 1794 1627 sinemuscreaturam.

1008 1640 1031 1667 si
1046 1639 1104 1668 ﬁeri
1125 1644 1213 1675 potest
1230 1643 1259 1668 ut
1273 1641 1359 1668 simus
1380 1648 1445 1669 vera
1464 1641 1521 1674 lux,
1544 1645 1638 1676 utpote
1652 1648 1714 1668 cum
1735 1648 1794 1668 eam

1008 1683 1108 1712 habeat
1135 1692 1244 1720 quoque
1269 1690 1361 1713 creata
1388 1686 1561 1714 substantia?
1589 1685 1668 1719 Quod
1687 1685 1710 1713 si
1733 1693 1796 1713 vere

1008 1729 1131 1765 loquitur
1151 1729 1326 1766 Unigenitus,
1353 1740 1418 1759 cum
1448 1732 1512 1759 ait:
1544 1741 1553 1757 ι
1574 1731 1630 1767 Ego
1659 1739 1719 1760 sum
1750 1733 1795 1759 lux

1009 1775 1115 1807 mundi.
1138 1786 1147 1802 ι
1165 1777 1298 1805 relatione
1324 1778 1406 1812 igitur
1422 1777 1456 1805 ad
1477 1778 1566 1813 ipsum
1590 1781 1727 1810 creatura,
1746 1784 1796 1804 nec

1009 1821 1063 1848 alio
1075 1821 1156 1849 modo
1167 1823 1219 1849 erit
1232 1822 1290 1849 lux.
1302 1822 1380 1856 Quod
1397 1824 1420 1850 si
1432 1822 1470 1850 ita
1482 1826 1534 1856 est,
1549 1829 1603 1850 non
1617 1828 1659 1850 est
1671 1822 1794 1858 ejusdem

1009 1874 1072 1894 cum
1090 1867 1150 1902 ipso
1164 1871 1279 1895 naturae.

1043 1912 1158 1940 ALIUD.
1190 1912 1218 1940 Si
1239 1920 1293 1940 non
1314 1913 1389 1941 solus
1414 1913 1563 1941 secundum
1588 1913 1730 1941 veritatem
1750 1913 1795 1940 lux

1010 1961 1052 1986 est
1066 1957 1162 1991 Filius,
1179 1958 1225 1986 sed
1241 1958 1299 1986 haec
1318 1959 1400 1986 etiam
1422 1958 1505 1986 rebus
1532 1959 1632 1986 creatis
1658 1959 1794 1992 convenit,

1010 2003 1076 2038 quid
1096 2003 1323 2038 respondebimus
1338 2003 1420 2031 Petro
1437 2003 1568 2031 scribenti
1584 2012 1591 2031 :
1610 2013 1619 2031 I
1637 2003 1690 2032 Vos
1704 2008 1795 2032 autem

1010 2049 1238 2084 genus‘electum,
1253 2048 1344 2084 regale
1369 2048 1563 2081 sacerdotium,
1589 2056 1656 2084 gens
1682 2051 1797 2082 sancta,

1010 2095 1126 2130 populus
1140 2094 1341 2129 acquisitionis,
1367 2097 1398 2121 ut
1418 2093 1533 2121 virtutes
1552 2093 1720 2122 annuntietis
1736 2094 1799 2129 ejus

1010 2140 1057 2175 qui
1079 2139 1112 2167 de
1127 2139 1246 2168 tenebris
1264 2147 1311 2167 vos
1336 2140 1445 2167 vocavit
1472 2140 1500 2167 in
1519 2139 1679 2168 admirabile
1705 2139 1796 2167 lumen

1011 2194 1092 2215 suum
1105 2186 1146 2214 “2
1163 2196 1173 2213 ι
1189 2185 1256 2219 Quae
1270 2185 1341 2213 enim
1368 2185 1396 2212 in
1412 2185 1504 2218 nobis,
1517 2190 1623 2221 quaeso,
1638 2190 1703 2213 sunt
1719 2189 1797 2214 tene-

1011 2234 1076 2266 brae,
1097 2237 1144 2260 aut
1159 2232 1260 2268 quibus
1275 2231 1303 2258 in
1316 2231 1437 2260 tenebris
1453 2230 1566 2264 fuimus,
1582 2239 1644 2259 cum
1660 2231 1712 2267 ipsi
1730 2239 1798 2268 quo-

177 2278 249 2306 κατὰ
262 2279 389 2314 ἀλήθειαν
407 2278 483 2309 ὄντες
495 2277 551 2313 φῶς
565 2286 572 2311 ;
588 2277 658 2304 κατὰ
673 2278 734 2305 τίνα
747 2277 776 2304 δὲ
788 2278 885 2313 τρόπον
899 2277 960 2305 ἀνα-

1012 2286 1065 2314 que
1078 2277 1124 2305 Iuv
1137 2277 1224 2305 simus
1241 2276 1392 2305 secundum
1408 2276 1554 2304 naturam?
1567 2276 1690 2309 Quonam
1708 2281 1799 2304 autem.

176 2324 334 2360 κεκλήμεθα
353 2324 420 2360 πρὸς
437 2323 468 2350 τὸ
493 2323 570 2358 φῶς,
600 2325 623 2350 οἱ
644 2322 682 2359 μὴ
707 2323 782 2355 ὄντες
804 2324 832 2350 ἐν
854 2323 959 2359 σκότῳς

184 2369 254 2397 Ἀλλ’
267 2370 297 2396 οὗ
311 2369 436 2404 ψεύδεται
449 2369 500 2405 τῆς
516 2368 642 2405 ἀληθείας
659 2369 673 2394 ὁ
692 2368 780 2404 κήρυξ
795 2369 809 2395 ὁ
825 2369 961 2405 θαρσήσας

179 2416 277 2443 εἰπεῖν·
294 2425 303 2442 ι
316 2416 348 2442 Et
359 2415 438 2452 [vulg.
453 2415 525 2452 ἐπεὶ]
540 2415 652 2451 δοκιμὴν
671 2415 776 2450 ζητεῖτε
791 2415 838 2442 τοῦ
859 2415 888 2441 ἐν
900 2415 962 2450 ἐμοὶ¹

179 2462 323 2494 λαλοῦντος
346 2462 482 2498 Χριστοῦς
508 2471 518 2488 ›
543 2461 598 2488 Καὶ
624 2460 780 2496 κεκλήμεθα
805 2469 815 2487 ι
840 2460 908 2496 πρὸς
932 2461 962 2487 τὸ

181 2508 337 2544 θαυμαστὸν
359 2508 440 2536 αὐτοῦ
458 2509 526 2543 φῶς,
543 2518 553 2535 ι
568 2508 606 2540 ὡς
623 2508 677 2535 ἀπὺ
696 2507 807 2538 σκότους
830 2507 894 2542 ἄρα,
916 2507 963 2534 καὶ

179 2554 228 2590 οὐχ
241 2553 356 2590 ἑτέρως·
376 2555 400 2580 εί
418 2553 446 2581 δὲ
469 2553 547 2580 τοῦτο
569 2553 676 2589 ἀληθὲς,
696 2553 746 2580 οὐκ
767 2552 820 2588 ἄρα
838 2553 854 2588 ἡ
877 2552 964 2584 κτίσις

180 2599 250 2627 κατὰ
267 2599 393 2635 ἀλήθειαν
410 2599 476 2634 φῶς,
491 2599 558 2627 ἀλλὰ
579 2600 658 2635 μόνος
677 2599 726 2634 μὲν
739 2598 842 2634 κυρίως
859 2606 901 2630 τε,
918 2598 965 2625 καὶ

180 2643 287 2680 ἀληθῶς
299 2645 314 2670 ὁ
330 2644 402 2676 Υἱὸς,
417 2643 487 2671 κατὰ
504 2643 610 2678 μέθεξιν
628 2643 657 2670 δὲ
668 2643 717 2679 τὴν
736 2643 803 2679 πρὸς
819 2643 920 2670 ἐκεῖνον
931 2642 965 2669 τὰ

181 2690 292 2726 γενητὰ,
308 2690 355 2717 καί
370 2690 413 2717 διὰ
429 2691 506 2717 τοῦτο
520 2690 569 2725 οὐχ
581 2689 697 2724 όμοφυᾶ.

183 2736 275 2764 Ἄλλη
286 2735 363 2771 μετὰ
376 2735 564 2770 παραθέσεως
578 2734 688 2771 ῥητῶν,
703 2734 738 2767 ἐξ
751 2735 965 2771 ἁπλουστέρων

215 2771 340 2798 ἐννοιῶν
354 2772 400 2806 εις
417 2771 578 2806 ὁμολογίαν
598 2770 769 2806 συνάγοντα
783 2770 853 2806 τοὶξς
869 2770 966 2806 ἐντερ-

217 2805 373 2841 ξομένους,
390 2804 439 2832 ὅτι
453 2804 546 2840 μόνος
564 2805 665 2839 όάΐιὸς
689 2806 742 2832 τοῦ
765 2804 839 2846 θεοῦ
854 2804 887 2832 τὸ
902 2804 965 2840 φῶς

219 2876 242 2892 ⁸⁸
257 2877 325 2907 Jean
356 2886 404 2911 Ill,
422 2877 470 2912 l9,
485 2879 530 2906 20.
569 2878 592 2895 “
609 2877 681 2906 Psal.
700 2886 741 2909 xx.
763 2877 784 2905 Ι.

1012 2324 1093 2352 modo
1107 2323 1226 2351 revocati
1240 2330 1335 2351 sumus
1356 2322 1390 2350 ad
1409 2322 1509 2355 lucem,
1524 2322 1571 2357 qui
1586 2330 1642 2349 non
1657 2330 1752 2350 sumus
1769 2323 1797 2350 in

1011 2369 1152 2397 tenebris?
1165 2369 1200 2396 At
1216 2376 1271 2396 non
1285 2368 1388 2396 fallitur
1401 2375 1489 2403 praeco
1498 2367 1632 2399 veritatis,
1647 2368 1692 2402 qui
1707 2367 1798 2395 dicere

1012 2421 1095 2442 ausus
1109 2417 1174 2442 est:
1198 2423 1208 2440 ‹
1225 2414 1268 2441 An
1283 2414 1498 2449 experimentum
1522 2413 1645 2447 quaeritis
1664 2413 1723 2448 ejus
1750 2414 1798 2448 qui

1013 2460 1040 2487 in
1060 2467 1104 2488 me
1120 2460 1244 2496 loquitur
1256 2459 1441 2487 Christus"?
1456 2468 1466 2485 ι
1481 2459 1513 2486 Et
1526 2459 1616 2487 vocati
1630 2467 1725 2497 sumus
1737 2469 1746 2485 ‹
1764 2459 1797 2486 ad

1013 2507 1105 2534 lumen
1123 2506 1182 2541 ejus
1206 2505 1376 2539 admirabile,
1401 2515 1410 2532 ι
1435 2513 1450 2532 a
1467 2505 1588 2533 tenebris
1612 2505 1717 2540 utique,
1742 2513 1796 2532 non

1012 2556 1118 2579 eontra.
1133 2550 1210 2584 Quod
1226 2551 1249 2579 si
1261 2558 1355 2579 verum
1372 2554 1426 2583 est,
1442 2557 1496 2578 non
1511 2553 1553 2577 est
1566 2549 1658 2584 itaque
1671 2553 1799 2577 creatura

1012 2604 1077 2624 vera
1099 2596 1157 2628 lux,
1181 2596 1230 2624 sed
1248 2596 1323 2624 solus
1346 2595 1457 2631 proprie
1483 2602 1515 2622 ac
1542 2602 1605 2622 vere
1627 2594 1725 2629 Filius,
1750 2603 1798 2631 per

1013 2642 1253 2677 participationem
1269 2645 1360 2669 autem
1372 2648 1434 2668 cum
1450 2641 1497 2668 illo
1523 2648 1569 2668 res
1583 2644 1692 2670 creatae.
1720 2641 1797 2669 Ideo-

1013 2695 1066 2723 que
1080 2695 1131 2715 nec
1146 2687 1268 2723 ejusdem
1284 2691 1389 2715 naturae
1402 2694 1464 2714 cum
1480 2687 1550 2721 ipso.

1015 2735 1095 2766 Alia,
1112 2743 1169 2761 cum
1185 2733 1386 2768 simplicioribus
1406 2733 1576 2768 argumentis,
1591 2734 1684 2768 quibus
1701 2733 1798 2766 probu-

1052 2775 1096 2796 tur
1121 2770 1206 2797 solum
1231 2769 1279 2796 Dei
1303 2768 1403 2796 Filium
1418 2776 1475 2795 esse
1489 2777 1575 2795 verum
1592 2771 1686 2798 lucem.
1710 2776 1796 2794 rerum

1053 2809 1140 2832 autem
1165 2809 1312 2832 crealarunt
1337 2808 1462 2830 naturam
1485 2809 1590 2838 accepto
1604 2804 1636 2830 ab
1656 2811 1685 2831 ea
1701 2803 1798 2829 lumine

825 2879 845 2894 ⁸⁷
865 2877 943 2905 Joan.
963 2884 1028 2910 vm,
1048 2877 1089 2904 12.
1130 2877 1151 2894 ⁸⁸
1169 2878 1177 2904 l
1195 2876 1266 2905 Petr.
1285 2883 1321 2909 ιι,
1336 2876 1361 2904 9.
1403 2874 1467 2911 “_ll
1480 2874 1542 2902 Cor.
1559 2882 1623 2906 xui,
1639 2875 1663 2902 5.
