2030 3122
117 170 163 199 I2I

634 175 669 203 IN
680 175 821 204 JOANNIS
840 175 1062 205 EVANGELIUM
1077 177 1141 206 LIB.
1162 178 1184 206 I.

1695 175 1747 206 I‘Z‘!

121 231 270 264 στέλλεται,
290 231 393 260 πολλῶν
408 233 472 269 ἡμῖν
489 234 517 261 οὺ
534 234 623 270 δεήσει
642 235 742 270 λόγων⁵
768 237 837 272 αὑτὴ
856 236 908 272 γὰρ

972 246 1052 266 umen
1068 238 1151 265 rectis
1165 236 1292 269 mittitur,
1308 239 1438 275 tanquam
1459 235 1510 271 71
1529 242 1560 262 ea
1578 235 1747 268 carentibus,

120 277 136 310 ὴ
152 276 205 304 τῶν
220 278 392 313 πραγμάτων
415 279 559 315 ἁναόοήσει
583 280 672 315 φύσις,
688 282 725 312 ὡς
746 282 795 308 οὐκ
813 282 845 308 ἂν
866 282 908 318 εἴη

119 323 214 350 ταυτὸν
229 324 269 355 εἰς
284 323 378 351 οὐσίαν
392 325 431 360 τῷ
445 324 539 360 τελείῳ
553 325 584 352 τὸ
606 326 720 359 ὲπιδεὲς,
737 326 776 362 τῷ
792 326 910 362 δεομένῳ

120 368 149 395 τὺ
168 369 304 405 χορηγοῦν
321 371 353 396 ἐκ
367 370 548 406 πλεονασμοῦ.
674 365 679 369 ’

156 459 258 486 ΑΛΛΟ.
278 470 287 486 ι
302 460 432 493 Φωτίζου,
447 461 770 499 φωτίζου,⁸1ερουσαλὴμ,
784 464 846 499 ἥκει
858 464 912 500 γάρ

123 514 169 532 σου
185 505 216 532 τδ
229 507 296 540 φῶς,
311 507 358 533 καὶ
370 507 386 541 ή
401 507 463 540 δόξα
479 509 580 544 Κυρίου
597 510 642 536 ἐπὶ
655 510 684 536 σὲ
697 510 886 538 ἀνατέταλκεν.
899 521 908 537 ι

122 551 153 577 Εἰ
176 552 227 586 μὲν
249 551 355 578 οἴκοθεν
376 552 433 587 ἔχει
449 553 479 580 τὸ
492 554 549 588 φῶς
569 556 585 589 ὴ
609 555 663 581 τῶν
686 557 807 592 γενητῶν
822 556 911 590 φύσις,

123 598 170 624 καὶ
184 597 263 624 τοῦτό
280 599 337 624 ἐστι
352 598 463 634 κυρίως,
482 599 550 635 ὅπερ
567 598 635 627 εἶναί
656 610 745 636 φαμεν
766 602 811 629 τὸν
826 603 913 630 Μονο-

123 645 190 679 γενῆ
205 644 278 671 κατά
292 653 324 679 γε
344 645 375 672 τὸ
395 643 464 672 εἶναι
480 646 538 681 φῶς
555 647 689 682 ἀληθινὸν,
711 649 769 681 πῶς
785 649 817 676 ἂν
831 650 912 686 δεηθῇ

124 690 170 717 τοῦ
195 691 358 725 φωτίζοντος
381 693 462 719 αὐτὸν
487 692 541 729 [ἴσ.
556 693 651 730 αὐτὴν]
674 695 690 730 ἡ
716 695 913 731 Ὶερουσαλήμς

131 737 240 772 Ἐπειδὴ
255 737 283 764 δὲ
298 738 336 769 ὡς
358 738 387 764 ἐν
402 738 512 774 χάριτος
528 739 604 775 μέρει
622 740 651 766 τὺ
665 741 829 775 φωτίζεσθαι
843 742 913 777 λαμ-

125 783 213 817 ϐάνει,
233 785 312 819 μόνος
326 784 381 820 ἄρα
399 785 429 811 τὸ
448 784 506 820 φῶς
521 786 551 812 τὸ
564 785 688 821 ἀληθινὸν
701 788 714 813 ὁ
729 787 793 820 Υἱὸς
806 788 819 813 ὁ
834 789 915 823 φωτί-

125 829 181 861 ζων
195 829 290 864 αὐτὴν,
314 830 360 856 καὶ
382 830 450 865 ὅπερ
465 831 515 857 οὐκ
531 830 588 866 ἔχει
606 830 704 864 διδούς.
725 832 756 858 Εἰ
778 832 806 859 δὲ
826 833 914 866 τοῦτο,

125 875 186 908 πῶς
211 876 242 902 οὐ
264 875 371 908 πάντως
394 877 441 903 καὶ
464 876 557 913 ἔτερος
582 877 654 904 κατὰ
676 877 773 913 φύσιν,
793 878 832 910 ὡς
848 880 916 915 πρὸς

127 922 208 949 αὐτόν
219 931 226 954 ;

161 968 265 994 ΑΛΛΟ.
289 977 298 993 ι
318 967 383 994 Ἰδοὺ
398 967 501 994 δέδωκά
515 976 544 994 σε
558 968 597 999 είς
611 967 742 1004 διαθήκην
756 968 862 1003 γένους,
876 970 916 1001 εἰς
934 987 945 992 -

127 1015 187 1049 φῶς
199 1013 293 1040 ἐθνῶν.
309 1023 318 1039 ι
339 1013 400 1044 Πῶς
417 1013 470 1048 γὰρ
485 1013 553 1044 ὅλως
567 1014 662 1049 ἐδεήθη
675 1015 763 1049 φωτὸς
776 1016 792 1051 ὴ
807 1015 853 1041 ἐπὶ
865 1015 917 1050 γῆς

125 1058 193 1086 οὖσα
205 1060 302 1095 λογικὴ
320 1060 424 1092 κτίσις,
448 1059 527 1095 εἴπερ
544 1059 602 1086 ἐστὶ
619 1060 688 1087 κατὰ
704 1061 783 1095 φύσιν
800 1061 868 1097 αὐτῇ
887 1061 917 1088 τὸ

125 1104 197 1132 εἶναι
212 1105 270 1140 φῶς
283 1105 312 1132 τὸ
329 1104 472 1140 ὰληθιν6ν;
496 1105 538 1137 Ὠς
558 1106 611 1141 γὰρ
625 1106 675 1132 οὐκ
690 1107 789 1143 ἐχούσῃ
810 1107 860 1142 ἤδη
877 1107 916 1133 δί-

125 1152 208 1178 δωσιν
230 1153 244 1179 ὁ
261 1152 326 1184 Θεὸς
339 1153 385 1178 καὶ
394 1152 487 1188 Πατὴρ
499 1152 543 1179 τὸν
555 1152 618 1178 ἴδιον
630 1153 703 1179 Υἱόν·
726 1154 742 1188 ἡ
755 1153 782 1179 δὲ
792 1154 862 1180 οὕτω
871 1153 918 1180 λα-

127 1197 213 1224 6οὖσα
231 1198 264 1225 δι’
284 1198 365 1225 αὑτοῦ
380 1198 472 1234 βοήσει
493 1198 540 1225 τοῦ
558 1198 730 1234 πράγματος,
753 1199 862 1234 καὶτῆς
878 1201 917 1226 οὶ-

127 1244 205 1275 κείας
223 1244 330 1278 φύσεως
347 1244 396 1280 τὴν
413 1245 519 1277 πενίαν,
536 1245 582 1271 καὶ
594 1245 639 1272 τοῦ
655 1245 815 1280 φωτίζοντος
831 1246 917 1280 Λόγου

127 1291 159 1316 τὸ
177 1290 303 1317 πλούσιον
320 1290 437 1326 ἀξίωμα.
763 1281 768 1285 ’

164 1338 265 1365 ΑΛΛΟ.
291 1349 300 1365 ι
316 1338 370 1365 Καὶ
379 1338 426 1366 νῦν
437 1339 450 1365 ὁ
460 1337 533 1371 οῖκος
546 1338 592 1365 τοῦ
611 1337 717 1370 Ἰακὼϐ,
730 1338 806 1365 δεῦτε
820 1348 920 1375 πορευ-

129 1383 222 1418 Οῶμεν
238 1384 276 1419 τῷ
292 1384 362 1419 φωτὶ
386 1383 499 1420 Κυρίου.
515 1394 524 1411 ι
553 1384 602 1411 Διὰ
618 1384 643 1411 τί
661 1385 708 1411 καὶ
728 1381 800 1410 οὗτοι
825 1385 863 1420 μὴ
880 1384 919 1420 τῷ

128 1430 222 1465 οἰκείῳ
238 1430 397 1466 πορεύονται
418 1431 497 1465 φωτὶ,
518 1429 642 1466 δᾳδουχεῖ
658 1430 686 1457 δὲ
700 1431 791 1461 αὐτοῖς
804 1431 818 1456 ὁ
832 1431 919 1456 Μονο-

128 1477 212 1510 γενὴς
229 1476 258 1502 τὸ
282 1476 346 1503 ἴδιον
369 1476 451 1503 αὑτοῦ
473 1477 523 1511 τῆς
546 1476 639 1509 offula;
663 1476 918 1511 ἐντιθεὶςιάγαθόνς

135 1523 206 1549 Ἀλλ’
224 1523 254 1550 οὐ
278 1522 316 1558 τῷ
333 1522 423 1558 οἰκείῳ
439 1523 624 1558 θαρρήσαντες
641 1523 808 1555 δανείζονται
825 1523 855 1549 τὸ
870 1523 919 1549 ἀλ-

960 291 1015 311 ιιοιι
1033 283 1127 311 multis
1140 282 1230 310 verbis
1245 281 1325 309 nobis
1343 288 1411 316 opus
1423 284 1466 308 est
1481 290 1488 308 :
1512 281 1572 316 ipsa
1587 281 1688 316 quippe
1703 289 1748 309 re-

961 337 1020 357 rum
1035 333 1135 357 natura
1162 327 1290 356 clamabit
1316 334 1370 354 non
1388 334 1450 354 esse
1476 326 1547 354 idem
1567 327 1658 361 quoad
1684 327 1749 356 sub-

962 375 1090 403 stantiam
1104 382 1166 402 cum
1193 373 1314 408 perfecto
1330 371 1358 399 id
1381 371 1454 406 quod
1473 375 1544 407 eget,
1575 380 1664 408 neque
1686 380 1748 400 cum

962 421 1057 456 indigo
1073 421 1099 448 id
1116 419 1190 456 quod
1206 419 1306 447 all‘atim
1324 419 1449 453 largitur.

997 465 1114 494 ALIUD.
1142 475 1152 491 ι
1178 465 1352 496 llluminare,
1377 463 1543 496 illuminare,
1564 463 1717 491 Jerusalem
1743 474 1749 491 :

964 513 1039 541 venit
1066 513 1138 540 enim
1156 512 1250 539 lumen
1268 515 1355 542 tuum,
1378 515 1404 538 et
1428 510 1514 545 gloria
1536 509 1642 536 Domini
1667 518 1751 544 super

963 564 990 588 te
1005 564 1064 587 orta
1078 564 1119 587 est
1131 559 1164 587 '°.
1183 569 1192 584 ι
1209 559 1244 585 At
1260 558 1283 585 si
1300 565 1353 585 ase
1367 557 1459 584 lumen
1476 556 1557 583 habet
1570 563 1660 583 rerum
1673 563 1751 582 crea-

965 611 1055 633 tarum
1074 610 1186 636 natura,
1209 609 1290 639 atque
1315 604 1340 631 id
1357 603 1468 638 proprie
1487 607 1545 634 est,
1561 601 1633 636 quod
1651 600 1752 635 Unige—

964 653 1051 680 nilum
1068 660 1131 680 esse
1148 652 1285 684 dicimus,
1303 650 1434 678 nimirum
1449 650 1495 677 lux
1520 657 1595 680 vera,
1614 647 1752 682 quomodo

965 698 1028 725 luce
1048 697 1181 732 indigebit
1205 695 1356 724 Jerusalem
1373 703 1388 722 a
1402 702 1457 730 qua
1481 693 1670 722 illuminctur?
1683 692 1751 719 Cum

966 747 1056 770 autem
1085 743 1176 777 gratia:
1192 742 1253 769 loco
1271 741 1503 769 illuminationem
1519 740 1653 775 accipiat,
1675 738 1752 765 solus

966 796 1032 824 ergo
1047 796 1111 816 vera
1127 789 1172 815 lux
1191 792 1234 816 est
1250 787 1337 815 Filius
1356 787 1401 823 qui
1420 786 1571 814 Jerusalem
1597 784 1751 815 illuminat,

966 834 1046 869 eique
1068 834 1156 861 lucem
1177 840 1231 868 qua
1252 836 1328 860 caret
1351 832 1481 866 impertit.
1502 830 1581 863 Quod
1611 830 1634 857 si
1659 836 1752 856 verum

966 885 1024 913 est,
1044 881 1090 915 qui
1108 880 1166 908 ﬁeri
1184 883 1278 915 potest
1297 884 1326 906 ut
1356 886 1410 906 non
1429 878 1465 906 sit
1488 878 1614 906 diversus
1639 876 1673 904 ab
1693 877 1754 912 ipso

968 927 1120 956 secundum
1136 926 1284 954 naturam?

1003 973 1120 1001 ALIUD.
1135 982 1144 999 ι
1161 973 1231 1000 Ecce
1249 972 1310 1000 dedi
1329 978 1355 1000 te
1369 972 1396 999 in
1418 974 1615 999 testamentum
1634 969 1753 1004 generis,

968 1020 995 1047 in
1011 1020 1100 1047 lucem
1117 1019 1238 1054 gentium
1254 1019 1287 1045 ⁸⁷,
1308 1028 1316 1043 ι
1335 1017 1479 1050 Quomodo
1493 1016 1579 1048 enim,
1593 1022 1695 1050 qumso,
1711 1014 1754 1040 lu-

968 1066 1008 1094 cis
1024 1065 1142 1101 indiguit
1164 1064 1306 1092 rationalis
1323 1071 1354 1090 ac
1366 1068 1477 1090 terrena
1494 1065 1631 1092 creatura,
1650 1061 1672 1087 si
1691 1059 1755 1099 qui—

968 1113 1029 1140 dem
1046 1112 1091 1139 lux
1103 1119 1166 1139 vera
1184 1114 1226 1138 est
1241 1118 1288 1145 per
1306 1109 1455 1136 naturam?
1469 1108 1498 1135 Ei
1520 1107 1622 1142 quippe
1637 1105 1710 1133 Deus
1723 1097 1755 1131 ac

969 1159 1049 1186 I’atcr
1068 1165 1117 1184 ceu
1136 1165 1190 1184 non
1211 1156 1323 1183 habenti
1339 1163 1419 1181 stium
1439 1153 1484 1181 dat
1509 1153 1620 1180 Filium.
1637 1152 1696 1184 Quo
1718 1151 1755 1178 ita

970 1208 1108 1239 suscepto,
1129 1203 1190 1238 ipso
1210 1201 1283 1228 facto
1303 1199 1435 1235 pricdicat
1453 1203 1479 1226 et
1506 1207 1562 1226 suae
1580 1202 1685 1224 naturae
1705 1203 1754 1231 pe-

970 1250 1093 1282 nuriam,
1121 1253 1147 1276 et
1179 1246 1363 1275 illuminantis
1397 1244 1479 1272 Verbi
1509 1243 1754 1280 locupletissimum

970 1297 1142 1331 dignitatem.

1004 1341 1120 1369 ALIUD.
1137 1350 1146 1366 ι
1169 1339 1201 1366 Et
1217 1346 1302 1372 nune,
1319 1338 1417 1366 domus
1435 1335 1530 1367 Jacob,
1543 1334 1644 1364 venite,
1661 1332 1758 1359 ambu-

970 1388 1057 1415 lemus
1069 1388 1097 1414 iu
1107 1387 1168 1414 luce
1181 1385 1327 1412 Domini".
1341 1393 1350 1410 ›
1360 1382 1461 1416 Quidni
1474 1388 1524 1408 sua
1536 1381 1597 1407 luce
1611 1379 1637 1406 hi
1650 1385 1758 1414 quoque

970 1434 1121 1464 ambulant,
1143 1432 1190 1460 sed
1210 1440 1257 1460 eos
1281 1432 1400 1458 illustrat
1416 1428 1588 1463 Unigenitus,
1616 1425 1757 1461 propriqu

970 1480 1096 1508 essentia!
1111 1487 1167 1506 sum
1179 1478 1279 1505 bonum
1298 1477 1366 1512 ipsis
1383 1473 1531 1502 inserens?
1548 1474 1582 1499 At
1600 1472 1759 1506 quicunque

972 1534 1021 1554 suo
1034 1526 1192 1556 conﬁdunt,
1209 1524 1328 1551 alienum
1350 1529 1406 1549 non
1424 1519 1585 1556 quaeritant.
1601 1517 1677 1545 Istud
1691 1523 1758 1552 ergo

129 1569 246 1604 λάτριον.
275 1569 319 1600 Ὠς
339 1568 389 1595 οὐκ
413 1568 520 1604 ἔχοντες
544 1569 608 1604 ἄρα,
630 1569 707 1596 τοῦτο
735 1569 820 1596 ποιεῖν
837 1569 920 1603 ἐγνώ-

973 1572 1092 1604 faciunt,
1109 1570 1188 1606 quasi
1200 1577 1254 1596 non
1271 1569 1420 1596 habentes.

130 1623 222 1642 κασιν.

165 1659 267 1686 ΑΛΛΟ.
288 1659 316 1685 ’0
328 1659 436 1695 Σωτήρ·
453 1669 461 1685 ι
472 1659 543 1694 Ἐγώ
554 1661 610 1695 εἰμι
620 1659 649 1686 τὸ
663 1659 719 1695 φῶς
729 1659 775 1686 τοῦ
788 1660 917 1695 misum,»

130 1704 215 1738 φησίν
225 1713 232 1720 ·
249 1713 258 1730 ι
278 1705 292 1731 ὁ
303 1704 456 1732 ἀκολουθῶν
474 1704 545 1740 ἐμοὶ,
560 1705 590 1731 οὐ
608 1704 645 1740 μὴ
657 1706 832 1741 περιπατήσῃ
844 1707 872 1733 ὲν
885 1707 918 1741 τῇ

131 1751 238 1786 σκοτίᾳ,
253 1750 309 1777 ἀλλ’
324 1751 379 1783 ἕξει
400 1751 430 1778 τὺ
452 1751 510 1786 φῶς
528 1751 578 1786 τῆς
600 1751 682 1787 ζωῆς.
698 1761 708 1777 ι
730 1752 921 1787 "Atto-tolutim)

131 1796 179 1822 καὶ
205 1797 222 1831 ἡ
248 1796 337 1828 κτίσις
361 1796 410 1831 τὴν
434 1795 561 1831 τοιαύτην
582 1795 802 1831 ἀναφθέγξασθαι
819 1796 919 1832 φωνὴν,

131 1839 210 1875 εἴπερ
225 1839 284 1866 ἐστὶ
298 1841 345 1866 καὶ
357 1840 425 1876 αὑτὴ
442 1840 512 1867 κατὰ
526 1840 654 1876 ἀλήθειαν
669 1841 726 1875 φῶς
738 1849 745 1856 ·
769 1842 793 1868 ει
810 1841 838 1868 δὲ
852 1842 921 1868 ἀπο-

132 1885 239 1921 φρίττει
253 1885 284 1912 τὸ
300 1886 387 1921 ῥῆμα,
403 1887 450 1913 καὶ
467 1886 497 1913 τὸ
513 1887 628 1921 πρᾶγμα
644 1886 788 1921 φθέγξεται
805 1887 835 1913 τὸ
855 1888 918 1922 ἀλη-

132 1931 203 1958 θινὸν
218 1931 407 1967 ὁμολογήσασα
414 1931 481 1966 φῶς,
497 1931 567 1959 τοῦτ’
583 1931 651 1966 ἔστι,
666 1932 711 1959 τὸν
727 1933 800 1959 Υίόν.

166 1977 270 2005 ΑΛΛΟ.
294 1986 303 2003 ι
321 1977 349 2004 '0
367 1977 485 2012 Κύριος,
508 1986 517 2002 ι
532 1978 603 2009 Ἕως
623 1978 653 2004 τὸ
676 1978 733 2013 φῶς
758 1978 850 2014 ἔχετε,
878 1987 923 2005 πι-

135 2022 245 2050 στεύετε
259 2023 298 2055 είς
312 2023 341 2050 τὸ
356 2023 424 2057 φῶς,
440 2024 483 2050 ἵνα
496 2024 548 2050 υἱοὶ
565 2024 652 2058 φωτὸς
667 2024 793 2060 γένησθε,
805 2034 814 2050 ι
829 2024 922 2060 φησίν.

135 2069 208 2105 Ἀρα
223 2069 277 2105 γὰρ
293 2068 403 2104 ἔμελλον
423 2069 453 2096 οὺ
469 2069 642 2102 πιστεύοντες
657 2070 785 2097 ἀπολέσαι
807 2070 837 2097 τὺ
853 2070 922 2106 φῶς,

134 2116 159 2142 ot
171 2116 229 2151 φῶς
240 2115 311 2142 κατὰ
326 2115 406 2150 φύσιν
419 2115 597 2151 ὑπάρχοντες·
614 2116 693 2152 εἴπερ
707 2116 775 2148 ὅλως
788 2116 924 2152 ἐνδέχεται

134 2161 183 2196 τὴν
199 2161 317 2196 γενητὴν
331 2162 425 2188 οὐσίαν
440 2162 470 2188 τὸ
492 2162 549 2197 φῶς
566 2160 636 2189 εἶναι
659 2163 689 2189 τὸ
710 2163 846 2198 ἀληθινόν.
870 2163 924 2190 Καὶ

135 2208 195 2246 πῷς
210 2207 244 2234 ἂν
258 2208 362 2242 γένοιτο
377 2207 455 2234 τοῦτό
470 2217 533 2234 ποτε
546 2217 554 2242 ;
576 2209 612 2236 υύ
627 2210 680 2245 γὰρ
700 2209 746 2236 ἐπὶ
761 2209 814 2236 τῶν
828 2209 925 2236 οὺσιω-

135 2255 187 2286 δῶς
201 2255 358 2290 προσόντων
372 2254 443 2281 τισὶν
460 2255 489 2282 αἱ
507 2255 648 2290 στερήσεις
666 2256 737 2282 κατὰ
751 2256 780 2282 τὸ
795 2256 924 2287 παντελὲς

137 2302 168 2328 ὲκ
184 2300 322 2336 ῥᾳθυμίας
336 2300 539 2336 συμϐαίνουσιν,
560 2300 618 2328 ἀλλ’
632 2301 675 2335 ἐφ’
688 2297 725 2328 ὧν
738 2301 770 2328 ἂν
782 2303 798 2337 ἡ
817 2301 925 2337 θέλησις

137 2347 186 2382 τὴν
201 2347 299 2383 κτῆσιν
315 2346 476 2382 ἐργάζηται,
499 2346 547 2373 καὶ
566 2347 613 2373 ἐπὶ
634 2346 689 2374 τῶν
709 2347 759 2374 ὅσα
774 2348 806 2384 δὴ
823 2348 927 2382 πέφυκε

138 2392 332 2428 προσγίνεσθαί
354 2401 403 2425 τε,
423 2393 469 2420 καὶ
486 2392 665 2427 ἁπογίνεσθαι
692 2393 776 2428 χωρὶς
802 2395 852 2429 τῆς
879 2393 927 2420 τοῦ

138 2440 319 2475 ὑποκειμένου
335 2440 447 2474 φθορᾶς.
463 2437 535 2466 Οἶονο
552 2439 660 2474 λογικὸς
676 2439 725 2475 μὲν
738 2439 808 2467 κατὰ
823 2439 902 2474 φύσιν
915 2441 929 2467 ὁ

138 2486 292 2522 ἄνθρωπος,
309 2485 449 2520 ναυπηγὸς
464 2485 492 2512 δὲ
507 2485 578 2513 κατὰ
593 2485 740 2520 θέλησιν,ἢ
755 2485 802 2513 καὶ
811 2486 928 2522 ἀσθενὴς

140 2532 167 2559 τὸ
181 2532 264 2567 σῶμα
278 2531 352 2558 κατὰ
367 2531 548 2566 συμϐεϐηκός.
570 2531 684 2566 Ἀλογος
700 2531 749 2567 μὲν
763 2529 810 2558 οὖν
831 2532 881 2558 οὐκ
895 2531 928 2559 ἂν

140 2578 180 2613 εἴη
196 2577 346 2610 παντελῶς,
360 2577 410 2613 τὴν
422 2577 451 2604 δέ
465 2586 496 2611 γε
511 2577 684 2613 ναυπηγικὴν
699 2577 845 2614 ἐμπειρίαν
862 2578 930 2605 ἁπο-

141 2624 223 2656 λὲσει,
240 2624 402 2660 ρᾳθυμήσας
415 2624 506 2660 τυχὸν,
521 2624 569 2651 καὶ
584 2624 614 2651 τὸ
628 2625 660 2651 ἐκ
673 2624 776 2657 πάθους
791 2624 930 2661 συμϐεϐη-

143 2671 188 2703 κὸς
204 2671 417 2707 ἀποχρούσεται,
437 2672 596 2707 θεραπείαις
617 2672 688 2698 τισὶν
704 2671 750 2698 ἐπὶ
771 2671 802 2698 τὸ
821 2671 931 2707 ἄμεινον

142 2718 308 2754 ἀνατρέχων.
325 2717 429 2744 Οὐκοῦν
441 2718 476 2745 τὰ.
490 2717 624 2749 οὺσιωδῶς
640 2717 775 2753 προσόντα
787 2718 868 2750 τισὶν,
887 2718 932 2753 ὲρ-

143 2764 296 2800 ῥιζωμὲνην
318 2762 376 2798 ἔχει
399 2763 448 2798 τὴν
473 2763 562 2798 φύσιν.
592 2762 677 2799 Εἴπερ
691 2762 737 2790 οὖν
758 2763 826 2795 ὅλως
845 2764 862 2799 ἡ
878 2762 933 2790 τῶν

1007 1659 1119 1688 ALIUD.
1145 1658 1279 1688 Salvator,
1297 1665 1306 1682 ‹
1323 1655 1379 1691 Ego
1404 1663 1464 1683 sum
1484 1655 1530 1682 lux
1557 1651 1663 1681 mundi,
1683 1660 1691 1676 ι
1717 1649 1759 1677 in-

971 1707 1048 1743 quit;
1063 1716 1072 1732 ι
1087 1706 1132 1741 qui
1154 1705 1278 1740 sequitur
1315 1711 1368 1735 me,
1388 1710 1442 1729 non
1468 1699 1619 1727 ambulabit
1637 1698 1663 1724 in
1681 1701 1758 1724 tene-

971 1754 1039 1785 bris,
1055 1752 1102 1780 sed
1119 1751 1230 1778 habebit
1243 1750 1334 1776 lumen
1351 1748 1413 1774 vitae
1421 1747 1471 1774 ⁸³.)
1489 1743 1647 1772 Istiusmodi
1666 1748 1760 1768 voccm

972 1802 1097 1826 creatura
1113 1796 1244 1824 audacter
1258 1795 1375 1827 emittat,
1394 1794 1416 1821 si
1436 1797 1478 1820 est
1493 1792 1552 1827 ipsa
1568 1796 1678 1825 quoque
1696 1795 1760 1814 vera

970 1845 1029 1872 lu.
1046 1842 1093 1870 Sin
1110 1846 1202 1869 autent
1225 1841 1252 1868 id
1270 1840 1395 1875 proferre
1417 1839 1593 1866 exhorrescat
1606 1855 1613 1867 ,
1640 1842 1683 1862 res
1702 1833 1761 1868 ipsa

973 1887 1130 1924 praedicabit
1146 1893 1239 1914 veram
1255 1886 1345 1913 lucem
1364 1891 1425 1912 esse
1436 1882 1547 1910 Filium.

1009 1976 1123 2005 ALIUD.
1141 1985 1150 2002 (
1167 1975 1259 2002 Donec
1271 1974 1360 2002 lucem
1373 1971 1492 2002 habetis,
1505 1968 1607 1997 credite
1620 1967 1647 1994 in
1659 1967 1761 1997 lucem,

976 2030 1004 2054 ut
1019 2024 1145 2053 liliilucis
1154 2023 1216 2051 sitis
1230 2022 1300 2055 ‘°"°,
1314 2031 1323 2048 ι
1333 2019 1424 2056 inquit
1440 2018 1585 2045 Dominus.
1598 2015 1680 2043 Certe
1689 2013 1762 2041 enim

975 2072 1062 2099 lucem
1084 2068 1213 2097 amissuri
1233 2070 1323 2098 erant,
1346 2066 1369 2093 si
1393 2072 1447 2091 non
1463 2062 1622 2091 crederent,
1652 2059 1698 2093 qui
1715 2058 1761 2084 lux

975 2120 1040 2145 sunt
1056 2114 1205 2143 secundum
1223 2116 1365 2143 naturam,
1382 2111 1405 2137 si
1426 2109 1485 2137 ﬁeri
1504 2111 1594 2144 potest
1617 2110 1646 2133 ut
1666 2111 1761 2132 verum

975 2164 1069 2191 lumen
1091 2161 1128 2189 sit
1151 2163 1244 2188 creata
1274 2157 1439 2186 substantia.
1468 2155 1502 2182 At
1530 2151 1670 2189 quomodo
1687 2148 1762 2177 istud

976 2209 1035 2237 ﬁeri
1049 2215 1169 2243 unquam
1188 2205 1299 2241 posset?
1310 2203 1480 2230 Privationes
1492 2200 1566 2228 enim
1577 2199 1605 2225 in
1620 2198 1655 2224 iis
1681 2196 1764 2223 rebus

941 2270 963 2298 υ
978 2263 1038 2291 qum
1060 2253 1281 2283 substantialiter
1304 2251 1399 2277 insunt
1430 2248 1570 2283 aliquibus
1596 2245 1711 2272 omnino
1731 2250 1764 2270 ex

978 2301 1088 2338 pigritia
1115 2307 1170 2327 non
1195 2297 1375 2332 contingunt.
1395 2294 1443 2322 sed
1460 2294 1489 2321 in
1504 2292 1538 2320 iis
1562 2297 1680 2327 quarum
1701 2295 1766 2324 pos-

976 2334 1065 2376 sessio
1092 2345 1237 2373 voluntate
1265 2342 1431 2378 acquiritur,
1460 2343 1487 2368 et
1521 2343 1694 2374 quaecunque
1729 2334 1766 2360 ita

976 2395 1142 2428 comparatae
1167 2393 1249 2422 sunt,
1275 2392 1306 2416 ut
1345 2388 1443 2415 adesse
1479 2391 1507 2413 et
1538 2384 1635 2411 abesse
1666 2383 1767 2416 queant

979 2440 1082 2474 absque
1097 2436 1214 2472 subjecti
1233 2435 1356 2463 interitu.
1373 2431 1495 2467 Exempli
1510 2430 1597 2466 gratia
1622 2438 1629 2456 :
1647 2428 1766 2454 rationa-

979 2487 1013 2514 lis
1032 2484 1142 2521 quidem
1166 2483 1218 2518 72
1241 2486 1283 2510 est
1302 2481 1384 2508 homo
1404 2484 1524 2510 natura,
1552 2475 1700 2503 fabricator
1719 2480 1767 2500 na-

981 2518 1056 2560 vium
1070 2531 1220 2562 voluntate,
1237 2533 1353 2563 corpore
1373 2532 1455 2560 aeger,
1472 2532 1504 2552 ex
1520 2520 1668 2550 accidenti.
1683 2518 1766 2554 Atqui

983 2578 1043 2606 ﬁeri
1063 2584 1117 2604 non
1137 2578 1227 2610 potest
1248 2577 1277 2600 ut
1300 2573 1344 2600 ille
1375 2572 1410 2599 sit
1428 2568 1612 2600 irrationalis,
1643 2566 1689 2594 hic
1721 2572 1769 2592 au-

984 2628 1038 2652 tem
1055 2621 1277 2651 fabricandarum
1306 2619 1417 2647 navium
1435 2621 1523 2644 artem
1540 2614 1662 2646 amittet,
1683 2612 1769 2648 pigri-

986 2671 1023 2698 tia
1037 2669 1189 2700 nimirum,
1203 2672 1230 2695 et
1243 2666 1333 2694 morbi
1354 2671 1449 2692 casum
1472 2662 1589 2697 depellet
1613 2661 1665 2688 iste
1692 2665 1770 2686 cura-

986 2715 1071 2743 tione.
1087 2714 1183 2749 Itaque
1198 2720 1259 2748 qute
1275 2709 1497 2738 substantialiter
1511 2708 1604 2734 insunt
1619 2704 1771 2739 aliquibus,

987 2762 1120 2790 radicitus
1136 2759 1248 2787 inﬁxam
1266 2757 1371 2784 habent
1385 2758 1526 2782 naturam.
1542 2752 1572 2779 Si
1594 2757 1660 2786 ergo
1679 2755 1771 2776 rerum

146 2794 369 2847 γενητῶν-φύσις
391 2794 504 2846 10-996.);
527 2809 597 2839 εἶναι
615 2794 726 2839 δύναται
749 2811 779 2838 τὸ
799 2794 920 2846 ἀληθινὸν

991 2813 1145 2837 creatarum
1164 2810 1264 2834 natura
1289 2811 1354 2831 vera
1378 2802 1425 2829 IIIX
1443 2808 1504 2828 BSSC
1519 2802 1620 2835 potest,
1634 2794 1772 2832 quomodo

177 2900 201 2917 ⁵⁵
220 2900 274 2930 Isa.
291 2908 342 2933 Lx,
363 2900 385 2928 l.
423 2901 445 2917 ⁸⁷
461 2901 515 2929 lsa.
532 2909 605 2935 un,
620 2901 646 2930 ϐ.
686 2902 706 2918 ⁵⁵
728 2901 778 2930 lsa.
796 2908 832 2936 ιι,
848 2901 875 2930 '5.
914 2900 920 2916 ί

971 2907 1028 2926 Jan.
1045 2906 1110 2931 vin,
1129 2897 1170 2924 12.
1212 2895 1270 2911 “0"”
1290 2893 1367 2922 .loan.
1385 2899 1442 2924 xtt,
1459 2889 1504 2918 36.
