2030 3122
159 175 207 205 125

685 177 719 205 ΙΝ
728 163 869 206 ΙόΑΝΝΙΞ
887 177 1113 209 EVANGELIUM
1131 182 1196 211 ΜΒ.
1214 183 1234 211 Ι.

1725 191 1777 218 126

155 234 200 261 τὸν
218 233 329 261 νεανίαν
344 235 457 268 ἐκεῖνον,
478 233 567 269 λέγων
579 244 586 252 ·
610 235 794 273 Κατάκαρπος
812 246 937 274 κατοικη-

991 240 1051 274 ejus
1062 241 1093 268 ⁷⁷.
1109 251 1118 267 ι
1137 240 1208 275 Quid
1234 243 1322 270 vero?
1342 242 1435 272 Daniel
1455 245 1512 281 ipse
1529 247 1573 274 cui
1597 248 1774 280 admirabiles

155 279 266 316 θήσεται
288 279 474 317 Ἰερουσαλὴμ,
499 280 553 308 ἀπὺ
576 281 694 317 πλήθους
716 282 875 318 ἀνορύττων,
894 284 942 311 καὶ

155 325 261 361 κτηνῶν
274 325 329 352 τῶν
343 327 371 353 έν
389 326 462 362 μέσῳ
476 327 568 362 αὐτῆς.
585 336 593 352 ι
604 327 637 354 Τί
653 327 698 361 δέ;
713 329 773 355 είπέ
790 337 849 364 μοι’
866 329 912 356 καὶ
927 330 941 356 6

156 372 311 405 σοφώτατος
326 372 424 408 Δανιὴλ
436 374 496 404 ταῖς
510 372 683 407 ἀξιαγάστοις
700 373 843 406 όπτασίαις
856 383 940 410 προσ-

154 418 243 444 ϐαλὼν
259 419 317 454 οὐχὶ
339 419 391 445 τῶν
405 419 549 454 ὁρωμένων
563 418 611 454 τὴν
634 419 803 455 ἀποκάλυψιν
824 411 867 447 διά
892 421 940 456 τῆς

154 463 278 498 ἀγγέλων
301 463 452 500 ἐρανίζεται
473 464 582 498 φωνῆςς
600 465 700 491 ’Ἄκουε
718 465 771 501 γὰρ
793 465 919 500 λέγοντος
931 474 938 481 ⁸

155 519 166 535 ι
180 509 235 536 Καὶ
244 510 351 544 ἐγένετο
362 509 391 536 ὲν
400 510 438 545 τῷ
453 510 516 536 ἰδεῖν
533 519 577 545 με,
589 509 642 544 ἐγὼ
653 511 762 546 Δανιὴλ,
776 512 823 546 τὴν
834 511 938 546 ὅρασιν,

153 556 201 582 καὶ
228 556 340 591 ἐζήτουν
367 555 492 582 σύνεσιν·
520 556 565 582 καὶ
586 555 641 582 ἰδοὺ
665 555 730 591 ἔστη
750 557 862 583 ἐνώπιόν
889 565 939 592 μου

153 601 191 632 ὡς
213 602 307 638 ὅρασις
329 602 440 635 ἀνδρὸς,
464 602 510 628 καὶ
533 602 635 637 ἥκουσα
658 601 749 637 φωνὴν
772 601 866 636 ἀνδρὸς
889 601 939 629 ἀνὰ

155 647 235 680 μέσον
250 646 296 673 τοῦ
313 646 413 679 Οὺὸὰλ,
437 648 484 673 καὶ
507 647 629 680 ἐκάλεσε,
646 646 693 673 καὶ
713 645 772 673 εἷπε
786 655 793 662 ο
808 647 937 682 Γαϐριὴλ,

153 692 291 719 συνέτισον
313 694 415 719 ἐκεῖνον
439 693 488 728 τὴν
512 693 614 728 ὅρασιν.
635 702 644 718 ι
675 693 777 719 Οὐκοῦν
801 692 887 719 ἔνεστι
908 694 938 720 τὺ

152 738 281 765 δύνασθαι
307 738 433 773 φωτίζειν
454 739 590 772 ἀγγέλοις,
615 738 662 765 καὶ
685 739 714 764 οὐ
740 738 819 773 μόνον
836 739 937 770 αὐτοῖς,

151 785 211 812 ἀλλ’
228 784 277 820 ἤδη
300 784 347 811 καὶ
363 784 504 818 ἄνθρωπος
521 784 565 811 τὺν
585 783 615 817 ἐξ
631 783 772 820 ἀνθρώπου
787 784 937 816 δανείζεται

152 830 301 866 φωτισμόν.
325 830 379 856 Καὶ
396 829 461 863 γοῦν
480 830 494 856 6
516 829 668 864 φιλομαθὴς
689 830 789 861 ἐκεῖνος
812 829 938 864 εὐνοῦχος

150 875 200 907 τὰς
226 875 288 910 περὶ
309 874 356 901 τοῦ
377 874 503 910 Σωτῆρος
618 874 783 910 προφητείας
799 874 829 900 οὐ
848 875 937 906 συνεὶς

150 921 188 957 τῷ
197 921 321 956 Φιλίππῳ
333 920 408 956 φησί·
418 919 534 955 ιΔέομαί
545 929 602 954 σου,
614 920 678 955 περὶ
687 920 758 952 τίνος
770 921 784 946 6
797 921 937 955 προφήτης

149 966 235 1001 λέγει,
257 967 321 1002 περὶ
342 965 452 997 ἑαυτοῦ,
469 965 485 1001 ἢ
502 965 565 1000 περὶ
586 965 679 1000 ἑτέρου
698 965 788 997 τινός;
807 974 817 991 ι
840 964 895 991 Καὶ
912 965 936 991 oi

149 1015 207 1045 τοῖς
227 1013 298 1040 κατὰ
319 1013 365 1040 τὸν
386 1012 443 1047 βίον
464 1011 618 1039 διδάσκαλοι
641 1011 863 1047 προστρέχοντες,
888 1011 937 1046 οὐχ

149 1060 245 1096 ἑτέρου
266 1059 357 1090 τινὸς,
384 1056 472 1094 οἶμαι,
495 1058 590 1093 χάριν,
613 1057 707 1084 τούτου
732 1056 761 1083 δὲ
787 1057 833 1083 καὶ
856 1056 935 1092 μόνου

150 1106 303 1142 προσίασιν.
325 1104 404 1132 Ἀλλὰ
423 1105 450 1130 τί
469 1104 502 1139 δὴ
517 1103 621 1135 τούτοις
642 1103 852 1139 ὲνδιατρίϐομεν,
876 1102 936 1135 ἐξὸν

149 1150 365 1179 ἀπαλλάττεσθαι
385 1149 493 1186 ῥᾳδίως,
512 1150 599 1176 έκεῖνο
618 1147 790 1184 παραθέντας
807 1149 846 1179 είς
867 1148 936 1175 ἀπό-

148 1198 231 1231 δειξιν
243 1197 274 1224 τὸ
296 1196 371 1232 παρὰ
386 1196 432 1222 τοῦ
449 1195 572 1230 Σωτῆρος
587 1194 664 1230 ἡμῶν
680 1194 748 1229 πρὸς
763 1195 828 1226 τοὺς
843 1194 936 1228 ἁγίους

147 1244 293 1280 εἰρημένον
314 1242 477 1274 ἀποστόλους
490 1249 498 1258 θ
527 1250 536 1267 t
555 1241 648 1276 Ὑμεῖς
675 1241 736 1267 ὲστε
756 1240 786 1266 τὺ
808 1240 864 1274 φῶς
889 1239 936 1266 τοῦ

148 1290 267 1324 κόσμου;
285 1297 295 1315 ι
311 1288 430 1315 Τοιαῦτα
447 1289 495 1323 μὲν
516 1287 547 1323 δή
571 1296 613 1319 τις
634 1287 703 1314 κατὰ
724 1286 754 1313 τὸ
774 1286 847 1318 είκδς
870 1287 937 1313 ἐπα-

148 1337 271 1372 πορήσας
283 1336 349 1370 ἐρεῖ,
364 1334 438 1370 παρὰ
449 1334 478 1360 δὲ
495 1333 573 1369 ἡμῶν
585 1331 792 1360 άντακούσεται·
817 1332 860 1359 Ἐν
877 1341 938 1359 συν-

150 1381 224 1408 οέσει
238 1381 272 1408 τὰ
287 1380 358 1408 κατὰ
370 1380 420 1415 τὴν
433 1379 520 1406 κτίσιν
535 1379 652 1414 ὁρῶμεν,
665 1375 687 1405 ὦ
701 1375 788 1410 οὗτος,
803 1378 849 1405 καὶ
861 1378 937 1405 οὐδὲν

148 1428 178 1454 ὲν
194 1427 262 1463 αὐτῇ
280 1427 310 1454 τὸ
327 1425 428 1453 ἁπλοῦν
440 1434 446 1440 ·
472 1424 570 1452 οὐκοῦν
587 1426 601 1452 6
617 1424 715 1459 σοφοῦν
730 1423 838 1460 ἑτέρους
859 1424 937 1451 δυνά-

150 1482 240 1509 μενος,
253 1473 331 1507 εἴπερ
353 1471 396 1506 εἴη
421 1471 543 1506 γενητδς,
567 1471 617 1497 οὐκ
653 1469 816 1505 αὐτόχρημά
831 1470 935 1505 ἐστινὴ

149 1520 241 1555 σοφία,
263 1519 330 1546 ἀλλὰ
343 1518 394 1553 τῆς
417 1517 530 1553 ἐνούσης
544 1517 573 1544 ὲν
593 1515 668 1551 αὐτῷ
684 1516 779 1550 σοφίας
793 1516 915 1547 διάκονος
927 1523 933 1530 ·

992 285 1112 314 visiones
1130 287 1228 314 oblatae
1245 291 1324 321 sunt,
1350 296 1442 317 nonne
1464 298 1559 319 earnm
1577 294 1773 323 revelationem

991 331 1149 365 angelorum
1176 340 1243 360 voce
1272 334 1391 368 accipit?
1413 335 1483 362 Audi
1511 337 1584 364 enim
1617 338 1772 374 loquentem

991 375 1090 410 ipsum.
1104 385 1113 402 ι
1135 375 1167 403 Ει
1181 376 1282 404 factum
1304 382 1360 411 est,
1380 388 1389 405 ι
1418 380 1518 414 inquit,
1533 390 1542 407 ι
1563 390 1625 410 cum
1651 384 1772 412 viderem

990 429 1040 457 ego
1051 422 1146 450 Daniel
1161 423 1293 451 visionem
1305 446 1311 456 ,
1326 429 1352 452 et
1366 426 1523 460 quaerebam
1542 428 1751 464 intelligentiam
1764 440 1771 463 ;

989 471 1017 494 et
1035 467 1112 495 stetit
1138 468 1167 495 in
1193 475 1344 504 conspectu
1363 478 1422 498 meo
1438 472 1519 506 quasi
1538 460 1646 506 s'pecies-
1660 475 1729 508 viri,
1747 460 1785 508 et?

990 512 1082 539 audivi
1101 517 1197 541 vocem
1220 514 1298 541 inter
1318 514 1403 546 Uhal,
1428 519 1455 542 et
1478 516 1603 547 vocavit,
1627 521 1655 543 et
1679 518 1748 544 dixit
1765 515 1783 551 εξ

989 556 1110 589 Gabriel.
1132 558 1174 585 fac
1201 559 1350 594 intelligere
1364 560 1446 587 istum
1465 559 1598 587 visionem
1610 561 1642 586 ⁷⁸.
1659 570 1668 586 ι
1690 561 1774 597 Igitur

990 602 1145 631 illuminare
1157 609 1272 640 possunt
1284 606 1384 640 angeli,
1401 614 1490 641 neque
1503 614 1567 633 vero
1583 606 1634 641 ipsi
1654 610 1772 638 tantum,

989 649 1036 676 sed
1052 653 1079 677 et
1093 650 1174 677 homo
1187 651 1323 678 hominem
1340 652 1488 679 illuminat.
1502 651 1638 685 Quocirca
1651 652 1775 680 discendi

989 695 1128 723 studiosus
1152 697 1196 723 ille
1222 697 1376 728 eunuchus,
1393 705 1455 724 cum
1475 698 1626 726 Salvatoris
1654 699 1776 734 prophe-

989 741 1041 768 tias
1053 749 1108 768 non
1124 741 1300 776 intelligeret,
1314 741 1472 777 Philippum
1486 743 1648 777 compellat:
1664 751 1672 768 ι
1688 742 1775 771 Obse-

989 793 1038 813 cro
1057 790 1092 817 te.
1108 787 1141 814 de
1161 795 1215 822 quo
1232 789 1366 823 propheta
1391 789 1457 816 dicit
1475 789 1553 816 haec?
1570 790 1603 817 de
1627 798 1667 820 se.
1688 798 1722 817 an
1740 790 1773 818 de

988 830 1044 857 alio
1063 831 1156 866 aliquo
1172 831 1215 858 7'?
1235 841 1244 858 ›
1263 831 1395 860 Doctores
1411 834 1473 860 item
1498 838 1525 861 et
1541 835 1664 869 magistri
1683 843 1774 862 rerum

987 877 1050 903 vita:
1077 877 1201 909 utilium,
1227 885 1281 904 non
1310 878 1392 905 aliam
1427 879 1462 907 ob
1491 887 1602 906 causam
1631 888 1714 915 quam
1737 881 1773 908 ob

989 923 1069 950 istam
1086 923 1129 950 sui
1148 923 1255 957 copiam
1273 924 1389 952 iaciunt.
1404 924 1456 952 Sed
1477 933 1527 952 cur
1541 925 1568 952 in
1584 925 1626 953 his
1641 926 1773 952 immora—

987 975 1059 1001 mur,
1085 975 1147 995 cum
1167 968 1201 994 ad
1223 969 1274 995 hoc
1289 969 1461 1004 probandum
1484 969 1637 997 Salvatoris
1652 971 1774 998 auctori-

987 1017 1044 1041 tate
1066 1013 1149 1040 liceat
1165 1014 1204 1041 uti
1217 1014 1264 1049 qui
1290 1015 1348 1042 suis
1370 1015 1502 1049 apostolis
1526 1015 1564 1042 ait
1581 1025 1587 1043 :
1603 1026 1611 1041 ι
1628 1015 1683 1043 Vos
1705 1017 1773 1044 estis

988 1058 1033 1085 lux
1051 1058 1146 1085 mundi
1157 1058 1200 1085 ὀἳ
1219 1068 1228 1084 ι
1245 1058 1322 1085 Talia
1348 1059 1474 1093 quidem,
1494 1062 1524 1085 ut
1545 1059 1666 1091 videtur,
1693 1059 1774 1086 dubi-

986 1104 1069 1131 tando
1083 1108 1185 1139 quaeret
1206 1104 1316 1139 aliquis.
1335 1104 1388 1132 Sed
1404 1112 1418 1131 a
1436 1105 1515 1132 nobis
1532 1105 1652 1132 vicissim
1669 1105 1746 1132 audit
1761 1113 1768 1132 :

986 1149 1079 1183 Nihil,
1098 1158 1114 1177 0
1129 1149 1257 1186 quisquis
1272 1158 1318 1181 es.
1342 1150 1370 1176 in
1392 1150 1535 1177 creaturis
1550 1150 1684 1184 reperitur
1703 1150 1771 1178 sim-

987 1196 1048 1231 plex
1071 1199 1120 1222 aut
1144 1195 1356 1230 compositionis
1373 1202 1470 1230 expers
1486 1203 1492 1222 :
1508 1195 1591 1230 igitur
1614 1195 1773 1230 quicunque

987 1241 1070 1269 alium
1084 1241 1195 1269 erudire
1212 1245 1301 1276 potest
1316 1241 1349 1268 ad
1366 1242 1540 1276 sapientiam,
1557 1241 1579 1268 si
1596 1246 1705 1269 creatus
1717 1244 1771 1273 est,

987 1294 1043 1314 non
1055 1291 1098 1314 est
1118 1286 1234 1321 ipsamet
1247 1286 1392 1321 sapientia,
1406 1287 1454 1313 sed
1471 1286 1614 1318 sapientia:
1628 1294 1681 1320 qua
1702 1294 1773 1321 prte-

986 1332 1062 1361 dilus
1079 1337 1121 1360 est
1137 1332 1273 1359 minister.
1300 1331 1354 1367 ’14
1372 1333 1400 1358 ln
1417 1332 1554 1366 sapientia
1570 1331 1643 1358 enim
1662 1331 1775 1366 sapiens

986 1382 1030 1406 est
1050 1378 1174 1413 sapiens,
1203 1382 1230 1405 et
1250 1377 1297 1413 qui
1323 1378 1497 1413 prudentiam
1520 1378 1628 1410 edocet,
1650 1385 1705 1405 non
1729 1382 1774 1405 est

987 1423 1104 1458 ipsamet
1131 1424 1289 1458 prudentia,
1314 1415 1362 1450 sed
1389 1423 1542 1458 prudentiae
1567 1431 1619 1458 qua
1642 1423 1773 1458 praeditus

985 1474 1028 1498 est
1044 1469 1177 1497 minister.
1194 1469 1223 1496 ln
1245 1469 1388 1504 prudentia
1405 1471 1506 1505 quippe
1522 1476 1585 1498 sunt
1602 1470 1772 1505 prudentes;

986 1517 1027 1544 sic
1045 1516 1204 1551 quicunque
1231 1516 1301 1543 alios
1330 1516 1486 1543 illuminare
1515 1521 1623 1551 potest,
1652 1524 1706 1543 non
1732 1520 1774 1544 est

148 1568 177 1594 έν
191 1566 272 1601 σοφίᾳ
285 1566 338 1601 γὰρ
353 1565 368 1591 ὁ
383 1564 463 1598 σοφός
480 1564 538 1590 ἐστι
554 1563 645 1597 σοφὸς,
661 1562 708 1589 καὶ
723 1563 737 1588 6
751 1562 876 1593 συνετοὺς
890 1562 933 1587 ἐκ-

988 1563 1047 1597 ipsa
1061 1562 1171 1597 proprie
1187 1562 1242 1594 lux,
1260 1561 1308 1589 sed
1333 1561 1403 1588 lucis
1417 1569 1471 1597 qua
1489 1562 1621 1596 praeditus
1637 1566 1679 1589 est
1695 1569 1772 1589 com-

147 1611 290 1644 διδάσκων,
303 1611 352 1637 οὐκ
368 1609 530 1645 αὺτόχρημά
542 1610 616 1635 ἐστιν
644 1608 661 1643 ἡ
679 1607 793 1639 σύνεσις,
808 1606 874 1633 ἀλλὰ
888 1606 936 1641 τῆς

149 1657 356 1692 ἐνυπαρχούσης
369 1655 444 1690 αὖτῷ
461 1654 594 1686 συνέσεως
610 1653 755 1689 ὑπουργὸς.
775 1652 819 1678 Ἐν
831 1652 936 1688 συνέσει

149 1703 204 1738 γάρ
218 1703 270 1729 εἱσι
283 1701 330 1728 καὶ
344 1698 415 1728 οὗτοι
433 1700 548 1731 συνετοὶ,
565 1699 611 1726 καὶ
624 1699 638 1725 6
655 1697 782 1733 φωτίζειν
799 1696 832 1724 αὖ
855 1697 936 1724 πάλιν

150 1748 259 1783 ἑτέρους
283 1746 369 1778 εἰδὼς,
397 1746 447 1772 οὐκ
469 1744 534 1771 αὐτὸ
558 1743 660 1779 κυρίως
676 1742 709 1769 ἂν
724 1744 808 1769 νοοῖτο
822 1742 852 1768 τὸ
867 1741 934 1775 φῶς.

150 1795 218 1822 ἀλλὰ
234 1792 321 1828 φωτὸς
332 1792 378 1819 τοῦ
395 1793 423 1818 ὲν
440 1790 513 1826 αὺτῷ
524 1790 686 1825 δανειστὴς)
701 1790 741 1820 εἰς
752 1788 859 1823 ἐτέρους
871 1787 936 1814 αὐτὸ

150 1840 344 1877 παραπέμπων
369 1836 518 1869 διδακτῶς,
545 1836 592 1864 καὶ
622 1834 857 1869 κοινοποιούμενος
880 1833 936 1864 τοῖς

149 1887 238 1918 ἄλλοις
254 1886 323 1921 ὅπερ
345 1885 455 1919 εἴληφεν
468 1881 580 1917 ἀγαθόν.
607 1881 698 1908 Διάτοι
712 1880 788 1907 τοῦτο
805 1879 851 1905 καὶ
868 1878 936 1914 πρὸς

149 1934 212 1965 τοὺς
226 1932 321 1966 ἁγίους
337 1930 501 1961 ἀποστόλους
516 1928 625 1962 ἐλέγετο
638 1935 643 1941 ·
664 1936 673 1952 ι
689 1925 797 1962 Δωρεὰν
814 1925 935 1957 ὲλὰῦετε,

149 1979 252 2015 δωρεὰν
266 1978 335 2005 δότε.
352 1987 361 2003 ι
378 1977 449 2003 Ὅσα
460 1975 513 2010 γὰρ
528 1972 561 2010 ἦν
576 1974 666 2004 αὐτοῖς
684 1972 785 2007 ἀγαθὰ,
799 1971 884 2000 ταῦτα
904 1971 936 2006 δὴ

151 2026 259 2056 πάντως
283 2024 340 2050 ἐστὶ
363 2023 411 2049 καὶ
435 2021 569 2048 θεόσδοτα.
587 2020 643 2047 Καὶ
656 2018 706 2045 οὐκ
727 2018 760 2045 ἂν
776 2017 843 2049 ὅλως
862 2017 937 2048 ἰδίοις

150 2071 263 2106 ἀγαθοῖς
283 2071 300 2105 ὴ
317 2069 371 2095 τῶν
387 2065 539 2102 ἀνθρώπων
562 2063 749 2099 ὲναγλαῖζοιτο
764 2062 854 2096 φύσις,
878 2061 936 2088 ἀλλ’

151 2117 210 2144 οὐδὲ
225 2117 242 2152 ἡ
257 2115 310 2142 τῶν
324 2114 408 2148 ἁγίων
421 2112 554 2146 ἀγγέλων.
570 2110 647 2138 Μετὰ
664 2109 718 2144 γὰρ
728 2108 775 2135 τοῦ
787 2106 937 2142 κεκλῆσθαι

153 2163 219 2197 πρὸς
234 2161 349 2195 γένεσιν,
367 2159 414 2186 καὶ
431 2158 476 2185 τὸν
490 2156 536 2184 τοῦ
554 2156 612 2187 πῶς
634 2154 702 2182 εἶναι
724 2154 801 2188 λόγον
823 2153 936 2180 ἕκαστον

151 2208 205 2235 τῶν
231 2207 315 2234 ὄντων
337 2206 394 2240 ἔχει
422 2203 496 2239 παρὰ
517 2201 601 2234 Θεοῦ,
624 2201 671 2228 καὶ
694 2200 769 2227 οὐδὲν
793 2200 821 2226 ὲν
846 2199 937 2230 αὐτοῖς

152 2301 200 2335 τῆς
212 2298 259 2326 τοῦ
273 2298 415 2328 κτίσαντος
429 2294 592 2330 φιλοτιμίας,
616 2292 662 2318 καὶ
675 2291 750 2328 ῥίζαν
765 2290 821 2325 ἔχει
832 2290 881 2326 τὴν
891 2289 937 2316 τοῦ

152 2345 404 2381 δημιουργήσαντος
424 2342 514 2377 χάριν.
532 2338 635 2366 Οὐκοῦν
657 2337 804 2373 ἐπειδήπερ
828 2336 855 2361 ὲν
876 2343 938 2362 συν-

153 2393 227 2420 θέσει
250 2392 285 2418 τὰ
307 2389 419 2426 γενητὰ,
443 2387 501 2422 φῶς
524 2386 571 2421 μὲν
596 2385 624 2411 ἐν
647 2384 739 2414 αὐτοῖς
761 2382 837 2409 οὐδὲν
861 2381 938 2408 ἔσται

153 2438 255 2473 κυρίως
270 2445 300 2463 τε
325 2436 371 2462 καὶ
386 2434 498 2465 ἁπλῶς,
525 2432 585 2467 ἦτοι
608 2429 761 2461 άσυνθὲτως
772 2448 778 2460 ,
799 2427 939 2463 μεθεκτῶς

153 2484 181 2510 δὲ
196 2483 243 2511 καὶ
257 2481 337 2510 τοῦτο
351 2481 460 2516 φορέσει
484 2478 552 2515 μετὰ
568 2477 622 2504 τῶν
634 2476 721 2503 ἄλλων
734 2475 850 2502 λαϐόντα
863 2475 940 2510 παρὰ

154 2529 232 2556 Θεοῦ.
246 2527 305 2560 Φῶς
318 2527 347 2554 δὲ
358 2525 391 2554 αὖ
405 2526 434 2553 τὸ
445 2523 580 2561 ἀληθινὸν,
595 2523 625 2549 τὸ
639 2520 755 2556 φωτίζον
769 2521 852 2554 ἐστὶν,
866 2521 896 2547 οὺ
910 2521 940 2547 τὺ

155 2575 218 2611 παρ’
231 2574 325 2610 ἑτέρου
340 2573 532 2609 φωτιζόμενον,
548 2570 615 2604 ὅπερ
629 2569 702 2595 ἐστὶν
714 2569 728 2594 ὁ
744 2567 898 2602 Μονογενὴς
914 2568 942 2595 ὲν

156 2622 227 2658 ἁπλῇ
256 2622 304 2648 καὶ
320 2620 460 2655 ἀσυνθέτῳ
480 2617 623 2653 νοούμενος
644 2615 735 2650 φύσει,
759 2614 870 2650 διπλόης
885 2615 940 2650 γὰρ

154 2668 265 2703 ἁπάσης
286 2667 316 2694 τὸ
333 2666 405 2693 θεῖον
430 2664 572 2699 ἀποφοιτᾷ.
599 2663 656 2689 Καὶ
679 2661 767 2688 ταῦτα
792 2660 841 2696 μὲν
857 2661 938 2696 τῇδε.

156 2713 238 2741 πάλιν
253 2713 282 2740 δὲ
298 2713 365 2748 ἡμῖν
386 2712 442 2746 ἐρεῖ
457 2710 538 2745 τυχὸν
551 2710 566 2736 6
579 2709 612 2735 δι’
626 2707 761 2738 ἐναντίας·
783 2706 816 2733 Εἰ
830 2707 867 2742 μὴ
883 2706 940 2741 φῶς

158 2761 279 2796 ὑπῆρχον
289 2759 359 2786 κατὰ
372 2757 451 2793 φύσιν
464 2757 489 2784 οἱ
503 2756 585 2790 ἆγιοι,
597 2754 642 2782 διὰ
652 2753 731 2780 ποίαν
744 2752 832 2780 αἰτίαν
843 2753 941 2785 αὐτοὺς

158 2806 217 2842 οὐχὶ
229 2805 317 2841 φωτὸς
332 2803 465 2832 ἀπεκάλει
483 2802 624 2839 μετόχους,
641 2799 707 2827 ἀλλὰ
729 2798 787 2833 φῶς
804 2798 943 2834 ὠνόμαζεν

987 1608 1122 1640 modator,
1138 1607 1202 1634 dum
1216 1607 1279 1635 aliis
1293 1607 1415 1634 infundit
1430 1607 1609 1642 docendoque
1618 1608 1772 1634 communi-

987 1658 1032 1682 cat
1047 1655 1120 1689 quod
1145 1654 1254 1688 accepit
1278 1654 1393 1681 bonum.
1416 1653 1590 1689 Proindeque
1605 1647 1711 1681 dictum
1731 1657 1774 1681 est

986 1700 1067 1727 etiam
1084 1700 1188 1726 sanctis
1206 1700 1358 1734 apostolis:
1378 1709 1387 1725 ‹
1406 1698 1498 1727 Gratis
1524 1701 1689 1734 accepistis,
1711 1707 1774 1735 gra-

986 1747 1022 1773 tis
1048 1745 1150 1772 date".
1170 1755 1179 1771 ι
1202 1745 1342 1780 Quidquid
1365 1746 1437 1773 enim
1455 1746 1590 1773 bonorum
1617 1746 1770 1778 habebant,

987 1791 1052 1818 illud
1066 1791 1197 1818 divinitus
1211 1792 1355 1818 consecuti
1375 1795 1465 1818 erant.
1481 1791 1574 1826 Neque
1591 1799 1656 1818 vero
1674 1796 1773 1819 natura

987 1837 1127 1865 hominum
1157 1837 1184 1864 in
1211 1838 1370 1864 universum
1405 1838 1527 1872 propriis
1555 1837 1634 1864 bonis
1661 1837 1774 1872 gloriari

986 1887 1091 1918 potest,
1119 1891 1153 1910 ne
1183 1883 1243 1918 ipsa
1277 1883 1386 1919 quidem
1418 1888 1580 1911 sanctorum
1610 1884 1771 1918 angelorum

986 1934 1095 1956 natura.
1119 1928 1186 1956 Nam
1206 1933 1302 1964 praeter
1319 1937 1400 1963 quam
1416 1930 1489 1963 quod
1511 1929 1543 1956 ad
1559 1936 1621 1956 esse
1638 1929 1773 1963 producta

987 1979 1051 2004 sunt
1061 1976 1162 2008 omnia,
1177 1975 1392 2010 unumquodque
1405 1975 1557 2003 exsistendi
1572 1975 1681 2002 modum
1692 1975 1773 2002 habet

987 2030 1002 2049 a
1026 2021 1090 2052 Deo.
1117 2028 1167 2048 nec
1183 2021 1209 2048 in
1226 2021 1259 2049 iis
1282 2021 1432 2056 quidquam
1467 2021 1692 2049 subslantialiter
1710 2029 1772 2049 esse

987 2067 1154 2102 putabimus,
1171 2066 1242 2101 quod
1253 2074 1266 2093 a
1283 2067 1451 2101 benignitate
1468 2066 1610 2094 Creatoris
1622 2074 1675 2093 non
1690 2066 1773 2100 proil‘

987 2113 1117 2144 ciscatur,
1143 2116 1170 2139 et
1194 2111 1302 2146 opiticis
1327 2112 1424 2147 gratia:
1457 2111 1592 2139 radicitus
1625 2111 1771 2138 innitatur.

987 2158 1079 2193 Itaque
1088 2166 1149 2186 cum
1161 2166 1204 2186 res
1215 2163 1314 2185 creatae
1330 2157 1493 2192 compositas
1511 2157 1584 2190 sint,
1602 2157 1648 2184 lux
1662 2157 1772 2191 quidem

987 2206 1060 2233 inter
1073 2213 1121 2233 eas
1136 2204 1204 2231 nihil
1223 2203 1336 2239 proprie
1345 2211 1376 2230 ac
1388 2203 1552 2238 simpliciter
1568 2203 1631 2235 crit,
1648 2203 1773 2230 autcitra

100 2267 103 2270 ⁴
152 2252 287 2284 οὑσιωδῶς
303 2251 466 2285 ἐνυπάρχειν
480 2246 683 2282 διακεισόμεοα,
700 2245 714 2271 ὃ
730 2245 766 2280 μὴ
782 2243 866 2278 δῶρόν
880 2245 936 2270 ἐστι

989 2251 1238 2286 compositionem,
1270 2249 1318 2277 sed
1352 2256 1401 2284 per
1433 2249 1670 2284 participationem
1700 2249 1773 2276 istud

988 2299 1069 2326 etiam
1093 2305 1154 2324 cum
1186 2297 1293 2324 cmteris
1319 2303 1334 2323 a
1362 2295 1416 2323 Deo
1435 2295 1578 2330 suscipiet.
1607 2295 1665 2322 Lux
1684 2299 1773 2322 autem

990 2350 1054 2371 vera
1069 2347 1111 2370 est
1126 2349 1186 2376 quae
1203 2341 1356 2373 illuminat,
1380 2348 1436 2367 non
1455 2348 1516 2375 quae
1544 2340 1714 2366 illuminatur
1740 2339 1774 2366 ab

989 2390 1056 2421 alio,
1077 2386 1231 2424 cujusmodi
1257 2391 1299 2415 est
1312 2386 1489 2421 Unigenitus,
1506 2386 1552 2421 qui
1577 2386 1604 2412 in
1621 2385 1737 2419 simplici
1749 2388 1775 2412 et

989 2434 1173 2468 incomposita
1187 2437 1286 2459 natura
1301 2439 1363 2459 esse
1381 2432 1555 2466 intelligitur,
1565 2437 1629 2457 cum
1645 2430 1672 2457 in
1687 2429 1771 2456 Deum

989 2480 1062 2508 nulla
1082 2479 1181 2507 cadere
1209 2478 1297 2514 possit
1313 2478 1487 2513 compositio.
1502 2477 1592 2511 Atque
1608 2476 1664 2503 hch
1685 2477 1721 2503 ita
1746 2484 1777 2503 se

990 2527 1099 2562 quidem
1116 2525 1235 2558 habent;
1251 2525 1299 2552 sed
1324 2532 1439 2551 rursum
1457 2523 1536 2550 nobis
1553 2522 1647 2550 forsan
1662 2522 1776 2557 objiciet

991 2570 1188 2598 adversarius:
1207 2568 1235 2596 Si
1263 2569 1350 2596 sancti
1378 2569 1424 2595 lux
1450 2575 1505 2595 non
1532 2571 1596 2595 sunt
1623 2567 1776 2595 secundum

992 2621 1134 2647 naturam,
1151 2623 1233 2650 quam
1257 2615 1292 2642 ob
1308 2622 1421 2642 causam
1439 2622 1492 2641 non
1515 2613 1584 2641 lucis
1609 2613 1776 2649 participes,

992 2662 1040 2691 sed
1050 2663 1138 2690 lucem
1153 2669 1200 2689 eos
1216 2660 1343 2688 Salvator
1363 2659 1552 2695 nuncupavit?
1566 2659 1620 2686 Aut
1638 2659 1777 2695 quomodo

992 2710 1106 2737 alterius
1124 2708 1177 2736 erit
1188 2707 1222 2735 ab
1238 2707 1298 2743 ipso
1314 2711 1419 2734 naturae
1442 2710 1581 2738 creatura,
1601 2705 1624 2733 si
1645 2703 1775 2740 quemad-

993 2754 1105 2782 modum
1123 2755 1182 2789 ipse
1202 2754 1248 2781 lux
1265 2756 1440 2788 nuncupatus
1455 2756 1511 2784 est,
1529 2752 1567 2779 ita
1582 2751 1663 2780 etiam
1686 2750 1774 2778 homi-

999 2801 1105 2829 neslux
1119 2800 1247 2836 appellati
1266 2799 1369 2828 sunt‘h
1389 2798 1445 2827 Vos
1460 2799 1533 2826 enim
1549 2797 1617 2826 estis
1635 2796 1680 2824 lux
1696 2803 1776 2822 mun-

195 2897 216 2914 "
234 2895 316 2924 Zach.
335 2903 374 2929 ιι,
391 2895 417 2927 5,
434 2894 459 2922 4.
497 2894 520 2911 ⁷⁵
538 2894 604 2922 Dan.
623 2901 686 2926 vnl,
707 2894 753 2926 l5,
775 2894 814 2922 l6.
853 2894 874 2911 ⁷³
894 2894 937 2922 Αυι

990 2901 1038 2926 ιιι,
1056 2893 1101 2921 δι.
1141 2893 1163 2909 ⁸ο
1185 2891 1279 2920 Matth.
1298 2899 1323 2925 v,
1342 2891 1384 2919 tt.
1422 2891 1443 2908 "
1467 2889 1560 2918 Matth.
1577 2896 1610 2920 κ,
1628 2888 1654 2915 8.
