2030 3122
259 173 311 203 127

769 178 798 206 S.
814 177 953 207 CYRILLI
968 177 1200 206 ALEXANDRINI
1222 177 1381 206 ABClllEP.

1831 180 1882 208 iis

263 235 290 262 di
302 235 336 267 η,
354 244 362 260 ι
374 234 503 270 discipuli
526 235 684 264 audierunt.
700 236 750 264 Cui
768 238 809 266 sie
827 239 1024 273 respondemus

1093 237 1107 262 ό
1122 235 1235 272 Σωτήρς
1265 237 1326 268 Πῶς
1352 236 1379 263 δὲ
1396 237 1543 273 ὲτεροφυὴς
1561 239 1576 273 ἡ
1591 238 1677 270 κτίσις
1694 238 1730 270 ὡς
1749 238 1814 274 πρὸς
1834 239 1883 266 αὺ-

256 281 313 308 Cur
331 289 408 317 ergo,
420 282 490 309 boue
504 283 556 314 vir,
569 283 607 310 dii
623 283 726 319 Deique
742 285 790 312 lilii
803 286 874 320 apud
887 285 1043 321 Seripturas

256 326 363 354 divinas
384 328 533 362 nuncnpati
548 329 743 364 sumus,juxta
762 331 847 358 illud:
863 340 871 356 ι
893 331 949 366 Ego
969 331 1041 364 dixi,

257 372 298 399 Dii
313 373 392 405 estis,
408 379 434 401 et
451 373 498 401 ﬁlii
514 373 776 404 Excelsiomnes"?
790 387 799 404 ›
818 379 858 405 An
871 378 954 413 igitur
969 379 1042 406 desi-

255 424 352 446 nentes
366 427 427 448 esse
443 424 540 448 natura
558 422 582 449 id
599 423 672 457 quod
691 432 803 457 sumus,
821 425 854 452 ad
881 426 1001 454 divinam
1015 431 1042 455 et

256 463 420 493 inell'abilem
435 467 619 495 substantiam
636 470 795 503 evehemur,
809 476 836 500 et
857 472 975 500 Verbum
993 473 1039 501 Dei

255 515 390 543 negantes
421 520 482 540 esse
508 521 573 542 vere
609 514 728 548 Filium,
760 516 836 544 illius
865 517 926 545 loco
968 517 1039 546 Patri

254 557 456 592 assidebimus,
482 551 512 586 et
544 561 660 595 gratiam
697 571 750 597 qua
782 571 833 591 nos
867 569 962 597 ornat,
988 565 1040 592 im-

253 602 364 637 pietatis
388 605 530 632 materiam
559 606 710 635 faciemus?
731 609 821 637 Absit.
849 609 902 638 Sed
932 611 958 638 in
980 612 1039 639 suis

254 647 335 676 bonis
358 649 566 679 imntutabiliter
594 658 683 682 manet
698 654 744 682 Dei
772 655 857 684 Filius
879 666 885 684 :
908 665 961 685 nos
989 666 1038 685 att-

252 697 306 720 tem
335 694 480 730 adoptione
505 696 551 724 ﬁlii
578 706 684 732 sumus,
714 705 740 728 et
766 701 805 728 dii
835 710 884 737 per
910 704 1036 739 gratiam,

251 746 306 765 non
337 739 496 774 ignorantes
520 742 546 769 id
574 744 648 778 quod
678 753 790 778 sumus,
816 752 844 775 et
877 749 930 777 hoc
957 756 1037 786 pacto

250 791 361 820 quoque
384 791 494 814 sanctos
524 789 611 816 lucem
629 798 690 818 esse
717 792 867 822 credimus.
885 793 938 823 Sed
969 796 1036 824 illud

251 831 524 861 animadvertendum
568 835 680 872 insuper
736 839 876 868 existimo.
919 841 1036 870 Creatu-

251 883 289 902 ra:
326 877 440 906 rationis
475 884 616 914 compotes
653 887 766 918 accepto
791 885 894 914 lumine
931 887 1034 916 illumi-

251 924 337 952 nant.
358 922 410 957 75
432 926 682 955 communicatione
699 928 889 958 doctrinarum
915 940 984 967 quas
1003 942 1036 961 ex

251 974 300 994 sua
318 972 406 996 mente
417 969 443 996 in
457 970 572 998 aliorutn
587 977 703 1001 tuentem
717 975 865 1004 infundunt
877 987 884 1006 ;
897 987 958 1014 qua:
975 981 1038 1009 illu-

250 1013 364 1041 mlnatio
383 1015 506 1044 doctrina
526 1017 590 1052 jure
607 1021 697 1054 potius
717 1024 876 1057 appellanda
893 1013 936 1054 est
955 1035 1036 1062 qttam

249 1060 388 1088 revelatio.
405 1061 458 1090 Sed
470 1062 517 1091 Dei
527 1063 645 1093 Verbttm
663 1077 672 1093 ι
686 1068 822 1098 illuminat
835 1079 942 1100 omnem
954 1060 1038 1102 homi-

248 1112 311 1132 nem
325 1107 476 1136 venientem
491 1110 517 1137 in
534 1111 667 1140 mundum
681 1135 687 1146 ,
708 1125 717 1141 ι
739 1124 795 1144 non
822 1117 946 1146 docendo
963 1121 1036 1150 sicut

250 1152 358 1187 angeli,
376 1154 451 1181 verbi
472 1156 576 1190 gratia,
596 1158 638 1185 vel
653 1159 795 1190 homines:
821 1164 867 1190 sed
892 1167 983 1200 potius
1007 1172 1037 1195 ut

251 1197 331 1230 Deus,
346 1200 482 1233 creando,
500 1203 649 1239 unicuique
663 1207 700 1233 rei
719 1207 745 1234 in
760 1212 850 1236 ortum
867 1211 975 1240 educta:
992 1221 1036 1241 sa-

249 1243 357 1278 pientia:
371 1244 428 1272 sive
443 1247 610 1281 cognitionis
626 1249 724 1279 divina:
739 1260 831 1281 semen
844 1255 933 1289 indit,
952 1262 979 1285 et
994 1258 1036 1286 in-

249 1289 406 1324 telligentiaa
428 1292 548 1320 radicem
581 1295 695 1330 inserit,
725 1302 808 1334 atque
835 1301 873 1328 ita
901 1304 1036 1333 rationale

249 1336 350 1363 animal
364 1337 453 1371 ellicit,
472 1345 576 1368 natura:
595 1342 662 1368 illud
677 1351 733 1371 sure
747 1346 884 1382 particeps
898 1349 1015 1379 reddens
1027 1372 1034 1384 ,

248 1387 275 1409 et
293 1383 436 1412 inell'abilis
450 1385 492 1412 sui
505 1387 660 1420 splendoris
677 1390 783 1418 lucidos
801 1393 883 1420 veluti
901 1383 1034 1429 quosdam

247 1436 363 1464 vapores
379 1431 438 1465 ejus
457 1433 549 1460 animo
563 1433 722 1469 immittens,
743 1445 773 1464 ea
788 1439 894 1468 ratione
908 1447 940 1468 ac
954 1442 1036 1470 modo

247 1482 302 1508 quo
319 1475 377 1510 ipse
392 1477 476 1508 novit,
496 1478 562 1506 nihil
576 1481 648 1508 enim
663 1489 898 1516 supervacaneum
913 1486 957 1514 hic
972 1488 1036 1515 aﬂ‘e-

247 1520 361 1548 rendum
388 1526 464 1556 puto.
479 1523 614 1556 Quocirca
634 1531 730 1555 auctor
752 1529 797 1556 ille
819 1531 905 1559 nostri
925 1534 1034 1568 generis

247 1565 350 1598 Atiam,
377 1575 431 1595 non
453 1569 478 1595 in
499 1573 640 1605 tempore.
666 1572 746 1600 sicuti
773 1582 845 1607 nos.
871 1577 1033 1612 sapientiam
1048 1588 1069 1617 ρ

247 1611 356 1638 videtur
374 1621 435 1641 esse
447 1621 612 1645 consecutus
624 1638 631 1649 .
649 1619 696 1645 sed
712 1627 726 1645 a
745 1621 833 1655 primo
848 1623 940 1650 statim
956 1629 1034 1653 ortus

247 1657 288 1683 aui
312 1656 389 1684 initio
405 1659 524 1693 perfecta
547 1661 724 1696 intelligentia
746 1666 877 1700 praeditus
890 1669 1032 1702 cernitur,

247 1701 312 1728 dum
333 1708 472 1738 acceptam
490 1705 623 1735 divinitus
644 1708 869 1739 illuminationem
900 1701 1032 1743 illibatam

247 1747 275 1774 in
298 1748 390 1783 seipse
415 1757 590 1780 conservat-et
605 1773 612 1786 ,
635 1759 662 1781 et
689 1755 823 1792 integrant
848 1762 960 1788 natura!
978 1769 1034 1789 sum

247 1794 378 1822 retineret
404 1795 576 1831 dignitatem.
601 1800 739 1829 lllumiuat
759 1802 860 1837 igitur,
888 1809 918 1832 ιιι
943 1807 1034 1842 opifex

248 1839 358 1874 quidem
379 1840 480 1874 Filius,
499 1844 616 1873 maxime
629 1853 691 1874 cum
706 1847 741 1875 sit
757 1848 814 1883 ipse
831 1850 876 1877 lux
891 1851 936 1878 illa
953 1861 1032 1886 vera,

247 1891 372 1914 creatura
387 1893 477 1916 autem
492 1891 699 1926 participatione
714 1902 776 1922 cum
792 1896 852 1924 luce
864 1917 871 1929 ,
892 1898 1033 1927 illumina-

247 1936 310 1965 tur,
325 1938 351 1961 ct
368 1934 470 1962 idcirco
486 1936 531 1965 lux
550 1938 652 1966 dicitur
669 1944 695 1968 et
715 1945 771 1973 est,
786 1943 819 1970 ad
841 1951 884 1972 res
899 1951 1033 1980 superna-

247 1981 352 2008 turales
373 1985 484 2015 evecta,
506 1983 686 2018 gloriﬁcantis
706 1986 769 2020 Dei,
796 1992 823 2016 et
845 1990 929 2018 variis
947 1991 1032 2026 ipsam

247 2026 408 2054 coronantis
433 2024 584 2057 honeribus
609 2032 717 2065 gratia,
744 2033 813 2060 adeo
837 2038 866 2061 ut
898 2024 1034 2071 quotquot

247 2069 320 2097 hunc
344 2072 476 2100 honorem
499 2075 655 2110 accepimus
676 2078 839 2111 juremerito
860 2081 886 2107 in
913 2082 1033 2110 medium

247 2116 365 2151 prodire,
381 2123 408 2145 et
423 2127 522 2156 magna
538 2129 605 2149 voce
617 2123 718 2157 gratias
729 2131 839 2159 agentes
853 2127 1033 2160 gralulatorio

247 2164 368 2191 Carmine
384 2165 475 2193 dicere
495 2166 642 2194 debeamus
657 2176 664 2194 :
693 2177 702 2194 ‹
719 2168 845 2204 Benedic,
860 2172 949 2199 anima
961 2181 1031 2208 mea,

247 2207 373 2243 Domino,
387 2214 413 2238 et
428 2212 482 2238 noli
501 2213 623 2241 oblivisci
636 2222 730 2243 omnes
748 2218 940 2247 retributiones
955 2220 1030 2255 ejus:

246 2255 293 2290 qui
320 2256 483 2290 propitiatur
507 2259 635 2288 omnibus
663 2261 854 2296 iniquitatibus
881 2266 956 2298 tuis,
984 2267 1030 2301 qui
1049 2272 1069 2299 D

245 2305 325 2328 sanat
335 2309 430 2330 omnes
448 2302 617 2332 infirmitates
632 2310 708 2340 tuas;
722 2308 768 2342 qui
783 2310 932 2338 redimitde
949 2312 1034 2339 inter-

245 2347 284 2374 itu
311 2348 392 2375 vitam
416 2352 506 2382 tuam;
532 2351 578 2385 qui
599 2357 713 2380 coronat
734 2358 758 2381 te
787 2354 814 2381 in
841 2355 1033 2385 misericordia

244 2397 270 2420 et
287 2394 529 2428 miserationibus;
553 2397 599 2432 qui
616 2398 701 2432 replet
714 2399 745 2426 in
767 2400 846 2428 bonis
866 2401 1031 2432 desiderium

244 2443 322 2466 tuum
331 2439 363 2467 ⁸⁸.
382 2449 391 2466 ι
409 2440 485 2468 Facit
498 2442 569 2469 enim
581 2444 704 2478 prol'ccto
718 2446 922 2476 misericordias
940 2449 1028 2479 Domi-

245 2493 298 2513 nus
309 2506 317 2518 ,
336 2485 382 2521 qui
400 2494 444 2514 res
458 2494 557 2522 parvas
573 2493 654 2525 atque
671 2491 807 2527 abjectas,
825 2494 847 2521 si
862 2500 968 2524 natura:
981 2505 1029 2524 cu-

243 2531 344 2567 jusque
367 2533 441 2560 ratio‘
460 2539 618 2568 spectetur,
643 2545 758 2573 maguas
782 2544 863 2575 atque
889 2543 1030 2573 mirabiles

245 2577 326 2605 eﬂicit
343 2585 392 2605 sua
403 2587 466 2614 erga
480 2580 554 2615 ipsas
570 2581 692 2611 bonitate
703 2604 710 2617 ,
729 2586 828 2621 quippe
844 2589 888 2623 qui
905 2591 963 2617 suis
980 2598 1029 2618 nos

245 2623 386 2650 cumulare
397 2623 476 2652 donis
487 2625 581 2660 voluit,
597 2632 624 2654 ut
637 2627 718 2661 Deus,
734 2634 815 2665 atque
833 2632 936 2660 idcirco
963 2633 1029 2661 deos

245 2673 272 2696 et
295 2669 382 2696 lucem
406 2671 566 2705 appellavit,
590 2674 705 2709 aliisque
734 2677 868 2710 ejusmodi
896 2678 1029 2706 bonorum

246 2715 402 2746 nomlnibus
424 2718 542 2746 ornavit.
561 2719 642 2747 Addit
664 2721 805 2757 theologus
828 2731 878 2751 nec
905 2723 1028 2756 frustra,

248 2771 257 2787 ι
274 2762 302 2789 In
316 2763 416 2791 tnuudo
427 2769 496 2798 erat,
514 2775 522 2792 ι
540 2768 722 2794 necessariam
736 2768 799 2796 hinc
813 2769 891 2798 nobis
906 2775 1030 2797 contem-

245 2808 391 2845 pialionem
409 2809 540 2840 inferens.
556 2812 624 2840 Cum
644 2814 716 2841 enim
733 2815 852 2842 dixerit:
872 2825 882 2841 Ι
900 2815 963 2843 Erat
984 2816 1028 2843 lux

282 2889 304 2904 "
324 2891 417 2921 Matth.
436 2902 460 2925 ν,
481 2895 521 2922 Η.
560 2895 582 2912 ⁸³
599 2895 670 2924 Psal.
688 2904 767 2923 Luxr
781 2915 787 2927 ,
806 2896 831 2922 ti.

1096 282 1150 314 τὸν,
1165 283 1189 308 εί
1209 281 1332 318 καθάπερ
1347 283 1427 315 αὐτὸς
1447 283 1603 319 ὠνόμασται
1619 284 1686 319 φῶς,
1701 284 1772 312 οὕτω
1789 285 1836 311 καὶ
1848 284 1882 311 τὰ

1094 327 1204 362 λογικάς
1234 338 1243 354 ι
1261 328 1354 364 Ὑμεῖς
1377 329 1432 364 γάρ
1454 329 1514 356 ἐστε
1535 329 1581 356 τοῦ
1605 330 1709 365 κόσμου
1732 330 1762 357 τὸ
1786 331 1853 365 φῶς.
1871 340 1880 356 ι

1094 373 1192 409 ἤκουον
1206 374 1230 400 oi
1247 373 1376 409 μαθηταί.
1393 374 1426 400 Τί
1439 373 1486 402 οὖν
1497 384 1504 406 ;
1516 371 1538 401 ὦ
1551 375 1682 410 βέλτιστε,
1700 376 1781 403 πάλιν
1802 376 1882 412 ἐροῦ-

1094 421 1255 456 μενιαὺτῴ·
1279 421 1335 448 θεοὶ
1351 422 1396 448 καί¹
1409 421 1476 447 Θεοῦ
1493 421 1545 448 υἱοὶ
1563 422 1638 457 παρὰ
1654 423 1713 454 ταῖς
1733 421 1820 454 θείαις
1837 431 1882 448 κε-

1093 467 1215 502 κλήμεθα
1229 468 1360 502 Γραιραῖς,
1377 467 1447 494 κατὰ
1466 467 1496 493 τό
1509 476 1515 482 ·
1532 467 1627 502 ι“Ἐγὼ
1642 465 1717 500 εἶπα,
1729 467 1791 495 Θεοί
1807 469 1881 501 ἐστε,

1092 513 1138 538 καὶ
1148 514 1200 539 υἱοὶ
1221 513 1346 547 Ὑψίστου
1360 513 1475 546 πάντες;
1492 523 1501 538 ι
1511 511 1572 548 Ἀφ’
1585 511 1631 540 οὖν
1645 514 1757 548 ἀφέντες
1770 514 1800 540 τὸ
1811 512 1880 540 εἶναι

1091 559 1161 585 κατά
1176 559 1265 593 φύσιν,
1283 559 1351 594 ὅπερ
1370 555 1464 594 ἐσμὲν,
1486 559 1532 585 ἐπὶ
1548 559 1597 594 τὴν
1610 558 1685 586 θείαν
1699 567 1740 590 τε,
1763 559 1810 586 καὶ
1832 559 1882 595 ἄρ-

1091 605 1172 638 ῥητον
1185 604 1279 630 οὐσίαν
1303 603 1504 639 ἀναϐησόμεθα,
1529 604 1575 631 καὶ
1588 604 1635 631 τὸν
1653 604 1699 631 τοῦ
1713 604 1780 631 Θεοῦ
1793 605 1880 638 Λόγον

1088 649 1138 684 τῆς
1154 650 1212 675 κατ’
1228 649 1356 685 ἀλήθειαν
1371 650 1547 681 ἐκϐάλλοντες
1571 650 1711 684 υίότητος,
1732 651 1788 676 ἀντ’
1805 651 1880 677 ὲκεί-

1088 703 1135 721 νου
1148 695 1186 730 τῷ
1200 696 1288 731 Πατρὶ
1309 696 1530 732 συνεδρεύσομεν,
1545 696 1592 722 καὶ
1609 696 1737 723 ὑπόθεσιν
1753 696 1880 728 ἀσεϐείας

1088 740 1137 775 τὴν
1159 741 1205 767 τοῦ
1228 741 1362 776 τιμῶντος
1381 741 1549 777 ποιησόμεθα
1570 742 1668 777 χάριν;
1694 742 1740 777 Μὴ
1761 743 1877 777 γένοιτο·

1087 785 1144 812 ἀλλ’
1169 786 1245 813 ἔσται
1270 787 1319 821 μὲν
1348 787 1377 814 ὲν
1406 785 1502 823 οἷσπερ
1525 788 1599 814 ἐστὶν
1627 789 1843 824 ἀπαραποιὴτως
1865 789 1880 815 ὁ

1088 831 1151 863 Υἱός
1167 840 1174 847 '
1204 831 1274 858 θετοί
1295 832 1323 859 δὲ
1344 833 1423 868 ἡμεῖς
1447 834 1486 865 είς
1510 833 1631 869 υἱότητα,
1658 834 1704 861 καὶ
1725 834 1780 860 θεοὶ
1808 834 1879 861 κατά

1086 878 1176 914 χάριν,
1197 879 1248 905 οὐκ
1266 878 1425 913 ἀγνοοῦντες
1444 880 1513 916 ὅπερ
1534 880 1633 916 ἐσμέν·
1660 880 1731 907 οὕτω
1754 880 1782 907 δὲ
1807 879 1878 907 εἶναι

1055 917 1137 951 Βκαὶ
1170 924 1227 959 φῶς
1270 925 1332 956 τοὺς
1365 925 1459 960 ἁγίους
1495 927 1670 962 πιστεύομεν.
1710 927 1815 963 Χρῆναι
1850 927 1878 954 δὲ

1088 967 1164 1005 οἶμαι
1187 970 1297 997 κάκεῖνο
1322 970 1568 1006 διασκεπτομένους
1585 973 1660 1007 ὁρᾷν.
1685 971 1726 999 Τὰ
1751 972 1800 1007 μὲν
1823 971 1878 1007 γὰρ

1087 1014 1183 1049 λογικὰ
1207 1015 1261 1042 τῶν
1288 1015 1444 1050 κτισμάτων
1468 1017 1639 1052 φωτιζόμενα
1662 1017 1788 1052 φωτίζει,
1807 1017 1878 1044 κατά

1089 1060 1230 1096 μετάδοσιν
1263 1060 1449 1096 θεωρημάτων
1476 1061 1530 1088 τῶν
1560 1063 1591 1089 ὲκ
1619 1062 1664 1089 νοῦ
1688 1063 1757 1097 πρὸς
1780 1063 1879 1098 ἑτέραν

1087 1107 1266 1142 είσχεομένων
1280 1107 1416 1138 διάνοιαν,
1447 1108 1496 1134 καὶ
1519 1107 1678 1135 διδασκαλία
1697 1108 1796 1143 μᾶλλον
1817 1109 1878 1143 ἦτοι

1086 1151 1257 1187 ἀποκάλυψις
1270 1153 1284 1179 ὁ
1295 1152 1413 1184 τοιοῦτος
1431 1153 1463 1180 ἃν
1479 1153 1590 1185 δικαίως
1607 1154 1716 1180 καλοῖτο
1728 1154 1876 1189 φωτισμός.

1092 1197 1121 1224 Ὁ
1131 1197 1158 1224 δὲ
1172 1198 1219 1224 τοῦ
1236 1198 1303 1224 Θεοῦ
1316 1198 1405 1232 Λόγος
1417 1207 1426 1224 ι
1442 1199 1553 1233 φωτίζει
1577 1199 1664 1225 πάντα
1677 1199 1819 1234 ἄνθρωπον
1830 1200 1878 1234 ἑρ-

1086 1243 1199 1279 χόμενον
1217 1245 1256 1276 εἰς
1271 1243 1316 1271 τὸν
1332 1245 1434 1280 κόσμον
1451 1254 1460 1270 ι
1478 1245 1508 1271 οὐ
1522 1245 1719 1276 διδασκαλικῶς
1730 1265 1737 1277 ,
1752 1245 1879 1279 καθάπερ

1086 1291 1197 1326 ἄγγελοι
1211 1291 1299 1326 τυχὸν,
1315 1292 1332 1328 ἢ
1350 1292 1396 1318 καὶ
1408 1291 1556 1328 ἄνθρωποι,
1569 1291 1636 1319 ἀλλὰ
1650 1291 1749 1327 μᾶλλον
1761 1292 1798 1323 ὡς
1811 1291 1878 1324 Θεὸς

1085 1338 1287 1374 δημιουργικῶς
1308 1337 1416 1372 ἑκάστῳ
1431 1338 1484 1364 τῶν
1503 1338 1542 1369 είς
1559 1338 1590 1364 τὸ
1609 1335 1678 1363 εἶναι
1702 1336 1878 1371 καλουμένων

1087 1383 1197 1418 σπέρμα
1213 1383 1318 1417 σοφίας,
1335 1383 1394 1418 ἢτοι
1409 1382 1572 1416 θεογνωσίας
1587 1382 1717 1417 ἐντίθησι,
1737 1382 1780 1408 καὶ
1799 1382 1878 1417 ῥίζαν

1085 1429 1232 1464 ὲμφυτεύει
1248 1429 1399 1461 συνέσεως,
1427 1429 1535 1463 λογικόν
1554 1437 1583 1455 τε
1601 1428 1686 1460 οὕτως
1706 1427 1832 1455 ἀποτελεῖ
1847 1428 1878 1454 τὸ

1086 1475 1154 1508 ζῶον
1173 1476 1222 1511 τῆς
1236 1475 1339 1507 οἰκείας
1352 1474 1459 1509 φύσεως
1477 1474 1589 1510 μέτοχον
1602 1473 1786 1501 ἀποδεικνύων
1797 1493 1804 1505 ,
1830 1474 1878 1500 καὶ

1086 1521 1134 1556 τῆς
1163 1521 1303 1556 ἀφράστου
1335 1521 1527 1556 λαμπρότητος
1553 1520 1648 1556 ὥσπερ
1671 1521 1747 1552 τινὰς
1773 1520 1878 1556 ἀτμοὺς

1086 1566 1239 1600 φωτοειδεῖς
1251 1567 1332 1598 ἐνιεὶς
1346 1566 1384 1602 τῷ
1396 1566 1444 1602 νῷ,
1454 1566 1514 1593 καθ’
1534 1566 1563 1593 ὃν
1574 1567 1654 1598 αὐτὸς
1669 1564 1722 1593 οἶδε
1738 1566 1836 1602 τρόπον
1847 1575 1877 1592 τε

1086 1612 1132 1638 καὶ
1146 1612 1224 1646 λόγον
1234 1621 1241 1628 ·
1264 1613 1305 1639 δεῖ
1318 1613 1386 1648 γὰρ,
1409 1611 1485 1647 οἶμαι
1497 1633 1503 1645 ,
1515 1612 1604 1646 λέγειν
1618 1613 1647 1638 ὲν
1663 1612 1767 1644 τούτοις
1781 1612 1811 1638 0'3
1829 1620 1879 1638 πε-

1087 1658 1163 1693 ριττά
1177 1667 1181 1671 ·
1197 1658 1281 1685 διάτοι
1301 1658 1380 1684 τοῦτο
1402 1658 1449 1684 καὶ
1468 1659 1482 1685 6
1501 1658 1651 1694 προπάτωρ
1667 1658 1769 1693 Ἀδὰμ,
1786 1658 1836 1684 οὐκ
1849 1659 1877 1684 ὲν

1085 1704 1190 1739 χρόνῳ⁹
1209 1704 1335 1739 καθάπερ
1348 1704 1428 1739 ἡμεῖς
1438 1725 1445 1736 ,
1460 1703 1490 1730 τὸ
1511 1701 1579 1731 εἶναι
1595 1704 1675 1738 σοφὸς
1689 1703 1877 1739 ἀποκερδᾶνας

1085 1750 1196 1785 ὁρᾶται,
1219 1749 1278 1776 ἀλλ’
1295 1750 1328 1776 ὲκ
1353 1749 1468 1784 πρώτων
1495 1749 1575 1781 εὐθὺς
1595 1749 1650 1776 τῶν
1675 1749 1723 1784 τῆς
1743 1749 1877 1783 γενέσεως

1085 1796 1188 1832 χρόνων
1203 1796 1304 1827 τέλειος
1323 1797 1352 1822 ὲν
1374 1795 1480 1822 συνέσει
1497 1795 1638 1830 φαίνεται,
1661 1795 1706 1821 τὸν
1721 1793 1831 1821 δοθέντα
1842 1795 1875 1829 τῇ

1085 1841 1164 1876 φύσει
1180 1841 1255 1877 παρά
1262 1841 1330 1867 Θεοῦ
1345 1841 1482 1877 φωτισμὸν
1491 1841 1623 1868 ἀθόλωτον
1634 1841 1684 1872 ἔτι,
1696 1840 1743 1868 καὶ
1755 1839 1874 1876 καθαρὸν

1084 1887 1225 1920 διασώζων
1241 1889 1270 1914 ὲν
1284 1887 1388 1922 ἐαυτῷ,
1411 1888 1457 1914 καὶ
1473 1887 1662 1923 ἀκαπὴλευτον
1677 1887 1745 1922 ἔχων
1758 1887 1808 1921 τῆς
1824 1887 1874 1921 φύ-

1086 1943 1153 1966 σεως
1166 1934 1196 1960 τὸ
1211 1934 1329 1970 ἀξίωμα.
1343 1961 1348 1966 _
1360 1934 1473 1967 Φωτὶζει
1492 1934 1651 1970 τοιγαροῦν,
1673 1933 1876 1969 δημιουργικῶς

1086 1981 1135 2015 μὲν
1148 1980 1161 2006 ό
1177 1979 1250 2012 Υίὸς,
1266 1980 1313 2006 ἅτε
1323 1979 1353 2015 δὴ
1369 1979 1398 2006 τὸ
1410 1979 1466 2014 φῶς
1479 1980 1608 2015 ὑπάρχων
1620 1980 1686 2006 αὐτὸ
1695 1981 1725 2006 τὸ
1738 1979 1873 2015 ἀληθινὸν,

1085 2026 1154 2052 κατὰ
1163 2026 1279 2061 μετοχὴν
1293 2025 1321 2051 δὲ
1336 2026 1352 2060 ὴ
1362 2025 1449 2057 κτίσις
1460 2025 1510 2061 τὴν
1520 2025 1588 2061 πρὸς
1602 2025 1632 2052 τὸ
1642 2026 1700 2060 φῶς
1715 2025 1875 2061 ἐκλαμπρὺ-

1083 2079 1157 2097 νεται
1168 2091 1174 2102 ,
1198 2072 1244 2098 καὶ
1260 2071 1382 2097 καλεῖται
1394 2071 1439 2097 διά
1452 2070 1546 2102 τοῦτο.
1570 2071 1618 2098 καὶ
1632 2072 1735 2105 γίνεται
1751 2071 1819 2106 φῶς,
1836 2071 1875 2102 είς

1083 2117 1116 2144 τὰ
1133 2117 1203 2152 ὑπὲρ
1222 2116 1302 2151 φύσιν
1322 2116 1504 2144 ἀναϐαίνουσα
1525 2117 1568 2144 διὰ
1582 2118 1631 2153 τὴν
1644 2116 1691 2145 τοῦ
1713 2117 1874 2151 δοξάσαντος

1083 2163 1172 2199 χάριν,
1196 2163 1242 2189 καὶ
1259 2162 1397 2198 διαφόροις
1422 2163 1507 2199 αὐτὴν
1531 2163 1676 2198 στέφοντος
1700 2165 1811 2199 τιμαῖς,
1837 2163 1874 2195 ὡς

1083 2210 1160 2244 ἥκειν
1175 2209 1214 2240 είς
1233 2209 1314 2244 μέσον
1336 2209 1455 2243 εὐλόγως
1472 2209 1527 2235 τῶν
1543 2209 1730 2245 τετιμημένων
1747 2209 1872 2242 ἕκαστον,

1083 2255 1128 2280 καὶ
1143 2254 1173 2290 δὴ
1191 2254 1384 2290 χαριστηρίους
1401 2255 1573 2282 ἀνατείνοντα
1586 2255 1749 2291 προσευχὰς,
1768 2255 1873 2291 μεγάλῃ

1083 2301 1175 2327 λοιπὸν
1191 2301 1372 2336 ἁναμελῳδεῖν
1388 2303 1420 2336 τῇ
1439 2303 1514 2337 φωνῇ
1529 2310 1535 2317 ·
1552 2310 1561 2327 ι
1577 2301 1690 2336 Εὑλόγει
1704 2303 1720 2337 ὴ
1733 2301 1808 2336 ψυχή
1823 2309 1872 2337 μου

1083 2346 1128 2373 τὸν
1143 2347 1257 2382 Κύριον,
1276 2347 1323 2374 καὶ
1338 2346 1376 2382 μὴ
1389 2347 1567 2374 ἐπιλανθάνου
1586 2347 1676 2379 πάσας
1691 2347 1740 2379 τὰς
1754 2348 1872 2374 ἀνταπο-

1081 2392 1167 2424 δόσεις
1182 2393 1276 2420 αὖτοῦο
1293 2393 1338 2420 τὸν
1352 2393 1541 2421 εὑιλατεύοντα
1556 2394 1657 2426 πάσαις
1668 2395 1727 2425 ταῖς
1746 2393 1873 2428 ἀνομίαις

1082 2446 1140 2471 σου,
1155 2438 1200 2465 τὸν
1217 2438 1330 2474 ἰώμενον
1347 2439 1437 2472 πάσας
1453 2439 1502 2472 τὰς
1513 2440 1607 2472 νόσους
1622 2448 1679 2472 σου,
1703 2440 1748 2467 τὸν
1761 2439 1872 2475 λυτρού-

1082 2493 1162 2520 μενον
1173 2485 1205 2511 ὲκ
1214 2484 1316 2520 φθορᾶς
1331 2485 1380 2521 τὴν
1393 2486 1464 2521 ζωήν
1477 2494 1535 2518 σου,
1546 2485 1592 2512 τὸν
1604 2485 1786 2519 στεφανοῦντά
1802 2494 1831 2512 σε
1844 2486 1872 2512 ἐν

1083 2531 1163 2564 ὲλέει,
1173 2532 1220 2558 καὶ
1230 2533 1390 2567 οὶκτιρμοίς,
1406 2532 1451 2559 τὸν
1464 2532 1646 2568 ὲμπιπλῶντα
1659 2533 1688 2559 ἐν
1702 2531 1814 2566 ἀγαθοῖς
1824 2532 1872 2568 τὴν

1083 2577 1229 2613 ἐπιθυμίαν
1255 2587 1312 2605 σου.
1338 2587 1347 2604 ι
1371 2579 1447 2606 Ποιεῖ
1468 2579 1522 2615 γὰρ
1547 2579 1631 2610 ὅντως
1655 2578 1839 2614 ἐλεημοσύνας
1859 2580 1873 2605 ὁ

1082 2624 1194 2659 Κύριος,
1211 2624 1245 2650 τὰ
1261 2623 1346 2660 μικρὰ
1360 2624 1620 2660 καὶὲξουθενημένα,
1636 2624 1708 2652 κατά
1719 2633 1751 2659 γε
1766 2625 1812 2652 τὸν
1823 2624 1871 2659 τῆς

1082 2670 1184 2701 οἰκείας
1209 2671 1316 2704 φύσεως
1333 2670 1429 2705 λόγον,
1458 2671 1575 2706 μεγάλα,
1601 2671 1649 2697 καὶ
1666 2669 1871 2705 ἀξιοθαύμαστα

1083 2715 1126 2742 διὰ
1141 2715 1191 2750 τῆς
1213 2716 1252 2748 εὶς
1268 2716 1339 2743 αὐτὰ
1357 2717 1538 2753 χρηστότητος
1557 2716 1757 2749 ἀποδεικνύων,
1777 2716 1871 2751 ὥσπερ

1083 2758 1129 2788 οὖν
1139 2761 1234 2796 ἀμέλει
1247 2762 1295 2788 καὶ
1308 2763 1381 2798 ἡμᾶς
1397 2764 1451 2795 τοῖς
1465 2763 1542 2796 ἰδίοις
1556 2763 1638 2790 αὑτοῦ
1655 2763 1868 2799 κατασεμνύνειν

1084 2807 1195 2841 ἀγαθοῖς
1210 2807 1308 2844 χρῆναι
1323 2808 1377 2835 δεῖν
1396 2808 1519 2844 ἀφθόνως
1535 2809 1694 2845 ἐδοκίμασεν
1706 2809 1744 2841 ὠς
1765 2810 1779 2836 ὁ
1794 2808 1868 2842 Θεὸς,

872 2895 893 2911 9"
913 2894 986 2923 l‘sal.
1004 2904 1058 2928 Cll,
1079 2897 1088 2923 Ι
1108 2897 1132 2924 5.
