2030 3122
140 179 193 207 ιε’)

681 176 714 204 IN
728 176 876 205 JOANNIS
895 174 1119 205 EVANGELIUM
1140 176 1205 206 LIB.
1225 178 1245 206 Ι.

1713 180 1762 209 130

139 237 188 263 καὶ
199 235 242 262 διὰ
257 234 336 261 τοῦτο
351 234 428 266 θεούς
440 243 480 268 τε,
490 235 535 262 καὶ
546 234 613 270 φῶς,
625 235 673 261 καὶ⁸
686 234 712 260 τί
728 233 782 269 γὰρ
798 234 858 269 οὐχὶ
872 232 925 260 τῶν

979 240 1051 266 vera,
1065 242 1125 268 quae
1139 235 1275 262 illuminat
1291 242 1398 264 omnem
1411 237 1548 266 hominem
1565 239 1717 267 venientem
1734 240 1763 268 in

139 282 251 316 ἀγαθῶν
277 281 419 308 ἀποκαλεῖ.
446 278 512 307 Εῐτα
533 281 601 316 πρὸς
617 280 703 315 τούτῳ
719 278 810 315 φησὶν,
827 280 868 306 ὅτι
882 279 928 306 καὶ

142 338 151 353 ι
164 328 207 354 Ἐν
222 327 260 362 τῷ
278 326 374 362 κόσμῳ
386 324 436 362 ἦν·
454 335 464 352 ι
491 326 588 360 ἐπάγει
605 326 651 353 καὶ
664 325 747 351 τοῦτο
760 324 901 360 χρησίμως
913 325 927 350 6

139 372 279 407 θεολόγος,
302 372 521 407 ἀναγκαιοτάτην
532 373 597 407 ἡμῖν
605 371 639 398 δι’
649 371 730 398 αὑτοῦ
750 371 798 405 τὴν
812 369 927 405 θεωρίαν

139 417 260 453 εἰσφέρει
269 417 325 453 [ἵσ.
334 416 490 453 εἰσφέρων].
506 417 614 452 Ἐπειδὴ
622 416 675 452 γὰρ
683 417 745 452 ἔφη,
755 413 823 443 r'Hv
830 415 860 442 τὸ
870 415 927 450 φῶς

127 454 168 491 ’τὸ
182 462 319 500 ἀληθινὸν,
331 463 345 490 ὃ
355 463 465 498 φωτίζει
475 464 562 490 πάντα
573 463 714 498 ἄνθρωπον
726 462 872 497 ἐρχόμενον
884 463 924 494 εἰς

137 510 182 536 τὸν
193 510 306 544 κόσμον,
314 508 359 545 »ἦν
369 510 396 536 δὲ
405 510 435 536 οὐ
451 509 553 544 σφόδρα
562 510 618 540 τοῖς
627 509 810 545 ἀκροωμένοις
820 516 927 543 συμφα-

138 556 201 588 νὲς,
220 555 333 591 πότερόν
347 563 411 581 ποτε
428 555 473 582 τὸν
497 555 639 591 ἄνθρωπον
653 555 800 590 ἐρχόμενον
823 555 862 585 εις
879 554 924 580 τὸν

137 601 240 637 κόσμον
254 601 364 636 φωτίζει
375 601 406 627 τὸ
418 601 486 636 φῶς,
504 601 520 637 ἢ
533 601 598 627 αὐτὸ
608 601 638 627 τὺ
655 601 711 635 φῶς
734 601 764 627 τὸ
788 599 923 635 ἀληθινὴν,

137 647 236 680 ὼςάπό
243 655 315 679 ¹εινος
325 647 419 682 ἑτέρου
433 647 516 673 τόπου
529 646 704 682 μεταχωροῦν
711 647 749 677 εἰς
758 646 803 672 τὸν
813 646 924 680 κόσμον,

135 694 182 720 τὸν
195 694 234 724 είς
247 693 350 724 πάντας
367 692 527 728 ἀνθρώπους
543 693 658 719 ποιεῖται
676 692 826 727 φωτισμὸν,
844 692 926 726 ἀναγ-

136 739 223 770 καίως
239 739 304 774 ἡμῖν
320 740 335 765 6
350 739 574 775 Πνευματοφόρος
587 738 752 765 ὲκκαλύπτει
769 737 799 764 τὺ
815 737 924 773 ἀληθὲς,

136 784 184 810 καὶ
200 783 254 811 τῶν
273 785 381 811 οἰκείων
398 783 528 819 ῥημάτων
543 783 714 819 διερμηνεύει
737 783 784 818 τὴν
799 782 924 817 δύναμιν,

136 829 225 863 λέγων
244 829 325 861 εὐθὺς
347 830 411 864 περὶ
431 829 479 856 τοῦ
499 830 602 864 φωτὸς,
616 830 657 856 ὅτι
679 838 688 855 ι
711 830 754 855 Ἐν
772 829 810 863 τῷ
831 830 924 864 κόσμῳ

135 874 188 911 ἦν·
209 885 219 901 ι
244 875 288 902 ῐνα
300 875 394 902 λοιπὸν
406 876 436 902 τὸ
456 885 465 901 ‹
489 875 635 911 ἐρχόμενον
655 876 694 906 εἰς
717 875 763 901 τὸν
789 875 890 909 κόσμον
910 882 921 900 ι

978 278 1051 306 hunc
1067 280 1209 313 mundum,
1227 288 1276 308 nec
1290 281 1343 316 76
1365 283 1536 312 auditoribus
1551 285 1695 312 admodum
1716 292 1764 320 pll-

977 327 1068 356 teret,
1091 329 1183 352 utrum
1205 326 1409 362 intelligendum
1427 333 1517 361 esset,
1552 329 1696 358 Hominem
1715 339 1761 359 ve-

977 370 1097 398 nientem
1122 372 1149 398 in
1165 372 1240 399 hune
1257 374 1389 400 mundum
1405 374 1449 400 lux
1468 375 1618 408 illuminat,
1650 384 1684 404 an
1703 376 1762 404 Lux

977 423 1042 444 vera
1055 417 1108 445 alio
1119 419 1236 452 quodam
1247 427 1278 446 ex
1293 419 1354 446 loco
1362 420 1474 447 veniens
1486 421 1512 447 in
1527 421 1600 449 hunc
1611 423 1741 450 mundum
1754 433 1761 451 :

977 463 1137 490 necessario
1165 464 1245 492 nobis
1266 463 1387 492 Joannes
1412 466 1554 493 veritatem
1577 469 1709 502 exponit,
1735 473 1763 496 et

977 515 1090 535 suorum
1111 509 1259 537 verborum
1283 511 1338 538 vim
1359 514 1385 539 et
1408 518 1518 538 sensum
1545 512 1741 547 interpretatur
1754 533 1761 546 ,

975 552 1050 580 illico
1067 554 1218 589 subjiciens
1243 555 1277 583 de
1306 557 1368 584 luce
1384 565 1390 584 :
1417 567 1426 584 ‹
1444 557 1474 584 In
1492 558 1595 585 mundo
1610 563 1686 591 erat,
1702 567 1711 584 ι
1734 561 1764 586 υι

975 600 1041 627 illud
1068 601 1176 628 demum
1191 621 1199 634 ,
1229 612 1238 628 ι
1257 603 1408 631 venientem
1434 603 1461 631 in
1481 604 1554 631 hunc
1579 600 1710 632 mundum
1723 623 1730 637 ,
1751 614 1761 631 ι

977 646 1143 682 intelligatur
1160 648 1193 676 de
1206 648 1327 681 homine,
1342 653 1368 678 et
1381 651 1414 678 de
1426 655 1521 678 natura
1531 651 1683 678 illuminata
1695 659 1764 687 prat-

975 691 1099 724 dicetur,
1122 697 1216 728 utpote
1239 703 1301 729 quae
1327 703 1361 722 ex
1391 697 1476 723 nihilo
1497 697 1530 724 ad
1554 705 1616 725 esse
1638 702 1762 726 vocatur.

976 736 1076 764 Locum
1096 739 1167 765 enim
1185 740 1268 767 veluti
1289 742 1432 775 quemdam
1457 748 1647 770 creaturarum
1669 744 1764 772 animo

975 783 1164 818 concipimus,
1192 786 1320 813 nimirum
1336 787 1484 822 aliquando
1508 797 1561 816 non
1587 797 1664 822 esse,
1692 790 1764 818 unde

975 828 1008 854 ad
1035 836 1097 856 esse
1122 831 1328 865 quodammodo
1352 833 1533 868 prodeuntes,
1552 835 1634 862 alium
1653 836 1762 863 tandem

975 873 1065 900 locum
1085 875 1112 902 in
1133 876 1292 904 cxsistentia
1312 879 1433 912 capiunt.
1445 879 1684 908 Aceommodatius
1699 889 1763 916 ergo

136 921 208 948 κατὰ
220 921 266 948 τοῦ
282 921 425 957 ἀνθρώπου
438 923 514 956 νοῇς,
531 922 578 948 καὶ
593 921 692 956 μᾶλλον
708 921 758 956 τῆς
772 920 925 955 φωτιζομέ-

976 923 1060 952 atque
1081 921 1224 949 decentius
1246 922 1279 949 de
1295 927 1391 950 natura
1418 924 1557 951 hominum
1581 924 1635 952 dici
1653 930 1762 960 potest,

135 977 185 1004 νης
200 968 385 1003 κατηγορῆται
404 967 525 1002 φύσεως,
542 968 579 999 ὡς
595 968 626 993 ὲκ
640 967 687 993 τοῦ
703 967 740 1002 μὴ
757 967 831 998 ὄντος
842 968 881 998 είς
895 966 926 994 τὺ

135 1012 206 1041 εἶναι
224 1013 393 1049 καλουμένης
409 1023 415 1029 ·
439 1013 522 1045 τόπος
546 1013 600 1048 γὰρ
617 1013 716 1048 ὥσπερ·
733 1012 774 1044 τίς
797 1014 855 1039 ἐστι
871 1013 927 1044 τοῖς

136 1062 263 1096 γενητοῖς
280 1059 388 1095 ἐπινοίᾳ
405 1059 592 1094 θεωρούμενος
604 1058 635 1085 τὸ
655 1058 692 1093 μὴ
706 1056 776 1085 εἷναί
792 1066 866 1090 ποτε,
879 1058 926 1091 ἀφ’

135 1103 167 1133 οὗ
179 1107 211 1142 δὴ
233 1105 335 1142 τρόπον
354 1105 415 1132 τινὰ
437 1104 504 1140 πρὸς
521 1105 551 1131 τὸ
575 1102 644 1131 εἶναι
665 1104 822 1139 βαδίζοντα,
845 1102 927 1130 τόπον

137 1152 231 1188 ἓτερον
247 1152 298 1187 ήδη
315 1151 362 1178 τὺν
378 1152 407 1177 ὲν
425 1150 539 1186 ὑπάρξει
552 1150 695 1186 λαμϐάνει.
712 1149 816 1177 Οὐκοῦν
829 1149 931 1176 οίκειό-,

137 1198 216 1233 πρῦν
233 1205 263 1225 τε
292 1198 339 1225 καὶ
352 1196 574 1233 πρεπίυδέστατον
588 1197 605 1232 ἡ
620 1196 674 1223 τῶν
699 1195 850 1231 ἀνθρώπων
863 1195 925 1221 ὲπι-

135 1243 244 1276 δέξεται
255 1242 337 1278 φύσις
357 1242 388 1268 τὸ
404 1243 436 1269 ὲκ
451 1242 566 1278 πρώτων
586 1241 667 1273 εὐθὺς
683 1240 847 1276 φωτίζεσθαι
863 1239 926 1276 χρό-

136 1298 206 1322 νων,
233 1289 390 1324 σύνδρομόψ
407 1296 453 1320 τε,
484 1288 531 1314 καὶ
557 1285 865 1322 συγκατεσκευασμένην
887 1283 927 1321 τῷ

136 1333 208 1362 εἶναι
228 1335 380 1370 λαμόἀνειν
392 1331 452 1369 ’τὴν
468 1334 575 1361 σύνεσιν
598 1333 674 1369 παρὰ
695 1333 742 1360 τοῦ
755 1333 830 1364 ὄντος
843 1334 871 1360 ὲν
887 1332 927 1368 τῷ

135 1381 233 1417 κόσμῳ
247 1381 346 1415 φωτὸς,
360 1379 432 1407 τοῦτ“
444 1379 502 1406 ἐστι
511 1400 518 1414 ,
535 1379 581 1406 τοῦ
597 1378 765 1413 Μονογενοῦς
775 1399 782 1410 ,
793 1378 823 1410 ὃς
835 1378 867 1413 δὴ
879 1378 926 1405 καὶ¹

135 1427 249 1463 ἀρῤἡτῳ
265 1427 298 1462 τῇ
319 1426 369 1461 τῆς
385 1425 510 1460 θεότητος
525 1425 643 1460 ίδυνάμει
663 1424 698 1451 τὰ
714 1425 802 1452 πάντα
817 1424 925 1459 πληροῖ,

137 1472 185 1499 καὶ
200 1471 371 1507 συμπάρεστι
393 1470 441 1506 μὲν
455 1469 579 1504 ἀγγέλοις
593 1471 621 1497 ἐν
634 1470 739 1508 οὐρανῷ
749 1490 755 1502 ,
780 1469 886 1496 σύνεστι
896 1468 926 1496 δὲ

134 1519 192 1550 τοῖς
208 1518 254 1544 ἐπὶ
265 1518 316 1552 τῆς
333 1517 394 1553 γῆς,
406 1516 483 1544 κενδν
505 1515 534 1542 δὲ
547 1516 596 1551 τῆς
608 1515 705 1542 ἑαυτοῦ
724 1516 849 1550 Θεότητος
865 1513 926 1542 οὐδὲ

134 1563 218 1592 αὑτὸν
228 1563 325 1599 ἀφίησι
339 1563 385 1589 τὸν
399 1562 476 1598 ᾅδην,
494 1562 540 1588 καὶ
557 1564 680 1597 πανταχῇ
695 1563 751 1593 τοῖς
766 1563 848 1589 πᾶσιν
862 1562 924 1589 ὲπι-

979 965 1075 1000 primis
1101 967 1192 994 statim
1214 968 1384 1002 temporibus
1406 969 1573 1002 illuminari,
1588 975 1614 997 et
1630 979 1683 997 una
1699 979 1761 998 cum

978 1011 1038 1046 ipso
1060 1019 1122 1039 esse
1142 1012 1196 1039 vim
1220 1013 1303 1040 etiam
1331 1014 1498 1049 intelligendi
1522 1015 1556 1042 ab
1585 1023 1618 1043 ea
1647 1024 1708 1051 quae
1735 1017 1761 1044 in

977 1056 1081 1084 mundo
1101 1061 1143 1084 est
1161 1057 1236 1091 luce,
1265 1059 1397 1086 nimirum
1428 1059 1584 1096 Unigenito,
1600 1063 1740 1098 suscipere
1754 1083 1761 1096 ,

977 1102 1023 1137 qui
1040 1102 1168 1130 ineii‘abili
1183 1103 1294 1132 deitatis
1310 1105 1411 1133 virtute
1423 1111 1523 1134 cuncta
1537 1108 1623 1142 replet
1639 1128 1647 1142 ,
1670 1112 1698 1136 et
1719 1113 1763 1136 est

977 1148 1086 1183 quidem
1100 1156 1160 1176 cum
1175 1151 1280 1184 angelis
1296 1150 1323 1177 in
1341 1151 1412 1178 caelo
1426 1172 1432 1183 ,
1455 1152 1481 1179 in
1500 1153 1581 1180 terris
1594 1161 1656 1180 eum
1673 1153 1761 1181 homi-

977 1194 1074 1225 nibus,
1096 1195 1217 1230 nihilque
1236 1196 1295 1230 ejus
1306 1196 1406 1224 deitate
1425 1205 1542 1224 vacuum
1568 1203 1623 1232 est,
1644 1207 1679 1226 ne
1694 1200 1761 1234 ipsis

976 1239 1085 1274 quidem
1110 1239 1206 1268 inferis
1231 1242 1373 1276 exceptis,
1400 1246 1428 1269 et
1455 1243 1557 1278 ubique
1581 1249 1681 1272 cuneta
1709 1245 1762 1272 im~

977 1291 1092 1317 means,
1131 1293 1147 1312 a
1171 1286 1248 1314 nullo
1277 1287 1370 1320 abest,
1393 1288 1462 1315 adeo
1487 1293 1517 1315 ut
1541 1290 1715 1317 vehementer
1736 1290 1762 1318 id

976 1331 1196 1366 sapientissimus
1213 1331 1359 1359 Psalmista
1375 1333 1489 1361 miratus
1502 1333 1576 1361 dicat
1591 1343 1598 1361 :
1617 1344 1626 1360 ι
1644 1335 1705 1368 Quo
1719 1336 1764 1363 ibo

977 1384 992 1403 a
1007 1376 1111 1412 Spiritu
1124 1382 1182 1410 tuo,
1201 1383 1226 1405 et
1241 1385 1295 1412 quo
1310 1385 1324 1405 a
1341 1378 1409 1406 faeie
1425 1383 1471 1406 tua
1487 1379 1606 1414 fugiam?
1623 1381 1652 1408 Si
1666 1388 1763 1408 ascen-

977 1422 1042 1449 dero
1056 1423 1083 1450 in
1095 1423 1207 1454 cmlum,
1223 1428 1250 1450 tu
1267 1424 1322 1450 illic
1339 1432 1368 1451 es
1386 1432 1392 1450 :
1414 1425 1437 1452 si
1456 1424 1624 1453 descendero
1638 1427 1664 1453 in
1682 1426 1765 1454 infer-

976 1474 1053 1501 num,
1072 1467 1156 1494 ades:
1175 1467 1197 1495 si
1214 1475 1356 1502 sumpsero
1370 1476 1474 1503 pennas
1492 1477 1566 1498 meas
1584 1470 1718 1505 diluculo,
1735 1461 1763 1498 et

977 1511 1135 1539 lxabitavero
1153 1512 1180 1539 in
1195 1513 1325 1540 extremis
1350 1513 1444 1547 maris,
1470 1515 1570 1542 etenim
1587 1515 1651 1543 illuc
1665 1524 1763 1544 manus

975 1563 1022 1586 tua
1041 1558 1156 1586 deducet
1175 1566 1217 1586 me
1229 1579 1236 1592 ,
1257 1562 1283 1586 et
1299 1559 1401 1587 tenebit
1427 1568 1470 1587 me
1496 1561 1608 1588 dextera
1633 1566 1678 1588 tua
1695 1563 1728 1590 ⁸⁵.
1749 1573 1759 1588 ι

134 1609 229 1644 δημῶν
247 1596 352 1640 οὐδενὸς
369 1596 566 1640 ἀπανίσταται,
586 1607 623 1639 ὡς
643 1596 689 1634 ἐπὶ
701 1607 787 1642 τούτῳ
803 1607 850 1634 καὶ
865 1606 925 1635 λίαν

976 1604 1090 1633 Omnem
1107 1605 1179 1633 enim
1202 1605 1291 1633 locum
1314 1610 1341 1634 et
1362 1614 1470 1635 omnem
1498 1611 1652 1635 creaturam
1668 1609 1760 1637 divina

135 1655 248 1687 εἰκότως
261 1654 490 1690 ἀποθαυμάζοντα
501 1654 590 1688 λέγειν
602 1654 647 1680 τὸν
664 1653 817 1688 σοφώτατον
829 1653 925 1689 Μελῳ-

135 1702 189 1729 δόν-
205 1711 214 1728 ι
224 1701 279 1729 Ποῦ
296 1701 420 1737 πορευοῶ
435 1701 488 1728 ἀπὸ
505 1701 551 1728 τοῦ
560 1701 719 1735 Πνεύματός
735 1708 792 1733 σου,
808 1700 854 1726 καὶ
870 1699 926 1727 ἀπὸ

133 1748 181 1776 τοῦ
198 1747 345 1784 προσώπου
366 1756 412 1774 σου
435 1747 486 1774 ποῦ
504 1747 601 1781 exire);
633 1746 695 1773 Ἐὰν
709 1746 801 1773 ἀναὸὦ
820 1746 860 1778 είς
878 1745 925 1773 τὸν

134 1794 259 1830 οὖρανδν,
274 1795 306 1820 σὺ
318 1791 342 1820 εί
355 1795 413 1820 ἐκεῖ
423 1801 430 1808 ·
444 1794 491 1820 ἐὰν
502 1793 614 1820 καταϐῶ
626 1793 665 1825 είς
679 1793 724 1819 τὸν
740 1792 818 1828 ᾅδην,
829 1792 922 1828 πάρει’

134 1840 323 1868 ἱὰνάναλάΰω
348 1840 397 1872 τὰς
421 1839 561 1875 πτέρυγάς
588 1847 638 1874 μου
659 1838 718 1865 κατ’
739 1838 852 1874 δρθρον,
878 1837 925 1864 καὶ

135 1885 341 1920 κατασκηνώσω
355 1886 395 1918 εἰς
412 1885 446 1912 τὰ
459 1885 560 1920 ἔσχατα
576 1885 625 1920 τῆς
639 1885 787 1919 Θαλάσσης,
812 1884 859 1911 καὶ
871 1884 926 1919 γὰρ

134 1933 193 1959 ἐκεῖ
204 1933 221 1968 ἡ
241 1931 302 1967 χείρ
318 1939 364 1957 σου
377 1930 506 1965 ὁδηγήσει
522 1938 572 1965 με,
586 1929 632 1961 καὶ
644 1928 754 1961 καθέξει
772 1937 804 1963 με
820 1929 836 1963 ὴ
850 1928 925 1961 δεξιά

135 1987 193 2006 σου.
211 1988 220 2005 ι
242 1977 347 2009 Παντὸς
360 1977 413 2013 γὰρ
430 1977 523 2009 τόπου,
541 1976 587 2003 καὶ¹
602 1976 691 2010 πάσης
703 1975 819 2006 κτίσεως
834 1975 850 2010 ὴ
864 1974 924 2000 θεία

134 2023 341 2061 περιδράττεται
356 2023 427 2060 χεὶρ,
447 2022 594 2058 συνέχουσα
615 2021 682 2057 πρὸς
696 2022 726 2048 τὸ
745 2019 860 2048 εἶναιτὰ
875 2029 925 2046 πε-

134 2070 287 2107 ποιημένα,
309 2069 357 2096 καὶ
378 2069 596 2104 περισφίγγουσα
613 2067 680 2103 πρὸς
705 2067 777 2102 ζωὴν
799 2066 833 2093 τὰ
853 2066 924 2102 ζωῆς

132 2117 264 2153 δεόμενα,
285 2116 332 2143 xui.
346 2117 401 2147 τοῖς
416 2115 550 2145 συνέσεως
565 2114 698 2145 δεκτικοῖς
720 2114 750 2139 τὺ
767 2113 861 2148 νοητὸν
882 2113 924 2139 ἐν·

135 2164 285 2199 σπείρουσα
301 2162 369 2198 φῶς.
385 2163 463 2189 Ἔστι
475 2161 503 2188 δὲ
518 2161 568 2188 οὐκ
587 2161 616 2187 ἐν
631 2161 716 2196 τόπῳ,
735 2159 860 2195 καθάπερ
874 2159 923 2195 ήδη

132 2210 313 2245 προείπομεν,
326 2208 385 2235 οὐδὲ
399 2208 447 2244 τὴν
459 2207 642 2243 μεταϐατικὴν
658 2206 786 2242 ὑπομένει
800 2206 905 2241 κίνησιν
915 2213 921 2220 ’

974 1660 1073 1680 manus
1096 1653 1305 1688 complectitur,
1325 1655 1471 1682 continens
1491 1660 1519 1682 et
1540 1663 1710 1684 conservans
1733 1657 1761 1684 in

974 1707 1026 1727 suo
1039 1707 1103 1728 esse
1125 1707 1170 1728 res
1187 1705 1294 1728 creatas
1307 1721 1315 1734 ,
1340 1706 1367 1728 et
1386 1701 1468 1728 vitam
1489 1701 1636 1729 infundens
1651 1702 1684 1729 iis
1700 1710 1762 1738 qua:

974 1746 1030 1774 vita
1045 1750 1158 1780 carent,
1176 1751 1204 1774 et
1220 1747 1407 1782 intelligentiae
1423 1748 1571 1783 capacibus
1588 1748 1762 1776 intellectua-

973 1792 1025 1820 lem
1041 1792 1130 1820 lucem
1146 1793 1279 1821 inserens.
1299 1793 1359 1820 Non
1375 1798 1418 1822 est
1433 1797 1525 1821 autem
1548 1794 1575 1821 in
1591 1794 1651 1822 loco
1663 1814 1670 1827 ,
1690 1795 1761 1822 sicut

973 1843 1053 1866 antea
1070 1839 1200 1871 diximus,
1216 1846 1267 1867 nec
1281 1840 1308 1867 in
1323 1847 1385 1868 eum
1402 1839 1475 1867 cadit
1490 1844 1582 1868 motus
1602 1840 1698 1868 iocalis
1711 1842 1721 1876 (
1734 1841 1760 1868 id

972 1884 1044 1911 enim
1071 1885 1210 1919 proprium
1236 1889 1279 1912 est
1301 1884 1478 1920 corporum),
1494 1885 1542 1912 sed
1560 1885 1653 1911 omnia
1669 1886 1761 1920 potius

973 1928 1083 1963 implet,
1099 1933 1128 1956 ut
1145 1928 1226 1956 Deus.
1241 1929 1293 1956 Sed
1308 1929 1341 1956 ad
1360 1929 1417 1956 haec
1435 1929 1527 1956 forsan
1542 1929 1616 1956 dicet
1634 1929 1734 1965 aliquis
1751 1939 1758 1957 :

974 1974 1043 2007 Quid
1061 1971 1126 2009 ergo
1145 1975 1306 2009 responsuri
1324 1982 1440 2006 sumus,
1457 1982 1474 2001 o
1488 1974 1574 2008 bone,
1592 1974 1614 2002 si
1635 1975 1698 2010 quis
1718 1975 1761 2002 lo-

974 2025 1100 2054 quentem
1112 2019 1253 2047 Christum
1269 2020 1348 2047 nobis
1364 2020 1391 2047 in
1405 2019 1526 2047 medium
1538 2020 1635 2048 afferat
1648 2029 1655 2048 :
1678 2030 1688 2046 ι
1703 2020 1760 2056 Ego

974 2067 1020 2094 lux
1036 2066 1063 2093 in
1078 2065 1208 2093 mundum
1224 2066 1284 2093 veni
1298 2066 1331 2092 ⁸⁸.
1345 2075 1354 2091 ι
1373 2065 1444 2099 Quid
1458 2073 1523 2093 vero
1538 2073 1600 2093 cum
1613 2065 1760 2094 Psalmista

973 2113 1084 2143 clamat,
1099 2121 1108 2137 ι
1124 2111 1317 2138 Emitteluccm
1327 2115 1412 2144 tua‘m,
1423 2115 1449 2138 et
1459 2111 1600 2138 veritatem
1611 2115 1685 2138 tuam
1698 2112 1731 2140 ⁸⁷.
1749 2122 1758 2138 ι

965 2157 1044 2193 Ecce
1062 2158 1134 2185 enim
1150 2158 1209 2193 ipse
1231 2157 1276 2184 hic
1292 2161 1387 2192 aperte
1404 2157 1442 2184 ait
1464 2164 1494 2185 se
1515 2157 1542 2184 in
1560 2157 1691 2184 mundum
1711 2165 1760 2185 ve-

974 2205 1067 2236 uisse,
1091 2207 1121 2230 ut
1144 2203 1190 2239 qui
1215 2211 1268 2230 non
1293 2208 1366 2231 esset
1389 2204 1416 2230 in
1442 2204 1502 2239 ipso
1525 2203 1665 2231 nimirum.
1690 2203 1759 2231 Mitti

134 2253 270 2289 σωμάτων
292 2252 347 2288 γὰρ
363 2252 429 2279 ἴδιον
447 2252 526 2278 τοῦτό
543 2260 591 2285 γε·
616 2251 713 2286 πληροῖ
727 2251 755 2276 δὲ
780 2250 879 2286 μᾶλλον
891 2251 923 2277 τὰ

976 2254 1068 2277 autem
1083 2257 1191 2277 rursum
1206 2249 1289 2276 David
1305 2249 1419 2284 rogabat
1435 2257 1496 2277 eum
1511 2250 1556 2284 qui
1573 2250 1626 2285 77
1638 2251 1758 2278 nondum

133 2299 222 2326 πάντα
234 2298 272 2330 ὡς
287 2298 365 2329 Θεός.
387 2298 457 2324 Ἀλλ’
472 2299 530 2333 ὲρεί
543 2306 583 2329 τις
595 2297 664 2332 πρὸς
679 2297 765 2324 ταῦτα
779 2297 857 2332 τυχόν
870 2305 876 2312 ·
891 2297 922 2322 Τί

133 2342 180 2371 οὖν
195 2351 301 2379 φαμεν,
324 2340 346 2370 ὦ
362 2344 467 2377 γενναῖε
477 2364 484 2374 ,
506 2343 570 2369 ὅταν
583 2351 625 2374 τις
638 2343 704 2377 ἡμῖν
719 2343 757 2373 εἰς
774 2342 856 2377 μέσον
870 2342 923 2377 ἄγῃ

133 2390 249 2424 λέγοντα
262 2388 308 2415 τὸν
321 2388 446 2424 Χριστόν
460 2397 468 2413 ι
481 2387 552 2420 Ἐγὼ
566 2387 623 2422 φῶς
638 2388 678 2418 εἰς
692 2387 737 2414 τὸν
752 2387 852 2422 κόσμον
864 2387 923 2422 ἐλή-

133 2435 200 2463 λυθα
211 2444 236 2470 ς»
251 2436 285 2462 Τί
299 2436 328 2462 δὲ
343 2436 406 2463 ὅταν
420 2437 434 2462 6
445 2435 597 2471 Ψαλμῳδὺς
613 2435 826 2470 ἁναφθέγγηται·
841 2445 850 2461 ι
866 2435 924 2468 Ἐξ-

135 2482 294 2509 απόστειλον
309 2485 339 2509 τὸ
352 2483 408 2517 φῶς
421 2491 478 2515 σου,
494 2482 540 2509 καὶ
554 2482 602 2517 τὴν
613 2481 740 2517 ἀλήθειάν
758 2490 804 2508 σου
817 2491 840 2514 ς»
859 2481 924 2508 Ἰδοὺ

135 2530 189 2565 γὰρ
205 2529 300 2556 ἐνθάδε
325 2528 417 2563 σαφῶς
435 2528 514 2559 αὐτὸς
535 2528 585 2562 μὲν
609 2527 766 2563 ἐληλυθέναι
789 2527 870 2562 φησιν
886 2527 926 2558 είς

135 2575 180 2602 τδν
192 2575 306 2610 κόσμον,
321 2574 359 2606 ὼς
369 2574 419 2600 οὐκ
434 2573 470 2600 ὢν
485 2574 513 2599 ἐν
523 2572 597 2607 αὐτῷ
609 2573 729 2608 δηλονότι
746 2582 752 2588 ·
768 2571 925 2608 πέμπεσθαι

135 2621 163 2648 δὲ
188 2620 269 2648 πάλιν
291 2614 306 2647 ὖ
325 2619 451 2654 Μελῳδδς
473 2618 596 2654 ἐλιπάρει
619 2618 663 2645 τὸν
686 2617 762 2645 οὔπω
793 2618 924 2653 παρόντα,

136 2667 207 2695 κατά
229 2675 262 2701 γε
283 2665 315 2692 τὺ
342 2666 371 2692 ὲν
385 2665 423 2701 τῷ
437 2664 509 2700 λόγῳ
523 2664 629 2699 σχῆμα,
656 2664 767 2699 καὶτῆς
791 2664 828 2695 ὡς
852 2664 926 2698 ἡμᾶς

137 2711 289 2748 ἀποστολῆς
299 2710 350 2747 τὴν
366 2711 496 2746 ἔμφασιν.
522 2710 594 2745 Πρὸς
608 2710 640 2745 δὴ
653 2710 687 2736 τὰ.
699 2709 811 2737 τοιαῦτά
825 2717 925 2744 φαμεν,

136 2758 176 2786 δτι
200 2757 241 2794 τῷ
261 2757 410 2791 Μονογενεί
437 2755 586 2790 θεοπρεπὲς
609 2755 718 2791 ἀξίωμα
740 2755 888 2790 περιτιθεὶς
913 2755 927 2780 6

136 2803 276 2838 θεολόγος,
299 2802 329 2828 ὲν
343 2800 383 2837 τῷ
404 2801 500 2837 κόσμῳ
516 2800 596 2837 φησὶν
618 2800 676 2833 ἀεὶ,
704 2800 750 2827 καὶ
766 2800 810 2827 διὰ
827 2799 926 2831 παντὸς

976 2296 1088 2329 aderat,
1113 2299 1142 2322 ut
1162 2299 1272 2322 constat
1294 2303 1327 2322 ex
1353 2295 1481 2330 loquendi
1500 2294 1637 2329 formula,
1657 2299 1684 2323 et
1701 2296 1758 2331 ipsa

977 2342 1118 2369 missionis
1136 2341 1168 2369 ad
1185 2349 1235 2369 nos
1250 2341 1462 2376 significatione.
1477 2341 1516 2368 Ad
1536 2341 1591 2368 haec
1612 2342 1761 2376 responde-

977 2395 1038 2415 mus
1056 2387 1214 2422 theologum
1242 2385 1392 2422 Unigenito
1409 2387 1569 2422 dignitatem
1585 2386 1639 2414 Deo
1657 2395 1760 2414 conve-

976 2435 1096 2462 nientem
1113 2434 1241 2466 tribuere,
1261 2433 1324 2461 dum
1338 2434 1377 2461 ait
1388 2433 1415 2460 in
1431 2434 1533 2460 mundo
1547 2433 1636 2468 ipsum
1652 2440 1761 2468 semper

976 2481 1128 2512 exsistere,
1143 2485 1171 2507 ut
1186 2480 1266 2507 vitam
1283 2488 1331 2515 per
1348 2483 1491 2510 naturam,
1511 2483 1540 2505 ut
1558 2479 1645 2506 lucem
1663 2486 1761 2506 secun-

977 2526 1040 2554 dum
1077 2523 1278 2558 substantiam,
1313 2526 1499 2561 perﬁcientem
1526 2530 1700 2557 creaturam,
1731 2530 1760 2553 ut

976 2571 1061 2604 Deum
1073 2592 1079 2604 ,
1102 2579 1156 2598 non
1174 2571 1234 2598 loco
1252 2564 1494 2605 circumscriptum
1505 2591 1511 2602 ,
1532 2577 1585 2598 non
1600 2571 1695 2605 spatiis
1710 2571 1761 2598 de-

978 2617 1101 2650 finitum,
1123 2625 1177 2644 non
1197 2617 1351 2652 quantitate
1370 2618 1536 2648 coercitum,
1559 2623 1613 2643 non
1633 2617 1667 2644 ab
1684 2617 1759 2650 ullo,

978 2669 1007 2691 ut
1021 2664 1103 2691 verbo
1116 2663 1205 2691 dicam
1218 2684 1225 2696 ,
1237 2663 1477 2698 comprehensum,
1496 2669 1585 2697 neque
1597 2661 1641 2689 cui
1655 2669 1687 2688 ex
1705 2670 1761 2689 uno

978 2711 1039 2738 loco
1055 2711 1082 2737 in
1101 2710 1184 2737 alium
1207 2709 1348 2736 incumbat
1371 2709 1505 2744 migrandi
1528 2708 1693 2740 necessitas,
1713 2708 1762 2735 sed

977 2756 1023 2791 qui
1047 2762 1169 2790 praesens
1194 2754 1231 2782 sit
1250 2754 1396 2785 omnibus.
1420 2761 1472 2781 nee
1492 2753 1527 2782 ab
1546 2754 1601 2781 ullo
1621 2753 1702 2781 absit.
1725 2755 1762 2782 Se

977 2805 1067 2828 autem
1091 2801 1118 2827 in
1143 2799 1275 2827 mundum
1291 2799 1400 2828 venisse
1413 2819 1421 2834 ,
1441 2799 1566 2835 quamvis
1588 2804 1709 2834 praesens
1725 2798 1763 2826 sit

169 2892 190 2909 "
213 2891 287 2920 Psal.
303 2898 442 2926 cxxxvln,
459 2890 539 2922 1-H).
577 2890 600 2907 ⁸⁶
618 2889 697 2919 Joan.
719 2898 774 2924 xu,
792 2891 836 2918 46.
875 2891 897 2908 ⁸⁷
919 2889 925 2918 1

975 2890 990 2917 |.
1009 2897 1082 2922 xm,
1099 2889 1125 2916 5.
