2030 3122
271 167 318 195 131

783 164 812 193 S.
826 163 966 192 CYRILLI
979 162 1224 192 ALEXANDRINI.
1242 163 1402 192 ARClllEP.

1846 167 1896 197 132

270 228 298 254 tn
323 233 367 259 eo,
381 224 553 253 continuavit
576 224 683 252 ratione
705 224 914 252 incarnationis.
941 233 950 249 ι
975 222 1052 251 Visus

1110 224 1241 260 ὑπάρχειν
1255 225 1346 258 αὐτὸν,
1366 225 1402 257 ὡς
1416 225 1487 262 ζωὴν
1502 226 1571 254 κατὰ
1588 226 1669 261 φύσιν
1679 247 1686 260 ,
1703 227 1741 260 ὡς
1754 227 1812 262 φῶς
1836 227 1894 254 κατ’

269 273 341 300 enim
358 275 400 300 est
420 272 448 298 in
468 275 557 303 terra,
574 273 602 298 et
620 277 683 297 cum
705 270 864 297 hominibus
879 273 1059 297 conversatus

269 323 311 346 est
325 318 348 334 ⁸⁵
359 337 367 350 ,
383 327 392 344 ι
410 325 470 344 cum
491 324 575 344 carne
587 316 722 347 videlicet,
740 315 958 342 manifestiorem
979 314 1058 343 nobis

270 372 347 391 suam
363 363 536 398 praesentiam
556 362 606 389 hoc
619 366 700 397 pacto
711 361 831 389 efficiens
841 382 848 394 ,
863 365 891 388 et
906 361 953 396 qui
969 368 1058 396 quon—

270 410 332 437 dam
359 411 419 438 solo
444 409 582 437 intellectu
612 407 808 444 comprehendi
833 411 965 442 poterat,
989 407 1058 442 ipsis

270 463 379 491 quoque
400 464 473 483 nunc
496 455 623 491 corporis
645 454 735 482 oculis
759 458 907 489 perceptus
934 454 1056 481 crassio<

270 510 348 535 rem,
373 506 402 529 ut
426 503 462 528 ita
488 501 597 533 dicam,
626 500 793 535 cognitionis
818 500 919 527 divinae
944 506 1056 527 sensum

270 549 351 576 nobis
370 548 462 575 intulit
477 548 541 575 dum
561 555 610 581 per
630 546 764 574 miracula
783 549 810 573 et
831 545 955 582 prodigia
976 544 1057 573 nobis

271 599 312 622 est
327 595 445 629 agnitus.
462 592 517 620 Nec
533 593 585 619 alia
601 593 716 625 ratione,
732 595 761 619 ut
776 591 913 622 existimo,
934 591 1004 618 mitti
1022 590 1056 618 ad

270 647 322 666 nos
352 639 398 666 Dei
431 638 550 666 Verbum
575 640 707 665 mundum
735 638 809 665 hunc
838 637 1055 664 illuminaturum

269 683 420 710 Psalmista
437 683 561 718 rogabat.
575 683 641 710 Illud
654 683 768 718 insuper
781 682 1054 710 animadvertendum

268 729 411 760 existimo,
431 729 559 756 nimirum
577 728 650 763 quod
669 728 743 755 omni
761 735 889 756 sermone
908 735 986 755 mens
1007 735 1055 762 pe-

268 775 431 802 netrabilior
459 780 500 802 est
514 795 521 807 ,
544 778 571 801 et
595 775 693 802 mentis
709 777 800 802 motus
822 774 914 809 lingua
936 775 1053 801 acutior.

268 821 362 857 Igitur,
381 821 481 848 mentis
496 821 645 848 Subtilitate
660 824 686 848 et
706 821 832 849 acumine
846 840 854 853 ,
872 821 976 847 variant
993 820 1055 854 qui-

267 868 328 894 dem
344 872 446 894 natura:
459 867 559 893 divinae
573 866 807 900 pulchritudinem
822 866 1052 900 contemplamur,

268 913 314 939 sed
323 913 356 939 de
368 913 426 947 ipsa
441 912 560 939 humano
572 911 654 938 modo
664 915 690 938 et
703 915 799 939 nostro
812 917 888 937 more
901 910 1050 945 loquimur,
1067 900 1088 929 Β

267 966 328 986 cum
351 959 423 985 illius
444 958 567 985 veritatis
588 965 722 985 cacumen
748 957 860 992 assequi
880 956 974 991 lingua
999 963 1053 983 non

267 1005 362 1039 possit.
390 1004 509 1038 Ideoque
536 1003 638 1031 Paulus
659 1004 705 1030 ille
733 1002 927 1038 mysteriorum
955 1001 1053 1028 Salva-

267 1052 335 1078 toris
352 1050 547 1084 dispensator,
573 1056 728 1076 sermonem
751 1049 860 1084 petebat
893 1055 908 1074 a
942 1047 998 1076 Deo
1019 1047 1053 1075 ad

266 1097 442 1132 aperiendum
466 1103 498 1123 os
522 1103 602 1123 suum
621 1095 656 1122 ⁶⁹.
674 1095 746 1122 Nihil
760 1102 825 1130 ergo
840 1094 960 1122 naturali
980 1093 1051 1121 Uni-

265 1144 350 1179 geniti
367 1143 493 1178 dignitati
513 1143 640 1170 detrahet
661 1146 762 1170 nostra:
787 1142 922 1169 orationis
943 1141 1051 1176 inopia,

265 1188 311 1217 sed
329 1189 421 1216 omnia
441 1188 473 1215 de
491 1188 560 1222 ipso,
577 1193 626 1222 pro
640 1195 674 1215 eo
695 1194 727 1214 ac
747 1186 831 1215 Deum
847 1187 936 1221 decet,
951 1187 1052 1214 intelli-

265 1238 378 1271 gentur;
399 1241 460 1269 quae
475 1241 540 1262 vero
556 1241 670 1261 necesse
689 1237 733 1261 est
753 1233 866 1268 eloqui,
883 1240 915 1260 ea
931 1232 1052 1260 humano

265 1288 341 1309 mOre
353 1281 480 1313 dicentur
492 1300 500 1312 ,
523 1288 585 1308 cum
607 1280 642 1307 ab
665 1280 725 1315 ipso
743 1284 853 1314 propter
870 1286 920 1306 nos
935 1297 942 1310 ,
963 1283 1020 1305 tum
1035 1285 1051 1305 a

265 1327 370 1354 sanctis
387 1326 420 1352 de
435 1326 494 1360 ipso
506 1345 514 1358 ,
536 1332 585 1360 pro
599 1325 709 1352 modulo
726 1330 832 1351 natura:
845 1327 957 1351 nostra.
971 1322 1052 1349 Sulli-

264 1376 358 1399 cerent
374 1371 484 1406 quidem
498 1379 528 1398 ea
542 1378 604 1405 quae
618 1370 752 1398 hactenus
770 1370 892 1397 diximus
908 1369 941 1396 ad
957 1376 1050 1396 rerum

263 1417 467 1452 propositarum
486 1417 717 1452 explicationem:
737 1416 784 1444 sed
804 1415 933 1450 quoniam
954 1414 1052 1442 decere

264 1458 402 1496 arbitror,
420 1467 450 1490 ut
472 1463 606 1491 desidiam
628 1463 722 1490 vincat
743 1462 865 1489 calamus
884 1461 986 1488 divinis
1001 1460 1051 1487 do-

263 1510 363 1543 gmatis
381 1509 550 1542 inserviens,
569 1509 683 1544 agedum
705 1509 792 1544 ipsam
810 1507 952 1535 lectionem
970 1513 1052 1534 accu-

263 1556 352 1582 ratius
377 1556 597 1590 perpendamus,
624 1554 762 1590 quomodo
789 1553 921 1582 nimirum
951 1559 1085 1599 conve-c

263 1603 370 1629 nienter
389 1602 556 1636 intelligatur
579 1601 612 1629 de
634 1601 744 1628 homine
760 1599 846 1634 illud,
867 1609 877 1626 ‹
893 1598 1049 1627 Venientem

263 1648 291 1675 in
307 1648 380 1675 hunc
393 1648 535 1674 mundum.
550 1657 559 1674 ι
577 1647 605 1674 ln
618 1647 678 1682 ipso
692 1648 763 1674 enim
773 1651 832 1674 erat
843 1646 899 1678 lux,
910 1646 982 1674 sicut
993 1645 1050 1680 ipse

263 1701 372 1728 quoque
390 1693 470 1721 nobis
496 1693 551 1728 73
568 1697 686 1720 testatus
700 1696 742 1720 est
756 1691 924 1727 evangelista
936 1710 944 1723 .
962 1697 1050 1726 neque

266 1746 276 1763 ι
286 1738 438 1765 venientem
451 1737 478 1764 in
493 1738 566 1765 hunc
581 1737 722 1768 mundum,
735 1736 768 1764 ad
785 1737 872 1764 lucem
891 1735 1047 1768 referimus,

263 1782 311 1810 sed
330 1782 363 1809 ad
386 1782 525 1809 hominem
541 1782 587 1817 qui
607 1782 790 1810 illuminatur.
808 1781 892 1808 Aiunt
903 1789 968 1816 ergo
981 1788 1050 1808 non-

263 1828 350 1861 nulli,
373 1836 407 1855 ex
422 1828 503 1855 corde
517 1835 567 1855 suo
582 1832 740 1856 eructantes
760 1832 786 1856 et
799 1835 854 1855 non
873 1836 906 1855 ex
926 1835 974 1855 ore
995 1827 1049 1855 Do-

243 1873 352 1905 rmini,
376 1873 458 1902 sicuti
483 1874 619 1908 scriptum
641 1874 737 1906 est”,
762 1877 909 1909 antequam
932 1880 1050 1908 corpora

262 1920 467 1953 conderentur,
497 1920 525 1948 in
551 1921 622 1947 caelo
646 1919 731 1948 fuisse
753 1921 895 1948 hominum
920 1921 1048 1953 animas,

263 1966 343 2001 longo
356 1970 479 2000 tempore
497 1965 525 1993 in
543 1966 705 2001 incorporea
724 1966 856 1994 felicitate
871 1966 1048 1998 constitutas,

260 2016 288 2038 et
303 2019 367 2039 vero
381 2012 453 2039 bono
468 2012 564 2047 purius
580 2012 704 2040 fruentes
725 2022 731 2040 :
758 2012 805 2040 sed
822 2012 944 2040 melioris
966 2012 1049 2040 sortis

261 2058 386 2086 satietate
405 2065 438 2085 ac
457 2057 605 2086 deterioris
618 2059 790 2093 cupiditate,
815 2059 849 2085 ad
866 2062 1048 2093 praposteras

260 2104 441 2139 cogitationes
462 2109 489 2131 et
506 2104 671 2139 cupiditates
684 2112 746 2132 esse
761 2104 897 2139 delapsas.
921 2103 1050 2139 indigna-

260 2151 317 2174 tum
337 2147 400 2182 jure
416 2147 546 2182 Opilicem
557 2169 564 2181 ,
580 2156 627 2175 eas
642 2148 752 2182 quidem
768 2148 795 2175 in
814 2147 946 2175 mundum
961 2147 1049 2176 mitte-

259 2198 299 2224 re,
314 2196 341 2219 et
356 2192 518 2226 corporibus
534 2192 683 2226 implicitas
694 2212 701 2225 ,
723 2196 750 2219 et
770 2191 804 2219 ad
822 2191 964 2220 ferendum
977 2200 1048 2220 onus

260 2282 443 2317 cupiditatum
459 2282 580 2309 inclusas
598 2283 657 2317 ipso
673 2283 861 2318 experimento
875 2291 922 2311 eas
937 2284 1046 2317 docere,

262 2336 343 2364 quam
358 2328 486 2356 acerbum
511 2328 547 2355 sit
573 2329 601 2355 in
621 2328 699 2363 pejus
715 2328 878 2361 deﬂectere,
899 2332 926 2357 et
942 2333 1047 2356 rectum

262 2373 341 2401 nihili
356 2373 456 2401 facere.
482 2373 524 2400 Ad
548 2373 727 2401 astruendum
749 2380 814 2401 vero
829 2377 884 2400 tam
898 2373 1045 2401 ridiculum

260 2426 341 2446 suum
357 2422 541 2445 commentum
554 2438 561 2450 ,
587 2418 705 2453 primum
723 2418 846 2447 omnium
867 2419 957 2446 locum
971 2419 1045 2446 hunc

259 2464 434 2499 evangelistae
452 2463 589 2498 arripiunt
607 2474 614 2492 :
640 2473 649 2490 ι
664 2462 727 2491 Erat
741 2464 787 2495 lux
802 2472 884 2499 vera,
906 2473 966 2501 quae
984 2466 1045 2494 illu-

261 2510 347 2538 minat
365 2517 473 2538 omnem
494 2509 632 2537 hominem
650 2510 803 2538 venientem
824 2511 851 2538 in
875 2511 949 2539 hunc
965 2519 1046 2538 mun-

259 2556 344 2587 dum;
359 2564 370 2581 ι
385 2554 485 2582 deinde
507 2555 567 2595 alia
581 2555 705 2591 quaedam
721 2563 754 2584 ex
772 2555 916 2592 Scriptura
931 2556 1023 2584 divina
1037 2577 1045 2590 ,

260 2600 416 2636 cujusmodi
431 2604 473 2629 est
487 2601 574 2629 illud:
594 2611 603 2627 ι
620 2601 782 2638 Priusquam
799 2602 972 2637 humiliarer,
995 2610 1045 2638 ego

260 2647 417 2682 deliqui“;
447 2656 455 2674 ι
493 2655 543 2676 nec
575 2649 636 2677 illos
673 2656 729 2677 suae
762 2649 846 2685 pudet
878 2649 1045 2685 nugacitatis

259 2698 325 2721 dum
343 2693 430 2728 aiunt,
454 2693 525 2722 Ecce
552 2699 696 2730 antequam
725 2696 931 2736 humiliaretur,
956 2696 985 2723 id
1004 2699 1047 2724 est

259 2744 405 2775 antequam
422 2747 538 2777 corpore
555 2741 760 2776 includeretur,
784 2749 814 2770 se
836 2742 987 2777 deliquisse
1006 2742 1046 2769 fa-

259 2789 333 2814 tetur
350 2786 442 2814 anima
454 2807 462 2821 ,
478 2791 561 2823 atque
578 2788 682 2816 idcirco
695 2788 758 2824 jure
776 2788 875 2817 merito
899 2796 929 2817 se
955 2787 1045 2816 humi-

1109 269 1203 296 οὐσίαν
1213 290 1220 302 ,
1248 270 1405 307 πληροῦντα
1420 271 1468 307 τὴν
1483 272 1587 305 κτίσιν,
1609 273 1646 304 ὼς
1665 273 1730 300 Θεὸν
1740 292 1748 305 ,
1774 273 1804 300 οὐ
1820 273 1895 308 τόπῳ

1108 317 1295 352 περιγραπτὸν
1305 339 1313 350 ,
1328 318 1359 344 οὐ
1374 318 1539 354 διαστήμασι
1556 320 1707 355 μετρητὸν,
1722 320 1753 347 οὐ
1768 319 1893 354 ποσότητι

1107 362 1279 397 καταληπτὸν
1290 382 1298 395 ,
1321 362 1352 389 οὐ
1367 363 1394 389 δὲ
1409 363 1462 389 ὑπό
1481 372 1552 395 τινος
1568 364 1636 395 ὅλως
1653 364 1893 399 ἐμπεριεχόμενον,

1106 407 1166 434 οὺδέ
1184 407 1360 443 μεταϐάσεως
1376 409 1425 444 τῆς
1449 409 1489 441 εἰς
1503 409 1585 436 τόπον
1608 411 1640 436 ἐκ
1656 410 1737 436 τόπου
1757 409 1892 446 δεόμενον.

1107 453 1164 481 ἀλλ’
1179 454 1304 489 ἐνδημεῖν
1326 455 1375 490 μὲν
1388 455 1488 482 ἅπασιν
1499 476 1506 488 ,
1521 455 1756 490 ἀπολιμπάνεσθαι
1768 456 1796 483 δὲ
1813 455 1893 491 μηδε-

1107 499 1160 530 νός.
1185 499 1356 536 Ἐληλυθέναι
1376 501 1404 528 δὲ
1421 501 1516 528 ἑαυτὸν
1533 502 1561 528 ὲν
1581 502 1676 537 κόσμῳ
1698 501 1893 537 διῖσχυρίσατο,

1107 544 1195 571 καίτοι
1211 544 1307 581 παρὼν
1322 546 1350 572 ἐν
1364 546 1439 582 αὐτῷ
1454 547 1524 574 κατὰ
1536 547 1582 574 τὸν
1596 548 1645 583 τῆς
1660 547 1892 582 ἐνανθρωπήσεως

1105 590 1216 625 τρόπον.
1242 599 1251 617 ι
1268 591 1357 626 Ὠφθη
1376 591 1430 627 γάρ
1446 592 1491 619 ἐπὶ
1505 592 1554 627 τῆς
1568 592 1634 627 γῆς,
1651 592 1698 620 καὶ
1714 593 1769 624 τοῖς
1788 591 1892 627 ἀνθρὼ-

1106 644 1167 668 ποις
1189 638 1394 673 συνανεστράφη
1414 647 1424 664 ι
1451 638 1520 673 μετά
1541 638 1659 674 σαρκὸς,
1687 638 1892 673 ἐμφανεστέραν

1106 681 1204 709 ἑαυτοῦ
1224 682 1272 718 τὴν
1296 683 1324 710 ἐν
1345 685 1440 720 κόσμῳ
1457 684 1606 720 παρουσίαν
1627 683 1671 711 διὰ
1686 684 1780 710 τούτου
1797 683 1891 716 τιθεὶς,

1107 728 1153 754 καὶ
1167 729 1181 754 ό
1197 728 1282 755 πάλαι
1293 730 1384 765 νοήσει
1397 730 1570 766 καταληπτὸς
1580 751 1588 763 ,
1605 731 1651 757 καὶ
1665 730 1756 762 αὐτοῖς
1770 729 1820 766 ήδη
1837 731 1892 761 τοῖς

1104 772 1151 799 τοῦ
1174 772 1297 808 σώματος
1311 774 1447 810 ὁρώμενος
1472 767 1631 810 ὀφθαλμοῖς,
1648 775 1819 811 παχυτέραν,
1851 776 1893 802 ἵνα

1104 818 1190 851 οὕτως
1204 820 1284 853 εἴπω,
1294 821 1342 855 τῆς
1359 821 1521 855 θεογνωσίας
1534 823 1599 857 ήμίν
1611 821 1724 848 ἐνετίθει
1740 822 1788 857 τὴν
1800 821 1893 856 αἰσθη-

1106 874 1158 897 σιν,
1179 865 1222 893 διὰ
1252 866 1399 902 θαυμάτων
1429 868 1477 895 καὶ
1498 869 1699 904 μεγαλουργίας
1715 868 1892 902 ἐπιγινωσκό-

1105 919 1194 946 μενος.
1230 912 1453 940 Ἀποστέλλεσθαι
1472 913 1501 940 δέ
1523 914 1559 946 ὼς
1578 915 1652 950 ἡμᾶς
1677 914 1828 949 φωτιοῦντα
1848 913 1892 941 τδν

1104 957 1206 992 κόσμον
1220 958 1266 984 τὸν
1287 957 1335 985 τοῦ
1356 959 1423 986 Θεοῦ
1445 960 1531 994 Λόγον
1544 981 1551 992 ,
1585 961 1599 987 6
1628 960 1753 995 Μελῳδὸς
1773 961 1804 986 οὺ
1830 959 1891 986 καθ’

1103 1002 1196 1038 ἕτερόν
1210 1012 1270 1031 τινα
1286 1004 1398 1039 τρόπον,
1410 1006 1449 1037 ὤς
1461 1005 1493 1040 γέ
1506 1014 1550 1041 μοι
1565 1005 1778 1040 φαίνεται,κατά
1791 1005 1820 1033 δέ
1830 1005 1891 1032 τοῦ-

1102 1058 1148 1077 τον
1167 1050 1246 1077 αὐτὸν
1268 1051 1427 1086 παρεκάλει.
1444 1052 1550 1088 Χρῆναι
1569 1052 1597 1079 δέ
1614 1050 1691 1087 οἶμαι
1716 1051 1784 1087 πρὸς
1804 1051 1891 1088 τούτῳ

1103 1094 1213 1121 κάκεῖνο
1229 1094 1429 1130 διενθυμεῖσθαι
1445 1095 1490 1122 τὸν
1503 1096 1657 1132 φιλομαθῆ,
1674 1097 1714 1123 ὅτι
1728 1097 1828 1128 παντὸς
1842 1096 1891 1132 μὲν

1102 1138 1182 1174 λόγου
1194 1140 1350 1176 τομώτερος
1365 1140 1426 1172 νοῦς
1436 1161 1443 1173 ,
1459 1141 1574 1177 ὀξυτέρα
1584 1142 1612 1169 δὲ
1629 1141 1751 1178 γλώττης
1766 1143 1814 1178 τῆς
1832 1141 1890 1169 δια-

1102 1184 1175 1216 νοίας
1189 1185 1205 1219 ή
1221 1184 1338 1220 κίνησις.
1349 1185 1453 1212 Οὐκοῦν
1467 1187 1529 1213 ὅσον
1540 1184 1608 1223 ἧκεν
1617 1187 1657 1218 εἰς
1666 1187 1817 1222 λεπτότητα
1831 1187 1890 1219 νοῦ,

1102 1231 1149 1257 καὶ
1169 1230 1218 1267 τήν
1242 1231 1332 1265 ὀξεῖαν
1354 1232 1383 1258 ἐν
1405 1232 1480 1267 αὐτῷ
1494 1233 1618 1268 κίνησιν,
1646 1233 1676 1260 τὸ
1696 1233 1816 1260 ποικίλον
1840 1233 1889 1269 τῆς

1102 1275 1177 1309 θείας
1199 1276 1309 1312 φύσεως
1331 1278 1525 1314 κατεθεώμεθα
1549 1279 1665 1311 κάλλος·
1702 1279 1837 1315 λαλοῦμεν
1861 1280 1890 1308 δὲ

1102 1321 1166 1357 περὶ
1180 1322 1263 1358 αὐτῆς
1274 1323 1519 1360 ἀνθρωπινότερον,
1531 1325 1579 1351 καὶ
1588 1325 1660 1360 λόγῳ
1673 1325 1712 1361 τῷ
1729 1325 1790 1352 καθ’
1805 1326 1890 1362 ἡμᾶς,

1101 1367 1150 1394 οὐκ
1166 1367 1282 1404 ἐχούσης
1301 1369 1350 1404 τῆς
1366 1368 1490 1405 γλώττης
1505 1371 1574 1406 πρὸς
1586 1371 1615 1397 τὸ
1629 1371 1678 1406 τῆς
1694 1371 1822 1406 ἀληθείας
1845 1372 1891 1399 ἐκ·

1100 1414 1234 1441 τείνεσθαι
1258 1415 1366 1451 μέτρον.
1395 1417 1441 1443 Διὸ
1466 1417 1498 1453 δὴ
1516 1417 1562 1444 καὶ
1577 1418 1592 1444 6
1610 1417 1716 1450 Παῦλος
1730 1419 1744 1445 6
1765 1419 1818 1446 τῶν
1842 1419 1889 1446 τοῦ

1101 1459 1227 1495 Σωτῆρος
1251 1461 1407 1498 μυστηρίων
1435 1463 1552 1498 ταμίας,
1584 1464 1662 1499 λόγον
1691 1465 1790 1501 ἀπῄτει
1814 1466 1891 1502 παρά

1100 1504 1167 1531 Θεοῦ
1178 1506 1224 1532 τὸν
1233 1507 1262 1532 ἐν
1272 1507 1371 1540 ἀνοίξει
1382 1507 1428 1534 τοῦ
1439 1508 1570 1543 στόματος
1581 1509 1673 1537 αὐτοῦ.
1686 1510 1769 1538 Οὐδὲν
1776 1508 1822 1538 οὖν
1834 1511 1890 1546 ἄρα

1101 1550 1260 1586 λυμανεῖται
1276 1554 1332 1584 τοῖς
1346 1556 1470 1588 φυσικοῖς
1485 1554 1532 1582 τοῦ
1547 1555 1714 1590 Μονογενοῦς
1737 1556 1890 1592 ἀξιώμασιν

1101 1597 1118 1631 ή
1132 1597 1186 1623 τῶν
1200 1597 1266 1634 παρ’
1278 1599 1344 1634 ήμῖν
1356 1599 1442 1633 λόγων
1458 1600 1537 1627 πενία
1547 1621 1555 1634 ,
1582 1601 1649 1628 ἀλλά
1659 1602 1818 1637 νοηθήσεται
1837 1602 1889 1638 μὲν

1101 1642 1259 1679 θεοπρεπῶς
1268 1645 1302 1671 τὰ
1313 1645 1377 1680 περὶ
1388 1645 1469 1672 αὺτοῦ
1477 1666 1484 1678 ,
1493 1645 1674 1682 λαληθήσεται
1684 1646 1712 1673 δὲ
1724 1647 1757 1674 τὰ
1768 1648 1832 1683 περὶ
1841 1647 1892 1683 τὴν

1100 1689 1194 1724 χρείαν
1220 1689 1477 1728 ἀνθρωπινώτερον,
1502 1693 1578 1728 παρά
1600 1701 1631 1719 τε
1650 1692 1732 1720 αὑτοῦ
1754 1693 1787 1720 δι’
1803 1694 1890 1729 ἡμᾶς,

1100 1735 1148 1762 καὶ
1163 1735 1238 1771 παρά
1251 1736 1305 1762 τῶν
1316 1737 1401 1771 ἀγίων
1413 1738 1477 1773 περὶ
1491 1737 1574 1765 αὑτοῦ
1591 1739 1661 1766 κατά
1672 1739 1701 1765 τὸ
1721 1739 1770 1774 τῆς
1781 1739 1891 1774 φύσεως

1102 1779 1211 1820 μέτρον.
1233 1777 1287 1807 Ἦν
1301 1781 1350 1816 μὲν
1367 1778 1412 1808 οὖν
1422 1802 1430 1814 ,
1444 1782 1481 1814 ὡς
1497 1782 1584 1815 ἔοικε,
1599 1783 1655 1814 τοῖς
1670 1783 1825 1818 εἰρημένοις
1838 1783 1890 1818 ἀρ-

1100 1825 1207 1854 κεῖσθαι
1227 1826 1309 1853 καλὸν
1334 1828 1374 1859 εἰς
1398 1827 1447 1863 τὴν
1469 1827 1523 1854 τῶν
1538 1828 1725 1864 προκειμένων
1739 1828 1888 1864 ἐξήγησιν·

1100 1871 1233 1908 ἐπειδὴδὲ
1244 1870 1320 1907 οἶμαι
1335 1874 1483 1909 προσήκειν
1497 1873 1576 1901 δχνου
1593 1874 1723 1909 φέρεσθαι
1745 1874 1889 1909 κρείττονα

1099 1916 1144 1942 τὸν
1156 1918 1212 1948 τοῖς
1224 1916 1306 1949 θείοις
1322 1917 1453 1952 δόγμασιν
1468 1916 1656 1953 ὑπηρετοῦντα
1673 1917 1807 1953 κάλαμον,
1822 1916 1888 1952 φέρι

1100 1961 1182 1988 πάλιν
1200 1962 1266 1989 αὐτὸ
1280 1962 1447 1998 παραθέντες
1465 1963 1495 1989 τὺ
1509 1963 1675 1998 ἀνάγνωσμα
1698 1962 1888 1998 βασανίσωμεν

1099 2006 1307 2042 ἀκριεέστερον,
1322 2007 1380 2039 πῶς
1395 2007 1428 2034 ἀν
1442 2009 1528 2035 νοοῖτο
1547 2007 1618 2034 κατά
1628 2007 1673 2035 τὸν
1691 2008 1830 2043 πρέποντα
1844 2007 1887 2034 λόσ

1100 2060 1147 2086 γον
1163 2052 1209 2078 τοῦ
1222 2052 1368 2088 ἀνθρώπου
1383 2052 1630 2089 κατηγορούμενον,
1642 2054 1682 2087 τὸ,
1699 2062 1708 2079 ι
1727 2053 1890 2090 Ἐρχόμενον

1100 2098 1138 2130 εἰς
1153 2098 1198 2125 τὸν
1210 2098 1322 2134 κόσμον.
1347 2107 1358 2126 ι
1374 2096 1428 2125 Ἦν
1441 2098 1496 2134 γὰρ
1511 2099 1540 2127 ἐν
1551 2099 1625 2135 αὐτῷ
1639 2099 1669 2126 τὸ
1680 2099 1747 2134 φῶς,
1762 2100 1887 2135 καθάπερ

1099 2142 1146 2172 οὖν
1169 2144 1216 2172 καὶ
1237 2145 1317 2176 αὐτὸς
1337 2145 1404 2180 ἡμῖν
1423 2146 1437 2172 6
1460 2145 1654 2181 εὐαγγελιστὴς
1675 2146 1886 2183 διεμαρτύρατο,

1100 2190 1148 2217 καὶ
1162 2190 1192 2216 οὐ
1204 2190 1234 2218 τὸ
1249 2191 1307 2226 φῶς
1320 2191 1359 2222 εἰς
1373 2191 1420 2217 τὸν
1432 2191 1534 2226 κόσμον
1546 2191 1673 2227 ἔρχεσθαι
1688 2192 1787 2228 μᾶλλον
1796 2212 1804 2225 ,
1819 2192 1888 2220 ἀλλὰ

207 2246 214 2252 ·
260 2241 382 2268 coactas.
397 2244 428 2264 ac
442 2238 516 2264 velut
530 2237 558 2263 in
570 2237 701 2272 spelunca
714 2237 833 2272 quadam
845 2238 1046 2265 vehementium

1101 2235 1144 2263 τὸν
1169 2235 1348 2272 φωτιζόμενον
1380 2236 1522 2273 ἄνθρωπον
1556 2238 1789 2274 διεδεδαιούμεθα.
1819 2238 1888 2266 Φασὶ

1098 2281 1242 2317 τοιγαροῦν
1258 2291 1345 2315 τινες,
1364 2283 1399 2310 τὰ
1420 2283 1453 2310 ἐκ
1468 2283 1581 2320 καρδίας
1592 2284 1682 2311 αὐτῶν
1700 2284 1887 2320 ἐρευγόμενοι,

1099 2328 1147 2355 καὶ
1164 2328 1214 2354 οὐκ
1235 2328 1289 2355 ἀπὸ
1314 2329 1448 2364 στόματος
1463 2329 1582 2365 Κυρίου,
1610 2329 1702 2362 καθὼς
1719 2331 1887 2366 γέγραπται,

1099 2374 1139 2401 ὅτι
1163 2374 1216 2410 πρὸ
1229 2376 1277 2411 τῆς
1295 2375 1349 2402 τῶν
1374 2375 1507 2410 σωμάτων
1522 2376 1696 2412 κατασκευῆς
1710 2377 1888 2413 προϋπῆρχον

1100 2421 1149 2456 μὲν
1167 2421 1239 2448 κατά
1255 2422 1300 2448 τὸν
1314 2422 1426 2458 οὐρανὸν
1437 2423 1466 2449 αἰ
1481 2422 1535 2449 τῶν
1548 2423 1699 2459 ἀνθρώπων
1713 2423 1812 2459 ψυχαὶ,
1835 2432 1888 2459 μα-

1098 2467 1164 2504 κρὸν
1192 2468 1221 2495 ἐν
1247 2468 1385 2505 ἀσωμάτῳ
1409 2470 1590 2505 μακαριότητι
1612 2469 1753 2505 τρίϐουσαι
1779 2469 1886 2505 χρόνον,

1099 2515 1143 2541 καὶ
1167 2514 1357 2551 καθαρώτερον
1375 2515 1560 2542 ἀπολαύουσαι
1585 2514 1631 2542 τοῦ
1654 2514 1738 2546 ὅντως
1759 2513 1862 2549 ἀγαθοῦ
1877 2522 1885 2529 ·

1098 2560 1191 2596 ἐπειδὴ
1205 2560 1234 2587 δὲ
1256 2561 1341 2594 αὐτὰς
1361 2562 1375 2588 6
1395 2561 1449 2588 τῶν
1465 2561 1615 2597 ἀμεινόνων
1629 2561 1714 2596 εἰσῄει
1727 2561 1808 2597 κόρος
1817 2581 1825 2594 ,
1838 2561 1887 2587 καὶ

1098 2607 1166 2642 πρὸς
1182 2606 1216 2634 τὰ
1231 2607 1315 2643 χείρω
1328 2607 1421 2635 λοιπδν
1436 2608 1647 2641 ἀποκλίνουσαι,
1670 2607 1738 2644 πρὸς
1754 2607 1887 2638 ἐκτύπους

1097 2653 1256 2680 κατέὃαινον
1274 2653 1379 2686 ἐννοίας
1397 2662 1427 2681 τε
1444 2654 1491 2682 καὶ
1510 2653 1668 2689 ἐπιθυμίας,
1691 2654 1886 2689 ἀγανακτήσας

1096 2697 1207 2729 εἰκότως
1220 2699 1234 2725 6
1248 2699 1418 2736 Δημιουργδς
1433 2699 1592 2729 ἀποστέλλει
1609 2699 1660 2735 μὲν
1678 2699 1763 2731 αὐτὰς
1784 2699 1824 2732 εἰς
1838 2699 1884 2726 τόν

1096 2743 1210 2780 κόσμον,
1228 2745 1284 2777 τοῖς
1300 2745 1329 2773 δέ
1345 2746 1400 2773 ἀπὸ
1416 2745 1467 2781 γῆς
1486 2745 1613 2780 ἐνέπλεξε
1632 2745 1756 2782 σώμασιν
1770 2745 1885 2781 ἀχθοφο-

1097 2791 1154 2825 ρεῖν
1170 2790 1339 2825 ἀναγκάσας,
1349 2791 1398 2819 καὶ
1408 2791 1550 2827 μονονουχὶ
1564 2790 1687 2828 σπηλαίῳ
1699 2791 1753 2818 τινὶ
1771 2791 1825 2819 τῶν
1839 2791 1884 2818 ἐκ·

291 2877 313 2894 ⁸⁸
335 2878 442 2908 Baruch
458 2887 507 2915 nl,
526 2881 571 2908 38.
610 2879 632 2895 "
651 2878 711 2906 Col.
729 2886 772 2912 tv,
789 2879 815 2906 5.
853 2879 876 2896 ’°
895 2878 995 2907 Jcrem.
1013 2888 1096 2916 mn,
1117 2882 1160 2910 16.
1199 2881 1221 2897 ⁹¹
1240 2879 1311 2908 Psal.
1330 2887 1432 2914 cmu,
1453 2880 1497 2908 67.
1547 2914 1553 2918 _
