2030 3122
151 154 202 182 17.3

683 155 715 184 IN
732 155 873 184 JOANNIS
891 155 1116 186 EVANGELIL‘M
1136 158 1200 186 LIB.
1221 158 1242 186 1.

1718 159 1769 188 134

147 212 238 239 τόπων
261 211 477 246 ἑγκατακλείσας
495 212 611 248 ἡδονῶν,
638 213 776 241 παιδεύειν
804 214 888 246 αὑτὰς
908 214 933 248 ἐξ

988 215 1081 243 liatam
1098 223 1159 244 esse
1171 236 1178 248 ,
1196 216 1291 244 mortis
1306 220 1333 244 et
1348 216 1534 255 corruptionis
1551 216 1669 245 vinculis
1682 215 1770 252 illiga-

148 258 235 293 αὐτῆς
251 257 398 293 ἐδοκίμασε
420 258 470 293 τῆς
488 258 605 294 πείρας,
625 260 724 295 πικρὸν
743 261 817 292 ὅπως
836 260 895 287 ἐστὶ
907 260 938 287 τὸ

148 305 195 331 ἐπὶ
215 304 251 331 τὰ
269 304 353 339 χείρω
376 304 524 339 φέρεσθαι,
548 305 595 331 κοιλ⁴
622 305 755 332 ποιεῖσθαι
780 306 857 339 λόγον
883 306 937 332 τῶν

146 350 258 383 ἀγαθῶν
283 350 389 377 οὐδένα.
416 351 581 385 Ἀρπάιζουσι
607 351 633 377 δὲ
664 353 704 382 είς
733 351 869 383 ἀπόδειξιν
888 352 936 387 τὴν

146 395 219 422 οὕτω
237 396 410 432 γελοιοτάτης
435 396 540 423 ἑαυτῶν
561 397 734 431 μυθολογίας,
755 398 802 423 καὶ
821 397 884 422 αὐτὸ
904 396 936 432 δὴ

146 441 255 476 πρῶτον
279 442 309 468 τὸ
326 441 372 468 νῦν
391 443 419 468 ὲν
439 442 547 478 χερσίψ
572 452 580 467 ‹
598 440 651 469 Ἤν
670 443 698 469 τὸ
719 442 776 477 φῶς
795 442 824 468 τὺ
843 442 935 477 ἀληθι-

145 488 191 513 νὺν
203 507 210 519 ,
239 487 253 514 ὃ
272 487 382 522 φωτίζει
406 488 493 514 πάντα
511 487 653 522 ἄνθρωπον
674 488 820 523 ἐρχόμενον
836 490 874 520 εὶς
889 489 934 515 τὺν

146 532 267 567 κόσμον·
284 542 293 558 ι
323 532 392 567 πρὸς
413 532 441 558 δέ
462 540 493 566 γε
513 532 614 567 τούτῳ,
640 533 685 558 καὶ
705 533 785 568 ἕτερά
807 542 866 559 τινα
880 533 934 559 τῶν

145 577 201 604 ἀπὸ
213 578 260 612 τῆς
272 577 346 608 θείας
368 578 494 612 Γραφῆς,
525 574 580 603 οἷον
603 578 648 609 τὸ,
671 587 679 602 ‹
696 578 751 613 Πρὸ
768 578 815 603 τοῦ
836 587 870 613 με
888 587 934 604 τα-

146 623 328 658 πεινωθῆναι,
352 623 406 658 ὲγὼ
432 624 643 659 ἑπλημμέλησα·
662 633 670 649 ι
690 625 736 650 καὶ
752 624 783 658 δὴ
803 626 848 650 καί
869 633 933 658 φασι

147 669 314 705 παραληρεῐν
337 669 385 696 οὑκ
406 670 575 705 αὶδούμενοι·
604 670 668 696 Ἰδοὺ
689 670 742 705 πρὸ
765 671 815 704 τῆς
838 679 932 696 ταπει-

146 714 266 747 νώσεως,
290 714 360 741 τοῦτ’
380 715 437 741 ἔστι
481 716 529 750 τῆς
557 715 777 749 ὲνσωματὼσεως
808 716 934 750 πεπλημ-

148 760 295 796 μεληκέναι
306 761 387 795 φησιν
403 762 419 796 ἡ
436 761 518 796 ψυχὴ,
532 761 575 788 διά
586 770 613 787 τε
626 761 704 787 τοῦτο
720 762 933 788 τεταπεινῶσθαι

145 806 257 838 δικαίως
269 807 419 833 ὲνδεθεῖσαν
434 806 551 841 θανάτῳ,
568 807 614 833 καὶ
635 806 731 841 φθορᾷ,
751 807 874 842 καθάπερ
888 805 933 833 οὖν

145 852 193 877 καὶ
205 852 220 877 ὸ
233 850 337 883 Παῦλος
355 851 439 883 οὕτως
456 852 583 887 ὀνομάζει
602 852 631 878 τὸ
643 852 732 886 σῶμα,
748 852 833 886 λέγων
846 859 852 866 ’
866 863 872 876 ι
885 852 932 883 Τίς

989 265 1042 287 tam
1054 280 1062 292 ,
1083 261 1313 296 quemadmodum
1339 261 1441 289 Paulus
1470 262 1527 297 ipse
1542 270 1651 298 quoque
1669 270 1770 298 corpus

987 306 1110 332 nominat
1134 305 1251 333 dicens:
1282 316 1291 331 ‹
1309 306 1375 338 Quis
1396 315 1438 334 me
1453 308 1579 335 liberabit
1601 309 1634 335 de
1656 316 1770 343 corpore

987 352 1083 379 mortis
1094 352 1174 386 hujus
1191 352 1254 378 9'?»
1271 352 1349 384 Quod
1364 353 1387 379 si
1405 353 1494 380 anima
1510 358 1613 388 peccat,
1629 354 1766 389 inquiunt,

986 401 1133 432 antequam
1160 398 1338 429 humilietur,
1368 402 1394 425 et
1417 398 1490 425 venit
1516 399 1544 425 in
1566 400 1768 434 munduni,pa-

988 447 1023 470 tet
1046 444 1118 478 quod
1139 444 1218 478 prius
1240 444 1373 477 exsistat;
1401 444 1535 478 quomodo
1559 445 1642 475 enim,
1665 452 1768 478 quaeso.

985 494 1109 523 peccaret
1129 490 1153 516 id
1171 480 1242 524 quod
1257 491 1377 516 nondum
1394 490 1519 516 exsistit?
1534 489 1614 516 Venit
1631 493 1721 516 autem
1741 491 1768 516 in

985 535 1127 567 mundum,
1145 536 1192 562 sed
1207 536 1343 570 aliquibus
1358 544 1389 562 ex
1411 536 1479 562 iouis
1494 535 1618 562 videlicet
1635 534 1768 569 profecta.

985 579 1142 607 Istiusmodi
1165 588 1252 615 nugas
1271 581 1404 608 adversus
1422 580 1550 608 Ecclesia:
1573 581 1700 614 dogmata
1714 600 1722 612 ,
1743 583 1769 606 et

984 634 1069 653 vanas
1096 627 1205 654 fabulas
1228 627 1426 662 simplicior-uin
1456 628 1570 653 auribus
1594 628 1768 661 ingerentes,

982 672 1044 706 jure
1060 673 1171 699 audient
1187 681 1192 699 :
1217 683 1226 698 (
1247 672 1292 699 Va:
1309 674 1354 708 qui
1373 673 1537 708 prophetam
1553 673 1587 700 de
1601 672 1682 699 cordc
1700 678 1768 702 suo,

984 724 1010 746 et
1025 727 1137 754 prorsus
1158 728 1211 746 non
1229 720 1321 747 vident
1335 720 1367 746 ⁵³.
1389 729 1397 745 ι
1434 718 1559 746 Visiones
1581 721 1652 745 enim
1676 725 1769 745 revera

984 769 1010 791 et
1025 765 1210 792 divinationes
1227 785 1234 797 ,
1260 774 1291 791 ac
1306 767 1461 800 proplietias
1482 766 1574 792 cordis
1588 765 1629 792 sui
1650 764 1769 799 Spiritus

984 810 1158 837 sermonibus
1174 816 1343 845 opponentes
1359 832 1364 842 ,
1388 819 1440 837 non
1457 812 1578 838 sentiunt
1594 815 1723 845 quantam
1742 810 1769 837 in

984 856 1177 882 absurditalem
1194 863 1243 882 sua
1259 856 1374 882 consilia
1394 860 1558 890 properent.
1576 855 1719 882 Psalinista
1736 855 1769 882 ad

147 906 182 932 με
202 897 312 933 ῥύσεται
338 899 369 924 ἐκ
384 897 429 924 τοῦ
450 898 575 933 σώματος
588 898 633 924 τοῦ
653 899 768 925 θανάτου
793 899 886 925 τούτου
900 907 906 930 ;
920 908 928 924 ι

985 900 1065 926 Deum
1078 901 1183 928 dicente
1198 911 1223 928 ει
1234 901 1273 928 Τιι
1289 902 1419 929 terribilis
1429 910 1468 934 es,
1480 907 1505 929 et
1517 902 1579 936 quis
1589 902 1696 928 resistet
1709 901 1767 934 libi,

147 942 179 969 Ei
203 943 232 969 δὲ
251 943 421 978 πλημμελεῖ,
443 944 541 979 φησὶν,
568 944 682 979 πρὸτῆς
707 944 930 980 ταπεινώσεωςὴ

145 988 229 1025 ψυχὴ,
244 989 290 1015 καὶ
309 989 417 1024 ἔρχεται
431 991 469 1021 εἰς
486 990 530 1015 τὸν
543 989 654 1024 κόσμον,
669 989 705 1021 ὡς
719 991 932 1025 προῦπάρχουσα

144 1034 282 1070 δηλονότι·
308 1035 364 1067 πῶς
383 1036 437 1070 γὰρ
457 1035 525 1066 ὅλως
540 1035 656 1070 ἁμάρτοι
673 1035 704 1061 τὸ
722 1036 805 1070 μήπω
820 1030 933 1071 ὑφεστη-

145 1080 214 1114 κός;
230 1081 359 1116 Ἔρχεται
371 1081 399 1107 δὲ
419 1082 458 1113 εἰς
476 1082 521 1107 τὸν
537 1082 637 1116 κόσμον
650 1081 704 1107 ἀπό
718 1089 796 1107 τινων
815 1081 933 1116 δηλονότι

144 1127 236 1153 τόπων
254 1128 410 1163 κινουμένη,
426 1127 544 1154 Τοιαῦτα
562 1136 622 1153 τινα
635 1126 689 1153 τῶν
705 1126 755 1160 τῆς
772 1126 933 1161 Ἐκκλησίας

145 1173 425 1209 καταῤῥαψῳδοῦντες
446 1173 604 1207 δογμάτων,
637 1173 682 1199 καὶ
708 1172 803 1204 ὕθλους
823 1173 932 1198 εἰκαίων

144 1218 323 1254 διηγημάτων
340 1220 399 1250 ταῖς
426 1219 479 1245 τῶν
503 1218 693 1253 ἁπλουστέρων
721 1218 933 1252 ἑπισωρεύοντες

982 955 1015 973 ex
1032 950 1095 973 tunc
1110 947 1148 973 ira
1161 952 1206 973 tua
1218 948 1281 973 9‘?)
1297 948 1372 979 Quod
1389 952 1479 974 autent
1496 948 1720 975 absurdiSsiinuin
1734 947 1769 974 sit

984 998 1078 1025 putare
1092 993 1208 1019 animam
1222 998 1284 1020 ante
1299 1001 1399 1026 corpus
1416 994 1563 1022 exsistere.
1577 998 1603 1020 et
1618 993 1652 1019 ob
1670 1000 1770 1027 praece-

984 1038 1073 1065 dentia
1086 1037 1139 1071 79
1149 1043 1259 1071 peccata
1275 1040 1302 1064 in
1313 1043 1419 1065 terrena
1432 1046 1547 1073 corpora
1557 1038 1642 1072 ipsam
1651 1037 1768 1069 demitti,

984 1089 1015 1109 ex
1034 1083 1189 1116 subjunttis
1202 1085 1372 1118 argumentis
1386 1089 1516 1118 quantum
1533 1085 1560 1111 in
1577 1084 1653 1110 nobis
1668 1087 1709 1110 est
1723 1082 1769 1110 de-

985 1132 1138 1154 monstrare
1154 1129 1324 1162 conabimur,
1339 1130 1457 1157 scientes
1471 1130 1544 1164 quod
1560 1129 1692 1163 scriptum
1705 1132 1747 1155 est
1760 1138 1767 1155 ;

988 1181 996 1197 ι
1012 1171 1048 1198 Da
1070 1173 1184 1207 sapienti
1202 1175 1371 1201 occasionem
1393 1180 1419 1202 et
1432 1175 1580 1210 sapientior
1596 1176 1664 1209 erit,
1680 1175 1768 1201 mani-

993 1216 1060 1243 festa
1072 1217 1146 1253 justo
1162 1222 1188 1245 et
1205 1219 1317 1253 insuper
1333 1219 1449 1254 accipiet
1465 1220 1497 1244 ’⁵.
1517 1229 1525 1245 ι

145 1264 251 1298 ἀκοαῖς,
265 1266 376 1297 δικαίως
394 1265 572 1292 ἀκούσονται·
596 1275 605 1290 ι
624 1265 690 1291 Οὐαὶ
707 1266 763 1295 τοῖς
778 1264 993 1299 προφητεύουσιν
1012 1264 1065 1290 ἀπὸ
1083 1264 1196 1298 καρδίας
1212 1265 1301 1291 αὐτῶν
1314 1286 1321 1299 ,
1349 1266 1395 1292 καὶ
1427 1266 1458 1291 τὸ
1489 1265 1601 1292 καθόλου
1641 1266 1678 1301 μή
1709 1265 1768 1303 βλέ-

145 1319 252 1340 πουσιν.
271 1321 280 1338 ›
306 1312 429 1347 Ὀράσεις
445 1311 498 1345 γὰρ
511 1310 610 1341 ὅντως,
627 1310 671 1336 καὶ
685 1310 863 1344 οξωνίσματα,
885 1310 930 1335 καὶ
952 1310 1119 1344 προφητείας
1144 1311 1254 1346 καρδίας
1276 1310 1363 1337 αὐτῶν
1379 1312 1435 1342 τοῖς
1456 1311 1499 1338 διὰ
1530 1311 1575 1337 τοῦ
1612 1312 1769 1346 Πνεύματος

145 1358 373 1394 ἀντιπαραθέντες
407 1358 510 1390 λόγοις,
551 1357 600 1382 οὐκ
620 1356 792 1382 αἰσθάνονται
811 1355 878 1390 πρὸς
900 1356 965 1391 ὅσην
985 1357 1075 1387 αὐτοῖς
1093 1356 1208 1383 ἀτοπίαν
1232 1357 1375 1392 δραμεῖται
1397 1358 1426 1384 τὸ
1443 1358 1608 1394 ἐπιχείρημα
1621 1378 1627 1390 ,
1646 1359 1770 1393 λέγοντος

145 1403 193 1430 τοῦ
212 1402 363 1438 ὶιναλμῳδοῡ
381 1402 447 1437 πρὸς
466 1401 540 1427 Θεόν·
558 1410 566 1426 t
584 1401 619 1426 Σὺ
641 1400 754 1435 φοϐερὸς
774 1397 808 1432 εἷ,
829 1400 875 1426 καὶ
892 1399 933 1431 τίς
953 1401 1141 1436 ἀντιστήσεται
1160 1410 1200 1427 σοι
1226 1402 1279 1428 ἀπὸ
1304 1402 1351 1437 τῆς
1367 1403 1451 1437 ὀργῆς
1471 1412 1533 1437 σου;
1555 1405 1613 1430 ’Ὁτι
1647 1404 1675 1431 δὲ
1710 1404 1769 1431 λίαν

145 1451 221 1478 ἐστὶν
236 1450 409 1478 ἀτοπώτατον
435 1449 572 1484 ὑπάρχειν.
583 1448 631 1483 μὲν
653 1448 754 1474 οἴεσθαι
788 1447 834 1483 τὴν
868 1447 966 1482 ψυχὴν,
987 1449 1018 1474 ἐκ
1039 1449 1259 1484 προγενεστέρων
1281 1449 1309 1475 δὲ
1327 1450 1531 1485 ἁμαρτημάτων
1550 1451 1590 1482 εἰς
1614 1450 1648 1476 τὰ
1675 1452 1707 1477 ὲκ
1720 1451 1770 1486 γῆς

145 1498 371 1535 καταπέμπεσθαι
386 1498 498 1533 σώματα
522 1496 641 1531 νομίζειν
660 1496 739 1522 αὐτὸν
753 1495 813 1531 [ἴσ.
830 1495 940 1531 aiat-qv],
961 1496 1005 1523 διὰ
1023 1497 1076 1523 τῶν
1100 1497 1310 1532 ὑπεζευγμένων
1336 1498 1443 1525 ἐννοιῶν
1475 1498 1545 1524 κατὰ
1582 1498 1611 1525 τὺ
1633 1498 1770 1535 ἐγχωροῦν

145 1551 211 1586 ἡμῖν
232 1548 370 1580 ἀποδεῖξαι
389 1546 594 1582 πειρασόμεθα,
616 1545 646 1571 τὸ
660 1545 851 1581 γεγραμμένον
862 1544 979 1577 εἰδότες·
1003 1555 1013 1571 ι
1037 1545 1113 1572 Δίδου
1139 1545 1213 1581 σολιῷ
1248 1547 1376 1582 ἁτεορμὴν
1393 1567 1399 1579 ,
1427 1548 1474 1573 καὶ
1502 1546 1652 1582 σοφώτερος
1683 1548 1768 1587 ἔσται,

146 1595 263 1632 γνώριζε
276 1594 381 1628 δικαίῳ,
394 1593 440 1620 καὶ
460 1591 607 1627 προσθήσει
619 1590 665 1617 τοῦ
683 1590 815 1626 δέχεσθαι.
831 1600 840 1616 ι

147 1653 281 1680 Ἐννοιαι
302 1652 366 1689 ἤτοι
391 1650 561 1685 θεωρήματα
586 1648 739 1689 ᾳχήματος
763 1649 933 1683 συμπεπλε-

988 1645 1131 1685 Rationes,
1163 1646 1214 1672 sive
1243 1645 1431 1679 propositiones
1457 1653 1489 1672 ea:
1518 1646 1677 1681 syllogismis
1706 1656 1769 1675 cou-

180 1689 290 1724 τμένου
304 1687 354 1715 καὶ
365 1687 610 1720 συλλογιστικοῡ.

181 1759 216 1784 α’.
229 1754 263 1782 Et.
272 1755 325 1790 τῆς
335 1754 389 1781 τῶν
403 1753 535 1788 σωμάτων
554 1755 724 1789 κατασκευῆς
738 1753 753 1789 ἡ
765 1753 811 1780 τοῦ
826 1753 929 1789 ἀνθρώ-

148 1811 196 1829 που
217 1801 420 1837 προῦφεστήκει
445 1799 527 1835 ψυχὴ,
555 1799 721 1826 ἀποκλίνασα
745 1799 772 1826 δὲ
808 1800 876 1834 πρὸς
903 1799 932 1825 τὸ

146 1846 258 1881 φαῦλον,
280 1846 351 1873 κατὰ
372 1845 420 1877 τάς
431 1854 510 1872 τινων
532 1845 668 1876 ὑπονοίας,
685 1843 794 1871 κόλασιν
814 1845 868 1880 ἔχει
886 1844 932 1871 τοῦ

147 1893 380 1929 πλημμελήματος
401 1892 448 1927 τὴν
467 1892 505 1923 εἰς
527 1892 616 1926 σάρκα
637 1891 758 1923 κάθοδον,
781 1891 851 1922 πῶς,
873 1891 932 1917 είπέ

149 1948 203 1975 μοι,
214 1937 378 1974 φωτίζεσθαὶ
388 1946 468 1973 φησιν
479 1938 627 1972 ἐρχομένην
636 1937 719 1972 αὐτὴν
731 1937 769 1968 εἰς
778 1937 822 1963 τὸν
832 1937 934 1972 κόσμον

146 1986 161 2012 ὁ
173 1984 385 2019 εὖαγγελιστήςς
401 1983 472 2018 Τιμὴ
488 1983 552 2019 γὰρ,
574 1981 659 2018 οἶμαι,
680 1983 710 2009 τὸ
728 1983 843 2018 πρᾶγμά
865 1984 932 2014 ἐστι,

147 2032 193 2059 καὶ
207 2031 383 2067 χαρισμάτων
410 2030 551 2066 προσθήκη
575 2029 721 2064 λαμπρῶν*
741 2028 885 2061 κολάζεται
906 2029 934 2055 δέ

147 2086 188 2110 τις
203 2077 232 2104 οὐ
260 2076 424 2112 τιμώμενος,
447 2076 506 2102 οὐδὲ
530 2076 690 2111 τιμωρεῖται
719 2075 830 2110 μέτοχος
855 2075 934 2101 θείων

148 2123 373 2158 ἀναδεικνύμενος
386 2122 507 2156 ἀγαθῶν,
531 2122 599 2149 ἀλλὰ
612 2123 667 2153 τοῖς
682 2121 711 2153 ἐξ
723 2122 808 2157 ὀργῆς
826 2122 875 2156 τῆς
887 2121 933 2147 τοῦ

148 2169 307 2202 κολάζοντος
326 2168 435 2204 ὁμιλῶν.
458 2167 566 2203 Ἐπειδὴ
585 2168 612 2193 δὲ
624 2167 673 2194 οὐκ
690 2168 718 2194 ὲν
734 2167 838 2198 τούτοις
854 2167 934 2201 ἐρχό-

151 2223 229 2249 μενος
244 2215 282 2246 εῐς
296 2213 340 2241 τόν
357 2214 456 2249 κόσμον
472 2214 486 2239 ό
499 2213 653 2248 ἄνθρωπος,
670 2213 727 2239 ἀλλ’
744 2213 776 2239 ὲκ
789 2213 842 2239 τῶν
856 2214 933 2239 ἐναν-

148 2261 212 2287 τίων
240 2259 397 2295 ιρωτίζεται,
424 2258 556 2294 πρόδηλον
576 2259 606 2294 δή
637 2267 688 2285 που
714 2259 817 2290 λοιπὸν,
841 2259 935 2294 ὅτιπερ

149 2307 177 2333 οὺ
193 2306 302 2334 κόλασιν
315 2306 371 2341 ἔχει
386 2306 435 2341 τὴν
454 2306 592 2341 σάρκωσιν
607 2306 620 2331 ὁ
646 2305 714 2340 μετὰ
739 2305 839 2340 σαρκὸς
853 2303 935 2339 τιμώ-

151 2362 240 2388 μενος.

185 2418 218 2455 β’.
238 2419 341 2446 AAAO.
361 2418 394 2445 Et
416 2418 469 2455 πρὸ
482 2417 530 2445 τοῦ
546 2417 671 2452 σώματος
691 2417 708 2453 ἡ
722 2416 796 2451 ψυχὴ
809 2414 871 2448 νοῦς
885 2413 936 2451 ἦν,

150 2464 190 2492 ἔτι
208 2463 328 2501 καθαρὸς
339 2465 368 2491 ὲν
388 2463 569 2500 μακαριότητι
584 2463 729 2496 διατελῶν,
749 2461 897 2493 ἀποκλίνας
909 2461 938 2489 δὲ

150 2510 218 2547 πρὸς
230 2510 262 2537 τὸ
276 2510 376 2545 φαῦλον
398 2510 500 2544 ὑπέϐη,
520 2509 567 2537 καὶ
580 2508 624 2536 διὰ
645 2508 724 2536 τοῦτο
743 2508 773 2535 ὲν
792 2508 874 2544 capiti.
891 2507 938 2542 γέ-

151 2565 223 2591 γονε,
247 2556 307 2588 πῶς
337 2556 482 2592 ἐρχόμενος
508 2557 548 2588 εἰς
575 2555 622 2583 τὸν
643 2555 745 2591 κόσμον
770 2553 934 2589 φωτίζεταις

160 2602 275 2637 Ἀνάγκη
290 2602 346 2637 γὰρ
359 2602 448 2636 λέγειν
469 2601 518 2637 ερη
523 2610 572 2637 μον
586 2599 654 2629 εἶναι
666 2601 755 2637 φωτὸς
769 2601 834 2636 πρὶν
847 2600 936 2627 ὲλθεῐν

152 2647 241 2674 αὐτόν·
258 2648 284 2674 ει
300 2647 329 2674 δὲ
346 2647 441 2679 τοῦτο,
461 2647 519 2679 πῶς
530 2645 563 2683 ἦν
574 2647 613 2674 ἔτι
632 2646 695 2679 νοῦς
706 2646 826 2682 καθαρὸς
845 2646 860 2673 ό
874 2646 936 2673 τότε

155 2692 229 2726 μόλις
249 2692 319 2728 ἔχων
333 2692 380 2719 τοῦ
393 2692 557 2728 φωτίζεσθαι
574 2692 623 2728 τὴν
650 2692 747 2728 ἀρχὴν,
766 2692 810 2719 ἅτε
833 2691 881 2719 καὶ
896 2690 936 2723 εις

154 2737 198 2764 τὸν
211 2737 314 2774 κόσμον
330 2737 452 2774 ἔρχεται,
465 2739 512 2766 καὶ
526 2739 556 2765 οὐ
566 2738 627 2774 ᾂίχα
643 2737 760 2774 σαρκ6ς;

186 2878 208 2895 ⁸³
229 2878 309 2907 Rom.
325 2886 383 2913 vn,
398 2877 443 2907 ει.

484 2879 507 2896 ’³
526 2877 626 2908 Jerem.
647 2885 715 2906 xxut
728 2898 736 2912 ,
756 2877 800 2905 16.
837 2878 859 2895 ’⁵
875 2877 948 2906 Psal.

1019 1681 1101 1707 nexis.

1019 1749 1044 1776 1.
1062 1748 1089 1775 Si
1104 1749 1194 1775 anima
1207 1748 1326 1776 hominis
1343 1753 1405 1776 ante
1422 1749 1626 1777 fabricationem
1649 1751 1770 1785 corporis

983 1795 1145 1827 exsistebat,
1164 1795 1211 1822 sed
1236 1796 1263 1821 in
1279 1795 1375 1821 vitium
1400 1795 1522 1830 delapsa,
1551 1800 1579 1823 ut
1595 1797 1705 1831 quidam
1722 1805 1769 1825 su-

985 1842 1137 1876 spicantur,
1152 1849 1240 1876 pmnae
1255 1842 1315 1868 loco
1328 1841 1355 1868 in
1372 1849 1471 1877 corpus
1492 1843 1605 1870 detrusa
1619 1847 1661 1870 est
1678 1854 1683 1870 :
1702 1851 1770 1878 quo-

984 1887 1075 1920 modo,
1090 1895 1194 1923 quaso,
1208 1888 1373 1923 evangelista
1388 1888 1474 1922 ipsam
1491 1889 1519 1915 in
1540 1889 1612 1915 hunc
1638 1890 1769 1916 mundum

985 1935 1139 1962 venientem
1157 1933 1305 1960 illuminari
1326 1934 1409 1960 dicit?
1424 1933 1515 1960 Honor
1534 1934 1605 1960 enim
1626 1934 1699 1961 istud
1716 1938 1769 1965 est.

986 1984 1013 2007 et
1028 1979 1176 2007 illustrium
1190 1979 1341 2014 gratiarum
1358 1979 1493 2006 accessio.
1507 1979 1561 2006 Sed
1581 1987 1661 2007 nemo
1677 1979 1771 2014 plecti-

985 2029 1031 2052 tur
1045 2026 1108 2053 (lum
1125 2026 1286 2058 honoratur,
1300 2033 1386 2060 neque
1403 2025 1514 2060 punitur
1537 2033 1598 2052 cum
1616 2026 1769 2052 divinorum

986 2072 1119 2098 bonorum
1137 2071 1165 2097 ﬁt
1176 2072 1322 2106 particeps,
1339 2070 1386 2097 scd
1413 2078 1475 2097 cum
1503 2070 1531 2097 in
1545 2071 1682 2105 punientis
1702 2071 1770 2097 iram

986 2117 1111 2143 incurrit.
1125 2116 1193 2143 Cum
1210 2122 1299 2143 autem
1323 2116 1404 2142 homo
1424 2114 1537 2142 veniens
1552 2115 1580 2142 in
1602 2115 1674 2142 hunc
1689 2123 1769 2142 mun-

986 2163 1050 2189 dum
1066 2162 1178 2189 minime
1200 2162 1338 2197 puniatur,
1352 2161 1400 2188 sed
1417 2164 1513 2188 contra
1528 2161 1619 2195 potius
1636 2161 1770 2188 illumine-

988 2211 1040 2239 tur,
1057 2211 1131 2242 patet
1155 2207 1248 2242 utique
1264 2213 1350 2241 poena:
1371 2206 1432 2233 loco
1452 2205 1477 2233 ei
1499 2214 1552 2233 non
1569 2213 1630 2234 esse
1643 2212 1771 2241 corpora-

987 2252 1099 2285 tiouem,
1113 2252 1159 2287 qui
1176 2252 1201 2279 in
1219 2259 1304 2279 carne
1321 2252 1482 2278 honoratur.

951 2334 972 2362 Β

1021 2409 1048 2436 2.
1057 2407 1172 2435 ALIUD.
1187 2407 1217 2434 Si
1233 2410 1296 2434 ante
1309 2413 1410 2441 corpus
1425 2404 1516 2432 anima
1528 2410 1606 2431 mens
1618 2406 1677 2431 erat
1692 2409 1773 2438 pura,

987 2456 1016 2484 in
1033 2454 1164 2482 felicitate
1177 2453 1291 2487 degens.
1310 2451 1357 2479 sed
1375 2450 1556 2478 conversione
1568 2449 1595 2477 in
1612 2448 1708 2476 vitium
1722 2448 1773 2476 de-

986 2502 1063 2537 lapsa
1086 2503 1140 2532 cst,
1160 2503 1242 2534 atque
1267 2497 1371 2525 idcirco
1399 2497 1501 2524 innexa
1527 2499 1570 2523 est
1600 2494 1687 2527 carni,
1705 2501 1774 2529 quo-

988 2546 1070 2575 modo
1086 2545 1199 2573 veniens
1216 2544 1243 2571 in
1266 2543 1338 2570 hunc
1363 2541 1495 2570 mundum
1517 2539 1706 2568 illuminatur?
1723 2538 1775 2567 Ne-

989 2592 1110 2623 cessario
1123 2591 1196 2619 enim
1213 2589 1358 2618 dicendum
1374 2592 1415 2616 est
1429 2587 1517 2623 ipsam
1540 2586 1610 2614 lucis
1636 2588 1774 2621 expertem

989 2646 1051 2667 esse
1073 2641 1219 2671 antequam
1236 2635 1337 2663 veniat.
1353 2632 1432 2667 Quod
1455 2632 1480 2661 si
1502 2631 1542 2664 ita
1566 2635 1618 2665 est,
1636 2630 1776 2666 quomodo

990 2691 1059 2720 pura
1078 2690 1156 2711 mens
1179 2685 1251 2714 erat,
1265 2687 1326 2715 quae
1340 2679 1386 2706 vix
1403 2683 1463 2706 tum
1480 2677 1600 2714 primum
1623 2675 1775 2704 illuminari

989 2730 1089 2765 incipit
1102 2736 1165 2757 cum
1180 2727 1255 2756 venit
1274 2726 1304 2754 in
1326 2725 1472 2759 mundum,
1495 2724 1578 2762 idque
1599 2730 1655 2752 non
1669 2722 1776 2758 absque

990 2775 1094 2806 carne?
1561 2791 1563 2793 ι
1595 2780 1597 2783 ·

970 2884 1051 2910 Lxxv,
1067 2875 1093 2903 8.
1131 2875 1153 2891 "
1173 2873 1257 2902 Prov.
1272 2880 1298 2900 Ix
1311 2892 1318 2905 ,
1334 2871 1361 2900 9.
