  <div class='ocr_page' id='page_1' title='image "/cluster/home/n/w/nwhite01/storage/ocr_20150623/73/njp.32101077772760/075.png"; bbox 0 0 2030 3122; ppageno 0'>
   <div class='ocr_carea' id='block_1_1' title="bbox 268 168 320 195">
    <p class='ocr_par' dir='ltr' id='par_1_1' title="bbox 268 168 320 195">
     <span class='ocr_line' id='line_1_1' title="bbox 268 168 320 195; baseline 0 -1"><span class='ocrx_word' id='word_1_1' title='bbox 268 168 320 195; x_wconf 75' lang='grc'>155</span> 
     </span>
    </p>
   </div>
   <div class='ocr_carea' id='block_1_2' title="bbox 763 167 1394 198">
    <p class='ocr_par' dir='ltr' id='par_1_2' title="bbox 763 167 1394 198">
     <span class='ocr_line' id='line_1_2' title="bbox 763 167 1394 198; baseline -0.005 -1"><span class='ocrx_word' id='word_1_2' title='bbox 763 168 792 198; x_wconf 89' lang='lat' dir='ltr'><strong>S.</strong></span> <span class='ocrx_word' id='word_1_3' title='bbox 813 168 952 198; x_wconf 64' lang='lat' dir='ltr'><strong>CYlilLLl</strong></span> <span class='ocrx_word' id='word_1_4' title='bbox 979 168 1213 196; x_wconf 75' lang='lat' dir='ltr'><strong>ALEXANDRINI</strong></span> <span class='ocrx_word' id='word_1_5' title='bbox 1235 167 1394 195; x_wconf 76' lang='lat' dir='ltr'><strong>ARCfllEP.</strong></span> 
     </span>
    </p>
   </div>
   <div class='ocr_carea' id='block_1_3' title="bbox 1835 158 1886 186">
    <p class='ocr_par' dir='ltr' id='par_1_3' title="bbox 1835 158 1886 186">
     <span class='ocr_line' id='line_1_3' title="bbox 1835 158 1886 186; baseline 0 -1"><span class='ocrx_word' id='word_1_6' title='bbox 1835 158 1886 186; x_wconf 68' lang='lat'><strong>{36</strong></span> 
     </span>
    </p>
   </div>
   <div class='ocr_carea' id='block_1_4' title="bbox 301 226 1056 264">
    <p class='ocr_par' dir='ltr' id='par_1_4' title="bbox 301 227 1056 264">
     <span class='ocr_line' id='line_1_4' title="bbox 301 227 1056 264; baseline 0.001 -9"><span class='ocrx_word' id='word_1_7' title='bbox 301 229 328 255; x_wconf 80' lang='grc'><strong>5.</strong></span> <span class='ocrx_word' id='word_1_8' title='bbox 349 227 466 256; x_wconf 80' lang='lat' dir='ltr'><strong>ALIUD.</strong></span> <span class='ocrx_word' id='word_1_9' title='bbox 483 228 513 256; x_wconf 90' lang='lat' dir='ltr'><strong>Si</strong></span> <span class='ocrx_word' id='word_1_10' title='bbox 529 231 593 256; x_wconf 90' lang='lat' dir='ltr'><strong>ante</strong></span> <span class='ocrx_word' id='word_1_11' title='bbox 615 235 716 264; x_wconf 87' lang='lat' dir='ltr'><strong>corpns</strong></span> <span class='ocrx_word' id='word_1_12' title='bbox 729 229 818 256; x_wconf 91' lang='lat' dir='ltr'><strong>anima</strong></span> <span class='ocrx_word' id='word_1_13' title='bbox 834 228 953 262; x_wconf 77' lang='lat' dir='ltr'><strong>hominis</strong></span> <span class='ocrx_word' id='word_1_14' title='bbox 970 229 1056 258; x_wconf 80' lang='lat' dir='ltr'><strong>exsti-</strong></span> 
     </span>
    </p>
   </div>
   <div class='ocr_carea' id='block_1_5' title="bbox 1107 226 1886 264">
    <p class='ocr_par' dir='ltr' id='par_1_5' title="bbox 1141 226 1886 264">
     <span class='ocr_line' id='line_1_5' title="bbox 1141 226 1886 264; baseline 0 -8"><span class='ocrx_word' id='word_1_15' title='bbox 1141 232 1177 264; x_wconf 84' lang='grc' dir='ltr'><strong>γ’.</strong></span> <span class='ocrx_word' id='word_1_16' title='bbox 1197 229 1300 256; x_wconf 83' lang='grc' dir='ltr'><strong>ΑΛΛΟ.</strong></span> <span class='ocrx_word' id='word_1_17' title='bbox 1320 228 1351 255; x_wconf 84' lang='lat' dir='ltr'><strong>El</strong></span> <span class='ocrx_word' id='word_1_18' title='bbox 1376 228 1576 264; x_wconf 72' lang='grc' dir='ltr'>προῦφεστήκει</span> <span class='ocrx_word' id='word_1_19' title='bbox 1599 226 1646 254; x_wconf 86' lang='grc' dir='ltr'>τοῦ</span> <span class='ocrx_word' id='word_1_20' title='bbox 1667 226 1791 262; x_wconf 81' lang='grc' dir='ltr'>σώματος</span> <span class='ocrx_word' id='word_1_21' title='bbox 1808 228 1825 264; x_wconf 80' lang='grc' dir='ltr'>ἡ</span> <span class='ocrx_word' id='word_1_22' title='bbox 1841 229 1886 256; x_wconf 74' lang='grc' dir='ltr'>τοῦ</span> 
     </span>
    </p>
   </div>
   <div class='ocr_carea' id='block_1_6' title="bbox 248 266 1054 310">
    <p class='ocr_par' dir='ltr' id='par_1_6' title="bbox 248 266 1054 310">
     <span class='ocr_line' id='line_1_6' title="bbox 248 266 1054 310; baseline 0.002 -10"><span class='ocrx_word' id='word_1_23' title='bbox 248 266 310 305; x_wconf 70' lang='grc' dir='ltr'>ἰὴ,</span> <span class='ocrx_word' id='word_1_24' title='bbox 331 277 359 301; x_wconf 87' lang='lat' dir='ltr'><strong>et</strong></span> <span class='ocrx_word' id='word_1_25' title='bbox 374 273 488 309; x_wconf 86' lang='lat' dir='ltr'><strong>proinde</strong></span> <span class='ocrx_word' id='word_1_26' title='bbox 505 282 582 302; x_wconf 88' lang='lat' dir='ltr'><strong>mens</strong></span> <span class='ocrx_word' id='word_1_27' title='bbox 597 282 665 310; x_wconf 81' lang='lat' dir='ltr'><strong>pura</strong></span> <span class='ocrx_word' id='word_1_28' title='bbox 685 279 745 302; x_wconf 84' lang='lat' dir='ltr'><strong>erat</strong></span> <span class='ocrx_word' id='word_1_29' title='bbox 758 275 892 303; x_wconf 91' lang='lat' dir='ltr'><strong>bonorum</strong></span> <span class='ocrx_word' id='word_1_30' title='bbox 908 275 1054 310; x_wconf 79' lang='lat' dir='ltr'><strong>cupiditati</strong></span> 
     </span>
    </p>
   </div>
   <div class='ocr_carea' id='block_1_7' title="bbox 267 319 1055 354">
    <p class='ocr_par' dir='ltr' id='par_1_7' title="bbox 267 319 1055 354">
     <span class='ocr_line' id='line_1_7' title="bbox 267 319 1055 354; baseline 0.001 -9"><span class='ocrx_word' id='word_1_31' title='bbox 267 319 380 354; x_wconf 88' lang='lat' dir='ltr'><strong>propius</strong></span> <span class='ocrx_word' id='word_1_32' title='bbox 404 319 562 354; x_wconf 81' lang='lat' dir='ltr'><strong>conjuncta.</strong></span> <span class='ocrx_word' id='word_1_33' title='bbox 580 320 627 347; x_wconf 90' lang='lat' dir='ltr'><strong>sed</strong></span> <span class='ocrx_word' id='word_1_34' title='bbox 644 320 823 347; x_wconf 89' lang='lat' dir='ltr'><strong>conversione</strong></span> <span class='ocrx_word' id='word_1_35' title='bbox 838 320 865 347; x_wconf 93' lang='lat' dir='ltr'><strong>in</strong></span> <span class='ocrx_word' id='word_1_36' title='bbox 881 320 974 347; x_wconf 89' lang='lat' dir='ltr'><strong>vitium</strong></span> <span class='ocrx_word' id='word_1_37' title='bbox 1000 323 1055 347; x_wconf 87' lang='lat' dir='ltr'><strong>ter-</strong></span> 
     </span>
    </p>
   </div>
   <div class='ocr_carea' id='block_1_8' title="bbox 268 365 1054 400">
    <p class='ocr_par' dir='ltr' id='par_1_8' title="bbox 268 365 1054 400">
     <span class='ocr_line' id='line_1_8' title="bbox 268 365 1054 400; baseline 0.001 -9"><span class='ocrx_word' id='word_1_38' title='bbox 268 371 335 391; x_wconf 92' lang='lat' dir='ltr'><strong>reno</strong></span> <span class='ocrx_word' id='word_1_39' title='bbox 360 365 469 400; x_wconf 90' lang='lat' dir='ltr'><strong>corpori</strong></span> <span class='ocrx_word' id='word_1_40' title='bbox 491 365 612 400; x_wconf 89' lang='lat' dir='ltr'><strong>itnpacta</strong></span> <span class='ocrx_word' id='word_1_41' title='bbox 628 369 681 398; x_wconf 88' lang='lat' dir='ltr'><strong>est,</strong></span> <span class='ocrx_word' id='word_1_42' title='bbox 697 369 723 393; x_wconf 84' lang='lat' dir='ltr'><strong>et</strong></span> <span class='ocrx_word' id='word_1_43' title='bbox 742 365 769 392; x_wconf 93' lang='lat' dir='ltr'><strong>in</strong></span> <span class='ocrx_word' id='word_1_44' title='bbox 787 373 820 392; x_wconf 90' lang='lat' dir='ltr'><strong>eo</strong></span> <span class='ocrx_word' id='word_1_45' title='bbox 838 365 975 393; x_wconf 83' lang='lat' dir='ltr'><strong>exsistens</strong></span> <span class='ocrx_word' id='word_1_46' title='bbox 991 371 1054 400; x_wconf 88' lang='lat' dir='ltr'><strong>pec-</strong></span> 
     </span>
    </p>
   </div>
   <div class='ocr_carea' id='block_1_9' title="bbox 268 410 1052 446">
    <p class='ocr_par' dir='ltr' id='par_1_9' title="bbox 268 410 1052 446">
     <span class='ocr_line' id='line_1_9' title="bbox 268 410 1052 446; baseline 0 -10"><span class='ocrx_word' id='word_1_47' title='bbox 268 416 332 436; x_wconf 83' lang='lat' dir='ltr'><strong>care</strong></span> <span class='ocrx_word' id='word_1_48' title='bbox 345 417 400 437; x_wconf 90' lang='lat' dir='ltr'><strong>non</strong></span> <span class='ocrx_word' id='word_1_49' title='bbox 412 410 471 437; x_wconf 94' lang='lat' dir='ltr'><strong>vult</strong></span> <span class='ocrx_word' id='word_1_50' title='bbox 484 411 602 446; x_wconf 83' lang='lat' dir='ltr'><strong>amplius</strong></span> <span class='ocrx_word' id='word_1_51' title='bbox 622 419 628 437; x_wconf 86' lang='lat'><strong>:</strong></span> <span class='ocrx_word' id='word_1_52' title='bbox 642 410 782 446; x_wconf 88' lang='lat' dir='ltr'><strong>quomodo</strong></span> <span class='ocrx_word' id='word_1_53' title='bbox 797 418 851 438; x_wconf 90' lang='lat' dir='ltr'><strong>non</strong></span> <span class='ocrx_word' id='word_1_54' title='bbox 862 410 886 437; x_wconf 91' lang='lat' dir='ltr'><strong>ei</strong></span> <span class='ocrx_word' id='word_1_55' title='bbox 900 411 928 438; x_wconf 87' lang='lat' dir='ltr'><strong>fit</strong></span> <span class='ocrx_word' id='word_1_56' title='bbox 942 410 1052 445; x_wconf 84' lang='lat' dir='ltr'><strong>injuria,</strong></span> 
     </span>
    </p>
   </div>
   <div class='ocr_carea' id='block_1_10' title="bbox 268 455 1054 491">
    <p class='ocr_par' dir='ltr' id='par_1_10' title="bbox 268 455 1054 491">
     <span class='ocr_line' id='line_1_10' title="bbox 268 455 1054 491; baseline 0.001 -10"><span class='ocrx_word' id='word_1_57' title='bbox 268 462 329 490; x_wconf 66' lang='lat' dir='ltr'><strong>qua:</strong></span> <span class='ocrx_word' id='word_1_58' title='bbox 343 460 399 482; x_wconf 92' lang='lat' dir='ltr'><strong>tum</strong></span> <span class='ocrx_word' id='word_1_59' title='bbox 416 456 535 483; x_wconf 82' lang='lat' dir='ltr'><strong>maxime</strong></span> <span class='ocrx_word' id='word_1_60' title='bbox 551 457 576 483; x_wconf 90' lang='lat' dir='ltr'><strong>id</strong></span> <span class='ocrx_word' id='word_1_61' title='bbox 598 456 687 484; x_wconf 85' lang='lat' dir='ltr'><strong>facere</strong></span> <span class='ocrx_word' id='word_1_62' title='bbox 702 457 779 491; x_wconf 84' lang='lat' dir='ltr'><strong>jussa</strong></span> <span class='ocrx_word' id='word_1_63' title='bbox 799 464 853 483; x_wconf 91' lang='lat' dir='ltr'><strong>non</strong></span> <span class='ocrx_word' id='word_1_64' title='bbox 879 456 926 490; x_wconf 86' lang='lat' dir='ltr'><strong>sit,</strong></span> <span class='ocrx_word' id='word_1_65' title='bbox 937 463 999 484; x_wconf 92' lang='lat' dir='ltr'><strong>cum</strong></span> <span class='ocrx_word' id='word_1_66' title='bbox 1020 455 1054 483; x_wconf 87' lang='lat' dir='ltr'><strong>ad</strong></span> 
     </span>
    </p>
   </div>
   <div class='ocr_carea' id='block_1_11' title="bbox 267 501 1054 536">
    <p class='ocr_par' dir='ltr' id='par_1_11' title="bbox 267 501 1054 536">
     <span class='ocr_line' id='line_1_11' title="bbox 267 501 1054 536; baseline 0.001 -8"><span class='ocrx_word' id='word_1_67' title='bbox 267 502 398 529; x_wconf 83' lang='lat' dir='ltr'><strong>virtutem</strong></span> <span class='ocrx_word' id='word_1_68' title='bbox 417 506 477 528; x_wconf 87' lang='lat' dir='ltr'><strong>erat</strong></span> <span class='ocrx_word' id='word_1_69' title='bbox 505 502 668 536; x_wconf 76' lang='lat' dir='ltr'><strong>expeditior,</strong></span> <span class='ocrx_word' id='word_1_70' title='bbox 688 502 809 528; x_wconf 88' lang='lat' dir='ltr'><strong>nondum</strong></span> <span class='ocrx_word' id='word_1_71' title='bbox 829 501 911 529; x_wconf 86' lang='lat' dir='ltr'><strong>malis</strong></span> <span class='ocrx_word' id='word_1_72' title='bbox 930 501 1054 536; x_wconf 89' lang='lat' dir='ltr'><strong>corporis</strong></span> 
     </span>
    </p>
   </div>
   <div class='ocr_carea' id='block_1_12' title="bbox 269 546 1053 582">
    <p class='ocr_par' dir='ltr' id='par_1_12' title="bbox 269 546 1053 582">
     <span class='ocr_line' id='line_1_12' title="bbox 269 546 1053 582; baseline 0.001 -9"><span class='ocrx_word' id='word_1_73' title='bbox 269 546 385 582; x_wconf 80' lang='lat' dir='ltr'><strong>illigata,</strong></span> <span class='ocrx_word' id='word_1_74' title='bbox 401 547 447 574; x_wconf 86' lang='lat' dir='ltr'><strong>sed</strong></span> <span class='ocrx_word' id='word_1_75' title='bbox 464 547 657 582; x_wconf 86' lang='lat' dir='ltr'><strong>intempestive</strong></span> <span class='ocrx_word' id='word_1_76' title='bbox 674 547 700 575; x_wconf 90' lang='lat' dir='ltr'><strong>id</strong></span> <span class='ocrx_word' id='word_1_77' title='bbox 716 551 846 582; x_wconf 63' lang='lat' dir='ltr'><strong>praestare</strong></span> <span class='ocrx_word' id='word_1_78' title='bbox 861 548 979 582; x_wconf 81' lang='lat' dir='ltr'><strong>cogitur,</strong></span> <span class='ocrx_word' id='word_1_79' title='bbox 991 554 1053 574; x_wconf 85' lang='lat' dir='ltr'><strong>cum</strong></span> 
     </span>
    </p>
   </div>
   <div class='ocr_carea' id='block_1_13' title="bbox 267 593 1054 628">
    <p class='ocr_par' dir='ltr' id='par_1_13' title="bbox 267 593 1054 628">
     <span class='ocr_line' id='line_1_13' title="bbox 267 593 1054 628; baseline 0 -8"><span class='ocrx_word' id='word_1_80' title='bbox 267 597 310 620; x_wconf 87' lang='lat' dir='ltr'><strong>est</strong></span> <span class='ocrx_word' id='word_1_81' title='bbox 326 593 468 628; x_wconf 88' lang='lat' dir='ltr'><strong>inquinata</strong></span> <span class='ocrx_word' id='word_1_82' title='bbox 489 593 621 628; x_wconf 82' lang='lat' dir='ltr'><strong>peccato?</strong></span> <span class='ocrx_word' id='word_1_83' title='bbox 634 593 715 628; x_wconf 81' lang='lat' dir='ltr'><strong>Atqui</strong></span> <span class='ocrx_word' id='word_1_84' title='bbox 741 593 812 620; x_wconf 87' lang='lat' dir='ltr'><strong>Deus</strong></span> <span class='ocrx_word' id='word_1_85' title='bbox 839 593 904 619; x_wconf 87' lang='lat' dir='ltr'><strong>nihil</strong></span> <span class='ocrx_word' id='word_1_86' title='bbox 922 593 1054 627; x_wconf 82' lang='lat' dir='ltr'><strong>intempe-</strong></span> 
     </span>
    </p>
   </div>
   <div class='ocr_carea' id='block_1_14' title="bbox 268 638 1053 673">
    <p class='ocr_par' dir='ltr' id='par_1_14' title="bbox 268 638 1053 673">
     <span class='ocr_line' id='line_1_14' title="bbox 268 638 1053 673; baseline -0.001 -8"><span class='ocrx_word' id='word_1_87' title='bbox 268 638 337 666; x_wconf 85' lang='lat' dir='ltr'><strong>stive</strong></span> <span class='ocrx_word' id='word_1_88' title='bbox 351 638 438 673; x_wconf 86' lang='lat' dir='ltr'><strong>jubet,</strong></span> <span class='ocrx_word' id='word_1_89' title='bbox 456 646 543 673; x_wconf 86' lang='lat' dir='ltr'><strong>neque</strong></span> <span class='ocrx_word' id='word_1_90' title='bbox 559 638 688 673; x_wconf 87' lang='lat' dir='ltr'><strong>injuriam</strong></span> <span class='ocrx_word' id='word_1_91' title='bbox 709 638 774 665; x_wconf 90' lang='lat' dir='ltr'><strong>facit</strong></span> <span class='ocrx_word' id='word_1_92' title='bbox 791 638 815 666; x_wconf 88' lang='lat' dir='ltr'><strong>is</strong></span> <span class='ocrx_word' id='word_1_93' title='bbox 830 639 875 673; x_wconf 90' lang='lat' dir='ltr'><strong>qui</strong></span> <span class='ocrx_word' id='word_1_94' title='bbox 891 642 988 665; x_wconf 87' lang='lat' dir='ltr'><strong>natura</strong></span> <span class='ocrx_word' id='word_1_95' title='bbox 1004 645 1053 665; x_wconf 89' lang='lat' dir='ltr'><strong>sua</strong></span> 
     </span>
    </p>
   </div>
   <div class='ocr_carea' id='block_1_15' title="bbox 269 683 1054 720">
    <p class='ocr_par' dir='ltr' id='par_1_15' title="bbox 269 683 1054 720">
     <span class='ocr_line' id='line_1_15' title="bbox 269 683 1054 720; baseline 0.001 -10"><span class='ocrx_word' id='word_1_96' title='bbox 269 691 370 711; x_wconf 81' lang='lat' dir='ltr'><strong>nocere</strong></span> <span class='ocrx_word' id='word_1_97' title='bbox 387 685 491 719; x_wconf 84' lang='lat' dir='ltr'><strong>nequit.</strong></span> <span class='ocrx_word' id='word_1_98' title='bbox 514 684 673 719; x_wconf 86' lang='lat' dir='ltr'><strong>Opportune</strong></span> <span class='ocrx_word' id='word_1_99' title='bbox 694 684 778 719; x_wconf 81' lang='lat' dir='ltr'><strong>igitur</strong></span> <span class='ocrx_word' id='word_1_100' title='bbox 798 689 826 712; x_wconf 88' lang='lat' dir='ltr'><strong>et</strong></span> <span class='ocrx_word' id='word_1_101' title='bbox 847 684 920 720; x_wconf 87' lang='lat' dir='ltr'><strong>juste</strong></span> <span class='ocrx_word' id='word_1_102' title='bbox 941 691 956 710; x_wconf 83' lang='lat' dir='ltr'><strong>a</strong></span> <span class='ocrx_word' id='word_1_103' title='bbox 976 683 1054 711; x_wconf 88' lang='lat' dir='ltr'><strong>nobis</strong></span> 
     </span>
    </p>
   </div>
   <div class='ocr_carea' id='block_1_16' title="bbox 268 729 1053 765">
    <p class='ocr_par' dir='ltr' id='par_1_16' title="bbox 268 729 1053 765">
     <span class='ocr_line' id='line_1_16' title="bbox 268 729 1053 765; baseline -0.001 -8"><span class='ocrx_word' id='word_1_104' title='bbox 268 730 350 764; x_wconf 81' lang='lat' dir='ltr'><strong>exigit</strong></span> <span class='ocrx_word' id='word_1_105' title='bbox 372 735 401 757; x_wconf 91' lang='lat' dir='ltr'><strong>ut</strong></span> <span class='ocrx_word' id='word_1_106' title='bbox 420 731 447 757; x_wconf 92' lang='lat' dir='ltr'><strong>in</strong></span> <span class='ocrx_word' id='word_1_107' title='bbox 468 730 520 757; x_wconf 89' lang='lat' dir='ltr'><strong>hac</strong></span> <span class='ocrx_word' id='word_1_108' title='bbox 536 738 619 757; x_wconf 90' lang='lat' dir='ltr'><strong>carne</strong></span> <span class='ocrx_word' id='word_1_109' title='bbox 636 737 690 757; x_wconf 90' lang='lat' dir='ltr'><strong>non</strong></span> <span class='ocrx_word' id='word_1_110' title='bbox 707 737 864 765; x_wconf 85' lang='lat' dir='ltr'><strong>peccemus,</strong></span> <span class='ocrx_word' id='word_1_111' title='bbox 886 737 950 757; x_wconf 90' lang='lat' dir='ltr'><strong>cum</strong></span> <span class='ocrx_word' id='word_1_112' title='bbox 977 729 1053 757; x_wconf 86' lang='lat' dir='ltr'><strong>exsi-</strong></span> 
     </span>
    </p>
   </div>
   <div class='ocr_carea' id='block_1_17' title="bbox 270 775 1055 812">
    <p class='ocr_par' dir='ltr' id='par_1_17' title="bbox 270 775 1055 812">
     <span class='ocr_line' id='line_1_17' title="bbox 270 775 1055 812; baseline 0.001 -9"><span class='ocrx_word' id='word_1_113' title='bbox 270 775 361 804; x_wconf 80' lang='lat' dir='ltr'><strong>stendi</strong></span> <span class='ocrx_word' id='word_1_114' title='bbox 380 780 487 812; x_wconf 90' lang='lat' dir='ltr'><strong>tempus</strong></span> <span class='ocrx_word' id='word_1_115' title='bbox 504 777 576 804; x_wconf 88' lang='lat' dir='ltr'><strong>istud</strong></span> <span class='ocrx_word' id='word_1_116' title='bbox 591 777 680 804; x_wconf 86' lang='lat' dir='ltr'><strong>solum</strong></span> <span class='ocrx_word' id='word_1_117' title='bbox 698 776 858 809; x_wconf 79' lang='lat' dir='ltr'><strong>habeamus,</strong></span> <span class='ocrx_word' id='word_1_118' title='bbox 874 784 928 811; x_wconf 91' lang='lat' dir='ltr'><strong>quo</strong></span> <span class='ocrx_word' id='word_1_119' title='bbox 943 777 969 803; x_wconf 92' lang='lat' dir='ltr'><strong>in</strong></span> <span class='ocrx_word' id='word_1_120' title='bbox 982 776 1055 804; x_wconf 87' lang='lat' dir='ltr'><strong>hunc</strong></span> 
     </span>
    </p>
   </div>
   <div class='ocr_carea' id='block_1_18' title="bbox 269 822 1054 858">
    <p class='ocr_par' dir='ltr' id='par_1_18' title="bbox 269 822 1054 858">
     <span class='ocr_line' id='line_1_18' title="bbox 269 822 1054 858; baseline 0.001 -10"><span class='ocrx_word' id='word_1_121' title='bbox 269 822 399 849; x_wconf 89' lang='lat' dir='ltr'><strong>mundum</strong></span> <span class='ocrx_word' id='word_1_122' title='bbox 428 822 562 856; x_wconf 88' lang='lat' dir='ltr'><strong>venimus,</strong></span> <span class='ocrx_word' id='word_1_123' title='bbox 585 822 651 850; x_wconf 91' lang='lat' dir='ltr'><strong>illud</strong></span> <span class='ocrx_word' id='word_1_124' title='bbox 677 823 753 857; x_wconf 88' lang='lat' dir='ltr'><strong>prius</strong></span> <span class='ocrx_word' id='word_1_125' title='bbox 778 830 832 850; x_wconf 91' lang='lat' dir='ltr'><strong>non</strong></span> <span class='ocrx_word' id='word_1_126' title='bbox 846 830 916 854; x_wconf 84' lang='lat' dir='ltr'><strong>esse,</strong></span> <span class='ocrx_word' id='word_1_127' title='bbox 933 823 989 858; x_wconf 78' lang='lat'><strong>80</strong></span> <span class='ocrx_word' id='word_1_128' title='bbox 1005 829 1054 849; x_wconf 86' lang='lat' dir='ltr'><strong>ceu</strong></span> 
     </span>
    </p>
   </div>
   <div class='ocr_carea' id='block_1_19' title="bbox 267 868 1053 904">
    <p class='ocr_par' dir='ltr' id='par_1_19' title="bbox 267 868 1053 904">
     <span class='ocr_line' id='line_1_19' title="bbox 267 868 1053 904; baseline 0 -10"><span class='ocrx_word' id='word_1_129' title='bbox 267 868 357 895; x_wconf 91' lang='lat' dir='ltr'><strong>locum</strong></span> <span class='ocrx_word' id='word_1_130' title='bbox 382 868 525 902; x_wconf 88' lang='lat' dir='ltr'><strong>quemdam</strong></span> <span class='ocrx_word' id='word_1_131' title='bbox 556 869 754 903; x_wconf 75' lang='lat' dir='ltr'><strong>relinquentes,</strong></span> <span class='ocrx_word' id='word_1_132' title='bbox 781 872 808 895; x_wconf 90' lang='lat' dir='ltr'><strong>ct</strong></span> <span class='ocrx_word' id='word_1_133' title='bbox 836 877 868 896; x_wconf 83' lang='lat' dir='ltr'><strong>ex</strong></span> <span class='ocrx_word' id='word_1_134' title='bbox 896 869 955 904; x_wconf 84' lang='lat' dir='ltr'><strong>ipso</strong></span> <span class='ocrx_word' id='word_1_135' title='bbox 973 868 1053 903; x_wconf 86' lang='lat' dir='ltr'><strong>quasi</strong></span> 
     </span>
    </p>
   </div>
   <div class='ocr_carea' id='block_1_20' title="bbox 268 914 844 949">
    <p class='ocr_par' dir='ltr' id='par_1_20' title="bbox 268 914 844 949">
     <span class='ocr_line' id='line_1_20' title="bbox 268 914 844 949; baseline 0 -8"><span class='ocrx_word' id='word_1_136' title='bbox 268 914 493 949; x_wconf 68' lang='lat' dir='ltr'><strong>praeexsistentite</strong></span> <span class='ocrx_word' id='word_1_137' title='bbox 511 914 678 949; x_wconf 85' lang='lat' dir='ltr'><strong>principium</strong></span> <span class='ocrx_word' id='word_1_138' title='bbox 696 917 844 941; x_wconf 80' lang='lat' dir='ltr'><strong>mutantes.</strong></span> 
     </span>
    </p>
   </div>
   <div class='ocr_carea' id='block_1_21' title="bbox 303 1058 1056 1094">
    <p class='ocr_par' dir='ltr' id='par_1_21' title="bbox 303 1058 1056 1094">
     <span class='ocr_line' id='line_1_21' title="bbox 303 1058 1056 1094; baseline -0.001 -7"><span class='ocrx_word' id='word_1_139' title='bbox 303 1060 330 1087; x_wconf 79' lang='grc' dir='ltr'><strong>ι.</strong></span> <span class='ocrx_word' id='word_1_140' title='bbox 350 1059 467 1087; x_wconf 87' lang='lat' dir='ltr'><strong>ALIUD.</strong></span> <span class='ocrx_word' id='word_1_141' title='bbox 490 1059 619 1087; x_wconf 89' lang='lat' dir='ltr'><strong>Libenter</strong></span> <span class='ocrx_word' id='word_1_142' title='bbox 641 1059 676 1086; x_wconf 88' lang='lat' dir='ltr'><strong>ab</strong></span> <span class='ocrx_word' id='word_1_143' title='bbox 689 1059 730 1086; x_wconf 89' lang='lat' dir='ltr'><strong>eis</strong></span> <span class='ocrx_word' id='word_1_144' title='bbox 745 1066 906 1094; x_wconf 65' lang='lat' dir='ltr'><strong>quaererem,</strong></span> <span class='ocrx_word' id='word_1_145' title='bbox 923 1058 970 1094; x_wconf 79' lang='lat' dir='ltr'><strong>qui</strong></span> <span class='ocrx_word' id='word_1_146' title='bbox 988 1066 1056 1086; x_wconf 90' lang='lat' dir='ltr'><strong>con-</strong></span> 
     </span>
    </p>
   </div>
   <div class='ocr_carea' id='block_1_22' title="bbox 268 1105 1055 1140">
    <p class='ocr_par' dir='ltr' id='par_1_22' title="bbox 268 1105 1055 1140">
     <span class='ocr_line' id='line_1_22' title="bbox 268 1105 1055 1140; baseline -0.001 -7"><span class='ocrx_word' id='word_1_147' title='bbox 268 1112 428 1134; x_wconf 86' lang='lat' dir='ltr'><strong>sentaneum</strong></span> <span class='ocrx_word' id='word_1_148' title='bbox 450 1106 485 1133; x_wconf 90' lang='lat' dir='ltr'><strong>sit</strong></span> <span class='ocrx_word' id='word_1_149' title='bbox 501 1105 619 1133; x_wconf 84' lang='lat' dir='ltr'><strong>animam</strong></span> <span class='ocrx_word' id='word_1_150' title='bbox 636 1113 696 1139; x_wconf 69' lang='lat' dir='ltr'><strong>quae</strong></span> <span class='ocrx_word' id='word_1_151' title='bbox 712 1110 775 1133; x_wconf 83' lang='lat' dir='ltr'><strong>ante</strong></span> <span class='ocrx_word' id='word_1_152' title='bbox 790 1112 905 1140; x_wconf 91' lang='lat' dir='ltr'><strong>corpora</strong></span> <span class='ocrx_word' id='word_1_153' title='bbox 921 1106 1055 1140; x_wconf 82' lang='lat' dir='ltr'><strong>peccavit,</strong></span> 
     </span>
    </p>
   </div>
   <div class='ocr_carea' id='block_1_23' title="bbox 269 1150 1054 1187">
    <p class='ocr_par' dir='ltr' id='par_1_23' title="bbox 269 1150 1054 1187">
     <span class='ocr_line' id='line_1_23' title="bbox 269 1150 1054 1187; baseline -0.001 -8"><span class='ocrx_word' id='word_1_154' title='bbox 269 1152 297 1179; x_wconf 90' lang='lat' dir='ltr'><strong>in</strong></span> <span class='ocrx_word' id='word_1_155' title='bbox 313 1159 415 1187; x_wconf 86' lang='lat' dir='ltr'><strong>corpus</strong></span> <span class='ocrx_word' id='word_1_156' title='bbox 430 1151 550 1183; x_wconf 86' lang='lat' dir='ltr'><strong>detrudi,</strong></span> <span class='ocrx_word' id='word_1_157' title='bbox 564 1155 595 1178; x_wconf 88' lang='lat' dir='ltr'><strong>ut</strong></span> <span class='ocrx_word' id='word_1_158' title='bbox 612 1151 799 1185; x_wconf 84' lang='lat' dir='ltr'><strong>experimento</strong></span> <span class='ocrx_word' id='word_1_159' title='bbox 815 1151 876 1186; x_wconf 90' lang='lat' dir='ltr'><strong>ipso</strong></span> <span class='ocrx_word' id='word_1_160' title='bbox 900 1150 989 1178; x_wconf 84' lang='lat' dir='ltr'><strong>discat</strong></span> <span class='ocrx_word' id='word_1_161' title='bbox 1006 1159 1054 1178; x_wconf 91' lang='lat' dir='ltr'><strong>cu-</strong></span> 
     </span>
    </p>
   </div>
   <div class='ocr_carea' id='block_1_24' title="bbox 269 1196 1056 1232">
    <p class='ocr_par' dir='ltr' id='par_1_24' title="bbox 269 1196 1056 1232">
     <span class='ocr_line' id='line_1_24' title="bbox 269 1196 1056 1232; baseline 0 -8"><span class='ocrx_word' id='word_1_162' title='bbox 269 1198 413 1232; x_wconf 88' lang='lat' dir='ltr'><strong>piditatum</strong></span> <span class='ocrx_word' id='word_1_163' title='bbox 428 1204 539 1224; x_wconf 87' lang='lat' dir='ltr'><strong>suarum</strong></span> <span class='ocrx_word' id='word_1_164' title='bbox 563 1196 782 1231; x_wconf 87' lang='lat' dir='ltr'><strong>turpitudinem;</strong></span> <span class='ocrx_word' id='word_1_165' title='bbox 801 1196 859 1223; x_wconf 70' lang='lat' dir='ltr'><strong>haec</strong></span> <span class='ocrx_word' id='word_1_166' title='bbox 868 1196 941 1224; x_wconf 89' lang='lat' dir='ltr'><strong>enim</strong></span> <span class='ocrx_word' id='word_1_167' title='bbox 957 1196 1056 1224; x_wconf 90' lang='lat' dir='ltr'><strong>docere</strong></span> 
     </span>
    </p>
   </div>
   <div class='ocr_carea' id='block_1_25' title="bbox 269 1241 1054 1276">
    <p class='ocr_par' dir='ltr' id='par_1_25' title="bbox 269 1241 1054 1276">
     <span class='ocr_line' id='line_1_25' title="bbox 269 1241 1054 1276; baseline -0.001 -6"><span class='ocrx_word' id='word_1_168' title='bbox 269 1251 325 1270; x_wconf 89' lang='lat' dir='ltr'><strong>non</strong></span> <span class='ocrx_word' id='word_1_169' title='bbox 352 1246 495 1270; x_wconf 90' lang='lat' dir='ltr'><strong>verentur.</strong></span> <span class='ocrx_word' id='word_1_170' title='bbox 521 1241 602 1276; x_wconf 89' lang='lat' dir='ltr'><strong>Atqui</strong></span> <span class='ocrx_word' id='word_1_171' title='bbox 631 1241 665 1268; x_wconf 87' lang='lat' dir='ltr'><strong>ab</strong></span> <span class='ocrx_word' id='word_1_172' title='bbox 691 1241 751 1276; x_wconf 87' lang='lat' dir='ltr'><strong>ipso</strong></span> <span class='ocrx_word' id='word_1_173' title='bbox 778 1241 914 1268; x_wconf 85' lang='lat' dir='ltr'><strong>malorum</strong></span> <span class='ocrx_word' id='word_1_174' title='bbox 944 1246 1054 1276; x_wconf 92' lang='lat' dir='ltr'><strong>aspectu</strong></span> 
     </span>
    </p>
   </div>
   <div class='ocr_carea' id='block_1_26' title="bbox 270 1286 1056 1323">
    <p class='ocr_par' dir='ltr' id='par_1_26' title="bbox 270 1286 1056 1323">
     <span class='ocr_line' id='line_1_26' title="bbox 270 1286 1056 1323; baseline -0.004 -7"><span class='ocrx_word' id='word_1_175' title='bbox 270 1289 411 1317; x_wconf 58' lang='lat' dir='ltr'><strong>amllcnda</strong></span> <span class='ocrx_word' id='word_1_176' title='bbox 432 1289 523 1323; x_wconf 83' lang='lat' dir='ltr'><strong>potius</strong></span> <span class='ocrx_word' id='word_1_177' title='bbox 547 1291 631 1319; x_wconf 88' lang='lat' dir='ltr'><strong>esset,</strong></span> <span class='ocrx_word' id='word_1_178' title='bbox 655 1294 736 1322; x_wconf 84' lang='lat' dir='ltr'><strong>quam</strong></span> <span class='ocrx_word' id='word_1_179' title='bbox 760 1286 787 1314; x_wconf 92' lang='lat' dir='ltr'><strong>in</strong></span> <span class='ocrx_word' id='word_1_180' title='bbox 814 1288 903 1321; x_wconf 88' lang='lat' dir='ltr'><strong>ipsum</strong></span> <span class='ocrx_word' id='word_1_181' title='bbox 927 1287 1056 1321; x_wconf 82' lang='lat' dir='ltr'><strong>turpiSsi-</strong></span> 
     </span>
    </p>
   </div>
   <div class='ocr_carea' id='block_1_27' title="bbox 271 1331 1056 1369">
    <p class='ocr_par' dir='ltr' id='par_1_27' title="bbox 271 1331 1056 1369">
     <span class='ocr_line' id='line_1_27' title="bbox 271 1331 1056 1369; baseline -0.006 -6"><span class='ocrx_word' id='word_1_182' title='bbox 271 1343 377 1363; x_wconf 85' lang='lat' dir='ltr'><strong>marum</strong></span> <span class='ocrx_word' id='word_1_183' title='bbox 403 1335 575 1369; x_wconf 85' lang='lat' dir='ltr'><strong>voluptatum</strong></span> <span class='ocrx_word' id='word_1_184' title='bbox 602 1333 767 1368; x_wconf 91' lang='lat' dir='ltr'><strong>profundum</strong></span> <span class='ocrx_word' id='word_1_185' title='bbox 786 1331 965 1360; x_wconf 84' lang='lat' dir='ltr'><strong>detrudenda.</strong></span> <span class='ocrx_word' id='word_1_186' title='bbox 987 1332 1056 1359; x_wconf 93' lang='lat' dir='ltr'><strong>lllud</strong></span> 
     </span>
    </p>
   </div>
   <div class='ocr_carea' id='block_1_28' title="bbox 271 1377 1055 1413">
    <p class='ocr_par' dir='ltr' id='par_1_28' title="bbox 271 1377 1055 1413">
     <span class='ocr_line' id='line_1_28' title="bbox 271 1377 1055 1413; baseline -0.004 -6"><span class='ocrx_word' id='word_1_187' title='bbox 271 1380 344 1407; x_wconf 88' lang='lat' dir='ltr'><strong>enim</strong></span> <span class='ocrx_word' id='word_1_188' title='bbox 372 1379 485 1407; x_wconf 88' lang='lat' dir='ltr'><strong>remedii</strong></span> <span class='ocrx_word' id='word_1_189' title='bbox 508 1385 594 1413; x_wconf 81' lang='lat' dir='ltr'><strong>genus</strong></span> <span class='ocrx_word' id='word_1_190' title='bbox 622 1381 681 1404; x_wconf 90' lang='lat' dir='ltr'><strong>erat</strong></span> <span class='ocrx_word' id='word_1_191' title='bbox 707 1378 802 1412; x_wconf 87' lang='lat' dir='ltr'><strong>potius</strong></span> <span class='ocrx_word' id='word_1_192' title='bbox 817 1385 898 1412; x_wconf 81' lang='lat' dir='ltr'><strong>quam</strong></span> <span class='ocrx_word' id='word_1_193' title='bbox 923 1377 1006 1405; x_wconf 92' lang='lat' dir='ltr'><strong>istud.</strong></span> <span class='ocrx_word' id='word_1_194' title='bbox 1028 1377 1055 1404; x_wconf 89' lang='lat' dir='ltr'><strong>Si</strong></span> 
     </span>
    </p>
   </div>
   <div class='ocr_carea' id='block_1_29' title="bbox 272 1423 1057 1461">
    <p class='ocr_par' dir='ltr' id='par_1_29' title="bbox 272 1423 1057 1461">
     <span class='ocr_line' id='line_1_29' title="bbox 272 1423 1057 1461; baseline -0.006 -8"><span class='ocrx_word' id='word_1_195' title='bbox 272 1432 337 1461; x_wconf 73' lang='lat' dir='ltr'><strong>ergo</strong></span> <span class='ocrx_word' id='word_1_196' title='bbox 368 1429 398 1452; x_wconf 91' lang='lat' dir='ltr'><strong>ut</strong></span> <span class='ocrx_word' id='word_1_197' title='bbox 419 1423 560 1459; x_wconf 85' lang='lat' dir='ltr'><strong>corporeis</strong></span> <span class='ocrx_word' id='word_1_198' title='bbox 581 1423 763 1458; x_wconf 80' lang='lat' dir='ltr'><strong>voluptatibus</strong></span> <span class='ocrx_word' id='word_1_199' title='bbox 785 1423 975 1458; x_wconf 76' lang='lat' dir='ltr'><strong>immergatur,</strong></span> <span class='ocrx_word' id='word_1_200' title='bbox 1000 1429 1057 1449; x_wconf 82' lang='lat' dir='ltr'><strong>ma-</strong></span> 
     </span>
    </p>
   </div>
   <div class='ocr_carea' id='block_1_30' title="bbox 271 1468 1056 1506">
    <p class='ocr_par' dir='ltr' id='par_1_30' title="bbox 271 1468 1056 1506">
     <span class='ocr_line' id='line_1_30' title="bbox 271 1468 1056 1506; baseline -0.003 -8"><span class='ocrx_word' id='word_1_201' title='bbox 271 1471 361 1498; x_wconf 84' lang='lat' dir='ltr'><strong>lorum</strong></span> <span class='ocrx_word' id='word_1_202' title='bbox 385 1469 573 1497; x_wconf 91' lang='lat' dir='ltr'><strong>accessionem</strong></span> <span class='ocrx_word' id='word_1_203' title='bbox 599 1469 692 1501; x_wconf 83' lang='lat' dir='ltr'><strong>habet,</strong></span> <span class='ocrx_word' id='word_1_204' title='bbox 707 1468 780 1503; x_wconf 92' lang='lat' dir='ltr'><strong>quod</strong></span> <span class='ocrx_word' id='word_1_205' title='bbox 792 1469 825 1506; x_wconf 80' lang='lat' dir='ltr'><strong>jn</strong></span> <span class='ocrx_word' id='word_1_206' title='bbox 847 1476 946 1503; x_wconf 88' lang='lat' dir='ltr'><strong>corpus</strong></span> <span class='ocrx_word' id='word_1_207' title='bbox 964 1469 1056 1496; x_wconf 88' lang='lat' dir='ltr'><strong>detru-</strong></span> 
     </span>
    </p>
   </div>
   <div class='ocr_carea' id='block_1_31' title="bbox 271 1514 1057 1550">
    <p class='ocr_par' dir='ltr' id='par_1_31' title="bbox 271 1514 1057 1550">
     <span class='ocr_line' id='line_1_31' title="bbox 271 1514 1057 1550; baseline -0.004 -5"><span class='ocrx_word' id='word_1_208' title='bbox 271 1518 356 1548; x_wconf 86' lang='lat' dir='ltr'><strong>ditur,</strong></span> <span class='ocrx_word' id='word_1_209' title='bbox 379 1523 458 1544; x_wconf 92' lang='lat' dir='ltr'><strong>nemo</strong></span> <span class='ocrx_word' id='word_1_210' title='bbox 474 1514 625 1542; x_wconf 79' lang='lat' dir='ltr'><strong>laudaverit</strong></span> <span class='ocrx_word' id='word_1_211' title='bbox 655 1514 791 1542; x_wconf 87' lang='lat' dir='ltr'><strong>mcdicunt</strong></span> <span class='ocrx_word' id='word_1_212' title='bbox 817 1515 862 1550; x_wconf 91' lang='lat' dir='ltr'><strong>qui</strong></span> <span class='ocrx_word' id='word_1_213' title='bbox 883 1521 985 1550; x_wconf 58' lang='lat' dir='ltr'><strong>aegrum</strong></span> <span class='ocrx_word' id='word_1_214' title='bbox 1009 1515 1057 1542; x_wconf 82' lang='lat' dir='ltr'><strong>ad-</strong></span> 
     </span>
    </p>
   </div>
   <div class='ocr_carea' id='block_1_32' title="bbox 270 1559 1092 1605">
    <p class='ocr_par' dir='ltr' id='par_1_32' title="bbox 270 1559 1092 1605">
     <span class='ocr_line' id='line_1_32' title="bbox 270 1559 1092 1605; baseline -0.005 -15"><span class='ocrx_word' id='word_1_215' title='bbox 270 1564 359 1598; x_wconf 70' lang='lat' dir='ltr'><strong>iutum</strong></span> <span class='ocrx_word' id='word_1_216' title='bbox 387 1561 419 1588; x_wconf 89' lang='lat' dir='ltr'><strong>iri</strong></span> <span class='ocrx_word' id='word_1_217' title='bbox 441 1563 519 1596; x_wconf 82' lang='lat' dir='ltr'><strong>putat</strong></span> <span class='ocrx_word' id='word_1_218' title='bbox 538 1567 586 1605; x_wconf 87' lang='lat' dir='ltr'><strong>per</strong></span> <span class='ocrx_word' id='word_1_219' title='bbox 602 1567 633 1587; x_wconf 88' lang='lat' dir='ltr'><strong>ea</strong></span> <span class='ocrx_word' id='word_1_220' title='bbox 653 1560 712 1594; x_wconf 84' lang='lat' dir='ltr'><strong>ipsa</strong></span> <span class='ocrx_word' id='word_1_221' title='bbox 733 1559 834 1594; x_wconf 85' lang='lat' dir='ltr'><strong>quibus</strong></span> <span class='ocrx_word' id='word_1_222' title='bbox 849 1560 873 1587; x_wconf 88' lang='lat' dir='ltr'><strong>ei</strong></span> <span class='ocrx_word' id='word_1_223' title='bbox 901 1564 991 1587; x_wconf 86' lang='lat' dir='ltr'><strong>nocet.</strong></span> <span class='ocrx_word' id='word_1_224' title='bbox 1007 1559 1055 1587; x_wconf 89' lang='lat' dir='ltr'><strong>Sin</strong></span> <span class='ocrx_word' id='word_1_225' title='bbox 1071 1576 1092 1605; x_wconf 80' lang='lat' dir='ltr'><strong>C</strong></span> 
     </span>
    </p>
   </div>
   <div class='ocr_carea' id='block_1_33' title="bbox 273 1604 1055 1641">
    <p class='ocr_par' dir='ltr' id='par_1_33' title="bbox 273 1604 1055 1641">
     <span class='ocr_line' id='line_1_33' title="bbox 273 1604 1055 1641; baseline -0.005 -5"><span class='ocrx_word' id='word_1_226' title='bbox 273 1614 361 1636; x_wconf 77' lang='lat' dir='ltr'><strong>autem</strong></span> <span class='ocrx_word' id='word_1_227' title='bbox 378 1611 406 1634; x_wconf 95' lang='lat' dir='ltr'><strong>ut</strong></span> <span class='ocrx_word' id='word_1_228' title='bbox 422 1605 555 1641; x_wconf 82' lang='lat' dir='ltr'><strong>peccandi</strong></span> <span class='ocrx_word' id='word_1_229' title='bbox 572 1604 651 1631; x_wconf 84' lang='lat' dir='ltr'><strong>finem</strong></span> <span class='ocrx_word' id='word_1_230' title='bbox 667 1605 758 1638; x_wconf 85' lang='lat' dir='ltr'><strong>faciat,</strong></span> <span class='ocrx_word' id='word_1_231' title='bbox 771 1605 909 1640; x_wconf 91' lang='lat' dir='ltr'><strong>quomodo</strong></span> <span class='ocrx_word' id='word_1_232' title='bbox 926 1605 952 1632; x_wconf 94' lang='lat' dir='ltr'><strong>in</strong></span> <span class='ocrx_word' id='word_1_233' title='bbox 965 1607 1055 1640; x_wconf 87' lang='lat' dir='ltr'><strong>ipsum</strong></span> 
     </span>
    </p>
   </div>
   <div class='ocr_carea' id='block_1_34' title="bbox 273 1650 1055 1689">
    <p class='ocr_par' dir='ltr' id='par_1_34' title="bbox 273 1650 1055 1689">
     <span class='ocr_line' id='line_1_34' title="bbox 273 1650 1055 1689; baseline -0.004 -8"><span class='ocrx_word' id='word_1_234' title='bbox 273 1653 434 1689; x_wconf 85' lang='lat' dir='ltr'><strong>cupiditatis</strong></span> <span class='ocrx_word' id='word_1_235' title='bbox 461 1651 571 1686; x_wconf 86' lang='lat' dir='ltr'><strong>delapsa</strong></span> <span class='ocrx_word' id='word_1_236' title='bbox 595 1650 762 1686; x_wconf 89' lang='lat' dir='ltr'><strong>profundum</strong></span> <span class='ocrx_word' id='word_1_237' title='bbox 790 1658 928 1686; x_wconf 73' lang='lat' dir='ltr'><strong>emergere</strong></span> <span class='ocrx_word' id='word_1_238' title='bbox 955 1652 1055 1686; x_wconf 89' lang='lat' dir='ltr'><strong>potuit,</strong></span> 
     </span>
    </p>
   </div>
   <div class='ocr_carea' id='block_1_35' title="bbox 273 1696 1055 1733">
    <p class='ocr_par' dir='ltr' id='par_1_35' title="bbox 273 1696 1055 1733">
     <span class='ocr_line' id='line_1_35' title="bbox 273 1696 1055 1733; baseline -0.003 -7"><span class='ocrx_word' id='word_1_239' title='bbox 273 1708 305 1727; x_wconf 88' lang='lat' dir='ltr'><strong>ac</strong></span> <span class='ocrx_word' id='word_1_240' title='bbox 322 1707 380 1726; x_wconf 91' lang='lat' dir='ltr'><strong>non</strong></span> <span class='ocrx_word' id='word_1_241' title='bbox 396 1698 486 1733; x_wconf 87' lang='lat' dir='ltr'><strong>potius</strong></span> <span class='ocrx_word' id='word_1_242' title='bbox 510 1697 599 1731; x_wconf 86' lang='lat' dir='ltr'><strong>ipsum</strong></span> <span class='ocrx_word' id='word_1_243' title='bbox 624 1697 709 1724; x_wconf 90' lang='lat' dir='ltr'><strong>morbi</strong></span> <span class='ocrx_word' id='word_1_244' title='bbox 735 1696 842 1724; x_wconf 89' lang='lat' dir='ltr'><strong>initium</strong></span> <span class='ocrx_word' id='word_1_245' title='bbox 866 1696 979 1732; x_wconf 88' lang='lat' dir='ltr'><strong>depulit,</strong></span> <span class='ocrx_word' id='word_1_246' title='bbox 994 1705 1055 1724; x_wconf 91' lang='lat' dir='ltr'><strong>cum</strong></span> 
     </span>
    </p>
   </div>
   <div class='ocr_carea' id='block_1_36' title="bbox 273 1740 1056 1776">
    <p class='ocr_par' dir='ltr' id='par_1_36' title="bbox 273 1740 1056 1776">
     <span class='ocr_line' id='line_1_36' title="bbox 273 1740 1056 1776; baseline -0.006 -4"><span class='ocrx_word' id='word_1_247' title='bbox 273 1744 340 1772; x_wconf 82' lang='lat' dir='ltr'><strong>nihil</strong></span> <span class='ocrx_word' id='word_1_248' title='bbox 361 1743 450 1770; x_wconf 87' lang='lat' dir='ltr'><strong>adhuc</strong></span> <span class='ocrx_word' id='word_1_249' title='bbox 477 1745 550 1770; x_wconf 83' lang='lat' dir='ltr'><strong>esset</strong></span> <span class='ocrx_word' id='word_1_250' title='bbox 579 1748 632 1776; x_wconf 86' lang='lat' dir='ltr'><strong>quo</strong></span> <span class='ocrx_word' id='word_1_251' title='bbox 659 1741 693 1768; x_wconf 86' lang='lat' dir='ltr'><strong>ad</strong></span> <span class='ocrx_word' id='word_1_252' title='bbox 724 1740 890 1775; x_wconf 84' lang='lat' dir='ltr'><strong>peccandum</strong></span> <span class='ocrx_word' id='word_1_253' title='bbox 916 1741 1056 1776; x_wconf 89' lang='lat' dir='ltr'><strong>pertrahe-</strong></span> 
     </span>
    </p>
   </div>
   <div class='ocr_carea' id='block_1_37' title="bbox 274 1789 365 1818">
    <p class='ocr_par' dir='ltr' id='par_1_37' title="bbox 274 1789 365 1818">
     <span class='ocr_line' id='line_1_37' title="bbox 274 1789 365 1818; baseline -0.011 -1"><span class='ocrx_word' id='word_1_254' title='bbox 274 1789 365 1818; x_wconf 81' lang='lat' dir='ltr'><strong>retur?</strong></span> 
     </span>
    </p>
   </div>
   <div class='ocr_carea' id='block_1_38' title="bbox 309 1842 1056 1878">
    <p class='ocr_par' dir='ltr' id='par_1_38' title="bbox 309 1842 1056 1878">
     <span class='ocr_line' id='line_1_38' title="bbox 309 1842 1056 1878; baseline -0.005 -5"><span class='ocrx_word' id='word_1_255' title='bbox 309 1847 334 1874; x_wconf 80' lang='lat'><strong>5.</strong></span> <span class='ocrx_word' id='word_1_256' title='bbox 355 1845 469 1873; x_wconf 85' lang='lat' dir='ltr'><strong>ALIUD.</strong></span> <span class='ocrx_word' id='word_1_257' title='bbox 486 1845 514 1872; x_wconf 87' lang='lat' dir='ltr'><strong>Si</strong></span> <span class='ocrx_word' id='word_1_258' title='bbox 533 1847 596 1871; x_wconf 88' lang='lat' dir='ltr'><strong>ante</strong></span> <span class='ocrx_word' id='word_1_259' title='bbox 614 1850 714 1878; x_wconf 88' lang='lat' dir='ltr'><strong>corpus</strong></span> <span class='ocrx_word' id='word_1_260' title='bbox 730 1842 866 1870; x_wconf 85' lang='lat' dir='ltr'><strong>exsistens</strong></span> <span class='ocrx_word' id='word_1_261' title='bbox 883 1842 974 1870; x_wconf 88' lang='lat' dir='ltr'><strong>anima</strong></span> <span class='ocrx_word' id='word_1_262' title='bbox 991 1849 1056 1877; x_wconf 88' lang='lat' dir='ltr'><strong>pec-</strong></span> 
     </span>
    </p>
   </div>
   <div class='ocr_carea' id='block_1_39' title="bbox 273 1888 1058 1924">
    <p class='ocr_par' dir='ltr' id='par_1_39' title="bbox 273 1888 1058 1924">
     <span class='ocr_line' id='line_1_39' title="bbox 273 1888 1058 1924; baseline -0.006 -4"><span class='ocrx_word' id='word_1_263' title='bbox 273 1894 357 1924; x_wconf 83' lang='lat' dir='ltr'><strong>cavit,</strong></span> <span class='ocrx_word' id='word_1_264' title='bbox 371 1896 399 1919; x_wconf 88' lang='lat' dir='ltr'><strong>ut</strong></span> <span class='ocrx_word' id='word_1_265' title='bbox 419 1891 459 1918; x_wconf 89' lang='lat' dir='ltr'><strong>illi</strong></span> <span class='ocrx_word' id='word_1_266' title='bbox 478 1891 584 1920; x_wconf 84' lang='lat' dir='ltr'><strong>volunt.</strong></span> <span class='ocrx_word' id='word_1_267' title='bbox 601 1890 716 1924; x_wconf 89' lang='lat' dir='ltr'><strong>ideoque</strong></span> <span class='ocrx_word' id='word_1_268' title='bbox 732 1889 849 1923; x_wconf 87' lang='lat' dir='ltr'><strong>impacta</strong></span> <span class='ocrx_word' id='word_1_269' title='bbox 870 1893 912 1916; x_wconf 89' lang='lat' dir='ltr'><strong>est</strong></span> <span class='ocrx_word' id='word_1_270' title='bbox 931 1888 1008 1915; x_wconf 89' lang='lat' dir='ltr'><strong>carni</strong></span> <span class='ocrx_word' id='word_1_271' title='bbox 1030 1891 1058 1915; x_wconf 85' lang='lat' dir='ltr'><strong>et</strong></span> 
     </span>
    </p>
   </div>
   <div class='ocr_carea' id='block_1_40' title="bbox 274 1933 1057 1974">
    <p class='ocr_par' dir='ltr' id='par_1_40' title="bbox 274 1933 1057 1974">
     <span class='ocr_line' id='line_1_40' title="bbox 274 1933 1057 1974; baseline -0.009 -8"><span class='ocrx_word' id='word_1_272' title='bbox 274 1938 410 1974; x_wconf 79' lang='lat' dir='ltr'><strong>sanguini,</strong></span> <span class='ocrx_word' id='word_1_273' title='bbox 431 1938 492 1965; x_wconf 91' lang='lat' dir='ltr'><strong>loco</strong></span> <span class='ocrx_word' id='word_1_274' title='bbox 509 1944 596 1972; x_wconf 70' lang='lat' dir='ltr'><strong>pmnae</strong></span> <span class='ocrx_word' id='word_1_275' title='bbox 612 1935 639 1962; x_wconf 92' lang='lat' dir='ltr'><strong>id</strong></span> <span class='ocrx_word' id='word_1_276' title='bbox 665 1934 803 1969; x_wconf 85' lang='lat' dir='ltr'><strong>accipiens</strong></span> <span class='ocrx_word' id='word_1_277' title='bbox 820 1942 827 1960; x_wconf 92' lang='lat'><strong>:</strong></span> <span class='ocrx_word' id='word_1_278' title='bbox 845 1933 984 1968; x_wconf 90' lang='lat' dir='ltr'><strong>quomodo</strong></span> <span class='ocrx_word' id='word_1_279' title='bbox 1003 1939 1057 1960; x_wconf 93' lang='lat' dir='ltr'><strong>non</strong></span> 
     </span>
    </p>
   </div>
   <div class='ocr_carea' id='block_1_41' title="bbox 273 1978 1057 2020">
    <p class='ocr_par' dir='ltr' id='par_1_41' title="bbox 273 1978 1057 2020">
     <span class='ocr_line' id='line_1_41' title="bbox 273 1978 1057 2020; baseline -0.009 -8"><span class='ocrx_word' id='word_1_280' title='bbox 273 1989 398 2020; x_wconf 86' lang='lat' dir='ltr'><strong>oporteat</strong></span> <span class='ocrx_word' id='word_1_281' title='bbox 414 1983 557 2011; x_wconf 85' lang='lat' dir='ltr'><strong>credentes</strong></span> <span class='ocrx_word' id='word_1_282' title='bbox 574 1982 601 2009; x_wconf 93' lang='lat' dir='ltr'><strong>in</strong></span> <span class='ocrx_word' id='word_1_283' title='bbox 618 1981 770 2011; x_wconf 88' lang='lat' dir='ltr'><strong>Christum,</strong></span> <span class='ocrx_word' id='word_1_284' title='bbox 785 1983 813 2007; x_wconf 92' lang='lat' dir='ltr'><strong>et</strong></span> <span class='ocrx_word' id='word_1_285' title='bbox 829 1979 934 2006; x_wconf 89' lang='lat' dir='ltr'><strong>idcirco</strong></span> <span class='ocrx_word' id='word_1_286' title='bbox 951 1978 1057 2014; x_wconf 86' lang='lat' dir='ltr'><strong>peccati</strong></span> 
     </span>
    </p>
   </div>
   <div class='ocr_carea' id='block_1_42' title="bbox 274 2021 1057 2056">
    <p class='ocr_par' dir='ltr' id='par_1_42' title="bbox 274 2021 1057 2056">
     <span class='ocr_line' id='line_1_42' title="bbox 274 2021 1057 2056; baseline -0.011 0"><span class='ocrx_word' id='word_1_287' title='bbox 274 2028 465 2056; x_wconf 82' lang='lat' dir='ltr'><strong>remissionem</strong></span> <span class='ocrx_word' id='word_1_288' title='bbox 477 2028 653 2056; x_wconf 78' lang='lat' dir='ltr'><strong>c&#39;onsecutos,</strong></span> <span class='ocrx_word' id='word_1_289' title='bbox 666 2023 740 2051; x_wconf 90' lang='lat' dir='ltr'><strong>illico</strong></span> <span class='ocrx_word' id='word_1_290' title='bbox 754 2023 788 2050; x_wconf 90' lang='lat' dir='ltr'><strong>de</strong></span> <span class='ocrx_word' id='word_1_291' title='bbox 803 2021 968 2056; x_wconf 83' lang='lat' dir='ltr'><strong>corporibus</strong></span> <span class='ocrx_word' id='word_1_292' title='bbox 980 2021 1057 2048; x_wconf 85' lang='lat' dir='ltr'><strong>exire</strong></span> 
     </span>
    </p>
   </div>
   <div class='ocr_carea' id='block_1_43' title="bbox 273 2064 1059 2106">
    <p class='ocr_par' dir='ltr' id='par_1_43' title="bbox 273 2064 1059 2106">
     <span class='ocr_line' id='line_1_43' title="bbox 273 2064 1059 2106; baseline -0.013 -4"><span class='ocrx_word' id='word_1_293' title='bbox 273 2080 298 2102; x_wconf 81' lang='lat' dir='ltr'><strong>et</strong></span> <span class='ocrx_word' id='word_1_294' title='bbox 316 2074 453 2102; x_wconf 83' lang='lat' dir='ltr'><strong>sarcinam</strong></span> <span class='ocrx_word' id='word_1_295' title='bbox 466 2074 544 2099; x_wconf 88' lang='lat' dir='ltr'><strong>istam</strong></span> <span class='ocrx_word' id='word_1_296' title='bbox 558 2078 644 2106; x_wconf 73' lang='lat' dir='ltr'><strong>pmnae</strong></span> <span class='ocrx_word' id='word_1_297' title='bbox 660 2064 722 2097; x_wconf 83' lang='lat' dir='ltr'><strong>loco</strong></span> <span class='ocrx_word' id='word_1_298' title='bbox 739 2067 895 2102; x_wconf 85' lang='lat' dir='ltr'><strong>impositam</strong></span> <span class='ocrx_word' id='word_1_299' title='bbox 911 2066 1059 2093; x_wconf 79' lang='lat' dir='ltr'><strong>excutere?</strong></span> 
     </span>
    </p>
   </div>
   <div class='ocr_carea' id='block_1_44' title="bbox 273 2110 1058 2152">
    <p class='ocr_par' dir='ltr' id='par_1_44' title="bbox 273 2110 1058 2152">
     <span class='ocr_line' id='line_1_44' title="bbox 273 2110 1058 2152; baseline -0.011 -5"><span class='ocrx_word' id='word_1_300' title='bbox 273 2119 417 2152; x_wconf 77' lang='lat' dir='ltr'><strong>Quomodo</strong></span> <span class='ocrx_word' id='word_1_301' title='bbox 435 2117 521 2148; x_wconf 84' lang='lat' dir='ltr'><strong>enim,</strong></span> <span class='ocrx_word' id='word_1_302' title='bbox 535 2123 639 2151; x_wconf 65' lang='lat' dir='ltr'><strong>quaeso,</strong></span> <span class='ocrx_word' id='word_1_303' title='bbox 654 2114 802 2149; x_wconf 80' lang='lat' dir='ltr'><strong>perfectam</strong></span> <span class='ocrx_word' id='word_1_304' title='bbox 828 2111 932 2146; x_wconf 86' lang='lat' dir='ltr'><strong>peccati</strong></span> <span class='ocrx_word' id='word_1_305' title='bbox 959 2110 1058 2138; x_wconf 89' lang='lat' dir='ltr'><strong>remis-</strong></span> 
     </span>
    </p>
   </div>
   <div class='ocr_carea' id='block_1_45' title="bbox 274 2155 1059 2195">
    <p class='ocr_par' dir='ltr' id='par_1_45' title="bbox 274 2155 1059 2195">
     <span class='ocr_line' id='line_1_45' title="bbox 274 2155 1059 2195; baseline -0.017 0"><span class='ocrx_word' id='word_1_306' title='bbox 274 2167 378 2195; x_wconf 80' lang='lat' dir='ltr'><strong>sionem</strong></span> <span class='ocrx_word' id='word_1_307' title='bbox 403 2166 551 2192; x_wconf 89' lang='lat' dir='ltr'><strong>consecuta</strong></span> <span class='ocrx_word' id='word_1_308' title='bbox 583 2164 625 2188; x_wconf 84' lang='lat' dir='ltr'><strong>est</strong></span> <span class='ocrx_word' id='word_1_309' title='bbox 650 2160 740 2186; x_wconf 86' lang='lat' dir='ltr'><strong>anima</strong></span> <span class='ocrx_word' id='word_1_310' title='bbox 772 2156 905 2188; x_wconf 77' lang='lat' dir='ltr'><strong>hominis.</strong></span> <span class='ocrx_word' id='word_1_311' title='bbox 927 2155 950 2183; x_wconf 89' lang='lat' dir='ltr'><strong>si</strong></span> <span class='ocrx_word' id='word_1_312' title='bbox 972 2163 1059 2190; x_wconf 78' lang='lat' dir='ltr'><strong>poeme</strong></span> 
     </span>
    </p>
   </div>
   <div class='ocr_carea' id='block_1_46' title="bbox 274 2204 1057 2240">
    <p class='ocr_par' dir='ltr' id='par_1_46' title="bbox 274 2204 1057 2240">
     <span class='ocr_line' id='line_1_46' title="bbox 274 2204 1057 2240; baseline -0.015 0"><span class='ocrx_word' id='word_1_313' title='bbox 274 2213 363 2240; x_wconf 85' lang='lat' dir='ltr'><strong>adhuc</strong></span> <span class='ocrx_word' id='word_1_314' title='bbox 397 2215 504 2238; x_wconf 89' lang='lat' dir='ltr'><strong>tenetur</strong></span> <span class='ocrx_word' id='word_1_315' title='bbox 540 2207 695 2236; x_wconf 80' lang='lat' dir='ltr'><strong>obnoxius?</strong></span> <span class='ocrx_word' id='word_1_316' title='bbox 726 2206 760 2232; x_wconf 85' lang='lat' dir='ltr'><strong>At</strong></span> <span class='ocrx_word' id='word_1_317' title='bbox 793 2204 917 2231; x_wconf 86' lang='lat' dir='ltr'><strong>videmus</strong></span> <span class='ocrx_word' id='word_1_318' title='bbox 953 2206 1057 2230; x_wconf 88' lang='lat' dir='ltr'><strong>tantum</strong></span> 
     </span>
    </p>
   </div>
   <div class='ocr_carea' id='block_1_47' title="bbox 275 2249 1057 2288">
    <p class='ocr_par' dir='ltr' id='par_1_47' title="bbox 275 2249 1057 2288">
     <span class='ocr_line' id='line_1_47' title="bbox 275 2249 1057 2288; baseline -0.015 -3"><span class='ocrx_word' id='word_1_319' title='bbox 275 2258 371 2285; x_wconf 83' lang='lat' dir='ltr'><strong>abesse</strong></span> <span class='ocrx_word' id='word_1_320' title='bbox 385 2260 415 2283; x_wconf 91' lang='lat' dir='ltr'><strong>ut</strong></span> <span class='ocrx_word' id='word_1_321' title='bbox 428 2255 519 2282; x_wconf 86' lang='lat' dir='ltr'><strong>fideles</strong></span> <span class='ocrx_word' id='word_1_322' title='bbox 534 2253 697 2288; x_wconf 86' lang='lat' dir='ltr'><strong>corporibus</strong></span> <span class='ocrx_word' id='word_1_323' title='bbox 713 2249 823 2278; x_wconf 84' lang='lat' dir='ltr'><strong>liberari</strong></span> <span class='ocrx_word' id='word_1_324' title='bbox 838 2249 932 2280; x_wconf 89' lang='lat' dir='ltr'><strong>velint,</strong></span> <span class='ocrx_word' id='word_1_325' title='bbox 949 2251 978 2275; x_wconf 91' lang='lat' dir='ltr'><strong>ut</strong></span> <span class='ocrx_word' id='word_1_326' title='bbox 995 2255 1057 2275; x_wconf 91' lang='lat' dir='ltr'><strong>cum</strong></span> 
     </span>
    </p>
   </div>
   <div class='ocr_carea' id='block_1_48' title="bbox 275 2293 1059 2330">
    <p class='ocr_par' dir='ltr' id='par_1_48' title="bbox 275 2293 1059 2330">
     <span class='ocr_line' id='line_1_48' title="bbox 275 2293 1059 2330; baseline -0.015 0"><span class='ocrx_word' id='word_1_327' title='bbox 275 2302 337 2330; x_wconf 84' lang='lat' dir='ltr'><strong>ﬁdei</strong></span> <span class='ocrx_word' id='word_1_328' title='bbox 368 2300 472 2329; x_wconf 87' lang='lat' dir='ltr'><strong>Christi</strong></span> <span class='ocrx_word' id='word_1_329' title='bbox 501 2298 676 2326; x_wconf 79' lang='lat' dir='ltr'><strong>confessione</strong></span> <span class='ocrx_word' id='word_1_330' title='bbox 707 2294 798 2322; x_wconf 90' lang='lat' dir='ltr'><strong>carnis</strong></span> <span class='ocrx_word' id='word_1_331' title='bbox 828 2293 1059 2321; x_wconf 88' lang='lat' dir='ltr'><strong>resurrectionem</strong></span> 
     </span>
    </p>
   </div>
   <div class='ocr_carea' id='block_1_49' title="bbox 274 2338 1058 2382">
    <p class='ocr_par' dir='ltr' id='par_1_49' title="bbox 274 2338 1058 2382">
     <span class='ocr_line' id='line_1_49' title="bbox 274 2338 1058 2382; baseline -0.014 -7"><span class='ocrx_word' id='word_1_332' title='bbox 274 2348 452 2382; x_wconf 77' lang='lat' dir='ltr'><strong>conjungant.</strong></span> <span class='ocrx_word' id='word_1_333' title='bbox 468 2345 526 2372; x_wconf 83' lang='lat' dir='ltr'><strong>Non</strong></span> <span class='ocrx_word' id='word_1_334' title='bbox 545 2345 597 2372; x_wconf 90' lang='lat' dir='ltr'><strong>erit</strong></span> <span class='ocrx_word' id='word_1_335' title='bbox 610 2350 675 2377; x_wconf 80' lang='lat' dir='ltr'><strong>ergo</strong></span> <span class='ocrx_word' id='word_1_336' title='bbox 691 2348 778 2376; x_wconf 66' lang='lat' dir='ltr'><strong>poenae</strong></span> <span class='ocrx_word' id='word_1_337' title='bbox 792 2340 851 2366; x_wconf 88' lang='lat' dir='ltr'><strong>loco</strong></span> <span class='ocrx_word' id='word_1_338' title='bbox 867 2339 893 2366; x_wconf 90' lang='lat' dir='ltr'><strong>id</strong></span> <span class='ocrx_word' id='word_1_339' title='bbox 910 2338 982 2374; x_wconf 89' lang='lat' dir='ltr'><strong>quod</strong></span> <span class='ocrx_word' id='word_1_340' title='bbox 997 2338 1058 2365; x_wconf 84' lang='lat' dir='ltr'><strong>ﬁdei</strong></span> 
     </span>
    </p>
   </div>
   <div class='ocr_carea' id='block_1_50' title="bbox 274 2383 1056 2428">
    <p class='ocr_par' dir='ltr' id='par_1_50' title="bbox 274 2383 1056 2428">
     <span class='ocr_line' id='line_1_50' title="bbox 274 2383 1056 2428; baseline -0.013 -7"><span class='ocrx_word' id='word_1_341' title='bbox 274 2400 384 2428; x_wconf 88' lang='lat' dir='ltr'><strong>quoque</strong></span> <span class='ocrx_word' id='word_1_342' title='bbox 405 2390 579 2418; x_wconf 80' lang='lat' dir='ltr'><strong>confessione</strong></span> <span class='ocrx_word' id='word_1_343' title='bbox 608 2388 768 2418; x_wconf 88' lang='lat' dir='ltr'><strong>honoratur,</strong></span> <span class='ocrx_word' id='word_1_344' title='bbox 794 2389 818 2412; x_wconf 91' lang='lat' dir='ltr'><strong>et</strong></span> <span class='ocrx_word' id='word_1_345' title='bbox 845 2384 878 2412; x_wconf 93' lang='lat' dir='ltr'><strong>ad</strong></span> <span class='ocrx_word' id='word_1_346' title='bbox 905 2383 1056 2411; x_wconf 87' lang='lat' dir='ltr'><strong>Salvatoris</strong></span> 
     </span>
    </p>
   </div>
   <div class='ocr_carea' id='block_1_51' title="bbox 274 2430 1056 2472">
    <p class='ocr_par' dir='ltr' id='par_1_51' title="bbox 274 2430 1056 2472">
     <span class='ocr_line' id='line_1_51' title="bbox 274 2430 1056 2472; baseline -0.012 -7"><span class='ocrx_word' id='word_1_347' title='bbox 274 2437 478 2472; x_wconf 65' lang='lat' dir='ltr'><strong>omnipotentiae</strong></span> <span class='ocrx_word' id='word_1_348' title='bbox 489 2434 676 2462; x_wconf 88' lang='lat' dir='ltr'><strong>testimonium</strong></span> <span class='ocrx_word' id='word_1_349' title='bbox 692 2431 815 2464; x_wconf 68' lang='lat' dir='ltr'><strong>affertur,</strong></span> <span class='ocrx_word' id='word_1_350' title='bbox 832 2439 864 2459; x_wconf 87' lang='lat' dir='ltr'><strong>ex</strong></span> <span class='ocrx_word' id='word_1_351' title='bbox 884 2438 916 2458; x_wconf 92' lang='lat' dir='ltr'><strong>eo</strong></span> <span class='ocrx_word' id='word_1_352' title='bbox 928 2430 1000 2466; x_wconf 86' lang='lat' dir='ltr'><strong>quod</strong></span> <span class='ocrx_word' id='word_1_353' title='bbox 1016 2430 1056 2457; x_wconf 90' lang='lat' dir='ltr'><strong>sic</strong></span> 
     </span>
    </p>
   </div>
   <div class='ocr_carea' id='block_1_52' title="bbox 274 2481 543 2511">
    <p class='ocr_par' dir='ltr' id='par_1_52' title="bbox 274 2481 543 2511">
     <span class='ocr_line' id='line_1_52' title="bbox 274 2481 543 2511; baseline -0.019 0"><span class='ocrx_word' id='word_1_354' title='bbox 274 2483 310 2511; x_wconf 83' lang='lat' dir='ltr'><strong>ad</strong></span> <span class='ocrx_word' id='word_1_355' title='bbox 324 2484 406 2510; x_wconf 87' lang='lat' dir='ltr'><strong>vitam</strong></span> <span class='ocrx_word' id='word_1_356' title='bbox 421 2481 543 2509; x_wconf 89' lang='lat' dir='ltr'><strong>redierit.</strong></span> 
     </span>
    </p>
   </div>
   <div class='ocr_carea' id='block_1_53' title="bbox 308 2521 1056 2557">
    <p class='ocr_par' dir='ltr' id='par_1_53' title="bbox 308 2521 1056 2557">
     <span class='ocr_line' id='line_1_53' title="bbox 308 2521 1056 2557; baseline -0.009 -3"><span class='ocrx_word' id='word_1_357' title='bbox 308 2526 335 2554; x_wconf 88' lang='lat'><strong>6.</strong></span> <span class='ocrx_word' id='word_1_358' title='bbox 357 2525 471 2553; x_wconf 88' lang='lat' dir='ltr'><strong>ALIUD.</strong></span> <span class='ocrx_word' id='word_1_359' title='bbox 489 2524 517 2551; x_wconf 89' lang='lat' dir='ltr'><strong>Si</strong></span> <span class='ocrx_word' id='word_1_360' title='bbox 531 2527 594 2551; x_wconf 85' lang='lat' dir='ltr'><strong>ante</strong></span> <span class='ocrx_word' id='word_1_361' title='bbox 613 2530 714 2557; x_wconf 88' lang='lat' dir='ltr'><strong>corpus</strong></span> <span class='ocrx_word' id='word_1_362' title='bbox 730 2521 866 2549; x_wconf 83' lang='lat' dir='ltr'><strong>exsistens</strong></span> <span class='ocrx_word' id='word_1_363' title='bbox 881 2521 971 2548; x_wconf 87' lang='lat' dir='ltr'><strong>anima</strong></span> <span class='ocrx_word' id='word_1_364' title='bbox 991 2528 1056 2556; x_wconf 89' lang='lat' dir='ltr'><strong>pec-</strong></span> 
     </span>
    </p>
   </div>
   <div class='ocr_carea' id='block_1_54' title="bbox 274 2566 1057 2603">
    <p class='ocr_par' dir='ltr' id='par_1_54' title="bbox 274 2566 1057 2603">
     <span class='ocr_line' id='line_1_54' title="bbox 274 2566 1057 2603; baseline -0.008 -5"><span class='ocrx_word' id='word_1_365' title='bbox 274 2571 357 2603; x_wconf 84' lang='lat' dir='ltr'><strong>cavit,</strong></span> <span class='ocrx_word' id='word_1_366' title='bbox 377 2574 407 2597; x_wconf 94' lang='lat' dir='ltr'><strong>ut</strong></span> <span class='ocrx_word' id='word_1_367' title='bbox 431 2569 469 2596; x_wconf 90' lang='lat' dir='ltr'><strong>illi</strong></span> <span class='ocrx_word' id='word_1_368' title='bbox 485 2570 589 2601; x_wconf 85' lang='lat' dir='ltr'><strong>volunt,</strong></span> <span class='ocrx_word' id='word_1_369' title='bbox 610 2572 636 2595; x_wconf 81' lang='lat' dir='ltr'><strong>et</strong></span> <span class='ocrx_word' id='word_1_370' title='bbox 656 2567 758 2594; x_wconf 88' lang='lat' dir='ltr'><strong>idcirco</strong></span> <span class='ocrx_word' id='word_1_371' title='bbox 779 2567 878 2594; x_wconf 79' lang='lat' dir='ltr'><strong>innexa</strong></span> <span class='ocrx_word' id='word_1_372' title='bbox 906 2570 948 2593; x_wconf 88' lang='lat' dir='ltr'><strong>est</strong></span> <span class='ocrx_word' id='word_1_373' title='bbox 970 2566 1057 2598; x_wconf 92' lang='lat' dir='ltr'><strong>carni,</strong></span> 
     </span>
    </p>
   </div>
   <div class='ocr_carea' id='block_1_55' title="bbox 275 2612 1058 2654">
    <p class='ocr_par' dir='ltr' id='par_1_55' title="bbox 275 2612 1058 2654">
     <span class='ocr_line' id='line_1_55' title="bbox 275 2612 1058 2654; baseline -0.008 -10"><span class='ocrx_word' id='word_1_374' title='bbox 275 2624 357 2654; x_wconf 85' lang='lat' dir='ltr'><strong>quam</strong></span> <span class='ocrx_word' id='word_1_375' title='bbox 388 2615 422 2642; x_wconf 92' lang='lat' dir='ltr'><strong>ob</strong></span> <span class='ocrx_word' id='word_1_376' title='bbox 445 2621 556 2642; x_wconf 86' lang='lat' dir='ltr'><strong>causam</strong></span> <span class='ocrx_word' id='word_1_377' title='bbox 587 2613 630 2640; x_wconf 86' lang='lat' dir='ltr'><strong>lex</strong></span> <span class='ocrx_word' id='word_1_378' title='bbox 658 2613 782 2648; x_wconf 73' lang='lat' dir='ltr'><strong>graviora</strong></span> <span class='ocrx_word' id='word_1_379' title='bbox 809 2612 917 2648; x_wconf 91' lang='lat' dir='ltr'><strong>quidem</strong></span> <span class='ocrx_word' id='word_1_380' title='bbox 947 2616 1058 2647; x_wconf 82' lang='lat' dir='ltr'><strong>peccata</strong></span> 
     </span>
    </p>
   </div>
   <div class='ocr_carea' id='block_1_56' title="bbox 275 2657 1055 2696">
    <p class='ocr_par' dir='ltr' id='par_1_56' title="bbox 275 2657 1055 2696">
     <span class='ocr_line' id='line_1_56' title="bbox 275 2657 1055 2696; baseline -0.008 -6"><span class='ocrx_word' id='word_1_381' title='bbox 275 2667 362 2690; x_wconf 91' lang='lat' dir='ltr'><strong>morte</strong></span> <span class='ocrx_word' id='word_1_382' title='bbox 389 2661 480 2696; x_wconf 87' lang='lat' dir='ltr'><strong>plecti,</strong></span> <span class='ocrx_word' id='word_1_383' title='bbox 509 2660 682 2688; x_wconf 86' lang='lat' dir='ltr'><strong>innocentem</strong></span> <span class='ocrx_word' id='word_1_384' title='bbox 706 2667 771 2687; x_wconf 89' lang='lat' dir='ltr'><strong>vero</strong></span> <span class='ocrx_word' id='word_1_385' title='bbox 786 2659 878 2685; x_wconf 88' lang='lat' dir='ltr'><strong>vivere</strong></span> <span class='ocrx_word' id='word_1_386' title='bbox 901 2657 1055 2693; x_wconf 87' lang='lat' dir='ltr'><strong>permittit?</strong></span> 
     </span>
    </p>
   </div>
   <div class='ocr_carea' id='block_1_57' title="bbox 273 2702 1055 2747">
    <p class='ocr_par' dir='ltr' id='par_1_57' title="bbox 273 2702 1055 2747">
     <span class='ocr_line' id='line_1_57' title="bbox 273 2702 1055 2747; baseline -0.009 -11"><span class='ocrx_word' id='word_1_387' title='bbox 273 2709 421 2747; x_wconf 66' lang='lat' dir='ltr'><strong>Praestaret</strong></span> <span class='ocrx_word' id='word_1_388' title='bbox 447 2706 547 2742; x_wconf 90' lang='lat' dir='ltr'><strong>quippe</strong></span> <span class='ocrx_word' id='word_1_389' title='bbox 568 2705 724 2741; x_wconf 87' lang='lat' dir='ltr'><strong>permittere</strong></span> <span class='ocrx_word' id='word_1_390' title='bbox 748 2704 971 2740; x_wconf 77' lang='lat' dir='ltr'><strong>turpissimarum</strong></span> <span class='ocrx_word' id='word_1_391' title='bbox 1001 2702 1055 2729; x_wconf 86' lang='lat' dir='ltr'><strong>cri-</strong></span> 
     </span>
    </p>
   </div>
   <div class='ocr_carea' id='block_1_58' title="bbox 273 2747 1056 2787">
    <p class='ocr_par' dir='ltr' id='par_1_58' title="bbox 273 2747 1056 2787">
     <span class='ocr_line' id='line_1_58' title="bbox 273 2747 1056 2787; baseline -0.01 -5"><span class='ocrx_word' id='word_1_392' title='bbox 273 2754 378 2782; x_wconf 78' lang='lat' dir='ltr'><strong>minum</strong></span> <span class='ocrx_word' id='word_1_393' title='bbox 402 2760 464 2781; x_wconf 88' lang='lat' dir='ltr'><strong>reos</strong></span> <span class='ocrx_word' id='word_1_394' title='bbox 486 2752 533 2780; x_wconf 87' lang='lat' dir='ltr'><strong>diu</strong></span> <span class='ocrx_word' id='word_1_395' title='bbox 560 2752 588 2779; x_wconf 93' lang='lat' dir='ltr'><strong>in</strong></span> <span class='ocrx_word' id='word_1_396' title='bbox 615 2751 780 2787; x_wconf 88' lang='lat' dir='ltr'><strong>corporibus</strong></span> <span class='ocrx_word' id='word_1_397' title='bbox 810 2749 926 2782; x_wconf 59' lang='lat' dir='ltr'><strong>hmrere,</strong></span> <span class='ocrx_word' id='word_1_398' title='bbox 949 2751 979 2774; x_wconf 92' lang='lat' dir='ltr'><strong>ut</strong></span> <span class='ocrx_word' id='word_1_399' title='bbox 1004 2747 1056 2775; x_wconf 90' lang='lat' dir='ltr'><strong>hoc</strong></span> 
     </span>
    </p>
   </div>
   <div class='ocr_carea' id='block_1_59' title="bbox 274 2797 1055 2835">
    <p class='ocr_par' dir='ltr' id='par_1_59' title="bbox 274 2797 1055 2835">
     <span class='ocr_line' id='line_1_59' title="bbox 274 2797 1055 2835; baseline -0.009 -8"><span class='ocrx_word' id='word_1_400' title='bbox 274 2803 353 2834; x_wconf 85' lang='lat' dir='ltr'><strong>pacto</strong></span> <span class='ocrx_word' id='word_1_401' title='bbox 369 2798 481 2835; x_wconf 74' lang='lat' dir='ltr'><strong>gravius</strong></span> <span class='ocrx_word' id='word_1_402' title='bbox 501 2798 674 2834; x_wconf 86' lang='lat' dir='ltr'><strong>punirentur,</strong></span> <span class='ocrx_word' id='word_1_403' title='bbox 691 2797 852 2823; x_wconf 87' lang='lat' dir='ltr'><strong>innocentes</strong></span> <span class='ocrx_word' id='word_1_404' title='bbox 869 2801 933 2822; x_wconf 82' lang='lat' dir='ltr'><strong>vero</strong></span> <span class='ocrx_word' id='word_1_405' title='bbox 957 2801 1055 2829; x_wconf 91' lang='lat' dir='ltr'><strong>corpo-</strong></span> 
     </span>
    </p>
   </div>
   <div class='ocr_carea' id='block_1_60' title="bbox 272 2840 1054 2879">
    <p class='ocr_par' dir='ltr' id='par_1_60' title="bbox 272 2840 1054 2879">
     <span class='ocr_line' id='line_1_60' title="bbox 272 2840 1054 2879; baseline -0.009 -6"><span class='ocrx_word' id='word_1_406' title='bbox 272 2845 350 2873; x_wconf 82' lang='lat' dir='ltr'><strong>ribus</strong></span> <span class='ocrx_word' id='word_1_407' title='bbox 369 2844 482 2878; x_wconf 83' lang='lat' dir='ltr'><strong>exsolvi,</strong></span> <span class='ocrx_word' id='word_1_408' title='bbox 495 2845 517 2872; x_wconf 89' lang='lat' dir='ltr'><strong>si</strong></span> <span class='ocrx_word' id='word_1_409' title='bbox 537 2851 624 2879; x_wconf 76' lang='lat' dir='ltr'><strong>poma:</strong></span> <span class='ocrx_word' id='word_1_410' title='bbox 647 2843 708 2870; x_wconf 87' lang='lat' dir='ltr'><strong>loco</strong></span> <span class='ocrx_word' id='word_1_411' title='bbox 723 2841 837 2869; x_wconf 61' lang='lat' dir='ltr'><strong>inclusa:</strong></span> <span class='ocrx_word' id='word_1_412' title='bbox 853 2843 919 2868; x_wconf 87' lang='lat' dir='ltr'><strong>sunt</strong></span> <span class='ocrx_word' id='word_1_413' title='bbox 938 2840 966 2867; x_wconf 90' lang='lat' dir='ltr'><strong>in</strong></span> <span class='ocrx_word' id='word_1_414' title='bbox 991 2846 1054 2866; x_wconf 88' lang='lat' dir='ltr'><strong>cor—</strong></span> 
     </span>
    </p>
   </div>
   <div class='ocr_carea' id='block_1_61' title="bbox 274 2885 1054 2928">
    <p class='ocr_par' dir='ltr' id='par_1_61' title="bbox 274 2885 1054 2928">
     <span class='ocr_line' id='line_1_61' title="bbox 274 2885 1054 2928; baseline -0.008 -9"><span class='ocrx_word' id='word_1_415' title='bbox 274 2891 385 2928; x_wconf 86' lang='lat' dir='ltr'><strong>poribus</strong></span> <span class='ocrx_word' id='word_1_416' title='bbox 401 2891 506 2919; x_wconf 80' lang='lat' dir='ltr'><strong>animae.</strong></span> <span class='ocrx_word' id='word_1_417' title='bbox 524 2889 576 2918; x_wconf 84' lang='lat' dir='ltr'><strong>Sed</strong></span> <span class='ocrx_word' id='word_1_418' title='bbox 593 2892 699 2923; x_wconf 84' lang='lat' dir='ltr'><strong>contra,</strong></span> <span class='ocrx_word' id='word_1_419' title='bbox 714 2890 802 2916; x_wconf 86' lang='lat' dir='ltr'><strong>morte</strong></span> <span class='ocrx_word' id='word_1_420' title='bbox 815 2886 925 2922; x_wconf 85' lang='lat' dir='ltr'><strong>quidem</strong></span> <span class='ocrx_word' id='word_1_421' title='bbox 940 2885 1054 2922; x_wconf 90' lang='lat' dir='ltr'><strong>punitur</strong></span> 
     </span>
    </p>
   </div>
   <div class='ocr_carea' id='block_1_62' title="bbox 919 2953 929 2967">
    <p class='ocr_par' dir='ltr' id='par_1_62' title="bbox 919 2953 929 2967">
     <span class='ocr_line' id='line_1_62' title="bbox 919 2953 929 2967; baseline 0 0"><span class='ocrx_word' id='word_1_422' title='bbox 919 2953 929 2967; x_wconf 76' lang='grc' dir='ltr'><strong><em>Ι</em></strong></span> 
     </span>
    </p>
   </div>
   <div class='ocr_carea' id='block_1_63' title="bbox 1104 271 1889 310">
    <p class='ocr_par' dir='ltr' id='par_1_63' title="bbox 1104 271 1889 310">
     <span class='ocr_line' id='line_1_63' title="bbox 1104 271 1889 310; baseline -0.001 -9"><span class='ocrx_word' id='word_1_423' title='bbox 1104 274 1245 310; x_wconf 80' lang='grc' dir='ltr'>ἀνθρώπου</span> <span class='ocrx_word' id='word_1_424' title='bbox 1263 273 1346 309; x_wconf 73' lang='grc' dir='ltr'>ψυχὴ,</span> <span class='ocrx_word' id='word_1_425' title='bbox 1360 273 1406 300; x_wconf 72' lang='grc' dir='ltr'>καὶ</span> <span class='ocrx_word' id='word_1_426' title='bbox 1420 273 1481 304; x_wconf 84' lang='grc' dir='ltr'>νοῦς</span> <span class='ocrx_word' id='word_1_427' title='bbox 1494 273 1616 308; x_wconf 73' lang='grc' dir='ltr'>ὑπῆρχεν</span> <span class='ocrx_word' id='word_1_428' title='bbox 1637 271 1676 299; x_wconf 80' lang='grc' dir='ltr'>ἔτι</span> <span class='ocrx_word' id='word_1_429' title='bbox 1691 272 1735 300; x_wconf 83' lang='grc' dir='ltr'>διὰ</span> <span class='ocrx_word' id='word_1_430' title='bbox 1749 272 1829 299; x_wconf 81' lang='grc' dir='ltr'>τοῦτο</span> <span class='ocrx_word' id='word_1_431' title='bbox 1846 282 1889 300; x_wconf 90' lang='grc' dir='ltr'>κα-</span> 
     </span>
    </p>
   </div>
   <div class='ocr_carea' id='block_1_64' title="bbox 1103 318 1889 356">
    <p class='ocr_par' dir='ltr' id='par_1_64' title="bbox 1103 318 1889 356">
     <span class='ocr_line' id='line_1_64' title="bbox 1103 318 1889 356; baseline -0.004 -9"><span class='ocrx_word' id='word_1_432' title='bbox 1103 319 1195 356; x_wconf 83' lang='grc' dir='ltr'>θαρὸς,</span> <span class='ocrx_word' id='word_1_433' title='bbox 1214 319 1376 354; x_wconf 83' lang='grc' dir='ltr'>οίκειότερον</span> <span class='ocrx_word' id='word_1_434' title='bbox 1390 319 1424 354; x_wconf 80' lang='grc' dir='ltr'>τῇ</span> <span class='ocrx_word' id='word_1_435' title='bbox 1449 318 1501 345; x_wconf 85' lang='grc' dir='ltr'><strong>τῶν</strong></span> <span class='ocrx_word' id='word_1_436' title='bbox 1520 318 1632 352; x_wconf 82' lang='grc' dir='ltr'>ἀγαθῶν</span> <span class='ocrx_word' id='word_1_437' title='bbox 1649 318 1741 352; x_wconf 70' lang='grc' dir='ltr'>ἐφέσει</span> <span class='ocrx_word' id='word_1_438' title='bbox 1760 319 1889 353; x_wconf 83' lang='grc' dir='ltr'>προσκεί-</span> 
     </span>
    </p>
   </div>
   <div class='ocr_carea' id='block_1_65' title="bbox 1105 363 1889 400">
    <p class='ocr_par' dir='ltr' id='par_1_65' title="bbox 1105 363 1889 400">
     <span class='ocr_line' id='line_1_65' title="bbox 1105 363 1889 400; baseline -0.001 -9"><span class='ocrx_word' id='word_1_439' title='bbox 1105 374 1195 400; x_wconf 81' lang='grc' dir='ltr'>μενος,</span> <span class='ocrx_word' id='word_1_440' title='bbox 1223 365 1254 391; x_wconf 87' lang='grc' dir='ltr'><strong>ἐκ</strong></span> <span class='ocrx_word' id='word_1_441' title='bbox 1268 364 1444 400; x_wconf 79' lang='grc' dir='ltr'><strong>παρατροπῆς</strong></span> <span class='ocrx_word' id='word_1_442' title='bbox 1462 363 1490 390; x_wconf 75' lang='grc' dir='ltr'><strong>δὲ</strong></span> <span class='ocrx_word' id='word_1_443' title='bbox 1501 363 1550 399; x_wconf 83' lang='grc' dir='ltr'>τῆς</span> <span class='ocrx_word' id='word_1_444' title='bbox 1566 363 1612 390; x_wconf 75' lang='grc' dir='ltr'>ἐπὶ</span> <span class='ocrx_word' id='word_1_445' title='bbox 1632 363 1661 390; x_wconf 80' lang='grc' dir='ltr'><strong>τὸ</strong></span> <span class='ocrx_word' id='word_1_446' title='bbox 1683 364 1773 399; x_wconf 82' lang='grc' dir='ltr'>χεῖρον</span> <span class='ocrx_word' id='word_1_447' title='bbox 1795 365 1834 395; x_wconf 84' lang='grc' dir='ltr'>εἰς</span> <span class='ocrx_word' id='word_1_448' title='bbox 1861 364 1889 390; x_wconf 80' lang='grc' dir='ltr'><strong>τὸ</strong></span> 
     </span>
    </p>
   </div>
   <div class='ocr_carea' id='block_1_66' title="bbox 1103 409 1891 445">
    <p class='ocr_par' dir='ltr' id='par_1_66' title="bbox 1103 409 1891 445">
     <span class='ocr_line' id='line_1_66' title="bbox 1103 409 1891 445; baseline 0 -9"><span class='ocrx_word' id='word_1_449' title='bbox 1103 410 1203 445; x_wconf 79' lang='grc' dir='ltr'>γεῶδες</span> <span class='ocrx_word' id='word_1_450' title='bbox 1220 410 1357 445; x_wconf 78' lang='grc' dir='ltr'>πέμπεται</span> <span class='ocrx_word' id='word_1_451' title='bbox 1374 409 1462 444; x_wconf 84' lang='grc' dir='ltr'>σῶμα,</span> <span class='ocrx_word' id='word_1_452' title='bbox 1474 409 1520 436; x_wconf 78' lang='grc' dir='ltr'>καὶ</span> <span class='ocrx_word' id='word_1_453' title='bbox 1534 409 1654 443; x_wconf 85' lang='grc' dir='ltr'>γεγονὼς</span> <span class='ocrx_word' id='word_1_454' title='bbox 1665 410 1694 436; x_wconf 82' lang='grc' dir='ltr'><strong>ἐν</strong></span> <span class='ocrx_word' id='word_1_455' title='bbox 1706 409 1779 443; x_wconf 76' lang='grc' dir='ltr'>αὐτῷ</span> <span class='ocrx_word' id='word_1_456' title='bbox 1794 409 1824 436; x_wconf 82' lang='grc' dir='ltr'><strong>τὸ</strong></span> <span class='ocrx_word' id='word_1_457' title='bbox 1842 418 1891 444; x_wconf 85' lang='grc' dir='ltr'>μη-</span> 
     </span>
    </p>
   </div>
   <div class='ocr_carea' id='block_1_67' title="bbox 1104 454 1892 492">
    <p class='ocr_par' dir='ltr' id='par_1_67' title="bbox 1104 454 1892 492">
     <span class='ocr_line' id='line_1_67' title="bbox 1104 454 1892 492; baseline -0.003 -9"><span class='ocrx_word' id='word_1_458' title='bbox 1104 456 1163 483; x_wconf 90' lang='grc' dir='ltr'>κέτι</span> <span class='ocrx_word' id='word_1_459' title='bbox 1175 455 1318 492; x_wconf 83' lang='grc' dir='ltr'>βούλεσθαι</span> <span class='ocrx_word' id='word_1_460' title='bbox 1333 455 1503 490; x_wconf 80' lang='grc' dir='ltr'><strong>πλημμελεῖν</strong></span> <span class='ocrx_word' id='word_1_461' title='bbox 1514 455 1679 487; x_wconf 81' lang='grc' dir='ltr'>ἀπαιτεῖται,</span> <span class='ocrx_word' id='word_1_462' title='bbox 1702 454 1760 486; x_wconf 84' lang='grc' dir='ltr'>πῶς</span> <span class='ocrx_word' id='word_1_463' title='bbox 1775 455 1825 482; x_wconf 80' lang='grc' dir='ltr'><strong>οὐκ</strong></span> <span class='ocrx_word' id='word_1_464' title='bbox 1837 455 1892 481; x_wconf 85' lang='grc' dir='ltr'>ἀδι-</span> 
     </span>
    </p>
   </div>
   <div class='ocr_carea' id='block_1_68' title="bbox 1105 500 1890 537">
    <p class='ocr_par' dir='ltr' id='par_1_68' title="bbox 1105 500 1890 537">
     <span class='ocr_line' id='line_1_68' title="bbox 1105 500 1890 537; baseline -0.001 -9"><span class='ocrx_word' id='word_1_465' title='bbox 1105 503 1192 528; x_wconf 80' lang='grc' dir='ltr'><strong>κεῖται</strong></span> <span class='ocrx_word' id='word_1_466' title='bbox 1209 502 1246 537; x_wconf 83' lang='grc' dir='ltr'>μὴ</span> <span class='ocrx_word' id='word_1_467' title='bbox 1256 501 1315 528; x_wconf 76' lang='grc' dir='ltr'>τότε</span> <span class='ocrx_word' id='word_1_468' title='bbox 1330 501 1445 536; x_wconf 81' lang='grc' dir='ltr'>μάλιστα</span> <span class='ocrx_word' id='word_1_469' title='bbox 1459 500 1539 527; x_wconf 77' lang='grc' dir='ltr'>τοῦτο</span> <span class='ocrx_word' id='word_1_470' title='bbox 1550 503 1636 527; x_wconf 80' lang='grc' dir='ltr'>ποιεῖν</span> <span class='ocrx_word' id='word_1_471' title='bbox 1646 501 1890 536; x_wconf 79' lang='grc' dir='ltr'><strong>ἐπιτετραμμένος,</strong></span> 
     </span>
    </p>
   </div>
   <div class='ocr_carea' id='block_1_69' title="bbox 1103 546 1890 583">
    <p class='ocr_par' dir='ltr' id='par_1_69' title="bbox 1103 546 1890 583">
     <span class='ocr_line' id='line_1_69' title="bbox 1103 546 1890 583; baseline -0.003 -9"><span class='ocrx_word' id='word_1_472' title='bbox 1103 548 1147 574; x_wconf 80' lang='grc' dir='ltr'><strong>ὅτε</strong></span> <span class='ocrx_word' id='word_1_473' title='bbox 1157 547 1188 583; x_wconf 85' lang='grc' dir='ltr'>δὴ</span> <span class='ocrx_word' id='word_1_474' title='bbox 1206 547 1252 573; x_wconf 77' lang='grc' dir='ltr'><strong>καὶ</strong></span> <span class='ocrx_word' id='word_1_475' title='bbox 1275 546 1374 581; x_wconf 82' lang='grc' dir='ltr'>μᾶλλον</span> <span class='ocrx_word' id='word_1_476' title='bbox 1395 546 1516 582; x_wconf 82' lang='grc' dir='ltr'>ὑπῆρχεν</span> <span class='ocrx_word' id='word_1_477' title='bbox 1537 546 1707 581; x_wconf 73' lang='grc' dir='ltr'><strong>ἑτοιμότερος</strong></span> <span class='ocrx_word' id='word_1_478' title='bbox 1727 548 1766 578; x_wconf 88' lang='grc' dir='ltr'><strong>είς</strong></span> <span class='ocrx_word' id='word_1_479' title='bbox 1779 547 1890 580; x_wconf 80' lang='grc' dir='ltr'>ἀρετὴν,</span> 
     </span>
    </p>
   </div>
   <div class='ocr_carea' id='block_1_70' title="bbox 1104 593 1891 629">
    <p class='ocr_par' dir='ltr' id='par_1_70' title="bbox 1104 593 1891 629">
     <span class='ocr_line' id='line_1_70' title="bbox 1104 593 1891 629; baseline -0.003 -8"><span class='ocrx_word' id='word_1_480' title='bbox 1104 594 1180 622; x_wconf 70' lang='grc' dir='ltr'>οὔπω</span> <span class='ocrx_word' id='word_1_481' title='bbox 1192 595 1247 626; x_wconf 87' lang='grc' dir='ltr'>τοῖς</span> <span class='ocrx_word' id='word_1_482' title='bbox 1261 594 1314 621; x_wconf 83' lang='grc' dir='ltr'><strong>ἀπὸ</strong></span> <span class='ocrx_word' id='word_1_483' title='bbox 1328 595 1374 621; x_wconf 82' lang='grc' dir='ltr'>τοῦ</span> <span class='ocrx_word' id='word_1_484' title='bbox 1385 594 1508 629; x_wconf 82' lang='grc' dir='ltr'>σώματος</span> <span class='ocrx_word' id='word_1_485' title='bbox 1526 593 1697 628; x_wconf 76' lang='grc' dir='ltr'><strong>ἐνδεδυμένος</strong></span> <span class='ocrx_word' id='word_1_486' title='bbox 1712 594 1817 625; x_wconf 79' lang='grc' dir='ltr'><strong>κακοῖς,</strong></span> <span class='ocrx_word' id='word_1_487' title='bbox 1833 593 1891 620; x_wconf 80' lang='grc' dir='ltr'>ἀλλ’</span> 
     </span>
    </p>
   </div>
   <div class='ocr_carea' id='block_1_71' title="bbox 1104 636 1893 673">
    <p class='ocr_par' dir='ltr' id='par_1_71' title="bbox 1104 636 1893 673">
     <span class='ocr_line' id='line_1_71' title="bbox 1104 636 1893 673; baseline -0.004 -7"><span class='ocrx_word' id='word_1_488' title='bbox 1104 639 1149 666; x_wconf 77' lang='grc' dir='ltr'>ὅτε</span> <span class='ocrx_word' id='word_1_489' title='bbox 1177 639 1287 673; x_wconf 80' lang='grc' dir='ltr'>γέγονεν</span> <span class='ocrx_word' id='word_1_490' title='bbox 1312 640 1340 665; x_wconf 90' lang='grc' dir='ltr'><strong>ἐν</strong></span> <span class='ocrx_word' id='word_1_491' title='bbox 1357 639 1468 665; x_wconf 85' lang='grc' dir='ltr'>θολώσει</span> <span class='ocrx_word' id='word_1_492' title='bbox 1489 638 1538 672; x_wconf 86' lang='grc' dir='ltr'><strong>τῆς</strong></span> <span class='ocrx_word' id='word_1_493' title='bbox 1563 637 1708 673; x_wconf 83' lang='grc' dir='ltr'>ἁμαρτίας,</span> <span class='ocrx_word' id='word_1_494' title='bbox 1726 637 1785 663; x_wconf 87' lang='grc' dir='ltr'>τότε</span> <span class='ocrx_word' id='word_1_495' title='bbox 1812 636 1893 664; x_wconf 77' lang='grc' dir='ltr'>τοῦτο</span> 
     </span>
    </p>
   </div>
   <div class='ocr_carea' id='block_1_72' title="bbox 1105 681 1890 720">
    <p class='ocr_par' dir='ltr' id='par_1_72' title="bbox 1105 681 1890 720">
     <span class='ocr_line' id='line_1_72' title="bbox 1105 681 1890 720; baseline -0.006 -8"><span class='ocrx_word' id='word_1_496' title='bbox 1105 685 1190 712; x_wconf 79' lang='grc' dir='ltr'>ποιεῖν</span> <span class='ocrx_word' id='word_1_497' title='bbox 1216 685 1265 711; x_wconf 85' lang='grc' dir='ltr'><strong>οὐκ</strong></span> <span class='ocrx_word' id='word_1_498' title='bbox 1289 685 1422 720; x_wconf 79' lang='grc' dir='ltr'>εὐκαίρως</span> <span class='ocrx_word' id='word_1_499' title='bbox 1445 683 1644 717; x_wconf 79' lang='grc' dir='ltr'>ἀναγκάζεται;</span> <span class='ocrx_word' id='word_1_500' title='bbox 1672 682 1774 717; x_wconf 81' lang='grc' dir='ltr'>Καιροῦ</span> <span class='ocrx_word' id='word_1_501' title='bbox 1799 681 1890 708; x_wconf 88' lang='grc' dir='ltr'>δέτοῦ</span> 
     </span>
    </p>
   </div>
   <div class='ocr_carea' id='block_1_73' title="bbox 1105 728 1892 767">
    <p class='ocr_par' dir='ltr' id='par_1_73' title="bbox 1105 728 1892 767">
     <span class='ocr_line' id='line_1_73' title="bbox 1105 728 1892 767; baseline -0.005 -9"><span class='ocrx_word' id='word_1_502' title='bbox 1105 732 1256 767; x_wconf 79' lang='grc' dir='ltr'><strong>πρέποντος</strong></span> <span class='ocrx_word' id='word_1_503' title='bbox 1269 731 1319 757; x_wconf 69' lang='grc' dir='ltr'>οὒκ</span> <span class='ocrx_word' id='word_1_504' title='bbox 1332 730 1365 757; x_wconf 80' lang='grc' dir='ltr'>ἂν</span> <span class='ocrx_word' id='word_1_505' title='bbox 1376 730 1493 765; x_wconf 81' lang='grc' dir='ltr'>ἁμάρτοι</span> <span class='ocrx_word' id='word_1_506' title='bbox 1508 730 1537 756; x_wconf 77' lang='grc' dir='ltr'>τὸ</span> <span class='ocrx_word' id='word_1_507' title='bbox 1550 730 1637 760; x_wconf 81' lang='grc' dir='ltr'>Θεῖον,</span> <span class='ocrx_word' id='word_1_508' title='bbox 1652 729 1709 755; x_wconf 84' lang='grc' dir='ltr'>ἀλλ’</span> <span class='ocrx_word' id='word_1_509' title='bbox 1719 729 1772 755; x_wconf 78' lang='grc' dir='ltr'>οὐδ’</span> <span class='ocrx_word' id='word_1_510' title='bbox 1790 728 1823 755; x_wconf 85' lang='grc' dir='ltr'><strong>ἂν</strong></span> <span class='ocrx_word' id='word_1_511' title='bbox 1837 728 1892 755; x_wconf 82' lang='grc' dir='ltr'>ἁδι-</span> 
     </span>
    </p>
   </div>
   <div class='ocr_carea' id='block_1_74' title="bbox 1105 775 1891 813">
    <p class='ocr_par' dir='ltr' id='par_1_74' title="bbox 1105 775 1891 813">
     <span class='ocr_line' id='line_1_74' title="bbox 1105 775 1891 813; baseline -0.005 -9"><span class='ocrx_word' id='word_1_512' title='bbox 1105 779 1188 813; x_wconf 83' lang='grc' dir='ltr'>κήσαι</span> <span class='ocrx_word' id='word_1_513' title='bbox 1206 777 1272 804; x_wconf 80' lang='grc' dir='ltr'>ποτὲ</span> <span class='ocrx_word' id='word_1_514' title='bbox 1295 777 1324 803; x_wconf 83' lang='grc' dir='ltr'>τὺ</span> <span class='ocrx_word' id='word_1_515' title='bbox 1343 776 1444 803; x_wconf 85' lang='grc' dir='ltr'>ἀδικεῖν</span> <span class='ocrx_word' id='word_1_516' title='bbox 1466 776 1496 802; x_wconf 84' lang='grc' dir='ltr'><strong>οὺ</strong></span> <span class='ocrx_word' id='word_1_517' title='bbox 1513 775 1643 810; x_wconf 83' lang='grc' dir='ltr'>πεφυκός.</span> <span class='ocrx_word' id='word_1_518' title='bbox 1666 775 1808 810; x_wconf 78' lang='grc' dir='ltr'>Εὐκαίρως</span> <span class='ocrx_word' id='word_1_519' title='bbox 1826 775 1891 810; x_wconf 81' lang='grc' dir='ltr'>ἄρα,</span> 
     </span>
    </p>
   </div>
   <div class='ocr_carea' id='block_1_75' title="bbox 1105 819 1893 861">
    <p class='ocr_par' dir='ltr' id='par_1_75' title="bbox 1105 819 1893 861">
     <span class='ocr_line' id='line_1_75' title="bbox 1105 819 1893 861; baseline -0.005 -12"><span class='ocrx_word' id='word_1_520' title='bbox 1105 824 1152 850; x_wconf 80' lang='grc' dir='ltr'><strong>καὶ</strong></span> <span class='ocrx_word' id='word_1_521' title='bbox 1166 823 1276 855; x_wconf 83' lang='grc' dir='ltr'>δικαίως</span> <span class='ocrx_word' id='word_1_522' title='bbox 1287 822 1354 861; x_wconf 70' lang='grc' dir='ltr'>μετὰ</span> <span class='ocrx_word' id='word_1_523' title='bbox 1364 821 1464 858; x_wconf 76' lang='grc' dir='ltr'>σαρκὸς</span> <span class='ocrx_word' id='word_1_524' title='bbox 1477 821 1508 848; x_wconf 81' lang='grc' dir='ltr'>τὸ</span> <span class='ocrx_word' id='word_1_525' title='bbox 1530 821 1567 857; x_wconf 81' lang='grc' dir='ltr'>μὴ</span> <span class='ocrx_word' id='word_1_526' title='bbox 1582 820 1748 856; x_wconf 79' lang='grc' dir='ltr'>ἁμαρτάνειν</span> <span class='ocrx_word' id='word_1_527' title='bbox 1763 819 1893 846; x_wconf 81' lang='grc' dir='ltr'>ἀπαιτού-</span> 
     </span>
    </p>
   </div>
   <div class='ocr_carea' id='block_1_76' title="bbox 1108 865 1892 905">
    <p class='ocr_par' dir='ltr' id='par_1_76' title="bbox 1108 865 1892 905">
     <span class='ocr_line' id='line_1_76' title="bbox 1108 865 1892 905; baseline -0.005 -9"><span class='ocrx_word' id='word_1_528' title='bbox 1108 869 1188 905; x_wconf 85' lang='grc' dir='ltr'>μεθα,</span> <span class='ocrx_word' id='word_1_529' title='bbox 1205 869 1283 904; x_wconf 76' lang='grc' dir='ltr'>μόνον</span> <span class='ocrx_word' id='word_1_530' title='bbox 1295 870 1404 904; x_wconf 79' lang='grc' dir='ltr'>ἔχοντας</span> <span class='ocrx_word' id='word_1_531' title='bbox 1417 867 1510 896; x_wconf 80' lang='grc' dir='ltr'>τοῦτον</span> <span class='ocrx_word' id='word_1_532' title='bbox 1526 867 1572 894; x_wconf 77' lang='grc' dir='ltr'>τοῦ</span> <span class='ocrx_word' id='word_1_533' title='bbox 1584 866 1652 894; x_wconf 83' lang='grc' dir='ltr'>εἶναι</span> <span class='ocrx_word' id='word_1_534' title='bbox 1665 866 1774 902; x_wconf 62' lang='grc' dir='ltr'>καιρὸν,</span> <span class='ocrx_word' id='word_1_535' title='bbox 1787 865 1849 893; x_wconf 73' lang='grc' dir='ltr'>καθ’</span> <span class='ocrx_word' id='word_1_536' title='bbox 1863 865 1892 892; x_wconf 78' lang='grc' dir='ltr'>ὃν</span> 
     </span>
    </p>
   </div>
   <div class='ocr_carea' id='block_1_77' title="bbox 1108 909 1892 952">
    <p class='ocr_par' dir='ltr' id='par_1_77' title="bbox 1108 909 1892 952">
     <span class='ocr_line' id='line_1_77' title="bbox 1108 909 1892 952; baseline -0.005 -10"><span class='ocrx_word' id='word_1_537' title='bbox 1108 916 1174 952; x_wconf 77' lang='grc' dir='ltr'>μετὰ</span> <span class='ocrx_word' id='word_1_538' title='bbox 1193 915 1316 951; x_wconf 87' lang='grc' dir='ltr'>σώματος</span> <span class='ocrx_word' id='word_1_539' title='bbox 1330 916 1368 947; x_wconf 83' lang='grc' dir='ltr'>εἰς</span> <span class='ocrx_word' id='word_1_540' title='bbox 1385 915 1428 942; x_wconf 78' lang='grc' dir='ltr'>τὸν</span> <span class='ocrx_word' id='word_1_541' title='bbox 1442 915 1542 950; x_wconf 85' lang='grc' dir='ltr'>κόσμον</span> <span class='ocrx_word' id='word_1_542' title='bbox 1558 912 1705 950; x_wconf 82' lang='grc' dir='ltr'>ἐρχόμεθα,</span> <span class='ocrx_word' id='word_1_543' title='bbox 1719 912 1750 939; x_wconf 78' lang='grc' dir='ltr'>τὸ</span> <span class='ocrx_word' id='word_1_544' title='bbox 1765 912 1802 947; x_wconf 84' lang='grc' dir='ltr'><strong>μὴ</strong></span> <span class='ocrx_word' id='word_1_545' title='bbox 1822 909 1892 939; x_wconf 72' lang='grc' dir='ltr'>εἶναι</span> 
     </span>
    </p>
   </div>
   <div class='ocr_carea' id='block_1_78' title="bbox 1107 958 1891 998">
    <p class='ocr_par' dir='ltr' id='par_1_78' title="bbox 1107 958 1891 998">
     <span class='ocr_line' id='line_1_78' title="bbox 1107 958 1891 998; baseline -0.005 -10"><span class='ocrx_word' id='word_1_546' title='bbox 1107 962 1258 998; x_wconf 85' lang='grc' dir='ltr'>πρότερον,</span> <span class='ocrx_word' id='word_1_547' title='bbox 1292 961 1386 997; x_wconf 79' lang='grc' dir='ltr'>ὥσπερ</span> <span class='ocrx_word' id='word_1_548' title='bbox 1419 960 1481 987; x_wconf 79' lang='grc' dir='ltr'>τινὰ</span> <span class='ocrx_word' id='word_1_549' title='bbox 1509 960 1591 987; x_wconf 85' lang='grc' dir='ltr'>τόπον</span> <span class='ocrx_word' id='word_1_550' title='bbox 1623 958 1891 994; x_wconf 79' lang='grc' dir='ltr'>καταλιμπάνοντες,</span> 
     </span>
    </p>
   </div>
   <div class='ocr_carea' id='block_1_79' title="bbox 1106 1003 1824 1042">
    <p class='ocr_par' dir='ltr' id='par_1_79' title="bbox 1106 1003 1824 1042">
     <span class='ocr_line' id='line_1_79' title="bbox 1106 1003 1824 1042; baseline -0.007 -8"><span class='ocrx_word' id='word_1_551' title='bbox 1106 1007 1153 1034; x_wconf 71' lang='grc' dir='ltr'>καὶ</span> <span class='ocrx_word' id='word_1_552' title='bbox 1168 1006 1197 1039; x_wconf 84' lang='grc' dir='ltr'>ἐξ</span> <span class='ocrx_word' id='word_1_553' title='bbox 1210 1006 1292 1033; x_wconf 83' lang='grc' dir='ltr'>αὑτοῦ</span> <span class='ocrx_word' id='word_1_554' title='bbox 1308 1005 1503 1042; x_wconf 79' lang='grc' dir='ltr'>προῦπάρξεως</span> <span class='ocrx_word' id='word_1_555' title='bbox 1514 1005 1601 1040; x_wconf 77' lang='grc' dir='ltr'>ἀρχὴν</span> <span class='ocrx_word' id='word_1_556' title='bbox 1622 1003 1824 1040; x_wconf 85' lang='grc' dir='ltr'>μεθιστάμενοι.</span> 
     </span>
    </p>
   </div>
   <div class='ocr_carea' id='block_1_80' title="bbox 1140 1046 1893 1086">
    <p class='ocr_par' dir='ltr' id='par_1_80' title="bbox 1140 1046 1893 1086">
     <span class='ocr_line' id='line_1_80' title="bbox 1140 1046 1893 1086; baseline -0.007 -8"><span class='ocrx_word' id='word_1_557' title='bbox 1140 1052 1171 1078; x_wconf 82' lang='grc' dir='ltr'><strong>δ’.</strong></span> <span class='ocrx_word' id='word_1_558' title='bbox 1201 1052 1303 1080; x_wconf 85' lang='lat' dir='ltr'><strong>AAAO.</strong></span> <span class='ocrx_word' id='word_1_559' title='bbox 1322 1052 1400 1078; x_wconf 83' lang='grc' dir='ltr'>Ποῖον</span> <span class='ocrx_word' id='word_1_560' title='bbox 1419 1051 1476 1086; x_wconf 74' lang='grc' dir='ltr'>ἔχει</span> <span class='ocrx_word' id='word_1_561' title='bbox 1506 1050 1600 1084; x_wconf 84' lang='grc' dir='ltr'>λόγον,</span> <span class='ocrx_word' id='word_1_562' title='bbox 1620 1049 1733 1084; x_wconf 80' lang='grc' dir='ltr'>ἐροίμην</span> <span class='ocrx_word' id='word_1_563' title='bbox 1752 1047 1785 1074; x_wconf 87' lang='grc' dir='ltr'>ἃν</span> <span class='ocrx_word' id='word_1_564' title='bbox 1807 1046 1893 1083; x_wconf 79' lang='grc' dir='ltr'>ἡδέως</span> 
     </span>
    </p>
   </div>
   <div class='ocr_carea' id='block_1_81' title="bbox 1107 1093 1893 1134">
    <p class='ocr_par' dir='ltr' id='par_1_81' title="bbox 1107 1093 1893 1134">
     <span class='ocr_line' id='line_1_81' title="bbox 1107 1093 1893 1134; baseline -0.008 -9"><span class='ocrx_word' id='word_1_565' title='bbox 1107 1099 1215 1131; x_wconf 81' lang='grc' dir='ltr'>αὐτοὺς,</span> <span class='ocrx_word' id='word_1_566' title='bbox 1235 1099 1265 1125; x_wconf 82' lang='grc' dir='ltr'>τὺ</span> <span class='ocrx_word' id='word_1_567' title='bbox 1293 1097 1493 1134; x_wconf 83' lang='grc' dir='ltr'>ἁμαρτήσασαν</span> <span class='ocrx_word' id='word_1_568' title='bbox 1517 1093 1569 1133; x_wconf 85' lang='grc' dir='ltr'><strong>πρὺ</strong></span> <span class='ocrx_word' id='word_1_569' title='bbox 1591 1095 1725 1130; x_wconf 85' lang='grc' dir='ltr'>σωμάτων</span> <span class='ocrx_word' id='word_1_570' title='bbox 1745 1095 1785 1126; x_wconf 83' lang='grc' dir='ltr'><strong>είς</strong></span> <span class='ocrx_word' id='word_1_571' title='bbox 1812 1093 1893 1128; x_wconf 84' lang='grc' dir='ltr'>σῶμα</span> 
     </span>
    </p>
   </div>
   <div class='ocr_carea' id='block_1_82' title="bbox 1106 1139 1892 1180">
    <p class='ocr_par' dir='ltr' id='par_1_82' title="bbox 1106 1139 1892 1180">
     <span class='ocr_line' id='line_1_82' title="bbox 1106 1139 1892 1180; baseline -0.008 -9"><span class='ocrx_word' id='word_1_572' title='bbox 1106 1144 1263 1180; x_wconf 83' lang='grc' dir='ltr'>πέμπεσθαι</span> <span class='ocrx_word' id='word_1_573' title='bbox 1285 1144 1333 1179; x_wconf 80' lang='grc' dir='ltr'><strong>τὴν</strong></span> <span class='ocrx_word' id='word_1_574' title='bbox 1349 1144 1446 1178; x_wconf 74' lang='grc' dir='ltr'>ψυχὴν,</span> <span class='ocrx_word' id='word_1_575' title='bbox 1462 1143 1505 1170; x_wconf 77' lang='grc' dir='ltr'><strong>ἵνα</strong></span> <span class='ocrx_word' id='word_1_576' title='bbox 1530 1142 1562 1178; x_wconf 84' lang='grc' dir='ltr'>δὴ</span> <span class='ocrx_word' id='word_1_577' title='bbox 1580 1142 1658 1177; x_wconf 82' lang='grc' dir='ltr'>μάθοι</span> <span class='ocrx_word' id='word_1_578' title='bbox 1677 1142 1708 1176; x_wconf 84' lang='grc' dir='ltr'>τῇ</span> <span class='ocrx_word' id='word_1_579' title='bbox 1728 1140 1820 1176; x_wconf 80' lang='grc' dir='ltr'>πείρᾳ,</span> <span class='ocrx_word' id='word_1_580' title='bbox 1839 1139 1892 1166; x_wconf 87' lang='grc' dir='ltr'>τῶν</span> 
     </span>
    </p>
   </div>
   <div class='ocr_carea' id='block_1_83' title="bbox 1106 1183 1892 1224">
    <p class='ocr_par' dir='ltr' id='par_1_83' title="bbox 1106 1183 1892 1224">
     <span class='ocr_line' id='line_1_83' title="bbox 1106 1183 1892 1224; baseline -0.006 -7"><span class='ocrx_word' id='word_1_581' title='bbox 1106 1191 1213 1217; x_wconf 75' lang='grc' dir='ltr'>οἰκείων</span> <span class='ocrx_word' id='word_1_582' title='bbox 1232 1189 1384 1224; x_wconf 74' lang='grc' dir='ltr'>ἐπιθυμιῶν</span> <span class='ocrx_word' id='word_1_583' title='bbox 1400 1189 1448 1224; x_wconf 86' lang='grc' dir='ltr'>τὴν</span> <span class='ocrx_word' id='word_1_584' title='bbox 1464 1188 1641 1224; x_wconf 82' lang='grc' dir='ltr'>αἱσχρότητα;</span> <span class='ocrx_word' id='word_1_585' title='bbox 1661 1187 1716 1214; x_wconf 77' lang='grc' dir='ltr'><strong>Καὶ</strong></span> <span class='ocrx_word' id='word_1_586' title='bbox 1737 1186 1823 1213; x_wconf 78' lang='grc' dir='ltr'>ταῦτα</span> <span class='ocrx_word' id='word_1_587' title='bbox 1837 1183 1892 1220; x_wconf 79' lang='grc' dir='ltr'><strong>γὰρ</strong></span> 
     </span>
    </p>
   </div>
   <div class='ocr_carea' id='block_1_84' title="bbox 1106 1230 1893 1270">
    <p class='ocr_par' dir='ltr' id='par_1_84' title="bbox 1106 1230 1893 1270">
     <span class='ocr_line' id='line_1_84' title="bbox 1106 1230 1893 1270; baseline -0.009 -7"><span class='ocrx_word' id='word_1_588' title='bbox 1106 1236 1156 1263; x_wconf 82' lang='grc' dir='ltr'><strong>οὐκ</strong></span> <span class='ocrx_word' id='word_1_589' title='bbox 1172 1235 1334 1270; x_wconf 81' lang='grc' dir='ltr'>ἐρυθριῶσιν</span> <span class='ocrx_word' id='word_1_590' title='bbox 1357 1233 1543 1269; x_wconf 82' lang='grc' dir='ltr'>ἐξηγούμενοι.</span> <span class='ocrx_word' id='word_1_591' title='bbox 1564 1233 1660 1260; x_wconf 77' lang='grc' dir='ltr'>Καίτοι</span> <span class='ocrx_word' id='word_1_592' title='bbox 1687 1231 1787 1267; x_wconf 81' lang='grc' dir='ltr'>μᾶλλον</span> <span class='ocrx_word' id='word_1_593' title='bbox 1808 1230 1893 1266; x_wconf 80' lang='grc' dir='ltr'>ἐχρῆν</span> 
     </span>
    </p>
   </div>
   <div class='ocr_carea' id='block_1_85' title="bbox 1106 1276 1892 1316">
    <p class='ocr_par' dir='ltr' id='par_1_85' title="bbox 1106 1276 1892 1316">
     <span class='ocr_line' id='line_1_85' title="bbox 1106 1276 1892 1316; baseline -0.008 -8"><span class='ocrx_word' id='word_1_594' title='bbox 1106 1282 1153 1308; x_wconf 75' lang='grc' dir='ltr'><strong>καὶ</strong></span> <span class='ocrx_word' id='word_1_595' title='bbox 1163 1281 1247 1316; x_wconf 83' lang='grc' dir='ltr'>αὐτῆς</span> <span class='ocrx_word' id='word_1_596' title='bbox 1257 1281 1304 1316; x_wconf 83' lang='grc' dir='ltr'>τῆς</span> <span class='ocrx_word' id='word_1_597' title='bbox 1311 1280 1364 1307; x_wconf 83' lang='grc' dir='ltr'><strong>τῶν</strong></span> <span class='ocrx_word' id='word_1_598' title='bbox 1372 1279 1464 1306; x_wconf 84' lang='grc' dir='ltr'>κακῶν</span> <span class='ocrx_word' id='word_1_599' title='bbox 1474 1278 1627 1311; x_wconf 76' lang='grc' dir='ltr'>ἐξέλκεσθαι</span> <span class='ocrx_word' id='word_1_600' title='bbox 1639 1277 1788 1312; x_wconf 79' lang='grc' dir='ltr'>φαντασίας</span> <span class='ocrx_word' id='word_1_601' title='bbox 1795 1276 1892 1311; x_wconf 79' lang='grc' dir='ltr'>αὐτὴν,</span> 
     </span>
    </p>
   </div>
   <div class='ocr_carea' id='block_1_86' title="bbox 1107 1322 1892 1359">
    <p class='ocr_par' dir='ltr' id='par_1_86' title="bbox 1107 1322 1892 1359">
     <span class='ocr_line' id='line_1_86' title="bbox 1107 1322 1892 1359; baseline -0.008 -5"><span class='ocrx_word' id='word_1_602' title='bbox 1107 1328 1152 1354; x_wconf 75' lang='grc' dir='ltr'><strong>καὶ</strong></span> <span class='ocrx_word' id='word_1_603' title='bbox 1171 1328 1221 1354; x_wconf 75' lang='grc' dir='ltr'><strong>οὑκ</strong></span> <span class='ocrx_word' id='word_1_604' title='bbox 1235 1327 1275 1358; x_wconf 85' lang='grc' dir='ltr'><strong>είς</strong></span> <span class='ocrx_word' id='word_1_605' title='bbox 1286 1326 1365 1353; x_wconf 76' lang='grc' dir='ltr'>αὑτὸν</span> <span class='ocrx_word' id='word_1_606' title='bbox 1381 1324 1560 1352; x_wconf 78' lang='grc' dir='ltr'>κατωθεῖσθαι</span> <span class='ocrx_word' id='word_1_607' title='bbox 1574 1323 1675 1359; x_wconf 78' lang='grc' dir='ltr'>ἡδονῶν</span> <span class='ocrx_word' id='word_1_608' title='bbox 1691 1323 1736 1350; x_wconf 87' lang='grc' dir='ltr'><strong>τδν</strong></span> <span class='ocrx_word' id='word_1_609' title='bbox 1753 1322 1892 1357; x_wconf 67' lang='grc' dir='ltr'><strong>πυθμένα⁸</strong></span> 
     </span>
    </p>
   </div>
   <div class='ocr_carea' id='block_1_87' title="bbox 1106 1368 1893 1408">
    <p class='ocr_par' dir='ltr' id='par_1_87' title="bbox 1106 1368 1893 1408">
     <span class='ocr_line' id='line_1_87' title="bbox 1106 1368 1893 1408; baseline -0.006 -9"><span class='ocrx_word' id='word_1_610' title='bbox 1106 1374 1205 1408; x_wconf 83' lang='grc' dir='ltr'>τρόπος</span> <span class='ocrx_word' id='word_1_611' title='bbox 1219 1373 1272 1408; x_wconf 82' lang='grc' dir='ltr'><strong>γὰρ</strong></span> <span class='ocrx_word' id='word_1_612' title='bbox 1287 1370 1320 1407; x_wconf 75' lang='grc' dir='ltr'>ἦν</span> <span class='ocrx_word' id='word_1_613' title='bbox 1332 1371 1479 1405; x_wconf 80' lang='grc' dir='ltr'>θεραπείας</span> <span class='ocrx_word' id='word_1_614' title='bbox 1495 1371 1581 1397; x_wconf 85' lang='grc' dir='ltr'>ἐκεῖνο</span> <span class='ocrx_word' id='word_1_615' title='bbox 1595 1370 1693 1405; x_wconf 79' lang='grc' dir='ltr'>μᾶλλον</span> <span class='ocrx_word' id='word_1_616' title='bbox 1706 1389 1712 1400; x_wconf 88' lang='grc'><strong>,</strong></span> <span class='ocrx_word' id='word_1_617' title='bbox 1726 1369 1742 1404; x_wconf 85' lang='grc' dir='ltr'>ἢ</span> <span class='ocrx_word' id='word_1_618' title='bbox 1759 1368 1849 1395; x_wconf 76' lang='grc' dir='ltr'>τοῦτο.</span> <span class='ocrx_word' id='word_1_619' title='bbox 1860 1368 1893 1395; x_wconf 77' lang='grc' dir='ltr'><strong>Εἰ</strong></span> 
     </span>
    </p>
   </div>
   <div class='ocr_carea' id='block_1_88' title="bbox 1108 1414 1891 1454">
    <p class='ocr_par' dir='ltr' id='par_1_88' title="bbox 1108 1414 1891 1454">
     <span class='ocr_line' id='line_1_88' title="bbox 1108 1414 1891 1454; baseline -0.006 -9"><span class='ocrx_word' id='word_1_620' title='bbox 1108 1419 1157 1454; x_wconf 80' lang='grc' dir='ltr'>μὲν</span> <span class='ocrx_word' id='word_1_621' title='bbox 1175 1417 1220 1445; x_wconf 74' lang='grc' dir='ltr'><strong>οὖν</strong></span> <span class='ocrx_word' id='word_1_622' title='bbox 1242 1419 1285 1445; x_wconf 79' lang='grc' dir='ltr'><strong>ἵνα</strong></span> <span class='ocrx_word' id='word_1_623' title='bbox 1302 1419 1361 1449; x_wconf 81' lang='grc' dir='ltr'>ταῖς</span> <span class='ocrx_word' id='word_1_624' title='bbox 1374 1417 1421 1443; x_wconf 76' lang='grc' dir='ltr'><strong>τοῦ</strong></span> <span class='ocrx_word' id='word_1_625' title='bbox 1443 1416 1575 1452; x_wconf 82' lang='grc' dir='ltr'>σώματως</span> <span class='ocrx_word' id='word_1_626' title='bbox 1600 1416 1706 1452; x_wconf 82' lang='grc' dir='ltr'>ἡδοναῖς</span> <span class='ocrx_word' id='word_1_627' title='bbox 1730 1414 1891 1450; x_wconf 84' lang='grc' dir='ltr'>ἐντρυφήσῃ</span> 
     </span>
    </p>
   </div>
   <div class='ocr_carea' id='block_1_89' title="bbox 1107 1460 1894 1499">
    <p class='ocr_par' dir='ltr' id='par_1_89' title="bbox 1107 1460 1894 1499">
     <span class='ocr_line' id='line_1_89' title="bbox 1107 1460 1894 1499; baseline -0.006 -9"><span class='ocrx_word' id='word_1_628' title='bbox 1107 1463 1266 1499; x_wconf 74' lang='grc' dir='ltr'>προσθήκην</span> <span class='ocrx_word' id='word_1_629' title='bbox 1279 1463 1334 1498; x_wconf 77' lang='grc' dir='ltr'>ἔχει</span> <span class='ocrx_word' id='word_1_630' title='bbox 1352 1462 1511 1498; x_wconf 78' lang='grc' dir='ltr'>νοσημάτων</span> <span class='ocrx_word' id='word_1_631' title='bbox 1519 1462 1568 1496; x_wconf 77' lang='grc' dir='ltr'>τὴν</span> <span class='ocrx_word' id='word_1_632' title='bbox 1580 1461 1728 1497; x_wconf 72' lang='grc' dir='ltr'>σάρκωσιν,</span> <span class='ocrx_word' id='word_1_633' title='bbox 1737 1460 1786 1487; x_wconf 88' lang='grc' dir='ltr'>οὐκ</span> <span class='ocrx_word' id='word_1_634' title='bbox 1803 1460 1836 1487; x_wconf 80' lang='grc' dir='ltr'>ἄν</span> <span class='ocrx_word' id='word_1_635' title='bbox 1850 1467 1894 1490; x_wconf 88' lang='grc' dir='ltr'><strong>τις</strong></span> 
     </span>
    </p>
   </div>
   <div class='ocr_carea' id='block_1_90' title="bbox 1107 1503 1894 1543">
    <p class='ocr_par' dir='ltr' id='par_1_90' title="bbox 1107 1503 1894 1543">
     <span class='ocr_line' id='line_1_90' title="bbox 1107 1503 1894 1543; baseline -0.008 -7"><span class='ocrx_word' id='word_1_636' title='bbox 1107 1509 1248 1536; x_wconf 68' lang='grc' dir='ltr'>ἐπαινέσαι</span> <span class='ocrx_word' id='word_1_637' title='bbox 1271 1509 1316 1536; x_wconf 80' lang='grc' dir='ltr'><strong>τὸν</strong></span> <span class='ocrx_word' id='word_1_638' title='bbox 1335 1509 1532 1543; x_wconf 72' lang='grc' dir='ltr'>σωφρονιστὴν,</span> <span class='ocrx_word' id='word_1_639' title='bbox 1547 1507 1580 1534; x_wconf 85' lang='grc' dir='ltr'>δι’</span> <span class='ocrx_word' id='word_1_640' title='bbox 1602 1503 1640 1533; x_wconf 74' lang='grc' dir='ltr'>ὧν</span> <span class='ocrx_word' id='word_1_641' title='bbox 1662 1506 1776 1541; x_wconf 82' lang='grc' dir='ltr'>ὠφελεῖν</span> <span class='ocrx_word' id='word_1_642' title='bbox 1794 1504 1894 1531; x_wconf 74' lang='grc' dir='ltr'>ὑπετά-</span> 
     </span>
    </p>
   </div>
   <div class='ocr_carea' id='block_1_91' title="bbox 1108 1551 1894 1589">
    <p class='ocr_par' dir='ltr' id='par_1_91' title="bbox 1108 1551 1894 1589">
     <span class='ocr_line' id='line_1_91' title="bbox 1108 1551 1894 1589; baseline -0.006 -8"><span class='ocrx_word' id='word_1_643' title='bbox 1108 1563 1194 1589; x_wconf 81' lang='grc' dir='ltr'>πησεν</span> <span class='ocrx_word' id='word_1_644' title='bbox 1208 1554 1351 1581; x_wconf 80' lang='grc' dir='ltr'>ἀδικοῦντα</span> <span class='ocrx_word' id='word_1_645' title='bbox 1367 1554 1397 1580; x_wconf 83' lang='grc' dir='ltr'><strong>τὸ</strong></span> <span class='ocrx_word' id='word_1_646' title='bbox 1415 1552 1569 1588; x_wconf 85' lang='grc' dir='ltr'>νενοσηκός.</span> <span class='ocrx_word' id='word_1_647' title='bbox 1588 1551 1618 1579; x_wconf 80' lang='lat' dir='ltr'><strong>Et</strong></span> <span class='ocrx_word' id='word_1_648' title='bbox 1640 1552 1667 1578; x_wconf 89' lang='grc' dir='ltr'><strong>δέ</strong></span> <span class='ocrx_word' id='word_1_649' title='bbox 1684 1551 1728 1578; x_wconf 82' lang='grc' dir='ltr'>ἵνα</span> <span class='ocrx_word' id='word_1_650' title='bbox 1754 1551 1894 1585; x_wconf 81' lang='grc' dir='ltr'>παύσηται</span> 
     </span>
    </p>
   </div>
   <div class='ocr_carea' id='block_1_92' title="bbox 1108 1596 1895 1635">
    <p class='ocr_par' dir='ltr' id='par_1_92' title="bbox 1108 1596 1895 1635">
     <span class='ocr_line' id='line_1_92' title="bbox 1108 1596 1895 1635; baseline -0.006 -8"><span class='ocrx_word' id='word_1_651' title='bbox 1108 1600 1162 1627; x_wconf 85' lang='grc' dir='ltr'><strong>τῶν</strong></span> <span class='ocrx_word' id='word_1_652' title='bbox 1176 1601 1286 1633; x_wconf 57' lang='lat' dir='ltr'><strong>mea»,</strong></span> <span class='ocrx_word' id='word_1_653' title='bbox 1297 1600 1354 1632; x_wconf 82' lang='grc' dir='ltr'><strong>πῶς</strong></span> <span class='ocrx_word' id='word_1_654' title='bbox 1367 1602 1406 1631; x_wconf 87' lang='grc' dir='ltr'>εἰς</span> <span class='ocrx_word' id='word_1_655' title='bbox 1422 1600 1487 1626; x_wconf 78' lang='grc' dir='ltr'>αὐτὸ</span> <span class='ocrx_word' id='word_1_656' title='bbox 1506 1598 1624 1625; x_wconf 82' lang='grc' dir='ltr'>πεσοῦσα</span> <span class='ocrx_word' id='word_1_657' title='bbox 1639 1598 1688 1635; x_wconf 81' lang='grc' dir='ltr'>τῆς</span> <span class='ocrx_word' id='word_1_658' title='bbox 1703 1597 1851 1632; x_wconf 85' lang='grc' dir='ltr'>ἐπιθυμίας</span> <span class='ocrx_word' id='word_1_659' title='bbox 1863 1596 1895 1622; x_wconf 85' lang='grc' dir='ltr'>τὺ</span> 
     </span>
    </p>
   </div>
   <div class='ocr_carea' id='block_1_93' title="bbox 1111 1643 1895 1682">
    <p class='ocr_par' dir='ltr' id='par_1_93' title="bbox 1111 1643 1895 1682">
     <span class='ocr_line' id='line_1_93' title="bbox 1111 1643 1895 1682; baseline -0.005 -9"><span class='ocrx_word' id='word_1_660' title='bbox 1111 1645 1192 1682; x_wconf 80' lang='grc' dir='ltr'>βάθος</span> <span class='ocrx_word' id='word_1_661' title='bbox 1215 1646 1381 1673; x_wconf 84' lang='grc' dir='ltr'>ἀνακύπτειν</span> <span class='ocrx_word' id='word_1_662' title='bbox 1394 1645 1513 1676; x_wconf 77' lang='grc' dir='ltr'>ἐδύνατο,</span> <span class='ocrx_word' id='word_1_663' title='bbox 1530 1645 1576 1671; x_wconf 69' lang='grc' dir='ltr'>καὶ</span> <span class='ocrx_word' id='word_1_664' title='bbox 1590 1644 1650 1679; x_wconf 74' lang='grc' dir='ltr'>οὐχὶ</span> <span class='ocrx_word' id='word_1_665' title='bbox 1667 1643 1765 1679; x_wconf 83' lang='grc' dir='ltr'>μᾶλλον</span> <span class='ocrx_word' id='word_1_666' title='bbox 1780 1643 1826 1670; x_wconf 76' lang='grc' dir='ltr'><strong>καὶ</strong></span> <span class='ocrx_word' id='word_1_667' title='bbox 1843 1643 1895 1670; x_wconf 81' lang='grc' dir='ltr'><strong>αὑ-</strong></span> 
     </span>
    </p>
   </div>
   <div class='ocr_carea' id='block_1_94' title="bbox 1109 1689 1895 1729">
    <p class='ocr_par' dir='ltr' id='par_1_94' title="bbox 1109 1689 1895 1729">
     <span class='ocr_line' id='line_1_94' title="bbox 1109 1689 1895 1729; baseline -0.008 -8"><span class='ocrx_word' id='word_1_668' title='bbox 1109 1693 1158 1729; x_wconf 81' lang='grc' dir='ltr'>τὴν</span> <span class='ocrx_word' id='word_1_669' title='bbox 1169 1693 1348 1720; x_wconf 85' lang='grc' dir='ltr'>ἁποπτύσασα</span> <span class='ocrx_word' id='word_1_670' title='bbox 1361 1692 1408 1719; x_wconf 79' lang='grc' dir='ltr'>τοῦ</span> <span class='ocrx_word' id='word_1_671' title='bbox 1428 1692 1582 1727; x_wconf 75' lang='grc' dir='ltr'>νοσήματος</span> <span class='ocrx_word' id='word_1_672' title='bbox 1603 1691 1652 1725; x_wconf 81' lang='grc' dir='ltr'><strong>τὴν</strong></span> <span class='ocrx_word' id='word_1_673' title='bbox 1665 1689 1762 1726; x_wconf 80' lang='grc' dir='ltr'>ἀρχὴν,</span> <span class='ocrx_word' id='word_1_674' title='bbox 1776 1691 1821 1717; x_wconf 82' lang='grc' dir='ltr'>ὅτε</span> <span class='ocrx_word' id='word_1_675' title='bbox 1846 1689 1895 1716; x_wconf 76' lang='grc' dir='ltr'><strong>καὶ</strong></span> 
     </span>
    </p>
   </div>
   <div class='ocr_carea' id='block_1_95' title="bbox 1110 1737 1802 1775">
    <p class='ocr_par' dir='ltr' id='par_1_95' title="bbox 1110 1737 1802 1775">
     <span class='ocr_line' id='line_1_95' title="bbox 1110 1737 1802 1775; baseline -0.006 -9"><span class='ocrx_word' id='word_1_676' title='bbox 1110 1739 1200 1775; x_wconf 83' lang='grc' dir='ltr'>γυμνὴ</span> <span class='ocrx_word' id='word_1_677' title='bbox 1211 1738 1257 1766; x_wconf 80' lang='grc' dir='ltr'>τοῦ</span> <span class='ocrx_word' id='word_1_678' title='bbox 1273 1739 1449 1770; x_wconf 83' lang='grc' dir='ltr'>καθέλκοντος</span> <span class='ocrx_word' id='word_1_679' title='bbox 1464 1739 1502 1770; x_wconf 86' lang='grc' dir='ltr'><strong>είς</strong></span> <span class='ocrx_word' id='word_1_680' title='bbox 1517 1737 1653 1772; x_wconf 79' lang='grc' dir='ltr'>ἁμαρτίαν</span> <span class='ocrx_word' id='word_1_681' title='bbox 1668 1737 1802 1771; x_wconf 82' lang='grc' dir='ltr'>ἐφαίνετο.</span> 
     </span>
    </p>
   </div>
   <div class='ocr_carea' id='block_1_96' title="bbox 1145 1820 1893 1862">
    <p class='ocr_par' dir='ltr' id='par_1_96' title="bbox 1145 1820 1893 1862">
     <span class='ocr_line' id='line_1_96' title="bbox 1145 1820 1893 1862; baseline -0.011 -7"><span class='ocrx_word' id='word_1_682' title='bbox 1145 1831 1176 1856; x_wconf 91' lang='grc' dir='ltr'><strong>ε’.</strong></span> <span class='ocrx_word' id='word_1_683' title='bbox 1195 1828 1295 1855; x_wconf 81' lang='grc' dir='ltr'><strong>ΑΛΛΟ.</strong></span> <span class='ocrx_word' id='word_1_684' title='bbox 1321 1827 1353 1853; x_wconf 80' lang='grc' dir='ltr'><strong>Εἰ</strong></span> <span class='ocrx_word' id='word_1_685' title='bbox 1369 1825 1491 1862; x_wconf 85' lang='grc' dir='ltr'>προοῦσα</span> <span class='ocrx_word' id='word_1_686' title='bbox 1510 1823 1743 1859; x_wconf 80' lang='grc' dir='ltr'>πεπλημμέληκεν</span> <span class='ocrx_word' id='word_1_687' title='bbox 1763 1823 1779 1858; x_wconf 82' lang='grc' dir='ltr'>ὴ</span> <span class='ocrx_word' id='word_1_688' title='bbox 1803 1820 1893 1856; x_wconf 78' lang='grc' dir='ltr'>ψυχὴ,</span> 
     </span>
    </p>
   </div>
   <div class='ocr_carea' id='block_1_97' title="bbox 1110 1868 1893 1906">
    <p class='ocr_par' dir='ltr' id='par_1_97' title="bbox 1110 1868 1893 1906">
     <span class='ocr_line' id='line_1_97' title="bbox 1110 1868 1893 1906; baseline -0.01 -6"><span class='ocrx_word' id='word_1_689' title='bbox 1110 1873 1154 1901; x_wconf 83' lang='grc' dir='ltr'>διά</span> <span class='ocrx_word' id='word_1_690' title='bbox 1163 1881 1190 1900; x_wconf 89' lang='grc' dir='ltr'><strong>τε</strong></span> <span class='ocrx_word' id='word_1_691' title='bbox 1199 1873 1276 1899; x_wconf 80' lang='grc' dir='ltr'>τοῦτο</span> <span class='ocrx_word' id='word_1_692' title='bbox 1293 1871 1447 1906; x_wconf 85' lang='grc' dir='ltr'>συνεπλάκη</span> <span class='ocrx_word' id='word_1_693' title='bbox 1458 1870 1547 1906; x_wconf 70' lang='grc' dir='ltr'>σαρκὶ,</span> <span class='ocrx_word' id='word_1_694' title='bbox 1565 1869 1611 1896; x_wconf 77' lang='grc' dir='ltr'><strong>καὶ</strong></span> <span class='ocrx_word' id='word_1_695' title='bbox 1630 1869 1734 1904; x_wconf 76' lang='grc' dir='ltr'><strong>αἵματι1</strong></span> <span class='ocrx_word' id='word_1_696' title='bbox 1746 1868 1787 1899; x_wconf 84' lang='grc' dir='ltr'><strong>είς</strong></span> <span class='ocrx_word' id='word_1_697' title='bbox 1807 1876 1893 1902; x_wconf 86' lang='grc' dir='ltr'>τιμω-</span> 
     </span>
    </p>
   </div>
   <div class='ocr_carea' id='block_1_98' title="bbox 1112 1914 1895 1956">
    <p class='ocr_par' dir='ltr' id='par_1_98' title="bbox 1112 1914 1895 1956">
     <span class='ocr_line' id='line_1_98' title="bbox 1112 1914 1895 1956; baseline -0.009 -10"><span class='ocrx_word' id='word_1_698' title='bbox 1112 1917 1172 1956; x_wconf 83' lang='grc' dir='ltr'>ρίας</span> <span class='ocrx_word' id='word_1_699' title='bbox 1185 1919 1283 1955; x_wconf 85' lang='grc' dir='ltr'><strong>¹τρόπον</strong></span> <span class='ocrx_word' id='word_1_700' title='bbox 1295 1917 1415 1944; x_wconf 75' lang='grc' dir='ltr'>λαϐοῦσα</span> <span class='ocrx_word' id='word_1_701' title='bbox 1425 1917 1455 1944; x_wconf 86' lang='grc' dir='ltr'>τὸ</span> <span class='ocrx_word' id='word_1_702' title='bbox 1475 1917 1600 1952; x_wconf 75' lang='grc' dir='ltr'>πρᾶγμα.</span> <span class='ocrx_word' id='word_1_703' title='bbox 1614 1915 1672 1947; x_wconf 86' lang='grc' dir='ltr'><strong>πῶς</strong></span> <span class='ocrx_word' id='word_1_704' title='bbox 1689 1915 1738 1941; x_wconf 79' lang='grc' dir='ltr'><strong>οὐκ</strong></span> <span class='ocrx_word' id='word_1_705' title='bbox 1762 1914 1816 1940; x_wconf 77' lang='grc' dir='ltr'>ἔδει</span> <span class='ocrx_word' id='word_1_706' title='bbox 1830 1915 1895 1946; x_wconf 69' lang='grc' dir='ltr'>τοὺς</span> 
     </span>
    </p>
   </div>
   <div class='ocr_carea' id='block_1_99' title="bbox 1111 1961 1894 2001">
    <p class='ocr_par' dir='ltr' id='par_1_99' title="bbox 1111 1961 1894 2001">
     <span class='ocr_line' id='line_1_99' title="bbox 1111 1961 1894 2001; baseline -0.008 -8"><span class='ocrx_word' id='word_1_707' title='bbox 1111 1966 1287 1998; x_wconf 83' lang='grc' dir='ltr'>πιστεύοντας</span> <span class='ocrx_word' id='word_1_708' title='bbox 1304 1966 1342 1997; x_wconf 81' lang='grc' dir='ltr'><strong>είς</strong></span> <span class='ocrx_word' id='word_1_709' title='bbox 1354 1964 1480 2001; x_wconf 79' lang='grc' dir='ltr'>Χριστὸν,</span> <span class='ocrx_word' id='word_1_710' title='bbox 1502 1964 1548 1990; x_wconf 76' lang='grc' dir='ltr'>καὶ</span> <span class='ocrx_word' id='word_1_711' title='bbox 1558 1962 1759 1998; x_wconf 77' lang='grc' dir='ltr'>κομισαμένους</span> <span class='ocrx_word' id='word_1_712' title='bbox 1774 1961 1819 1988; x_wconf 71' lang='grc' dir='ltr'>διὰ</span> <span class='ocrx_word' id='word_1_713' title='bbox 1831 1961 1894 1987; x_wconf 84' lang='grc' dir='ltr'>τού-</span> 
     </span>
    </p>
   </div>
   <div class='ocr_carea' id='block_1_100' title="bbox 1110 2009 1894 2048">
    <p class='ocr_par' dir='ltr' id='par_1_100' title="bbox 1110 2009 1894 2048">
     <span class='ocr_line' id='line_1_100' title="bbox 1110 2009 1894 2048; baseline -0.009 -8"><span class='ocrx_word' id='word_1_714' title='bbox 1110 2023 1156 2041; x_wconf 83' lang='grc' dir='ltr'><strong>του</strong></span> <span class='ocrx_word' id='word_1_715' title='bbox 1171 2014 1219 2048; x_wconf 79' lang='grc' dir='ltr'><strong>τῆς</strong></span> <span class='ocrx_word' id='word_1_716' title='bbox 1235 2012 1370 2048; x_wconf 83' lang='grc' dir='ltr'>ἁμαρτίας</span> <span class='ocrx_word' id='word_1_717' title='bbox 1386 2011 1434 2045; x_wconf 80' lang='grc' dir='ltr'><strong>τὴν</strong></span> <span class='ocrx_word' id='word_1_718' title='bbox 1449 2010 1554 2044; x_wconf 60' lang='grc' dir='ltr'>ἄφεσιν,</span> <span class='ocrx_word' id='word_1_719' title='bbox 1570 2009 1739 2045; x_wconf 81' lang='grc' dir='ltr'>παραχρῆμα</span> <span class='ocrx_word' id='word_1_720' title='bbox 1761 2009 1894 2044; x_wconf 84' lang='grc' dir='ltr'>σωμάτων</span> 
     </span>
    </p>
   </div>
   <div class='ocr_carea' id='block_1_101' title="bbox 1112 2053 1896 2095">
    <p class='ocr_par' dir='ltr' id='par_1_101' title="bbox 1112 2053 1896 2095">
     <span class='ocr_line' id='line_1_101' title="bbox 1112 2053 1896 2095; baseline -0.008 -9"><span class='ocrx_word' id='word_1_721' title='bbox 1112 2059 1279 2095; x_wconf 76' lang='grc' dir='ltr'>ἐξέρχεσθαι,</span> <span class='ocrx_word' id='word_1_722' title='bbox 1293 2058 1339 2084; x_wconf 75' lang='grc' dir='ltr'><strong>καὶ</strong></span> <span class='ocrx_word' id='word_1_723' title='bbox 1354 2057 1382 2084; x_wconf 80' lang='grc' dir='ltr'>τὸ</span> <span class='ocrx_word' id='word_1_724' title='bbox 1390 2057 1462 2092; x_wconf 81' lang='grc' dir='ltr'>λόγῳ</span> <span class='ocrx_word' id='word_1_725' title='bbox 1473 2056 1608 2092; x_wconf 86' lang='grc' dir='ltr'>τιμωρίας</span> <span class='ocrx_word' id='word_1_726' title='bbox 1627 2054 1768 2090; x_wconf 74' lang='grc' dir='ltr'>περιτεθὲν</span> <span class='ocrx_word' id='word_1_727' title='bbox 1780 2053 1896 2081; x_wconf 72' lang='grc' dir='ltr'>ἀποϐάλ-</span> 
     </span>
    </p>
   </div>
   <div class='ocr_carea' id='block_1_102' title="bbox 1111 2099 1894 2139">
    <p class='ocr_par' dir='ltr' id='par_1_102' title="bbox 1111 2099 1894 2139">
     <span class='ocr_line' id='line_1_102' title="bbox 1111 2099 1894 2139; baseline -0.006 -7"><span class='ocrx_word' id='word_1_728' title='bbox 1111 2106 1186 2139; x_wconf 83' lang='grc' dir='ltr'>λειν;</span> <span class='ocrx_word' id='word_1_729' title='bbox 1204 2105 1280 2132; x_wconf 73' lang='grc' dir='ltr'>Ἐπεὶ</span> <span class='ocrx_word' id='word_1_730' title='bbox 1304 2103 1361 2136; x_wconf 84' lang='grc' dir='ltr'>πῶς</span> <span class='ocrx_word' id='word_1_731' title='bbox 1378 2103 1482 2130; x_wconf 84' lang='grc' dir='ltr'>τελείαν</span> <span class='ocrx_word' id='word_1_732' title='bbox 1497 2103 1553 2138; x_wconf 82' lang='grc' dir='ltr'>ἔχει</span> <span class='ocrx_word' id='word_1_733' title='bbox 1574 2102 1622 2138; x_wconf 83' lang='grc' dir='ltr'>τὴν</span> <span class='ocrx_word' id='word_1_734' title='bbox 1641 2102 1764 2137; x_wconf 82' lang='grc' dir='ltr'>ἄφεσινὴ</span> <span class='ocrx_word' id='word_1_735' title='bbox 1784 2099 1831 2128; x_wconf 81' lang='grc' dir='ltr'>τοῦ</span> <span class='ocrx_word' id='word_1_736' title='bbox 1848 2100 1894 2128; x_wconf 81' lang='grc' dir='ltr'><strong>ἀν-</strong></span> 
     </span>
    </p>
   </div>
   <div class='ocr_carea' id='block_1_103' title="bbox 1113 2146 1894 2186">
    <p class='ocr_par' dir='ltr' id='par_1_103' title="bbox 1113 2146 1894 2186">
     <span class='ocr_line' id='line_1_103' title="bbox 1113 2146 1894 2186; baseline -0.008 -8"><span class='ocrx_word' id='word_1_737' title='bbox 1113 2151 1221 2186; x_wconf 87' lang='grc' dir='ltr'>θρώπου</span> <span class='ocrx_word' id='word_1_738' title='bbox 1245 2150 1326 2185; x_wconf 73' lang='grc' dir='ltr'>ψυχὴ,</span> <span class='ocrx_word' id='word_1_739' title='bbox 1352 2149 1390 2176; x_wconf 73' lang='grc' dir='ltr'>ἔτι</span> <span class='ocrx_word' id='word_1_740' title='bbox 1420 2149 1595 2184; x_wconf 84' lang='grc' dir='ltr'>περικειμένη</span> <span class='ocrx_word' id='word_1_741' title='bbox 1615 2148 1659 2174; x_wconf 78' lang='grc' dir='ltr'><strong>τὸν</strong></span> <span class='ocrx_word' id='word_1_742' title='bbox 1683 2147 1733 2182; x_wconf 88' lang='grc' dir='ltr'>τῆς</span> <span class='ocrx_word' id='word_1_743' title='bbox 1758 2146 1894 2177; x_wconf 85' lang='grc' dir='ltr'>κολάσεως</span> 
     </span>
    </p>
   </div>
   <div class='ocr_carea' id='block_1_104' title="bbox 1112 2192 1893 2232">
    <p class='ocr_par' dir='ltr' id='par_1_104' title="bbox 1112 2192 1893 2232">
     <span class='ocr_line' id='line_1_104' title="bbox 1112 2192 1893 2232; baseline -0.006 -9"><span class='ocrx_word' id='word_1_744' title='bbox 1112 2197 1227 2232; x_wconf 84' lang='grc' dir='ltr'>τρόπον;</span> <span class='ocrx_word' id='word_1_745' title='bbox 1250 2195 1318 2222; x_wconf 82' lang='grc' dir='ltr'>Ἀλλ’</span> <span class='ocrx_word' id='word_1_746' title='bbox 1344 2195 1451 2230; x_wconf 83' lang='grc' dir='ltr'>ὁρῶμεν</span> <span class='ocrx_word' id='word_1_747' title='bbox 1469 2196 1509 2222; x_wconf 82' lang='grc' dir='ltr'>ὅτι</span> <span class='ocrx_word' id='word_1_748' title='bbox 1521 2194 1647 2221; x_wconf 78' lang='grc' dir='ltr'>τοσοῦτον</span> <span class='ocrx_word' id='word_1_749' title='bbox 1658 2194 1828 2229; x_wconf 81' lang='grc' dir='ltr'>ἀφεστήκασι</span> <span class='ocrx_word' id='word_1_750' title='bbox 1848 2192 1893 2218; x_wconf 81' lang='grc' dir='ltr'>τοῦ</span> 
     </span>
    </p>
   </div>
   <div class='ocr_carea' id='block_1_105' title="bbox 1113 2237 1894 2276">
    <p class='ocr_par' dir='ltr' id='par_1_105' title="bbox 1113 2237 1894 2276">
     <span class='ocr_line' id='line_1_105' title="bbox 1113 2237 1894 2276; baseline -0.006 -8"><span class='ocrx_word' id='word_1_751' title='bbox 1113 2241 1246 2276; x_wconf 81' lang='grc' dir='ltr'>σωμάτων</span> <span class='ocrx_word' id='word_1_752' title='bbox 1276 2239 1494 2267; x_wconf 80' lang='grc' dir='ltr'>ἀπαλλάττεσθαι</span> <span class='ocrx_word' id='word_1_753' title='bbox 1511 2239 1597 2266; x_wconf 84' lang='grc' dir='ltr'>θέλειν</span> <span class='ocrx_word' id='word_1_754' title='bbox 1617 2239 1641 2265; x_wconf 79' lang='grc' dir='ltr'>οἱ</span> <span class='ocrx_word' id='word_1_755' title='bbox 1654 2238 1838 2269; x_wconf 83' lang='grc' dir='ltr'>πιστεύοντες,</span> <span class='ocrx_word' id='word_1_756' title='bbox 1857 2237 1894 2268; x_wconf 86' lang='grc' dir='ltr'><strong>ὡς</strong></span> 
     </span>
    </p>
   </div>
   <div class='ocr_carea' id='block_1_106' title="bbox 1111 2283 1894 2322">
    <p class='ocr_par' dir='ltr' id='par_1_106' title="bbox 1111 2283 1894 2322">
     <span class='ocr_line' id='line_1_106' title="bbox 1111 2283 1894 2322; baseline -0.005 -9"><span class='ocrx_word' id='word_1_757' title='bbox 1111 2288 1170 2318; x_wconf 84' lang='grc' dir='ltr'>ταῖς</span> <span class='ocrx_word' id='word_1_758' title='bbox 1188 2287 1224 2318; x_wconf 86' lang='grc' dir='ltr'>εἰς</span> <span class='ocrx_word' id='word_1_759' title='bbox 1243 2287 1358 2322; x_wconf 72' lang='grc' dir='ltr'>Χριστὸν</span> <span class='ocrx_word' id='word_1_760' title='bbox 1386 2286 1541 2321; x_wconf 82' lang='grc' dir='ltr'>ὁμολογίαις</span> <span class='ocrx_word' id='word_1_761' title='bbox 1559 2283 1817 2319; x_wconf 76' lang='grc' dir='ltr'>συνεπισφίγγεσθαι</span> <span class='ocrx_word' id='word_1_762' title='bbox 1845 2285 1894 2318; x_wconf 83' lang='grc' dir='ltr'>τῆς</span> 
     </span>
    </p>
   </div>
   <div class='ocr_carea' id='block_1_107' title="bbox 1112 2327 1894 2367">
    <p class='ocr_par' dir='ltr' id='par_1_107' title="bbox 1112 2327 1894 2367">
     <span class='ocr_line' id='line_1_107' title="bbox 1112 2327 1894 2367; baseline -0.008 -9"><span class='ocrx_word' id='word_1_763' title='bbox 1112 2331 1212 2367; x_wconf 82' lang='grc' dir='ltr'>σαρκὸς</span> <span class='ocrx_word' id='word_1_764' title='bbox 1235 2331 1284 2366; x_wconf 88' lang='grc' dir='ltr'><strong>τὴν</strong></span> <span class='ocrx_word' id='word_1_765' title='bbox 1309 2331 1467 2358; x_wconf 75' lang='grc' dir='ltr'>ἀνάστασιν.</span> <span class='ocrx_word' id='word_1_766' title='bbox 1493 2330 1549 2356; x_wconf 89' lang='grc' dir='ltr'>Οὑκ</span> <span class='ocrx_word' id='word_1_767' title='bbox 1580 2329 1632 2364; x_wconf 75' lang='grc' dir='ltr'><strong>ἄρα</strong></span> <span class='ocrx_word' id='word_1_768' title='bbox 1657 2328 1794 2359; x_wconf 76' lang='grc' dir='ltr'>κολάσεως</span> <span class='ocrx_word' id='word_1_769' title='bbox 1818 2327 1894 2353; x_wconf 72' lang='grc' dir='ltr'>ἔσται</span> 
     </span>
    </p>
   </div>
   <div class='ocr_carea' id='block_1_108' title="bbox 1109 2373 1893 2413">
    <p class='ocr_par' dir='ltr' id='par_1_108' title="bbox 1109 2373 1893 2413">
     <span class='ocr_line' id='line_1_108' title="bbox 1109 2373 1893 2413; baseline -0.006 -10"><span class='ocrx_word' id='word_1_770' title='bbox 1109 2377 1218 2413; x_wconf 80' lang='grc' dir='ltr'>τρόπος,</span> <span class='ocrx_word' id='word_1_771' title='bbox 1230 2376 1260 2403; x_wconf 79' lang='grc' dir='ltr'>τὸ</span> <span class='ocrx_word' id='word_1_772' title='bbox 1273 2375 1319 2402; x_wconf 67' lang='grc' dir='ltr'><strong>καὶ</strong></span> <span class='ocrx_word' id='word_1_773' title='bbox 1330 2375 1445 2407; x_wconf 84' lang='grc' dir='ltr'>πίστεως</span> <span class='ocrx_word' id='word_1_774' title='bbox 1456 2374 1584 2410; x_wconf 70' lang='grc' dir='ltr'>ὁμολογία</span> <span class='ocrx_word' id='word_1_775' title='bbox 1593 2373 1784 2409; x_wconf 84' lang='grc' dir='ltr'>τετιμημένον,</span> <span class='ocrx_word' id='word_1_776' title='bbox 1805 2373 1843 2404; x_wconf 88' lang='grc' dir='ltr'>ὡς</span> <span class='ocrx_word' id='word_1_777' title='bbox 1859 2373 1893 2407; x_wconf 85' lang='grc' dir='ltr'>τῇ</span> 
     </span>
    </p>
   </div>
   <div class='ocr_carea' id='block_1_109' title="bbox 1108 2419 1895 2458">
    <p class='ocr_par' dir='ltr' id='par_1_109' title="bbox 1108 2419 1895 2458">
     <span class='ocr_line' id='line_1_109' title="bbox 1108 2419 1895 2458; baseline -0.005 -9"><span class='ocrx_word' id='word_1_778' title='bbox 1108 2422 1169 2458; x_wconf 71' lang='grc' dir='ltr'>θείᾳ</span> <span class='ocrx_word' id='word_1_779' title='bbox 1184 2422 1230 2448; x_wconf 80' lang='grc' dir='ltr'>τοῦ</span> <span class='ocrx_word' id='word_1_780' title='bbox 1239 2421 1365 2456; x_wconf 75' lang='grc' dir='ltr'>Σωτῆρος</span> <span class='ocrx_word' id='word_1_781' title='bbox 1375 2421 1488 2455; x_wconf 81' lang='grc' dir='ltr'>δυνάμει</span> <span class='ocrx_word' id='word_1_782' title='bbox 1502 2420 1532 2447; x_wconf 81' lang='grc' dir='ltr'><strong>τὸ</strong></span> <span class='ocrx_word' id='word_1_783' title='bbox 1543 2421 1631 2447; x_wconf 77' lang='grc' dir='ltr'>πάντα</span> <span class='ocrx_word' id='word_1_784' title='bbox 1645 2419 1774 2446; x_wconf 81' lang='grc' dir='ltr'>δύνασθαι</span> <span class='ocrx_word' id='word_1_785' title='bbox 1796 2419 1895 2455; x_wconf 63' lang='grc' dir='ltr'>ῥαδίως</span> 
     </span>
    </p>
   </div>
   <div class='ocr_carea' id='block_1_110' title="bbox 1108 2465 1844 2504">
    <p class='ocr_par' dir='ltr' id='par_1_110' title="bbox 1108 2465 1844 2504">
     <span class='ocr_line' id='line_1_110' title="bbox 1108 2465 1844 2504; baseline -0.005 -9"><span class='ocrx_word' id='word_1_786' title='bbox 1108 2468 1320 2504; x_wconf 82' lang='grc' dir='ltr'>ἐπιμαρτυροῦν,</span> <span class='ocrx_word' id='word_1_787' title='bbox 1333 2467 1377 2494; x_wconf 85' lang='grc' dir='ltr'>διὰ</span> <span class='ocrx_word' id='word_1_788' title='bbox 1386 2467 1433 2493; x_wconf 83' lang='grc' dir='ltr'><strong>τοῦ</strong></span> <span class='ocrx_word' id='word_1_789' title='bbox 1447 2466 1663 2502; x_wconf 85' lang='grc' dir='ltr'>παλινδρομῆσαι</span> <span class='ocrx_word' id='word_1_790' title='bbox 1676 2465 1744 2501; x_wconf 74' lang='grc' dir='ltr'>πρὸς</span> <span class='ocrx_word' id='word_1_791' title='bbox 1760 2466 1844 2500; x_wconf 84' lang='grc' dir='ltr'>ζωήν.</span> 
     </span>
    </p>
   </div>
   <div class='ocr_carea' id='block_1_111' title="bbox 1145 2503 1950 2548">
    <p class='ocr_par' dir='ltr' id='par_1_111' title="bbox 1145 2503 1950 2548">
     <span class='ocr_line' id='line_1_111' title="bbox 1145 2503 1950 2548; baseline -0.006 -6"><span class='ocrx_word' id='word_1_792' title='bbox 1145 2503 1182 2547; x_wconf 65' lang='grc' dir='ltr'><strong>ξ’.</strong></span> <span class='ocrx_word' id='word_1_793' title='bbox 1197 2503 1302 2540; x_wconf 18' lang='grc' dir='ltr'><strong>γΔΛΛΟ.</strong></span> <span class='ocrx_word' id='word_1_794' title='bbox 1324 2513 1354 2539; x_wconf 84' lang='grc' dir='ltr'>Εἰ</span> <span class='ocrx_word' id='word_1_795' title='bbox 1367 2512 1490 2548; x_wconf 83' lang='grc' dir='ltr'>προοῦσα</span> <span class='ocrx_word' id='word_1_796' title='bbox 1508 2512 1566 2539; x_wconf 80' lang='grc' dir='ltr'>κατ’</span> <span class='ocrx_word' id='word_1_797' title='bbox 1582 2512 1700 2543; x_wconf 85' lang='grc' dir='ltr'>ἐκείνους</span> <span class='ocrx_word' id='word_1_798' title='bbox 1715 2511 1894 2547; x_wconf 77' lang='grc' dir='ltr'>ἐξήμαρτενή</span> <span class='ocrx_word' id='word_1_799' title='bbox 1946 2503 1950 2508; x_wconf 68' lang='grc'><em>’</em></span> 
     </span>
    </p>
   </div>
   <div class='ocr_carea' id='block_1_112' title="bbox 1108 2558 1894 2595">
    <p class='ocr_par' dir='ltr' id='par_1_112' title="bbox 1108 2558 1894 2595">
     <span class='ocr_line' id='line_1_112' title="bbox 1108 2558 1894 2595; baseline -0.005 -8"><span class='ocrx_word' id='word_1_800' title='bbox 1108 2559 1237 2595; x_wconf 77' lang='grc' dir='ltr'>ψυχὴ,διά</span> <span class='ocrx_word' id='word_1_801' title='bbox 1251 2567 1280 2586; x_wconf 88' lang='grc' dir='ltr'><strong>τε</strong></span> <span class='ocrx_word' id='word_1_802' title='bbox 1289 2558 1369 2586; x_wconf 82' lang='grc' dir='ltr'>τοῦτο</span> <span class='ocrx_word' id='word_1_803' title='bbox 1380 2558 1533 2594; x_wconf 81' lang='grc' dir='ltr'>συνεπλάκη</span> <span class='ocrx_word' id='word_1_804' title='bbox 1549 2558 1641 2593; x_wconf 73' lang='grc' dir='ltr'>σαρκὶ,</span> <span class='ocrx_word' id='word_1_805' title='bbox 1655 2558 1698 2585; x_wconf 78' lang='grc' dir='ltr'>διὰ</span> <span class='ocrx_word' id='word_1_806' title='bbox 1709 2558 1788 2595; x_wconf 77' lang='grc' dir='ltr'>ποίαν</span> <span class='ocrx_word' id='word_1_807' title='bbox 1804 2558 1894 2584; x_wconf 82' lang='grc' dir='ltr'>αἰτίαν</span> 
     </span>
    </p>
   </div>
   <div class='ocr_carea' id='block_1_113' title="bbox 1109 2602 1894 2640">
    <p class='ocr_par' dir='ltr' id='par_1_113' title="bbox 1109 2602 1894 2640">
     <span class='ocr_line' id='line_1_113' title="bbox 1109 2602 1894 2640; baseline -0.005 -8"><span class='ocrx_word' id='word_1_808' title='bbox 1109 2607 1123 2632; x_wconf 83' lang='grc' dir='ltr'>ὁ</span> <span class='ocrx_word' id='word_1_809' title='bbox 1135 2605 1215 2640; x_wconf 82' lang='grc' dir='ltr'>νόμος</span> <span class='ocrx_word' id='word_1_810' title='bbox 1230 2605 1262 2631; x_wconf 79' lang='grc' dir='ltr'>τὰ</span> <span class='ocrx_word' id='word_1_811' title='bbox 1281 2604 1330 2639; x_wconf 82' lang='grc' dir='ltr'><strong>μὲν</strong></span> <span class='ocrx_word' id='word_1_812' title='bbox 1344 2604 1398 2630; x_wconf 87' lang='grc' dir='ltr'>τῶν</span> <span class='ocrx_word' id='word_1_813' title='bbox 1417 2603 1596 2638; x_wconf 83' lang='grc' dir='ltr'>ἐγκλημάτων</span> <span class='ocrx_word' id='word_1_814' title='bbox 1614 2603 1751 2639; x_wconf 78' lang='grc' dir='ltr'>βαρύτερα</span> <span class='ocrx_word' id='word_1_815' title='bbox 1761 2602 1894 2638; x_wconf 81' lang='grc' dir='ltr'>τιμᾶσθαι</span> 
     </span>
    </p>
   </div>
   <div class='ocr_carea' id='block_1_114' title="bbox 1109 2649 1893 2689">
    <p class='ocr_par' dir='ltr' id='par_1_114' title="bbox 1109 2649 1893 2689">
     <span class='ocr_line' id='line_1_114' title="bbox 1109 2649 1893 2689; baseline -0.005 -11"><span class='ocrx_word' id='word_1_816' title='bbox 1109 2652 1226 2686; x_wconf 82' lang='grc' dir='ltr'>θανάτῳ,</span> <span class='ocrx_word' id='word_1_817' title='bbox 1241 2651 1286 2678; x_wconf 74' lang='grc' dir='ltr'><strong>τὸν</strong></span> <span class='ocrx_word' id='word_1_818' title='bbox 1302 2651 1329 2689; x_wconf 72' lang='grc' dir='ltr'><strong>δέ</strong></span> <span class='ocrx_word' id='word_1_819' title='bbox 1341 2651 1416 2677; x_wconf 81' lang='grc' dir='ltr'>οὐδὲν</span> <span class='ocrx_word' id='word_1_820' title='bbox 1432 2650 1611 2686; x_wconf 82' lang='grc' dir='ltr'>ἡμαρτηκότα</span> <span class='ocrx_word' id='word_1_821' title='bbox 1627 2649 1721 2684; x_wconf 81' lang='grc' dir='ltr'>διαζῇν</span> <span class='ocrx_word' id='word_1_822' title='bbox 1739 2649 1893 2685; x_wconf 83' lang='grc' dir='ltr'>ἐπιτρέπει;</span> 
     </span>
    </p>
   </div>
   <div class='ocr_carea' id='block_1_115' title="bbox 1107 2695 1894 2732">
    <p class='ocr_par' dir='ltr' id='par_1_115' title="bbox 1107 2695 1894 2732">
     <span class='ocr_line' id='line_1_115' title="bbox 1107 2695 1894 2732; baseline -0.005 -8"><span class='ocrx_word' id='word_1_823' title='bbox 1107 2697 1184 2732; x_wconf 81' lang='grc' dir='ltr'><strong>Χρῆν</strong></span> <span class='ocrx_word' id='word_1_824' title='bbox 1195 2696 1249 2732; x_wconf 86' lang='grc' dir='ltr'><strong>γὰρ</strong></span> <span class='ocrx_word' id='word_1_825' title='bbox 1258 2696 1289 2732; x_wconf 85' lang='grc' dir='ltr'>δή</span> <span class='ocrx_word' id='word_1_826' title='bbox 1302 2698 1351 2723; x_wconf 75' lang='grc' dir='ltr'><strong>που</strong></span> <span class='ocrx_word' id='word_1_827' title='bbox 1365 2695 1475 2732; x_wconf 80' lang='grc' dir='ltr'>μᾶλλον,</span> <span class='ocrx_word' id='word_1_828' title='bbox 1488 2696 1550 2727; x_wconf 83' lang='grc' dir='ltr'>τοὺς</span> <span class='ocrx_word' id='word_1_829' title='bbox 1561 2696 1609 2731; x_wconf 79' lang='grc' dir='ltr'><strong>μὲν</strong></span> <span class='ocrx_word' id='word_1_830' title='bbox 1621 2696 1667 2721; x_wconf 77' lang='grc' dir='ltr'><strong>ἐπὶ</strong></span> <span class='ocrx_word' id='word_1_831' title='bbox 1677 2697 1732 2726; x_wconf 86' lang='grc' dir='ltr'>τοῖς</span> <span class='ocrx_word' id='word_1_832' title='bbox 1743 2695 1894 2730; x_wconf 80' lang='grc' dir='ltr'>αἰσχίστοις</span> 
     </span>
    </p>
   </div>
   <div class='ocr_carea' id='block_1_116' title="bbox 1109 2740 1894 2778">
    <p class='ocr_par' dir='ltr' id='par_1_116' title="bbox 1109 2740 1894 2778">
     <span class='ocr_line' id='line_1_116' title="bbox 1109 2740 1894 2778; baseline -0.005 -7"><span class='ocrx_word' id='word_1_833' title='bbox 1109 2745 1220 2775; x_wconf 84' lang='grc' dir='ltr'>ἁλόντας</span> <span class='ocrx_word' id='word_1_834' title='bbox 1238 2744 1332 2774; x_wconf 84' lang='grc' dir='ltr'>κακοῖς</span> <span class='ocrx_word' id='word_1_835' title='bbox 1344 2742 1500 2778; x_wconf 81' lang='grc' dir='ltr'>ἐπιτρέπειν</span> <span class='ocrx_word' id='word_1_836' title='bbox 1516 2741 1684 2776; x_wconf 74' lang='grc' dir='ltr'>ἐγχρονίζειν</span> <span class='ocrx_word' id='word_1_837' title='bbox 1694 2740 1829 2776; x_wconf 84' lang='grc' dir='ltr'>σώμασιν,</span> <span class='ocrx_word' id='word_1_838' title='bbox 1850 2741 1894 2767; x_wconf 78' lang='grc' dir='ltr'>ἵνα.</span> 
     </span>
    </p>
   </div>
   <div class='ocr_carea' id='block_1_117' title="bbox 1083 2786 1892 2825">
    <p class='ocr_par' dir='ltr' id='par_1_117' title="bbox 1083 2786 1892 2825">
     <span class='ocr_line' id='line_1_117' title="bbox 1083 2786 1892 2825; baseline -0.005 -9"><span class='ocrx_word' id='word_1_839' title='bbox 1083 2808 1085 2813; x_wconf 63' lang='grc' dir='ltr'><strong>τ</strong></span> <span class='ocrx_word' id='word_1_840' title='bbox 1108 2789 1140 2825; x_wconf 80' lang='grc' dir='ltr'>δὴ</span> <span class='ocrx_word' id='word_1_841' title='bbox 1156 2790 1202 2816; x_wconf 74' lang='grc' dir='ltr'>καὶ</span> <span class='ocrx_word' id='word_1_842' title='bbox 1213 2788 1343 2824; x_wconf 78' lang='grc' dir='ltr'>μειζόνως</span> <span class='ocrx_word' id='word_1_843' title='bbox 1356 2787 1521 2821; x_wconf 83' lang='grc' dir='ltr'>κολάζοιντο,</span> <span class='ocrx_word' id='word_1_844' title='bbox 1536 2788 1597 2820; x_wconf 81' lang='grc' dir='ltr'>τοὺς</span> <span class='ocrx_word' id='word_1_845' title='bbox 1608 2787 1635 2813; x_wconf 85' lang='grc' dir='ltr'>δὲ</span> <span class='ocrx_word' id='word_1_846' title='bbox 1645 2787 1720 2813; x_wconf 77' lang='grc' dir='ltr'>οὐδὲν</span> <span class='ocrx_word' id='word_1_847' title='bbox 1732 2786 1892 2822; x_wconf 84' lang='grc' dir='ltr'>ἡμαρτηκὸ-</span> 
     </span>
    </p>
   </div>
   <div class='ocr_carea' id='block_1_118' title="bbox 1107 2829 1892 2870">
    <p class='ocr_par' dir='ltr' id='par_1_118' title="bbox 1107 2829 1892 2870">
     <span class='ocr_line' id='line_1_118' title="bbox 1107 2829 1892 2870; baseline -0.006 -8"><span class='ocrx_word' id='word_1_848' title='bbox 1107 2844 1155 2867; x_wconf 82' lang='grc' dir='ltr'><strong>τας</strong></span> <span class='ocrx_word' id='word_1_849' title='bbox 1167 2835 1299 2870; x_wconf 87' lang='grc' dir='ltr'>σωμάτων</span> <span class='ocrx_word' id='word_1_850' title='bbox 1321 2833 1452 2867; x_wconf 80' lang='grc' dir='ltr'>ἀνεῖσθαι,</span> <span class='ocrx_word' id='word_1_851' title='bbox 1473 2833 1552 2869; x_wconf 79' lang='grc' dir='ltr'>εἴπερ</span> <span class='ocrx_word' id='word_1_852' title='bbox 1575 2834 1602 2860; x_wconf 78' lang='grc' dir='ltr'><strong>ἐν</strong></span> <span class='ocrx_word' id='word_1_853' title='bbox 1615 2829 1702 2864; x_wconf 80' lang='grc' dir='ltr'>τάξει⁶</span> <span class='ocrx_word' id='word_1_854' title='bbox 1716 2831 1852 2867; x_wconf 87' lang='grc' dir='ltr'>τιμωρίας</span> <span class='ocrx_word' id='word_1_855' title='bbox 1875 2831 1892 2866; x_wconf 90' lang='grc' dir='ltr'><strong>ή</strong></span> 
     </span>
    </p>
   </div>
   <div class='ocr_carea' id='block_1_119' title="bbox 1107 2878 1892 2917">
    <p class='ocr_par' dir='ltr' id='par_1_119' title="bbox 1107 2878 1892 2917">
     <span class='ocr_line' id='line_1_119' title="bbox 1107 2878 1892 2917; baseline -0.005 -9"><span class='ocrx_word' id='word_1_856' title='bbox 1107 2881 1312 2917; x_wconf 82' lang='grc' dir='ltr'>ἐνσωμάτωσις.</span> <span class='ocrx_word' id='word_1_857' title='bbox 1342 2879 1410 2906; x_wconf 74' lang='grc' dir='ltr'>Ἀλλ’</span> <span class='ocrx_word' id='word_1_858' title='bbox 1424 2881 1456 2906; x_wconf 85' lang='grc' dir='ltr'><strong>ἐκ</strong></span> <span class='ocrx_word' id='word_1_859' title='bbox 1471 2879 1525 2907; x_wconf 86' lang='grc' dir='ltr'>τῶν</span> <span class='ocrx_word' id='word_1_860' title='bbox 1542 2880 1680 2913; x_wconf 81' lang='grc' dir='ltr'>ἐναντίων,</span> <span class='ocrx_word' id='word_1_861' title='bbox 1697 2878 1805 2914; x_wconf 82' lang='grc' dir='ltr'>θανάτῳ</span> <span class='ocrx_word' id='word_1_862' title='bbox 1816 2878 1864 2914; x_wconf 68' lang='grc' dir='ltr'><strong>μὲν</strong></span> <span class='ocrx_word' id='word_1_863' title='bbox 1877 2879 1892 2904; x_wconf 82' lang='grc' dir='ltr'><strong>ό</strong></span> 
     </span>
    </p>
   </div>
  </div>
