2030 3122
261 170 310 202 l5!)

778 165 806 192 S.
821 161 957 192 CYRlLLl
978 157 1212 187 ALEXANDRINI
1233 157 1393 186 ARCHIEI’.

1829 150 1878 181 NO

256 239 304 259 eos
321 230 390 257 votis
408 227 594 264 prosequitur,
609 225 703 253 dicens
719 233 725 251 :
741 233 750 249 t
769 223 801 250 Et
809 230 872 250 ecce
882 222 949 250 estis
966 219 1045 247 hodie

1102 218 1209 250 5ικαίως
1229 217 1445 252 ὑπερθαυμάσας
1461 215 1475 243 ό
1495 215 1656 251 ἱεροφάντης
1668 213 1788 249 Μωύσῆς
1801 212 1879 238 ἐπεύ-

259 277 331 304 velut
357 280 430 302 astra
455 273 516 300 ραιιί
537 270 722 300 multitudine.
744 269 877 296 Dominus
902 267 974 294 Deus
997 272 1043 300 pa-

259 329 331 350 trum
340 325 494 349 vestrorum
506 317 704 353 adjiciatvobis
718 316 788 343 sicut
800 315 867 342 estis
880 313 978 340 millies
987 313 1019 339 ’7.
1033 321 1042 337 ι

258 369 293 396 At
313 368 335 396 si
352 366 515 402 corporibus
533 364 566 392 ad
590 370 698 399 poenam
714 360 919 389 includerentur
935 358 1043 389 animae,

260 415 343 450 idque
379 413 545 441 necessitate
579 409 715 445 quadam,
753 405 914 441 imprecalio
949 411 1044 431 revera

259 465 343 494 esset,
360 468 416 487 non
430 463 525 486 votum
539 457 584 484 illa
605 455 706 491 Moysis
724 453 824 481 oratio.
844 451 928 486 Atqui
944 458 987 477 res
1008 450 1045 476 ita

260 516 315 534 non
335 510 388 538 est,
411 504 458 533 sed
485 494 556 531 iacta
578 507 621 530 est.
644 509 659 527 a
676 500 768 536 Moyse
791 497 957 526 benedictio.
986 495 1046 522 Non

259 561 326 588 ergo
341 553 373 580 ad
387 558 494 587 poenam
519 547 683 584 corporibus
700 546 836 573 immersae
850 547 916 572 sunt
938 542 1046 569 animae.

298 685 339 711 ιι.
359 681 473 710 ALlUD.
492 680 562 707 Male
584 678 742 714 petentibus
760 677 832 704 Deus
858 683 913 704 non
937 675 1044 702 annuit.

261 731 345 764 (Iujus
366 729 404 756 rei
423 727 545 762 locuples
559 725 637 753 testis
658 724 738 751 nobis
755 724 807 751 erit
827 722 979 750 Salvatoris
991 721 1048 748 dis-

261 775 371 809 cipulus
387 783 393 800 :
410 783 419 798 t
433 772 540 802 Petitis,
553 780 562 796 ι
583 769 684 805 inquit,
702 779 711 794 ε
731 773 758 796 et
775 776 829 795 non
860 766 998 801 accipitis,
1017 773 1049 792 eo

261 820 333 856 quod
352 819 422 846 male
444 817 541 854 petatis
553 817 586 844 ’³.
605 826 614 842 ι
638 816 666 843 Si
682 823 746 850 ergo
768 814 801 841 ad
826 821 932 849 pmnam
951 819 1048 846 corpo-

263 866 339 893 ribus
361 864 459 891 animre
484 862 687 896 mancipantur,
714 858 852 894 quomodo
877 857 955 884 Anna
980 856 1049 882 Pha-

1095 271 1172 298 χεται
1186 262 1270 296 λέγων
1289 263 1390 293 αὐτοῖς·
1409 271 1418 288 t
1432 262 1487 289 Καὶ
1502 261 1567 294 ἰδοὺ,
1582 260 1643 286 ἐστὶ
1663 259 1783 296 σήμερον
1796 259 1833 291 ὡς
1848 259 1881 284 τὰ

1095 310 1181 345 ἄστρα
1203 308 1250 336 τοῦ
1278 308 1393 344 οὐρανοῦ
1406 307 1445 343 τῷ
1464 307 1571 342 πλήθει,
1596 307 1698 342 Κύριος
1713 305 1727 331 ὁ
1747 305 1812 336 Θεὸς
1829 313 1881 331 των

1096 359 1221 391 πατέρων
1231 354 1307 390 ὑμῶν
1321 353 1452 390 προσθείη
1462 354 1536 389 ὑμῖν,
1547 353 1583 384 ὡς
1594 350 1642 388 ἦτε
1654 351 1857 387 χιλιοπλασίως.
1871 360 1879 375 ι

1102 401 1252 437 Ἀλλέῐπερ
1259 399 1293 437 ἦν
1303 401 1425 433 κόλασις,
1433 402 1494 432 ταῖς
1506 398 1657 434 ἀνθρώπων
1666 398 1765 433 ψυχαῖς
1775 397 1806 424 τὸ
1814 393 1883 423 εἶναι

1098 448 1167 483 μετὰ
1179 447 1312 482 σωμάτων
1320 448 1348 474 ὲν
1363 447 1468 482 κόσμῳ,
1477 446 1531 473 ἔδει
1542 446 1569 472 δὲ
1583 443 1662 477 εἶναι,
1675 444 1721 471 καὶ
1729 443 1883 479 οὺγυμνὰς,

1096 493 1151 530 ἀρὰ
1167 494 1266 529 μᾶλλον
1282 493 1324 528 εἴη
1342 501 1395 528 περ
1408 492 1526 527 άληθῶς,
1541 493 1590 518 οὐκ
1600 492 1643 518 ἐπ’
1660 491 1792 526 summa!
1807 491 1822 516 ὁ
1837 489 1883 516 τοῦ

1096 541 1218 573 Μωσέως
1231 541 1384 576 εὑρίσκοιτο
1400 539 1489 574 λόγος.
1505 539 1582 575 Ἔχει
1598 538 1626 565 δὲ
1643 539 1692 574 οὺχ
1706 538 1802 569 οὓτως,
1826 537 1885 564 ἀλλ’

1097 587 1126 614 ὲν
1138 587 1262 621 εὐλογίας
1274 586 1350 619 τάξει
1373 586 1530 622 πεποίηται’
1544 586 1595 612 οὐκ
1613 584 1666 620 ἄρα
1677 584 1811 620 τιμωρίας
1829 583 1885 618 ἔχει

1098 632 1175 666 λόγον
1188 634 1204 668 ὴ
1222 633 1368 668 σάρκωσις.

1134 677 1177 712 ιβ’.
1192 678 1358 709 ΑΛΛΟ.Τοῖς
1365 678 1450 704 αἰτεῖν
1459 676 1628 713 ἐπιχειροῦσι
1638 675 1741 707 κακῶς.
1750 675 1887 702 ἐπινεύειν

1098 722 1164 755 Θεὸς
1179 723 1230 750 οὐκ
1244 723 1379 757 ἀνέχεται.
1395 723 1449 749 Καὶ
1463 722 1557 749 τούτου
1574 721 1677 757 μάρτυς
1692 722 1757 756 ἡμῖν
1769 720 1886 756 ἀψευδὴς

1099 770 1112 796 ὁ
1123 770 1169 796 τοῦ
1179 770 1304 805 Σωτῆρος
1314 769 1457 804 γενήσεται
1470 768 1604 804 μαθητὴς,
1615 777 1623 793 t
1644 769 1759 799 Αἰτεῖτε,
1767 777 1775 792 ι
1787 767 1886 800 λέγων,

1103 825 1111 840 t
1128 816 1174 842 καὶ
1189 816 1218 841 οὐ
1233 815 1397 850 λαμϐάνετε,
1409 815 1448 841 ὅτι
1463 815 1556 847 κακῶς
1573 813 1702 841 αἰτεῖσθε.
1715 823 1723 839 ι
1741 813 1827 848 Εἴπερ
1841 811 1887 839 οὖν

1101 863 1159 889 ἐστι
1186 862 1296 892 κόλασις
1320 860 1350 887 τὸ
1378 860 1576 895 σωματωθῆναι
1606 859 1706 894 ψυχὴν,
1735 859 1818 885 Ἀννα
1840 858 1886 884 τοῦ
1913 849 1916 853 ’

264 911 352 938 nuelis
369 909 435 940 ﬁlia,
452 907 558 942 inquiet
582 906 692 940 aliquis,
709 912 764 931 non
779 904 955 930 vehementer
970 908 1049 928 erra-

1102 908 1249 943 Φανουὴλὴ
1271 906 1404 941 θυγάτηρ,
1420 906 1477 937 πῶς
1499 905 1549 932 οὐκ
1569 905 1686 939 εὐλόγως
1701 906 1759 941 ἐρεῖ
1772 913 1826 937 τις,
1847 904 1886 930 ὅτι

264 958 321 988 bat,
336 964 398 983 cum
417 961 472 981 tatu
495 954 574 980 enixe
599 952 683 979 tilium
700 951 754 978 sibi
774 958 788 976 a
808 949 863 976 Deo
889 951 994 984 peteret
1009 946 1050 972 ‘9?

262 1004 388 1030 Animam
403 1001 503 1036 quippe
517 999 646 1026 deorsum
661 997 736 1033 pelli,
746 996 809 1024 etin
825 1001 925 1030 corpus
940 992 1048 1021 detrudi

263 1049 404 1084 poscebat.
426 1047 461 1073 At
483 1045 634 1081 quomodo,
655 1051 760 1079 quaeso,
785 1042 871 1069 tilium
895 1040 947 1076 ipsi
977 1039 1049 1066 Deus

263 1096 372 1123 beatum
394 1092 551 1120 Samuelem
582 1090 711 1122 tradidit,
745 1089 767 1116 si
791 1088 901 1124 quidem
922 1092 1051 1122 peccasse

264 1142 340 1177 prius
357 1140 476 1167 animam
497 1136 652 1173 oportebat,
675 1140 705 1162 ut
719 1135 835 1170 implexa
856 1132 967 1168 corpori
991 1139 1050 1159 mu-

264 1189 340 1216 lieris
366 1192 458 1215 votum
487 1185 632 1221 impleret?
647 1183 730 1218 Atqui
755 1183 828 1210 Deus
852 1180 976 1211 tradidit,
1003 1177 1050 1213 qui

264 1234 374 1262 nonnisi
402 1233 473 1260 bona
498 1232 564 1259 dare
587 1234 696 1266 potest,
724 1235 842 1264 cumque
868 1226 896 1254 id
924 1230 1051 1261 prompto

264 1281 358 1307 animo
371 1279 422 1314 ipsi
437 1277 577 1309 annuerit,
589 1281 682 1303 votum
700 1274 760 1309 ejus
775 1274 809 1300 ab
824 1272 897 1300 omni
913 1270 1051 1299 calumnia

265 1328 373 1354 liberat.
395 1325 454 1352 Non
471 1324 554 1359 igitur
573 1323 608 1350 ob
625 1322 776 1349 admissum
793 1324 937 1355 peccatum
953 1324 1052 1352 corpo-

266 1373 341 1400 ribus
356 1371 446 1398 anima
468 1368 628 1401 includitur,
647 1374 736 1402 neque
749 1365 777 1393 id
791 1365 816 1393 ei
832 1365 866 1392 ad
881 1371 990 1400 penam
1005 1362 1052 1390 da-

265 1425 335 1451 tum,
349 1421 378 1445 ut
390 1417 485 1444 volunt
499 1415 636 1442 nonnulli.

304 1465 345 1492 l5.
361 1461 475 1490 ALIUD.
495 1460 523 1488 Si
535 1468 637 1495 corpus
650 1459 748 1486 animas
763 1456 882 1484 hominis
894 1456 927 1483 ad
943 1462 1052 1490 poenam

265 1511 357 1537 datum
384 1512 436 1540 est,
456 1507 521 1543 quid
546 1505 692 1533 Ezechiam
708 1502 809 1539 adegit,
826 1502 902 1529 illum
922 1500 1052 1528 Hieroso-

1100 954 1146 980 τοῦ
1181 953 1331 988 πρέποντος
1360 951 1549 986 άπεσφάλλετο
1579 951 1699 987 μακρὰν,
1726 951 1796 978 οὕτω
1820 951 1887 986 πρὸς

1100 999 1165 1026 Θεὸν
1190 998 1366 1026 ἀνατείνουσα
1379 997 1428 1032 τὴν
1453 997 1545 1032 εὐχὴν,
1572 997 1618 1024 καὶ
1643 997 1755 1024 αἰτοῦσα
1776 997 1888 1032 σπέρμα

1100 1045 1213 1082 tis/696;;
1230 1045 1320 1080 ψυχῆς
1344 1045 1398 1081 γὰρ
1415 1044 1473 1080 ᾔτει
1501 1044 1687 1076 κατάπτωσιν,
1711 1043 1759 1070 καὶ
1784 1044 1833 1079 τὴν
1849 1045 1888 1075 εἰς

1102 1092 1181 1127 σῶμα
1203 1091 1326 1118 κάθοδον.
1341 1091 1402 1122 Πῶς
1417 1090 1444 1117 δὲ
1467 1090 1535 1121 ὅλως
1552 1090 1600 1116 και)⁸
1625 1090 1682 1117 υἱὸν
1707 1090 1775 1126 αὐτῇ
1802 1090 1888 1117 ἐδίδου

1101 1138 1167 1169 Θεὸς
1178 1137 1223 1164 τὸν
1238 1137 1313 1171 ἅγιον
1328 1136 1465 1172 Σαμουὴλ,
1483 1136 1561 1171 ειπερ
1577 1136 1629 1162 ἔδει
1640 1136 1749 1168 πάντως
1765 1136 1889 1172 ἁμαρτῆ-

1103 1193 1148 1212 σαι
1159 1185 1259 1220 ψυχὴν,
1270 1184 1312 1211 ἵνα
1327 1184 1360 1219 δὴ
1370 1184 1416 1210 καὶ
1432 1182 1605 1218 ὲμπλακεῖσα
1613 1182 1718 1218 σώματι
1731 1184 1763 1219 τῇ
1778 1184 1890 1218 γυναικὶ

1102 1231 1235 1268 πληρώσῃ
1250 1231 1300 1267 τὴν
1319 1230 1444 1266 aiens-tv;
1466 1230 1545 1257 Ἀλλὰ
1567 1230 1620 1265 μὴν
1636 1230 1682 1256 καὶ
1706 1229 1771 1261 Θεὸς
1792 1229 1890 1261 ἐδίδου,

1103 1278 1171 1316 μόνα
1183 1277 1310 1312 πεφυκὼς
1322 1277 1421 1303 διδόναι
1435 1276 1468 1303 τὰ
1482 1276 1582 1311 ἀγαθὰ,
1603 1277 1649 1303 καὶ
1663 1276 1816 1312 προχείρως
1831 1277 1891 1301 ἐπι-

1102 1324 1199 1356 νεύσας
1212 1323 1291 1359 αὑτῇ,
1302 1322 1436 1358 λοιδορίας
1450 1322 1559 1358 ἁπάσης
1570 1322 1707 1358 ἐλευθεροῖ
1714 1322 1761 1357 τὴν
1770 1322 1880 1357 αἴτησιν

1103 1370 1159 1396 Οὐκ
1168 1369 1220 1405 ἄρα
1233 1368 1263 1401 ἐξ
1271 1368 1412 1404 ἁμαρτίας
1422 1370 1438 1404 ἡ
1453 1371 1601 1404 σάρκωσις,
1616 1367 1673 1394 ἀλλ’
1683 1368 1743 1394 οὐδὲ
1754 1368 1893 1401 κολάσεως

1102 1414 1201 1449 τρόπος
1211 1414 1280 1440 κατά
1295 1422 1380 1446 τινας.

1139 1459 1184 1493 ιγ’.
1201 1459 1300 1486 ΔΛΛΟ.
1317 1460 1347 1485 ΕΞ
1365 1460 1393 1487 ὲν
1405 1459 1480 1492 τάξει
1498 1460 1634 1495 τιμωρίας
1645 1459 1749 1487 δέδοται
1765 1460 1796 1487 τὸ
1812 1460 1894 1496 σῶμα

1103 1506 1136 1541 τῇ
1147 1505 1290 1541 ἀνθρώπου
1305 1505 1388 1543 ψυχῇ,
1407 1505 1434 1533 τί
1445 1506 1473 1532 τὸ
1493 1506 1622 1538 πεπεικὸς
1641 1505 1765 1542 Ἐζεχίαν
1779 1506 1826 1534 τὸν
1842 1507 1894 1542 τῆς

266 1555 402 1590 lymorum
419 1560 509 1588 regem
525 1551 675 1586 sapientem
692 1557 724 1578 ac
739 1549 852 1580 bonum,
869 1553 898 1575 ut
920 1555 974 1575 non
993 1547 1050 1574 sine

1109 1552 1286 1588 Ἰερουσαλὴμ
1302 1552 1422 1587 βασιλέα,
1440 1552 1528 1579 καίτοι
1541 1553 1622 1585 σοφὸν
1634 1552 1699 1579 ὅντα
1714 1553 1761 1580 καὶ
1776 1553 1893 1588 ἀγαθὸν,

265 1600 373 1628 acerbis
401 1598 531 1634 lacrymis
556 1597 684 1632 corporis
706 1599 822 1623 mortem
847 1594 1051 1630 deprecaretur,

267 1653 316 1674 nec
333 1646 379 1673 illo
395 1644 531 1680 supplicio
547 1643 627 1671 vellet
642 1641 746 1669 exsolvi
759 1642 779 1674 ¹,
792 1640 840 1669 sed
856 1647 989 1667 annorum
1007 1647 1053 1667 oe-

267 1693 394 1720 cessione
405 1698 507 1726 corpus
519 1697 599 1717 suum
609 1688 739 1716 honorari
751 1691 864 1723 peteret.
875 1694 936 1714 cum
951 1686 1052 1721 alioqui

268 1739 348 1773 longe
372 1736 460 1764 satius
482 1740 565 1769 esset,
587 1735 611 1763 si
636 1742 731 1762 verum
755 1738 797 1761 est
827 1740 944 1768 corpore
971 1732 1052 1768 plecti

268 1783 400 1813 animam.
412 1789 465 1808 non
481 1785 597 1808 mortem
617 1779 772 1814 deprecari,
785 1778 831 1806 sed
848 1785 930 1814 grave
949 1782 976 1805 et
995 1785 1054 1804 mo-

269 1830 366 1856 lestum
382 1827 484 1855 dueere
506 1827 626 1854 animum
653 1833 714 1852 cum
730 1832 847 1859 corpore
868 1824 1010 1859 conjungi,
1027 1827 1053 1850 et

267 1875 302 1901 ob
317 1875 376 1908 ejus
400 1872 611 1900 dissolutionem
627 1871 731 1907 gratias
755 1878 835 1905 agere
858 1870 950 1905 potius
970 1877 1051 1905 quam

267 1920 302 1947 ob
328 1920 421 1946 vitam.
445 1918 499 1954 83
519 1917 660 1950 Quomodo
680 1923 746 1944 vero
758 1915 906 1951 singularis
927 1914 1052 1943 beneﬁcii

268 1967 329 1993 loco
344 1964 520 2000 promittebat
537 1964 574 1990 illi
592 1963 663 1991 Deus
675 1963 787 1991 dicens:
801 1972 810 1988 ‹
825 1961 896 1989 Ecce
910 1962 1007 1989 addam
1019 1961 1052 1988 ad

267 2011 325 2037 dies
347 2013 410 2036 tuos
435 2009 557 2044 quinque
573 2011 601 2035 et
625 2007 719 2034 decem
746 2015 833 2034 annos
850 2007 872 2040 ',
891 2017 900 2033 ι
917 2015 979 2033 cum
1006 2007 1052 2033 illa

269 2055 416 2091 promissio
448 2054 573 2090 supplicii
606 2054 762 2089 prorogatio
784 2058 868 2084 esset,
889 2061 943 2079 non
970 2053 1052 2080 beue‘

269 2101 377 2133 licium,
398 2100 420 2127 si
441 2108 535 2127 verum
564 2099 601 2126 illi
625 2099 736 2126 docent.
755 2098 789 2124 At
814 2105 879 2125 vero
903 2105 1051 2132 supernum

268 2148 369 2174 donum
396 2151 422 2174 et
442 2147 528 2182 gratia
545 2151 603 2173 erat
628 2145 673 2172 illa
691 2144 847 2179 promissio,
868 2149 894 2170 et
915 2151 1051 2170 annorum

268 2193 425 2229 prorogatio
444 2201 449 2218 :
472 2199 525 2218 non
546 2200 611 2227 ergo
633 2191 666 2218 ad
693 2190 855 2225 supplicium
883 2197 985 2224 corpus
1003 2190 1052 2217 do-

268 2243 347 2266 natur
360 2238 467 2264 animm.

304 2283 346 2310 Li.
363 2282 476 2309 ALIUD.
495 2281 522 2309 Si
538 2281 572 2308 ad
589 2289 696 2315 poenam
712 2281 803 2307 datum
820 2284 862 2307 est
877 2287 977 2315 corpus
992 2281 1050 2307 ani-

268 2338 328 2361 mae,
345 2337 426 2365 quam
443 2329 557 2365 gratiam
569 2328 642 2356 Deus
657 2327 782 2354 retribuit
797 2328 924 2354 eunucho
939 2327 987 2360 illi,
1005 2327 1051 2362 qui

266 2375 411 2403 Jeremiam
431 2375 525 2402 eduxit
537 2382 552 2401 e
566 2374 637 2405 lacu,
651 2373 762 2400 dicens:
778 2381 787 2396 ι
802 2372 834 2398 Et
850 2372 919 2399 dabo
932 2372 1050 2399 animam

269 2427 341 2448 tuam
358 2422 386 2448 in
400 2429 456 2448 rem
468 2421 617 2451 inventam,
628 2423 656 2446 et
669 2418 785 2446 servabo
796 2422 822 2445 te
836 2426 851 2445 ο
861 2418 995 2446 Chaldaeis
1006 2419 1026 2445 ³.
1041 2428 1049 2444 ι

269 2468 361 2496 Satius
375 2467 446 2494 enim
462 2466 556 2492 fuisset
572 2465 650 2491 illum
668 2464 737 2491 mori
753 2463 853 2497 sinere,
866 2468 894 2491 ut
909 2465 960 2491 hoc
973 2468 1052 2499 pacto

268 2522 329 2542 eum
343 2515 501 2544 honorarct,
517 2510 635 2538 vinculis
649 2516 676 2538 et
691 2517 771 2545 poena
783 2511 907 2545 corporis
922 2511 1050 2538 solutum.

268 2560 355 2593 Quam
379 2564 479 2590 autem,
491 2564 593 2592 quzeso,
612 2556 742 2584 lsraelitis
758 2555 975 2585 adolescentibus
992 2565 1052 2592 gra-

268 2607 332 2633 tiam
353 2605 477 2633 contulit.
493 2604 555 2631 dum
570 2610 617 2630 eos
635 2611 649 2629 a
673 2597 780 2630 ﬂamma
811 2603 929 2631 servavit
951 2608 979 2630 ct
1000 2604 1052 2630 im-

269 2651 396 2678 manitate
410 2649 644 2684 Babyloniorum?
658 2647 745 2681 Quum
764 2648 799 2675 ob
817 2656 928 2675 causam
954 2648 1053 2675 Danie-

270 2698 321 2724 lem
336 2704 351 2723 a
368 2695 530 2722 crudelitate
545 2695 651 2722 leonum
667 2695 768 2729 eripuit
780 2694 811 2720 ‘1’
824 2694 858 2720 At
873 2702 936 2721 vero
951 2695 1052 2722 hcneli-

269 2742 311 2769 cia
329 2741 380 2768 ista
409 2745 482 2772 sunt,
509 2747 558 2775 pro
583 2740 683 2775 quibus
701 2740 775 2766 illum
794 2739 874 2766 etiam
895 2739 1005 2773 hymnis
1026 2744 1052 2765 et

270 2787 395 2815 laudibus
413 2787 614 2822 prosequimur.
629 2786 687 2813 Non
702 2793 768 2821 ergo
779 2785 811 2812 ad
831 2792 940 2820 pugnam
953 2786 1051 2812 animo:

304 2846 324 2860 ³⁷
347 2844 422 2872 Deut.
442 2853 467 2876 Χ,
481 2845 526 2872 22,
559 2845 581 2861 9⁸
600 2844 657 2872 Jac.
675 2853 710 2875 l\',
727 2844 752 2872 ὖ.
782 2846 804 2860 θ’
825 2845 832 2871 1
851 2846 914 2881 Reg.
934 2855 956 2877 ι,
978 2844 1070 2874 10-20.

280 2879 364 2907 ‘Dan.
383 2888 430 2912 Ill,
453 2881 462 2907 ι
481 2889 540 2915 sqq.

1103 1597 1230 1634 δακρύων
1247 1599 1277 1630 οὺ
1296 1598 1356 1634 δίχα
1383 1598 1489 1633 πικρῶν
1504 1598 1695 1634 παραιτεῖσθαι
1719 1599 1767 1634 μὲν
1783 1599 1828 1625 τὸν
1843 1600 1895 1635 τῆς

1105 1644 1204 1680 σαρκὸς
1214 1644 1338 1676 θάνατον,
1356 1644 1403 1670 καὶ
1417 1644 1603 1671 ἀποδύσασθαι
1616 1645 1646 1671 τὸ
1663 1644 1776 1677 κολάζον
1791 1645 1893 1678 ὀκνεῖν,

1103 1689 1171 1715 ὲτῶν
1182 1689 1210 1716 δὲ
1226 1689 1370 1725 προσθήκῃ
1382 1689 1512 1724 τιμᾶσθαι
1531 1690 1710 1725 παρακαλεῖν,
1731 1691 1819 1717 καίτοι
1834 1690 1895 1717 λίαν

1104 1735 1198 1771 ἐχρῆν,
1222 1735 1300 1771 εἴπερ
1321 1733 1355 1771 ἦν
1376 1735 1470 1768 ὅντως,
1492 1737 1522 1762 οὺ
1547 1737 1674 1763 τεθνάναι
1700 1736 1894 1772 παραιτεῖσθαι

1105 1781 1215 1816 μᾶλλον,
1232 1781 1394 1816 ήγεῖσθαιδὲ
1411 1781 1538 1818 φορτικὸν
1558 1783 1588 1808 τὸ
1611 1783 1819 1818 συμπεπλέχθαι
1842 1782 1894 1809 σώ-

1106 1836 1181 1863 ματι,
1196 1827 1243 1853 καὶ
1261 1825 1306 1853 ἐπὶ
1319 1826 1407 1862 τούτῳ
1429 1828 1508 1863 χάριν
1523 1828 1595 1862 ἢπερ
1614 1828 1661 1854 ἐπὶ
1682 1829 1738 1859 τοῖς
1757 1827 1891 1859 ἐναντίοις
1936 1860 1942 1863 ἱ

1103 1872 1252 1907 ὁμολογεῖν.
1265 1872 1327 1904 Πῶς
1347 1872 1376 1898 δὲ
1400 1872 1437 1904 ὡς
1459 1873 1487 1899 ὲν
1502 1873 1611 1908 χάριτος
1634 1872 1712 1908 μέρει
1727 1872 1793 1904 Θεὸς
1804 1874 1892 1908 ἐπηγ-

1103 1918 1211 1953 γέλλετο
1221 1918 1307 1952 λέγων
1319 1917 1402 1953 αὐτῷ’
1422 1918 1502 1945 ιΊδοὺ
1516 1918 1681 1954 προστίθημι
1691 1919 1731 1950 είς
1742 1919 1787 1945 τὸν
1796 1919 1893 1955 χρόνον

1104 1972 1151 1990 σου
1172 1964 1218 2000 ἔτη
1242 1964 1408 1996 δεκαπέντε;
1433 1974 1442 1990 ι
1467 1964 1554 1991 καίτοι
1587 1965 1730 2000 προσθήκη
1755 1965 1893 1998 κολάσεως

1107 2011 1156 2037 οὐκ
1172 2011 1294 2042 εὐποιίας
1311 2011 1421 2046 τρόπος,
1436 2012 1452 2046 ἡ
1470 2011 1616 2046 ὑπόσχεσις
1637 2009 1681 2047 ἧν,
1698 2012 1776 2047 εἰπερ
1794 2011 1894 2038 ἐκεῖνοι

1103 2057 1300 2093 πρεσϐεύουσιν
1312 2057 1409 2092 ἀληθῆ.
1432 2057 1512 2084 Ἀλλὰ
1523 2057 1576 2092 μὴν
1587 2058 1671 2092 δῶρον
1681 2057 1783 2084 ἄνωθεν
1798 2059 1814 2094 ἡ
1829 2058 1893 2084 ὑπό-

1104 2112 1195 2139 σχεσις
1205 2101 1250 2139 ἦν,
1272 2104 1319 2130 καὶ
1343 2105 1359 2138 ὴ
1376 2104 1520 2140 προσθήκη
1539 2105 1628 2140 χάρις·
1645 2105 1694 2131 οὐκ
1714 2105 1768 2140 ἄρα
1783 2105 1894 2136 κόλασις

1102 2151 1161 2181 ταῖς
1177 2149 1276 2185 ψυχαῖς
1291 2150 1308 2186 ἡ
1324 2150 1494 2185 σωμάτωσις.

1140 2281 1180 2308 ιδ’.
1198 2281 1298 2308 ΑΛΛΟ.
1315 2281 1345 2308 Εἰ
1360 2282 1388 2308 ἐν
1404 2281 1478 2315 τάξει
1494 2282 1629 2314 κολάσεως
1645 2282 1748 2309 δέδοται
1761 2283 1792 2310 τὸ
1811 2283 1891 2319 σῶμα

1103 2327 1136 2362 τῇ
1149 2325 1194 2352 τοῦ
1211 2326 1353 2362 ἀνθρώπου
1378 2327 1462 2362 ψυχῇ,
1484 2327 1563 2353 ποίαν
1588 2328 1723 2354 ἀντεδίδου
1754 2330 1834 2364 χάριν
1853 2329 1893 2364 τῷ

1103 2372 1222 2408 εὐνούχῳ
1241 2372 1305 2404 Θεὸς
1327 2373 1365 2408 τῷ
1388 2373 1558 2407 ἁνενεγκόντι
1581 2373 1626 2400 τὸν
1645 2373 1778 2409 Ἰερεμίαν
1799 2376 1830 2402 ἐκ
1846 2375 1892 2401 τοῦ

1103 2419 1216 2450 λάκκου,
1227 2418 1323 2453 λέγων,
1345 2428 1353 2444 t
1366 2419 1420 2445 Καὶ
1433 2419 1510 2445 δώσω
1530 2420 1578 2455 τὴν
1593 2419 1681 2455 ψυχήν
1700 2429 1745 2446 σου
1763 2421 1804 2452 είς
1815 2421 1895 2456 εὗρε-

1107 2474 1154 2501 μα,
1173 2466 1218 2492 καὶ
1236 2465 1359 2492 διασώσω
1375 2474 1404 2491 σε
1427 2467 1458 2492 ὲκ
1475 2465 1528 2492 τῶν
1541 2466 1696 2499 Χαλδαίων;
1716 2475 1726 2493 ι
1748 2467 1821 2494 Ἔδει
1838 2467 1893 2503 γὰρ

1106 2510 1205 2545 μᾶλλον
1221 2510 1401 2545 ἀποθνήσκειν
1416 2511 1472 2545 ὲᾷν,
1486 2511 1527 2537 ἵνα
1541 2510 1588 2537 καὶ
1600 2512 1715 2547 τιμήσῃ,
1731 2512 1832 2547 δεσμοῦ
1846 2513 1895 2538 καὶ

1104 2556 1242 2588 κολάσεως
1269 2556 1394 2583 ἀπολύων
1418 2557 1508 2584 αὐτόν.
1532 2558 1563 2583 Τί
1576 2557 1614 2590 δὲ,
1632 2558 1692 2584 εἰπέ
1715 2567 1769 2593 μοι,
1793 2561 1850 2590 τοῖς
1865 2559 1895 2591 ἐξ

1111 2601 1217 2638 Ἰσραὴλ
1244 2602 1362 2634 νεανίαις
1390 2602 1548 2637 ἐχαρίζετο,
1570 2603 1710 2635 διασώςων
1733 2604 1832 2636 αὐτοὺς
1863 2605 1896 2630 ἐκ

1105 2649 1202 2683 φλογὸς
1242 2649 1288 2676 καὶ
1313 2650 1362 2684 τῆς
1388 2648 1441 2675 τῶν
1472 2649 1648 2676 Βαϐυλωνίων
1675 2650 1894 2686 ἀπανθρωπίας;

1108 2696 1188 2721 Ὅτου
1205 2695 1232 2721 δὲ
1245 2695 1323 2730 χάριν
1338 2695 1388 2730 τῆς
1402 2695 1456 2722 τῶν
1471 2695 1583 2722 λεόντων
1597 2695 1736 2731 ὠμότητος
1751 2696 1794 2722 τὸν
1812 2695 1896 2730 σοφὸν

1106 2740 1242 2776 ἐξήρπαξε
1255 2741 1370 2776 Δανιὴλ;
1393 2741 1472 2767 Ἀλλὰ
1491 2741 1542 2776 μὴν
1558 2741 1644 2768 ταῦτα
1667 2742 1793 2777 πράττων
1815 2742 1898 2776 εὐερ-

1106 2788 1188 2821 γετεῖ,
1208 2787 1253 2813 καὶ
1269 2787 1312 2813 διὰ
1326 2786 1409 2813 ταῦτα
1425 2786 1576 2820 δοξάζεται.
1595 2788 1650 2814 Οὐκ
1662 2788 1715 2823 ἄρα
1731 2788 1831 2823 τρόπος
1848 2796 1895 2814 τι·

1112 2849 1120 2864 ³
1141 2847 1173 2874 IV
1191 2847 1257 2882 Reg.
1279 2856 1311 2874 xx
1323 2867 1330 2880 ,
1348 2847 1359 2873 1
1377 2854 1437 2882 sqq.
1477 2849 1486 2863 ¹
1507 2847 1572 2874 ibid.
1583 2847 1607 2874 6.
1648 2847 1768 2875 Herem.
1788 2854 1849 2881 λιν,
1863 2840 1904 2876 5.“
