2030 3122
135 207 184 236 ιιι

685 203 718 232 ΙΝ
734 201 876 232 JOANNIS
896 202 1119 232 EVANGELII‘M
1141 205 1237 234 ΗΒΑ.

1705 211 1754 241 ΗΞ

136 266 243 302 μωρίας
254 266 312 293 ἐστὶ
338 265 370 292 τὸ
389 265 502 292 ἐνοικεῖν
525 265 559 300 τῇ
581 264 681 300 σαρκὶ,
701 265 745 292 ἴνα
763 264 801 300 μὴ
824 263 921 291 ταυτὸν

974 270 1072 299 corpus
1088 269 1131 292 est
1147 265 1288 298 traditum,
1303 273 1337 293 ne
1354 267 1422 295 idem
1437 267 1473 296 sit
1485 268 1559 304 apud
1581 268 1664 296 Deum
1685 277 1754 304 prm-

135 312 178 347 εῐη
194 311 271 346 παρὰ
284 311 345 346 Θεῷ
365 311 430 346 τιμὴ
441 311 488 338 καὶ
504 310 623 342 κόλασις.

171 357 212 384 ιε’.
223 358 326 383 ΑΛΛΟ.
339 357 400 383 Ὀτι
416 356 469 383 τῶν
491 356 598 392 ἑκάστῳ
612 355 785 392 βεϐιωμένων
800 355 922 388 ἐξέτασις

135 403 211 430 ἔσται
221 404 292 430 κατὰ
307 403 401 438 καιρὸν
413 404 457 430 ἐπὶ
472 403 517 430 τοῦ
535 403 606 430 θείου
618 403 738 438 βήματος
760 403 922 429 ἐκδιδάσκων

135 451 150 477 ὁ
164 450 279 483 Παῦλος,
298 450 374 485 φησί’
390 449 481 485 «ζΤοὺς
493 451 546 485 γὰρ
563 450 667 482 πάντας
678 450 750 485 ἡμᾶς
765 449 923 485 φανερωθῆ-

136 505 180 523 ναι
190 497 231 523 δεῖ
241 496 397 532 ἔμπροσθεν
411 495 458 523 τοῦ
471 495 591 531 βήματος
610 495 657 522 τοῦ
671 496 799 531 Χριστοῦ,
819 496 861 522 ἵνα
877 503 924 525 κο-

137 541 250 578 μίσηται
267 542 383 574 ἕκαστος
399 541 433 573 τὰ
449 541 491 569 διὰ
505 541 551 568 τοῦ
568 540 704 576 σώματος,
728 540 823 575 πρὸςᾶ
837 540 922 575 ἔπρα-

136 587 192 620 ξεν,
206 588 261 614 εἴτε
274 588 386 622 ἀγαθὸν,
401 588 456 614 εἴτε
471 588 580 622 φαῦλθν.
595 597 604 615 ι
617 588 648 614 Εἰ
659 587 740 614 δὲὲπὶ
757 587 846 621 μόνοις
867 587 924 618 τοῖς

91 624 94 627 ’
136 632 180 659 διὰ
194 633 242 659 τοῦ
258 633 381 668 σώματος
396 633 412 668 ἢ
429 633 574 666 κολάζεταί
590 642 641 666 τις,
656 633 739 669 ἤγουν
749 633 799 667 τῆς
811 632 924 666 δεούσης

136 678 258 711 ἀξιοῦται
279 679 372 714 τιμῆς,
398 680 490 715 μνήμη
518 679 545 706 δὲ
571 679 682 714 οὐδεμία
704 677 923 714 προγενεστέρων

138 724 354 759 ἁμαρτημάτων.
381 724 437 750 ἀλλ’
453 725 513 750 οὐδὲ
527 724 711 761 πρεσϐύτερον
724 724 772 758 τῆς
790 723 923 757 γενέσεως

137 769 264 804 ἔγκλημα
278 769 476 805 ζητηθήσετατ·
504 770 562 802 πῶς
579 770 633 805 ἄρα
658 769 746 805 προῆν
766 771 781 805 ἠ
799 769 889 805 eum;
905 769 922 804 ἦ

137 815 196 846 πῶς
214 816 241 848 ἐξ
252 816 388 851 ἁμαρτίας
402 816 581 851 ἐταπεινώθη,
595 816 666 842 κατά
679 825 765 847 τινας,
813 817 860 842 καλ⁸
875 815 923 851 μό-

137 869 182 893 νος
196 861 314 896 ὁρίζεται
329 862 424 896 χρόνος
436 863 449 888 ὁ
468 863 536 897 μετὰ
552 862 661 898 σαρκὸς,
679 862 723 891 διὰ
735 862 780 889 τοῦ
798 863 865 897 μόνα
876 862 924 898 ζη-

137 907 240 934 τεῖσθαι
252 907 286 934 τὰ
298 908 330 934 δι’
348 909 432 944 αὐτῆς
442 916 449 942 ;

85 1032 89 1033 γ
174 995 216 1027 ις’.
243 996 344 1022 ΛΛΑΟ.
373 996 403 1022 EE
431 996 462 1023 ὲκ
493 996 687 1032 πρεσϐυτέρων
718 997 923 1034 ἁμαρτημάτων

135 1039 357 1075 ὲσωματώθησαν
380 1041 407 1067 αἱ
427 1040 520 1075 ψυχαὶ,
542 1040 601 1072 πῶς
617 1042 631 1068 ὁ
651 1041 755 1073 Παῦλος
777 1043 842 1078 ἡμῖν
862 1044 923 1069 ὲπι-

137 1085 253 1116 στέλλει,
266 1094 275 1112 ι
292 1086 500 1122 Παραστήσατε,
517 1095 526 1111 ι
537 1086 633 1121 λέγων,
650 1097 659 1113 ‹
673 1087 707 1114 τὰ
720 1087 833 1123 σώματα
847 1088 923 1123 ὑμῶν

136 1129 233 1157 Θυσίαν
250 1131 350 1164 ζῶσαν,
367 1131 458 1165 ἁγίαν,
476 1131 623 1167 εὐάρεστον
640 1131 678 1166 τῷ
699 1131 768 1167 Θεῷ.
791 1142 800 1158 )
819 1133 850 1158 El
870 1132 923 1168 γὰρ

137 1177 167 1203 ὲν
180 1176 256 1209 τάξει
271 1177 406 1213 τιμωρίας
422 1177 524 1205 δέδοται
538 1179 599 1210 ταῖς
617 1178 723 1210 ἀθλίαις
742 1178 852 1214 ψυχαῖς,
867 1179 924 1211 πῶς

137 1222 177 1254 εἰς
187 1223 274 1258 ὀσμὴν
286 1223 398 1256 εὐωδίας
412 1225 623 1260 παραστήσομεν
636 1225 706 1252 αὐτὰ
719 1225 758 1260 τῷ
769 1225 828 1261 Θεῷ
838 1234 845 1258 ;
855 1225 924 1252 κατὰ

136 1268 200 1295 τίνα
211 1268 239 1295 δὲ
254 1268 353 1304 τρόπον
369 1269 514 1304 εὐάρεστον
529 1269 605 1296 ἔσται
618 1269 648 1296 τὸ
662 1269 695 1296 δι’
714 1267 744 1295 οὗ
759 1269 924 1305 κατακεκρί-

138 1313 223 1349 μεθα;
238 1314 256 1350 ἢ
276 1315 352 1341 ποῖον
364 1314 432 1347 ὅλως
444 1315 545 1350 ἀρετῆς
555 1315 707 1348 ὲπιδέξεται
719 1315 820 1351 τρόπον
836 1316 866 1342 τδ
878 1324 924 1342 κο-

135 1359 229 1393 λάζειν
247 1361 377 1396 πεφυκὸς,
391 1362 437 1389 καὶ
456 1362 533 1398 ῥίζαν
549 1362 609 1398 ἔχον
622 1362 671 1398 τήν
687 1362 841 1398 ἅμαρτίαν;

172 1449 216 1482 ιζ’.
234 1450 336 1477 ΑΛΛΟ.
348 1450 427 1477 Κατὰ
439 1451 529 1486 πάσης
552 1451 742 1487 ἐκτεινομένην
754 1451 803 1487 τῆς
821 1451 925 1487 ἀνθρώ-

135 1504 188 1522 που
198 1495 362 1532 φύσεως”τὴν
380 1496 492 1532 φθορὰν,
502 1497 546 1524 διὰ
559 1497 608 1533 τὴν
625 1498 653 1524 ὲν
668 1497 754 1532 Ἀδὰμ
770 1497 925 1533 παράϐασιν

140 1543 312 1570 ἐπιδεικνύων
333 1544 348 1570 ό
361 1543 476 1577 Παῦλος,
493 1543 582 1578 φησίν·
602 1553 611 1570 ‹
638 1543 705 1570 Ἀλλ’
728 1543 898 1570 ἐϐασίλευσεν
911 1545 925 1571 ὑ

973 307 1057 334 mium
1069 312 1095 336 et
1108 316 1198 344 poena.

1009 355 1053 383 15.
1070 356 1185 385 ALIUD.
1199 357 1301 385 Eorum
1318 366 1380 394 qua
1394 358 1513 394 quisque
1528 360 1555 387 in
1572 360 1627 387 vita
1641 361 1755 396 patrarit

973 400 1121 436 aliquando
1136 402 1357 438 disquisitionem
1379 403 1435 431 fore
1457 404 1528 440 apud
1560 405 1607 433 Dei
1634 406 1755 437 tribunal

972 446 1074 475 Paulus
1085 449 1213 481 edocens,
1229 450 1286 478 ait:
1307 459 1317 476 ι
1346 449 1446 478 Omnes
1474 450 1547 477 enim
1571 459 1622 479 nos
1642 452 1756 480 manife-

973 495 1041 522 stari
1053 499 1160 531 oportet
1171 499 1233 524 ante
1249 496 1368 523 tribunal
1379 495 1481 522 Christi
1492 515 1500 528 ,
1516 500 1544 523 ut
1555 496 1654 524 referat
1671 505 1756 525 unus-

973 539 1089 575 quisque
1105 540 1212 575 propria
1221 540 1355 576 corporis,
1371 544 1451 575 prout
1462 540 1558 575 gessit.
1571 541 1628 567 sive
1642 540 1754 573 bonum,

974 583 1032 611 sive
1044 585 1142 614 malum
1157 585 1178 612 ⁵.
1201 595 1211 611 ι
1228 585 1255 612 Si
1268 593 1334 612 vero
1351 593 1399 620 pro
1413 585 1479 612 solis
1491 585 1614 617 corporis
1627 586 1756 620 operibus

973 630 1085 664 punitur
1108 631 1218 665 aliquis,
1236 635 1283 658 aut
1308 639 1357 666 pro
1386 639 1418 659 eo
1446 639 1477 659 ac
1493 631 1571 658 decet
1593 632 1756 665 honoratur.

974 676 1048 703 nulla
1064 680 1154 704 autem
1168 678 1376 711 praecedentium
1397 682 1569 712 peccatorum
1591 679 1693 705 mentio
1713 677 1757 706 (ιι-ι

974 726 1035 749 tura
1051 727 1101 753 est,
1125 730 1175 750 nec
1196 724 1224 750 in
1244 731 1275 751 ea
1298 731 1358 758 qua:
1377 729 1440 752 ante
1459 731 1561 759 corpus
1590 728 1664 759 gesta
1693 728 1758 755 sunt

974 767 1147 803 inquiretur:
1165 770 1302 804 quomodo
1319 778 1384 805 ergo
1397 775 1460 797 ante
1474 778 1574 804 corpus
1589 770 1640 797 fuit
1655 770 1756 804 anima,

975 818 1021 840 aut
1036 815 1173 849 quomodo
1197 815 1326 850 depressa
1343 819 1385 843 est
1408 815 1442 842 ob
1472 820 1623 850 peccatum,
1642 819 1670 842 ut
1686 823 1757 842 non-,

974 860 1041 887 nulli
1055 860 1161 892 volunt,
1180 861 1223 887 cui
1252 865 1358 896 tempus
1387 862 1574 888 tantummodo
1599 861 1664 888 illud
1694 869 1755 888 cum

975 913 1057 933 carne
1074 907 1261 941 praescribitur
1272 915 1304 934 ex
1318 915 1350 934 co
1366 907 1438 942 quod
1451 915 1481 934 ea
1498 907 1671 937 solummodo
1684 915 1756 942 quae-

975 957 1070 979 runtur
1080 956 1144 987 quae
1155 961 1201 987 per
1216 961 1325 980 carnem
1340 953 1470 981 admisit?

1008 996 1050 1023 l6.
1065 996 1180 1023 ALlUD.
1199 996 1225 1023 Si
1244 997 1278 1024 ob
1302 998 1437 1032 prictcrita
1460 1001 1572 1032 peccata
1594 997 1756 1032 corporibus

973 1041 1087 1069 addicta:
1100 1046 1163 1069 sunt
1177 1043 1284 1074 animae,
1295 1043 1432 1077 quomodo
1443 1042 1544 1071 Paulus
1553 1043 1631 1070 nobis
1642 1043 1747 1070 scribit:

976 1097 985 1113 ι
1003 1087 1135 1116 Exhibete
1149 1095 1265 1124 corpora
1282 1093 1370 1117 vestra
1386 1090 1501 1117 hostiam
1517 1090 1666 1121 viventem.
1690 1097 1755 1117 san-

973 1137 1057 1165 ctam,
1074 1133 1128 1161 Deo
1145 1135 1296 1169 placentem
1310 1135 1329 1161 ⁸.
1351 1144 1360 1160 ι
1382 1134 1410 1162 Si
1427 1135 1499 1162 enim
1516 1135 1549 1161 ad
1570 1142 1677 1169 poenam
1693 1135 1756 1167 data

973 1182 1165 1213 suntrcorpora
1179 1180 1285 1207 miseris
1296 1180 1449 1213 animabus,
1459 1180 1596 1215 quomodo
1606 1180 1632 1207 in
1644 1180 1755 1208 odorem

972 1225 1115 1251 suavitatis
1137 1232 1169 1252 ea
1194 1224 1249 1253 Deo
1275 1225 1491 1253 exhibebimus?
1516 1230 1563 1253 aut
1595 1233 1650 1261 quo
1678 1229 1757 1260 pacto

973 1275 1079 1304 gratum
1094 1274 1121 1297 et
1147 1274 1289 1306 acceptum
1309 1271 1363 1298 erit
1379 1271 1446 1299 illud
1464 1279 1513 1306 per
1538 1271 1612 1306 quod
1635 1271 1757 1299 damnati

973 1316 1092 1344 sumus?
1110 1320 1159 1344 aut
1172 1324 1252 1352 quam
1268 1317 1380 1356 virtutis
1390 1317 1523 1346 rationem
1541 1317 1698 1345 habiturum
1715 1321 1759 1345 est

974 1363 1000 1390 id
1013 1363 1084 1398 quod
1101 1370 1189 1398 poenm
1203 1367 1228 1391 et
1244 1364 1381 1399 supplicio
1399 1364 1479 1392 nobis
1507 1367 1559 1397 est,
1580 1367 1607 1392 et
1621 1364 1664 1391 cui
1680 1363 1756 1396 radix

973 1413 1016 1437 est
1032 1413 1173 1444 peccatum
1185 1408 1197 1436 ἵ

1009 1454 1053 1481 l7.
1074 1453 1190 1482 ALIUD.
1205 1450 1415 1490 Corruptionem
1431 1462 1479 1490 per
1497 1455 1652 1483 universam
1668 1455 1758 1483 homie

978 1500 1021 1527 nis
1047 1504 1170 1527 naturam
1185 1505 1324 1530 extensam
1341 1501 1377 1528 ob
1398 1501 1454 1538 84
1465 1501 1710 1537 transgressionem
1728 1502 1756 1535 in

974 1545 1059 1572 Adam
1075 1545 1176 1573 Paulus
1192 1547 1349 1579 ostendens,
1368 1547 1403 1574 ait
1420 1556 1426 1574 :
1442 1556 1451 1573 ‹
1472 1546 1524 1574 Sed
1542 1548 1665 1582 regnavit
1682 1555 1757 1576 mors

136 1589 251 1621 θάνατος
259 1588 314 1616 άπὸ
333 1590 417 1625 ’Δδὰμ
432 1590 513 1625 μέχρι
527 1589 660 1621 Μωσέως,
679 1589 726 1618 καὶ
741 1590 787 1616 ἐπὶ
802 1590 865 1621 τοὺς
887 1589 923 1625 μὴ

975 1591 1011 1622 ab
1025 1591 1109 1618 Adam
1127 1599 1213 1627 usque
1233 1591 1267 1619 ad
1283 1591 1407 1630 Moysen,
1425 1593 1506 1620 etiam
1524 1593 1551 1620 in
1573 1601 1621 1621 eos
1635 1593 1682 1628 qui
1702 1601 1757 1627 non

136 1635 360 1671 ᾷμαρτήσαντας,
382 1636 428 1663 ἐπὶ
438 1636 476 1671 τῷ
494 1636 647 1671 ὁμοιώματι
670 1637 719 1671 τῆς
741 1636 923 1671 παραὸάσεως

137 1681 183 1708 τοῦ
206 1681 300 1717 Ἀδάμ.
319 1692 328 1708 ι
349 1682 410 1714 Πῶς
433 1680 480 1710 οὗν
498 1683 551 1718 ἄρα
573 1682 650 1718 φησὶ,
670 1682 717 1709 καὶ
737 1682 783 1708 ὲπὶ
801 1682 863 1713 τοὺς
887 1681 923 1717 μὴ

135 1727 349 1762 ἁμαρτήσαντας
381 1727 533 1762 βασιλεύειν
561 1728 606 1755 τὸν
626 1728 750 1760 θάνατον,
783 1728 862 1763 εἴπερ
892 1728 924 1754 ἐκ

136 1771 331 1808 πρεσῶδτὲρων
347 1773 551 1809 ἁμαρτημάτων
565 1773 595 1800 τὸ
606 1773 776 1808 ἀποθνῆσκον
798 1774 864 1808 ἡμῖν
878 1774 923 1801 δέ·

136 1817 210 1847 δοται
224 1817 325 1852 σῶμαῖ
339 1818 394 1844 Ποῦ
410 1818 464 1854 γὰρ
481 1819 549 1850 ὅλως
562 1819 588 1844 oi
612 1818 648 1854 μὴ
663 1819 881 1855 ἁμαρτήσαντες,
899 1821 923 1847 ει

134 1862 197 1897 δίκη
209 1864 388 1898 πταισμάτων
406 1865 421 1899 ή
439 1864 583 1900 σάρκωσις,
599 1864 685 1890 καὶτὸ
701 1865 729 1890 ἐν
744 1864 810 1899 τῷδε
820 1864 859 1899 τῷ
873 1860 923 1900 βίω

137 1907 263 1942 γενέσθαι
302 1908 370 1943 μετὰ
401 1908 540 1941 σώματος,
573 1908 770 1943 προανατέλλον
801 1909 857 1944 ἔχει
893 1909 924 1940 τὸ

138 1953 281 1989 ἕγκλημα;
304 1954 420 1989 ’Λμαθὲς
436 1953 483 1981 οὖν
497 1955 550 1990 ἄρα
565 1954 617 1980 τῶν
636 1954 670 1980 δι’
681 1954 803 1986 ἐναντίας
813 1954 842 1980 τὺ
857 1954 923 1990 πρό-

137 1998 247 2034 6λημα.¹

183 2045 218 2080 η’.
231 2043 333 2075 ΑΛΛΟ.
346 2045 523 2081 Προτήγαγόν
539 2054 603 2072 ποτε
619 2045 657 2080 τῷ
668 2045 773 2080 Σωτῆρι
789 2045 885 2072 πεῦσιν
899 2054 913 2072 o

139 2091 260 2126 μαθηταὶ
279 2091 343 2126 περί
365 2100 435 2123 τινος
455 2092 509 2117 τῶν
528 2092 559 2121 ἐκ
574 2092 685 2126 γενετῆς
699 2091 817 2126 τυφλῶν,
835 2091 881 2118 καὶ
892 2091 923 2128 δὴ

139 2137 183 2164 καὶ
198 2137 327 2171 εφασχον·
338 2147 347 2163 ι
364 2137 466 2169 Ῥασϐὶ,
478 2138 518 2168 τίς
533 2138 664 2173 ἥμαρτεν,
673 2135 759 2169 οὗτος.
772 2137 788 2172 ἢ
802 2138 824 2164 οἱ
836 2139 925 2172 γονεῖς

136 2182 231 2214 αὐτοῦ,
248 2183 290 2209 ἰνα
303 2183 402 2217 τυφλὸς
413 2182 529 2218 γεννηθῇ
543 2192 549 2216 ;
570 2193 579 2208 ι
598 2183 703 2219 Ἐπειδὴ
716 2182 769 2217 γὰρ
782 2184 811 2209 ἐν
822 2191 922 2220 προφη-

137 2229 223 2260 τικοῖς
236 2229 439 2264 ἀναγέγραπται
448 2228 537 2263 λύγοις
551 2228 613 2263 περὶ
629 2228 706 2260 Θεοῦ,
719 2229 758 2260 ὡς
773 2229 845 2254 ἐστιν
860 2230 926 2257 ἀπο-

975 1641 1179 1671 peccaverunt,
1212 1637 1240 1664 in
1276 1638 1486 1668 similitudinem
1522 1639 1757 1673 prmvaricationis

974 1681 1067 1708 κλύεθ’.
1085 1690 1095 1707 ι
1117 1681 1262 1715 Quomodo
1279 1683 1364 1718 igitur
1384 1684 1421 1710 ait
1439 1688 1554 1711 mortem
1572 1684 1654 1712 etiam
1667 1684 1694 1711 in
1709 1692 1757 1717 eos

974 1733 1088 1761 regnare
1115 1727 1161 1761 qui
1190 1734 1246 1754 non
1278 1732 1471 1762 peccaverunt,
1502 1728 1525 1755 si
1551 1736 1584 1755 ex
1610 1728 1757 1764 praeteritis

974 1774 1094 1808 peccatis
1122 1774 1237 1801 mortale
1266 1774 1346 1801 nobis
1367 1782 1468 1809 corpus
1496 1775 1589 1801 datum
1619 1775 1682 1802 est?
1705 1773 1755 1807 Ubi

973 1818 1045 1846 enim
1058 1819 1190 1852 gentium,
1200 1827 1303 1854 qua-so,
1318 1823 1382 1847 sunt
1394 1819 1431 1846 illi
1444 1820 1489 1854 qui
1499 1827 1552 1846 non
1563 1825 1756 1857 peccaverunt,

974 1864 997 1891 si
1015 1868 1189 1899 peccatorum
1204 1872 1285 1899 pmna
1300 1869 1341 1892 est
1358 1865 1456 1891 anima
1476 1872 1538 1891 cum
1555 1872 1669 1899 corpore
1690 1873 1754 1892 con-

972 1910 1089 1945 junctio,
1105 1915 1132 1937 et
1152 1910 1288 1937 sarcinam
1306 1911 1429 1945 corporis
1444 1911 1470 1937 in
1493 1911 1544 1937 hac
1561 1911 1615 1939 vita
1637 1914 1756 1945 gestare,

974 1956 1154 1991 praecedentis
1176 1964 1255 1991 paena
1272 1960 1314 1983 est
1341 1956 1468 1990 peccati?
1491 1955 1584 1991 Inepta
1618 1956 1700 1991 igitur
1715 1961 1757 1988 est

974 2002 1193 2030 adversariorum
1211 2002 1371 2037 propositio.

1010 2048 1052 2075 l8.
1084 2047 1199 2075 ALIUD.
1230 2047 1360 2082 Discipuli
1386 2047 1524 2078 Christum
1552 2048 1757 2082 interrogarunt

974 2094 1121 2129 aliquando
1133 2094 1166 2121 de
1179 2102 1250 2121 ειηρο
1262 2094 1378 2129 quodam
1394 2101 1409 2120 ιι
1421 2094 1574 2125 uativitate,
1591 2093 1632 2121 his
1646 2090 1735 2121 verbis
1749 2104 1754 2120 :

977 2148 987 2165 α
1007 2138 1105 2172 Babbi,
1135 2139 1196 2174 quis
1215 2140 1339 2174 peccavit
1353 2158 1360 2171 ,
1379 2138 1433 2170 hic,
1461 2141 1507 2164 aut
1534 2142 1661 2173 parentes
1686 2138 1756 2173 ejus,

975 2190 1005 2211 ut
1025 2192 1113 2212 cmcus
1129 2183 1331 2212 nasceretur"?
1348 2193 1357 2210 ι
1381 2183 1448 2210 Cum
1473 2184 1546 2211 enim
1572 2184 1705 2218 scriptum
1721 2184 1757 2210 sit

975 2232 1003 2259 in
1017 2231 1211 2266 prophetarum
1231 2231 1311 2258 libris
1336 2231 1370 2258 de
1396 2230 1462 2260 Deo,
1491 2230 1579 2264 ipsum
1607 2230 1759 2257 retribuere

136 2271 224 2306 διδοὺς
239 2274 375 2309 ἁμαρτίας
385 2275 510 2310 πατέρων
525 2274 571 2301 ἐπὶ
579 2275 670 2307 τέκνα,
695 2274 772 2301 τοῦτο
793 2274 923 2301 πεπονθέ-

975 2281 1086 2313 peccata
1103 2281 1209 2312 patrum
1232 2277 1258 2303 in
1278 2276 1349 2303 ﬁlios
1361 2276 1383 2308 ',
1407 2275 1481 2303 istud
1509 2275 1632 2303 accidere
1655 2275 1757 2308 homini

138 2329 182 2347 ναι
195 2321 241 2347 τὸν
258 2320 399 2354 ἄνθρωπον
419 2320 548 2348 ὑπενόουν
559 2321 583 2347 ot
596 2320 726 2356 μαθηταί.
738 2320 770 2346 Τί
792 2319 839 2346 οὖν
855 2320 924 2356 πρὸς

139 2366 224 2393 ταῦτα
236 2366 353 2401 Χριστός
364 2374 371 2399 ;
381 2376 389 2392 ι
408 2366 492 2402 Ἀμὴν
506 2366 578 2400 λέγω
592 2367 665 2401 ὑμῖν,
675 2364 735 2392 οὒτε
750 2363 924 2401 οὗτοςῆμαρ-

137 2421 194 2445 τεν,
217 2412 281 2439 οὔτε
299 2414 323 2439 ol
348 2415 437 2447 γονεῖς
458 2412 552 2446 αὑτοῦ,
569 2412 627 2439 ἀλλ’
654 2412 697 2438 ἵνα
719 2412 863 2447 φανερωθῇ
890 2411 924 2439 τὰ

137 2457 206 2493 ἔργα
230 2458 278 2485 τοῦ
312 2459 378 2485 Θεοῦ
409 2461 438 2486 ὲν
455 2458 538 2494 αὐτῷ.
559 2468 567 2484 ι
592 2457 655 2490 Πῶς
674 2456 720 2485 οὖν
745 2457 797 2490 ἔξω
819 2458 924 2493 τίθησιν

137 2506 391 2540 άμαρτίαςαύτοὺς,
409 2505 497 2532 καίτοι
513 2504 549 2540 μὴ
566 2504 642 2538 ὄντας
660 2503 841 2539 ἀνεγκλήτους
852 2503 924 2530 κατὰ

137 2551 182 2578 τὸν
197 2551 254 2586 βίον
267 2559 274 2584 ;
288 2551 442 2587 ’Ἄνθρωποι
462 2551 514 2586 γὰρ
533 2550 618 2584 ὄντες,
643 2550 729 2586 ἔνοχοί
744 2559 795 2576 που
816 2550 924 2581 πάντως

136 2595 207 2632 ἦσαν
225 2598 273 2624 καὶ
302 2598 479 2632 πταίσμασιν.
504 2597 573 2623 Ἀλλ’
593 2596 651 2624 ἔστι
673 2596 804 2633 πρόδηλόν
823 2605 852 2623 τε
877 2597 924 2623 καὶ

139 2643 291 2677 συμφανὲς,
315 2643 411 2678 ὅτιπερ
428 2644 442 2669 ὁ
457 2643 535 2678 λόγος
556 2644 595 2675 εἰς
610 2643 654 2669 τὸν
669 2643 722 2679 πρὸ
733 2644 781 2679 τῆς
793 2644 924 2678 γενέσεως

138 2689 281 2716 ἀναϐαίνει
308 2689 414 2724 καιρὸν,
440 2689 500 2716 καθ’
523 2689 552 2716 ὃν
579 2689 654 2716 οὔπω
680 2690 831 2724 γεγονότες,
863 2689 925 2716 οὐδὲ

139 2734 304 2770 ἡμάρτανον,
325 2735 370 2761 ἵνα
384 2735 431 2761 καὶ
442 2735 560 2771 ἀληθεύῃ
576 2735 701 2771 Χριστός.
825 2768 829 2771 μ

177 2781 220 2808 ιθ¹.
236 2782 349 2808 ΔΛΛΟι
362 2781 392 2808 '0
411 2781 543 2817 μακάριος
567 2783 709 2818 προφήτης
731 2783 857 2816 Ἡσαΐας,
875 2783 925 2819 τὴν

138 2827 228 2856 αἰτίαν
246 2827 294 2854 τοῦ
313 2826 478 2862 πεποιῆσθαι
498 2828 546 2864 τὴν
561 2828 612 2864 γῆν
631 2827 823 2864 ἐξηγούμενος,
841 2838 850 2854 ι
869 2829 925 2856 Οὐκ

156 2913 176 2943 η⁸
205 2917 224 2944 ιι
244 2917 308 2945 Cor.
328 2917 414 2950 ν,10.
453 2918 463 2933 ⁶
483 2917 562 2946 Rom.
579 2926 634 2950 xu,
654 2919 678 2945 Ι.
716 2919 726 2934 "
744 2918 824 2947 Rom.
841 2928 875 2952 ν,
895 2920 937 2948 Μ.

974 2323 1101 2357 discipuli
1123 2322 1345 2357 suspicabantur.
1363 2320 1433 2353 Quid
1452 2328 1518 2355 ergo
1535 2319 1567 2347 ad
1598 2320 1654 2347 lucc
1678 2319 1758 2347 Chri-

975 2369 1056 2395 stus?
1071 2377 1080 2393 ι
1101 2367 1185 2394 Amen
1201 2368 1262 2395 dico
1280 2367 1369 2398 vobis,
1385 2373 1473 2400 neque
1493 2365 1535 2396 hic
1559 2365 1691 2400 peccavit,
1710 2372 1759 2392 ne-

974 2422 1026 2449 que
1044 2418 1168 2448 parentes
1186 2413 1245 2447 ejus
1259 2423 1264 2439 :
1283 2413 1329 2439 sed
1343 2418 1372 2439 ut
1388 2411 1597 2439 inanitestcntur
1610 2418 1693 2446 opera
1711 2410 1756 2438 Dei

976 2461 1002 2487 in
1018 2460 1064 2487 illo
1079 2460 1110 2486 ‘°.
1134 2469 1143 2485 ι
1165 2459 1308 2492 Quomodo
1335 2458 1418 2494 igitur
1436 2457 1539 2493 peccati
1555 2461 1681 2491 expertes
1697 2457 1758 2484 illos

977 2508 1024 2538 ait,
1043 2506 1168 2541 quamvis
1184 2505 1210 2532 in
1232 2505 1284 2533 vita
1300 2504 1510 2539 reprehensione
1528 2510 1583 2529 non
1616 2502 1760 2529 carerent?

976 2552 1055 2584 Nam,
1071 2552 1195 2578 homines
1212 2559 1272 2578 cum
1286 2554 1389 2581 essent,
1399 2549 1511 2576 obnoxii
1528 2549 1622 2584 utique
1640 2548 1760 2583 peccatis

976 2603 1065 2625 erant.
1079 2596 1160 2631 Atqui
1175 2595 1349 2623 manifestum
1370 2598 1411 2621 est
1427 2593 1534 2621 Domini
1554 2594 1635 2621 verba
1659 2593 1759 2620 intelli-

977 2642 1064 2678 genda
1079 2649 1140 2669 esse
1155 2641 1188 2668 de
1201 2647 1325 2676 tempore
1341 2640 1412 2675 quod
1425 2639 1595 2666 nativitatem
1608 2638 1758 2673 prmcessit.

978 2697 1044 2724 quo,
1062 2696 1123 2716 cum
1141 2687 1261 2718 nondum
1280 2685 1384 2719 essent,
1399 2687 1435 2713 ita
1452 2694 1540 2721 neque
1559 2689 1720 2721 peccarunt,
1730 2687 1760 2711 ut

978 2744 1041 2764 vera
1054 2743 1161 2772 quoque
1177 2735 1279 2763 Christi
1299 2734 1333 2762 sit
1346 2734 1444 2763 oratio.

1015 2781 1057 2810 l9.
1071 2781 1185 2809 ALIUD.
1202 2781 1302 2808 Beatus
1319 2780 1452 2815 propheta
1473 2777 1571 2810 Isaias,
1587 2783 1699 2804 causam
1725 2776 1762 2809 ob

979 2836 1060 2864 quam
1080 2832 1152 2855 terra
1170 2826 1243 2854 facta
1263 2826 1298 2853 sit
1313 2832 1474 2866 exponens:
1490 2833 1499 2850 ‹
1530 2823 1589 2851 Νοη
1607 2822 1720 2851 frustra,
1747 2831 1760 2854 ι

975 2919 986 2935 ⁶¹
1004 2918 1084 2957 Ιοτιη.
1103 2926 1145 2949 lx,
1163 2918 1190 2948 2,
1227 2918 1237 2933 ¹
1261 2916 1338 2944 Deut.
1354 2923 1405 2949 χιι,
1423 2915 1449 2943 5.
1490 2914 1511 2930 ¹⁰
1529 2912 1606 2941 Joan.
1624 2920 1662 2946 Ix.
1678 2911 1706 2945 ᾗ,
