2030 3122
270 189 319 216 H5

777 189 804 216 S.
822 187 956 216 CIIIILIJ
969 188 987 215 .\
994 183 1204 213 LEXANDRINI
1229 182 1389 211 ARCIIIEP.

1835 172 1885 207 ιιι

270 248 367 283 inquit,
381 258 389 273 (
405 248 469 275 fecit
483 256 553 280 eam,
564 247 610 275 sed
629 252 657 275 ut
671 248 882 275 habitaretur”.
898 258 907 274 ι
920 248 1048 275 Habitan-

1105 245 1140 275 εἰς
1159 243 1248 276 κενὸν,
1283 242 1377 277 φησὶν,
1413 240 1538 276 ἐποίησεν
1570 240 1665 275 αὐτὴν,
1694 239 1762 266 ἀλλὰ
1791 246 1886 265 κατοι-

269 296 302 321 da
319 298 408 322 autem
424 299 483 321 erat
500 295 593 329 utique
605 300 687 325 terra,
706 301 759 321 non
775 295 854 322 nudis
869 294 947 329 plena
969 293 1051 328 spiri-

270 341 355 373 tibus,
374 340 420 367 sed
451 348 539 375 neque
556 341 723 374 incorporeis
746 346 771 368 et
800 340 972 375 simplicibus
992 339 1051 366 ani-

270 386 377 418 mabus,
408 385 454 412 sed
481 386 658 420 corporibus,
676 394 735 420 qua:
762 392 855 412 mutua
874 386 1052 413 successione

270 432 315 458 illa
337 435 490 458 uterentur.
515 430 648 457 Voluntas
667 430 759 465 itaque
786 430 878 457 divina
907 430 1054 457 animabus

271 476 399 512 peccandi
418 484 500 503 causa
519 481 589 510 erat,
606 480 634 503 ut
649 482 676 503 et
692 484 841 512 corporum
860 481 957 504 natura
981 476 1053 503 exsi-

270 527 364 553 stcret,
379 526 405 549 et
418 522 458 549 sic
478 526 550 550 terra
566 523 674 550 demum
702 530 756 549 non
783 522 885 549 frustra
903 522 973 548 facta
990 529 1052 549 esse

272 568 420 594 videretur.
439 567 491 595 Sed
509 568 560 595 hoc
574 569 724 595 absurdum
741 578 746 595 :
765 572 878 604 praestat
894 567 976 604 igitur
987 575 1052 598 cou—

269 613 394 640 trarinm.

304 659 349 686 ΞΟ.
367 657 483 686 ALIUD.
499 657 626 686 Omnium
644 659 742 686 artifex
763 659 897 695 sapientia
913 659 947 686 de
962 658 1051 693 seipsa

269 705 295 732 in
311 705 382 731 libro
395 704 606 732 i‘roverbiorum
624 705 724 732 alicubi
742 705 798 732 ait:
817 714 826 729 ι
847 705 900 740 ligo
915 712 989 731 eram
1006 704 1050 730 cui

269 749 440 784 adgaudebat
464 751 607 785 (universi
636 751 766 777 nimirum
789 751 879 786 opifex
894 755 913 785 ),
930 750 1053 785 quotidie

269 800 360 820 autem
380 794 492 821 la-tabar
507 802 600 821 coram
621 802 653 821 co
683 795 755 821 omni
773 799 905 829 tempore.
931 802 992 822 cum
1009 795 1055 821 lae-

269 844 372 866 taretur
389 840 454 866 orbe
475 839 605 874 perfecto,
624 840 650 867 in
671 840 733 868 iiliis
751 841 892 868 hominum
905 840 936 866 ¹².
956 850 964 866 ι
983 840 1052 867 Cum

268 894 343 921 ergo,
364 887 484 922 perfecto
498 892 630 914 terrarum
642 887 718 918 urbe,
735 887 854 914 hominis
873 887 1052 914 fabricatione

270 932 342 960 l‘eus
358 932 436 959 Valde
460 932 577 964 laetetur,
605 932 660 967 85
685 931 820 967 quomodo
843 940 898 959 non
930 933 983 959 erit
1007 932 1052 959 ille

268 978 505 1009 dementissimus,
538 977 585 1012 qui
619 978 738 1012 peccatis
769 985 886 1012 corpore
915 977 1052 1012 prioribus

269 1024 412 1050 obnoxiam
447 1023 566 1050 animam
592 1030 653 1050 esse
682 1023 765 1056 dicet,
792 1030 878 1058 coque
894 1024 1005 1050 nomine
1026 1024 1052 1049 in

268 1077 368 1104 corpus
386 1069 525 1096 detrusam
548 1069 680 1096 scelerum
705 1076 816 1097 suorum
843 1077 938 1104 pmnas
958 1069 1054 1096 luere?

267 1115 398 1150 Nunquid
416 1115 489 1142 enim
505 1116 626 1142 careeris
648 1116 740 1150 potius
760 1123 841 1150 quam
859 1115 936 1142 orbis
964 1116 1053 1149 opifex

268 1161 322 1188 erit
340 1161 422 1193 Deus,
444 1164 471 1188 et
492 1169 600 1188 reorum
620 1161 757 1196 supplicio
773 1166 876 1188 temere
901 1162 1054 1196 triumpha-

269 1207 330 1234 liit?
348 1207 382 1233 At
396 1207 534 1242 quomodo
547 1208 636 1235 bonus
648 1209 693 1241 sit,
707 1209 755 1244 qui
768 1208 849 1236 rebus
859 1211 912 1235 tam
924 1216 938 1235 a
950 1209 1054 1236 ratione

269 1253 368 1281 alienis
383 1253 559 1281 oblectatur?
572 1253 654 1289 Atqui
670 1254 758 1281 bonus
772 1258 812 1281 est
832 1251 916 1287 Deus,
934 1260 966 1280 ac
987 1261 1052 1288 pro-

270 1298 332 1325 inde
349 1298 485 1326 bonorum
501 1304 596 1326 auctor
612 1308 618 1327 :
633 1307 686 1327 non
700 1307 764 1336 ergo
779 1299 812 1327 ad
839 1306 945 1335 pmnam
961 1299 1053 1327 datum

268 1349 310 1371 est
327 1352 427 1380 corpus
446 1345 554 1373 animae.

303 1433 348 1460 2|.
368 1433 482 1461 ALIUD.
503 1433 532 1461 Si
550 1433 699 1461 criminum
718 1438 782 1462 ante.
815 1434 984 1462 nativitatem
1008 1434 1053 1461 ad-

269 1481 416 1507 missurum
431 1487 528 1515 pmnas
541 1479 590 1507 luit
602 1480 742 1508 hominum
757 1480 847 1507 anima
855 1480 919 1507 dum
936 1479 1055 1515 illigatur

268 1524 388 1559 corpori,
413 1528 440 1551 et
456 1532 558 1560 corpus
587 1525 611 1552 ei
631 1525 664 1552 ad
690 1525 855 1560 supplicium
880 1525 974 1552 datum
1000 1529 1052 1557 est,

269 1578 350 1605 quam
379 1570 413 1597 ob
440 1577 553 1598 causam
578 1571 684 1597 illatum
709 1575 752 1598 est
774 1570 876 1597 mundo
907 1570 1089 1611 impiorumc

269 1615 413 1648 diluvium,
430 1620 456 1642 et
469 1616 564 1650 justus
579 1615 636 1643 Noe
659 1620 783 1644 servatus
798 1621 850 1648 est,
866 1621 948 1653 atque
971 1617 1022 1643 hoc
1037 1624 1052 1643 a

272 1661 324 1688 Deo
338 1661 398 1689 fidei
414 1670 471 1690 sua:
488 1663 629 1697 praemium
644 1662 758 1690 retulit?
780 1663 904 1697 Nunquid
921 1663 993 1689 enim
1011 1669 1054 1689 sa-

271 1707 324 1734 tius
339 1712 399 1734 erat
419 1715 531 1735 summa:
553 1708 701 1743 impietatis
727 1715 788 1735 reos
815 1707 920 1735 diutius
941 1708 968 1734 in
993 1715 1054 1735 cor-

271 1760 337 1788 pore
354 1753 467 1784 haarere,
483 1757 513 1779 ut
531 1753 642 1788 gravius
661 1754 839 1787 punirentur,
864 1754 949 1781 bonos
964 1758 1053 1781 autem

270 1800 310 1826 eis
325 1798 441 1832 exsolvi,
455 1801 482 1825 et
497 1806 554 1825 sua:
569 1806 632 1834 erga
645 1799 727 1825 Deum
742 1798 853 1834 pietatis
870 1799 940 1826 hanc
951 1799 1054 1826 referre

270 1843 435 1876 mercedem,
449 1848 479 1871 ut
493 1845 696 1879 quamprimum
713 1852 745 1871 ex
759 1852 792 1872 eo
815 1845 1006 1872 discederent?
1019 1846 1054 1872 At

269 1891 367 1926 opinor
384 1890 504 1917 universi
521 1889 656 1925 opificem,
674 1890 766 1924 justus
781 1898 842 1917 cum
858 1890 904 1920 sit.
923 1891 995 1925 quod
1009 1890 1055 1925 jus

269 1942 296 1964 et
324 1944 431 1971 a‘qnum
447 1939 488 1963 est
507 1936 533 1962 in
552 1943 773 1971 unumquemque.
789 1937 956 1963 decernere:
974 1941 1055 1972 atque

271 1983 372 2009 idcirco
399 1985 486 2009 morte
515 1989 647 2017 corporea
664 1986 759 2009 sontes
778 1982 890 2017 punire,
908 1987 934 2009 et
958 1986 1054 2008 contra

271 2029 325 2055 vita
341 2028 465 2063 corporis
475 2028 568 2062 'justos
580 2027 744 2055 exhilarare.
760 2026 819 2054 Non
837 2035 902 2062 ergo
914 2027 975 2054 data
990 2031 1054 2054 sunt

272 2074 411 2101 hominum
428 2073 572 2100 animabus
597 2073 630 2100 ad
648 2081 756 2108 pinnam
779 2081 904 2108 corpora,
930 2081 964 2100 ne
980 2073 1053 2108 inju-

270 2125 329 2148 stus
346 2119 418 2147 Deus
437 2119 574 2150 videatur.
598 2120 685 2156 gratia
715 2119 827 2154 impium
856 2119 1004 2154 puniendo,
1027 2124 1054 2148 et

269 2171 366 2193 contra
382 2173 461 2201 poma
474 2166 576 2200 justum
594 2165 768 2192 honorando.

1102 289 1218 316 κεῖσθαι·
1238 299 1247 314 ι
1266 288 1318 314 ἔδει
1336 288 1362 314 δὲ
1382 287 1491 318 πάντως
1507 287 1694 313 κατοικεῖσθαι
1711 284 1760 321 τὴν
1779 285 1841 320 γῆν,
1855 284 1887 310 οὐ

1103 335 1238 372 πνεύμασι
1254 335 1445 370 πληρουμένην
1458 335 1582 370 γυμνοῖς,
1595 333 1652 359 ἀλλ’
1671 332 1732 359 οὐδὲ
1755 331 1887 368 ἁσάρκοις

1103 383 1149 408 καὶ
1181 381 1375 418 άναμφιέστοις
1402 381 1511 416 ψυχαῖς,
1537 379 1604 406 ἀλλὰ
1632 381 1687 411 τοῖς
1713 378 1889 413 καταλλήλοις

1103 430 1171 465 αὐτῇ
1194 428 1376 465 κεχρημέναις
1399 422 1532 464 σώμασινξ
1555 425 1608 453 Ἦν
1627 423 1674 453 οὖν
1691 426 1744 461 ἄρα
1766 425 1890 461 βούλημα

1103 474 1174 501 θεῖον
1192 474 1223 501 τὸ
1238 473 1364 509 ἐνεργοῦν
1376 473 1415 504 είς
1433 472 1463 499 τὺ
1480 472 1613 507 ἁμαρτεῖν
1633 471 1732 506 ψυχὰς,
1748 470 1792 496 ἵνα.
1812 470 1860 497 καὶ
1872 471 1890 504 ἠ

1102 519 1156 545 τῶν
1178 518 1311 554 σωμάτων
1328 517 1438 553 γένηται
1467 516 1557 551 φύσις,
1573 515 1643 542 οὕτω
1659 524 1687 542 τε
1707 515 1809 547 λοιπὸν,
1821 516 1838 549 ὴ
1854 515 1892 549 γῆ

1104 565 1141 600 μὴ
1155 565 1193 596 είς
1208 564 1284 591 κενδν
1305 564 1432 597 φαίνηται
1450 561 1630 597 γεγενημένη.
1645 560 1724 587 Ἀλλὰ
1739 561 1816 588 τοῦτο
1828 559 1891 587 ἄτο-

1103 611 1153 636 πον
1169 619 1175 625 ·
1194 611 1316 645 κρεῖττον
1337 607 1382 635 οὖν
1398 609 1452 643 ἄρα
1464 608 1494 634 τὸ
1504 608 1607 643 ἕτερον.

1138 655 1172 682 κ’.
1184 655 1287 681 ΑΛΛΟ.
1309 654 1340 680 Ἦ
1353 654 1461 680 πάντων
1477 653 1594 688 τεχνῖτις
1610 652 1701 687 σοφία,
1712 652 1777 687 περὶ
1791 651 1892 686 ἑαυτῆς

1103 700 1153 726 πού
1166 708 1246 735 φησιν
1266 700 1294 725 ὲν
1306 698 1388 734 βίϐλῳ
1400 697 1564 734 Παροιμιῶψ
1575 707 1583 723 ι
1596 697 1665 732 Ἐγὼ
1682 697 1765 732 ἢμην,
1812 696 1892 730 προσ-

1104 746 1212 781 έχαιρεν
1224 755 1233 771 ι
1255 746 1269 772 ὁ
1287 745 1395 772 πάντων
1407 745 1526 780 δηλονότι
1547 744 1718 779 δημιουργός·
1735 743 1815 770 ικαθ⁵
1825 743 1893 778 ἠμέ-

1105 800 1153 828 ραν
1178 791 1205 817 δὲ
1228 790 1412 826 εὐφραινόμην
1439 791 1468 816 ἐν
1495 789 1634 825 προσώπῳ
1647 788 1740 820 αὑτοῦ,
1765 789 1794 815 ἐν
1810 788 1893 815 παντὶ

1103 837 1202 873 καιρῷ.
1223 838 1266 863 ὅτε
1287 836 1449 872 εὐφραίνετο
1465 836 1514 871 τὴν
1533 835 1696 871 οἰκουμένην
1720 835 1892 866 συντελέσας,

1104 885 1150 911 καὶ
1168 883 1358 920 ὲνευφραίνετο
1371 883 1399 908 ὲν
1416 883 1483 914 υἱοῖς
1505 881 1664 916 ἀνθρώπων,
1689 891 1698 907 ›
1721 882 1785 907 Ὅτε
1802 881 1891 907 τοίνυν

1105 929 1264 960 συντελέσας
1280 928 1329 963 τὴν
1343 927 1514 962 οἰκουμένην,
1535 929 1567 962 τῇ
1583 927 1629 953 τοῦ
1651 927 1794 962 ἀνθρώπου
1812 935 1894 953 κατα-

1105 977 1187 1011 σκευῇ
1195 975 1254 1001 λίαν
1269 975 1394 1010 ὲφήδεται
1408 974 1484 1006 Θεὸς,
1499 974 1555 1005 πῶς
1565 975 1625 1009 οὐχὶ
1637 974 1726 1008 πάσης
1739 973 1790 1006 ἔξω
1803 973 1892 999 κείσε-

1103 1031 1148 1048 ται
1164 1021 1270 1056 φρενὸς,
1281 1021 1295 1047 ὁ
1308 1021 1530 1056 προγενεστέροις
1547 1021 1742 1056 ἁμαρτήμασιν
1757 1020 1894 1051 ὑποτιθεὶς

1103 1067 1152 1103 τὴν
1168 1067 1268 1103 ψυχὴν,
1279 1066 1323 1093 διά
1335 1075 1364 1092 τε
1379 1066 1456 1092 τοῦτο
1470 1065 1686 1101 σεσωμτῶσοαι
1703 1065 1789 1100 λέγων
1797 1065 1893 1101 αὐτὴν,

1104 1113 1150 1139 καὶ
1167 1113 1238 1139 κατὰ
1256 1112 1350 1139 τοῦτον
1372 1111 1574 1148 τετιμωρῆσθαι
1589 1110 1634 1138 τὸν
1649 1111 1765 1147 τρόπους
1790 1112 1824 1137 Ἢ
1840 1111 1894 1146 γὰρ

1103 1159 1163 1194 οὐχὶ
1179 1158 1365 1194 δεσμωτηρίου
1380 1158 1488 1193 μᾶλλον,
1506 1158 1577 1194 ἥπερ
1597 1157 1760 1193 οἰκουμένης
1775 1157 1894 1193 ἐργάτης

1104 1205 1179 1231 ἔσται
1200 1204 1277 1236 Θεὸς,
1303 1204 1518 1239 εὐφρανθήσεται
1543 1203 1570 1230 δὲ
1594 1204 1756 1239 παραλόγως
1771 1204 1816 1229 ἐπὶ
1838 1204 1895 1235 τοῖς

1105 1249 1234 1284 ὑπέχουσι
1251 1249 1329 1280 δίκας
1343 1258 1350 1282 ;
1368 1249 1422 1275 Καὶ
1443 1248 1500 1280 πῶς
1520 1248 1552 1275 ἂν
1567 1248 1609 1284 εἴη
1631 1248 1722 1275 λοιπὸν
1734 1248 1834 1283 ἁγαθδς
1851 1249 1896 1275 ἐπ’

1105 1295 1214 1325 ἀτόποις
1232 1293 1302 1320 οὕτω
1320 1293 1504 1329 γαννὺμενος;
1528 1294 1607 1320 Ἀλλὰ
1623 1295 1677 1329 μήν
1691 1295 1763 1321 ἐστιν
1780 1295 1894 1328 ἀγαθὸς,

1104 1341 1148 1367 διά
1159 1349 1200 1366 τοι
1227 1339 1307 1366 τοῦτο
1336 1341 1450 1376 ποιητὴς
1475 1340 1595 1374 άγαθῶψ
1612 1341 1661 1367 οὐκ
1681 1340 1734 1376 ἄρα
1759 1341 1896 1376 τιμωρίας

1105 1386 1180 1412 ἔσται
1194 1386 1295 1421 τρόπος
1310 1386 1327 1420 ἡ
1342 1386 1489 1420 σάρκωσις.

1139 1432 1194 1459 κα’.
1214 1431 1317 1459 ΑΛΛΟ.
1345 1432 1376 1458 Ei
1392 1425 1642 1468 ’πλημμελημάτων
1671 1433 1721 1468 τῆς
1736 1433 1766 1459 ἐν
1799 1433 1897 1468 κόσμῳ

1105 1476 1240 1512 γενέσεως
1272 1476 1458 1512 ἀρχαιοτέρων
1490 1477 1681 1512 εἰσπράττεται
1711 1477 1789 1509 δίκας
1810 1478 1828 1512 ἡ
1849 1477 1896 1503 τοῦ

1105 1522 1250 1558 ἀνθρώπου
1270 1522 1344 1558 ψυχὴ
1359 1521 1403 1548 διὰ
1426 1522 1475 1557 τῆς
1491 1523 1530 1554 εἱς
1551 1523 1639 1559 σάρκα
1658 1523 1828 1558 συμπλοκῆς.
1849 1522 1897 1549 καὶ

1105 1569 1238 1605 τιμωρίας
1263 1569 1356 1605 ἐπέχει
1382 1568 1411 1594 τὸ
1441 1569 1520 1603 σῶμα
1544 1569 1623 1603 λόγον
1639 1570 1729 1604 αὐτῇ,
1756 1569 1800 1595 διὰ
1815 1569 1898 1596 ποίαν

1106 1615 1205 1647 αίτίαν,
1219 1615 1313 1650 κόσμῳ
1326 1615 1373 1650 μὲν
1386 1615 1492 1643 ἀσεϐῶν
1503 1616 1693 1650 κατακλυσμὸς
1705 1617 1896 1652 ὲτιενήνεκται,

1106 1660 1222 1696 διεσώθη
1235 1661 1263 1687 δὲ
1284 1660 1387 1692 δίκαιος
1401 1659 1439 1686 ὢν
1453 1660 1467 1686 ὁ
1483 1660 1556 1694 Νῶε,
1573 1661 1620 1687 καὶ
1636 1661 1739 1696 ταύτην
1752 1662 1808 1697 ἔχει
1823 1663 1898 1697 παρὰ

1107 1707 1175 1734 Θεοῦ
1189 1707 1239 1742 τῆς
1263 1707 1379 1738 πίστεως
1394 1706 1442 1742 τὴν
1458 1707 1591 1734 ἀντίδοσιν
1604 1717 1611 1741 ;
1630 1707 1665 1734 Ἣ
1681 1708 1733 1744 γὰρ
1749 1709 1808 1744 οὐχὶ
1828 1709 1898 1744 μᾶλ-

1106 1753 1152 1779 λον
1168 1754 1251 1788 ἐχρῆν
1265 1753 1327 1785 τοὺς
1344 1753 1393 1788 μὲν
1408 1754 1533 1789 ἀφόρητα
1547 1754 1778 1787 δυσσεῦήσαντας,
1793 1764 1896 1790 μακρο-

1106 1800 1203 1836 τέρους
1221 1801 1250 1826 ὲν
1264 1799 1369 1834 σώματι
1384 1800 1559 1835 κατατρίὸειν
1575 1800 1695 1836 χρόνους,
1708 1800 1751 1827 ἵνα
1766 1801 1897 1836 μειζόνως

1105 1844 1291 1878 κολάζωνται,
1315 1845 1421 1881 δεσμῶν
1443 1846 1471 1872 δὲ
1493 1846 1548 1873 τῶν
1568 1847 1621 1873 ἀπὸ
1647 1847 1749 1882 σαρκὸς
1773 1847 1898 1874 ἀνίεσθαι

1104 1890 1168 1922 τοὺς
1181 1890 1316 1925 ἀγαθοὺς,
1345 1889 1393 1917 καὶ
1417 1890 1468 1926 τῆς
1493 1891 1561 1927 πρὸς
1584 1891 1650 1918 Θεὸν
1664 1891 1805 1924 εὐσεϐείας
1825 1893 1898 1918 ἀντι-

1112 1936 1272 1972 κομίζεσθαι
1284 1937 1366 1972 γέρας
1374 1937 1422 1972 τὴν
1433 1938 1464 1964 ὲκ
1480 1938 1604 1973 σώματος
1618 1938 1814 1974 ἀποφοίτησιν;
1827 1938 1897 1965 Ἀλλ’

1105 1980 1192 2017 οἶμαι,
1209 1982 1312 2009 δίκαιον
1334 1982 1399 2009 ὄντα
1422 1983 1467 2009 τὸν
1491 1983 1619 2010 ἁπάντων
1640 1983 1823 2020 δημιουργὸν,
1850 1984 1897 2019 τὴν

1108 2028 1215 2061 ἑκάστῳ
1235 2027 1459 2062 χρεωστουμένην
1473 2027 1595 2063 τάγματι
1618 2029 1707 2064 ψῆφον
1727 2030 1896 2063 ἐπενεγκεῖν.

1115 2072 1222 2108 Ἐπειδὴ
1244 2073 1272 2099 δὲ
1291 2073 1394 2104 δίκαιος
1422 2073 1459 2100 ὼν
1476 2073 1583 2110 θανάτῳ
1602 2075 1650 2110 μὲν
1670 2075 1709 2110 τῷ
1730 2076 1780 2110 τῆς
1796 2075 1898 2111 σαρκὸς

1108 2119 1217 2151 κολάζει
1243 2119 1288 2145 τὸν
1313 2119 1488 2155 παράνομον,
1514 2120 1569 2156 ζωῇ
1597 2121 1625 2147 δὲ
1650 2121 1730 2148 πάλιν
1763 2123 1795 2157 τῇ
1829 2123 1897 2157 μετὰ
1944 2144 1949 2148 .

1109 2165 1235 2200 σώματος
1254 2165 1396 2200 εὐφραίνει
1417 2166 1462 2193 τὸν
1479 2166 1594 2199 δίκαιον,
1615 2168 1645 2194 οὐ
1667 2168 1778 2200 κόλασις
1792 2169 1847 2203 ἄρα
1864 2169 1898 2195 τὰ

271 2213 385 2247 σώματα
405 2213 462 2243 ταῖς
476 2212 529 2238 τῶν
549 2210 699 2247 ἀνθρώπων
722 2210 840 2245 ψυχαῖς,
859 2210 902 2237 ἵνα
919 2210 956 2246 μὴ
989 2211 1080 2244 ἄδικος
1120 2211 1248 2245 φαίνηται
1280 2210 1360 2244 Θεὸς,
1389 2211 1480 2247 χάριτι
1507 2213 1557 2247 μὲν
1581 2213 1703 2246 κολάζων
1729 2214 1774 2241 τὸν
1801 2215 1896 2250 ἀσεϐῆ,

270 2258 358 2292 τιμῶν
373 2259 400 2284 δὲ
416 2259 495 2285 πάλιν
511 2258 620 2286 κολάσει
635 2258 680 2284 τὸν
696 2257 809 2285 δίκαιον.

305 2304 351 2330 ‘22.
367 2303 483 2331 ALIUD.
506 2305 534 2332 Si
549 2304 748 2340 prazteritorum
762 2309 937 2338 peccatorum
957 2312 1053 2340 pmnas

1141 2285 1192 2336 κβί
1219 2302 1322 2329 ΑΛΛΟ.
1343 2303 1373 2330 Et
1399 2306 1618 2341 προγενεστέρων
1645 2309 1825 2343 πταισμάτων
1854 2311 1898 2336 ὲκ-

272 2350 368 2376 datura
383 2350 409 2376 in
425 2358 535 2376 carnem
549 2353 576 2377 et
589 2357 690 2384 corpus
705 2349 795 2376 anima
812 2350 963 2382 descendit,
987 2358 1054 2386 quo-

271 2394 353 2422 modo
373 2393 498 2421 Salvator
523 2394 657 2422 Lazarum
686 2402 766 2428 quem
789 2395 897 2422 amabat
914 2391 1054 2430 excitavit,

271 2443 297 2465 et
311 2439 427 2466 vinculis
442 2439 527 2466 semel
540 2439 657 2466 solutum
680 2447 777 2466 rursus
792 2439 825 2466 ad
839 2447 868 2466 ea
890 2440 980 2468 redire
1008 2449 1056 2468 co-

272 2485 328 2520 egit
341 2485 362 2500 ”
374 2485 385 2511 ?
397 2486 478 2519 Atqui
498 2485 529 2511 ad
547 2485 607 2519 ejus
632 2485 779 2512 utilitatem
796 2485 821 2512 id
839 2486 902 2512 fecit
915 2486 1054 2520 Christus,

271 2538 390 2565 eumque
400 2534 430 2556 nt
442 2531 559 2557 amicum
572 2531 725 2562 honoravit,
738 2532 882 2559 excitando
896 2540 911 2559 e
927 2533 1053 2562 mortuis.

272 2576 364 2604 Inanis
379 2583 443 2610 ergo
454 2579 498 2602 est
514 2575 734 2604 adversariorum
753 2578 914 2612 propositio.

307 2664 352 2690 9.5.
385 2663 498 2691 ALIUD.
523 2664 564 2696 Si,
588 2664 815 2700 quemadmodum
844 2665 881 2692 illi
910 2669 1057 2700 nugatores

273 2710 361 2740 aiunt,
377 2716 463 2742 pmnze
478 2710 538 2737 loco
552 2713 644 2737 datum
657 2714 699 2738 est
713 2718 815 2744 corpus
838 2711 946 2742 anima),
974 2711 1057 2746 idque

272 2755 436 2789 supplicium
452 2757 486 2783 ob
502 2758 668 2790 praeteritum
684 2756 743 2791 ejus
757 2763 898 2791 peccatum
914 2758 1052 2792 θυσίμω-

273 2806 329 2828 tum
344 2805 395 2832 est,
413 2807 555 2836 peccatum
569 2803 751 2830 [romanorum
765 2810 910 2837 corporum
925 2807 1052 2830 naturam

309 2894 327 2909 ”
349 2894 400 2921 lsa.
422 2901 481 2924 XLV,
502 2893 542 2920 18.
584 2893 604 2909 ¹²
625 2892 704 2920 Prov.
723 2899 784 2924 VIII,
801 2891 910 2925 50,31.

1105 2347 1216 2374 τίσουσά
1232 2348 1320 2381 δίκας,
1335 2349 1376 2381 είς
1397 2350 1547 2385 σάρκαικαὶ
1564 2351 1644 2388 σῶμα
1669 2354 1859 2390 καταϐέϐηκεν
1881 2357 1897 2390 ἡ

1105 2393 1196 2429 ψυχὴ,
1226 2394 1283 2426 πῶς
1308 2395 1395 2429 ἐφίλει
1421 2396 1466 2423 τὸν
1486 2397 1612 2433 Λάζαρον
1635 2399 1791 2436 ἀναστήσας
1816 2402 1898 2428 αὐτὸν

1105 2440 1119 2466 ὀ
1134 2440 1245 2475 Σωτὴρ,
1262 2441 1308 2467 καὶ
1326 2441 1371 2467 τὸν
1397 2441 1470 2475 ἅπαξ
1494 2443 1599 2478 δεσμῶν
1620 2445 1728 2477 ἀνέντα.
1753 2447 1897 2483 παλινδρο-

1109 2487 1168 2520 μεῖν
1183 2487 1222 2517 ei;
1233 2486 1331 2518 αὐτοὺς
1342 2487 1518 2521 ἀναγκάσαςς
1540 2489 1609 2516 Ἀλλ’
1626 2490 1758 2526 ἔπραττεν
1773 2492 1897 2526 ὠφελῶν,

1109 2532 1156 2558 καὶ
1170 2532 1208 2563 ὡς
1225 2531 1301 2566 φίλον
1317 2532 1397 2567 ἐτίμα
1416 2533 1461 2560 τὸν
1480 2533 1614 2562 τεθνεῶτα
1631 2536 1746 2571 Χριστὸς
1759 2537 1898 2571 διανιστὰς

1109 2578 1141 2604 ὲκ
1165 2577 1287 2612 νεκρῶν·
1313 2580 1415 2605 εἰκαῖον
1436 2577 1483 2606 οὖν
1507 2581 1561 2616 ἄρα
1587 2581 1639 2608 τῶν
1660 2583 1693 2609 δι’
1715 2584 1846 2611 ἐναντίων
1869 2585 1899 2613 τὸ

1111 2623 1213 2658 πρόὃλη
1218 2632 1265 2658 μα.

1146 2669 1198 2702 κγ’.
1215 2670 1315 2697 AAAO.
1332 2671 1373 2701 Εί,
1390 2672 1514 2710 καθάπερ
1529 2675 1627 2701 ὲκεῑνοι
1642 2675 1788 2710 ληροῦντάς
1805 2685 1898 2710 φασιν,

1109 2714 1146 2746 ὡς
1164 2716 1192 2740 ἐν
1204 2715 1278 2748 τάξει
1299 2717 1432 2752 τιμωρίας
1445 2718 1548 2746 δέδοται
1563 2720 1592 2746 τὸ
1607 2721 1686 2755 σῶμα
1707 2722 1741 2756 τῇ
1757 2721 1843 2757 ψυχῇ,
1856 2721 1899 2750 διὰ

1109 2759 1297 2794 πρεσϐυτέραν
1321 2761 1405 2796 αὐτῆς
1433 2763 1568 2798 ἁμαρτίαν
1593 2765 1749 2800 ἐπινοηθὲν,
1775 2765 1897 2801 ἁμαρτία

1108 2806 1156 2840 τὴν
1171 2805 1224 2830 τῶν
1244 2805 1423 2841 ἀνθρωπίνων
1439 2810 1572 2843 σωμάτων
1587 2811 1787 2846 παρεισήνεγκε
1803 2811 1887 2846 φύσιν

951 2892 971 2907 ”
988 2892 1068 2920 .Ioan.
1088 2900 1130 2925 τι,
1151 2894 1263 2927 passim.
