2030 3122
269 162 322 196 tu

785 164 963 193 S.CYll|LLI
984 163 1220 205 ΑιΕΧΑιῑοιιιΝι
1240 164 1401 193 ARClllEP.

1845 167 1898 195 HS

268 225 328 254 nlto
342 223 503 260 dignitatem
517 223 686 259 evangelista
697 223 798 251 tribuet
809 224 914 257 dicens,
925 224 997 259 quod
1008 234 1017 250 ‹
1028 224 1050 251 in

1108 232 1194 256 σεται,
1216 224 1294 259 εἴπερ
1312 223 1380 255 ὅλως
1399 223 1485 255 οὐδεὶς
1506 223 1575 250 αὐτὰ
1591 223 1640 258 τῆς
1657 223 1724 258 πρὸς
1744 224 1812 251 Θεὸν
1828 224 1896 260 ὁμο-

269 270 373 298 inundo
385 275 455 302 erat.
467 273 494 298 et
509 270 628 297 mundus
640 277 687 304 per
697 270 786 304 ipsum
799 270 888 298 factus
902 275 953 298 est.
969 280 979 296 ι
1001 269 1053 298 Sed

270 321 351 345 norat
370 324 453 344 unum
473 323 534 344 esse
557 321 656 343 natura
686 315 806 343 universi
827 316 952 350 opiﬁcem
969 325 975 343 :
1001 324 1057 343 non

269 371 337 399 ergo
351 371 435 390 unum
450 370 512 390 esse
529 362 687 390 censebitur
711 361 782 397 apud
811 360 884 389 recte
900 361 1055 394 credentes,

268 417 339 444 opus
359 412 386 437 et
403 409 500 440 factor,
512 408 583 437 Deus
607 412 635 436 et
653 408 788 441 conditor,
802 408 848 435 sed
864 408 928 435 illud
945 399 1056 443 quidem

269 455 432 490 Subjicietur
459 455 532 483 servi
557 455 584 481 in
606 461 720 487 morem,
736 457 844 481 naturae
859 461 916 481 suae
945 453 1055 481 modum

269 508 324 529 non
340 501 469 536 ignorans
483 509 490 528 ι
505 500 529 528 ei
549 505 639 528 autem
651 498 736 527 Filius
751 499 909 533 imperabit,
920 499 966 534 qui
981 499 1056 526 solus

269 555 332 575 eum
348 546 430 574 Patre
447 550 536 581 potest
550 553 594 574 res
612 553 628 573 e
643 545 728 573 nihilo
758 545 791 572 ad
804 553 865 573 esse
890 551 1001 577 vocare,
1029 549 1056 573 et

268 593 341 628 quod
362 592 483 620 nondum
507 592 616 620 exsistit
634 591 763 619 inellabili
788 591 892 618 virtute
914 591 941 618 in
965 594 1055 618 ortum

270 638 432 674 producere.
447 637 524 671 Quod
555 641 648 665 autem
664 637 735 665 Deus
763 639 913 664 secundum
930 641 1056 664 naturam

269 685 406 712 exsistens
419 683 503 711 Filius
515 683 584 711 alius
599 683 692 718 utiqbe
704 683 737 710 sil
757 690 771 709 a
787 688 922 714 creatura,
939 682 967 710 in
987 682 1056 710 libro

271 728 309 755 De
326 733 418 755 sancta
427 728 556 755 Τνὶιιίιαιε
574 735 635 754 cum
645 728 700 761 jam
714 727 821 754 abunde
835 727 1055 760 tractaverimus,

269 774 337 801 nihil
352 773 518 808 superﬂuunt
535 773 579 800 hic
590 771 745 800 all'eremus.
764 771 833 799 Illud
852 776 941 799 tamen
952 772 1056 799 utiliter

269 820 411 852 addemus,
430 819 504 854 quod
519 826 581 846 cum
606 819 644 846 ait
663 817 794 845 mundum
820 818 854 845 ab
873 818 932 853 ipso
952 817 1054 845 factum

267 872 340 898 esse,
358 866 390 892 ad
406 865 581 901 cogitandum
604 864 639 891 de
657 863 737 891 Patre
752 871 803 891 nos
820 864 942 895 adducit,
963 868 990 890 et
1007 871 1055 891 co-

1108 269 1265 304 ουσιότητος
1280 269 1417 296 ἁποδιελεῖ
1431 268 1531 304 τρόπος
1543 276 1549 282 ·
1563 268 1634 295 οὕτω
1644 277 1673 294 τε
1689 268 1780 296 λοιπὸν
1794 270 1896 304 ἑαυτῆς

1107 315 1124 350 ή
1138 315 1227 347 κτίσις
1242 314 1318 341 ἔσται
1334 315 1499 350 δημιουργὸς
1511 335 1518 346 ,
1536 315 1583 341 καὶ
1603 314 1680 349 ψιλὸν
1695 315 1839 350 περιθήσει
1857 315 1896 350 τῷ

1106 362 1255 395 Μονογενεῐ
1275 361 1305 388 τὸ
1327 361 1435 396 ἀξίωμα
1456 361 1542 395 λέγων
1562 362 1576 388 6
1592 361 1794 396 ἐὐαγγελιστὴς
1807 380 1815 392 ,
1842 361 1894 392 ὅτι,

1107 407 1154 434 καὶ
1178 407 1242 434 «Ἑν
1264 407 1302 442 τῷ
1323 407 1418 442 κόσμῳ
1438 405 1488 442 ἦν,
1511 407 1558 433 καὶ
1582 407 1596 433 ὁ
1619 407 1721 442 κόσμος
1747 407 1780 433 δι’
1811 407 1895 433 αὑτοῦ

1108 453 1225 486 ἐγένετο.
1245 462 1254 478 ι
1280 452 1350 479 Ἀλλ’
1372 450 1443 479 οἶδεν
1469 452 1516 479 ἕνα
1542 452 1611 479 κατὰ.
1642 452 1722 486 φύσιν
1746 451 1811 479 ὄντα
1835 452 1892 478 τῶν

1106 497 1234 524 ἁπάντων
1245 497 1420 532 δημιουργόν.
1437 497 1492 524 Οὐκ
1507 497 1560 533 ἄρα
1570 496 1667 524 ταυτὸν
1684 497 1717 524 ἂν
1731 498 1816 524 νοοίτό
1828 506 1894 524 ποτε

1106 542 1182 577 παρά
1196 551 1227 577 γε
1244 544 1299 574 τοῖς
1323 543 1405 569 εἰδόσι
1430 543 1568 569 πιστεύειν
1589 542 1677 578 ὀρθῶς
1690 563 1698 575 ,
1718 542 1825 578 ποίημα
1847 543 1894 570 καὶ

1107 587 1236 623 ποιητὴς,
1251 587 1318 619 Θεὸς
1335 588 1381 614 καὶ
1398 588 1526 623 κτίστης,
1545 588 1602 615 ἀλλ’
1622 589 1638 624 ή
1655 587 1705 623 μὲν
1718 588 1893 615 ὑποκείσεται

1105 632 1306 668 δουλοπρεπῶς,
1324 633 1370 660 τὸν
1387 634 1436 669 τῆς
1450 634 1553 665 οἰκείας
1567 634 1676 668 φύσεως
1691 635 1754 669 ὅρον
1768 633 1894 668 ἐπιγινώ-

1107 687 1210 706 σκουσοι
1221 686 1227 693 ·
1245 679 1399 714 βασιλεύσει
1411 680 1438 706 δὲ
1452 679 1496 706 ἐπ’
1512 679 1596 716 αὐτὴν
1612 680 1627 706 6
1641 680 1716 712 Υἰὸς,
1731 680 1810 715 μόνος
1821 680 1892 715 ἔχων

1108 725 1178 760 μετὰ
1193 724 1240 752 τοῦ
1261 725 1366 762 Πατρὸς
1382 727 1412 751 16
1432 724 1562 752 δύνασθαι
1583 726 1631 752 καί⁵
1649 726 1688 758 ὼς
1711 726 1777 752 ὅντα
1798 725 1833 752 τὰ
1855 726 1892 761 μὴ

1106 771 1170 798 ὄντα
1193 771 1294 804 καλεῖν,
1307 772 1359 799 ικαὶ
1374 772 1405 798 τὸ
1423 773 1505 808 μήπω
1519 772 1639 808 ὑπάρχον
1652 772 1764 808 ἀρρήτῳ
1779 771 1893 806 δυνάμει

1107 817 1242 852 παράγειν
1256 817 1296 850 εἰς
1317 817 1432 852 γένεσιν.
1452 818 1514 845 Ὅτι
1528 818 1556 844 δὲ
1580 818 1710 853 ὑπάρχων
1728 817 1799 844 κατὰ
1812 817 1892 852 φύσιν

1106 862 1173 895 Θεὸς
1187 863 1201 889 6
1218 863 1297 896 Υἰὸς,
1319 863 1412 900 ἔτερος
1431 864 1517 899 δήπου
1542 864 1651 896 πάντως
1676 863 1735 890 ἐστὶ
1753 863 1831 898 παρὰ
1844 863 1893 898 τὴν

265 913 415 948 gnitiOuem
440 911 502 946 ejus
524 910 561 938 Ex
582 918 647 946 quo,
673 918 727 937 una
755 917 817 936 cum
832 917 864 937 eo
890 909 942 937 Per
960 917 1050 944 quem,

1104 909 1202 942 κτίσιν,
1226 909 1381 945 ἀρκούντως
1395 911 1444 946 ήδη
1462 910 1629 946 διειληφότες
1648 911 1676 936 ὲν
1700 909 1740 944 τῷ
1754 909 1822 944 Περὶ
1838 908 1893 942 τῆς

266 958 346 985 nobis
360 957 451 984 infert.
470 956 567 984 Omnia
582 957 654 984 enim
671 963 685 982 a
706 955 786 983 Patre
801 959 866 983 sunt
891 964 938 990 per
953 954 1052 983 Filium

267 1004 293 1030 in
309 1007 404 1030 sancto
419 1002 533 1036 Spiritu.

1105 954 1192 989 ἁγίας
1203 955 1322 989 Τριάόος
1339 955 1428 990 λόγῳ,
1455 956 1582 992 περιττὸν
1607 957 1636 982 ὲν
1655 955 1760 987 τούτοις
1777 954 1894 990 ἐροῦμεν

1103 1001 1180 1028 οὐδέν
1191 1007 1197 1014 “
1215 1001 1284 1037 πλὴν
1301 1002 1389 1028 ἐκεῖνο
1409 1002 1553 1037 χρησίμως
1573 1001 1778 1038 προσθήσομεν,
1795 1002 1837 1028 Em
1859 1001 1893 1027 δι’

264 1048 346 1075 αὐτοῦ
369 1048 414 1074 τὸν
435 1047 535 1082 κόσμον
559 1045 724 1080 πεποιῆσθαι
744 1045 847 1079 λέγων.
872 1046 911 1077 εἰς
939 1045 1045 1072 ἔννοιαν
1083 1047 1156 1082 ἡμᾶς
1189 1047 1320 1083 ἀναφέρει
1343 1047 1392 1082 τὴν
1413 1048 1477 1083 περὶ
1498 1047 1620 1084 Πατρὸς,
1648 1048 1696 1075 καὶ
1722 1048 1894 1084 συνεισφέρει

263 1095 301 1130 τῷ
319 1096 352 1122 δι’
369 1090 399 1120 οὗ
419 1094 464 1120 τὸν
490 1093 518 1126 ἐξ
536 1089 577 1120 οὗ.
598 1092 690 1119 Πάντα
709 1091 762 1126 γὰρ
790 1091 865 1127 παρὰ
887 1092 992 1127 Ματρὸς
1015 1092 1049 1119 δι’
1070 1093 1134 1120 Υἱοῦ
1148 1094 1178 1120 ὲν
1191 1093 1261 1128 ἁγίῳ
1274 1093 1424 1128 Πνεύματι.

303 1140 323 1172 l,
343 1139 383 1166 l0.
402 1138 435 1165 Et
451 1137 563 1164 mumlus
579 1145 638 1164 eum
653 1144 704 1164 non
719 1137 848 1171 cognovit.

299 1186 450 1213 Prudenter
468 1183 512 1211 hic
527 1191 625 1211 rursus
647 1183 813 1218 evangelista
835 1187 930 1210 sancto
947 1183 1052 1217 Spiritu

262 1232 380 1264 albatus,
407 1229 588 1266 quorumdam
606 1237 699 1266 nugas
724 1233 896 1257 antevenere
922 1233 1050 1256 conatur.

263 1277 385 1306 Docendi
414 1281 505 1304 autem
533 1275 668 1302 rationem
696 1282 750 1302 non
780 1282 877 1310 parum
903 1274 1050 1302 mirabere.

262 1323 362 1350 Lucem
381 1329 473 1349 veram
494 1319 666 1355 nuncupavit
679 1319 787 1351 Filium,
806 1327 925 1354 eumque
941 1326 1050 1347 omnem

261 1370 400 1397 hominem
429 1367 583 1396 venientem
604 1366 632 1393 in
657 1367 729 1394 hunc
744 1368 877 1394 mundum
898 1367 1052 1395 illuminare

262 1415 448 1447 conﬁrmavit;
474 1413 550 1440 addit
576 1413 651 1448 quod
671 1416 698 1441 et
711 1422 720 1438 ι
740 1412 769 1440 In
790 1412 891 1439 mundo
906 1413 966 1448 ipse
980 1417 1051 1446 crat,

261 1466 291 1489 et
304 1460 424 1488 mundus
440 1467 488 1496 per
504 1459 592 1495 ipsum
609 1458 699 1487 l'actus
715 1463 768 1487 est.
785 1469 794 1486 ι
811 1458 865 1487 Sed
881 1459 955 1487 illico
971 1459 1052 1488 nobis

263 1507 482 1534 adversariorum
507 1505 617 1541 quidam
636 1505 769 1540 objiciet:
788 1505 816 1532 Si
836 1505 881 1533 lux
905 1509 964 1534 erat
984 1505 1052 1534 Ver-

262 1553 339 1584 bum,
357 1557 384 1580 et
411 1552 537 1587 cujusvis
553 1551 673 1579 hominis
696 1557 745 1578 cor
764 1551 912 1583 illuminat,
925 1550 958 1578 ad
973 1552 1050 1587 agui—
1063 1563 1085 1592 ς

263 1599 366 1625 tionem
389 1597 436 1626 Dei
454 1597 582 1625 videlicet
602 1600 629 1624 ct
653 1596 798 1624 scientiam
814 1596 932 1624 hominis
946 1601 1051 1624 natura:

262 1648 472 1678 congruentem,
497 1647 524 1670 et
537 1643 561 1672 si
578 1643 605 1671 in
621 1643 673 1670 hoc
689 1642 792 1670 mundo
814 1651 922 1678 semper
936 1647 1006 1677 erat,
1024 1647 1052 1670 et

263 1690 359 1717 mundi
379 1689 471 1725 opifex
485 1688 646 1722 exsistebat,
665 1688 804 1724 quomodo
822 1689 979 1724 ignoratum
997 1692 1050 1720 est,

261 1735 412 1770 etquidem
429 1736 513 1763 tantis
527 1739 681 1770 temporum
697 1734 817 1770 spatiis?
839 1735 926 1770 Igitur
943 1743 997 1762 non
1020 1734 1052 1762 il-

263 1781 426 1811 luminabat.
442 1781 489 1809 sed
504 1789 591 1817 neque
603 1782 647 1808 lux
664 1781 743 1816 plane
755 1784 825 1808 erat.
842 1781 890 1809 llis
903 1781 1050 1808 confestim

261 1827 384 1855 occurrit
399 1826 565 1862 Theologus,
580 1826 694 1854 dicens:
709 1835 718 1852 ι
729 1826 844 1854 Mundus
860 1834 920 1853 eum
938 1834 990 1853 non
1004 1833 1052 1852 co-

262 1873 366 1908 gnovit.
386 1883 394 1899 ι
414 1873 474 1908 Ipse
498 1872 645 1908 quominus
666 1876 873 1908 agnosceretur,
899 1872 998 1906 inquit,
1021 1871 1049 1899 in

260 1926 344 1946 causa
357 1926 411 1945 non
428 1918 479 1945 fuit
491 1927 497 1944 :
511 1918 558 1945 sed
569 1917 722 1945 inﬁrmitati
741 1918 798 1953 88
813 1925 869 1945 sua:
885 1917 910 1944 id
926 1917 1048 1951 mundus

260 1965 393 1993 ascribat.
427 1963 566 1991 lllumiuat
583 1964 655 1991 enim
684 1963 781 1996 Filius,
800 1963 849 1991 sed
872 1963 988 1998 gratiam
1006 1970 1050 1990 re-

260 2011 353 2039 tundit
366 2015 509 2042 ereatura;
529 2011 626 2038 oculos
643 2010 758 2045 accepit,
776 2010 876 2045 quibus
894 2010 1047 2037 naturalem

260 2055 346 2085 Deum
369 2057 542 2091 intelligeret,
561 2057 609 2084 sed
633 2064 665 2083 eo
681 2063 796 2083 munere
819 2055 914 2087 abusa,
938 2056 964 2082 in
989 2055 1048 2083 sola

259 2110 450 2131 creaturarum
477 2102 709 2138 c0ntemplatione
725 2102 820 2130 haesit:
846 2101 962 2129 ulterius
981 2101 1046 2129 ferri

259 2150 370 2182 noluit,
391 2149 619 2176 illuminationem
649 2149 758 2184 pigritia
787 2148 902 2180 obruit,
929 2148 1048 2182 neglexit

258 2196 374 2231 gratiam
391 2195 423 2228 ",
441 2194 516 2230 quod
531 2203 566 2222 ne
583 2195 637 2222 sibi
662 2194 816 2229 contingat,
833 2193 946 2228 vigilare
969 2193 1046 2221 Pauli

1138 1138 1193 1164 Kal
1215 1139 1231 1164 ό
1251 1139 1365 1172 κόσμος
1379 1139 1472 1166 αὑτὸν
1493 1140 1548 1166 οὐκ
1565 1139 1652 1174 ἔγνω.

1142 1183 1231 1218 Νήφει
1247 1184 1328 1211 πάλιν
1344 1185 1359 1211 6
1378 1185 1610 1220 πνευματοφόρος,
1628 1185 1739 1220 φθάνειν
1750 1185 1892 1219 ἐπείγεται

1104 1228 1154 1260 τὰς
1168 1229 1244 1264 παρά
1269 1238 1350 1256 τινων
1376 1230 1577 1266 εὖρεσιλογίας·
1603 1230 1754 1266 θαυμάσεις
1779 1230 1807 1257 δὲ
1832 1231 1893 1257 λίαν

1107 1273 1152 1300 τὸν
1167 1275 1195 1301 ὲν
1209 1276 1264 1307 τοῖς
1277 1275 1437 1312 θεωρήμασι
1456 1276 1597 1312 λογισμόν.
1612 1277 1672 1309 Φῶς
1692 1277 1818 1313 ἀληθινὸν
1839 1279 1892 1305 ἁπ-

1105 1320 1218 1348 εκάλεσε
1241 1320 1286 1347 τὸν
1306 1321 1380 1354 Υίὸν,
1396 1321 1582 1357 διισχυρίσατό
1604 1331 1634 1349 τε
1656 1323 1783 1358 φωτίζειν
1809 1323 1892 1351 αὑτὸν

1105 1366 1194 1393 πάντα
1210 1366 1353 1402 ἄνθρωπον
1377 1368 1524 1404 ἐρχόμενον
1540 1369 1581 1400 εἰς
1604 1368 1650 1395 τὸν
1672 1370 1793 1405 κόσμον·
1821 1370 1890 1406 πρὸς

1103 1411 1132 1439 δέ
1157 1421 1188 1447 γε
1208 1412 1312 1448 τούτῳ,
1337 1413 1376 1440 ὅτι
1398 1414 1444 1440 καὶ
1461 1424 1470 1440 ι
1492 1412 1546 1441 τΗν
1565 1415 1593 1441 ὲν
1606 1414 1644 1450 τῷ
1657 1415 1752 1451 κόσμῳ
1769 1425 1779 1441 ι
1797 1416 1890 1451 φησιν,

1108 1467 1117 1484 r
1143 1458 1189 1485 καὶ
1210 1460 1224 1486 6
1247 1460 1349 1494 κόσμος
1367 1459 1402 1486 δι’
1425 1460 1506 1487 αύτοῦ
1525 1461 1646 1495 ἐγένετο.
1677 1470 1686 1486 ι
1715 1461 1784 1488 Ἀλλ’
1811 1459 1889 1489 εἶπεν

1103 1503 1136 1530 ἄν
1156 1513 1198 1537 τις
1213 1505 1291 1536 εὐθὺς
1309 1505 1373 1540 ἡμῖν
1397 1505 1451 1532 τῶν
1475 1506 1508 1532 δι’
1526 1507 1666 1539 ἐναντίας·
1688 1507 1719 1533 Εἰ
1743 1507 1799 1542 φῶς
1819 1505 1854 1543 ἦν
1876 1509 1891 1535 ό

1103 1549 1205 1584 Λόγος,
1222 1547 1245 1576 ὦ
1260 1547 1348 1584 οὗτοι,
1370 1551 1417 1578 καὶ
1440 1553 1464 1578 εἰ
1487 1552 1598 1587 φωτίζει
1625 1552 1724 1584 παντὸς
1745 1552 1890 1588 ἀνθρώπου

1101 1595 1226 1631 καρδίαν,
1245 1598 1284 1629 εἰς
1307 1597 1470 1632 θεογνωσίαν
1499 1597 1620 1634 δηλονότι
1646 1598 1694 1626 καὶ
1715 1599 1754 1631 εἰς
1779 1599 1888 1625 σύνεσιν

1099 1641 1334 1679 ἀνθρωποπρεπῆ,
1353 1645 1400 1671 καὶ
1414 1644 1494 1680 εἴπερ
1510 1642 1543 1680 ἦν
1558 1645 1602 1672 ἀεὶ
1617 1646 1646 1672 ὲν
1665 1645 1705 1681 τῷ
1719 1645 1825 1681 κόσμῳ,
1842 1646 1889 1672 καὶ

1099 1687 1180 1720 αὐτὸς
1204 1686 1238 1724 ἦν
1259 1690 1379 1725 ἐργάτης
1404 1691 1504 1724 αὑτοῦ,
1531 1691 1590 1724 πῶς
1612 1692 1751 1728 ἡγνοήθη,
1774 1694 1823 1719 καὶ
1848 1694 1888 1724 εἰς

1099 1734 1211 1769 χρόνους
1226 1735 1297 1762 οὕτω
1316 1737 1456 1772 μακροὺςς
1477 1738 1575 1765 οὐκοῦν
1592 1739 1643 1765 οὐκ
1666 1739 1808 1772 ἐφώτιζεν,
1832 1739 1888 1766 ἀλλ’

1098 1779 1159 1807 οὐδὲ
1175 1780 1243 1812 ὅλως
1260 1781 1366 1817 ὑπῆρχε
1381 1782 1410 1808 τὸ
1423 1782 1481 1817 φῶς
1493 1783 1584 1815 αὑτός.
1602 1783 1672 1818 Πρὸς
1686 1783 1718 1820 δὴ
1731 1783 1765 1810 1‘1
1776 1783 1888 1811 τοιαῦτα

1099 1826 1262 1862 θερμότερον
1273 1828 1287 1854 6
1299 1828 1421 1862 θεολόγος
1433 1828 1601 1862 ὑπαντιάζει,
1614 1829 1709 1864 λέγων’
1723 1839 1733 1856 ι
1744 1830 1773 1856 ’0
1786 1830 1887 1866 κόσμος

1098 1873 1180 1900 αὑτὸν
1201 1882 1253 1900 ουκ
1283 1873 1379 1908 Ervum
1393 1875 1450 1902 Οὐκ
1472 1876 1551 1907 αὐτὸς
1575 1875 1608 1902 δι’
1633 1875 1728 1902 ἑαυτὸν
1752 1877 1886 1913 ὴγνοήθη,

1098 1918 1196 1954 φησίν*
1213 1919 1344 1946 αἰτιάσθω
1358 1920 1386 1947 δὲ
1399 1921 1413 1946 ὁ
1426 1921 1528 1956 κόσμος
1546 1921 1594 1956 τὴν
1614 1921 1718 1949 οἰκείαν
1732 1922 1885 1951 ἀσθένειαν.

1097 1965 1211 1997 Φωτίζει
1231 1965 1279 2000 μὲν
1293 1966 1347 2001 γὰρ
1364 1966 1377 1992 6
1391 1966 1454 1998 Υἰὸς
1465 1986 1473 1998 ,
1500 1967 1672 2002 ἀπαμϐλύνει
1692 1968 1782 2003 δὲτὴν
1806 1969 1888 2004 χάριν

1097 2010 1114 2046 ἡ
1128 2011 1226 2042 κτίσις.
1248 2011 1414 2043 Ἐδανείζετο
1429 2012 1460 2038 τὸ
1473 2012 1591 2047 βλέπειν,
1603 2014 1647 2040 ἴνα
1661 2014 1707 2040 τὸν
1723 2013 1794 2040 κατά
1805 2014 1886 2049 φύσιν

1097 2057 1180 2092 νοήσῃ
1207 2057 1289 2090 Θεὸν,
1315 2059 1362 2084 καὶ
1391 2058 1577 2094 δεδαπάνηκεν
1603 2059 1716 2092 ἀσώτως
1743 2061 1775 2087 τὸ
1798 2060 1884 2093 δοθὲν,

1099 2102 1180 2138 μέχρι
1190 2104 1245 2129 τῶν
1258 2103 1419 2139 ποιημάτων
1430 2104 1526 2140 ἔστησε
1538 2106 1587 2141 τῆς
1600 2105 1715 2141 θεωρίας
1726 2105 1755 2132 τὸ
1769 2106 1883 2142 μέτρον·

1097 2149 1231 2184 ὲνάρκησε
1243 2149 1289 2175 τὸν
1304 2150 1431 2176 ἐπέκεινα
1449 2151 1559 2186 δρόμον,
1574 2151 1712 2187 κατέχωσε
1733 2152 1882 2188 ῥᾳθυμίαις

1097 2193 1143 2220 τὸν
1162 2194 1319 2230 φωτισμὸν,
1336 2195 1457 2231 ἠμέλησε
1477 2196 1523 2223 τοῦ
1541 2197 1730 2232 χαρίσματος,
1753 2198 1823 2233 ὅπερ
1841 2198 1883 2226 ἰνα

257 2241 410 2276 discipulus
430 2240 603 2267 adinOnetur.
618 2239 691 2266 Nihil
705 2247 769 2275 ergo
785 2239 818 2267 ad
836 2239 923 2266 lucem
941 2239 1045 2266 illumi-

1100 2238 1138 2273 μὴ
1152 2239 1243 2270 πάθοι,
1259 2240 1355 2274 νήφειν
1377 2241 1391 2267 6
1408 2240 1515 2272 Παῦλος
1530 2241 1636 2268 κελεύει
1659 2241 1698 2278 τῷ
1718 2243 1812 2278 οἰκείῳ
1832 2252 1883 2278 μα-

259 2290 386 2313 natorum
416 2285 590 2320 improbitas.
615 2284 851 2317 Quemadmodum
877 2285 950 2312 enim
977 2285 1046 2312 solis

257 2334 350 2361 iumen
368 2335 476 2360 cunctis
500 2331 636 2362 oboritur,
653 2331 699 2358 sed
717 2330 786 2358 nihil
804 2338 893 2358 cacus
919 2331 1046 2359 utilitatis

256 2378 322 2406 inde
347 2377 467 2412 accipit:
487 2383 542 2403 non
564 2380 656 2403 tamen
683 2375 801 2411 proinde
825 2382 1044 2404 consentaneum

256 2432 321 2452 esse
337 2423 441 2451 dixeris
456 2423 523 2450 solis
537 2430 669 2450 accusare
685 2422 857 2457 splendorem
872 2432 879 2450 :
905 2423 972 2458 quin
998 2431 1045 2459 po-

254 2471 313 2498 tius
335 2469 369 2496 ad
393 2469 536 2496 oculorum
559 2468 655 2496 vitium
672 2468 699 2495 id
724 2468 886 2497 referemus.
905 2469 954 2498 ille
970 2470 1043 2498 enim

254 2516 405 2547 illuminat,
418 2516 446 2542 lii
458 2515 546 2543 lucem
561 2523 616 2542 nou
633 2515 757 2550 capiunt;
773 2515 813 2543 sic
828 2516 910 2543 etiam
929 2517 962 2545 de
977 2516 1044 2544 Uni-

254 2561 349 2596 genito
366 2561 541 2589 statuendum
554 2561 685 2593 arbitror,
701 2561 829 2589 nimirum
848 2562 936 2597 ipsum
954 2564 1042 2590 lucem

252 2615 318 2636 esse
339 2616 445 2641 veram,
467 2608 516 2635 sed
544 2607 625 2635 deum
646 2607 727 2643 hujus
745 2609 850 2642 swculi,
867 2613 895 2636 ut
918 2610 1042 2644 loquitur

254 2647 368 2686 Paulus,
377 2661 529 2682 excmcasse
543 2658 648 2682 mentes
659 2653 818 2687 intldelium,
831 2662 864 2682 ne
876 2655 1041 2683 illuminatio

255 2699 421 2735 cognitionis
435 2699 536 2727 divinat
557 2699 584 2727 in
601 2700 667 2734 ipsis
692 2699 793 2735 fulgeat
807 2700 839 2727 η.
865 2699 1038 2728 Excmcatum

252 2749 344 2772 autem
370 2745 415 2772 hic
441 2745 558 2773 dicimus
575 2744 725 2778 hominem,
743 2754 797 2773 non
811 2745 884 2781 quod
899 2747 980 2781 plane
1001 2747 1038 2775 sit

255 2788 320 2817 luce
345 2791 459 2818 orbatus
486 2791 621 2826 (servatur
637 2790 710 2819 enim
735 2791 763 2818 in
789 2795 888 2818 natura
907 2791 1040 2821 divinitus

285 2875 309 2899 "
326 2879 336 2907 1
354 2879 424 2908 Tim.
445 2890 481 2914 iv,
514 2883 554 2910 lt.
611 2883 631 2898 "'
660 2881 681 2909 ll
710 2882 774 2911 Cor.
796 2891 832 2916 iv,
854 2884 879 2911 4.

1097 2286 1164 2323 θητῇ
1177 2295 1184 2301 ·
1202 2288 1277 2314 οὐδὲν
1299 2286 1345 2315 οὖν
1360 2288 1413 2324 ἄρα
1427 2289 1495 2325 πρὸς
1510 2289 1540 2316 τὸ
1557 2289 1614 2324 φῶς
1633 2290 1649 2325 ή
1667 2289 1721 2316 τῶν
1737 2291 1884 2324 φωτισθέν-

1095 2341 1150 2359 των
1163 2334 1308 2369 φαυλότης.
1320 2335 1424 2370 Ὂνπερ
1435 2335 1489 2371 γὰρ
1503 2335 1725 2372 τρόπον,ἀνίσχει
1738 2337 1786 2372 μὲν
1799 2337 1884 2364 ἅπασι

1095 2378 1142 2405 τοῦ
1159 2379 1233 2415 ἡλίου
1249 2381 1278 2406 τὸ
1296 2381 1364 2415 φῶς,
1381 2381 1526 2416 ὠφελεῖται
1536 2382 1565 2409 δὲ
1580 2382 1654 2409 οὐδὲν
1671 2383 1686 2409 6
1697 2383 1807 2418 τυφλὸς,
1826 2383 1883 2410 ἀλλ’

1096 2425 1126 2451 οὺ
1142 2425 1187 2452 διὰ
1201 2426 1280 2453 τοῦτο
1292 2427 1340 2462 τῆς
1355 2427 1470 2464 ἡλιακῆς
1494 2428 1526 2455 ἂν
1547 2428 1664 2462 εὐλόγως
1680 2429 1884 2464 κατηγορῆσαι-

1098 2480 1148 2506 μεν
1166 2472 1268 2507 αὐγῆς·
1294 2473 1482 2508 αἰτιασώμεθα
1505 2474 1532 2500 δὲ
1554 2474 1653 2509 μᾶλλον
1677 2473 1707 2501 τὸ
1727 2475 1778 2508 τῆς
1794 2470 1883 2510 Mem;

1097 2518 1182 2550 πάθος
1201 2520 1228 2554 (ἡ
1253 2520 1302 2554 μὲν
1324 2520 1378 2555 γὰρ
1401 2520 1549 2555 ἐφώτιζεν,
1577 2521 1594 2556 ὴ
1618 2520 1646 2547 δὲ
1671 2521 1716 2547 τὸν
1742 2521 1883 2557 φωτισμὸν

1094 2564 1144 2591 οὐκ
1156 2565 1285 2601 ὲδὲχετο)·
1298 2565 1385 2599 οὕτως
1394 2564 1470 2601 οἶμαι
1481 2567 1535 2594 δεῖν
1547 2567 1593 2593 καὶ
1604 2567 1649 2593 ἐπὶ
1659 2567 1706 2593 τοῦ
1714 2567 1882 2601 Μονογενοῦς

1094 2609 1203 2643 ἐννοεῖν,
1221 2611 1261 2638 ὅτι
1280 2611 1337 2646 φῶς
1352 2611 1402 2647 μέν
1410 2613 1468 2639 ἐστι
1482 2612 1512 2639 τὸ
1525 2611 1661 2648 ἀληθινὸν,
1675 2612 1689 2638 6
1706 2612 1733 2638 δὲ
1753 2612 1821 2644 Θεὸς
1834 2610 1880 2639 τοῦ

1093 2655 1191 2688 αἰῶνος
1205 2657 1312 2690 τούτου,
1329 2657 1400 2684 καθὰ
1414 2659 1460 2685 καὶ
1480 2659 1494 2684 6
1509 2657 1614 2690 Παῦλός
1633 2666 1725 2693 φησιν,
1741 2657 1879 2692 ἐτύφλωσε

1091 2701 1126 2728 τὰ
1147 2703 1270 2737 νοήματα
1291 2703 1344 2730 τῶν
1367 2704 1498 2737 ἀπίστων,
1512 2705 1552 2737 εἰς
1569 2703 1601 2732 τὸ
1616 2704 1653 2740 μὴ
1670 2704 1817 2738 διαυγὰσαι
1834 2705 1879 2731 τὸν

1091 2748 1229 2784 φωτισμὸν
1242 2749 1271 2775 ὲν
1282 2749 1373 2781 αὐτοῖς
1386 2750 1436 2785 τῆς
1447 2749 1574 2784 γνώσεως
1585 2750 1632 2778 τοῦ
1646 2749 1724 2777 Θεοῦ.
1736 2749 1878 2784 Τύφλωσιν

1092 2795 1121 2822 δέ
1138 2804 1228 2830 φαμεν
1250 2795 1299 2832 τὴν
1313 2798 1341 2823 ὲν
1358 2796 1462 2830 τούτοις
1483 2798 1632 2834 ύποττῆναι
1657 2797 1702 2824 τὸν
1722 2796 1875 2832 ἄνθρωπον,
