2030 3122
98 209 102 212 .
148 183 202 212 NQ

702 184 734 211 IN
750 184 892 212 JO.\NNIS
913 185 1137 214 EVANGELIUM
1158 185 1221 213 LIB.
1239 185 1259 212 i.

1734 185 1744 210 1
1752 185 1786 213 :‘-'0

148 233 200 258 οὐκ
227 231 267 264 είς
288 231 436 267 ὁλόκληρον
458 231 505 260 τοῦ
521 211 626 267 ⁸φωτὸς
656 233 775 268 ἐρημίαν
797 234 938 269 ἐρχόμενοι

996 234 1058 262 data
1073 232 1277 269 intelligentia),
1294 233 1341 260 sed
1355 232 1429 268 quod
1449 232 1555 260 inertia:
1566 231 1661 260 habitu
1677 221 1787 261 exstm-i

150 277 279 312 (σώζεται
301 277 357 313 γὰρ
376 279 406 304 ὲν
420 279 453 313 τῇ
471 277 549 313 φύσει
569 278 676 310 πάντως
691 280 706 313 ὴ
727 279 864 309 Θεόσδοτος
879 278 943 305 σύν-

149 327 237 357 εσις)·
252 323 310 350 ἀλλ’
323 325 362 355 είς
378 323 435 356 ἕξιν
447 323 639 359 ἁμαθεστέραν
655 324 942 361 κατασῦεν[ν]ύμενον,

149 371 199 397 καὶ
212 370 273 402 ταῖς
287 370 335 397 ἐπὶ
349 370 383 397 τὰ
400 371 483 408 χείρω
495 373 692 406 ’παρατροπαῖς
705 371 944 408 καταμαραίνοντά

150 424 211 447 πως
230 416 278 442 καὶ
304 417 495 452 κατατήκοντα
515 417 545 444 τὺ
561 418 611 452 τῆς
634 417 745 453 χάριτος
768 418 882 454 μέτρον⁸
900 419 943 446 διὰ

149 462 230 488 τοῦτο
251 462 298 489 καὶ
316 463 329 489 6
351 461 505 498 σοφώτατος
522 463 647 500 Μελῳδδς
661 484 668 496 ,
691 465 735 491 ὅτε
756 465 801 491 τὸν
823 465 943 492 τοιοῦτον

149 508 216 543 ἡμῖν
241 508 385 544 ἄνθρωπον
406 509 598 545 ὑποκρίνεται,
622 511 683 537 τότε
706 511 738 547 δὴ
761 511 808 538 καὶ
829 512 944 544 δικαίως

149 555 388 588 καταφωτίζεσθαι
405 556 575 591 παρακαλεῖ,
602 557 689 592 λέγων
712 558 750 590 ὡς
775 559 843 595 πρὸς
858 559 941 586 Θεόνυ

152 609 163 626 ι
184 601 372 636 ’Δποκάλυψον
386 601 449 634 τοὺς
464 602 620 638 ὀφθαλμούς
640 613 702 639 μου,
720 604 767 631 uati.
781 607 943 641 κατανοήσω

149 647 184 675 τὰ
195 648 334 683 θαυμάσια
355 657 401 675 σου
421 650 453 675 ὲκ
472 649 518 675 τοῦ
533 650 615 685 νόμου
631 659 696 677 σου·
715 661 724 677 ι
740 651 822 687 νόμον
835 652 888 688 γὰρ
904 653 943 684 εἰς

150 693 277 730 βοήθειαν
293 694 391 728 ἔδωκε,
412 695 442 721 τὸ
455 695 526 722 θεῖον
547 696 576 722 ὲν
595 697 662 732 ἡμῖν
685 698 943 734 ἀναζωπυρήσαντα

150 741 227 774 φῶς,
262 741 307 768 καὶ
342 741 436 777 ὥσπερ
467 742 529 770 τινὰ
553 742 644 779 λήμην
670 744 725 771 τῶν
751 745 801 780 τῆς
830 745 943 780 καρδίας

148 785 297 820 ὀφθαλμῶν
328 786 530 822 ὲκκαθαίροντα
553 788 599 815 τὸν
626 789 655 822 ἐξ
683 790 800 824 ἀρχαίας
824 791 942 826 ἀμαθίας

149 832 340 867 ὲπισκήψαντα
366 834 522 870 σκοτισμόν.
557 835 733 872 ’Δχαριστίας
752 834 798 863 οὗν
822 836 879 872 ἅμα
896 838 943 864 καὶ

149 879 330 914 ἀναισθησίας
345 880 360 906 6
374 881 475 916 κόσμος
497 881 527 908 ἐν
548 881 654 913 τούτοις
671 882 802 917 ὑπομένει
820 883 939 919 γραφὴν,

148 925 197 952 καὶ
210 924 255 952 τδν
279 926 378 953 οἰκεῖον
400 927 538 962 ἀγνοήσας
559 928 751 963 γενεσιουργδν
762 948 768 959 ,
790 929 836 955 καὶ
850 930 894 956 τὸν
909 931 940 957 ἐκ

147 971 196 998 τοῦ
212 972 381 1006 πεφωτισθαι
394 973 500 1009 καρπὸν
521 974 570 1000 οὐκ
594 974 696 1008 ἀγαθὸν
717 975 870 1008 ἐπιδείξας.
896 976 939 1003 ἵνα

148 1018 267 1054 φανῆται
282 1017 375 1045 λοιπὸν
395 1020 437 1046 ἐπ’
455 1019 530 1055 αὐτῷ
546 1021 658 1047 κάκεῖνο
681 1021 761 1048 πάλιν
781 1022 889 1058 ἀληθὲς,
909 1022 939 1049 τδ

147 1063 191 1097 ἐφ’
203 1064 277 1096 υἱοῖς
296 1064 404 1101 Ἰσραὴλ
424 1065 468 1092 διὰ
491 1067 666 1102 προφητικῆς
681 1067 810 1103 ᾀδόμενον
832 1068 936 1102 φωνῆς·

149 1116 160 1132 l
181 1107 297 1143 Ἔμεινα
311 1108 357 1136 τοῦ
379 1110 491 1145 ποιῆσαι
509 1111 648 1146 σταφυλὴν
660 1132 667 1144 ,
684 1111 796 1147 ἐποίησε
811 1112 839 1139 δὲ
853 1113 938 1140 ἀκάν-

144 1151 209 1185 θας.
229 1163 239 1180 ι
257 1151 311 1181 Ἦν
334 1154 388 1191 γὰρ
407 1155 491 1187 ὖντως
511 1157 525 1182 6
553 1156 600 1182 τοῦ
625 1157 795 1190 πεφωτίςθαι
821 1157 936 1193 καρπὸς,

145 1199 164 1234 ή
180 1199 282 1235 ἀληθὴς
308 1202 372 1237 περὶ
396 1200 442 1228 τοῦ
457 1201 626 1236 Μονογενοῦς
641 1202 767 1238 διάληψις
778 1223 785 1234 ,
812 1204 935 1239 σταφυλή

994 284 1095 316 guatur
1116 287 1148 307 ea
1172 279 1229 310 lux,
1246 283 1272 306 et
1293 279 1472 306 conversione
1493 278 1526 306 ad
1545 279 1608 306 vitia
1631 283 1783 307 marcescat

994 325 1088 362 gratiae
1101 325 1198 353 modus
1217 331 1298 361 atque
1312 325 1501 353 contabescat.
1521 325 1655 358 Quocirca
1674 325 1782 360 sapien-

995 373 1126 401 tissimus'
1145 372 1301 404 Psalmista,
1321 372 1475 400 istiusmodi
1489 372 1608 399 hominis
1634 379 1781 409 personam

994 418 1160 454 agens,jure
1174 425 1188 445 a
1206 418 1261 446 Deo
1273 418 1427 445 illmninari
1443 418 1511 452 petit
1525 418 1568 445 his
1583 418 1690 446 verbis:
1703 427 1712 444 ι
1729 417 1783 445 Re-

994 466 1053 493 vela
1069 465 1164 493 oculos
1181 473 1267 498 meos,
1284 469 1311 492 et
1326 463 1508 491 considerabo
1522 463 1656 490 mirabilia
1674 464 1708 491 de
1724 464 1782 498 lege

994 516 1042 539 tua
1057 513 1091 540 ‘9.
1111 521 1120 537 ι
1137 511 1236 546 Legem
1254 511 1355 546 quippe
1369 511 1395 538 in
1414 510 1546 537 auxilium
1565 509 1651 540 dedit.
1664 517 1722 544 qua:
1741 509 1782 536 di-

993 561 1087 588 vinum
1107 560 1134 587 in
1158 560 1237 586 nobis
1257 559 1349 586 lumen
1371 559 1483 590 excitet,
1501 561 1528 584 et
1541 557 1644 584 veteris
1667 557 1782 584 insritia:

994 607 1139 642 caliginem
1148 615 1197 635 ceu
1214 606 1405 641 lippitudinem
1419 605 1566 640 quamdam
1579 612 1610 632 ex
1622 604 1710 631 oculis
1723 611 1795 642 ρον-η

993 653 1036 681 dis
1053 653 1186 687 detergat.
1214 651 1314 687 Ingrati
1331 659 1398 686 ergo
1413 651 1498 678 animi
1519 654 1547 678 et
1566 649 1689 685 stuporis
1704 657 1783 676 mun-

993 698 1046 726 dus
1062 698 1108 725 hic
1125 697 1290 733 postulatur,
1308 697 1354 732 qui
1372 701 1398 724 et
1413 705 1492 724 suum
1509 699 1648 723 auctorem
1671 695 1783 730 ignora-

993 745 1041 777 vit,
1059 748 1085 772 et
1100 744 1309 771 illuminationis
1322 751 1381 771 suae
1399 743 1518 770 fructum
1539 750 1592 769 non
1610 743 1710 769 bonum
1725 741 1783 769 edi-

993 791 1042 822 dit,
1061 794 1092 817 ut
1112 789 1178 817 illud
1196 790 1230 818 de
1247 790 1307 825 ipso
1323 790 1432 817 demum
1455 789 1518 824 jure
1539 789 1591 816 dici
1608 788 1695 823 possit
1710 787 1782 823 quod

993 836 1026 864 de
1044 835 1107 863 ﬁliis
1122 835 1205 862 israel
1229 835 1390 870 prophetica
1412 842 1480 862 voce
1499 833 1684 869 praedicatur:
1704 844 1713 858 ι
1730 832 1781 859 Er-

993 882 1114 917 spectavi
1131 881 1360 909 utfaceretuvam
1377 884 1404 908 et
1417 879 1480 907 fecit
1493 879 1629 914 spinas".
1640 888 1648 904 ι
1664 878 1782 906 Fructus

993 929 1066 956 enim
1096 927 1307 955 illuminationis
1334 926 1432 958 istius,
1460 925 1599 961 Unigenili
1626 929 1700 952 certe
1724 929 1783 952 erat

993 974 1104 1010 agnitio,
1121 981 1175 1000 non
1193 981 1274 1001 secus
1296 980 1329 1000 ac
1340 980 1402 1005 uva,
1429 980 1462 1000 ex
1484 972 1605 999 hominis
1631 974 1722 999 mente
1742 970 1781 997 ni-

992 1020 1092 1047 mirum
1114 1027 1163 1047 ceu
1192 1019 1319 1046 malleolo
1342 1019 1474 1053 pendens.
1497 1025 1551 1045 non
1565 1021 1658 1045 autem
1679 1017 1724 1044 illa
1741 1021 1782 1044 te-

992 1067 1117 1099 meritas,
1137 1074 1197 1101 quae
1214 1065 1353 1092 hominum
1370 1073 1456 1101 genus
1473 1065 1505 1092 ad
1525 1064 1693 1092 astruendos
1712 1064 1782 1091 mul-

991 1111 1100 1146 tiplices
1122 1111 1189 1139 deos
1211 1112 1356 1146 pertrahit,
1377 1111 1465 1138 instar
1491 1111 1621 1138 aculeata?
1642 1111 1730 1146 spina:
1754 1110 1780 1138 in

992 1157 1073 1185 nobis
1090 1157 1232 1185 suboritur
1250 1161 1278 1185 et
1302 1156 1424 1184 animum
1440 1157 1583 1184 erroribus
1610 1157 1644 1183 ad
1665 1161 1779 1184 mortem

990 1204 1126 1231 vulnerat.

145 1256 189 1280 τις
209 1247 304 1284 ὥσπερ
333 1250 495 1285 κληματίδος
521 1250 703 1286 ἐξηρτημένη,
724 1253 774 1287 τῆς
799 1251 943 1286 ἀνθρώπου
962 1252 1092 1284 διανοίας,
1109 1251 1190 1288 φημὶ,
1215 1252 1260 1278 καὶ
1277 1251 1338 1287 οὐχὶ
1351 1250 1382 1278 τὸ
1397 1251 1528 1283 ὲναντίον,
1545 1251 1561 1286 ὴ
1580 1251 1619 1283 εἰς
1652 1250 1782 1278 πολύθεον

144 1292 262 1320 ἕλκουσα
282 1293 384 1330 πλάνην
401 1293 527 1328 ἀϐουλία,
551 1295 640 1328 ὀξείας
664 1295 786 1331 ἀκάνθης
808 1296 886 1332 δίκην
906 1297 935 1322 ὲν
954 1297 1022 1332 ἡμῖν
1036 1297 1228 1329 ἀνατέλλουσα,
1244 1298 1291 1324 καὶ
1303 1297 1460 1333 πλήττουσα
1489 1298 1558 1333 πρὸς
1590 1296 1706 1324 Θάνατον
1721 1298 1781 1332 ταῖς

144 1338 266 1372 ἀπάταις
278 1339 323 1373 τὸν
335 1339 408 1367 νοῦν.

177 1388 231 1421 Εἰς
249 1387 285 1415 τὰ
304 1387 365 1415 ἴδια
380 1386 471 1424 ἦλθε,
489 1388 538 1417 καί
556 1389 584 1418 ol
604 1388 673 1417 ἴδιοι
697 1389 789 1417 αὐτὸν
812 1390 848 1417 οὺ
867 1397 941 1424 πσρ-

144 1433 266 1461 ἔλαϐον.

187 1479 334 1506 Ἐπιτείνει
354 1480 402 1516 τὴν
417 1480 565 1515 ἀπολογίαν
579 1482 593 1508 6
617 1480 817 1516 εύαγγελιστὴς
834 1480 882 1508 τοῦ
901 1481 939 1516 μὴ

144 1526 297 1561 ἐγνωκέναι
317 1527 362 1554 τὴν
387 1527 489 1562 κόσμον
515 1528 562 1554 τὸν
586 1527 739 1562 φωτίζοντα
755 1527 845 1561 αὐτὸν,
866 1528 938 1554 τοῦτ’

144 1572 203 1624 εστι
215 1592 235 1624 ,ι
246 1573 291 1600 τὸν
307 1572 463 1609 Μονογενῆ,
489 1573 537 1600 καὶ
553 1573 608 1600 ἀπὸ
629 1575 678 1609 τῆς
701 1574 820 1609 χείρονος
839 1574 893 1601 τῶν
909 1574 938 1606 ἐξ
951 1596 972 1624 c

151 1617 260 1654 Ἰσραὴλ
284 1618 433 1654 ἁμαρτίας,
454 1619 501 1645 καὶ
521 1618 555 1645 τὰ
578 1619 632 1646 τῶν
659 1619 745 1646 ἐθνῶν
773 1620 936 1656 ἐγκλήματα

146 1663 290 1698 κρατύνειν
302 1665 453 1698 ἐπείγεται,
469 1665 516 1692 καὶ
527 1666 576 1701 τὴν
588 1665 782 1701 ὲπισκὴψασαν
791 1667 830 1701 τῷ
842 1666 937 1702 κόσμῳ

145 1709 311 1745 δυσμαθείας
325 1719 354 1736 τε
379 1711 446 1746 ὁμοῦ
461 1712 506 1738 καὶ
520 1711 660 1744 ἀπειθείας
674 1712 838 1739 ἐπιδεικνύει
850 1713 936 1740 νόσον.

145 1757 318 1792 Εὐαφόρμως
332 1758 361 1784 δὲ
374 1758 435 1785 λίαν
446 1759 486 1790 είς
499 1758 544 1785 τὸν
559 1759 624 1795 περὶ
638 1758 688 1794 τῆς
702 1760 938 1795 ὲνανθρωπὴσεως

145 1803 298 1830 εἰσελαύνει
313 1803 408 1838 λόγον,
429 1804 476 1831 καὶ
495 1804 629 1841 καθέρπει
652 1805 745 1832 λοιπὸν
766 1805 795 1838 ἐξ
817 1806 937 1841 ἀκράτου

146 1849 286 1884 θεολογίας
307 1851 347 1882 είς
369 1850 498 1887 ἐξήγησιν
513 1851 668 1888 οἰκονομίας
683 1851 733 1888 τῆς
750 1851 819 1888 μετά
833 1851 938 1888 σαρκώ-

147 1904 225 1928 σεως,
242 1897 275 1932 ἣν
287 1898 435 1932 ἐποιήσατο
447 1897 480 1924 δι’
495 1899 567 1933 ἡμᾶς
583 1899 596 1924 ὁ
614 1898 688 1930 Υἱός.
704 1898 867 1933 Θαυμαστὸν
883 1897 937 1934 γὰρ

145 1942 231 1975 οὐδὲν,
249 1944 273 1970 εἰ
289 1943 326 1978 μὴ
347 1943 432 1978 ἔγνω,
453 1944 550 1980 φησὶν,
572 1945 586 1971 ὁ
605 1945 708 1980 κόσμος
725 1944 770 1971 τὸν
783 1944 936 1980 Μονογενῆ,

145 1989 195 2024 τῆς
215 1989 266 2025 μὲν
286 1989 422 2026 ἀνθρώπῳ
435 1990 593 2027 πρεπούσης
624 1991 759 2023 συνέσεως
773 1991 939 2028 ἐκδεδρᾳμψ

146 2034 210 2067 κὼς,
227 2035 274 2061 καὶ
294 2036 335 2062 ὄτι
353 2036 401 2071 μὲν
419 2037 447 2063 ἐν
464 2038 533 2072 τιμῇ
554 2037 585 2063 τέ
607 2038 665 2063 ἐστι
687 2038 733 2063 καὶ
755 2037 868 2072 γέγονεν
887 2037 938 2064 οὐκ

146 2081 234 2113 εἰδὼς,
253 2081 439 2117 παραϐληθείς
461 2091 491 2109 τε
515 2084 571 2114 τοῖς
589 2084 702 2118 κτήνεσι
724 2084 779 2115 τοῖς
800 2083 935 2119 ἀνοήτοις,

145 2127 272 2162 καθάπερ
288 2125 334 2154 οὖν
348 2128 395 2154 καὶ
415 2129 429 2154 6
445 2128 515 2160 θεῖος
531 2128 631 2163 ἔφασκε
647 2129 789 2164 Μελῳδὺς,
806 2130 873 2156 ὅπου
890 2130 937 2156 καὶ

145 2173 225 2205 αὐτὸς
243 2175 257 2200 6
277 2175 427 2210 προσήκειν
449 2175 521 2208 ἰδίως
542 2176 618 2212 αύτῴ
643 2176 719 2212 παρὰ
742 2177 809 2203 πᾶσι
831 2177 936 2212 νοηθεὶς

144 2219 208 2252 λαὸς
236 2220 401 2249 ἀπεσείσατο
427 2222 551 2258 παρόντα
578 2222 648 2257 μετά
671 2223 789 2258 σαρκὸς,
815 2224 861 2250 καὶ
890 2223 936 2250 ἐπὶ

1026 1386 1115 1427 89],
1130 1387 1173 1416 Η.
1185 1387 1218 1415 lu
1232 1388 1340 1424 propria
1352 1388 1419 1416 venit
1440 1392 1465 1416 et
1481 1388 1524 1415 sui
1536 1396 1594 1415 eum
1609 1397 1660 1416 non
1680 1395 1781 1424 recept»

990 1438 1061 1466 runt,
1535 1427 1538 1430 6

1025 1481 1121 1518 Pergit
1136 1480 1302 1516 evangelista
1316 1480 1343 1508 in
1355 1480 1497 1509 reddenda
1511 1481 1627 1513 ratione.
1641 1489 1693 1509 cur
1706 1490 1780 1510 mun-

990 1526 1041 1554 dus
1057 1534 1111 1554 non
1127 1526 1269 1562 agnoverit
1284 1533 1346 1553 eum
1363 1534 1378 1553 a
1394 1534 1450 1562 quo
1467 1527 1649 1560 illuminatur.
1669 1529 1721 1556 hoc
1737 1536 1780 1556 est

992 1573 1179 1608 Unigenitum,
1207 1575 1235 1600 et
1257 1572 1398 1608 proposito
1418 1573 1536 1608 graviori
1559 1579 1671 1609 peccato
1694 1575 1780 1603 lsrae«

989 1619 1111 1652 litarum,
1137 1619 1258 1655 gentium
1276 1620 1505 1659 quoquqculpam
1529 1621 1693 1648 conﬁrmare
1715 1621 1780 1648 niti-

988 1669 1044 1698 turl
1058 1670 1084 1693 et
1103 1665 1263 1693 incubuisse
1284 1666 1384 1692 mundo
1400 1666 1516 1693 inscitiae
1534 1666 1615 1694 simul
1640 1670 1667 1694 et
1690 1667 1780 1694 incre-

989 1713 1114 1741 dulitatis
1134 1714 1260 1741 morbum
1282 1713 1415 1741 ostendit.
1439 1713 1521 1741 Valde
1542 1717 1632 1741 autem
1655 1714 1780 1749 apposite

989 1759 1022 1786 ad
1036 1758 1204 1786 mentionem
1219 1758 1253 1786 dc
1269 1759 1461 1787 incarnatione
1483 1759 1635 1787 faciendam
1652 1759 1738 1793 subit,
1753 1764 1780 1787 et

988 1812 1003 1831 a
1024 1805 1172 1840 purissima
1198 1805 1244 1832 illa
1269 1805 1406 1840 theologia
1430 1805 1527 1840 irrepit
1550 1806 1660 1834 demum
1679 1806 1712 1833 ad
1731 1814 1780 1834 ex-

988 1851 1143 1887 plicandam
1179 1852 1381 1880 incarnationis
1407 1852 1666 1888 dispensationem,
1696 1859 1778 1887 quam

989 1899 1100 1929 propter
1116 1901 1166 1921 nos
1192 1895 1258 1923 fecit
1281 1894 1379 1925 Filius.
1404 1895 1503 1922 Mirum
1522 1896 1624 1931 quippe
1639 1896 1706 1923 nihil
1721 1900 1778 1927 est.

989 1940 1088 1976 inquit,
1107 1941 1131 1968 si
1149 1940 1268 1968 mundus
1287 1940 1467 1976 Unigenitnm
1487 1950 1542 1969 non
1562 1942 1717 1977 agnoverit,
1732 1945 1779 1978 qui

988 1995 1003 2014 a
1017 1991 1093 2015 recta
1110 1987 1282 2022 intelligendi
1298 1988 1340 2014 via
1357 1987 1545 2020 deﬂexeril,et
1562 1996 1620 2016 suae
1635 1988 1778 2025 dignitatis

989 2034 1101 2070 ignarus
1118 2037 1294 2068 comparatus
1313 2034 1348 2061 sit
1369 2033 1504 2068 iumentis
1523 2035 1729 2070 insipientibus,
1749 2041 1780 2064 ut

988 2082 1099 2109 divinus
1117 2081 1263 2109 Psalmista
1280 2082 1381 2109 cecinit
1397 2081 1430 2114 “,
1447 2089 1510 2109 cum
1532 2082 1589 2116 ipse
1604 2091 1715 2118 quoque
1732 2091 1780 2119 po-

988 2129 1080 2164 pulus,
1110 2136 1190 2162 quem
1215 2128 1266 2155 sibi
1294 2136 1349 2163 pne
1374 2128 1483 2155 caeteris
1505 2129 1672 2163 peculiarem
1696 2130 1779 2166 elegit

990 2175 1071 2206 Deus,
1089 2175 1115 2202 in
1135 2183 1219 2202 carne
1244 2177 1406 2209 praesentem
1435 2174 1579 2209 ahjecerit,
1598 2179 1624 2202 et.
1645 2183 1709 2202 eum
1731 2178 1778 2212 qui

987 2222 1021 2249 ad
1039 2222 1161 2248 omnium
1187 2221 1302 2249 salutem
1327 2222 1475 2249 advenerat
1498 2221 1624 2256 excipere
1646 2223 1778 2255 noluerit,

145 2267 270 2304 σωτηρίᾳ
285 2269 395 2295 πάντων
412 2269 622 2304 ἐπιδημήσαντα
639 2268 731 2295 λαϐεῖν
745 2270 794 2296 οὐκ
806 2269 934 2304 ἠθέλησε,

990 2268 1114 2302 quamvis
1136 2267 1215 2295 [ideal
1239 2275 1323 2302 regno
1345 2268 1477 2294 cmlorum
1501 2274 1699 2296 remuneraret.
1723 2269 1779 2296 Διί--

143 2314 191 2349 τὴν
203 2313 258 2341 τῶν
269 2315 392 2351 οὐρανῶν
405 2315 545 2351 βασιλείαν
559 2315 609 2350 τῆς
625 2315 742 2347 πίστεως
758 2315 935 2343 ἀντιδιδόντα.

150 2362 291 2398 Ἐπιτήρει
306 2362 334 2389 δὲ
350 2363 423 2394 ὅπως
443 2362 554 2396 γέγονεν
569 2361 693 2397 ἁςιραλὴς
709 2363 723 2388 ὁ
745 2362 809 2398 περὶ
833 2363 936 2390 τούτων

143 2408 230 2442 λόγος.
249 2408 301 2435 Τοῦ
321 2409 370 2444 μὲν
390 2408 444 2444 γὰρ
460 2409 562 2443 κόσμου
585 2407 615 2434 τὸ
640 2407 761 2442 μηδόλως
783 2408 933 2442 ἐγνωκέναι

143 2454 188 2482 τδν
215 2454 368 2489 φωτίζοντα
388 2455 547 2490 κατηγορεῖ.
563 2453 728 2489 συγγνώμην
750 2453 844 2490 ὥσπερ
859 2453 934 2489 αὐτῷ

142 2500 255 2533 δικαίως
265 2501 309 2528 διὰ
323 2499 418 2527 τούτου
433 2501 706 2536 πραγματευόμενος,
722 2499 770 2526 καὶ
784 2500 833 2536 τῆς
848 2500 933 2527 δοθεί-

144 2555 193 2582 σης
206 2547 281 2582 αὐτῷ
292 2546 402 2583 χάριτος
413 2546 538 2582 ἀφορμὰς
549 2546 675 2581 εὐλόγους
685 2546 932 2583 προδιοικούμενος·

143 2593 187 2620 ἐπὶ
200 2593 228 2620 δέ
243 2602 276 2628 γε
291 2593 346 2622 τῶν
361 2592 391 2626 ἐξ
411 2592 529 2632 Ἰσραὴλ,
546 2593 570 2620 οἳ
590 2595 637 2621 καὶ
653 2595 682 2621 ὲν
699 2593 778 2629 μέρει
793 2593 847 2620 τῶν
860 2593 933 2626 ίδίως

143 2639 216 2674 αὐτῷ
231 2639 423 2675 προσηκόντων
434 2640 604 2674 ἐτετάχαντο,
628 2639 659 2666 τὸ
673 2649 682 2667 ι
696 2640 733 2666 Οὺ
750 2639 905 2675 παρέλαϐον
921 2649 930 2666 ι

143 2685 248 2721 τίθησιν
261 2694 268 2701 '
286 2686 317 2712 οὐ
336 2686 390 2721 γὰρ
404 2684 437 2721 ἦν
451 2685 618 2722 ἀληθεύοντα
629 2686 734 2720 λέγειν,
756 2695 764 2711 ι
779 2687 834 2713 Ούκ
849 2685 934 2721 ἔγνω-

144 2740 202 2763 σαν,
220 2742 229 2758 ι
243 2732 327 2767 νόμον
352 2732 401 2767 μὲν
421 2731 598 2768 ἀρχαιοτέρου
614 2731 806 2768 κηρύττοντος,
827 2740 933 2767 προφη-

143 2778 195 2804 τῶν
209 2778 237 2805 δὲ
253 2778 308 2804 τῶν
325 2779 384 2814 μετ’
401 2779 503 2805 ἐκεῖνον
519 2778 762 2813 παιδαγωγούντων
777 2779 876 2810 αὐτοὺς
887 2777 933 2804 ἐπὶ

143 2823 190 2859 τὴν
202 2824 252 2859 τῆς
266 2823 397 2860 ἀληθείας
411 2824 572 2860 κατάληψιν.
585 2824 693 2852 Δίκαιον
703 2822 749 2851 οὖν
762 2825 817 2860 ἄρα
828 2823 874 2850 καὶ
887 2823 931 2850 ἐπ’

183 2913 203 2929 ¹⁹
221 2914 294 2942 Psal.
310 2921 411 2948 cxvm,
432 2914 471 2942 18.
511 2915 533 2931 '°
552 2914 605 2943 lsa.
633 2924 660 2948 v,
675 2916 702 2942 ἓ.

988 2319 1062 2341 verte
1083 2322 1148 2341 vero
1162 2322 1243 2349 quam
1263 2306 1351 2342 solida
1370 2315 1425 2342 sint
1445 2322 1476 2342 ea
1500 2323 1561 2351 qua;
1587 2316 1631 2343 hic
1648 2316 1682 2344 ab
1696 2324 1778 2343 evan-

988 2361 1083 2395 gelista
1105 2361 1244 2388 dicuntur.
1271 2361 1400 2388 Simulum
1427 2367 1559 2395 accusat,
1585 2362 1657 2397 quod
1677 2363 1779 2391 illumi-

987 2411 1097 2434 nantem
1123 2407 1197 2434 nullo
1219 2407 1301 2435 modo
1319 2409 1489 2443 cognoverit.
1511 2409 1615 2442 justam
1631 2409 1654 2437 ei
1672 2410 1778 2437 veniam

988 2451 1039 2478 hoc
1055 2455 1135 2486 pacto
1150 2452 1233 2479 veluti
1248 2460 1383 2488 quarens,
1395 2458 1421 2481 et
1434 2455 1628 2482 excusationes
1643 2455 1778 2490 legitimas

988 2497 1058 2526 datae
1070 2499 1094 2525 ei
1112 2499 1208 2532 gratia:
1222 2503 1342 2526 struens.
1372 2500 1408 2526 De
1430 2500 1559 2527 lsraelitis
1573 2509 1645 2532 vero.
1662 2510 1731 2535 quos
1750 2502 1776 2529 in

985 2544 1151 2579 peculiarem
1171 2549 1271 2572 sortem
1298 2546 1349 2573 sibi
1381 2545 1452 2573 Deus
1484 2546 1633 2578 aseiverat,
1662 2548 1774 2575 scribit:

988 2602 997 2618 ι
1015 2591 1072 2619 Νοη
1090 2595 1262 2627 receperunt.
1284 2601 1292 2617 ι
1307 2591 1366 2618 Νοιι
1382 2592 1454 2618 enim
1474 2601 1537 2620 vere
1550 2593 1642 2620 dicere
1659 2598 1775 2628 poterat.

988 2647 998 2665 ι
1017 2638 1076 2666 Non
1100 2643 1298 2674 cognoverunt,
1316 2647 1325 2663 ι
1351 2639 1442 2673 prisca
1469 2639 1526 2674 lege
1550 2639 1727 2674 praedicante,
1750 2645 1777 2668 et

986 2690 1048 2720 post
1060 2693 1119 2713 eam
1142 2685 1282 2720 prophetis
1299 2684 1332 2712 ad
1348 2685 1474 2712 veritatis
1497 2687 1775 2721 comprehensionem

987 2732 1050 2760 illos
1063 2732 1266 2759 crudientibus.
1289 2731 1408 2766 (Equum
1424 2739 1488 2767 ergo
1509 2733 1560 2759 fuit
1576 2733 1602 2759 in
1617 2741 1664 2760 eos
1677 2732 1774 2766 judicii

986 2779 1159 2807 seVeritatem
1176 2779 1316 2811 adhibere,
1332 2783 1359 2806 ut
1378 2779 1507 2805 nimirum
1526 2787 1589 2814 erga
1612 2783 1706 2814 gentes
1728 2779 1776 2806 b0—

985 2825 1110 2852 nitalem.
1131 2824 1248 2853 Mundus
1271 2825 1356 2858 enim,
1378 2824 1436 2852 sive
1461 2829 1566 2860 gentes,
1584 2830 1720 2851 ceneursu
1741 2822 1774 2855 ad

760 2916 780 2931 ’ί
798 2914 870 2943 Psal.
885 2921 980 2947 mm,
997 2913 1040 2941 i5.
