2030 3122
155 192 204 225 :53

694 191 726 220 lN
743 192 885 220 JOANLVIS
905 192 1126 222 EVANGELIUM
1153 196 1218 224 LIB.
1235 197 1256 224 Ι.

1727 197 1774 224 154

159 253 230 287 Ἐρεϊ
246 251 275 278 δέ
294 259 336 282 τις
360 250 427 285 πρὸς
444 249 481 276 ti.
498 249 560 285 ἔθνη
582 249 635 276 τῶν
660 251 777 286 Χριστοῦ
794 251 932 286 μαθητῶν·

998 261 1039 279 em
1059 261 1145 288 genus
1163 254 1291 284 electum.
1309 254 1401 289 regale
1412 254 1609 285 sacerdotium,
1629 262 1697 288 gens
1710 263 1774 282 san-

156 302 165 325 ἀ
186 297 279 332 Ὑμεῖς
304 295 332 321 δὲ
348 295 425 329 γένος
446 294 589 327 ἐκλεκτὸν,
618 295 752 329 βασίλειον
777 297 940 331 ἱεράτευμα,

154 343 227 376 ἔθνος
240 343 317 376 ἅγιον
330 363 336 375 ,
355 342 418 373 λαὸς
440 342 479 373 εἰς
492 343 664 377 περιποίησιν
677 363 683 374 ,
708 343 751 369 ἵνα
774 343 822 374 τὰς
845 343 944 376 ἀρετὰς

155 388 330 423 ἐξαγγείλητε
348 388 394 414 τοῦ
414 389 447 414 ἐκ
466 388 577 420 σκότους
593 389 664 423 ὑμᾶς
687 388 832 422 καλοῦντος
856 390 896 420 εἰς
914 389 943 414 τὸ

155 434 309 470 θαυμαστὸν
334 434 416 460 αὑτοῦ
433 434 499 468 φῶς.
522 444 530 459 ι
556 434 661 469 Ἐπειδὴ
682 434 736 470 γάρ
759 434 939 470 παρεδέξαντο

155 480 198 507 διὰ
208 481 257 515 τῆς
270 481 385 511 πίστεως
400 480 445 506 τὸν
459 480 532 513 Υίὸν,
545 480 666 515 δέχονται
682 481 731 513 τὴν
746 480 872 512 ἐξουσίαν
895 481 941 508 τοῦ

156 526 183 550 ὲν
199 525 303 556 τέκνοις
317 524 446 559 τετάχθαι
465 525 531 552 Θεοῦ
544 533 550 540 ·
568 525 658 552 δίδωσί
677 534 708 560 γε
727 527 779 562 μὴν
803 527 816 552 ὁ
837 527 900 557 Υίὺς
913 527 943 553 τὸ

157 568 311 606 μόνῳ”καὶ
343 571 415 602 ἰδίως
438 570 512 607 αὐτῷ
545 572 592 598 καὶ
617 573 688 599 κατὰ
714 573 795 608 φύσιν
820 575 942 610 ὑπάρχον

156 616 375 654 ἐξουσιαστικῶς,
389 618 429 649 εἰς
446 618 588 653 κοινότητα
604 620 726 654 προθεὶς,
742 619 836 656 ὥσπερ
849 621 942 648 εἰκόνα

157 662 360 697 φιλανθρωπίας
383 662 431 698 τῆς
456 663 567 699 ἐνούσης
590 665 664 700 αὐτῷ
694 666 741 692 καὶ
763 667 812 702 τῆς
835 667 874 698 εἰς
897 667 942 693 τὸν

157 706 259 741 κόσμον
276 706 385 740 ἀγάπης
412 708 443 734 τὸ
463 709 578 744 πρᾶγμα
599 709 767 745 ποιούμενος.
789 711 826 738 Οὐ
843 711 895 747 γὰρ
909 710 943 748 ἦν

157 751 257 787 ἑτέρως
270 753 410 790 διαφυγεῖν
426 754 473 788 τὴν
491 754 605 790 φθορὰν,
620 756 668 791 τὴν
684 757 776 783 εἰκόνα
786 757 833 783 τοῦ
849 758 941 792 χοϊκοῦ

157 798 219 830 τοὺς
233 799 411 833 φορέσαντας,
430 801 453 826 εἰ
471 801 508 834 μὴ
524 801 574 835 τῆς
593 802 695 834 εἰκόνος
707 803 756 837 τῆς
768 804 941 838 ἐπουρανίου,

157 843 201 870 διὰ
214 844 262 870 τοῦ
280 844 429 877 κεκλῆσθαι
453 845 520 880 πρὸς
538 846 690 879 υἱοθεσίαν,
707 847 738 874 τὸ
759 848 856 880 κάλλος
877 851 943 884 ἡμῖν

158 889 339 924 ὲνεσημάνθη.
363 890 479 925 Μέτοχοι
501 890 555 926 γὰρ
574 892 715 926 γεγονότες
735 893 817 919 αὑτοῦ
834 893 878 920 διὰ
896 895 941 921 τοῦ

159 935 332 970 Πνεύματος,
354 936 633 971 κατεσφραγίσθημεν
663 939 702 969 είς
723 938 870 974 όμοιότητα
894 939 942 974 τὴν

159 982 227 1017 πρὸς
240 981 330 1013 αὑτὸν,
345 982 391 1008 καὶ
403 983 443 1014 είς
455 982 484 1008 τὸ
494 982 647 1018 ἀρχέτυπον
658 983 708 1019 τῆς
719 985 821 1017 εἰκόνος
832 1005 838 1012 .
850 1007 856 1013 .
869 1006 874 1013 .
885 1007 891 1013 .
903 1006 909 1012 .
919 1006 926 1013 .
935 1007 942 1014 ,

159 1036 240 1063 νομον
273 1028 383 1063 σχῆμα,
413 1027 474 1054 καθ’
499 1028 589 1064 ἥνπερ
613 1030 687 1064 ἡμᾶς
711 1030 758 1056 καὶ
781 1031 944 1066 πεποιῆσθαί

159 1083 241 1109 φησιν
257 1075 273 1109 ἡ
292 1074 351 1101 θεία
366 1074 473 1110 Γραφή.
500 1075 584 1106 Μόλις
605 1076 659 1110 γὰρ
683 1075 755 1102 οὕτω
777 1075 807 1103 τὸ
830 1077 943 1112 ἀρχαῖον

159 1120 208 1154 τῆς
223 1119 332 1154 φύσεως
351 1121 582 1156 ἀνακομισάμενοι
598 1121 695 1153 κάλλος
708 1142 714 1153 ,
742 1123 789 1149 καὶ
805 1122 873 1158 πρὸς
895 1123 945 1158 τὴν

159 1165 235 1192 θείαν
268 1166 375 1201 ἐκείνην
404 1166 646 1202 ἀναμορφωθέντες
675 1167 775 1201 φύσιν,
806 1169 945 1203 κρείττους

159 1210 277 1245 ἐσόμεθα
303 1211 358 1238 τῶν
383 1213 415 1238 ὲκ
435 1211 618 1247 παραϐάσεως
640 1213 709 1247 ιὴμῖν
736 1213 946 1248 συμῦεϐηκότων

161 1259 263 1286 κακῶν.
277 1258 381 1285 Οὐκοῦν
395 1259 575 1295 ἀναὸαίνομεν
588 1260 628 1291 εἰς
643 1260 672 1286 τὸ
684 1260 754 1296 ὑπὲρ
770 1259 850 1295 φύσιν
865 1261 946 1293 ἀξίω-

162 1313 201 1339 μα
223 1305 267 1332 διὰ
296 1305 433 1342 Χριστὸν,
450 1305 507 1331 ἀλλ’
531 1306 561 1332 οὐ
585 1306 644 1332 κατ’
665 1307 767 1333 ἐκεῖνον
787 1307 946 1342 ἀπαραλλά-

161 1356 232 1384 κτως
247 1349 364 1385 ἐσόμεθα
388 1351 434 1377 καὶ
461 1352 541 1386 ἡμεῖς
565 1352 618 1378 olnt
636 1351 702 1378 Θεοῦ
717 1372 723 1384 ,
748 1352 804 1379 ἀλλ’
827 1352 864 1384 ὼς
880 1352 947 1388 πρὸς

161 1397 264 1423 ἐκεῖνον
282 1396 325 1423 διὰ
348 1396 397 1431 τῆς
418 1397 489 1424 κατὰ
512 1397 626 1433 μίμησιν
647 1398 775 1433 χάριτος·
796 1398 810 1424 ὁ
826 1398 874 1432 μὲν
894 1398 948 1434 γάρ

161 1442 234 1468 ἐστιν
257 1442 319 1474 Υὶδς
338 1443 370 1469 ὲκ
388 1443 495 1477 Πατρὺς
516 1443 645 1479 ὑπάρχων
665 1443 807 1478 ἀληθινὸς,
831 1444 903 1470 θετοὶ
919 1444 947 1471 δὲ

161 1487 241 1522 ἡμεῖς
256 1488 294 1522 ἐκ,
310 1487 525 1523 φιλανθρωπίας,
548 1488 585 1519 ὡς
607 1489 636 1514 ὲν
660 1488 771 1523 χάριτος
786 1488 867 1524 μοίρᾳ
879 1488 950 1523 λαμ-

162 1533 288 1563 δάνοντες
300 1533 329 1559 τδ
343 1541 350 1548 ·
365 1543 373 1557 ι
386 1532 454 1567 Ἐγὼ
465 1532 541 1559 εἴπα-
555 1533 615 1559 Θεοί
627 1534 686 1560 ἐστε
699 1534 743 1560 καὶ
756 1534 807 1560 υἱοὶ
821 1534 948 1567 Ὑψίστου

994 303 1047 329 eta.
1062 299 1177 334 populus
1187 300 1386 334 acquisitionis,
1405 300 1455 334 91
1475 305 1505 327 ut
1525 301 1639 327 virtutes
1652 301 1711 335 ejus
1727 308 1775 326 au-

994 346 1137 378 nnntielis,
1154 346 1199 379 qui
1219 354 1265 373 vos
1285 353 1300 372 ο
1318 346 1439 372 tenebris
1457 347 1564 372 vocavit
1576 346 1602 372 in
1619 346 1707 373 lucem
1724 345 1774 372 ad-

994 393 1143 420 mirabilem
1168 393 1200 420 ²⁸.
1225 402 1233 418 ι
1253 393 1320 419 Cum
1338 392 1409 418 enim
1439 391 1535 418 Filium
1551 392 1707 426 exceperint
1729 400 1771 426 per

994 439 1083 471 ﬁdem,
1111 443 1273 473 potestatem
1303 439 1441 472 accipiunt
1470 442 1498 464 ut
1521 438 1594 464 inter
1624 438 1696 465 [Ilios
1728 437 1775 464 Dei

993 486 1172 512 collocentur.
1191 485 1335 511 Enimvero
1354 483 1500 510 datFilius
1521 487 1551 510 ut
1566 483 1620 510 sint
1641 487 1776 517 potestate

993 533 1019 560 id
1040 533 1112 567 quod
1138 533 1188 558 sibi
1218 532 1263 558 uni
1293 531 1399 566 proprie
1417 534 1445 558 et
1470 530 1622 557 secundum
1650 533 1776 555 naturam

993 579 1075 611 inest,
1104 579 1130 605 in
1157 585 1301 604 commune
1328 575 1530 611 quodammodo
1554 581 1720 609 proponens,
1749 574 1777 600 in

993 624 1100 658 signum
1124 623 1299 657 benignitatis
1316 629 1373 648 suae
1394 621 1420 647 in
1439 620 1564 647 homines
1580 623 1606 646 et
1620 626 1683 653 erga
1702 626 1779 645 mun-

993 670 1057 696 dum
1077 669 1231 696 charitatis.
1254 667 1313 694 Non
1336 668 1408 694 enim
1425 667 1503 693 aliter
1528 673 1669 700 possemus
1684 672 1779 692 comt-

993 715 1113 750 ptionem
1136 713 1240 749 fugere,
1258 714 1305 748 qui
1328 712 1430 740 terreni
1459 715 1598 747 gestamus
1621 711 1776 745 imaginanti.

993 762 1045 790 nisi
1069 761 1242 796 pulchritudo
1258 760 1386 794 imaginis
1406 759 1530 786 cmlestis
1545 758 1618 785 illius
1642 758 1777 792 impressa

993 807 1072 834 nobis
1087 810 1160 834 esset
1180 814 1212 832 ex
1229 813 1261 832 eo
1285 804 1356 839 quod
1372 803 1461 830 vocati
1487 810 1581 830 sumus
1606 802 1637 828 ad
1660 801 1777 827 ﬁliorum

995 852 1041 878 Dei
1069 851 1242 885 adoptionem
1265 850 1298 876 ’9.
1339 848 1490 882 Participes
1516 846 1588 873 enim
1622 845 1683 877 eius
1716 844 1778 870 falli

995 905 1044 933 per
1070 896 1212 931 Spiritum,
1232 894 1368 929 obsignati
1393 900 1489 920 sumus
1514 892 1540 918 in
1569 889 1778 920 similitudinem

994 951 1056 970 cum
1075 943 1146 976 ipso,
1162 945 1188 968 et
1206 940 1238 967 ad
1256 939 1438 974 exelnplarem
1456 937 1571 965 formam
1595 936 1669 962 illius
1685 934 1780 968 imagi-

994 989 1037 1016 nis
1051 987 1271 1017 conscendimus,
1283 985 1316 1012 ad
1328 992 1409 1019 quam
1423 991 1473 1011 nos
1486 989 1594 1018 quoque
1611 981 1699 1007 factos
1715 986 1778 1006 esse

994 1035 1033 1062 ait
1055 1034 1147 1060 divina
1170 1032 1312 1066 Scriptura
1331 1031 1363 1057 ²⁰.
1390 1030 1436 1056 Sic
1459 1029 1531 1056 enim
1557 1027 1666 1054 tandem
1691 1025 1777 1052 veleri

994 1084 1100 1107 natura:
1123 1077 1327 1113 pulchritudine
1354 1078 1525 1109 recuperata,
1550 1077 1577 1099 et
1603 1073 1635 1098 ad
1661 1071 1779 1097 divinam

995 1127 1069 1153 illam
1097 1123 1237 1152 reformati
1259 1127 1383 1149 naturam
1398 1140 1405 1150 .
1431 1127 1462 1146 ea
1480 1119 1558 1146 “mala
1586 1116 1780 1151 superabimus

996 1178 1056 1206 quae
1076 1170 1155 1197 nobis
1176 1177 1209 1196 ex
1236 1166 1460 1202 praavaricatione
1486 1164 1669 1198 contigerunt.
1698 1161 1782 1196 igitur

995 1215 1029 1242 ad
1044 1214 1204 1250 dignitatem
1222 1210 1458 1246 supernaturalem
1477 1208 1653 1240 ascendimus
1672 1209 1783 1240 propter

996 1260 1148 1292 Christum,
1164 1261 1351 1286 verumtamen
1378 1263 1431 1282 non
1456 1252 1592 1284 sicutillc,
1612 1252 1687 1279 nullo
1704 1251 1784 1285 plane

997 1306 1158 1334 discrimine
1175 1312 1225 1331 nos
1251 1310 1361 1337 quoque
1383 1301 1466 1328 futuri
1482 1307 1579 1327 sumus
1597 1297 1644 1325 Dei
1661 1297 1717 1329 ﬁlii,
1737 1295 1784 1324 sed

997 1352 1031 1380 ad
1053 1352 1112 1386 ejus
1135 1349 1355 1380 similitudinem,
1372 1355 1421 1382 per
1436 1346 1550 1382 gratiam
1573 1344 1714 1374 nimirum,
1731 1349 1783 1376 qna

998 1398 1072 1424 illum
1087 1395 1220 1423 imitando
1236 1399 1474 1429 repraesentamus.
1496 1390 1545 1417 Est
1557 1389 1629 1417 enim
1646 1395 1726 1415 verus
1740 1387 1786 1414 ille

999 1442 1094 1475 Filius,
1111 1442 1246 1469 exsistens
1263 1449 1278 1467 a
1294 1439 1384 1472 Patre,
1402 1439 1449 1466 sed
1466 1445 1518 1465 nos
1533 1437 1599 1471 ejus
1616 1433 1785 1469 benignitate

999 1488 1130 1524 adoptivi,
1147 1487 1240 1522 gratiae
1260 1487 1320 1514 loco
1340 1486 1368 1513 id
1387 1485 1572 1519 accipientes:
1593 1492 1602 1508 ι
1633 1481 1688 1516 Ego
1706 1480 1761 1507 dixi
1777 1489 1783 1506 :

999 1535 1042 1562 Dii
1061 1535 1138 1566 estis,
1155 1538 1181 1561 et
1199 1533 1245 1561 ﬁlii
1261 1531 1369 1559 Excelsi
1385 1539 1482 1558 omnes
1495 1530 1529 1557 ³¹.
1547 1539 1555 1555 ι
1572 1529 1669 1556 Creata
1684 1527 1785 1562 quippe

163 1578 272 1608 πάντες.
288 1587 296 1602 ι
325 1577 356 1603 Ἡ
371 1576 419 1622 μὲν
432 1577 485 1612 γὰρ
502 1577 672 1613 πεποιημένη
689 1578 735 1604 καὶ
751 1577 829 1613 δούλη
851 1578 946 1609 κτίσις,

999 1586 1027 1610 et
1042 1588 1120 1609 serva
1133 1585 1229 1607 natura
1249 1578 1281 1605 ad
1295 1586 1338 1606 res
1359 1575 1583 1612 supernaturales
1598 1578 1711 1601 vocatur
1725 1572 1785 1599 solo

163 1621 285 1647 καλεῖται
308 1621 374 1654 πρὸς
393 1621 426 1647 τὰ
448 1622 517 1656 ὑπὲρ
536 1622 616 1655 φύσιν
639 1622 753 1656 νεύματι
781 1621 876 1657 γυμνῷ
900 1623 947 1648 καὶ

164 1666 270 1702 θελήσει
293 1667 338 1693 τοῦ
352 1667 457 1702 Πατρός
469 1675 476 1682 ·
489 1668 503 1694 ὁ
515 1667 541 1693 δὲ
553 1668 616 1699 Υἱὸς
629 1667 674 1694 καὶ
687 1668 762 1698 Θεὸς,
777 1668 822 1694 καὶ
835 1667 946 1702 Κύριος,

163 1714 212 1740 οὐκ
229 1715 258 1739 ὲν
278 1715 334 1745 τοῖς
355 1713 487 1748 θελήμασι
511 1713 557 1739 τοῦ
576 1713 643 1739 Θεοῦ
669 1713 715 1739 καὶ
736 1712 859 1748 Πατρὺς,
887 1711 947 1738 οὐδὲ

163 1759 223 1785 ὅσον
240 1759 279 1790 εἰς
295 1759 326 1785 τὺ
349 1758 526 1793 βεϐουλῆσθαι
542 1759 621 1793 μόνον
647 1758 736 1790 αὐτὸν,
754 1758 783 1784 τὸ
802 1757 869 1784 εἶναι
883 1758 948 1789 Θεὸς

165 1805 210 1831 καὶ
236 1804 299 1835 Υἱὸς
324 1804 503 1838 κεκτήσεται,
530 1804 586 1830 ἀλλ’
613 1803 643 1835 ἐξ
668 1804 753 1838 αὐτῆς
779 1804 827 1838 τῆς
854 1804 947 1835 οὐσίας

166 1850 326 1885 ἀναλάμψας
339 1850 383 1876 τοῦ
399 1851 515 1886 Πατρὸς,
531 1849 561 1876 τὸ
579 1850 641 1876 ἴδιον
654 1850 738 1884 αὐτῆς
757 1849 858 1883 ἀγαθὸν
875 1850 946 1876 κατὰ

167 1896 246 1930 φύσιν
269 1896 412 1930 ἐπάγεται.
433 1896 546 1930 Ὀρᾶται
571 1895 599 1921 δὲ
626 1895 707 1922 πάλιν
726 1895 791 1926 Υἱὸς
818 1895 949 1930 ὑπάρχων

167 1942 300 1977 ἀληθινὸς,
323 1943 369 1968 καὶ
385 1943 416 1976 τῇ
438 1941 506 1977 πρὸς
528 1942 600 1976 ἡμᾶς
618 1940 829 1976 ἀντιπαραθέσει
843 1940 951 1972 δοξαζό-

169 1998 256 2029 μενος.
284 1988 392 2023 Ἐπειδὴ
415 1989 469 2023 γὰρ
484 1988 514 2014 τὸ
529 1987 608 2029 φύσει
630 1987 708 2021 λόγον
725 1987 818 2022 ἕτερον
836 1986 892 2021 ἔχει
912 1986 951 2021 τῷ

168 2026 237 2061 κατὰ
253 2034 337 2064 θέσιν,
353 2034 399 2060 καὶ
416 2033 455 2068 τῷ
470 2025 541 2060 κατά
556 2033 671 2068 μίμησιν
689 2033 718 2059 τὸ
735 2035 792 2059 κατ’
810 2032 948 2067 ἀλήθειαν,

169 2081 220 2106 υἱοὶ
231 2080 259 2106 δὲ
273 2081 353 2114 ἡμεῖς
366 2079 523 2113 κεκλήμεθα
546 2078 614 2104 Θεοῦ
632 2077 702 2104 κατὰ
717 2078 801 2109 θέσιν,
818 2077 865 2103 καὶ
881 2077 951 2103 κατὰ

170 2127 294 2161 μίμησιν
314 2125 385 2152 κατὰ
399 2125 478 2158 φύσιν
499 2124 552 2160 ἄρα
572 2123 701 2150 καὶκατὰ
720 2123 847 2158 ἀλήθειαν
859 2123 950 2154 αὐτὸς,

168 2168 189 2205 ᾧ
209 2172 257 2198 καὶ
280 2171 365 2197 ταῦτα
393 2170 537 2204 γεγονότες
561 2168 832 2204 ἁντιπαρακείμεθα,
859 2168 890 2194 τὺ
919 2169 951 2193 ἐκ

169 2219 276 2253 χάριτος
288 2217 389 2251 ἀγαθὸν
402 2217 463 2242 (ίιντ)⁸
480 2215 601 2250 φυσικῶν
614 2215 773 2250 ἀξιωμάτων
787 2214 950 2250 ἁποκερδαί-

169 2272 268 2294 νον-τες.

205 2309 238 2336 Οἳ
253 2310 308 2335 οὐκ
319 2308 352 2340 ἐξ
363 2307 504 2343 αῖμὰτων,
520 2307 590 2334 οὐδὲ
603 2307 637 2334 ἐκ
653 2307 817 2341 θελήματος
827 2306 950 2341 σαρκὸς,

169 2355 238 2383 οὐδὲ
253 2355 285 2382 ὲκ
305 2355 469 2389 θελήματος
486 2353 604 2387 ἀνδρὸς,
620 2353 688 2380 ἀλλ’
704 2353 737 2380 ἐκ
749 2353 821 2380 Θεοῦ
835 2352 952 2388 ἐγεννή-

170 2403 276 2433 θησαν.

204 2448 234 2473 Οἱ
254 2446 298 2472 διὰ
316 2445 449 2477 πίστεως,
472 2445 538 2480 φησὶ
550 2464 558 2476 ,
584 2444 633 2479 τῆς
649 2445 689 2475 είς
709 2444 824 2478 Χριστὸν
841 2444 880 2474 είς
896 2443 952 2469 υίο-

171 2493 262 2520 θεσίαν
284 2492 448 2526 κεκλημένοι
471 2490 558 2522 Θεοῦ,
585 2490 633 2525 τῆς
656 2490 704 2525 μὲν
723 2489 825 2520 οἰκείας
845 2488 952 2522 φύσεως

169 2540 219 2575 τὴν
233 2539 371 2566 εὐτέλειαν
385 2537 563 2568 ἀπεδύσαντο,
578 2535 806 2571 κατηγλαῖσμένοι
817 2535 846 2562 δὲ
859 2535 952 2571 ὥσπερ

171 2572 265 2621 ἁμερίῳ
281 2583 402 2619 λαμπρῴ
423 2584 455 2618 τῇ
476 2583 522 2609 τοῦ
550 2582 684 2617 τιμῶντος
708 2582 815 2617 χάριτι,
841 2572 909 2616 πρὸς
924 2582 953 2607 τὸ

171 2633 238 2667 ὑπὲρ
258 2631 340 2665 φύσιν
357 2629 546 2656 ἀναϐαίνουσιν
564 2628 681 2662 ἀξίωμα.
704 2628 740 2653 Οῧ
758 2627 812 2662 γὰρ
828 2627 867 2653 ἔτι
885 2636 953 2662 χρη-

171 2675 313 2713 ματίξουσι
327 2676 410 2702 τέκνα
427 2674 536 2709 σαρκὸς,
550 2673 617 2700 Θεοῦ
632 2673 660 2699 δὲ
675 2672 774 2708 μᾶλλον
790 2672 859 2699 κατὰ
881 2672 954 2698 θέσιν

169 2726 335 2760 γεννήματα.
357 2722 495 2757 Ἐπιτήρει
512 2721 540 2748 δὲ
561 2720 626 2755 ὅσττν
643 2721 656 2746 ὁ
668 2720 805 2765 μακάριος
818 2718 955 2752 εὐαγγελι-

171 2772 233 2807 στὴς
248 2773 276 2797 ἐν
288 2772 345 2801 τοῖς
361 2768 457 2796 ἑαυτοῦ
472 2767 560 2801 λόγοις
572 2766 719 2801 ἐποιήσατο
732 2766 780 2800 τὴν
793 2765 951 2799 ἀσφάλειαν.

169 2817 277 2852 Ἐπειδὴ
287 2818 342 2852 γὰρ
353 2814 464 2851 ἔμελλεν
475 2814 546 2850 ἐρεῖν
557 2813 588 2840 ἐκ
599 2813 665 2839 θεοῦ
679 2811 953 2848 γεγε[ν]νῆσθαιτοῦς

203 2909 226 2924 ⁸⁵¹
248 2907 256 2938 Ι
286 2906 360 2934 Patr.
380 2914 409 2938 ιι,
426 2906 451 2933 9.

500 2904 545 2932 "I
572 2904 635 2932 Cor.
655 2911 697 2937 xv,
716 2904 768 2937 viti;
785 2904 872 2931 Ualat.
890 2911 924 2936 Ir,

997 1633 1064 1656 nutu
1080 1636 1112 1655 ac
1125 1628 1265 1655 voluntate
1277 1624 1384 1652 Patris:
1402 1623 1488 1651 Filius
1501 1627 1603 1653 autemI
1618 1625 1645 1649 et
1663 1619 1744 1650 Dens.
1759 1623 1785 1646 ct

997 1674 1139 1705 Dominus,
1160 1680 1213 1699 non
1241 1671 1285 1698 Dei
1307 1677 1338 1697 ac
1361 1668 1448 1696 Patris
1469 1671 1549 1701 nutu,
1570 1674 1621 1693 nec
1649 1666 1708 1700 ejus
1728 1664 1786 1692 sola

998 1720 1136 1747 voluntate
1152 1719 1178 1744 id
1200 1717 1280 1744 habet
1294 1715 1367 1751 quod
1380 1715 1451 1742 Deus
1472 1715 1519 1744 sit.
1537 1713 1584 1740 sed
1598 1719 1660 1738 cum
1678 1719 1710 1737 ex
1725 1710 1783 1745 ipsa

997 1765 1153 1793 substantia
1170 1763 1260 1790 Patris
1276 1761 1420 1792 etiulserit,
1438 1759 1579 1795 proprium
1598 1757 1657 1791 ejus
1682 1756 1782 1782 bomun

999 1811 1148 1840 secundum
1166 1813 1290 1836 naturam
1315 1807 1367 1835 sibi
1384 1806 1507 1833 asciscit.
1526 1804 1631 1831 Rursus
1653 1804 1724 1829 hunc
1742 1810 1784 1828 vc-

1001 1866 1061 1885 rum
1086 1864 1146 1884 esse
1165 1855 1262 1881 Filium
1283 1857 1377 1880 mutua
1401 1851 1487 1878 nostri
1510 1849 1717 1884 comparatione
1742 1854 1784 1873 co-

1002 1903 1170 1939 gnoscimus.
1186 1900 1253 1927 Cum
1273 1900 1345 1926 enim
1361 1898 1386 1924 id
1400 1898 1472 1932 quod
1490 1901 1532 1924 est
1554 1900 1651 1922 natura
1672 1894 1786 1920 diversa:

1002 1938 1117 1977 rationis
1138 1947 1174 1974 sit
1197 1946 1232 1973 ab
1255 1953 1287 1972 eo
1306 1943 1380 1979 quod
1393 1947 1435 1970 est
1453 1942 1611 1976 adoptione,
1629 1944 1655 1966 et
1671 1939 1696 1966 id
1714 1938 1786 1973 quod

1003 2003 1036 2022 ex
1057 1992 1209 2019 imitatione
1240 1997 1302 2017 cum
1328 1996 1359 2016 eo
1377 1988 1447 2023 quod
1465 1991 1507 2014 cst
1526 1986 1651 2016 veritate,
1668 1992 1717 2011 nos
1741 1991 1786 2010 au-

1001 2045 1053 2068 tem
1078 2038 1125 2066 filii
1145 2037 1190 2065 Dei
1208 2042 1401 2070 nuncupentur
1423 2041 1471 2068 per
1489 2032 1675 2066 adoptionem,
1706 2033 1733 2056 et
1753 2037 1787 2056 ex

1003 2086 1167 2116 imitatione,
1197 2087 1295 2111 natura
1315 2081 1399 2117 igitur
1419 2083 1446 2107 et
1466 2079 1581 2106 veritate
1596 2081 1638 2104 est
1653 2077 1721 2110 ipse,
1741 2075 1784 2101 cui

1001 2140 1063 2165 nos,
1087 2139 1149 2158 cum
1183 2129 1277 2157 isthmc
1305 2128 1402 2156 simus,
1426 2128 1520 2152 mutuo
1531 2123 1705 2157 opponimur,
1735 2128 1784 2154 pro
1831 2153 1833 2159 Ι

1002 2178 1120 2206 naturali
1154 2176 1287 2211 dignitate
1318 2173 1424 2200 scilicet
1457 2170 1552 2206 gratia:
1587 2169 1688 2196 bonum
1722 2173 1787 2194 con-

1003 2223 1100 2252 secuti.

1039 2311 1059 2338 l.
1081 2310 1124 2338 15.
1145 2309 1197 2342 Qui
1217 2316 1268 2334 non
1290 2314 1322 2334 ea:
1340 2305 1523 2341 sanguinibus,
1544 2311 1624 2337 neque
1642 2310 1673 2328 ex
1695 2302 1787 2328 volan-

1004 2362 1057 2384 late
1068 2357 1166 2387 carnis,
1179 2362 1258 2389 neque
1277 2360 1308 2380 ea:
1327 2352 1460 2379 uoluntate
1473 2351 1532 2381 viri,
1547 2348 1591 2376 sed
1611 2356 1643 2375 ea:
1657 2348 1709 2374 Dea
1732 2347 1788 2373 miti

1002 2409 1075 2431 δΙΗΙῘ.

1040 2447 1092 2483 Qui
1107 2454 1155 2481 per
1178 2445 1268 2477 ﬁdem,
1296 2443 1397 2478 inquit,
1413 2443 1439 2469 in
1462 2440 1601 2468 Christum
1625 2439 1679 2473 92
1700 2438 1789 2465 vocati

1005 2496 1069 2520 sunt
1083 2492 1109 2518 in
1127 2490 1299 2524 adoptionem
1319 2488 1436 2515 ﬁliorum
1459 2486 1517 2515 Dei,
1544 2484 1659 2519 propria:
1680 2483 1788 2518 quidem

1006 2543 1108 2566 natura:
1134 2537 1265 2563 vilitatem
1301 2525 1457 2564 exuerunt,
1490 2531 1590 2564 Deique
1629 2529 1790 2556 honorantis

1005 2584 1091 2619 gratia
1119 2590 1169 2609 ceu
1185 2580 1327 2618 splendida
1349 2578 1467 2613 quadam
1484 2581 1558 2604 veste
1582 2575 1735 2609 conspicui,
1755 2574 1790 2601 ad

1007 2628 1240 2665 supernaturalem
1266 2626 1425 2661 dignitatem
1449 2623 1611 2650 evehuntur.
1640 2620 1699 2647 Non
1716 2620 1790 2647 enim

1007 2675 1123 2709 amplius
1137 2673 1228 2700 carnis
1242 2672 1299 2704 ﬁlii,
1316 2671 1362 2697 sed
1376 2669 1423 2696 Dei
1438 2669 1529 2703 potius
1541 2666 1666 2701 adoptiva
1683 2665 1790 2693 soboles

1008 2723 1213 2755 nuncupantur.
1243 2718 1360 2744 Adverte
1390 2723 1454 2742 vero
1487 2717 1590 2749 quanta
1624 2711 1730 2739 cautela
1762 2711 1789 2737 in

1007 2766 1179 2794 sermonibus
1201 2763 1261 2792 suis
1272 2763 1368 2790 beatus
1385 2761 1551 2795 evangelista
1570 2766 1638 2785 usus
1657 2758 1701 2784 sit.
1722 2756 1789 2782 Cum

1008 2812 1080 2839 enim
1095 2811 1222 2838 dicturus
1237 2812 1310 2837 esset
1322 2815 1356 2835 ex
1373 2807 1426 2834 Deo
1447 2811 1526 2833 natos
1545 2812 1608 2832 esse
1624 2803 1735 2833 ﬁdeles,
1755 2809 1791 2828 ne

1008 2903 1029 2918 "°
1047 2901 1130 2930 llcbr.
1148 2901 1194 2934 ιιι,
1212 2899 1254 2927 Η.
1293 2899 1313 2915 ³¹
1334 2897 1406 2925 Psal.
1430 2903 1530 2929 uxxt,
1546 2895 1571 2922 6.
