2030 3122
247 193 298 221 155

756 192 784 220 S.
806 191 943 220 CYlllLLl
965 189 1199 220 ALEXANDRINI
1227 193 1390 224 ARCHIEP.

1815 203 1868 231 156

245 251 308 286 quis
320 258 367 278 eos
386 254 496 286 putaret
505 258 536 278 ex
553 250 599 278 Dei
612 258 644 278 ac
657 251 747 279 Patris
765 252 919 279 substantia
935 257 1027 278 revera

1082 253 1309 285 πεπιστευκότας.
1335 254 1378 280 ἵνα
1410 255 1492 290 μήτις
1516 257 1606 292 οἴηται
1627 258 1676 293 τῆς
1699 259 1795 292 οὐσίας
1819 260 1867 287 τοῦ

202 317 214 323 -
245 296 371 332 genitam
388 301 415 324 et
433 304 480 331 per
493 296 586 323 omnia
605 297 709 324 similes
723 305 784 324 esse
808 297 964 332 Uuigenito,
983 300 1030 323 aut

246 342 328 369 etiam
345 341 378 367 de
394 342 441 368 illo
461 341 574 370 abusive
589 342 642 369 dici
661 352 668 370 :
687 352 695 369 ι
714 343 752 369 Ex
773 347 850 370 utero
871 347 932 369 ante
947 341 1028 368 Luci-

246 387 334 415 ferum
352 388 432 423 genui
450 392 476 415 te
492 387 532 420 ³¹;
560 397 569 414 ›
595 392 677 422 atque
697 388 734 414 ita
750 387 859 414 demum
878 386 904 413 in
922 390 1030 412 creatu-

246 442 337 463 rarum
356 441 480 463 naturam
496 435 555 470 ipse
580 443 688 470 quoque
706 433 909 465 (lctruderetttt‘,
926 432 991 460 licet
1015 440 1029 459 a

247 482 302 510 Deo
319 483 428 517 genitus
443 482 562 514 dicatur,
577 481 678 508 idcirco
691 482 761 508 hanc
774 480 930 506 cautionem
946 485 1029 506 exco-

245 529 325 564 gitat.
341 529 408 557 Cum
421 529 494 563 enim
514 532 677 564 potestatem
691 536 705 554 a
720 527 838 554 naturali
853 526 923 553 Filio
938 526 1029 553 datam

247 576 281 604 iis
296 583 357 604 esse
371 575 479 607 dixerit,
500 578 530 602 ut
543 575 593 602 ﬁlii
620 575 667 602 Dei
691 575 797 605 ﬁerent,
821 573 968 608 adoptione
987 572 1030 598 ni-

246 623 346 651 mirum
362 626 389 650 et
398 623 494 657 gratia,
505 621 613 649 tandem
626 621 764 648 tutissime
775 619 898 654 subjicit,
909 628 917 645 ι
929 619 965 646 Ex
977 618 1030 645 Deo

247 672 304 698 nati
314 674 377 699 sunt
384 679 391 697 :
399 679 407 696 ι
416 675 445 697 ut
452 669 547 705 gratiae
554 676 663 704 quoque
673 667 888 703 magnitudinem
895 666 1028 698 ostendat,

245 726 299 753 qua
316 718 387 754 quod
407 718 527 745 alienum
543 720 585 744 est
601 723 615 742 a
632 715 686 742 Deo
707 722 738 742 ac
751 713 840 747 Patre,
857 713 890 740 ad
906 712 966 747 ejus
983 720 1031 739 na-

246 764 335 791 turale
348 762 551 798 quodammodo
563 761 732 789 consortium
751 760 898 795 colligitur,
911 762 938 785 et
957 757 1029 792 quod

246 817 354 838 servum
370 813 422 841 est,
438 808 471 836 ad
487 807 594 835 Domini
609 807 777 834 nobilitatem
791 805 827 833 ob
843 805 1030 833 vehementem

245 856 306 891 ejus
321 855 483 883 charitatem
497 853 633 882 evehitur.
648 852 702 880 Sed
721 852 786 888 quid
806 851 904 885 majus,
926 850 1031 885 inquiet

247 902 339 929 forsan
358 901 468 936 aliquis,
484 900 525 927 vel
543 900 607 934 quid
622 899 714 926 eximii
731 906 786 933 pra:
806 897 939 926 Israelitis
956 897 1028 924 nacti

246 952 310 976 sunt
326 948 431 978 lideles,
444 954 508 974 cutn
524 949 551 974 et
574 946 625 981 ipsi
641 945 770 973 lSraelitaa
784 945 842 972 nati
864 951 926 972 esse
945 952 960 970 a
974 943 1028 971 Deo

245 994 380 1025 dicantur.
396 993 473 1028 juxta
493 992 559 1019 illud
577 1000 583 1018 :
605 1001 615 1017 ι
640 991 725 1018 Filios
740 991 832 1026 genui.
855 994 882 1018 et
895 990 1027 1022 exaltavi,

244 1044 272 1068 et
290 1041 341 1075 ipsi
356 1043 446 1067 autem
470 1042 633 1074 spreverunt
649 1045 691 1065 me
712 1038 744 1065 ".
765 1047 774 1063 ι
791 1037 832 1065 Ad
846 1037 898 1065 hoc
916 1044 1030 1072 respon-

245 1087 351 1118 demus,
375 1086 493 1121 primum
514 1084 633 1119 quidem,
657 1084 729 1119 quod
752 1091 814 1111 cum
840 1083 882 1111 lex
904 1083 1028 1111 umbram

246 1133 400 1160 futurorum
419 1132 552 1159 bonorum
567 1131 690 1162 haberet.
707 1139 760 1158 non
777 1135 867 1157 autem
882 1131 968 1164 ipsam
988 1137 1030 1157 re-

245 1187 306 1206 rum
320 1186 412 1206 veram
429 1178 556 1213 speciem,
575 1177 612 1205 ita
633 1185 721 1212 neque
735 1177 806 1205 istud
821 1177 952 1204 lsraelitis
966 1184 1030 1204 vere

245 1232 418 1257 concessum,
441 1223 488 1252 sed
508 1223 597 1259 typiee
619 1227 645 1251 et
670 1225 782 1258 ﬁgurate
810 1223 975 1258 descriptum
1001 1223 1029 1250 in

245 1271 313 1306 ipsis
332 1270 393 1303 fuit,
413 1280 422 1295 ι
441 1269 535 1305 Usque
568 1269 602 1297 ad
626 1273 732 1304 tempus
755 1269 935 1296 correctionis
958 1268 998 1301 “,
1017 1278 1026 1295 ν

244 1318 316 1345 sicut
329 1317 460 1351 scriptum
477 1320 528 1348 est,
546 1323 601 1350 quo
619 1315 751 1343 emersuri
768 1320 846 1343 erant
863 1315 909 1350 qui
931 1314 1030 1342 decen-

243 1363 301 1390 tius
328 1366 410 1397 atque
424 1362 515 1389 verius
538 1366 648 1396 propter
672 1361 870 1390 inhabitantem
890 1361 1027 1396 Unigeniti

245 1408 380 1443 Spiritum
399 1407 508 1436 Patrem
525 1406 610 1434 Deum
633 1407 811 1442 appellarent.
834 1407 874 1434 illi
893 1406 1029 1442 siquidem

243 1455 381 1482 trahebant
405 1463 415 1480 ι
437 1453 566 1489 spiritum
583 1453 724 1481 servitutis
741 1454 769 1480 in
789 1454 898 1485 timore,
914 1453 941 1480 hi
964 1460 1029 1481 vero

242 1501 372 1536 spiritum
387 1499 545 1535 adoptionis
561 1499 689 1530 ﬁliorum.
714 1508 722 1524 ι
739 1499 766 1526 ἰη
784 1499 945 1532 libertatem,
971 1509 980 1525 ι
1000 1499 1029 1527 ἰιι

241 1555 298 1582 quo
317 1547 487 1574 clamamus:
503 1546 578 1573 Abba
593 1544 673 1573 Pater
683 1544 716 1572 “.
730 1555 739 1571 ι
750 1545 834 1580 Igitur
847 1545 963 1581 populus
980 1553 1029 1581 per

1080 297 1147 324 Θεοῦ
1164 298 1211 325 καὶ
1223 300 1328 335 Πατρὺς
1339 301 1521 336 ἐκπεφυκέναι
1539 304 1609 330 κατὰ
1619 304 1746 340 ἀλήθειαν
1756 305 1866 338 αὐτοὺς,

1080 345 1128 371 καὶ
1146 346 1185 377 εἰς
1203 345 1412 382 ἀπαράλλακτον
1432 349 1578 385 ὁμοιότητα
1594 350 1701 386 τρέχειν
1722 351 1760 387 τῷ
1777 352 1867 379 Μονο-

1080 393 1162 427 γενεῐ,
1174 392 1190 428 ἢ
1199 393 1245 420 καὶ
1256 394 1316 420 κατ’
1324 394 1426 421 ἐκείνου
1435 397 1723 432 καταχρηστικώτερον
1729 398 1866 432 λέγεσθαι,

1080 437 1127 470 τὸ,
1146 447 1156 463 ι
1185 438 1231 464 Ἐκ
1245 439 1361 474 γαστρὸς
1383 439 1435 475 πρὸ
1452 441 1589 476 ἑωσφόρον
1615 441 1778 478 ὲξεγέννησά
1793 451 1832 475 σε¹
1856 453 1864 469 ι

1080 483 1150 509 οὕτω
1165 491 1193 509 τε
1214 484 1305 511 λοιπὸν
1327 485 1366 516 εὶς
1394 485 1442 520 τὴν
1466 486 1520 512 τῶν
1538 488 1696 522 ποιημάτων
1719 489 1765 515 καὶ
1784 489 1868 522 αὐτὸς

1080 530 1260 566 καταφέροιτο
1273 530 1361 565 φύσιν,
1383 532 1429 558 καὶ
1441 533 1464 558 εί
1478 531 1582 565 λέγοιτο
1597 534 1774 569 γεγεννῆσθαι
1791 535 1867 570 παρὰ

1080 575 1159 608 Θεοῦ,
1180 577 1335 610 ἀναγκαίως
1352 577 1418 612 ἡμῖν
1442 580 1600 613 προεπινοεί
1625 580 1675 615 τὴν
1704 581 1864 615 ἀσφάλειαν.

1080 623 1206 649 Δεδόσθαι
1221 623 1275 658 γὰρ
1297 623 1387 654 αὐτοῖς
1402 624 1525 656 ἐξουσίαν
1541 625 1626 653 εἰπὼν
1643 627 1718 662 παρὰ
1731 628 1779 654 τοῦ
1794 627 1866 654 κατὰ

1081 669 1161 703 φύσιν
1178 669 1243 696 Υἱοῦ
1265 670 1332 705 πρὸς
1350 670 1380 697 τὸ
1403 671 1531 706 γενέσθαι
1553 671 1636 699 τέκνα
1653 672 1720 699 Θεοῦ
1735 693 1741 704 ,
1764 674 1810 700 καὶ
1835 673 1866 700 τὸ

1081 716 1154 743 θέσει
1173 716 1220 742 καὶ
1238 717 1328 752 χάριτι
1343 717 1387 743 διὰ
1402 717 1495 744 τούτου
1512 718 1738 753 προεισενεγκὼν,
1757 719 1866 746 ἀκινδύ-

1081 769 1133 792 νως
1152 761 1248 796 ἐπάγει
1269 761 1361 789 λοιπὸν
1383 762 1429 794 τὸ,
1449 772 1458 789 ι
1489 763 1537 790 Ἐκ
1551 763 1617 790 Θεοῦ
1641 763 1833 799 ἐγεννήθησαν·
1853 774 1861 789 ι

1080 806 1125 833 ἵνα
1147 807 1193 834 καὶ
1209 807 1258 842 τῆς
1273 808 1316 834 ἐπ’
1333 807 1424 840 αὐτοῖς
1439 808 1548 844 χάριτος
1559 809 1679 845 ἐπιδείξῃ
1698 809 1728 836 τὺ
1739 809 1864 844 μέγεθος,

1079 851 1175 888 ὥσπερ
1195 853 1235 885 είς
1251 852 1404 889 οἰκειότητα
1421 854 1538 890 φυσικὴν
1558 854 1729 889 συλλέγοντος
1743 855 1772 882 τὸ
1787 855 1864 882 ἀλλό-

1080 906 1154 933 τριον
1170 898 1217 925 τοῦ
1229 898 1296 925 Θεοῦ
1311 899 1358 926 καὶ
1373 900 1490 935 Πατρὸς,
1508 901 1597 928 καὶτὸ
1610 901 1702 928 δοῦλον
1719 903 1759 933 είς
1772 902 1866 928 δεστκν

1078 946 1158 981 τικὴν
1181 945 1319 979 εὐγένειαν
1345 946 1573 979 ἀναὸισάζοντος,
1598 947 1643 974 διὰ
1665 947 1714 983 τὴν
1730 948 1769 978 είς
1783 947 1864 974 αὑτὸν

1079 990 1184 1026 θερμὴν
1206 991 1353 1026 ἀγάπησιν.
1375 991 1406 1018 Τί
1429 990 1475 1019 οὖν
1497 991 1550 1027 ἄρα
1566 993 1595 1019 τὸ
1619 992 1718 1024 πλέον,
1742 983 1800 1028 ἐρεῖ
1823 1001 1864 1024 τις

1079 1037 1176 1072 τυχόν;
1200 1037 1216 1073 ἦ
1242 1037 1267 1064 τί
1293 1037 1323 1064 τὸ
1337 1037 1476 1074 ἐξαίρετον
1501 1039 1530 1065 ὲν
1552 1039 1608 1070 τοῖς
1627 1038 1799 1066 πιστεύουσιν
1826 1039 1865 1070 εἰς

1079 1083 1196 1118 Χριστὸν
1212 1083 1286 1118 παρὰ
1298 1083 1343 1110 τὸν
1360 1084 1479 1119 Ἰσραὴλ,
1494 1085 1554 1111 ἐπεὶ
1569 1085 1616 1111 καὶ
1638 1085 1718 1116 αὐτὸς
1732 1084 1864 1118 γεγεννῆ-

1081 1129 1141 1156 σθαι
1154 1129 1260 1163 λέγεται
1277 1130 1352 1165 παρὰ
1367 1129 1434 1156 Θεοῦ
1449 1130 1518 1158 κατὰ
1534 1130 1574 1162 τὸ,
1594 1139 1603 1156 ι
1624 1131 1704 1162 Υἱοὺς
1732 1130 1866 1165 ἐγέννησα

1080 1176 1126 1203 καὶ
1141 1175 1246 1210 ὖψωσα,
1271 1176 1348 1202 αὐτοὶ
1370 1175 1399 1203 δέ,
1425 1185 1458 1212 με
1481 1176 1634 1211 ὴθέτησαν;
1658 1187 1666 1202 ›
1685 1176 1757 1211 Πρὸς
1783 1176 1815 1210 δὴ
1831 1177 1865 1203 τὰ

1079 1221 1190 1248 τοιαῦτα
1202 1219 1277 1257 οἶμαι
1289 1221 1378 1256 λέγειν
1392 1222 1458 1254 δεῖν,
1471 1222 1578 1258 πρῶτον
1591 1223 1640 1258 μὲν
1652 1224 1691 1249 ὅτι
1704 1223 1782 1250 σκιὰν
1796 1223 1865 1257 ἔχων

1079 1269 1093 1294 ὁ
1111 1268 1191 1303 νόμος
1209 1269 1263 1295 τῶν
1289 1269 1440 1305 μελλόντων
1471 1270 1601 1304 ἀγαθῶν,
1628 1270 1679 1297 οὐκ
1704 1270 1789 1305 αὐτὴν
1815 1270 1865 1305 τὴν

1079 1315 1171 1342 εἰκόνα
1192 1315 1246 1341 τῶν
1267 1315 1453 1351 πραγμάτων,
1471 1315 1532 1342 οὐδὲ
1555 1315 1635 1343 τοῦτο
1656 1316 1716 1343 κατ’
1733 1315 1865 1351 ἀλήθειαν

1080 1359 1152 1395 ἔχειν
1177 1360 1263 1387 ἐδίδου
1287 1361 1342 1392 τοῖς
1359 1361 1388 1394 ἐξ
1411 1360 1528 1397 Ἰσραὴλ,
1547 1361 1604 1388 ἀλλ’
1620 1361 1659 1394 ὡς
1674 1362 1703 1389 ὲν
1717 1361 1794 1396 τύπῳ
1817 1362 1866 1389 καὶ

1080 1406 1198 1442 σχήματι
1209 1407 1380 1442 γραφόμενον
1391 1407 1420 1434 ιν
1429 1407 1530 1439 αὐτοῖς’
1545 1416 1554 1433 ι
1561 1407 1643 1443 ’Δχρι
1651 1407 1748 1443 καιροῦ
1758 1407 1867 1442 διορθώ-

1080 1460 1164 1486 σεως,
1187 1462 1197 1479 ι
1217 1452 1287 1480 καθὰ
1306 1453 1476 1488 γέγραπται,
1493 1453 1555 1480 καθ’
1578 1453 1607 1480 ὃν
1629 1452 1740 1489 ἔμελλον
1759 1454 1866 1481 ἀναδει-

1079 1498 1228 1534 χθήσεσθαι
1249 1498 1341 1526 λοιπὸν
1358 1499 1383 1526 ot
1411 1499 1633 1535 πρεπωδέστερόν
1648 1508 1678 1526 τε
1700 1500 1747 1526 καὶ
1768 1498 1866 1535 ἀληθέ-

1081 1552 1174 1579 στερον
1191 1543 1390 1577 ἀποκαλοῦντες
1407 1544 1516 1580 Πατέρα
1529 1545 1573 1572 τὸν
1592 1545 1668 1578 Θεὸν,
1688 1545 1731 1572 διὰ
1747 1545 1777 1572 τὸ
1797 1546 1866 1571 ενοι-

242 1594 323 1621 tidem
342 1593 369 1620 in
383 1592 522 1620 Christum
538 1591 570 1618 ad
587 1592 703 1618 tiliorum
721 1591 895 1626 adoptionem
911 1592 1028 1620 evehen-

1081 1590 1167 1625 κῆσαν
1182 1590 1272 1622 αὐτοῖς
1289 1590 1401 1626 Πνεῦμα
1416 1590 1462 1618 τοῦ
1478 1591 1646 1625 Μονογενοῦς
1657 1599 1665 1606 '
1687 1592 1712 1618 οἱ
1738 1591 1786 1626 μὲν
1812 1591 1866 1626 γὰρ

240 1641 306 1672 dus,
333 1641 361 1667 in
392 1639 450 1671 illo,
477 1639 550 1666 velut
580 1639 606 1665 in
634 1639 740 1669 umbra.
764 1638 954 1674 przeﬁguratus
977 1643 1030 1672 est,

239 1686 470 1722 quemadmodum
486 1692 581 1720 nempe
595 1684 718 1712 videmus
729 1685 809 1712 etiam
818 1684 968 1719 spiritalem
981 1685 1031 1712 cir-

243 1733 441 1761 cumcisionem
459 1731 486 1758 in
499 1731 605 1758 illorum
616 1737 700 1757 carne
711 1729 878 1765 pra‘ﬁgurari
890 1739 896 1763 ;
910 1731 936 1757 in
954 1738 1030 1758 sum-

244 1786 287 1806 ma
299 1798 306 1810 ,
323 1777 416 1806 omnia
436 1781 532 1804 nestra
548 1777 574 1804 in
590 1776 644 1804 illis
659 1780 738 1803 erant
753 1776 842 1811 typice
855 1775 1027 1803 adumbrata.

242 1825 281 1852 λιι
294 1824 362 1855 hmc,
379 1824 496 1851 dicimus
513 1822 640 1850 lsraelem
660 1822 748 1858 typice
761 1825 886 1849 vocatum
901 1822 986 1849 fuisse
1001 1822 1028 1849 in

242 1870 417 1906 adoptionem
434 1869 551 1896 ﬁliorum
568 1867 622 1903 93
643 1867 688 1895 Dei
705 1876 751 1903 per
764 1869 939 1895 mediatorem
954 1868 1030 1904 Moy-

242 1925 289 1944 sen
307 1925 315 1950 ;
340 1917 456 1951 ideoque
480 1916 506 1942 in
529 1915 617 1950 ipsum
643 1922 751 1949 quoque
768 1914 900 1949 baptizati
917 1918 982 1941 sunt
1001 1914 1027 1941 in

241 1963 316 1990 nube
342 1967 368 1990 et
385 1963 412 1989 in
438 1961 520 1992 mari.
544 1965 573 1989 ut
600 1959 702 1988 Paulus
719 1961 754 1988 ait
781 1961 822 1993 ³⁸,
840 1965 864 1988 et
889 1961 916 1987 in
943 1960 1027 1994 legem

241 2010 384 2038 servitutis
409 2019 441 2037 ex
465 2010 600 2042 idolorum
618 2009 692 2036 eultu
717 2009 929 2044 reparabanlur,
946 2007 1028 2035 mini-

242 2060 330 2083 strato
347 2057 387 2083 eis
403 2056 470 2091 legis
493 2060 631 2090 prmcepto
649 2063 696 2090 per
710 2055 833 2089 angelos.
858 2054 909 2088 Qui
935 2060 1027 2082 autem

240 2103 269 2129 iu
294 2102 412 2128 ﬁliorum
431 2101 476 2129 Dei
496 2102 667 2136 adoptionem
691 2094 740 2128 ﬁde
766 2101 792 2128 in
810 2101 949 2128 Christum
967 2108 1028 2128 eve-

240 2149 356 2180 huntur,
376 2155 428 2174 non
445 2148 471 2174 in
488 2155 568 2173 unam
587 2155 600 2173 a
619 2147 756 2174 creaturis
782 2146 912 2180 aliquam,
936 2146 983 2173 sed
1000 2146 1027 2173 in

239 2194 329 2227 ipsam
354 2196 476 2220 sanctam
493 2191 656 2218 Trinitatem
676 2191 867 2226 baptizantur,
891 2192 1028 2219 mediante

241 2237 342 2268 Verbo.
360 2239 432 2271 quod
458 2238 509 2265 sibi
531 2237 728 2264 immanitatem
752 2238 861 2272 quidem
886 2238 1028 2273 conjungit

240 2292 290 2319 per
308 2291 417 2311 carnem
435 2283 547 2312 unitam.
562 2282 608 2309 sed
630 2283 792 2309 naturaliter
815 2282 889 2310 Patri
910 2283 1026 2317 conjun-

238 2331 325 2365 gitur,
342 2335 480 2364 quatenus
495 2333 591 2355 natura
609 2329 690 2356 Deus.
708 2328 763 2355 Hoc.
774 2330 846 2356 enim
864 2334 944 2364 pacto
955 2331 1026 2357 servi

238 2376 273 2402 all
291 2375 448 2402 ﬁliationem
468 2379 609 2405 vocantur,
628 2383 676 2409 per
693 2375 748 2402 veri
762 2374 822 2402 Filii
839 2376 1027 2410 participatio-

239 2429 301 2448 nem
317 2420 350 2448 ad
366 2420 527 2456 dignitatem
540 2420 564 2447 ei
578 2419 742 2447 naturaliter
757 2420 961 2449 inexsistentem
979 2430 1027 2449 vo-

237 2467 293 2494 cati
311 2471 337 2494 et
365 2466 569 2501 quodammodo
596 2466 694 2505 evecti.
721 2466 808 2499 Quam
833 2467 868 2494 ob
892 2475 948 2494 rem
978 2467 1025 2495 ﬁlii

238 2511 286 2539 Dei
302 2512 420 2539 dicimur
434 2520 466 2539 ac
479 2518 587 2542 sumus.
604 2512 650 2547 qui
673 2513 824 2547 spiritalem
838 2514 1026 2549 regeneratio-

237 2564 301 2584 nem
318 2565 366 2592 per
384 2557 464 2583 tidem
491 2557 658 2592 accepimus.
676 2557 727 2585 Sed
754 2559 883 2593 quoniam
903 2560 1025 2587 nonnulli

238 2602 373 2637 praecipiti
401 2602 518 2637 quadam
543 2603 656 2630 audacia
672 2603 705 2632 de
721 2603 868 2640 Unigenito
893 2605 971 2640 juxta
999 2610 1027 2632 et

238 2652 336 2675 sancto
362 2648 465 2683 Spiritu
495 2649 561 2676 falsa
579 2650 694 2684 prodere
719 2658 772 2678 non
789 2655 930 2682 verentur,
948 2659 1025 2680 erea—

237 2697 296 2720 tum
311 2697 337 2720 et
352 2694 453 2720 factum
473 2694 545 2721 lumc
561 2703 621 2722 esse
630 2695 761 2728 dicentes,
775 2701 801 2723 et
815 2697 902 2732 ipsum
914 2697 1026 2723 omnino

238 2736 287 2771 Dei
300 2746 331 2765 ac
346 2738 435 2765 Patris
449 2741 735 2768 cormtbstantiaiitate
746 2740 874 2776 dejicere,
892 2750 951 2776 age,
963 2750 1025 2768 rur-

240 2792 288 2812 sus
303 2793 396 2812 eorum
410 2785 580 2821 intemperiei
597 2792 679 2815 rectae
693 2788 753 2815 ﬁdei
771 2788 924 2815 doctrinam
939 2796 1026 2823 oppo-

241 2834 347 2865 uentes,
370 2832 442 2867 quod
462 2832 540 2860 nobis
554 2837 579 2859 ct
595 2833 746 2861 lectoribus
762 2833 822 2862 usui
850 2833 886 2861 sit
907 2833 1026 2868 profera-

277 2915 299 2933 ³²
316 2916 386 2945 l‘sal.
403 2926 457 2951 δικ,
472 2919 498 2946 5.
538 2919 559 2935 ²³
574 2919 626 2946 lsa.
646 2927 663 2951 ι,
684 2919 710 2946 '2.
749 2920 771 2935 ³³
788 2919 869 2949 liebr.
885 2929 922 2952 ix,
942 2920 981 2946 10.

1082 1634 1153 1671 εἶχον
1171 1645 1179 1662 ι
1199 1636 1306 1672 πνεῦμα
1331 1637 1452 1669 δουλείας
1473 1639 1513 1670 εις
1536 1637 1634 1672 φόϐον,
1657 1638 1682 1664 οί
1705 1638 1734 1664 δὲ
1756 1637 1866 1672 πνεῦμα

1081 1683 1224 1714 υἱοθεσίας.
1238 1693 1247 1709 ι
1260 1683 1298 1715 είς
1313 1683 1477 1719 ἐλευθερίαν,
1497 1693 1506 1709 ι
1523 1684 1552 1710 ὲν
1568 1680 1590 1718 ᾧ
1602 1684 1740 1720 κράζομεν
1754 1691 1760 1697 ·
1782 1684 1868 1710 ’Δϐὗᾶ

1080 1729 1094 1755 ὁ
1115 1730 1219 1765 Πατήρ.
1237 1739 1245 1755 ι
1264 1729 1370 1756 Οὐκοῦν
1387 1731 1402 1756 ὁ
1428 1730 1472 1757 διὰ
1491 1730 1608 1762 πίστεως
1627 1731 1674 1766 τῆς
1691 1731 1730 1762 είς
1748 1730 1866 1766 Χριστὸν

1080 1776 1262 1812 ἀναδήσεσοαι
1279 1777 1383 1812 μέλλων
1398 1777 1438 1809 είς
1450 1777 1587 1804 υἱοθεσίαν
1603 1777 1677 1810 λαὸς,
1697 1777 1824 1812 καθάπερ
1836 1777 1866 1804 ὲν

1081 1823 1169 1854 σκιαῖς
1191 1823 1220 1848 ὲν
1235 1823 1331 1856 ἐκείνῳ
1342 1822 1595 1859 προκατεγράφετο,
1609 1823 1703 1858 ὥσπερ
1714 1821 1761 1849 οὖν
1771 1823 1867 1858 ἀμέλει

1079 1869 1126 1895 καὶ
1142 1869 1190 1903 τὴν
1205 1869 1234 1895 ὲν
1256 1869 1388 1905 πνεύματι
1403 1869 1514 1905 νοοῦμεν
1530 1869 1680 1906 περιτομὴν
1697 1870 1726 1895 ὲν
1741 1871 1774 1904 τῇ
1791 1869 1864 1896 ὲκεί-

1079 1924 1132 1941 νων
1164 1916 1245 1943 πάλιν
1277 1916 1532 1951 προανατυποῦυῑθαι
1565 1917 1664 1952 σαρκί·
1688 1917 1735 1943 καὶ
1770 1916 1867 1951 συλλή-

1079 1961 1144 1995 ϐδην
1170 1962 1271 1992 εἰπεῖν,
1302 1961 1390 1988 πάντα
1417 1959 1450 1997 ἦν
1475 1962 1504 1988 ὲν
1533 1962 1647 1993 ἐκείνοις
1679 1961 1712 1988 τὰ
1744 1962 1867 1997 ἡμέτερα

1078 2007 1210 2040 τυπικῶς.
1242 2008 1313 2042 Πρὸς
1344 2008 1372 2035 δέ
1403 2017 1433 2042 γε
1457 2009 1512 2040 τοῖς
1550 2008 1724 2044 εἰρημένοις,
1756 2008 1866 2035 κάκεῖνό

1079 2063 1185 2089 φαμεν,
1217 2056 1259 2082 ὅτι
1295 2055 1425 2090 κέκληται
1455 2055 1578 2085 τυπικῶς
1611 2056 1650 2086 εἰς
1686 2055 1824 2082 υἱοθεσίαν
1853 2057 1867 2082 ὸ

1085 2100 1191 2135 Ἰσραὴλ
1201 2100 1244 2126 διὰ
1261 2100 1370 2135 μεσίτου
1382 2100 1516 2132 Μωσέως·
1534 2101 1574 2127 διὸ
1588 2101 1633 2127 καὶ
1647 2101 1686 2132 εἰς
1705 2100 1786 2126 αὑτὸν
1804 2100 1867 2126 ἐϐα-

1079 2146 1211 2178 πτίζοντο,
1235 2145 1359 2180 καθάπερ
1375 2147 1389 2172 ὁ
1408 2145 1513 2178 Παῦλός
1533 2155 1624 2181 φησιν,
1648 2146 1678 2172 ὲν
1698 2147 1731 2181 τῇ
1757 2146 1865 2182 νεφέλῃ.

1078 2192 1125 2217 καὶ
1142 2192 1170 2217 ὲν
1189 2192 1221 2226 τῇ
1239 2191 1369 2226 θαλάσσῃ
1388 2191 1434 2218 καὶ
1451 2191 1490 2222 είς
1506 2191 1586 2226 νόμον
1602 2191 1723 2223 δουλείας
1739 2191 1769 2223 ἐξ
1789 2186 1869 2217 εἰδωί

1077 2237 1235 2272 λο).ατρείας
1248 2237 1468 2269 ἀνεσκευάζοντο,
1482 2237 1692 2272 διακονουμένης
1705 2238 1789 2273 αὐτῆς
1809 2238 1865 2273 [αῦ-

1078 2282 1146 2318 τοῖς]
1161 2284 1215 2310 τοῖς
1230 2282 1278 2318 [ἴς.
1297 2282 1356 2319 τῆς]
1378 2284 1406 2309 ὲν
1426 2284 1586 2319 γράμμασιν
1607 2284 1715 2318 ἐντολῆς
1733 2284 1766 2310 δι’
1784 2284 1867 2318 ἀγγέ-

1078 2329 1145 2355 λων·
1160 2330 1183 2355 oi
1198 2329 1225 2355 δὲ
1243 2329 1332 2357 πίστει
1353 2331 1386 2364 τῇ
1405 2330 1444 2360 si;
1460 2329 1576 2364 Χριστὸν
1593 2330 1632 2360 είς
1648 2330 1786 2356 υἱοθεσίαν
1803 2331 1868 2356 ἀνα-

1077 2374 1213 2407 ϐαίνοντες
1227 2374 1304 2406 Θεοῦ,
1322 2375 1371 2401 οὐκ
1394 2376 1433 2406 εἰς
1450 2375 1479 2401 ἓν
1501 2383 1526 2401 τι
1541 2374 1594 2401 τῶν
1609 2375 1741 2410 γενητῶν,
1755 2375 1812 2402 ἀλλ’
1829 2377 1868 2406 εἰς

1078 2421 1162 2456 αὐτὴν
1184 2421 1233 2456 τὴν
1256 2421 1336 2455 ἁγίαν
1357 2420 1530 2456 βαπτίζονται
1553 2420 1665 2456 Τριάδα,
1691 2420 1734 2448 διὰ
1755 2421 1867 2456 μεσίτου

1077 2466 1124 2493 τοῦ
1148 2467 1246 2501 Λόγου,
1271 2467 1451 2498 συνάπτοντος
1473 2466 1522 2502 μὲν
1550 2466 1638 2502 ἑαυτῷ
1656 2466 1690 2493 τὰ
1711 2466 1868 2502 ἀνθρώπινα

1079 2512 1123 2539 διὰ
1135 2513 1185 2548 τῆς
1199 2512 1346 2547 ἑνωθείσης
1361 2513 1471 2546 σαρκὸς,
1486 2513 1687 2548 συναπτομένου
1699 2512 1727 2539 δὲ
1745 2513 1867 2547 φυσικῶς

1079 2557 1117 2594 τῷ
1133 2558 1304 2593 γεννήσαντι,
1329 2557 1395 2584 καθὸ
1421 2558 1501 2592 φύσει
1523 2557 1605 2590 Θεός’
1633 2557 1704 2584 οὕτω
1727 2557 1782 2593 γὰρ
1801 2559 1868 2584 ἀνα-

1077 2603 1169 2638 τρέχει
1182 2603 1212 2630 τδ
1227 2602 1319 2630 δοῦλον
1339 2603 1378 2635 είς
1402 2602 1524 2637 υίότητα,
1542 2602 1585 2628 διὰ
1603 2602 1721 2638 μετοχῆς
1742 2602 1790 2629 τοῦ
1807 2603 1867 2630 κατ’

1078 2649 1206 2684 ἀλήθειαν
1230 2649 1304 2681 Υἰοῦ,
1329 2649 1396 2684 πρὸς
1418 2648 1448 2674 τὸ
1469 2649 1589 2684 ὑπάρχον
1605 2648 1680 2684 αὐτῷ
1700 2648 1770 2676 κατὰ
1788 2649 1867 2684 φύσιν

1080 2694 1198 2729 ἀξίωμα,
1213 2694 1376 2730 καλούμενόν
1389 2703 1418 2721 τε
1429 2695 1475 2721 καὶ
1490 2692 1544 2721 οἷον
1560 2693 1801 2729 ἀναϐιϐαζόμενον.
1820 2695 1867 2721 Διά

1079 2749 1119 2768 τοι
1145 2740 1224 2767 τοῦτο
1239 2741 1361 2775 γεννητοὶ
1375 2741 1508 2776 λεγόμεθα
1522 2741 1568 2775 καὶ
1588 2740 1671 2775 ἐσμὲν
1685 2740 1731 2766 τοῦ
1748 2740 1829 2774 Θεοῦ,
1844 2740 1867 2767 οἱ

1079 2785 1128 2821 τὴν
1154 2786 1199 2812 διὰ
1227 2786 1275 2813 τοῦ
1304 2786 1460 2822 Πνεύματος
1480 2786 1657 2822 ἀναγέννησιν
1681 2786 1726 2813 διὰ
1750 2785 1866 2816 πίστεως

1082 2832 1306 2868 παραδεξάμενοι.
1323 2832 1432 2868 Ἐπειδὴ
1445 2831 1473 2858 δὲ
1487 2831 1678 2867 ῥιψοκινδύνως
1691 2831 1866 2868 ἀποτολμῶσί

1035 2921 1055 2936 ³³
1074 2919 1151 2946 item.
1167 2927 1225 2952 vtu,
1240 2919 1282 2946 15.
1322 2920 1343 2935 ³⁸
1370 2919 1378 2947 l
1405 2919 1467 2947 Cor.
1492 2927 1518 2952 ς,
1540 2920 1564 2947 i.
