2030 3122
141 187 191 217 157

689 189 723 218 ΙΝ
741 188 886 218 JOANNIS
905 188 1132 219 EVANGELIUM
1150 189 1215 217 LIB.
1235 189 1256 218 Ι.

1713 188 1762 215 158

130 251 220 280 ’τινις,
235 249 333 284 ὥσπερ
358 250 405 277 τοῦ
422 249 600 285 Μονογενοῦς,
617 250 688 278 οὕτω
712 251 759 278 καὶ
778 250 826 278 τοῦ
852 251 930 285 ἁγίου

992 259 1055 279 nus.
1072 250 1100 278 Si
1113 251 1187 278 enim
1201 257 1291 285 neque
1304 249 1376 278 Deus
1392 250 1544 278 secundum
1559 253 1697 283 naturam,
1715 257 1765 277 ne-

140 294 351 328 καταψεύδονται
379 295 547 330 Πνεύματος,
569 296 682 331 γενητὸν
709 296 775 322 αὐτὸ
797 296 844 323 καὶ
874 304 933 322 κτι-

141 340 211 366 στὸν.
219 337 290 367 εἶναι
308 340 467 375 φάσκοντες,
493 342 540 368 καὶ
565 341 632 373 ὅλως
656 342 706 376 τῆς
726 341 772 368 τοῦ
797 341 865 368 Θεοῦ
885 342 932 369 καὶ

145 385 250 421 Πατρὸς
267 385 387 418 ἐξέλκειν
403 387 608 422 ὀμοουσιότητος
622 395 629 402 ι
647 387 712 422 φέρε
733 387 764 422 δὴ
781 387 860 414 πάλιν
874 388 933 418 ταῖς

142 431 252 457 ἐκείνων
282 431 534 468 ἀθυρογλωσσίαις,
563 433 608 459 τὸν
635 433 684 468 τῆς
709 433 791 468 ὀρθῆς
816 433 933 465 πίστεως

141 476 333 511 ἆντεξάγοντες
345 477 432 512 λόγον,
445 479 551 509 ἑαυτοῖς
565 487 593 504 τε
606 478 651 505 καὶ
665 480 720 510 τοῖς
732 479 932 514 ἐντευξομένοις

143 521 274 556 ὡφελείας
291 523 464 558 γεννήσωμεν
484 523 619 559 ἀφορμάς.
645 524 676 550 El
697 524 749 559 γὰρ
771 526 840 559 μήτε
865 524 931 556 Θεὸς

144 567 215 594 κατὰ
231 567 322 601 φύσιν,
335 563 357 595 ὦ
370 565 453 600 οὗτοι,
472 569 540 604 μήτε
557 569 608 604 μὴν
632 571 663 595 ὲκ
680 569 747 596 Θεοῦ
769 570 800 596 τὸ
822 570 933 605 Πνεῦμα

144 615 218 640 ἐστιν
238 614 303 641 ῐδιον
316 614 409 647 αὑτοῦ,
428 615 475 641 καὶ
493 615 537 641 διὰ
558 615 637 642 τοῦτο
659 615 793 646 οὑσιωδῶς
811 615 932 650 ὲνυπὰρ-

144 668 192 694 χον
215 659 304 693 αὐτῷ’
328 658 421 694 ἕτερον
447 658 476 685 δέ
500 668 525 685 τι
551 660 615 691 παρ’
630 659 719 689 αὑτὸν,
745 659 792 685 καὶ
812 660 860 693 τῆς
880 659 934 684 τῶν

146 703 336 739 ιτεποιημὲνων
353 704 485 737 ὁμοφυῖας
507 703 555 730 οὐκ
575 703 776 738 ἀπῳκισμένων·
791 704 848 735 πῶς
863 705 886 730 οἱ
901 703 934 729 δι’

146 749 230 776 αὑτοῦ
251 749 425 784 γεννηθέντες
440 750 520 784 ἡμεῖς
528 749 559 775 ἐκ
580 749 646 775 Θεοῦ
661 748 839 784 γεγεννῆσθαι
859 748 934 782 λεγό-

148 794 235 830 μεθα;
250 794 286 821 Ἦ
298 783 351 830 γὰρ
365 795 406 821 ὄτι
417 794 543 830 ψεύδεται
568 783 675 826 πάντως
694 794 808 830 ἐροῦμεν
822 795 836 821 ὁ
852 795 934 828 εὐαγ-

146 840 312 875 γελιστὴς,ἢ
330 840 408 876 εἴπερ
428 840 502 866 ἐστὶν
522 840 633 875 ἀληθὴς,
662 840 716 874 ἔχει
737 839 764 865 δὲ
787 835 867 872 οὕτω,
890 840 935 866 καὶ

147 886 196 921 οὐχ
209 885 319 921 ἑτέρως,
333 886 397 917 Θεδς
414 885 489 912 ἔσται
510 887 557 912 καὶ
579 886 612 912 ὲκ
632 885 698 911 Θεοῦ
715 886 784 912 κατὰ
806 885 885 920 φύσιν
905 884 934 911 τὸ

148 931 269 966 Πνεῦμα,
289 929 318 959 οὗ
339 931 370 966 δὴ
393 931 439 957 καὶ
465 931 602 966 μετίσχειν
625 930 668 957 διὰ
692 930 809 962 πίστεως
827 931 877 965 τῆς
896 932 936 962 εἰς

146 977 263 1015 Χριστὸν
283 978 446 1013 ἀξιούμενοι,
465 978 540 1009 θείας
557 986 586 1003 τε
606 977 712 1011 φύσεως
733 976 935 1011 ἀποτελούμεθα

148 1024 279 1055 κοινωνοὶ,
296 1024 341 1049 καὶ
353 1024 385 1049 ὲκ
398 1023 463 1050 Θεοῦ
476 1023 655 1058 γεγεννῆσθαι
664 1022 810 1057 λεγόμεθα,
825 1022 870 1048 καὶ
881 1021 937 1048 θεοὶ

146 1068 189 1095 διὰ
200 1068 278 1095 τοῦτο
288 1068 502 1103 χρηματίζομεν,
518 1068 547 1094 οὐ
560 1069 650 1103 χάριτι
662 1068 740 1102 μόνον
753 1068 792 1099 εἰς
804 1068 851 1102 τὴν
864 1067 936 1102 ὑπὲρ

148 1114 221 1150 ἡμᾶς
246 1114 425 1149 ὰνιπτάμενοι
441 1113 530 1146 δόξαν,
543 1113 600 1140 ἀλλ’
615 1114 651 1144 ὡς
662 1114 711 1149 ἤδη
727 1114 775 1140 καὶ
782 1112 847 1139 Θεὸν
863 1113 937 1148 ἕχον-

147 1164 194 1192 ira;
204 1161 233 1188 ὲν
247 1160 352 1191 ἑαυτοῖς
362 1158 514 1186 ἐνοικοῦντα
528 1159 575 1186 κιπὺ⁴
589 1159 772 1192 αὐλιζόμενοι),
789 1158 860 1185 κατὰ
868 1158 897 1184 τὸ
909 1159 938 1185 ὲν

148 1205 188 1241 τῷ
213 1206 341 1242 προφήτῃ
362 1205 501 1240 κείμενον,
526 1205 566 1232 ὃτι
593 1214 602 1230 ι
627 1205 774 1239 Ἐνοικήσω
797 1205 825 1230 ὲν
848 1204 938 1235 αὐτοῖς

148 1251 195 1279 καὶ
210 1251 427 1286 ὲμτοεριπατήσω
437 1258 444 1265 ·
464 1259 473 1276 ι
491 1249 552 1276 ἐπεὶ
571 1248 643 1276 κατὰ
660 1249 720 1275 τίνα
734 1249 832 1284 τρόπον
847 1249 938 1282 λεγόν-

148 1306 203 1324 των
210 1297 276 1333 ἡμῖν
291 1297 315 1323 οἱ
330 1296 380 1331 τῆς
386 1295 519 1330 τοσαύτης
525 1294 643 1330 ἀμαθίας
651 1294 776 1329 ἀνάπλεῳ
788 1295 846 1320 ναοὶ
859 1294 936 1327 Θεοῦ,

150 1342 221 1370 κατὰ
233 1342 339 1369 Παῦλον
356 1341 451 1377 ἐσμὲν,
463 1340 493 1367 τδ
502 1340 614 1375 Πνεῦμα
629 1340 734 1375 ἔχοντες
753 1339 896 1367 κατοικοῦν
911 1341 939 1366 ὲν

150 1389 226 1424 ἡμῖν,
235 1389 260 1415 ει
272 1387 310 1424 μὴ
317 1387 382 1419 Θεὸς
390 1386 462 1413 κατὰ
470 1385 550 1420 φύσιν
559 1386 630 1413 ἐστίν
641 1394 648 1418 ;
659 1386 690 1412 Εἰ
703 1386 757 1420 γὰρ
765 1385 865 1420 κτίσμα
880 1385 940 1412 ἐστὶ

150 1435 197 1461 καὶ
205 1433 328 1469 γενητὸν,
335 1433 379 1460 διὰ
388 1433 468 1460 ποίαν
483 1432 573 1459 αἰτίαν
581 1433 653 1467 ἡμᾶς
666 1431 856 1466 ὲκαταφθείρει
863 1431 939 1464 Θεὸς,

149 1480 190 1511 ὡς
199 1479 267 1506 θεοῦ
282 1479 513 1514 καταφθείροντας
529 1478 602 1510 ναὸν,
619 1477 685 1504 ὅταν
693 1477 722 1503 τὸ
738 1477 817 1512 σῶμα
825 1485 941 1512 καταμο-

151 1524 286 1560 λύνωμεν,
298 1523 327 1551 ἐν
337 1518 358 1558 ᾧ
368 1524 398 1550 τὸ
408 1523 519 1559 Πνεῦμα
531 1524 610 1555 οἰκεῖ,
623 1523 686 1558 ὅλην
694 1522 754 1557 ἔχον
762 1522 808 1548 τοῦ
820 1522 885 1548 Θεοῦ
893 1521 940 1548 καὶ

984 304 1039 331 que
1057 304 1089 324 ex
1105 296 1161 324 Deo
1179 299 1222 324 est
1235 296 1356 330 Spiritus
1372 296 1443 330 ejus,
1459 295 1538 330 eique
1548 295 1768 323 substantialiter

984 342 1162 372 inexsistens.
1183 340 1231 369 sed
1246 341 1317 368 alius
1331 340 1366 367 ab
1382 340 1451 374 ipso,
1468 347 1518 367 uec
1533 348 1548 366 a
1571 343 1668 366 natura
1684 346 1768 366 crea—

985 392 1107 414 turarum
1136 388 1251 419 alienus,
1285 386 1420 421 quomodo
1439 393 1498 418 nos,
1526 386 1571 419 qui
1607 394 1654 420 per
1679 386 1766 420 ipsum

985 434 1039 460 nati
1056 441 1160 464 smnus,
1174 441 1205 460 ex
1219 432 1272 459 Deo
1286 432 1340 458 nati
1356 431 1493 458 dicimur?
1504 432 1558 457 Aut
1570 433 1641 458 enim
1659 429 1768 457 mentiri

986 480 1064 514 plane
1087 479 1281 514 evangelistam
1303 477 1448 504 fatebimur
1466 486 1472 503 ε
1499 480 1544 503 aut
1573 477 1595 502 si
1615 483 1694 503 verax
1715 481 1767 506 est.

986 525 1065 553 sicuti
1083 529 1124 552 est
1142 524 1273 559 proiecto,
1287 523 1358 550 Deus
1376 523 1437 555 erit,
1456 527 1483 549 et
1497 530 1528 548 ex
1546 521 1599 548 Deo
1617 522 1767 548 secundum

986 575 1109 597 naturam
1128 569 1267 605 Spiritus:
1291 569 1370 603 cujus
1396 567 1604 602 participatione
1623 574 1669 601 per
1690 566 1768 592 Iidem

986 617 1012 642 iu
1032 616 1171 642 Christum
1188 614 1292 647 donati,
1318 618 1344 641 et
1372 618 1475 640 natura:
1499 612 1598 639 divina:
1619 612 1767 646 participes

985 661 1127 692 ellicimur,
1151 665 1177 687 et
1198 668 1230 687 ex
1249 659 1303 686 Deo
1320 659 1374 686 nati
1393 666 1453 686 csse
1470 658 1597 688 dicimur,
1612 661 1639 684 et
1656 664 1716 683 eam
1734 657 1769 682 ob

986 714 1042 732 rem
1060 706 1097 732 dii
1113 712 1312 740 nuncupantur,
1336 712 1391 730 non
1411 703 1498 739 gratia
1514 703 1601 730 solum
1619 702 1651 728 ad
1668 708 1766 736 super-

985 751 1135 778 naturaletn
1156 750 1267 786 gloriam
1284 749 1387 781 evecti,
1405 748 1451 775 sed
1474 755 1528 782 quo
1550 747 1606 781 jam
1629 746 1711 773 Deum
1742 745 1769 772 in

985 796 1065 823 nobis
1081 796 1247 822 habitantem
1275 798 1357 829 atque
1374 794 1556 821 diversantem
1572 792 1721 819 habeamus
1734 790 1770 823 ",

983 841 1062 876 juxta
1077 841 1142 868 illud
1156 840 1293 875 prophetm
1308 840 1411 866 dictum
1429 848 1435 866 ε
1458 848 1467 864 ‹
1482 838 1550 870 Quia
1568 837 1726 864 inhaltitabo
1744 836 1771 862 in

986 887 1053 921 ipsis
1067 890 1094 914 et
1111 886 1283 913 iuambulabo
1297 886 1367 912 inter
1378 892 1425 911 eos
1441 884 1473 911 ³⁸.
1494 893 1502 909 ι
1518 882 1640 917 Alioqui,
1659 889 1773 916 respon-

986 934 1080 965 deant,
1102 940 1204 967 quzeso,
1222 932 1311 964 nobis,
1329 932 1376 966 qui
1395 934 1469 958 tanta
1482 929 1556 965 pleni
1573 932 1637 956 sunt
1655 928 1772 958 Inscitia,

986 977 1124 1012 quomodo
1139 976 1237 1010 templa
1264 975 1308 1003 Dei
1327 976 1425 1006 simus,
1446 975 1524 1008 juxta
1544 973 1658 999 Paulum
1675 972 1714 1002 ",
1732 971 1773 997 in-

987 1023 1154 1049 habitantem
1172 1022 1198 1048 in
1213 1021 1292 1048 nObis
1308 1020 1438 1055 Spiritum
1455 1019 1586 1046 habentes
1599 1038 1606 1050 ,
1621 1017 1674 1044 nisi
1690 1016 1774 1050 Spiri-

989 1073 1032 1096 tus
1048 1068 1118 1095 Dcus
1135 1067 1171 1094 sit
1188 1067 1339 1094 secundum
1358 1065 1503 1092 naturam?
1516 1064 1539 1091 si
1556 1063 1629 1090 enim
1647 1066 1772 1089 creatura

987 1118 1039 1146 est,
1056 1122 1087 1140 ac
1103 1121 1181 1148 opus,
1209 1120 1290 1147 quam
1305 1112 1340 1139 ob
1355 1118 1466 1139 causam
1491 1109 1563 1137 Deus
1580 1116 1631 1135 nos
1646 1107 1772 1137 destruit,

988 1164 1115 1195 tanquam
1133 1159 1178 1193 qui
1190 1158 1235 1185 Dei
1251 1158 1382 1192 templum
1398 1157 1584 1187 destrtlamus,
1600 1162 1661 1181 eum
1674 1161 1774 1188 corpus

988 1205 1172 1239 iuquinamus,
1183 1203 1221 1230 'in
1239 1210 1293 1238 quo
1312 1202 1430 1236 Spiritus
1447 1201 1551 1228 habitat
1571 1200 1612 1232 ‘°,
1627 1199 1674 1234 qui
1691 1203 1775 1226 totam

990 1250 1035 1277 Dei
1054 1257 1086 1277 ac
1119 1249 1207 1276 Patris
1235 1253 1262 1275 et
1294 1247 1420 1275 similiter
1448 1246 1586 1281 Unigeniti
1621 1245 1776 1272 naturalem

989 1295 1181 1329 proprietatem
1193 1292 1248 1328 94
1258 1293 1285 1319 in
1301 1299 1330 1319 se
1343 1291 1442 1318 habet?
1452 1290 1519 1317 Nam
1532 1290 1669 1324 quomodo
1682 1296 1776 1316 verum

988 1340 1040 1366 erit
1059 1338 1131 1373 quod
1147 1346 1162 1365 ιι
1174 1338 1318 1364 Salvatore
1333 1336 1432 1364 dicitur
1451 1344 1457 1362 :
1477 1344 1486 1361 ι
1503 1334 1531 1362 Si
1544 1334 1605 1369 quis
1618 1334 1706 1369 diligit
1723 1340 1777 1364 me,

989 1391 1143 1412 sermonem
1169 1391 1259 1411 meum
1285 1381 1418 1412 servabit,
1444 1385 1472 1409 et
1490 1379 1570 1408 Pater
1586 1387 1663 1407 meus
1686 1379 1779 1414 diliget

989 1437 1062 1461 eum,
1081 1431 1108 1466 et
1119 1427 1151 1454 ad
1165 1435 1227 1455 eum
1244 1426 1395 1459 veniemus,
1407 1429 1433 1453 et
1447 1425 1616 1453 mansionem
1630 1423 1701 1459 apud
1716 1430 1778 1450 eum

991 1474 1148 1501 faciemus"
1161 1493 1168 1505 ,
1182 1483 1190 1498 ι
1208 1481 1269 1500 cum
1280 1472 1399 1507 Spiritus
1417 1472 1452 1499 sit
1464 1471 1510 1506 qui
1523 1470 1629 1498 habitat
1645 1470 1672 1496 in
1691 1469 1780 1501 nobis,

990 1525 1017 1548 et
1034 1527 1081 1554 per
1099 1519 1188 1553 ipsum
1208 1518 1307 1545 habere
1326 1525 1376 1544 nos
1401 1516 1510 1544 Patrem
1529 1515 1610 1543 simul
1632 1518 1659 1542 ct
1682 1513 1778 1541 Filium

151 1571 257 1607 Πατρὺς
273 1570 322 1606 τὴν
337 1570 455 1605 φυσικὴν
471 1569 600 1604 ἰδιότητα,
612 1570 658 1596 καὶ
679 1569 778 1604 ὁμοίως
793 1568 838 1594 τοῦ
854 1569 940 1595 Μονο-

993 1566 1147 1596 credamus,
1163 1564 1392 1599 quemadmodum
1413 1563 1471 1598 ipse
1486 1570 1598 1598 quoque
1614 1568 1710 1588 rursus
1733 1561 1769 1587 ali

151 1617 263 1652 γενοῦ;;
281 1616 358 1643 Ἐπεὶ
370 1615 427 1647 πῶς
441 1615 585 1651 ἀληθεύσει
600 1615 686 1649 λέγων
700 1615 714 1640 ὀ
731 1614 837 1649 Σωτὴρ,
852 1622 863 1639 ι
880 1613 942 1640 Ἐάν

153 1672 194 1696 τηις
211 1663 307 1698 ἀγαπᾷ
323 1671 367 1698 με,
380 1661 425 1688 τὸν
440 1661 522 1696 λόγον
542 1670 591 1693 μου
614 1661 737 1696 τηρήσει,
753 1660 799 1686 καί
820 1661 834 1686 ὁ
851 1659 945 1694 Πατήρ

154 1718 204 1744 μου
218 1710 358 1745 ἀγαπήσει
382 1707 474 1740 αὑτὸν,
497 1707 543 1733 καὶ
571 1706 639 1742 πρὸς
667 1706 749 1732 αὑτὸν
770 1705 944 1740 ἐλευσόμεθα,

151 1753 199 1780 καὶ
213 1753 242 1780 ἐν
257 1751 331 1788 αὺτῷ
352 1752 554 1787 καταλύσομεη
571 1750 681 1778 »Καίτοι
702 1751 732 1777 τὸ
751 1750 862 1786 Πνεῦμα
888 1751 946 1777 ἐστι

151 1799 182 1826 τὸ
193 1797 338 1826 κατοικοῦν
352 1798 381 1824 ὲν
395 1793 470 1832 ἡμῖν,
487 1797 533 1823 καὶ
548 1796 581 1822 δι’
595 1795 678 1822 αὑτοῦ
694 1795 860 1830 πιστεύομεν
875 1795 946 1830 ἔχειν

154 1844 214 1879 ἆμα
227 1843 275 1871 τὸν
290 1843 403 1878 Πατέρα
428 1841 532 1869 καὶτὸν
550 1841 622 1873 Υιὺν,
639 1840 762 1876 καθάπερ
775 1838 820 1867 οὖν
834 1840 885 1875 ἔφη
901 1840 947 1867 καὶ

153 1890 234 1922 αὑτός
251 1898 303 1916 που
323 1889 401 1916 πάλιν
417 1888 431 1914 ὁ
453 1888 580 1923 Ἰωάννης
604 1888 631 1913 ὲν
653 1886 840 1917 Ἐπιστολαῖς·
871 1895 879 1911 ι
903 1885 946 1911 Ἐν

154 1938 241 1973 τούτῳ
255 1936 435 1972 γινώσκομεν,
451 1936 492 1962 ὅτι
517 1935 545 1961 ἐν
569 1933 643 1969 αὐτῷ
661 1934 787 1968 μένομεν,
805 1932 852 1958 καὶ
869 1932 948 1963 αὐτὸς

155 1984 183 2009 ὲν
199 1984 278 2019 ἡμῖν,
294 1983 335 2009 ὅτι
351 1983 383 2008 ὲκ
395 1981 441 2008 τοῦ
458 1980 615 2015 Πνεύματος
630 1980 711 2006 αὖτοῦ
726 1979 826 2005 ἔδωκεν
841 1979 916 2013 ἡμῖν.
936 1986 945 2003 ι

154 2029 218 2061 Πῶς
232 2029 262 2055 δὲ
277 2029 345 2060 ὅλως
355 2028 401 2054 καὶ
412 2027 480 2054 Θεοῦ
497 2027 659 2062 κεκλήσεται
683 2025 805 2060 Πνεῦμα,
825 2025 848 2050 εἰ
868 2024 904 2059 μὴ
920 2023 948 2056 ἐξ

156 2073 239 2102 αὐτοῦ
267 2074 313 2100 καὶ
328 2074 356 2099 ὲν
371 2072 446 2106 αὑτῷ
462 2071 532 2098 κατὰ
546 2070 626 2105 φύσιν
650 2069 718 2101 ἐστὶ,
741 2069 787 2094 καὶ
808 2067 849 2094 διὰ
871 2068 949 2093 τοῦτο

155 2119 238 2153 Θεός;
265 2120 297 2145 Et
322 2118 375 2153 γὰρ
395 2118 527 2152 ὑπάρχον,
541 2116 577 2148 ὡς
605 2114 702 2141 ἐκεῖνοί
729 2122 806 2148 φασι,
825 2112 948 2148 γενητὸν,

158 2165 268 2201 πνεῦμά
283 2166 342 2191 ὲστι
364 2163 410 2191 τοῦ
426 2163 504 2195 Θεοῦ,
528 2162 558 2188 τὸ
580 2161 684 2187 κωλύον
710 2159 786 2186 οὐδὲν
807 2158 950 2192 πνεύματα

157 2211 225 2239 Θεοῦ
243 2212 290 2239 καὶ
312 2211 346 2238 τὰ
361 2210 428 2238 ἄλλα
445 2209 587 2236 καλεῖσθαι
611 2208 765 2242 ποιήματα·
785 2205 883 2240 φθάσει
897 2205 949 2240 γὰρ

996 1612 1057 1640 cubi
1077 1611 1197 1638 Joannes
1218 1611 1245 1637 in
1263 1610 1393 1645 Epistolis
1411 1610 1469 1636 ait:
1491 1618 1500 1634 ι
1520 1609 1548 1635 lu
1575 1609 1626 1635 hoc
1639 1606 1782 1642 cognosci-

996 1667 1066 1691 mus,
1082 1658 1209 1693 quoniam
1227 1657 1252 1683 in
1272 1657 1331 1691 ipso
1347 1663 1501 1687 manemus,
1527 1658 1554 1682 et
1573 1654 1632 1689 ipse
1649 1653 1676 1680 in
1692 1653 1782 1683 nobis,

996 1704 1124 1740 quoniam
1140 1703 1173 1729 de
1189 1703 1290 1737 Spiritu
1308 1710 1358 1730 suo
1375 1701 1450 1728 dedit
1464 1700 1544 1728 nobis
1559 1699 1591 1726 ".
1612 1708 1621 1724 ι
1640 1697 1783 1732 Quomodo

996 1759 1071 1782 vero,
1089 1757 1199 1784 qureso,
1220 1748 1341 1784 Spiritus
1361 1755 1470 1782 quoque
1488 1746 1534 1773 Dei
1549 1745 1702 1777 vocabitur,
1730 1743 1784 1770 nisi

995 1805 1027 1824 ex
1046 1797 1106 1831 ipso
1117 1800 1143 1823 et
1156 1795 1182 1822 in
1198 1795 1258 1830 ipso
1276 1794 1426 1822 secandum
1443 1796 1568 1819 naturam
1584 1791 1630 1823 sit,
1642 1798 1674 1817 ac
1690 1790 1784 1824 proin-

997 1843 1031 1870 de
1047 1842 1136 1869 Deus?
1157 1841 1185 1868 Si
1203 1840 1274 1867 enim
1293 1844 1400 1866 creatus
1415 1846 1477 1866 cum
1499 1838 1545 1870 sit,
1564 1841 1594 1864 ut
1619 1836 1658 1863 illi
1678 1836 1784 1866 volunt,

998 1888 1044 1915 Dei
1068 1892 1158 1914 tamen
1185 1891 1227 1913 est
1256 1885 1393 1920 spiritus:
1421 1884 1489 1911 nihil
1517 1885 1609 1911 obstat
1639 1882 1785 1916 quominus

998 1935 1065 1961 alias
1083 1940 1191 1968 quoque
1215 1936 1356 1958 creaturas
1377 1930 1492 1965 spiritus
1518 1928 1565 1955 Dei
1591 1935 1731 1955 vocemus.
1757 1926 1786 1952 Id

998 1980 1070 2007 enim
1092 1980 1118 2006 in
1134 1986 1181 2005 eas
1196 1978 1289 2011 utique
1304 1976 1404 2003 cadere
1420 1976 1532 2010 poterit,
1554 1975 1576 2001 si
1592 1973 1713 2008 profecto
1729 1971 1785 1998 ﬁeri

1000 2029 1088 2060 potest
1107 2027 1135 2050 ut
1150 2028 1241 2050 creata
1266 2022 1419 2050 substantia
1440 2022 1475 2048 sit
1489 2021 1604 2056 spiritus
1621 2020 1679 2047 Dei.
1704 2019 1786 2045 Plura

999 2070 1108 2105 quidem
1124 2074 1197 2096 certe
1211 2069 1254 2095 hic
1268 2072 1360 2095 essent
1373 2066 1488 2094 dicenda
1501 2087 1508 2099 ,
1525 2070 1551 2093 et
1565 2065 1679 2100 longiori
1696 2064 1787 2098 dispu-

1001 2116 1104 2142 tatione
1131 2114 1277 2142 evertenda
1304 2116 1378 2140 esset
1406 2111 1598 2139 ltwreticorum
1628 2109 1786 2136 temeritas:

1001 2162 1047 2189 sed
1061 2170 1123 2189 cum
1140 2161 1173 2188 de
1197 2164 1292 2187 sancto
1316 2159 1422 2194 Spiritu
1445 2158 1473 2185 in
1498 2157 1570 2184 libro
1597 2155 1634 2182 De
1658 2154 1789 2181 Triuitate

1000 2208 1056 2243 jam
1085 2206 1193 2234 abunde
1225 2205 1452 2237 tractaverimus,
1477 2203 1554 2238 plura
1579 2201 1671 2228 dicere
1696 2206 1790 2233 super-

159 2261 206 2288 καὶ
218 2261 263 2288 ἐπ’
275 2259 344 2288 αὐτὰ
362 2259 474 2293 δυνάμει
488 2256 518 2283 τὸ
530 2256 655 2291 πρᾶγμα,
671 2255 749 2289 εἴπερ
763 2253 831 2284 ὅλως
845 2253 951 2287 ἐνδέχε-
968 2251 991 2280 ι)
1005 2253 1172 2281 scdebimus.

159 2317 204 2337 ται
219 2307 338 2343 γενητὴν
353 2290 446 2332 οὐσίαν
459 2290 567 2338 πνεῦμα
586 2301 718 2335 ὑπάρχειν
733 2299 780 2326 τοῦ
798 2299 875 2325 Θεοῦ.
891 2299 944 2325 Καὶ
964 2298 996 2336 ἦν
1020 2299 1069 2335 μὲν
1091 2299 1176 2331 ὅντως
1201 2297 1357 2329 ἀκόλουθον,
1385 2296 1489 2332 μακρὸν
1510 2294 1556 2321 ἐπὶ
1590 2292 1694 2323 τούτοις
1727 2290 1792 2316 ἀνα·

160 2338 259 2387 τττύέαι
281 2338 372 2388 ⁵λόγον,
393 2352 440 2379 καὶ
464 2350 508 2377 διδι
537 2350 668 2376 πλειόνων
694 2347 883 2381 ἀδολεσχῆσαι,
917 2346 966 2378 τὰς
984 2348 1038 2374 τῶν
1070 2347 1183 2374 ἀνοσίων
1206 2345 1350 2382 αἱρετικῶν
1364 2344 1564 2379 ἀνατρέποντας
1579 2339 1724 2370 ἀϐουλίας·
1742 2338 1793 2372 ἁρο

161 2382 279 2433 seu»;
289 2382 380 2436 δὲἠδῆ
395 2397 559 2433 διειληφότες
571 2395 615 2423 διὰ
628 2395 675 2422 τοῦ
690 2394 767 2429 ἁγίου
788 2393 956 2429 Πνεύματος,
978 2395 1006 2420 ἐν
1022 2394 1061 2430 τῷ
1084 2394 1153 2429 Περὶ
1172 2392 1224 2428 τῆς
1248 2392 1337 2428 ἁγίας
1373 2390 1493 2425 τριάδος
1530 2387 1632 2422 Βιϐλίῳ,
1657 2385 1688 2412 τὸ
1710 2382 1793 2413 πολλὰ

161 2447 251 2483 λέγειν
270 2447 323 2478 ἔτι,
340 2446 425 2473 διάτοι
442 2444 521 2471 τοῦτο
536 2442 707 2478 παρήσομεν.

195 2494 250 2522 Καὶ
267 2495 284 2521 d
297 2495 391 2528 Λόγος
403 2490 483 2526 σὰρξ
497 2489 624 2525 ἐγένετο.

197 2539 364 2574 Εἱσϐἐϐηκεν
378 2536 430 2573 ἥδη
449 2535 576 2571 καθαρῶς
592 2534 637 2562 διὰ
656 2533 751 2560 τούτου
770 2533 810 2565 εἰς
826 2532 871 2558 τδν
885 2532 949 2567 περὶ

160 2580 211 2622 ﬁt;
225 2584 455 2620 ὲνανθρωπὴσεως
468 2582 555 2616 λόγον.
573 2581 634 2607 Ὅτι
651 2580 706 2615 γὰρ
718 2578 784 2609 Υἱὸς
805 2576 948 2612 ἀνθρώπου

164 2632 258 2668 γέγονὲ
273 2640 305 2658 τε
334 2630 384 2666 ἤδη
406 2629 452 2656 καὶ
476 2626 677 2663 κεχρημάτικεν
695 2626 709 2652 ὁ
727 2623 890 2658 Μονογενὴς,
907 2622 950 2654 ἐξ-

163 2680 270 2715 ηγιῑται
287 2676 396 2711 σαφῶς·
418 2674 542 2710 σημαίνει
557 2672 611 2708 γὰρ
631 2668 718 2702 τοῦτο,
735 2670 782 2697 καὶ
801 2669 892 2704 ἓτερον
908 2668 954 2694 οὑ-

166 2724 220 2758 δὶν,
232 2723 264 2750 τὸ
279 2723 368 2758 σάρκα
381 2720 505 2755 γενέσθαι
517 2721 563 2746 τδν
573 2718 658 2753 Λόγον
671 2717 758 2745 εἰπεῖν
767 2725 773 2731 ·
785 2717 874 2751 ὅμοιον
889 2714 954 2749 γὰρ,

165 2771 202 2803 ὡς
223 2771 248 2796 εἰ
265 2769 312 2796 καὶ
330 2767 495 2803 γυμνότερον
518 2766 645 2800 ἔφασκεν,
670 2763 700 2790 '0
719 2762 802 2796 Λόγος
818 2761 959 2796 ἄνθρωπος

167 2816 282 2852 ἐγένετο.
298 2813 418 2842 Ξένονδὲ
431 2813 511 2840 πάλιν
525 2813 600 2847 ἡμῖν,
613 2811 629 2846 ῆ
644 2808 775 2844 ἀσύνηθες
791 2807 867 2834 οὐδὲν
881 2805 952 2832 οὕτω

1036 2483 1064 2516 I,
1081 2483 1125 2510 l4.
1145 2482 1178 2509 Et
1201 2481 1313 2509 Verbum
1337 2487 1398 2506 caro
1415 2478 1514 2513 factum
1535 2479 1584 2502 est.

1036 2530 1135 2565 Aperte
1151 2529 1259 2556 demum
1282 2527 1325 2554 his
1349 2525 1440 2553 verbis
1466 2521 1664 2550 incarnationis
1688 2527 1791 2548 set-uror

1003 2584 1064 2603 nem
1079 2574 1240 2610 ingreditur.
1264 2573 1344 2600 Clare
1366 2571 1438 2599 enim
1453 2570 1534 2597 docet
1558 2567 1657 2595 Filium
1675 2567 1796 2594 hominis

1006 2622 1107 2649 factum
1135 2625 1161 2648 et
1185 2619 1351 2655 appellatum
1375 2625 1437 2645 esse
1460 2614 1648 2651 Unigenitum.
1670 2613 1699 2640 ld
1724 2613 1796 2640 enim

1008 2666 1144 2702 signiﬁcat
1162 2665 1225 2692 illud
1250 2663 1324 2699 quod
1343 2663 1392 2695 ait,
1419 2661 1540 2689 Verbum
1559 2667 1670 2687 carnem
1695 2659 1797 2686 factum

1009 2721 1079 2740 esse.
1098 2712 1169 2739 ldetn
1194 2711 1266 2738 enim
1291 2713 1334 2737 est
1362 2716 1395 2736 ac
1420 2707 1444 2735 si
1464 2707 1578 2738 diceret,
1594 2705 1714 2732 Verbum
1734 2711 1798 2731 esse

1013 2759 1113 2786 factum
1126 2757 1273 2785 hominem.
1290 2754 1367 2788 Quod
1383 2761 1445 2782 cum
1463 2753 1513 2785 ait,
1527 2751 1595 2779 nihil
1611 2750 1692 2778 nobis
1708 2749 1798 2777 inusi-

1007 2808 1092 2832 tatum
1110 2808 1155 2831 aut
1181 2802 1353 2838 peregrinum
1366 2799 1476 2835 ingerit,
1492 2805 1554 2826 cum
1577 2796 1738 2832 plerumque
1756 2793 1798 2820 di-

203 2875 249 2901 ”l
276 2875 341 2901 (lor.
364 2880 400 2905 vr,
429 2874 472 2899 19.
510 2872 531 2887 "
549 2871 633 2904 Loyit.
663 2876 734 2900 xxvr,
762 2867 847 2900 19;“
874 2866 935 2893 (lor.

1008 2857 1055 2892 '16.
1095 2862 1197 2891 "Rom.
1211 2869 1269 2895 rm,
1287 2861 1311 2888 l.
1350 2860 1371 2876 ⁵ο
1384 2858 1466 2886 lCor.
1485 2865 1526 2891 tu,
1542 2856 1584 2889 15,
1601 2854 1643 2882 16.
1682 2853 1702 2869 "
1719 2851 1797 2879 Joan.

172 2918 229 2942 ιιν,
255 2905 315 2945 ’ὣς
340 2909 360 2924 δ’
377 2907 388 2942 1
405 2906 483 2938 Joau,
501 2915 534 2937 iv.
551 2907 581 2933 l3
