2030 3122
161 157 208 185 t6!
696 157 728 184 ιΝ
745 157 886 186 ,ίυΑΝΜΞ
906 158 1131 186 Εινλδοιξιλιυιι
1150 159 1212 186 LIB.
1232 159 1252 186 ῐ.

1734 140 1791 188 7162

158 213 231 240 κατὰ
255 212 336 248 φύσιν
359 213 387 240 ὲν
405 214 497 249 σαρκὶ,
515 213 562 240 καὶ
581 213 651 249 μετὰ
676 214 776 250 caput;
789 235 796 247 ,
826 215 863 246 ὡς
885 215 945 242 tam

1006 216 1081 243 illam
1096 216 1205 249 habeat,
1222 220 1250 244 et
1262 219 1352 244 tamen
1367 220 1397 244 ut
1408 217 1483 245 aliud
1493 217 1559 252 quid
1577 218 1746 254 intelligatur
1757 219 1791 246 ab

160 261 229 295 ἔχων
242 259 336 295 αὐτὴν,
354 260 402 286 καὶ
415 260 452 291 ὡς
468 259 561 295 ἕτερόν
574 268 600 286 τι
616 261 680 296 παρ’
697 261 782 296 αὐτὴν
797 261 952 296 νοούμενος,

160 307 208 333 καὶ
222 307 251 332 έν
265 306 334 342 αὐτῇ
350 307 397 332 καὶ
417 307 465 332 σὺν
479 306 546 341 αὐτῇ
563 307 799 342 προσκυνούμενος
809 326 818 339 ,
837 307 907 334 κατὰ
923 307 953 333 τὺ

159 353 188 379 ἐν
208 351 247 387 τῷ
263 352 393 387 προφήτῃ
410 351 536 386 κείμενον
558 351 657 387 Ἠσαίᾳ.
670 360 676 367 ·
698 361 707 377 ι
725 352 836 387 Ἀνδρες
856 352 954 388 ὑψηλοὶ

158 397 206 424 ἐπὶ
218 397 248 423 σὲ
261 396 446 432 διαϐήσονται,
466 397 512 422 καὶ
530 397 570 423 σοὶ
591 397 697 423 ἔσονται
711 396 798 423 δοῦλοι
809 417 815 429 ,
831 397 877 423 καὶ
894 397 953 423 ὀπί-

160 448 200 467 σω
224 449 270 466 σου
293 439 506 475 ἀκολουθήσουσι
527 440 663 475 δεδεμένοι
684 441 874 476 χειροπέδαις,
906 442 953 468 καὶ

159 485 378 522 προσκυνήσουσί
394 494 450 517 σοι,
480 485 526 512 καὶ
544 487 573 512 ὲν
591 487 632 512 σοί
646 486 851 521 προσεύξονται,
864 488 905 512 ὅτι
923 488 952 513 ὲν

159 533 202 558 σοὶ
217 534 231 558 6
242 532 308 563 Θεός
325 532 393 563 ἐστι,
410 532 456 558 καὶ
472 532 521 558 οὐκ
535 532 592 558 ἔστι
609 532 674 563 Θεὸς
691 532 760 567 πλὴν
776 532 833 559 σοῦ.
852 542 861 559 ι
887 533 952 560 Ἰδοὺ

159 577 207 604 καὶ
230 579 259 605 ὲν
272 577 347 612 αθτῷ
362 577 427 604 Θεὸν
440 576 510 604 εἷναί
529 586 595 612 φασι
607 598 614 610 ,
644 579 681 613 μὴ
700 577 887 610 ἁποδιελόντες
902 578 949 604 τοῦ

160 623 249 658 Λόγου
263 623 313 658 τὴν
335 623 425 659 σάρκα
437 632 443 639 ·
464 624 511 650 καὶ
528 624 609 650 πάλιν
629 624 678 649 οὑκ
693 621 762 650 εἷναι
782 624 874 658 ἓτερον
886 623 951 650 Θεὸν

161 669 231 705 πλὴν
248 669 329 696 αὐτοῦ
351 669 566 705 διισχυρίσαντο,
581 670 703 701 ἑνοῦντες
714 669 753 705 τῷ
767 670 845 704 Λόγῳ
857 670 888 696 τὸ
904 678 951 705 φο-

163 714 303 750 ρούμενον,
316 715 353 748 ὡς
367 715 432 742 ἴδιον
446 715 540 749 αὑτοῦ,
556 715 627 742 τοῦτ’
640 715 698 742 ἐστι
709 715 754 742 τὸν
767 716 800 742 ἐκ
811 716 951 751 Παρθένου

161 761 223 788 ναόν
234 770 242 776 ·
259 758 297 792 εἷς
310 761 364 796 γάρ
379 762 407 795 ἐξ
423 762 524 796 ἀμφοῖν
543 763 556 788 ό
573 761 699 796 Χριστός.

195 805 251 832 Καὶ
264 806 441 841 ἐσκήνωσεν
455 806 489 833 ἐν
507 806 589 841 ἡμῖν.

200 852 428 888 Ἐπεξεργάζεται
451 854 596 888 χρησίμως
617 853 647 880 τὸ
673 854 817 890 εἰρημένον
839 855 853 881 ό
868 856 949 890 εὐαγ-

160 899 294 934 γελιστὴς,
305 899 352 926 καὶ
366 900 405 931 εἰς
416 900 621 936 ἐμφανεστέραν
636 900 695 934 ἄγει
709 900 827 927 διάνοιαν
838 901 886 936 τὴν
900 901 947 928 τοῦ

161 945 337 980 θεωρήματος
348 944 463 980 δύναμιν
474 954 480 961 ·
493 945 585 980 ἐπειδὴ
601 946 654 981 γὰρ
667 946 717 982 ἔφη
733 947 822 982 σάρκα
835 947 948 982 γεγενῆ-

162 990 222 1018 σθαι
238 991 283 1017 τὸν
299 990 346 1016 τοῦ
363 990 429 1016 Θεοῦ
439 990 535 1025 Λόγον,
553 991 596 1018 ἵνα
612 992 648 1027 μή
665 1000 705 1023 τις
716 993 748 1019 ὲκ
763 992 860 1027 πολλῆς
877 993 948 1026 ἀμα-

160 1037 220 1068 θίας
247 1036 297 1071 τῆς
319 1036 369 1072 μὲν
389 1037 454 1067 ἰδίας
479 1037 559 1063 αὐτὸν
582 1037 710 1064 ὑπολάϐοι
728 1039 834 1072 φύσεως
852 1038 948 1073 ἐκδρα-

162 1084 236 1118 μεῖν,
254 1082 490 1118 μεταπεποιῆσθαι
507 1083 535 1109 δὲ
551 1083 634 1115 ὄντως
652 1085 692 1115 είς
709 1084 798 1120 σάρκα
816 1084 880 1120 (καὶ
895 1092 948 1110 πα-

160 1131 227 1161 θεῖν,
254 1129 322 1164 ὅπερ
346 1128 380 1164 ἦν
399 1129 528 1156 ἀδύνατον
541 1138 547 1145 ·
564 1130 733 1162 ἀλλοιώσεως
756 1131 809 1165 γὰρ
828 1130 945 1166 ἁπάσης,

160 1175 206 1202 καὶ
221 1175 373 1210 μεταϐολῆς
395 1175 444 1210 τῆς
458 1175 500 1209 ἐφ’
517 1175 609 1211 ἔτερόν
631 1185 667 1209 τι,
688 1177 758 1202 κατὰ
772 1176 817 1202 τὸν
830 1176 876 1202 τοῦ
888 1176 947 1207 πῶς

160 1219 228 1248 εἶναι
240 1221 319 1255 λόγον
340 1220 463 1250 τὺ,Θεῖον
486 1221 651 1257 ἀπῴκισται)
667 1230 673 1236 ·
691 1221 780 1253 καλῶς
795 1230 826 1256 γε
846 1222 946 1257 σφόδρα

160 1266 243 1293 ποιῶν
257 1268 271 1293 ὁ
286 1266 410 1300 θεολόγος
429 1267 581 1302 ἐπήνεγκεν
597 1267 691 1299 εὐθὺς,
723 1268 763 1294 ὅτι
783 1278 790 1293 ι
803 1268 857 1293 Καὶ
871 1267 949 1302 ἐσκή-

160 1321 244 1340 νωσεν
258 1313 287 1340 ἐν
298 1313 373 1348 ἡμῖν,
386 1322 394 1338 ι
412 1313 454 1339 ἵνα
471 1313 518 1340 δύο
528 1314 627 1348 νοήσας
639 1313 672 1339 τὰ
690 1314 889 1349 σημαινόμενα,
901 1313 946 1340 τόν

159 1367 188 1385 τε
204 1358 355 1395 σκηνοῦντα
369 1359 415 1385 καί
431 1359 460 1385 τὸ
475 1360 503 1385 ὲν
517 1355 539 1392 ᾧ
552 1360 568 1395 ὴ
585 1359 732 1394 σκήνωσις,
750 1360 786 1395 μὴ
802 1359 841 1390 εις
859 1359 947 1394 σάρκα

159 1404 386 1440 παρατετράφθαι
404 1405 518 1440 νομίσῃς
537 1405 629 1437 αὑτὸν,
650 1406 788 1440 σκηνῶσαι
804 1406 831 1432 δὲ
847 1405 947 1441 μᾶλλον

158 1449 187 1474 ἐν
203 1448 302 1484 σαρκὶ,
324 1449 361 1480 ὡς
377 1449 433 1484 ἰδίῳ
456 1451 700 1486 προσχρησάμενον
715 1450 835 1486 σώματι,
860 1451 899 1486 τῷ
915 1453 947 1477 ὲκ

157 1493 208 1529 τῆς
221 1494 302 1528 ἁγίας
315 1495 454 1530 Παρθένου
470 1495 535 1530 ναῷ·
552 1505 561 1521 ι
583 1496 627 1522 Ἑν
642 1496 716 1532 αὺτῷ
732 1497 785 1534 γὰρ
802 1496 946 1534 κατῴκησε

158 1542 212 1568 πᾶν
236 1541 268 1567 τὸ
288 1541 425 1577 πλήρωμα
440 1542 489 1577 τῆς
513 1541 639 1576 θεότητος
654 1544 832 1579 σωματικῶς,
857 1553 865 1569 ι
880 1545 917 1576 ὡς
931 1545 945 1571 ὁ

158 1587 264 1620 Παῦλός
283 1596 383 1624 φησιν·
410 1589 594 1623 ὲσκηνωκέναι
618 1597 649 1625 γε
669 1590 721 1625 μὴν
742 1590 787 1616 τὸν
809 1591 895 1624 Λόγον
917 1592 946 1618 ὲν

157 1634 223 1670 ἡμῖν
244 1634 388 1669 χρησίμως
411 1632 621 1669 διισχυρίζεται,
650 1634 716 1669 βαθὺ
732 1636 777 1662 καὶ
793 1635 871 1662 τοῦτο
887 1636 946 1663 λίαν

156 1681 223 1716 ἡμῖν
247 1680 426 1707 ὲκκαλύπτων
452 1682 618 1716 μυστήριον⁶
639 1681 737 1712 πάντες
755 1681 808 1717 γὰρ
829 1680 899 1718 ἦμεν
917 1683 947 1709 ὲν

156 1724 284 1761 Χριστῷ,
314 1725 360 1751 καὶ
374 1725 404 1751 τὺ
417 1725 504 1753 κοινὸν
521 1726 571 1760 τῆς
589 1726 795 1762 ὰνθρωπότητος
812 1729 851 1759 εἰς
866 1728 946 1754 αὐτὸν

156 1770 263 1797 ἀναϐιοῖ
274 1770 428 1805 πρόσωπον.
445 1771 520 1797 Ἐπεὶ
535 1772 581 1798 καὶ
594 1771 706 1807 ἔσχατος
715 1772 799 1808 Ἀδὰμ
812 1773 855 1799 διὰ
868 1773 946 1799 τοῦτο

157 1816 367 1851 κατωνόμασται
382 1818 416 1852 τῇ
431 1817 565 1853 κοινότητι
581 1818 629 1856 τῆς
642 1817 749 1852 φύσεως
766 1819 854 1846 πάντα
870 1819 946 1845 πλου-

156 1862 237 1894 τίζων
252 1862 285 1889 τά
299 1863 339 1894 εἰς
359 1863 491 1898 εὐθυμίαν
516 1864 562 1889 καὶ
577 1863 655 1896 δόξαν
665 1885 673 1896 ,
697 1864 792 1900 ὥσπερ
811 1862 856 1891 οὖν
870 1865 916 1891 καὶ
931 1867 945 1892 ὁ

157 1908 265 1944 πρῶτος
284 1909 368 1944 ’Δδὰμ
390 1910 430 1941 είς
445 1909 548 1944 φθορὰν
570 1910 617 1936 καὶ
631 1911 792 1946 κατήφειαν.
818 1911 861 1937 Ἐν
879 1912 945 1938 πᾶσι

156 1953 301 1990 τοιγαροῦν
323 1955 337 1981 ό
351 1955 436 1988 Λόγος
456 1955 595 1990 ἐσκήνωσε
608 1955 642 1981 δι’
659 1956 718 1987 ἐνὸς
730 1976 736 1988 ,
765 1957 807 1983 ἴνα
822 1957 870 1983 τοῦ
887 1958 944 1989 ἑνὸς

155 2001 308 2037 ὁρισθέντος
322 2001 386 2028 Υἱοῦ
399 2001 465 2028 Θεοῦ
480 2003 509 2028 ὲν
520 2002 642 2038 δυνάμει,
656 2003 726 2029 κατὰ
738 2003 846 2038 πνεῦμα
861 2005 944 2038 ἁγιω-

157 2047 238 2082 σύνης
251 2048 291 2079 είς
302 2047 366 2083 ὃλην
380 2048 494 2083 ἔρχηται
507 2048 555 2084 τὴν
569 2049 765 2084 ἁνθρωπότητα
778 2049 809 2076 τὸ
825 2049 942 2085 ἀξίωμα,

155 2093 227 2120 οὕτω
251 2102 282 2120 τε
306 2093 397 2130 φθάσῃ
415 2092 462 2120 καὶ
484 2095 525 2128 ἐφ’
541 2095 614 2129 ἡμᾶς
635 2094 669 2120 δι’
683 2094 729 2120 ἕνα
746 2095 798 2121 τῶν
820 2095 849 2127 ἐξ
866 2095 943 2130 ὴμῶν

154 2137 194 2170 τὸ,
207 2147 216 2163 ι
235 2138 306 2172 Ἐγὼ
316 2136 390 2164 εἷπα¹
402 2139 462 2165 Θεοί
475 2140 545 2172 ὲστε,
555 2141 602 2166 καὶ
615 2140 802 2176 υἱοὶὙςιίστου
815 2141 923 2172 πάντες.
932 2151 940 2166 ι

155 2183 260 2210 Οὐκοῦν
275 2185 303 2211 ὲν
315 2185 425 2220 Χριστῷ
442 2186 491 2220 μὲν
509 2185 616 2221 άληθῶς
628 2186 815 2221 ἐλευθεροῦται
831 2187 861 2212 τὸ
881 2187 941 2213 δοῦ-

154 2230 213 2263 λον,
231 2230 376 2258 ὰναΰαῖνον
395 2233 433 2263 εἰς
453 2231 566 2267 ἑνότητα
585 2233 634 2268 τὴν
660 2233 793 2268 μυστικὴν
809 2233 847 2268 τῷ
862 2233 942 2268 φορέ-

156 2281 230 2304 σαντι
244 2277 294 2312 τὴν
306 2277 352 2304 τοῦ
368 2277 460 2305 δούλου
478 2279 594 2314 μορφὴν,
609 2278 637 2304 ἐν
653 2279 718 2314 ἡμῖν
730 2279 757 2305 δὲ
771 2279 840 2305 κατὰ
856 2279 940 2314 μίμη-

155 2333 197 2352 σιν
209 2324 258 2361 τὴν
270 2325 337 2360 πρὸς
350 2325 395 2351 τὸν
408 2325 456 2352 ἕνα
469 2326 511 2352 διὰ
524 2325 572 2361 τὴν
583 2325 652 2352 κατὰ
664 2326 753 2361 σάρκα
769 2326 928 2360 συγγένειαν

159 2371 236 2397 Ἐπεὶ
257 2371 300 2398 διὰ
316 2372 397 2399 ποίαν
411 2371 499 2399 αἰτίαν
511 2372 561 2398 οὐκ
577 2372 698 2406 ἀγγέλων
714 2372 937 2408 ἐπιλαμϐάνεται,

154 2416 220 2443 ἀλλὰ
236 2417 392 2452 σπέρματος
415 2417 555 2453 Ἀϐραὰμ,
578 2418 638 2444 ὅθεν
653 2418 751 2452 ὦιρειλε
766 2418 836 2445 κατὰ
852 2419 939 2445 πάντα

153 2464 207 2493 τοῖς
227 2463 350 2497 ἀδελφοῖς
365 2464 545 2499 ὁμοιωθῆναι,
574 2465 619 2491 καὶ
632 2464 757 2498 γενέσθαι
780 2464 850 2491 κατὰ
874 2465 940 2500 άλη-

153 2509 228 2536 θειαν
249 2510 411 2545 ἄνθρωπος;
431 2508 495 2546 ’Ἆρ’
508 2510 567 2546 οὺχ).
593 2511 674 2537 πᾶσίν
695 2512 752 2537 ἐστι
774 2511 938 2544 καταφανὲς,

153 2555 191 2581 ὅτι
203 2555 392 2590 καταὸέὸηκεν
413 2556 451 2587 εις
466 2555 496 2582 τὸ
510 2556 620 2588 δοῦλον,
640 2556 719 2588 αὐτὸς
729 2578 735 2589 ,
749 2557 797 2592 οὐχ
810 2557 898 2592 ἑαυτῷ
913 2566 940 2584 τι

153 2601 195 2628 διὰ
205 2601 302 2628 τούτου
314 2602 453 2637 προξενῶν
464 2622 471 2634 ,
485 2602 543 2629 ἀλλ’
561 2604 624 2638 ἡμῖν
641 2603 736 2629 ἑαυτὸν
750 2602 938 2638 χαριζόμενος,

153 2646 195 2673 ἵνα
211 2648 293 2682 ἡμεῖς
309 2650 342 2683 τῇ
359 2648 440 2684 αὐτῷ
458 2649 578 2686 πτωχείᾳ
595 2650 804 2685 πλουτήσωμεν,
825 2649 939 2684 ἀνατρὲ-

152 2699 242 2726 χοντες
252 2693 296 2719 διὰ
316 2693 364 2729 τῆς
378 2693 445 2729 πρὸς
457 2694 536 2720 αὑτὸν
551 2693 707 2729 ὁμοιότητος
722 2694 796 2726 είςτὺ
811 2694 874 2721 ἴδιον
892 2695 939 2720 αὐ-

151 2737 197 2764 τοῦ
210 2739 258 2765 καὶ
272 2739 412 2774 ἐξαίρετον
435 2739 554 2775 ἀγαθὸν,
573 2740 628 2767 θεοί
651 2750 681 2767 τε
707 2740 753 2767 καὶ
768 2740 834 2767 Θεοῦ
856 2742 940 2767 τέκνα

150 2783 193 2811 διὰ
206 2785 256 2820 τῆς
279 2786 398 2817 πίστεως
419 2784 645 2822 ἀναφαινώμεθα;
677 2786 827 2822 Ἐσκήνωσε
840 2787 893 2821 γὰρ
913 2788 941 2812 ὲν

1005 263 1075 297 ipsa,
1085 262 1148 289 etin
1158 262 1228 297 ipsa,
1242 267 1326 298 atque
1340 271 1401 290 eum
1415 265 1474 299 ipsa
1485 265 1709 300 adoretur,juxta
1725 266 1791 293 illud

1005 308 1084 335 Isaiae
1100 307 1226 334 dictum:
1251 317 1259 334 ι
1279 307 1337 335 Viri
1352 309 1452 337 excelsi
1472 310 1507 337 ad
1526 315 1552 337 te
1581 311 1749 342 transibunt,
1764 315 1792 339 et

1005 354 1043 380 tui
1063 358 1144 380 erunt
1159 354 1244 387 servi,
1254 359 1353 389 etpost
1366 359 1392 382 te
1406 357 1647 390 sequenturvineti
1664 358 1790 389 manicis,

1006 400 1061 435 96
1075 405 1101 427 et
1118 401 1272 428 adorabunt
1288 404 1324 433 te,
1342 404 1368 428 et
1383 401 1410 428 in
1425 405 1451 428 te
1467 402 1593 434 orabunt,
1611 403 1740 437 quoniam
1763 403 1790 430 in

1004 450 1031 474 te
1047 451 1089 474 est
1102 446 1185 478 Deus.
1202 451 1228 474 et
1245 455 1299 474 non
1317 451 1359 474 est
1381 447 1452 474 Deus
1482 452 1580 482 praeter
1596 452 1623 475 te
1633 449 1666 475 ⁵⁷.
1691 459 1700 474 ι
1721 449 1791 476 Ecce

1005 492 1091 520 Deum
1115 493 1196 520 etiam
1216 494 1243 520 in
1272 493 1332 528 ipso
1348 501 1410 520 esse
1434 494 1523 525 aiunt,
1552 502 1606 521 non
1632 501 1791 529 separantes

1004 547 1116 566 carnem
1135 547 1150 566 a
1168 538 1276 566 Verbo:
1295 544 1322 566 et
1341 547 1437 567 rursus
1453 539 1539 566 alium
1557 547 1611 566 non
1627 547 1688 567 esse
1704 540 1790 567 Deum

1002 589 1103 619 praeter
1134 585 1223 619 ipsum
1258 585 1434 618 conﬁrmant,
1465 585 1668 620 conjungentes
1700 584 1791 614 Verbo

1001 636 1155 666 gestamen,
1178 635 1206 658 ut
1220 631 1280 666 ejus
1307 632 1461 666 proprium,
1479 632 1608 666 templum
1637 631 1742 659 scilicet
1756 640 1790 660 ex

1002 675 1130 712 Virgine:
1153 684 1224 704 unus
1237 677 1309 704 enim
1323 685 1356 706 ex
1372 677 1506 705 ambobus
1521 677 1650 705 Christus
1666 681 1719 705 est.

1035 805 1057 840 Ι,
1075 809 1119 835 M.
1139 808 1173 835 Et
1189 807 1318 836 habitavit
1331 809 1455 838 innubis.

1035 854 1160 889 Explicat
1176 856 1301 890 pluribus
1323 856 1414 883 verbis
1430 855 1601 891 evangelista
1618 855 1689 890 quod
1707 855 1788 888 dixit.

1005 903 1087 935 atque
1101 900 1178 928 suain
1194 902 1359 929 sententiain
1378 903 1479 930 clarius
1494 903 1615 937 exponit.
1633 903 1699 929 (lum
1714 902 1788 930 enim

1003 945 1104 973 dixerit
1120 954 1230 974 carnem
1247 947 1348 975 factum
1370 956 1432 976 esse
1459 948 1506 976 Dei
1525 948 1658 981 Verbum,
1677 956 1711 975 ne
1726 949 1788 983 quis

998 994 1115 1028 propria
1132 994 1222 1029 ipsum
1239 999 1338 1021 natura
1356 994 1495 1022 excidisse
1518 994 1682 1022 stultissime
1697 995 1788 1029 suspi-

1000 1043 1122 1070 caretur,
1141 1044 1168 1067 et
1193 1040 1219 1067 ίΙΙ
1242 1048 1353 1067 carnem
1376 1048 1440 1068 vere
1466 1044 1684 1067 transmutatum
1713 1047 1786 1072 esse,

1000 1089 1081 1120 atque
1098 1086 1123 1113 id
1140 1086 1196 1120 pati
1221 1087 1292 1121 quod
1317 1087 1428 1114 omnino
1456 1087 1512 1121 pati
1533 1094 1588 1114 non
1615 1087 1704 1121 possit
1730 1086 1787 1121 (ab

999 1132 1074 1158 omni
1089 1133 1190 1167 quippe
1207 1133 1371 1160 alteratione
1396 1138 1423 1160 et
1453 1133 1633 1160 conversione
1651 1133 1676 1160 in
1693 1132 1785 1165 aliud,

999 1177 1106 1204 ratione
1135 1179 1263 1205 essentiaa
1293 1177 1365 1205 Deus
1383 1178 1542 1212 longissime
1576 1178 1684 1213 abest),
1713 1182 1787 1206 recte

1000 1223 1095 1257 utique
1111 1224 1267 1258 Theologus
1281 1224 1373 1251 statim
1398 1223 1491 1257 infert,
1510 1233 1518 1250 ι
1543 1224 1575 1250 Et
1605 1224 1738 1251 habitavit
1758 1224 1786 1251 in

999 1269 1080 1296 nobis
1100 1280 1109 1294 ι
1126 1274 1155 1296 ιιι
1177 1278 1239 1297 cum
1258 1270 1313 1297 duo
1327 1271 1486 1298 necessario
1514 1271 1662 1306 intelligas,
1683 1274 1707 1297 el
1724 1278 1785 1297 eum

998 1315 1046 1350 qui
1077 1315 1192 1347 habitat,
1223 1319 1251 1342 et
1267 1315 1294 1343 id
1312 1315 1339 1342 in
1374 1323 1427 1350 quo
1446 1315 1597 1346 habitatur,
1627 1315 1653 1341 in
1675 1322 1785 1341 carnem

999 1362 1088 1396 ipsum
1105 1369 1160 1388 non
1177 1369 1239 1389 esse
1251 1365 1465 1389 transmutatum
1477 1362 1631 1394 existimes,
1647 1360 1694 1388 sed
1707 1360 1787 1387 habi-

998 1411 1057 1433 tare
1076 1407 1167 1441 potius
1180 1406 1208 1433 in
1230 1414 1324 1438 carne,
1345 1410 1373 1433 ut
1396 1406 1508 1441 proprio
1522 1411 1642 1432 utentem
1660 1412 1785 1440 corpore,

1000 1452 1101 1487 templo
1125 1452 1171 1478 illo
1190 1451 1320 1478 nimirum
1336 1451 1410 1486 quod
1427 1456 1469 1478 est
1488 1459 1520 1478 ex
1536 1454 1630 1478 sancta
1650 1450 1763 1485 Virgine
1778 1460 1785 1478 :

1001 1507 1010 1524 ι
1029 1497 1058 1525 In
1073 1498 1133 1533 ipso
1143 1498 1216 1525 enim
1232 1498 1397 1525 inhabitavit
1413 1497 1506 1525 omnis
1523 1497 1666 1533 plenitudo
1688 1497 1788 1524 divini-

998 1544 1064 1572 tatis
1081 1544 1264 1579 corporaliter
1282 1553 1291 1569 ι
1321 1548 1350 1570 ιιι
1367 1543 1469 1571 Paulus
1497 1544 1535 1570 ait
1547 1544 1581 1571 ⁸⁸.
1606 1543 1678 1576 Quin
1705 1548 1731 1570 et
1757 1543 1785 1570 in

998 1589 1078 1617 nobis
1098 1589 1238 1617 habitasse
1250 1589 1367 1616 Verbum
1381 1590 1483 1618 utiliter
1494 1589 1607 1620 asserit,
1622 1589 1785 1617 altissimum

998 1644 1108 1671 quoque
1123 1636 1203 1664 nobis
1223 1635 1297 1664 istud
1327 1636 1455 1665 revelans
1484 1636 1656 1670 mysterium.
1685 1636 1785 1663 Sumus

998 1683 1071 1709 enim
1082 1689 1180 1710 omnes
1198 1683 1225 1709 in
1242 1681 1364 1713 Christo,
1381 1685 1407 1709 et
1429 1682 1584 1709 communis
1604 1682 1786 1710 humanitatis

998 1737 1115 1764 persona
1138 1729 1165 1755 in
1189 1729 1280 1763 ipsum
1307 1728 1458 1756 reviviscit.
1480 1727 1548 1755 Nam
1566 1732 1593 1755 et
1616 1728 1786 1760 novissimus

997 1775 1082 1802 Adam
1096 1775 1200 1802 idcirco
1220 1780 1396 1809 nuncupatus
1410 1778 1462 1806 est,
1480 1774 1526 1809 qui
1549 1778 1656 1802 natura
1674 1774 1785 1809 partici-

997 1822 1108 1856 patione
1121 1821 1213 1848 omnia
1227 1821 1375 1855 locupletat
1390 1819 1424 1846 ad
1442 1819 1601 1847 felicitatem
1618 1823 1643 1847 et
1658 1820 1783 1855 gloriam,

997 1867 1079 1894 sicuti
1095 1867 1203 1901 primus
1230 1866 1316 1894 Adam
1346 1866 1374 1893 in
1403 1866 1608 1900 corruptionem
1625 1871 1651 1892 et
1669 1866 1785 1900 ignomi—

996 1912 1070 1938 niam
1084 1912 1119 1940 ⁸⁵,
1136 1911 1162 1937 ιιι
1176 1911 1305 1938 omnibus
1322 1911 1416 1944 itaque
1431 1910 1551 1937 Verbum
1583 1910 1719 1937 habitavit
1737 1918 1785 1945 per

998 1964 1093 1987 ιιιιιιιιι.
1115 1961 1158 1988 ιιι,
1174 1964 1230 1983 uno
1249 1956 1400 1983 constituto
1421 1955 1468 1982 Dei
1485 1955 1554 1982 Filio
1570 1956 1596 1982 in
1614 1958 1722 1989 virtute,
1741 1963 1784 1983 se-

995 2003 1117 2031 cundum
1136 2004 1261 2038 spiritum
1282 2002 1438 2030 sanctitatis
1463 2003 1489 2029 in
1513 2002 1666 2030 universam
1684 2002 1782 2029 huma-

995 2051 1109 2078 nitatem
1136 2049 1257 2084 dignitas
1290 2049 1336 2076 illa
1367 2048 1545 2080 redundaret,
1577 2048 1700 2083 adeoque
1734 2057 1806 2083 per.

996 2103 1080 2122 unum
1099 2104 1131 2122 ex
1149 2095 1227 2122 nobis
1248 2096 1274 2121 in
1299 2102 1350 2122 nos
1377 2102 1488 2130 quoque
1518 2094 1672 2129 perveniret
1693 2094 1779 2122 illud:

998 2153 1006 2167 ι
1026 2142 1080 2177 Ego
1100 2141 1155 2168 dixi
1175 2151 1180 2168 :
1199 2141 1241 2168 Dii
1259 2142 1335 2174 estis,
1352 2145 1379 2169 et
1403 2141 1450 2168 tilii
1479 2140 1584 2168 Excelsi
1603 2148 1698 2168 omnes
1709 2141 1745 2169 ".
1768 2150 1778 2166 ι

995 2189 1121 2223 lgiturin
1136 2188 1245 2215 Christo
1272 2188 1381 2222 quidem
1407 2195 1485 2214 serva
1521 2192 1617 2214 natura
1638 2187 1667 2213 tit
1685 2195 1782 2222 reapse

959 2242 979 2268 ι)
996 2235 1091 2267 libera,
1104 2235 1138 2261 ad
1151 2235 1292 2269 mysticam
1309 2234 1440 2261 nimirum
1453 2234 1587 2262 unitatem
1602 2233 1662 2268 cjus
1676 2237 1779 2266 evecta,

995 2281 1042 2316 qui
1063 2280 1114 2308 fert
1130 2281 1202 2308 servi
1216 2279 1343 2312 fortnam,
1361 2280 1388 2306 in
1407 2280 1488 2307 nobis
1511 2287 1575 2307 vero
1590 2279 1742 2307 imitatione
1754 2283 1779 2307 et

995 2326 1176 2355 similitudine
1192 2334 1253 2353 eum
1281 2326 1327 2353 illo
1352 2334 1416 2358 uno,
1436 2331 1547 2361 propter
1566 2326 1657 2353 carnis
1681 2333 1788 2365 cogna_

994 2375 1107 2401 tionem.
1125 2374 1234 2408 Alioqui
1250 2374 1335 2406 enim,
1353 2380 1433 2407 quam
1449 2373 1484 2399 ob
1495 2379 1606 2399 causam
1625 2379 1679 2398 non
1695 2364 1783 2406 auge?

994 2420 1082 2447 lorum
1098 2420 1221 2455 quidem,
1253 2419 1300 2446 sed
1327 2408 1446 2445 Abrahae
1469 2426 1562 2445 semen
1589 2413 1792 2452 apprehendit,V

991 2467 1062 2493 unde
1071 2466 1164 2493 debuit
1175 2474 1221 2500 per
1232 2466 1324 2491 omnia
1340 2464 1471 2491 fratribus
1478 2464 1625 2491 assimilari
1637 2464 1670 2495 ⁵⁵,
1680 2469 1704 2491 et
1717 2472 1779 2492 vere

993 2512 1075 2540 homo
1094 2511 1176 2539 ﬁeri?
1193 2511 1290 2538 Annon
1310 2510 1486 2537 manifestum
1503 2509 1556 2544 97
1581 2512 1625 2536 est
1639 2509 1778 2542 omnibus,

993 2557 1066 2592 quod
1078 2558 1111 2584 ad
1139 2557 1267 2584 servilem
1296 2555 1482 2583 conditionem
1514 2556 1572 2590 ipse
1585 2558 1628 2583 'se
1657 2555 1776 2588 demisit,

993 2603 1062 2630 nihil
1077 2611 1108 2629 ex
1127 2603 1179 2629 hoc
1191 2602 1243 2630 sibi
1257 2602 1415 2636 acquirens,
1431 2602 1477 2628 sed
1491 2601 1571 2628 nobis
1587 2601 1707 2636 seipsum
1725 2602 1779 2629 lar»

992 2650 1079 2685 gicns.
1096 2654 1126 2676 ut
1142 2657 1191 2675 nos
1207 2649 1267 2682 ejus
1282 2651 1443 2682 paupertate
1457 2647 1609 2674 ditaremur
1617 2645 1656 2680 τ’,
1680 2648 1778 2675 simili-

993 2695 1086 2722 tudine
1100 2702 1161 2721 cum
1178 2694 1238 2729 ipso
1253 2694 1285 2720 ad
1302 2693 1441 2728 proprium
1461 2697 1487 2720 ct
1503 2693 1631 2720 eximium
1649 2693 1709 2728 ejus
1729 2693 1778 2720 bo<

995 2749 1059 2768 Illllll
1075 2740 1174 2771 evecti,
1193 2739 1284 2773 diique
1301 2743 1327 2765 et
1347 2737 1396 2765 Dei
1413 2737 1460 2764 ﬁlii
1484 2746 1531 2773 per
1552 2738 1630 2765 (idem
1647 2737 1778 2765 reddere-

997 2787 1078 2814 mur?
1097 2786 1234 2814 Habitavit
1254 2786 1327 2813 enim
1346 2785 1372 2811 iu
1399 2785 1488 2817 nobis,
1518 2785 1563 2820 qui
1585 2792 1632 2820 per
1650 2788 1776 2812 naturam

182 2843 204 2858 ⁵⁷
222 2843 277 2878 lsa.
302 2851 364 2871 ην,
381 2843 426 2869 Μ.
463 2842 484 2858 ⁵⁸
495 2843 554 2871 Col.
586 2852 616 2871 ιι.
635 2845 660 2871 9.
700 2843 742 2870 "l
766 2844 827 2872 Cor.
849 2853 893 2878 xv,
912 2845 945 2872 45

997 2865 1005 2873 .
1033 2845 1056 2861 ⁸⁰
1071 2845 1143 2873 Psal.
1165 2852 1258 2877 Lxxxt,
1279 2844 1311 2877 6;
1326 2843 1405 2871 Joan.
1425 2852 1451 2877 x,
1467 2844 1510 2872 5t.
1549 2844 1570 2860 ⁸¹
1588 2842 1707 2873 llebr.n,
1733 2844 1776 2874 Π,

149 2879 170 2894 δ’
187 2878 207 2905 ΙΙ
224 2877 291 2905 Cor.
314 2885 373 2910 VIII,
396 2879 421 2905 9.
