2030 3122
139 171 192 199 165

662 168 694 197 lN
706 167 852 197 JOANNIS
868 168 1093 196 EVANGELIUM
1113 169 1179 196 LIB.
1201 169 1220 196 l.

1713 170 1765 198 1ϋῦ

138 230 172 256 ἂν
190 228 235 264 εἰη
253 228 301 255 καὶ
319 228 334 254 ὁ
351 227 458 264 Πατὴρ,
472 228 506 254 δι’
523 228 613 255 αὐτῶν
633 228 730 263 ὁρᾶται
754 228 810 254 τῶν
827 227 925 263 ἔργων·

981 229 1052 256 Deus
1063 248 1070 261 ,
1085 233 1111 255 et
1127 228 1199 255 ﬁlios
1213 228 1356 263 adoptivos
1371 231 1484 262 superat
1494 235 1586 255 verus.
1602 226 1689 255 Porro
1701 234 1764 257 cum

140 273 314 309 ισοστάθμοις
336 274 475 308 ἀναλόγως
499 272 734 308 μεγαλυνθήσεται
749 272 858 305 δόξαις,
879 273 927 299 ἆτε

129 320 170 355 δὴ
195 320 243 346 καὶ
269 319 324 346 τῶν
352 319 418 346 ῐσων
444 319 579 353 ἐργάτης·
608 317 736 354 ὑπερέξει
762 318 790 344 δὲ
820 318 927 349 πάντως

138 365 273 396 τοσοῦτον.
288 366 335 392 καὶ
346 366 374 392 ὲν
390 365 472 400 σαρκὶ
485 364 614 399 γεγονὼς,
631 365 694 396 τοὺς
709 365 749 395 εἰς
760 363 927 399 ἀδελφότητα

138 410 338 447 κεκλημένους,
360 411 421 438 ὅσον
437 410 596 445 ἀνθρώπους
614 410 628 436 ὁ
654 410 725 437 κατὰ
748 410 828 445 φύσιν
848 410 926 443 Θεὸς,

140 457 186 484 καὶ
198 457 273 489 υἱοὺς
282 458 346 489 τοὺς
360 456 429 483 κατὰ
443 456 516 483 θέσιν
525 457 539 483 ό
551 457 620 484 κατὰ
633 457 762 492 ἀλήθειαν
774 457 926 489 ἐξάλλεται.

144 502 254 539 Ἐπειδὴ
280 502 309 529 δὲ
336 503 490 538 γέγραπται
509 502 585 537 παρὰ
611 502 650 537 τῷ
673 503 802 537 μακαρίῳ
820 502 922 537 Λουκᾷ·

141 557 150 574 ι
176 548 280 584 Ἰησοῦς
304 548 333 575 δὲ
363 548 532 583 προέκοπτεν
551 549 579 574 ὲν
599 549 679 584 σοφίᾳ
706 549 754 575 καὶ
784 548 892 584 χάριτισ
912 557 921 573 ι

141 595 308 630 σημειωτέον
321 595 350 621 ὲν
360 595 475 628 τούτοις,
485 595 525 621 ὅτι
538 595 656 629 πλήρης
671 594 789 630 χάριτος
797 593 867 629 ἔχειν
878 593 928 628 τὴν

137 640 215 673 δόξαν
226 640 278 677 ἔφη
296 640 342 668 τὸν
359 641 421 667 Υίὺν
432 642 445 667 ό
465 641 686 676 πνευματοφόρος
700 648 706 655 ·
727 638 785 667 εἶτα
802 641 847 666 ποῖ
863 648 927 666 ποτε

139 687 270 722 προκόψει
291 687 321 713 τὸ
341 687 460 722 πλῆρες,
475 687 492 723 ἦ
516 688 593 714 ποίαν
610 687 676 718 ὅλως
694 686 843 718 ὲπιδέξεται
860 694 928 721 προ-

140 733 259 768 σθήκην,
281 730 312 759 οὗ
331 733 461 759 ἐπέκεινα
478 733 576 768 μηδὲν;
594 733 698 759 Οὐκοῦν
711 753 717 764 ,
737 733 786 768 οὑχ
843 733 928 767 Λόγος

140 780 199 806 ἐστὶ
215 779 261 806 καὶ
272 779 339 814 Geo;
355 779 520 814 προκόπτειν
532 779 649 814 εἴρηται,
668 779 725 805 ἀλλ’
739 780 779 805 ὃτι
795 779 926 813 μειζόνως

139 827 184 852 ἀεὶ
199 825 415 860 θαυμαζόμενος,
434 825 608 861 χαριέστερος
622 825 696 860 παρὰ
716 826 771 856 τοῖς
783 825 926 860 ὁρῶσιιδιὰ

975 274 1048 310 apud
1066 274 1176 301 beatum
1192 273 1293 300 Lucam
1312 275 1445 308 scriptum
1462 274 1499 301 sit
1515 283 1522 302 :
1541 283 1551 300 ι
1570 273 1651 302 Jesus
1673 279 1764 301 autem

975 319 1133 356 proﬁciebat
1144 319 1275 354 sapientia
1293 322 1320 346 et
1332 320 1418 353 gratia
1430 320 1452 335 ⁵⁸
1463 329 1486 353 ι,
1512 320 1713 348 observandum
1723 324 1766 347 est

976 365 1021 392 hic
1049 364 1246 400 evangelistam
1273 364 1378 392 dixisse
1404 363 1502 392 Filium
1532 366 1642 401 plenum
1674 365 1765 400 gratia

977 411 1078 439 habere
1094 411 1220 446 gloriam.
1231 410 1265 437 At
1281 410 1420 445 quomodo
1434 411 1561 446 proliciet
1576 411 1601 438 id
1616 411 1690 446 quod
1707 411 1765 446 ple-

978 464 1042 484 num
1053 461 1106 490 est,
1118 460 1165 483 aut
1178 456 1242 490 quid
1261 456 1297 488 ei.
1313 463 1416 491 quaeso,
1443 456 1574 483 accedere
1588 460 1677 491 potest
1694 457 1766 483 ultra

978 503 1051 538 quod
1079 502 1147 530 nihil
1172 502 1231 529 est?
1260 502 1346 537 Igitur
1372 509 1428 529 non
1446 508 1500 536 qua
1527 500 1646 528 Verbum
1671 505 1713 528 est
1733 508 1766 528 ac

979 547 1063 581 Deus,
1087 547 1178 574 dictus
1202 551 1244 574 est
1269 546 1410 581 proﬁcere,
1434 545 1482 574 sed
1507 545 1580 581 quod
1599 545 1686 580 magis
1705 552 1765 571 ma-

977 594 1073 631 gisque
1083 593 1288 621 admirationem
1300 592 1341 620 sui
1356 591 1499 627 praeberet.
1511 599 1544 619 ex
1553 591 1685 626 operibus
1699 590 1767 625 ipsis

977 640 1063 675 gratia
1087 639 1114 666 in
1130 639 1189 666 dies
1202 638 1295 673 augeri
1314 638 1515 674 spectatoribus
1528 637 1683 669 videbatur,
1700 643 1765 671 pro-

979 686 1087 713 ﬁciente
1097 687 1200 720 potius,
1220 689 1249 711 ut
1262 691 1325 711 vere
1344 683 1647 716 dicam,admirantium
1659 682 1765 714 habitu,

979 739 1059 766 quam
1073 731 1132 765 ipso
1150 730 1182 757 ad
1199 730 1328 765 gratiam,
1345 729 1392 764 qui
1408 729 1545 764 perfectus
1559 733 1611 763 est,
1635 733 1664 756 ut
1679 727 1765 757 Deus.

979 779 1068 812 Atque
1081 777 1138 804 bene
1150 783 1381 803 commemorasse
1395 783 1450 803 non
1466 776 1520 803 erit
1544 776 1648 808 inutile,
1666 783 1765 810 quam-

979 825 1021 851 vis
1037 823 1235 858 aliquantulum
1253 822 1376 857 digressa
1391 823 1424 849 sit
1445 823 1543 849 oratio.

139 872 193 898 τῶν
210 871 437 907 ἀποτελεσμάτων
452 872 622 898 ἀνεδείκνυτο
633 892 639 904 ,
666 873 888 907 προκοπτούσης,
901 872 939 903 ὡς
959 871 1017 898 ἔστι
1034 870 1133 906 μᾶλλον
1148 871 1234 897 εἰπεῖν
1253 869 1441 904 ἀληθέστερον,
1461 869 1511 903 τῆς
1529 868 1583 894 τῶν
1615 867 1766 902 θαυμαζόν-

139 927 195 945 των
220 918 319 952 ἕξεως,
338 919 410 954 ἥπερ
426 918 510 945 αὐτου
533 918 580 945 τοῦ
600 918 721 952 τελείου,
748 919 815 955 πρὸς
835 919 923 954 χάριν,
944 918 982 950 ὡς
998 917 1076 944 Θεοῦ.
1093 916 1220 952 Εἰρήσϐω
1237 916 1283 942 καὶ
1296 915 1382 943 ταῦτα
1408 914 1560 950 χρησίμως,
1576 915 1600 941 εἰ
1629 914 1676 940 καὶ
1709 912 1767 940 ἔστι

141 965 341 1000 παρεκόατικὸς
352 966 366 991 ὸ
382 964 470 999 λόγος.

165 1025 304 1059 Ἰωάννης
320 1023 468 1059 μαρτυρεῖ
487 1024 553 1058 περὶ
571 1023 674 1056 αὑτοῦ,
691 1024 740 1052 καὶ
756 1024 910 1058 κέκραγεν.

1016 1020 1104 1054 Ι,15.
1120 1020 1237 1047 Joannes
1263 1019 1439 1047 testimonium
1464 1018 1579 1053 per/libet
1603 1020 1634 1046 de
1660 1019 1715 1052 ipso
1740 1024 1769 1047 et

183 1110 341 1138 ’Δκολουθεῖ
355 1111 437 1138 πάλιν
449 1112 510 1144 ταῖς
523 1111 603 1144 ἰδίαις
615 1111 730 1144 ἐννοίαις
746 1112 760 1138 ὀ
776 1111 930 1147 σοφώτατος

140 1156 350 1192 ςὺαγγελιστὴς,
366 1157 414 1184 καὶ
426 1157 464 1189 ὼς
478 1158 534 1189 τοῖς
545 1157 633 1184 ὀπίσω
654 1157 874 1193 χρεωστούμενον
885 1157 930 1184 τὸν

140 1203 240 1238 ἑφεξῆς
262 1203 408 1239 εὐρύθμως
428 1205 546 1231 ποιεῖται
569 1203 658 1238 λόγον.
680 1202 788 1238 Ἐπειδὴ
803 1203 857 1237 γὰρ
879 1203 930 1239 ἔφη

140 1250 205 1286 περὶ
218 1249 265 1276 τοῦ
286 1249 352 1276 Υίοῦ
369 1247 424 1276 ’τοῦ
441 1250 520 1281 Θεοῦ,
541 1259 550 1275 ι
574 1249 762 1284 Ἐθεασάμεθα
783 1249 832 1285 τὴν
855 1249 932 1283 δόξαν

140 1295 234 1327 αὐτοῦ,
250 1294 328 1327 δόξαν
342 1295 380 1327 ὡς
395 1295 576 1330 Μονογενοῦς,
597 1305 606 1322 ι
628 1296 671 1322 ἵνα
695 1295 732 1331 μὴ
761 1295 840 1330 μόνος
870 1295 933 1330 φαία

141 1348 221 1374 νηται
232 1341 311 1367 τοῦτο
334 1341 431 1375 λέγων,
449 1342 498 1377 οὐχ
512 1342 553 1371 ἐνὶ
569 1341 708 1378 προσώπῳ
725 1342 772 1368 τοῦ
790 1351 799 1368 ι
817 1341 933 1369 εοεασά-

146 1386 217 1421 μεθα
233 1396 243 1413 ι
260 1387 420 1422 πρέποντος,
430 1388 475 1415 τὸν
489 1388 631 1424 ὁμώνυμον
651 1388 780 1415 συνάπτει
795 1388 932 1423 μάρτυρα,

143 1432 209 1468 μίαν
223 1433 321 1468 ἔχοντα
336 1434 405 1469 πρὸς
423 1434 505 1462 αὐτὸν
533 1434 580 1461 καὶ
602 1434 652 1470 τὴν
667 1435 753 1470 αὐτὴν
778 1434 931 1461 εὐσέὸειαν.

141 1479 294 1515 Μαρτυριῖὴ
310 1480 387 1515 φησι,
406 1479 549 1516 τοιγαροῦν
561 1479 616 1514 ἐγὼ
633 1479 776 1515 (τεθέαμαι
792 1480 846 1516 γὰρ
863 1480 933 1515 ὅπερ

144 1521 231 1559 εἷπον)
242 1545 249 1555 ,
268 1527 401 1561 μαρτυρεῖ
419 1525 447 1552 δὲ
460 1525 562 1561 ὁμοίως
576 1525 623 1553 καὶ
636 1527 649 1552 ό
661 1525 826 1561 Βαπτιστής.
847 1524 933 1558 Ἀξιο.

143 1568 286 1606 λογωτάτη
306 1570 359 1598 τῶν
388 1571 622 1606 πνευματοφόρων
635 1571 701 1602 δυὰς
716 1571 764 1598 καὶ
783 1571 933 1606 ἀξιόχρεως

144 1615 272 1651 ξυνωρὶς,
288 1616 402 1652 ἀληθείᾳ
425 1616 685 1652 συντεθραμμένων,
705 1617 751 1644 καὶ
762 1617 811 1644 οὐκ
825 1617 933 1644 εἰδότων

142 1662 173 1688 τὸ
192 1661 350 1697 ψεύδεσθαι.
375 1662 429 1689 Θέα
456 1662 484 1689 δὲ
509 1663 583 1695 ὅπως
605 1663 848 1699 ὲμφαντικωτάτην
868 1664 933 1698 ἡμῖν

980 1067 1090 1094 clamat.

1016 1112 1112 1139 Eidem
1138 1110 1280 1139 sententiae
1303 1110 1407 1138 insistit
1427 1110 1653 1146 sapientissimus
1680 1117 1768 1137 evan-

981 1156 1089 1192 gelista,
1107 1159 1134 1183 et
1146 1155 1326 1190 posteriorem
1347 1162 1502 1182 sermonem
1520 1155 1644 1190 apposite
1664 1162 1767 1182 conne-

980 1203 1030 1230 ctit
1045 1201 1222 1237 praecedenti.
1246 1200 1315 1228 Nam
1333 1208 1396 1228 eum
1412 1201 1446 1228 de
1470 1200 1540 1228 Filio
1559 1201 1604 1229 Dei
1630 1201 1766 1229 dixisset:

983 1258 993 1275 I
1013 1248 1139 1276 Vidimus
1167 1247 1283 1283 gloriam
1315 1246 1392 1282 ejus,
1420 1247 1535 1282 gloriam
1562 1247 1640 1282 quasi
1665 1247 1769 1282 l‘nige-

983 1295 1042 1326 niti,
1062 1305 1071 1321 ι
1089 1302 1124 1322 ne
1144 1295 1221 1322 solus
1236 1293 1311 1321 istud
1335 1293 1429 1321 dicere
1447 1293 1598 1326 videretur,
1615 1301 1677 1320 cum
1693 1303 1703 1320 ‹
1720 1293 1767 1320 Vi-

982 1341 1084 1373 dimus,
1101 1350 1111 1366 ι
1127 1348 1181 1368 ιιοιι
1196 1341 1242 1367 uni
1258 1341 1383 1375 personae
1405 1339 1559 1371 conveniat,
1574 1339 1769 1374 cognominem

982 1389 1033 1417 sibi
1065 1392 1163 1416 testem
1184 1387 1320 1422 adjnngit,
1341 1394 1398 1414 una
1424 1394 1516 1414 secum
1540 1390 1567 1414 et
1584 1386 1678 1414 eadem
1703 1393 1768 1422 erga

982 1435 1066 1463 Deum
1084 1435 1185 1469 pietate
1196 1433 1352 1469 praeditum.
1369 1433 1467 1461 Testor
1483 1433 1575 1468 igitur,
1591 1433 1694 1468 inquit,
1705 1441 1768 1468 ego,

982 1480 1179 1517 (spectavi99
1189 1480 1262 1509 enim
1278 1481 1351 1516 quod
1364 1480 1433 1515 dixi)
1446 1500 1453 1513 ,
1468 1480 1660 1507 testaturitem
1673 1480 1767 1515 Bapti-

982 1532 1035 1556 sta.
1070 1526 1269 1561 Dignissimum
1301 1534 1350 1561 par
1378 1526 1568 1561 theologorum
1601 1526 1768 1561 testiumque

982 1573 1161 1607 locupletum,
1187 1573 1235 1607 qui
1257 1571 1367 1600 veritati
1386 1572 1514 1599 innutriti
1539 1575 1604 1600 sunt
1629 1578 1656 1599 et
1678 1573 1768 1600 omnis

982 1615 1118 1643 mendacii
1141 1615 1240 1643 nescii.
1257 1615 1346 1643 Cerne
1367 1620 1459 1644 autem
1485 1624 1542 1652 quo
1569 1621 1648 1651 pacto
1666 1617 1769 1652 signiﬁ-

982 1661 1143 1689 cantissime
1164 1661 1191 1688 id
1210 1661 1290 1689 nobis
1305 1665 1433 1697 exponat.
1455 1662 1513 1690 Non
1531 1664 1602 1691 enim
1619 1664 1707 1691 solum
1731 1664 1770 1695 ait

145 1708 293 1742 ἐποιήσατο
307 1707 357 1743 τὴν
370 1707 509 1743 ἐξήγησιν.
525 1708 563 1735 Οὐ
577 1707 631 1742 γὰρ
647 1708 727 1741 μόνον
741 1709 782 1735 ὅτι
800 1709 930 1744 μαρτυρεῖ

984 1704 1117 1733 Joannem
1136 1707 1230 1734 testari
1247 1706 1281 1733 de
1297 1707 1367 1741 ipso,
1387 1707 1435 1734 sed
1451 1708 1533 1735 etiam
1550 1708 1670 1736 clamare
1696 1709 1770 1736 utili-

144 1761 226 1788 φησιν
243 1754 258 1779 ό
278 1753 404 1787 Ἰωάννης
417 1753 482 1789 περὶ
504 1753 600 1787 αὑτοῦ,
618 1754 782 1789 προστίθησι
798 1754 825 1783 δὲ
837 1754 933 1790 χρησί-

145 1806 214 1833 μως,
236 1798 278 1824 ὅτι
300 1799 347 1824 καὶ
369 1798 514 1834 κέκραγεν,
541 1799 594 1826 ἀπὸ
610 1799 676 1832 τοῦ,
695 1809 704 1826 ‹
721 1799 798 1836 Φωνὴ
819 1800 933 1834 βοῶντος

144 1844 173 1870 ὲν
190 1844 222 1878 τῇ
240 1844 336 1878 ἐρήμῳ
348 1863 356 1876 ,
372 1853 382 1869 ι
399 1844 544 1880 λαμϐάνων
561 1845 607 1872 τοῦ
624 1845 703 1880 λόγου
721 1845 770 1882 τὴν
783 1845 931 1879 ἀπόδειξιν

144 1889 235 1921 καλῶς
250 1889 278 1916 δὲ
293 1890 339 1916 καὶ
355 1891 433 1917 τοῦτο
450 1891 522 1919 λίαν.
544 1891 690 1928 Ἑνεχώρει
710 1893 763 1929 γάρ
782 1900 858 1924 τινας
877 1892 932 1920 τῶν

144 1935 176 1962 δι’
195 1935 320 1968 ἐναντίας
339 1937 436 1964 είπείν·
467 1937 536 1964 Πότε
555 1938 594 1973 τῷ
618 1938 767 1973 Μονογενεῖ
794 1937 934 1974 μεμαρτύ-

146 1990 229 2018 ρηκεν
245 1983 261 2008 ὁ
275 1982 441 2018 Βαπτιστὴς,
465 1983 481 2019 ἢ
496 1985 544 2011 καὶ
556 1984 627 2011 τίσιν
640 1985 742 2017 ἐκεῖνος
755 1985 820 2020 περὶ
831 1985 934 2012 τούτων

145 2026 362 2059 ἀνεκοινώσατο;
387 2027 531 2064 Κέκραγεν
552 2028 614 2061 οὖν,
637 2030 739 2065 φησιν,
761 2030 833 2057 τοῦτ’
849 2030 933 2064 ἐστιν,

144 2072 195 2099 οὐκ
207 2073 237 2099 ἐν
251 2073 420 2109 παραϐύστῳ
433 2074 520 2108 λαλεῖ,
541 2075 590 2104 οὐκ
603 2075 705 2111 ἡρέμα,
724 2076 770 2103 καὶ
784 2076 934 2112 ψιθυρίζων

147 2120 299 2155 μαρτυρεῖ·
319 2119 468 2154 σάλπιγγος
482 2121 585 2156 ἀκούσῃ
606 2121 721 2153 6οῶντος
744 2122 932 2158 εὑηχέστερον.

145 2165 182 2191 Οὐ
202 2165 284 2200 μόνος
298 2165 416 2198 ἀκούσας
431 2166 464 2193 τὰ
479 2166 593 2195 τοιαῦτά
608 2176 689 2203 φημι,
708 2168 812 2200 πλατὺς
827 2168 874 2196 καὶ
894 2169 939 2201 είς.

146 2210 250 2242 πάντας
264 2211 278 2236 ὁ
292 2211 379 2245 λόγος,
391 2212 516 2248 λαμπρὸς
526 2214 540 2239 ό
552 2213 649 2249 κήρυξ,
665 2213 801 2250 ἐπίσημος
814 2216 830 2250 ἡ
845 2215 932 2252 φωνὴ,

148 2255 233 2291 μέγας
252 2255 299 2282 καὶ¹
321 2257 371 2282 οὐκ
384 2257 521 2291 ἄγνωστος
534 2258 548 2284 ό
565 2259 725 2295 πρόδρομος.

183 2299 278 2334 Οὗτος
296 2299 346 2336 ἦν.
357 2302 393 2328 ὃν
411 2300 497 2330 εἷπον
509 2313 516 2319 -
538 2303 567 2330 '0
581 2305 676 2332 ὀπίσω
690 2314 750 2339 μου
762 2306 933 2341 ἐρχόμενος,

145 2347 316 2381 ἔμπροσθέν
330 2356 390 2382 μου
409 2349 542 2383 γέγονεν,
561 2350 607 2377 ὅτι
623 2351 738 2385 πρῶτός
757 2361 816 2386 μου
838 2351 887 2388 ἦν,

986 1758 1028 1780 ter
1046 1752 1140 1786 addit,
1165 1757 1275 1788 sumpta
1297 1753 1443 1782 occasione
1462 1762 1494 1782 ex
1509 1755 1555 1782 illo
1572 1755 1657 1788 dicto,
1677 1765 1687 1781 ‹
1709 1755 1768 1783 Vox

984 1799 1130 1827 clamantis
1143 1799 1171 1826 in
1182 1799 1355 1832 deserto'l’u
1373 1804 1447 1827 recte
1464 1807 1547 1828 sane:
1564 1805 1677 1834 possent
1694 1802 1767 1828 enim

983 1844 1450 1880 quarereadversarii,quandonam
1459 1846 1492 1873 de
1499 1845 1646 1881 Unigenito
1655 1850 1771 1875 testatus

983 1895 1026 1918 est
1035 1890 1169 1926 Baptista,
1178 1894 1224 1917 aut
1236 1890 1400 1925 quibuscum
1410 1891 1444 1918 de
1458 1891 1533 1918 hisee
1546 1892 1628 1919 rebus
1645 1899 1771 1918 commua

984 1937 1095 1964 nicavit.
1120 1937 1225 1963 Clamat
1254 1936 1347 1971 igitur,
1367 1936 1472 1971 inquit,
1500 1936 1553 1964 hoc
1578 1941 1630 1969 est,
1656 1945 1710 1964 non
1741 1937 1771 1965 in.

983 1983 1091 2011 occulto
1106 1982 1236 2017 loquitur,
1260 1989 1315 2010 non
1335 1982 1472 2010 submisse
1488 1982 1599 2010 etclam
1617 1991 1771 2012 susurrans

983 2032 1109 2057 testatur.
1127 2028 1232 2055 Tubam
1250 2028 1397 2055 clamantis
1413 2027 1497 2056 altius
1516 2029 1692 2057 insonantem
1720 2037 1770 2057 au-

984 2073 1056 2102 dies.
1071 2073 1131 2101 Non
1147 2073 1205 2101 haec
1228 2073 1306 2101 soltts
1325 2073 1401 2100 audit
1417 2073 1539 2105 scilicet,
1562 2074 1642 2110 longe
1660 2075 1771 2110 lateque

984 2127 1076 2147 sermo
1098 2120 1221 2146 manavit
1234 2119 1262 2147 in
1277 2127 1389 2152 omnes,
1403 2127 1492 2153 praeco
1505 2119 1622 2149 illustris
1632 2140 1639 2152 ,
1656 2120 1729 2148 clara
1742 2125 1769 2148 et

984 2164 1113 2193 distincta
1129 2172 1199 2198 vox,
1224 2171 1340 2200 magnus
1369 2171 1420 2192 nec
1442 2164 1576 2192 obscurus
1603 2173 1769 2200 praecursar.

1020 2305 1045 2338 l,
1066 2306 1110 2333 15.
1130 2305 1181 2333 Hic
1195 2311 1358 2341 erat,quem
1372 2305 1449 2333 dixi:
1469 2306 1521 2339 Qui
1538 2311 1597 2341 post
1616 2316 1656 2334 me
1676 2312 1769 2336 ventu».

987 2359 1032 2378 rus
1045 2356 1083 2379 est
1093 2372 1100 2384 ,
1116 2357 1227 2379 anteme
1241 2352 1328 2387 [actus
1340 2357 1397 2384 est;
1411 2353 1473 2388 quia
1484 2353 1558 2386 prior
1570 2362 1609 2380 me
1620 2358 1687 2381 erat.

188 2393 341 2427 Ὀνομάσας
355 2394 400 2420 τὸν
415 2395 542 2431 μάρτυρα
557 2396 602 2423 τὸν
613 2396 792 2432 ὁμογνώμονα
804 2399 850 2425 καὶ
859 2398 930 2434 ὁμώ-

1019 2398 1107 2424 (ὶὶιοιο
1121 2402 1190 2425 teste
1210 2398 1333 2432 ejusdem
1349 2406 1441 2425 secum
1462 2399 1582 2426 nominis
1597 2407 1628 2426 ac
1657 2404 1768 2427 senten-

147 2448 230 2474 νυμον
243 2440 327 2475 αὐτῷ,
348 2441 395 2467 καὶ
419 2442 524 2478 μεγάλῃ
543 2442 632 2476 δείξας
656 2444 880 2479 ἀποχρησάμενον
898 2446 931 2481 τῇ

147 2486 221 2520 φωνῇ
244 2485 311 2520 πρὸς
328 2486 378 2520 τὴν
393 2486 441 2513 τοῦ
463 2488 641 2523 κηρύγματος
665 2490 815 2523 διακονίαν,
833 2491 933 2525 ἐπάγει

146 2531 288 2566 χρησίμως
305 2531 352 2558 καὶ
375 2532 424 2566 τῆς
439 2534 590 2569 μαρτυρίας
606 2534 652 2561 τὸν
666 2535 781 2570 τρόπον·
799 2537 827 2563 ὲν
846 2537 932 2572 τούτῳ

146 2576 200 2612 γὰρ
222 2578 338 2613 μάλιστα
351 2578 460 2613 σύμπαν
478 2577 511 2615 ἦν
527 2580 557 2606 τὸ
570 2580 745 2616 ζητούμενον.
762 2583 794 2610 Τί
816 2581 861 2610 οὖν
879 2584 933 2620 ἄρα

146 2622 191 2649 τὸν
207 2624 327 2650 τοιοῦτον
349 2622 473 2658 Ἰωάννην
490 2625 698 2662 άνακεκραγότα
710 2628 774 2663 περὶ
785 2628 832 2655 τοῦ
847 2629 934 2656 Μονο-

147 2669 241 2703 γενοῦς
257 2670 429 2706 εύρήσομεν;
453 2681 462 2696 ι
489 2672 517 2698 Ὀ
537 2672 623 2699 ὀπίσω
642 2682 692 2708 μου
707 2675 862 2710 ἐρχόμενος,
883 2676 932 2711 ἔμ-

147 2716 264 2751 προσίιέν
283 2724 334 2750 μου
352 2716 456 2750 γέγονε,
474 2717 514 2744 ὅτι
527 2719 635 2753 πρῶτός
654 2728 704 2754 μου
719 2718 769 2755 ἦν·
793 2730 802 2746 ι
818 2721 906 2753 Βαθὺς
919 2722 934 2748 ό

146 2760 235 2794 λόγος,
254 2763 300 2787 καὶ
319 2759 420 2795 πολλὴν
435 2761 476 2794 ἐφ’
491 2762 579 2797 ἑαυτῷ
591 2763 640 2798 τὴν
660 2763 776 2799 βάσανον
793 2765 932 2792 ἁπαιτῶν·

147 2805 173 2849 ἡ,
187 2805 236 2840 μὲν
258 2806 313 2841 γὰρ
334 2803 479 2842 πρόχειρος
499 2808 556 2839 τοῖς
574 2808 679 2841 πολλοῖς
703 2810 749 2836 καὶ
764 2811 933 2846 τετριμμένη

181 2886 190 2900 “
221 2885 289 2915 Luc.
315 2895 347 2917 ιι,
371 2887 414 2914 5⁵2.
447 2889 468 2904 ³⁸
487 2888 539 2915 lsa.
556 2895 600 2918 ιιι,
628 2886 751 2917 3:19am
769 2888 851 2920 1,23.

983 2445 1037 2476 tiae,
1054 2451 1135 2478 quem
1154 2451 1252 2479 magna
1270 2451 1337 2471 voce
1356 2452 1414 2471 sure
1431 2445 1635 2480 praedicationis
1646 2445 1767 2475 cilicium

984 2491 1115 2525 implesse
1132 2490 1222 2522 dixit,
1239 2491 1413 2518 commodum
1431 2491 1541 2526 subiicit
1564 2491 1658 2526 ejusce
1686 2493 1767 2520 testi-

983 2537 1070 2564 monii
1094 2536 1245 2568 rationem,
1273 2537 1299 2563 in
1328 2537 1380 2563 hoc
1406 2537 1478 2564 enim
1509 2538 1683 2572 potissimum
1708 2543 1767 2566 tota

983 2583 1100 2618 quaestio
1117 2583 1244 2610 vertilur.
1272 2583 1342 2616 Quid
1368 2591 1433 2619 ergo
1460 2583 1592 2612 Joannem
1618 2585 1702 2613 istum
1732 2587 1767 2614 de

984 2629 1134 2665 Unigcnito
1167 2629 1302 2657 clamasse
1333 2629 1534 2664 comperiemus
1559 2639 1567 2658 :
1593 2639 1603 2656 ι
1624 2631 1674 2665 Qui
1705 2636 1765 2666 post

982 2683 1026 2703 me
1042 2680 1177 2703 venturus
1195 2679 1249 2707 est,
1273 2679 1336 2702 ante
1354 2683 1397 2702 me
1424 2675 1516 2704 factus
1534 2681 1585 2709 est,
1603 2678 1667 2712 quia
1691 2679 1767 2713 prior

985 2729 1027 2749 me
1047 2721 1127 2748 erat?
1141 2731 1150 2747 ι
1171 2721 1251 2748 Altus
1271 2725 1313 2748 est
1335 2729 1436 2755 sermo,
1453 2727 1480 2750 et
1503 2723 1595 2751 multa:
1618 2724 1765 2759 indaginis.

985 2765 1062 2793 Trita
1078 2767 1150 2794 enim
1163 2771 1190 2794 et
1207 2767 1364 2802 pervulgata
1378 2767 1557 2802 plurimorum
1577 2769 1633 2796 haec
1649 2773 1691 2797 est
1702 2777 1766 2796 senv

986 2813 1072 2841 tentia
1089 2823 1094 2840 :
1109 2813 1186 2848 Quod
1205 2814 1237 2842 ad
1263 2813 1431 2842 nativitatem
1458 2816 1551 2843 carnis
1572 2816 1680 2848 attinet,
1703 2815 1765 2844 Sal-
