2030 3122
258 191 309 218 967

769 188 797 214 S.
814 183 952 215 CYRILLI
976 170 1211 212 ΔΜΞΧᾸΝΒΠΙΝΙ
1233 180 1392 211 ,1111111111

1841 178 1895 212 ius

255 251 380 275 vatorem
410 247 532 284 Baptista
554 247 712 283 princessit,
728 253 754 274 et
774 253 886 275 secutus
907 253 949 275 est
973 255 1043 282 quo-

1099 246 1214 278 διὰνοια,
1231 246 1342 281 τοιαύτη
1358 254 1398 276 τις
1419 243 1486 271 οὖτα
1508 246 1655 279 τυγχάνει·
1672 245 1733 271 ὅσον
1752 245 1807 280 γὰρ
1826 243 1896 280 ἧκεν

255 293 414 326 dammodo,
433 298 460 321 ct
487 302 535 321 sex
553 293 698 320 mensibus
720 293 786 321 totis
811 294 949 329 posterior
971 294 1048 320 visus

255 343 297 367 est
322 338 503 370 Emmanuel,
529 343 560 366 ut
583 339 681 366 beatus
700 338 790 366 Lucas
813 340 946 365 narravit.
977 337 1004 365 ld
1032 346 1047 365 τι

254 385 362 413 Joanne
387 386 441 412 dici
457 385 569 420 quidam
585 385 766 417 existimant,
782 391 811 412 ut
830 386 882 412 hoc
901 389 982 420 pacto
1003 385 1046 411 in-

256 433 396 467 telligatur
419 432 504 464 illud,
535 432 642 459 ratione
667 432 757 459 aetatis
789 431 918 458 nimirum
936 441 942 458 :
961 440 969 456 1
995 430 1047 463 Qui

256 482 318 511 post
341 486 383 505 me
407 483 540 505 venturus
567 482 628 508 est.
646 483 709 505 ante
728 485 770 505 me
788 477 878 505 factus
892 481 943 504 est.
961 486 970 502 )
994 476 1046 504 Sed

254 525 301 559 qui
320 526 422 552 divinis
444 524 564 560 Scriptis
580 526 674 552 acrius
689 525 790 551 mentis
806 524 903 552 oculos
922 524 1048 551 intende-

256 571 309 602 tit,
329 571 447 603 videbit,
479 572 597 605 primum
624 569 735 604 quidem
763 570 872 596 inanem
897 577 958 597 esse
976 569 1047 597 hanc

255 613 514 650 interpretationem
532 635 538 646 ,
557 619 584 641 et
604 622 618 640 a
633 615 716 642 rebus
733 614 857 649 quaesitis
874 615 955 650 longe
972 623 1047 642 rece-

255 660 330 688 dere.
349 662 515 695 Assumptus
531 661 604 687 enim
623 665 664 687 est
686 661 763 687 testis
779 667 893 688 sanctus
910 660 1045 696 Baptista,

255 713 311 732 non
346 711 375 732 ιιι
407 707 562 733 nalivilulis
589 711 712 741 tempore
741 707 822 732 modo
847 707 1045 741 posteriorem,

254 752 335 779 modo
349 746 468 787 priorem
487 753 629 779 Christum
649 752 825 785 ostenderet,
840 753 886 780 sed
905 757 935 780 ut
953 744 1048 789 is,qui

254 805 306 824 una
337 803 513 833 spectaverat
536 809 544 824 1
570 799 685 834 gloriam
711 799 788 834 ejus,
820 800 936 835 gloriam
966 801 1046 835 quasi

257 843 394 879 Unigr-uiti
409 853 422 871 a
438 844 520 872 Patre
534 845 606 880 pleni
625 846 719 880 gratia:
735 851 762 872 et
775 846 911 873 Veritatis.
932 856 940 872 1
958 846 1045 879 Quam

254 890 336 925 igitur
348 891 558 925 explicationem
580 891 645 927 99'
671 891 767 919 all'eres
786 893 854 919 adeo
872 893 1044 928 intempesti-

1103 292 1144 322 εἰς
1171 291 1216 317 τὸν
1238 292 1286 326 τῆς
1310 290 1462 325 γεννήσεως
1488 289 1582 324 χρόνον
1607 289 1657 323 τῆς
1685 289 1754 324 μετὰ
1781 290 1894 324 σαρκὸς,

1102 337 1263 372 προεεῖἁδιζε
1287 335 1333 362 τοῦ
1357 336 1482 371 Σωτῆρος
1509 335 1523 361 ό
1550 335 1721 370 Βαπτιστὴς,
1746 335 1893 370 ἠκολούθει

1101 385 1129 411 δέ
1148 393 1216 415 πως,
1235 383 1281 410 καὶ
1297 383 1386 409 ὀπίσω
1401 382 1506 417 τρέχων
1522 382 1656 416 ἐφαίνετο,
1672 382 1755 417 μησὶν
1772 383 1802 415 ἓξ
1816 383 1896 409 ὑστε-

1102 430 1186 467 ρίζων
1207 430 1278 461 ὅλοις
1297 432 1311 456 ό
1328 429 1512 464 Ἐμμανουήλ,
1528 429 1566 460 ὡς
1580 430 1594 454 ὁ
1614 429 1748 464 μακάριος
1766 430 1894 465 ἱστόρησε

1100 476 1218 507 Λουκᾶς.
1243 474 1329 502 Τοῦτο
1352 475 1441 509 λέγειν
1465 474 1567 501 οἴονται
1588 475 1634 501 τὸν
1661 475 1788 510 Ἰωάννην
1810 475 1893 506 τινὲς,

1102 522 1146 549 ἴνα
1163 523 1256 558 νοῆται
1277 522 1390 549 τοιῶσδε
1411 522 1482 550 κατὰ
1507 521 1553 548 τὸν
1577 521 1625 557 τῆς
1653 521 1761 556 ἡλικίας
1783 522 1892 557 χρόνον·

1104 578 1114 595 1
1138 568 1166 595 Ὀ
1179 568 1266 595 ὀπίσω
1279 577 1329 604 μου
1344 569 1501 604 ἐρχόμενος,
1511 567 1667 604 ἔμπροσθέν
1683 576 1733 602 μου
1745 568 1856 602 γέγονεν
1867 574 1890 592 ’1

1101 615 1159 642 ἀλλ’
1177 615 1250 642 ἐστιν
1273 615 1338 642 ἰδεῖν
1364 615 1410 642 τὸν
1435 615 1638 650 όξυωπέστερον
1660 615 1717 646 τοῖς
1744 613 1829 646 θείοις
1849 615 1891 640 ἐν-

1101 661 1257 693 ατενίξοντα
1275 661 1444 697 οεωρήμασι,
1462 661 1571 696 πρῶτον
1588 661 1647 696 μὲν,
1661 661 1734 692 ὅπως
1749 660 1788 692 είς
1803 660 1894 696 ἐξιτή-

1099 707 1162 740 λονς
1180 709 1284 740 ἐννοίας
1305 709 1319 735 ὁ
1337 709 1414 743 λόγος
1437 710 1502 744 ἡμῖν
1527 708 1699 744 εἰσφέρεται,
1720 708 1767 735 καὶ
1784 707 1892 744 μακράν

1101 763 1152 781 που
1167 754 1220 780 τῶν
1239 755 1396 789 ἀναγκαίως
1412 754 1585 790 ζητουμένων
1602 754 1746 789 ἀποδημεῖ.
1765 754 1891 790 Παρελή-

1101 801 1155 836 φθη
1171 802 1224 836 γὰρ
1239 802 1344 835 μάρτυς
1358 802 1372 827 ὁ
1389 801 1464 834 ἅγιος
1482 799 1646 834 Βαπτιστὴς,
1664 799 1713 834 οὐχ
1732 799 1776 826 ἴνα
1789 799 1829 834 τῷ
1841 799 1889 832 τῆς

1099 848 1253 882 γεννήσεως
1275 847 1379 882 χρόνῳ,
1405 847 1471 873 ποτὲ
1501 847 1550 882 μὲν
1574 845 1767 882 ὑστερίζοντα,
1784 846 1849 871 ποτὲ
1862 845 1889 871 δὲ

1100 892 1134 920 αὖ
1149 894 1230 920 πάλιν
1250 892 1451 929 προτερεύοντα
1463 892 1536 928 δείξῃ
1550 892 1678 927 Χριστὸν,
1696 891 1753 918 ἀλλ’
1770 892 1808 923 ὡς
1828 900 1890 918 συν-

252 943 293 963 Va:
315 937 483 968 narrationi,
502 939 548 963 aut
568 936 705 971 quomodo
723 942 796 964 recte
812 938 886 964 illam
903 939 1042 973 interpre-

1096 939 1261 974 τεθεαμένος
1279 948 1287 964 1
1304 939 1353 974 τὴν
1371 939 1450 972 δόξαν
1466 938 1558 971 αὑτοῦ,
1577 937 1655 970 δόξαν
1671 937 1708 970 ὡς
1719 937 1888 972 Μονογενοῦς

253 984 374 1014 laberis,
390 984 412 1010 si
434 983 467 1010 ad
485 984 617 1018 temporis
635 985 754 1018 spatium
767 984 871 1011 referas
885 984 911 1010 id
927 984 1001 1018 quod
1016 987 1043 1011 ln

252 1030 408 1063 quaestione
425 1030 551 1060 vertitur,
571 1029 717 1062 nimirum,
739 1039 748 1055 1
768 1030 818 1062 Qui
838 1035 900 1064 post
919 1038 961 1057 me
977 1038 1044 1056 ven-

253 1080 333 1102 turus
350 1080 406 1106 est,
420 1079 483 1102 ante
497 1084 539 1102 u.e
551 1075 641 1102 factus
655 1075 717 1102 est?
735 1084 744 1100 1
761 1075 879 1102 Utenim
897 1074 1043 1103 Dominum

253 1125 315 1155 post
336 1121 488 1155 Baptistaui
523 1121 618 1148 venire
634 1129 730 1149 omnes
750 1121 899 1154 fateantur,
927 1130 1044 1157 przeser-

253 1168 302 1194 tim
318 1175 379 1195 cum
400 1168 506 1195 ratione
522 1168 655 1202 temporis
673 1176 728 1203 quo
741 1168 908 1195 incarnatus
928 1173 985 1202 est,
1008 1169 1045 1196 sit

253 1213 301 1240 illo
323 1214 473 1246 posterior,
498 1220 617 1247 quonam
635 1217 717 1248 pacto
731 1213 812 1240 etiam
826 1214 903 1248 prior
919 1214 966 1241 illo
979 1214 1044 1246 erit,

253 1263 377 1294 tempore
402 1259 554 1286 nimirum?
573 1258 653 1286 Hunc
682 1259 756 1286 enim
784 1266 896 1286 sensum
921 1266 937 1285 a
964 1260 1044 1287 nobis

254 1305 376 1332 vicissim
396 1305 517 1340 postulat
528 1305 596 1332 ordo
609 1305 823 1340 praecedentium
834 1310 861 1332 et
871 1306 1043 1333 consecutio.

254 1353 288 1377 At
305 1350 381 1378 istud
398 1351 456 1378 ﬁeri
482 1359 538 1378 non
553 1359 644 1386 posse,
660 1358 741 1378 nemo
755 1351 912 1384 dubitabit,
935 1351 1043 1386 opinor.

253 1397 332 1431 Quod
350 1398 422 1425 enirn
440 1402 563 1432 tempore
590 1397 730 1433 posterius
757 1401 799 1425 cst
828 1398 931 1433 aliquo,
951 1398 1046 1432 utique

253 1446 330 1480 prius
343 1453 397 1471 non
409 1444 463 1472 erit
480 1452 514 1472 eo
531 1445 606 1480 quod
621 1444 771 1471 antecedit.
791 1443 877 1479 Igitur
892 1445 1044 1472 absurdum

254 1496 296 1519 est
325 1491 406 1526 plane
438 1495 465 1519 et
488 1491 661 1523 incredibile,
686 1495 813 1519 sanctum
841 1490 991 1525 Baptistam
1011 1491 1046 1518 de

254 1543 375 1572 tempore
401 1537 602 1564 incarnationis
634 1537 756 1564 locutum
778 1543 840 1564 esse
864 1543 927 1563 cum
955 1536 1043 1564 dixit:

256 1593 264 1610 1
284 1583 337 1618 Qui
354 1588 416 1619 post
429 1591 472 1611 me
488 1588 622 1611 venturus
637 1587 700 1616 est,
718 1588 781 1610 ante
794 1591 836 1611 me
854 1582 943 1619 factus
957 1587 1013 1616 est;
1033 1593 1042 1610 1

253 1629 300 1657 sed
319 1628 353 1655 ad
373 1629 542 1664 propositum
565 1629 646 1656 nobis
663 1625 777 1664 scopum
794 1628 862 1655 illud
879 1629 972 1663 potius
999 1628 1043 1655 in-

252 1676 423 1711 telligentes,
441 1676 492 1703 hoc
505 1675 587 1703 modo
600 1675 703 1702 dictum
716 1683 778 1703 esse
793 1675 951 1702 credemus.
971 1674 1045 1703 Scite

257 1718 353 1749 beatus
377 1721 501 1757 Baptista
525 1729 540 1748 a
560 1722 668 1756 vulgari
692 1721 821 1756 loquendi
845 1721 1045 1750 consuetudine

254 1775 409 1796 sermoriem
431 1767 565 1795 transfert
590 1767 624 1794 ad
640 1768 812 1802 spiritualem
840 1775 932 1795 rerum
953 1769 1044 1804 quali-

255 1817 355 1846 tatem,
371 1817 398 1841 et
412 1813 446 1840 ab
460 1813 580 1848 imagine
594 1821 626 1840 ac
643 1813 824 1841 similitudine
841 1821 932 1841 rerum
946 1814 1044 1842 huma-

255 1867 352 1886 narum
377 1860 411 1886 ad
439 1860 651 1894 explicationem
680 1860 834 1887 subtilioris
854 1868 952 1888 sensus
979 1869 1043 1896 pro-

254 1907 387 1941 greditur.
414 1906 481 1933 Fere
511 1907 584 1933 enim
615 1906 644 1932 iit
662 1910 692 1933 ut
719 1907 766 1941 qui
793 1906 848 1934 dux
876 1911 917 1935 est
943 1908 1042 1941 alicui,

255 1953 373 1980 nobilior
393 1953 428 1980 sit
450 1961 483 1979 eo
505 1953 552 1987 qui
577 1952 716 1987 sequitur,
735 1957 762 1980 et
787 1953 890 1981 cedunt
915 1954 1044 1990 discipuli

254 1999 413 2034 magistris;
438 1998 671 2034 quemadmodum
698 1998 805 2034 peritus
824 1998 901 2026 faber
927 2000 1044 2028 :erarius

254 2052 300 2073 aut
326 2046 506 2077 architectus,
533 2046 649 2080 exempli
670 2045 768 2080 gratia,
800 2045 840 2072 vel
874 2050 962 2072 textor
990 2046 1044 2073 dux

253 2098 296 2119 est
332 2091 532 2126 quodammodo
574 2095 600 2117 et
640 2095 751 2126 praestat
804 2091 829 2118 ei
861 2091 909 2126 qui
955 2092 1043 2119 sein

253 2138 428 2172 disciplinain
465 2138 525 2172 ejus
560 2137 628 2164 artis
660 2137 753 2169 dedit,
778 2140 805 2163 et
831 2136 865 2163 ad
893 2136 1043 2171 perfectam

254 2184 313 2218 ejus
346 2184 471 2210 notitiam
499 2183 651 2210 contendit.
691 2182 743 2209 Sed
779 2183 801 2210 si
832 2183 957 2218 magistri
997 2191 1039 2218 pe-

256 2231 347 2257 ritiam
373 2230 546 2264 superaverit
574 2229 624 2256 iste
661 2229 815 2263 discipulus
843 2233 871 2256 et
898 2229 978 2264 longo
1002 2229 1045 2256 itt-

1096 985 1172 1020 παρὰ
1201 986 1317 1020 Πατρός,
1353 985 1460 1020 πλήρης
1489 985 1602 1020 χάριτος
1636 984 1683 1011 καὶ
1711 983 1850 1018 ἀληθείας.
1876 992 1885 1010 1

1096 1033 1175 1058 Ποῖον
1190 1029 1237 1058 οὖν
1257 1031 1289 1058 ἄν
1305 1040 1346 1063 τις
1362 1031 1516 1067 ἐφαρμόσαι
1535 1030 1614 1065 λόγον
1633 1031 1688 1062 τοῖς
1706 1030 1791 1061 οὓτως
1810 1029 1889 1056 ἀκαί-

1098 1087 1151 1114 ρως
1168 1077 1340 1112 εἰσϐεόηκόσι
1362 1077 1548 1112 διηγήμασιν;
1576 1076 1592 1112 ἣ
1620 1077 1676 1108 πῶς
1708 1076 1740 1102 ἄν
1755 1083 1796 1108 τις
1823 1077 1889 1111 ἡμῖν

1096 1124 1260 1160 ἑρμηνεύσω.
1283 1123 1389 1157 σοφῶς,
1413 1123 1452 1154 εἱς
1476 1122 1614 1158 ποσότητα
1635 1122 1735 1158 χρόνου
1752 1121 1842 1148 λαῦὼν
1859 1121 1889 1148 τὸ

1095 1170 1270 1206 ζητούμενον,
1287 1169 1359 1196 τοῦτ’
1380 1169 1454 1196 ἔστιν
1466 1190 1473 1201 ,
1494 1178 1504 1195 1
1525 1169 1554 1196 Ὀ
1571 1169 1658 1195 ὀπίσω
1673 1177 1723 1204 μου
1742 1168 1888 1204 ἐρχόμενος

1096 1215 1250 1251 ἔμπροσθέν
1271 1224 1322 1251 μου
1335 1215 1431 1250 γέγονε
1447 1224 1453 1247 ς
1473 1224 1482 1240 ι
1500 1214 1609 1241 Κείσθω
1626 1215 1682 1249 γὰρ
1703 1215 1745 1250 δὴ,
1762 1215 1810 1241 καὶ
1825 1215 1888 1250 ὁμο-

1095 1262 1278 1298 λογουμένως,
1290 1262 1321 1288 τὸ
1337 1262 1450 1289 κατόπιν
1464 1261 1591 1297 ἔρχεσθαι
1608 1260 1656 1287 τοῦ
1673 1260 1825 1287 Βαπτιστοῦ
1843 1261 1888 1287 τὸν

1095 1310 1208 1346 Κύριον,
1239 1309 1286 1336 ἆτε
1308 1308 1341 1344 δὴ
1363 1310 1493 1342 γεγονότα
1517 1307 1556 1343 τῷ
1575 1307 1664 1343 χρόνῳ
1689 1307 1728 1342 τῷ
1754 1307 1823 1334 κατὰ
1838 1308 1889 1342 τὴν

1097 1357 1186 1392 σάρκα
1205 1356 1348 1391 δεύτερον
1371 1354 1441 1381 κατὰ
1459 1354 1520 1381 τίνα
1541 1353 1641 1389 τρόπον
1665 1354 1711 1380 καὶ
1734 1353 1888 1389 ἔμπροσθεν

1096 1402 1179 1428 αὐτοῦ
1193 1402 1349 1437 γενήσεται,
1374 1400 1445 1428 κατὰ
1472 1400 1566 1436 χρόνον
1585 1400 1613 1426 δὲ
1636 1400 1778 1434 δηλονότι;
1800 1400 1889 1426 Καλεϊ

1095 1448 1150 1483 γὰρ
1169 1448 1209 1479 εἰς
1223 1446 1317 1474 τοῦτον
1337 1447 1411 1482 ἡμᾶς
1436 1446 1481 1473 τὸν
1505 1446 1566 1473 νοῦν
1591 1447 1607 1482 ή
1630 1447 1687 1478 τοῖς
1706 1445 1888 1481 προλαϐοῦσιν

1096 1493 1235 1527 ἀναλόγως
1252 1493 1414 1528 ὀφειλομένη
1427 1492 1505 1526 τάξις
1529 1501 1558 1519 τε
1578 1493 1625 1519 καὶ
1639 1491 1792 1520 ἀκολουθία.
1818 1491 1886 1518 mw

1095 1537 1172 1575 οἶμαι
1191 1538 1270 1565 τοῦτο
1295 1539 1376 1565 παντί
1404 1547 1442 1573 τῳ
1463 1537 1590 1572 γενέσθαι
1615 1538 1719 1573 σαφὲς,
1739 1537 1776 1569 ὡς
1790 1538 1837 1565 οὐκ
1854 1537 1888 1565 ἂν

1096 1585 1139 1621 εἴη
1155 1585 1209 1612 τῶν
1223 1585 1415 1620 ἐνδεχομένων.
1438 1584 1475 1610 Τὸ
1495 1584 1550 1620 γὰρ
1566 1584 1707 1620 ὑστερίζον
1724 1583 1793 1616 τινὸς
1818 1583 1888 1611 κατὰ

1095 1631 1140 1658 τὸν
1152 1631 1257 1667 χρόνον,
1268 1632 1318 1657 οὐκ
1332 1631 1363 1658 ἄν
1376 1639 1441 1657 ποτε
1453 1630 1556 1665 φθάσαι
1572 1631 1601 1657 τὺ
1612 1630 1771 1666 ἡγούμενον.
1783 1629 1886 1657 Οὐκοῦν

1096 1678 1202 1713 ἀμαθὲς
1213 1678 1323 1713 κομιδῇ,
1339 1678 1385 1704 καὶ
1401 1677 1542 1708 παντελῶς
1556 1677 1699 1710 ἀπίθανον,
1712 1677 1776 1712 περὶ
1789 1677 1886 1712 χρόνου

1095 1722 1142 1750 τοῦ
1158 1722 1230 1749 κατὰ
1248 1722 1298 1758 τὴν
1329 1722 1418 1757 σάρκα
1441 1722 1486 1749 τὸν
1511 1722 1589 1756 ἅγιον
1610 1723 1696 1748 εἰπεῖν
1715 1721 1817 1748 οἴεσθαι
1834 1723 1885 1749 Βα-

1095 1769 1223 1804 πτιστήν·
1242 1778 1250 1794 1
1275 1768 1305 1795 Ὀ
1320 1769 1407 1795 ὀπίσω
1420 1777 1471 1803 μου
1489 1768 1645 1803 ἐρχόμενος,
1660 1767 1814 1808 ἔμπροσθέν
1835 1777 1885 1804 μου

1095 1814 1208 1848 γέγονεν
1220 1822 1226 1829 ·
1243 1825 1252 1840 1
1272 1813 1426 1845 ἀκολούθως
1437 1813 1464 1840 δὲ
1482 1811 1581 1849 μᾶλλον
1597 1814 1634 1849 τῷ
1651 1814 1717 1849 ἡμῖν
1731 1814 1887 1849 προτεθέντι

1097 1860 1191 1895 σκοπῷ
1204 1860 1327 1893 νοοῦντες
1348 1861 1425 1893 αὐτὸ,
1441 1860 1551 1887 τοιῶσδέ
1566 1869 1624 1892 πως
1640 1860 1766 1896 εἰρῆσθαι
1781 1858 1888 1887 πιστεύ-

1097 1916 1193 1942 σομεν.
1212 1907 1367 1943 Χαριέντως
1387 1907 1401 1933 ὁ
1428 1907 1562 1943 μακάριος
1586 1907 1741 1942 Βαπτιστὴς
1765 1907 1819 1933 ἀπὸ
1840 1906 1886 1934 τοῦ

1096 1952 1166 1978 κατὰ
1182 1952 1328 1987 συνήθειαν
1353 1953 1491 1986 σχήματος
1514 1951 1645 1986 ἀναφέρει
1666 1952 1712 1978 τὸν
1732 1952 1826 1986 λόγον,
1843 1951 1886 1978 ἐπὶ

1096 1998 1227 2033 ποιότητα
1250 1997 1421 2034 πραγμάτων
1439 1997 1645 2033 πνευματικὴν,
1662 1997 1707 2024 καὶ
1726 1997 1820 2033 ὥσπερ
1834 1997 1886 2024 ἀπό

1095 2052 1167 2075 τινος
1185 2043 1289 2074 εἰκόνος
1309 2043 1363 2069 τῶν
1379 2043 1440 2069 καθ’
1468 2043 1542 2078 ἡμᾶς
1566 2043 1606 2075 εἰς
1627 2043 1757 2078 ἐξήγησιν
1778 2042 1887 2078 ἔρχεται

1095 2090 1240 2125 νοημάτων
1250 2089 1516 2124 λεπτομερεστέρων.
1528 2088 1602 2115 Φιλεῖ
1611 2088 1660 2123 μὲν
1674 2089 1728 2123 γάρ
1737 2096 1795 2118 πως
1805 2088 1848 2115 ἀεὶ
1858 2087 1887 2113 τὸ

1095 2136 1220 2172 ἡγεῖσθαι
1237 2134 1368 2169 πεφυκὸς,
1383 2134 1438 2161 τῶν
1450 2134 1565 2162 ἔπεσθαι
1586 2134 1741 2169 λεγομένων
1753 2133 1886 2168 ὑπάρχειν

1095 2179 1292 2213 ὲπιδοξότερον,
1310 2180 1472 2214 παραχωρεῖ
1486 2179 1513 2205 δὲ
1529 2180 1583 2210 τοῖς
1601 2179 1764 2213 ἡγουμένοις
1780 2178 1814 2204 τὰ
1828 2178 1886 2204 ἐπό-

1097 2232 1186 2259 μενα·
1211 2223 1266 2250 οἷον
1292 2225 1307 2250 ὁ
1334 2224 1515 2259 χαλκευτικὴν
1542 2223 1699 2259 ἀκριϐώσας
1726 2223 1844 2260 τέχνην,
1867 2223 1883 2260 ἣ

255 2276 370 2303 tervallo
394 2279 457 2310 post
489 2283 519 2302 se
547 2275 706 2309 reliquerit,
736 2283 790 2301 non
819 2274 924 2302 insulse
953 2275 1043 2302 dictu-

1096 2270 1255 2306 τεκτονικὴν
1273 2270 1364 2306 τυχδν,
1379 2270 1396 2305 ἦ
1415 2269 1574 2305 ὑφαντικὴν,
1593 2269 1699 2304 ἡγεῖταί
1713 2277 1782 2301 πως,
1795 2270 1843 2296 καὶ
1856 2268 1885 2296 τὺ

256 2331 316 2350 rum
348 2323 447 2356 opinor
466 2329 527 2349 eunt
552 2323 598 2356 qui
623 2328 637 2347 a
658 2320 795 2355 discipulo
819 2320 902 2347 fuerit
929 2329 1043 2356 supera—

255 2375 301 2398 tus
323 2378 329 2395 :
351 2378 360 2394 I
378 2368 430 2401 Qui
458 2373 519 2402 post
544 2376 586 2394 me
605 2367 697 2400 venit,
714 2371 777 2393 ante
795 2375 837 2394 me
853 2366 942 2395 factus
963 2373 1018 2394 est.
1032 2378 1042 2394 1

255 2416 295 2443 Ad
306 2416 375 2442 hanc
386 2416 468 2449 igitur
478 2414 593 2441 fortnam
601 2413 623 2440 si
635 2413 687 2439 vim
696 2418 722 2440 et
731 2413 865 2440 rationem
879 2413 953 2441 illius
964 2413 1043 2448 dicti,

255 2468 309 2489 tam
329 2462 362 2488 de
376 2461 517 2487 Salvatore
539 2463 636 2486 nostro
659 2459 769 2485 Christo
787 2466 867 2494 quam
895 2460 927 2486 de
947 2464 1043 2487 sancto

255 2508 395 2543 Baptista.
408 2506 578 2537 transferas,
603 2510 677 2532 recte
695 2512 753 2531 mea
779 2506 889 2539 quidem
907 2506 1043 2533 sententia

255 2554 391 2588 intelliges
408 2563 414 2580 ι
431 2551 478 2580 scd
493 2552 527 2578 ab
545 2551 625 2578 initio
646 2551 764 2585 accipito
779 2551 897 2586 singula.
917 2551 1043 2578 Admira-

255 2600 325 2627 tioni
350 2604 409 2627 erat
439 2598 510 2634 apud
529 2606 625 2626 omnes
640 2598 772 2633 Baptista,
792 2597 894 2624 multos
923 2598 1043 2632 undique

254 2648 306 2676 sibi
330 2647 484 2680 discipulos
513 2646 678 2681 collegerat,
706 2653 804 2680 magna
823 2645 901 2672 turba
931 2645 1044 2672 venieti-

255 2694 323 2719 tium
349 2692 382 2719 ad
400 2692 564 2726 baptismum
581 2691 613 2719 ad
631 2699 693 2718 eum
719 2691 874 2718 confluebat
892 2700 898 2717 :
915 2691 1042 2718 Christus

254 2744 346 2767 autem
365 2739 551 2770 ignorabatur,
566 2738 693 2773 quamvis
708 2742 782 2765 esset
804 2745 837 2764 eo
853 2737 1041 2771 prmslantior.

254 2785 326 2814 Deus
345 2793 424 2812 verus
450 2785 625 2813 nesciebatur
647 2792 733 2816 esse;
765 2790 884 2817 cumque
910 2783 1004 2809 lateret
1019 2783 1041 2809 is

254 2833 300 2869 qui
316 2832 442 2868 Baptistae
458 2836 518 2859 erat
537 2831 730 2862 admirationi.
759 2837 792 2856 eo
811 2836 921 2864 quoque
948 2834 1041 2862 poste—

258 2880 312 2906 rior
327 2887 388 2907 esse
413 2877 618 2914 quodaminodo
639 2876 794 2908 videbatur;
817 2876 872 2902 ibat
901 2875 1041 2909 aliquanto

117 2919 314 2965 lix‘post
326 2928 400 2954 illum
417 2926 462 2962 qui
484 2926 588 2952 honore
610 2928 634 2950 et
657 2923 742 2956 gloria
759 2923 831 2950 inter
848 2921 974 2950 hornines
985 2928 1036 2948 ma-

1095 2318 1207 2352 ἄμεινον
1224 2316 1338 2352 ἔχειτοῦ
1351 2316 1422 2343 κατὰ
1434 2315 1583 2351 μαθητείαν
1600 2315 1714 2341 ἕπεσθαι
1728 2316 1883 2350 νοουμένου.

1095 2363 1141 2389 καὶ
1158 2364 1198 2394 εἰς
1213 2363 1243 2388 τὸ
1263 2362 1374 2393 τελείως
1399 2361 1497 2387 εἰδέναι
1522 2360 1692 2395 βαδίζοντος·
1717 2360 1774 2387 ἀλλ’
1791 2361 1857 2387 ὅταν
1871 2361 1884 2386 ό

1093 2408 1214 2440 τοιοῦτος
1229 2409 1278 2444 τὴν
1298 2408 1345 2434 τοῦ
1359 2407 1531 2438 διδάσκοντος
1547 2406 1754 2442 ὑπεραναῦαίνῃ
1775 2406 1882 2442 τέχνην,

1094 2456 1141 2482 καὶ
1169 2455 1285 2482 κατόπιν
1310 2454 1394 2486 ἐάσας
1421 2454 1507 2489 αὐτὴν
1532 2452 1681 2488 ἐργάζηται
1705 2453 1735 2479 τὸ
1761 2452 1883 2487 ἄμεινον,

1093 2501 1144 2528 οὐκ
1169 2500 1300 2535 ἀκόμψως
1327 2500 1401 2535 ἐρεῖν
1432 2499 1478 2526 τὴν
1500 2498 1677 2534 νενικημένον
1700 2497 1884 2533 ὑπολαμόάνω

1093 2547 1157 2582 περ1¹
1185 2546 1232 2572 τοῦ
1259 2546 1421 2581 νικήσαντος
1449 2545 1588 2581 μαθητοῦ·
1616 2554 1625 2570 1
1659 2545 1687 2571 '0
1715 2544 1804 2571 ὀπίσω
1834 2554 1883 2580 μου

1094 2594 1257 2629 ἐρχόμενος,
1285 2591 1440 2628 ἔμπροσθέν
1467 2600 1517 2627 μου
1541 2592 1646 2626 γέγονε.
1667 2601 1676 2617 1
1702 2591 1781 2617 Κατὰ
1807 2591 1884 2617 τοῦτο

1092 2640 1182 2666 τοίνυν
1200 2638 1391 2674 μετακομίζων
1407 2638 1438 2664 τὸ
1460 2638 1552 2673 σχῆμα
1568 2638 1617 2673 τὴν
1636 2637 1683 2664 τοῦ
1704 2635 1902 2673 Θεωρήματοςᾼ

1093 2686 1206 2721 δύναμιν
1223 2686 1268 2712 ἐπί
1282 2694 1312 2712 τε
1326 2685 1373 2711 τοῦ
1399 2685 1523 2720 Σωτῆρος
1551 2683 1630 2719 ήμῶν
1643 2684 1762 2719 Χριστοῦ
1777 2682 1824 2710 καὶ
1837 2682 1882 2710 τοῦ

1092 2733 1170 2766 ἁγίου
1189 2731 1341 2758 Βαπτιστοῦ
1356 2752 1363 2763 ,
1381 2733 1486 2767 νοήσεις
1505 2730 1609 2766 ὀρθῶς·
1634 2731 1711 2765 δέχου
1726 2730 1754 2756 δὲ
1773 2730 1809 2756 τὰ.
1823 2729 1882 2757 καθ’
1917 2755 1919 2761 ,

1092 2779 1207 2805 ἕκαστον
1224 2778 1255 2810 ἐξ
1270 2780 1368 2814 ἀρχῆς,
1389 2778 1575 2814 Ἐοαυμάζετο
1594 2777 1669 2813 παρὰ
1683 2777 1793 2804 πάντων
1807 2778 1821 2803 ό
1833 2776 1883 2807 Βα-

1093 2826 1217 2860 πτιστὴς,
1235 2825 1348 2856 πολλοὺς
1366 2825 1452 2851 ἐποίει
1475 2825 1538 2856 τοὺς
1557 2824 1692 2859 μαθητὰς,
1711 2823 1789 2859 ὄχλος
1802 2823 1882 2850 αὑτὸν

1093 2872 1215 2907 περιέθει
1225 2873 1278 2899 τῶν
1292 2871 1497 2906 βαπτιζομένων
1512 2871 1606 2902 ’πολύς⁸
1623 2871 1746 2906 ἠγνοεῖτο
1757 2871 1785 2897 δὲ
1796 2869 1882 2897 καίτοι

1093 2919 1226 2955 κρείττων
1243 2918 1280 2945 ὢν
1297 2919 1310 2944 ὁ
1324 2919 1450 2953 Χριστὸς,
1476 2918 1630 2950 ἐλάνθανεν,
1654 2917 1772 2949 ὅτιθεὸς
1793 2916 1881 2951 ὑπῆρ-
