2030 3122
161 164 212 191 MEO

674 163 707 190 1N
727 161 871 190 JOANNlS
891 162 1116 192 EVANGELIUM
1140 164 1206 194 LIB.
1223 166 1244 193 l.

1744 162 1796 189 170

159 228 207 254 χεν
224 218 349 255 ἀληθινός
365 229 370 235 ”
390 221 484 255 ἐπειδὴ
512 221 539 247 δὲ
572 222 693 254 ἠγνοεῖτο
710 220 740 246 τὸ
752 218 952 254 θαυμαζόμενοι

1008 219 1052 253 jor
1066 221 1216 247 etiamnum
1232 227 1309 249 erat:
1326 222 1372 249 sed
1390 223 1435 257 qui
1447 229 1515 257 pone
1529 221 1694 257 sequebatur
1706 220 1795 248 factus

159 265 207 292 τοῦ
228 265 381 292 Βαπτιστοῡ
394 286 401 298 ,
420 267 506 293 ἐδόκει
529 275 587 297 πως
612 267 659 292 καὶ
681 265 834 301 ὑστερίζειν
850 264 932 291 αὑτοῦ
946 272 952 279 ·

160 311 283 343 ἐϐάδιζεν
301 312 389 338 ὀπίσω
415 312 501 348 βραχὺ
526 313 556 338 τὸ
580 312 672 347 μεῖζον
697 312 804 347 ἔχοντος
825 311 865 337 ἔτι
885 311 955 337 κατὰ

160 357 243 392 τιμὴν
258 358 306 384 καὶ
326 357 406 389 δόξαν
427 358 476 393 τὴν
502 358 530 384 ὲν
556 357 709 392 ἀνθρώποις
732 358 854 384 ἐκείνου·
872 357 928 384 ἀλλ’
942 359 955 383 ὁ

162 403 308 438 ἐρχόμενος
323 404 411 429 ὀπίσω
427 404 538 437 γέγονεν
554 403 718 438 ἔμπροσθεν,
743 403 843 438 μείζων
864 404 954 430 Ἰωάν-

161 457 218 479 νου,
233 448 281 474 καὶ
299 449 430 484 κρείττων
447 448 687 483 ἀναδεικνύμενος.
717 449 746 474 ’0
771 449 820 483 μὲν
834 449 889 484 γὰρ
903 449 954 485 ἤδη

158 493 227 524 Θεὸς
244 493 386 528 ὑπάρχων,
409 494 454 520 διὰ
472 495 525 520 τῶν
549 494 637 529 ἔργων
666 494 884 521 ἁπεκαλὺπτετο·
900 497 914 521 ὁ
928 495 955 521 δὲ.

161 537 211 573 τῆς
227 538 438 574 ἀνθρωπότητος
451 540 501 565 οὑκ
519 539 673 566 ἀναϐαίνων
687 540 718 566 τὸ
737 540 847 575 μέτρον,
867 540 954 566 ὀπίσω

160 583 254 610 λοιπὸν
274 584 322 610 καὶ
344 584 461 618 γεγονὼς
479 585 647 620 εὑρίσκεται.
665 586 769 611 Οὑκοῦν
783 586 954 620 αἰνιγματω-

161 631 214 662 δῶς
228 631 243 657 ὁ
259 632 393 666 μακάριος
410 632 512 666 ἔφασκε
527 632 682 667 Βαπτιστης
696 641 702 647 ³
721 642 728 656 ι
755 633 783 659 '0
798 633 885 659 ὀπίσω
904 641 954 667 μου

161 677 321 713 ἐρχόμενος,
346 678 502 713 ἔμπροσθέν
525 687 576 713 μου
595 679 724 712 γέγονεν,
748 688 756 703 ι
777 679 836 705 ἀντὶ
848 680 906 710 τοῦ,
927 680 954 704 Ὀ

161 725 227 750 ποτὲ
242 724 357 751 κατόπιν
371 725 422 759 τῆς
434 726 503 760 ἐμῆς
516 726 645 761 ὑπάρχων
660 726 752 760 τιμῆς,
768 726 954 760 ἐπιδοξότερος

160 770 250 806 ὤφθη,
275 772 322 797 καὶ
345 772 522 806 ἀσυγκρίτοις
541 773 688 807 ὑπεροχαῖς
709 773 740 798 τὸ
765 773 826 806 ἐμοὶ
848 773 953 806 πρέπον

160 824 190 842 τε
205 816 252 842 καὶ
272 817 372 851 προσὸν
402 817 598 853 ὑπερεκτρέχει
617 818 723 853 μέτρον.
741 818 819 843 Οὕτω
833 818 954 849 νοοῦντες

160 862 189 888 τὸ
212 862 367 897 εἰρημένον,
396 862 522 898 μάρτυρα
549 864 598 898 τῆς
620 863 698 898 δόξης
718 864 765 890 τοῦ
783 864 954 897 Μονογενοῦς

1006 265 1048 292 est
1063 265 1167 293 Joanne
1184 267 1280 300 major.
1297 267 1342 294 Ille
1356 267 1431 303 99"
1442 269 1515 295 enim
1527 268 1699 296 divinitatem
1716 275 1794 295 suam

1007 312 1138 346 operibus
1155 313 1293 347 probavit,
1311 314 1355 340 hic
1373 315 1443 340 ultra
1460 314 1642 342 humanitatis
1657 313 1795 341 conditio-

1007 366 1067 385 nem
1085 366 1138 385 non
1153 363 1276 390 erectus,
1295 365 1452 393 postremus
1477 368 1538 387 esse
1557 368 1667 395 quoque
1690 361 1796 394 reperi—

1005 408 1062 429 tur.
1094 405 1187 438 Itaque
1215 405 1388 440 :enigmaticc
1420 406 1518 432 beatus
1546 406 1667 440 Baptista
1704 406 1793 432 dixit:

1009 459 1017 475 ‹
1039 450 1090 482 Qui
1108 456 1168 485 post
1185 459 1227 477 me
1246 456 1378 479 venturus
1392 456 1444 482 est,
1458 457 1522 479 ante
1543 460 1585 479 me
1605 453 1693 479 factus
1705 456 1763 483 est;
1783 462 1791 478 ι

1005 497 1086 530 quasi
1102 497 1226 524 diceret:
1243 498 1295 530 Qui
1317 498 1383 524 mihi
1403 499 1507 525 honore
1527 498 1643 525 inferior
1665 503 1735 530 erat,
1754 500 1794 525 vi-

1006 549 1053 568 sus
1078 547 1120 568 est
1150 542 1296 573 illustrior,
1333 548 1357 570 et
1391 544 1602 578 incomparabili
1631 544 1793 571 excellentia

1006 587 1193 614 conditionem
1219 596 1306 615 meant
1336 590 1484 616 antecellit.
1506 590 1532 616 Si
1552 589 1654 616 dictum
1678 597 1794 624 cvange-

1006 632 1077 659 listze
1098 633 1149 659 hoc
1165 634 1247 660 modo
1265 635 1467 670 intelligamus,
1490 639 1587 662 testem
1617 636 1710 671 gloria:
1733 635 1795 663 Uni-

1006 679 1090 712 geniti
1112 680 1201 714 ipsum
1230 682 1447 715 comperit-mus.
1470 690 1520 709 nec
1545 682 1667 709 inanium
1700 690 1791 708 rerum
1828 674 1830 676 ⁷

1007 723 1230 758 intempestivum
1244 725 1432 760 interpretem.
1448 726 1542 753 Dicere
1556 727 1629 754 enim
1652 727 1793 754 Christum

1007 778 1036 796 se
1061 771 1190 805 nmjorem
1216 779 1287 802 esse,
1316 780 1377 798 eum
1405 780 1531 807 magnam
1557 773 1608 800 sibi
1637 774 1794 800 sanctitatis

1006 815 1164 849 opinionem
1190 817 1386 848 conciliasset,
1412 818 1477 852 quid
1507 819 1581 845 aliud
1608 823 1650 846 cst
1682 819 1793 846 demum

1006 867 1088 893 quam
1109 861 1236 888 eximiam
1256 865 1283 888 et
1300 862 1466 897 singularem
1481 864 1504 890 ci
1521 863 1636 898 gloriam
1654 864 1796 891 tribuere?

159 907 313 943 εὑρήσομεν
327 908 419 940 αὑτὸν,
434 909 480 934 καὶ¹
493 909 543 934 οὑκ
558 908 669 934 εἰκαίων
687 909 858 944 πραγμάτων
875 909 951 935 ἄκαι-

1005 904 1152 940 Postquam
1166 907 1238 933 enim
1252 907 1338 940 dixit,
1354 917 1362 932 ε
1380 908 1431 940 Qui
1446 914 1507 942 post
1523 916 1565 935 tne
1587 914 1720 936 venturus
1740 913 1794 941 est,

161 961 206 988 ρον
224 953 370 988 ἐξηγητὴν.
397 953 434 979 Τὸ
460 954 514 988 γὰρ
541 954 653 988 μείζονα
677 954 766 987 λέγειν
791 954 888 980 ἑαυτοῦ
905 954 951 979 τὸν

158 999 291 1033 Χριστὸν,
312 998 435 1033 μεγάλην
459 998 566 1033 ἔχοντος
585 1000 632 1025 ἐπὶ
654 999 776 1033 ἁγιότητι
791 1000 840 1034 τὴν
853 999 952 1034 ὑπόλη-

157 1045 215 1080 ψιν,
227 1045 253 1071 τί
267 1044 299 1071 ἂν
315 1044 408 1079 ἕτερον
424 1045 467 1080 εἴη
483 1045 587 1075 λοιπὸν,
607 1045 622 1079 ἢ
635 1045 714 1076 δόξαν
728 1045 803 1079 αὑτῷ
819 1044 866 1079 τὴν
883 1045 951 1077 ἐξαί-

158 1099 237 1126 ρετον
249 1091 463 1126 ὲπιμαρτυρεῖνς
475 1091 547 1122 Ὅτι,
564 1100 572 1116 ι
590 1091 619 1117 Ὀ
631 1091 717 1118 ὀπίσω
734 1100 783 1126 μου
794 1091 950 1125 ἐρχόμενος,

157 1135 314 1172 ἔμπροσθέν
339 1144 390 1170 μου
407 1136 530 1169 γέγονεν,
553 1145 562 1161 ι
587 1135 688 1168 εἰπὼν,
708 1135 864 1169 ἀναγκαίως
891 1137 952 1161 ἐπι-

158 1183 237 1218 φέρει
248 1182 289 1214 τὸ,
302 1192 312 1208 ‹
330 1183 391 1209 ’Ὁτι
405 1182 514 1217 πρῶτός
529 1191 580 1217 μου
595 1180 640 1217 ἦν,
657 1193 666 1208 ι
681 1183 953 1218 πρεσϐυτάτηναὺτῴ

157 1230 206 1264 τὴν
221 1229 299 1262 δόξαν
317 1229 456 1260 ἀνατιθεὶς
467 1249 475 1261 ,
494 1230 542 1255 καὶ
565 1229 595 1255 τὸ
611 1229 740 1263 προῠχειν
756 1229 885 1255 ἁπάντων
904 1230 953 1255 οὐκ

156 1277 186 1302 ιν
201 1275 291 1311 χρόνῳ
314 1275 515 1311 προσγεγονος,
540 1274 597 1301 ἀλλ’
613 1275 764 1309 ἐνυπάρχον
785 1275 898 1306 ἄνωθεν,
916 1275 954 1307 ὼς

156 1321 217 1357 Θεῷ
229 1322 301 1348 κατὰ
313 1321 406 1356 φύσιν,
421 1318 726 1356 διαϐεϐαιούμενος.⁷Ην
736 1320 789 1356 γάρ
804 1329 855 1355 μου
873 1321 949 1357 πρῶ-

157 1375 212 1398 τος,
227 1367 321 1402 φησὶν,
338 1366 398 1393 ἀντὶ
424 1366 483 1398 τοῦ,
503 1366 546 1392 ἀεὶ
570 1367 616 1392 καὶ
639 1366 683 1392 διὰ
708 1366 807 1398 παντὸς
829 1367 949 1403 ἀμείνων

157 1414 206 1440 καὶ
222 1413 409 1448 ἐπιδοξότερος
421 1420 428 1428 ·
446 1412 490 1439 διὰ
502 1412 530 1439 δὲ
546 1412 595 1447 τῆς
613 1413 681 1448 πρὸς
697 1413 744 1438 ἕνα
756 1412 811 1439 τῶν
826 1413 948 1448 γενητῶν

157 1458 341 1494 συγκρίσεως,
374 1458 389 1492 ἠ
417 1457 486 1484 κατὰ
505 1457 613 1484 πάντων
632 1457 722 1493 ψῆφος
738 1457 777 1493 τῷ
794 1458 864 1494 ὑπὲρ
879 1459 948 1486 πάν-

1004 957 1066 979 ante
1083 960 1125 979 me
1148 952 1235 980 factus
1247 958 1300 986 est,
1318 963 1326 979 ι
1351 955 1507 981 necessario
1523 955 1679 988 subjungit,
1702 964 1711 980 ι
1728 955 1793 990 quia

1003 998 1080 1030 prior
1103 1005 1145 1024 me
1165 1003 1235 1029 erat,
1259 1009 1267 1023 ι
1289 999 1511 1034 antiquissimam
1528 1000 1550 1026 ei
1568 1000 1683 1034 gloriam
1707 1000 1794 1027 ascri-

1004 1044 1082 1075 beas.
1102 1048 1128 1070 et
1149 1045 1337 1078 praastantiam
1360 1053 1442 1079 supra
1467 1053 1511 1072 res
1534 1053 1630 1073 onmes
1651 1053 1705 1072 non
1725 1050 1793 1073 tem-

1003 1091 1152 1125 porariam,
1177 1091 1224 1118 sed
1249 1098 1367 1124 superne
1387 1092 1611 1123 inexsistentem,
1628 1096 1658 1118 ut
1676 1091 1731 1119 Deo
1748 1099 1793 1119 se-

1002 1136 1123 1163 cundum
1137 1142 1263 1164 naturam
1279 1138 1458 1165 conlirmans.
1473 1138 1538 1164 Erat
1554 1139 1626 1165 enim
1650 1138 1726 1173 prior
1739 1146 1791 1170 me,

1002 1183 1104 1217 inquit,
1119 1182 1145 1209 id
1161 1187 1214 1214 est.
1227 1191 1346 1217 semper,
1357 1188 1384 1210 et
1402 1188 1538 1218 perpetuo
1555 1184 1655 1218 major,
1678 1189 1706 1211 ct.
1723 1192 1794 1219 pra:-

1002 1230 1135 1256 stanlior.
1156 1228 1238 1256 Facta
1257 1233 1348 1256 autem
1365 1230 1425 1264 ejus
1448 1237 1510 1257 cum
1530 1238 1583 1256 una
1601 1239 1633 1257 ex
1654 1232 1793 1259 creaturis

1002 1274 1229 1309 comparatione,
1259 1283 1419 1310 supremum
1449 1276 1573 1302 omnium
1609 1277 1693 1303 Deum
1730 1285 1792 1304 cum

1002 1320 1132 1347 erunibus
1148 1326 1342 1355 comparatum
1360 1322 1492 1356 intellige.
1511 1321 1569 1349 Non
1592 1323 1664 1349 enim
1687 1331 1721 1350 ex
1741 1323 1795 1350 hoc

1003 1367 1063 1394 Solo
1085 1367 1317 1401 magniﬁcentiam
1343 1372 1370 1394 et
1383 1367 1574 1395 admirandam
1594 1368 1639 1396 Dei
1661 1370 1790 1403 majesta-

1002 1418 1057 1440 tem
1080 1421 1281 1448 agnoscemus,
1306 1414 1379 1448 quod
1405 1413 1538 1441 Joannem
1558 1416 1647 1450 gloria
1667 1420 1790 1450 superet,
1836 1428 1841 1432 θ

1004 1460 1142 1494 sedquod
1171 1466 1280 1486 omnem
1302 1465 1424 1486 creatam
1453 1461 1639 1488 substantiam
1665 1461 1792 1489 excedat.

155 1514 205 1537 τας
219 1505 376 1539 συνάγεται.
391 1504 428 1531 Οὐ
443 1505 497 1539 γὰρ
513 1506 541 1531 ὲν
565 1506 652 1541 τούτῳ
666 1506 712 1532 καὶ
738 1506 810 1541 μόνῳ
838 1507 867 1533 τὸ
884 1508 956 1542 μέγα
994 1510 1041 1536 καὶ
1063 1508 1230 1541 ἀξιὰγαστον
1253 1507 1300 1534 τοῦ
1320 1508 1383 1534 Υἰοῦ
1410 1508 1586 1544 θεωρήσομεν
1612 1510 1732 1546 ἀξίωμα,
1765 1512 1794 1538 ἑν

156 1551 196 1586 τῷ
217 1550 268 1586 τὴν
293 1551 418 1578 Ἰωάννου
442 1551 521 1584 δόξαν
552 1553 737 1588 ὑπερδραμεῖν
751 1573 758 1585 ,
784 1553 841 1579 ἀλλ’
866 1555 894 1580 ἐν
911 1555 950 1590 τῷ
970 1557 1059 1591 πάσης
1076 1555 1255 1590 ὑπερκεῖσθαι
1271 1556 1387 1590 γενητῆς
1402 1556 1506 1588 οὐσίας.

192 1624 255 1651 ὀτι
279 1624 314 1650 ὲκ
339 1623 391 1650 τοῦ
407 1621 604 1656 πληρώματος
620 1621 713 1648 αὑτοῦ
733 1621 818 1655 ἡμεῖς
840 1621 951 1655 πάντες

156 1669 318 1705 ἐλάϐομεν.

197 1737 371 1772 Ἀποδέχεται
384 1736 427 1763 διὰ
439 1736 541 1763 τούτων
561 1735 611 1770 τὴν
625 1734 712 1770 ἀληθῆ
735 1734 782 1761 τοῦ
797 1735 951 1763 Βαπτιστοῦ

158 1784 314 1820 μαρτυρίαν
332 1784 346 1810 ό
368 1781 575 1817 εὐαγγελιστὴς,
599 1781 645 1807 καὶ
667 1781 739 1816 σαφῆ
762 1783 879 1810 ποιεῖται
903 1782 951 1817 τὴν

156 1827 296 1861 ἀπόδειξιν
306 1829 356 1863 τῆς
367 1827 415 1854 τοῦ
426 1827 551 1863 Σωτῆρος
572 1825 651 1861 ὴμῶν
674 1826 823 1862 ὑπεροχῆς,
843 1826 891 1853 καὶ
903 1827 950 1853 τοῦ

157 1873 309 1908 κεκτῆσθαι
322 1873 353 1899 τὸ
373 1872 454 1899 πλέον
475 1870 611 1901 οὺσιωδῶς
625 1870 698 1897 κατὰ
707 1871 808 1902 παντὸς
825 1871 952 1906 γεννητοῦ,

157 1921 228 1947 κατά
242 1929 272 1947 τε
284 1921 334 1955 τὴν
350 1920 429 1952 δόξαν
445 1918 540 1953 αὐτὴν,
551 1918 615 1953 περὶ
629 1914 664 1953 ἦς
674 1918 687 1943 ὀ
702 1917 781 1951 λόγος
794 1917 865 1952 μάλα
881 1918 951 1950 νυνὶ,

157 1967 204 1994 καὶ
218 1955 266 1993 τδν
276 1967 323 1993 ἐπὶ
337 1967 394 1997 τοῖς
407 1965 498 1996 ἄλλοις
511 1958 614 1991 ἅπασιν
628 1962 740 1997 ἀγαθοῖς
757 1963 856 1989 εὐκλεᾶ
871 1963 953 1990 κατά-

156 2013 244 2047 λογον.
259 2012 377 2048 ’Δριστα
390 2012 444 2046 γάρ
456 2019 510 2046 μοι,
524 2011 601 2045 φησὶ,
619 2009 666 2036 καί
680 2008 852 2044 ἀληθέστατα
866 2009 952 2043 λέγων

157 2059 172 2085 ό
197 2059 357 2093 Βαπτιστὴς
385 2057 565 2092 ἀναφαίνεται
595 2056 659 2091 περὶ
680 2055 727 2081 τοῦ
754 2054 925 2089 Μονογενοῦς
942 2074 949 2087 ,

161 2114 170 2130 ε
194 2105 259 2130 ’Ότι
273 2102 382 2138 πρῶτός
398 2111 448 2138 μου
467 2100 512 2137 ἧν,
533 2101 628 2137 ξτοῦτ²
641 2101 709 2133 ἐστι,
722 2100 789 2127 πολὺ
808 2101 840 2135 δὴ
859 2101 952 2136 κρείτ-

157 2159 212 2177 των
236 2149 285 2176 καὶ
301 2149 432 2185 ἀμείνων·
449 2149 510 2174 ἐπεὶ
529 2148 577 2174 καὶ
590 2147 690 2179 πάντες
713 2148 793 2182 ἡμεῖς
807 2148 832 2174 οί
851 2148 891 2179 εἰς
905 2148 952 2175 τὸν

159 2195 213 2221 τῶν
222 2195 310 2229 ἁγίων
322 2193 556 2228 κατατεταγμένοι
569 2192 659 2228 χορὸν,
678 2192 708 2218 τὸ
728 2192 793 2220 ἴδιον
817 2193 899 2219 αὑτοῦ
908 2201 953 2220 πε-

160 2242 358 2277 πλουτήκαμεν
380 2240 492 2275 ἀγαθὸν,
507 2240 555 2266 καὶ
568 2241 624 2270 τοῖς
643 2239 747 2266 ἐκείνου
767 2239 866 2274 μᾶλλον
880 2240 953 2275 ῆπερ

159 2290 215 2320 τοῖς
225 2289 327 2322 ἑαυτῆς
340 2287 551 2322 ὲπισεμνύνεται
571 2286 806 2321 πλεονεκτήμασιν
818 2288 833 2321 ἡ
848 2286 953 2322 ἀνθρώ-

161 2343 212 2360 που
230 2334 323 2369 φύσις,
335 2334 399 2359 ὅταν
416 2332 515 2367 ἔχουσά
533 2340 559 2357 τι
575 2331 629 2357 τῶν
640 2331 812 2364 ἀξιαγάστων
823 2331 952 2367 εὑρὶσκη-

162 2388 217 2407 ται·
239 2380 295 2406 ἀπὸ
306 2380 361 2414 γὰρ
374 2379 420 2405 τοῦ
433 2378 616 2413 πληρώματος
631 2377 678 2403 τοῦ
690 2377 767 2409 Υίοῦ,
788 2377 911 2414 καθάπερ
923 2377 952 2411 ἐξ

164 2426 278 2453 ἁεννάου
286 2424 387 2460 πηγῆς,
397 2426 414 2459 ἡ
424 2424 477 2450 τῶν
488 2424 568 2450 θείων
578 2423 754 2459 χαρισμάτων
767 2423 953 2456 ἀναϐλύζουσα

165 2472 249 2505 δόσις,
267 2472 305 2503 είς
317 2472 437 2506 ἑκάστην
449 2470 558 2505 ἔρχεται
578 2470 676 2505 ψυχὴν,
692 2470 764 2504 ἤπερ
781 2469 814 2496 ἂν
831 2469 953 2504 φαίνοιτο

165 2518 212 2544 τοῦ
225 2518 319 2545 λαΰεῖν
336 2518 408 2550 ἀξία.
433 2516 465 2543 Et
478 2517 507 2543 δὲ
524 2518 637 2552 χορηγεῖ
652 2516 700 2550 μὲν
719 2516 755 2547 ὡς
783 2516 815 2542 ὲκ
840 2516 954 2550 φυσικοῦ

165 2565 349 2602 πληρώματος
364 2565 379 2591 ὁ
394 2564 467 2596 Υἱὸς,
483 2564 639 2599 χορηγεῖται
653 2562 681 2588 δὲ
694 2563 710 2597 ἡ
724 2562 823 2594 κτίσις·
837 2562 896 2594 πῶς
906 2563 955 2590 οὐκ

162 2612 196 2639 ἂν
206 2612 294 2638 νοοῖτο
308 2610 403 2637 λοιπὸν
414 2610 463 2644 οὐχ
483 2609 580 2644 ὁμοίαν
591 2608 660 2643 ἔχων
672 2609 728 2639 τοῖς
745 2607 835 2640 ἄλλοις
855 2608 905 2644 τὴν
913 2609 954 2636 δό-

165 2657 224 2691 ξαν,
238 2656 297 2683 ἀλλ’
307 2656 381 2691 ἥπερ
397 2655 429 2691 ᾃν
445 2655 544 2690 πρέποι
557 2653 596 2689 τῷ
606 2654 639 2680 ὲκ
647 2652 715 2680 Θεοῦ
730 2654 887 2687 Μονογενεί,
906 2654 955 2688 φύ-

166 2712 234 2735 σεως
250 2702 357 2734 οἰκείας
371 2701 459 2737 ἔχοντι
474 2700 580 2735 καρπὸν
600 2697 634 2726 τὰ
649 2698 719 2726 κατὰ
737 2699 845 2726 πάντων
859 2700 954 2727 πλεον-

164 2750 319 2785 εκτήματα,
336 2748 384 2775 καὶ
399 2746 537 2781 πατρικῆς
547 2745 677 2780 ίδιότητος
692 2744 800 2780 ἀξίωμα
809 2746 859 2781 τὴν
868 2746 953 2781 ὑπερ-

163 2796 246 2831 οχήν;
274 2792 362 2829 Οἶμαι
381 2792 519 2831 sum:
541 2791 585 2818 καὶ
606 2790 652 2817 τὸν
674 2789 828 2824 σοφώτατον
850 2791 955 2818 Παῦλον

163 2842 229 2877 περὶ
248 2840 300 2875 τῆς
319 2839 375 2865 τῶν
393 2839 461 2864 ὅλων
477 2836 639 2864 διαλαδόντα
656 2836 773 2870 φύσεως,
798 2837 956 2872 κεκινῆσθαι

162 2887 207 2914 διὰ
218 2886 326 2914 τούτων
348 2885 388 2915 εις
406 2883 509 2915 ἑννοίας
529 2882 650 2917 ἀληθεῖς,
670 2881 741 2909 οὕτω
760 2891 789 2909 τε
814 2883 907 2934 lotae:
919 2884 956 2916 ὼς

291 2933 429 2964 Parnm.
441 2932 488 2963 Gn
515 2930 644 2961 LXXIII.

1042 1624 1060 1655 Ι,
1083 1624 1126 1650 16.
1151 1624 1284 1656 Quoniam
1311 1624 1342 1650 de
1367 1625 1531 1657 plenitudine
1555 1627 1612 1661 ejus
1636 1635 1682 1654 nos
1705 1636 1794 1655 annm

1005 1672 1165 1703 accepimus.

1039 1737 1142 1764 Probat
1159 1737 1206 1765 his
1220 1737 1314 1765 verbis
1330 1736 1499 1772 evangelista
1515 1745 1612 1765 verum
1626 1746 1688 1766 esse
1700 1738 1794 1775 Bapti-

1003 1787 1052 1811 sm
1061 1783 1268 1813 testimonium.
1282 1788 1310 1810 et
1327 1783 1451 1811 eminere
1473 1783 1648 1811 Salvatorem
1666 1789 1795 1812 nostrum

1002 1829 1078 1856 clare
1099 1828 1290 1860 demonstrat,
1309 1831 1395 1863 atque
1412 1828 1639 1856 substantialiter
1661 1830 1796 1857 excedere

1003 1881 1049 1901 res
1072 1881 1170 1901 omnes
1191 1880 1301 1901 creatas
1317 1879 1372 1901 tam
1400 1874 1474 1908 quod
1498 1874 1534 1901 ad
1560 1875 1677 1910 gloriam
1706 1875 1794 1910 ipsam

1003 1920 1118 1951 attinet,
1136 1919 1170 1947 de
1191 1927 1246 1954 qua
1264 1921 1385 1947 maxime
1402 1927 1477 1947 nunc
1491 1920 1593 1954 agitur,
1611 1928 1695 1955 quam
1721 1921 1795 1956 quod

1003 1965 1036 1992 ad
1051 1969 1215 1992 ceterorum
1228 1966 1367 1992 bonorum
1385 1973 1531 1992 numerum
1554 1970 1671 2001 spectat.
1685 1965 1796 2002 Optime

1002 2011 1077 2038 enim
1094 2018 1126 2038 ac
1141 2010 1290 2038 verissime
1306 2010 1340 2038 de
1364 2010 1510 2047 Unigenito
1532 2011 1654 2047 Baptista
1669 2013 1736 2041 mihi
1750 2014 1795 2041 di-

1003 2066 1067 2086 cere
1091 2059 1202 2086 videtur
1228 2068 1234 2086 :
1259 2068 1267 2084 ι
1286 2058 1356 2091 Quia
1386 2059 1463 2093 prior
1486 2067 1529 2087 me
1552 2064 1648 2093 erat,»
1673 2060 1726 2088 hoc
1751 2066 1795 2089 est

1004 2105 1093 2132 multo
1116 2112 1158 2132 me
1176 2105 1364 2139 prastantior,
1382 2112 1414 2132 ac
1429 2104 1550 2140 dignior,
1568 2107 1794 2141 quandoquidem

1003 2157 1056 2177 nos
1065 2157 1179 2183 omnes,
1199 2150 1247 2185 qui
1268 2149 1297 2176 in
1315 2154 1475 2176 sanctorum
1495 2158 1612 2178 numero
1633 2158 1794 2185 censemur,

1004 2197 1110 2231 proprii
1123 2195 1185 2229 ejus
1203 2195 1266 2222 boni
1283 2195 1434 2230 participes
1457 2195 1521 2222 facti
1544 2203 1640 2223 sumus
1652 2216 1659 2228 ,
1675 2200 1703 2224 et
1719 2197 1795 2226 illius

1004 2235 1098 2276 potius
1127 2248 1210 2275 quam
1233 2240 1292 2267 suis
1319 2240 1512 2275 prterogativis
1530 2241 1673 2276 hominum
1695 2246 1795 2270 natura

1004 2287 1152 2322 gloriatur,
1168 2293 1230 2313 eum
1253 2285 1438 2313 admiratione
1461 2286 1575 2321 dignum
1598 2287 1703 2322 aliquid
1720 2288 1748 2315 in
1765 2296 1796 2316 se

1006 2333 1110 2361 habere
1135 2332 1315 2367 competitor.
1341 2331 1378 2359 De
1403 2333 1574 2366 plenitudine
1591 2333 1692 2368 quippe
1714 2333 1794 2365 Filii,

1007 2383 1137 2413 tanquam
1151 2386 1183 2405 ex
1199 2378 1311 2413 perenni
1324 2377 1398 2405 fonte
1411 2377 1568 2404 divinarum
1587 2379 1737 2413 gratiarum
1749 2379 1796 2407 do«

1007 2432 1073 2452 num
1082 2423 1248 2455 scaturiens,
1258 2424 1283 2450 in
1294 2431 1517 2459 unamquamque
1528 2424 1648 2451 animam
1657 2431 1690 2452 eo
1701 2432 1796 2452 mune-

1006 2477 1036 2497 re
1052 2470 1131 2504 ιοο
1142 2469 1252 2505 dignam
1272 2470 1405 2497 illabitur.
1421 2469 1500 2503 Quod
1520 2470 1545 2497 si
1562 2469 1649 2499 Filius
1666 2472 1745 2506 quasi
1761 2472 1795 2499 de

1007 2515 1128 2543 naturali
1151 2515 1322 2549 plenitudine
1337 2515 1409 2542 dona
1426 2515 1553 2549 largitur.
1569 2515 1620 2541 ista
1635 2523 1700 2542 vero
1716 2523 1796 2543 crea-

1008 2566 1069 2589 tura
1084 2561 1203 2596 excipit,
1219 2561 1359 2596 quomodo
1384 2568 1440 2587 non
1461 2561 1625 2588 dissimilem
1650 2562 1714 2590 aliis
1737 2563 1796 2598 glo-

1007 2608 1077 2635 riam
1104 2606 1248 2643 possidere
1272 2606 1443 2639 censebitur,
1462 2607 1537 2634 illam
1565 2607 1715 2642 nimirum,
1735 2616 1797 2644 quae

1008 2653 1056 2682 Dei
1078 2653 1258 2689 Unigenitum
1283 2653 1378 2686 decet,
1404 2654 1451 2689 qui
1481 2657 1512 2681 ut
1541 2658 1649 2682 natura;
1676 2656 1797 2691 propria:

1007 2700 1128 2728 fructum
1153 2700 1237 2727 habet
1263 2707 1371 2727 omnem
1388 2700 1550 2736 dignitatem
1567 2706 1651 2736 atque
1670 2702 1796 2730 eminen-

1008 2746 1075 2773 tiam
1090 2752 1174 2782 quam
1193 2746 1221 2773 in
1235 2753 1266 2773 se
1280 2744 1362 2773 Pater
1380 2746 1481 2774 habere
1497 2746 1671 2783 intelligitur.
1688 2746 1796 2781 Quibus

1010 2791 1158 2819 adductum
1183 2799 1235 2826 ego
1262 2799 1372 2827 quoque
1394 2792 1509 2819 Paulum
1526 2793 1658 2825 arbitror,
1688 2797 1718 2820 ut
1734 2801 1796 2821 cum

1011 2838 1044 2865 de
1064 2838 1190 2866 universi
1215 2842 1313 2866 natura
1333 2838 1503 2873 dissereret,
1526 2847 1592 2867 vere
1611 2840 1797 2875 pronuntiarit

1011 2884 1078 2912 illud
1096 2884 1176 2920 quasi
1202 2889 1357 2913 creaturam
1384 2886 1555 2921 compellans
1573 2896 1580 2913 :
1602 2896 1611 2912 ε
1633 2885 1704 2919 Quid
1722 2884 1796 2913 enim

1558 2932 1575 2966 6
