2030 3122
132 157 179 190 175

646 158 681 184 ΞΝ
699 157 841 184 ιθιιλιιιδ
861 157 1084 188 ΕιΑΜὶΕω-υιι
1101 159 1163 187 LIB.
1181 161 1203 187 ‘l.

1699 164 1749 192 171

128 217 209 255 Οἶμαι
231 216 282 253 γὰρ
301 216 388 250 ἔγωγε
411 215 530 242 τοιοῦτόν
541 225 566 242 τι
584 216 726 251 βούλεσθαι
744 216 840 251 δηλοῦν
862 215 903 241 τὺι.

960 211 1108 244 fessionem
1136 226 1252 253 magnus
1280 218 1325 245 ille
1348 219 1470 253 Baptista
1488 219 1575 247 edidit
1603 222 1693 256 palam
1722 229 1750 250 et

131 264 257 302 μακάριον
265 262 473 297 εὐαγγελιττήν·
494 262 603 297 ’Δληθῖμ
614 262 691 297 φησί,
706 263 754 298 τὴν
763 262 908 298 ὁμολογίαν

129 312 142 338 6
152 309 234 346 μέγας
255 308 402 344 ἐποιήσατο
416 307 570 342 Βαπτιστὴς
586 309 649 343 περὶ
671 308 718 345 τοῦ
739 308 908 342 Μονογενοῦς

128 355 267 392 διαρρήδην
281 354 469 389 ἀπαγγέλλων·
500 365 509 381 ι
533 355 562 381 Ὀ
573 354 658 382 ὀπίσω
677 364 727 391 μου
744 355 906 391 ἐρχόμενος,

129 400 275 438 ἔμπροσθέν
292 410 344 435 μου
356 401 478 435 γέγονεν,
490 402 531 428 ὅτι
542 401 649 436 πρῶτός
665 410 715 437 μου
732 400 775 436 ἦν·
791 402 838 428 καὶ
855 403 908 436 γὰρ

129 448 158 473 ἐκ
168 446 211 473 τοῦ
222 446 404 482 πληρώματος
418 446 501 473 αὐτοῦ
528 447 607 481 ἡμεῖς
623 446 722 477 πάντες
735 446 878 481 ἐλάϐομεν.
897 456 905 471 ι

129 493 178 520 Καὶ
186 491 317 527 νομιζέτω
330 492 425 527 μηδεὶς
446 492 570 520 Ἰωάννου
584 492 642 527 μὲν,
659 492 675 527 ἢ
690 492 737 518 καὶ
752 492 806 518 τῶν
820 492 907 518 ἄλλων

129 539 216 573 ἁγίων,
229 537 254 564 οἳ
264 538 335 564 κατὰ
346 538 409 569 τοὺς
417 539 467 573 τῆς
478 537 628 573 ἐπιδημίας
638 538 767 572 γεγόνασι
784 538 906 573 καιροὺς,

128 583 297 621 ὑπρανέχειν
320 583 367 611 τὸν
385 583 536 618 Μονογενῆ·
554 584 688 619 ἡττᾶσθαί
706 593 738 619 γε
758 585 811 619 μὴν
836 584 907 610 κατὰ

125 632 170 667 τὴν
181 630 255 663 δόξαν
267 629 321 657 τῶν
333 630 528 666 ἀρχαιοτέρων,
547 630 625 666 οἵπερ
648 628 717 665 ἦσαν
735 631 763 656 ἐν
779 630 907 664 ἁγιασμῷ

104 678 109 684 ⁸
123 677 315 712 διαλάμποντες
336 677 407 704 κατὰ
423 678 487 708 τοὺς
502 677 605 704 ἄνωθεν
620 677 669 712 τῆς
687 677 833 712 ἐπιδημίας
844 678 905 712 χρό-

125 732 181 756 νους
195 731 202 739 ⁸
216 723 350 759 θεωρήσει
367 723 421 758 γὰρ
437 723 518 750 αὑτὸν
536 724 603 751 πολὺ
617 724 648 750 τὸ
662 723 793 756 Μωσέως,
813 725 905 758 φησιν,

123 768 295 797 ἀνασαίνοντα
308 769 418 805 μέτρον,
432 769 521 796 καίτοι
535 770 566 796 τὸ
584 770 686 805 μεῖζον,
702 770 740 801 ὡς
753 770 820 805 πρὸς
836 771 906 797 ἐκεί-

124 824 189 848 νους,
200 816 228 842 ὲν
238 815 367 850 ἁγιασμῷ
380 816 548 851 κεκτημένου
561 823 567 829 ·
585 816 661 850 παρὰ
675 815 777 847 πάντας
788 817 843 851 γὰρ
858 817 905 843 αὺ-

123 861 164 890 τὸν
185 861 332 897 ἐγνωκέναι
356 862 449 897 σαφῶς
473 863 487 888 6
514 862 662 897 νομοθέτης
683 862 902 889 διεϐεϐαιώσατο.

123 907 241 943 Ἰωάννης
258 907 309 942 μὲν
319 905 366 934 οὖν
383 908 489 940 ἐξίδίας
502 908 632 943 ἠλέγχετο
647 908 750 942 φωνῆς,
765 909 800 940 ὼς
818 909 905 935 ὀπίσω

123 954 194 990 δόξης
209 953 317 986 ἐϐάδιζε
329 954 376 981 τοῦ
392 947 468 981 Υἰοῦλ
481 954 590 990 ἔρχεται
600 955 628 981 δὲ
643 956 757 982 κατόπιν
773 956 821 991 τῆς
839 956 905 990 λαμ-

120 1000 250 1036 πρότητος
264 1000 359 1031 αὑτοῦ.
377 1001 423 1027 καὶ
436 1001 514 1027 οὐδὲν
525 1000 592 1032 ὅλως
609 1001 651 1027 ἐπ’
665 1001 760 1036 ἐκείνῳ
771 1001 802 1028 τὺ
812 1000 905 1036 ζητού-

122 1054 205 1081 μενον,
221 1046 238 1082 ἢ
250 1046 300 1073 καὶ
312 1046 500 1082 ἀποτραχῦνον
510 1047 560 1082 τῆς
579 1046 709 1082 ἀληθείας
722 1047 771 1082 τὴν
784 1046 903 1083 ε’ύρεσιν.

122 1090 200 1118 Πόθεν
212 1089 259 1118 οὖν
272 1091 328 1127 ἄρα
338 1091 385 1118 καὶ
399 1091 480 1119 αὐτὸν
502 1092 654 1128 εὑρήσομεν
675 1093 720 1119 τὸν
743 1093 904 1129 ἱεροφάντην

120 1137 214 1164 Mmoria
227 1137 277 1173 τῆς
295 1137 342 1164 τοῦ
364 1137 482 1174 Χριστοῦ
502 1137 581 1173 δόξης
605 1138 778 1174 ἡττώμενον;
797 1137 905 1170 Ἐξετα-

118 1182 194 1215 ζίτω,
213 1183 308 1219 φησὶν,
322 1184 337 1210 ὁ
354 1183 505 1219 φιλομαθὴς
521 1184 569 1219 τὴν
583 1184 706 1210 δοθεῖσαν
718 1185 784 1219 ἡμῖν
797 1184 842 1211 διὰ
857 1185 903 1210 τοῦ

120 1228 239 1264 Σωτῆρος
254 1228 337 1264 χάριν
351 1229 542 1263 εὑαγγελικὴν,
557 1230 618 1255 ἀντὶ
635 1229 744 1264 χάριτος
764 1231 813 1265 τῆς
829 1239 905 1264 νομι-

119 1272 165 1310 κῆς
176 1274 224 1308 τῆς
237 1273 283 1301 διὰ
292 1274 423 1306 Μωσέως
437 1274 498 1301 τότε
516 1274 571 1310 γὰρ
586 1274 616 1309 δὴ
642 1275 774 1310 θεωρήσει
785 1275 904 1311 τοσούτῳ

118 1320 254 1356 κρείττονα
279 1320 325 1347 τὸν
345 1320 418 1352 Υἱὺν,
436 1321 546 1356 ὅσῳπερ
566 1320 599 1347 ἂν
622 1320 743 1355 φαίνοιτο
765 1321 814 1355 τῆς
834 1322 904 1348 κατὰ

119 1366 195 1402 νόμον
209 1366 351 1398 πολιτείας
374 1366 408 1394 τὰ
426 1367 532 1402 ἀμείνω
546 1367 712 1401 νομοθετῶν,
730 1367 777 1393 καὶ
793 1368 903 1394 πάντων

117 1412 180 1447 ὁμοῦ
192 1412 246 1439 τῶν
267 1412 314 1440 διὰ
340 1412 462 1444 Μωσέως
480 1413 614 1449 εἰσφέρων
633 1413 668 1440 τὰ
687 1413 818 1448 βελτίονα.
835 1422 845 1439 ι
874 1414 904 1440 ’0

117 1455 163 1491 μὲν
176 1456 229 1492 γὰρ
241 1457 336 1493 νόμος,
350 1458 426 1492 φησί,
441 1457 485 1484 διὰ
496 1458 618 1489 Μωσέως
632 1457 720 1493 ἐδόθη,
737 1459 753 1493 ἡ
769 1459 847 1493 χάρις
858 1459 904 1485 καὶ

117 1503 132 1537 ή
147 1502 257 1538 ἀλήθεια
273 1503 320 1530 διὰ
336 1503 423 1539 Ἰησοῦ
434 1503 553 1539 Χριστοῦ
563 1504 681 1538 ἐγένετο.
702 1514 711 1529 ι
725 1504 772 1536 Τίς
788 1502 834 1530 οὖν
851 1505 904 1539 ἄρα

960 266 1054 297 aperte
1084 264 1236 298 prmtlicnns
1262 264 1297 291 do
1312 264 1476 300 Unigenito:
1497 275 1505 291 ι
1532 266 1584 299 Qui
1611 272 1674 302 post
1705 276 1750 296 me

959 313 1095 336 venturus
1110 313 1164 340 est,
1178 314 1241 336 ante
1260 317 1303 336 me
1327 309 1416 337 factus
1440 317 1497 342 est,
1519 312 1584 346 quia
1609 313 1685 346 prior
1705 320 1750 340 me

959 358 1028 382 erat.
1051 354 1159 383 Etenim
1184 355 1218 383 de
1244 355 1415 390 plenitudine
1440 357 1500 391 ejus
1521 365 1617 385 omnes
1636 358 1748 392 accepi-

959 408 1030 428 mus.
1050 411 1059 426 ι
1077 400 1132 429 Nec
1148 405 1225 436 putet
1251 402 1389 436 quispiam
1406 401 1504 429 Joanni
1522 404 1632 437 quidem
1648 409 1674 430 ct
1694 411 1748 431 cae—

960 446 1027 474 teris
1055 448 1161 475 sanctis
1187 448 1234 481 qui
1267 453 1391 483 tempore
1417 448 1551 476 adventus
1584 450 1748 478 exstiterunt

959 492 1136 528 Unigcnitum
1162 494 1307 525 excellere,
1332 495 1426 529 gloriae
1446 499 1538 522 tamen
1555 499 1677 522 veterum
1699 503 1746 523 ce—

958 538 1033 570 dere,
1051 539 1097 573 qui
1116 544 1180 566 ante
1195 540 1330 567 adventus
1348 544 1471 574 tempora
1490 540 1640 567 sanctitate
1658 540 1747 574 fulge-

958 585 1024 612 bant
1041 594 1047 612 :
1069 585 1174 612 videbit
1197 586 1270 613 enim
1287 585 1397 613 Christo
1414 587 1492 620 longe
1508 586 1668 613 inferiorem
1684 593 1747 613 eset:

957 630 1084 666 Moysen,
1100 632 1209 666 inquit,
1228 633 1291 659 licet
1307 640 1402 660 eorum
1419 633 1627 667 comparatione
1642 633 1746 659 sancti—

959 681 1013 704 tate
1039 678 1232 712 prmcelluerit.
1252 678 1311 706 Sibi
1338 680 1411 706 enim
1439 687 1494 714 prae
1523 679 1632 706 cancris
1648 682 1743 705 notum

957 731 1018 750 esse
1036 724 1095 758 ipse
1112 724 1200 759 legum
1215 730 1311 751 auctor
1332 725 1406 752 clare
1421 725 1605 752 confirmavit.
1623 724 1745 752 Joannes

957 775 1021 803 ergo
1038 776 1088 795 suo
1108 769 1167 803 ipse
1186 770 1346 796 testimonio
1362 769 1510 804 probavit,
1531 777 1561 797 se
1576 769 1637 796 Filii
1657 769 1745 805 gloria

957 813 1037 848 longe
1051 815 1189 841 minorem
1211 823 1282 842 esse.
1298 815 1376 842 Cedit
1393 820 1485 843 autent
1508 816 1567 850 ejus
1587 816 1744 850 splendori.

958 867 1008 886 nec
1023 867 1055 887 ea
1081 860 1115 888 dc
1138 868 1167 888 re
1190 862 1347 897 ambigendi
1367 862 1458 889 locum
1478 862 1626 897 relinquit,
1654 866 1701 889 aut
1717 862 1745 888 in

957 906 1138 940 quaestionem
1165 908 1294 934 vocanda:
1318 908 1453 935 veritatis.
1472 908 1550 935 Unde
1566 915 1632 943 ergo
1655 908 1744 943 ipsum

959 961 1070 988 quoque
1089 961 1232 981 sacrorum
1246 955 1397 981 antistitem
1414 954 1525 989 Moysen
1541 955 1744 989 comperiemua

956 998 1116 1026 inferiorem
1131 1007 1192 1027 esse
1212 999 1314 1026 Christi
1336 1000 1445 1035 gloria?
1459 1000 1603 1028 Examinot
1613 1020 1621 1032 ,
1636 1002 1743 1035 inquit,

956 1044 1116 1075 studiosus,
1139 1044 1231 1072 datam
1266 1045 1344 1071 nobis
1367 1053 1416 1079 per
1440 1046 1607 1073 Salvatorem
1629 1046 1742 1080 gratiam

955 1089 1162 1124 evangelicum,
1179 1097 1295 1124 eamque
1320 1098 1383 1117 cum
1410 1091 1489 1126 legali
1513 1091 1602 1126 gratia
1619 1090 1744 1119 conferat

956 1143 1016 1170 quae
1031 1143 1081 1170 per
1094 1135 1205 1170 Moysen
1222 1136 1302 1163 nobis
1320 1140 1364 1164 est
1380 1136 1492 1163 tradita.
1505 1137 1583 1164 Tunc
1596 1137 1670 1164 enitn
1684 1144 1744 1164 cer-

959 1185 984 1209 te
1014 1181 1134 1213 videbit,
1160 1186 1237 1208 tanto
1266 1182 1486 1216 pt'zestantiorem
1525 1190 1587 1210 esse
1622 1182 1742 1213 Filium.

955 1231 1059 1262 quanto
1096 1227 1175 1262 legali
1215 1228 1362 1262 disciplina
1397 1229 1519 1262 potiores
1562 1228 1745 1263 Mosaicisquc

956 1273 1100 1309 praeceptis
1120 1274 1248 1301 meliores
1267 1274 1341 1309 leges
1359 1274 1431 1301 ferre
1455 1275 1636 1308 conspicitur.
1665 1274 1744 1308 102

959 1329 967 1345 ‹
988 1319 1043 1346 Lex
1060 1320 1132 1347 enitn
1145 1340 1152 1351 ,
1170 1320 1277 1354 inquit,
1294 1328 1342 1353 per
1360 1320 1468 1355 Moysen
1485 1320 1549 1346 data
1571 1325 1628 1352 cst,
1654 1321 1744 1353 gratia

955 1370 982 1392 et
1002 1366 1104 1392 veritas
1125 1373 1173 1400 per
1188 1364 1283 1392 Jesutn
1301 1364 1444 1392 Christum
1462 1365 1534 1392 facta
1547 1369 1599 1392 est.
1619 1375 1628 1390 ι
1649 1364 1744 1398 Quan-

956 1417 1012 1437 tum
1028 1411 1112 1445 igitur
1123 1411 1234 1439 intersit
1252 1411 1324 1438 inter
1339 1411 1427 1449 legem
1439 1431 1446 1443 ,
1463 1414 1490 1438 et
1515 1410 1669 1438 Salvatoris
1680 1418 1744 1446 gra-

956 1457 1038 1487 tiam.
1061 1457 1197 1491 spectabit
1221 1464 1320 1484 rursus
1336 1457 1464 1491 quisquis
1481 1459 1534 1484 erit
1552 1456 1680 1484 discendi
1694 1465 1743 1484 cuo

956 1503 1046 1538 pidus,
1058 1507 1084 1530 et
1094 1504 1226 1530 sudorum
1238 1503 1372 1530 bonorum
1382 1503 1486 1530 socius.
1495 1503 1587 1530 Pauca
1594 1511 1659 1531 vero
1669 1504 1745 1531 dice-

115 1548 159 1575 τοῦ
172 1549 253 1583 νόμου
270 1549 342 1586 πρὸς
352 1549 400 1585 τὴν
410 1549 456 1576 διὰ
472 1549 519 1576 τοῦ
530 1549 654 1584 Σωτῆρος
663 1550 743 1584 χάριν
753 1550 902 1585 ὴδιαφορὰ,

958 1557 1018 1577 ntus
1029 1557 1044 1577 e
1057 1550 1151 1576 multis
1166 1549 1212 1584 qui
1226 1549 1363 1577 infinitum
1376 1556 1402 1577 et
1418 1550 1527 1584 longum
1542 1558 1573 1577 ea
1589 1550 1624 1578 de
1634 1558 1664 1578 re
1678 1558 1743 1577 con-

116 1593 242 1630 θεωρήσει
256 1594 339 1622 πάλιν
354 1595 369 1621 6
388 1594 571 1630 φιλοζητητὴς
586 1595 633 1621 καὶ
659 1595 767 1630 ἑταῖρος
785 1595 904 1630 ἱδρώτων

115 1639 229 1675 ἀγαθῶν·
243 1635 329 1675 ’ὀλίγα
346 1641 375 1667 δὲ
391 1641 470 1676 ἡμεῖς
486 1641 601 1676 ἐροῦμεν
618 1641 677 1667 ἀντὶ
695 1641 816 1673 πολλῶν,
830 1641 902 1676 ἀμή-

115 1686 190 1723 ρυτόν
202 1695 264 1712 τινα
281 1686 330 1713 καί¹
354 1686 458 1722 μακρὸν
473 1686 526 1712 τῶν
541 1686 587 1712 ἐπὶ
602 1686 706 1718 τούτοις
719 1687 904 1722 Θεωρημάτων

114 1732 155 1758 τὸν
169 1731 288 1768 ἀριθμὸν
311 1731 374 1758 ὄντα
394 1732 575 1763 πιστεύοντες.
593 1732 697 1758 Οὐκοῦν
715 1741 724 1757 ι
752 1733 780 1758 '0
801 1732 850 1767 μὲν
859 1732 903 1758 v6-

114 1785 161 1812 μος
175 1778 326 1812 κατέκρινε
342 1777 388 1804 τὸν
403 1777 506 1812 κόσμον
518 1777 686 1813 (συνέκλεισε
704 1777 757 1813 γὰρ
767 1777 856 1809 ὸθεὸς
870 1778 903 1803 δι’

111 1823 190 1851 αὑτοῦ
200 1824 236 1851 τὰ
253 1824 346 1851 πάντα
362 1824 414 1850 ὑπὸ
428 1824 575 1860 ἁμαρτίαν,
595 1834 603 1850 ι
618 1824 655 1855 ὡς
666 1825 680 1850 6
696 1823 801 1855 Παῦλός
813 1825 902 1859 φησι),

112 1871 156 1898 καὶ
168 1870 316 1897 κολάσεσιν
330 1870 403 1905 ἡμᾶς
418 1870 526 1905 ἐνόχους
537 1870 616 1901 ὄντας
630 1870 764 1896 ἐδείκνυεν
774 1878 780 1883 “
797 1869 903 1896 ἐλευθε-

113 1917 151 1952 ροῖ
165 1916 194 1943 δὲ
221 1916 327 1951 μᾶλλον
340 1916 421 1947 αὐτὸς
436 1917 450 1942 6
473 1916 579 1952 Σωτήρ·
601 1926 609 1940 ι
630 1916 667 1941 Οὺ
692 1915 745 1950 γὰρ
761 1914 843 1950 ἦλθεν
860 1915 903 1941 ἵνα

110 1961 187 1998 κρίνῃ
197 1961 244 1988 τὸν
255 1962 371 1996 κόσμον,
386 1961 442 1988 ἀλλ’
453 1962 497 1988 ἵνα
508 1961 579 1996 σωθῇ
594 1963 607 1988 6
617 1962 725 1996 κόσμος.
740 1971 749 1987 ›
759 1962 813 1988 Καὶ
824 1961 902 1996 χάριν

109 2007 158 2042 ¹μὲν
174 2007 333 2044 ἀνθρώποις
355 2008 401 2034 καὶ
422 2008 437 2033 ὁ
451 2007 533 2042 νόμος
551 2007 648 2039 ἐδίδου,
672 2007 761 2034 καλῶν
777 2007 845 2038 ὅλως
864 2008 903 2038 εἰς

110 2053 285 2088 θιογνωσίαν,
306 2048 362 2090 κατ’
373 2053 422 2087 τῆς
435 2052 489 2080 τῶν
512 2052 627 2080 εἰδώλων
645 2052 770 2089 λατρείας
785 2052 901 2085 ἐξέλκων

109 2100 167 2132 τοὺς
178 2099 420 2135 πεπλανημένους,
433 2100 479 2127 καὶ
490 2099 601 2135 προσέτι
620 2099 707 2134 τούτῳ
724 2099 770 2126 καὶ
783 2099 814 2126 τὸ
831 2099 901 2133 φαῦ-

108 2146 150 2173 λον
167 2145 342 2177 ὑποδεικνὺς,
359 2146 406 2171 καὶ
429 2145 562 2172 διδάσκων
578 2145 608 2171 τὸ
623 2145 734 2179 ἀγαθὸν,
761 2146 785 2171 εἰ
803 2146 848 2171 καὶ
865 2145 901 2180 μὴ

107 2192 226 2224 τελείως,
253 2191 326 2219 ἀλλὰ
337 2190 554 2225 ,παιδαγωγικῶς
578 2191 625 2217 καὶ
640 2191 792 2226 χρησίμως.
813 2191 846 2217 Ἡ
859 2191 902 2217 διὰ

106 2237 151 2264 τοῦ
181 2237 356 2271 Μονογενοῦς
383 2236 497 2271 ἀλήθεια
518 2236 564 2263 καὶ
578 2237 667 2271 χάρις,
689 2237 738 2263 οὐκ
753 2237 782 2263 ὲν
805 2237 901 2268 τύποις

107 2285 170 2319 ἡμῖν
183 2283 314 2319 εἰσφέρει
329 2282 360 2309 τὸ
376 2282 487 2317 ἀγαθὸν,
503 2282 563 2309 οὐδὲ
576 2282 612 2312 ὡς
626 2283 654 2309 ἐν
670 2283 758 2314 σκιαῖς
772 2283 901 2318 χαράττει

106 2331 138 2358 τὰ
157 2331 350 2366 συμφέροντα·
365 2329 423 2356 ἀλλ’
442 2330 472 2354 ὲν
497 2328 644 2363 λαμπροῖς,
667 2328 713 2354 καὶ
737 2328 899 2363 καθαρωτά-

105 2384 160 2408 sat:
191 2375 375 2410 διατάγμασι,
408 2374 456 2401 καὶ
483 2374 551 2410 πρὸς
580 2374 685 2400 τελείαν
709 2374 759 2408 τῆς
784 2375 901 2407 πίστεως

105 2422 204 2457 γνῶσιν
221 2421 402 2457 χειραγωγεῖ·
415 2420 459 2447 καὶ
472 2420 486 2446 6
502 2420 550 2456 μὲν
565 2420 646 2454 νόμος
658 2419 766 2455 πνεῦμα
781 2420 901 2452 δουλείας

105 2468 190 2495 ἐδίδου
217 2467 292 2503 πρὸς
315 2466 408 2501 φόϐον,
423 2467 454 2492 τὸ
475 2465 503 2492 δὲ
527 2464 636 2500 πνεῦμα
654 2466 704 2501 τῆς
729 2466 866 2497 υἱοθεσίας
885 2467 900 2493 6

105 2513 221 2550 Χριστὸς
233 2514 277 2548 εἰς
290 2511 456 2548 ἐλευθερίαν.
473 2511 503 2537 '0
512 2511 593 2547 νόμος
603 2511 703 2545 ὁμοίως
715 2512 764 2547 τὴν
776 2513 805 2539 ἐν
819 2513 900 2547 σαρκὶ

104 2566 262 2603 περιτομὴν
285 2565 362 2592 οὐδὲν
383 2563 463 2592 οὖσαν
488 2564 623 2599 εἰσφέρει·
643 2565 659 2600 ἡ
685 2565 819 2601 περιτομὴ
845 2567 898 2602 γὰρ

102 2614 179 2641 οὐδέν
193 2614 286 2646 ἐστιν,
301 2611 397 2647 ὥσπερ
416 2609 462 2638 οὖν
474 2611 488 2637 6
500 2610 606 2642 Παῦλος
622 2610 773 2637 ἐπιστέλλει
789 2612 868 2638 τισῖΨ
886 2613 900 2639 ὀ

102 2660 250 2696 delitigat);
276 2658 359 2694 ἡμῶν
379 2656 482 2692 Ἰησοῦς
509 2656 625 2692 Χριστὸς
642 2656 690 2692 τὴν
715 2657 743 2683 ὲν
763 2657 899 2693 πνεύματι

103 2706 150 2734 καὶ
166 2705 273 2741 καρδίᾳ
291 2704 443 2740 περιτομὴν
463 2702 506 2729 διὰ
522 2702 638 2734 πίστεως
661 2702 793 2737 προξενεῖ.
812 2704 841 2730 'U
860 2703 902 2730 v6-

104 2766 154 2794 poc
177 2759 261 2786 ὕδατι
293 2756 418 2792 βαπτίζει
441 2754 537 2789 γυμνῷ
553 2754 615 2785 τοὺς
640 2756 871 2791 μεμολυσμένους·
888 2758 902 2783 ὁ

103 2804 210 2841 Σωτὴρ,
234 2814 244 2830 ι
268 2804 299 2830 ὲν
315 2802 452 2838 nucem
484 2799 553 2834 ἁγίῳ
576 2799 622 2825 καὶ
641 2800 717 2836 πυρί.
737 2811 746 2826 ι
775 2801 803 2828 Ὁ
823 2802 903 2836 νόμος

138 2862 161 2877 ⁶¹
183 2861 275 2888 Hebr.
305 2869 343 2892 ιιι,
370 2860 406 2893 ’1;
425 2858 512 2885 Galal-
538 2864 579 2890 ιιι.
600 2856 643 2883 Ξεί-
685 2857 793 2887 ⁸⁶Ιοιιη.
808 2868 847 2893 ιιι,
862 2861 904 2888 l7.

104 2903 143 2931 ιιι,
167 2896 212 2924 Η.
253 2896 280 2912 "
308 2895 388 2924 Hebr.
412 2902 449 2925 II,
465 2893 492 2926 2,
509 2893 535 2919 5.

957 1597 1164 1631 templationum
1177 1604 1323 1624 numerum
1334 1604 1396 1624 esse
1405 1597 1556 1624 credimus.
1570 1597 1654 1632 Igitur
1668 1606 1678 1622 ι
1687 1597 1743 1624 Lex

955 1643 1066 1678 quidem
1079 1643 1220 1670 damnavit
1235 1643 1368 1670 mundum
1384 1643 1544 1679 (conclusit
1568 1644 1642 1670 enim
1671 1643 1743 1671 Deus

955 1690 1047 1716 omnia
1076 1697 1123 1724 per
1150 1690 1239 1723 ipsam
1267 1689 1319 1716 sub
1335 1692 1461 1723 peccato,
1474 1698 1483 1714 ι
1503 1692 1532 1715 ut
1549 1689 1648 1715 scribit
1671 1687 1743 1714 Pau-

956 1737 997 1763 lus
1016 1737 1050 1770 ⁸³)
1065 1740 1091 1762 et
1113 1743 1165 1762 nos
1182 1742 1270 1769 poma:
1287 1734 1422 1762 obnoxios
1440 1741 1503 1761 esse
1520 1734 1657 1768 ostendit;
1682 1734 1744 1761 Sal-

956 1785 1034 1808 vator
1049 1786 1140 1808 autem
1158 1781 1218 1814 ipse
1234 1787 1283 1806 nos
1309 1779 1400 1813 potius
1424 1779 1523 1806 liberat
1539 1789 1545 1806 :
1564 1789 1574 1804 ι
1592 1778 1652 1806 Νοιι
1668 1780 1740 1806 enim

955 1826 1028 1853 venit
1043 1831 1073 1852 ut
1087 1825 1193 1859 judicet
1214 1824 1368 1857 mundum,
1392 1824 1440 1852 sed
1463 1829 1493 1851 ut
1515 1825 1636 1852 salvetur
1662 1832 1744 1852 inun-

954 1872 1049 1899 dus".
1067 1882 1076 1897 ι
1104 1870 1208 1898 Deinde
1232 1871 1274 1898 lex
1303 1871 1419 1905 gratiam
1445 1878 1557 1905 quoque
1584 1870 1742 1897 hominibus

955 1918 1055 1950 dabat,
1077 1917 1108 1943 ad
1127 1916 1295 1951 agnitionem
1319 1916 1368 1943 Dei
1389 1916 1485 1950 utique
1501 1916 1562 1942 illos
1578 1923 1696 1947 vocans,
1715 1919 1743 1942 ct

954 1964 988 1990 ab
1006 1963 1145 1989 idolorum
1161 1961 1241 1991 cultu,
1257 1966 1382 1989 errantes
1399 1960 1520 1988 edocens
1531 1980 1538 1993 ,
1557 1965 1583 1988 et
1596 1960 1662 1995 quid
1680 1969 1743 1996 pra-

954 2017 1016 2036 vum
1034 2009 1135 2044 quidve
1148 2008 1250 2035 bonum
1266 2011 1340 2034 esset
1355 2006 1487 2039 edocens,
1503 2007 1526 2034 si
1542 2014 1596 2034 non
1609 2007 1740 2042 perfecte,

954 2061 981 2083 at
999 2055 1138 2091 paedagogi
1158 2059 1285 2085 mereret
1301 2061 1364 2081 cum
1382 2053 1484 2081 fructu.
1516 2053 1624 2081 Veritas
1635 2058 1661 2081 et
1677 2062 1742 2089 gra-

954 2102 991 2129 tia
1019 2109 1067 2136 per
1094 2099 1273 2134 Uuigenitum
1300 2106 1356 2125 non
1381 2099 1408 2125 in
1437 2098 1508 2134 typis
1527 2099 1629 2126 bonum
1662 2100 1742 2127 nobis

954 2146 1100 2183 proponit,
1127 2153 1215 2179 neque
1241 2151 1289 2178 per
1313 2143 1437 2170 umbram
1457 2151 1500 2170 res
1521 2143 1646 2171 salubres
1661 2144 1742 2171 nobis

954 2192 1103 2228 imprimit,
1127 2191 1176 2218 sed
1202 2190 1286 2217 claris
1306 2189 1464 2224 apertisque
1491 2189 1646 2223 praeceptis,
1666 2193 1693 2217 et
1708 2190 1741 2216 ad

955 2238 1102 2274 perfectam
1120 2235 1182 2262 ﬁdei
1199 2234 1385 2268 cognitionem
1401 2232 1520 2260 deducit.
1537 2233 1590 2260 Lex
1613 2234 1740 2269 spiritum

955 2283 1097 2311 servitutis
1109 2281 1192 2309 dabat
1204 2280 1237 2307 ad
1251 2280 1435 2306 formidinem.
1446 2280 1576 2307 Christus
1594 2287 1661 2307 vero
1684 2281 1742 2315 spi-

955 2331 1036 2358 ritum
1070 2328 1225 2363 adoptionis
1255 2328 1372 2354 tiliorum
1401 2326 1428 2352 in
1463 2326 1657 2353 libertatem".
1685 2325 1742 2353 Lex

955 2375 1198 2404 circutncisionem
1237 2373 1331 2400 carnis
1357 2379 1418 2407 quae
1447 2371 1514 2398 nihil
1547 2375 1602 2402 est,
1633 2371 1743 2398 inducit

955 2421 1147 2458 (circumcisio
1162 2420 1234 2447 enim
1247 2419 1316 2446 nihil
1331 2422 1390 2449 est,
1403 2421 1432 2444 ut
1447 2417 1546 2444 alicubi
1562 2417 1660 2445 scribit
1670 2417 1738 2445 Pau-

955 2470 998 2496 lus
1011 2468 1033 2483 ⁸⁸
1043 2469 1063 2502 ),
1078 2467 1209 2494 Dominus
1221 2469 1311 2492 autem
1331 2469 1424 2492 noster
1442 2463 1522 2491 Jesus
1537 2463 1665 2491 Christus
1684 2464 1743 2499 spi-

955 2516 1025 2543 ritus
1040 2519 1066 2541 et
1081 2513 1173 2540 cordis
1186 2510 1428 2538 circumcisionem
1442 2517 1491 2544 per
1504 2509 1583 2536 tidem
1598 2509 1741 2537 conciliat.

955 2562 1010 2589 Lex
1031 2567 1101 2594 aqua
1117 2558 1175 2586 sola
1188 2556 1311 2591 baptizat
1325 2556 1486 2591 inquinatos
1501 2563 1508 2582 :
1530 2554 1668 2589 Salvator,
1685 2565 1696 2582 ι
1714 2557 1741 2583 in

957 2607 1059 2642 Spiritu
1083 2608 1178 2632 sancto
1192 2608 1219 2631 et
1235 2604 1296 2639 igne
1310 2603 1343 2629 ⁸³.
1360 2613 1369 2628 ι
1388 2602 1443 2629 Lex
1460 2602 1488 2628 in
1503 2603 1643 2637 exemplar
1663 2610 1743 2630 vero-

955 2660 1017 2680 rum
1043 2649 1249 2678 tabernarulum
1277 2647 1406 2683 proponit
1425 2655 1431 2672 :
1451 2646 1577 2674 Salvator
1598 2647 1626 2674 in
1651 2647 1740 2683 ipsum

956 2700 1055 2727 coelum
1076 2696 1226 2727 transfert,
1251 2698 1278 2723 et
1293 2695 1321 2722 in
1346 2694 1437 2721 verius
1463 2693 1671 2722 tabernaculum
1699 2696 1744 2722 in-.

956 2743 1092 2775 traducit,
1121 2741 1195 2776 quod
1221 2740 1317 2767 statuit
1347 2739 1493 2773 Dominus,
1523 2745 1579 2766 non
1608 2738 1740 2767 homo".

957 2790 1063 2822 Quibus
1080 2788 1209 2816 omnibus
1222 2786 1373 2822 probandis
1387 2785 1497 2814 diliicile
1511 2794 1565 2814 non
1578 2789 1650 2814 esset
1667 2793 1743 2812 com-

947 2862 968 2876 “
990 2861 1067 2888 Rom.
1086 2867 1145 2892 vm,
1163 2859 1253 2886 lii-2|.
1297 2858 1318 2874 ⁸⁸
1341 2857 1349 2885 l
1367 2858 1428 2886 Cor.
1451 2864 1499 2890 vn,
1526 2857 1568 2884 l9.
1610 2856 1631 2872 ‘°
1649 2855 1741 2883 Matth.
