2030 3122
281 160 333 188 175

280 219 375 254 plures
400 217 468 246 alias
485 217 738 245 demonstrationes
754 217 866 251 addere.
892 220 940 247 sed
969 220 1069 249 modus
1085 224 1107 252 Δ

282 263 446 293 servandus.
460 262 529 290 lllud
549 266 640 290 tamen
657 263 771 290 omnino
787 264 998 298 praetermittere
1017 273 1073 293 non

278 316 448 346 possumus,
469 308 580 338 beatum
597 307 714 334 Paulum
734 309 831 343 paucis
851 310 943 337 verbis
966 311 1073 339 solvere

281 355 355 382 illam
371 355 404 381 de
420 355 478 389 lege
491 357 516 381 et
536 352 692 381 Salvatoris
703 353 792 388 gratia
813 355 995 389 quaestionem
1006 357 1072 384 dum

280 400 318 427 ait
342 407 373 424 ι(
393 398 460 426 Nam
495 398 518 426 si
540 399 738 426 ministrationi
765 398 954 428 damnationis
987 402 1072 436 gloria

280 451 332 478 est.
350 446 438 473 multo
453 446 539 480 magis
557 444 682 473 abundat
697 445 884 473 ministerium
903 447 1019 482 justitite
1041 456 1070 475 tn

279 493 416 527 gloria“.
438 503 447 518 ι
467 493 652 523 Minister-ium
680 496 752 523 enim
775 497 964 525 damnationis
991 503 1073 526 vocat

279 542 449 572 praeceptum
474 538 624 567 lllosaieum
635 561 642 574 ,
659 541 846 569 ministerium
863 550 931 570 vero
945 544 1071 579 justitite,

276 583 434 613 .Salvatoris
464 586 581 621 gratiam
608 588 749 620 nominat,
766 589 810 616 cui
829 590 911 616 etiam
930 590 1072 618 abundan-

281 631 349 658 tiam
368 632 463 667 gloriae
483 632 600 665 tribuit,
617 641 709 660 rerum
725 638 852 662 naturam
870 640 944 664 recte
956 644 1073 671 perpen<

280 678 360 711 dens,
388 683 418 706 ut
441 679 487 714 qui
514 680 550 707 sit
580 680 688 708 amatus
702 680 819 717 Spiritu.
840 682 922 718 Igitur
949 690 1012 710 cum
1029 683 1072 710 lex

278 725 473 752 condemnans
489 725 553 752 data
567 734 615 761 per
628 725 722 754 Mosen
735 747 742 759 ,
755 734 803 761 per
813 726 992 763 Unigenitum
1007 735 1073 763 vero

281 769 352 797 facta
382 771 460 806 103
487 771 522 799 sit
545 755 634 807 gratia
658 755 833 807 juslilicans,
857 755 997 808 quomodo
1017 755 1072 800 noln

281 817 421 851 gloriosus
435 817 489 844 erit
505 817 528 845 is
539 825 586 852 per
600 826 682 853 quem
694 818 817 853 potiores
827 818 901 853 leges
916 819 977 846 lata:
990 819 1074 847 sunt?

281 861 352 889 Vere
364 862 456 897 itaque
471 862 630 895 Psalmista,
644 863 709 890 dum
725 864 752 891 in
769 863 873 899 Spiritu
889 865 963 892 canit
977 865 1072 892 Domi-

282 916 348 935 num
364 913 488 936 nostrttm
506 907 600 936 Iesum
623 909 763 937 Christum
779 911 937 938 universam
961 915 1072 938 saneto-
1088 902 1109 929 Β

282 961 343 980 rum
359 954 543 982 clarissimam
563 955 636 982 illam
654 955 860 984 multitudinem
876 963 1018 991 superare,
1035 956 1074 983 ait

281 999 325 1026 his
338 1000 447 1027 verbis:
466 999 554 1033 «Quis
572 1000 599 1027 in
625 1001 745 1029 nubibus
771 1002 926 1037 mquabitnr
946 1001 1072 1033 Domino,

281 1049 329 1072 aut
351 1045 413 1080 quis
437 1045 537 1073 similis
560 1046 614 1073 erit
639 1046 663 1073 ei
686 1046 713 1073 in
742 1046 806 1074 filiis
831 1046 932 1074 Dei"?
950 1057 959 1072 ›
981 1046 1073 1074 Nubes

280 1092 354 1118 enim
376 1091 516 1127 spiritales
528 1112 535 1124 ,
548 1092 600 1118 ltoc
616 1097 658 1118 est
674 1093 762 1119 sancti
778 1093 930 1127 prophette,
954 1093 1073 1128 palmam

281 1137 394 1165 Christo
418 1137 536 1168 cedent.
562 1145 612 1164 nec
638 1137 841 1165 existimabunt
869 1145 991 1173 unquam
1021 1137 1073 1165 sibi

281 1184 445 1212 certandum
467 1191 529 1212 esse
548 1191 610 1210 eum
628 1185 688 1218 ipso
701 1185 734 1210 de
756 1184 854 1219 gloria,
876 1183 1012 1211 secundas
1027 1184 1074 1211 illo

283 1235 402 1264 tenente,
419 1231 465 1266 qtti
485 1237 540 1265 prae
555 1230 663 1257 castoris
683 1230 797 1264 agnitus
815 1234 876 1257 erat
892 1237 907 1256 a
923 1229 989 1262 Deo,
1000 1229 1075 1257 Mose

277 1276 415 1303 nimirum
443 1275 518 1302 :tilii'
536 1279 628 1302 autem
652 1273 700 1301 Dei
725 1275 772 1309 qtti
800 1275 934 1302 adventus
955 1279 1075 1309 tempore

283 1322 436 1354 fulserunt,
461 1329 516 1348 non
537 1324 619 1348 erunt
640 1327 688 1355 per
710 1320 803 1346 omnia
827 1319 932 1347 similes
955 1320 1075 1351 naturali

283 1369 364 1400 Filio,
385 1369 432 1396 sed
450 1367 638 1396 conditionem
653 1374 731 1394 suam
752 1371 918 1402 agnoscent,
933 1374 995 1394 eum
1012 1374 1076 1394 san-

282 1421 347 1442 ctus
363 1413 488 1449 Baptista
509 1413 588 1448 longe
606 1411 722 1449 seintra
736 1412 811 1438 illum
828 1412 948 1446 positum
959 1416 1074 1445 asserat,

281 1461 318 1487 de
331 1466 386 1494 quo
402 1458 440 1485 ait
454 1457 502 1493 qui
519 1457 604 1485 corda
631 1457 707 1483 novit
723 1465 732 1484 :
751 1465 759 1482 ι
776 1456 834 1483 Non
859 1457 981 1484 surrexit
1006 1458 1077 1485 itttcr

285 1510 366 1534 natos
379 1505 525 1532 mulierum
552 1503 642 1538 major
657 1502 763 1530 Joanne
786 1503 906 1538 Baptista
918 1503 950 1530 ".
965 1513 974 1529 ›
988 1503 1076 1530 Verax

281 1552 419 1587 estigitur
438 1550 608 1585 evangelista
627 1549 726 1577 beatus
736 1569 744 1580 ,
757 1549 821 1576 dum
833 1549 872 1576 ait
886 1556 915 1577 se
935 1553 1077 1584 spectasse

287 1610 297 1626 ι
318 1599 441 1628 Gloriam
455 1598 533 1632 ejus,
551 1598 668 1633 gloriam
685 1597 825 1633 Unigeniti
846 1604 861 1624 a
881 1597 978 1630 Patre,
995 1607 1004 1623 ι
1023 1598 1074 1625 hoc

281 1651 344 1677 est,
362 1645 452 1680 qualis
463 1645 562 1672 deceat
572 1644 746 1679 unigenitum
759 1651 774 1670 a
792 1643 848 1671 Deo
865 1643 945 1671 Patre
960 1642 1073 1678 Filium.

284 1699 340 1719 non
363 1695 453 1718 autem
478 1698 526 1718 eos
544 1690 591 1725 qui
610 1690 645 1717 ad
667 1689 728 1725 ejus
759 1689 958 1717 fraternitatem
982 1689 1074 1716 vocati

284 1742 359 1770 sunt,
375 1744 491 1772 quorum
509 1740 551 1764 est
566 1735 778 1771 primogenitns.

815 160 843 188 S.
866 159 1004 190 CYltll.Ll
1021 162 1255 191 ALEXANDRINI
1273 162 1433 192 ARCHIEP.

1870 163 1919 191 Πδ

1121 223 1160 253 εἰς
1173 222 1221 258 τὴν
1235 222 1379 249 ἀντίτυπον
1403 221 1457 248 τῶν
1471 220 1606 256 ἀληθινῶν
1628 221 1748 258 εἰσφέρει
1765 222 1872 258 σκηνὴν
1884 230 1890 237 ·
1904 224 1918 248 ὁ

1125 268 1221 304 Σωτὴρ
1243 269 1283 300 είς
1298 268 1379 295 αὑτὸν
1396 268 1528 304 ἀναφέρει
1547 267 1592 294 τὺν
1607 267 1731 302 οὐρανὸν.
1748 268 1795 294 καὶ
1811 268 1853 300 εἰς
1870 267 1919 303 τὴν

1125 314 1308 349 ἀληθεστέραν
1334 314 1439 348 είσάγει
1464 314 1578 348 σκηνὴν,
1603 313 1636 349 ἢν
1658 313 1756 349 ἔπηξεν
1773 315 1787 340 ὁ
1803 313 1918 350 Κύριος,

1124 360 1175 386 οὐκ
1189 359 1343 395 ἄνθρωπος·
1357 361 1403 386 καὶ
1414 359 1530 394 χαλεπὸν
1547 359 1596 394 μὲν
1609 359 1685 386 οὐδὲν
1700 358 1853 391 ἀποδείξεις
1863 360 1920 390 τοῖς

1124 405 1280 441 εἰρημένοις
1294 406 1473 441 ἐπισωρεύειν
1485 406 1591 441 ἑτέρας,
1608 405 1736 441 τιμητέον
1746 405 1767 432 δ’
1784 403 1831 432 οὖν
1844 405 1919 441 ὅμως

1124 450 1154 477 τὸ
1172 450 1281 486 μέτρον.
1295 450 1369 485 Πλὴν
1383 452 1470 477 ἐκεῖνο
1483 450 1627 487 χρησίμως
1640 459 1670 477 τε
1696 451 1743 477 καὶ
1762 450 1920 485 ἀναγκαίως

1123 494 1251 530 ἐροῦμεν,
1269 496 1365 530 ὅτιπερ
1379 496 1394 521 ὁ
1411 496 1545 530 μακάριος
1562 494 1667 526 Παῦλος
1688 496 1716 522 ἐν
1726 495 1826 529 ὀλίγοις
1842 494 1920 522 ἔλυσε

1123 541 1154 567 τὸ
1173 540 1339 582 ζητούμενον
1364 541 1427 576 περί
1444 549 1472 567 τε
1501 539 1548 567 τοῦ
1568 540 1651 575 νόμου
1672 540 1719 567 καὶ
1735 541 1783 575 τῆς
1799 539 1848 566 τοῦ
1863 541 1921 567 Σω-

1123 587 1206 623 τῆρος
1217 587 1339 623 χάριτος,
1352 587 1446 613 εἰπών⁸
1459 596 1467 612 ι
1481 586 1512 613 Εἰ
1526 586 1581 622 γὰρ
1592 588 1624 622 τῇ
1637 587 1760 622 διακονίᾳ
1771 586 1821 621 τῆς
1834 593 1920 614 κατα-

1123 633 1239 669 κρίσεως
1254 633 1316 666 δόξα
1328 654 1335 666 ,
1351 632 1445 668 πολλῷ
1464 633 1563 668 μᾶλλον
1584 632 1741 668 περισσεύει
1761 633 1778 668 ἡ
1797 633 1921 659 διακονία

1123 682 1172 715 τῆς
1188 680 1361 715 δικαιοσύνης
1375 679 1449 715 δόξῃ.
1471 689 1480 705 ι
1495 679 1638 706 Διακονίαν
1655 679 1704 715 μὲν
1718 678 1774 714 γὰρ
1791 678 1921 714 κατακρί-

1124 734 1194 757 σεως
1204 746 1211 759 ,
1229 726 1279 760 τὴν
1290 725 1334 752 διὰ
1347 726 1468 757 Μωσέως
1492 725 1575 760 φησὶν
1599 724 1724 761 ἐντολήν·
1742 724 1881 751 διακονίαν
1893 724 1922 750 δὲ

1123 771 1308 807 δικαιοσύνης,
1327 773 1376 807 τὴν
1391 771 1467 807 παρὰ
1479 771 1526 798 τοῦ
1542 771 1666 806 Σωτῆρος
1681 769 1810 804 ὀνομάζει
1827 770 1920 807 χάριν,

1124 815 1141 854 ᾗ
1155 818 1245 844 καὶτὸ
1260 817 1340 844 πλέον
1352 819 1379 844 ἐν
1395 817 1457 853 δόξῃ
1473 816 1622 848 κεκτῆσθαι
1633 815 1787 852 χαρίζεται,
1802 816 1853 852 τὴν
1867 815 1921 842 vim

1125 863 1295 898 πραγμάτων
1313 863 1411 898 ἄριστα
1422 862 1578 898 δοκιμάζων
1596 862 1688 896 φύσιν,
1711 861 1749 893 ὡς
1771 868 1923 896 πνευματο-

1124 909 1217 944 φόρος.
1239 909 1342 935 Οὐκοῦν
1366 909 1515 944 ἐπειδήπερ
1534 909 1547 935 ὁ
1568 908 1617 944 μὲν
1639 907 1812 943 κατακρίνων
1838 906 1921 942 νόμος

1125 955 1203 990 ἐδόοη
1219 955 1263 981 διὰ
1278 954 1409 988 Μωσέως,
1432 955 1527 989 γέγονε
1543 954 1571 981 δὲ
1581 953 1624 980 διὰ
1642 953 1689 980 τοῦ
1717 952 1887 988 Μονογενοῦς
1902 953 1920 988 ἠ

1124 1001 1266 1028 δικαιοῦσα
1285 1001 1377 1036 χάρις,
1399 1000 1457 1032 πῶς
1483 1001 1532 1027 οὐκ
1547 1000 1576 1027 ἐν
1599 1000 1673 1035 δόξῃ,
1690 1000 1782 1034 φησιν,
1800 1001 1814 1026 ὁ
1827 999 1863 1026 δι’
1890 997 1922 1027 οὗ

1124 1045 1158 1072 τὰ
1170 1045 1287 1081 κρείττω
1307 1045 1532 1080 νενομοθέτηταις
1553 1044 1709 1080 Ἀληθεύσει
1733 1044 1765 1080 δὴ
1782 1043 1828 1072 οὖν
1844 1044 1893 1071 καὶ
1906 1045 1922 1070 ὁ

1125 1091 1251 1127 Μελῳδὸς
1267 1092 1296 1118 ἐν
1313 1090 1466 1126 Πνεύματι,
1479 1091 1523 1117 τὸν
1540 1091 1641 1126 Κύριον
1656 1091 1733 1126 ἡμῶν
1755 1089 1860 1124 Ἰησοῦν
1876 1090 1922 1117 τὸν

1125 1136 1243 1172 Χριστὸν
1256 1136 1346 1171 πάσης
1356 1135 1422 1171 ὁμοῦ
1433 1136 1483 1170 τῆς
1493 1135 1622 1170 λαμπρᾶς
1636 1135 1689 1161 τῶν
1703 1135 1788 1169 ἁγίων
1802 1134 1923 1170 πληθύος

1126 1181 1305 1216 ὑπερκεῖσθαι
1331 1181 1411 1217 βοῶν·
1433 1190 1441 1206 ι
1460 1181 1507 1212 Τίς
1531 1181 1596 1216 γὰρ,
1624 1181 1715 1215 φησιν,
1746 1181 1776 1207 ἐν
1796 1180 1922 1214 νεφέλαις

1128 1228 1289 1263 ἰσωθήσεται
1306 1227 1344 1262 τῷ
1357 1227 1452 1262 Κυρίῳ
1462 1227 1496 1262 ;ἢ
1511 1227 1551 1257 τίς
1560 1226 1758 1261 ὁμοιωθήσεται
1774 1225 1813 1262 τῷ
1827 1226 1924 1262 Κυρίῳ

1126 1274 1155 1300 ἐν
1175 1274 1244 1305 υἱοῖς
1267 1273 1353 1306 Θεοῦ;
1378 1283 1387 1298 ι
1408 1272 1529 1307 Νεφέλαι
1553 1272 1671 1308 μὲνγὰρ
1688 1273 1716 1298 αἱ
1731 1272 1836 1307 νοηταὶ,
1850 1271 1924 1299 τοῦτ’

1127 1319 1211 1352 ἔστιν,
1230 1320 1255 1346 οἱ
1271 1320 1343 1353 ἅγιοι
1367 1319 1519 1355 προφῆται,
1539 1319 1771 1354 παραχωρήσουσι
1795 1319 1827 1346 τὺ
1845 1319 1925 1354 νικᾷν

1126 1365 1165 1401 τῷ
1174 1365 1296 1401 Χριστῷ·
1313 1365 1451 1400 οἰήσονται
1462 1364 1489 1391 δὲ
1500 1364 1555 1390 δεῖν
1565 1364 1691 1399 οὐδαμῶς
1706 1364 1842 1400 ἱσομέτρῳ
1854 1363 1926 1399 πρὸς

1127 1410 1209 1438 αὑτὸν
1224 1410 1390 1445 ἁμιλλᾶσθαι
1406 1411 1484 1445 τιμῇ,
1503 1409 1552 1444 τὴν
1565 1409 1695 1444 δευτέραν
1717 1408 1926 1444 ἀποφερομένου

1128 1456 1204 1488 τάξιν
1226 1456 1271 1482 τοῦ
1283 1455 1358 1491 παρὰ
1372 1455 1477 1486 πάντας
1492 1455 1666 1490 ἐγνωσμένου
1678 1455 1752 1490 παρὰ
1759 1454 1838 1488 Θεοῦ,
1851 1453 1926 1482 τοῦτ’

1128 1502 1186 1529 ἔστι
1198 1501 1330 1533 Μωσέως·
1345 1501 1399 1528 υἱοὶ
1412 1501 1440 1527 δὲ
1451 1501 1474 1527 οἱ
1488 1510 1546 1537 χρι.
1588 1520 1595 1527 .
1635 1522 1641 1528 .
1659 1501 1697 1537 (1)
1709 1501 1755 1527 τοῦ
1770 1500 1838 1527 Θεοῦ
1853 1501 1927 1527 κατὰ

1129 1549 1174 1575 τὸν
1188 1549 1237 1584 τῆς
1246 1547 1394 1583 ἐπιδημίας
1405 1548 1509 1584 καιρὸν,
1522 1548 1572 1574 οὐκ
1593 1548 1808 1583 ἀπαραλλάκτως
1822 1549 1925 1583 ὁμοιω-

1129 1595 1259 1629 οήσονται
1272 1594 1311 1630 τῷ
1322 1594 1393 1620 κατὰ
1404 1594 1484 1628 φύσιν
1497 1594 1561 1630 Υίῷ,
1575 1595 1642 1622 ἀλλὰ
1657 1595 1687 1621 τὸ
1698 1596 1796 1622 οἰκεῖον
1809 1594 1926 1629 ἐπιγνώ-

1130 1650 1220 1668 σονται
1243 1641 1352 1676 μέτρον,
1377 1640 1465 1667 ὀπίσω
1492 1641 1611 1677 μάλιστα
1637 1641 1774 1668 τεθεῖσθαι
1798 1641 1926 1676 λέγοντος

1129 1687 1222 1714 ἐαυτὸν
1237 1687 1284 1713 τοῦ
1295 1687 1372 1721 ἁγίου
1387 1687 1548 1720 Βαπτιστοῦ,
1563 1688 1628 1724 περὶ
1643 1684 1672 1714 οὖ
1684 1696 1764 1722 φησιν
1782 1690 1796 1714 ὁ
1810 1688 1926 1723 καρδίας

1128 1733 1216 1764 εἰδῶς’
1229 1743 1238 1759 ι
1252 1734 1310 1760 Οὐκ
1322 1734 1470 1770 ἐγήγερται
1484 1735 1513 1761 ὲν
1523 1736 1662 1770 γεννητοῖς
1674 1735 1811 1769 γυναικῶν
1823 1735 1925 1769 μείζων

287 1782 414 1809 -Ὶωάννου
439 1780 486 1808 τοῦ
513 1776 679 1807 Βαπτιστοῦ.
711 1790 720 1806 ι
745 1779 885 1815 Ἀληθεύει
916 1779 948 1814 δὴ
968 1776 1015 1806 οὖν
1037 1779 1052 1805 ὀ
1079 1778 1215 1813 μακάριος
1231 1777 1438 1813 εὑαγγελιστὴς,
1460 1778 1606 1805 τεθεᾶσθαι
1632 1779 1719 1812 λέγων
1742 1788 1751 1803 ι
1773 1779 1829 1814 Τὴν
1846 1778 1924 1811 δόξαν

284 1827 378 1860 αὐτοῦ,
408 1827 486 1859 δόξαν
519 1827 557 1858 ὡς
578 1825 749 1860 Μονογενοῦς
771 1826 847 1862 παρὰ
871 1826 988 1860 Πατρδς,
1020 1835 1029 1852 ι
1063 1824 1127 1851 τοῦτ
1145 1823 1218 1851 ἐστιν
1246 1825 1320 1860 ἥπερ
1345 1824 1378 1850 ἃν
1406 1825 1507 1860 πρέποι
1528 1824 1567 1859 τῷ
1590 1825 1622 1851 ἐκ
1643 1825 1710 1851 Θεοῦ
1737 1825 1844 1859 Πατρδς
1868 1825 1925 1860 Υἱῷ

287 1868 436 1910 mysta,
466 1872 513 1899 καὶ
542 1872 603 1907 οὐχὶ
620 1872 720 1907 μᾶλλον
750 1873 807 1904 τοῖς
821 1872 860 1904 είς
887 1871 1054 1907 ἀδελφότητα
1072 1870 1252 1907 κεκλημένοις
1267 1869 1361 1902 αὐτοῦ,
1379 1866 1417 1896 ὧν
1432 1870 1490 1896 ἐστι
1508 1870 1695 1904 πρωτότοκος,

611 1918 688 1946 CAP.
712 1918 746 1946 X.

285 1967 364 2001 Quod
379 1966 452 1993 solus
469 1965 612 1992 secundum
626 1969 751 1992 naturam
772 1964 860 1992 Filius
882 1974 914 1992 ea:
941 1965 1024 1992 Patre
1039 1966 1074 1992 sit

428 2001 578 2036 unigem'ltts
589 2021 596 2033 ,
611 2005 638 2027 ul
649 2009 680 2027 ea:
697 2002 765 2034 ipso.
781 2005 805 2027 ει
821 2001 848 2027 in
864 2001 930 2034 ipso.

321 2047 350 2080 1,
367 2047 411 2074 18.
435 2046 515 2074 Deum
533 2054 607 2074 nemo
626 2047 690 2073 vidit
705 2055 843 2081 unquam:
862 2047 1012 2080 unigenilus
1027 2045 1074 2073 Fi-

286 2094 351 2127 lius,
363 2092 410 2128 qui
422 2097 462 2119 est
475 2092 500 2118 in
513 2092 572 2118 sinu
595 2090 704 2124 Patria,
721 2092 774 2124 ipse
789 2091 934 2117 enarravit.

323 2178 523 2207 Animadverte
546 2185 644 2205 rursus
662 2177 707 2204 ltic
722 2176 808 2204 divini
825 2176 1001 2210 evangelista:
1014 2184 1078 2211 pru-

285 2225 417 2253 dentiam.
433 2223 492 2251 Non
505 2223 641 2259 ignoravit
652 2222 800 2249 nonnullos
814 2221 840 2248 in
851 2229 882 2249 ea
893 2228 953 2256 quae
963 2220 998 2248 de
1011 2220 1077 2248 Uni-

286 2273 377 2307 σι,οηὶιο
392 2271 467 2298 dicta
483 2274 558 2302 sunt,
568 2270 661 2297 acritts
677 2269 874 2304 inquisituros,
887 2275 919 2295 ac
928 2267 1052 2295 dicturos
1067 2276 1074 2293 :

284 2317 450 2349 Asseruisti,
464 2324 480 2343 0
503 2317 585 2347 bone.
612 2319 752 2350 spectasse
767 2324 776 2341 ι
789 2314 912 2341 Gloriam
932 2313 1005 2349 ejus,
1020 2314 1078 2348 glo-

1439 1918 1564 1945 ΚΕΦΛΛ.
1580 1918 1607 1944 I’.

1129 1964 1193 1991 Ὅτι
1203 1963 1382 2001 μόνος-κατᾲ
1396 1964 1490 2001 φήσιν
1502 1963 1569 2001 1’71);-
1582 1964 1623 2001 ée
1633 1965 1746 2001 Πατρός
1754 1966 1775 2001 _d
1790 1967 1922 2001 Μονογ-ε-

1269 1999 1337 2033 νὴς,
1353 1999 1393 2032 ὡς
1405 1999 1439 2031 ἐξ
1453 1999 1557 2031 αὑτοῦ,
1578 1999 1626 2026 καί
1641 2000 1674 2026 ἑν
1690 1999 1784 2032 αὐτῷ.

1165 2045 1239 2072 Geor
1268 2045 1369 2078 οὐδεὶς
1404 2045 1514 2079 ἑώρακε
1549 2046 1666 2073 πώποτε
1683 2056 1690 2062 ι
1718 2048 1734 2074 ό
1753 2046 1924 2081 μονογενὴς

1133 2090 1200 2123 Υἱὸς
1221 2092 1236 2116 ό
1255 2089 1297 2116 ὢν
1308 2091 1352 2123 εις
1372 2090 1425 2117 τι¹ν
1448 2091 1565 2118 κόλπον
1586 2092 1639 2119 τοῦ
1660 2093 1785 2126 Πατρός,
1807 2093 1923 2125 ἐκεῖνος

1130 2136 1312 2170 ἐξηγήσατο.

1166 2181 1220 2208 Θέα
1231 2181 1262 2216 δὴ
1285 2181 1365 2208 πάλιν
1384 2183 1413 2208 ἐν
1428 2182 1533 2215 τούτοις
1550 2183 1596 2210 τοῦ
1624 2185 1850 2220 πνευματοιρόρου
1872 2185 1922 2221 τὴν

1130 2227 1222 2262 νῆψιν.
1253 2227 1310 2254 Οὐκ
1324 2228 1458 2264 ἠγνόησεν
1473 2229 1513 2256 ὅτι
1542 2230 1650 2262 πάντως
1673 2231 1765 2266 ἐροῦσί
1780 2240 1863 2263 τινες,
1887 2232 1922 2258 τὰ

1130 2273 1257 2309 περὶτοῦ
1278 2274 1448 2307 Μονογενοῦς
1470 2275 1603 2310 εἰρημένα
1625 2276 1787 2311 πικρότερον
1809 2276 1921 2311 βασανί-

1129 2319 1231 2352 ζοντες·
1245 2320 1343 2354 Ἔφης,
1353 2317 1375 2346 ὧ
1383 2317 1469 2351 οὗτος,
1479 2321 1621 2348 τεθεᾶσθαι
1631 2330 1638 2336 '
1656 2323 1725 2357 «Τὴν
1733 2323 1811 2355 δόξαν
1825 2323 1919 2357 αὑτοῦ,

284 2364 354 2391 riam
369 2363 449 2398 quasi
468 2361 608 2396 Unigeniti
623 2368 638 2387 a
660 2360 757 2387 Patre:
778 2369 787 2386 ι
815 2360 942 2395 Cumque
963 2360 1075 2395 deceret

1128 2365 1207 2398 δόξαν
1238 2366 1277 2397 ὡς
1308 2367 1476 2400 Μονογενοῦς
1503 2368 1578 2403 παρὰ
1601 2368 1718 2404 Πατρός·
1743 2379 1752 2394 ι
1775 2366 1835 2396 εἶτα
1863 2370 1921 2396 δέον

283 2408 459 2438 subtiliorem
492 2408 609 2435 istarum
636 2414 728 2433 rerum
754 2406 833 2433 nobis
864 2407 1074 2441 explicationem

283 2455 395 2487 atlerre,
411 2458 438 2482 et
453 2453 576 2480 divinum
592 2451 724 2487 quiddam
747 2457 830 2487 atque
843 2453 958 2480 sublime
972 2452 1074 2484 dicere,

286 2502 403 2538 gleriam
422 2501 498 2528 illam
516 2499 712 2526 demonstrasti
733 2506 765 2525 ex
781 2507 813 2526 eo
838 2498 909 2534 quod
924 2498 1024 2534 Moysis
1048 2503 1075 2526 et

284 2546 400 2574 Joannis
428 2545 618 2573 excellentiam
637 2545 788 2579 superavit,
811 2546 887 2580 quasi
905 2553 958 2572 non
982 2549 1074 2579 posset

285 2593 365 2620 aliter
389 2592 449 2626 ejus
473 2591 558 2626 gloria
585 2591 721 2625 spectari,
746 2599 808 2618 cum
825 2591 922 2619 beatus
942 2591 1074 2626 propheta

285 2639 372 2666 lenias
386 2637 461 2665 dicat
477 2647 482 2664 :
499 2647 508 2662 ι
526 2636 588 2663 Vidi
604 2636 750 2664 Dominum
766 2638 905 2666 sedentem
936 2645 1018 2672 super
1031 2645 1076 2664 so-

286 2683 351 2710 lium
361 2683 514 2713 exeelsum,
530 2686 556 2710 et
567 2683 703 2710 elevatum
718 2692 724 2710 :
738 2689 763 2710 et
773 2684 853 2718 plena
865 2683 968 2711 domus
986 2683 1074 2718 gloria

286 2727 356 2762 ejus.
374 2727 406 2754 Et
421 2728 557 2764 serapbim
571 2729 680 2756 stabant
693 2729 720 2756 in
734 2729 853 2756 circuitu
868 2729 929 2763 ejus
942 2738 947 2755 :
959 2736 1005 2756 sex
1024 2728 1074 2755 alte

1129 2411 1325 2438 ἀπολεπτύνειν
1354 2413 1419 2447 ἡμῖν
1439 2413 1490 2448 τὴν
1516 2414 1562 2439 ἐπὶ
1575 2413 1678 2445 τούτοις
1703 2415 1844 2450 ἐξήγησιν,
1873 2415 1921 2441 καὶ

1130 2456 1280 2492 Θεοπρεπές
1301 2466 1325 2484 τι
1342 2459 1457 2493 πρᾶγμα
1479 2461 1526 2485 καὶ
1543 2456 1660 2491 ἐξαίσιόν
1679 2461 1776 2493 εἰπεῖν,
1794 2461 1849 2487 ἀπὸ
1870 2461 1921 2496 τῆς

1129 2502 1200 2529 κατὰ
1216 2503 1337 2534 Μωσέως
1361 2503 1500 2539 ὑπεροχῆς
1524 2505 1569 2531 καὶ
1590 2505 1642 2531 τῶν
1670 2506 1791 2533 Ἰωάννου
1811 2508 1922 2542 μέτρων

1129 2548 1250 2580 ἐποιήσω
1271 2547 1320 2582 τὴν
1335 2548 1479 2582 ἀπόδειξιν,
1492 2551 1529 2582 ὡς
1550 2551 1599 2578 οὐκ
1612 2552 1671 2578 ἐνὸν
1690 2553 1789 2587 ἑτέρως
1803 2554 1922 2589 ὁρᾶσθαι

1129 2592 1176 2628 τὴν
1196 2593 1474 2626 δόξαναὺτοῦ,καίτοι
1498 2597 1544 2623 τοῦ
1561 2597 1609 2632 μὲν
1630 2598 1764 2633 μακαρίου
1779 2600 1920 2634 προφήτου

1128 2638 1252 2672 λέγοντος
1268 2639 1389 2666 Ἡσαΐου·
1414 2650 1422 2666 ι
1441 2639 1516 2668 Εἶδον
1536 2643 1581 2669 τὸν
1602 2643 1703 2679 Κύριον
1717 2643 1833 2670 Σαϐαὼθ
1852 2645 1921 2672 καθ-

1128 2683 1228 2718 Ιίλμενον
1243 2684 1288 2710 ἐπὶ
1302 2684 1395 2720 θρόνου
1405 2685 1507 2721 ὑψηλοῦ
1518 2688 1564 2714 καὶ
1579 2688 1745 2724 ἐπηρμένου,
1753 2690 1801 2717 καὶ
1813 2689 1921 2726 πλήρης

1127 2729 1141 2755 ὁ
1155 2727 1228 2762 οἶκος
1243 2730 1293 2765 τῆς
1317 2730 1395 2767 δόξης
1417 2732 1513 2766 αὑτοῦ,
1535 2734 1581 2760 καὶ
1601 2736 1722 2771 σεραφὶμ
1744 2736 1921 2772 εἱστήκεισαν

314 2785 334 2800 ’¹¹
365 2789 385 2815 11
406 2789 468 2817 Cor.
486 2797 525 2823 ιιι,
552 2790 578 2817 9.
619 2790 715 2818 "Psal.
732 2798 864 2823 uxxvnt,
893 2790 918 2817 7.
959 2790 981 2806 ⁷³
1001 2789 1075 2817 Mattl

1126 2799 1161 2824 ιιι,
1191 2791 1236 2819 ll.

323 2853 360 2889 (Ι)
377 2855 539 2894 Cotelerius,
555 2857 675 2887 Monum.
695 2858 768 2886 Eccl.
784 2859 829 2887 Gr.
847 2859 1031 2896 supplendum
1043 2866 1074 2888 co

1126 2859 1155 2887 :it
1177 2863 1420 2896 χρηματισθέντες,
1443 2864 1514 2900 qttod
1533 2869 1561 2894 et
1587 2867 1730 2902 sequentia
1745 2867 1917 2902 ostendunt.

1743 2901 1826 2930 Ειητ.
