2030 3122
113 188 161 216 III

650 188 685 217 IN
702 188 844 217 JOANNIS
854 187 1079 217 EVANGELIUM
1100 187 1164 218 LIB.
1179 188 1197 215 l.

1681 191 1733 218 I18

113 246 202 282 κύκλῳ
215 244 312 277 αὑτοῦ.
328 245 359 278 ἓξ
372 242 506 281 πτέρυγες
524 245 563 282 τῷ
576 246 628 279 ἑνὶ,
652 247 699 274 κα).
715 247 745 279 ἒξ
763 247 897 282 πτέρυγες

951 247 1009 281 uni,
1022 251 1050 275 et
1062 255 1110 274 se:
1120 247 1172 274 alae
1187 246 1282 274 alteri:
1295 249 1320 273 ct
1335 246 1442 274 duabus
1463 246 1573 282 quidem
1599 247 1679 284 104
1689 257 1734 275 ve-

112 292 204 328 τῷἐνὶ,
213 293 261 319 καὶ
272 293 334 324 ταῖς
346 292 395 328 μὲν
406 292 466 319 δυσὶ
478 291 681 319 κατεκάλυπτον
695 293 726 319 τὸ
742 293 895 328 πρόσωπον,

112 338 158 365 καὶ
177 339 236 370 ταῖς
257 338 316 364 δυσὶ
336 337 538 364 κατεκάλυπτον
562 340 623 369 τοὺς
648 338 747 369 πόδας,
770 338 816 364 καὶ
837 339 897 369 ταῖς

110 383 185 410 δυσὶν
196 383 326 409 ὲπέταντο
345 383 390 410 καὶ
401 383 549 417 ὲκέκραγον
560 382 653 417 ἕτερος
664 383 731 417 πρὸς
742 383 786 408 τὸν
793 383 895 416 ἕτερον,

111 429 158 456 καὶ
184 429 276 463 ἔλεγον
287 438 293 444 ·
311 429 416 463 Ἀγιος,
433 428 508 462 ἅγιος
519 448 526 459 ,
545 428 622 462 ἅγιος
649 428 752 463 Κύριος
764 427 876 454 Σαϐαὼθ
887 447 895 459 ,

112 474 216 510 πλήρης
235 476 311 501 πᾶσα
328 475 345 510 ή
368 474 403 508 γῆ
420 474 470 508 τῆς
491 473 569 508 δόξης
584 473 677 499 αὑτοῦ.
696 483 705 498 ι
728 472 854 508 ῚΞζεχιὴλ
869 473 896 498 δὲ

111 519 191 546 πάλιν
215 518 365 555 διαρρήδην
384 519 448 553 ἡμῖν
467 517 694 552 ἀνακεκραγότος,
712 517 752 542 ὅτι
768 517 814 543 καὶ
835 516 897 542 θεά-

112 571 189 590 σαιτο
206 563 240 590 τὰ
263 563 406 598 χερουϐὶμ,
423 562 564 598 στερέωμα
581 562 629 596 μὲν
651 562 687 593 ὠς
701 563 729 588 ὲν
748 561 812 588 εῖδει
827 570 895 587 σαπ-

111 608 206 643 φείρου
222 610 283 639 ταῖς
303 607 416 639 οἰκείαις
433 607 621 643 ἐπηρτημένον
642 606 736 641 ἔχοντα
753 606 894 640 κεφαλαῖς·

110 654 157 680 ἐπὶ
173 653 268 689 θρόνου
282 653 312 679 δὲ
327 652 428 688 ὁμοίως
439 652 484 679 τὸν
500 652 600 687 Κύριον
613 651 739 678 Σαϐαὼθ·
753 651 827 685 λέγει
842 652 896 686 γὰρ

110 699 154 726 ἐπ’
168 699 255 734 αὐτῆς
268 698 341 725 οὕτω
353 698 403 733 τῆς
421 698 529 729 λέξεως
541 698 589 724 καὶ
606 707 614 723 ι
640 697 716 728 Ἰδοὺ,
728 697 805 732 φησὶ,
821 696 896 731 φωνὴ

111 745 180 780 ὑπὲρ
193 743 294 770 ἄνωθεν
302 743 348 770 τοῦ
358 752 402 770 στε
407 743 458 779 ρεώ
463 752 545 778 ματος
555 742 602 769 τοῦ
611 742 687 774 δντος
698 743 768 777 ὑπὲρ
777 742 896 777 κεφαλῆς

109 790 210 822 αὐτῶν,
225 790 263 822 ὡς
281 789 376 825 ὅρασις
392 789 467 816 λίθου
485 789 635 824 σαπφείρου
651 788 776 823 ὁμοίωμα
800 788 895 822 θρόνου

109 835 154 862 ἐπ’
179 834 274 868 αὐτοῦ,
310 835 357 861 καὶ
381 835 427 862 ἐπὶ
454 835 500 861 τοῦ
530 834 701 870 ἑμοιώματός
726 834 773 860 τοῦ
801 834 895 869 θρόνου

109 881 236 918 ὁμοίωμα
251 881 289 913 ὡς
313 880 381 913 εἶδος
398 881 541 916 ἀνθρώπου
565 881 677 912 ἄνωθεν,
698 880 746 907 καὶ
768 877 836 906 εἶδον
859 880 896 911 ὡς

109 928 171 962 δψιν
185 927 319 963 ἠλέκτρου
339 927 393 954 ἀπὸ
413 927 533 962 ὁράσεως
551 926 650 960 ὀσφύος
663 926 709 952 καὶ
732 925 833 956 ἐπάνω,
850 925 897 951 καὶ

109 974 164 1001 ἀπὸ
181 974 302 1009 ὁράσεως
325 973 424 1007 ὀσφύος
451 973 497 999 καὶ
521 972 573 1003 ἕως
598 971 682 1003 κάτω,
701 972 748 997 καὶ
773 969 842 996 εἶδον
859 970 897 1002 ὡς

109 1021 205 1057 ὅρασιν
220 1020 316 1054 πυρὸς,
332 1019 418 1046 καὶτὸ
430 1018 530 1052 φέγγος
546 1017 629 1044 αὑτοῦ
644 1016 735 1051 κύκλῳ
751 1016 788 1047 ὡς
802 1017 897 1052 ὅρασις

108 1067 199 1100 τόξου,
213 1067 278 1093 ὃταν
329 1067 357 1092 ὲν
366 1067 398 1100 τῇ
415 1064 515 1099 νεφέλῃ
532 1065 560 1090 ὲν
572 1063 689 1098 ἡμέραις
699 1061 789 1093 ὑετοῦ,
812 1061 897 1092 οὕτως

108 1113 126 1147 ἡ
145 1112 241 1147 ὅρασις
262 1110 310 1136 τοῦ
332 1109 449 1143 φέγγους
473 1108 612 1135 κυκλόθεν.
639 1118 647 1133 ›
675 1107 748 1140 Αὕτη
770 1108 785 1141 ὴ
803 1107 897 1141 ὅρασις

109 1157 279 1193 ὁμοιώματος
294 1155 372 1190 δόξης
391 1152 616 1189 Κυρίου.οὺκοῦν
631 1152 897 1187 ὲπειδήπερὲλπίδος

108 1202 144 1239 ἦν
157 1203 187 1230 οὗ
205 1202 326 1238 μακρὰν,
346 1200 458 1227 τοιαῦτὰ
471 1199 570 1235 τιναῘς]
584 1199 650 1234 πρὸς
670 1199 744 1233 ἡμᾶς
755 1199 827 1233 ἐρεῖν
843 1197 897 1223 τῶν

109 1249 314 1284 ἀμαθεστέρων,
335 1246 490 1280 ἀναγκαίως
515 1247 529 1272 ὁ
553 1245 687 1281 μακάριος
704 1243 898 1278 εὐαγγελιστὴς

107 1294 273 1321 ἀνακόπτειν
290 1293 380 1320 αὐτῶν
391 1292 440 1324 τὰς
457 1290 787 1327 ὲτιιχειρήσειςὲπείγεται
799 1290 895 1322 λέγων·

110 1350 121 1365 ί
142 1340 209 1366 Θιὺν
221 1339 308 1371 οὐδεὶς
324 1338 430 1373 ἑώρακε
448 1336 569 1364 πώποτε·
588 1346 596 1362 ι
619 1336 699 1367 αὐτὸς
712 1336 764 1371 γὰρ
783 1334 820 1361 ὢν
832 1335 898 1366 Θεὸς

108 1387 124 1413 ὸ
138 1386 305 1420 Μονογενὴς,
327 1386 356 1411 ὲν
377 1384 487 1415 κόλποις
502 1383 540 1409 ὢν
561 1382 608 1409 τοῦ
626 1381 694 1408 Θεοῦ
716 1381 762 1408 καὶ
780 1381 897 1416 Πατρὶς,

109 1430 212 1466 ταύτην
227 1430 296 1466 πρὸς
307 1430 381 1465 ἡμᾶς
395 1429 541 1464 ἐποιήσατο
559 1427 608 1462 τὴν
619 1427 756 1462 ἐξήγησιν,
770 1426 837 1460 πρὸς
850 1426 898 1460 μὲν

108 1478 157 1505 τὸν
171 1477 331 1513 ἱεροφάντην
343 1475 444 1502 Μωσέα
459 1475 612 1508 σαφέστατα
628 1473 687 1499 λίαν
699 1472 793 1498 εἰπών·
814 1481 823 1497 ι
838 1472 898 1498 Ὅτι

109 1521 199 1553 οὐδεὶς
222 1520 316 1555 ὕψεται
331 1520 362 1546 τὺ
378 1520 533 1554 πρόσωπον,
554 1519 601 1545 καὶ
618 1518 737 1554 ζήσεται·
757 1527 766 1542 ι
786 1516 851 1551 πρὸς
870 1516 899 1542 δέ

110 1576 144 1601 γε
152 1568 217 1598 τοὺς
226 1565 342 1597 οἰκείους
359 1565 429 1592 κατὰ
442 1564 536 1599 καιρὸν
552 1563 685 1598 μαθητάς·
706 1572 715 1587 ‹
732 1562 787 1596 Οὐχ
803 1562 842 1587 ὅτι
853 1560 899 1586 τὸν

109 1612 222 1648 Πατέρα
240 1611 346 1648 ἑώρακέ
360 1620 412 1642 τις,
426 1612 449 1637 εἰ
465 1610 502 1645 μὴ
515 1611 528 1636 ό
539 1609 575 1635 ὢν
588 1608 661 1644 παρὰ
674 1608 720 1634 τοῦ
733 1607 809 1639 Θεοῦ,
823 1603 899 1638 οὗτος

111 1660 218 1696 ἑώρακε
233 1658 278 1685 τὸν
290 1658 424 1692 Πατέρα-ι
449 1656 520 1692 μόνῳ
537 1656 590 1690 γὰρ
608 1654 665 1689 Υἱῷ
681 1654 719 1689 τῷ
731 1653 801 1680 κατὰ
819 1653 899 1688 φύσιν

110 1705 209 1741 ὁρατὸς
223 1705 237 1731 ὁ
247 1703 352 1738 Πατὴρ,
367 1702 412 1729 καὶ
423 1702 518 1732 οὕτως,
527 1701 564 1732 ὡς
573 1700 604 1727 ἄν
615 1709 657 1731 τις
670 1700 775 1725 εἰκάσαι
787 1698 900 1732 θεοπρε-

111 1751 171 1782 πῶς
186 1750 236 1785 τὴν
250 1748 325 1775 θείαν
340 1749 406 1784 όρᾷν
425 1756 455 1773 τε
474 1747 520 1773 καὶ
535 1745 648 1781 ὁρᾶσθαι
662 1744 753 1779 φύσιν,
776 1744 860 1779 ἑτέρῳ
872 1744 899 1769 δὲ

110 1797 166 1824 τῶν
182 1796 266 1823 ὄντων
282 1795 379 1822 οὐδενί”
401 1791 573 1827 διαψεύσεταί
590 1800 621 1825 γε
637 1791 688 1826 μὴν
706 1790 830 1824 οὐδαμῶς
845 1789 903 1815 τῶν

112 1843 198 1877 ἁγίων
225 1840 374 1878 προφητῶν
393 1840 507 1873 ὀλόγος,
535 1838 684 1873 ἑωρακέναι
710 1837 831 1871 βοώντων
855 1836 900 1862 τὸν

111 1889 215 1922 Κύριον
232 1886 358 1914 Σαϐαὼθ·
373 1887 403 1913 οὔ
417 1885 470 1921 γὰρ
485 1884 549 1911 αὐτὸ
569 1883 626 1910 κατ’
643 1883 735 1908 οὐσίαν
752 1881 823 1907 τοῦθ’
834 1882 901 1915 ὅπερ

112 1936 186 1962 ἐστὶν
203 1935 220 1970 ἡ
242 1932 289 1960 τοῦ
310 1932 378 1959 Θεοῦ
406 1931 485 1966 φύσις
512 1928 656 1956 τεθεᾶσθαι
679 1926 900 1962 ὃιισχυρίζονται,

112 1980 182 2007 ἀλλὰ
198 1979 246 2005 καὶ
261 1978 327 2005 αὐτὸ
336 1976 482 2012 διαρρήδην
500 1973 634 2002 ἀναϐοῶσι
649 1973 784 2006 λέγοντες·
803 1981 812 1996 ‹
827 1970 901 2005 Αὕτη

112 2027 131 2061 ἡ
141 2025 234 2061 ὅρασις
241 2022 412 2059 ὁμοιώματας
427 2021 504 2056 δόξης
517 2019 628 2054 Κυρίου.
646 2028 655 2044 ι
668 2017 772 2044 Οὐκοῦν
787 2016 841 2043 ἀπὸ
849 2016 902 2043 τῶν

113 2071 174 2098 καθ’
192 2071 266 2106 ἡμᾶς
285 2068 456 2105 πραγμάτων
482 2065 688 2101 αἰνιγματωδῶς
712 2064 742 2090 τὸ
763 2064 813 2098 τῆς
828 2063 903 2095 θείας

110 2118 191 2153 δόξης
205 2116 389 2154 ἀνεπλάττετο
406 2114 508 2149 σχῆμα,
523 2113 571 2139 xui.
591 2111 688 2147 μᾶλλον
708 2110 837 2145 ὁμοίωσις
857 2107 901 2146 ἦν,

111 2163 150 2196 ὡς
159 2164 187 2190 ὲν
206 2162 299 2189 πίνακι
311 2160 431 2196 φέρουσα
440 2159 595 2194 θεοπρεπεῖ,
607 2157 657 2192 τῆς
665 2157 710 2182 ἐπὶ
718 2156 822 2187 τούτοις
839 2156 903 2191 ἀλη-

112 2209 188 2241 θείας
196 2209 237 2240 εις
248 2209 297 2243 τὴν
307 2208 377 2242 ὑπὲρ
386 2205 447 2232 νοῦν
460 2205 506 2231 καὶ
521 2205 599 2238 λόγον
611 2202 808 2237 ἀναϐαινούσης
820 2203 904 2237 ὑπερ-

948 293 1043 320 labant
1059 293 1168 325 faciem,
1180 297 1208 320 et
1221 293 1328 321 duabus
1337 294 1463 321 velabant
1476 295 1568 330 pedes;
1583 300 1611 323 et
1625 296 1735 324 duabus

948 339 1088 365 volabant.
1105 338 1136 364 Et
1154 339 1309 366 clamabant
1321 340 1388 366 alter
1408 340 1440 366 ad
1459 341 1575 367 alterum
1588 361 1595 372 ,
1611 349 1643 368 ac
1658 341 1733 369 dice-

949 385 1031 412 bant:
1045 384 1176 416 Sanctus,
1187 390 1311 416 sanctus,
1326 390 1438 412 sanctus
1455 385 1587 414 Dominus
1604 387 1731 415 sabaoth.

948 429 1031 456 Plena
1049 434 1091 458 est
1111 431 1200 457 omnis
1222 435 1291 457 terra
1317 431 1402 464 gloria
1420 431 1480 465 ejus
1494 431 1527 456 ⁷⁵.
1549 440 1558 456 ι
1572 431 1638 458 Cum
1667 434 1732 460 item

948 475 1073 503 Ezechiel
1092 476 1188 510 “palam
1216 476 1346 511 praedicet
1366 484 1396 503 se
1421 481 1561 511 spectasse
1589 477 1733 505 cherubim

949 521 1151 548 firmamentum
1170 524 1260 549 instar
1280 522 1402 557 sapphiri
1427 523 1575 549 imminens
1596 523 1733 557 capitibus

948 568 1153 600 suishabeutia,
1167 569 1193 595 in
1205 571 1304 595 throno
1318 577 1380 595 vero
1391 569 1517 596 similiter
1530 568 1673 595 Dominum
1686 576 1731 596 sa.

948 613 1038 641 baoth.
1057 614 1101 640 Ait
1109 615 1181 641 enim
1200 614 1243 641 his
1257 615 1349 641 verbis
1363 622 1368 639 :
1384 624 1392 639 ι
1412 614 1492 647 Ecce,
1507 624 1515 639 ι
1529 614 1636 649 inquit,
1651 624 1659 640 ι
1675 613 1734 641 Vox

947 658 1016 685 facta
1031 662 1072 686 est
1085 659 1204 694 desuper
1217 659 1389 686 ﬁrmamento
1401 658 1472 693 quod
1483 663 1542 686 erat
1558 667 1640 693 super
1651 663 1749 693 caput_

948 711 1043 730 eorum
1056 725 1062 737 ,
1075 705 1155 739 quasi
1172 708 1300 739 aspectus
1313 704 1411 738 lapidis
1426 704 1565 739 sapphiri,
1582 704 1733 731 similitudo

948 750 1039 776 throni
1053 757 1137 784 super
1151 750 1217 776 illud
1233 759 1240 776 τ
1257 753 1283 777 et
1304 757 1386 784 super
1408 749 1615 777 similitudinem
1640 750 1732 777 throni

948 796 1100 823 similitudo
1119 795 1199 830 quasi
1214 795 1322 830 species
1345 795 1464 823 hominis
1479 795 1606 830 desuper.
1629 794 1662 823 Et
1678 795 1731 828 vidi

948 843 1026 877 quasi
1044 840 1185 877 aspectum
1199 842 1296 869 electri
1315 849 1328 867 a
1350 841 1457 868 visione
1477 841 1561 868 lumbi
1577 846 1602 868 et
1630 847 1731 874 supra:

948 892 974 915 et
995 896 1008 915 a
1026 889 1130 915 visione
1143 888 1227 914 lumhi
1242 891 1269 914 et
1286 895 1373 922 usque
1388 887 1517 914 deorsum
1532 886 1586 913 vidi
1599 886 1732 913 visionem

950 934 1037 968 ignis,
1063 937 1090 960 et
1114 932 1247 967 splendor
1270 932 1330 966 ejus
1358 932 1384 958 in
1413 932 1540 958 circuitu.
1557 930 1636 958 Velut
1663 929 1733 956 visio

948 987 1044 1011 arcus,
1057 986 1120 1006 cum
1139 979 1222 1006 fuerit
1237 979 1263 1004 in
1280 978 1365 1010 nube,
1387 978 1414 1004 in
1429 978 1473 1005 die
1488 977 1595 1012 pluvia,
1614 977 1657 1003 hic
1673 979 1734 1003 erat

949 1029 1075 1059 aspectus
1096 1024 1251 1059 splendoris
1267 1031 1316 1058 per
1332 1030 1427 1059 gyrum
1441 1023 1474 1049 ⁷³.
1488 1031 1497 1048 ι
1515 1033 1523 1048 ι
1535 1022 1599 1049 Haec
1611 1022 1681 1048 visio
1696 1021 1733 1048 si—

948 1070 1108 1097 militudinis
1117 1070 1210 1104 gloria
1222 1069 1372 1096 Bomini’".
1386 1078 1394 1094 ι
1404 1068 1498 1102 Igitur,
1507 1075 1568 1094 cum
1578 1066 1733 1094 istiusmodi

948 1115 1071 1149 quaedam
1099 1116 1179 1142 nobis
1202 1115 1237 1141 ab
1264 1114 1401 1148 imperitis
1418 1114 1509 1140 statim
1540 1112 1675 1146 objectum
1700 1111 1732 1138 iri

949 1162 1044 1188 beatus
1068 1161 1236 1195 evangelista
1255 1159 1311 1194 jam
1330 1163 1387 1185 tum
1406 1159 1498 1185 animo
1518 1162 1544 1184 et
1569 1157 1735 1192 cogitatione

949 1207 1110 1241 perciperet,
1138 1205 1170 1232 ad
1193 1213 1288 1232 eorum
1304 1208 1420 1231 conatus
1436 1203 1623 1230 retundendos
1640 1209 1735 1237 aggre-

949 1253 1033 1283 ditur,
1055 1252 1170 1278 dicens:
1188 1261 1197 1276 ‹
1213 1250 1297 1277 Deum
1316 1257 1398 1276 nemo
1414 1248 1480 1276 vidit
1498 1254 1626 1282 unquam.
1648 1257 1656 1272 I
1675 1247 1735 1281 Ipse

949 1298 1019 1324 enim
1043 1304 1104 1323 cum
1131 1296 1168 1323 sit
1193 1295 1265 1322 Deus
1288 1294 1470 1329 Unigcnitus,
1487 1293 1534 1327 qui
1554 1297 1596 1320 est
1622 1293 1648 1319 in
1672 1291 1734 1319 sinu

948 1343 995 1370 Dei
1011 1350 1042 1369 ac
1058 1342 1162 1375 Patris,
1176 1341 1249 1368 istud
1268 1341 1347 1368 nobis
1369 1339 1507 1367 enarravit
1524 1346 1531 1364 :
1547 1339 1593 1373 qui
1610 1338 1644 1364 ad
1664 1338 1734 1373 Moy-

949 1395 1006 1415 sem
1023 1386 1196 1422 apertissime
1208 1385 1297 1412 dixit:
1313 1394 1322 1409 ι
1337 1383 1406 1417 Quia
1423 1391 1503 1411 nemo
1517 1383 1618 1410 videbit
1637 1382 1733 1409 faciem

949 1434 1025 1469 ejus,
1049 1438 1076 1461 ct
1099 1433 1171 1460 vivet
1186 1433 1220 1459 ⁷⁸.
1239 1442 1247 1457 ι
1270 1431 1301 1457 Et
1326 1431 1359 1458 ad
1385 1438 1451 1458 suos
1474 1430 1539 1457 olim
1562 1429 1733 1463 discipulos:

953 1490 961 1505 ι
982 1480 1040 1515 Non
1058 1479 1122 1514 quia
1140 1478 1248 1504 Patrem
1278 1477 1341 1504 vidit
1367 1476 1534 1511 quisquam,
1561 1475 1615 1501 nisi
1637 1474 1660 1501 is
1686 1475 1733 1508 qui

949 1530 991 1552 est
1002 1532 1016 1550 a
1030 1524 1094 1557 Deo,
1110 1524 1155 1549 hic
1171 1522 1395 1549 viditi’atrem".
1414 1530 1421 1545 ι
1445 1520 1502 1547 Soli
1517 1520 1591 1547 enim
1606 1518 1675 1546 Filio
1689 1526 1734 1546 ua-

913 1577 934 1606 c
949 1570 1033 1597 turali
1052 1568 1229 1603 aspectabilis
1247 1571 1289 1594 est
1313 1566 1404 1597 Pater,
1422 1573 1455 1593 eo
1471 1566 1550 1592 modo
1565 1572 1619 1599 quo
1636 1568 1735 1590 natura

951 1616 1043 1643 divina
1061 1615 1136 1642 cerni
1162 1618 1266 1648 potest,
1290 1617 1316 1639 ct
1329 1611 1395 1639 nulli
1425 1615 1522 1646 praeter
1543 1618 1605 1638 eum
1632 1610 1733 1636 alteri:

951 1669 1004 1688 non
1023 1666 1112 1688 tamen
1135 1663 1278 1695 propterea
1295 1658 1385 1685 Sancti
1402 1656 1543 1692 propheta:
1558 1656 1736 1686 mentiemur,

950 1707 1014 1734 dum
1034 1714 1063 1734 se
1087 1705 1189 1733 vidisse
1211 1704 1330 1731 clamant
1355 1703 1501 1730 Dominum
1532 1701 1658 1729 sabaoth.
1678 1700 1738 1727 Non

951 1755 1080 1780 asserunt
1101 1751 1174 1778 enim
1195 1751 1281 1785 ipsam
1297 1757 1326 1776 se
1346 1748 1449 1776 vidisse
1470 1748 1517 1775 Dei
1539 1748 1687 1774 essentiam
1706 1754 1738 1772 ac

951 1799 1077 1821 naturam
1089 1814 1096 1825 ,
1112 1793 1159 1820 sed
1176 1796 1269 1829 aperte
1286 1791 1311 1817 id
1337 1791 1456 1817 clamant
1474 1798 1481 1816 :
1499 1798 1507 1814 ι
1528 1788 1591 1815 llrcc
1608 1793 1646 1815 est
1667 1788 1738 1815 visio

952 1840 1142 1867 similitudinis
1171 1838 1264 1873 gloria:
1295 1836 1401 1863 Domini
1415 1837 1449 1862 ⁷⁵³.
1476 1846 1484 1861 I
1508 1835 1593 1869 Igitur
1616 1842 1630 1860 τι
1656 1833 1738 1860 rebus

951 1884 1080 1911 humanis
1097 1883 1196 1909 divinae
1212 1881 1305 1916 gloria:
1321 1881 1405 1914 ﬁgura
1420 1880 1538 1906 obscure
1556 1878 1737 1907 formabatur.

951 1934 1065 1964 eratque
1085 1932 1214 1962 tanquam
1233 1928 1259 1953 iu
1276 1926 1369 1952 tabula
1380 1932 1510 1959 expressa
1526 1923 1649 1950 veritatis
1662 1923 1738 1949 silui-

950 1974 1038 2002 litudo
1059 1974 1137 2007 longe
1162 1972 1232 1998 ultra
1257 1974 1375 1997 mentem
1399 1973 1426 1996 et
1445 1969 1596 1995 orationem
1622 1967 1736 1994 tendeu-
1774 1963 1776 1965 ’

953 2021 999 2048 tis.
1017 2018 1125 2053 Optime
1142 2024 1208 2051 ergo
1226 2014 1449 2050 sapientissimus
1473 2011 1660 2046 evangelista:
1677 2019 1686 2035 ι
1707 2010 1740 2037 lit

953 2065 1087 2096 vidimus,
1113 2063 1259 2097 inquiens,
1286 2059 1401 2095 gloriam
1426 2058 1505 2092 ejus,
1522 2056 1637 2091 gloriam
1659 2056 1739 2090 quasi

954 2109 1094 2145 Uuigeniti
1108 2116 1122 2134 a
1140 2107 1220 2133 Patre
1235 2107 1269 2138 ’9,
1289 2115 1297 2130 ι
1317 2105 1351 2131 ab
1367 2103 1412 2130 illa
1421 2102 1568 2129 eminentia
1586 2108 1639 2135 qua
1659 2100 1740 2126 Chri-

955 2161 1015 2184 stus
1045 2159 1144 2182 cuucta
1177 2154 1305 2186 superat,
1336 2149 1441 2176 dictum
1471 2155 1552 2175 suum
1583 2145 1740 2174 conﬁrmat.

957 2199 1190 2234 Quemadmodum
1213 2199 1285 2224 enim
1303 2198 1516 2222 acreaturarum
1536 2190 1740 2227 pulchritudine

199 2235 318 2289 'A-ptO-Ttl
327 2235 418 2288 Bh‘oﬁv
428 2253 441 2278 ὁ
452 2235 606 2285 σοφώτατος
616 2235 819 2283 εὐαγγελιστῆς,
833 2235 898 2274 «κάξ

955 2246 1078 2274 auctoris
1095 2251 1185 2272 rerum
1198 2243 1321 2269 omnium
1330 2241 1416 2266 virtus
1428 2239 1604 2273 proportione
1621 2235 1741 2270 quadarn

112 2299 295 2335 ἐθεασάμεθα,
303 2298 401 2332 λέγων,
411 2297 459 2333 τὴν
468 2296 544 2328 δόξαν
553 2294 732 2326 αὐτοῦ,δόξαν
738 2294 775 2324 ὡς
784 2293 887 2326 Μονογε
894 2307 902 2313 ‹

111 2346 174 2380 νοῦς
185 2346 263 2382 παρὰ
282 2344 398 2380 Πατρὺς,
411 2353 420 2369 ι
435 2343 487 2369 (in?)
495 2343 543 2377 τῆς
558 2341 627 2368 κατὰ
643 2340 750 2367 πάντων
765 2339 901 2374 ὑπεροχῆς

111 2393 233 2428 εἰσφέρει
245 2390 292 2418 τοῦ
306 2390 392 2424 Λόγου
407 2390 455 2424 τὴν
468 2387 611 2419 ἀπόδειξιν.
625 2386 728 2421 Ὃνπερ
740 2385 793 2420 γὰρ
801 2385 901 2420 τρόπον

110 2439 165 2466 ἀπὸ
172 2437 308 2472 καλλονῆς
313 2435 469 2470 κτισμάτων
478 2434 613 2467 ἀναλόγως
622 2433 638 2467 ἡ
648 2431 694 2458 τοῦ
703 2431 810 2458 πάντων
825 2438 903 2464 γενε-

112 2483 241 2520 σιουργοῦ
253 2481 528 2518 θεωρεῖταιδύναμις·
545 2479 591 2505 καὶ
600 2478 754 2513 διηγοῦνται
770 2477 818 2511 μὲν
825 2476 900 2510 ἀφώ-

111 2530 195 2562 νωςοὶ
205 2528 318 2564 οὐρανοὶ
331 2527 410 2558 δόξαν
422 2525 499 2558 Θεοῦ,
517 2525 624 2558 ποίησιν
637 2524 666 2550 δὲ
683 2532 691 2548 ι
704 2523 803 2558 χειρῶν
819 2522 900 2548 αὐτοῦ

110 2573 311 2610 ἀναγγέλλειτδ
322 2572 474 2608 στερέωμα·
487 2580 495 2596 ι
510 2570 580 2597 οὕτω
588 2569 667 2596 πάλιν
678 2569 795 2604 ἀμείνων
804 2569 831 2595 ὲν
839 2568 901 2603 δόξῃ

111 2623 157 2649 καὶ
178 2620 371 2656 λαμπρότερος
386 2617 567 2652 όΜονογενὴς
594 2615 831 2650 ἀναδειχθήσεται,
853 2614 902 2648 τὴν

112 2669 182 2703 μὲν,
210 2668 274 2694 ὅσον
295 2663 364 2701 ἧκεν
381 2665 421 2695 εἰς
441 2662 580 2698 ὀφθαλμοῦ
597 2662 726 2696 δύναμιν,
752 2660 902 2695 κατάληψιν

109 2713 278 2744 ἀναὸαίνων,
296 2712 335 2743 ὡς
353 2711 428 2742 Θεός·
448 2710 494 2744 ἀφ’
510 2707 547 2736 ὧν
563 2709 590 2735 δὲ
604 2708 652 2743 τὴν
666 2707 752 2734 κτίσιν
769 2707 841 2741 νικᾷ,
861 2706 904 2732 διὰ

108 2760 214 2788 τούτων
232 2759 270 2790 ὼς
286 2758 419 2792 ὑπάρχων
441 2756 511 2790 ὑπὲρ
532 2754 627 2789 αὐτὴν,
644 2753 787 2788 νοούμενός
807 2761 835 2777 τε
858 2752 904 2778 καὶ

108 2805 303 2840 δοξαζόμενος.
322 2802 430 2836 Ταύτην
449 2801 496 2836 μὲν
508 2798 564 2833 οὖν,
579 2797 665 2835 οἶμαι,
685 2800 731 2825 καὶ
744 2799 793 2833 οὐχ
810 2797 905 2833 ἑτέραν

956 2292 1033 2328 105
1059 2290 1204 2318 inualescit
1224 2298 1230 2315 :
1252 2291 1279 2315 et
1299 2290 1430 2314 enarrant
1450 2284 1511 2312 cmli
1537 2283 1641 2317 absque
1668 2288 1736 2307 voce

954 2340 1002 2367 Dei
1030 2337 1160 2373 gloriam.
1184 2339 1212 2362 et
1236 2341 1304 2369 opus
1331 2342 1340 2358 ι
1356 2338 1487 2359 manuum
1511 2331 1571 2364 ejus
1598 2328 1741 2354 annuntiat

954 2387 1155 2413 lirmamentum
1164 2382 1197 2397 "°'
1212 2390 1218 2408 :
1237 2390 1246 2406 ι
1262 2380 1300 2407 ita
1316 2378 1440 2406 vicissim
1459 2375 1624 2410 Unigenitus
1641 2373 1742 2408 glorio-

955 2433 1012 2459 sior
1029 2435 1055 2458 et
1070 2428 1206 2457 illustrior
1223 2424 1383 2460 apparebit,
1401 2423 1424 2450 si
1441 2430 1474 2449 ex
1493 2421 1525 2448 iis
1544 2420 1646 2455 quibus
1663 2425 1742 2444 crea-

956 2484 1043 2505 turam
1058 2478 1188 2510 superat,
1206 2472 1377 2506 intelligatur
1399 2476 1431 2496 ac
1456 2471 1577 2502 putetur,
1600 2468 1631 2491 ut
1657 2471 1741 2498 supra

957 2525 1042 2559 ipsam
1066 2522 1222 2551 exsistens,
1246 2519 1310 2545 licet
1334 2516 1478 2543 oculorum
1500 2513 1585 2540 aciem
1610 2510 1742 2554 etl‘ugiat,

956 2575 985 2597 ut
1003 2569 1083 2595 Deus.
1102 2567 1191 2594 Alium
1209 2571 1260 2599 ego
1276 2563 1315 2590 rei
1335 2561 1482 2597 proposito
1509 2564 1620 2585 sensum
1645 2560 1671 2582 et
1696 2562 1744 2582 cx-

956 2614 1132 2650 plicationem
1149 2618 1210 2638 esse
1233 2617 1287 2636 non
1309 2607 1439 2634 arbitror.
1460 2601 1671 2631 Observandum
1694 2608 1743 2626 au—

953 2645 1007 2688 tem
1025 2664 1066 2686 est
1083 2664 1196 2688 rursus,
1213 2654 1407 2688 evangelistam
1433 2650 1476 2677 hic
1499 2648 1597 2675 Filium
1616 2645 1742 2681 unigeni-

957 2711 1012 2732 tum
1028 2704 1112 2731 Deum
1128 2700 1265 2736 appellare
1275 2718 1282 2730 ,
1297 2704 1324 2725 et
1337 2698 1364 2724 in
1379 2696 1441 2723 sinu
1451 2694 1546 2733 [Patris
1558 2699 1619 2720 esse
1633 2691 1741 2722 dicere,

956 2755 985 2777 ut
1013 2757 1108 2777 rursus
1134 2746 1294 2775 ostendatur
1315 2744 1396 2778 longe
1418 2742 1524 2768 alienus
1545 2746 1606 2766 esse
1627 2745 1641 2764 a
1665 2743 1741 2763 crea-

958 2801 1025 2823 turre
1043 2793 1214 2823 rationibus,
1231 2796 1258 2818 et
1281 2789 1421 2825 propriam
1443 2794 1475 2813 ac
1500 2785 1669 2820 peculiarem
1694 2781 1743 2807 lia-

145 2863 170 2879 7‘
185 2863 238 2890 Isa.
251 2870 289 2893 vr.
305 2861 317 2886 I
337 2860 364 2887 5.
401 2859 422 2875 ⁷⁵
439 2858 536 2885 Ezeeh.
555 2865 578 2893 ι,
590 2857 685 2884 26ι28.
728 2857 762 2893 ⁷³ξ
778 2856 875 2884 Εῑρεὶι.
895 2864 898 2882 ι

956 2875 962 2882 .
1001 2854 1023 2869 ⁷⁸
1043 2851 1125 2879 Exod.
1145 2848 1294 2880 XXxlll,C.).0.
1334 2846 1354 2861 ⁷⁷
1370 2844 1448 2871 .loan.
1464 2851 1500 2876 vt,
1523 2841 1565 2869 46.
1604 2839 1626 2856 ⁷⁸
1644 2835 1759 2864 Ezccm.

109 2906 140 2932 tr,
164 2899 188 2925 I.
240 2897 264 2913 τ’
287 2896 353 2930 Sap.
373 2902 430 2928 xm,
454 2894 479 2921 5.
518 2894 550 2909 ⁷⁵⁸⁵
570 2892 641 2920 I‘sal.
659 2892 778 2924 xvnl,2.
