  <div class='ocr_page' id='page_1' title='image "/cluster/home/n/w/nwhite01/storage/ocr_20150623/73/njp.32101077772760/097.png"; bbox 0 0 2030 3122; ppageno 0'>
   <div class='ocr_carea' id='block_1_1' title="bbox 278 223 329 250">
    <p class='ocr_par' dir='ltr' id='par_1_1' title="bbox 278 223 329 250">
     <span class='ocr_line' id='line_1_1' title="bbox 278 223 329 250; baseline 0 0"><span class='ocrx_word' id='word_1_1' title='bbox 278 223 329 250; x_wconf 72' lang='lat' dir='ltr'><strong>I79</strong></span> 
     </span>
    </p>
   </div>
   <div class='ocr_carea' id='block_1_2' title="bbox 769 203 1386 241">
    <p class='ocr_par' dir='ltr' id='par_1_2' title="bbox 769 203 1386 241">
     <span class='ocr_line' id='line_1_2' title="bbox 769 203 1386 241; baseline -0.016 0"><span class='ocrx_word' id='word_1_2' title='bbox 769 214 798 241; x_wconf 91' lang='lat' dir='ltr'><strong>S.</strong></span> <span class='ocrx_word' id='word_1_3' title='bbox 819 211 957 239; x_wconf 73' lang='lat' dir='ltr'><strong>CYRILLI</strong></span> <span class='ocrx_word' id='word_1_4' title='bbox 975 206 1207 236; x_wconf 69' lang='lat' dir='ltr'><strong>ALEXANDRINI</strong></span> <span class='ocrx_word' id='word_1_5' title='bbox 1227 203 1386 233; x_wconf 75' lang='lat' dir='ltr'><strong>ARCIIIEP.</strong></span> 
     </span>
    </p>
   </div>
   <div class='ocr_carea' id='block_1_3' title="bbox 1845 199 1899 226">
    <p class='ocr_par' dir='ltr' id='par_1_3' title="bbox 1845 199 1899 226">
     <span class='ocr_line' id='line_1_3' title="bbox 1845 199 1899 226; baseline -0.019 0"><span class='ocrx_word' id='word_1_6' title='bbox 1845 199 1899 226; x_wconf 70' lang='grc'><strong>180</strong></span> 
     </span>
    </p>
   </div>
   <div class='ocr_carea' id='block_1_4' title="bbox 277 259 1084 310">
    <p class='ocr_par' dir='ltr' id='par_1_4' title="bbox 277 270 1084 310">
     <span class='ocr_line' id='line_1_4' title="bbox 277 270 1084 310; baseline -0.02 0"><span class='ocrx_word' id='word_1_7' title='bbox 277 283 342 310; x_wconf 78' lang='lat' dir='ltr'><strong>here</strong></span> <span class='ocrx_word' id='word_1_8' title='bbox 367 289 398 308; x_wconf 78' lang='lat' dir='ltr'><strong>ex</strong></span> <span class='ocrx_word' id='word_1_9' title='bbox 427 280 507 306; x_wconf 82' lang='lat' dir='ltr'><strong>Patre</strong></span> <span class='ocrx_word' id='word_1_10' title='bbox 530 282 557 305; x_wconf 87' lang='lat' dir='ltr'><strong>et</strong></span> <span class='ocrx_word' id='word_1_11' title='bbox 581 277 608 304; x_wconf 91' lang='lat' dir='ltr'><strong>in</strong></span> <span class='ocrx_word' id='word_1_12' title='bbox 626 276 707 303; x_wconf 87' lang='lat' dir='ltr'><strong>Patre</strong></span> <span class='ocrx_word' id='word_1_13' title='bbox 721 273 922 302; x_wconf 80' lang='lat' dir='ltr'><strong>exsistentiam.</strong></span> <span class='ocrx_word' id='word_1_14' title='bbox 940 271 968 298; x_wconf 88' lang='lat' dir='ltr'><strong>Si</strong></span> <span class='ocrx_word' id='word_1_15' title='bbox 983 270 1056 297; x_wconf 91' lang='lat' dir='ltr'><strong>enim</strong></span> <span class='ocrx_word' id='word_1_16' title='bbox 1074 272 1084 298; x_wconf 64' lang='grc' dir='ltr'><em>Α</em></span> 
     </span>
    </p>
   </div>
   <div class='ocr_carea' id='block_1_5' title="bbox 1136 259 1897 310">
    <p class='ocr_par' dir='ltr' id='par_1_5' title="bbox 1136 259 1897 303">
     <span class='ocr_line' id='line_1_5' title="bbox 1136 259 1897 303; baseline -0.012 -9"><span class='ocrx_word' id='word_1_17' title='bbox 1136 277 1156 303; x_wconf 77' lang='grc' dir='ltr'>;ν</span> <span class='ocrx_word' id='word_1_18' title='bbox 1173 267 1288 302; x_wconf 78' lang='grc' dir='ltr'><strong>θεωρίαν</strong></span> <span class='ocrx_word' id='word_1_19' title='bbox 1310 266 1414 292; x_wconf 75' lang='grc' dir='ltr'><strong>ὠδίνειν</strong></span> <span class='ocrx_word' id='word_1_20' title='bbox 1435 263 1481 290; x_wconf 77' lang='grc' dir='ltr'>τοῦ</span> <span class='ocrx_word' id='word_1_21' title='bbox 1507 261 1688 297; x_wconf 79' lang='grc' dir='ltr'><strong>προκειμένου</strong></span> <span class='ocrx_word' id='word_1_22' title='bbox 1711 260 1760 295; x_wconf 76' lang='grc' dir='ltr'><strong>τὴν</strong></span> <span class='ocrx_word' id='word_1_23' title='bbox 1781 259 1897 286; x_wconf 77' lang='grc' dir='ltr'>ἔννοιαν.</span> 
     </span>
    </p>
   </div>
   <div class='ocr_carea' id='block_1_6' title="bbox 279 317 1062 358">
    <p class='ocr_par' dir='ltr' id='par_1_6' title="bbox 279 317 1062 358">
     <span class='ocr_line' id='line_1_6' title="bbox 279 317 1062 358; baseline -0.02 -1"><span class='ocrx_word' id='word_1_24' title='bbox 279 336 373 357; x_wconf 79' lang='lat' dir='ltr'><strong>revera</strong></span> <span class='ocrx_word' id='word_1_25' title='bbox 388 327 460 354; x_wconf 82' lang='lat' dir='ltr'><strong>Deus</strong></span> <span class='ocrx_word' id='word_1_26' title='bbox 474 327 517 353; x_wconf 87' lang='lat' dir='ltr'><strong>est</strong></span> <span class='ocrx_word' id='word_1_27' title='bbox 533 322 696 358; x_wconf 85' lang='lat' dir='ltr'><strong>Unigenitus</strong></span> <span class='ocrx_word' id='word_1_28' title='bbox 706 341 714 354; x_wconf 83' lang='lat'><strong>.</strong></span> <span class='ocrx_word' id='word_1_29' title='bbox 729 319 865 356; x_wconf 91' lang='lat' dir='ltr'><strong>quomodo</strong></span> <span class='ocrx_word' id='word_1_30' title='bbox 879 325 933 345; x_wconf 94' lang='lat' dir='ltr'><strong>non</strong></span> <span class='ocrx_word' id='word_1_31' title='bbox 948 317 1062 343; x_wconf 74' lang='lat' dir='ltr'><strong>diversae</strong></span> 
     </span>
    </p>
   </div>
   <div class='ocr_carea' id='block_1_7' title="bbox 280 361 1063 404">
    <p class='ocr_par' dir='ltr' id='par_1_7' title="bbox 280 361 1063 404">
     <span class='ocr_line' id='line_1_7' title="bbox 280 361 1063 404; baseline -0.019 -2"><span class='ocrx_word' id='word_1_32' title='bbox 280 381 322 402; x_wconf 75' lang='lat' dir='ltr'><strong>est</strong></span> <span class='ocrx_word' id='word_1_33' title='bbox 337 377 440 401; x_wconf 65' lang='lat' dir='ltr'><strong>naturae</strong></span> <span class='ocrx_word' id='word_1_34' title='bbox 452 372 486 399; x_wconf 87' lang='lat' dir='ltr'><strong>ab</strong></span> <span class='ocrx_word' id='word_1_35' title='bbox 502 371 557 398; x_wconf 80' lang='lat' dir='ltr'><strong>illis</strong></span> <span class='ocrx_word' id='word_1_36' title='bbox 580 369 626 404; x_wconf 97' lang='lat' dir='ltr'><strong>qui</strong></span> <span class='ocrx_word' id='word_1_37' title='bbox 652 368 797 403; x_wconf 83' lang='lat' dir='ltr'><strong>adoptione</strong></span> <span class='ocrx_word' id='word_1_38' title='bbox 813 365 851 392; x_wconf 93' lang='lat' dir='ltr'><strong>dii</strong></span> <span class='ocrx_word' id='word_1_39' title='bbox 868 367 933 391; x_wconf 81' lang='lat' dir='ltr'><strong>sunt</strong></span> <span class='ocrx_word' id='word_1_40' title='bbox 947 370 979 389; x_wconf 84' lang='lat' dir='ltr'><strong>ac</strong></span> <span class='ocrx_word' id='word_1_41' title='bbox 996 361 1063 388; x_wconf 81' lang='lat' dir='ltr'><strong>ﬁlii?</strong></span> 
     </span>
    </p>
   </div>
   <div class='ocr_carea' id='block_1_8' title="bbox 280 407 1062 454">
    <p class='ocr_par' dir='ltr' id='par_1_8' title="bbox 280 407 1062 454">
     <span class='ocr_line' id='line_1_8' title="bbox 280 407 1062 454; baseline -0.019 -7"><span class='ocrx_word' id='word_1_42' title='bbox 280 419 448 454; x_wconf 80' lang='lat' dir='ltr'><strong>intelligetur</strong></span> <span class='ocrx_word' id='word_1_43' title='bbox 464 417 536 445; x_wconf 92' lang='lat' dir='ltr'><strong>enim</strong></span> <span class='ocrx_word' id='word_1_44' title='bbox 553 423 606 443; x_wconf 90' lang='lat' dir='ltr'><strong>non</strong></span> <span class='ocrx_word' id='word_1_45' title='bbox 624 415 652 441; x_wconf 93' lang='lat' dir='ltr'><strong>in</strong></span> <span class='ocrx_word' id='word_1_46' title='bbox 668 413 762 441; x_wconf 87' lang='lat' dir='ltr'><strong>multis</strong></span> <span class='ocrx_word' id='word_1_47' title='bbox 778 410 913 438; x_wconf 76' lang='lat' dir='ltr'><strong>fratribus</strong></span> <span class='ocrx_word' id='word_1_48' title='bbox 928 407 1062 442; x_wconf 78' lang='lat' dir='ltr'><strong>Unigeni-</strong></span> 
     </span>
    </p>
   </div>
   <div class='ocr_carea' id='block_1_9' title="bbox 281 455 1064 497">
    <p class='ocr_par' dir='ltr' id='par_1_9' title="bbox 281 455 1064 497">
     <span class='ocr_line' id='line_1_9' title="bbox 281 455 1064 497; baseline -0.017 -6"><span class='ocrx_word' id='word_1_49' title='bbox 281 472 325 493; x_wconf 84' lang='lat' dir='ltr'><strong>Ius</strong></span> <span class='ocrx_word' id='word_1_50' title='bbox 337 485 345 497; x_wconf 83' lang='lat'><strong>,</strong></span> <span class='ocrx_word' id='word_1_51' title='bbox 367 464 414 491; x_wconf 86' lang='lat' dir='ltr'><strong>sed</strong></span> <span class='ocrx_word' id='word_1_52' title='bbox 435 463 510 491; x_wconf 78' lang='lat' dir='ltr'><strong>solus</strong></span> <span class='ocrx_word' id='word_1_53' title='bbox 528 461 662 488; x_wconf 72' lang='lat' dir='ltr'><strong>exsistere</strong></span> <span class='ocrx_word' id='word_1_54' title='bbox 681 467 696 485; x_wconf 89' lang='lat' dir='ltr'><strong>a</strong></span> <span class='ocrx_word' id='word_1_55' title='bbox 714 458 804 485; x_wconf 82' lang='lat' dir='ltr'><strong>Patre.</strong></span> <span class='ocrx_word' id='word_1_56' title='bbox 821 456 890 484; x_wconf 88' lang='lat' dir='ltr'><strong>Cum</strong></span> <span class='ocrx_word' id='word_1_57' title='bbox 913 458 1016 485; x_wconf 89' lang='lat' dir='ltr'><strong>autem,</strong></span> <span class='ocrx_word' id='word_1_58' title='bbox 1034 455 1064 479; x_wconf 92' lang='lat' dir='ltr'><strong>ut</strong></span> 
     </span>
    </p>
   </div>
   <div class='ocr_carea' id='block_1_10' title="bbox 282 498 1064 539">
    <p class='ocr_par' dir='ltr' id='par_1_10' title="bbox 282 498 1064 539">
     <span class='ocr_line' id='line_1_10' title="bbox 282 498 1064 539; baseline -0.015 -1"><span class='ocrx_word' id='word_1_59' title='bbox 282 511 384 538; x_wconf 84' lang='lat' dir='ltr'><strong>Paulus</strong></span> <span class='ocrx_word' id='word_1_60' title='bbox 396 509 476 539; x_wconf 75' lang='lat' dir='ltr'><strong>ait“,</strong></span> <span class='ocrx_word' id='word_1_61' title='bbox 488 507 581 534; x_wconf 88' lang='lat' dir='ltr'><strong>multis</strong></span> <span class='ocrx_word' id='word_1_62' title='bbox 592 504 788 534; x_wconf 80' lang='lat' dir='ltr'><strong>exsistentibus</strong></span> <span class='ocrx_word' id='word_1_63' title='bbox 799 506 826 530; x_wconf 90' lang='lat' dir='ltr'><strong>et</strong></span> <span class='ocrx_word' id='word_1_64' title='bbox 839 499 987 528; x_wconf 93' lang='lat' dir='ltr'><strong>nominatis</strong></span> <span class='ocrx_word' id='word_1_65' title='bbox 999 498 1064 530; x_wconf 88' lang='lat' dir='ltr'><strong>diis,</strong></span> 
     </span>
    </p>
   </div>
   <div class='ocr_carea' id='block_1_11' title="bbox 283 545 1064 587">
    <p class='ocr_par' dir='ltr' id='par_1_11' title="bbox 283 545 1064 587">
     <span class='ocr_line' id='line_1_11' title="bbox 283 545 1064 587; baseline -0.014 -6"><span class='ocrx_word' id='word_1_66' title='bbox 283 565 346 583; x_wconf 55' lang='lat' dir='ltr'><strong>eum</strong></span> <span class='ocrx_word' id='word_1_67' title='bbox 366 555 392 582; x_wconf 94' lang='lat' dir='ltr'><strong>in</strong></span> <span class='ocrx_word' id='word_1_68' title='bbox 410 555 496 587; x_wconf 55' lang='lat' dir='ltr'><strong>caelo,</strong></span> <span class='ocrx_word' id='word_1_69' title='bbox 514 557 572 580; x_wconf 88' lang='lat' dir='ltr'><strong>tum</strong></span> <span class='ocrx_word' id='word_1_70' title='bbox 590 553 618 579; x_wconf 93' lang='lat' dir='ltr'><strong>in</strong></span> <span class='ocrx_word' id='word_1_71' title='bbox 635 554 707 579; x_wconf 87' lang='lat' dir='ltr'><strong>terra</strong></span> <span class='ocrx_word' id='word_1_72' title='bbox 719 570 726 582; x_wconf 88' lang='lat'><strong><em>,</em></strong></span> <span class='ocrx_word' id='word_1_73' title='bbox 744 549 814 577; x_wconf 87' lang='lat' dir='ltr'><strong>Deus</strong></span> <span class='ocrx_word' id='word_1_74' title='bbox 830 548 867 575; x_wconf 90' lang='lat' dir='ltr'><strong>sit</strong></span> <span class='ocrx_word' id='word_1_75' title='bbox 884 545 1046 581; x_wconf 82' lang='lat' dir='ltr'><strong>Unigenitus</strong></span> <span class='ocrx_word' id='word_1_76' title='bbox 1057 563 1064 576; x_wconf 94' lang='lat'>,</span> 
     </span>
    </p>
   </div>
   <div class='ocr_carea' id='block_1_12' title="bbox 285 591 1066 629">
    <p class='ocr_par' dir='ltr' id='par_1_12' title="bbox 285 591 1066 629">
     <span class='ocr_line' id='line_1_12' title="bbox 285 591 1066 629; baseline -0.017 0"><span class='ocrx_word' id='word_1_77' title='bbox 285 606 360 628; x_wconf 69' lang='lat' dir='ltr'><strong>extra</strong></span> <span class='ocrx_word' id='word_1_78' title='bbox 383 604 544 629; x_wconf 75' lang='lat' dir='ltr'><strong>ezeterorum</strong></span> <span class='ocrx_word' id='word_1_79' title='bbox 573 603 719 626; x_wconf 89' lang='lat' dir='ltr'><strong>numerum</strong></span> <span class='ocrx_word' id='word_1_80' title='bbox 743 594 849 622; x_wconf 88' lang='lat' dir='ltr'><strong>scilicet</strong></span> <span class='ocrx_word' id='word_1_81' title='bbox 873 591 1066 621; x_wconf 83' lang='lat' dir='ltr'><strong>collocabitur,</strong></span> 
     </span>
    </p>
   </div>
   <div class='ocr_carea' id='block_1_13' title="bbox 286 636 1067 680">
    <p class='ocr_par' dir='ltr' id='par_1_13' title="bbox 286 636 1067 680">
     <span class='ocr_line' id='line_1_13' title="bbox 286 636 1067 680; baseline -0.017 -5"><span class='ocrx_word' id='word_1_82' title='bbox 286 655 337 674; x_wconf 88' lang='lat' dir='ltr'><strong>nec</strong></span> <span class='ocrx_word' id='word_1_83' title='bbox 353 647 426 674; x_wconf 85' lang='lat' dir='ltr'><strong>inter</strong></span> <span class='ocrx_word' id='word_1_84' title='bbox 441 653 488 674; x_wconf 88' lang='lat' dir='ltr'><strong>eos</strong></span> <span class='ocrx_word' id='word_1_85' title='bbox 503 644 550 680; x_wconf 90' lang='lat' dir='ltr'><strong>qui</strong></span> <span class='ocrx_word' id='word_1_86' title='bbox 566 644 603 671; x_wconf 93' lang='lat' dir='ltr'><strong>dii</strong></span> <span class='ocrx_word' id='word_1_87' title='bbox 622 646 686 670; x_wconf 92' lang='lat' dir='ltr'><strong>sunt</strong></span> <span class='ocrx_word' id='word_1_88' title='bbox 703 649 751 676; x_wconf 89' lang='lat' dir='ltr'><strong>per</strong></span> <span class='ocrx_word' id='word_1_89' title='bbox 771 639 887 676; x_wconf 87' lang='lat' dir='ltr'><strong>gratiam</strong></span> <span class='ocrx_word' id='word_1_90' title='bbox 908 636 1067 665; x_wconf 70' lang='lat' dir='ltr'><strong>numerabi«</strong></span> 
     </span>
    </p>
   </div>
   <div class='ocr_carea' id='block_1_14' title="bbox 287 680 1068 724">
    <p class='ocr_par' dir='ltr' id='par_1_14' title="bbox 287 680 1068 724">
     <span class='ocr_line' id='line_1_14' title="bbox 287 680 1068 724; baseline -0.015 -5"><span class='ocrx_word' id='word_1_91' title='bbox 287 690 411 724; x_wconf 85' lang='lat' dir='ltr'><strong>tur,-sed</strong></span> <span class='ocrx_word' id='word_1_92' title='bbox 431 690 483 718; x_wconf 91' lang='lat' dir='ltr'><strong>erit</strong></span> <span class='ocrx_word' id='word_1_93' title='bbox 504 689 596 724; x_wconf 86' lang='lat' dir='ltr'><strong>potius</strong></span> <span class='ocrx_word' id='word_1_94' title='bbox 616 695 678 715; x_wconf 88' lang='lat' dir='ltr'><strong>cum</strong></span> <span class='ocrx_word' id='word_1_95' title='bbox 702 685 783 713; x_wconf 91' lang='lat' dir='ltr'><strong>Patre</strong></span> <span class='ocrx_word' id='word_1_96' title='bbox 807 684 880 711; x_wconf 90' lang='lat' dir='ltr'><strong>Deus</strong></span> <span class='ocrx_word' id='word_1_97' title='bbox 905 690 997 710; x_wconf 87' lang='lat' dir='ltr'><strong>verus.</strong></span> <span class='ocrx_word' id='word_1_98' title='bbox 1022 680 1068 708; x_wconf 87' lang='lat' dir='ltr'><strong>Sic</strong></span> 
     </span>
    </p>
   </div>
   <div class='ocr_carea' id='block_1_15' title="bbox 286 727 1068 767">
    <p class='ocr_par' dir='ltr' id='par_1_15' title="bbox 286 727 1068 767">
     <span class='ocr_line' id='line_1_15' title="bbox 286 727 1068 767; baseline -0.014 -4"><span class='ocrx_word' id='word_1_99' title='bbox 286 736 359 763; x_wconf 88' lang='lat' dir='ltr'><strong>enim</strong></span> <span class='ocrx_word' id='word_1_100' title='bbox 371 734 473 762; x_wconf 85' lang='lat' dir='ltr'><strong>Paulus</strong></span> <span class='ocrx_word' id='word_1_101' title='bbox 483 741 545 761; x_wconf 93' lang='lat' dir='ltr'><strong>eum</strong></span> <span class='ocrx_word' id='word_1_102' title='bbox 557 731 697 767; x_wconf 72' lang='lat' dir='ltr'><strong>coniungit</strong></span> <span class='ocrx_word' id='word_1_103' title='bbox 707 751 714 762; x_wconf 81' lang='grc'>,</span> <span class='ocrx_word' id='word_1_104' title='bbox 729 730 825 757; x_wconf 88' lang='lat' dir='ltr'><strong>dicens</strong></span> <span class='ocrx_word' id='word_1_105' title='bbox 839 738 846 756; x_wconf 87' lang='lat'>:</span> <span class='ocrx_word' id='word_1_106' title='bbox 859 739 867 754; x_wconf 79' lang='grc' dir='ltr'><strong>ι</strong></span> <span class='ocrx_word' id='word_1_107' title='bbox 881 727 965 755; x_wconf 83' lang='lat' dir='ltr'><strong>Nobis</strong></span> <span class='ocrx_word' id='word_1_108' title='bbox 978 731 1068 753; x_wconf 84' lang='lat' dir='ltr'><strong>autem</strong></span> 
     </span>
    </p>
   </div>
   <div class='ocr_carea' id='block_1_16' title="bbox 287 774 1069 813">
    <p class='ocr_par' dir='ltr' id='par_1_16' title="bbox 287 774 1069 813">
     <span class='ocr_line' id='line_1_16' title="bbox 287 774 1069 813; baseline -0.012 -5"><span class='ocrx_word' id='word_1_109' title='bbox 287 790 361 810; x_wconf 87' lang='lat' dir='ltr'><strong>unus</strong></span> <span class='ocrx_word' id='word_1_110' title='bbox 377 780 448 808; x_wconf 87' lang='lat' dir='ltr'><strong>Deus</strong></span> <span class='ocrx_word' id='word_1_111' title='bbox 462 780 552 812; x_wconf 87' lang='lat' dir='ltr'><strong>Pater,</strong></span> <span class='ocrx_word' id='word_1_112' title='bbox 567 787 599 806; x_wconf 81' lang='lat' dir='ltr'><strong>ex</strong></span> <span class='ocrx_word' id='word_1_113' title='bbox 614 786 669 813; x_wconf 87' lang='lat' dir='ltr'><strong>quo</strong></span> <span class='ocrx_word' id='word_1_114' title='bbox 682 777 772 805; x_wconf 90' lang='lat' dir='ltr'><strong>omnia</strong></span> <span class='ocrx_word' id='word_1_115' title='bbox 785 796 793 808; x_wconf 85' lang='lat'><strong><em>,</em></strong></span> <span class='ocrx_word' id='word_1_116' title='bbox 808 780 834 804; x_wconf 88' lang='lat' dir='ltr'><strong>et</strong></span> <span class='ocrx_word' id='word_1_117' title='bbox 852 783 923 802; x_wconf 88' lang='lat' dir='ltr'><strong>unus</strong></span> <span class='ocrx_word' id='word_1_118' title='bbox 938 774 1069 801; x_wconf 83' lang='lat' dir='ltr'><strong>Dominus</strong></span> 
     </span>
    </p>
   </div>
   <div class='ocr_carea' id='block_1_17' title="bbox 288 818 1069 860">
    <p class='ocr_par' dir='ltr' id='par_1_17' title="bbox 288 818 1069 860">
     <span class='ocr_line' id='line_1_17' title="bbox 288 818 1069 860; baseline -0.012 -6"><span class='ocrx_word' id='word_1_119' title='bbox 288 827 369 856; x_wconf 74' lang='lat' dir='ltr'><strong>Iesus</strong></span> <span class='ocrx_word' id='word_1_120' title='bbox 384 827 511 854; x_wconf 81' lang='lat' dir='ltr'><strong>Christus</strong></span> <span class='ocrx_word' id='word_1_121' title='bbox 522 845 529 858; x_wconf 83' lang='lat'><strong>,</strong></span> <span class='ocrx_word' id='word_1_122' title='bbox 554 832 601 860; x_wconf 88' lang='lat' dir='ltr'><strong>per</strong></span> <span class='ocrx_word' id='word_1_123' title='bbox 623 831 704 859; x_wconf 85' lang='lat' dir='ltr'><strong>quem</strong></span> <span class='ocrx_word' id='word_1_124' title='bbox 727 822 820 850; x_wconf 80' lang='lat' dir='ltr'><strong>omnia</strong></span> <span class='ocrx_word' id='word_1_125' title='bbox 834 821 868 848; x_wconf 82' lang='lat'><strong>&quot;.</strong></span> <span class='ocrx_word' id='word_1_126' title='bbox 883 830 892 846; x_wconf 74' lang='grc' dir='ltr'><strong>ι</strong></span> <span class='ocrx_word' id='word_1_127' title='bbox 904 820 972 847; x_wconf 89' lang='lat' dir='ltr'><strong>Cum</strong></span> <span class='ocrx_word' id='word_1_128' title='bbox 996 818 1069 846; x_wconf 89' lang='lat' dir='ltr'><strong>enim</strong></span> 
     </span>
    </p>
   </div>
   <div class='ocr_carea' id='block_1_18' title="bbox 290 868 1070 907">
    <p class='ocr_par' dir='ltr' id='par_1_18' title="bbox 290 868 1070 907">
     <span class='ocr_line' id='line_1_18' title="bbox 290 868 1070 907; baseline -0.014 -6"><span class='ocrx_word' id='word_1_129' title='bbox 290 882 361 901; x_wconf 84' lang='lat' dir='ltr'><strong>unus</strong></span> <span class='ocrx_word' id='word_1_130' title='bbox 377 874 414 901; x_wconf 89' lang='lat' dir='ltr'><strong>sit</strong></span> <span class='ocrx_word' id='word_1_131' title='bbox 430 880 478 907; x_wconf 90' lang='lat' dir='ltr'><strong>per</strong></span> <span class='ocrx_word' id='word_1_132' title='bbox 493 875 622 899; x_wconf 84' lang='lat' dir='ltr'><strong>naturam</strong></span> <span class='ocrx_word' id='word_1_133' title='bbox 641 870 712 897; x_wconf 86' lang='lat' dir='ltr'><strong>Deus</strong></span> <span class='ocrx_word' id='word_1_134' title='bbox 729 868 821 899; x_wconf 78' lang='lat' dir='ltr'><strong>Pater,</strong></span> <span class='ocrx_word' id='word_1_135' title='bbox 840 875 893 894; x_wconf 93' lang='lat' dir='ltr'><strong>non</strong></span> <span class='ocrx_word' id='word_1_136' title='bbox 911 869 1000 900; x_wconf 89' lang='lat' dir='ltr'><strong>potest</strong></span> <span class='ocrx_word' id='word_1_137' title='bbox 1016 872 1070 891; x_wconf 93' lang='lat' dir='ltr'><strong>non</strong></span> 
     </span>
    </p>
   </div>
   <div class='ocr_carea' id='block_1_19' title="bbox 290 910 1073 953">
    <p class='ocr_par' dir='ltr' id='par_1_19' title="bbox 290 910 1073 953">
     <span class='ocr_line' id='line_1_19' title="bbox 290 910 1073 953; baseline -0.015 -5"><span class='ocrx_word' id='word_1_138' title='bbox 290 928 351 948; x_wconf 88' lang='lat' dir='ltr'><strong>esse</strong></span> <span class='ocrx_word' id='word_1_139' title='bbox 368 919 505 949; x_wconf 87' lang='lat' dir='ltr'><strong>Verbum,</strong></span> <span class='ocrx_word' id='word_1_140' title='bbox 521 918 593 953; x_wconf 89' lang='lat' dir='ltr'><strong>quod</strong></span> <span class='ocrx_word' id='word_1_141' title='bbox 615 924 647 944; x_wconf 79' lang='lat' dir='ltr'><strong>ex</strong></span> <span class='ocrx_word' id='word_1_142' title='bbox 672 917 732 950; x_wconf 89' lang='lat' dir='ltr'><strong>ipso</strong></span> <span class='ocrx_word' id='word_1_143' title='bbox 752 919 779 941; x_wconf 86' lang='lat' dir='ltr'><strong>et</strong></span> <span class='ocrx_word' id='word_1_144' title='bbox 801 914 828 940; x_wconf 89' lang='lat' dir='ltr'><strong>in</strong></span> <span class='ocrx_word' id='word_1_145' title='bbox 847 914 907 948; x_wconf 90' lang='lat' dir='ltr'><strong>ipso</strong></span> <span class='ocrx_word' id='word_1_146' title='bbox 926 916 983 941; x_wconf 74' lang='lat' dir='ltr'><strong>est,</strong></span> <span class='ocrx_word' id='word_1_147' title='bbox 1000 910 1073 945; x_wconf 89' lang='lat' dir='ltr'><strong>geni-</strong></span> 
     </span>
    </p>
   </div>
   <div class='ocr_carea' id='block_1_20' title="bbox 291 957 1071 1000">
    <p class='ocr_par' dir='ltr' id='par_1_20' title="bbox 291 957 1071 1000">
     <span class='ocr_line' id='line_1_20' title="bbox 291 957 1071 1000; baseline -0.01 -9"><span class='ocrx_word' id='word_1_148' title='bbox 291 965 359 992; x_wconf 82' lang='lat' dir='ltr'><strong>toris</strong></span> <span class='ocrx_word' id='word_1_149' title='bbox 380 964 498 1000; x_wconf 76' lang='lat' dir='ltr'><strong>propriis</strong></span> <span class='ocrx_word' id='word_1_150' title='bbox 523 963 603 990; x_wconf 83' lang='lat' dir='ltr'><strong>bonis</strong></span> <span class='ocrx_word' id='word_1_151' title='bbox 624 961 819 996; x_wconf 86' lang='lat' dir='ltr'><strong>conspicuum,</strong></span> <span class='ocrx_word' id='word_1_152' title='bbox 853 962 880 986; x_wconf 90' lang='lat' dir='ltr'><strong>et</strong></span> <span class='ocrx_word' id='word_1_153' title='bbox 902 957 1071 985; x_wconf 86' lang='lat' dir='ltr'><strong>substantia-</strong></span> 
     </span>
    </p>
   </div>
   <div class='ocr_carea' id='block_1_21' title="bbox 292 1002 1073 1044">
    <p class='ocr_par' dir='ltr' id='par_1_21' title="bbox 292 1002 1073 1044">
     <span class='ocr_line' id='line_1_21' title="bbox 292 1002 1073 1044; baseline -0.013 -7"><span class='ocrx_word' id='word_1_154' title='bbox 292 1011 355 1037; x_wconf 89' lang='lat' dir='ltr'><strong>liter</strong></span> <span class='ocrx_word' id='word_1_155' title='bbox 380 1009 478 1044; x_wconf 75' lang='lat' dir='ltr'><strong>aequali</strong></span> <span class='ocrx_word' id='word_1_156' title='bbox 500 1008 634 1044; x_wconf 72' lang='lat' dir='ltr'><strong>dignitate</strong></span> <span class='ocrx_word' id='word_1_157' title='bbox 657 1005 817 1041; x_wconf 73' lang='lat' dir='ltr'><strong>praaditum.</strong></span> <span class='ocrx_word' id='word_1_158' title='bbox 834 1004 861 1031; x_wconf 91' lang='lat' dir='ltr'><strong>in</strong></span> <span class='ocrx_word' id='word_1_159' title='bbox 887 1011 921 1030; x_wconf 88' lang='lat' dir='ltr'><strong>eo</strong></span> <span class='ocrx_word' id='word_1_160' title='bbox 944 1002 1073 1029; x_wconf 89' lang='lat' dir='ltr'><strong>nimirum</strong></span> 
     </span>
    </p>
   </div>
   <div class='ocr_carea' id='block_1_22' title="bbox 291 1046 1074 1090">
    <p class='ocr_par' dir='ltr' id='par_1_22' title="bbox 291 1046 1074 1090">
     <span class='ocr_line' id='line_1_22' title="bbox 291 1046 1074 1090; baseline -0.013 -8"><span class='ocrx_word' id='word_1_161' title='bbox 291 1054 365 1090; x_wconf 87' lang='lat' dir='ltr'><strong>quod</strong></span> <span class='ocrx_word' id='word_1_162' title='bbox 387 1054 457 1082; x_wconf 90' lang='lat' dir='ltr'><strong>Deus</strong></span> <span class='ocrx_word' id='word_1_163' title='bbox 477 1057 519 1080; x_wconf 82' lang='lat' dir='ltr'><strong>est</strong></span> <span class='ocrx_word' id='word_1_164' title='bbox 541 1052 692 1080; x_wconf 89' lang='lat' dir='ltr'><strong>secundum</strong></span> <span class='ocrx_word' id='word_1_165' title='bbox 708 1055 847 1078; x_wconf 89' lang='lat' dir='ltr'><strong>naturam.</strong></span> <span class='ocrx_word' id='word_1_166' title='bbox 860 1048 1031 1082; x_wconf 79' lang='lat' dir='ltr'><strong>Quapropter</strong></span> <span class='ocrx_word' id='word_1_167' title='bbox 1047 1046 1074 1072; x_wconf 91' lang='lat' dir='ltr'><strong>in</strong></span> 
     </span>
    </p>
   </div>
   <div class='ocr_carea' id='block_1_23' title="bbox 293 1092 1076 1135">
    <p class='ocr_par' dir='ltr' id='par_1_23' title="bbox 293 1092 1076 1135">
     <span class='ocr_line' id='line_1_23' title="bbox 293 1092 1076 1135; baseline -0.011 -8"><span class='ocrx_word' id='word_1_168' title='bbox 293 1101 353 1128; x_wconf 87' lang='lat' dir='ltr'><strong>sinu</strong></span> <span class='ocrx_word' id='word_1_169' title='bbox 369 1107 479 1135; x_wconf 88' lang='lat' dir='ltr'><strong>quoque</strong></span> <span class='ocrx_word' id='word_1_170' title='bbox 495 1099 584 1133; x_wconf 88' lang='lat' dir='ltr'><strong>ipsum</strong></span> <span class='ocrx_word' id='word_1_171' title='bbox 605 1098 644 1125; x_wconf 85' lang='lat' dir='ltr'><strong>ait</strong></span> <span class='ocrx_word' id='word_1_172' title='bbox 665 1104 727 1124; x_wconf 87' lang='lat' dir='ltr'><strong>esse</strong></span> <span class='ocrx_word' id='word_1_173' title='bbox 751 1095 860 1126; x_wconf 84' lang='lat' dir='ltr'><strong>Patris,</strong></span> <span class='ocrx_word' id='word_1_174' title='bbox 886 1098 915 1121; x_wconf 91' lang='lat' dir='ltr'><strong>ut</strong></span> <span class='ocrx_word' id='word_1_175' title='bbox 939 1092 1076 1127; x_wconf 75' lang='lat' dir='ltr'><strong>intelligas</strong></span> 
     </span>
    </p>
   </div>
   <div class='ocr_carea' id='block_1_24' title="bbox 294 1136 1076 1180">
    <p class='ocr_par' dir='ltr' id='par_1_24' title="bbox 294 1136 1076 1180">
     <span class='ocr_line' id='line_1_24' title="bbox 294 1136 1076 1180; baseline -0.013 -7"><span class='ocrx_word' id='word_1_176' title='bbox 294 1153 390 1173; x_wconf 84' lang='lat' dir='ltr'><strong>rursus</strong></span> <span class='ocrx_word' id='word_1_177' title='bbox 406 1145 430 1172; x_wconf 97' lang='lat' dir='ltr'><strong>id</strong></span> <span class='ocrx_word' id='word_1_178' title='bbox 447 1145 521 1180; x_wconf 85' lang='lat' dir='ltr'><strong>quod</strong></span> <span class='ocrx_word' id='word_1_179' title='bbox 541 1144 567 1171; x_wconf 92' lang='lat' dir='ltr'><strong>in</strong></span> <span class='ocrx_word' id='word_1_180' title='bbox 583 1144 644 1177; x_wconf 84' lang='lat' dir='ltr'><strong>ipso</strong></span> <span class='ocrx_word' id='word_1_181' title='bbox 662 1146 689 1169; x_wconf 84' lang='lat' dir='ltr'><strong>et</strong></span> <span class='ocrx_word' id='word_1_182' title='bbox 705 1149 736 1169; x_wconf 78' lang='lat' dir='ltr'><strong>ex</strong></span> <span class='ocrx_word' id='word_1_183' title='bbox 754 1141 813 1176; x_wconf 83' lang='lat' dir='ltr'><strong>ipso</strong></span> <span class='ocrx_word' id='word_1_184' title='bbox 830 1145 890 1172; x_wconf 89' lang='lat' dir='ltr'><strong>est,</strong></span> <span class='ocrx_word' id='word_1_185' title='bbox 910 1139 988 1173; x_wconf 85' lang='lat' dir='ltr'><strong>juxta</strong></span> <span class='ocrx_word' id='word_1_186' title='bbox 1010 1136 1076 1164; x_wconf 93' lang='lat' dir='ltr'><strong>illud</strong></span> 
     </span>
    </p>
   </div>
   <div class='ocr_carea' id='block_1_25' title="bbox 295 1181 1074 1218">
    <p class='ocr_par' dir='ltr' id='par_1_25' title="bbox 295 1181 1074 1218">
     <span class='ocr_line' id='line_1_25' title="bbox 295 1181 1074 1218; baseline -0.014 0"><span class='ocrx_word' id='word_1_187' title='bbox 295 1190 446 1218; x_wconf 74' lang='lat' dir='ltr'><strong>Psalmista:</strong></span> <span class='ocrx_word' id='word_1_188' title='bbox 458 1199 465 1216; x_wconf 71' lang='grc' dir='ltr'><em>τ</em></span> <span class='ocrx_word' id='word_1_189' title='bbox 476 1198 486 1215; x_wconf 75' lang='grc' dir='ltr'><strong>ι</strong></span> <span class='ocrx_word' id='word_1_190' title='bbox 499 1188 537 1215; x_wconf 80' lang='lat' dir='ltr'><strong>Ex</strong></span> <span class='ocrx_word' id='word_1_191' title='bbox 553 1192 630 1216; x_wconf 87' lang='lat' dir='ltr'><strong>utero</strong></span> <span class='ocrx_word' id='word_1_192' title='bbox 639 1190 701 1213; x_wconf 84' lang='lat' dir='ltr'><strong>ante</strong></span> <span class='ocrx_word' id='word_1_193' title='bbox 710 1184 866 1212; x_wconf 77' lang='lat' dir='ltr'><strong>Luciferum</strong></span> <span class='ocrx_word' id='word_1_194' title='bbox 879 1184 959 1218; x_wconf 75' lang='lat' dir='ltr'><strong>genui</strong></span> <span class='ocrx_word' id='word_1_195' title='bbox 972 1187 997 1208; x_wconf 91' lang='lat' dir='ltr'><strong>te</strong></span> <span class='ocrx_word' id='word_1_196' title='bbox 1006 1181 1048 1207; x_wconf 65' lang='lat'><strong>3&quot;.</strong></span> <span class='ocrx_word' id='word_1_197' title='bbox 1065 1189 1074 1206; x_wconf 86' lang='grc'><strong>›</strong></span> 
     </span>
    </p>
   </div>
   <div class='ocr_carea' id='block_1_26' title="bbox 295 1229 1077 1267">
    <p class='ocr_par' dir='ltr' id='par_1_26' title="bbox 295 1229 1077 1267">
     <span class='ocr_line' id='line_1_26' title="bbox 295 1229 1077 1267; baseline -0.018 -1"><span class='ocrx_word' id='word_1_198' title='bbox 295 1238 331 1266; x_wconf 86' lang='lat' dir='ltr'><strong>Ut</strong></span> <span class='ocrx_word' id='word_1_199' title='bbox 347 1237 420 1265; x_wconf 91' lang='lat' dir='ltr'><strong>enim</strong></span> <span class='ocrx_word' id='word_1_200' title='bbox 436 1235 480 1262; x_wconf 88' lang='lat' dir='ltr'><strong>hic</strong></span> <span class='ocrx_word' id='word_1_201' title='bbox 494 1243 503 1260; x_wconf 72' lang='grc' dir='ltr'><strong>ι</strong></span> <span class='ocrx_word' id='word_1_202' title='bbox 516 1242 548 1262; x_wconf 81' lang='lat' dir='ltr'><strong>ex</strong></span> <span class='ocrx_word' id='word_1_203' title='bbox 563 1237 658 1264; x_wconf 87' lang='lat' dir='ltr'><strong>utero.</strong></span> <span class='ocrx_word' id='word_1_204' title='bbox 673 1241 682 1257; x_wconf 74' lang='grc' dir='ltr'><strong>ι</strong></span> <span class='ocrx_word' id='word_1_205' title='bbox 693 1239 742 1267; x_wconf 90' lang='lat' dir='ltr'><strong>pro</strong></span> <span class='ocrx_word' id='word_1_206' title='bbox 762 1239 795 1258; x_wconf 90' lang='lat' dir='ltr'><strong>eo</strong></span> <span class='ocrx_word' id='word_1_207' title='bbox 810 1230 883 1264; x_wconf 84' lang='lat' dir='ltr'><strong>quod</strong></span> <span class='ocrx_word' id='word_1_208' title='bbox 899 1238 908 1254; x_wconf 72' lang='grc' dir='ltr'><strong>ι</strong></span> <span class='ocrx_word' id='word_1_209' title='bbox 923 1237 954 1256; x_wconf 91' lang='lat' dir='ltr'><strong>ex</strong></span> <span class='ocrx_word' id='word_1_210' title='bbox 972 1229 1032 1262; x_wconf 87' lang='lat' dir='ltr'><strong>ipso</strong></span> <span class='ocrx_word' id='word_1_211' title='bbox 1043 1248 1050 1259; x_wconf 94' lang='lat'>,</span> <span class='ocrx_word' id='word_1_212' title='bbox 1065 1237 1077 1252; x_wconf 70' lang='grc' dir='ltr'><strong>ι</strong></span> 
     </span>
    </p>
   </div>
   <div class='ocr_carea' id='block_1_27' title="bbox 294 1273 1078 1317">
    <p class='ocr_par' dir='ltr' id='par_1_27' title="bbox 294 1273 1078 1317">
     <span class='ocr_line' id='line_1_27' title="bbox 294 1273 1078 1317; baseline -0.015 -6"><span class='ocrx_word' id='word_1_213' title='bbox 294 1284 378 1311; x_wconf 89' lang='lat' dir='ltr'><strong>etiam</strong></span> <span class='ocrx_word' id='word_1_214' title='bbox 400 1281 508 1317; x_wconf 86' lang='lat' dir='ltr'><strong>proprie</strong></span> <span class='ocrx_word' id='word_1_215' title='bbox 524 1280 619 1315; x_wconf 83' lang='lat' dir='ltr'><strong>ponit,</strong></span> <span class='ocrx_word' id='word_1_216' title='bbox 635 1278 718 1305; x_wconf 89' lang='lat' dir='ltr'><strong>ducta</strong></span> <span class='ocrx_word' id='word_1_217' title='bbox 735 1283 834 1304; x_wconf 87' lang='lat' dir='ltr'><strong>rursus</strong></span> <span class='ocrx_word' id='word_1_218' title='bbox 848 1283 863 1302; x_wconf 87' lang='lat' dir='ltr'><strong>a</strong></span> <span class='ocrx_word' id='word_1_219' title='bbox 882 1275 960 1302; x_wconf 86' lang='lat' dir='ltr'><strong>nobis</strong></span> <span class='ocrx_word' id='word_1_220' title='bbox 979 1273 1078 1301; x_wconf 90' lang='lat' dir='ltr'><strong>simili-</strong></span> 
     </span>
    </p>
   </div>
   <div class='ocr_carea' id='block_1_28' title="bbox 297 1319 1079 1364">
    <p class='ocr_par' dir='ltr' id='par_1_28' title="bbox 297 1319 1079 1364">
     <span class='ocr_line' id='line_1_28' title="bbox 297 1319 1079 1364; baseline -0.014 -8"><span class='ocrx_word' id='word_1_221' title='bbox 297 1329 392 1356; x_wconf 86' lang='lat' dir='ltr'><strong>tudine</strong></span> <span class='ocrx_word' id='word_1_222' title='bbox 406 1328 454 1364; x_wconf 69' lang='grc' dir='ltr'>(σι</span> <span class='ocrx_word' id='word_1_223' title='bbox 466 1331 546 1354; x_wconf 88' lang='lat' dir='ltr'><strong>utero</strong></span> <span class='ocrx_word' id='word_1_224' title='bbox 556 1325 656 1360; x_wconf 86' lang='lat' dir='ltr'><strong>quippe</strong></span> <span class='ocrx_word' id='word_1_225' title='bbox 669 1323 805 1358; x_wconf 90' lang='lat' dir='ltr'><strong>prodeunt</strong></span> <span class='ocrx_word' id='word_1_226' title='bbox 817 1321 863 1356; x_wconf 89' lang='lat' dir='ltr'><strong>qui</strong></span> <span class='ocrx_word' id='word_1_227' title='bbox 875 1328 907 1348; x_wconf 76' lang='lat' dir='ltr'><strong>ex</strong></span> <span class='ocrx_word' id='word_1_228' title='bbox 922 1319 1079 1347; x_wconf 84' lang='lat' dir='ltr'><strong>hominibus</strong></span> 
     </span>
    </p>
   </div>
   <div class='ocr_carea' id='block_1_29' title="bbox 299 1368 1079 1408">
    <p class='ocr_par' dir='ltr' id='par_1_29' title="bbox 299 1368 1079 1408">
     <span class='ocr_line' id='line_1_29' title="bbox 299 1368 1079 1408; baseline -0.014 -6"><span class='ocrx_word' id='word_1_229' title='bbox 299 1373 467 1408; x_wconf 88' lang='lat' dir='ltr'><strong>nascuntur)</strong></span> <span class='ocrx_word' id='word_1_230' title='bbox 480 1393 488 1406; x_wconf 83' lang='lat'><strong><em>,</em></strong></span> <span class='ocrx_word' id='word_1_231' title='bbox 501 1373 538 1400; x_wconf 82' lang='lat' dir='ltr'><strong>ita</strong></span> <span class='ocrx_word' id='word_1_232' title='bbox 559 1379 621 1398; x_wconf 88' lang='lat' dir='ltr'><strong>eum</strong></span> <span class='ocrx_word' id='word_1_233' title='bbox 636 1380 644 1396; x_wconf 77' lang='grc' dir='ltr'><strong>ι</strong></span> <span class='ocrx_word' id='word_1_234' title='bbox 661 1371 690 1398; x_wconf 91' lang='lat' dir='ltr'><strong>in</strong></span> <span class='ocrx_word' id='word_1_235' title='bbox 712 1370 774 1398; x_wconf 90' lang='lat' dir='ltr'><strong>sinu</strong></span> <span class='ocrx_word' id='word_1_236' title='bbox 789 1378 800 1395; x_wconf 74' lang='grc' dir='ltr'><strong>ι</strong></span> <span class='ocrx_word' id='word_1_237' title='bbox 815 1368 869 1399; x_wconf 85' lang='lat' dir='ltr'><strong>ait,</strong></span> <span class='ocrx_word' id='word_1_238' title='bbox 892 1370 997 1394; x_wconf 86' lang='lat' dir='ltr'><strong>tantum</strong></span> <span class='ocrx_word' id='word_1_239' title='bbox 1024 1373 1079 1392; x_wconf 88' lang='lat' dir='ltr'><strong>non</strong></span> 
     </span>
    </p>
   </div>
   <div class='ocr_carea' id='block_1_30' title="bbox 298 1410 1082 1456">
    <p class='ocr_par' dir='ltr' id='par_1_30' title="bbox 298 1410 1082 1456">
     <span class='ocr_line' id='line_1_30' title="bbox 298 1410 1082 1456; baseline -0.014 -8"><span class='ocrx_word' id='word_1_240' title='bbox 298 1420 455 1456; x_wconf 79' lang='lat' dir='ltr'><strong>signiﬁcare</strong></span> <span class='ocrx_word' id='word_1_241' title='bbox 468 1418 527 1445; x_wconf 88' lang='lat' dir='ltr'><strong>vult</strong></span> <span class='ocrx_word' id='word_1_242' title='bbox 542 1418 570 1445; x_wconf 93' lang='lat' dir='ltr'><strong>in</strong></span> <span class='ocrx_word' id='word_1_243' title='bbox 583 1417 671 1444; x_wconf 82' lang='lat' dir='ltr'><strong>Patris</strong></span> <span class='ocrx_word' id='word_1_244' title='bbox 683 1420 762 1443; x_wconf 90' lang='lat' dir='ltr'><strong>utero</strong></span> <span class='ocrx_word' id='word_1_245' title='bbox 777 1415 904 1450; x_wconf 74' lang='lat' dir='ltr'><strong>gignente</strong></span> <span class='ocrx_word' id='word_1_246' title='bbox 917 1411 1027 1447; x_wconf 89' lang='lat' dir='ltr'><strong>quidem</strong></span> <span class='ocrx_word' id='word_1_247' title='bbox 1042 1410 1082 1437; x_wconf 86' lang='lat' dir='ltr'><strong>Fi-</strong></span> 
     </span>
    </p>
   </div>
   <div class='ocr_carea' id='block_1_31' title="bbox 300 1457 1083 1500">
    <p class='ocr_par' dir='ltr' id='par_1_31' title="bbox 300 1457 1083 1500">
     <span class='ocr_line' id='line_1_31' title="bbox 300 1457 1083 1500; baseline -0.013 -7"><span class='ocrx_word' id='word_1_248' title='bbox 300 1467 366 1494; x_wconf 84' lang='lat' dir='ltr'><strong>lium</strong></span> <span class='ocrx_word' id='word_1_249' title='bbox 383 1473 430 1500; x_wconf 90' lang='lat' dir='ltr'><strong>per</strong></span> <span class='ocrx_word' id='word_1_250' title='bbox 444 1463 651 1498; x_wconf 81' lang='lat' dir='ltr'><strong>expressionem</strong></span> <span class='ocrx_word' id='word_1_251' title='bbox 673 1461 768 1488; x_wconf 89' lang='lat' dir='ltr'><strong>divina</strong></span> <span class='ocrx_word' id='word_1_252' title='bbox 786 1459 860 1487; x_wconf 81' lang='lat' dir='ltr'><strong>velut</strong></span> <span class='ocrx_word' id='word_1_253' title='bbox 877 1457 1038 1486; x_wconf 85' lang='lat' dir='ltr'><strong>emicatione</strong></span> <span class='ocrx_word' id='word_1_254' title='bbox 1055 1462 1083 1484; x_wconf 92' lang='lat' dir='ltr'><strong>et</strong></span> 
     </span>
    </p>
   </div>
   <div class='ocr_carea' id='block_1_32' title="bbox 301 1504 1084 1545">
    <p class='ocr_par' dir='ltr' id='par_1_32' title="bbox 301 1504 1084 1545">
     <span class='ocr_line' id='line_1_32' title="bbox 301 1504 1084 1545; baseline -0.013 -5"><span class='ocrx_word' id='word_1_255' title='bbox 301 1511 431 1540; x_wconf 83' lang='lat' dir='ltr'><strong>ineﬁ‘abili</strong></span> <span class='ocrx_word' id='word_1_256' title='bbox 446 1509 564 1545; x_wconf 90' lang='lat' dir='ltr'><strong>quodam</strong></span> <span class='ocrx_word' id='word_1_257' title='bbox 587 1515 734 1543; x_wconf 84' lang='lat' dir='ltr'><strong>progressu</strong></span> <span class='ocrx_word' id='word_1_258' title='bbox 750 1506 784 1533; x_wconf 91' lang='lat' dir='ltr'><strong>ad</strong></span> <span class='ocrx_word' id='word_1_259' title='bbox 799 1505 938 1541; x_wconf 91' lang='lat' dir='ltr'><strong>propriam</strong></span> <span class='ocrx_word' id='word_1_260' title='bbox 957 1504 1084 1540; x_wconf 78' lang='lat' dir='ltr'><strong>hyposta-</strong></span> 
     </span>
    </p>
   </div>
   <div class='ocr_carea' id='block_1_33' title="bbox 302 1549 1083 1591">
    <p class='ocr_par' dir='ltr' id='par_1_33' title="bbox 302 1549 1083 1591">
     <span class='ocr_line' id='line_1_33' title="bbox 302 1549 1083 1591; baseline -0.015 -5"><span class='ocrx_word' id='word_1_261' title='bbox 302 1561 372 1590; x_wconf 87' lang='lat' dir='ltr'><strong>sim,</strong></span> <span class='ocrx_word' id='word_1_262' title='bbox 395 1557 442 1585; x_wconf 81' lang='lat' dir='ltr'><strong>sed</strong></span> <span class='ocrx_word' id='word_1_263' title='bbox 468 1557 558 1591; x_wconf 88' lang='lat' dir='ltr'><strong>ipsum</strong></span> <span class='ocrx_word' id='word_1_264' title='bbox 582 1560 681 1581; x_wconf 88' lang='lat' dir='ltr'><strong>rursus</strong></span> <span class='ocrx_word' id='word_1_265' title='bbox 706 1552 839 1583; x_wconf 86' lang='lat' dir='ltr'><strong>habente,</strong></span> <span class='ocrx_word' id='word_1_266' title='bbox 863 1549 1083 1585; x_wconf 78' lang='lat' dir='ltr'><strong>quandoquidem</strong></span> 
     </span>
    </p>
   </div>
   <div class='ocr_carea' id='block_1_34' title="bbox 303 1595 1086 1638">
    <p class='ocr_par' dir='ltr' id='par_1_34' title="bbox 303 1595 1086 1638">
     <span class='ocr_line' id='line_1_34' title="bbox 303 1595 1086 1638; baseline -0.014 -7"><span class='ocrx_word' id='word_1_267' title='bbox 303 1612 357 1631; x_wconf 88' lang='lat' dir='ltr'><strong>non</strong></span> <span class='ocrx_word' id='word_1_268' title='bbox 375 1611 421 1638; x_wconf 92' lang='lat' dir='ltr'><strong>per</strong></span> <span class='ocrx_word' id='word_1_269' title='bbox 435 1601 605 1628; x_wconf 86' lang='lat' dir='ltr'><strong>decisionem</strong></span> <span class='ocrx_word' id='word_1_270' title='bbox 620 1603 667 1626; x_wconf 87' lang='lat' dir='ltr'><strong>aut</strong></span> <span class='ocrx_word' id='word_1_271' title='bbox 680 1597 845 1624; x_wconf 83' lang='lat' dir='ltr'><strong>divisionem</strong></span> <span class='ocrx_word' id='word_1_272' title='bbox 866 1595 984 1628; x_wconf 80' lang='lat' dir='ltr'><strong>aliquam</strong></span> <span class='ocrx_word' id='word_1_273' title='bbox 999 1602 1013 1621; x_wconf 91' lang='lat' dir='ltr'><strong>e</strong></span> <span class='ocrx_word' id='word_1_274' title='bbox 1027 1602 1086 1621; x_wconf 86' lang='lat' dir='ltr'><strong>cor-</strong></span> 
     </span>
    </p>
   </div>
   <div class='ocr_carea' id='block_1_35' title="bbox 304 1639 1085 1683">
    <p class='ocr_par' dir='ltr' id='par_1_35' title="bbox 304 1639 1085 1683">
     <span class='ocr_line' id='line_1_35' title="bbox 304 1639 1085 1683; baseline -0.015 -6"><span class='ocrx_word' id='word_1_275' title='bbox 304 1656 369 1683; x_wconf 80' lang='lat' dir='ltr'><strong>pore</strong></span> <span class='ocrx_word' id='word_1_276' title='bbox 383 1648 504 1674; x_wconf 84' lang='lat' dir='ltr'><strong>divinum</strong></span> <span class='ocrx_word' id='word_1_277' title='bbox 518 1653 531 1671; x_wconf 92' lang='lat' dir='ltr'><strong>a</strong></span> <span class='ocrx_word' id='word_1_278' title='bbox 544 1644 623 1671; x_wconf 86' lang='lat' dir='ltr'><strong>Patre</strong></span> <span class='ocrx_word' id='word_1_279' title='bbox 637 1643 761 1678; x_wconf 82' lang='lat' dir='ltr'><strong>genimen</strong></span> <span class='ocrx_word' id='word_1_280' title='bbox 776 1641 888 1677; x_wconf 88' lang='lat' dir='ltr'><strong>prodiit.</strong></span> <span class='ocrx_word' id='word_1_281' title='bbox 913 1640 989 1667; x_wconf 87' lang='lat' dir='ltr'><strong>Unde</strong></span> <span class='ocrx_word' id='word_1_282' title='bbox 1000 1639 1085 1666; x_wconf 89' lang='lat' dir='ltr'><strong>Filius</strong></span> 
     </span>
    </p>
   </div>
   <div class='ocr_carea' id='block_1_36' title="bbox 306 1685 1086 1725">
    <p class='ocr_par' dir='ltr' id='par_1_36' title="bbox 306 1685 1086 1725">
     <span class='ocr_line' id='line_1_36' title="bbox 306 1685 1086 1725; baseline -0.01 -5"><span class='ocrx_word' id='word_1_283' title='bbox 306 1694 406 1721; x_wconf 85' lang='lat' dir='ltr'><strong>alicubi</strong></span> <span class='ocrx_word' id='word_1_284' title='bbox 422 1693 460 1720; x_wconf 90' lang='lat' dir='ltr'><strong>ait</strong></span> <span class='ocrx_word' id='word_1_285' title='bbox 474 1700 504 1720; x_wconf 87' lang='lat' dir='ltr'><strong>se</strong></span> <span class='ocrx_word' id='word_1_286' title='bbox 526 1693 552 1719; x_wconf 90' lang='lat' dir='ltr'><strong>in</strong></span> <span class='ocrx_word' id='word_1_287' title='bbox 575 1691 655 1718; x_wconf 82' lang='lat' dir='ltr'><strong>Patre</strong></span> <span class='ocrx_word' id='word_1_288' title='bbox 675 1689 785 1725; x_wconf 88' lang='lat' dir='ltr'><strong>quidem</strong></span> <span class='ocrx_word' id='word_1_289' title='bbox 808 1695 886 1719; x_wconf 86' lang='lat' dir='ltr'><strong>esse,</strong></span> <span class='ocrx_word' id='word_1_290' title='bbox 912 1685 959 1714; x_wconf 88' lang='lat' dir='ltr'><strong>sed</strong></span> <span class='ocrx_word' id='word_1_291' title='bbox 985 1685 1086 1712; x_wconf 86' lang='lat' dir='ltr'><strong>habere</strong></span> 
     </span>
    </p>
   </div>
   <div class='ocr_carea' id='block_1_37' title="bbox 307 1732 1085 1770">
    <p class='ocr_par' dir='ltr' id='par_1_37' title="bbox 307 1732 1085 1770">
     <span class='ocr_line' id='line_1_37' title="bbox 307 1732 1085 1770; baseline -0.013 -4"><span class='ocrx_word' id='word_1_292' title='bbox 307 1739 428 1766; x_wconf 82' lang='lat' dir='ltr'><strong>vicissim</strong></span> <span class='ocrx_word' id='word_1_293' title='bbox 444 1738 552 1765; x_wconf 88' lang='lat' dir='ltr'><strong>Patrem</strong></span> <span class='ocrx_word' id='word_1_294' title='bbox 568 1738 593 1763; x_wconf 92' lang='lat' dir='ltr'><strong>in</strong></span> <span class='ocrx_word' id='word_1_295' title='bbox 608 1737 699 1770; x_wconf 84' lang='lat' dir='ltr'><strong>seipse</strong></span> <span class='ocrx_word' id='word_1_296' title='bbox 713 1735 746 1762; x_wconf 81' lang='lat'><strong>&quot;.</strong></span> <span class='ocrx_word' id='word_1_297' title='bbox 761 1734 838 1767; x_wconf 87' lang='lat' dir='ltr'><strong>Quod</strong></span> <span class='ocrx_word' id='word_1_298' title='bbox 853 1733 926 1761; x_wconf 91' lang='lat' dir='ltr'><strong>enim</strong></span> <span class='ocrx_word' id='word_1_299' title='bbox 941 1732 1085 1766; x_wconf 87' lang='lat' dir='ltr'><strong>proprium</strong></span> 
     </span>
    </p>
   </div>
   <div class='ocr_carea' id='block_1_38' title="bbox 306 1776 1087 1814">
    <p class='ocr_par' dir='ltr' id='par_1_38' title="bbox 306 1776 1087 1814">
     <span class='ocr_line' id='line_1_38' title="bbox 306 1776 1087 1814; baseline -0.013 -2"><span class='ocrx_word' id='word_1_300' title='bbox 306 1789 348 1812; x_wconf 71' lang='lat' dir='ltr'><strong>est</strong></span> <span class='ocrx_word' id='word_1_301' title='bbox 363 1784 452 1811; x_wconf 85' lang='lat' dir='ltr'><strong>Patris</strong></span> <span class='ocrx_word' id='word_1_302' title='bbox 467 1783 629 1811; x_wconf 72' lang='lat' dir='ltr'><strong>substantia:</strong></span> <span class='ocrx_word' id='word_1_303' title='bbox 644 1781 806 1809; x_wconf 84' lang='lat' dir='ltr'><strong>naturaliter</strong></span> <span class='ocrx_word' id='word_1_304' title='bbox 828 1779 981 1814; x_wconf 84' lang='lat' dir='ltr'><strong>pervadens</strong></span> <span class='ocrx_word' id='word_1_305' title='bbox 997 1778 1022 1804; x_wconf 91' lang='lat' dir='ltr'><strong>in</strong></span> <span class='ocrx_word' id='word_1_306' title='bbox 1043 1776 1087 1803; x_wconf 84' lang='lat' dir='ltr'><strong>Fi-</strong></span> 
     </span>
    </p>
   </div>
   <div class='ocr_carea' id='block_1_39' title="bbox 308 1823 1088 1863">
    <p class='ocr_par' dir='ltr' id='par_1_39' title="bbox 308 1823 1088 1863">
     <span class='ocr_line' id='line_1_39' title="bbox 308 1823 1088 1863; baseline -0.013 -5"><span class='ocrx_word' id='word_1_307' title='bbox 308 1833 373 1858; x_wconf 92' lang='lat' dir='ltr'><strong>lium</strong></span> <span class='ocrx_word' id='word_1_308' title='bbox 386 1851 393 1861; x_wconf 84' lang='lat'><strong><em>.</em></strong></span> <span class='ocrx_word' id='word_1_309' title='bbox 409 1829 531 1857; x_wconf 84' lang='lat' dir='ltr'><strong>ostendit</strong></span> <span class='ocrx_word' id='word_1_310' title='bbox 546 1830 572 1855; x_wconf 92' lang='lat' dir='ltr'><strong>in</strong></span> <span class='ocrx_word' id='word_1_311' title='bbox 590 1829 650 1863; x_wconf 91' lang='lat' dir='ltr'><strong>ipso</strong></span> <span class='ocrx_word' id='word_1_312' title='bbox 666 1827 790 1857; x_wconf 85' lang='lat' dir='ltr'><strong>Patrem,</strong></span> <span class='ocrx_word' id='word_1_313' title='bbox 808 1825 888 1852; x_wconf 83' lang='lat' dir='ltr'><strong>Pater</strong></span> <span class='ocrx_word' id='word_1_314' title='bbox 901 1828 992 1851; x_wconf 89' lang='lat' dir='ltr'><strong>autem</strong></span> <span class='ocrx_word' id='word_1_315' title='bbox 1008 1823 1088 1849; x_wconf 76' lang='lat' dir='ltr'><strong>viris-</strong></span> 
     </span>
    </p>
   </div>
   <div class='ocr_carea' id='block_1_40' title="bbox 308 1867 1089 1909">
    <p class='ocr_par' dir='ltr' id='par_1_40' title="bbox 308 1867 1089 1909">
     <span class='ocr_line' id='line_1_40' title="bbox 308 1867 1089 1909; baseline -0.015 -5"><span class='ocrx_word' id='word_1_316' title='bbox 308 1879 360 1904; x_wconf 80' lang='lat' dir='ltr'><strong>sim</strong></span> <span class='ocrx_word' id='word_1_317' title='bbox 377 1876 459 1903; x_wconf 88' lang='lat' dir='ltr'><strong>habet</strong></span> <span class='ocrx_word' id='word_1_318' title='bbox 475 1876 503 1902; x_wconf 88' lang='lat' dir='ltr'><strong>in</strong></span> <span class='ocrx_word' id='word_1_319' title='bbox 519 1875 612 1909; x_wconf 85' lang='lat' dir='ltr'><strong>seipso</strong></span> <span class='ocrx_word' id='word_1_320' title='bbox 625 1873 723 1900; x_wconf 85' lang='lat' dir='ltr'><strong>Filium</strong></span> <span class='ocrx_word' id='word_1_321' title='bbox 740 1871 819 1906; x_wconf 77' lang='lat'><strong>106</strong></span> <span class='ocrx_word' id='word_1_322' title='bbox 830 1877 877 1905; x_wconf 89' lang='lat' dir='ltr'><strong>per</strong></span> <span class='ocrx_word' id='word_1_323' title='bbox 890 1868 979 1896; x_wconf 86' lang='lat' dir='ltr'><strong>omnia</strong></span> <span class='ocrx_word' id='word_1_324' title='bbox 993 1867 1089 1902; x_wconf 51' lang='lat' dir='ltr'><strong>annali</strong></span> 
     </span>
    </p>
   </div>
   <div class='ocr_carea' id='block_1_41' title="bbox 308 1913 1091 1950">
    <p class='ocr_par' dir='ltr' id='par_1_41' title="bbox 308 1913 1091 1950">
     <span class='ocr_line' id='line_1_41' title="bbox 308 1913 1091 1950; baseline -0.015 0"><span class='ocrx_word' id='word_1_325' title='bbox 308 1921 470 1950; x_wconf 72' lang='lat' dir='ltr'><strong>substantiae</strong></span> <span class='ocrx_word' id='word_1_326' title='bbox 486 1920 628 1947; x_wconf 84' lang='lat' dir='ltr'><strong>identitate</strong></span> <span class='ocrx_word' id='word_1_327' title='bbox 642 1918 773 1945; x_wconf 86' lang='lat' dir='ltr'><strong>radicitus</strong></span> <span class='ocrx_word' id='word_1_328' title='bbox 791 1915 904 1943; x_wconf 82' lang='lat' dir='ltr'><strong>inﬁxum</strong></span> <span class='ocrx_word' id='word_1_329' title='bbox 916 1934 922 1946; x_wconf 86' lang='lat'>,</span> <span class='ocrx_word' id='word_1_330' title='bbox 940 1918 966 1941; x_wconf 86' lang='lat' dir='ltr'><strong>et</strong></span> <span class='ocrx_word' id='word_1_331' title='bbox 981 1921 1013 1941; x_wconf 84' lang='lat' dir='ltr'><strong>ex</strong></span> <span class='ocrx_word' id='word_1_332' title='bbox 1030 1913 1091 1947; x_wconf 87' lang='lat' dir='ltr'><strong>ipso</strong></span> 
     </span>
    </p>
   </div>
   <div class='ocr_carea' id='block_1_42' title="bbox 275 1959 1091 2004">
    <p class='ocr_par' dir='ltr' id='par_1_42' title="bbox 275 1959 1091 2004">
     <span class='ocr_line' id='line_1_42' title="bbox 275 1959 1091 2004; baseline -0.015 -8"><span class='ocrx_word' id='word_1_333' title='bbox 275 2002 277 2004; x_wconf 25' lang='grc' dir='ltr'><strong><em>τ</em></strong></span> <span class='ocrx_word' id='word_1_334' title='bbox 309 1968 418 2003; x_wconf 85' lang='lat' dir='ltr'><strong>quidem</strong></span> <span class='ocrx_word' id='word_1_335' title='bbox 435 1967 554 2002; x_wconf 72' lang='lat' dir='ltr'><strong>genitum</strong></span> <span class='ocrx_word' id='word_1_336' title='bbox 565 1985 573 1997; x_wconf 82' lang='lat'><strong>.</strong></span> <span class='ocrx_word' id='word_1_337' title='bbox 590 1972 644 1992; x_wconf 89' lang='lat' dir='ltr'><strong>non</strong></span> <span class='ocrx_word' id='word_1_338' title='bbox 659 1969 748 1990; x_wconf 88' lang='lat' dir='ltr'><strong>tamen</strong></span> <span class='ocrx_word' id='word_1_339' title='bbox 765 1970 812 1997; x_wconf 87' lang='lat' dir='ltr'><strong>per</strong></span> <span class='ocrx_word' id='word_1_340' title='bbox 829 1961 992 1989; x_wconf 84' lang='lat' dir='ltr'><strong>divisionem</strong></span> <span class='ocrx_word' id='word_1_341' title='bbox 1009 1959 1091 1985; x_wconf 90' lang='lat' dir='ltr'><strong>ullam</strong></span> 
     </span>
    </p>
   </div>
   <div class='ocr_carea' id='block_1_43' title="bbox 311 2007 1093 2047">
    <p class='ocr_par' dir='ltr' id='par_1_43' title="bbox 311 2007 1093 2047">
     <span class='ocr_line' id='line_1_43' title="bbox 311 2007 1093 2047; baseline -0.015 -5"><span class='ocrx_word' id='word_1_342' title='bbox 311 2016 369 2043; x_wconf 84' lang='lat' dir='ltr'><strong>sive</strong></span> <span class='ocrx_word' id='word_1_343' title='bbox 387 2014 599 2047; x_wconf 74' lang='lat' dir='ltr'><strong>disiunctionem</strong></span> <span class='ocrx_word' id='word_1_344' title='bbox 616 2011 750 2042; x_wconf 86' lang='lat' dir='ltr'><strong>iocalem,</strong></span> <span class='ocrx_word' id='word_1_345' title='bbox 772 2009 820 2037; x_wconf 91' lang='lat' dir='ltr'><strong>sed</strong></span> <span class='ocrx_word' id='word_1_346' title='bbox 839 2007 1045 2035; x_wconf 80' lang='lat' dir='ltr'><strong>inexsistentem</strong></span> <span class='ocrx_word' id='word_1_347' title='bbox 1066 2008 1093 2031; x_wconf 90' lang='lat' dir='ltr'><strong>et</strong></span> 
     </span>
    </p>
   </div>
   <div class='ocr_carea' id='block_1_44' title="bbox 315 2050 1095 2095">
    <p class='ocr_par' dir='ltr' id='par_1_44' title="bbox 315 2050 1095 2095">
     <span class='ocr_line' id='line_1_44' title="bbox 315 2050 1095 2095; baseline -0.017 -6"><span class='ocrx_word' id='word_1_348' title='bbox 315 2068 422 2095; x_wconf 86' lang='lat' dir='ltr'><strong>semper</strong></span> <span class='ocrx_word' id='word_1_349' title='bbox 437 2058 649 2086; x_wconf 79' lang='lat' dir='ltr'><strong>coexsislentem</strong></span> <span class='ocrx_word' id='word_1_350' title='bbox 664 2066 670 2083; x_wconf 94' lang='lat'>:</span> <span class='ocrx_word' id='word_1_351' title='bbox 688 2056 725 2082; x_wconf 87' lang='lat' dir='ltr'><strong>ita</strong></span> <span class='ocrx_word' id='word_1_352' title='bbox 752 2061 819 2082; x_wconf 88' lang='lat' dir='ltr'><strong>sane</strong></span> <span class='ocrx_word' id='word_1_353' title='bbox 844 2053 930 2088; x_wconf 78' lang='lat' dir='ltr'><strong>magis</strong></span> <span class='ocrx_word' id='word_1_354' title='bbox 956 2051 999 2086; x_wconf 90' lang='lat' dir='ltr'><strong>pie</strong></span> <span class='ocrx_word' id='word_1_355' title='bbox 1022 2050 1095 2077; x_wconf 86' lang='lat' dir='ltr'><strong>acci-</strong></span> 
     </span>
    </p>
   </div>
   <div class='ocr_carea' id='block_1_45' title="bbox 313 2098 1095 2141">
    <p class='ocr_par' dir='ltr' id='par_1_45' title="bbox 313 2098 1095 2141">
     <span class='ocr_line' id='line_1_45' title="bbox 313 2098 1095 2141; baseline -0.015 -8"><span class='ocrx_word' id='word_1_356' title='bbox 313 2107 420 2141; x_wconf 79' lang='lat' dir='ltr'><strong>piemus</strong></span> <span class='ocrx_word' id='word_1_357' title='bbox 435 2104 515 2136; x_wconf 79' lang='lat' dir='ltr'><strong>illud,</strong></span> <span class='ocrx_word' id='word_1_358' title='bbox 532 2104 558 2130; x_wconf 92' lang='lat' dir='ltr'><strong>in</strong></span> <span class='ocrx_word' id='word_1_359' title='bbox 579 2102 641 2130; x_wconf 87' lang='lat' dir='ltr'><strong>sinu</strong></span> <span class='ocrx_word' id='word_1_360' title='bbox 663 2101 753 2127; x_wconf 86' lang='lat' dir='ltr'><strong>Patris</strong></span> <span class='ocrx_word' id='word_1_361' title='bbox 779 2098 879 2126; x_wconf 87' lang='lat' dir='ltr'><strong>Filium</strong></span> <span class='ocrx_word' id='word_1_362' title='bbox 896 2105 958 2124; x_wconf 89' lang='lat' dir='ltr'><strong>esse</strong></span> <span class='ocrx_word' id='word_1_363' title='bbox 970 2118 977 2129; x_wconf 93' lang='lat'>,</span> <span class='ocrx_word' id='word_1_364' title='bbox 994 2103 1048 2122; x_wconf 89' lang='lat' dir='ltr'><strong>non</strong></span> <span class='ocrx_word' id='word_1_365' title='bbox 1066 2098 1095 2121; x_wconf 92' lang='lat' dir='ltr'><strong>ut</strong></span> 
     </span>
    </p>
   </div>
   <div class='ocr_carea' id='block_1_46' title="bbox 314 2140 1095 2188">
    <p class='ocr_par' dir='ltr' id='par_1_46' title="bbox 314 2140 1095 2188">
     <span class='ocr_line' id='line_1_46' title="bbox 314 2140 1095 2188; baseline -0.018 -9"><span class='ocrx_word' id='word_1_366' title='bbox 314 2140 424 2188; x_wconf 69' lang='lat' dir='ltr'><strong>quidam</strong></span> <span class='ocrx_word' id='word_1_367' title='bbox 442 2149 488 2176; x_wconf 86' lang='lat' dir='ltr'><strong>Dei</strong></span> <span class='ocrx_word' id='word_1_368' title='bbox 511 2149 604 2180; x_wconf 78' lang='lat' dir='ltr'><strong>hostes</strong></span> <span class='ocrx_word' id='word_1_369' title='bbox 626 2147 857 2180; x_wconf 87' lang='lat' dir='ltr'><strong>interpretantur,</strong></span> <span class='ocrx_word' id='word_1_370' title='bbox 881 2149 998 2177; x_wconf 91' lang='lat' dir='ltr'><strong>quorum</strong></span> <span class='ocrx_word' id='word_1_371' title='bbox 1019 2140 1095 2175; x_wconf 87' lang='lat' dir='ltr'><strong>justa</strong></span> 
     </span>
    </p>
   </div>
   <div class='ocr_carea' id='block_1_47' title="bbox 314 2191 1094 2226">
    <p class='ocr_par' dir='ltr' id='par_1_47' title="bbox 314 2191 1094 2226">
     <span class='ocr_line' id='line_1_47' title="bbox 314 2191 1094 2226; baseline -0.018 0"><span class='ocrx_word' id='word_1_372' title='bbox 314 2197 509 2226; x_wconf 86' lang='lat' dir='ltr'><strong>condemnatio</strong></span> <span class='ocrx_word' id='word_1_373' title='bbox 522 2199 583 2222; x_wconf 89' lang='lat' dir='ltr'><strong>est:</strong></span> <span class='ocrx_word' id='word_1_374' title='bbox 607 2193 699 2224; x_wconf 81' lang='lat' dir='ltr'><strong>omnia</strong></span> <span class='ocrx_word' id='word_1_375' title='bbox 721 2191 793 2218; x_wconf 87' lang='lat' dir='ltr'><strong>enim</strong></span> <span class='ocrx_word' id='word_1_376' title='bbox 818 2193 892 2216; x_wconf 78' lang='lat' dir='ltr'><strong>recta</strong></span> <span class='ocrx_word' id='word_1_377' title='bbox 916 2191 1094 2223; x_wconf 82' lang='lat' dir='ltr'><strong>pervertunt.</strong></span> 
     </span>
    </p>
   </div>
   <div class='ocr_carea' id='block_1_48' title="bbox 314 2235 1097 2280">
    <p class='ocr_par' dir='ltr' id='par_1_48' title="bbox 314 2235 1097 2280">
     <span class='ocr_line' id='line_1_48' title="bbox 314 2235 1097 2280; baseline -0.017 -9"><span class='ocrx_word' id='word_1_378' title='bbox 314 2245 392 2280; x_wconf 74' lang='lat' dir='ltr'><strong>juxta</strong></span> <span class='ocrx_word' id='word_1_379' title='bbox 408 2242 547 2278; x_wconf 76' lang='lat' dir='ltr'><strong>prophetae</strong></span> <span class='ocrx_word' id='word_1_380' title='bbox 564 2240 668 2266; x_wconf 87' lang='lat' dir='ltr'><strong>dictum</strong></span> <span class='ocrx_word' id='word_1_381' title='bbox 683 2238 705 2253; x_wconf 76' lang='lat'>&quot;</span> <span class='ocrx_word' id='word_1_382' title='bbox 716 2257 723 2269; x_wconf 85' lang='lat'><em>,</em></span> <span class='ocrx_word' id='word_1_383' title='bbox 740 2235 938 2270; x_wconf 88' lang='lat' dir='ltr'><strong>simpliciorum</strong></span> <span class='ocrx_word' id='word_1_384' title='bbox 954 2240 1038 2260; x_wconf 88' lang='lat' dir='ltr'><strong>aures</strong></span> <span class='ocrx_word' id='word_1_385' title='bbox 1054 2239 1097 2258; x_wconf 88' lang='lat' dir='ltr'><strong>se-</strong></span> 
     </span>
    </p>
   </div>
   <div class='ocr_carea' id='block_1_49' title="bbox 1120 305 1901 348">
    <p class='ocr_par' dir='ltr' id='par_1_49' title="bbox 1120 305 1901 348">
     <span class='ocr_line' id='line_1_49' title="bbox 1120 305 1901 348; baseline -0.013 -8"><span class='ocrx_word' id='word_1_386' title='bbox 1120 312 1313 348; x_wconf 82' lang='grc' dir='ltr'>Ἐπιτηρητέον</span> <span class='ocrx_word' id='word_1_387' title='bbox 1338 311 1366 337; x_wconf 82' lang='grc' dir='ltr'>δὲ</span> <span class='ocrx_word' id='word_1_388' title='bbox 1391 309 1488 342; x_wconf 79' lang='grc' dir='ltr'>πάλιν,</span> <span class='ocrx_word' id='word_1_389' title='bbox 1517 308 1557 334; x_wconf 87' lang='grc' dir='ltr'>ὅτι</span> <span class='ocrx_word' id='word_1_390' title='bbox 1589 307 1635 333; x_wconf 71' lang='grc' dir='ltr'>καὶ</span> <span class='ocrx_word' id='word_1_391' title='bbox 1664 306 1803 340; x_wconf 81' lang='grc' dir='ltr'>Μονογενῆ</span> <span class='ocrx_word' id='word_1_392' title='bbox 1833 305 1901 331; x_wconf 72' lang='grc' dir='ltr'><strong>Θεὸν</strong></span> 
     </span>
    </p>
   </div>
   <div class='ocr_carea' id='block_1_50' title="bbox 1113 350 1901 387">
    <p class='ocr_par' dir='ltr' id='par_1_50' title="bbox 1113 350 1901 387">
     <span class='ocr_line' id='line_1_50' title="bbox 1113 350 1901 387; baseline -0.013 -1"><span class='ocrx_word' id='word_1_393' title='bbox 1113 359 1245 386; x_wconf 84' lang='grc' dir='ltr'><strong>ἀποκαλεῖ</strong></span> <span class='ocrx_word' id='word_1_394' title='bbox 1265 358 1310 384; x_wconf 82' lang='grc' dir='ltr'>τὸν</span> <span class='ocrx_word' id='word_1_395' title='bbox 1325 357 1398 387; x_wconf 80' lang='grc' dir='ltr'><strong>Υἰὸν,</strong></span> <span class='ocrx_word' id='word_1_396' title='bbox 1420 356 1467 382; x_wconf 79' lang='grc' dir='ltr'>καὶ</span> <span class='ocrx_word' id='word_1_397' title='bbox 1491 356 1519 381; x_wconf 79' lang='grc' dir='ltr'><strong>ὲν</strong></span> <span class='ocrx_word' id='word_1_398' title='bbox 1535 354 1644 384; x_wconf 80' lang='grc' dir='ltr'><strong>κόλποις</strong></span> <span class='ocrx_word' id='word_1_399' title='bbox 1665 350 1733 378; x_wconf 76' lang='grc' dir='ltr'>εἶναι</span> <span class='ocrx_word' id='word_1_400' title='bbox 1761 359 1827 386; x_wconf 74' lang='grc' dir='ltr'>φησι</span> <span class='ocrx_word' id='word_1_401' title='bbox 1853 351 1901 376; x_wconf 84' lang='grc' dir='ltr'>τοῦ</span> 
     </span>
    </p>
   </div>
   <div class='ocr_carea' id='block_1_51' title="bbox 1114 396 1903 439">
    <p class='ocr_par' dir='ltr' id='par_1_51' title="bbox 1114 396 1903 439">
     <span class='ocr_line' id='line_1_51' title="bbox 1114 396 1903 439; baseline -0.011 -9"><span class='ocrx_word' id='word_1_402' title='bbox 1114 403 1230 439; x_wconf 65' lang='grc' dir='ltr'>Πατρός,</span> <span class='ocrx_word' id='word_1_403' title='bbox 1254 403 1296 429; x_wconf 79' lang='grc' dir='ltr'>ἶνα</span> <span class='ocrx_word' id='word_1_404' title='bbox 1321 402 1448 436; x_wconf 80' lang='grc' dir='ltr'>φαίνηται</span> <span class='ocrx_word' id='word_1_405' title='bbox 1468 400 1549 427; x_wconf 79' lang='grc' dir='ltr'>πάλιν</span> <span class='ocrx_word' id='word_1_406' title='bbox 1573 398 1623 432; x_wconf 80' lang='grc' dir='ltr'>τῆς</span> <span class='ocrx_word' id='word_1_407' title='bbox 1645 397 1713 433; x_wconf 79' lang='grc' dir='ltr'>πρὸς</span> <span class='ocrx_word' id='word_1_408' title='bbox 1739 397 1787 432; x_wconf 81' lang='grc' dir='ltr'>τὴν</span> <span class='ocrx_word' id='word_1_409' title='bbox 1812 396 1903 422; x_wconf 81' lang='grc' dir='ltr'>κτίσιν</span> 
     </span>
    </p>
   </div>
   <div class='ocr_carea' id='block_1_52' title="bbox 1114 440 1904 484">
    <p class='ocr_par' dir='ltr' id='par_1_52' title="bbox 1114 440 1904 484">
     <span class='ocr_line' id='line_1_52' title="bbox 1114 440 1904 484; baseline -0.014 -8"><span class='ocrx_word' id='word_1_410' title='bbox 1114 449 1247 484; x_wconf 81' lang='grc' dir='ltr'>ὁμοφυτας</span> <span class='ocrx_word' id='word_1_411' title='bbox 1264 447 1456 482; x_wconf 78' lang='grc' dir='ltr'>έξῳκισμένος,</span> <span class='ocrx_word' id='word_1_412' title='bbox 1479 445 1525 472; x_wconf 73' lang='grc' dir='ltr'>καὶ</span> <span class='ocrx_word' id='word_1_413' title='bbox 1542 443 1695 475; x_wconf 74' lang='grc' dir='ltr'><strong>ἰδιάζουσαν</strong></span> <span class='ocrx_word' id='word_1_414' title='bbox 1707 441 1776 477; x_wconf 81' lang='grc' dir='ltr'>έχων</span> <span class='ocrx_word' id='word_1_415' title='bbox 1794 441 1826 468; x_wconf 78' lang='grc' dir='ltr'>ἐκ</span> <span class='ocrx_word' id='word_1_416' title='bbox 1848 440 1904 466; x_wconf 81' lang='grc' dir='ltr'>Πα-</span> 
     </span>
    </p>
   </div>
   <div class='ocr_carea' id='block_1_53' title="bbox 1114 484 1903 531">
    <p class='ocr_par' dir='ltr' id='par_1_53' title="bbox 1114 484 1903 531">
     <span class='ocr_line' id='line_1_53' title="bbox 1114 484 1903 531; baseline -0.014 -9"><span class='ocrx_word' id='word_1_417' title='bbox 1114 496 1178 531; x_wconf 73' lang='grc' dir='ltr'>τρὸς</span> <span class='ocrx_word' id='word_1_418' title='bbox 1205 495 1252 522; x_wconf 73' lang='grc' dir='ltr'>καὶ</span> <span class='ocrx_word' id='word_1_419' title='bbox 1265 494 1293 520; x_wconf 79' lang='grc' dir='ltr'><strong>ὲν</strong></span> <span class='ocrx_word' id='word_1_420' title='bbox 1308 492 1395 527; x_wconf 80' lang='grc' dir='ltr'>Πατρὶ</span> <span class='ocrx_word' id='word_1_421' title='bbox 1407 491 1454 526; x_wconf 80' lang='grc' dir='ltr'>τὴν</span> <span class='ocrx_word' id='word_1_422' title='bbox 1474 489 1601 523; x_wconf 73' lang='grc' dir='ltr'>ὕπαρξιν.</span> <span class='ocrx_word' id='word_1_423' title='bbox 1621 488 1653 515; x_wconf 74' lang='lat' dir='ltr'><strong>Et</strong></span> <span class='ocrx_word' id='word_1_424' title='bbox 1669 487 1723 523; x_wconf 81' lang='grc' dir='ltr'><strong>γὰρ</strong></span> <span class='ocrx_word' id='word_1_425' title='bbox 1738 487 1822 517; x_wconf 73' lang='grc' dir='ltr'>ὅντως</span> <span class='ocrx_word' id='word_1_426' title='bbox 1835 484 1903 515; x_wconf 83' lang='grc' dir='ltr'>Θεός</span> 
     </span>
    </p>
   </div>
   <div class='ocr_carea' id='block_1_54' title="bbox 1116 530 1903 573">
    <p class='ocr_par' dir='ltr' id='par_1_54' title="bbox 1116 530 1903 573">
     <span class='ocr_line' id='line_1_54' title="bbox 1116 530 1903 573; baseline -0.015 -5"><span class='ocrx_word' id='word_1_427' title='bbox 1116 542 1174 568; x_wconf 77' lang='grc' dir='ltr'>ἔστι</span> <span class='ocrx_word' id='word_1_428' title='bbox 1188 538 1351 573; x_wconf 77' lang='grc' dir='ltr'>Μονογενὴς,</span> <span class='ocrx_word' id='word_1_429' title='bbox 1363 536 1422 568; x_wconf 84' lang='grc' dir='ltr'>πῶς</span> <span class='ocrx_word' id='word_1_430' title='bbox 1435 536 1485 562; x_wconf 81' lang='grc' dir='ltr'>οὐκ</span> <span class='ocrx_word' id='word_1_431' title='bbox 1499 534 1556 561; x_wconf 73' lang='grc' dir='ltr'>ἔστι</span> <span class='ocrx_word' id='word_1_432' title='bbox 1571 533 1641 561; x_wconf 78' lang='grc' dir='ltr'>κατὰ</span> <span class='ocrx_word' id='word_1_433' title='bbox 1654 533 1734 568; x_wconf 78' lang='grc' dir='ltr'>φύσιν</span> <span class='ocrx_word' id='word_1_434' title='bbox 1748 532 1854 567; x_wconf 70' lang='grc' dir='ltr'>ἔτερος,</span> <span class='ocrx_word' id='word_1_435' title='bbox 1865 530 1903 561; x_wconf 85' lang='grc' dir='ltr'>ὡς</span> 
     </span>
    </p>
   </div>
   <div class='ocr_carea' id='block_1_55' title="bbox 1118 576 1903 621">
    <p class='ocr_par' dir='ltr' id='par_1_55' title="bbox 1118 576 1903 621">
     <span class='ocr_line' id='line_1_55' title="bbox 1118 576 1903 621; baseline -0.013 -9"><span class='ocrx_word' id='word_1_436' title='bbox 1118 586 1184 621; x_wconf 75' lang='grc' dir='ltr'>πρὸς</span> <span class='ocrx_word' id='word_1_437' title='bbox 1199 584 1330 615; x_wconf 78' lang='grc' dir='ltr'><strong>ἐκείνους,</strong></span> <span class='ocrx_word' id='word_1_438' title='bbox 1349 582 1427 618; x_wconf 82' lang='grc' dir='ltr'>οἵπερ</span> <span class='ocrx_word' id='word_1_439' title='bbox 1443 581 1497 608; x_wconf 79' lang='grc' dir='ltr'><strong>εἰσὶ</strong></span> <span class='ocrx_word' id='word_1_440' title='bbox 1513 579 1581 607; x_wconf 75' lang='grc' dir='ltr'>κατὰ</span> <span class='ocrx_word' id='word_1_441' title='bbox 1595 579 1667 606; x_wconf 81' lang='grc' dir='ltr'>θέσιν</span> <span class='ocrx_word' id='word_1_442' title='bbox 1684 578 1740 605; x_wconf 77' lang='grc' dir='ltr'><strong>θεοὶ</strong></span> <span class='ocrx_word' id='word_1_443' title='bbox 1768 577 1817 604; x_wconf 72' lang='grc' dir='ltr'>καὶ</span> <span class='ocrx_word' id='word_1_444' title='bbox 1835 576 1903 608; x_wconf 84' lang='grc' dir='ltr'>υῑοί;</span> 
     </span>
    </p>
   </div>
   <div class='ocr_carea' id='block_1_56' title="bbox 1118 622 1904 666">
    <p class='ocr_par' dir='ltr' id='par_1_56' title="bbox 1118 622 1904 666">
     <span class='ocr_line' id='line_1_56' title="bbox 1118 622 1904 666; baseline -0.014 -8"><span class='ocrx_word' id='word_1_445' title='bbox 1118 631 1287 666; x_wconf 80' lang='grc' dir='ltr'>Νυηοήσεται</span> <span class='ocrx_word' id='word_1_446' title='bbox 1300 629 1353 664; x_wconf 85' lang='grc' dir='ltr'><strong>γὰρ</strong></span> <span class='ocrx_word' id='word_1_447' title='bbox 1365 629 1415 654; x_wconf 77' lang='grc' dir='ltr'>οὐκ</span> <span class='ocrx_word' id='word_1_448' title='bbox 1425 629 1453 653; x_wconf 82' lang='grc' dir='ltr'><strong>ὲν</strong></span> <span class='ocrx_word' id='word_1_449' title='bbox 1464 627 1569 657; x_wconf 83' lang='grc' dir='ltr'><strong>πολλοῖς</strong></span> <span class='ocrx_word' id='word_1_450' title='bbox 1579 625 1701 659; x_wconf 80' lang='grc' dir='ltr'><strong>ἀδελφοῖς</strong></span> <span class='ocrx_word' id='word_1_451' title='bbox 1712 625 1726 650; x_wconf 88' lang='grc' dir='ltr'><strong>ό</strong></span> <span class='ocrx_word' id='word_1_452' title='bbox 1737 622 1904 656; x_wconf 77' lang='grc' dir='ltr'>Μονογενὴς,</span> 
     </span>
    </p>
   </div>
   <div class='ocr_carea' id='block_1_57' title="bbox 1119 666 1906 711">
    <p class='ocr_par' dir='ltr' id='par_1_57' title="bbox 1119 666 1906 711">
     <span class='ocr_line' id='line_1_57' title="bbox 1119 666 1906 711; baseline -0.014 -8"><span class='ocrx_word' id='word_1_453' title='bbox 1119 677 1175 704; x_wconf 83' lang='grc' dir='ltr'><strong>ἀλλ’</strong></span> <span class='ocrx_word' id='word_1_454' title='bbox 1189 676 1227 708; x_wconf 84' lang='grc' dir='ltr'>ὡς</span> <span class='ocrx_word' id='word_1_455' title='bbox 1242 675 1321 711; x_wconf 80' lang='grc' dir='ltr'>μόνος</span> <span class='ocrx_word' id='word_1_456' title='bbox 1338 673 1375 700; x_wconf 81' lang='grc' dir='ltr'><strong>ὢν</strong></span> <span class='ocrx_word' id='word_1_457' title='bbox 1391 673 1423 700; x_wconf 85' lang='grc' dir='ltr'>ὲκ</span> <span class='ocrx_word' id='word_1_458' title='bbox 1437 671 1552 708; x_wconf 84' lang='grc' dir='ltr'>Πατρός.</span> <span class='ocrx_word' id='word_1_459' title='bbox 1575 669 1683 703; x_wconf 78' lang='grc' dir='ltr'>Ἐπειδὴ</span> <span class='ocrx_word' id='word_1_460' title='bbox 1705 668 1745 700; x_wconf 83' lang='grc' dir='ltr'><strong>δὲ,</strong></span> <span class='ocrx_word' id='word_1_461' title='bbox 1762 667 1834 694; x_wconf 82' lang='grc' dir='ltr'>κατὰ</span> <span class='ocrx_word' id='word_1_462' title='bbox 1856 666 1906 701; x_wconf 77' lang='grc' dir='ltr'>τὴν</span> 
     </span>
    </p>
   </div>
   <div class='ocr_carea' id='block_1_58' title="bbox 1120 712 1906 755">
    <p class='ocr_par' dir='ltr' id='par_1_58' title="bbox 1120 712 1906 755">
     <span class='ocr_line' id='line_1_58' title="bbox 1120 712 1906 755; baseline -0.014 -7"><span class='ocrx_word' id='word_1_463' title='bbox 1120 721 1225 748; x_wconf 81' lang='grc' dir='ltr'><strong>Παύλου</strong></span> <span class='ocrx_word' id='word_1_464' title='bbox 1242 720 1343 755; x_wconf 78' lang='grc' dir='ltr'>φωνὴν,</span> <span class='ocrx_word' id='word_1_465' title='bbox 1357 718 1460 745; x_wconf 82' lang='grc' dir='ltr'>πολλῶν</span> <span class='ocrx_word' id='word_1_466' title='bbox 1479 717 1572 746; x_wconf 69' lang='grc' dir='ltr'>όντων,</span> <span class='ocrx_word' id='word_1_467' title='bbox 1589 715 1606 749; x_wconf 81' lang='grc' dir='ltr'><strong>ἢ</strong></span> <span class='ocrx_word' id='word_1_468' title='bbox 1623 715 1669 741; x_wconf 71' lang='grc' dir='ltr'>καὶ</span> <span class='ocrx_word' id='word_1_469' title='bbox 1684 712 1906 748; x_wconf 80' lang='grc' dir='ltr'><strong>ὀνομαζομένων,</strong></span> 
     </span>
    </p>
   </div>
   <div class='ocr_carea' id='block_1_59' title="bbox 1120 758 1906 802">
    <p class='ocr_par' dir='ltr' id='par_1_59' title="bbox 1120 758 1906 802">
     <span class='ocr_line' id='line_1_59' title="bbox 1120 758 1906 802; baseline -0.015 -7"><span class='ocrx_word' id='word_1_470' title='bbox 1120 768 1149 794; x_wconf 80' lang='grc' dir='ltr'><strong>ἔν</strong></span> <span class='ocrx_word' id='word_1_471' title='bbox 1160 777 1189 794; x_wconf 87' lang='grc' dir='ltr'>τε</span> <span class='ocrx_word' id='word_1_472' title='bbox 1206 766 1312 802; x_wconf 68' lang='grc' dir='ltr'>οὐρανῷ</span> <span class='ocrx_word' id='word_1_473' title='bbox 1335 766 1382 792; x_wconf 76' lang='grc' dir='ltr'>καὶ</span> <span class='ocrx_word' id='word_1_474' title='bbox 1403 765 1449 791; x_wconf 72' lang='grc' dir='ltr'><strong>ἐπὶ</strong></span> <span class='ocrx_word' id='word_1_475' title='bbox 1464 763 1514 798; x_wconf 73' lang='grc' dir='ltr'><strong>τῆς</strong></span> <span class='ocrx_word' id='word_1_476' title='bbox 1528 763 1589 797; x_wconf 82' lang='grc' dir='ltr'>γῆς,</span> <span class='ocrx_word' id='word_1_477' title='bbox 1607 761 1661 787; x_wconf 83' lang='grc' dir='ltr'>τῶν</span> <span class='ocrx_word' id='word_1_478' title='bbox 1677 759 1745 786; x_wconf 79' lang='grc' dir='ltr'><strong>Θεῶν</strong></span> <span class='ocrx_word' id='word_1_479' title='bbox 1763 759 1829 789; x_wconf 87' lang='grc' dir='ltr'>Θεός</span> <span class='ocrx_word' id='word_1_480' title='bbox 1847 758 1906 784; x_wconf 78' lang='grc' dir='ltr'>ἐστι</span> 
     </span>
    </p>
   </div>
   <div class='ocr_carea' id='block_1_60' title="bbox 1121 803 1907 847">
    <p class='ocr_par' dir='ltr' id='par_1_60' title="bbox 1121 803 1907 847">
     <span class='ocr_line' id='line_1_60' title="bbox 1121 803 1907 847; baseline -0.015 -7"><span class='ocrx_word' id='word_1_481' title='bbox 1121 812 1288 847; x_wconf 86' lang='grc' dir='ltr'>Μονογενὴς,</span> <span class='ocrx_word' id='word_1_482' title='bbox 1300 811 1352 844; x_wconf 75' lang='grc' dir='ltr'><strong>ἔξω</strong></span> <span class='ocrx_word' id='word_1_483' title='bbox 1362 809 1480 845; x_wconf 84' lang='grc' dir='ltr'>δηλονότι</span> <span class='ocrx_word' id='word_1_484' title='bbox 1489 808 1542 835; x_wconf 74' lang='grc' dir='ltr'>τῶν</span> <span class='ocrx_word' id='word_1_485' title='bbox 1553 807 1638 834; x_wconf 74' lang='grc' dir='ltr'>ἄλλων</span> <span class='ocrx_word' id='word_1_486' title='bbox 1651 805 1781 837; x_wconf 79' lang='grc' dir='ltr'>κείσεται,</span> <span class='ocrx_word' id='word_1_487' title='bbox 1795 803 1841 830; x_wconf 75' lang='grc' dir='ltr'>καὶ</span> <span class='ocrx_word' id='word_1_488' title='bbox 1856 803 1907 828; x_wconf 81' lang='grc' dir='ltr'><strong>οὐκ</strong></span> 
     </span>
    </p>
   </div>
   <div class='ocr_carea' id='block_1_61' title="bbox 1122 849 1907 892">
    <p class='ocr_par' dir='ltr' id='par_1_61' title="bbox 1122 849 1907 892">
     <span class='ocr_line' id='line_1_61' title="bbox 1122 849 1907 892; baseline -0.018 -5"><span class='ocrx_word' id='word_1_489' title='bbox 1122 861 1150 886; x_wconf 83' lang='grc' dir='ltr'>ὲν</span> <span class='ocrx_word' id='word_1_490' title='bbox 1166 861 1221 890; x_wconf 84' lang='grc' dir='ltr'>τοῖς</span> <span class='ocrx_word' id='word_1_491' title='bbox 1235 857 1306 885; x_wconf 83' lang='grc' dir='ltr'>κατὰ</span> <span class='ocrx_word' id='word_1_492' title='bbox 1319 857 1397 892; x_wconf 84' lang='grc' dir='ltr'>χάριν</span> <span class='ocrx_word' id='word_1_493' title='bbox 1412 854 1552 887; x_wconf 77' lang='grc' dir='ltr'><strong>τετάξεται</strong></span> <span class='ocrx_word' id='word_1_494' title='bbox 1564 853 1648 884; x_wconf 80' lang='grc' dir='ltr'>θεοῖς,</span> <span class='ocrx_word' id='word_1_495' title='bbox 1666 851 1740 877; x_wconf 78' lang='grc' dir='ltr'>ἔσται</span> <span class='ocrx_word' id='word_1_496' title='bbox 1760 849 1789 876; x_wconf 76' lang='grc' dir='ltr'>δὲ</span> <span class='ocrx_word' id='word_1_497' title='bbox 1808 849 1907 884; x_wconf 78' lang='grc' dir='ltr'>μᾶλλον</span> 
     </span>
    </p>
   </div>
   <div class='ocr_carea' id='block_1_62' title="bbox 1125 893 1909 938">
    <p class='ocr_par' dir='ltr' id='par_1_62' title="bbox 1125 893 1909 938">
     <span class='ocr_line' id='line_1_62' title="bbox 1125 893 1909 938; baseline -0.015 -8"><span class='ocrx_word' id='word_1_498' title='bbox 1125 903 1194 938; x_wconf 80' lang='grc' dir='ltr'>μετὰ</span> <span class='ocrx_word' id='word_1_499' title='bbox 1213 902 1317 937; x_wconf 79' lang='grc' dir='ltr'>[ἰατρὸς</span> <span class='ocrx_word' id='word_1_500' title='bbox 1339 899 1480 935; x_wconf 76' lang='grc' dir='ltr'>ἀληθινόςι</span> <span class='ocrx_word' id='word_1_501' title='bbox 1504 897 1575 924; x_wconf 76' lang='grc' dir='ltr'>οὕτω</span> <span class='ocrx_word' id='word_1_502' title='bbox 1597 897 1651 938; x_wconf 67' lang='grc' dir='ltr'>γᾴρ</span> <span class='ocrx_word' id='word_1_503' title='bbox 1677 896 1742 930; x_wconf 79' lang='grc' dir='ltr'>ἡμῖν</span> <span class='ocrx_word' id='word_1_504' title='bbox 1765 895 1779 920; x_wconf 85' lang='grc' dir='ltr'><strong>ό</strong></span> <span class='ocrx_word' id='word_1_505' title='bbox 1801 893 1909 924; x_wconf 82' lang='grc' dir='ltr'>Παῦλος</span> 
     </span>
    </p>
   </div>
   <div class='ocr_carea' id='block_1_63' title="bbox 1089 937 1910 982">
    <p class='ocr_par' dir='ltr' id='par_1_63' title="bbox 1089 937 1910 982">
     <span class='ocr_line' id='line_1_63' title="bbox 1089 937 1910 982; baseline -0.016 -8"><span class='ocrx_word' id='word_1_506' title='bbox 1089 939 1110 969; x_wconf 74' lang='grc' dir='ltr'><strong>Β</strong></span> <span class='ocrx_word' id='word_1_507' title='bbox 1126 937 1303 982; x_wconf 82' lang='grc' dir='ltr'>συναρμόττει</span> <span class='ocrx_word' id='word_1_508' title='bbox 1316 945 1402 978; x_wconf 88' lang='grc' dir='ltr'>λέγων</span> <span class='ocrx_word' id='word_1_509' title='bbox 1415 951 1421 958; x_wconf 94' lang='grc'><strong>·</strong></span> <span class='ocrx_word' id='word_1_510' title='bbox 1440 952 1449 968; x_wconf 73' lang='grc'>1</span> <span class='ocrx_word' id='word_1_511' title='bbox 1467 939 1548 977; x_wconf 79' lang='grc' dir='ltr'><strong>Ἦμῖν</strong></span> <span class='ocrx_word' id='word_1_512' title='bbox 1561 941 1588 967; x_wconf 74' lang='grc' dir='ltr'>δὲ</span> <span class='ocrx_word' id='word_1_513' title='bbox 1603 937 1642 972; x_wconf 78' lang='grc' dir='ltr'><strong>εἷς</strong></span> <span class='ocrx_word' id='word_1_514' title='bbox 1654 939 1720 970; x_wconf 81' lang='grc' dir='ltr'><strong>Θεὸς</strong></span> <span class='ocrx_word' id='word_1_515' title='bbox 1734 939 1748 964; x_wconf 88' lang='grc' dir='ltr'>ὁ</span> <span class='ocrx_word' id='word_1_516' title='bbox 1764 938 1869 973; x_wconf 78' lang='grc' dir='ltr'>Πατὴρ,</span> <span class='ocrx_word' id='word_1_517' title='bbox 1881 937 1910 969; x_wconf 73' lang='grc' dir='ltr'><strong>ἐξ</strong></span> 
     </span>
    </p>
   </div>
   <div class='ocr_carea' id='block_1_64' title="bbox 1124 978 1912 1023">
    <p class='ocr_par' dir='ltr' id='par_1_64' title="bbox 1124 978 1912 1023">
     <span class='ocr_line' id='line_1_64' title="bbox 1124 978 1912 1023; baseline -0.015 -3"><span class='ocrx_word' id='word_1_518' title='bbox 1124 990 1155 1020; x_wconf 75' lang='grc' dir='ltr'><strong>οἶ)</strong></span> <span class='ocrx_word' id='word_1_519' title='bbox 1171 978 1317 1022; x_wconf 39' lang='grc' dir='ltr'>ταπάντα,</span> <span class='ocrx_word' id='word_1_520' title='bbox 1332 990 1378 1017; x_wconf 74' lang='grc' dir='ltr'>καὶ</span> <span class='ocrx_word' id='word_1_521' title='bbox 1396 986 1436 1021; x_wconf 74' lang='grc' dir='ltr'><strong>εἷς</strong></span> <span class='ocrx_word' id='word_1_522' title='bbox 1450 988 1552 1023; x_wconf 81' lang='grc' dir='ltr'>Κύριος</span> <span class='ocrx_word' id='word_1_523' title='bbox 1571 985 1672 1021; x_wconf 79' lang='grc' dir='ltr'>Ἰησοῦς</span> <span class='ocrx_word' id='word_1_524' title='bbox 1686 984 1813 1020; x_wconf 72' lang='grc' dir='ltr'>Χριστὸς,</span> <span class='ocrx_word' id='word_1_525' title='bbox 1831 983 1865 1009; x_wconf 74' lang='grc' dir='ltr'>δι’</span> <span class='ocrx_word' id='word_1_526' title='bbox 1879 978 1912 1008; x_wconf 74' lang='grc' dir='ltr'>οὗ</span> 
     </span>
    </p>
   </div>
   <div class='ocr_carea' id='block_1_65' title="bbox 1124 1026 1912 1068">
    <p class='ocr_par' dir='ltr' id='par_1_65' title="bbox 1124 1026 1912 1068">
     <span class='ocr_line' id='line_1_65' title="bbox 1124 1026 1912 1068; baseline -0.016 -3"><span class='ocrx_word' id='word_1_527' title='bbox 1124 1039 1159 1066; x_wconf 84' lang='grc' dir='ltr'>τὰ</span> <span class='ocrx_word' id='word_1_528' title='bbox 1175 1038 1272 1064; x_wconf 74' lang='grc' dir='ltr'>πάντα.</span> <span class='ocrx_word' id='word_1_529' title='bbox 1292 1047 1301 1062; x_wconf 76' lang='grc' dir='ltr'><strong>ι</strong></span> <span class='ocrx_word' id='word_1_530' title='bbox 1327 1035 1401 1065; x_wconf 83' lang='grc' dir='ltr'>Ἐνδς</span> <span class='ocrx_word' id='word_1_531' title='bbox 1421 1033 1474 1068; x_wconf 84' lang='grc' dir='ltr'><strong>γὰρ</strong></span> <span class='ocrx_word' id='word_1_532' title='bbox 1498 1033 1572 1063; x_wconf 70' lang='lat' dir='ltr'><strong>liv-ro;</strong></span> <span class='ocrx_word' id='word_1_533' title='bbox 1595 1029 1665 1057; x_wconf 75' lang='grc' dir='ltr'>κατὰ</span> <span class='ocrx_word' id='word_1_534' title='bbox 1685 1029 1765 1063; x_wconf 83' lang='grc' dir='ltr'>φύσιν</span> <span class='ocrx_word' id='word_1_535' title='bbox 1779 1026 1847 1054; x_wconf 88' lang='grc' dir='ltr'><strong>Θεοῦ</strong></span> <span class='ocrx_word' id='word_1_536' title='bbox 1863 1026 1912 1053; x_wconf 78' lang='grc' dir='ltr'><strong>τοῦ</strong></span> 
     </span>
    </p>
   </div>
   <div class='ocr_carea' id='block_1_66' title="bbox 1128 1072 1914 1118">
    <p class='ocr_par' dir='ltr' id='par_1_66' title="bbox 1128 1072 1914 1118">
     <span class='ocr_line' id='line_1_66' title="bbox 1128 1072 1914 1118; baseline -0.018 -7"><span class='ocrx_word' id='word_1_537' title='bbox 1128 1083 1241 1118; x_wconf 78' lang='grc' dir='ltr'>Πατρδς,</span> <span class='ocrx_word' id='word_1_538' title='bbox 1258 1082 1308 1108; x_wconf 85' lang='grc' dir='ltr'>οὐκ</span> <span class='ocrx_word' id='word_1_539' title='bbox 1330 1080 1382 1112; x_wconf 76' lang='grc' dir='ltr'><strong>ἔξω</strong></span> <span class='ocrx_word' id='word_1_540' title='bbox 1395 1079 1442 1106; x_wconf 80' lang='grc' dir='ltr'><strong>τοῦ</strong></span> <span class='ocrx_word' id='word_1_541' title='bbox 1464 1075 1533 1104; x_wconf 73' lang='grc' dir='ltr'>εἶναι</span> <span class='ocrx_word' id='word_1_542' title='bbox 1554 1076 1618 1107; x_wconf 78' lang='grc' dir='ltr'><strong>Θεὸς</strong></span> <span class='ocrx_word' id='word_1_543' title='bbox 1636 1077 1650 1102; x_wconf 83' lang='grc' dir='ltr'>ὁ</span> <span class='ocrx_word' id='word_1_544' title='bbox 1671 1075 1700 1108; x_wconf 75' lang='grc' dir='ltr'><strong>ἐξ</strong></span> <span class='ocrx_word' id='word_1_545' title='bbox 1715 1072 1797 1100; x_wconf 84' lang='grc' dir='ltr'>αὐτοῦ</span> <span class='ocrx_word' id='word_1_546' title='bbox 1813 1073 1861 1099; x_wconf 76' lang='grc' dir='ltr'>καὶ</span> <span class='ocrx_word' id='word_1_547' title='bbox 1883 1073 1914 1098; x_wconf 81' lang='grc' dir='ltr'>έν</span> 
     </span>
    </p>
   </div>
   <div class='ocr_carea' id='block_1_67' title="bbox 1127 1118 1915 1164">
    <p class='ocr_par' dir='ltr' id='par_1_67' title="bbox 1127 1118 1915 1164">
     <span class='ocr_line' id='line_1_67' title="bbox 1127 1118 1915 1164; baseline -0.018 -7"><span class='ocrx_word' id='word_1_548' title='bbox 1127 1129 1201 1164; x_wconf 88' lang='grc' dir='ltr'><strong>αὐτῷ</strong></span> <span class='ocrx_word' id='word_1_549' title='bbox 1217 1125 1291 1164; x_wconf 71' lang='grc' dir='ltr'>μενεῖ</span> <span class='ocrx_word' id='word_1_550' title='bbox 1307 1127 1403 1160; x_wconf 84' lang='grc' dir='ltr'>Λόγος,</span> <span class='ocrx_word' id='word_1_551' title='bbox 1421 1125 1454 1160; x_wconf 79' lang='grc' dir='ltr'>τῇ</span> <span class='ocrx_word' id='word_1_552' title='bbox 1470 1123 1517 1150; x_wconf 83' lang='grc' dir='ltr'>τοῦ</span> <span class='ocrx_word' id='word_1_553' title='bbox 1534 1122 1713 1157; x_wconf 80' lang='grc' dir='ltr'><strong>γεννήσαντος</strong></span> <span class='ocrx_word' id='word_1_554' title='bbox 1733 1119 1843 1154; x_wconf 74' lang='grc' dir='ltr'><strong>ἰδιότητι</strong></span> <span class='ocrx_word' id='word_1_555' title='bbox 1855 1118 1915 1144; x_wconf 65' lang='grc' dir='ltr'>διας</span> 
     </span>
    </p>
   </div>
   <div class='ocr_carea' id='block_1_68' title="bbox 1129 1164 1915 1210">
    <p class='ocr_par' dir='ltr' id='par_1_68' title="bbox 1129 1164 1915 1210">
     <span class='ocr_line' id='line_1_68' title="bbox 1129 1164 1915 1210; baseline -0.018 -8"><span class='ocrx_word' id='word_1_556' title='bbox 1129 1177 1259 1210; x_wconf 80' lang='grc' dir='ltr'><strong>πρέπων,</strong></span> <span class='ocrx_word' id='word_1_557' title='bbox 1286 1174 1333 1199; x_wconf 77' lang='grc' dir='ltr'><strong>καὶ</strong></span> <span class='ocrx_word' id='word_1_558' title='bbox 1359 1170 1495 1201; x_wconf 74' lang='grc' dir='ltr'>οὺσιωδῶς</span> <span class='ocrx_word' id='word_1_559' title='bbox 1522 1168 1590 1204; x_wconf 83' lang='grc' dir='ltr'>πρὸς</span> <span class='ocrx_word' id='word_1_560' title='bbox 1619 1167 1649 1193; x_wconf 78' lang='grc' dir='ltr'>τὸ</span> <span class='ocrx_word' id='word_1_561' title='bbox 1678 1166 1735 1192; x_wconf 84' lang='grc' dir='ltr'>ῐσον</span> <span class='ocrx_word' id='word_1_562' title='bbox 1761 1164 1915 1191; x_wconf 75' lang='grc' dir='ltr'>ἀναϐαίνων</span> 
     </span>
    </p>
   </div>
   <div class='ocr_carea' id='block_1_69' title="bbox 1129 1209 1917 1255">
    <p class='ocr_par' dir='ltr' id='par_1_69' title="bbox 1129 1209 1917 1255">
     <span class='ocr_line' id='line_1_69' title="bbox 1129 1209 1917 1255; baseline -0.016 -8"><span class='ocrx_word' id='word_1_563' title='bbox 1129 1209 1246 1255; x_wconf 68' lang='grc' dir='ltr'>ἀξίωμα,</span> <span class='ocrx_word' id='word_1_564' title='bbox 1263 1218 1333 1244; x_wconf 83' lang='grc' dir='ltr'>κατὰ</span> <span class='ocrx_word' id='word_1_565' title='bbox 1348 1225 1381 1251; x_wconf 83' lang='grc' dir='ltr'>γε</span> <span class='ocrx_word' id='word_1_566' title='bbox 1400 1216 1430 1242; x_wconf 82' lang='grc' dir='ltr'><strong>τὺ</strong></span> <span class='ocrx_word' id='word_1_567' title='bbox 1452 1213 1520 1241; x_wconf 80' lang='grc' dir='ltr'>εἶναι</span> <span class='ocrx_word' id='word_1_568' title='bbox 1536 1213 1606 1240; x_wconf 82' lang='grc' dir='ltr'>κατὰ</span> <span class='ocrx_word' id='word_1_569' title='bbox 1625 1211 1704 1246; x_wconf 75' lang='grc' dir='ltr'>φύσιν</span> <span class='ocrx_word' id='word_1_570' title='bbox 1719 1211 1795 1242; x_wconf 81' lang='grc' dir='ltr'>θεός.</span> <span class='ocrx_word' id='word_1_571' title='bbox 1812 1209 1863 1235; x_wconf 82' lang='grc' dir='ltr'><strong>Διά</strong></span> <span class='ocrx_word' id='word_1_572' title='bbox 1875 1217 1917 1234; x_wconf 82' lang='grc' dir='ltr'><strong>τοι</strong></span> 
     </span>
    </p>
   </div>
   <div class='ocr_carea' id='block_1_70' title="bbox 1128 1256 1919 1294">
    <p class='ocr_par' dir='ltr' id='par_1_70' title="bbox 1128 1256 1919 1294">
     <span class='ocr_line' id='line_1_70' title="bbox 1128 1256 1919 1294; baseline -0.016 -1"><span class='ocrx_word' id='word_1_573' title='bbox 1128 1267 1206 1293; x_wconf 75' lang='grc' dir='ltr'>τοῦτο</span> <span class='ocrx_word' id='word_1_574' title='bbox 1215 1266 1262 1292; x_wconf 71' lang='grc' dir='ltr'>καὶ</span> <span class='ocrx_word' id='word_1_575' title='bbox 1273 1265 1301 1290; x_wconf 83' lang='grc' dir='ltr'>ὲν</span> <span class='ocrx_word' id='word_1_576' title='bbox 1312 1263 1421 1294; x_wconf 79' lang='grc' dir='ltr'>κόλποις</span> <span class='ocrx_word' id='word_1_577' title='bbox 1434 1261 1514 1288; x_wconf 81' lang='grc' dir='ltr'>αὐτὸν</span> <span class='ocrx_word' id='word_1_578' title='bbox 1529 1257 1598 1286; x_wconf 73' lang='grc' dir='ltr'>εἶναι</span> <span class='ocrx_word' id='word_1_579' title='bbox 1610 1266 1676 1293; x_wconf 81' lang='grc' dir='ltr'>φησι</span> <span class='ocrx_word' id='word_1_580' title='bbox 1684 1257 1730 1284; x_wconf 81' lang='grc' dir='ltr'>τοῦ</span> <span class='ocrx_word' id='word_1_581' title='bbox 1743 1256 1861 1291; x_wconf 76' lang='grc' dir='ltr'>Πατρὺς,</span> <span class='ocrx_word' id='word_1_582' title='bbox 1873 1256 1919 1281; x_wconf 67' lang='lat' dir='ltr'><strong>Eva.</strong></span> 
     </span>
    </p>
   </div>
   <div class='ocr_carea' id='block_1_71' title="bbox 1131 1300 1915 1347">
    <p class='ocr_par' dir='ltr' id='par_1_71' title="bbox 1131 1300 1915 1347">
     <span class='ocr_line' id='line_1_71' title="bbox 1131 1300 1915 1347; baseline -0.018 -8"><span class='ocrx_word' id='word_1_583' title='bbox 1131 1313 1222 1347; x_wconf 83' lang='grc' dir='ltr'>ὲννοῇς</span> <span class='ocrx_word' id='word_1_584' title='bbox 1233 1311 1312 1337; x_wconf 81' lang='grc' dir='ltr'>πάλιν</span> <span class='ocrx_word' id='word_1_585' title='bbox 1324 1309 1354 1335; x_wconf 78' lang='grc' dir='ltr'>τὸ</span> <span class='ocrx_word' id='word_1_586' title='bbox 1368 1310 1397 1335; x_wconf 82' lang='grc' dir='ltr'><strong>ὲν</strong></span> <span class='ocrx_word' id='word_1_587' title='bbox 1410 1306 1484 1341; x_wconf 84' lang='grc' dir='ltr'><strong>αὑτῷ</strong></span> <span class='ocrx_word' id='word_1_588' title='bbox 1499 1305 1546 1332; x_wconf 68' lang='grc' dir='ltr'>καὶ</span> <span class='ocrx_word' id='word_1_589' title='bbox 1559 1304 1589 1337; x_wconf 73' lang='grc' dir='ltr'><strong>ἐξ</strong></span> <span class='ocrx_word' id='word_1_590' title='bbox 1596 1303 1677 1332; x_wconf 82' lang='grc' dir='ltr'>αὑτοῦ</span> <span class='ocrx_word' id='word_1_591' title='bbox 1687 1302 1757 1329; x_wconf 86' lang='grc' dir='ltr'>κατὰ</span> <span class='ocrx_word' id='word_1_592' title='bbox 1764 1301 1793 1327; x_wconf 71' lang='grc' dir='ltr'><strong>τὸ</strong></span> <span class='ocrx_word' id='word_1_593' title='bbox 1802 1302 1830 1327; x_wconf 80' lang='grc' dir='ltr'>ὲν</span> <span class='ocrx_word' id='word_1_594' title='bbox 1839 1300 1915 1326; x_wconf 74' lang='grc' dir='ltr'>Ψαλ-</span> 
     </span>
    </p>
   </div>
   <div class='ocr_carea' id='block_1_72' title="bbox 1133 1345 1920 1393">
    <p class='ocr_par' dir='ltr' id='par_1_72' title="bbox 1133 1345 1920 1393">
     <span class='ocr_line' id='line_1_72' title="bbox 1133 1345 1920 1393; baseline -0.018 -9"><span class='ocrx_word' id='word_1_595' title='bbox 1133 1345 1240 1393; x_wconf 41' lang='grc' dir='ltr'>μοῖς-έίρ</span> <span class='ocrx_word' id='word_1_596' title='bbox 1245 1356 1351 1390; x_wconf 72' lang='grc' dir='ltr'>ημένοψ</span> <span class='ocrx_word' id='word_1_597' title='bbox 1362 1364 1371 1379; x_wconf 69' lang='grc' dir='ltr'>ί</span> <span class='ocrx_word' id='word_1_598' title='bbox 1377 1354 1424 1380; x_wconf 84' lang='grc' dir='ltr'>Ἐκ</span> <span class='ocrx_word' id='word_1_599' title='bbox 1432 1351 1548 1386; x_wconf 79' lang='grc' dir='ltr'>γαστρὸς</span> <span class='ocrx_word' id='word_1_600' title='bbox 1554 1350 1606 1385; x_wconf 76' lang='grc' dir='ltr'><strong>πρὸ</strong></span> <span class='ocrx_word' id='word_1_601' title='bbox 1615 1348 1750 1382; x_wconf 75' lang='grc' dir='ltr'><strong>ἑωσφόρον</strong></span> <span class='ocrx_word' id='word_1_602' title='bbox 1757 1346 1831 1379; x_wconf 76' lang='grc' dir='ltr'>ὲξεγέ</span> <span class='ocrx_word' id='word_1_603' title='bbox 1836 1345 1920 1379; x_wconf 77' lang='grc' dir='ltr'><strong>ννησά</strong></span> 
     </span>
    </p>
   </div>
   <div class='ocr_carea' id='block_1_73' title="bbox 1133 1390 1921 1437">
    <p class='ocr_par' dir='ltr' id='par_1_73' title="bbox 1133 1390 1921 1437">
     <span class='ocr_line' id='line_1_73' title="bbox 1133 1390 1921 1437; baseline -0.019 -6"><span class='ocrx_word' id='word_1_604' title='bbox 1133 1390 1173 1431; x_wconf 75' lang='grc' dir='ltr'><strong>σε.</strong></span> <span class='ocrx_word' id='word_1_605' title='bbox 1187 1413 1196 1429; x_wconf 84' lang='grc'>›</span> <span class='ocrx_word' id='word_1_606' title='bbox 1208 1390 1312 1437; x_wconf 74' lang='grc' dir='ltr'>’Ὠσπερ</span> <span class='ocrx_word' id='word_1_607' title='bbox 1323 1401 1375 1436; x_wconf 84' lang='grc' dir='ltr'><strong>γὰρ</strong></span> <span class='ocrx_word' id='word_1_608' title='bbox 1386 1402 1414 1426; x_wconf 80' lang='grc' dir='ltr'><strong>ὲν</strong></span> <span class='ocrx_word' id='word_1_609' title='bbox 1429 1399 1525 1433; x_wconf 82' lang='grc' dir='ltr'>τούτῳ,</span> <span class='ocrx_word' id='word_1_610' title='bbox 1534 1397 1563 1424; x_wconf 85' lang='grc' dir='ltr'><strong>τὺ</strong></span> <span class='ocrx_word' id='word_1_611' title='bbox 1576 1396 1622 1422; x_wconf 79' lang='grc' dir='ltr'><strong>«ἐκ</strong></span> <span class='ocrx_word' id='word_1_612' title='bbox 1628 1394 1772 1429; x_wconf 56' lang='grc' dir='ltr'>γαστρόςμ</span> <span class='ocrx_word' id='word_1_613' title='bbox 1783 1392 1827 1418; x_wconf 80' lang='grc' dir='ltr'>διὰ.</span> <span class='ocrx_word' id='word_1_614' title='bbox 1837 1391 1880 1422; x_wconf 66' lang='grc' dir='ltr'>τὸ,</span> <span class='ocrx_word' id='word_1_615' title='bbox 1891 1390 1921 1422; x_wconf 73' lang='grc' dir='ltr'><strong>ἐξ</strong></span> 
     </span>
    </p>
   </div>
   <div class='ocr_carea' id='block_1_74' title="bbox 1133 1437 1921 1482">
    <p class='ocr_par' dir='ltr' id='par_1_74' title="bbox 1133 1437 1921 1482">
     <span class='ocr_line' id='line_1_74' title="bbox 1133 1437 1921 1482; baseline -0.02 -5"><span class='ocrx_word' id='word_1_616' title='bbox 1133 1449 1223 1482; x_wconf 81' lang='grc' dir='ltr'>αὐτοῦ,</span> <span class='ocrx_word' id='word_1_617' title='bbox 1244 1448 1291 1475; x_wconf 72' lang='grc' dir='ltr'>καὶ</span> <span class='ocrx_word' id='word_1_618' title='bbox 1310 1445 1428 1482; x_wconf 80' lang='grc' dir='ltr'>γνησίως</span> <span class='ocrx_word' id='word_1_619' title='bbox 1442 1444 1557 1478; x_wconf 82' lang='grc' dir='ltr'><strong>τίθησιν,</strong></span> <span class='ocrx_word' id='word_1_620' title='bbox 1572 1442 1609 1474; x_wconf 87' lang='grc' dir='ltr'>ὡς</span> <span class='ocrx_word' id='word_1_621' title='bbox 1624 1440 1653 1473; x_wconf 75' lang='grc' dir='ltr'><strong>ἐξ</strong></span> <span class='ocrx_word' id='word_1_622' title='bbox 1668 1439 1822 1475; x_wconf 83' lang='grc' dir='ltr'>ὁμοιότητος</span> <span class='ocrx_word' id='word_1_623' title='bbox 1838 1437 1921 1463; x_wconf 80' lang='grc' dir='ltr'>πάλιν</span> 
     </span>
    </p>
   </div>
   <div class='ocr_carea' id='block_1_75' title="bbox 1133 1483 1922 1530">
    <p class='ocr_par' dir='ltr' id='par_1_75' title="bbox 1133 1483 1922 1530">
     <span class='ocr_line' id='line_1_75' title="bbox 1133 1483 1922 1530; baseline -0.02 -7"><span class='ocrx_word' id='word_1_624' title='bbox 1133 1496 1183 1530; x_wconf 78' lang='grc' dir='ltr'>τῆς</span> <span class='ocrx_word' id='word_1_625' title='bbox 1198 1495 1257 1521; x_wconf 83' lang='grc' dir='ltr'>καθ’</span> <span class='ocrx_word' id='word_1_626' title='bbox 1273 1493 1364 1529; x_wconf 69' lang='grc' dir='ltr'>ἡμᾶς’</span> <span class='ocrx_word' id='word_1_627' title='bbox 1387 1491 1493 1526; x_wconf 83' lang='grc' dir='ltr'>πρόεισι</span> <span class='ocrx_word' id='word_1_628' title='bbox 1515 1489 1568 1523; x_wconf 76' lang='grc' dir='ltr'><strong>γὰρ</strong></span> <span class='ocrx_word' id='word_1_629' title='bbox 1585 1488 1618 1513; x_wconf 70' lang='grc' dir='ltr'>ἐκ</span> <span class='ocrx_word' id='word_1_630' title='bbox 1636 1485 1752 1520; x_wconf 78' lang='grc' dir='ltr'>γαστρὶις</span> <span class='ocrx_word' id='word_1_631' title='bbox 1765 1483 1799 1510; x_wconf 76' lang='grc' dir='ltr'><strong>τὰ</strong></span> <span class='ocrx_word' id='word_1_632' title='bbox 1823 1483 1853 1516; x_wconf 74' lang='grc' dir='ltr'>ἐξ</span> <span class='ocrx_word' id='word_1_633' title='bbox 1873 1483 1922 1508; x_wconf 78' lang='grc' dir='ltr'><strong>ἁν-</strong></span> 
     </span>
    </p>
   </div>
   <div class='ocr_carea' id='block_1_76' title="bbox 1136 1529 1920 1577">
    <p class='ocr_par' dir='ltr' id='par_1_76' title="bbox 1136 1529 1920 1577">
     <span class='ocr_line' id='line_1_76' title="bbox 1136 1529 1920 1577; baseline -0.02 -9"><span class='ocrx_word' id='word_1_634' title='bbox 1136 1529 1250 1577; x_wconf 82' lang='grc' dir='ltr'>θρώπων</span> <span class='ocrx_word' id='word_1_635' title='bbox 1265 1538 1420 1573; x_wconf 82' lang='grc' dir='ltr'>γεννώμενα</span> <span class='ocrx_word' id='word_1_636' title='bbox 1434 1544 1451 1564; x_wconf 66' lang='grc'><strong>⁸,</strong></span> <span class='ocrx_word' id='word_1_637' title='bbox 1471 1535 1542 1561; x_wconf 76' lang='grc' dir='ltr'>οὕτω</span> <span class='ocrx_word' id='word_1_638' title='bbox 1565 1533 1612 1560; x_wconf 72' lang='grc' dir='ltr'>καὶ</span> <span class='ocrx_word' id='word_1_639' title='bbox 1625 1533 1668 1558; x_wconf 79' lang='grc' dir='ltr'><strong>ὅτε</strong></span> <span class='ocrx_word' id='word_1_640' title='bbox 1684 1531 1714 1557; x_wconf 76' lang='grc' dir='ltr'>τὸ</span> <span class='ocrx_word' id='word_1_641' title='bbox 1741 1539 1749 1555; x_wconf 81' lang='grc' dir='ltr'><strong>ι</strong></span> <span class='ocrx_word' id='word_1_642' title='bbox 1761 1531 1789 1555; x_wconf 82' lang='grc' dir='ltr'>ὲν</span> <span class='ocrx_word' id='word_1_643' title='bbox 1803 1529 1897 1564; x_wconf 81' lang='grc' dir='ltr'>κόλπῳ</span> <span class='ocrx_word' id='word_1_644' title='bbox 1912 1537 1920 1552; x_wconf 70' lang='grc' dir='ltr'><strong>ι</strong></span> 
     </span>
    </p>
   </div>
   <div class='ocr_carea' id='block_1_77' title="bbox 1137 1573 1922 1622">
    <p class='ocr_par' dir='ltr' id='par_1_77' title="bbox 1137 1573 1922 1622">
     <span class='ocr_line' id='line_1_77' title="bbox 1137 1573 1922 1622; baseline -0.02 -8"><span class='ocrx_word' id='word_1_645' title='bbox 1137 1573 1213 1622; x_wconf 54' lang='lat' dir='ltr'><strong>(post,</strong></span> <span class='ocrx_word' id='word_1_646' title='bbox 1239 1584 1379 1621; x_wconf 75' lang='grc' dir='ltr'>μονονουχὶ</span> <span class='ocrx_word' id='word_1_647' title='bbox 1402 1581 1524 1617; x_wconf 70' lang='grc' dir='ltr'>βούλεται</span> <span class='ocrx_word' id='word_1_648' title='bbox 1541 1579 1635 1614; x_wconf 82' lang='grc' dir='ltr'>δῆλουν</span> <span class='ocrx_word' id='word_1_649' title='bbox 1654 1578 1683 1603; x_wconf 76' lang='grc' dir='ltr'>ὲν</span> <span class='ocrx_word' id='word_1_650' title='bbox 1698 1577 1731 1611; x_wconf 84' lang='grc' dir='ltr'><strong>τῇ</strong></span> <span class='ocrx_word' id='word_1_651' title='bbox 1748 1574 1794 1601; x_wconf 84' lang='grc' dir='ltr'>τοῦ</span> <span class='ocrx_word' id='word_1_652' title='bbox 1814 1573 1922 1608; x_wconf 69' lang='grc' dir='ltr'>Πατρός</span> 
     </span>
    </p>
   </div>
   <div class='ocr_carea' id='block_1_78' title="bbox 1099 1618 1925 1667">
    <p class='ocr_par' dir='ltr' id='par_1_78' title="bbox 1099 1618 1925 1667">
     <span class='ocr_line' id='line_1_78' title="bbox 1099 1618 1925 1667; baseline -0.021 -8"><span class='ocrx_word' id='word_1_653' title='bbox 1099 1619 1120 1648; x_wconf 75' lang='lat' dir='ltr'><strong><em>C</em></strong></span> <span class='ocrx_word' id='word_1_654' title='bbox 1138 1618 1213 1667; x_wconf 52' lang='grc' dir='ltr'>ντίδύῐ</span> <span class='ocrx_word' id='word_1_655' title='bbox 1239 1618 1361 1664; x_wconf 74' lang='grc' dir='ltr'>γεννώσῃ</span> <span class='ocrx_word' id='word_1_656' title='bbox 1393 1627 1440 1662; x_wconf 86' lang='grc' dir='ltr'><strong>μὲν</strong></span> <span class='ocrx_word' id='word_1_657' title='bbox 1464 1625 1509 1652; x_wconf 77' lang='grc' dir='ltr'>τὸν</span> <span class='ocrx_word' id='word_1_658' title='bbox 1528 1623 1591 1650; x_wconf 79' lang='grc' dir='ltr'>Υἱὸν</span> <span class='ocrx_word' id='word_1_659' title='bbox 1619 1619 1807 1656; x_wconf 73' lang='grc' dir='ltr'>έκφαντικῶς,</span> <span class='ocrx_word' id='word_1_660' title='bbox 1830 1618 1869 1648; x_wconf 77' lang='grc' dir='ltr'><strong>ὡς</strong></span> <span class='ocrx_word' id='word_1_661' title='bbox 1897 1619 1925 1643; x_wconf 81' lang='grc' dir='ltr'>ὲν</span> 
     </span>
    </p>
   </div>
   <div class='ocr_carea' id='block_1_79' title="bbox 1140 1663 1925 1711">
    <p class='ocr_par' dir='ltr' id='par_1_79' title="bbox 1140 1663 1925 1711">
     <span class='ocr_line' id='line_1_79' title="bbox 1140 1663 1925 1711; baseline -0.02 -7"><span class='ocrx_word' id='word_1_662' title='bbox 1140 1663 1272 1711; x_wconf 46' lang='lat' dir='ltr'><strong>magesi</strong></span> <span class='ocrx_word' id='word_1_663' title='bbox 1283 1673 1438 1709; x_wconf 78' lang='grc' dir='ltr'><strong>θεοπρεπεῖ,</strong></span> <span class='ocrx_word' id='word_1_664' title='bbox 1450 1671 1496 1697; x_wconf 75' lang='grc' dir='ltr'>καὶ</span> <span class='ocrx_word' id='word_1_665' title='bbox 1509 1670 1619 1704; x_wconf 74' lang='grc' dir='ltr'>ἀρρήτῳ</span> <span class='ocrx_word' id='word_1_666' title='bbox 1629 1667 1683 1694; x_wconf 75' lang='grc' dir='ltr'>τινὶ</span> <span class='ocrx_word' id='word_1_667' title='bbox 1693 1665 1797 1701; x_wconf 78' lang='grc' dir='ltr'>προόδῳ</span> <span class='ocrx_word' id='word_1_668' title='bbox 1808 1665 1842 1698; x_wconf 84' lang='grc' dir='ltr'><strong>τῇ</strong></span> <span class='ocrx_word' id='word_1_669' title='bbox 1857 1663 1925 1698; x_wconf 79' lang='grc' dir='ltr'>πρὺ;</span> 
     </span>
    </p>
   </div>
   <div class='ocr_carea' id='block_1_80' title="bbox 1143 1709 1926 1753">
    <p class='ocr_par' dir='ltr' id='par_1_80' title="bbox 1143 1709 1926 1753">
     <span class='ocr_line' id='line_1_80' title="bbox 1143 1709 1926 1753; baseline -0.022 -3"><span class='ocrx_word' id='word_1_670' title='bbox 1143 1709 1214 1750; x_wconf 30' lang='grc' dir='ltr'>ἰδίαν.</span> <span class='ocrx_word' id='word_1_671' title='bbox 1226 1709 1384 1750; x_wconf 66' lang='grc' dir='ltr'>ὖπόστασιν,</span> <span class='ocrx_word' id='word_1_672' title='bbox 1395 1717 1493 1753; x_wconf 71' lang='grc' dir='ltr'><strong>ἐχούσῃ</strong></span> <span class='ocrx_word' id='word_1_673' title='bbox 1507 1716 1535 1742; x_wconf 76' lang='grc' dir='ltr'>δὲ</span> <span class='ocrx_word' id='word_1_674' title='bbox 1547 1715 1626 1741; x_wconf 79' lang='grc' dir='ltr'>πάλιν</span> <span class='ocrx_word' id='word_1_675' title='bbox 1637 1712 1727 1744; x_wconf 81' lang='grc' dir='ltr'>αὐτὸν,</span> <span class='ocrx_word' id='word_1_676' title='bbox 1738 1711 1799 1737; x_wconf 70' lang='grc' dir='ltr'><strong>ἐπεὶ</strong></span> <span class='ocrx_word' id='word_1_677' title='bbox 1809 1710 1847 1744; x_wconf 79' lang='grc' dir='ltr'>μὴ</span> <span class='ocrx_word' id='word_1_678' title='bbox 1857 1709 1926 1734; x_wconf 69' lang='grc' dir='ltr'>κατὰ</span> 
     </span>
    </p>
   </div>
   <div class='ocr_carea' id='block_1_81' title="bbox 1142 1755 1927 1802">
    <p class='ocr_par' dir='ltr' id='par_1_81' title="bbox 1142 1755 1927 1802">
     <span class='ocr_line' id='line_1_81' title="bbox 1142 1755 1927 1802; baseline -0.022 -6"><span class='ocrx_word' id='word_1_679' title='bbox 1142 1767 1293 1802; x_wconf 78' lang='grc' dir='ltr'>ἀποκοπὴν,</span> <span class='ocrx_word' id='word_1_680' title='bbox 1304 1767 1364 1801; x_wconf 76' lang='grc' dir='ltr'>ἦτοι</span> <span class='ocrx_word' id='word_1_681' title='bbox 1382 1763 1513 1799; x_wconf 76' lang='grc' dir='ltr'>μερισμὸν</span> <span class='ocrx_word' id='word_1_682' title='bbox 1522 1761 1567 1787; x_wconf 82' lang='grc' dir='ltr'>τὸν</span> <span class='ocrx_word' id='word_1_683' title='bbox 1580 1759 1650 1786; x_wconf 74' lang='grc' dir='ltr'>κατὰ</span> <span class='ocrx_word' id='word_1_684' title='bbox 1663 1758 1755 1793; x_wconf 84' lang='grc' dir='ltr'>σῶμα,</span> <span class='ocrx_word' id='word_1_685' title='bbox 1769 1757 1799 1783; x_wconf 80' lang='grc' dir='ltr'><strong>τὸ</strong></span> <span class='ocrx_word' id='word_1_686' title='bbox 1813 1756 1884 1782; x_wconf 80' lang='grc' dir='ltr'>θεῖον</span> <span class='ocrx_word' id='word_1_687' title='bbox 1896 1755 1927 1780; x_wconf 83' lang='grc' dir='ltr'>ἐκ</span> 
     </span>
    </p>
   </div>
   <div class='ocr_carea' id='block_1_82' title="bbox 1143 1802 1926 1850">
    <p class='ocr_par' dir='ltr' id='par_1_82' title="bbox 1143 1802 1926 1850">
     <span class='ocr_line' id='line_1_82' title="bbox 1143 1802 1926 1850; baseline -0.022 -9"><span class='ocrx_word' id='word_1_688' title='bbox 1143 1815 1247 1850; x_wconf 84' lang='grc' dir='ltr'>Πατρδς</span> <span class='ocrx_word' id='word_1_689' title='bbox 1254 1810 1389 1848; x_wconf 74' lang='grc' dir='ltr'>προέκοψε</span> <span class='ocrx_word' id='word_1_690' title='bbox 1398 1810 1519 1844; x_wconf 80' lang='grc' dir='ltr'><strong>γέννημα</strong></span> <span class='ocrx_word' id='word_1_691' title='bbox 1530 1815 1536 1821; x_wconf 92' lang='grc'>·</span> <span class='ocrx_word' id='word_1_692' title='bbox 1552 1807 1598 1834; x_wconf 74' lang='grc' dir='ltr'>καὶ</span> <span class='ocrx_word' id='word_1_693' title='bbox 1606 1805 1669 1840; x_wconf 83' lang='grc' dir='ltr'>γοῦν</span> <span class='ocrx_word' id='word_1_694' title='bbox 1678 1805 1692 1830; x_wconf 88' lang='grc' dir='ltr'><strong>ὁ</strong></span> <span class='ocrx_word' id='word_1_695' title='bbox 1702 1803 1764 1834; x_wconf 80' lang='grc' dir='ltr'>Υἱός</span> <span class='ocrx_word' id='word_1_696' title='bbox 1773 1802 1824 1828; x_wconf 80' lang='grc' dir='ltr'><strong>πού</strong></span> <span class='ocrx_word' id='word_1_697' title='bbox 1834 1809 1926 1835; x_wconf 74' lang='grc' dir='ltr'>φησιν,</span> 
     </span>
    </p>
   </div>
   <div class='ocr_carea' id='block_1_83' title="bbox 1143 1844 1928 1894">
    <p class='ocr_par' dir='ltr' id='par_1_83' title="bbox 1143 1844 1928 1894">
     <span class='ocr_line' id='line_1_83' title="bbox 1143 1844 1928 1894; baseline -0.023 -7"><span class='ocrx_word' id='word_1_698' title='bbox 1143 1861 1180 1892; x_wconf 80' lang='grc' dir='ltr'>ὡς</span> <span class='ocrx_word' id='word_1_699' title='bbox 1191 1844 1298 1894; x_wconf 16' lang='grc' dir='ltr'><strong>ε’ἵηγμέν</strong></span> <span class='ocrx_word' id='word_1_700' title='bbox 1311 1844 1389 1886; x_wconf 68' lang='grc' dir='ltr'>αὑτός</span> <span class='ocrx_word' id='word_1_701' title='bbox 1401 1856 1428 1881; x_wconf 84' lang='grc' dir='ltr'><strong>ὲν</strong></span> <span class='ocrx_word' id='word_1_702' title='bbox 1444 1853 1540 1888; x_wconf 70' lang='grc' dir='ltr'>Πατρὶ,</span> <span class='ocrx_word' id='word_1_703' title='bbox 1554 1852 1609 1886; x_wconf 81' lang='grc' dir='ltr'>έχοι</span> <span class='ocrx_word' id='word_1_704' title='bbox 1621 1850 1642 1878; x_wconf 85' lang='grc' dir='ltr'>δ’</span> <span class='ocrx_word' id='word_1_705' title='bbox 1657 1847 1689 1876; x_wconf 77' lang='grc' dir='ltr'>αὖ</span> <span class='ocrx_word' id='word_1_706' title='bbox 1705 1848 1785 1874; x_wconf 80' lang='grc' dir='ltr'>πάλιν</span> <span class='ocrx_word' id='word_1_707' title='bbox 1801 1848 1829 1872; x_wconf 76' lang='grc' dir='ltr'><strong>ὲν</strong></span> <span class='ocrx_word' id='word_1_708' title='bbox 1842 1844 1928 1879; x_wconf 78' lang='grc' dir='ltr'>ἐαυτῷ</span> 
     </span>
    </p>
   </div>
   <div class='ocr_carea' id='block_1_84' title="bbox 1145 1891 1928 1938">
    <p class='ocr_par' dir='ltr' id='par_1_84' title="bbox 1145 1891 1928 1938">
     <span class='ocr_line' id='line_1_84' title="bbox 1145 1891 1928 1938; baseline -0.022 -5"><span class='ocrx_word' id='word_1_709' title='bbox 1145 1891 1189 1933; x_wconf 55' lang='grc' dir='ltr'><strong>τόν</strong></span> <span class='ocrx_word' id='word_1_710' title='bbox 1207 1891 1332 1938; x_wconf 61' lang='grc' dir='ltr'>Πατέρω</span> <span class='ocrx_word' id='word_1_711' title='bbox 1357 1901 1388 1927; x_wconf 79' lang='grc' dir='ltr'>τὸ</span> <span class='ocrx_word' id='word_1_712' title='bbox 1404 1900 1457 1935; x_wconf 71' lang='grc' dir='ltr'><strong>γὰρ</strong></span> <span class='ocrx_word' id='word_1_713' title='bbox 1471 1899 1536 1925; x_wconf 84' lang='grc' dir='ltr'>ῐδιον</span> <span class='ocrx_word' id='word_1_714' title='bbox 1551 1897 1618 1924; x_wconf 78' lang='grc' dir='ltr'>αὐτὸ</span> <span class='ocrx_word' id='word_1_715' title='bbox 1633 1896 1683 1930; x_wconf 80' lang='grc' dir='ltr'>τῆς</span> <span class='ocrx_word' id='word_1_716' title='bbox 1694 1894 1740 1920; x_wconf 79' lang='grc' dir='ltr'>τοῦ</span> <span class='ocrx_word' id='word_1_717' title='bbox 1757 1892 1865 1927; x_wconf 69' lang='grc' dir='ltr'>Πατρός</span> <span class='ocrx_word' id='word_1_718' title='bbox 1883 1891 1928 1917; x_wconf 67' lang='grc' dir='ltr'><strong>οὺ-</strong></span> 
     </span>
    </p>
   </div>
   <div class='ocr_carea' id='block_1_85' title="bbox 1147 1936 1929 1983">
    <p class='ocr_par' dir='ltr' id='par_1_85' title="bbox 1147 1936 1929 1983">
     <span class='ocr_line' id='line_1_85' title="bbox 1147 1936 1929 1983; baseline -0.022 -7"><span class='ocrx_word' id='word_1_719' title='bbox 1147 1951 1204 1980; x_wconf 80' lang='grc' dir='ltr'>σὶας</span> <span class='ocrx_word' id='word_1_720' title='bbox 1223 1947 1343 1983; x_wconf 75' lang='grc' dir='ltr'>φυσικῶς</span> <span class='ocrx_word' id='word_1_721' title='bbox 1358 1945 1450 1980; x_wconf 84' lang='grc' dir='ltr'>διῆκον</span> <span class='ocrx_word' id='word_1_722' title='bbox 1469 1944 1507 1975; x_wconf 77' lang='grc' dir='ltr'><strong>εἰς</strong></span> <span class='ocrx_word' id='word_1_723' title='bbox 1525 1941 1570 1968; x_wconf 73' lang='grc' dir='ltr'><strong>τὸν</strong></span> <span class='ocrx_word' id='word_1_724' title='bbox 1589 1940 1663 1971; x_wconf 79' lang='grc' dir='ltr'>Υίὺν,</span> <span class='ocrx_word' id='word_1_725' title='bbox 1681 1939 1710 1964; x_wconf 80' lang='grc' dir='ltr'>ὲν</span> <span class='ocrx_word' id='word_1_726' title='bbox 1725 1936 1799 1971; x_wconf 79' lang='grc' dir='ltr'>αὐτῷ</span> <span class='ocrx_word' id='word_1_727' title='bbox 1809 1936 1929 1962; x_wconf 68' lang='grc' dir='ltr'>δείκνυσι</span> 
     </span>
    </p>
   </div>
   <div class='ocr_carea' id='block_1_86' title="bbox 1145 1977 1930 2026">
    <p class='ocr_par' dir='ltr' id='par_1_86' title="bbox 1145 1977 1930 2026">
     <span class='ocr_line' id='line_1_86' title="bbox 1145 1977 1930 2026; baseline -0.022 -6"><span class='ocrx_word' id='word_1_728' title='bbox 1145 1977 1203 2020; x_wconf 47' lang='grc' dir='ltr'>τὸν.</span> <span class='ocrx_word' id='word_1_729' title='bbox 1218 1977 1325 2026; x_wconf 61' lang='grc' dir='ltr'>Ιίατέρα</span> <span class='ocrx_word' id='word_1_730' title='bbox 1339 1997 1345 2004; x_wconf 91' lang='grc'><strong>·</strong></span> <span class='ocrx_word' id='word_1_731' title='bbox 1372 1977 1427 2023; x_wconf 47' lang='grc' dir='ltr'><strong>ἕέει</strong></span> <span class='ocrx_word' id='word_1_732' title='bbox 1450 1987 1471 2013; x_wconf 71' lang='grc' dir='ltr'>δ’</span> <span class='ocrx_word' id='word_1_733' title='bbox 1489 1983 1522 2013; x_wconf 82' lang='grc' dir='ltr'>αὖ</span> <span class='ocrx_word' id='word_1_734' title='bbox 1544 1985 1625 2012; x_wconf 79' lang='grc' dir='ltr'>πάλιν</span> <span class='ocrx_word' id='word_1_735' title='bbox 1647 1985 1661 2010; x_wconf 80' lang='grc' dir='ltr'>ὁ</span> <span class='ocrx_word' id='word_1_736' title='bbox 1677 1982 1770 2016; x_wconf 86' lang='grc' dir='ltr'>Πατὴρ</span> <span class='ocrx_word' id='word_1_737' title='bbox 1796 1981 1826 2006; x_wconf 84' lang='grc' dir='ltr'>ἑν</span> <span class='ocrx_word' id='word_1_738' title='bbox 1842 1977 1930 2012; x_wconf 78' lang='grc' dir='ltr'>ἑαυτῷ</span> 
     </span>
    </p>
   </div>
   <div class='ocr_carea' id='block_1_87' title="bbox 1146 2021 1930 2068">
    <p class='ocr_par' dir='ltr' id='par_1_87' title="bbox 1146 2021 1930 2068">
     <span class='ocr_line' id='line_1_87' title="bbox 1146 2021 1930 2068; baseline -0.023 -4"><span class='ocrx_word' id='word_1_739' title='bbox 1146 2038 1191 2064; x_wconf 71' lang='grc' dir='ltr'>τὸν</span> <span class='ocrx_word' id='word_1_740' title='bbox 1211 2036 1272 2062; x_wconf 80' lang='grc' dir='ltr'>Υἱὺν</span> <span class='ocrx_word' id='word_1_741' title='bbox 1287 2021 1489 2068; x_wconf 74' lang='grc' dir='ltr'>όιπαραλλάκτῳ</span> <span class='ocrx_word' id='word_1_742' title='bbox 1504 2030 1554 2064; x_wconf 82' lang='grc' dir='ltr'>τῆς</span> <span class='ocrx_word' id='word_1_743' title='bbox 1572 2028 1664 2059; x_wconf 76' lang='grc' dir='ltr'>οὐσίας</span> <span class='ocrx_word' id='word_1_744' title='bbox 1684 2025 1828 2058; x_wconf 81' lang='grc' dir='ltr'>ταυτότητι</span> <span class='ocrx_word' id='word_1_745' title='bbox 1844 2021 1930 2068; x_wconf 48' lang='grc' dir='ltr'>ῥιζούῖ</span> 
     </span>
    </p>
   </div>
   <div class='ocr_carea' id='block_1_88' title="bbox 1149 2064 1930 2116">
    <p class='ocr_par' dir='ltr' id='par_1_88' title="bbox 1149 2064 1930 2116">
     <span class='ocr_line' id='line_1_88' title="bbox 1149 2064 1930 2116; baseline -0.022 -9"><span class='ocrx_word' id='word_1_746' title='bbox 1149 2088 1228 2116; x_wconf 82' lang='grc' dir='ltr'>μενον</span> <span class='ocrx_word' id='word_1_747' title='bbox 1240 2100 1246 2111; x_wconf 84' lang='grc'><em>,</em></span> <span class='ocrx_word' id='word_1_748' title='bbox 1271 2077 1319 2104; x_wconf 71' lang='grc' dir='ltr'>καὶ</span> <span class='ocrx_word' id='word_1_749' title='bbox 1341 2075 1514 2109; x_wconf 74' lang='grc' dir='ltr'><strong>ἐκπεφυκότα</strong></span> <span class='ocrx_word' id='word_1_750' title='bbox 1532 2073 1580 2108; x_wconf 78' lang='grc' dir='ltr'>μὲν</span> <span class='ocrx_word' id='word_1_751' title='bbox 1598 2071 1634 2103; x_wconf 83' lang='grc' dir='ltr'><strong>ὡς</strong></span> <span class='ocrx_word' id='word_1_752' title='bbox 1652 2070 1681 2102; x_wconf 72' lang='grc' dir='ltr'>ἐξ</span> <span class='ocrx_word' id='word_1_753' title='bbox 1696 2068 1777 2096; x_wconf 81' lang='grc' dir='ltr'>αὑτοῦ</span> <span class='ocrx_word' id='word_1_754' title='bbox 1788 2089 1795 2100; x_wconf 90' lang='grc'><em>,</em></span> <span class='ocrx_word' id='word_1_755' title='bbox 1820 2066 1890 2101; x_wconf 81' lang='grc' dir='ltr'>πλὴν</span> <span class='ocrx_word' id='word_1_756' title='bbox 1903 2064 1930 2091; x_wconf 78' lang='grc' dir='ltr'>οὐ</span> 
     </span>
    </p>
   </div>
   <div class='ocr_carea' id='block_1_89' title="bbox 1148 2110 1931 2156">
    <p class='ocr_par' dir='ltr' id='par_1_89' title="bbox 1148 2110 1931 2156">
     <span class='ocr_line' id='line_1_89' title="bbox 1148 2110 1931 2156; baseline -0.019 -6"><span class='ocrx_word' id='word_1_757' title='bbox 1148 2110 1219 2150; x_wconf 62' lang='grc' dir='ltr'>κατὰ</span> <span class='ocrx_word' id='word_1_758' title='bbox 1236 2119 1378 2156; x_wconf 80' lang='grc' dir='ltr'>μερισμόν,</span> <span class='ocrx_word' id='word_1_759' title='bbox 1394 2119 1410 2154; x_wconf 82' lang='grc' dir='ltr'>ἢ</span> <span class='ocrx_word' id='word_1_760' title='bbox 1427 2118 1565 2144; x_wconf 79' lang='grc' dir='ltr'>διάστασιν</span> <span class='ocrx_word' id='word_1_761' title='bbox 1586 2114 1712 2149; x_wconf 79' lang='grc' dir='ltr'>τοπικὴν,</span> <span class='ocrx_word' id='word_1_762' title='bbox 1736 2112 1792 2139; x_wconf 75' lang='grc' dir='ltr'><strong>ἀλλ’</strong></span> <span class='ocrx_word' id='word_1_763' title='bbox 1814 2110 1931 2143; x_wconf 80' lang='grc' dir='ltr'>ἐνυπάρ-</span> 
     </span>
    </p>
   </div>
   <div class='ocr_carea' id='block_1_90' title="bbox 1149 2153 1932 2202">
    <p class='ocr_par' dir='ltr' id='par_1_90' title="bbox 1149 2153 1932 2202">
     <span class='ocr_line' id='line_1_90' title="bbox 1149 2153 1932 2202; baseline -0.02 -9"><span class='ocrx_word' id='word_1_764' title='bbox 1149 2167 1229 2202; x_wconf 80' lang='grc' dir='ltr'>χοντά.</span> <span class='ocrx_word' id='word_1_765' title='bbox 1250 2174 1279 2191; x_wconf 75' lang='grc' dir='ltr'>τε</span> <span class='ocrx_word' id='word_1_766' title='bbox 1302 2164 1348 2191; x_wconf 72' lang='grc' dir='ltr'>καὶ</span> <span class='ocrx_word' id='word_1_767' title='bbox 1371 2163 1414 2189; x_wconf 74' lang='grc' dir='ltr'><strong>ἀεὶ</strong></span> <span class='ocrx_word' id='word_1_768' title='bbox 1439 2161 1662 2195; x_wconf 76' lang='grc' dir='ltr'>συνυπάρχοντα’</span> <span class='ocrx_word' id='word_1_769' title='bbox 1686 2157 1757 2183; x_wconf 71' lang='grc' dir='ltr'>οὕτω</span> <span class='ocrx_word' id='word_1_770' title='bbox 1782 2155 1816 2190; x_wconf 83' lang='grc' dir='ltr'>δὴ</span> <span class='ocrx_word' id='word_1_771' title='bbox 1835 2153 1932 2189; x_wconf 70' lang='grc' dir='ltr'>μᾶλλον</span> 
     </span>
    </p>
   </div>
   <div class='ocr_carea' id='block_1_91' title="bbox 1150 2196 1933 2240">
    <p class='ocr_par' dir='ltr' id='par_1_91' title="bbox 1150 2196 1933 2240">
     <span class='ocr_line' id='line_1_91' title="bbox 1150 2196 1933 2240; baseline -0.019 -3"><span class='ocrx_word' id='word_1_772' title='bbox 1150 2209 1267 2240; x_wconf 70' lang='grc' dir='ltr'><strong>εὐσεϐῶς</strong></span> <span class='ocrx_word' id='word_1_773' title='bbox 1287 2208 1316 2234; x_wconf 84' lang='grc' dir='ltr'>τὸ</span> <span class='ocrx_word' id='word_1_774' title='bbox 1335 2208 1364 2233; x_wconf 78' lang='grc' dir='ltr'>ἐν</span> <span class='ocrx_word' id='word_1_775' title='bbox 1378 2206 1489 2236; x_wconf 80' lang='grc' dir='ltr'>κόλποις</span> <span class='ocrx_word' id='word_1_776' title='bbox 1506 2202 1574 2231; x_wconf 80' lang='grc' dir='ltr'>εἶναι</span> <span class='ocrx_word' id='word_1_777' title='bbox 1594 2202 1640 2228; x_wconf 78' lang='grc' dir='ltr'>τοῦ</span> <span class='ocrx_word' id='word_1_778' title='bbox 1656 2200 1762 2235; x_wconf 65' lang='grc' dir='ltr'>Πατρὸς</span> <span class='ocrx_word' id='word_1_779' title='bbox 1783 2196 1933 2232; x_wconf 75' lang='grc' dir='ltr'>παραδεξό-</span> 
     </span>
    </p>
   </div>
   <div class='ocr_carea' id='block_1_92' title="bbox 1153 2239 1934 2289">
    <p class='ocr_par' dir='ltr' id='par_1_92' title="bbox 1153 2239 1934 2289">
     <span class='ocr_line' id='line_1_92' title="bbox 1153 2239 1934 2289; baseline -0.019 -9"><span class='ocrx_word' id='word_1_780' title='bbox 1153 2254 1221 2289; x_wconf 80' lang='grc' dir='ltr'>μεθα</span> <span class='ocrx_word' id='word_1_781' title='bbox 1243 2252 1288 2279; x_wconf 80' lang='grc' dir='ltr'>τὸν</span> <span class='ocrx_word' id='word_1_782' title='bbox 1311 2251 1383 2283; x_wconf 77' lang='grc' dir='ltr'>Υίὸν,</span> <span class='ocrx_word' id='word_1_783' title='bbox 1406 2250 1435 2276; x_wconf 81' lang='grc' dir='ltr'>οὐ</span> <span class='ocrx_word' id='word_1_784' title='bbox 1460 2248 1584 2280; x_wconf 77' lang='grc' dir='ltr'>καθάπερ</span> <span class='ocrx_word' id='word_1_785' title='bbox 1608 2242 1765 2279; x_wconf 73' lang='grc' dir='ltr'>ἐξειλήφασῐ</span> <span class='ocrx_word' id='word_1_786' title='bbox 1789 2250 1862 2272; x_wconf 76' lang='grc' dir='ltr'>τινες</span> <span class='ocrx_word' id='word_1_787' title='bbox 1885 2239 1934 2266; x_wconf 80' lang='grc' dir='ltr'>τῶν</span> 
     </span>
    </p>
   </div>
   <div class='ocr_carea' id='block_1_93' title="bbox 316 2277 1084 2332">
    <p class='ocr_par' dir='ltr' id='par_1_93' title="bbox 316 2277 1081 2320">
     <span class='ocr_line' id='line_1_93' title="bbox 316 2277 1081 2320; baseline -0.018 -3"><span class='ocrx_word' id='word_1_788' title='bbox 316 2277 465 2320; x_wconf 77' lang='lat' dir='ltr'><strong>ducentes,</strong></span> <span class='ocrx_word' id='word_1_789' title='bbox 481 2292 507 2314; x_wconf 88' lang='lat' dir='ltr'><strong>et</strong></span> <span class='ocrx_word' id='word_1_790' title='bbox 523 2291 623 2313; x_wconf 90' lang='lat' dir='ltr'><strong>temere</strong></span> <span class='ocrx_word' id='word_1_791' title='bbox 636 2285 662 2310; x_wconf 91' lang='lat' dir='ltr'><strong>in</strong></span> <span class='ocrx_word' id='word_1_792' title='bbox 679 2283 776 2310; x_wconf 80' lang='lat' dir='ltr'><strong>fratres</strong></span> <span class='ocrx_word' id='word_1_793' title='bbox 793 2285 937 2315; x_wconf 87' lang='lat' dir='ltr'><strong>peccantes</strong></span> <span class='ocrx_word' id='word_1_794' title='bbox 949 2298 956 2310; x_wconf 89' lang='lat'>,</span> <span class='ocrx_word' id='word_1_795' title='bbox 972 2285 1023 2313; x_wconf 88' lang='lat' dir='ltr'><strong>pro</strong></span> <span class='ocrx_word' id='word_1_796' title='bbox 1037 2277 1081 2312; x_wconf 92' lang='lat' dir='ltr'><strong>qui</strong></span> 
     </span>
    </p>
   </div>
   <div class='ocr_carea' id='block_1_94' title="bbox 1136 2277 1933 2332">
    <p class='ocr_par' dir='ltr' id='par_1_94' title="bbox 1136 2277 1933 2332">
     <span class='ocr_line' id='line_1_94' title="bbox 1136 2277 1933 2332; baseline -0.02 -7"><span class='ocrx_word' id='word_1_797' title='bbox 1317 2277 1488 2329; x_wconf 75' lang='grc' dir='ltr'><strong>εἰθισμένων,</strong></span> <span class='ocrx_word' id='word_1_798' title='bbox 1506 2288 1542 2317; x_wconf 83' lang='grc' dir='ltr'>ὧν</span> <span class='ocrx_word' id='word_1_799' title='bbox 1565 2277 1594 2316; x_wconf 75' lang='grc' dir='ltr'>τὸ</span> <span class='ocrx_word' id='word_1_800' title='bbox 1618 2277 1710 2323; x_wconf 78' lang='grc' dir='ltr'>κρῖμα</span> <span class='ocrx_word' id='word_1_801' title='bbox 1728 2286 1831 2313; x_wconf 78' lang='grc' dir='ltr'>ἔνδικόν</span> <span class='ocrx_word' id='word_1_802' title='bbox 1857 2286 1914 2310; x_wconf 76' lang='grc' dir='ltr'>ἐστι</span> <span class='ocrx_word' id='word_1_803' title='bbox 1927 2291 1933 2297; x_wconf 85' lang='grc'><strong><em>“</em></strong></span> 
     </span>
    </p>
   </div>
   <div class='ocr_carea' id='block_1_95' title="bbox 317 2322 1100 2362">
    <p class='ocr_par' dir='ltr' id='par_1_95' title="bbox 317 2322 1100 2362">
     <span class='ocr_line' id='line_1_95' title="bbox 317 2322 1100 2362; baseline -0.018 0"><span class='ocrx_word' id='word_1_804' title='bbox 317 2336 369 2362; x_wconf 84' lang='lat' dir='ltr'><strong>bus</strong></span> <span class='ocrx_word' id='word_1_805' title='bbox 382 2332 509 2361; x_wconf 88' lang='lat' dir='ltr'><strong>Christus</strong></span> <span class='ocrx_word' id='word_1_806' title='bbox 531 2335 655 2362; x_wconf 75' lang='lat' dir='ltr'><strong>mortuus</strong></span> <span class='ocrx_word' id='word_1_807' title='bbox 677 2332 730 2356; x_wconf 87' lang='lat' dir='ltr'><strong>est.</strong></span> <span class='ocrx_word' id='word_1_808' title='bbox 755 2325 873 2353; x_wconf 86' lang='lat' dir='ltr'><strong>Necesse</strong></span> <span class='ocrx_word' id='word_1_809' title='bbox 893 2323 964 2351; x_wconf 91' lang='lat' dir='ltr'><strong>enim</strong></span> <span class='ocrx_word' id='word_1_810' title='bbox 977 2328 1020 2350; x_wconf 88' lang='lat' dir='ltr'><strong>est</strong></span> <span class='ocrx_word' id='word_1_811' title='bbox 1035 2322 1100 2357; x_wconf 92' lang='lat' dir='ltr'><strong>quid</strong></span> 
     </span>
    </p>
   </div>
   <div class='ocr_carea' id='block_1_96' title="bbox 318 2367 1102 2407">
    <p class='ocr_par' dir='ltr' id='par_1_96' title="bbox 318 2367 1102 2407">
     <span class='ocr_line' id='line_1_96' title="bbox 318 2367 1102 2407; baseline -0.019 0"><span class='ocrx_word' id='word_1_812' title='bbox 318 2380 359 2407; x_wconf 95' lang='lat' dir='ltr'><strong>illi</strong></span> <span class='ocrx_word' id='word_1_813' title='bbox 383 2379 477 2406; x_wconf 88' lang='lat' dir='ltr'><strong>dicant</strong></span> <span class='ocrx_word' id='word_1_814' title='bbox 499 2383 531 2403; x_wconf 83' lang='lat' dir='ltr'><strong>ac</strong></span> <span class='ocrx_word' id='word_1_815' title='bbox 554 2374 691 2404; x_wconf 87' lang='lat' dir='ltr'><strong>sentiant,</strong></span> <span class='ocrx_word' id='word_1_816' title='bbox 715 2370 836 2406; x_wconf 79' lang='lat' dir='ltr'><strong>quidque</strong></span> <span class='ocrx_word' id='word_1_817' title='bbox 857 2369 956 2396; x_wconf 89' lang='lat' dir='ltr'><strong>docere</strong></span> <span class='ocrx_word' id='word_1_818' title='bbox 980 2367 1102 2394; x_wconf 91' lang='lat' dir='ltr'><strong>nitantur</strong></span> 
     </span>
    </p>
   </div>
   <div class='ocr_carea' id='block_1_97' title="bbox 318 2413 1102 2461">
    <p class='ocr_par' dir='ltr' id='par_1_97' title="bbox 318 2413 1102 2461">
     <span class='ocr_line' id='line_1_97' title="bbox 318 2413 1102 2461; baseline -0.02 -7"><span class='ocrx_word' id='word_1_819' title='bbox 318 2431 466 2461; x_wconf 86' lang='lat' dir='ltr'><strong>exponere.</strong></span> <span class='ocrx_word' id='word_1_820' title='bbox 486 2423 554 2450; x_wconf 84' lang='lat' dir='ltr'><strong>Cum</strong></span> <span class='ocrx_word' id='word_1_821' title='bbox 573 2419 740 2454; x_wconf 82' lang='lat' dir='ltr'><strong>evangelista</strong></span> <span class='ocrx_word' id='word_1_822' title='bbox 763 2417 790 2443; x_wconf 93' lang='lat' dir='ltr'><strong>in</strong></span> <span class='ocrx_word' id='word_1_823' title='bbox 814 2416 874 2443; x_wconf 90' lang='lat' dir='ltr'><strong>sinu</strong></span> <span class='ocrx_word' id='word_1_824' title='bbox 898 2414 945 2442; x_wconf 90' lang='lat' dir='ltr'><strong>Dei</strong></span> <span class='ocrx_word' id='word_1_825' title='bbox 966 2420 998 2440; x_wconf 87' lang='lat' dir='ltr'><strong>ae</strong></span> <span class='ocrx_word' id='word_1_826' title='bbox 1015 2413 1102 2440; x_wconf 82' lang='lat' dir='ltr'><strong>Patris</strong></span> 
     </span>
    </p>
   </div>
   <div class='ocr_carea' id='block_1_98' title="bbox 320 2461 1105 2500">
    <p class='ocr_par' dir='ltr' id='par_1_98' title="bbox 320 2461 1105 2500">
     <span class='ocr_line' id='line_1_98' title="bbox 320 2461 1105 2500; baseline -0.019 0"><span class='ocrx_word' id='word_1_827' title='bbox 320 2473 419 2500; x_wconf 84' lang='lat' dir='ltr'><strong>Filium</strong></span> <span class='ocrx_word' id='word_1_828' title='bbox 435 2478 496 2497; x_wconf 87' lang='lat' dir='ltr'><strong>esse</strong></span> <span class='ocrx_word' id='word_1_829' title='bbox 512 2469 583 2496; x_wconf 89' lang='lat' dir='ltr'><strong>dicat</strong></span> <span class='ocrx_word' id='word_1_830' title='bbox 595 2487 602 2498; x_wconf 83' lang='lat'>,</span> <span class='ocrx_word' id='word_1_831' title='bbox 616 2472 733 2499; x_wconf 86' lang='lat' dir='ltr'><strong>cumque</strong></span> <span class='ocrx_word' id='word_1_832' title='bbox 748 2463 877 2491; x_wconf 67' lang='lat' dir='ltr'><strong>Ecelesim</strong></span> <span class='ocrx_word' id='word_1_833' title='bbox 893 2461 939 2488; x_wconf 88' lang='lat' dir='ltr'><strong>ﬁlii</strong></span> <span class='ocrx_word' id='word_1_834' title='bbox 957 2464 1030 2487; x_wconf 83' lang='lat' dir='ltr'><strong>recte</strong></span> <span class='ocrx_word' id='word_1_835' title='bbox 1045 2467 1105 2486; x_wconf 87' lang='lat' dir='ltr'><strong>sen-</strong></span> 
     </span>
    </p>
   </div>
   <div class='ocr_carea' id='block_1_99' title="bbox 321 2506 1104 2549">
    <p class='ocr_par' dir='ltr' id='par_1_99' title="bbox 321 2506 1104 2549">
     <span class='ocr_line' id='line_1_99' title="bbox 321 2506 1104 2549; baseline -0.019 -4"><span class='ocrx_word' id='word_1_836' title='bbox 321 2520 407 2549; x_wconf 78' lang='lat' dir='ltr'><strong>tiant,</strong></span> <span class='ocrx_word' id='word_1_837' title='bbox 428 2520 456 2543; x_wconf 84' lang='lat' dir='ltr'><strong>et</strong></span> <span class='ocrx_word' id='word_1_838' title='bbox 475 2523 508 2542; x_wconf 80' lang='lat' dir='ltr'><strong>ex</strong></span> <span class='ocrx_word' id='word_1_839' title='bbox 531 2513 611 2540; x_wconf 77' lang='lat' dir='ltr'><strong>Patre</strong></span> <span class='ocrx_word' id='word_1_840' title='bbox 634 2516 716 2546; x_wconf 83' lang='lat' dir='ltr'><strong>atque</strong></span> <span class='ocrx_word' id='word_1_841' title='bbox 739 2510 765 2536; x_wconf 90' lang='lat' dir='ltr'><strong>in</strong></span> <span class='ocrx_word' id='word_1_842' title='bbox 787 2509 868 2535; x_wconf 86' lang='lat' dir='ltr'><strong>Patre</strong></span> <span class='ocrx_word' id='word_1_843' title='bbox 894 2507 998 2534; x_wconf 74' lang='lat' dir='ltr'><strong>ideirco</strong></span> <span class='ocrx_word' id='word_1_844' title='bbox 1016 2506 1104 2539; x_wconf 87' lang='lat' dir='ltr'><strong>ipsum</strong></span> 
     </span>
    </p>
   </div>
   <div class='ocr_carea' id='block_1_100' title="bbox 322 2551 1104 2591">
    <p class='ocr_par' dir='ltr' id='par_1_100' title="bbox 322 2551 1104 2591">
     <span class='ocr_line' id='line_1_100' title="bbox 322 2551 1104 2591; baseline -0.019 -1"><span class='ocrx_word' id='word_1_845' title='bbox 322 2563 454 2591; x_wconf 79' lang='lat' dir='ltr'><strong>exsistere</strong></span> <span class='ocrx_word' id='word_1_846' title='bbox 467 2558 643 2586; x_wconf 67' lang='lat' dir='ltr'><strong>conﬁrment.</strong></span> <span class='ocrx_word' id='word_1_847' title='bbox 656 2563 687 2581; x_wconf 89' lang='lat' dir='ltr'><strong>ac</strong></span> <span class='ocrx_word' id='word_1_848' title='bbox 698 2562 788 2581; x_wconf 82' lang='lat' dir='ltr'><strong>veram</strong></span> <span class='ocrx_word' id='word_1_849' title='bbox 804 2551 952 2588; x_wconf 73' lang='lat' dir='ltr'><strong>generandi</strong></span> <span class='ocrx_word' id='word_1_850' title='bbox 970 2551 1104 2576; x_wconf 83' lang='lat' dir='ltr'><strong>rationem</strong></span> 
     </span>
    </p>
   </div>
   <div class='ocr_carea' id='block_1_101' title="bbox 323 2593 1106 2636">
    <p class='ocr_par' dir='ltr' id='par_1_101' title="bbox 323 2593 1106 2636">
     <span class='ocr_line' id='line_1_101' title="bbox 323 2593 1106 2636; baseline -0.02 0"><span class='ocrx_word' id='word_1_851' title='bbox 323 2606 485 2636; x_wconf 75' lang='lat' dir='ltr'><strong>servandam</strong></span> <span class='ocrx_word' id='word_1_852' title='bbox 502 2611 563 2631; x_wconf 88' lang='lat' dir='ltr'><strong>esse</strong></span> <span class='ocrx_word' id='word_1_853' title='bbox 582 2601 767 2632; x_wconf 55' lang='lat' dir='ltr'><strong>contendant,</strong></span> <span class='ocrx_word' id='word_1_854' title='bbox 780 2600 807 2626; x_wconf 92' lang='lat' dir='ltr'><strong>in</strong></span> <span class='ocrx_word' id='word_1_855' title='bbox 822 2599 907 2625; x_wconf 87' lang='lat' dir='ltr'><strong>risum</strong></span> <span class='ocrx_word' id='word_1_856' title='bbox 931 2597 1005 2623; x_wconf 84' lang='lat' dir='ltr'><strong>illico</strong></span> <span class='ocrx_word' id='word_1_857' title='bbox 1028 2593 1106 2621; x_wconf 80' lang='lat' dir='ltr'><strong>eﬁ‘usi</strong></span> 
     </span>
    </p>
   </div>
   <div class='ocr_carea' id='block_1_102' title="bbox 325 2643 1106 2680">
    <p class='ocr_par' dir='ltr' id='par_1_102' title="bbox 325 2643 1106 2680">
     <span class='ocr_line' id='line_1_102' title="bbox 325 2643 1106 2680; baseline -0.017 -1"><span class='ocrx_word' id='word_1_858' title='bbox 325 2653 458 2680; x_wconf 80' lang='lat' dir='ltr'><strong>vecordes</strong></span> <span class='ocrx_word' id='word_1_859' title='bbox 477 2650 534 2680; x_wconf 84' lang='lat' dir='ltr'><strong>illi.</strong></span> <span class='ocrx_word' id='word_1_860' title='bbox 551 2649 593 2675; x_wconf 89' lang='lat' dir='ltr'><strong>his</strong></span> <span class='ocrx_word' id='word_1_861' title='bbox 609 2655 659 2674; x_wconf 85' lang='lat' dir='ltr'><strong>nos</strong></span> <span class='ocrx_word' id='word_1_862' title='bbox 676 2646 808 2680; x_wconf 90' lang='lat' dir='ltr'><strong>impetere</strong></span> <span class='ocrx_word' id='word_1_863' title='bbox 821 2643 913 2671; x_wconf 86' lang='lat' dir='ltr'><strong>verbis</strong></span> <span class='ocrx_word' id='word_1_864' title='bbox 936 2649 990 2669; x_wconf 92' lang='lat' dir='ltr'><strong>non</strong></span> <span class='ocrx_word' id='word_1_865' title='bbox 1011 2648 1106 2668; x_wconf 84' lang='lat' dir='ltr'><strong>veren-</strong></span> 
     </span>
    </p>
   </div>
   <div class='ocr_carea' id='block_1_103' title="bbox 326 2686 1109 2731">
    <p class='ocr_par' dir='ltr' id='par_1_103' title="bbox 326 2686 1109 2731">
     <span class='ocr_line' id='line_1_103' title="bbox 326 2686 1109 2731; baseline -0.017 -7"><span class='ocrx_word' id='word_1_866' title='bbox 326 2704 382 2725; x_wconf 88' lang='lat' dir='ltr'><strong>tur.</strong></span> <span class='ocrx_word' id='word_1_867' title='bbox 403 2696 486 2731; x_wconf 83' lang='lat' dir='ltr'><strong>Nugae</strong></span> <span class='ocrx_word' id='word_1_868' title='bbox 506 2699 570 2723; x_wconf 85' lang='lat' dir='ltr'><strong>sunt</strong></span> <span class='ocrx_word' id='word_1_869' title='bbox 593 2697 690 2721; x_wconf 72' lang='lat' dir='ltr'><strong>vestrae</strong></span> <span class='ocrx_word' id='word_1_870' title='bbox 711 2690 852 2719; x_wconf 72' lang='lat' dir='ltr'><strong>sententiae</strong></span> <span class='ocrx_word' id='word_1_871' title='bbox 865 2710 872 2721; x_wconf 88' lang='lat'>,</span> <span class='ocrx_word' id='word_1_872' title='bbox 897 2697 913 2715; x_wconf 96' lang='lat' dir='ltr'><strong>o</strong></span> <span class='ocrx_word' id='word_1_873' title='bbox 934 2687 1014 2718; x_wconf 83' lang='lat' dir='ltr'><strong>boni,</strong></span> <span class='ocrx_word' id='word_1_874' title='bbox 1031 2686 1109 2712; x_wconf 85' lang='lat' dir='ltr'><strong>indo-</strong></span> 
     </span>
    </p>
   </div>
   <div class='ocr_carea' id='block_1_104' title="bbox 327 2731 1109 2771">
    <p class='ocr_par' dir='ltr' id='par_1_104' title="bbox 327 2731 1109 2771">
     <span class='ocr_line' id='line_1_104' title="bbox 327 2731 1109 2771; baseline -0.018 0"><span class='ocrx_word' id='word_1_875' title='bbox 327 2747 401 2771; x_wconf 90' lang='lat' dir='ltr'><strong>ctum</strong></span> <span class='ocrx_word' id='word_1_876' title='bbox 416 2743 489 2770; x_wconf 90' lang='lat' dir='ltr'><strong>enim</strong></span> <span class='ocrx_word' id='word_1_877' title='bbox 502 2746 529 2768; x_wconf 85' lang='lat' dir='ltr'><strong>et</strong></span> <span class='ocrx_word' id='word_1_878' title='bbox 543 2739 681 2768; x_wconf 88' lang='lat' dir='ltr'><strong>insulsum</strong></span> <span class='ocrx_word' id='word_1_879' title='bbox 698 2742 739 2765; x_wconf 88' lang='lat' dir='ltr'><strong>est</strong></span> <span class='ocrx_word' id='word_1_880' title='bbox 758 2736 830 2771; x_wconf 91' lang='lat' dir='ltr'><strong>quod</strong></span> <span class='ocrx_word' id='word_1_881' title='bbox 852 2735 886 2761; x_wconf 89' lang='lat' dir='ltr'><strong>de</strong></span> <span class='ocrx_word' id='word_1_882' title='bbox 905 2733 960 2760; x_wconf 93' lang='lat' dir='ltr'><strong>Deo</strong></span> <span class='ocrx_word' id='word_1_883' title='bbox 983 2731 1090 2760; x_wconf 88' lang='lat' dir='ltr'><strong>sentitis</strong></span> <span class='ocrx_word' id='word_1_884' title='bbox 1102 2751 1109 2763; x_wconf 92' lang='lat'><strong>,</strong></span> 
     </span>
    </p>
   </div>
   <div class='ocr_carea' id='block_1_105' title="bbox 327 2780 1110 2823">
    <p class='ocr_par' dir='ltr' id='par_1_105' title="bbox 327 2780 1110 2823">
     <span class='ocr_line' id='line_1_105' title="bbox 327 2780 1110 2823; baseline -0.019 -5"><span class='ocrx_word' id='word_1_885' title='bbox 327 2798 390 2818; x_wconf 91' lang='lat' dir='ltr'><strong>cum</strong></span> <span class='ocrx_word' id='word_1_886' title='bbox 413 2797 444 2817; x_wconf 70' lang='lat' dir='ltr'><strong>ex</strong></span> <span class='ocrx_word' id='word_1_887' title='bbox 462 2796 494 2816; x_wconf 81' lang='lat' dir='ltr'><strong>eo</strong></span> <span class='ocrx_word' id='word_1_888' title='bbox 514 2787 586 2823; x_wconf 86' lang='lat' dir='ltr'><strong>quod</strong></span> <span class='ocrx_word' id='word_1_889' title='bbox 608 2787 635 2814; x_wconf 93' lang='lat' dir='ltr'><strong>in</strong></span> <span class='ocrx_word' id='word_1_890' title='bbox 657 2785 718 2813; x_wconf 90' lang='lat' dir='ltr'><strong>sinu</strong></span> <span class='ocrx_word' id='word_1_891' title='bbox 741 2783 829 2810; x_wconf 85' lang='lat' dir='ltr'><strong>Patris</strong></span> <span class='ocrx_word' id='word_1_892' title='bbox 852 2780 938 2808; x_wconf 85' lang='lat' dir='ltr'><strong>Filius</strong></span> <span class='ocrx_word' id='word_1_893' title='bbox 955 2783 1035 2806; x_wconf 83' lang='lat' dir='ltr'><strong>natus</strong></span> <span class='ocrx_word' id='word_1_894' title='bbox 1049 2786 1110 2805; x_wconf 82' lang='lat' dir='ltr'><strong>esse</strong></span> 
     </span>
    </p>
   </div>
   <div class='ocr_carea' id='block_1_106' title="bbox 329 2825 1110 2870">
    <p class='ocr_par' dir='ltr' id='par_1_106' title="bbox 329 2825 1110 2870">
     <span class='ocr_line' id='line_1_106' title="bbox 329 2825 1110 2870; baseline -0.015 -6"><span class='ocrx_word' id='word_1_895' title='bbox 329 2837 441 2868; x_wconf 87' lang='lat' dir='ltr'><strong>dicitur,</strong></span> <span class='ocrx_word' id='word_1_896' title='bbox 459 2836 548 2870; x_wconf 82' lang='lat' dir='ltr'><strong>ipsum</strong></span> <span class='ocrx_word' id='word_1_897' title='bbox 568 2833 664 2867; x_wconf 88' lang='lat' dir='ltr'><strong>utique</strong></span> <span class='ocrx_word' id='word_1_898' title='bbox 679 2839 710 2859; x_wconf 82' lang='lat' dir='ltr'><strong>ex</strong></span> <span class='ocrx_word' id='word_1_899' title='bbox 733 2830 794 2864; x_wconf 84' lang='lat' dir='ltr'><strong>ejus</strong></span> <span class='ocrx_word' id='word_1_900' title='bbox 815 2826 970 2856; x_wconf 87' lang='lat' dir='ltr'><strong>substantia</strong></span> <span class='ocrx_word' id='word_1_901' title='bbox 993 2825 1110 2852; x_wconf 76' lang='lat' dir='ltr'><strong>exivisse</strong></span> 
     </span>
    </p>
   </div>
   <div class='ocr_carea' id='block_1_107' title="bbox 367 2915 1045 2953">
    <p class='ocr_par' dir='ltr' id='par_1_107' title="bbox 367 2915 1045 2953">
     <span class='ocr_line' id='line_1_107' title="bbox 367 2915 1045 2953; baseline -0.018 0"><span class='ocrx_word' id='word_1_902' title='bbox 367 2928 389 2941; x_wconf 77' lang='lat'>”</span> <span class='ocrx_word' id='word_1_903' title='bbox 410 2926 419 2953; x_wconf 82' lang='lat'><strong>1</strong></span> <span class='ocrx_word' id='word_1_904' title='bbox 436 2926 497 2952; x_wconf 78' lang='lat' dir='ltr'><strong>Cor.</strong></span> <span class='ocrx_word' id='word_1_905' title='bbox 515 2932 573 2952; x_wconf 75' lang='lat' dir='ltr'><strong>rm.</strong></span> <span class='ocrx_word' id='word_1_906' title='bbox 588 2922 612 2949; x_wconf 80' lang='lat'><strong>&#39;5.</strong></span> <span class='ocrx_word' id='word_1_907' title='bbox 644 2919 791 2948; x_wconf 75' lang='lat' dir='ltr'><strong>“‘ibid.6.</strong></span> <span class='ocrx_word' id='word_1_908' title='bbox 830 2919 850 2934; x_wconf 60' lang='lat'><strong>9‘</strong></span> <span class='ocrx_word' id='word_1_909' title='bbox 863 2917 934 2945; x_wconf 80' lang='lat' dir='ltr'><strong>Psal.</strong></span> <span class='ocrx_word' id='word_1_910' title='bbox 953 2924 1006 2949; x_wconf 62' lang='grc' dir='ltr'><strong>εις,</strong></span> <span class='ocrx_word' id='word_1_911' title='bbox 1019 2915 1045 2941; x_wconf 74' lang='grc'><strong>5.</strong></span> 
     </span>
    </p>
   </div>
   <div class='ocr_carea' id='block_1_108' title="bbox 1084 2910 1332 2943">
    <p class='ocr_par' dir='ltr' id='par_1_108' title="bbox 1084 2910 1332 2943">
     <span class='ocr_line' id='line_1_108' title="bbox 1084 2910 1332 2943; baseline -0.016 -3"><span class='ocrx_word' id='word_1_912' title='bbox 1084 2914 1105 2928; x_wconf 84' lang='grc'><strong>¹¹¹</strong></span> <span class='ocrx_word' id='word_1_913' title='bbox 1121 2912 1198 2940; x_wconf 78' lang='lat' dir='ltr'><strong>Joan.</strong></span> <span class='ocrx_word' id='word_1_914' title='bbox 1214 2919 1267 2943; x_wconf 73' lang='lat' dir='ltr'><strong>MV,</strong></span> <span class='ocrx_word' id='word_1_915' title='bbox 1290 2910 1332 2937; x_wconf 84' lang='grc' dir='ltr'><strong>Η.</strong></span> 
     </span>
    </p>
   </div>
   <div class='ocr_carea' id='block_1_109' title="bbox 1154 2327 1935 2375">
    <p class='ocr_par' dir='ltr' id='par_1_109' title="bbox 1154 2327 1935 2375">
     <span class='ocr_line' id='line_1_109' title="bbox 1154 2327 1935 2375; baseline -0.019 -7"><span class='ocrx_word' id='word_1_916' title='bbox 1154 2342 1242 2368; x_wconf 75' lang='grc' dir='ltr'>πάντα</span> <span class='ocrx_word' id='word_1_917' title='bbox 1267 2339 1320 2375; x_wconf 79' lang='grc' dir='ltr'><strong>γὰρ</strong></span> <span class='ocrx_word' id='word_1_918' title='bbox 1344 2338 1378 2364; x_wconf 73' lang='grc' dir='ltr'><strong>τὰ</strong></span> <span class='ocrx_word' id='word_1_919' title='bbox 1403 2336 1470 2371; x_wconf 77' lang='grc' dir='ltr'><strong>ὀρθὰ</strong></span> <span class='ocrx_word' id='word_1_920' title='bbox 1493 2333 1702 2369; x_wconf 79' lang='grc' dir='ltr'>διαστρέφουσι,</span> <span class='ocrx_word' id='word_1_921' title='bbox 1727 2330 1797 2357; x_wconf 82' lang='grc' dir='ltr'>κατὰ</span> <span class='ocrx_word' id='word_1_922' title='bbox 1818 2329 1870 2361; x_wconf 76' lang='grc' dir='ltr'>τὴν</span> <span class='ocrx_word' id='word_1_923' title='bbox 1893 2327 1935 2354; x_wconf 74' lang='grc' dir='ltr'>τοῦ</span> 
     </span>
    </p>
   </div>
   <div class='ocr_carea' id='block_1_110' title="bbox 1156 2372 1937 2421">
    <p class='ocr_par' dir='ltr' id='par_1_110' title="bbox 1156 2372 1937 2421">
     <span class='ocr_line' id='line_1_110' title="bbox 1156 2372 1937 2421; baseline -0.02 -9"><span class='ocrx_word' id='word_1_924' title='bbox 1156 2386 1293 2421; x_wconf 67' lang='grc' dir='ltr'>προφήτου</span> <span class='ocrx_word' id='word_1_925' title='bbox 1308 2382 1409 2416; x_wconf 74' lang='grc' dir='ltr'><strong>φωνὴν,</strong></span> <span class='ocrx_word' id='word_1_926' title='bbox 1422 2380 1470 2410; x_wconf 85' lang='grc' dir='ltr'>τὰς</span> <span class='ocrx_word' id='word_1_927' title='bbox 1484 2379 1537 2405; x_wconf 86' lang='grc' dir='ltr'>τῶν</span> <span class='ocrx_word' id='word_1_928' title='bbox 1550 2376 1739 2411; x_wconf 79' lang='grc' dir='ltr'><strong>ἁπλουστέρων</strong></span> <span class='ocrx_word' id='word_1_929' title='bbox 1755 2372 1937 2408; x_wconf 80' lang='grc' dir='ltr'>παραλύοντες</span> 
     </span>
    </p>
   </div>
   <div class='ocr_carea' id='block_1_111' title="bbox 1157 2415 1938 2461">
    <p class='ocr_par' dir='ltr' id='par_1_111' title="bbox 1157 2415 1938 2461">
     <span class='ocr_line' id='line_1_111' title="bbox 1157 2415 1938 2461; baseline -0.022 -4"><span class='ocrx_word' id='word_1_930' title='bbox 1157 2415 1250 2460; x_wconf 46' lang='grc' dir='ltr'>ἀκοάς,</span> <span class='ocrx_word' id='word_1_931' title='bbox 1265 2415 1525 2461; x_wconf 17' lang='grc' dir='ltr'>καὶνὰμαρτάνοντες</span> <span class='ocrx_word' id='word_1_932' title='bbox 1548 2421 1709 2456; x_wconf 76' lang='grc' dir='ltr'>ἀφυλάκτως</span> <span class='ocrx_word' id='word_1_933' title='bbox 1728 2419 1767 2450; x_wconf 84' lang='grc' dir='ltr'><strong>εἰς</strong></span> <span class='ocrx_word' id='word_1_934' title='bbox 1786 2418 1850 2448; x_wconf 80' lang='grc' dir='ltr'>τοὺς</span> <span class='ocrx_word' id='word_1_935' title='bbox 1867 2415 1938 2442; x_wconf 78' lang='grc' dir='ltr'>ἁδελ-</span> 
     </span>
    </p>
   </div>
   <div class='ocr_carea' id='block_1_112' title="bbox 1158 2459 1937 2509">
    <p class='ocr_par' dir='ltr' id='par_1_112' title="bbox 1158 2459 1937 2509">
     <span class='ocr_line' id='line_1_112' title="bbox 1158 2459 1937 2509; baseline -0.021 -9"><span class='ocrx_word' id='word_1_936' title='bbox 1158 2459 1236 2509; x_wconf 44' lang='grc' dir='ltr'>φοὺςξ</span> <span class='ocrx_word' id='word_1_937' title='bbox 1250 2472 1317 2506; x_wconf 74' lang='grc' dir='ltr'><strong>ὑπὲρ</strong></span> <span class='ocrx_word' id='word_1_938' title='bbox 1331 2459 1366 2497; x_wconf 65' lang='grc' dir='ltr'><strong>ὧν</strong></span> <span class='ocrx_word' id='word_1_939' title='bbox 1386 2459 1500 2504; x_wconf 72' lang='grc' dir='ltr'>Χριστὸς</span> <span class='ocrx_word' id='word_1_940' title='bbox 1522 2465 1650 2493; x_wconf 79' lang='grc' dir='ltr'><strong>ἀπέθανε.</strong></span> <span class='ocrx_word' id='word_1_941' title='bbox 1674 2463 1706 2489; x_wconf 89' lang='grc' dir='ltr'>Τί</span> <span class='ocrx_word' id='word_1_942' title='bbox 1723 2462 1776 2497; x_wconf 87' lang='grc' dir='ltr'>γὰρ</span> <span class='ocrx_word' id='word_1_943' title='bbox 1791 2461 1825 2496; x_wconf 84' lang='grc' dir='ltr'>δὴ</span> <span class='ocrx_word' id='word_1_944' title='bbox 1841 2459 1937 2488; x_wconf 73' lang='grc' dir='ltr'>νοοῦσι.</span> 
     </span>
    </p>
   </div>
   <div class='ocr_carea' id='block_1_113' title="bbox 1159 2505 1940 2550">
    <p class='ocr_par' dir='ltr' id='par_1_113' title="bbox 1159 2505 1940 2550">
     <span class='ocr_line' id='line_1_113' title="bbox 1159 2505 1940 2550; baseline -0.02 -6"><span class='ocrx_word' id='word_1_945' title='bbox 1159 2519 1205 2545; x_wconf 69' lang='grc' dir='ltr'>καὶ</span> <span class='ocrx_word' id='word_1_946' title='bbox 1221 2517 1341 2550; x_wconf 73' lang='grc' dir='ltr'>λέγουσι,</span> <span class='ocrx_word' id='word_1_947' title='bbox 1364 2514 1410 2540; x_wconf 74' lang='grc' dir='ltr'>καὶ</span> <span class='ocrx_word' id='word_1_948' title='bbox 1426 2512 1562 2538; x_wconf 72' lang='grc' dir='ltr'>διδάσκειν</span> <span class='ocrx_word' id='word_1_949' title='bbox 1578 2507 1771 2544; x_wconf 75' lang='grc' dir='ltr'>ἐπιχειροῦσιν,</span> <span class='ocrx_word' id='word_1_950' title='bbox 1793 2505 1940 2538; x_wconf 82' lang='grc' dir='ltr'>ἀναγκαῖον</span> 
     </span>
    </p>
   </div>
   <div class='ocr_carea' id='block_1_114' title="bbox 1161 2547 1942 2589">
    <p class='ocr_par' dir='ltr' id='par_1_114' title="bbox 1161 2547 1942 2589">
     <span class='ocr_line' id='line_1_114' title="bbox 1161 2547 1942 2589; baseline -0.022 -1"><span class='ocrx_word' id='word_1_951' title='bbox 1161 2562 1248 2588; x_wconf 72' lang='grc' dir='ltr'>εἰπεῖν</span> <span class='ocrx_word' id='word_1_952' title='bbox 1261 2570 1267 2575; x_wconf 90' lang='grc'>·</span> <span class='ocrx_word' id='word_1_953' title='bbox 1295 2560 1340 2589; x_wconf 78' lang='grc' dir='ltr'><strong>Εἰς</strong></span> <span class='ocrx_word' id='word_1_954' title='bbox 1357 2557 1402 2584; x_wconf 71' lang='grc' dir='ltr'><strong>τὸν</strong></span> <span class='ocrx_word' id='word_1_955' title='bbox 1415 2556 1513 2582; x_wconf 74' lang='grc' dir='ltr'>κόλπον</span> <span class='ocrx_word' id='word_1_956' title='bbox 1531 2554 1577 2581; x_wconf 75' lang='grc' dir='ltr'>τοῦ</span> <span class='ocrx_word' id='word_1_957' title='bbox 1597 2552 1664 2579; x_wconf 75' lang='grc' dir='ltr'><strong>Θεοῦ</strong></span> <span class='ocrx_word' id='word_1_958' title='bbox 1682 2551 1743 2577; x_wconf 83' lang='grc' dir='ltr'>.κα“ι</span> <span class='ocrx_word' id='word_1_959' title='bbox 1767 2548 1874 2584; x_wconf 62' lang='grc' dir='ltr'>Πατρός</span> <span class='ocrx_word' id='word_1_960' title='bbox 1899 2547 1942 2572; x_wconf 65' lang='grc' dir='ltr'>τὸν</span> 
     </span>
    </p>
   </div>
   <div class='ocr_carea' id='block_1_115' title="bbox 1161 2588 1944 2634">
    <p class='ocr_par' dir='ltr' id='par_1_115' title="bbox 1161 2588 1944 2634">
     <span class='ocr_line' id='line_1_115' title="bbox 1161 2588 1944 2634; baseline -0.022 -1"><span class='ocrx_word' id='word_1_961' title='bbox 1161 2605 1223 2633; x_wconf 71' lang='grc' dir='ltr'>Υἰὺν</span> <span class='ocrx_word' id='word_1_962' title='bbox 1241 2602 1309 2630; x_wconf 76' lang='grc' dir='ltr'>εἶναι</span> <span class='ocrx_word' id='word_1_963' title='bbox 1335 2600 1381 2628; x_wconf 76' lang='grc' dir='ltr'><strong>τοῦ</strong></span> <span class='ocrx_word' id='word_1_964' title='bbox 1408 2599 1484 2634; x_wconf 83' lang='grc' dir='ltr'>ἁγίου</span> <span class='ocrx_word' id='word_1_965' title='bbox 1509 2599 1632 2632; x_wconf 81' lang='grc' dir='ltr'>λέγοντος</span> <span class='ocrx_word' id='word_1_966' title='bbox 1655 2592 1863 2629; x_wconf 72' lang='grc' dir='ltr'>εὐαγγελιστοῦ,</span> <span class='ocrx_word' id='word_1_967' title='bbox 1887 2588 1944 2617; x_wconf 76' lang='grc' dir='ltr'>εἶτα</span> 
     </span>
    </p>
   </div>
   <div class='ocr_carea' id='block_1_116' title="bbox 1160 2637 1945 2683">
    <p class='ocr_par' dir='ltr' id='par_1_116' title="bbox 1160 2637 1945 2683">
     <span class='ocr_line' id='line_1_116' title="bbox 1160 2637 1945 2683; baseline -0.022 -6"><span class='ocrx_word' id='word_1_968' title='bbox 1160 2651 1214 2677; x_wconf 76' lang='grc' dir='ltr'>τῶν</span> <span class='ocrx_word' id='word_1_969' title='bbox 1229 2649 1278 2683; x_wconf 80' lang='grc' dir='ltr'>τῆς</span> <span class='ocrx_word' id='word_1_970' title='bbox 1297 2645 1458 2680; x_wconf 78' lang='grc' dir='ltr'>Ἐκκλησίας</span> <span class='ocrx_word' id='word_1_971' title='bbox 1474 2643 1576 2670; x_wconf 81' lang='grc' dir='ltr'>τέκνων</span> <span class='ocrx_word' id='word_1_972' title='bbox 1593 2640 1724 2667; x_wconf 77' lang='grc' dir='ltr'>νοούντων</span> <span class='ocrx_word' id='word_1_973' title='bbox 1741 2637 1839 2673; x_wconf 70' lang='grc' dir='ltr'>ὀρθῶς,</span> <span class='ocrx_word' id='word_1_974' title='bbox 1855 2637 1903 2663; x_wconf 73' lang='grc' dir='ltr'>καὶ</span> <span class='ocrx_word' id='word_1_975' title='bbox 1916 2637 1945 2660; x_wconf 72' lang='grc' dir='ltr'>ἐκ</span> 
     </span>
    </p>
   </div>
   <div class='ocr_carea' id='block_1_117' title="bbox 1164 2680 1946 2729">
    <p class='ocr_par' dir='ltr' id='par_1_117' title="bbox 1164 2680 1946 2729">
     <span class='ocr_line' id='line_1_117' title="bbox 1164 2680 1946 2729; baseline -0.023 -7"><span class='ocrx_word' id='word_1_976' title='bbox 1164 2680 1269 2729; x_wconf 59' lang='grc' dir='ltr'>Πατρὶς</span> <span class='ocrx_word' id='word_1_977' title='bbox 1289 2691 1336 2718; x_wconf 71' lang='grc' dir='ltr'>καὶ</span> <span class='ocrx_word' id='word_1_978' title='bbox 1358 2691 1386 2716; x_wconf 80' lang='grc' dir='ltr'>ὲν</span> <span class='ocrx_word' id='word_1_979' title='bbox 1415 2688 1501 2722; x_wconf 81' lang='grc' dir='ltr'>Πατρὶ</span> <span class='ocrx_word' id='word_1_980' title='bbox 1530 2686 1573 2713; x_wconf 76' lang='grc' dir='ltr'><strong>διὰ</strong></span> <span class='ocrx_word' id='word_1_981' title='bbox 1597 2684 1675 2711; x_wconf 81' lang='grc' dir='ltr'>τοῦτο</span> <span class='ocrx_word' id='word_1_982' title='bbox 1699 2680 1946 2725; x_wconf 56' lang='grc' dir='ltr'>διαὸεϐαιουμένιιιν</span> 
     </span>
    </p>
   </div>
   <div class='ocr_carea' id='block_1_118' title="bbox 1164 2720 1943 2770">
    <p class='ocr_par' dir='ltr' id='par_1_118' title="bbox 1164 2720 1943 2770">
     <span class='ocr_line' id='line_1_118' title="bbox 1164 2720 1943 2770; baseline -0.023 -6"><span class='ocrx_word' id='word_1_983' title='bbox 1164 2720 1294 2770; x_wconf 72' lang='grc' dir='ltr'>ὑπάρχειν</span> <span class='ocrx_word' id='word_1_984' title='bbox 1310 2732 1401 2762; x_wconf 80' lang='grc' dir='ltr'>αὐτὸν,</span> <span class='ocrx_word' id='word_1_985' title='bbox 1418 2730 1464 2756; x_wconf 78' lang='grc' dir='ltr'>καὶ</span> <span class='ocrx_word' id='word_1_986' title='bbox 1484 2729 1514 2754; x_wconf 71' lang='grc' dir='ltr'>τὸ</span> <span class='ocrx_word' id='word_1_987' title='bbox 1528 2728 1557 2754; x_wconf 77' lang='grc' dir='ltr'>ὲν</span> <span class='ocrx_word' id='word_1_988' title='bbox 1573 2728 1696 2762; x_wconf 80' lang='grc' dir='ltr'>γεννήσει</span> <span class='ocrx_word' id='word_1_989' title='bbox 1712 2725 1823 2759; x_wconf 87' lang='grc' dir='ltr'>γνήσιον</span> <span class='ocrx_word' id='word_1_990' title='bbox 1842 2720 1943 2748; x_wconf 56' lang='grc' dir='ltr'>ἀποισῶ</span> 
     </span>
    </p>
   </div>
   <div class='ocr_carea' id='block_1_119' title="bbox 1164 2766 1948 2813">
    <p class='ocr_par' dir='ltr' id='par_1_119' title="bbox 1164 2766 1948 2813">
     <span class='ocr_line' id='line_1_119' title="bbox 1164 2766 1948 2813; baseline -0.02 -6"><span class='ocrx_word' id='word_1_991' title='bbox 1164 2781 1257 2813; x_wconf 71' lang='grc' dir='ltr'>ζεπῦαι</span> <span class='ocrx_word' id='word_1_992' title='bbox 1267 2779 1331 2808; x_wconf 79' lang='grc' dir='ltr'>δεῖν,</span> <span class='ocrx_word' id='word_1_993' title='bbox 1345 2775 1392 2802; x_wconf 71' lang='grc' dir='ltr'>καὶ</span> <span class='ocrx_word' id='word_1_994' title='bbox 1407 2773 1477 2808; x_wconf 75' lang='grc' dir='ltr'>μάλα</span> <span class='ocrx_word' id='word_1_995' title='bbox 1489 2772 1599 2802; x_wconf 79' lang='grc' dir='ltr'>εἰκότως</span> <span class='ocrx_word' id='word_1_996' title='bbox 1611 2768 1834 2804; x_wconf 81' lang='grc' dir='ltr'>φιλονεικούντων</span> <span class='ocrx_word' id='word_1_997' title='bbox 1847 2766 1948 2794; x_wconf 75' lang='grc' dir='ltr'>αὐτῶν.</span> 
     </span>
    </p>
   </div>
   <div class='ocr_carea' id='block_1_120' title="bbox 1164 2809 1950 2858">
    <p class='ocr_par' dir='ltr' id='par_1_120' title="bbox 1164 2809 1950 2858">
     <span class='ocr_line' id='line_1_120' title="bbox 1164 2809 1950 2858; baseline -0.019 -7"><span class='ocrx_word' id='word_1_998' title='bbox 1164 2809 1323 2858; x_wconf 65' lang='grc' dir='ltr'>διαγελῶσιν</span> <span class='ocrx_word' id='word_1_999' title='bbox 1340 2820 1419 2850; x_wconf 73' lang='grc' dir='ltr'>εὐθὺς</span> <span class='ocrx_word' id='word_1_1000' title='bbox 1432 2819 1456 2844; x_wconf 81' lang='grc' dir='ltr'>οἱ</span> <span class='ocrx_word' id='word_1_1001' title='bbox 1475 2818 1548 2852; x_wconf 71' lang='grc' dir='ltr'><strong>πάσῃ</strong></span> <span class='ocrx_word' id='word_1_1002' title='bbox 1566 2814 1709 2851; x_wconf 80' lang='grc' dir='ltr'>μεθύοντες</span> <span class='ocrx_word' id='word_1_1003' title='bbox 1726 2812 1845 2848; x_wconf 64' lang='grc' dir='ltr'>ἁμαθίᾳί</span> <span class='ocrx_word' id='word_1_1004' title='bbox 1856 2811 1904 2838; x_wconf 75' lang='grc' dir='ltr'>καὶ</span> <span class='ocrx_word' id='word_1_1005' title='bbox 1918 2809 1950 2844; x_wconf 72' lang='grc' dir='ltr'>δὴ</span> 
     </span>
    </p>
   </div>
   <div class='ocr_carea' id='block_1_121' title="bbox 1371 2906 1581 2939">
    <p class='ocr_par' dir='ltr' id='par_1_121' title="bbox 1371 2906 1581 2939">
     <span class='ocr_line' id='line_1_121' title="bbox 1371 2906 1581 2939; baseline -0.019 -4"><span class='ocrx_word' id='word_1_1006' title='bbox 1371 2909 1393 2924; x_wconf 66' lang='grc' dir='ltr'><strong>θ’</strong></span> <span class='ocrx_word' id='word_1_1007' title='bbox 1410 2908 1489 2935; x_wconf 81' lang='lat' dir='ltr'><strong>Mich.</strong></span> <span class='ocrx_word' id='word_1_1008' title='bbox 1504 2914 1544 2939; x_wconf 83' lang='lat' dir='ltr'><strong>III,</strong></span> <span class='ocrx_word' id='word_1_1009' title='bbox 1565 2906 1581 2932; x_wconf 90' lang='lat'><strong>9</strong></span> 
     </span>
    </p>
   </div>
  </div>
