2030 3122
131 195 175 223 181

652 191 686 218 ΙΝ
700 190 844 219 JOANNIS
859 189 1082 217 EVANGELIUM
1100 188 1165 217 ΜΒ.
1185 189 1209 216 1.”

990 135 1006 148 ἢ

1705 192 1774 221 lS’Z‘

131 252 177 279 καὶ
199 251 374 286 ἀπο-τολμῶσι
391 251 478 286 λέγειν
491 259 497 266 ’
522 250 627 286 Λῆρος,
649 247 671 277 ὦ
695 247 778 281 οὗτοι,
803 250 837 276 τὰ
853 250 939 285 mp‘,

991 249 1072 276 utatis
1083 268 1091 280 ,
1105 253 1133 276 et
1150 248 1279 276 increatze
1294 253 1399 278 naturae
1414 250 1499 278 l‘etum
1522 259 1583 279 esse
1606 236 1688 280 st'ulte
1711 261 1759 280 su~

132 298 195 333 ὑμῖν
208 305 216 313 ·
238 297 269 323 οὐ
289 297 345 332 γὰρ
359 297 543 328 εὖπαιδεύτως
565 296 599 323 τὰ
625 297 688 332 περὶ
699 296 766 323 Θεοῦ
782 295 918 328 ἃοξάζετε,

131 342 176 369 διὰ
188 341 219 368 τδ
241 342 271 368 ὲν
290 341 385 377 κόλπῳ
404 341 529 376 λέγεσθαι
552 341 600 367 τοῦ
616 341 723 377 Πατρός
738 341 783 367 τὸν
798 341 862 366 Yle
875 340 922 366 ἐκ·

132 388 293 423 πεφυκέναι,
311 389 419 420 πάντως
434 388 515 415 αὑτὸν
529 387 657 423 οἰόμενοι,
674 388 723 423 τῆς
735 387 828 418 οὐσίας
841 385 921 413 αὑτοῦ

132 434 181 460 καὶ
204 433 254 469 τῆς
278 434 410 470 ἀγενήτου
439 433 546 469 φύσεως
572 431 641 459 εἶναι
670 432 786 468 καρπὸν,
802 432 923 466 ἀνοήτως

134 479 381 515 ὕπολαμὸάνοντες.
408 480 443 505 Ἦ
466 479 519 515 γὰρ
542 479 591 505 οὐκ
613 478 757 513 ἠκούσατε,
782 477 873 511 (pa-xlv,
895 477 923 502 ἐν

134 526 196 556 ταῖς
217 525 409 560 εὐαγγελικαῖς
426 525 604 561 παραϐολαῖς,
627 525 672 551 ὅτε
697 524 760 555 τοὺς
787 523 850 558 περὶ
878 522 923 548 τοῦ

135 570 264 597 πλουσίου
293 571 341 598 καὶ
364 570 410 597 τοῦ
434 570 561 605 Λαζάρου
587 570 682 603 λόγους
707 568 787 600 αὐτὸς
809 568 926 594 ἐποιεῖτο

136 614 261 650 Χριστὸς,
276 615 317 642 δτι
338 615 459 649 Ἐγένετο
473 615 501 641 δὲ
514 613 661 641 ἀποθανεῖν
676 613 721 640 τὸν
733 613 867 648 Λάζαρον.
880 612 926 639 καὶ

135 661 317 697 ἀπενεχθῆναι
340 661 392 688 ὑπὸ
409 661 462 688 τῶν
488 660 610 694 ἀγγέλων
635 660 674 692 εἰς
699 660 745 686 τὸν
766 659 865 686 κόλπον
880 658 926 685 τοῦ

143 707 288 743 ’Δϐραάμς
321 706 426 734 Δώσετε
453 707 485 742 δὴ
511 704 627 738 οὗν,διὰ
654 706 684 732 τὸ
713 706 741 731 ὲν
766 704 859 738 κόλπῳ
880 702 927 730 τοῦ

143 752 269 788 Ἀϐραὰμ
296 752 421 787 γενέσθαι
444 752 488 779 τὺν
511 751 645 787 Λάζαρον.
668 750 697 782 ἐξ
716 750 796 777 αὑτοῦ
830 749 877 776 καὶ
900 750 928 774 ὲν

137 798 218 835 αὐτῷ.
238 798 308 826 κατὰ
336 798 417 833 φύσιν
447 798 579 833 ὑπάρχειν
615 797 712 830 αὑτόνς
738 795 754 830 ἦ
777 795 856 822 τοῦτο
881 795 929 829 μὲν

139 844 339 881 παμιτήσεσοε
370 845 478 879 λέγειν,
511 844 650 875 ποιοῦντες
688 842 793 878 ὀρθῶς,
823 841 868 868 διὰ
902 841 930 866 δὲ

138 890 186 918 τοῦ
203 891 303 918 κόλπου
323 890 373 926 τὴν
397 891 536 924 ἀγάπησιν
558 889 678 917 νοεῖσθαι
703 888 750 915 καὶ
780 887 856 915 αὐτοὶ
881 887 930 913 σὺν

139 938 206 974 ἡμῖν
230 937 439 972 συγχωρήσετε;
470 934 550 963 Εἶναι
575 934 718 970 τοιγαροῦν
742 934 787 960 τὸν
814 934 877 960 Υἱὸν
900 934 929 959 ὲν

139 984 235 1019 κόλπῳ
257 983 348 1019 φαμὲν
374 982 422 1010 τοῦ
444 982 512 1009 θεοῦ
535 982 582 1009 καὶ
606 981 724 1017 Πατρὺς,
748 980 808 1007 ἀντὶ
829 979 876 1006 τοῦ
901 979 930 1005 ὲν

139 1029 287 1064 ἀγαπήσει,
312 1028 385 1056 καθὰ
408 1028 455 1055 καῖ
475 1027 558 1058 αὑτός
571 1027 622 1053 πού
640 1034 732 1060 φησιν’
762 1035 770 1051 ι
791 1025 819 1051 '0
836 1025 931 1060 Πατὴρ

140 1075 237 1111 ἀγαπᾷ
248 1074 296 1102 τὸν
311 1074 386 1101 Υίόν.
402 1083 412 1099 ι
437 1072 508 1099 Ἀλλ’
527 1073 592 1099 ὅταν
607 1071 712 1102 τούτοις
735 1071 808 1106 ἡμᾶς
829 1069 931 1096 παίωσι

139 1122 200 1153 τοῖς
221 1120 311 1155 λόγοις
335 1121 359 1147 οἰ
385 1119 609 1154 φιλεπιτιμηταὶ,
636 1118 681 1145 καὶ
706 1117 774 1151 πρὸς
801 1116 881 1151 μόνον
903 1116 932 1142 τδ

140 1167 363 1201 διτλοιδορεῖσθαι
380 1166 483 1201 γοργοὶ1
508 1165 568 1191 τότε
588 1165 635 1191 καὶ
652 1164 732 1198 ἡμεῖς
755 1161 932 1197 ἀντεροῦμεν,

140 1212 188 1238 τὸν
215 1211 295 1247 ὀρθδν
325 1211 375 1246 τῆς
403 1210 532 1245 ἀληθείας
561 1208 753 1242 ἀντεξάγοντες
785 1206 872 1240 λόγον·
905 1205 933 1231 ’0

142 1257 242 1289 κόλπος
260 1257 335 1292 ἡμῖν,
355 1253 378 1283 ὦ
400 1256 542 1291 βέλτιστοι,
568 1254 694 1289 σημαίνει
718 1252 780 1279 καο’
795 1252 866 1284 ὑμᾶς
885 1251 933 1286 τὴν

143 1301 282 1337 ἀγάπησιν
295 1309 302 1316 ’
327 1300 406 1327 τοῦτο
428 1300 482 1334 γὰρ
501 1299 602 1334 ἀρτίως
618 1297 750 1331 λεγόντων
767 1296 933 1331 ἠκούσαμεν.

142 1346 207 1383 ’ἄρ’
217 1344 274 1379 οὖν,
286 1346 435 1381 ἐπειδήπερ
448 1355 456 1370 ι
469 1345 625 1379 Ἰἰγᾶττησεν
635 1344 649 1369 ό
662 1342 727 1374 Θεὸς
741 1341 785 1368 τὸν
798 1341 910 1376 κόσμον,
923 1350 931 1366 ι

145 1392 218 1419 κατὰ
229 1391 278 1427 τὴν
300 1390 347 1417 τοῦ
364 1390 489 1425 Σωτῆρος
507 1389 598 1423 φωνήν
611 1396 617 1404 ·
645 1387 739 1422 ἀγαπᾷ
759 1387 787 1413 δὲ
813 1396 822 1411 ι
836 1385 936 1420 Κύριος

145 1438 258 1470 καὶτὰς
278 1437 365 1468 πύλας
383 1435 462 1466 Σιὼν,
487 1445 496 1461 ›
523 1434 593 1461 κατὰ
609 1434 654 1460 τὸν
673 1434 750 1467 ἆγιον
772 1432 934 1467 Ψαλμῳδόν·

145 1485 297 1517 ἀκινδύνως
316 1482 432 1520 ἐροῦμεν
455 1483 484 1509 ἐν
503 1482 595 1516 κόλπῳ
610 1480 656 1507 τοῦ
674 1478 742 1506 Θεοῦ
763 1480 811 1506 καὶ
832 1478 937 1513 Πατρὺς

146 1532 193 1560 τόν
205 1540 235 1559 τε
245 1531 346 1567 κόσμον
372 1529 453 1556 αὑτὸν
472 1529 518 1555 καὶ
531 1527 581 1558 τὰς
596 1527 643 1562 τῆς
660 1526 728 1552 Σιὼν
743 1523 812 1552 εἶναι
830 1524 916 1554 πύλας
929 1532 936 1555 ;

971 295 1130 330 spicamini.
1147 293 1285 329 Numquid
1316 296 1388 323 enim
1416 297 1533 325 audistis
1545 319 1551 329 ,
1569 297 1715 333 inquiunt,
1732 299 1760 326 in

971 341 1140 376 evangelicis
1153 341 1293 376 parabolis
1314 341 1354 373 ",
1377 342 1422 368 ubi
1444 342 1477 370 de
1498 343 1583 370 divite
1607 347 1633 371 et
1657 343 1762 371 Lazaro

973 387 1055 414 verba
1069 386 1198 414 Christus
1215 386 1349 419 faciebat,
1366 386 1500 415 Lazarum
1521 393 1580 422 post
1598 392 1712 416 mortem
1728 390 1762 416 ab

974 433 1078 468 angelis
1100 433 1126 459 in
1150 433 1241 459 sinunt
1264 432 1381 459 Abrahae
1404 432 1491 460 fuisse
1511 433 1670 466 portatum?
1692 433 1762 461 Nunt

975 478 1068 513 igitur,
1086 478 1216 512 quoniam
1239 478 1266 504 in
1283 478 1345 505 sinu
1363 478 1478 505 Ahralne
1500 478 1620 506 Lazarus
1642 487 1702 506 esse
1721 480 1764 506 dio

976 523 1059 554 citur,
1075 531 1105 550 ex
1121 522 1181 557 ipso
1195 528 1223 550 et
1239 523 1267 549 itt
1291 522 1351 558 ipso
1373 530 1435 550 eum
1456 523 1591 550 exsistere
1615 523 1762 550 secundum

977 573 1104 595 naturam
1130 568 1309 600 concedetis,
1337 572 1383 595 ant
1409 569 1435 594 id
1465 573 1540 595 recte
1566 568 1765 603 sapienterque

977 614 1129 648 negabitis,
1152 613 1200 641 scd
1228 621 1277 648 per
1303 613 1394 641 sinum
1423 620 1543 640 antorem
1571 613 1685 647 intelligi
1713 613 1764 647 ipsi

978 667 1087 693 quoque
1104 659 1246 686 nobiscum
1263 658 1418 686 fatebitnini
1431 659 1442 685 ?
1457 660 1487 686 ln
1504 659 1566 686 sinu
1586 666 1651 694 ergo
1666 658 1713 685 Dci
1734 665 1765 684 ac

979 703 1068 730 Patris
1084 702 1181 729 Filium
1202 711 1264 730 esse
1280 703 1416 735 dicimus,
1437 702 1463 730 id
1485 707 1544 734 est,
1568 703 1595 729 in
1620 702 1766 732 dilectione

980 753 1062 784 atque
1079 756 1173 776 amore
1185 769 1193 782 ,
1209 749 1280 776 sicut
1297 749 1355 784 ipse
1369 756 1480 784 quoque
1503 749 1541 775 ait
1557 749 1678 781 alicubi,
1696 758 1704 774 ι
1717 748 1767 775 Pa-

981 799 1023 822 ter
1036 795 1126 830 diligit
1141 794 1240 822 Filium
1257 795 1290 820 ⁸⁵.
1307 804 1316 821 ι
1330 795 1412 830 Atqui
1427 794 1450 822 si
1464 802 1514 822 nos
1527 793 1662 828 ejusmodi
1677 794 1767 821 verbis

981 845 1074 876 petant
1088 841 1211 868 homines
1220 840 1252 867 ad
1263 840 1514 875 reprehendendum
1526 840 1616 876 proni,
1627 845 1653 867 et
1665 839 1692 867 in
1700 847 1768 867 con-

982 887 1112 915 viciando
1126 887 1261 914 duntaxat
1277 888 1394 915 solertes
1405 909 1411 920 ,
1438 892 1502 914 tunc
1526 895 1577 915 nos
1592 887 1632 914 eis
1646 886 1767 914 vicissim

945 925 966 952 Β
978 934 1224 969 respondebimus,
1242 939 1344 960 rectum
1360 933 1487 961 veritatis
1500 940 1657 960 sermonem
1675 939 1764 968 oppo-

981 984 1085 1006 nentes.
1112 977 1196 1006 Sinus
1219 977 1289 1013 apud
1312 985 1380 1011 vos,
1397 986 1413 1005 o
1428 977 1510 1009 boni,
1536 985 1585 1012 pro
1613 977 1761 1004 dilectione

982 1022 1120 1050 sumitur:
1147 1022 1174 1048 id
1199 1023 1271 1048 enim
1292 1022 1374 1049 modo
1398 1029 1412 1048 a
1436 1022 1515 1050 vobis
1537 1021 1704 1049 audivimus.
1728 1021 1767 1048 Att

982 1068 1076 1103 igitur,
1095 1067 1224 1103 quoniam
1239 1076 1247 1092 ι
1259 1067 1330 1095 Deus
1346 1067 1441 1095 dilexit
1463 1067 1594 1094 mundum
1608 1067 1649 1099 “,
1666 1076 1674 1093 ι
1690 1067 1768 1101 juxta

984 1113 1135 1141 Salvatoris
1147 1121 1240 1141 vocem
1252 1133 1259 1145 ,
1273 1117 1301 1140 et
1314 1113 1403 1148 diligit
1416 1120 1526 1148 quoque
1540 1122 1548 1138 ι
1563 1112 1694 1140 Dominus
1709 1120 1770 1147 por‘

983 1164 1026 1188 tas
1040 1160 1105 1187 Sion
1123 1160 1156 1191 ⁸⁷,
1173 1170 1182 1185 ι
1197 1164 1225 1187 ut
1240 1160 1314 1187 canit
1329 1163 1444 1187 sanctus
1460 1158 1606 1187 Psalmista
1617 1180 1624 1191 ,
1640 1159 1708 1186 citra
1725 1166 1770 1193 pc-

984 1206 1102 1233 riculum
1116 1206 1256 1238 dicemus,
1276 1206 1302 1232 in
1318 1206 1380 1233 sinu
1404 1205 1449 1232 Dei
1472 1213 1503 1232 ac
1518 1205 1606 1232 Patris
1626 1212 1687 1232 esse
1707 1211 1770 1231 cum

985 1253 1116 1280 mundum
1139 1253 1244 1287 ipsum,
1274 1257 1330 1278 tum
1355 1255 1449 1286 portas
1471 1250 1560 1277 Sion?
1587 1250 1654 1276 Cum
1681 1254 1770 1276 autem

984 1299 1059 1326 dicat
1074 1299 1106 1325 ad
1124 1298 1215 1326 Mosen
1230 1305 1372 1325 sacrorum
1391 1295 1471 1332 107
1488 1296 1639 1323 antistitem
1654 1305 1659 1322 :
1677 1304 1685 1319 ι
1702 1294 1774 1321 lnl‘er

986 1353 1094 1372 manum
1115 1349 1188 1371 tuam
1209 1345 1235 1371 in
1253 1345 1343 1371 sinum
1361 1347 1438 1370 tuum
1452 1342 1474 1358 ³⁸
1488 1341 1639 1376 ιιιιιηιψιὶᾶ
1652 1362 1658 1373 ,
1674 1339 1773 1366 amabo

986 1398 1050 1422 vos,
1074 1391 1098 1418 ei
1127 1390 1256 1426 prmeepit
1281 1396 1391 1416 manum
1420 1395 1498 1416 suam
1518 1388 1651 1422 diligere,
1671 1393 1703 1412 ac
1719 1392 1774 1412 non

988 1435 1079 1470 potius
1105 1442 1165 1462 eant
1192 1433 1352 1462 occultare?
1376 1433 1411 1460 At
1433 1432 1481 1467 qni
1505 1439 1559 1458 non
1580 1430 1712 1457 continuo
1731 1429 1775 1456 in-

988 1485 1095 1516 gentem
1113 1481 1199 1507 risum
1216 1479 1404 1510 movebimus,
1422 1478 1476 1504 imo
1501 1484 1565 1504 vero
1592 1475 1637 1510 qui
1667 1482 1721 1502 non
1747 1474 1774 1500 in

989 1527 1079 1561 ipsum
1097 1525 1204 1552 Patrem
1223 1524 1298 1558 impii
1321 1524 1442 1554 erimus,
1460 1526 1558 1549 cuncta
1578 1521 1604 1547 in
1629 1519 1689 1554 ejus
1711 1518 1775 1546 sinu

148 1580 234 1607 Ὅταν
254 1578 283 1605 δὲ
299 1565 373 1614 ἓλέγῃ
397 1576 444 1603 καὶ
464 1574 532 1610 πρὸς
559 1574 603 1600 τὸν
631 1573 792 1609 ἱεροφάντην
816 1569 917 1597 Μωσέα
931 1589 937 1601 ,

991 1580 1052 1600 esse
1069 1572 1193 1599 dicentes
1204 1591 1211 1603 ,
1230 1576 1274 1603 et,
1293 1569 1368 1605 quod
1385 1569 1473 1596 solius
1488 1566 1629 1601 Unigeniti
1646 1565 1775 1592 eximium

1117 1617 1121 1620 .
1283 1615 1288 1620 .
1561 1611 1580 1620 ll,
1592 1611 1690 1620 ,!A,_.--
1706 1609 1764 1620 ..Πῖ-

151 1635 163 1651 Ι
181 1624 328 1659 Είσένεγκε
351 1623 399 1659 τὴν
422 1622 502 1658 χεῖρά
526 1629 571 1647 σου
593 1620 633 1651 εἰς
657 1619 701 1645 τὸν
725 1617 823 1644 κόλπον
848 1624 905 1647 σου,
928 1625 938 1642 ι

149 1671 270 1706 “nam
289 1670 350 1697 ⁶ίπέ
368 1678 423 1704 μοι’
446 1667 609 1702 προστάττει
624 1664 672 1700 τὴν
692 1665 770 1699 χεῖρα
791 1662 876 1697 αὐτῷ.
895 1661 942 1688 καὶ

149 1716 212 1752 οὐχὶ
235 1715 334 1751 μᾶλλον
361 1713 575 1750 κατακρύψαντα
606 1711 698 1746 ἔχεως
732 1707 798 1736 Εἶτα
827 1708 885 1739 πῶς
911 1707 941 1734 οὺ

152 1764 240 1799 μέγαν
251 1763 296 1789 ἐπὶ
310 1761 415 1793 τούτοις
430 1760 584 1794 ὀφλήσομεν
596 1758 717 1792 γέλωτα;
731 1755 830 1791 μᾶλλον
845 1755 873 1781 δὲ
885 1754 943 1785 πῶς

151 1798 193 1842 εις
215 1809 296 1836 αὐτὸν
314 1798 365 1834 οὐκ
387 1807 557 1843 άσεϐήσομεν
581 1804 625 1831 τὸν
656 1802 783 1837 Πατέρα,
808 1801 895 1827 πάντα
916 1800 943 1825 ἐν

153 1855 265 1885 κόλποις
282 1851 351 1880 εἶναι
365 1852 489 1886 λέγονςες
504 1849 597 1882 αὑτοῦ,
615 1849 662 1875 καὶ
676 1848 707 1874 τὸ
724 1847 806 1881 μόνου
821 1846 867 1872 τοῦ
889 1846 944 1872 Μο-

153 1900 280 1935 νογενοῦς
289 1899 426 1935 ἐξαίρετον
439 1897 540 1932 ἀγαθὸν
553 1894 767 1924 κοινοποιοῦντες
778 1894 832 1923 τοῖς
846 1891 944 1922 ἄλλοις,

155 1947 202 1973 ἱνα
227 1945 309 1971 πλέον
333 1944 389 1979 ἔχοι
420 1942 501 1978 μηδὲν
529 1940 604 1975 παρὰ
628 1939 677 1973 τὴν
705 1937 791 1964 κτίσιν
818 1937 831 1962 ό
859 1935 945 1967 Υἱὸς;

154 1989 262 2016 Οὐκοῦν
273 1989 332 2019 ταῖς
349 1987 461 2014 ἐκείνων
474 1984 611 2015 ἀϐουλίαις
627 1980 764 2018 ἐρρῶσθαι
782 1979 946 2014 φράσαντες,

155 2034 204 2060 ἐπὶ
216 2033 260 2060 τὸν
276 2032 340 2067 εὺοῆ
355 2032 405 2066 τῆς
419 2029 548 2065 ἀληθείας
565 2026 709 2063 βαδιοῦμεν
728 2023 948 2067 λογισμὸνςὸταν

158 2078 188 2104 ὲν
204 2076 297 2111 κόλπῳ
316 2075 427 2110 λέγηται
444 2073 491 2100 τοῦ
517 2071 623 2106 Πατρδς
639 2071 652 2097 ὁ
669 2068 743 2100 Υἱὸς,
756 2067 785 2100 ἐξ
804 2066 884 2093 αὑτοῦ
903 2066 949 2091 καὶ

160 2122 189 2148 ὲν
202 2110 415 2156 αὐτῷγνοοῦντες
435 2117 514 2144 αὐτόν
528 2125 534 2131 ·
560 2114 763 2149 ὰναμαξάμενοι
779 2111 807 2138 δὲ
828 2110 950 2146 ἀκριϐῶς

158 2164 210 2200 τὴν
230 2163 278 2191 τοῦ
300 2164 434 2198 νοήματος
460 2161 589 2195 δύναμιν,
618 2157 704 2188 οὕτως
732 2156 808 2190 ἕχον,
837 2155 883 2180 καὶ
902 2154 950 2188 οὐχ

160 2198 263 2244 ἑτέρως
290 2207 452 2242 εὑρήσομεν.
473 2214 482 2231 ι
510 2204 538 2231 '0
554 2201 709 2238 μονογενὴς,
740 2199 817 2244 onst,
834 2198 909 2244 θεὸς,
937 2198 951 2223 ὁ

993 1626 1025 1645 ac
1042 1617 1208 1653 praecipuum
1224 1619 1266 1642 est
1283 1615 1383 1642 bonum
1397 1620 1543 1641 commune
1560 1611 1692 1637 facientes
1705 1609 1776 1640 aliis,

993 1668 1022 1691 ut
1039 1663 1106 1691 nihil
1123 1663 1184 1698 plus
1198 1661 1270 1688 Filio
1285 1661 1321 1688 sit
1333 1667 1415 1695 quam
1433 1657 1591 1686 creaturae?
1609 1656 1704 1690 ltaqtte
1720 1654 1778 1680 illo—

994 1717 1054 1737 rum
1073 1708 1189 1736 stultitia
1207 1707 1309 1742 rejecta
1332 1709 1439 1732 rectum
1458 1702 1582 1731 veritatis
1601 1708 1712 1728 sensum
1736 1699 1779 1726 in-

995 1756 1123 1783 sistemus
1134 1774 1141 1786 ,
1155 1758 1181 1780 et
1193 1752 1304 1788 quando
1316 1752 1344 1778 in
1360 1751 1422 1777 sinu
1434 1749 1508 1776 Patri
1526 1747 1613 1775 Filius
1629 1754 1691 1774 esse
1708 1745 1779 1772 dici-

995 1806 1050 1832 tur,
1066 1801 1133 1827 nihil
1147 1799 1220 1826 aliud
1232 1805 1315 1833 quam
1326 1805 1357 1824 ex
1372 1797 1432 1831 ipso
1447 1799 1474 1823 et
1490 1795 1516 1822 in
1530 1795 1590 1829 ipso
1601 1801 1662 1821 esse
1678 1792 1780 1819 intelli-

996 1855 1101 1882 genius.
1116 1845 1144 1872 Si
1161 1845 1215 1871 vim
1231 1848 1256 1871 et
1270 1843 1407 1871 rationem
1423 1841 1497 1867 illius
1511 1839 1653 1866 sentcntiae
1668 1837 1781 1865 subacto

997 1893 1107 1927 ingenio
1134 1893 1351 1925 perserutetnur,
1374 1885 1537 1914 istiusmodi
1556 1892 1618 1911 esse
1636 1881 1783 1916 comperie-
1806 1895 1810 1898 ν

999 1926 1070 1962 ntus.
1088 1945 1094 1960 ι
1111 1933 1287 1969 Unigenitus,
1299 1942 1307 1958 ι
1323 1932 1428 1966 inquit,
1443 1940 1452 1956 ι
1471 1931 1541 1957 Deus
1558 1929 1658 1964 quiest
1677 1927 1704 1954 in
1720 1926 1782 1954 sinu

999 1980 1104 2012 Patris,
1125 1979 1170 2006 ille
1183 1977 1334 2005 enarravit.
1351 1985 1361 2002 ι
1378 1975 1553 2010 Unigenitutn
1572 1978 1599 2001 et
1623 1973 1706 2000 Deum
1729 1971 1784 2006 pri-

1000 2035 1044 2054 mo
1060 2026 1150 2053 dixit:
1167 2023 1266 2052 deinde
1284 2023 1358 2050 illico
1377 2021 1504 2056 subjicit,
1520 2029 1529 2045 ι
1544 2019 1590 2054 qui
1612 2022 1654 2046 est
1673 2018 1700 2044 in
1722 2017 1784 2044 sinu

1000 2072 1105 2109 Patris,
1121 2080 1130 2097 ι
1145 2074 1175 2098 ut
1190 2069 1360 2104 intelligatur
1375 2068 1456 2096 etiam
1472 2066 1559 2093 Filius
1574 2073 1606 2092 ex
1623 2066 1701 2099 ipso,
1716 2067 1743 2090 et
1757 2064 1784 2089 in

1002 2119 1062 2153 ipso
1079 2117 1251 2148 naturaliter,
1270 2115 1360 2143 sinum
1379 2121 1429 2149 pro
1453 2111 1607 2141 substantia
1634 2110 1748 2140 dicens,
1771 2115 1786 2134 a
1809 2124 1811 2128 ι

1003 2173 1031 2192 re
1046 2171 1181 2199 corporea
1196 2163 1340 2197 desumpta
1354 2159 1544 2189 similitudine.
1556 2157 1625 2193 Typi
1643 2156 1715 2183 cnim
1732 2154 1788 2182 fere

1004 2215 1068 2238 sunt
1083 2217 1174 2237 rerum
1188 2207 1401 2243 intelligibilium
1418 2213 1449 2233 ea
1463 2212 1524 2240 quae
1534 2203 1661 2232 sensibus
1674 2201 1786 2237 patent,

160 2251 201 2278 ὣν
210 2242 258 2283 εἰς
270 2250 317 2278 τὸν
329 2249 428 2277 κόλπον
441 2248 489 2275 τοῦ
505 2246 621 2282 Πατρός,
641 2245 742 2275 ἐκεῖνος
764 2242 925 2277 ἐξηγήσατο.
938 2251 939 2255 η

1004 2261 1032 2284 et
1058 2264 1118 2291 quae
1145 2255 1173 2282 in
1199 2255 1277 2283 nobis
1298 2257 1363 2281 sunt
1392 2253 1425 2280 ad
1445 2249 1717 2286 comprehensionem
1738 2254 1788 2274 nos

168 2295 278 2331 Ἐπειδὴ
291 2293 345 2329 γὰρ
363 2293 415 2329 ἔφη
437 2292 567 2328 μονογενῆ
587 2289 634 2316 καὶ
647 2288 724 2319 Θεὸν,
740 2287 847 2322 τίθησιν
859 2285 950 2317 εὐθὺς,

165 2349 176 2365 ί
186 2340 217 2366 ’0
230 2329 313 2365 ὣννὲν
326 2339 382 2369 τοῖς
393 2337 501 2368 κόλποις
520 2334 567 2361 τοῦ
584 2334 700 2368 Πατρὸς,
718 2341 726 2357 ι
742 2331 784 2357 ἴνα
797 2330 890 2363 νοῆται
903 2329 949 2355 καὶ

167 2382 229 2414 Υἱὸς
243 2381 274 2414 ἑξ
291 2380 385 2413 αὑτοῦ,
395 2381 442 2408 καὶ
453 2381 481 2406 ἐν
494 2377 568 2413 αὐτῴ
583 2376 714 2411 φυσικῶς,
726 2374 786 2401 ἀντὶ
798 2373 847 2408 τῆς
859 2373 951 2404 οὐσίας

165 2426 210 2452 τὸν
223 2425 324 2453 κόλπον
337 2424 433 2457 εἰπὼν,
447 2423 484 2454 ὼς
505 2423 537 2448 ὲκ
552 2419 771 2456 παραδείγματος
787 2416 951 2452 σωματικοῦ.

166 2469 254 2497 ἸὋποι
271 2469 324 2505 γάρ
344 2468 396 2496 είσί
422 2476 480 2498 πως
499 2465 554 2492 τῶν
575 2463 677 2499 νοητῶν
700 2462 733 2489 τὰ
753 2461 951 2495 ἐμφανέστερα,

167 2514 216 2541 καὶ
234 2513 400 2548 χειραγωγεῖ
419 2513 486 2546 πρὸς
500 2508 653 2543 κατάληψιν
669 2506 724 2532 τῶν
743 2505 812 2540 ὑπὲρ
831 2504 904 2539 ἡμᾶς
923 2504 956 2529 τὰ

169 2559 198 2585 ἐν
214 2547 299 2593 ἡμῖν]
315 2555 482 2591 λαμϐάνεται
492 2553 520 2580 δὲ
532 2552 660 2582 πολλάκις
674 2550 710 2581 ὡς
727 2550 755 2575 ὲν
767 2548 870 2579 εἰκόνος
882 2547 957 2580 τάξει

169 2601 206 2628 τὰ
225 2592 391 2636 σωματικὰ,
419 2599 466 2626 καὶ
488 2597 657 2631 λεπτοτέρων
681 2595 746 2629 ἡμῖν
773 2592 958 2627 θεωρημάτων

172 2634 293 2680 εἰσφέρει
311 2644 360 2680 τὴν
383 2641 544 2677 κατάληψιν.
566 2641 590 2666 εἰ
614 2640 661 2666 καὶ
676 2637 747 2664 οὕτω
770 2638 868 2662 νοεῖται
890 2634 959 2680 κατὰ

173 2677 268 2725 καιρὸν
287 2677 399 2718 οίκεῖον,
422 2687 460 2718 ὡς
482 2686 514 2712 ἂν
537 2683 660 2719 εἰρῆσθαι
681 2682 756 2716 δοκῇ,
778 2681 868 2707 ὁποῖον
892 2677 959 2705 εἶναί

173 2724 245 2770 φημι
257 2733 288 2759 τὸ
301 2733 348 2759 ἐπὶ
361 2730 482 2761 Μωσέως
494 2749 501 2761 .
520 2726 680 2761 «suam
694 2726 742 2761 τὴν
756 2725 834 2760 χεῖρά
850 2732 896 2750 σου
921 2724 960 2754 εἰς

232 2776 332 2804 κόλπον
351 2783 408 2802 σου.
426 2783 435 2799 ι
459 2773 594 2807 Ἀδικὴσει
610 2771 639 2797 δὲ
656 2770 723 2801 ὅλως
737 2769 781 2795 τὸν
795 2768 873 2801 λόγον
887 2766 962 2793 οὐδὲν

174 2821 206 2847 τὸ
223 2821 254 2847 ιν
279 2819 372 2854 κόλπῳ
390 2816 526 2844 τεθεῖσθαι
548 2815 594 2842 τοῦ
623 2813 748 2848 Ἅϐραὰμ
771 2811 816 2838 τὸν
841 2810 963 2845 Λάζαρον

211 2877 234 2893 ³³
252 2876 318 2903 Luc.
346 2882 401 2905 xvi,
416 2873 508 2901 19-51.
544 2871 647 2898 "Joan.
670 2877 716 2899 ιιι,
737 2869 781 2895 55.

178 2911 213 2940 90
226 2919 304 2947 seqq.
343 2911 365 2927 ’°
377 2909 442 2936 Luc.
458 2916 513 2940 xv‘t,
533 2907 577 2933 9.2.

814 2868 834 2882 ⁸⁵
854 2866 918 2893 ihid.
949 2866 989 2893 l6.
1030 2866 1050 2881 ⁸⁷
1070 2863 1141 2891 l‘sal.
1162 2861 1318 2892 Lxxxv1,‘2.

1004 2302 1144 2329 deducunt
1159 2307 1254 2327 eorum
1270 2306 1330 2334 quae
1341 2305 1424 2332 supra
1441 2304 1490 2324 nos
1506 2299 1569 2322 sunt
1585 2304 1590 2321 :
1606 2294 1689 2328 ﬁtque
1705 2299 1789 2326 smpe-

1005 2355 1120 2375 nutncro
1135 2350 1165 2373 ut
1179 2344 1371 2374 similitudinis
1385 2344 1447 2370 loco
1460 2350 1504 2369 res
1521 2346 1660 2374 corporeae
1679 2345 1788 2365 suman-

1006 2398 1061 2425 tur,
1077 2401 1138 2428 qua:
1155 2399 1206 2419 nos
1222 2391 1254 2418 ad
1272 2390 1450 2419 subtiliorum
1464 2386 1725 2421 contemplationum
1742 2390 1791 2409 no-

1006 2440 1095 2466 titiam
1116 2439 1232 2466 evehant
1256 2437 1290 2469 ⁸⁵⁸,
1315 2436 1377 2463 licet
1402 2433 1533 2462 historice
1556 2430 1746 2465 intelligantur
1771 2428 1793 2454 si

1008 2485 1153 2520 capiantur
1181 2491 1213 2512 eo
1238 2483 1319 2510 modo
1343 2488 1398 2516 quo
1425 2480 1498 2507 dicta
1525 2481 1613 2505 sunt:
1639 2473 1794 2509 cujusmodi

1009 2536 1050 2559 est
1066 2531 1132 2558 illud
1150 2530 1183 2557 de
1199 2529 1273 2557 Mosc
1290 2538 1295 2555 :
1312 2538 1320 2554 ι
1336 2526 1410 2554 lnt'er
1425 2532 1534 2553 manum
1552 2528 1627 2550 tuam
1651 2522 1678 2548 in
1703 2520 1795 2548 sinum

1010 2581 1097 2603 tuum.
1115 2585 1123 2601 ι
1138 2575 1216 2607 Quod
1233 2578 1326 2601 antem
1341 2572 1445 2600 dicitur
1463 2571 1489 2598 in
1508 2569 1570 2597 sinu
1588 2567 1707 2595 Abrahze
1723 2565 1798 2600 posi-

1011 2628 1055 2650 ttts
1072 2629 1133 2650 esse
1151 2620 1290 2651 Lazarus,
1309 2626 1362 2646 non
1380 2617 1460 2644 modo
1478 2614 1546 2642 nihil
1563 2613 1646 2641 otIicit
1658 2631 1665 2645 ,
1684 2610 1733 2639 sed
1751 2609 1801 2637 do-

1013 2669 1109 2695 ctrinae
1131 2671 1232 2694 nostrae
1255 2664 1431 2698 suﬁragatttr.
1461 2661 1488 2689 ld
1515 2661 1587 2688 enim
1613 2661 1717 2686 tantum
1745 2662 1799 2683 non

1016 2716 1157 2750 Scriptura
1184 2713 1267 2739 dicit:
1287 2720 1295 2736 ι
1312 2710 1435 2737 Mortuus
1466 2707 1605 2735 Lazarus.
1632 2708 1658 2732 et
1673 2700 1801 2750 corporis

1017 2763 1070 2789 vita
1087 2761 1237 2791 exsolutus,
1256 2758 1282 2785 in
1302 2757 1392 2784 sinum
1402 2754 1517 2783 Abrahm
1527 2753 1634 2780 delatus
1647 2753 1704 2780 est,
1721 2744 1759 2772 ³⁸»
1774 2745 1801 2772 id

1017 2812 1077 2839 est,
1099 2807 1169 2833 inter
1189 2805 1258 2832 lilios
1273 2802 1390 2830 Abrahae
1406 2801 1559 2828 eullocatus
1576 2801 1633 2828 est,
1652 2800 1732 2829 quem
1752 2797 1801 2824 pa-

1358 2860 1379 2874 ”
1400 2856 1486 2885 Exod.
1506 2863 1548 2888 tv,
1577 2854 1602 2881 ὕ.
1642 2854 1663 2867 ⁸⁹
1685 2849 1764 2875 Rntn.
1781 2854 1817 2874 l,.
