2028 3118
246 187 300 214 183
743 188 772 215 S.
793 183 931 213 CYBILLI
949 182 1184 210 ALEXANDRIM
1204 181 1364 210 ARClllEl’.
1823 178 1875 206 184

245 250 314 272 trem
329 244 478 273 multarum
499 245 619 281 gentium
637 246 729 280 posuit
755 245 827 273 Deus
839 245 872 271 ⁷⁷.
897 243 1036 278 Scriptum

1089 242 1192 274 εἰπεῖν,
1223 240 1419 277 συναγορεύσει
1443 239 1470 266 δὲ
1503 238 1603 275 μᾶλλον
1634 237 1724 272 αὐτῷ,
1749 236 1797 263 καὶ
1823 238 1878 268 τοῖς

243 291 346 326 quippe
371 295 414 319 est
439 291 542 319 alicubi
567 291 600 319 de
627 291 708 327 ipso:
728 300 738 317 ι
757 290 893 326 Quoniam
923 289 1033 316 Patrem

1089 288 1234 324 ἡμετέροις
1253 288 1446 323 συνδραμεῖται
1461 285 1629 321 θεωρήμασι.
1647 283 1736 310 Μόνον
1749 282 1804 317 γὰρ
1821 283 1880 317 οῦχί

246 336 396 364 multarum
413 337 534 372 gentium
551 342 577 365 te
593 338 727 366 constitui
741 339 775 365 ".
792 347 801 363 ι

1087 333 1165 360 τοῦτό
1178 341 1259 368 φησιν
1271 334 1286 367 ἡ
1301 333 1361 359 θεία
1373 331 1469 367 Γραφή
1484 339 1490 346 ·
1501 329 1636 361 ιΤεθνεὼς
1652 330 1666 356 6
1680 328 1817 363 Λάζαρος.
1834 327 1880 354 καὶ

244 381 294 416 τὴν
326 382 405 417 -μετὰ
437 382 563 418 σώματος
587 384 744 415 καταλύσας
774 384 861 418 ζωὴν,
887 383 927 413 εἰς
952 381 1051 408 κόλπον
1077 379 1203 414 Ἀϐραὰμ.
1228 379 1386 414 ἀπηνέχθη,
1410 387 1419 404 ι
1440 377 1499 404 ἀντὶ
1516 376 1575 408 τοῦ,
1601 377 1630 402 ὲν
1656 376 1724 406 uici;
1755 373 1882 408 Ἀϐραὰμ

245 428 466 455 κατατέτακται·
492 431 598 465 πατέρα
620 431 648 457 δὲ
673 430 777 457 πολλῶν
804 429 888 456 ἐθνῶν
913 428 1033 455 τέθεικεν
1052 427 1133 454 αὑτὸν
1154 428 1168 453 6
1191 427 1266 459 Θεός.
1295 426 1376 454 Οὕτω
1405 425 1434 452 δέ
1448 433 1498 451 που
1517 424 1671 459 γέγραπται
1702 422 1766 456 περὶ
1786 419 1880 447 αὐτου·

248 483 258 498 ι
269 473 329 499 ’Ότι
347 474 457 509 Πατέρα
473 475 577 502 πολλῶν
592 476 675 502 ἐθνῶν
692 475 801 502 τέθεικά
821 484 860 502 σε.
875 484 884 501 ι

280 521 303 553 1,
321 521 417 549 19-20.
434 522 468 549 Et
483 523 530 550 hoc
545 528 584 551 est
602 524 781 551 testimonium
793 523 918 555 Joannis,
929 523 1035 557 quando

1124 519 1179 547 Kal
1193 519 1268 552 αὕτη
1287 518 1374 545 ἐστὶν
1388 518 1407 551 ἠ
1423 516 1570 552 μαρτυρία
1587 515 1640 542 τοῦ
1661 513 1811 545 Ἰωάννου,
1832 513 1881 538 ὅτε

246 567 374 594 miserunt
385 567 474 596 Juda't'
486 569 518 595 ab
529 569 702 605 Jerosolymis
713 569 860 597 sacerdotes
872 576 893 596 et
906 569 996 596 levitas
1004 568 1038 594 ad

1089 564 1275 592 ἀπέστειλαν
1294 565 1321 590 οἱ
1342 562 1479 590 Ἰουδαῖοι
1501 561 1535 594 ἐξ
1559 559 1776 595 Ἰεροσολύμων
1793 557 1881 605 ίερεῐς

246 621 317 645 eum,
328 618 356 640 ut
367 614 562 650 interrogarent
576 624 634 642 eum
646 624 655 643 :
668 616 706 642 Tu
716 616 774 651 quis
786 624 812 642 es
824 617 836 643 .9
853 615 885 642 Et
902 615 1038 649 confessus

1089 611 1138 638 καί
1160 610 1298 651 Λερΐτας,
1322 609 1371 636 ἵνα
1385 608 1577 642 ἐρωτήσωσιν
1590 606 1693 638 αὐτὸν,
1713 604 1754 632 Σὺ
1768 604 1814 636 τίς
1832 602 1879 651 εῖν,

195 689 197 693 η
247 663 287 686 est
298 663 322 685 et
339 667 391 686 non
417 661 537 695 negavit;
556 666 580 688 et
595 661 729 695 confessus
743 665 781 688 est
797 669 805 687 :
821 660 892 693 Quia
907 669 958 688 non
980 669 996 688 εκ

1090 658 1146 685 Kal
1162 650 1350 692 ὡμολόγησε,
1367 655 1416 682 καὶ
1431 655 1489 682 οὐκ
1506 653 1660 688 ἠρνήσατο
1673 661 1679 668 ·
1705 651 1752 678 καὶ
1769 650 1883 685 ὠμολόο

247 712 293 740 ego
304 705 437 734 Christus.

1092 711 1197 738 τησεν,
1216 702 1261 729 ὅτι
1276 703 1336 729 Οὐκ
1352 701 1408 736 εἰμὶ
1420 700 1477 736 ἐγὼ
1490 702 1506 727 ὁ
1519 700 1651 734 Χριστός.

284 750 332 778 Sui
348 752 484 779 sermonis
498 759 603 779 memor
616 753 796 788 evangelista,
809 753 899 780 fusius
912 760 943 781 ea
958 753 1040 781 nobis

1129 749 1274 783 Μέμνηται
1290 747 1344 774 τῶν
1361 746 1457 773 ἑαυτοῦ
1474 746 1561 779 λόγων
1577 746 1591 771 6
1605 741 1808 788 εὑαγγελιστὴς,
1835 739 1882 768 καὶ

247 797 367 831 explicat
380 805 441 832 qua:
456 799 617 825 summatim
631 787 709 834 prius
726 799 871 827 indicavit.
883 799 951 827 Cum
965 801 1038 828 enim

1092 793 1261 829 πλατύτερον
1288 793 1354 828 ἡμῖν
1378 791 1533 827 ἐξηγεῖσθαι
1557 789 1711 822 σπουδάζει,
1735 787 1826 834 καλῶς
1851 794 1883 834 γε

249 839 351 868 dixerit
367 850 374 868 :
393 851 402 867 ι
417 841 480 870 Fuit
505 842 589 870 homo
609 833 714 872 missus
739 851 753 870 a
779 844 849 876 Deo,
873 845 916 872 cui
939 853 1040 873 nomen

1093 841 1195 875 σφόδρα
1219 840 1321 871 ποιῶν,
1345 839 1417 874 ἆπερ
1440 838 1491 874 ἤδη
1515 837 1620 872 φθάσας
1639 836 1676 867 ὡς
1699 835 1728 862 ὲν
1745 833 1883 868 κεφαλαίῳ

249 890 308 913 erat
315 886 443 916 Joannes.
455 888 583 916 llicvenit
592 890 619 916 in
631 891 918 926 testitiioniutn,108
925 897 954 918 ut
963 892 1025 919 testi
1034 907 1041 912 -

1093 886 1306 921 συνειλημμένος
1327 885 1556 920 καταμεμήνυκεν
1569 890 1576 896 ·
1590 881 1675 909 εἰπὼν
1696 881 1751 916 γάρ
1763 889 1770 896 ·
1789 889 1798 905 ι
1809 879 1885 926 Ὲγές

251 932 371 959 monium
386 934 542 968 perhiberet
553 935 586 962 de
599 936 712 969 lumine,
723 947 732 962 ι
751 938 912 964 necessario
927 937 1045 971 subjici!

1092 941 1152 961 νετο
1163 932 1304 968 ἄνθρωπος
1318 930 1522 965 ἀπεσταλμένος
1536 928 1613 964 παρὰ
1625 927 1794 962 Θεοῦ,δνομα
1809 925 1884 959 αὺτῷ

250 977 330 1011 quale
346 979 382 1006 sit
397 980 458 1014 ejus
471 981 671 1008 testimonium.
687 982 755 1009 Cum
772 984 858 1015 eriim,
876 983 979 1019 inquit,
990 983 1039 1010 Ju-

1100 966 1236 1013 Ἰωάννηξ.
1248 973 1331 1008 Οὗτος
1340 974 1421 1011 ἦλθεν
1431 976 1470 1007 είς
1484 974 1646 1010 μαρτυρίαν,
1660 974 1703 1000 ἵνα
1717 972 1883 1019 μαρτυρήσῃ

251 1022 374 1051 lituorum
403 1026 542 1061 principes
567 1027 600 1054 ad
625 1035 687 1055 eum
708 1028 868 1056 sacerdotes
893 1017 921 1056 et
944 1030 1042 1057 levitas

1094 1026 1159 1062 περὶ
1172 1024 1218 1052 τοῦ
1235 1024 1333 1058 φωτός·
1349 1032 1358 1049 ι
1377 1021 1534 1055 ἀναγκαίως
1548 1020 1678 1055 εῑσφὲρει,
1691 1019 1739 1045 καὶ
1754 1018 1804 1053 τῆς
1820 1017 1883 1052 παρ’

250 1075 312 1095 cum
330 1070 468 1098 mandatis
484 1072 635 1104 miserunt,
649 1073 695 1107 qui
713 1077 843 1109 rogarent
859 1075 992 1109 quidnam
1009 1075 1043 1103 de

1096 1071 1179 1099 αὑτοῦ
1195 1069 1345 1105 γενομένης
1363 1067 1515 1103 μαρτυρίας
1535 1066 1580 1093 τὸν
1596 1065 1707 1101 τρόπον.
1735 1064 1801 1090 Ὅτε
1819 1062 1885 1097 γὰρ,

251 1114 344 1150 seipso
357 1115 471 1150 diceret,
483 1121 549 1146 tunc
564 1126 631 1146 sane
646 1119 739 1153 palam
754 1124 781 1147 et
793 1126 887 1155 aperte
901 1121 1043 1156 professus

1096 1118 1195 1154 φησὶν,
1221 1117 1245 1143 οἱ
1270 1115 1325 1142 τῶν
1357 1112 1513 1141 Ἰουδαῖκῶν
1538 1112 1686 1147 ταγμάτων
1709 1110 1780 1137 κατὰ
1803 1109 1887 1156 νόμον

251 1165 309 1193 est,
328 1162 397 1189 nihil
425 1163 528 1192 veritus
556 1170 669 1200 propter
695 1154 852 1196 veritatem.
871 1166 947 1194 Dixit
972 1168 1045 1195 enim

1099 1162 1253 1199 καθηγηταί.
1286 1162 1354 1197 πρὸς
1384 1160 1466 1186 αὐτὸν
1496 1158 1700 1185 ἀπεστάλκασιν
1729 1157 1812 1192 ἱερεῖς
1840 1154 1887 1181 καὶ

252 1213 282 1232 se
297 1214 353 1234 non
374 1215 436 1235 esse
450 1208 604 1237 Christum.
619 1209 727 1246 Itaque,
742 1219 775 1238 ne
790 1219 840 1246 ego
863 1211 987 1246 quidem,
1004 1212 1047 1239 in-

1098 1209 1223 1240 Λευῒτας,
1238 1206 1422 1234 ἀναπυθέσθαι
1433 1204 1644 1242 προστάξαντες,
1656 1203 1682 1229 τί
1694 1203 1726 1230 ἂν
1737 1202 1812 1236 λέγοι
1824 1209 1856 1227 πε
1862 1201 1888 1235 ρὶ

252 1252 322 1286 quit,
339 1253 420 1288 hujus
436 1254 499 1281 libri
522 1255 642 1290 scriptor
662 1257 796 1284 mentitus
812 1265 884 1289 sum.
900 1264 963 1284 cum
989 1257 1048 1284 dixi

1099 1255 1207 1286 ἑαυτοῦ,
1222 1256 1283 1281 τότε
1300 1253 1332 1289 δὴ
1347 1253 1393 1280 καὶ
1410 1252 1484 1288 μάλα
1499 1252 1591 1285 σαφῶς
1607 1250 1779 1285 ὡμολόγησε,
1795 1249 1887 1275 πᾶσαν

252 1297 286 1323 de
302 1298 371 1325 illo:
391 1298 472 1326 «Non
495 1304 555 1327 erat
579 1301 625 1328 ille
651 1301 708 1335 lux,
733 1302 780 1329 sed
806 1307 835 1329 ut
859 1302 1047 1330 testimonium

1097 1301 1255 1332 ὑποπτύσας
1271 1299 1338 1327 αἰδὼ
1353 1298 1397 1326 διὰ
1410 1298 1460 1333 τὴν
1476 1297 1613 1333 ἀλήθεια-ν
1625 1296 1676 1332 ἔφη
1690 1296 1754 1330 γὰρ,
1764 1295 1804 1322 ὅτι
1816 1294 1888 1328 Ἐγὼ

254 1343 409 1376 perhiberet
426 1344 459 1371 de
477 1345 589 1373 lumine.
603 1356 612 1372 ι

1097 1349 1148 1375 οὐκ
1165 1349 1223 1382 εἰμὶ
1232 1348 1246 1374 6
1255 1345 1382 1382 Χριστός.
1394 1344 1499 1372 Οὐκοῦν
1510 1344 1570 1370 οὐδὲ
1581 1343 1646 1377 ἐγὼ,
1655 1342 1747 1378 φησὶν,
1755 1342 1769 1368 6
1781 1341 1829 1368 τοῦ
1847 1339 1887 1375 βι-

254 1389 328 1416 ϐλίου
346 1392 521 1426 συγγραφεὺς
536 1392 697 1429 διέψευσμαι
706 1393 794 1428 λέγων
805 1403 837 1421 πε
842 1395 869 1430 pi.
877 1395 960 1422 αὑτοῦ
973 1403 980 1411 ·
992 1404 1002 1420 ι
1017 1396 1074 1422 οὐκ
1085 1393 1119 1431 ἦν
1131 1396 1219 1422 ἐκεῖνο
1227 1394 1257 1420 τὸ
1268 1394 1334 1428 φῶς,
1343 1392 1399 1419 ἀλλ’
1411 1392 1453 1418 ἵνα
1462 1389 1624 1426 μαρτυρήσῃ
1633 1388 1696 1424 περὶ⁸
1703 1387 1749 1415 τοῦ
1763 1386 1862 1422 φωτός.
1878 1395 1887 1412 ³

289 1437 309 1469 1,
323 1439 369 1466 21.
386 1438 418 1465 Et
444 1440 671 1475 interrogaverunt
688 1450 747 1469 eum
762 1451 770 1469 :
783 1443 853 1476 Quid
875 1446 956 1479 ergo?
970 1443 1044 1471 Elia:

1134 1444 1187 1472 Καὶ
1208 1442 1369 1477 ἠρώτησαν
1381 1440 1487 1468 αὐτόν·
1514 1439 1544 1465 Τι’
1558 1435 1632 1469 οὖν,
1658 1437 1761 1469 Ἠλίας
1771 1433 1815 1467 si;
1835 1434 1889 1462 Καὶ

253 1493 280 1511 es
296 1485 344 1511 tu!
360 1484 392 1511 Et
407 1485 496 1512 dixit:
513 1485 576 1514 Non
598 1495 667 1514 sum.
682 1487 815 1523 Prop/leta
836 1497 863 1516 es
886 1491 935 1518 tu?
950 1489 982 1516 Et
1004 1498 1045 1516 re—

1098 1489 1196 1524 λέγει·
1221 1489 1281 1516 Οὐκ
1299 1487 1367 1522 ειμι.
1396 1487 1427 1512 ’0
1444 1483 1600 1519 προφήτης
1620 1481 1649 1511 εἶ
1664 1483 1726 1514 mi;
1750 1482 1804 1509 Kal
1818 1481 1890 1509 ἀπε-

253 1529 361 1562 spondit
377 1538 385 1556 :
403 1528 475 1556 Non.

472 1551 475 1556 -
1098 1537 1184 1572 κρΙθη
1197 1545 1203 1551 ·
1224 1536 1273 1563 Οὔ.

303 1575 372 1602 Cum
401 1577 556 1611 explicandi
585 1578 674 1613 gratia
703 1579 872 1614 evangelista
903 1580 1005 1607 dixerit
1036 1588 1043 1607 :

1140 1583 1185 1614 Ὠς
1206 1582 1236 1608 ὲν
1257 1580 1388 1615 ἐξηγήσει
1408 1579 1488 1606 πάλιν
1503 1576 1588 1605 εἰπών
1601 1585 1607 1591 ⁸
1628 1585 1637 1602 ι
1654 1575 1835 1611 Ὠμολὸγησεν
1850 1574 1889 1600 ὅτι

259 1629 268 1644 ι
281 1619 434 1648 Confessus
451 1622 571 1657 est,quia
590 1630 640 1658 ego
656 1630 710 1651 non
728 1631 789 1652 sum
804 1625 962 1657 Christus,»
979 1633 1041 1653 rur-
1056 1623 1060 1643 ‘

1094 1617 1166 1664 Ἐγὼ
1179 1628 1230 1655 οὐκ
1253 1626 1312 1662 είμὶ
1322 1627 1336 1653 ὁ
1348 1625 1476 1662 Χριστὸς,
1493 1634 1502 1649 ι
1517 1623 1649 1650 δεικνύειν
1671 1622 1799 1658 πειρᾶται
1821 1620 1889 1652 πῶς,

258 1673 320 1692 sum
349 1666 498 1696 ostendere
525 1674 654 1701 conatur,
678 1678 733 1706 quo
753 1671 834 1699 modo
863 1671 935 1699 facta
965 1672 1050 1700 fuerit

1101 1675 1117 1710 ἢ
1135 1673 1205 1702 κατὰ
1221 1672 1283 1700 τίνα
1298 1672 1399 1707 τρόπον
1414 1671 1429 1697 6
1445 1671 1494 1705 τῆς
1515 1669 1658 1704 ὁμολογίας
1680 1668 1774 1702 γέγονε
1791 1666 1887 1700 λόγος·

259 1713 305 1739 illa
328 1712 482 1746 confessio.
505 1714 630 1751 adeoque
657 1716 724 1744 mihi
753 1717 862 1745 videtur
886 1719 929 1746 bis
957 1719 1050 1746 verbis

1102 1720 1149 1746 καί
1163 1727 1218 1754 μοι,
1233 1718 1306 1744 δοκεῖ
1322 1717 1366 1744 διὰ
1388 1715 1490 1742 τούτων
1510 1714 1560 1748 τὴν
1577 1713 1630 1740 τῶν
1652 1711 1786 1739 Ἰουδαίων
1808 1710 1891 1736 ἀπαι-

259 1757 415 1785 Ᾰυάαςοτιιιη
437 1759 578 1789 inscitiam
604 1762 695 1796 palam
721 1762 848 1798 detegere
871 1773 876 1791 :
899 1773 908 1789 ι
924 1763 1050 1792 [licentes

1101 1764 1209 1792 δευσίαν
1226 1762 1367 1798 βούλεσθαι
1390 1759 1509 1796 γυμνοῦν
1520 1767 1527 1774 ⁸
1556 1769 1564 1784 ι
1580 1759 1732 1789 Φάσκοντες
1749 1756 1804 1791 γὰρ
1822 1753 1891 1781 εἶναι

259 1803 332 1830 enim
349 1811 379 1831 se
392 1811 454 1832 esse
470 1805 625 1840 sapientes,
636 1808 713 1835 stulti
731 1807 796 1835 facti
814 1813 880 1836 sunt
895 1809 928 1842 ",
944 1819 952 1836 ι
971 1815 997 1837 et
1013 1810 1051 1837 Ie-

1102 1810 1190 1845 σοφοὶ,
1202 1809 1413 1845 ἐμωράνθησαν·
1432 1817 1441 1833 r
1464 1806 1510 1833 καὶ
1528 1806 1575 1832 ἐπὶ
1589 1806 1621 1840 τῇ
1635 1804 1681 1831 τοῦ
1695 1804 1778 1838 νόμου
1792 1802 1891 1836 γνώσει

261 1850 304 1882 gis
325 1850 492 1884 singularem
516 1851 569 1879 sibi
587 1853 771 1886 cognitionem
788 1860 962 1890 arrogantes.
980 1855 1051 1883 ultro

1102 1854 1344 1891 κατωφρυωμένοι,
1364 1853 1420 1880 ἄνω
1432 1860 1462 1878 τε
1477 1852 1524 1878 καὶ
1541 1851 1617 1877 κάτω
1630 1849 1678 1881 τὰς
1707 1849 1751 1876 διὰ
1768 1847 1891 1879 Μωσέως

261 1896 388 1930 citroque
404 1898 519 1932 prolatis
536 1901 682 1935 praeceptis
705 1900 843 1933 Mosaicis,
860 1906 887 1929 et
902 1910 964 1929 cum
989 1910 1052 1930 san-

1102 1902 1288 1938 προτείνοντες
1300 1899 1419 1930 ἐντολὰς,
1436 1898 1483 1924 καὶ
1500 1897 1568 1933 πρὸς
1582 1898 1643 1928 τοὺς
1658 1895 1711 1922 τῶν
1728 1894 1813 1929 ἁγίων
1828 1902 1893 1938 προ-

260 1946 367 1968 ctorum
383 1943 581 1978 prophetarum
597 1945 722 1973 doctrina
742 1946 793 1974 sibi
811 1948 973 1982 cumprimis
984 1956 1051 1976 cou-

1102 1937 1194 1984 φήτῶν
1209 1945 1419 1982 ἀπηκριϐῶσθαι
1434 1945 1531 1979 λόγους
1545 1943 1785 1978 διισχυριζόμενοι,
1806 1941 1841 1966 δι’
1857 1937 1892 1966 ὧν

263 1987 355 2014 venire
384 1993 557 2022 asserentes,
589 1990 746 2019 istiusmodi
775 1993 866 2020 stultis
897 1993 1052 2028 interroga-

1103 1995 1240 2030 ἐρωτῶσιν
1260 1991 1440 2023 ἀπαιδεύτως,
1467 1991 1510 2017 διὰ
1527 1990 1629 2016 τούτων
1650 1988 1715 2014 πολὺ
1741 1986 1801 2012 λίαν
1817 1986 1893 2016 ὄντες

263 2033 386 2061 tionibus
400 2042 477 2062 suam
491 2036 608 2064 mirifice
631 2037 753 2072 produnt
769 2038 946 2073 imperitiam.
965 2039 1052 2066 Muses

1103 2039 1219 2074 ἀμαθεῖς
1235 2037 1440 2072 ἐξελέγχονται·
1458 2037 1472 2062 6
1488 2035 1536 2070 μὲν
1551 2034 1604 2070 γὰρ
1620 2032 1780 2068 ἱεροφάντης
1793 2031 1894 2065 Μωσῆς

263 2079 335 2106 enim
354 2079 400 2107 ille
418 2088 560 2109 sacrorum
578 2083 708 2116 antistes,
723 2083 869 2112 Dominum
886 2085 974 2112 instar
991 2094 1053 2120 pro-

1101 2085 1139 2116 ὠς
1156 2085 1184 2111 ἐν
1205 2083 1345 2119 προφήτου
1368 2081 1443 2113 τάξει
1464 2080 1509 2108 τὸν
1532 2080 1634 2115 Κύριον
1651 2076 1894 2112 ἀναδειχθήσεσθαι

264 2125 352 2159 pheta:
362 2127 554 2161 appariturum
564 2128 692 2163 inquiens
701 2130 867 2164 praedicebat
877 2130 941 2158 filiis
951 2131 1050 2159 Israel:

1102 2131 1199 2164 λέγων,
1213 2129 1399 2165 προεκήρυττε
1416 2128 1471 2158 τοῖς
1488 2127 1555 2158 υἱοῖς
1575 2125 1682 2160 Ἰσραήλ
1695 2133 1701 2139 '
1727 2134 1736 2150 ι
1748 2124 1810 2150 ’Ὁτι
1827 2131 1893 2158 προ‹

267 2180 276 2196 ι
288 2171 357 2204 Quia
372 2173 533 2208 prophetam
548 2181 582 2201 ex
598 2174 731 2202 fratribus
748 2175 805 2204 tuis
823 2176 895 2203 sicut
907 2185 950 2204 me
965 2178 1053 2205 susci-

1104 2177 1190 2212 φὴτην
1203 2177 1235 2202 ὲκ
1247 2175 1301 2201 τῶν
1311 2173 1432 2208 ἀδελφῶν
1444 2181 1500 2203 σου,
1515 2172 1552 2203 ὠς
1562 2171 1623 2206 ἐμὲ,
1633 2170 1779 2204 ἀναστήσει
1793 2168 1895 2202 Κῦριος

264 2217 332 2243 tabit
352 2216 484 2253 Dominus
502 2217 573 2246 Deus
592 2223 655 2247 tuus
671 2229 677 2246 :
693 2220 784 2254 ipsum
806 2221 935 2253 audietis,
954 2230 1053 2250 secun-

1102 2222 1117 2248 ὁ
1139 2220 1204 2252 Θεός
1231 2227 1295 2246 σου·
1322 2218 1405 2245 αὑτοῦ
1431 2215 1580 2244 ἀκούσεσθε
1596 2223 1605 2237 '.
1634 2214 1705 2241 κατὰ
1732 2213 1822 2240 πάντα
1846 2213 1894 2238 ὅσα

264 2261 329 2288 dum
344 2263 435 2288 omnia
454 2270 515 2296 qua:
528 2263 631 2298 petiisti
646 2272 660 2290 a
674 2264 790 2292 Domino
804 2265 861 2293 Deo
873 2271 921 2294 tuo
939 2267 965 2294 in
981 2268 1053 2295 Cho-

1104 2267 1197 2303 ᾑτήσω
1215 2265 1291 2300 παρὰ
1303 2263 1404 2299 Κυρίου
1419 2261 1465 2288 τοῦ
1479 2261 1546 2288 Θεοῦ
1562 2268 1608 2286 σου
1625 2260 1652 2285 ἐν
1668 2258 1779 2293 Χωρήϐ.
1794 2267 1803 2282 ι
1826 2257 1855 2282 ’0
1868 2256 1894 2282 δὲ

265 2307 314 2334 reb
326 2307 359 2333 ³³.
374 2317 383 2333 ι
403 2307 613 2346 Beatus_autem
637 2310 741 2344 Isaias,
758 2319 955 2346 praecursorem
971 2314 1051 2341 nobis

1107 2292 1240 2349 μακάριος
1257 2292 1383 2341 ⁵Ἡσαΐας,
1405 2308 1450 2335 τον
1470 2307 1624 2342 πρόδρομον
1646 2292 1776 2340 ἡμῖνκαὶ
1791 2303 1895 2338 προάγ-

264 2357 290 2381 et
318 2355 502 2388 praenuntium
532 2354 717 2390 significans:
743 2367 751 2382 ι
767 2357 825 2385 Vox
854 2359 999 2387 clamantis
1024 2361 1051 2387 in

1106 2356 1183 2390 γελον
1204 2354 1337 2390 εἰσφέρων
1351 2374 1358 2385 ,
1388 2363 1397 2379 ι
1411 2351 1488 2386 Φωνὴ
1511 2350 1625 2385 βοῶντος
1649 2351 1677 2376 ὲν
1702 2350 1735 2384 τῇ
1759 2349 1867 2383 ἐρήμῳ,
1884 2356 1892 2372 ι

265 2399 384 2432 deserto,
408 2399 497 2434 inquit
513 2410 518 2427 :
535 2400 635 2429 Parale
655 2402 714 2429 vias
734 2403 852 2436 Domini,
871 2408 961 2432 rectas
974 2405 1053 2434 facite

1107 2400 1209 2436 φησίν·
1236 2409 1246 2425 ‹
1265 2398 1444 2433 Ἑτοιμάσατε
1467 2397 1515 2427 τὰς
1542 2396 1617 2427 ὁδοὺς
1642 2394 1762 2429 Κυρίου,
1790 2393 1895 2424 εὐθείας

265 2444 378 2472 semitas
395 2444 465 2479 cjus.
481 2447 506 2461 "
519 2455 528 2470 ι
547 2445 657 2473 Tertius
671 2448 778 2474 accedit
799 2448 868 2482 Juel,
883 2450 929 2484 qui
947 2450 980 2478 de
996 2450 1053 2477 Elia

1108 2447 1207 2474 ποιεῖτε
1224 2445 1272 2476 τὰς
1294 2445 1402 2480 τρίϐους
1417 2442 1509 2469 αὑτοῦ.
1526 2452 1535 2467 ι
1558 2441 1613 2467 Καὶ
1629 2441 1720 2476 τρίτος
1734 2439 1780 2466 ἐπὶ
1792 2439 1895 2469 τούτοις

265 2489 397 2518 Thesbite
417 2490 513 2517 scribit
538 2491 566 2517 in
588 2491 662 2518 hunc
680 2493 789 2521 modum
808 2503 813 2520 :
834 2504 842 2520 ι
858 2494 891 2522 Ει
915 2504 980 2523 ecce
1005 2504 1054 2532 ego

1107 2494 1121 2519 6
1135 2493 1275 2528 προφήτης
1299 2489 1375 2524 Ὶωὴλ
1392 2489 1455 2523 περὶ
1469 2488 1516 2515 τοῦ
1536 2487 1664 2514 Θῖσδίτου
1680 2486 1763 2521 φησὶν
1787 2485 1895 2532 (Ἠλίας

265 2536 372 2563 mittam
397 2537 476 2564 vobis
494 2536 580 2564 Elian)
606 2538 767 2573 Thesbiten,
786 2542 831 2576 qui
848 2547 990 2571 convertet
1007 2530 1056 2570 cor

1107 2538 1134 2564 δὲ
1145 2535 1244 2572 οὖτος)·
1265 2536 1336 2563 «Καὶ
1352 2535 1406 2562 ἰδοὺ
1419 2534 1475 2568 ὲγὼ
1487 2533 1643 2560 ἀποστέλλω
1661 2533 1725 2567 ὑμῖν
1745 2531 1839 2558 Ἠλίαν
1852 2530 1895 2557 τὸν

265 2582 355 2616 patris
370 2582 404 2609 ad
422 2583 518 2613 filiuni.
534 2587 561 2611 et
583 2585 741 2614 incredulos
756 2587 789 2614 ad
813 2589 987 2623 prudentiam
1009 2590 1055 2622 ju-

1107 2583 1248 2617 Θεσϐίτην,
1271 2582 1299 2613 ὃς
1316 2580 1537 2614 ἀποκαταστήσει
1562 2577 1676 2614 καρδίαν
1700 2576 1804 2612 πατρὸς
1832 2576 1895 2611 πρὸς

265 2630 383 2659 storum,
400 2633 437 2653 ne
449 2626 519 2654 forte
541 2628 650 2656 veniam
667 2634 693 2656 et
710 2621 860 2665 percutiam
878 2639 977 2661 terram
994 2621 1027 2660 οὗ.
1043 2643 1052 2659 ι

1109 2629 1174 2661 υἱὸν,
1191 2629 1238 2655 καὶ
1248 2627 1370 2658 ἀπειθεῖς
1387 2627 1415 2653 ὲν
1430 2626 1560 2660 φρονήσει
1571 2624 1693 2655 δικαίων,
1708 2623 1751 2649 ἵνα
1768 2622 1806 2657 μὴ
1817 2621 1894 2651 ἔλθω,

266 2670 335 2698 Cum
362 2672 446 2707 igitur
470 2676 525 2700 tres
552 2674 606 2701 sint
633 2676 682 2710 qui
707 2679 816 2705 venturi
843 2679 1056 2708 nuntiabantur.

1107 2675 1153 2701 καὶ
1169 2673 1281 2706 πατάξω
1295 2672 1344 2708 τὴν
1361 2672 1412 2707 γῆν
1431 2671 1525 2707 ἄρδην,
1552 2680 1561 2696 t
1586 2670 1675 2705 Τριῶν
1695 2670 1780 2696 ὄντων
1796 2669 1893 2699 τοίνυν,

267 2717 384 2745 Messias
411 2718 553 2751 nimirum,
577 2720 698 2749 Joannes
720 2728 748 2751 et
772 2723 854 2756 Elias,
877 2723 963 2751 ,ἰυόωὶ
994 2733 1056 2758 spe-

1107 2721 1186 2755 οἶπερ
1197 2721 1271 2755 ἥξειν
1282 2718 1454 2753 ἠγγέλλοντο,
1470 2717 1527 2753 [τοῦ
1539 2715 1741 2751 Μεσσίου,]·καὶ
1759 2715 1892 2744 Ἰωάννου,

267 2767 332 2791 rant
362 2765 455 2800 plures
491 2770 638 2801 venturos,
666 2773 695 2795 ut
717 2770 780 2804 jure
815 2770 928 2798 audiant
952 2779 957 2797 :
980 2780 988 2796 ι
1006 2771 1054 2797 Er-

1108 2767 1153 2793 καὶ
1169 2766 1268 2796 Ἠλίου,
1281 2764 1388 2795 πλείους
1403 2763 1546 2798 ἀφίξεσθαι
1560 2761 1746 2798 προσδοκῶσιν
1764 2761 1893 2791 Ἰουδαῖοι,

269 2809 522 2842 ηιὶείηοεοὶθηιεε
543 2811 702 2846 Scripturas
717 2816 751 2841 “.
766 2825 775 2841 ι
788 2815 960 2850 lnterrogato
983 2816 1054 2842 enim

1109 2813 1153 2839 ἵνα
1176 2812 1223 2838 καὶ
1247 2811 1358 2841 δικαίως
1377 2809 1514 2836 ἀκούσωσι
1526 2818 1532 2824 ·
1562 2819 1570 2834 ι
1585 2807 1726 2835 Πλανᾶσθε
1743 2807 1780 2841 μὴ
1797 2805 1894 2836 εἰδότες

306 2867 326 2883 ⁰¹
345 2866 411 2895 Gen.
428 2869 530 2899 ml,5.
571 2871 592 2887 “
605 2871 684 2901 Rom.
703 2881 722 2904 ι.
737 2873 780 2900 22.
819 2874 840 2890 θ’
861 2873 939 2901 Deut.
961 2881 1034 2906 U‘lll,
1053 2873 1074 2900 ιε

273 2901 297 2917 ’⁸
311 2901 404 2931 Matth.
418 2912 482 2935 xm,
498 2904 542 2931 29.
856 2922 864 2925 ν

1092 2894 1094 2902 ,
1118 2872 1157 2901 ιθ.
1177 2872 1198 2887 ’³
1216 2871 1267 2898 lsa.
1287 2878 1329 2901 χι,
1348 2870 1380 2901 5;
1402 2867 1480 2895 Joan.
1499 2868 1579 2900 1.9.3.
1598 2868 1619 2884 "
1635 2867 1749 2895 Malach.
1769 2875 1806 2901 tr,
1825 2868 1850 2901 5,
1868 2865 1893 2894 6.
