2028 3118
152 183 204 212 I85

670 188 704 216 IN
723 189 865 220 JOANNIS
878 190 1101 221 EVANGELIUM
1123 193 1185 222 LIB.
1206 195 1225 224 Ι.

1720 201 1771 229 ίὸῦ

147 246 199 294 ’ἑὰς
225 243 345 294 Γραφάς,
370 254 384 294 ι*
415 245 629 294 Διερωτήσαντες
651 247 705 284 γὰρ
729 249 775 276 τὸν
799 250 932 286 μακάριον

986 250 1092 281 Joanne
1107 253 1239 288 Baptista,
1255 259 1399 291 postquam
1420 262 1587 293 acceperunt
1610 258 1698 294 ipsum
1716 267 1770 287 non

149 288 318 323 11απτιστὴν,
342 289 389 315 καὶ
415 289 545 324 μαθόντες
569 291 664 327 ὅτιπερ
687 293 768 325 αὐτὸς
791 295 840 322 οὐκ
862 295 906 330 εἴη
922 297 936 322 ὁ

148 335 279 371 Χριστὸς,
294 335 504 371 ἀποκρίνονται·
518 337 550 364 Τί
564 334 625 370 οὗνς
649 339 742 371 Ἦλίας
756 339 797 373 et;
819 341 875 368 Καὶ
891 341 935 367 λέ-

148 388 255 414 γοντος,
270 380 326 407 Οὐκ
342 381 410 416 εἰμὶ,
436 381 494 408 δέον
519 382 615 414 αὐτοὺς
636 384 698 420 περὶ
713 385 761 411 τοῦ
777 386 936 421 Προδρ6μου

147 427 241 453 λοιπὸν
265 426 497 453 ἀναπυνθάνεσθαι
514 427 603 460 (τοῦτο
627 429 681 464 γὰρ
705 430 744 457 ἔτι
766 432 796 458 τὸ
819 431 934 467 λοιπὸν),

148 471 319 503 ἀπαιδεύτως
338 473 380 498 ἐπ’
396 473 475 499 αὑτὸν
491 475 665 510 ἀνατρέχουσι
680 477 725 502 τὸν
745 478 870 512 Χριστὸν,
890 478 935 504 τὸν

147 517 187 549 ὡς
208 518 351 554 προφήτην
365 518 408 545 διὰ
428 518 476 545 τοῦ
499 521 581 555 νόμου
597 521 840 557 καταδηλούμενον.
865 524 935 559 Ὅρα

147 562 203 596 γὰρ
216 563 243 588 τί
258 571 338 597 φασιν
351 563 400 589 οὐκ
415 564 514 596 εἰδότες
526 566 560 592 τὰ
573 565 617 592 διὰ
632 567 754 599 Μωσέως
766 576 773 583 ⁸
799 578 808 594 1
827 568 856 595 '0
868 577 933 604 προ-

148 609 238 643 φήτης
250 606 277 635 εἴ
292 608 342 640 σύ;
356 610 409 635 Καὶ
424 610 569 646 ἀπεκρίθη·
584 611 632 639 Οὗ.
650 622 659 639 ι
685 614 722 640 Οὐ
738 615 791 650 γὰρ
804 612 838 650 ἦν
854 615 934 647 αὐτὸς

146 655 163 681 Δ
179 655 307 689 Χριστὸς,
325 655 397 682 καθὰ
411 657 458 682 καὶ
475 657 580 690 φθάσας
594 659 643 694 ἤδη
659 659 855 695 διισχυρίσατο.

186 700 219 727 Τί
226 700 266 727 σὺ
279 701 376 735 λέγεις
390 703 456 735 περὶ
467 704 597 731 σεαυτοῦ
608 705 693 740 ’Ἐγὼ
706 706 790 740 φωνὴ
798 706 934 741 ,βοῶντος

146 746 184 773 ὲν
194 745 233 780 τῇ
245 747 352 780 ἐρήμῳ·
756 779 762 792 ι

190 792 233 822 Ὠς
247 791 322 818 οὐδὲν
340 793 443 825 εἰδότας
458 795 564 829 ἐλέγχιι
577 796 699 831 γοργῶς,
720 791 766 824 καὶ
777 801 932 835 προφητικῇ

146 837 290 865 πιστοῦται
311 839 449 874 μαρτυρίᾳ
479 840 529 876 τὴν
551 841 765 876 ὲγχειρισθείσαν
794 843 931 876 ὑπόθεσιν,

145 882 207 918 ἦτοι
222 882 359 911 διακονίαν
372 885 457 918 αὐτῷ.
476 886 555 912 Ἥκω
567 888 631 921 γὰρ,
646 889 737 923 φησὶν,
753 889 828 915 οὐδὲν
840 890 932 925 ἕτερον

146 928 229 963 ἐρῶν,
240 929 257 964 ἢ
271 930 312 956 ὃτι
324 930 415 957 λοιπὸν
430 931 476 958 ἐπὶ
486 918 581 967 θύραις
590 918 851 969 ὁ-προσδοδίώμενος,
865 918 933 970 μᾶλ-
948 918 970 945 Β

145 973 191 1000 λον
205 974 234 1000 δὲ
254 975 319 1002 εἵσω
332 975 422 1010 Θυρῶν
444 977 458 1003 ὁ
482 978 630 1013 Δεσπότης.
654 979 850 1015 Ἑτοιμάσθητε
867 980 935 1015 πρὸς

144 1019 234 1054 ἥνπερ
253 1019 287 1046 ἂν
310 1020 448 1047 ἐπιτάττει
471 1021 588 1055 βαδίζειν
614 1023 689 1054 ὁδὸν,
718 1024 860 1050 ὲὸαδίσατε
885 1024 934 1060 τὴν

144 1064 190 1090 διὰ
213 1065 351 1098 Μωσέως,
377 1067 522 1094 ἁνελάὸετε
548 1069 597 1104 τὴν
612 1068 656 1095 διὰ
671 1069 807 1104 Χριστοῦ·
833 1069 934 1106 ταύτην

144 1111 213 1145 ἡμῖν
226 1112 240 1137 ὁ
252 1111 306 1139 τῶν
320 1111 406 1146 ἁγίων
423 1113 571 1148 προφητῶν
587 1115 775 1150 προεκήρυττε
792 1116 879 1151 χορός.

143 1156 313 1190 Παρὰθεσις
329 1157 431 1192 ῥητῶν
453 1158 520 1192 περὶ
542 1159 613 1186 ὀδοῦ
633 1159 688 1192 τῆς
705 1161 780 1186 κατὰ
794 1161 931 1194 Χριστόν.

186 1203 316 1236 Ἡσαᾶις.
337 1212 346 1229 1
368 1204 451 1230 Δεῦτε
468 1205 514 1231 καὶ
529 1205 674 1240 ἀναὸὦμεν
696 1207 736 1237 εἰς
755 1207 786 1232 τὸ
801 1206 862 1241 ὅρος
885 1206 932 1233 τοῦ

144 1248 264 1283 Κυρίου,
278 1250 324 1275 καὶ
340 1250 379 1281 εἰς
392 1250 438 1276 τὸν
453 1247 526 1277 οἷκον
543 1251 590 1277 τοῦ
605 1250 673 1278 Θεοῦ
692 1251 803 1283 ’1ακὼ6,
823 1252 871 1278 καὶ
887 1253 933 1278 ἀν-

145 1294 256 1328 αγγελεί
275 1295 342 1329 ἡμῖν
363 1295 413 1330 τὴν
428 1295 487 1321 ὁδὸν
510 1296 606 1327 αὑτοῦ,
632 1297 679 1323 καὶ
701 1297 890 1332 πορευσόμεθα
905 1298 933 1324 ἐν

144 1339 226 1375 αὐτῇ.
243 1349 252 1365 ι

187 1384 215 1411 '0
228 1385 327 1418 αὐτός.
351 1395 360 1411 1
385 1386 481 1413 Ἔσται
501 1385 560 1414 ἐκεῖ
575 1386 632 1419 ὁδὸς
648 1386 772 1422 καθαρὰ,
800 1387 847 1414 καὶ
875 1387 932 1419 ὁδὸς

144 1430 211 1465 ἁγία
223 1430 402 1467 κληθήσεται,
426 1434 472 1459 καὶ
483 1433 533 1460 οὐχ
547 1433 622 1460 ἔσται
637 1433 695 1459 ἐκεῖ
709 1433 791 1465 λέων,
805 1433 864 1460 οὐδὲ
878 1433 932 1460 τῶν

145 1477 248 1512 θηρίων
261 1477 314 1504 τῶν
330 1478 456 1513 πονηρῶν
470 1479 545 1506 οὐδὲν
559 1479 589 1505 οὐ
614 1479 651 1514 μὴ
664 1479 752 1514 ἀναϐῇ
766 1480 823 1506 ἐκεῖ
834 1498 842 1511 ,
866 1479 890 1506 οἱ
904 1479 932 1505 δὲ

144 1523 337 1559 διεσπαρμένοι
350 1524 527 1560 πορεύσονται
544 1525 573 1551 ὲν
589 1525 668 1560 αὐτῇ.
686 1534 695 1551 ι

986 305 1047 326 esse
1065 299 1214 332 Christum,
1229 301 1380 336 subjiciunt
1391 311 1398 329 :
1409 304 1479 335 Quid
1491 305 1573 339 ergo-‘2
1592 303 1665 332 Eiias
1681 313 1710 332 es
1723 306 1770 333 tu!

986 341 1034 369 lllo
1048 347 1174 377 negante,
1193 351 1254 372 cum
1279 349 1351 373 esset
1365 352 1577 376 consentaneum
1596 350 1769 384 percunctari

986 388 1019 415 de
1039 396 1226 424 praecursoria,
1247 391 1326 426 109
1343 391 1387 425 (id
1405 395 1477 420 enim
1497 395 1628 429 restabat)
1645 395 1770 430 imperite

986 434 1019 461 ad
1043 434 1131 469 ipsum
1148 436 1288 464 Christum
1306 437 1397 464 statim
1424 445 1454 465 se
1480 438 1636 470 conterunt,
1663 440 1710 474 qui
1740 444 1769 466 ut

985 481 1117 515 propheta
1137 489 1185 516 per
1203 482 1288 517 legem
1311 483 1493 516 signiﬁcatur.
1518 483 1586 511 Vide
1607 485 1679 511 enim
1703 486 1767 520 quid

985 525 1078 553 dicant
1092 528 1255 562 scriptorum
1278 528 1461 556 Mosaicornm
1479 529 1568 564 ignari
1583 539 1588 556 :
1607 539 1615 555 1
1634 529 1768 564 Propheta

984 579 1015 600 es
1029 573 1078 599 tu?
1098 573 1129 599 Et
1149 574 1300 608 respondit,
1322 573 1392 601 Non.
1414 584 1423 601 ι
1445 574 1505 601 Non
1527 578 1586 602 erat
1608 575 1682 602 cnim
1711 576 1770 610 ipse

984 617 1122 651 Christus,
1141 619 1237 654 utjam
1255 625 1318 647 ante
1331 619 1514 648 confirmavit.

1017 707 1037 740 Ι,
1047 707 1093 738 2'2,
1105 707 1149 734 25.
1168 707 1238 739 Quid
1247 707 1314 734 dicis
1329 707 1361 734 de
1375 709 1457 742 teipse
1468 709 1480 736 1‘
1491 707 1546 743 Ego
1563 716 1611 735 vos:
1627 708 1768 736 clamantis

983 754 1010 780 in
1022 753 1134 781 deserto.

1019 798 1158 833 Tanquam
1173 799 1281 834 ignaros
1292 799 1494 834 Scripturarum
1508 799 1610 826 acriter
1620 807 1668 826 eos
1680 799 1769 834 arguit

983 848 1009 871 et
1023 843 1182 879 prophetico
1196 844 1351 872 testimonio
1367 843 1447 871 ﬁdem
1474 843 1540 870 facit
1563 844 1710 871 ministerii
1736 851 1768 871 ac

984 890 1052 917 vicis
1071 889 1122 917 sibi
1147 889 1326 917 demandatae.
1348 888 1436 917 Venio
1465 889 1549 922 enim,
1579 890 1677 924 inquit,
1701 889 1767 916 nihil

984 936 1108 964 dicturus
1125 936 1198 963 aliud
1221 936 1274 963 nisi
1298 943 1347 971 pro
1363 934 1469 963 foribus
1486 935 1596 963 demum
1617 942 1679 962 esse
1705 942 1766 961 eum

983 982 1030 1017 qui
1041 985 1227 1016 exspectatur,
1239 981 1295 1008 imo
1310 981 1402 1016 potius
1415 981 1557 1008 Dominum
1573 981 1644 1007 intra
1661 985 1765 1014 portas.

984 1027 1074 1054 Parati
1091 1028 1151 1055 sitis
1166 1035 1360 1062 quamcunque
1371 1027 1450 1062 jubet
1462 1027 1534 1053 viam
1547 1026 1691 1053 insistere:
1710 1032 1768 1051 am-

983 1073 1100 1101 bulastis
1117 1073 1144 1100 in
1160 1073 1202 1100 via
1219 1073 1313 1104 Mosis,
1325 1073 1429 1100 Christi
1443 1072 1514 1099 viam
1532 1071 1682 1106 suscipite:
1696 1070 1767 1097 hanc

984 1118 1063 1146 nobis
1080 1122 1239 1146 sanctorum
1255 1118 1448 1154 prophetarum
1465 1116 1590 1151 prwdixit
1606 1116 1719 1143 chorus.

1072 1165 1235 1192 Testimonia
1252 1163 1438 1197 prop/letarum
1457 1161 1489 1188 de
1507 1162 1549 1187 m'a
1566 1160 1678 1188 Christi.

1019 1210 1118 1239 Isaias.
1139 1219 1148 1236 1
1165 1209 1262 1237 Venite
1271 1208 1452 1236 ascendatnns
1466 1207 1494 1233 in
1506 1209 1625 1233 montem
1644 1204 1763 1236 Domini,

983 1264 1010 1287 et
1024 1258 1058 1286 ad
1071 1258 1180 1285 domum
1193 1255 1239 1283 Dei
1251 1255 1346 1287 Iacob,
1364 1259 1391 1282 et
1408 1252 1582 1280 annuntiabit
1599 1251 1678 1278 nobis
1692 1251 1763 1277 viam

984 1312 1072 1338 suam,
1086 1307 1113 1331 et
1127 1301 1329 1330 ambulabimus
1347 1300 1374 1326 in
1385 1307 1417 1327 ea
1430 1299 1465 1325 9’.
1482 1309 1491 1325 ι

1018 1392 1103 1419 Idem.
1124 1400 1133 1416 1
1152 1389 1212 1417 Erit
1227 1389 1263 1416 ibi
1277 1388 1319 1415 via
1335 1387 1449 1418 munda,
1467 1389 1493 1413 ct
1510 1385 1553 1412 via
1575 1388 1668 1411 sancta
1686 1390 1768 1410 voca-

983 1439 1078 1466 bitur:
1097 1444 1152 1464 non
1168 1436 1221 1464 erit
1236 1436 1271 1462 ibi
1290 1435 1344 1465 leo,
1362 1438 1390 1461 ct
1407 1433 1477 1459 mala
1498 1431 1582 1459 bestia
1602 1438 1655 1457 non
1671 1437 1768 1457 ascen-

983 1486 1028 1513 det
1039 1484 1065 1512 in
1082 1490 1152 1515 eam,
1171 1481 1218 1509 sed
1231 1480 1411 1508 atnhulabunt
1425 1479 1451 1505 in
1464 1485 1495 1505 ea
1512 1476 1637 1511 dissipati
1651 1476 1684 1502 ³⁸.
1703 1484 1712 1500 ι

187 1571 214 1597 '0
226 1572 325 1604 αὐτός.
351 1581 360 1597 1
382 1571 480 1607 Ἀρχὴν
496 1571 565 1599 Σιὼν
576 1571 671 1604 δώσω,
692 1572 740 1599 καὶ
758 1571 933 1608 Ἰερουσαλὴμ

1019 1573 1104 1600 Idem.
1126 1581 1134 1598 1
1163 1569 1332 1605 Principium
1360 1567 1432 1595 dabo
1458 1565 1534 1598 Sion,
1566 1570 1591 1592 ct
1615 1563 1767 1592 Jerusalem

146 1617 331 1652 παρακαλέσω
347 1618 387 1648 είς
403 1617 472 1644 ὀδόν.
491 1627 500 1642 ι

186 1664 218 1690 '0
238 1664 337 1696 αὑτός.
367 1672 376 1688 1
403 1664 458 1690 Καὶ
481 1663 537 1695 ἄξω
559 1664 676 1698 τυφλοὺς
698 1672 727 1690 εν
747 1664 813 1700 ὁδῷ,
882 1664 933 1690 οὐκ

145 1709 277 1743 ἔγνωσαν·
288 1710 334 1736 καὶ
343 1710 464 1745 τρίϐους,
475 1709 509 1741 ἃς
520 1710 569 1737 οὐκ
577 1710 687 1745 ᾔδεσαν,
697 1711 768 1746 πατῆ
773 1719 818 1737 σαι
828 1710 934 1745 ποιήσω

144 1752 255 1784 αὐτούς.
274 1761 284 1778 ›

186 1798 336 1833 Ἱερεμίας.
357 1808 367 1824 1
384 1798 468 1834 Στῆτε
487 1799 535 1826 ἐπὶ
545 1800 604 1832 ταῖς
619 1800 698 1833 ὁδοῖς,
715 1800 760 1827 καὶ
778 1801 933 1835 ἐρωτήσατε

144 1844 256 1880 τρίϐους
269 1844 369 1880 Κυρίου
383 1845 516 1878 αἰωνίους,
532 1846 578 1872 καὶ
593 1846 662 1872 ἴδετε
677 1847 740 1873 ποία
759 1846 832 1873 ἐστὶν
848 1848 865 1881 ἠ
876 1846 934 1878 ὁδὸς

146 1891 163 1925 ή
177 1891 278 1926 ἀγαθὴ,
294 1891 341 1917 καὶ
355 1891 475 1925 βαδίζετε
489 1891 518 1918 ἐν
531 1892 601 1928 αὐτῇ
613 1911 621 1924 ,
649 1892 695 1918 καὶ
707 1893 838 1928 εὑρήσετε
854 1893 934 1926 ἁγια-

147 1936 216 1971 σμὺν
231 1937 291 1968 ταῖς
304 1937 401 1972 ψυχαῖς
416 1936 502 1972 ὑμῶν.
522 1946 531 1962 ι

181 1982 230 2015 Τίς
241 1980 287 2010 οὖν
304 1984 319 2018 ἡ
333 1983 392 2015 ὁδὸς
409 1984 425 2018 ἡ
438 1983 527 2019 ἀγαθὴ
547 1983 594 2010 καὶ
609 1984 756 2018 ἁγνίζουσα
783 1985 845 2016 τοὺς
861 1985 934 2020 βαδί-

147 2030 243 2061 ζοντας
257 2030 286 2056 ὲν
299 2029 379 2066 αὐτῇ,
395 2029 475 2061 αὐτὸς
489 2029 591 2064 λεγέτω
607 2030 724 2066 Χριστός
737 2039 744 2046 ·
763 2041 771 2056 1
793 2031 863 2065 Ἐγώ
877 2033 934 2067 εἰμι

147 2074 275 2108 ήὸδός.)

178 2120 234 2146 Καὶ
251 2121 277 2147 oi
290 2120 510 2154 ἀπεσταλμένοι
523 2118 604 2155 ἦσαν
623 2121 657 2147 ἐκ
679 2121 738 2148 τῶν
749 2123 933 2157 Φαρισαίων,

147 2165 197 2192 καὶ
218 2165 378 2200 ἠρώτησαν
400 2166 508 2198 αὑτὸν,
531 2166 580 2193 καὶ
602 2164 688 2193 εἶπον
707 2168 802 2200 αὐτῷ·
829 2169 860 2196 Τί
878 2167 935 2196 οὖν

144 2211 315 2244 ﬁam-(Gtc,
329 2213 355 2238 εί
374 2211 414 2238 σὺ
426 2212 482 2238 οὐκ
498 2209 527 2239 εἴ
545 2213 562 2238 ό
576 2212 701 2246 Χριστὸς
711 2232 718 2245 ,
738 2214 807 2241 οὔτε
823 2214 933 2248 Ἠλίας,

148 2259 216 2286 οὔτε
228 2259 245 2285 ὁ
259 2257 413 2293 προφήτης
425 2266 434 2289 ;

182 2304 214 2330 Οί
235 2304 310 2339 παρὰ
321 2303 377 2329 τῶν
395 2302 529 2329 Ἰουδαίων
546 2302 744 2338 ἀπεσταλμένοι
764 2303 886 2339 (Λευῖται
905 2305 934 2331 δὲ

147 2347 226 2385 ἦσαν,
243 2349 290 2376 καὶ
307 2349 361 2375 τῶν
375 2350 404 2375 ὲν
420 2347 552 2384 ἱερωσύνῃ
567 2349 661 2384 τινὲς),
678 2349 848 2380 ἀπαιδεύτως
863 2351 933 2385 ἐρω-

147 2395 247 2426 τῶντες
268 2395 424 2430 ἠλέγχοντο.
449 2394 562 2430 Ἕτερον
582 2394 637 2430 γὰρ
658 2392 728 2422 εἶναι
740 2395 786 2421 τὸν
804 2395 932 2431 Χριστὸν,

148 2440 240 2477 ἕτερον
263 2440 292 2467 δὲ
308 2441 353 2467 τὸν
364 2440 408 2467 διὰ
418 2439 465 2466 τοῦ
481 2440 564 2475 νόμου
585 2441 725 2476 προφήτην
747 2441 935 2468 ὑποτοπάσαν-

148 2486 335 2520 τες,ἔφασκον,
344 2485 412 2521 μετὰ
418 2486 446 2512 τὸ
458 2486 542 2521 φῆσαι
552 2486 596 2512 τὸν
604 2486 681 2520 ἅγιον
694 2486 934 2521 Βαπτιστὴν,Ἑγὼ

148 2531 198 2558 οὐκ
213 2532 273 2566 εἰμὶ
290 2533 303 2558 ὁ
320 2531 437 2566 Χριστός
450 2538 457 2545 '
479 2540 488 2556 1
508 2531 536 2557 '0
550 2532 690 2566 προφήτης
711 2529 735 2558 εἴ
758 2531 789 2558 σύ
803 2540 810 2565 ;
829 2542 838 2558 ι
864 2533 934 2559 Ἀλλ’

150 2577 203 2605 ἰδοὺ
227 2578 274 2604 καὶ
297 2579 314 2613 ή
339 2577 392 2603 τῶν
412 2576 565 2611 Φαρισαίων
590 2577 696 2612 πληθὺς
718 2577 934 2612 δοκησισοφοῦσα

151 2624 250 2658 μᾶλλον
273 2624 344 2659 ἤπερ
364 2623 447 2656 ὅντως
470 2623 569 2659 ἀκριϐῆ
590 2622 644 2648 τῶν
667 2622 747 2649 θείων
768 2623 864 2658 λογίων
884 2624 934 2660 τὴν

150 2669 248 2704 γνῶσιν
260 2670 360 2705 ἔχουσα
379 2669 520 2704 φωρᾶται·
544 2677 553 2693 1
574 2668 606 2694 Τί
625 2668 679 2703 γὰρ
696 2669 763 2699 ὅλως
783 2669 933 2703 βαπτίζεις,

151 2716 231 2751 φησὶν
241 2735 248 2747 ,
264 2717 288 2742 st
306 2715 338 2741 σὺ
354 2715 403 2741 οὒκ
417 2711 443 2740 εἴ
456 2715 470 2741 ὁ
485 2713 601 2749 Χριστὸς
611 2733 618 2746 ,
638 2713 698 2739 οὐδὲ
723 2713 816 2745 Ἠλίας
827 2733 834 2745 ,
851 2715 910 2741 οὐδὲ
921 2716 935 2741 ὁ

152 2764 291 2798 προφήτης
303 2770 310 2793 ;
326 2770 335 2786 ›
360 2761 498 2787 Φαίνονται
512 2760 540 2786 δὲ
554 2759 634 2785 πάλιν
645 2779 652 2790 ,
669 2759 698 2785 οὐ
717 2759 816 2794 μικρὰν
829 2760 936 2787 ὠδίνον-

151 2816 194 2840 τες
207 2808 277 2835 κατὰ
288 2807 336 2834 τοῦ
350 2805 498 2833 Βαπτιστοῦ
509 2806 557 2840 τὴν
568 2806 747 2833 ἀπόνοιαν.οὑ
758 2806 810 2842 γὰρ
821 2805 935 2839 ἀξιοῦσε,

185 2867 207 2881 ’⁷
224 2866 276 2894 lsa.
292 2875 322 2896 ιι.
334 2866 361 2893 3.
399 2866 486 2893 "lsa.
500 2872 579 2896 xxxv,
595 2863 621 2895 8,
640 2865 666 2892 9.
705 2867 727 2882 ⁹⁰
748 2866 800 2895 lsa.
817 2875 872 2900 xu,
895 2867 940 2895 27.

156 2901 247 2930 ‘Joan.
272 2910 290 2934 ι,
307 2901 351 2928 23.

983 1619 1113 1647 hortabor
1125 1617 1158 1645 ad
1172 1617 1243 1643 viam
1253 1615 1287 1642 θ’.
1307 1624 1315 1640 ι

1019 1664 1104 1692 Idem.
1120 1673 1128 1689 1
1148 1663 1182 1690 Et
1203 1662 1302 1690 ducam
1327 1667 1415 1688 caucos
1432 1659 1460 1686 in
1479 1658 1522 1685 via
1541 1665 1622 1692 quam
1641 1663 1695 1683 non
1719 1662 1769 1682 no-

981 1715 1090 1744 verunt,
1103 1714 1129 1738 et
1144 1707 1322 1744 per-semitas
1336 1713 1405 1741 quas
1436 1712 1490 1732 non
1515 1706 1617 1731 norunt
1641 1701 1768 1728 incedere

983 1758 1058 1792 ipsos
1075 1755 1172 1782 iaciam
1185 1755 1205 1781 ί.
1230 1762 1240 1779 ι

1016 1801 1157 1829 Jeremias.
1177 1808 1186 1825 1
1208 1798 1283 1826 State
1297 1805 1380 1833 super
1394 1797 1463 1829 vias,
1488 1799 1516 1822 et
1533 1795 1700 1827 interrogate
1723 1799 1768 1819 se-

983 1849 1065 1876 mitas
1083 1846 1188 1874 Domini
1206 1853 1266 1880 quae
1280 1852 1295 1871 a
1312 1844 1432 1871 saeculo:
1458 1846 1485 1870 ct
1505 1841 1593 1868 videte
1617 1839 1708 1874 qualis
1728 1842 1769 1865 est

982 1893 1026 1920 via
1037 1893 1120 1923 bona,
1138 1894 1165 1918 et
1184 1890 1320 1917 ambulate
1345 1889 1374 1914 in
1397 1895 1440 1919 ea,
1456 1892 1483 1914 ct
1502 1884 1651 1913 invenietis
1676 1883 1770 1917 puriti—

984 1939 1117 1968 cationem
1135 1935 1279 1962 animabus
1296 1934 1428 1961 vcstris’.
1450 1941 1459 1958 ι

1019 1985 1148 2017 Quanam
1161 1988 1226 2016 ergo
1240 1981 1276 2008 sit
1297 1980 1342 2007 illa
1359 1979 1402 2006 via
1420 1979 1502 2011 bona,
1519 1985 1634 2012 qumque
1649 1975 1771 2004 sanctifi-

984 2034 1028 2058 cat
1043 2028 1201 2057 incedentes
1220 2027 1248 2053 in
1264 2033 1306 2058 ea,
1330 2026 1388 2060 ipse
1413 2025 1485 2051 dicat
1514 2023 1661 2050 Christus:
1682 2031 1692 2047 1
1714 2022 1770 2056 Ego

985 2084 1045 2105 sum
1058 2076 1102 2102 via
1114 2075 1134 2101 ³.
1157 2083 1166 2099 ι

1019 2122 1039 2156 l,
1055 2120 1151 2149 2l—25.
1170 2119 1204 2146 Et
1227 2119 1271 2154 qui
1290 2117 1365 2144 missi
1382 2116 1500 2151 fuerant,
1527 2118 1604 2142 erant
1619 2121 1651 2140 ea;
1675 2111 1771 2138 Phari-

984 2169 1045 2196 arcis
1058 2175 1067 2194 :
1082 2172 1107 2194 et
1122 2167 1349 2200 interrogaverunt
1366 2171 1435 2194 eum,
1452 2166 1477 2188 et
1495 2161 1621 2187 dia-erunt
1635 2159 1659 2185 ei
1675 2166 1683 2184 :
1700 2156 1770 2189 Quid

985 2221 1045 2248 ergo
1071 2212 1201 2246 baptizas,
1223 2211 1246 2236 si
1264 2213 1292 2235 tu
1305 2216 1358 2235 non
1374 2215 1400 2234 es
1417 2206 1552 2236 Christus,
1577 2212 1658 2237 neque
1682 2201 1769 2233 Elius,

950 2253 972 2281 Ῑ)
987 2267 1067 2294 neque
1081 2257 1210 2292 propheta
1224 2257 1236 2284 ?

1019 2304 1097 2338 Quia
1115 2302 1216 2330 Iudaeis
1246 2301 1323 2335 missi
1341 2303 1430 2329 erant,
1454 2297 1555 2325 Levita!
1581 2296 1720 2328 nimirum,
1745 2299 1772 2323 et

982 2351 1094 2386 quidam
1108 2357 1141 2376 ex
1161 2347 1338 2376 sacerdotum
1360 2345 1468 2377 ordine,
1483 2343 1563 2377 110
1575 2342 1686 2369 stultam
1698 2349 1771 2376 quaa-

983 2398 1101 2426 stionem
1132 2395 1231 2423 iecisse
1264 2392 1459 2427 arguebantur.
1489 2390 1579 2416 Alium
1608 2388 1680 2416 enim
1710 2394 1772 2414 esse

984 2443 1135 2473 Christum,
1149 2441 1232 2467 alium
1245 2438 1405 2474 prophetam
1419 2437 1506 2469 illum,
1524 2434 1604 2468 cujus
1625 2434 1653 2461 in
1667 2433 1725 2467 lege
1743 2432 1771 2459 fit

987 2488 1090 2516 mentio
1102 2486 1244 2521 suspicati,
1263 2492 1325 2512 cum
1342 2488 1456 2511 sanctus
1471 2481 1593 2515 Baptista
1613 2478 1771 2514 respondis-

987 2537 1029 2562 set
1042 2541 1071 2560 se
1086 2540 1142 2560 non
1155 2539 1216 2559 esse
1227 2530 1382 2559 Christum,
1398 2527 1524 2555 dicebant
1538 2534 1545 2553 τ
1566 2535 1574 2550 1
1590 2525 1726 2559 Propheta
1740 2531 1770 2551 es

986 2580 1035 2606 tn?
1056 2588 1064 2605 ι
1089 2578 1141 2606 Sed
1166 2584 1230 2604 ecce
1257 2576 1336 2603 turba
1354 2575 1413 2609 ipsa
1437 2579 1547 2607 quoque
1570 2570 1770 2597 Pharisaeorum

985 2633 1056 2653 vana
1082 2623 1259 2660 persuasione
1289 2619 1431 2655 sapientiae
1457 2617 1548 2644 inﬂata
1569 2616 1663 2651 potius
1688 2623 1770 2650 quam

987 2678 1049 2698 vera
1075 2669 1233 2697 divinorum
1265 2665 1441 2693 oraculorum
1474 2662 1631 2698 cognitione
1658 2661 1770 2696 praedita

987 2724 1049 2745 esse
1060 2713 1284 2750 deprehenditur.
1304 2721 1313 2737 1
1333 2709 1403 2743 Quid
1415 2709 1499 2740 enim,
1524 2718 1533 2734 )
1553 2708 1677 2739 obsecro.
1697 2717 1706 2733 1
1724 2707 1773 2734 ba-

989 2763 1087 2797 ptizas,
1107 2770 1115 2786 ι
1137 2760 1275 2795 inquiunt,
1296 2767 1304 2783 1
1324 2757 1389 2784 situ
1405 2764 1458 2789 non
1480 2763 1510 2782 es
1520 2754 1664 2785 Christus,
1684 2760 1772 2788 neque

991 2809 1075 2838 Elias.
1105 2814 1193 2842 neque
1221 2802 1396 2840 propheta‘?
1416 2811 1425 2828 ›
1457 2800 1507 2828 llic
1523 2807 1620 2828 rursus
1646 2798 1771 2837 videntur

981 2868 987 2883 '
1012 2867 1064 2894 lsa.
1085 2874 1149 2900 xui,
1173 2865 1214 2893 t6.
1254 2865 1263 2880 ι
1277 2863 1378 2892 Jcrcm.
1398 2869 1436 2895 vr,
1459 2859 1501 2888 l6.
1545 2858 1555 2876 ⁹
1570 2857 1646 2886 Ioan.
1667 2865 1721 2889 xiv,
1742 2856 1768 2883 6.
