2028 3118
279 189 323 216 187

772 186 800 220 S,
821 184 957 213 CYRILLI
977 181 1210 212 ALEXANDIHNI
1230 180 1386 209 ARCIIIEP.

1851 177 1896 205 488

273 243 405 272 Joannem
423 243 570 279 Baptistam
586 250 640 270 non
665 250 760 278 parum
787 243 888 271 habere
903 242 1050 278 despectui

1109 239 1178 266 κατά
1193 239 1224 265 τὸ
1238 238 1325 269 εἰκὸς,
1338 239 1367 264 ὲν
1382 237 1420 272 τῷ
1437 236 1580 270 καταλόγῳ
1595 235 1649 262 τῶν
1670 235 1897 271 προσδοκωμένων

275 290 376 317 Nolunt
388 291 471 322 enim,
486 294 516 317 ut
531 294 655 325 apparet,
678 290 767 325 ipsum
783 290 810 316 in
830 297 925 317 eorum
948 297 1050 317 numeri

1114 283 1318 319 κατ[ατ]ἀττειν
1340 283 1432 314 αὐτὸν,
1448 282 1497 317 τὴν
1517 281 1546 307 δὲ
1570 281 1675 312 ἑαυτοῖς
1695 280 1896 316 συντεθραμμέ-

274 336 321 370 qui
350 336 584 370 exspectabantur
601 336 749 368 collocare,
780 336 828 363 sed
862 335 990 362 familiari
1010 335 1061 362 sibi

276 381 347 408 fastu
365 382 443 408 nihili
462 382 577 414 faciunt,
602 382 729 417 quamvis
756 382 896 416 prophetae
912 389 979 408 voce
997 389 1062 416 prte-

274 427 419 454 nuntiatus
434 427 481 454 sit.
498 428 565 454 Cum
580 428 653 455 enim
667 428 819 455 audierim:
835 437 844 454 ‹
864 427 920 463 Ego
934 435 994 454 sutn
1009 435 1061 454 vox

274 473 419 501 clamantis
432 474 460 501 in
477 474 585 502 deserto
603 484 609 501 :
623 474 720 502 Par-ate
735 475 806 502 viam
822 474 928 501 Domini
940 474 962 507 ',
975 483 984 500 ι
1000 481 1062 501 ora-

273 519 337 546 culo
356 519 469 554 rejceto,
491 519 666 554 impudenter
682 520 772 554 ipsum
801 519 844 546 his
860 519 1058 554 propemodum

272 566 365 593 verbis
383 567 597 601 aggrediuntur:
621 566 710 598 Nulla,
727 574 743 593 0
771 567 897 601 quisquis
919 574 959 597 es,
982 567 1008 593 in
1034 570 1060 593 te

270 616 314 640 est
328 613 491 643 auctoritas,
508 613 575 639 nihil
594 613 683 647 magni
702 617 748 639 aut
774 613 966 640 admirabilis:
982 612 1058 647 quid,

272 666 334 685 cum
350 659 418 685 nihil
439 659 497 693 ipse
509 659 558 690 sis,
575 663 680 686 tantam
692 667 749 686 rem
768 658 898 686 moliris?
911 659 1058 693 lmpiorum

271 703 472 732 Pharisaeorum
491 705 543 732 iste
566 713 624 732 mos
645 709 715 738 erat,
748 709 911 740 praesentem
939 705 1057 737 elevare,

269 758 332 777 eum
350 755 440 778 autem
459 751 506 786 qui
523 756 656 778 venturus
669 755 727 779 erat
742 751 805 778 ficto
819 751 923 778 honore
939 751 1056 778 allicere.

272 795 306 823 Ut
324 796 397 822 enim
412 796 482 831 apud
498 796 606 824 Judieos
618 797 645 823 in
661 797 765 823 honore
778 804 885 831 semper
904 801 1008 828 essent,
1031 800 1058 824 et

270 842 380 869 divitias
395 843 520 877 ingentes
529 843 580 870 sibi
592 847 795 878 compararent,
807 843 945 870 neminem
958 848 1057 878 prazter

270 895 300 914 se
316 888 446 915 honorari
464 889 648 924 patiebantur.
666 889 815 924 Propterea
833 891 921 925 ipsmn
947 897 1056 925 quoque

269 932 465 960 interfecerunt
490 934 635 967 haaredcm,
662 935 803 964 dicentes:
827 945 836 962 (
860 935 966 970 Venite,
982 937 1057 964 occi-

268 978 366 1007 damus
381 988 454 1011 θιιιιι,
468 985 495 1008 et
523 982 684 1009 habebimus
717 981 905 1009 lnereditatem
929 983 990 1018 ejus
1000 982 1020 1009 ‘.
1043 992 1052 1009 ι

301 1109 324 1142 1,
336 1109 430 1137 26-27.
450 1109 594 1144 Respondit
612 1111 650 1138 eis
664 1110 794 1146 Joannes,
812 1112 921 1140 dicens:
939 1113 992 1148 Ego
1009 1114 1056 1141 ba-

265 1157 337 1188 ptizo
352 1157 379 1184 in
408 1164 498 1191 aqua:
519 1158 619 1183 medius
638 1163 726 1184 autem
746 1163 859 1185 vestrum
873 1161 958 1191 slelit,
979 1170 1054 1195 quem

265 1210 309 1229 vos
325 1203 441 1230 nescitis.
458 1203 516 1236 Ipse
528 1209 577 1233 est.
594 1204 639 1238 qui
659 1209 716 1238 post
735 1213 775 1231 me
797 1211 921 1232 venturus
936 1211 986 1237 est,
1010 1208 1055 1240 qui

265 1252 327 1274 aute
344 1256 383 1274 me
394 1248 482 1282 factus
497 1253 555 1278 est;
569 1248 645 1282 cujus
657 1256 707 1275 non
720 1258 779 1276 sum
792 1249 898 1285 dignus,
915 1256 942 1277 ut
953 1252 1054 1279 solvant

219 1315 222 1318 .
264 1294 321 1328 ejus
337 1295 481 1329 corrigiam
501 1294 684 1322 calceamenti.

300 1384 399 1411 Beatus
419 1384 540 1419 Baptista
564 1393 643 1420 aequo
667 1386 760 1413 animo
785 1385 837 1414 fert
865 1387 1051 1423 increpantes,

262 1434 290 1458 et
305 1431 382 1458 valde
390 1431 514 1466 apposite
529 1432 660 1459 salutaris
674 1433 804 1467 praeconii
816 1434 989 1462 occasionem
1006 1443 1052 1462 sn-

262 1477 312 1503 Init
325 1485 356 1504 ex
371 1477 404 1504 iis
420 1485 479 1512 qua;
495 1477 528 1505 de
543 1486 573 1506 se
598 1482 708 1505 narrat:
729 1479 863 1514 docetque
879 1481 988 1508 demum
1008 1483 1049 1510 vel

262 1522 364 1550 invitos
380 1523 426 1556 qui
443 1523 477 1550 ad
495 1530 524 1550 se
539 1523 614 1550 missi
630 1529 707 1550 erant
725 1523 890 1556 Pharisaaos,
906 1525 1048 1554 Christum

261 1568 332 1594 intra
347 1572 440 1603 portas
458 1575 528 1595 esse.
557 1568 613 1604 Ego
642 1569 726 1601 enim,
753 1569 852 1605 inquit,
883 1571 1048 1606 baptismum

261 1614 344 1642 aﬂ‘ero
360 1615 557 1647 institutivum,
574 1616 691 1644 abluens
709 1624 779 1651 aqua
795 1621 909 1652 peccato
925 1619 1049 1654 inquina-

261 1665 304 1688 tos
319 1660 351 1687 ad
366 1661 471 1688 initium
489 1662 667 1696 pmnitentize,
687 1667 715 1690 et
730 1663 855 1691 homines
875 1671 890 1690 a
907 1665 998 1699 parvis
1015 1665 1049 1692 ad

260 1706 423 1741 perfectiora
457 1707 558 1734 docens
579 1707 668 1734 evehi.
703 1707 761 1735 lloc
788 1708 862 1736 enim
890 1713 932 1737 est
952 1719 1049 1746 reapse

259 1753 392 1787 implere,
421 1752 455 1780 ad
487 1754 560 1787 quod
591 1754 797 1788 praedicandum
832 1763 893 1783 sum
924 1757 1047 1789 missus,

262 1809 271 1825 ‹
286 1799 392 1830 Parate,
407 1808 415 1824 ι
430 1799 642 1834 ιιιεεὶιὶεοι,ι
655 1801 724 1828 viam
735 1801 852 1829 Domini.
866 1811 875 1828 ι
887 1801 938 1836 Qui
956 1808 1046 1832 autem

258 1845 392 1878 majorum
420 1850 447 1873 et
472 1845 628 1880 digniorum
653 1846 734 1874 dator
763 1851 814 1880 est,
847 1855 880 1876 ac
913 1850 1047 1878 universa:

258 1891 391 1917 honorum
409 1891 585 1926 perfectionis
599 1892 722 1928 largitor,
736 1893 763 1921 in
778 1894 869 1922 medio
881 1899 935 1922 stat
950 1897 1044 1928 vestri,

257 1936 367 1970 ignotus
383 1936 482 1968 adhuc,
500 1937 564 1972 quia
585 1945 670 1965 carne
688 1938 800 1967 indutus
818 1943 880 1967 est:
901 1941 948 1975 qui
969 1944 1046 1968 tanto

258 1989 301 2008 me
317 1982 460 2010 intervallo
475 1987 597 2018 superat,
614 1988 643 2010 ut
661 1992 694 2012 ne
710 1985 782 2013 servi
797 1986 858 2013 loco
873 1986 985 2021 digitum
1001 1995 1045 2015 me

255 2027 326 2062 apud
343 2028 433 2063 ipsum
457 2031 592 2064 reputem,
623 2031 674 2058 hoc
700 2033 784 2065 enim,
809 2041 868 2060 mea
897 2034 1043 2067 sententia,

255 2073 392 2108 signiﬁcat
409 2075 486 2108 illud,
506 2085 515 2100 ι
537 2074 595 2102 Non
613 2084 674 2103 sum
687 2076 786 2112 dignus
809 2082 839 2104 ut
863 2079 965 2106 solvam
983 2080 1043 2113 ejus

254 2117 401 2152 corrigiam
419 2119 610 2146 caleeamenti.
632 2130 641 2146 ι
661 2121 689 2147 In
705 2129 760 2156 quo
775 2129 839 2149 cum
855 2131 947 2150 verum
964 2124 1040 2157 dicit,

253 2166 310 2189 tum
339 2163 412 2191 aliud
432 2165 497 2192 facit
514 2166 707 2196 observatione
729 2168 852 2204 dignum.
885 2169 1040 2199 Phariszeos

252 2209 327 2236 enim
356 2209 388 2236 ad
413 2210 575 2238 modestiam
605 2218 730 2246 revocat,
760 2215 907 2251 semetipso
937 2216 971 2243 ad
1000 2217 1039 2245 rei

252 2254 407 2289 exemplum
421 2256 573 2289 proposito.

284 2383 304 2414 l,
317 2384 361 2411 28.
381 2384 444 2411 "(eo
457 2385 482 2412 in
494 2385 623 2413 Bethania
633 2386 707 2421 facta
721 2393 782 2414 sunt
795 2393 868 2416 n'ans
879 2389 1036 2424 Jordanem,

250 2428 295 2455 ubi
308 2433 366 2455 erat
381 2428 498 2456 Joannes
516 2430 666 2464 boptizans.

285 2473 387 2502 Locum
405 2479 492 2508 notat,
520 2481 550 2503 ut
574 2481 704 2505 accurate
722 2478 917 2515 diligenterque
936 2481 1034 2510 iactant

248 2527 311 2546 esse
334 2521 521 2547 narrationem
539 2521 687 2556 significet.
707 2522 832 2552 Solemus
861 2526 944 2559 enim,
972 2536 1033 2555 cum

248 2565 282 2591 de
298 2565 379 2592 rebus
392 2567 501 2601 magnis
519 2566 642 2596 facienda
658 2569 739 2598 nobis
749 2575 790 2598 est
804 2574 937 2607 narratio,
951 2575 1033 2602 etiam

248 2611 405 2640 meminisse
421 2612 552 2647 locorum,
567 2615 594 2642 in
611 2616 711 2651 quibus
725 2624 772 2645 eas
789 2617 846 2646 ﬁeri
866 2621 991 2656 contigit.

275 2741 288 2756 ⁵
309 2743 350 2773 {sa
376 2754 420 2779 XL,
441 2746 472 2780 5;
487 2747 563 2776 Joan.
584 2757 601 2783 ι,
625 2751 669 2777 9.5.
708 2752 717 2766 θ
732 2751 826 2778 Matth.
846 2760 902 2785 xxi,
918 2753 961 2780 58.

1073 912 1093 942 Β

1113 339 1161 365 νην
1175 329 1315 360 νοσοῦντες
1326 327 1520 363 ἀλαζον[ε]ίαν,
1530 327 1606 353 οὐδὲν
1615 325 1684 353 εἶναι
1692 327 1842 361 νομίζουσι,
1850 327 1895 354 κᾶν

1111 375 1156 402 διὰ
1171 376 1220 410 τῆς
1234 374 1280 402 τοῖο
1299 375 1438 409 προφήτου
1456 372 1677 408 προαγγέλληται
1692 373 1794 408 φωνῆς.
1805 372 1894 399 Ἀκού-

1113 429 1208 452 σαντες
1224 420 1295 455 γὰρ,
1319 420 1359 446 ὅτι
1375 429 1384 444 ε
1406 418 1476 452 Ἐγώ
1489 418 1548 452 ειμι
1569 417 1646 453 φωνὴ
1672 417 1788 452 βοῶντος
1812 419 1841 444 ὲν
1864 419 1892 452 τῇ

1112 467 1217 502 ἐρήμῳ·
1231 466 1408 501 Ἑτοιμάσατε
1423 465 1472 500 τὴν
1485 464 1544 491 ὁδὸν
1560 463 1674 499 Κυρίου,
1692 473 1702 489 ι
1719 463 1764 490 τὸν
1778 463 1856 497 λόγον
1863 460 1893 490 ὀὐ

1111 511 1346 548 παραδεξάμενοι,
1375 509 1530 546 μονονουχὶ,
1559 509 1606 536 καὶ
1631 509 1729 543 ἀνέδην
1752 509 1893 544 ὲπιτιμῶσι

1110 557 1247 592 λέγοντες·
1258 558 1356 590 Οὐδὲν,
1371 554 1394 584 ὦ
1408 553 1498 589 οὗτος,
1511 557 1540 583 ὲν
1556 556 1597 582 σοὶ
1609 556 1640 582 τὸ
1654 555 1824 587 ἀξιόπιστον,
1841 555 1892 582 ἀλλ’

1110 605 1170 631 οὐδὲ
1186 604 1217 631 τὸ
1233 604 1400 639 θαυμαστὸν,
1415 603 1432 639 ἢ
1450 603 1535 638 μέγα·
1552 601 1579 628 τί
1595 602 1642 628 καὶ
1657 602 1724 633 ὅλως
1739 601 1892 636 βαπτίζειςς

1109 651 1135 677 τί
1147 650 1174 676 δὲ
1186 651 1328 685 πράγματι
1342 649 1509 684 τηλικούτῳ,
1524 649 1553 675 τὸ
1569 648 1654 684 μηδὲν
1669 647 1718 680 ὢν,
1731 649 1890 683 ἑπιχειρεῖς;

1109 696 1188 728 Ἔθος
1206 696 1234 723 δὲ
1252 696 1331 722 τοῦτο
1347 697 1433 722 ποιεῖν
1451 696 1508 726 τοῖς
1522 695 1639 726 ἀνοσίοις
1659 695 1832 729 Φαρισαίοις,
1852 694 1892 720 τὸν

1111 743 1159 778 μὲν
1175 743 1226 778 ἤδη
1242 742 1362 778 παρόντα
1376 741 1606 776 κατασμικρύνειν
1616 760 1623 772 ,
1650 739 1857 775 προσποιεῖσθαι
1867 741 1890 767 δὲ

1110 788 1210 823 μᾶλλον
1224 789 1307 824 τιμᾷν
1321 787 1367 814 τὸν
1384 787 1546 823 ἀφιξόμενον
1559 796 1566 802 ·
1582 787 1626 813 ἵνα
1636 787 1690 822 γὰρ
1706 787 1750 813 ἀεὶ
1759 786 1808 817 τὰς
1823 786 1891 821 παρὰ

1107 834 1162 860 τῶν
1177 833 1310 860 Ἰουδαίων
1321 833 1569 869 πραγματεύωνται
1580 833 1673 868 τιμὰς,
1686 832 1732 859 καὶ
1748 832 1899 867 χρημάτων

1108 880 1214 912 ἑαυτοῖς
1241 880 1392 915 προξενῶσι
1418 880 1588 915 πορισμοὺς,
1615 879 1710 905 οὐδένα
1732 879 1788 905 τῶν
1808 878 1891 905 ἄλλων

1107 925 1222 960 ὁρᾶσθαι
1247 925 1386 960 βούλονται
1402 918 1552 961 διαπρεπῆ.
1581 925 1659 952 Οὕτω
1675 925 1729 960 γὰρ
1752 925 1800 952 καὶ
1815 924 1891 951 αὐτὸν

1107 972 1270 998 ἀπέκτειναν
1281 972 1327 998 τὸν
1341 971 1521 1007 κληρονόμον,
1536 971 1676 1006 λέγοντες·
1697 981 1706 996 ‹
1721 970 1891 1003 A561:st-

1107 1018 1257 1053 κτείνωμεν
1285 1018 1381 1051 αὑτὸν,
1410 1018 1458 1045 καὶ
1493 1017 1602 1053 σχῶμεν
1631 1017 1680 1053 τὴν
1713 1017 1892 1053 κληρονομίαν

1106 1064 1198 1091 αὐτοῦ.
1218 1073 1227 1090 ι

1148 1111 1299 1144 Ἀπεκρίθη
1313 1110 1415 1143 αὐτοῖς
1427 1111 1444 1137 ὀ
1466 1109 1611 1143 Ἰωάννης,
1626 1109 1734 1144 λέγων·
1757 1109 1829 1144 Ἐγὼ
1838 1109 1892 1141 ,βα-

1106 1155 1194 1187 πτίζω
1203 1157 1238 1183 ἐν
1248 1156 1332 1183 ὕδατι
1344 1165 1351 1172 ·
1367 1156 1462 1190 μέσος
1475 1156 1508 1182 δὲ
1519 1156 1600 1190 ὑμῶν
1609 1155 1749 1189 ἕστηκεν,
1763 1156 1799 1182 ὃν
1811 1155 1892 1190 ὑμεῖς

1105 1203 1160 1228 οὐκ
1172 1202 1280 1230 οἴδατε.
1292 1203 1387 1234 Αὐτός
1397 1202 1491 1234 ἐστιν,
1505 1203 1521 1228 ό
1538 1202 1634 1228 ὀπίσω
1648 1211 1707 1236 μου
1723 1200 1889 1236 ἐρχόμενος.

1105 1248 1140 1281 ὃς
1163 1248 1334 1282 ἔμπροσθέν
1361 1258 1421 1283 μου
1448 1248 1587 1283 γέγονεν,
1612 1246 1647 1276 οὗ
1669 1247 1726 1283 ἐγὼ
1755 1249 1811 1275 οὐκ
1837 1247 1892 1282 ειμι

1104 1294 1204 1327 ἄξιος,
1229 1295 1280 1322 ἵνα
1295 1295 1380 1322 λύσω
1403 1294 1497 1322 αὑτοῦ
1517 1294 1570 1322 τὸν
1586 1294 1693 1329 Ιμάντα
1713 1294 1767 1321 τοῦ
1781 1293 1891 1328 0.1061}-

1101 1349 1207 1374 ματος.

1146 1385 1325 1419 Ἀνεξικάκως
1346 1388 1360 1414 ὁ
1378 1387 1511 1422 μακάριος
1524 1386 1680 1421 Βαπτιστὴς
1703 1384 1890 1420 ἐπιτιμώντων

1103 1431 1247 1467 ἀνέχεται·
1264 1432 1429 1468 εὖαφόρμως
1454 1432 1483 1458 δὲ
1495 1432 1555 1458 λίαν
1573 1431 1623 1467 τὴν
1635 1432 1664 1457 ἐν
1679 1432 1735 1462 τοῖς
1751 1430 1812 1457 καθ’
1827 1431 1890 1457 ἑαυ-

1102 1478 1147 1504 τὸν
1171 1478 1300 1514 ἐξήγησιν
1321 1478 1449 1504 ὑπόθεσιν
1471 1478 1589 1504 ἐποιεῖτο
1612 1477 1658 1503 τοῦ
1686 1477 1820 1511 σωτηρίου
1842 1484 1889 1511 κη-

1104 1522 1261 1558 ρύγματος·
1287 1523 1408 1550 διδάσκει
1433 1523 1461 1549 δὲ
1486 1523 1536 1558 ἤδη
1564 1522 1610 1548 καὶ
1630 1522 1678 1556 οὐχ
1699 1521 1812 1553 ἑκόντας
1829 1522 1889 1552 τοὺς

1102 1568 1177 1604 παρὰ
1190 1567 1245 1594 τῶν
1264 1569 1420 1604 Φαρισαίων
1442 1568 1683 1603 ἀπεσταλμένους,
1705 1567 1799 1606 ὅτιπερ
1826 1567 1889 1592 εἴσω

1101 1613 1190 1650 θυρῶν
1207 1615 1221 1640 ὁ
1235 1614 1360 1650 Χριστός.
1388 1613 1459 1648 Ἐγὼ
1481 1614 1531 1649 μὲν
1546 1613 1610 1648 γὰρ,
1629 1613 1706 1648 φησὶ,
1723 1613 1890 1646 παιδαγωγι-

1099 1661 1147 1687 κὶιν
1158 1660 1278 1696 εἰσφέρω
1292 1661 1322 1687 τὸ
1338 1660 1495 1695 βάπτισμα,
1519 1659 1583 1692 τοὺς
1600 1659 1628 1693 ἐξ
1648 1659 1786 1695 ἁμαρτίας
1805 1667 1888 1694 μεμο-

1099 1707 1250 1742 λυσμένους
1269 1706 1408 1733 ἀπολούων
1431 1707 1507 1734 ⁸ἔδδατι
1532 1706 1600 1742 πρὸς
1623 1706 1766 1741 μετανοίας
1791 1706 1887 1740 ἀρχὴν,

1099 1754 1145 1780 καὶ
1163 1754 1195 1780 ἐκ
1218 1753 1273 1780 τῶν
1296 1753 1505 1788 ὑποὸεὸηκότων
1527 1752 1741 1786 ἀνακομίζεσοαι
1757 1751 1889 1778 διδάσκων

1098 1799 1143 1826 ἐπὶ
1159 1799 1194 1826 τὰ
1217 1799 1373 1834 τελειότερα.
1386 1807 1393 1814 ”
1419 1798 1498 1825 τοῦτο
1511 1798 1565 1834 γὰρ
1583 1796 1617 1834 ἦν
1638 1797 1711 1833 ἔργῳ
1727 1797 1860 1832 πληροῦν,
1874 1797 1888 1824 ὃ

1097 1844 1241 1879 κηρύττειν
1264 1843 1436 1879 ἀπεστάλην”
1467 1852 1477 1870 t
1502 1844 1698 1878 Ἑτοιμάσατε,
1723 1854 1731 1870 ι
1748 1844 1887 1879 δηλονότι,

1100 1900 1110 1916 ‹
1124 1890 1172 1926 τὴν
1187 1891 1245 1917 ὁδὸν
1261 1891 1374 1926 Κυρίου.
1392 1901 1400 1916 ι
1423 1891 1452 1917 '0
1465 1891 1493 1917 δὲ
1505 1890 1559 1916 τῶν
1572 1890 1703 1925 μειζόνων
1718 1899 1746 1916 τε
1758 1890 1805 1916 καὶ
1816 1890 1890 1923 ἀξιον

1095 1936 1257 1970 λογιωτάτων
1271 1936 1352 1972 δοτὴρ
1362 1957 1370 1969 ,
1400 1937 1447 1963 καὶ
1463 1936 1572 1972 ἀπάσης
1591 1936 1757 1971 τελειότητος
1777 1936 1831 1971 τῆς
1846 1937 1887 1962 ἐπ’

1095 1983 1207 2016 ἀγαθοῖς
1225 1982 1342 2019 χορηγὸς
1353 2003 1360 2014 ,
1375 1983 1457 2017 μέσος
1475 1982 1551 2018 ὑμῶν
1569 1983 1679 2018 στήκει,
1706 1983 1888 2017 ἀγνοούμενος

1095 2029 1135 2055 ἔτι
1148 2030 1192 2056 διὰ
1213 2030 1263 2064 τὴν
1278 2030 1309 2056 ἐκ
1327 2029 1378 2064 τῆς
1394 2029 1494 2064 σαρκὸς
1509 2029 1665 2064 περιϐολὴν,
1689 2029 1818 2056 τοσοῦτον
1837 2029 1889 2064 ἐμὲ

1093 2074 1140 2100 τὸν
1155 2074 1311 2108 Βαπτιστὴν
1326 2074 1513 2109 ὑπερτρέχων,
1528 2074 1565 2106 ὡς
1581 2075 1684 2101 οἴεσθαι
1699 2074 1754 2101 δεῖν
1769 2075 1888 2109 ἐμαυτὸν

1092 2121 1152 2148 οὐδὲ
1168 2122 1196 2148 ὲν
1207 2116 1316 2147 οἰκέτου
1327 2121 1403 2153 τάξει
1418 2123 1574 2158 μετρεῖσθαι
1591 2124 1654 2156 παρ’
1670 2122 1767 2156 ἐκείνῳ
1780 2131 1787 2137 '
1808 2123 1889 2149 τοῦτο

1092 2167 1146 2201 γὰρ
1180 2163 1257 2201 οἶμαι
1274 2165 1371 2201 δηλοῦν
1386 2167 1430 2199 τὸ,
1448 2176 1457 2191 ι
1476 2168 1533 2193 Οὐκ
1557 2167 1614 2202 εἰμὶ
1634 2168 1740 2198 ίκανδς,
1754 2167 1797 2199 ἵνα
1813 2167 1889 2194 λύσω

1092 2211 1174 2238 αὐτοῦ
1183 2211 1252 2247 [τὸν]
1268 2212 1368 2247 ἱμάντα
1375 2212 1421 2239 τοῦ
1433 2213 1516 2248 ὑποδή
1522 2221 1614 2248 ματος.
1622 2213 1789 2248 »Πρᾶγμαδὲ
1798 2213 1888 2247 λέγων

1056 2259 1079 2288 ι)
1092 2255 1200 2288 ἀληθὲς,
1220 2256 1313 2291 ἕτερον
1329 2256 1463 2292 ἐπίσημον
1478 2257 1623 2293 ἐργάζεται
1637 2265 1644 2272 ·
1662 2259 1887 2293 ταπεινοφρονεῖν

1093 2302 1147 2338 γὰρ
1159 2302 1300 2329 ἀναπείθει
1317 2303 1361 2329 τὸν
1376 2303 1492 2335 ἀλαζόνα
1504 2304 1660 2339 Φαρισαῖον,
1683 2303 1779 2331 ἑαυτὸν
1791 2304 1821 2330 δὲ
1837 2305 1885 2330 τύ-

1092 2356 1142 2374 πον
1156 2348 1277 2383 είσφέρει
1291 2348 1339 2375 τοῦ
1354 2342 1527 2384 πράγματος.

1129 2393 1223 2420 Ταῦτα
1234 2393 1268 2420 ἐν
1275 2394 1409 2428 Βηθανίᾳ
1419 2394 1536 2429 ἐγένετο
1545 2394 1640 2429 πέραν
1650 2395 1702 2422 τοῦ
1716 2395 1884 2429 Ἰορδάνου,

1090 2436 1166 2464 ὅπου
1186 2437 1226 2473 ἦν
1245 2439 1381 2473 Ἰωάννης
1398 2441 1558 2472 βαπτίζων.

1125 2483 1241 2518 Σημεῐον
1252 2484 1347 2520 ὥσπερ
1360 2487 1406 2512 καὶ
1425 2487 1503 2513 τοῦτο
1516 2487 1599 2518 τιθεὶς
1616 2488 1728 2523 μνήμης
1749 2488 1884 2523 ἀκρισοῦς

1089 2529 1136 2555 καὶ
1148 2529 1260 2565 λεπτῆς.
1274 2531 1439 2566 Πεφύκαμεν
1452 2532 1506 2568 γάρ
1518 2541 1576 2564 πως
1588 2534 1634 2559 καὶ
1648 2533 1793 2569 εἰθίσμεθα
1811 2534 1883 2560 πάν-

1088 2583 1149 2607 τες,
1179 2575 1215 2607 ὼς
1232 2576 1296 2607 ἔπος
1319 2578 1423 2610 εἰπεῖν,
1445 2579 1473 2604 ἐν
1486 2580 1541 2610 τοῖς
1564 2579 1628 2614 ’περὶ⁸
1650 2579 1704 2606 τῶν
1722 2579 1881 2614 ἀναγκαίων

1087 2619 1236 2655 διηγήμασι
1251 2622 1405 2657 μεμνῆσθαι
1425 2624 1470 2650 καὶ
1484 2624 1584 2657 τόπευν,
1610 2626 1638 2652 ἐν
1659 2622 1699 2657 οἷς
1716 2624 1786 2652 αὐτὰ
1803 2623 1880 2660 γενέ‹

1087 2665 1148 2691 σθαι
1165 2667 1347 2702 συμϐέϐηκεν.
