2028 3118
222 174 268 202 491

719 174 749 202 S.
770 173 910 203 CYRlLLI
928 173 1165 203 ALEXANDBINI
1186 174 1349 203 ARCIIIEP.

1797 174 1852 202 ιοι

213 242 279 263 trm.
293 237 440 271 Propterea
458 235 598 271 prophetae
609 243 719 272 quoque
735 243 896 265 mensuram
907 245 1003 265 exces-

1055 237 1105 264 Διὰ
1130 237 1217 269 τοῦτο,
1233 238 1280 264 καὶ
1294 238 1324 263 τὸ
1346 235 1494 270 προφητῶν
1515 235 1669 276 ἀνεπήδησε
1686 234 1852 271 μέτρον,ὡς

212 282 260 313 sit,
278 286 309 309 ut
327 282 386 317 ipse
414 281 514 309 alicubi
544 280 672 309 Salvator
702 282 741 309 ait
762 290 825 310 cum
850 281 953 310 Iudaeis
970 281 1004 310 de

213 333 247 354 eo
260 327 401 355 disserens
423 336 430 355 :
451 335 460 353 ι
482 327 552 360 Quid
567 327 663 355 existis
686 327 714 355 in
738 328 876 355 desertum
893 327 1006 355 videre?

217 373 400 408 Prophetam?
414 373 503 400 Etiam
519 373 582 401 dico
602 374 689 406 vobis,
706 378 734 401 et
750 374 812 409 plus
835 382 917 409 quam
941 382 1006 409 pro—

217 419 324 453 phetam
340 420 359 444 '.
384 429 393 446 I
415 419 454 447 Illi
473 420 547 447 enim
572 419 713 447 Christum
732 420 879 455 aliquando
905 423 1004 447 ventu-

217 473 276 493 rum
294 466 496 501 prophetabant
512 476 518 493 :
535 467 579 494 hic
596 471 687 494 autem
703 474 766 493 cum
782 470 930 494 venturum
946 466 1004 494 cla-

217 516 314 543 maret,
330 513 414 539 etiam
445 511 544 540 adesse
571 513 774 540 monstravit.c
799 512 893 539 Altera
932 512 1004 539 enim

217 558 273 590 die,
292 558 393 593 inquit,
411 558 481 586 vidit
497 557 592 586 Jesum
613 559 768 586 venientem
784 558 817 585 ad
830 566 869 586 se.
886 567 894 584 I

253 610 272 641 Ι,
285 610 330 637 29.
348 610 383 636 Et
399 611 437 637 ait
453 619 462 637 :
478 610 546 638 Ecce
561 611 651 646 Agnus
669 610 728 643 Dei,
747 611 792 644 qui
817 610 888 637 tollit
910 618 1002 645 pecca-

217 660 273 683 tum
288 657 391 683 mundi.
986 671 990 674 ν

252 701 311 729 Non
333 702 390 736 jam
415 702 515 737 inquit,
535 711 544 727 ι
568 701 664 729 Parate
681 711 709 730 ιι
731 702 930 731 convenienter
947 710 1005 729 am-

216 746 290 781 plius
318 747 372 774 dici
402 751 502 782 potest,
528 755 591 775 cum
618 752 749 775 cernatur
776 748 889 775 demum
918 752 947 775 et
977 748 1004 776 in

216 794 304 821 oculis
322 794 359 821 sit
381 794 427 821 ille
445 798 557 829 propter
571 801 652 829 quem
679 794 707 821 lit
729 794 904 830 praeparatio.
925 794 1005 821 Aliud

217 839 345 874 loquendi
363 847 450 875 genus
465 848 556 868 rerum
585 845 683 868 natura
703 841 837 876 postulat.
857 841 1005 875 Exponen-

216 886 280 913 dum
291 890 334 913 est
352 886 432 922 114
446 888 508 921 quis
525 887 561 914 sit
577 887 621 914 ille
642 887 688 922 qui
709 887 767 922 jam
789 888 878 919 adest,
893 891 919 915 et
933 894 1005 922 quas

215 930 251 957 ob
282 939 326 958 res
345 931 378 958 ad
409 939 459 958 nos
476 932 661 964 descenderit,
684 932 731 966 qui
751 931 786 959 de
811 932 891 960 cmlis
918 932 1003 960 venit.

219 986 229 1002 ι
253 977 323 1004 Ecce
341 986 350 1002 ι
370 976 464 1011 igitur,
479 977 580 1012 inquit,
599 986 608 1002 ι
629 977 723 1011 Agnus
735 977 796 1009 Dei,
813 987 822 1003 ι
840 985 922 1012 quem
940 986 1006 1012 pro-

215 1023 298 1057 pheta
316 1022 386 1049 Isaia
404 1023 485 1050 nobis
501 1023 736 1058 praesigniﬁcavit,
759 1023 856 1051 dicens
875 1033 883 1052 :
899 1033 909 1050 ι
927 1023 1005 1052 Sicut

214 1069 276 1096 ovis
285 1068 317 1095 ad
328 1069 495 1096 occisionem
511 1069 614 1097 ductus
623 1074 677 1101 est,
687 1073 715 1097 et
727 1069 800 1097 sicut
811 1078 899 1105 agnus
910 1077 1004 1098 coram

215 1115 347 1142 tondente
378 1122 408 1142 se
438 1115 577 1142 obmutuit
599 1115 620 1144 ⁸.
644 1125 653 1141 ι
673 1115 762 1148 Quem
794 1116 872 1148 olim,
904 1116 1004 1151 inquit,

214 1159 300 1188 Mosis
323 1160 365 1188 lex
384 1161 582 1195 prteliguravit.
613 1160 667 1188 Sed
690 1169 723 1188 eo
742 1161 855 1196 quidem
882 1165 1006 1197 tempore

214 1205 343 1233 servabat
359 1214 392 1234 ex
420 1210 507 1241 parte,
527 1214 582 1233 non
612 1206 641 1234 in
669 1214 766 1235 omnes
787 1207 1005 1235 misericordiam

214 1259 292 1279 suam
321 1252 480 1280 ditlundens
506 1261 513 1279 :
539 1257 621 1288 typus
645 1253 718 1280 enim
746 1257 806 1281 erat
834 1257 862 1281 et
888 1254 1004 1287 umbra;

214 1305 290 1326 nunc
304 1303 398 1326 autem
420 1298 467 1326 ille
480 1298 587 1333 Agnus,
599 1300 645 1334 qui
661 1299 726 1326 olim
742 1300 916 1334 aenigmatice
935 1307 1006 1334 prae-

215 1343 398 1379 ﬁgurabatur,
421 1343 601 1372 immaculata
628 1345 674 1372 illa
694 1345 784 1372 hostia
806 1353 855 1380 pro
875 1345 1005 1374 omnibus

215 1389 249 1416 ad
266 1390 435 1418 occisionem
453 1390 576 1423 ducitur,
592 1395 622 1418 ut
649 1391 743 1418 mundi
761 1396 906 1426 peccatum
928 1399 1005 1420 amo-

215 1439 287 1469 veat,
305 1439 334 1463 ut
350 1436 426 1464 orbis
440 1436 686 1464 exterminatorem
704 1440 822 1470 evertat,
839 1441 869 1464 ut
887 1441 1005 1464 mortem

215 1489 266 1516 pro
287 1481 417 1509 omnibus
439 1481 570 1509 obeundo
588 1486 705 1510 mortem
732 1483 854 1515 aboleat,
869 1486 900 1510 ut
916 1483 1006 1511 solvat

215 1527 356 1555 hominum
372 1527 594 1556 maledictionem
605 1528 627 1562 ',
642 1532 672 1555 ut
688 1532 776 1556 cesset
793 1529 902 1557 tandem
920 1529 1003 1557 illud:

1056 282 1137 313 αὐτός
1163 281 1214 308 πού
1230 290 1312 316 φησιν
1336 282 1350 308 6
1365 281 1470 315 Σωτὴρ,
1488 280 1556 315 πρὸς
1570 279 1713 311 Ἰουδαίους
1729 279 1851 315 διαλεγό-

1058 335 1139 362 μενος
1162 327 1226 362 περὶ
1253 327 1351 354 αὐτοῦ·
1370 337 1379 353 ι
1401 326 1433 352 Τί
1452 325 1578 360 ἐξήλθετε
1602 326 1641 357 εἰς
1669 325 1718 360 τὴν
1746 325 1852 360 ἔρημον

1057 373 1121 399 ῑδεῖν
1134 381 1142 406 ;
1155 373 1302 407 Προφήτην
1315 382 1322 406 ;
1338 372 1393 398 Ναὶ
1406 371 1477 406 λέγω
1491 371 1567 406 ὑμῖν,
1586 372 1633 398 καὶ
1656 371 1851 407 περισσότερον

1057 419 1223 453 προφήτου.»
1239 418 1271 444 Ol
1285 418 1334 453 μὲν
1350 417 1404 452 γὰρ
1421 417 1462 444 ὅτι
1479 417 1549 444 κατὰ
1563 417 1676 452 καιροὺς
1692 417 1853 455 ἀναδειχθῄ-

1057 471 1131 490 σεται
1147 463 1264 499 Χριστὸς
1285 463 1481 499 προεφήτευον,
1503 464 1517 490 6
1529 463 1556 489 δὲ
1571 462 1609 494 ὡς
1628 462 1687 498 ἥξει
1704 463 1783 498 βοῶν.
1803 464 1852 490 καὶ

1057 509 1178 544 παρόντα
1185 509 1295 544 δέδειχε.
1308 518 1317 534 ι
1331 509 1371 544 Τῇ
1391 508 1444 544 γὰρ
1459 509 1601 542 ἐπαύριον,
1613 509 1689 544 φησὶ,
1700 509 1792 545 βλέπει
1805 510 1852 536 τὸν

1063 555 1166 590 Ἰησοῦν
1179 555 1326 590 ἐρχόμενον
1341 555 1409 590 πρὸς
1425 555 1518 583 αὐτόν.
1536 565 1545 582 ι

1093 611 1149 638 Καὶ
1162 611 1242 645 λέγει
1253 621 1259 627 ”
1273 611 1335 639 Ἴδε
1345 613 1361 638 ό
1381 611 1490 647 Ἀμνὸς
1506 605 1559 639 τοῦ
1577 612 1651 640 Θεοῦ
1664 614 1680 640 ὀ
1691 613 1782 647 αἵρων
1792 613 1851 647 τὴν

1055 657 1204 692 ἁμαρτίαν
1216 657 1269 684 τοῦ
1283 657 1410 692 κόσμου.

1091 702 1189 729 Οὐκέτι
1197 703 1251 735 τὸ,ι
1262 703 1452 738 Ἑτοιμάσατε,
1460 703 1568 739 »καιρὸν
1580 703 1635 739 ἔχει
1645 704 1690 730 τὸν
1699 704 1848 739 πρέποντα·

1056 748 1147 775 λοιπὸν
1168 749 1309 783 ὁρωμένου
1332 749 1379 775 καὶ
1403 749 1479 780 ὄντος
1501 750 1530 775 ἐν
1545 749 1695 784 ὀφθαλμοῖς
1711 750 1756 776 τοῦ
1773 750 1807 776 δι’
1820 750 1852 776 ὃν

1057 795 1074 829 ἡ
1099 794 1242 829 ἐτοιμασία
1271 795 1395 828 γίνεται·
1416 794 1518 830 ἐτέρων
1544 795 1629 821 ἐδεῖτο
1653 794 1740 829 λόγων
1767 796 1783 830 ή
1803 795 1851 822 τοῦ

1057 839 1218 875 πράγματος
1235 839 1326 873 φύσις.
1351 839 1450 874 Ἐχρῆν
1474 839 1630 875 ἐξηγεῖσθαι
1651 840 1693 871 τίς
1709 841 1722 867 ό
1737 839 1850 875 παρὼν.

1057 886 1103 912 καὶ
1118 885 1164 912 ἐπὶ
1177 885 1247 912 τίσιν
1260 885 1316 920 ἔχει
1330 884 1378 920 τὴν
1392 885 1505 912 κάθοδον
1516 886 1531 912 6
1548 884 1617 920 πρὸς
1633 886 1707 921 ἡμᾶς
1723 885 1753 918 ἐξ
1768 886 1853 920 οὐρα-

1058 931 1111 959 νῶν
1136 930 1297 966 άφιγμένος.
1315 939 1324 956 ι
1340 930 1394 957 Ἴδε
1409 930 1508 964 τοίνυν,
1528 931 1621 966 φησὶν,
1642 931 1657 957 6
1675 931 1773 966 ’Δμνδς
1802 930 1851 957 τοῦ

1055 976 1135 1008 θεοῦ,
1153 986 1163 1002 ι
1186 976 1216 1003 ὃν
1235 977 1248 1003 6
1265 976 1409 1012 προφήτης
1435 977 1502 1012 ήμῖν
1529 976 1643 1008 Ἡσαΐας
1665 977 1851 1011 κατεσήμαινε

1055 1022 1143 1057 λέγων
1155 1031 1162 1037 ·
1181 1032 1190 1049 ι
1212 1022 1256 1054 Ὠς
1278 1022 1413 1058 πρόϐατον
1431 1023 1479 1049 ἐπὶ
1506 1022 1612 1058 σφαγὴν
1636 1023 1706 1058 ήχθη
1720 1042 1726 1054 ,
1749 1022 1797 1049 καὶ
1813 1022 1852 1054 ὡς

1055 1068 1140 1103 ἀμνὸς
1156 1068 1276 1095 ἐναντίον
1292 1068 1338 1094 τοῦ
1357 1069 1496 1104 κείροντος
1505 1069 1586 1096 αὐτὸν
1596 1069 1730 1103 ἄφωνος.»
1743 1069 1791 1095 Ὃν
1806 1068 1854 1095 καὶ

1057 1114 1150 1146 πάλαι,
1169 1114 1251 1149 φησὶν
1261 1134 1268 1146 ,
1286 1114 1301 1140 6
1316 1114 1360 1141 διὰ
1376 1114 1498 1146 Μωσέως
1513 1115 1649 1142 ἀνετύπου
1667 1115 1749 1150 νόμος
1759 1122 1766 1130 ·
1781 1114 1852 1142 ἀλλὰ

1055 1160 1114 1186 τότε
1134 1159 1182 1194 μὲν
1207 1159 1292 1191 ἔσωζε
1309 1159 1440 1195 μερικῶς,
1457 1160 1508 1186 οὐκ
1524 1160 1564 1191 εις
1584 1160 1707 1192 ἅπαντας
1724 1159 1852 1186 ἐκτείνων

1055 1204 1101 1232 τὸν
1111 1204 1184 1231 ἔλεον
1194 1213 1200 1219 ”
1214 1204 1299 1236 τύπος
1307 1205 1360 1240 γὰρ
1369 1203 1414 1240 ἦν,
1425 1205 1472 1231 καὶ
1489 1204 1553 1231 σκιά
1561 1213 1568 1220 ⁸
1579 1206 1639 1232 νυνὶ
1649 1205 1678 1232 δὲ
1693 1205 1707 1231 6
1724 1204 1808 1232 πάλαι
1817 1195 1850 1231 δι’

1056 1249 1224 1285 αἰνιγμάτων
1232 1249 1460 1285 ζωγραφούμενος
1469 1251 1483 1277 6
1489 1250 1615 1284 ἀληθινὸς
1630 1250 1770 1285 Ἀμνὸς,τδ
1777 1250 1853 1285 ἄμω-

1058 1305 1107 1331 μον
1124 1297 1221 1331 ἱερεῖον
1234 1295 1305 1332 ὑπὲρ
1329 1296 1438 1323 πάντων
1457 1296 1552 1330 ἄγεται
1578 1296 1647 1332 πρὸς
1665 1296 1789 1331 σφαγὴν,
1807 1297 1851 1322 ἵνα

1056 1341 1103 1368 τοῦ
1120 1341 1223 1376 κόσμου
1236 1342 1286 1376 τὴν
1309 1342 1448 1377 ἁμαρτίαν
1461 1342 1557 1378 ἐλάσῃ,
1576 1342 1620 1368 ἵνα
1633 1343 1678 1368 τὺν
1693 1344 1743 1377 τῆς
1759 1343 1850 1368 οἰκου-

1057 1387 1142 1422 μένης
1157 1386 1320 1422 ὁλοθρευτὴν
1334 1387 1483 1422 ἀνατρέψῃ,
1499 1387 1543 1413 ἵνα
1557 1388 1720 1423 καταργήσῃ
1740 1387 1786 1414 τὸν
1801 1387 1850 1414 θά-

1056 1441 1135 1459 νατον
1145 1432 1217 1468 ὑπὲρ
1234 1433 1342 1460 πάντων
1357 1432 1513 1465 ἀποθανὼν,
1529 1434 1572 1460 τνα
1584 1433 1652 1469 λύσῃ
1667 1433 1716 1469 τὴν
1730 1434 1772 1468 ἐφ’
1785 1434 1852 1470 ήμίν

1056 1478 1188 1514 κατάραν,
1210 1478 1253 1505 ἵνα
1278 1478 1416 1514 παύσηται
1435 1479 1527 1505 λοιπὸν
1539 1479 1582 1512 τὸ,
1601 1489 1610 1505 ι
1635 1479 1672 1513 Γῆ
1693 1477 1728 1511 εῐ,
1749 1480 1796 1506 καὶ
1811 1480 1852 1511 είς

1055 1524 1107 1560 γῆν
1124 1524 1274 1561 ἀπελεύσῃ,
1301 1534 1310 1549 ι
1336 1525 1380 1551 ῐνα
1401 1524 1514 1560 γένηται
1539 1525 1665 1561 δεύτερος
1685 1525 1781 1561 Ἀδὰμ,
1801 1526 1852 1552 οὐκ

218 1583 227 1600 ι
247 1573 333 1602 Terra
350 1581 390 1606 es,
408 1578 435 1601 et.
457 1573 485 1601 in
503 1578 604 1602 terram
621 1574 769 1603 reverteris
781 1576 813 1608 ‘°,
833 1585 842 1602 ι
860 1579 890 1603 ut
911 1575 947 1603 sit
958 1576 1004 1604 ille

1056 1573 1110 1601 ἀπὸ
1124 1574 1186 1609 γῆς,
1205 1573 1262 1601 ἀλλ’
1276 1573 1306 1606 ἐξ
1328 1573 1454 1609 οὐρανοῦ,
1471 1573 1518 1600 καὶ
1534 1573 1605 1609 ἀρχὴ
1631 1573 1742 1609 γένηται
1756 1575 1788 1608 τῇ
1802 1574 1852 1600 ἁν-

214 1619 354 1647 secundus
367 1619 466 1652 Adam,
480 1628 535 1648 non
549 1628 564 1648 e
578 1624 663 1653 terra,
679 1621 727 1649 sed
739 1629 754 1649 e
766 1622 848 1654 cmlo,
859 1622 1005 1658 omnisque

214 1663 279 1692 boni
295 1665 464 1699 principium
486 1670 594 1693 natura:
616 1666 744 1694 humanae
763 1668 891 1701 exsistat,
905 1668 1006 1695 solutio

213 1710 315 1738 invecti
337 1711 477 1745 interitus,
502 1718 613 1740 aeternae
634 1712 699 1741 vitae
721 1713 897 1747 conciliator.
921 1721 1005 1742 causa

214 1756 421 1786 reformationis
439 1758 472 1785 ad
500 1758 598 1791 Deum,
615 1759 728 1794 pietatis
745 1764 773 1787 et
793 1760 907 1794 iustitia:
929 1761 1005 1796 prin-

213 1802 329 1837 cipium,
349 1803 394 1830 via
419 1802 540 1838 denique
563 1803 598 1831 ad
625 1811 739 1840 regnum
758 1805 901 1832 caelorum.
927 1805 1005 1834 Unus

213 1848 287 1875 enim
308 1852 436 1877 mortuus
453 1853 496 1877 est
511 1857 600 1885 agnus
612 1857 662 1885 pro
677 1850 818 1881 omnibus.
830 1858 938 1878 omnem
955 1852 1005 1879 ho-

213 1893 319 1921 minum
341 1901 452 1930 gregem
479 1901 594 1922 servans
611 1894 668 1923 Deo
692 1903 724 1922 ac
737 1894 812 1923 Patri
838 1905 844 1923 :
867 1905 940 1924 unus
956 1905 1005 1932 pro

212 1940 353 1973 omnibus,
371 1944 401 1967 ut
417 1947 515 1969 omnes
530 1940 587 1968 Deo
606 1940 741 1976 subjiciat
760 1951 767 1969 :
787 1950 860 1970 unus
878 1951 928 1978 pro
947 1951 1006 1970 om-

212 1984 306 2018 nibus,
333 1989 363 2012 ut
385 1993 481 2014 omnes
505 1985 728 2014 lucrifaciatzut
753 1995 851 2016 omnes
883 1988 1004 2023 denique

211 2037 268 2057 non
280 2030 337 2065 jam
352 2030 406 2058 sibi
424 2031 528 2064 vivant,
543 2031 591 2059 sed
606 2031 632 2060 ei
649 2032 697 2066 qui
720 2040 770 2067 pro
788 2033 856 2068 ipsis
876 2038 1004 2060 mortuus

210 2081 254 2104 est
271 2080 298 2104 et
315 2078 471 2105 resurrexit
488 2078 520 2105 “.
535 2077 603 2105 Nam
624 2086 688 2106 cum
713 2079 741 2107 in
763 2079 859 2106 multis
882 2080 1003 2114 peccatis

209 2130 347 2155 essemus,
364 2127 447 2159 atque
469 2123 575 2151 idcirco
602 2125 683 2152 morti
706 2128 734 2152 et
761 2125 937 2159 corruptioni
953 2125 1004 2152 ob-

211 2166 297 2198 noxii,
313 2165 387 2194 dedit
406 2166 503 2194 Filium
518 2175 600 2196 suum
617 2167 699 2196 Pater
716 2168 935 2204 redemptionem
952 2177 1003 2204 pro

210 2211 302 2244 nobis,
322 2211 407 2240 unum
434 2220 484 2248 pro
503 2214 643 2246 omnibus,
661 2215 793 2249 quoniam
816 2215 911 2243 omnia
936 2219 1002 2243 sunt

1056 1620 1166 1657 θρώπου
1199 1620 1279 1655 φύσει
1308 1620 1407 1652 παντὸς
1431 1620 1557 1654 ἀγαθοῦ,
1584 1619 1660 1652 λύσις
1687 1620 1851 1646 ἐπεισάκτου

1055 1666 1169 1702 φθορᾶς,
1187 1666 1317 1701 πρόξενος
1331 1665 1443 1692 αἰωνίου
1460 1665 1533 1699 ζωῆς
1544 1685 1552 1697 ,
1565 1665 1789 1700 ἁναμορφώσεως
1803 1664 1852 1700 τῆς
1869 1692 1875 1699 ‘

1055 1713 1095 1744 εἰς
1109 1711 1174 1738 Θεὸν
1191 1711 1319 1743 ὑπόθεσις
1331 1732 1338 1744 ,
1354 1711 1496 1742 εὺσεὸείας
1517 1710 1564 1736 καὶ
1583 1709 1756 1743 δικαιοσύνης
1768 1709 1849 1746 ἀρχὴ,

1055 1758 1113 1790 ὁδὸς
1128 1758 1168 1789 είς
1192 1756 1330 1792 βασιλείαν
1355 1755 1478 1792 οὑρανῷν
1491 1764 1498 1770 '
1516 1753 1557 1788 εἷς
1578 1756 1632 1792 γὰρ
1659 1756 1728 1791 ὑπὲρ
1742 1756 1851 1782 πάντων

1055 1805 1190 1830 ἀπέθανεν
1205 1803 1300 1839 ἀμνὸς,
1312 1802 1376 1837 ὅλην
1393 1801 1541 1834 ἀνασώζων
1555 1802 1606 1838 τὴν
1617 1802 1664 1829 ἐπὶ
1682 1802 1733 1836 γῆς
1748 1801 1851 1837 ἀγέλην

1055 1850 1093 1886 τῷ
1106 1849 1166 1885 Θεῷ
1191 1850 1237 1876 καὶ
1255 1849 1343 1884 Πατρί
1355 1856 1362 1863 ·
1381 1846 1421 1880 εἷς
1447 1849 1518 1884 ὑπὲρ
1536 1849 1646 1875 πάντων
1657 1869 1664 1880 ,
1681 1849 1725 1875 ἵνα
1745 1848 1850 1880 πάντας

1055 1895 1177 1931 ὑποτάξῃ
1187 1894 1255 1930 Θεῷ·
1270 1892 1310 1926 εἷς
1323 1895 1392 1931 ὑπὲρ
1408 1895 1527 1926 πάντων,
1544 1895 1587 1921 ἵνα
1603 1895 1706 1926 πάντας
1721 1894 1848 1930 κερδά-ιῃ·

1056 1942 1099 1968 ἵνα
1110 1941 1205 1968 λοιπὸν
1218 1942 1242 1968 οἱ
1257 1941 1358 1973 πάντες
1377 1941 1476 1977 μηκέτι
1493 1942 1599 1973 ἑαυτοῖς
1617 1941 1712 1973 ζῶσιν,
1728 1941 1797 1968 ἀλλὰ
1811 1941 1851 1976 τῷ

1055 1987 1125 2022 ὑπὲρ
1138 1985 1228 2014 αὐτῶν
1246 1986 1422 2020 ἀποθανόντι,
1437 1986 1484 2013 καὶ
1505 1986 1655 2022 ἐγερθέντι.
1675 1986 1784 2022 Ἐπειδὴ
1796 1985 1850 2021 γὰρ

1053 2030 1124 2068 ἦμεν
1151 2033 1180 2059 ἐν
1207 2032 1317 2064 πολλαῖς
1343 2033 1508 2069 ἁμαρτίαις,
1529 2033 1575 2059 διά
1599 2041 1628 2059 τε
1654 2032 1734 2059 τοῦτο
1762 2041 1849 2068 χρεω-

1055 2078 1197 2114 στοὺμενοι
1219 2079 1328 2114 θανάτῳ
1354 2079 1402 2105 καὶ
1427 2079 1533 2115 φθορᾷ,
1548 2079 1664 2106 δέδωκεν
1690 2079 1850 2114 ἀντίλυτρον

1055 2123 1125 2159 ὑπὲρ
1150 2123 1244 2159 ἡμῶν,
1266 2123 1310 2150 τδν
1332 2124 1395 2151 Υἰὸν
1412 2124 1426 2150 6
1449 2125 1544 2160 Πατὴρ
1557 2124 1605 2150 ἕνα
1629 2125 1701 2160 ὑπὲρ
1728 2125 1848 2155 πάντων,

1053 2169 1115 2196 ἐπεὶ
1141 2169 1189 2196 καὶ
1222 2169 1312 2196 πάντα
1337 2170 1366 2197 ὲν
1393 2170 1487 2205 αὐτῷ,
1505 2170 1553 2197 καὶ
1581 2170 1691 2197 πάντων
1717 2169 1848 2205 κρείττων

1054 2215 1146 2241 ἐστίν·
1172 2212 1212 2247 εἷς
1233 2215 1369 2243 ἀπέθανεν
1391 2216 1461 2251 ὑπὲρ
1491 2215 1618 2249 πάντων,
1632 2216 1676 2242 ἵνα
1696 2216 1721 2242 οἱ
1749 2216 1849 2247 πάντες

211 2258 238 2284 in
260 2257 330 2292 ipso,
354 2261 381 2284 et
404 2259 533 2287 omnibus
557 2259 654 2287 melior
685 2264 738 2288 est.
757 2260 835 2288 Unus
864 2268 914 2296 pro
943 2269 1001 2289 om-

1055 2260 1181 2295 ζήσωμεν
1201 2260 1230 2287 ἐν
1245 2260 1334 2296 αὐτῷ’
1344 2261 1487 2289 καταπιὼν
1499 2261 1554 2298 γὰρ
1567 2263 1582 2289 6
1593 2261 1707 2293 θάνατος
1723 2261 1769 2288 τὸν
1779 2261 1848 2297 ὑπὲρ

210 2303 292 2330 nibus
310 2307 435 2332 mortuus
461 2309 514 2338 est,
539 2309 569 2332 ut
598 2312 694 2333 omnes
720 2306 846 2334 vivamus
875 2308 902 2334 in
930 2308 1001 2343 ipso.

212 2348 281 2376 Cum
311 2350 386 2376 enim
411 2349 534 2377 occisum
564 2358 616 2385 pro
643 2351 771 2379 onmibus
794 2352 902 2387 Agnum
927 2360 1002 2381 mors

209 2395 398 2430 absorpserit,
429 2396 511 2423 simul
543 2397 626 2424 etiam
652 2397 680 2424 in
708 2398 768 2432 ipso
795 2401 822 2426 et
849 2406 912 2425 cum
941 2399 1002 2434 ipso

209 2445 325 2468 Cunctos
347 2442 480 2468 evomuit.
499 2441 600 2469 Omnes
615 2442 688 2469 enim
710 2450 820 2470 eramus
846 2444 873 2470 in
891 2443 1002 2473 Christo

208 2486 255 2521 qui
274 2491 385 2521 propter
406 2495 457 2514 nos
481 2491 508 2515 et
525 2495 574 2523 pro
595 2488 675 2516 nobis
695 2493 822 2518 mortuus
839 2494 892 2522 est,
918 2494 1002 2526 atque

209 2533 362 2560 resurrexit
385 2542 392 2560 :
417 2534 519 2561 abolito
542 2542 608 2562 vero
638 2540 763 2570 peccato,
793 2537 842 2571 qui
865 2537 923 2565 ﬁeri
951 2545 1002 2573 po-

208 2582 281 2607 terat
308 2583 338 2607 ut
364 2588 440 2609 mors
473 2582 577 2615 etiam,
607 2591 669 2618 quae
695 2591 727 2610 ex
759 2584 819 2619 ipso
844 2589 904 2617 est,
932 2593 999 2621 pro-

209 2630 269 2660 pter
293 2626 382 2661 ipsum
398 2633 453 2654 non
472 2627 573 2656 abolita
600 2629 657 2656 sit?
681 2628 788 2656 Mortua
808 2629 901 2658 radice
929 2638 999 2666 quo-

210 2671 292 2698 modo
311 2679 423 2706 germen
452 2673 628 2701 servabitur?
653 2678 763 2702 mortuo
787 2680 912 2711 peccato,
939 2684 1000 2711 qua:

209 2717 344 2746 moriendi
373 2717 453 2745 nobis
475 2725 560 2745 causa
587 2719 656 2746 erit?
680 2719 770 2753 Quare
799 2720 833 2748 de
860 2720 999 2749 Occisione

209 2762 279 2798 Agni
293 2762 341 2791 Dei
357 2764 472 2792 solemni
487 2765 672 2794 exsultatione
687 2767 852 2794 dicamusu
875 2766 927 2794 Ubi
943 2771 998 2799 est,

210 2817 295 2843 mors,
321 2810 437 2839 victoria
463 2812 530 2847 tua?
553 2812 600 2840 ubi
613 2813 827 2846 stimulustuus,
848 2813 974 2842 inferne?
989 2823 997 2839 ι

245 2886 254 2901 ⁷
271 2886 363 2915 Matth.
385 2896 422 2921 xi,
438 2888 464 2916 9.
503 2889 513 2904 ’
528 2889 581 2918 lsa.
601 2897 659 2924 un,
677 2891 702 2916 7.
745 2891 754 2906 ⁹
771 2889 853 2918 ltior.
872 2898 917 2924 xv,
934 2891 949 2918 5
967 2897 1043 2926 seqq.

1056 2306 1166 2332 πάντων
1185 2306 1293 2341 Ἀμνὸν,
1311 2307 1414 2339 πάντας
1441 2307 1575 2343 ἐξήμεσεν
1596 2308 1625 2334 ὲν
1649 2307 1724 2343 αὐτῷ
1748 2315 1778 2334 τε
1802 2308 1848 2334 καὶ

1056 2352 1105 2379 σὺν
1117 2351 1202 2387 αὐτῷ.
1223 2353 1254 2379 Οἱ
1279 2353 1332 2388 γὰρ
1349 2353 1450 2386 πάντες
1466 2351 1538 2389 ἦμεν
1553 2355 1582 2380 ἐν
1604 2353 1643 2389 τῷ
1664 2354 1697 2380 δι’
1712 2355 1785 2388 ἡμᾶς
1802 2353 1848 2380 καὶ

1055 2396 1126 2432 ὑπὲρ
1138 2396 1217 2432 ἡμῶν
1231 2397 1408 2430 ἀποθανόντι,
1425 2399 1472 2424 καὶ
1485 2399 1625 2434 ἐγερθέντι
1638 2398 1750 2434 Χριστῷ
1760 2407 1767 2414 ·
1782 2407 1848 2425 κατ-

1054 2443 1227 2478 αργουμένης
1250 2443 1278 2470 δὲ
1304 2444 1353 2479 τῆς
1377 2444 1534 2479 ἁμαρτίας,
1561 2444 1621 2476 πῶς
1646 2445 1784 2479 ἐνεδέχετο
1811 2445 1847 2480 μὴ

1054 2489 1115 2525 οὐχὶ
1127 2489 1237 2521 πάντως
1245 2489 1292 2516 καὶ
1302 2492 1348 2516 τδν
1356 2490 1385 2522 ἐξ
1395 2490 1480 2525 αὐτῆς
1491 2490 1524 2516 δι’
1535 2491 1620 2525 αὐτὴν
1639 2491 1847 2526 καταργηθῆναι

1054 2536 1185 2569 θάνατονς
1211 2535 1413 2572 Ἀποθανούσης
1427 2536 1476 2571 τῆς
1491 2537 1579 2572 ῥίζης,
1597 2536 1656 2569 πῶς
1671 2537 1704 2564 ἂν
1730 2537 1770 2564 ἔτι
1791 2537 1846 2564 λοι-

1053 2582 1132 2609 πδνό
1157 2581 1188 2614 ἐξ
1203 2581 1289 2616 αὐτῆς
1313 2581 1402 2617 ἐσώθη
1430 2582 1564 2617 βλαστόςς
1580 2581 1629 2608 Διὰ
1653 2583 1733 2609 ποίαν
1757 2583 1846 2609 αἰτίαν

1053 2626 1203 2661 ἐμέλλομεν
1211 2626 1394 2662 ἀποθνήσκειν
1409 2626 1515 2662 ἔτι,τῆς
1528 2626 1666 2663 ἁμαρτίας
1682 2627 1846 2662 ἀναιρουμέ-

1053 2680 1121 2707 νης;
1145 2671 1249 2698 Οὐκοῦν
1274 2671 1449 2707 ἑορτάζοντες
1478 2672 1603 2708 λέγωμεν
1622 2673 1668 2699 ἐπὶ
1692 2674 1724 2708 τῇ
1754 2673 1844 2708 σφαγῇ

1052 2718 1099 2745 τοῦ
1118 2718 1216 2754 Ἀμνοῦ
1227 2718 1274 2746 τοῦ
1289 2718 1357 2746 Θεοῦ
1370 2727 1377 2734 ⁸
1392 2719 1462 2746 ιῐῐοῦ
1480 2720 1571 2755 ὴνίκη
1593 2728 1652 2751 σου,
1667 2719 1780 2753 θάνατε;
1794 2719 1845 2746 ποῦ

1053 2767 1084 2793 τὸ
1102 2766 1214 2801 κέντρον
1229 2775 1287 2798 σου,
1315 2766 1385 2802 ᾇδη;
1403 2782 1439 2786 ——
1460 2767 1538 2794 Πᾶσα
1559 2766 1613 2803 γὰρ
1627 2767 1736 2801 ἀνομία,
1750 2776 1759 2792 ι
1779 2766 1845 2793 καθ-

1055 2813 1127 2847 άπερ
1156 2812 1209 2848 ἔφη
1233 2821 1286 2839 που
1313 2812 1423 2848 ψάλλων
1438 2814 1452 2839 6
1471 2813 1609 2849 Μελῳδὺς,
1627 2823 1637 2839 ι
1655 2812 1790 2848 ἑμφράξει
1815 2811 1845 2838 τὺ

1084 2889 1104 2906 ¹⁶
1123 2889 1191 2917 Gen.
1210 2897 1252 2924 ιιι,
1276 2889 1318 2918 ιθ.
1359 2889 1378 2906 ¹¹
1397 2889 1417 2916 ll
1431 2890 1494 2918 Cor.
1511 2898 1538 2923 ι’,
1565 2890 1607 2924 Η,
1626 2891 1666 2918 l5.
