2028 3118
161 172 213 201 193

683 171 714 200 ΙΝ
735 171 878 201 ιοΑΝΝιε
899 173 1126 203 EVANGELIUM
1147 173 1209 201 LIB.
1227 173 1258 201 ll.

1730 176 1743 202 Ι
1748 174 1782 204 94

159 228 248 264 στόμα
260 229 357 264 αὐτῆς,
376 238 385 254 ι
409 229 499 256 οὐκέτι
516 231 676 264 κατηγορεῖν
689 230 742 257 τῶν
760 231 788 264 ἐξ
803 231 946 263 ἀσθενείας

999 241 1008 258 ι
1031 232 1127 260 Omnis
1152 232 1224 259 enim
1253 231 1445 267 iniquitas“,r
1466 236 1495 259 ut
1515 231 1618 260 alicubi
1637 231 1786 260 Psalmista

156 274 361 310 ἡμαρτηκότων
383 274 521 310 ίσχύουσα.
539 285 548 301 ι
568 276 633 307 Θεὸς
646 276 701 311 γὰρ
714 277 728 302 ὁ
745 275 866 304 δικαιῶν·
885 277 949 312 Χρι-

158 318 220 349 στὺς
229 319 306 353 ἡμᾶς
320 319 488 354 ἐξηγόρασεν
501 321 533 346 ὲκ
546 321 595 355 τῆς
606 321 726 356 κατάρας
736 320 782 347 τοῦ
795 321 888 356 νόμου,
900 329 948 355 γε-

157 364 270 398 νόμενος
291 365 362 399 ὑπὲρ
384 365 461 400 ἡμῶν
475 366 597 401 κατάρα,
612 366 655 393 ἵνα
671 367 751 402 ἡμεῖς
767 366 816 402 τὴν
837 367 867 399 ἐξ
885 368 948 394 ἀνο-

159 410 224 444 μίας
240 411 309 445 ἀρὰν
324 410 508 446 διαφύγωμεν.
527 421 536 437 ι

196 495 293 531 Οὗτός
309 499 375 525 ἐστι
392 499 458 533 περὶ
473 497 508 527 οὗ
520 497 607 527 εἷπον
619 509 625 516 ·
635 501 747 528 ὀπίσω
757 505 816 537 ιῑου
830 503 947 537 ἔρχεται

159 543 281 576 arma;
289 543 458 578 ἔμπροσθέν
462 554 520 579 μου
530 545 708 581 γέγονεν,ὀ’τι
714 549 827 582 πρῶτός
831 557 890 583 μου
897 547 945 583 ἦν.

194 589 242 621 Et;
261 590 413 626 ὑπόμνησιν
437 590 498 625 ἄγει
524 591 578 619 τῶν
607 593 636 625 ἐξ
660 594 741 621 αὑτοῦ
770 594 856 629 λόγων
885 595 947 626 τοὺς

159 635 363 671 ἀκροωμένους,
378 637 426 663 καὶ
449 637 480 664 τὸ
503 639 596 673 μεῖζον
611 640 639 665 ἐν
653 640 717 675 δόξῃ
734 642 891 675 παραχωρεῖ
909 640 947 675 τῷ

159 681 281 717 Χριστῷ,
292 682 342 708 οὐκ
355 683 476 718 ἀγάπης,
486 683 615 719 ἀληθείας
625 685 653 711 δὲ
666 685 767 720 μᾶλλον
782 686 798 721 ἢ
812 686 859 711 καὶ
870 686 951 720 ἀνάγ-

160 736 212 762 κης
235 727 316 762 ἔργον
343 728 508 763 ἀποπληρῶν
524 737 531 743 ·
548 729 721 756 ὑποκείσεται
743 731 797 765 γὰρ
809 750 816 762 ,
832 730 893 757 κᾶν·
911 731 948 766 μὴ

160 772 299 808 βούληται,
311 773 350 808 τῷ
365 775 461 809 ποιητῇ
476 775 506 801 τὸ
519 775 633 810 ποίημα,
647 775 686 810 τῷ
704 775 820 812 δεσπότῃ
836 776 866 802 τὸ
886 776 947 802 δοῦ-

160 818 216 848 λον.
239 818 278 853 τῷ
305 819 414 855 χορηγῷ
443 820 473 846 τὸ
497 823 708 856 χορηγούμενον.
736 823 813 849 Κατὰ
836 823 896 849 τίνα
917 823 946 849 δὲ

1001 277 1113 309 cecinit,
1133 286 1143 302 ι
1166 276 1298 311 oppilabit
1314 284 1346 304 os
1359 284 1440 304 suum
1455 277 1487 310 ”,
1502 286 1512 302 ι
1529 285 1580 305 nec
1604 278 1704 312 poterit
1726 285 1785 304 am-

1002 322 1075 356 plius
1094 329 1228 350 accusare
1245 329 1300 356 prre
1320 322 1488 350 inﬁrmitate
1501 327 1661 357 peccantes.
1683 333 1693 349 ι
1713 323 1786 352 Deus

1000 367 1073 393 enim
1093 371 1135 394 est
1149 367 1196 400 qui
1219 366 1355 400 justiﬁcat
1372 366 1394 381 ιδ
1411 375 1418 393 :
1438 375 1512 392 ι-ι
1529 367 1655 396 Christus
1672 376 1722 396 nos
1741 376 1786 396 re-

997 412 1082 440 demit
1092 412 1126 440 de
1138 411 1284 439 maledicto
1300 412 1377 447 legis,
1386 411 1477 439 factus
1489 420 1537 447 pro
1548 413 1626 448 115
1639 415 1716 441 nobis
1727 421 1786 441 ma-

997 458 1128 485 ledictum
1147 462 1175 485 ut
1189 457 1408 484 maledictionem
1420 458 1524 492 peccati
1536 466 1585 484 nos
1596 458 1782 493 iugiamus'h

1035 503 1056 535 Ι,
1078 503 1122 530 50.
1146 503 1196 529 Hic
1218 509 1257 530 est
1273 503 1305 529 de
1329 511 1379 537 quo
1400 503 1457 529 dixi
1471 510 1480 528 :
1495 502 1561 529 Post
1587 511 1627 529 me
1649 505 1717 530 venit
1736 506 1785 538 uir,

1001 548 1044 583 qui
1060 553 1120 576 ante
1135 557 1175 575 me
1190 548 1275 582 factus
1289 554 1327 575 est
1342 556 1351 574 :
1365 549 1427 583 quia
1445 548 1518 582 prior
1531 556 1571 574 me
1590 553 1657 575 erat.

1037 594 1185 622 Auditores
1194 595 1227 621 ad
1237 594 1399 622 memoriam
1410 597 1519 621 revocat
1533 601 1629 621 eorum
1640 602 1699 628 qua:
1710 595 1787 629 prius

1001 639 1074 667 dicta
1095 644 1170 672 sunt,
1192 643 1219 666 et
1239 640 1358 674 palmam
1380 639 1473 674 gloriae
1492 640 1604 666 Christo
1628 640 1712 672 cedit,
1731 647 1787 667 non

1000 685 1092 712 studio
1105 689 1152 712 aut
1177 685 1277 712 affectu
1304 685 1371 717 ullo,
1385 687 1432 712 sed
1456 686 1571 713 veritate
1587 685 1678 719 potius
1693 691 1720 712 et
1737 693 1787 713 ne-

1000 731 1132 758 cessitate
1146 730 1172 757 id
1187 730 1304 758 faciens.
1321 731 1476 766 Subjicitur
1490 732 1575 764 enim,
1590 731 1633 758 vel
1656 732 1717 766 ipso
1735 739 1788 759 no-

999 776 1082 808 lente,
1099 784 1170 811 opus
1188 776 1297 809 factori,
1318 776 1430 804 domino
1446 785 1555 809 servus,
1579 778 1703 812 largitori
1725 785 1783 805 mu-

999 829 1062 849 nus.
1085 821 1210 854 Quonam
1227 830 1291 850 vero
1318 823 1400 850 modo
1426 824 1563 858 posterior
1584 827 1658 851 esset
1681 822 1787 851 Joanne

160 865 260 899 τρόπον
279 866 366 891 ὀπίσω
386 866 435 900 μὲν
449 864 483 901 ἦν
503 867 625 893 Ἰωάννου
645 868 777 902 Χριστὸς,
793 868 945 903 ἔμπροσθεν

998 867 1137 900 Christus,
1157 872 1184 894 et
1202 873 1265 895 ante
1292 868 1383 895 factus
1409 869 1446 896 sit
1469 869 1600 903 quoniam
1619 869 1695 904 prior
1715 873 1785 901 erat,

160 910 189 936 δὲ
201 910 321 944 γέγονεν,
334 912 376 937 ἱτι
384 911 489 946 πρῶτος
498 910 542 947 ἦν,
554 912 591 944 ὡς
601 913 682 945 αὐτὸς
695 913 830 949 ὁμολογεῖ,
837 914 884 942 διὰ
893 913 947 940 τῶν

161 955 352 991 προλαϐόντων
371 956 526 991 ἀρκούντως
537 958 699 993 εἰρήκαμεν.

197 1001 282 1036 Κάγὼ
299 1003 354 1029 οὐκ
370 1002 454 1037 ᾔδειν
468 1003 571 1036 αὐτόν,
588 1004 655 1030 ἀλλ’
668 1005 717 1030 ἵνα
739 1005 895 1038 φανερωθῇ
908 1004 948 1037 τῷ

166 1047 301 1081 Ἰσραὴλ,
314 1047 362 1074 διὰ
370 1047 457 1074 τοῦτο
471 1046 566 1082 ἦλθον
580 1049 637 1083 ἐγὼ
644 1049 795 1081 βαπτίζων
805 1051 838 1077 ἐν
851 1051 946 1077 ὕδατι.

201 1093 231 1118 Ὁ
245 1094 274 1119 ὲν
296 1094 329 1128 τῇ
347 1092 436 1128 κοιλίᾳ
451 1093 500 1129 τῆς
522 1094 592 1124 ἰδίας
613 1095 816 1130 ἁνασκιρτὴσας
833 1095 946 1131 μητρὸς,

161 1138 199 1164 ἔτι
213 1139 262 1173 τῆς
279 1138 359 1172 ἁγίας
377 1139 515 1174 Παρθένου
539 1141 724 1174 κυοφορούσης
738 1140 782 1166 τὸν
805 1140 916 1176 Κύριον,
933 1142 947 1166 ὁ

161 1185 213 1219 πρὸ
233 1185 282 1219 τῆς
307 1184 398 1216 ὠδῖνος
420 1185 578 1220 προφήτης,
593 1187 607 1212 ό
624 1187 651 1211 ἐν
672 1185 785 1221 έμϐρύῳ
812 1186 945 1221 μαθητὴς,

164 1230 234 1257 (οὐκ
251 1230 324 1265 ᾔδειν
339 1230 445 1262 adsim,»
458 1231 577 1265 περὶτοῦ
588 1230 712 1265 Σωτῆρός
721 1239 813 1266 φησιν·
822 1231 947 1265 ἀληθέυει

159 1275 188 1301 δὲ
199 1275 296 1310 λέγων·
316 1276 346 1301 οὐ
362 1276 416 1311 γὰρ
438 1276 563 1309 ψεύδεται
581 1284 587 1291 ·
600 1277 688 1303 πάντα
704 1277 752 1311 μὲν
764 1276 817 1311 γὰρ
830 1273 898 1302 οἶδεν
917 1276 946 1309 ἐξ

161 1320 243 1347 αὑτοῦ
271 1321 316 1347 καὶ
342 1321 490 1353 ἀδιδάκτως
514 1321 596 1353 Θεὸς,
615 1321 746 1353 διδακτῶς
763 1322 791 1348 δὲ
807 1322 823 1357 ὴ
840 1321 945 1352 κτίσις·

161 1365 281 1392 ἐνοικοῦν
295 1366 323 1392 δὲ
336 1367 392 1398 τοῖς
407 1367 494 1400 ἁγίοις
505 1367 535 1393 τὸ
548 1367 668 1402 Πνεῦμα,
680 1367 710 1393 τὸ
723 1367 810 1394 ἐνδέον
827 1367 947 1402 ἀναπλη-

160 1413 212 1447 poi,
229 1412 276 1438 καὶ
293 1412 323 1438 τὸ
335 1412 398 1439 ἴδιον
421 1413 520 1446 ἀγαθὸν
534 1414 566 1448 τῇ
583 1413 725 1449 ἀνθρώπου
740 1413 819 1447 φύσει
838 1412 947 1448 χαρίζε-

159 1457 253 1490 satyro
263 1457 372 1490 εἰδέναι,
387 1458 468 1494 φημὶ,
479 1459 513 1485 τὰ
527 1459 651 1494 ἐσόμενα,
666 1459 712 1485 καὶ
724 1459 777 1485 τῶν
789 1458 947 1494 κεκρυμμέ-

160 1511 213 1528 νων
224 1502 382 1538 μυστηρίων
395 1503 444 1538 τὴν
455 1502 563 1537 γνῶσιν.
577 1503 679 1530 Οὐκοῦν
694 1503 731 1538 μὴ
746 1504 846 1530 εἰδέναι
860 1503 947 1537 λέγων

159 1547 204 1574 τὸν
231 1537 334 1583 Κύριον
349 1548 364 1574 ὁ
379 1537 512 1584 μακάριος
530 1537 880 1584 Βαπτιστὴς,γδιαψεύσεται
898 1549 948 1584 μὲν
961 1537 982 1566 c

159 1594 295 1629 οὐδαμῶς,
307 1595 379 1621 κατά
388 1603 420 1628 γε
436 1595 465 1621 τὸ
479 1595 528 1629 τῆς
542 1594 747 1630 ἁνθρωπότητος
766 1594 841 1627 ίδιον,
857 1595 904 1621 καὶ
918 1594 948 1622 τὸ

146 1638 151 1643 ’
161 1642 267 1677 πρέπον
281 1642 314 1676 τῇ
325 1640 413 1667 κτίσει
423 1642 520 1676 μέτρον
531 1649 538 1655 ⁸
556 1639 685 1675 ἀναθήσει
697 1640 724 1666 δὲ
732 1640 805 1676 μόνῳ
815 1640 845 1667 τὸ
860 1641 949 1668 πάντα

160 1687 258 1713 εἰδέναι
271 1687 308 1722 τῷ
330 1686 399 1722 Θεῷ,
411 1686 448 1722 τῷ
462 1686 506 1713 διὰ
526 1688 682 1721 Πνεῦματος
707 1687 784 1720 ἁγίου
809 1687 877 1722 πρὲις
898 1686 948 1722 τὴν

159 1733 214 1759 τῶν
236 1733 435 1768 κεκρυμμένων
450 1731 599 1767 κατάληψιν
618 1732 828 1766 φωταγωγοῦντι
840 1732 885 1759 τὸν
900 1733 947 1760 ἄνα

160 1779 280 1815 θρωπονο
296 1779 437 1814 χρησίμως
449 1779 478 1805 δὲ
500 1778 570 1810 λίαν,
583 1779 632 1805 οὐκ
643 1778 741 1805 εἰδέναι
758 1779 807 1814 μέν
819 1787 900 1814 φησιν
914 1778 944 1811 ἐξ

160 1824 257 1852 ἑαυτοῦ
271 1825 315 1851 τὸν
328 1824 457 1860 Χριστὸν,
467 1823 623 1859 ἐληλυθέναι
637 1832 668 1858 γε
678 1823 731 1859 μὴν
747 1824 790 1851 διὰ
807 1824 885 1851 τοῦτο
897 1833 948 1851 κυ-

161 1871 237 1906 ρίως,
250 1871 293 1898 ἴνα
313 1870 428 1906 φανερὸν
442 1870 523 1897 αὑτὸν
542 1871 699 1906 καταστήσῃ
713 1870 752 1906 τῷ
773 1870 892 1906 Ἰσραὴλ,
905 1870 948 1897 ἵνα

162 1918 199 1952 μὴ
217 1916 366 1951 αὐτόμολος
379 1917 426 1943 ἐπὶ
448 1916 497 1951 τὴν
513 1917 666 1952 μαρτυρίαν
678 1917 805 1952 φαίνηται
824 1916 946 1953 δραμὼν,

163 1963 228 1999 μηδὲ
244 1962 318 1988 ἰδίων
333 1962 492 1998 θελημάτων
515 1963 654 1998 ὑπηρέτης
670 1963 763 1997 νοῆται
776 1963 852 1998 παρά
864 1971 947 1996 τισιν,

160 2008 228 2034 ἀλλὰ
255 2008 329 2040 θείας
350 2008 399 2042 μὲν
420 2008 575 2042 οἰκονομίας
598 2008 727 2044 ἐργάτης,
746 2008 842 2043 βουλῆς
855 2008 883 2035 δὲ
899 2009 949 2044 τῆς

161 2054 263 2081 ἄνωθεν
283 2053 427 2089 ὑπουργὸς,
443 2053 686 2088 ἀποκαλυπτούσης
701 2053 775 2088 αὑτῷ
789 2054 835 2080 τὸν
850 2053 948 2089 Ἀμνὸν

162 2100 207 2126 τὴν
238 2099 350 2134 αἴροντα
376 2099 425 2133 τὴν
448 2099 584 2134 ἁμαρτίαν
606 2098 653 2125 τοῦ
668 2099 781 2134 κόσμου.
810 2099 868 2125 Ἵνα
893 2099 949 2125 τοί-

163 2152 209 2171 νυν
221 2144 415 2179 εὐπετέστερον
429 2143 475 2170 ἐπὶ
495 2144 525 2170 τὸ
551 2144 690 2170 πιστεύειν
703 2143 743 2178 τῷ
759 2143 864 2179 Σωτῆρι
881 2144 948 2180 Χρι-

999 917 1027 940 υι
1041 913 1101 947 ipse
1115 914 1268 948 proﬁtetur,
1283 913 1392 941 abunde
1405 921 1487 948 supra
1501 914 1632 942 diximus.

1034 1003 1054 1034 l,
1069 1002 1113 1029 31.
1134 1001 1169 1028 Et
1181 1010 1227 1037 ego
1243 1002 1390 1029 nesciebam
1402 1011 1471 1035 eum,
1488 1004 1534 1030 sed
1554 1007 1583 1030 ut
1601 1003 1786 1038 manifestatur

997 1047 1024 1074 in
1040 1046 1137 1078 Israel,
1153 1053 1290 1081 propterea
1307 1048 1420 1082 veniego
1431 1049 1458 1074 in
1472 1056 1541 1082 aqua
1556 1049 1706 1082 baptizatus.

1033 1092 1084 1124 Qui
1113 1096 1208 1119 sancta
1231 1091 1345 1126 Virgine
1371 1091 1515 1119 Dominum
1539 1093 1630 1120 adhuc
1657 1094 1685 1119 in
1706 1097 1785 1120 utero

999 1142 1127 1172 gestante
1150 1137 1264 1165 exsiluit
1289 1137 1316 1163 in
1346 1141 1426 1164 utcro
1454 1145 1511 1165 sua:
1533 1138 1641 1169 matris.
1659 1138 1704 1165 ille
1721 1142 1785 1165 ante

998 1187 1105 1218 partum
1129 1183 1272 1218 propheta,
1290 1183 1337 1209 ille
1352 1182 1378 1209 in
1398 1187 1477 1210 utero
1498 1184 1595 1210 matris
1620 1183 1784 1218 discipulus,

997 1229 1160 1256 Nesciebam
1177 1229 1280 1263 ipsum,
1297 1228 1390 1263 inquit
1407 1229 1441 1255 de
1463 1227 1614 1257 Salvatore.
1627 1229 1702 1261 Quod
1721 1236 1784 1256 cum

998 1275 1035 1301 ait
1057 1282 1120 1301 vera
1135 1274 1269 1308 loquitur.
1290 1273 1363 1302 Deus
1384 1275 1486 1308 quippe
1502 1282 1573 1301 unus
1592 1275 1686 1301 omnia
1703 1282 1736 1302 ex
1753 1283 1784 1302 se

997 1320 1085 1351 novit,
1102 1327 1116 1346 a
1136 1320 1213 1346 nullo
1224 1319 1350 1351 edoctus,
1378 1325 1506 1346 creatura
1520 1326 1586 1345 vero
1600 1319 1634 1345 ab
1651 1319 1705 1345 alio
1718 1327 1784 1346 eru-

997 1365 1066 1393 dita.
1083 1365 1112 1392 In
1135 1365 1242 1392 sanetis
1259 1365 1332 1391 enim
1350 1364 1509 1392 inhabitans
1523 1364 1641 1398 Spiritus
1661 1365 1733 1400 quod
1757 1365 1784 1392 in

998 1411 1044 1438 illa
1054 1411 1131 1439 deest
1139 1410 1315 1445 adimplet,et
1324 1410 1396 1445 quod
1406 1417 1486 1437 suum
1497 1414 1651 1437 estnaturaz
1660 1410 1786 1438 humanae

999 1457 1127 1492 largitur,
1144 1464 1237 1484 rerum
1258 1463 1357 1491 nempe
1375 1456 1533 1483 futurarum
1558 1461 1586 1483 ct
1613 1457 1785 1487 occultorum

998 1502 1196 1538 mysteriorum
1213 1501 1353 1529 notitiam.
1375 1501 1443 1529 Cum
1461 1508 1528 1536 ergo
1552 1509 1582 1529 se
1608 1502 1717 1529 nescire
1733 1501 1787 1528 Do-

999 1547 1104 1575 minum
1119 1547 1157 1574 ait
1177 1547 1275 1574 beatus
1295 1546 1430 1582 Baptista,
1445 1553 1500 1573 non
1525 1547 1668 1577 mentitur.
1684 1547 1708 1573 si
1734 1546 1786 1573 hu-

999 1592 1141 1619 manitatis
1156 1596 1183 1620 et
1205 1596 1340 1620 creaturae
1356 1591 1480 1619 conditio
1495 1595 1635 1627 spectetur
1649 1600 1656 1618 :
1672 1592 1720 1619 sed
1737 1592 1785 1619 uni

982 1631 1054 1665 “Deo
1069 1640 1170 1664 cuncta
1184 1644 1266 1664 nosse
1277 1637 1384 1669 tribuit,
1395 1637 1440 1672 qui
1450 1644 1499 1671 per
1509 1641 1634 1664 sanctum
1653 1637 1785 1672 Spiritum

998 1683 1033 1711 ad
1049 1683 1321 1718 comprehensionem
1338 1690 1430 1710 rerum
1447 1682 1620 1710 occultarum
1645 1682 1785 1710 hominem

997 1730 1178 1762 illuminat,et
1189 1729 1294 1757 utiliter
1312 1729 1390 1756 valde
1400 1728 1543 1763 proﬁtetur
1555 1737 1587 1756 ex
1598 1729 1690 1764 seipso
1703 1728 1784 1756 Chri-

998 1779 1071 1803 stum
1092 1774 1211 1807 nescire,
1231 1782 1291 1802 eam
1308 1774 1343 1801 ob
1358 1781 1416 1801 rem
1432 1777 1523 1802 tamen
1538 1775 1647 1809 proprie
1663 1775 1783 1807 venisse,

997 1827 1027 1849 ut
1049 1821 1144 1850 lsraeli
1167 1825 1261 1848 notum
1289 1821 1379 1855 ipsum
1399 1821 1482 1848 faciat
1501 1830 1508 1848 :
1525 1828 1559 1848 nc
1579 1821 1613 1848 ad
1638 1822 1785 1856 perhiben-

998 1868 1062 1895 dum
1081 1868 1150 1895 illud
1177 1867 1364 1895 testimonium
1389 1875 1440 1894 sua
1456 1872 1554 1902 sponte
1579 1867 1730 1895 incurrisse
1744 1868 1785 1895 vi-

998 1913 1106 1945 deatur,
1125 1921 1214 1948 neque
1232 1912 1394 1947 cupiditatis
1411 1921 1469 1941 suae
1484 1921 1582 1940 servus
1598 1917 1721 1948 putetur,
1735 1913 1783 1940 sed

998 1959 1084 1986 divini
1114 1958 1224 1986 consilii
1263 1956 1544 1992 potius'exsecutor.
1575 1958 1784 1993 voluntatisque

998 2012 1126 2040 supernas
1150 2004 1279 2031 minister
1297 2013 1306 2030 (
1322 2004 1428 2038 Agnum
1455 2013 1463 2028 ι
1490 2004 1515 2030 ei
1532 2004 1689 2038 revelantis,
1707 2014 1716 2030 ι
1737 2005 1784 2038 qui

997 2051 1074 2078 tollit
1087 2053 1229 2086 peccatum
1246 2049 1340 2077 mundi
1355 2049 1386 2076 ιθ.
1407 2058 1416 2075 ι
1434 2048 1468 2078 Ut
1480 2056 1545 2084 ergo
1561 2048 1649 2075 Judrei
1664 2050 1784 2076 alacrius

998 2097 1109 2124 Christo
1127 2094 1264 2123 Salvatori
1283 2095 1438 2125 crederent,
1452 2099 1478 2121 et
1494 2094 1734 2128 praeclarissimam
1749 2095 1784 2122 de

999 2150 1032 2170 eo
1053 2142 1287 2170 existimationem
1310 2141 1452 2173 haberent,
1483 2140 1520 2167 ait
1537 2140 1626 2174 ipsum
1649 2148 1679 2168 se
1698 2147 1784 2174 agno.

164 2189 218 2226 σιῷ
243 2190 373 2225 βαδίζοιεν
400 2190 602 2223 Ίουδαῖοι,καὶ
626 2189 840 2225 ἀξιολογωτάτην
864 2190 946 2225 ἔχωσι

999 2197 1075 2216 scere
1095 2196 1176 2223 quem
1193 2195 1248 2215 non
1266 2192 1390 2218 noverat,
1406 2191 1436 2213 ut
1459 2186 1614 2221 intelligant
1637 2186 1748 2213 demum
1767 2194 1784 2213 a

163 2237 225 2271 περὶ
237 2237 319 2264 αὐτοῦ
335 2237 384 2273 τὴν
398 2237 533 2272 διάληψιν,
551 2237 698 2271 ἐγνωκέναι
712 2237 793 2271 φησιν
805 2236 948 2268 ainbva

163 2282 248 2314 είδὼς·
262 2283 306 2310 ἵνα
328 2283 420 2310 λοιπὸν
444 2283 555 2311 ὲννοῶσι
579 2283 624 2310 τὸν
643 2283 856 2317 ἀποκαλύψαντα
871 2282 946 2314 Θεὸν,

163 2329 210 2355 καὶ
221 2328 250 2355 τδ
260 2328 361 2355 ἄνωθεν
376 2329 615 2365 ἀποναρκήσαντες
631 2329 728 2363 κρῖμα,
745 2327 947 2364 παραδέξωνται

163 2374 250 2402 τοίνυν
262 2374 308 2400 τὸν
323 2374 400 2408 λόγον
414 2375 505 2406 αὑτοῦ,
518 2375 565 2401 καὶ
577 2374 622 2401 τὸν
634 2374 741 2409 οἰκέτην
756 2373 870 2408 ὁρῶντες
882 2374 946 2400 ὄντα

162 2419 297 2452 τοσοῦτον,
314 2420 451 2454 ἀναλόγως
466 2420 496 2447 τὸ
510 2420 556 2446 τοῦ
581 2419 743 2455 κρατοῦντος
756 2419 945 2454 ἁναμετρῶσιν

161 2466 278 2500 ἀξίωμα.
295 2466 332 2492 Τὸ
350 2466 404 2502 γὰρ
420 2465 578 2501 ἐληλυθέναι
594 2465 693 2500 λέγειν,
709 2466 751 2493 ἵνα
771 2465 885 2500 φανερὸν
897 2466 945 2492 αὺ-

1002 2235 1057 2262 Deo
1072 2234 1234 2266 revelatum,
1254 2238 1281 2260 et
1298 2232 1416 2267 pristino
1433 2231 1516 2258 animi
1531 2236 1644 2266 stupore
1654 2239 1782 2263 excusso,

1000 2279 1062 2314 ejus
1079 2279 1159 2313 116
1175 2285 1330 2305 sermonem
1353 2277 1509 2308 admittant,
1525 2280 1551 2304 et.
1567 2280 1671 2303 tantum
1692 2275 1783 2303 famu-

999 2325 1056 2352 lum
1071 2327 1226 2355 cernentes,
1241 2323 1418 2358 proportione
1437 2322 1556 2357 quadam
1572 2321 1679 2348 Domini
1693 2321 1784 2356 digni—

999 2375 1083 2398 tatem
1104 2371 1251 2397 aestiment.
1270 2369 1349 2402 Quod
1368 2369 1440 2395 enim
1463 2368 1502 2394 ait
1517 2368 1626 2395 venisse
1649 2371 1676 2393 ut
1694 2367 1783 2394 mani«

1000 2417 1102 2445 festum
1115 2424 1178 2443 eum
1198 2416 1281 2443 faciat
1303 2414 1407 2446 lsraeli,
1425 2413 1559 2449 numquid
1573 2413 1690 2440 oliicium
1709 2413 1782 2441 servi

999 2463 1128 2491 denotat?

160 2512 204 2539 τὸν
214 2512 253 2547 τῷ
272 2511 378 2548 Ἰσραὴλ
389 2513 557 2547 καταστήσῃ,
570 2511 627 2543 πῶς
641 2512 672 2538 οὐ
685 2513 791 2542 πάντως
805 2512 855 2547 τὴν
864 2511 955 2546 οἰκέτῃ
975 2510 1131 2545 πρέπουσαν
1142 2508 1289 2544 θεραπείαν
1307 2507 1431 2543 σημαίνει
1442 2516 1449 2539 ;

458 2557 582 2584 ΚΕΦΛΛ.
598 2558 635 2583 Δ’.

161 2602 225 2628 Ὀτι
236 2603 271 2629 σὺ
284 2603 359 2629 κατὰ
368 2602 511 2636 μετοχὴν,
517 2602 587 2628 οὐδὲ
599 2602 638 2635 ὡς
648 2603 778 2629 ἐπακτόν
790 2603 824 2629 ἐν
833 2601 873 2634 τῷ
892 2601 945 2634 Υἱῷ

194 2637 229 2663 τὸ
250 2637 336 2671 ἄτιον
361 2636 481 2672 Πνεῡμά
494 2671 498 2672 ν
510 2637 606 2668 ἐστιν,
627 2638 696 2664 ἀλλ’
709 2637 858 2670 cumadd);
873 2657 880 2669 ,
895 2640 946 2664 καί

196 2672 270 2698 κατὰ
295 2672 389 2706 φύσιν
404 2671 564 2705 ἐνυπάρχει
589 2672 677 2704 αὐτῷ.

195 2719 249 2744 Καὶ
276 2718 481 2752 ἐμαρτύρησεν
501 2717 641 2751 Ἰωάννης
659 2717 763 2753 λέγων·
776 2719 840 2744 Ὅτι
852 2717 948 2744 τεθέα-

161 2771 210 2799 pat
233 2763 265 2790 τὸ
287 2763 408 2797 Πνεῦμα
421 2762 610 2794 καταϐαῖνον,
624 2763 694 2789 ὡσεί
710 2763 894 2797 περιστερὰν,
913 2762 947 2794 ἐξ

163 2808 300 2843 οίγιιινοῦ,
314 2808 363 2835 καὶ
387 2807 504 2842 ἔμεινεν
518 2808 563 2835 ἐπ’
578 2809 680 2837 αὐτόν·
699 2808 779 2844 κάγὼ
792 2810 846 2836 οὐκ
864 2808 948 2843 ᾔδειν

1330 2552 1405 2580 CAP.
1429 2551 1449 2578 Ι.

999 2600 1074 2632 Quod
1088 2607 1139 2626 non
1154 2607 1198 2631 per
1206 2599 1445 2632 participationem,
1463 2606 1543 2632 neque
1555 2602 1583 2623 ut
1598 2598 1728 2626 asoilitius
1743 2602 1784 2627 est

1034 2636 1059 2661 in
1078 2634 1150 2661 Filio
1165 2639 1272 2661 sanctus
1281 2634 1410 2667 .Spiritus,
1430 2633 1475 2660 sed
1499 2633 1522 2659 ei
1538 2632 1747 2661 substantialiter
1757 2638 1782 2661 et

1034 2670 1176 2696 secundum
1191 2673 1313 2694 naturam
1330 2669 1406 2695 inest.

1036 2715 1058 2746 1,
1078 2713 1174 2741 32—35.
1195 2713 1229 2739 Et
1247 2712 1427 2740 testimonium
1451 2713 1582 2747 perhibuit
1600 2713 1725 2746 Joannes,
1740 2714 1782 2740 di-

1000 2761 1161 2793 tcns:Quia
1185 2759 1238 2786 uidi
1263 2758 1390 2794 Spiritum
1406 2759 1620 2792 descendentem,
1641 2761 1720 2800 ~quasi
1741 2769 1782 2787 ca-

999 2805 1126 2838 tambam,
1142 2805 1174 2832 de
1200 2805 1281 2838 mlo,
1304 2810 1328 2832 et
1359 2806 1456 2832 mansit
1486 2813 1563 2839 super
1578 2813 1636 2832 eum
1657 2812 1665 2831 :
1686 2809 1710 2832 et
1736 2812 1782 2839 ego

200 2891 249 2918 l‘I
276 2892 340 2920 Cor.
367 2900 411 2927 xv,
436 2892 480 2920 55.
519 2893 693 2933 f°Psal.crt,
710 2893 753 2921 ιε.
792 2895 813 2911 ’⁵
842 2894 947 2924 Rom.\

1012 2895 1057 2924 55.
1099 2896 1120 2913 ⁸⁵
1138 2895 1224 2925 Galat.
1251 2905 1291 2932 ιιι,
1314 2897 1358 2925 15.
1384 2896 1508 2938 έκῐοοιι.
1533 2904 1553 2930 ι,
1577 2895 1622 2923 29.
