2028 3118
242 149 292 178 199

739 146 768 174 S.
788 145 927 174 CYRILLl
947 140 1181 173 ALEXANDRIN!
1201 146 1362 175 AllClllEP.

1822 152 1877 181 200

239 214 306 242 ergo
317 206 398 242 plane
410 209 532 238 corruet,
546 211 611 233 cum
627 211 716 240 neque
727 204 808 233 Pater
819 213 881 233 vere
892 205 928 233 sit
938 204 1026 235 Pater,

1081 203 1155 238 τρὸς,
1163 203 1224 230 οὔτε
1239 204 1292 240 μὴν
1304 205 1351 232 τοῦ
1362 204 1427 232 Υἱοῦ
1439 205 1516 232 τοῦτο
1525 206 1596 233 κατὰ
1605 206 1685 241 φύσιν
1693 206 1876 242 ὑπάρχοντοὲ.

239 261 330 288 neque
348 252 434 279 Filius
451 250 603 279 secundum
623 255 750 278 naturam
773 252 810 279 sit
834 251 861 278 id
877 252 951 287 quod
968 259 1032 279 esse

239 300 350 327 dicitur.
376 297 425 324 Sin
455 301 546 324 autem
573 296 655 323 Pater
674 303 737 324 vere
760 302 804 324 est
829 297 911 330 Deus,
936 297 1031 332 utique

239 346 323 373 habet
347 345 373 371 id
397 344 477 377 cujus
499 347 542 371 est
558 342 648 376 Pater,
665 342 764 370 Filium
782 342 919 375 videlicet,
932 343 978 378 qui
997 350 1031 370 ex

240 392 300 427 ipso
320 391 469 426 proeessit.
498 390 533 417 At
549 391 688 425 quomodo
715 398 764 426 per
790 395 915 417 naturam
935 392 1030 417 sancta

241 437 335 464 Deitas
349 435 450 464 Filium
463 437 619 464 sanctitatis
638 441 777 472 expertem
804 436 906 471 gignet,
923 438 950 462 et
971 434 1031 462 fru-

239 486 313 509 ctum
327 481 389 508 edet
412 482 470 509 suis
486 482 701 517 proprietatibus
722 481 981 510 destitutum‘iNam
1006 482 1030 509 si

239 525 351 553 aliunde
373 525 622 553 sanctiﬁcationem
644 527 725 554 liabet
739 548 746 558 ,
764 531 793 554 ut
818 527 857 554 illi
880 531 1028 562 nugantur,

239 579 352 600 necesse
373 575 417 599 est
439 572 481 599 vel
506 572 607 599 invitos
634 572 711 608 ipsos
735 572 826 604 fateri,
840 581 895 600 non
922 580 1030 608 semper

239 617 325 644 fuisse
344 621 485 647 nanctum,
510 618 558 644 sed
580 622 637 645 tum
665 618 776 645 demum
803 618 950 650 exstitisse,
966 626 1028 645 cum

239 663 374 698 Spiritus,
386 667 415 690 ut
427 663 526 691 scribit
542 662 675 696 Joannes,
689 663 831 692 descendit
847 671 930 699 super
953 672 1027 692 eum.

239 711 382 744 Queniodo
402 712 486 746 igitur
500 717 614 738 sanctus
632 716 693 739 erat
716 712 798 739 etiam
817 717 881 739 ante
901 711 1029 739 incarna-

240 758 342 785 tionem
367 757 447 792 119
465 757 568 785 Filius?
579 757 626 785 Sic
643 757 715 784 enim
730 758 819 792 ipsum
833 757 973 785 celebrant
987 764 1029 785 sc-

239 803 346 838 raphim
355 803 456 838 hymno
469 803 515 830 illo
527 803 641 838 trisagio
654 811 711 838 quo
724 810 775 830 vox
789 803 845 836 illa,
863 803 1007 834 «Sanctus,
1017 813 1025 828 ι

239 853 281 876 ter
296 857 310 876 a
325 849 413 884 primo
423 849 456 876 ad
470 849 580 876 tertium
594 849 741 876 ordinatim
757 849 901 884 repetitur.
917 848 945 876 Si
962 857 1028 884 ergo

1084 248 1153 284 ὅπερ
1167 247 1236 276 εἶναι
1251 250 1371 284 λέγεται.
1386 251 1417 278 Et
1426 251 1454 277 δὲ
1465 251 1574 286 ἀληθῶς
1587 252 1682 288 Πατήρ
1693 254 1766 280 ἐστιν
1776 252 1876 284 ὀΘεδς,

1084 294 1141 329 ἔχει
1156 294 1188 330 δὴ
1203 296 1321 328 πάντως,
1333 292 1364 322 οὗ
1375 297 1421 322 καὶ
1433 296 1490 323 ἐστι
1501 297 1607 333 Πατὴρ.
1623 297 1687 324 Υίὸν
1699 298 1822 333 δηλονότι
1830 298 1877 324 τδν

1084 339 1115 372 ἐξ
1129 340 1222 367 αὑτοῦ.
1231 338 1297 367 Εἶτα
1310 341 1368 373 πῶς
1378 341 1472 376 ήίκατὰ
1484 342 1565 376 φύσιν
1577 342 1642 377 ἁγία
1649 342 1879 378 Θεότης,ἁγιότη-

1084 394 1130 417 τος
1150 385 1253 421 ἔρημον
1266 386 1297 413 τὸ
1308 387 1337 419 ἐξ
1350 387 1434 422 αὐτῆς
1446 387 1618 421 ἀποτέξεται,
1627 388 1674 415 καὶ
1687 389 1801 424 γυμνὸν·
1811 390 1879 424 ἡμῖν

1084 430 1138 458 τῶν
1147 431 1217 466 αὐτῇ
1230 431 1385 466 προσόντων
1401 433 1554 467 ἰδιωμάτων
1568 433 1614 460 τὸν
1627 435 1725 461 οἰκεῖον
1740 434 1878 462 ἀποδώσει

1084 475 1190 511 καρπόν
1200 484 1207 510 ;
1220 477 1250 503 El
1259 477 1312 512 γὰρ
1323 477 1378 512 ἔχει
1390 477 1436 504 τὸν
1445 478 1580 513 ἁγιασμὸν
1592 479 1719 512 ἐπακτὸν,
1731 480 1768 511 ὠς
1777 481 1878 506 ἐκεῖνοι

1084 521 1230 557 ληροῦντές
1246 530 1327 556 φαεν
1340 524 1446 559 ἀνάγκη
1472 523 1504 560 δὴ
1521 525 1596 551 πᾶσα
1626 525 1815 560 συνομολογεῖν
1830 526 1879 553 καὶ

1084 571 1132 605 οὐχ
1143 570 1255 602 ἑκόντας
1267 571 1376 603 αὐτοὺς,
1386 572 1424 603 ὡς
1438 569 1472 607 ἦν
1488 572 1537 607 μὲν
1555 572 1630 607 ἅγιος
1645 574 1694 600 οὐκ
1709 573 1752 601 ἀεί
1764 583 1770 589 ·
1781 573 1877 608 γέγονε

1083 615 1112 643 δὲ
1129 616 1254 652 ὕστερον,
1274 617 1317 644 ὅτε
1331 618 1377 645 καὶ¹
1391 618 1422 645 τὸ
1435 618 1548 654 Πνεῦμα
1562 620 1751 655 καταὸέὸηκεν
1771 621 1815 647 ἐπ’
1829 621 1880 647 αὑ-

1083 663 1139 695 τὸν,
1154 663 1192 695 ὡς
1205 663 1220 689 ὁ
1239 664 1363 699 Ἰωάννης
1375 665 1458 700 φησί’
1479 665 1538 697 πῶς
1556 663 1603 692 οὖν
1617 666 1694 700 ἆγιος
1707 664 1742 702 ἦν
1756 667 1802 693 καὶ
1823 666 1880 702 πρὸ

1082 708 1132 743 τῆς
1158 709 1323 744 σαρκώσεως
1341 711 1356 737 ὁ
1371 711 1450 745 Υίός;
1471 711 1564 743 Οὕτως
1585 712 1641 748 γὰρ
1657 712 1738 740 αὐτὸν
1755 712 1878 745 ὲδοξολό-

1083 762 1128 787 γει
1143 754 1177 781 τὰ
1201 756 1324 792 σεραφὶμ
1344 757 1389 783 ἐπὶ
1400 757 1448 784 τὸν
1464 758 1556 793 τρίτον
1571 758 1671 793 ἐφεξῆς
1694 758 1809 794 ἀριθμὸν
1824 759 1880 785 ἀπὸ

1082 801 1130 827 τοῦ
1143 800 1263 836 πρῶτον,
1279 802 1310 829 τὸ
1324 802 1409 838 ἅγιος
1421 803 1560 839 στοιχηδὸν
1576 804 1756 839 ἀναφέροντα.
1772 803 1879 831 οἰκοῦν

1083 844 1163 881 εἴπερ
1175 846 1251 879 ἅγιος
1263 844 1308 882 ἦν,
1319 848 1366 874 καὶ
1379 848 1432 883 πρὸ
1444 847 1496 883 τῆς
1517 849 1761 886 ὲνανθρωπήσεως,
1776 849 1879 885 μᾶλλον

240 898 352 922 sanctus
366 898 434 927 erat,
452 894 535 922 etiam
551 899 614 922 ante
633 894 864 926 incarnationem,
889 895 944 922 imo
964 903 1026 922 vero

1081 892 1109 918 δὲ
1126 893 1258 928 ὑπάρχων
1283 894 1326 920 ἀεὶ
1349 894 1419 929 μετὰ
1437 894 1485 922 τοῦ
1507 895 1625 930 Πατρὸς,
1650 895 1709 927 πῶς
1729 895 1815 922 ἐδεῖτο
1830 895 1879 922 τοῦ

239 947 301 967 cum
316 938 397 966 Patre
425 946 533 974 semper
548 940 709 974 exsistebat,
739 940 880 976 quomodo
908 941 1029 968 sanctifi-

237 989 319 1013 cante
352 985 506 1020 indigebat,
538 986 621 1021 idque
652 987 811 1015 novissimis
847 980 1027 1022 temporibus,

237 1031 350 1066 quando
374 1032 504 1058 nimirum
527 1031 616 1060 factus
641 1036 684 1060 est
708 1033 815 1060 homo?
839 1033 922 1060 Miror
938 1037 1027 1061 autem

237 1085 293 1111 quo
308 1081 388 1112 pacto
405 1077 471 1105 illud
488 1085 537 1106 eos
558 1078 645 1113 fugiat
662 1086 725 1106 cum
744 1079 847 1114 alioqui
872 1079 1027 1108 sciscitato-

237 1130 283 1151 res
299 1123 354 1150 sint
380 1127 462 1158 atque
477 1125 601 1152 curiosi:
626 1125 786 1152 necessario
810 1126 941 1153 nimirum
972 1129 1030 1153 sta-

238 1169 370 1197 tuendum
385 1178 447 1198 esse
462 1170 562 1198 Filium
578 1171 729 1206 aliquando
742 1179 822 1207 posse
837 1179 946 1207 quoque
963 1179 1028 1200 san-

237 1216 358 1243 ctitatem
377 1216 507 1250 abiicere,
523 1217 546 1245 si
577 1224 632 1244 non
656 1222 698 1245 est
715 1218 739 1244 ei
757 1217 958 1250 substantialis,
979 1219 1027 1246 sed

239 1262 351 1299 perinde
362 1270 394 1290 ac
407 1263 485 1291 nobis
496 1267 543 1290 aut
556 1263 638 1291 alicui
655 1264 732 1291 alteri
748 1267 884 1292 creatura:
899 1265 1026 1292 rationali

237 1309 347 1336 accidit.
363 1309 442 1342 Quod
461 1315 551 1338 autem
568 1310 789 1339 sanctificatione
800 1311 914 1344 excidit,
937 1320 1027 1339 nonne

237 1355 320 1382 etiam
338 1355 442 1390 peccati
461 1356 579 1383 vinculis
599 1361 642 1384 est
658 1356 820 1390 obnoxium,
844 1361 871 1385 et
889 1357 916 1384 in
932 1358 1026 1385 vitium

238 1401 350 1431 labitur.
371 1409 425 1428 non
438 1401 493 1436 jam
511 1403 632 1429 retinens
648 1402 674 1429 in
691 1402 782 1437 scipso
811 1403 838 1430 id
857 1411 913 1438 quo
930 1404 1026 1431 vitium

238 1447 408 1482 superabat?
425 1447 510 1482 Igitur
525 1456 559 1475 ne
583 1448 782 1482 immutabilem
797 1450 907 1484 quidem
927 1449 1026 1478 Filium

237 1494 446 1528 romperiemus,
467 1498 493 1521 et
508 1493 654 1522 Psalmista
669 1502 780 1530 quoque
801 1495 950 1524 mentietur
963 1504 1025 1524 cum

237 1538 264 1565 in
289 1537 392 1573 Spiritu
420 1539 454 1566 ad
473 1539 564 1574 ipsum
587 1540 708 1568 clamat:
741 1552 750 1567 ι
777 1542 816 1569 Tu
837 1546 928 1580 autem
955 1543 1026 1570 idem

237 1583 297 1618 ipse
310 1591 339 1612 es
351 1585 387 1611 “.
407 1594 416 1610 ι
443 1584 591 1618 Prtelcrea,
614 1586 680 1614 illud
696 1595 806 1623 quoque
825 1588 1026 1616 observandum

237 1635 287 1661 est,
306 1631 379 1665 quod
395 1631 490 1659 eodem
507 1632 648 1667 pertinet:
670 1634 812 1666 nimirum,
829 1633 855 1661 id
870 1634 942 1669 quod
965 1642 1027 1668 par-

239 1676 333 1711 Iicipat
351 1677 423 1703 aliud
440 1679 535 1712 procul
552 1678 636 1706 dubio
651 1680 780 1714 quiddam
795 1688 856 1708 esse
870 1685 968 1708 natura
993 1681 1028 1707 ab

237 1729 270 1748 eo
283 1722 356 1756 quod
372 1723 561 1758 participatur.
579 1724 646 1752 Nam
663 1726 686 1752 si
701 1733 796 1753 verum
814 1726 886 1754 istud
903 1734 958 1753 non
975 1731 1027 1757 est,

239 1775 289 1794 nec
307 1768 423 1795 alterum
439 1769 473 1796 ab
489 1770 575 1797 altero
589 1771 644 1798 ullo
660 1771 742 1799 modo
761 1772 863 1806 differt,
892 1774 1027 1808 suiipsius

239 1811 376 1845 particeps
393 1813 447 1839 erit
462 1814 649 1850 quodcunque
667 1821 710 1844 est
738 1817 857 1852 alicujus
879 1820 1027 1853 particeps,

237 1857 310 1891 quod
340 1859 382 1885 vel
408 1861 529 1894 cogitare
558 1866 601 1888 est
620 1861 864 1891 absurdissimum.
884 1865 1028 1898 Quomodo

235 1903 306 1930 cnim
321 1903 421 1939 aliquis
436 1906 478 1932 sui
494 1907 630 1942 particeps
645 1915 706 1936 esse
718 1910 898 1938 censebitur?
909 1911 985 1944 Quod
1003 1912 1026 1939 si

237 1949 354 1991 naturali
369 1949 531 1979 diversitate
552 1952 669 1980 invicem
688 1953 733 1981 illa
750 1957 908 1984 necessario
922 1957 1027 1985 discre-

236 1999 311 2028 pant,
328 1995 438 2023 videant
450 1997 497 2031 qui
513 1994 661 2033 Unigenito
685 1998 819 2034 Spiritum
837 2009 898 2028 esse
912 2007 1027 2029 conten-

235 2040 304 2066 dunt
316 2048 364 2076 per
382 2042 633 2077 participationem.
659 2051 791 2080 quantam
808 2046 835 2073 in
855 2047 1025 2082 impietatem

236 2086 320 2113 nescii
346 2087 525 2122 praecipitent.
543 2088 610 2116 Nam
632 2090 654 2117 si
683 2091 823 2126 particeps
847 2091 967 2126 Spiritus
984 2099 1026 2121 est

235 2132 331 2166 Filius,
348 2138 461 2162 sanctus
479 2140 569 2162 autem
586 2140 683 2163 natura
700 2141 741 2164 cst
756 2137 887 2172 Spiritus,
905 2146 958 2166 non
973 2140 1026 2166 crit

234 2184 347 2207 sanctus
364 2180 422 2214 ipse
436 2188 484 2215 per
497 2184 636 2212 naturam.
656 2181 703 2210 sed
720 2182 833 2210 alterius
851 2184 1026 2218 conjunctio~

1083 939 1250 973 άγιάζοντος,
1267 940 1404 967 καὶτοῦτο
1416 941 1446 967 ὲν
1467 941 1590 978 ὑστέροις
1606 943 1719 978 καιροῖς,
1742 943 1786 969 ὅτε
1799 942 1879 976 γέγο-

1083 994 1126 1012 νεν
1153 985 1296 1022 ἅνθρωπος
1312 995 1319 1020 ;
1336 987 1475 1022 Θαυμάζω
1490 988 1519 1014 δὲ
1541 988 1615 1019 ὅπως
1642 988 1740 1020 αὐτοὺς
1767 989 1880 1015 κάκεῖνο

1083 1031 1218 1065 λανθάνει,
1236 1032 1323 1059 καίτοι
1342 1033 1402 1060 λίαν
1417 1033 1496 1065 ὄντας
1517 1034 1714 1070 φιλοζητητάς⁸
1731 1034 1747 1070 ἢ
1761 1034 1815 1070 γὰρ
1828 1034 1879 1060 οὐκ

1082 1079 1189 1113 ἀνάγκη
1205 1080 1286 1112 νοεῖν,
1298 1079 1427 1107 δύνασθαί
1442 1078 1507 1107 noce
1523 1080 1568 1107 τὸν
1581 1080 1644 1108 my
1660 1081 1707 1107 καὶ
1722 1081 1879 1107 ἀποπτύσαι

1081 1125 1126 1151 τὴν
1141 1125 1286 1160 ἁγιασμδν,
1301 1126 1378 1161 εἴπερ
1387 1126 1436 1152 οὐκ
1446 1125 1518 1152 ἔστιν
1535 1125 1666 1161 οὐσιώδης
1678 1127 1707 1152 ὲν
1721 1125 1804 1160 αὐτῷ.
1819 1133 1880 1152 συν-

1082 1170 1130 1206 έϐη
1142 1171 1170 1197 δὲ
1185 1171 1279 1206 ὥσπερ
1294 1172 1369 1206 ἡμῖν,
1387 1172 1433 1198 καὶ
1444 1172 1530 1208 ἑτέρῳ
1547 1173 1597 1199 τινὶ
1611 1171 1665 1198 τῶν
1685 1172 1802 1206 λογικῶν
1816 1180 1877 1198 κτι-

1083 1217 1262 1252 σμάτων;Τὸ
1275 1215 1303 1244 δὲ
1320 1218 1463 1253 ἁγιότητος
1480 1219 1606 1250 ἐκπεσὸν,
1633 1218 1693 1253 οὐχι
1715 1218 1746 1252 δὴ
1768 1218 1878 1249 πάντως

1081 1262 1158 1289 ἔσται
1174 1263 1221 1290 καὶ
1248 1263 1300 1290 ὑπὸ
1314 1265 1348 1291 τὰ
1359 1265 1409 1299 τῆς
1431 1265 1569 1300 ἁμαρτιας
1582 1264 1680 1299 δεσμὰ.
1697 1265 1744 1291 καὶ
1765 1261 1877 1291 ὀκλάσέι

1081 1308 1150 1343 πρὸς
1166 1309 1195 1335 τὺ
1214 1310 1313 1344 χεῖρον,
1330 1309 1422 1337 οὐκέτι
1432 1310 1564 1344 διασῶζον
1580 1310 1648 1345 πρὸς
1660 1310 1691 1336 τδ
1709 1309 1877 1344 φαυλότητος

1081 1354 1133 1388 ἔξω
1143 1355 1269 1389 γενέσθαι
1284 1355 1378 1382 ποιοῦν
1390 1364 1397 1388 ;
1411 1355 1515 1382 Οὐκοῦν
1540 1356 1599 1382 οὐδὲ
1616 1355 1794 1386 ἀναλλοίωτος
1810 1355 1876 1389 ἡμῖν

1081 1402 1095 1427 ὁ
1118 1401 1182 1434 Υίδς
1205 1401 1398 1437 εὑρεθήσεται,
1413 1402 1587 1437 διαψεύσεται
1603 1401 1633 1428 δὲ
1646 1401 1692 1428 καὶ
1716 1402 1729 1428 ὁ
1748 1399 1876 1436 Μελῳδὸς

1081 1449 1110 1474 ὲν
1124 1447 1274 1482 Πνεὺματι,
1292 1457 1300 1473 ι
1328 1447 1364 1474 Σὺ
1380 1448 1407 1474 δὲ
1427 1448 1441 1474 ὁ
1463 1447 1544 1479 αὐτὸς
1558 1445 1592 1480 εἴ,
1618 1457 1627 1472 ι
1647 1447 1724 1482 βοῶν,
1746 1447 1786 1478 ὡς
1807 1446 1876 1482 πρὸς

1081 1494 1172 1521 αὐτόν.
1191 1494 1263 1530 Πρὸς
1278 1493 1305 1520 δέ
1322 1502 1353 1527 γε
1369 1495 1426 1526 τοῖς
1443 1494 1598 1530 εἰρημένοις
1615 1493 1816 1530 περιαθρείσθω
1828 1493 1876 1519 καὶ

1081 1539 1169 1571 τοῦτο,
1187 1539 1304 1574 συγγενῆ
1318 1539 1369 1574 τὴν
1378 1538 1494 1574 θεωρίαν
1510 1535 1646 1573 ἐίσςρέρον,
1668 1538 1715 1565 τοῦ
1731 1537 1876 1573 μετίσχον-

1079 1594 1124 1617 τος
1141 1585 1171 1612 τὸ
1192 1585 1374 1620 μετεχόμενον
1389 1585 1480 1620 ἕτερόν
1494 1593 1519 1611 τι
1538 1584 1608 1611 κατὰ
1628 1584 1676 1620 τὴν
1691 1583 1771 1618 φύσιν
1787 1583 1876 1618 ὑπάρ-

1079 1640 1146 1666 χειν,
1161 1630 1328 1658 ἀπαστισοῡν
1346 1631 1494 1664 ἀναγκάσει
1512 1630 1598 1665 λόγος.
1621 1631 1652 1657 Ei
1666 1630 1720 1665 γὰρ
1737 1631 1775 1666 μὴ
1796 1630 1876 1657 τοῦτο

1079 1679 1152 1704 ἐστιν
1172 1677 1269 1713 ἀληθὲς
1283 1698 1289 1707 .
1305 1677 1400 1704 διοίσει
1417 1677 1445 1703 δὲ
1469 1677 1527 1703 κατ’
1545 1677 1641 1704 οὐδένα
1668 1677 1769 1712 τρόπον
1785 1677 1875 1703 ἐκεῖνο

1079 1725 1148 1759 πρὸς
1168 1723 1266 1755 τοῦτο,
1284 1724 1329 1750 καὶ
1355 1723 1412 1750 ἔστι
1427 1723 1536 1755 ταυτὸν,
1552 1722 1648 1750 ἑαυτοῦ
1667 1723 1781 1758 μέτοχον
1796 1722 1874 1749 ἔσται

1079 1771 1109 1796 τό
1128 1778 1199 1801 τινος
1222 1769 1344 1804 μετέχον,
1362 1769 1430 1804 ὅπερ
1446 1769 1504 1795 ἐστὶ
1521 1769 1568 1796 καὶ
1585 1769 1665 1804 μόνον
1689 1769 1788 1796 ἐννοεῖν
1811 1769 1876 1795 ἀπί-

1080 1815 1168 1841 θανον,
1193 1814 1255 1846 Πῶς
1269 1814 1323 1850 γὰρ
1335 1814 1367 1841 ἂν
1384 1823 1425 1846 τις
1448 1815 1545 1841 ἑαυτοῦ
1564 1817 1650 1841 νοοῖτο
1666 1814 1845 1850 μετεσχηκώς
1865 1823 1872 1847 ;

1079 1861 1110 1886 Εί
1124 1860 1152 1886 δὲ
1175 1861 1263 1887 κεῖται
1281 1860 1388 1892 πάντως
1413 1860 1442 1886 ἐν
1466 1861 1606 1896 ἑτερότητι
1629 1862 1730 1896 φυσικῇ
1746 1862 1779 1896 τῇ
1805 1861 1874 1895 πρὸς

1079 1906 1180 1942 ἄλληλα
1195 1907 1228 1933 τὰ
1247 1907 1390 1942 εἰρημένα,
1412 1907 1459 1933 καὶ
1473 1906 1611 1941 διατέμνει
1631 1907 1710 1941 λόγος
1724 1908 1874 1941 ἀναγκαῖος

1078 1953 1158 1983 αὐτὰ,
1174 1953 1315 1988 ὀράτωσαν
1327 1954 1350 1980 οἱ
1362 1954 1393 1979 ὲκ
1406 1954 1521 1989 μετοχῆς
1534 1954 1564 1980 τὺ
1580 1954 1690 1989 Πνεῦμα
1701 1953 1818 1985 διδόντες
1835 1953 1873 1989 τῷ

1078 1999 1247 2033 Μονογενεῖ,
1268 1998 1336 2033 πρὸς
1369 1999 1433 2033 ὅσην
1465 1988 1715 2030 κᾶτολισθαίνοντες
1744 1999 1872 2026 ἀσέϐειαν

1077 2045 1127 2071 οὐκ
1141 2045 1321 2071 αἰσθάνονται.
1337 2044 1367 2070 Ei
1379 2045 1433 2080 γὰρ
1445 2046 1558 2080 μέτοχος
1580 2046 1638 2072 ἐστι
1652 2045 1699 2072 τοῦ
1712 2046 1872 2081 Πνεύματος

1077 2091 1090 2116 ὁ
1105 2091 1177 2122 Υἱὸς,
1191 2090 1268 2124 ἅγιον
1279 2090 1307 2116 δὲ
1324 2091 1356 2126 τῇ
1373 2090 1452 2125 φύσει
1466 2092 1496 2118 τὸ
1510 2091 1623 2126 Πνεῧμά
1635 2093 1719 2124 ἐστιν,
1730 2092 1780 2118 οὐκ
1795 2092 1871 2119 ἔσται

1078 2135 1147 2162 κατὰ
1163 2135 1243 2170 φύσιν
1259 2135 1336 2169 ἅγιος
1354 2136 1444 2167 αὑτός·
1464 2136 1571 2172 ἐδείχθη
1594 2137 1622 2163 δὲ
1645 2136 1723 2164 τοῦτο
1741 2137 1818 2172 μόλις
1837 2139 1870 2174 τῇ

1078 2181 1144 2215 πρὸς
1157 2181 1250 2217 ἕτερον
1268 2189 1298 2207 συ
1303 2181 1421 2218 μπλοκῇ,
1437 2182 1505 2217 πρὸς
1524 2182 1554 2209 τὸ
1567 2183 1714 2219 ἄμεινον,ἢ
1730 2184 1759 2210 ἐν
1772 2180 1870 2220 οἷσπερ

234 2232 269 2252 ne
281 2225 326 2252 vix
344 2226 453 2252 tandem
469 2227 536 2253 illud
557 2231 725 2255 consecutus
751 2233 804 2261 est,
820 2229 853 2256 ad
883 2231 1022 2258 meliorem

1079 2226 1110 2263 ἦν
1143 2228 1233 2264 ἀρχῇ.
1258 2228 1329 2255 κατὰ
1365 2229 1444 2264 χάριν
1477 2231 1764 2264 μεταστοιχειούμενος
1781 2238 1787 2244 ·
1812 2231 1869 2257 ἀλλ’

235 2273 338 2296 statum
352 2277 433 2304 quam
452 2270 531 2297 initio
548 2278 596 2304 per
618 2272 736 2306 gratiam
762 2273 941 2302 reformatus.
969 2275 1022 2303 Sed

234 2315 324 2342 videat
340 2323 438 2343 rursus
455 2315 501 2343 Dei
518 2316 605 2344 hostis
624 2322 756 2352 quantam
774 2319 802 2346 in
821 2319 1022 2348 absurditatem

235 2362 280 2388 illa
292 2362 430 2389 desinant.
442 2362 564 2395 Primum
576 2364 648 2390 enim
668 2364 862 2393 alterationem
872 2368 1022 2402 quamdam

233 2411 261 2434 et
278 2409 467 2440 mutationem,
487 2408 569 2436 sicuti
585 2409 641 2444 jam
660 2414 740 2438 antea
772 2411 841 2444 dixi,
871 2415 1023 2448 comperie-

234 2461 295 2480 mus
324 2461 385 2481 esse
399 2454 426 2481 iu
443 2454 534 2482 Filio:
553 2455 577 2482 si
605 2459 727 2484 mutatus
743 2462 834 2485 autem
851 2458 897 2491 sit,
927 2464 956 2486 ut
975 2467 1022 2488 vos

233 2500 328 2531 vultis,
342 2504 369 2527 et
384 2500 531 2534 profecerit
551 2501 579 2528 in
607 2502 717 2534 melius,
734 2502 814 2531 l’atre
842 2506 936 2533 nescio
950 2514 1021 2541 quo-

233 2545 313 2572 modo
331 2545 421 2572 minor
436 2550 490 2578 est,
522 2546 571 2574 sed
586 2553 613 2574 et
635 2548 724 2583 major
754 2549 864 2577 demum
882 2551 938 2585 fiet,
966 2560 1022 2587 quo

233 2595 312 2625 pacto
327 2598 403 2624 vero,
420 2591 555 2625 dicemus,
571 2600 603 2620 ex
624 2592 774 2630 Scripturze
789 2596 889 2625 divinae
903 2600 1022 2626 auctori-

232 2638 296 2663 tate.
326 2635 409 2664 Divus
436 2636 538 2666 Paulus
556 2639 590 2666 de
617 2639 676 2674 ipso
695 2642 797 2669 alicubi
824 2643 904 2671 infit:
931 2654 940 2670 ι
961 2644 1018 2672 Hoc

232 2681 333 2710 sentite
353 2682 379 2709 in
398 2683 486 2716 vobis,
502 2685 575 2720 quod
591 2690 618 2713 et
633 2687 661 2714 in
672 2686 784 2716 Christo
795 2688 874 2716 Jesu:
891 2690 939 2725 qui
955 2697 1018 2717 cum

231 2727 257 2753 in
277 2726 363 2754 forma
381 2728 427 2756 Dei
443 2735 525 2763 esset,
544 2739 597 2759 non
610 2734 733 2768 rapinam
746 2734 895 2763 arbitratus
904 2740 946 2763 est
958 2744 1019 2764 esse

229 2781 260 2800 se
273 2772 405 2809 aequalem
425 2776 490 2809 Deo,
506 2778 554 2806 sed
577 2781 754 2815 semetipsum
772 2782 933 2815 exiuanivit,
960 2782 1019 2810 for-

262 2864 287 2879 ²³
295 2863 364 2892 Psul.
375 2873 411 2900 Cl,
431 2866 470 2893 15.

1077 2273 1167 2308 ὁράτω
1178 2273 1259 2300 πάλιν
1275 2275 1289 2300 ὁ
1305 2273 1448 2309 θεομάχος,
1465 2275 1505 2306 εἰς
1529 2275 1595 2310 ὅσην
1621 2277 1695 2311 αὐτῷ
1711 2275 1869 2303 δυσσέϐειαν

1077 2313 1260 2357 καταστρέφει
1276 2320 1310 2347 τὰ
1334 2320 1525 2356 προϐλήματα.
1550 2321 1663 2356 Πρῶτον
1687 2324 1736 2357 μὲν
1752 2323 1807 2359 γὰρ
1823 2323 1870 2350 ἀλ-

1075 2366 1183 2398 λοίωσίς
1198 2375 1240 2399 τις
1267 2367 1313 2394 καὶ
1325 2366 1423 2403 τροπὴ,
1441 2367 1567 2404 καθάπερ
1579 2368 1628 2404 ἤδη
1647 2370 1788 2404 προεῖπον,
1806 2369 1870 2405 περὶ

1075 2415 1120 2442 τὸν
1135 2415 1199 2441 Υἱδν
1221 2414 1397 2450 εὑρεθήσεται
1415 2423 1420 2429 ·
1436 2414 1590 2446 ἀλλοιωθεὶς
1602 2415 1630 2441 δὲ
1645 2415 1706 2442 καθ’
1721 2416 1805 2450 ὑμᾶς,
1821 2417 1868 2443 καὶ

1077 2461 1215 2496 προκόψας
1231 2460 1277 2486 ἐπὶ
1290 2459 1320 2486 τὸ
1330 2460 1450 2495 ἄμεινον,
1467 2461 1516 2494 οὐχ
1530 2461 1604 2492 ὅπως
1620 2459 1740 2487 ἐλάττων
1753 2461 1811 2487 ἐστὶ
1822 2461 1868 2488 τοῦ

1072 2507 1189 2542 Πατρδς,
1206 2505 1264 2534 ἀλλ’
1279 2506 1330 2541 ἤδη
1354 2514 1413 2537 πως
1435 2506 1481 2532 καὶ
1499 2507 1527 2532 ἐν
1554 2506 1660 2540 μείζοσι
1677 2506 1798 2540 γεγονὼς
1813 2507 1867 2534 δει-

1070 2553 1210 2589 χθήσεται·
1227 2553 1274 2579 καὶ
1281 2553 1365 2585 ὅπως,
1380 2551 1506 2587 ἐροῦμεν,
1519 2552 1573 2578 ἀπὸ
1584 2552 1635 2587 τῆς
1648 2551 1723 2584 θείας
1740 2552 1867 2586 λαϐόντες

1072 2599 1191 2634 Γραφῆς·
1213 2598 1242 2624 ’0
1259 2597 1400 2630 θεσπέσιος
1417 2597 1522 2629 Παῦλος
1539 2598 1602 2633 περὶ
1611 2596 1696 2624 αὑτοῦ
1716 2599 1767 2625 πού
1788 2607 1865 2634 φησι·

1076 2656 1084 2672 ι
1099 2646 1184 2673 Τοῦτο
1200 2644 1332 2681 φρονείτω
1349 2644 1463 2676 ἕκαστος
1483 2645 1512 2670 ὲν
1528 2645 1602 2680 ὑμῖν,
1618 2644 1631 2671 ὃ
1648 2646 1695 2672 καὶ
1716 2646 1745 2672 ὲν
1756 2645 1866 2681 Χριστῷ

1080 2691 1177 2727 Ἰησοῦ,
1191 2689 1220 2722 ὃς
1238 2692 1266 2717 ὲν
1288 2691 1378 2726 μορφῇ
1401 2689 1470 2716 Θεοῦ
1490 2689 1620 2725 ὑπάρχων
1631 2710 1638 2723 ,
1653 2691 1701 2725 οὐχ
1719 2691 1865 2726 ἁρπαγμὸν

1074 2739 1196 2774 ἡγήσατο
1211 2736 1240 2763 τὸ
1257 2733 1326 2763 εἶναι
1343 2736 1388 2763 τσα
1403 2735 1472 2771 Θεῷ,
1489 2735 1546 2762 ἀλλ’
1561 2737 1657 2763 ἑαυτὸν
1671 2737 1790 2763 ὲκένωσε
1801 2745 1865 2773 μορ-

1074 2785 1126 2819 φὴν
1142 2783 1235 2810 δούλου
1252 2782 1352 2815 λαϐὼν,
1367 2783 1397 2810 ὲν
1415 2781 1568 2816 ὁμοιώματι
1582 2781 1865 2819 ὰνθρώπωνλνενόμε-
