2028 3118
168 163 216 189 le

696 162 730 188 IN
749 161 890 190 JOANNIS
909 159 1132 189 EVANCELIUM
1153 163 1216 192 LIB.
1234 163 1265 191 ll.

1738 164 1792 196 209

168 227 222 250 νος.
235 218 282 244 καὶ
298 218 417 253 σχήματι
430 218 550 254 εὑρεθεὶς
563 219 600 250 ὡς
612 218 761 254 ἄνθρωπος,
777 219 956 245 ἐταπείνωσεν

1012 226 1080 245 mam
1096 222 1168 247 servi
1194 222 1342 256 accipiens.
1375 222 1402 250 in
1423 223 1629 252 similitudinem
1650 224 1790 254 hominum

168 265 283 292 ἐαυτόν²
301 273 312 290 ι
335 265 380 291 ὅτε
402 264 490 291 τοίνυν
500 264 563 300 »πρὸ
585 265 633 300 μὲν
656 266 704 300 τῆς
728 264 956 299 ἐνανθρωπήσεως

168 309 202 346 ἦν
221 310 250 337 ἐν
266 311 357 346 μορφῇ
375 311 422 336 καὶ
447 309 550 346 ἰσότητι
573 310 620 336 τοῦ
645 309 751 345 Πατρδς
762 330 769 341 ,
785 309 855 336 κατὰ
868 309 895 335 δὲ
911 309 957 336 τὸν

167 356 218 392 τῆς
235 355 468 391 ὲνανθρωπήσεως
483 356 577 391 χρόνον
591 356 621 382 τὸ
637 355 749 390 Πνεῦμα
765 354 854 381 λαϐὼν
864 353 895 386 ἐξ
913 354 958 380 οὐ·

170 403 252 438 ρανοῦ
266 401 388 437 ἡγιάσθη
409 402 468 429 κατ’
491 401 622 433 ἐκείνους,
642 401 772 436 κρείττων
797 409 825 427 τε
842 401 899 435 ἅμα
912 400 958 426 καὶ

171 449 271 483 μείζων
288 447 385 475 ἑαυτοῦ
407 447 451 474 διὰ
471 447 572 482 ταύτην
587 447 772 482 ἀναπέφανται
794 446 842 483 τὴν
859 446 957 478 αἰτίαν,

170 495 313 530 ὑπεραίρει
338 495 458 530 δηλονότι
487 495 579 522 λοιπὸν
603 495 650 521 καὶ
665 494 696 521 τὸ
718 493 765 520 τοῦ
782 494 959 529 γεννήσαντος

171 541 279 577 μέτρον.
296 541 351 568 Καὶ
364 541 429 567 εἰτὸ
440 540 552 575 Πνεῦμα
565 540 655 567 λαϐὼν
666 541 706 571 εἰς
719 540 748 566 τὺ
761 539 960 575 ὑπερεπὲκεινα

169 587 217 613 τοῦ
242 586 350 622 Πατρὸς
372 586 541 621 ἀναϐέϐηκεν
563 586 681 622 ἀξίωμα,
697 587 819 621 κρεῖττον
834 585 887 620 ἄρα
901 585 960 612 ἐστὶ

169 632 332 667 ἰδ’Πνεῦμα
354 633 400 659 καὶ
428 633 510 659 αὐτοῦ
535 633 659 669 Πατρὸς,
680 633 729 668 τὴν
749 634 807 660 κατ’
820 633 901 659 αὑτοῦ
921 632 960 668 τῷ

170 678 228 713 Tit];
253 677 431 714 χαριζόμενον
451 678 596 713 ὑπεροχήν.
617 678 664 709 Τίς
690 676 735 704 οὖν
755 678 810 713 ἄρα
833 677 879 713 καὶ
893 677 960 712 πρὸς

171 725 256 760 μόνην
271 725 320 751 οὐκ
343 723 488 760 ἀποφρίξει
510 724 558 760 τὴν
581 725 664 760 ἀκοήν
678 732 685 757 ;
700 724 823 751 Χαλεπὸν
840 725 887 760 μὲν
905 723 960 759 γὰρ

170 770 254 802 ὅντως
269 770 314 797 καὶ
328 770 358 797 τὸ
377 769 421 796 διὰ
436 770 490 797 τῶν
505 770 631 797 τοιούτων
651 770 718 796 ἰέναι
732 770 818 804 λόγων
831 779 837 784 ·
856 769 913 796 ἐστι
929 776 961 803 γε

171 816 226 852 μὴν
239 817 288 852 οὐχ
303 816 403 852 ἑτέρως
421 815 455 843 τὰ
469 817 501 842 ἐκ
516 816 565 851 τῆς
584 815 694 842 ἐκείνων
709 815 872 850 δυστροπίας
893 816 962 842 ἀπο-

171 862 339 898 κρούσασθαι
364 862 460 898 βλάϐη.
482 862 528 889 Διὸ
543 862 575 898 δὴ
601 861 682 888 πάλιν
703 861 820 897 ἐροῦμεν
848 862 938 892 αὐτοῖς
951 869 958 877 ·

170 909 195 934 εἰ
206 909 250 934 ὅτε
263 908 375 942 γέγονεν
391 908 534 944 ἄνθρωπος
550 909 563 934 6
576 907 621 934 τοῦ
637 907 703 934 Θεοῦ
720 908 805 942 Λόγος
818 908 959 942 ἁγιάζεται

170 954 202 980 τὸ
217 954 331 988 Πνεῦμα
354 953 461 981 λαϐών·
483 953 536 990 πρὸ
561 953 590 980 δὲ
607 954 657 988 τῆς
683 953 913 988 ὲνανορωπήσεως
927 951 960 988 ἦν

171 999 200 1024 ὲν
214 999 304 1033 μορφῇ
319 998 365 1024 καὶ
381 998 482 1033 ἰσότητι
497 997 542 1024 τοῦ
558 998 673 1033 Πατρὺς,
687 997 762 1024 οὔπω
773 997 831 1024 κατ’
840 998 960 1029 ἐκείνους

171 1044 348 1079 ἡγιασμένος,
366 1044 424 1079 ὥρα
436 1045 525 1078 λέγειν
543 1044 795 1080 ἀποτολμήσαντας,
814 1043 890 1078 ἅγιον
910 1044 960 1070 οὐκ

172 1089 240 1118 εἶναι
253 1090 299 1118 τὸν
316 1090 380 1117 Θεὸν
396 1091 441 1117 καὶ
457 1090 577 1126 Πατέρα,
597 1091 676 1126 εἴπερ
691 1090 757 1121 ὅλως
772 1091 786 1116 6
801 1089 961 1125 σύμμορψός

171 1146 200 1163 τε
230 1137 278 1164 καὶ¹
305 1137 361 1168 ῐσος
380 1136 454 1172 αὐτῷ
470 1137 540 1163 κατὰ
554 1136 641 1163 πάντα
657 1136 753 1170 Λόγος,
770 1135 847 1170 ἅγιος
867 1136 916 1162 οὐκ
928 1134 961 1170 ἦν

172 1184 201 1209 ἐν
220 1183 302 1218 ἀρχῇ,
318 1183 346 1210 ἐν
360 1183 483 1218 ὑστέροις
500 1183 529 1209 δὲ
548 1182 624 1218 μόλις
641 1182 719 1209 τοῦτο
735 1182 830 1216 γέγονε
845 1183 960 1217 καιροῖς.

173 1227 229 1254 Καὶ
248 1229 342 1255 πάλιν·
359 1230 383 1255 εἰ
403 1229 484 1260 αὐτός
497 1230 555 1255 ἐστι
578 1228 678 1264 κυρίως
693 1230 707 1255 6
729 1228 775 1254 τοῦ
795 1228 861 1255 Θεοῦ
876 1228 962 1262 Λόγος

173 1273 203 1299 τὸ
230 1273 342 1310 Πνεῦμα
358 1274 522 1310 λαμϐάνων,
538 1275 585 1302 καὶ
602 1274 780 1309 ἁγιαζόμενος
797 1275 826 1300 ὲν
843 1274 895 1308 ἰδία
912 1272 962 1308 φύ-

174 1328 225 1352 σει,
245 1319 398 1354 λεγέτωσαν
425 1321 490 1356 ἡμῖν
511 1322 534 1347 οἱ
560 1321 592 1347 δι’
612 1320 744 1353 ἐναντίας,
761 1320 875 1356 πότερόν
896 1329 962 1348 ποτε

176 1363 277 1398 μείζων
293 1364 388 1391 ἑαυτοῦ
407 1365 546 1400 γέγονενῆ
563 1365 719 1400 ἐλάττων,ἣ
742 1366 788 1393 καὶ
809 1365 914 1401 ἔμεινεν
934 1367 962 1392 ὲν

173 1410 318 1446 ταυτότητι
337 1410 414 1437 τοῦτο
439 1410 542 1438 παθών.
559 1411 590 1438 Εἰ
617 1411 667 1447 μὲν
689 1411 744 1448 γὰρ
763 1411 838 1438 οὐδὲν
863 1412 896 1437 ἐκ
915 1411 961 1438 τοῦ

174 1455 334 1490 Πνεύματος
348 1457 404 1492 ἔχει
420 1457 448 1483 τδ
461 1457 551 1490 πλέον,
569 1457 644 1492 μένει
661 1457 689 1483 δὲ
706 1457 776 1484 οὕτω
789 1457 915 1492 καθάπερ
929 1455 962 1493 ἦν

173 1502 188 1527 ὁ
201 1502 292 1534 αὐτὸς,
315 1502 351 1537 μὴ
369 1501 543 1534 σκανδαλίζου
562 1502 718 1537 μανθάνων,
743 1503 783 1529 ὅτι
808 1502 963 1539 καταθέὃη-

175 1556 222 1574 κεν
240 1548 283 1574 ἐπ’
299 1548 389 1574 αὐτόν.
408 1548 438 1574 El
452 1548 480 1574 δὲ
500 1547 614 1583 ἠδικήθη
638 1544 738 1580 λαϐὼν,
750 1549 797 1575 καὶ
810 1549 921 1584 γέγονεν
934 1550 962 1575 ἑν

175 1593 316 1625 ἐλάττοσι,
332 1592 452 1627 παθητὸν
475 1593 539 1627 ἡμῖν
561 1592 687 1624 εἰσοίσεις
714 1593 760 1620 τὸν
789 1593 875 1627 Λόγον
889 1613 897 1626 ,
915 1593 962 1619 καὶ

176 1640 377 1675 κατηγορήσεις
395 1639 445 1673 τῆς
477 1639 571 1670 οὐσίας
597 1638 643 1665 τοῦ
663 1639 769 1674 Πατρὺς
781 1659 788 1672 ,
807 1639 962 1670 ἀδικοῦντος

177 1685 295 1720 μᾶλλον,
318 1685 333 1720 ῆ
361 1685 528 1720 ἁγιάζοντος.
551 1685 583 1712 Εἰ
607 1685 634 1711 δὲ
658 1685 777 1720 ἀμείνων
804 1684 909 1720 ἐδείχθη
932 1685 963 1711 τὸ

177 1730 290 1767 Πνεῦμα
299 1730 398 1763 λαϐὼν,
413 1729 447 1767 ἦν
463 1731 491 1758 δὲ
503 1732 550 1758 καὶ
567 1732 596 1758 ἐν
619 1733 708 1767 μορφῇ
726 1731 773 1758 καὶ
794 1731 896 1766 ἰσότητι
916 1732 961 1758 τοῦ

176 1777 293 1812 Πατρὸς,
311 1778 357 1804 καὶ
384 1777 448 1813 πρὶν
464 1777 544 1804 αὐτὸν
559 1777 735 1813 βελτιωθῆναι
749 1778 810 1805 καθ’
823 1777 964 1813 ὑμᾶς,οὑκ

175 1824 216 1855 εἰς
243 1824 382 1859 ἀκρότητα
406 1823 484 1858 δόξης
508 1824 678 1858 ἀναϐέϐηκεν
694 1825 708 1850 6
727 1823 835 1859 Πατὴρ,
857 1823 914 1849 ἀλλ’
934 1823 963 1849 ἐν

176 1870 291 1901 ἐκείνοις
311 1870 386 1896 ἔσται
410 1871 466 1901 τοῖς
484 1870 602 1905 μέτροις,
616 1870 645 1896 ἐν
660 1867 757 1904 οἷσπερ
777 1867 810 1904 ἦν
826 1870 874 1895 σὺν
889 1867 963 1903 αὐτῷ

177 1914 340 1950 σύμμορφός
363 1923 394 1941 τε
411 1915 459 1942 καὶ
489 1915 545 1947 ἴσος
567 1915 698 1950 ὑπάρχων
717 1915 731 1941 6
745 1913 813 1949 πρὸς
829 1913 859 1940 τὸ
872 1913 963 1948 μεῖζον

175 1959 352 1994 ἀναπηδήσας
371 1958 445 1991 Υἱός.

214 2048 347 2084 Εὖκαιρον
372 2046 420 2075 οὖν
441 2047 517 2083 οἶμαι
545 2048 636 2085 λέγειν
653 2048 698 2073 ἐπὶ
716 2048 772 2078 τοῖς
793 2045 964 2077 ἀπαιδεύτοις

177 2097 326 2131 αἱρετικοῖς
346 2104 352 2110 ·
395 2105 404 2121 ί
424 2095 489 2122 Ἰδοὺ
519 2095 581 2126 λαὸς
611 2095 720 2130 μωρὸς,
750 2094 797 2120 καὶ
825 2093 961 2128 ἁκάρδιος·

173 2141 311 2182 ῑόφθαλμοὶ
328 2141 436 2173 αὐτοῖς,
456 2141 503 2167 καὶ
520 2141 549 2167 οὐ
568 2140 720 2175 βλέπουσιν.
736 2149 745 2164 ι
775 2139 963 2173 ’Λπετύφλωσε

177 2188 231 2223 γὰρ
248 2188 331 2220 ὅντως
345 2188 359 2214 ὁ
375 2187 440 2218 Θεὸς
456 2186 501 2213 τοῦ
518 2187 614 2218 αἰῶνος
628 2185 722 2212 τούτου
733 2185 899 2220 τὰνοήματα
909 2185 963 2211 τῶν

1008 264 1108 296 factus.
1131 270 1159 293 et
1186 268 1265 303 120
1295 268 1389 296 habitu
1426 270 1554 298 inventus
1571 275 1601 297 ut
1625 271 1717 304 homo,
1737 272 1792 299 btr-

1008 312 1125 339 ntiliavit
1140 315 1318 348 semetipsum
1331 315 1363 342 “.
1383 325 1393 341 ι
1425 316 1493 343 Cum
1509 325 1575 353 ergo
1590 321 1652 345 ante
1664 318 1791 346 incarna-

1009 357 1110 384 tionem
1135 363 1209 386 esset
1238 359 1370 387 informa
1386 365 1412 388 et
1438 363 1594 396 aequalitate
1614 363 1714 396 Patris,
1743 365 1791 392 sed

1009 403 1209 431 incarnationis
1246 408 1370 439 tempore
1401 406 1513 434 coalitus
1539 412 1651 443 accepto
1686 409 1790 444 Spiritu

1009 449 1197 477 sanetilieatus
1213 450 1261 482 sit,
1279 455 1308 477 ut
1322 450 1360 477 illi
1375 451 1481 482 volunt,
1501 453 1650 488 meliorque
1666 458 1691 481 et
1704 455 1792 490 major

1009 495 1099 529 scipso
1129 495 1199 522 hanc
1225 496 1259 523 ob
1289 504 1400 524 causam
1433 497 1569 530 redditus,
1601 498 1690 533 major
1708 501 1790 528 etiam

1008 539 1089 567 Patre
1103 540 1192 569 factus
1208 545 1250 569 est
1266 541 1404 569 videlicet.
1420 541 1493 575 Jam,
1508 543 1529 569 si
1547 548 1663 576 accepto
1686 543 1791 578 Spiritu

1010 586 1080 613 ultra
1096 585 1256 621 dignitatem
1270 586 1359 616 Patris
1373 591 1415 615 est
1431 593 1554 620 evectus,
1569 589 1696 623 superior
1711 590 1795 624 igitur

1009 633 1123 667 estipso
1144 641 1254 668 quoque
1282 633 1362 661 Patre
1387 634 1521 669 Spiritus,
1549 634 1596 669 qui
1617 635 1794 662 eminentiam

1009 677 1092 706 Patre
1108 679 1239 714 majorem
1253 679 1322 707 Filio
1338 680 1463 715 largitur.
1477 680 1545 714 Quis
1562 688 1626 715 ergo
1642 681 1684 708 vel
1700 681 1794 707 auditu

1010 724 1068 750 solo
1085 731 1138 750 non
1157 725 1359 752 exhorrescat?
1375 725 1517 753 Enimvero
1543 733 1626 761 grave
1643 729 1687 753 est
1705 725 1796 761 profe-

1011 775 1056 797 cto
1073 770 1242 805 ejuscemodi
1258 771 1342 798 verba
1361 771 1466 798 facere:
1489 771 1538 799 sed
1562 771 1642 799 aliter
1661 779 1716 800 non
1730 779 1795 807 pos-

1011 824 1106 843 sumus
1118 824 1212 843 eorum
1227 817 1425 852 malignitatem
1443 817 1601 845 retundere.
1615 818 1706 851 Quare
1721 819 1796 853 ipsos

1012 862 1111 890 iterum
1127 863 1320 898 aggrediemur
1334 863 1377 891 bis
1400 864 1512 891 verbis:
1531 864 1640 897 Si,cum
1661 865 1742 894 homo
1757 863 1797 891 fa-

1010 911 1083 934 ctum
1102 912 1143 934 est
1159 908 1206 935 Dei
1222 907 1352 941 Verbum,
1365 913 1430 936 tunc
1442 914 1553 944 accepto
1567 910 1672 944 Spiritu
1689 910 1795 937 sancti-

1012 951 1119 983 ﬁcatur,
1141 957 1205 980 ante
1220 953 1437 981 incarnationem
1456 962 1523 982 vero
1539 955 1566 981 in
1588 954 1674 982 forma
1692 959 1751 983 erat
1769 958 1798 982 et
1828 955 1833 960 ’

1010 997 1164 1030 aequalitate
1187 997 1287 1031 Patris,
1315 998 1447 1032 nondum,
1469 1006 1503 1025 ex
1531 1006 1626 1026 eorum
1645 1001 1796 1033 sententia,

1011 1042 1240 1070 sanctificatum:
1276 1044 1400 1079 sequitur
1438 1045 1599 1074 necessario
1635 1046 1794 1079 dicendum,

1011 1088 1096 1116 Deum
1112 1096 1144 1116 ac
1163 1089 1271 1117 Patrem
1288 1098 1343 1117 non
1370 1098 1431 1117 esse
1462 1095 1588 1118 sanctum
1616 1091 1653 1124 si,
1685 1100 1746 1119 cum
1771 1092 1795 1119 ei

1012 1134 1152 1162 conforme
1167 1140 1192 1162 et
1207 1137 1313 1170 mquale
1327 1135 1449 1164 Verbum
1472 1137 1509 1163 sit
1526 1137 1554 1163 in
1571 1137 1709 1169 omnibus,
1734 1145 1798 1165 san-

1012 1185 1085 1208 ctum
1104 1185 1195 1208 tamen
1219 1189 1274 1209 non
1298 1186 1357 1210 erat
1383 1183 1529 1217 principio,
1562 1183 1610 1211 sed
1637 1184 1796 1210 novissimis

1012 1227 1184 1261 temporibus
1200 1227 1243 1255 vix
1269 1228 1380 1256 tandem
1399 1233 1524 1256 sanctum
1550 1229 1608 1256 fuit.
1633 1228 1769 1256 Przuterea
1788 1238 1794 1256 :

1013 1272 1037 1300 si
1055 1273 1142 1307 ipsum
1157 1278 1199 1301 est
1212 1275 1323 1309 proprie
1345 1274 1391 1302 Dei
1412 1274 1544 1306 Verbum,
1561 1275 1636 1310 quod
1659 1275 1793 1310 Spiritum

1012 1319 1112 1354 accipit
1125 1323 1151 1346 et
1171 1319 1199 1347 in
1216 1324 1316 1347 natura
1335 1327 1383 1347 sua
1396 1320 1596 1353 sanctificatur,
1608 1320 1701 1349 dicant
1717 1321 1796 1348 nobis

1012 1363 1171 1398 adversarii,
1186 1368 1277 1392 utrum
1295 1365 1402 1393 tandem
1419 1366 1510 1400 seipse
1530 1365 1618 1400 majus
1639 1365 1743 1397 factum
1757 1365 1797 1393 sit

1013 1411 1060 1435 aut
1070 1409 1171 1442 minus,
1188 1414 1235 1436 aut
1247 1417 1279 1437 eo
1295 1415 1408 1445 accepto
1425 1410 1453 1437 in
1470 1410 1566 1438 eodem
1583 1415 1655 1438 statu
1674 1419 1798 1446 perman-

1013 1454 1090 1482 serit.
1101 1453 1168 1481 Nam
1184 1454 1207 1482 si
1227 1456 1344 1490 amplius
1360 1455 1430 1482 nilnl
1448 1456 1533 1484 habet
1551 1462 1663 1491 accepto
1679 1456 1796 1492 Spiritu,
1838 1476 1846 1483 ,

1013 1501 1059 1528 sed
1077 1501 1200 1536 idipsum
1216 1506 1308 1529 manet
1328 1502 1404 1538 quod
1424 1507 1494 1535 erat,
1513 1502 1570 1529 noli
1598 1503 1704 1530 turbari
1733 1512 1797 1530 eum

1013 1546 1133 1574 audieris
1153 1547 1286 1582 Spiritum
1299 1548 1326 1575 in
1343 1556 1405 1576 eum
1422 1549 1612 1577 descendisse.
1633 1549 1710 1581 Quod
1725 1550 1748 1577 si
1765 1557 1797 1577 eo

1014 1597 1140 1627 suscepto
1167 1593 1362 1621 detrimentum
1390 1594 1503 1630 aliquod
1527 1599 1554 1622 et
1577 1595 1798 1624 imminutionem

1013 1639 1154 1670 sustinuit.
1172 1639 1283 1674 patibile
1299 1640 1379 1667 nobis
1400 1639 1518 1667 Verbum
1534 1644 1649 1673 statues,
1668 1644 1696 1668 et
1709 1641 1798 1668 Patris

1012 1685 1193 1713 substantiam
1208 1685 1360 1719 incusabis,
1379 1686 1425 1721 qui
1453 1686 1583 1714 damnum
1611 1687 1694 1714 infert
1708 1687 1799 1722 potius

1013 1739 1093 1766 quant
1110 1731 1274 1760 sanctilicat.
1289 1731 1338 1758 Sin
1354 1735 1445 1759 autem
1458 1736 1570 1767 accepto
1584 1732 1687 1768 Spiritu
1703 1733 1799 1760 melior

1013 1775 1127 1803 clfcctus
1154 1781 1215 1803 est:
1236 1781 1295 1803 erat
1312 1779 1401 1803 autem
1431 1776 1457 1803 in
1488 1776 1576 1804 forma
1590 1781 1617 1804 et
1644 1778 1801 1812 zequalilate

1013 1820 1112 1853 Patris,
1130 1821 1212 1848 etiam
1229 1825 1374 1856 antequam
1390 1822 1489 1849 melior
1503 1814 1671 1856 redderetur,
1693 1827 1722 1850 ut
1740 1831 1798 1851 sen-

1014 1867 1071 1894 titis
1085 1875 1092 1900 ;
1109 1866 1190 1894 Pater
1202 1867 1341 1902 fastigium
1355 1867 1449 1902 gloriae
1466 1876 1520 1895 non
1536 1869 1635 1903 attigit,
1653 1869 1700 1896 sed
1714 1870 1739 1896 in
1755 1877 1800 1897 eo-

1014 1912 1075 1940 dem
1090 1913 1144 1940 erit
1161 1916 1235 1939 statu
1251 1912 1278 1939 in
1292 1920 1348 1947 quo
1368 1917 1427 1940 erat
1442 1920 1503 1940 cum
1523 1914 1583 1947 ipso
1608 1914 1759 1943 conformis
1774 1921 1801 1943 et

1013 1957 1128 1992 aequalis
1140 1957 1184 1985 ille
1195 1957 1292 1990 Filius,
1307 1958 1352 1992 qui
1371 1957 1405 1985 ad
1419 1958 1628 1987 eminentiorem
1644 1964 1745 1988 statutn
1759 1966 1801 1989 est

1014 2008 1135 2032 evectus.

1049 2048 1209 2084 Opportune
1234 2049 1328 2085 itaque
1356 2049 1390 2077 de
1417 2050 1554 2086 imperitis
1581 2051 1717 2080 haereticis
1746 2053 1800 2080 dici

1015 2100 1121 2132 potest:
1143 2105 1151 2122 ι
1170 2096 1240 2124 Ecce
1251 2097 1368 2131 populus
1381 2097 1481 2124 stultus
1495 2101 1522 2124 et
1533 2097 1593 2125 sine
1606 2099 1690 2134 corde
1704 2108 1711 2125 :
1727 2099 1800 2126 oculi

1014 2143 1066 2176 eis,
1083 2146 1110 2169 et
1139 2150 1193 2169 non
1224 2142 1364 2170 vident”.
1387 2151 1396 2168 ι
1429 2142 1584 2170 Excrecavit
1601 2143 1673 2171 enim
1704 2152 1800 2172 revera

1015 2187 1088 2216 Deus
1103 2188 1196 2215 smculi
1213 2187 1298 2222 hujus
1311 2188 1395 2215 corda
1408 2188 1570 2222 infidelium,
1588 2196 1622 2216 ne
1634 2189 1800 2217 illuminatio

178 2233 318 2265 ἀπίστων,
343 2235 382 2264 είς
406 2233 436 2259 τὸ
467 2232 504 2268 μὴ
538 2232 656 2266 αὐγάσαι
679 2231 724 2258 τὸν
749 2231 886 2266 eumsi.th
915 2230 960 2257 τοῦ

1013 2233 1152 2268 Evangelii
1165 2233 1258 2268 gloria:
1274 2232 1378 2261 Christi
1393 2234 1433 2261 eis
1447 2233 1557 2261 illuceat
1567 2234 1598 2261 ‘6.
1614 2234 1718 2266 Quibus
1728 2240 1802 2263 certe

178 2278 344 2313 Εὑαγγελίου
361 2280 410 2314 τῆς
424 2278 502 2312 δόξης
519 2277 564 2304 τοῦ
577 2276 695 2312 Χριστοῦ
707 2285 714 2292 ι
732 2275 773 2307 οἷς
788 2276 820 2312 δὴ
833 2277 880 2303 καὶ
896 2276 963 2311 μᾶλ-

177 2325 222 2352 λον
237 2324 434 2358 ὲπαλγύνεσθαι
446 2324 512 2355 δεῖν,
529 2323 559 2348 ’λὺ
572 2322 745 2358 χαλεπαίνειν
759 2322 842 2354 ἄξιον.
859 2322 896 2349 Οὑ
908 2323 962 2358 γὰρ

178 2373 277 2402 ἴσασιν,
295 2371 313 2398 ἃ
332 2371 563 2406 ἀναγινώσκουσιν
575 2379 582 2386 ·
613 2371 653 2397 ὅτι
673 2371 700 2397 δὲ
723 2370 825 2412 ἀληθὴς
844 2372 857 2396 ὀ
873 2371 960 2404 λόγος,

177 2418 303 2446 ἐντεῦθεν
320 2419 386 2453 ἠμῖν
405 2418 480 2445 ἔσται
495 2416 657 2452 καταφανὲς,
675 2418 699 2443 εἰ
722 2418 768 2443 καὶ
788 2418 828 2444 ὅτι
846 2417 962 2451 μάλιστα

177 2466 221 2492 διὰ
249 2465 304 2491 τῶν
337 2465 388 2499 ἥδη
420 2464 723 2499 προγεγυμνασμὲνων,
761 2463 810 2488 οὐκ
840 2463 961 2497 ἄκομψον

178 2509 366 2543 ἐποιησάμεθα
380 2509 428 2544 τὴν
447 2508 583 2541 ἀπόδειξιν
596 2517 602 2522 ·
631 2508 696 2534 αὐτὸ
712 2508 740 2534 δὲ
753 2508 834 2533 πάλιν
850 2508 914 2542 ἡμῖν
933 2507 963 2533 τὸ

177 2555 220 2582 διὰ
235 2555 284 2590 τῆς
299 2554 345 2581 τοῦ
368 2554 474 2581 Παύλου
489 2554 647 2589 λελεγμένον
664 2553 755 2587 φωνῆς
771 2553 960 2588 προστήσεται.

181 2609 190 2626 ε
205 2601 290 2627 Τοῦτο
313 2599 455 2635 φρονείτω,
474 2599 565 2634 φησὶν,
580 2599 694 2630 ἕκαστος
707 2598 807 2633 ἐνὺμῖν
827 2597 927 2629 αὐτοῖς,
949 2597 963 2623 ὃ

179 2647 224 2673 καὶ
245 2647 274 2673 ὲν
288 2644 399 2681 Χριστῷ
416 2645 512 2680 Ἰησοῦ,
531 2644 560 2675 ὂς
580 2645 608 2669 ὲν
625 2645 714 2679 μορψῇ
732 2643 799 2669 Θεοῦ
820 2642 960 2678 ὑπάρχων,

179 2695 227 2730 οὐχ
238 2693 386 2730 ἁρπαγμὸν
400 2693 522 2727 ἡγήσατο
536 2691 565 2718 τὸ
578 2689 646 2717 εἶναι
662 2690 706 2717 ἴσα
720 2690 789 2725 Θεῷ,
801 2690 856 2717 ἀλλ’
868 2691 961 2716 ἑαυτὸν

179 2741 295 2767 ἑκένωσε
311 2739 416 2775 μορφὴν
429 2738 522 2765 δούλου
535 2736 634 2770 λαϐὼν,
650 2738 678 2764 ὲν
692 2737 843 2772 ὁμοιώματι
859 2737 907 2764 ἀνθ
912 2736 963 2773 ρώ-

179 2794 238 2813 πων
250 2786 408 2821 γενόμενος,
424 2785 471 2811 καὶ
486 2785 603 2819 σχήματι
619 2783 740 2819 εὑρεθεὶς
757 2783 794 2814 ὡς
809 2782 961 2818 ἄνθρωπος,

216 2874 241 2892 ⁸⁸
253 2876 374 2912 Philipp.
388 2882 419 2905 ιι,
434 2875 490 2902 5-8,
528 2875 551 2890 u
566 2874 664 2902 10,an
683 2883 709 2906 γ’
727 2875 771 2902 21.

325 2922 457 2954 PA'I‘ROL.
480 2921 536 2951 Gn.
557 2921 684 2951 LXXlll.

1016 2280 1192 2308 indolendum
1207 2279 1298 2314 potius
1307 2287 1387 2314 quam
1405 2279 1579 2307 irascendum
1597 2280 1729 2313 arbitror;
1746 2288 1800 2308 non

1016 2325 1087 2353 enim
1109 2325 1264 2360 intelligunt
1288 2332 1349 2360 qua
1372 2325 1477 2359 legunt.
1503 2324 1604 2352 Verum
1624 2329 1716 2352 autem
1741 2333 1802 2353 esse

1015 2372 1088 2406 quod
1111 2371 1182 2404 dico,
1202 2372 1266 2399 hinc
1283 2371 1467 2400 .manifestum
1492 2371 1571 2399 nobis
1588 2371 1652 2403 erit,
1678 2371 1743 2399 licet
1767 2379 1800 2399 ex

1017 2418 1093 2452 121
1110 2418 1143 2444 iis
1155 2424 1216 2452 qua:
1231 2417 1362 2444 hactenus
1376 2417 1523 2452 disceptata
1540 2420 1614 2450 sunt,
1631 2424 1685 2444 non
1698 2417 1801 2445 insulse

1015 2464 1042 2491 id
1068 2463 1354 2491 demonstraverimus.
1391 2461 1443 2490 Sed
1473 2462 1550 2493 Pauli
1575 2462 1677 2490 dictum
1705 2470 1802 2491 rursus

1015 2512 1192 2544 proponetur.
1219 2517 1229 2533 ‹
1248 2508 1304 2535 lloc
1329 2508 1439 2541 sentite,
1458 2507 1555 2542 inquit,
1579 2507 1606 2534 in
1623 2507 1710 2540 vobis,
1728 2507 1803 2543 quod

1014 2559 1043 2583 et
1061 2555 1087 2582 in
1111 2555 1220 2582 Christo
1241 2553 1318 2586 Jesu.
1340 2554 1464 2589 quicum
1488 2554 1515 2581 in
1538 2553 1625 2580 forma
1643 2553 1689 2581 Dei
1712 2558 1801 2587 esset,

1015 2608 1069 2628 non
1089 2600 1212 2634 rapinam
1233 2599 1381 2626 arbitratus
1395 2603 1437 2627 est
1455 2606 1515 2626 esse
1535 2606 1564 2626 se
1578 2598 1710 2632 aequalem
1725 2598 1781 2626 Deo
1793 2619 1801 2631 ,

1014 2644 1061 2672 sed
1079 2645 1254 2679 semetipsum
1268 2643 1420 2670 exinanivit
1438 2642 1553 2669 fortnam
1575 2642 1645 2670 servi
1666 2642 1802 2676 accipiens

1015 2691 1043 2718 in
1054 2690 1257 2718 similitudinem
1268 2689 1406 2716 hominum
1418 2688 1514 2721 factus,
1528 2693 1554 2716 et
1568 2688 1661 2715 habitu
1677 2687 1803 2715 inventus

1017 2741 1048 2765 ut
1072 2737 1170 2770 homo,
1188 2735 1342 2763 humiliavit
1362 2736 1550 2770 semetipsum.
1585 2744 1594 2760 ι
1619 2734 1689 2762 Ecce
1709 2735 1803 2769 utique
1822 2727 1828 2740 ³

1018 2783 1115 2810 Filium
1131 2788 1303 2817 summopere
1316 2781 1441 2815 miratur,
1463 2784 1556 2816 utpote
1575 2780 1622 2815 qui
1639 2780 1676 2808 sit
1689 2779 1802 2815 aequalis

810 2874 831 2889 ”
849 2873 868 2901 Il
886 2873 948 2901 Cor.
967 2881 1002 2906 tv,
1017 2872 1043 2899 vi.

1589 2913 1606 2946 7
