2028 3118
265 152 320 178 7.3".
752 150 779 175 ς.
802 148 938 175 CYl'tll.”
954 147 1187 175 ALEXANDRINI
1204 148 1360 175 AltClllEl“.
1840 148 1890 173 ‘2’”

265 215 290 235 et
307 205 455 234 conformis
472 205 525 232 Deo
545 213 577 232 ac
600 204 684 237 Patri,
706 213 793 240 neque
808 210 897 234 tamen
920 206 987 233 illud
1011 213 1054 232 ra-

1106 206 1287 233 ἐταπείνωσεν
1299 206 1405 233 ἑαυτόν.
1424 216 1432 231 ι
1451 205 1514 242 Ίᾷοίι
1528 206 1560 240 δὴ
1576 205 1633 231 λίαν
1645 204 1835 240 ἀποθαυμάζει
1849 205 1891 230 τὸν

264 253 350 288 puerit
364 255 474 287 propter
488 251 648 278 charitatem
668 251 741 278 illam
762 252 790 279 in
810 259 870 285 nos,
894 251 940 279 sed
955 251 989 278 ad
1004 251 1054 278 hu-

1109 251 1181 283 Υίὸν,
1198 251 1236 282 ὡς
1254 251 1310 278 ι’σον
1329 252 1376 286 μὲν
1389 251 1452 277 ὄντα
1472 252 1519 277 καὶ
1536 259 1695 286 συμμορφον
1719 249 1758 285 τῷ
1770 249 1830 284 Θεῷ
1847 249 1890 276 καὶ

266 299 407 325 militatcm
421 296 603 329 descenderit,
614 303 725 332 accepta
741 299 812 325 servi
826 298 924 329 forma,
935 297 1056 324 exinani-

1107 296 1204 332 Πατρὶ,
1226 296 1262 332 μὴ
1282 297 1334 332 μὴν
1348 297 1510 332 ἁρπάσαντα
1528 297 1606 323 τοῦτο
1631 297 1675 323 διὰ
1688 296 1737 331 τὴν
1754 296 1891 330 ἀγάπησιν

263 349 307 372 tus
330 347 442 378 propter
464 343 673 370 humanitatem.
696 343 731 370 At
754 343 788 374 si,
807 347 918 377 accepto
931 342 1052 378 Spiritu,

1106 342 1155 378 τὴν
1175 344 1214 374 εἰς
1232 344 1316 378 ἡμᾶς,
1333 343 1539 378 καταϐεϐηκότα
1558 343 1586 369 δὲ
1603 344 1642 374 εἰς
1659 342 1834 373 ταπείνωσιν,
1850 341 1893 370 διὰ

262 390 348 424 magis
372 389 558 417 sanctificatus
581 393 632 421 est,
658 397 720 416 cum
746 389 828 417 homo
857 389 946 417 factus
964 393 1015 422 est,
1029 394 1055 417 et

1106 388 1153 422 τῆς
1171 388 1217 414 τοῦ
1229 387 1322 414 δούλου
1338 389 1454 423 μορφῆς,
1471 388 1656 423 κεκενωμένον
1668 387 1710 414 διὰ
1724 386 1772 422 τὴν
1787 387 1891 422 ἀνθρω-

262 437 354 472 seipso
375 436 471 464 melior
495 436 583 464 factus
606 441 648 464 est
669 440 781 470 propter
797 435 1052 468 sanetificationem,

1106 434 1210 469 πότητα
1227 443 1233 449 ·
1262 434 1320 460 ἀλλ’
1343 435 1439 470 εἴπερ,
1464 431 1486 460 ὧ
1509 431 1594 465 οὗτοι,
1614 434 1644 460 τὸ
1667 433 1781 469 Πνεῦμα
1802 432 1891 460 λαϐὼν

263 478 289 511 in
313 491 393 519 quam
411 483 591 511 humilitatem
606 491 668 511 eum
689 483 863 510 descendisse
877 482 1052 511 videbimus?

1105 480 1224 515 ἡγιάσθη
1242 481 1339 515 μᾶλλον
1350 500 1357 512 ,
1384 481 1428 507 ὅτε
1445 481 1556 515 γέγονεν
1570 481 1721 516 ἄνθρωπος,
1748 480 1846 507 ἑαυτοῦ
1863 488 1890 506 τε

261 528 404 562 Quomodo
425 528 584 563 depressum
610 531 651 555 est
669 527 695 554 id
725 527 798 562 quod
822 531 865 554 est
885 527 1051 559 exaltatum,

1104 525 1235 560 κρείττων
1253 525 1359 560 ἐδείχθη
1380 526 1423 552 διὰ
1440 526 1485 553 τὸν
1500 525 1643 561 ἁγιασμὸν,
1663 526 1702 557 είς
1717 526 1796 552 ποίαν
1812 526 1890 552 αὐτὸν

261 575 398 610 quomodo
420 573 562 602 descendit
587 573 660 608 quod
686 573 888 601 sanctificatum
920 576 972 604 est,
1005 577 1052 601 aut

1103 570 1223 605 ὀψόμεθα
1235 571 1441 607 καταϐεϐηκότα
1451 573 1631 605 ταπείνωσιν;
1646 572 1709 604 ῘΙῶς
1720 572 1888 608 ἐταπεινώθη

259 621 398 656 quomodo
421 628 475 648 non
498 620 623 648 ascendit
640 621 731 655 potius
755 623 782 647 et
807 620 834 646 in
859 619 957 647 melius
990 627 1052 647 eve-

1103 617 1132 643 τὸ
1144 616 1260 651 ὑψωθέη
1273 617 1324 644 ποῦ
1336 618 1437 653 κατέϐη
1450 618 1479 645 τὺ
1490 618 1631 653 ἁγιασθέν;
1646 619 1662 654 ἢ
1678 619 1736 650 πῶς
1746 619 1794 645 οὐκ
1807 619 1889 654 ἀνέϐη

260 673 333 694 ctum
353 667 413 694 est?
426 673 539 701 ecquam
559 666 640 693 habet
652 666 829 693 inanitionem
843 666 888 692 illa
901 673 943 700 pel
965 665 1052 701 Spiri-

1104 663 1211 698 μᾶλλον,
1225 664 1272 690 καὶ
1286 665 1332 690 ἐπὶ
1349 665 1379 690 τὸ
1395 666 1519 700 κρεῖττον
1537 665 1648 700 ὑψώθῃ
1671 666 1754 692 Ποίαν
1770 665 1827 701 ἔχει
1841 664 1887 701 τὴν

259 718 315 740 tum
336 712 474 748 impletio?
488 712 625 747 quomodo
639 712 757 747 denique
776 715 888 747 propter
906 720 957 739 nos
969 712 1052 739 homo

1102 708 1244 743 κένωσινὴ
1266 709 1310 735 διὰ
1323 709 1370 736 τοῦ
1390 710 1548 745 Πνεῦματος
1567 711 1706 746 πλήρωσις
1719 719 1726 743 ;
1744 711 1805 743 Πῶς
1820 712 1842 738 δ’
1857 712 1888 739 ἂν

259 758 348 786 factus
373 757 539 790 censebitur,
564 761 667 785 tantam
695 758 722 784 in
739 758 796 785 suis
819 757 902 785 rebus
921 761 1051 793 expertus

1101 752 1168 784 ὅλως
1181 754 1214 780 δι’
1227 756 1300 789 ἡμᾶς
1314 755 1391 781 ἐνανθ
1397 756 1474 791 ρωπή
1480 765 1528 787 σας
1539 757 1632 789 νοοῖτο,
1647 757 1779 792 τοσαύτην
1793 757 1822 784 ὲν
1835 758 1888 789 τοῖς

258 804 422 832 utilitatem?
438 795 580 836 Quomodo
604 808 716 839 propter
741 811 792 830 nos
812 803 902 831 factus
922 807 964 831 est
987 810 1051 838 pau-

1100 798 1160 824 καθ’
1178 799 1274 826 ἑαυτὸν
1297 800 1446 835 ὑπομείνας
1464 800 1512 836 τὴν
1529 801 1637 836 omam;
1658 801 1719 833 Πῶς
1733 801 1887 837 ἐπτώχευσε

257 858 306 886 per
321 849 360 884 ³⁵,
381 850 427 884 qui
446 853 556 885 propter
572 857 620 876 nos
639 849 821 884 locupletatus
836 849 896 877 est?
912 849 1048 884 quomodo

1100 843 1133 870 δι’
1150 845 1234 879 ἡμᾶς,
1247 846 1261 871 ὁ
1276 845 1429 881 πλουτήσας
1444 846 1477 872 δι’
1493 847 1582 881 ὴμᾶ;;
1600 847 1662 878 Πῶς
1674 847 1701 874 δέ
1716 845 1749 882 ἦν
1763 847 1887 879 πλούσιος

257 904 322 924 vero
337 896 414 923 dives
425 899 484 923 erat
498 895 579 922 etiam
587 898 650 922 ante
666 895 825 927 adventum,
842 895 889 930 qui
905 895 931 922 in
947 902 979 922 eo
999 895 1045 922 ad-

1099 890 1147 917 xal.
1167 891 1220 926 πρὸ
1234 891 1283 926 τῆς
1297 891 1452 926 ἐπιδημίας,
1474 894 1488 919 ὁ
1507 892 1596 919 λαϐὼν
1610 894 1638 920 ἐν
1653 893 1721 929 αὑτῇ
1736 893 1796 920 κατ’
1816 893 1886 920 ὲκεί-

257 945 349 972 ventu,
368 945 397 968 ut
415 941 455 968 illi
474 940 606 973 sentiunt,
624 941 730 975 accepit
754 940 826 976 quod
846 949 901 968 non
917 940 1044 974 habebat,

1099 944 1161 968 νους
1177 937 1246 971 ὅπερ
1260 937 1310 963 οὐκ
1323 935 1391 972 εἶχε,
1408 937 1438 964 τὸ
1453 938 1564 973 Πνεῦμα
1578 938 1692 974 δηλαδή;
1713 939 1747 964 Ἢ
1760 938 1818 970 πῶς
1829 939 1886 974 οὐχὶ

257 986 386 1013 nimirum
413 985 561 1020 Spiritum?
586 989 632 1012 aut
656 986 795 1020 quomodo
820 994 876 1013 non
897 987 989 1022 potius
1014 994 1045 1014 ea

1099 982 1199 1017 μᾶλλον
1215 983 1295 1015 αὐτὸς
1319 984 1448 1018 ἁναθήσοι
1463 983 1573 1016 δικαίως
1594 985 1669 1020 ἡμῖν,
1686 985 1719 1011 τὰ
1739 985 1780 1019 ἐφ’
1795 982 1836 1017 οἷς
1855 986 1885 1012 δι’

255 1033 317 1067 jure
332 1031 412 1059 nobis
434 1031 493 1066 ipse
514 1031 586 1058 dona
609 1031 721 1065 referat,
741 1031 841 1067 quibus
865 1037 977 1067 propter
996 1040 1045 1060 nos

1096 1029 1170 1063 ἡμᾶς
1184 1028 1514 1064 ὠφέληταιχαριστήρια;
1535 1038 1544 1054 ι
1557 1029 1678 1064 Ἐξέστη,
1694 1039 1703 1055 ι
1721 1031 1791 1057 κατὰ
1801 1030 1832 1057 τὸ
1843 1038 1886 1063 γε·

257 1077 409 1105 cumulatus
426 1076 486 1104 est?
515 1085 524 1101 ι
544 1075 700 1111 Obstupuit,
719 1081 747 1104 ut
771 1076 904 1112 scriptum
921 1081 974 1110 est,
989 1084 1046 1104 coe-

1096 1075 1280 1110 γραμμένον,ι
1297 1076 1310 1102 ὁ
1323 1075 1436 1111 οὐρανὸς
1449 1077 1495 1103 ἐπὶ
1504 1076 1600 1111 τούτῳ,
1611 1077 1707 1112 ἐξέστη
1720 1078 1766 1104 καὶ
1779 1077 1884 1112 ἔφριξεν

256 1123 311 1151 lum
326 1130 408 1157 super
426 1123 476 1149 hoc
494 1131 500 1148 :
517 1121 669 1156 obstupuit,
689 1125 717 1149 cf.
730 1122 869 1150 inhorruit
881 1130 965 1157 supra
985 1130 1045 1150 mo-

1097 1121 1142 1147 ἐπὶ
1157 1121 1247 1148 πλεῖον
1265 1121 1384 1157 σφόδρα,
1411 1121 1484 1156 λέγει
1510 1122 1621 1158 Κύριος.
1650 1123 1702 1150 Δύο
1726 1123 1780 1159 γὰρ
1804 1123 1885 1155 ὅντως

255 1167 331 1200 dum,
354 1167 421 1193 dicit
449 1166 591 1194 Dominus.
617 1165 677 1193 Duo
701 1166 775 1194 enim
800 1174 894 1194 revera
923 1171 950 1194 et
974 1167 1046 1194 mala

1096 1167 1143 1193 καὶ
1160 1166 1266 1202 πονηρὰ
1283 1167 1432 1203 πεποίηκεν
1453 1168 1467 1194 ὁ
1492 1167 1545 1194 τῶν
1568 1168 1791 1203 ὲτεροδοξούντων
1813 1169 1882 1202 λαὸς,

257 1213 320 1241 fecit
339 1221 348 1238 ι
366 1211 558 1240 hereticorum
579 1220 588 1237 ι
605 1211 721 1246 populus
736 1212 758 1228 ¹⁹
771 1231 778 1244 ,
796 1221 805 1238 ι
825 1212 1044 1246 nonintelligcns

1098 1215 1135 1250 μὴ
1151 1215 1260 1250 νοήσας,
1279 1215 1348 1250 μήτε
1371 1214 1389 1242 ἂ
1410 1215 1494 1249 λέγει,
1522 1216 1590 1250 μήτε
1607 1216 1670 1251 περὶ
1695 1215 1775 1242 τίνων
1798 1216 1885 1243 διαϐε-

255 1260 321 1295 quid
341 1259 426 1290 dicat,
443 1265 532 1293 neque
546 1258 579 1286 de
603 1258 703 1292 quibus
727 1258 851 1289 aflirmet,
874 1262 901 1285 et
916 1258 944 1285 in
962 1259 1043 1286 rebus

1097 1261 1398 1293 ϐαιοῦται,κινδυνεύ;ιν
1407 1261 1434 1287 δὲ
1447 1261 1533 1292 οὕτως
1544 1262 1572 1288 ἐν
1585 1263 1640 1293 τοῖς
1652 1262 1884 1296 ἀναγκαιοτάτοις,

255 1308 325 1335 tanti
363 1305 494 1335 momenti
523 1305 676 1341 periculum
705 1305 783 1333 adire
815 1313 869 1332 non
902 1309 1042 1340 gravatur.

1094 1307 1171 1333 οὐδὲν
1188 1306 1319 1342 ἡγοῦνται
1340 1306 1427 1342 βαρύ·
1452 1307 1468 1342 ἢ
1492 1307 1546 1342 γὰρ
1567 1306 1610 1340 ἂν,
1629 1308 1675 1334 καὶ
1698 1308 1775 1335 αὐτοὶ
1789 1309 1885 1344 πικρὸν

254 1353 363 1388 Alioqui
380 1352 452 1380 enim
466 1359 526 1378 cum
538 1358 636 1386 magna
649 1351 674 1378 vi
689 1351 884 1386 lacrymarum,
901 1355 927 1378 et
940 1351 1043 1386 ingenti

1095 1353 1127 1379 ἐκ
1141 1352 1282 1388 βλεφάρων
1299 1353 1476 1388 καταχέοντες
1495 1353 1620 1389 δάκρυον,
1643 1354 1689 1380 καὶ
1706 1355 1829 1390 μεγάλην
1846 1355 1884 1386 είς

254 1399 373 1427 clamore
402 1398 454 1433 ipsi
481 1403 592 1432 quoque
614 1397 752 1424 dixerint:
777 1405 786 1422 ι
802 1396 889 1429 Pone,
910 1396 1041 1429 Domine,

1095 1398 1161 1433 ὕψος
1176 1398 1361 1430 ἀνατείνοντες
1378 1398 1426 1434 τὴν
1444 1398 1544 1434 φωνὴν,
1558 1399 1714 1434 προσῄεσαν
1736 1400 1862 1434 λέγοντες
1876 1409 1881 1415 ·

254 1444 407 1473 custodiam
423 1443 465 1470 ori
483 1450 554 1474 meo,
573 1445 599 1469 et
614 1442 714 1470 ostium
736 1441 948 1470 circumstantia:
963 1443 1042 1470 labiis

1096 1443 1181 1475 (Θοῦ,
1195 1443 1289 1479 Κύριε,
1303 1443 1425 1479 φυλακὴν
1448 1444 1486 1479 τῷ
1508 1444 1621 1480 στόματί
1645 1454 1707 1480 μου,
1731 1446 1777 1472 καὶ
1802 1445 1883 1481 θύραν

255 1489 331 1516 meis.
352 1488 392 1515 Ne
411 1487 532 1515 declines
550 1493 597 1513 cor
610 1493 700 1513 meum
717 1486 744 1513 in
760 1486 841 1513 verba
857 1487 968 1514 malitia:
982 1487 1015 1514 '°.
1029 1497 1038 1513 ›

1095 1490 1224 1526 περιοχῆς
1240 1490 1305 1525 περὶ
1320 1491 1353 1516 τὰ
1370 1490 1445 1526 χείλη
1465 1499 1524 1526 μου.
1548 1491 1593 1527 Μὴ
1611 1492 1738 1529 ἐκκλίνῃς
1753 1493 1803 1528 τὴν
1818 1501 1883 1528 καρ-

253 1535 341 1562 Verba
356 1535 428 1562 enim
443 1532 566 1568 profecto
585 1536 650 1559 sunt
663 1532 782 1564 malitiae,
797 1540 858 1567 quae
871 1533 1040 1562 auditoribus

1093 1535 1152 1562 δίαν
1169 1544 1220 1570 μου
1239 1536 1278 1568 εἰς
1301 1536 1396 1570 λόγους
1418 1536 1559 1572 πονηρίας.
1581 1546 1591 1563 ι
1619 1537 1700 1571 Λόγοι
1722 1538 1776 1573 γὰρ
1801 1538 1883 1570 ὅντως

253 1585 408 1610 extremum
422 1580 552 1606 damnum
567 1577 693 1606 afferunt.
716 1578 769 1606 Sed
785 1586 834 1606 nos
848 1586 942 1606 eorum
962 1580 1042 1614 nugis

1095 1564 1226 1616 πονηρίας
1243 1564 1276 1606 οί⁷
1289 1564 1353 1615 παρ’
1369 1564 1547 1616 έᾷυτῶν”’τὴηὶ
1566 1581 1611 1608 ἐπὶ
1624 1564 1679 1613 τοῦς
1697 1564 1822 1617 ἐσχάιτοις
1838 1564 1883 1618 (ζηΞ

253 1628 287 1654 ale
298 1627 382 1654 corde
397 1629 492 1653 nostro
503 1624 635 1659 expulsis,
651 1625 685 1652 ad
698 1628 800 1652 rectam
814 1625 875 1652 fidei
888 1626 1040 1652 doctrinam

1097 1626 1160 1662 μίαν
1171 1628 1226 1659 τοῖς
1236 1627 1421 1662 ἀκροωμένοις
1436 1627 1585 1659 ὼδίνοντες.
1606 1628 1701 1663 Ἡμεῖς
1714 1628 1741 1654 δὲ
1756 1628 1806 1663 τῆς
1819 1629 1881 1654 ἐαυ-

253 1679 456 1705 convertamur,
473 1672 548 1699 illius
565 1672 629 1700 dicti
646 1679 779 1699 memores
793 1681 799 1699 :
824 1681 832 1698 ι
853 1672 975 1700 Consilia
991 1672 1040 1700 de-

1093 1672 1146 1699 τῶν
1165 1672 1277 1708 καρδίας
1292 1672 1336 1700 τὸν
1349 1673 1459 1700 ἐκείνων
1474 1673 1654 1706 ἐξοικίσαντες
1669 1674 1763 1710 λῆρον,
1778 1675 1825 1700 ἐπὶ
1840 1675 1882 1702 τὸν

253 1722 402 1752 struentes,
429 1722 456 1745 ct
480 1724 589 1744 omnem
616 1716 786 1744 altitudinem
809 1717 986 1745 extollentem
1011 1726 1041 1746 se

1092 1717 1170 1753 ὀρθὸν
1193 1719 1241 1753 τῆς
1267 1718 1384 1750 πίστεως
1410 1718 1574 1754 βαδιούμεθα
1595 1719 1684 1753 λόγον,
1711 1719 1741 1746 τὸ
1759 1729 1881 1756 γεγραμ-

253 1765 386 1792 adversus
413 1764 555 1791 scientiam
580 1763 638 1795 Dei.
663 1766 691 1790 et
707 1763 735 1790 in
753 1763 936 1798 captivitatem
966 1764 1040 1792 redi-

1094 1765 1173 1800 μένον
1189 1765 1295 1800 ἔχοντες
1317 1766 1356 1797 είς
1374 1765 1436 1792 νοῦν
1448 1773 1455 1780 ·
1486 1775 1495 1792 ι
1507 1766 1661 1801 Λογισμοὺς
1679 1765 1880 1801 καθαιροῦντες,

235 1806 349 1847 lgentes
377 1819 486 1839 omnem
516 1811 683 1839 intellectttm
720 1811 749 1838 in
775 1810 853 1846 122
877 1811 1036 1846 obsequium

1093 1810 1139 1837 ml.
1153 1811 1206 1837 πᾶν
1224 1810 1324 1846 ὕψωμα
1344 1811 1524 1846 ἐπαιρόμενον
1541 1811 1612 1838 κατὰ
1626 1812 1675 1847 τῆς
1689 1812 1815 1845 γνώσεως
1837 1811 1880 1838 τοῦ

253 1859 355 1887 Christi
371 1859 403 1886 ³¹.
421 1868 429 1885 ι
449 1858 505 1893 Age
519 1866 596 1894 ergo,
614 1861 732 1885 mentem
754 1865 862 1893 qu0que
875 1862 998 1886 nostram
1013 1859 1040 1886 in

1091 1855 1169 1887 Θεοῦ,
1185 1856 1231 1882 καὶ
1248 1856 1491 1891 αἰχμαλωτίζοντες
1515 1857 1569 1884 πᾶν
1586 1857 1675 1893 νόημα
1697 1859 1735 1889 είς
1751 1858 1800 1893 τὴν
1833 1858 1881 1884 ὑπ-

252 1905 422 1941 explicandis
449 1904 532 1932 rebus
557 1904 706 1940 propositis
723 1904 858 1938 captivam
887 1905 1039 1939 ducentes,

1092 1901 1176 1936 ακοὴν
1191 1900 1238 1927 τοῦ
1261 1901 1390 1937 Χριστοῦ.
1407 1911 1415 1928 ι
1440 1902 1508 1938 Φέρε
1530 1902 1562 1937 δὴ
1587 1900 1650 1936 οὖν,
1662 1903 1707 1929 καὶ
1721 1902 1767 1929 τὸν
1783 1904 1813 1929 ἐν
1827 1904 1880 1935 τοῖς

252 1958 311 1978 eam
324 1950 501 1984 subjiciamus
517 1950 610 1985 gloria:
627 1949 776 1984 Unigeniti,
789 1950 880 1977 omnia
893 1950 1041 1985 prudenter

1090 1947 1282 1981 προκειμένοις
1293 1947 1358 1982 ἡμῖν
1368 1947 1541 1982 θεωρήμασιν
1555 1947 1800 1983 αἰχμαλωτίζοντες
1811 1948 1879 1980 νοῦν,

252 1995 400 2025 referentes
415 1995 448 2022 ad
466 1995 525 2029 ejus
546 1994 718 2029 obsequium,
744 1993 796 2021 hoc
811 1998 852 2021 est
868 1994 900 2020 ad
916 1994 1040 2021 incarna-

1091 1991 1268 2027 ὑποτὰξωμεν
1285 1994 1317 2028 τῇ
1333 1992 1394 2028 δόξῃ
1415 1993 1460 2019 τοῦ
1476 1993 1653 2027 Μονογενοῦς,
1679 1993 1769 2020 πάντα
1785 1994 1879 2029 φέρον-

251 2041 336 2068 tionis
351 2041 496 2067 rationem.
521 2050 530 2066 ‹
556 2039 625 2067 Cum
640 2039 713 2067 enim
732 2043 806 2067 esset
825 2039 910 2072 dives,
928 2045 1039 2074 propter

1089 2044 1135 2067 τες
1148 2036 1263 2068 συνετῶς
1279 2037 1319 2068 εἰς
1336 2037 1385 2072 τὴν
1403 2037 1525 2076 ὑπακρὴν
1539 2037 1630 2070 αὑτοῦ,
1646 2037 1720 2064 τοῦτ’
1740 2038 1826 2070 ἔστιν,
1842 2038 1880 2069 εἰς

253 2093 302 2115 nos
316 2095 418 2123 pauper
432 2086 523 2114 factus
538 2089 590 2118 est,
609 2090 638 2113 ut
652 2093 703 2113 nos
720 2085 780 2120 ejus
799 2090 957 2120 paupertate
969 2086 1038 2113 dita-

1089 2079 1135 2106 τὸν
1150 2080 1214 2115 περὶ
1226 2081 1275 2115 τῆς
1288 2081 1519 2116 ἐνανθρωπήσεως
1529 2082 1639 2116 τρόπον.
1660 2090 1670 2108 ι
1682 2081 1814 2114 Πλούσιος
1828 2082 1879 2118 γὰρ

251 2140 344 2160 remur
357 2132 390 2158 ³².
409 2142 418 2158 ›
435 2132 536 2166 Accipe
551 2140 624 2163 vero,
642 2132 663 2158 si
675 2132 763 2166 juvat,
777 2131 859 2157 etiam
878 2138 910 2158 ex
930 2131 964 2159 iis
979 2139 1038 2166 qua:

1089 2123 1126 2150 ὢν
1137 2143 1144 2155 ,
1171 2123 1325 2159 ὲπτώχευσε
1350 2125 1383 2151 δι’
1400 2125 1483 2160 ἡμᾶς,
1508 2125 1550 2151 ἵνα
1565 2126 1644 2160 ἡμεῖς
1659 2127 1692 2162 τῇ
1710 2126 1793 2153 αὐτοῦ
1808 2135 1879 2153 πτω-

252 2178 350 2204 dietnri
366 2185 460 2205 sumus
474 2177 554 2204 aliam
571 2176 688 2210 hujusce
702 2176 741 2203 rei
761 2175 1036 2210 demonstrationem,

1089 2169 1151 2204 χεία
1166 2169 1374 2205 πλουτήσωμεν.
1390 2180 1400 2197 ›
1427 2171 1511 2206 Δέχου
1526 2171 1564 2204 δέ,
1582 2172 1607 2198 εί
1623 2180 1663 2198 σοι
1677 2172 1760 2203 δοκεῖ,
1777 2172 1825 2198 καὶ
1838 2172 1878 2198 διὰ

251 2228 275 2250 et
290 2223 437 2258 patientem
459 2222 538 2250 nobis
556 2229 647 2249 aurem
666 2221 850 2248 accommoda.

1089 2215 1142 2241 τῶν
1165 2216 1354 2251 προκειμένων
1379 2217 1443 2252 ἡμῖν
1466 2217 1515 2252 τὴν
1537 2217 1693 2251 ἀπόδειξιν,
1720 2217 1878 2250 ἀνεξίκακον

1052 2245 1078 2275 D
1088 2262 1144 2292 τοῖς
1156 2245 1244 2295 λόγοις
1260 2245 1447 2298 απ).ὡσας.τὴν
1463 2245 1557 2299 ἀκοήν.

286 2311 325 2337 ΛιΙ
342 2311 499 2346 imaginem,
513 2316 540 2338 et
558 2309 765 2337 similitudinem
780 2310 900 2344 supremi
915 2310 1036 2338 omnium

1125 2309 1190 2334 Κατ’
1213 2309 1304 2335 εἰκόνα
1328 2310 1374 2336 καὶ
1401 2310 1461 2336 καθ’
1483 2311 1612 2345 ὁμοίωσιν
1634 2310 1681 2338 τοῦ
1705 2311 1752 2338 ἐπὶ
1773 2314 1877 2343 πάντας

252 2357 296 2383 Dei
309 2356 412 2383 factum
429 2364 490 2384 esse
503 2356 639 2382 hominem
651 2355 742 2382 divina
756 2355 896 2391 Scriptura
910 2362 1036 2386 testatur.

1088 2354 1164 2385 ὄντος
1180 2355 1247 2381 Θεοῦ
1261 2355 1425 2390 πεποιῆσθαι
1441 2355 1486 2382 τὸν
1501 2355 1643 2391 ἄνθρωπον
1658 2357 1674 2392 ἡ
1689 2355 1750 2384 θεία
1772 2357 1876 2392 μαρτύ-

253 2402 339 2429 Moses
356 2402 467 2436 quippe,
487 2401 532 2428 ille
552 2400 608 2428 Deo
622 2404 705 2428 notus
725 2408 781 2435 pra:
797 2403 916 2434 cunctis,
933 2404 960 2430 in
981 2405 1036 2438 pri-

1091 2407 1166 2434 ρεται
1184 2401 1289 2436 Γραφή.
1309 2402 1363 2427 Καὶ
1381 2401 1446 2435 γοῦν
1459 2403 1473 2428 ὁ
1488 2401 1518 2427 τὸ
1538 2401 1646 2437 πρῶτον
1661 2403 1727 2438 ἡμῖν
1745 2402 1876 2435 συντάξας

250 2456 294 2475 mo
307 2449 377 2475 libro
392 2447 549 2474 Geneseos:
572 2456 582 2471 ‹
600 2446 632 2473 Et
650 2446 726 2478 fecit,
744 2446 844 2481 inquit,
866 2448 935 2476 Deus
950 2449 1037 2476 homi-

1090 2446 1191 2481 βιϐλίον
1213 2448 1325 2482 (Μωσῆς
1337 2447 1365 2473 δὲ
1381 2444 1457 2480 οὗτος
1472 2448 1486 2474 ὁ
1498 2448 1670 2483 ἐγνωσμένος
1682 2448 1759 2485 ποῖὰ
1776 2449 1877 2484 ’πάντας

251 2501 322 2525 nem,
340 2493 375 2520 ad
391 2491 535 2527 imaginem
553 2490 600 2518 Dei
616 2491 679 2518 fecit
694 2499 756 2518 eum
774 2492 806 2519 ".
825 2502 834 2518 ι
853 2492 930 2525 Quod
945 2500 1034 2521 autem

1087 2493 1125 2528 τῷ
1137 2493 1220 2528 Θεῷ),
1236 2503 1244 2518 ι
1257 2494 1311 2520 Καὶ
1324 2494 1444 2530 ἐποίησε,
1461 2503 1469 2521 ι
1485 2499 1576 2531 ερησὶν,
1593 2505 1602 2522 ι
1614 2497 1628 2522 ὁ
1639 2497 1703 2528 Θεὸς
1715 2497 1760 2524 τὸν
1774 2498 1877 2533 ἄνθρω-

251 2546 298 2572 per
313 2538 445 2573 Spiritum
460 2536 494 2564 ad
516 2536 661 2572 imaginem
682 2536 728 2565 Dei
754 2537 835 2565 fuerit
855 2539 1035 2575 obsignatas,

1087 2547 1147 2569 πον,
1164 2539 1223 2565 κατ1
1238 2539 1328 2566 εἰκόνα
1343 2540 1409 2566 Θεοῦ
1428 2541 1556 2576 ἐποίησεν
1569 2541 1659 2569 αὐτόν.
1677 2552 1686 2568 ι
1714 2543 1776 2569 Ὅτι
1793 2544 1822 2570 δὲ
1835 2543 1876 2570 διὰ

250 2585 308 2618 ipse
324 2591 372 2610 nos
387 2590 483 2610 rursus
497 2582 600 2615 docuit,
621 2584 664 2611 his
679 2584 770 2612 verbis
791 2594 798 2612 :
817 2594 826 2610 ι
844 2585 876 2611 Et
893 2586 1037 2621 inspiravit

1086 2584 1133 2611 τοῦ
1148 2585 1305 2620 Πνεύματος
1319 2587 1357 2618 εἰς
1372 2587 1462 2613 εἰκόνα
1477 2587 1525 2622 τὴν
1541 2587 1616 2614 θείαν
1632 2590 1875 2624 κατεσφραγίζετο,

250 2630 276 2656 in
294 2629 390 2656 faciem
410 2629 468 2664 ejus
486 2629 654 2664 spiraculum
665 2630 727 2658 vit-.e
738 2631 771 2659 “.
792 2641 800 2657 ι
822 2630 909 2658 Simul
924 2633 996 2660 enim
1010 2637 1037 2660 et

1087 2631 1167 2658 πάλιν
1184 2631 1264 2663 αὐτὸς
1283 2633 1355 2667 ἡμᾶς
1368 2633 1486 2666 ἐδίδαξεν
1507 2633 1591 2660 εἰπών
1602 2642 1608 2648 ·
1629 2634 1699 2660 «Καὶ
1712 2635 1877 2670 ἐνεφύσησεν

249 2675 333 2702 vitam
345 2678 477 2702 creaturae
488 2675 607 2710 Spiritus
616 2676 723 2708 indidit,
742 2680 768 2704 et
782 2684 847 2704 suos
859 2678 1034 2706 characteres

1088 2678 1127 2708 εἰς
1144 2677 1172 2703 τὸ
1186 2677 1329 2712 πρόσωπον
1344 2678 1425 2704 αὑτοῦ
1441 2679 1524 2713 πνοὴν
1538 2679 1620 2714 ζωῆς.
1639 2688 1648 2704 ι
1673 2679 1756 2714 Ὀμοῦ
1767 2679 1820 2715 γὰρ
1831 2681 1877 2706 καὶ

249 2721 379 2747 divinitus
403 2721 550 2756 impressit.
570 2721 607 2749 ita
627 2721 749 2756 perfecto
775 2724 887 2750 animali
918 2726 1035 2753 rationis

1089 2722 1160 2758 ζωὴν
1186 2723 1300 2750 ἐνετίθει
1325 2724 1355 2750 τὸ
1382 2724 1493 2759 Πνεῦμα
1516 2724 1555 2760 τῷ
1580 2725 1730 2760 πλάσματι,
1753 2725 1800 2752 καὶ
1815 2727 1876 2757 τοὺς

249 2765 392 2801 participe,
405 2767 524 2801 optimus
543 2767 587 2794 ille
611 2767 711 2794 artifex
730 2766 800 2794 Deus
819 2768 940 2796 salutare
958 2777 1035 2795 man-

1090 2768 1188 2796 ἑαυτοῦ
1208 2769 1385 2804 χαρακτῆρας
1405 2770 1563 2806 θεοπρεπῶς
1582 2772 1759 2806 ὲνεσήμαινεν
1774 2780 1782 2788 ’
1806 2771 1876 2798 οὕτω

251 2822 723 2870 “:31!cordatus);“fierem.
742 2832 773 2857 ll,
794 2826 834 2859 l2,
854 2827 895 2854 15.
951 2827 973 2842 ³⁸
989 2827 1050 2854 I‘sal

1059 2848 1060 2854 η
1078 2835 1140 2860 cst,
1157 2829 1184 2859 5,
1201 2829 1227 2855 ll.
1281 2828 1300 2843 ³¹
1315 2827 1336 2855 ll
1351 2827 1414 2856 Cor.
1437 2837 1463 2862 χ,
1481 2830 1507 2862 4,
1524 2830 1550 2856 5.
1607 2830 1629 2846 ¹⁹
1646 2829 1666 2857 ll
1687 2829 1750 2857 Cor.
1769 2837 1830 2863 vm,
1845 2829 1860 2857 9

285 2857 352 2886 Gen.
376 2867 393 2892 ι,
409 2859 454 2887 ‘27.
493 2860 514 2876 ³³
529 2860 597 2887 Gen.
622 2868 650 2890 ιι,
669 2861 701 2886 7.,
