2028 3118
171 139 225 165 9.03

703 139 735 166 ΙΝ
757 139 898 168 JOANNIS
916 127 1140 168 EVRNGELIUM
1161 140 1225 169 LIB.
1246 141 1278 168 11.

1742 136 1794 168 2οΰ

172 196 202 222 τὸ
223 196 269 222 ἐπὶ
283 197 334 231 γῆς
352 196 458 230 λογικὸν
475 196 618 232 ὲξαρτίσας
638 197 706 229 ζῶον
730 197 744 224 ὀ
766 198 958 233 ἀριστοτέχνης

1011 197 1102 224 datum
1120 197 1144 224 ei
1160 198 1244 225 dedit.
1260 198 1292 224 Et
1311 198 1407 225 eratin
1422 197 1560 233 paradiso,
1580 197 1650 225 sicut
1664 198 1795 233 scrip‘tdtn

171 241 360 276 Θεὺς,ἒντο).ὴν
368 242 453 275 ἐδίδου
462 243 510 278 τὴν
520 243 666 276 σώζουσαψ
680 245 726 270 καὶ
739 242 772 280 ἦν
782 245 810 270 ἐν
821 243 858 279 τῷ
873 252 960 279 παρα-

173 288 263 322 δείσῳ,
280 287 352 314 καθὰ
366 287 530 322 γέγραπται,
552 289 738 323 διαφυλάττων
762 290 802 316 ἔτι
820 290 850 316 τὺ
873 290 958 321 δοθὲν,

173 334 221 359 καὶ
243 334 275 368 τῇ
299 333 358 368 θείᾳ.
375 333 421 360 τοῦ
439 335 619 370 πεποιηκότος
640 335 792 371 διαπρεπὴς
817 336 900 362 εἰκόνι
916 335 960 362 διὰ

173 379 220 406 τοῦ
235 379 432 412 ὲνοικισθέντος
450 381 526 415 ἁγίου
547 381 705 416 Πνεύματος
718 391 726 398 θ
751 383 843 418 ἐπειδὴ
856 383 885 410 δὲ
899 385 959 415 ταῖς

173 425 220 451 τοῦ
235 425 356 452 διαϐόλου
373 427 636 462 παρατετραμμένος
660 428 777 460 ἀπάταις
799 429 960 464 κατεφρόνει

173 471 221 498 τοῦ
241 472 423 507 Δημιουργοῦ,
445 472 493 498 καὶ
511 473 591 507 νόμον
610 473 655 500 τὸν
675 474 815 506 ὁρισθέντα
835 475 960 510 πατήσας

174 517 268 544 ἐλύπει
279 513 324 544 τὸν
335 518 491 552 εὐεργέτην,
500 518 549 554 τὴν
560 518 634 554 αὑτῷ
645 519 766 545 δοθεῖσαν
778 519 960 555 ἁνεπράττετο

175 562 255 598 χάριν
264 571 271 578 ο
294 572 303 588 ι
316 563 353 598 Γῆ
365 561 400 594 εἷ,
413 563 461 590 καὶ
473 565 513 595 εἰς
526 564 577 598 γῆν
590 564 737 600 ἀπελεύαῃ,
753 574 761 590 ι
779 565 839 591 τότε
852 566 959 600 πρῶτον

174 608 293 640 ἀκούσας
305 609 318 635 ὀ
332 609 450 643 γεγονὼς
465 610 503 641 εἰς
518 609 600 646 ζωὴν,
613 611 834 646 παρεχαρὰττετο
848 611 898 646 ἤδη
914 613 960 638 καὶ

174 653 191 686 ἡ
210 652 276 687 πρὸς
292 653 357 678 Θεὸν
377 653 505 688 ὁμοίωσις
521 654 564 680 διὰ
585 655 634 689 τῆς
652 655 855 690 ἑπιδραμούσης
873 657 960 691 apulo.

174 697 244 729 τίας,
271 698 318 724 καὶ
341 696 410 733 ἦσαν
437 699 484 733 μὲν
510 699 600 726 οὐκέτι
625 700 717 727 λοιπον
740 702 764 727 οἱ
788 702 960 737 χαρακτῆρες

175 744 304 778 λαμπροὶ,
330 743 508 780 ἀμυδρότεροι
531 745 559 772 δὲ
583 755 639 777 πως
659 746 688 772 ἐν
713 746 788 782 αὐτῷ
813 747 860 773 καὶ
882 748 960 774 ἐσκο-

175 790 295 824 τισμένοι
315 790 360 816 διὰ
380 790 428 826 τὴν
445 791 609 826 παράϐασιν,
631 792 738 827 Ἐπειδὴ
755 792 783 819 δὲ
803 794 842 824 είς
857 793 959 828 πληθὺν

175 834 290 870 ἀριθμοῦ
313 835 454 870 κρείττονα
473 835 503 861 τὸ
522 836 690 872 ἀνθρώπινον
705 837 852 869 ἐξετείνετο
872 838 958 872 γένος,

175 881 336 915 κατεκράτει
358 881 387 907 δὲ
402 881 508 908 πάντων
530 882 547 917 ἡ
563 882 696 918 ἁμαρτία,
714 883 891 919 πολυτρόπως
911 884 959 920 τὴν

174 926 288 954 ἑκάστου
304 927 449 962 ληϊζομένη
462 927 561 964 ψυχὴν,
577 929 766 964 ἁπεγυμνοῦτο
787 931 836 965 μὲν
850 931 960 967 χάριτος

173 974 224 1007 τῆς
247 973 360 1008 ἀρχαίας
385 974 401 1008 ἡ
424 974 503 1008 φύσις
517 983 523 989 ·
552 975 734 1002 ἀπανίσταται
753 976 782 1002 δὲ
802 976 832 1002 τὸ
849 976 960 1012 Πνεῦμα

174 1019 332 1051 παντελῶς,
357 1019 405 1046 καὶ
422 1020 515 1046 πίπτει
531 1021 598 1056 πρὸς
613 1021 662 1056 τὴν
678 1021 796 1057 ἐσχάτην
816 1021 928 1056 ἀλογίαν
947 1024 961 1049 ό

173 1064 291 1098 λογικὸς,
317 1064 363 1091 καὶ
379 1065 460 1092 αὑτὸν
481 1067 619 1102 ἀγνοήσας
638 1066 684 1093 τὸν
700 1066 838 1094 κτίσαντα.
863 1068 933 1094 Ἀλλ’
947 1070 960 1095 ὀ

174 1110 283 1137 πάντων
295 1111 331 1146 Δη
337 1111 465 1146 μιουργὸς
480 1112 602 1147 μακροὺς
624 1112 822 1148 ἀνεξικακήσας
836 1113 959 1149 χρόνους,

174 1155 246 1182 ἐλεεῖ
258 1156 349 1183 λοιπὸν
366 1157 593 1193 κατεφθαρμένην
608 1150 656 1194 τῆν
671 1159 842 1194 οίκουμένην,
855 1160 902 1186 καὶ
911 1160 960 1195 τὴν

175 1201 224 1236 μὲν
239 1202 461 1238 δραπετεύσασαν
486 1203 532 1229 ἐπὶ
550 1204 599 1239 τῆς
622 1204 673 1239 γῆς
694 1204 796 1240 ἀγέλην
819 1205 880 1236 ταῖς
905 1205 961 1232 ἄνω

174 1247 320 1276 συνάπτειν
336 1249 437 1282 ἀγαθὸς
453 1248 490 1276 ὢν
510 1250 642 1284 ἠπείγετο
654 1258 661 1265 ·
689 1250 907 1286 μεταστοιχειοῦν
932 1251 961 1278 δὲ

174 1295 255 1322 πάλιν
269 1295 308 1326 είς
323 1295 372 1331 τὴν
392 1295 507 1330 ἀρχαίαν
528 1297 620 1322 εἰκόνα
635 1295 684 1332 τὴν
699 1296 896 1332 ἀνθρωπότητα
917 1297 961 1324 διὰ

173 1340 220 1366 τοῦ
236 1340 392 1376 Πνεύματος
405 1341 574 1377 ἐδοκίμαζεν.
589 1339 643 1368 Ἦν
657 1342 710 1378 γὰρ
725 1343 774 1377 οὐχ
786 1343 887 1378 ἑτέρως
898 1343 961 1374 τοὺς

174 1385 265 1416 θείους
278 1385 434 1420 ἀναλάμψαι
451 1387 627 1422 χαρακτῆρας
641 1388 669 1414 ὲν
686 1387 766 1423 αὐτῇ,
778 1387 904 1423 καθάπερ
914 1385 960 1414 οὖν

173 1429 244 1466 ἦσαν
259 1432 306 1458 καὶ
321 1431 464 1467 πρότερον.
483 1431 515 1459 Τί
530 1430 576 1459 οὖν
591 1433 643 1468 ἄρα
659 1433 727 1469 πρὸς
742 1434 822 1459 τοῦτο
836 1434 960 1469 μηχανᾶ-

173 1486 228 1510 ται,
253 1478 313 1509 πῶς
328 1477 356 1504 δὲ
371 1478 470 1505 ἄσυλον
493 1479 522 1505 ἐν
541 1479 606 1514 ἡμῖν
620 1478 752 1514 ἐφύτευσε
769 1479 818 1515 τὴν
835 1479 924 1515 χάριν,
942 1480 959 1516 ἢ

174 1524 233 1555 πῶς
247 1523 382 1560 ἐρῤιζώθη
398 1525 479 1553 πάλιν
502 1526 530 1552 ἐν
547 1525 702 1561 ἀνθρώποις
715 1526 745 1553 τὸ
761 1526 885 1561 Πνεῦμα,
901 1526 961 1554 ’τίνα

173 1569 203 1596 δὲ
219 1570 320 1605 τρόπον
342 1570 359 1606 ἡ
383 1570 464 1605 φύσις
488 1571 669 1608 ἀνεμορφώθη
693 1572 761 1607 πρὸς
786 1572 817 1599 τὸ
836 1572 960 1608 ἀρχαῖον,

173 1615 321 1643 ἀκόλουθον
343 1617 439 1644 εἰπεῖν.
464 1616 494 1644 '0
521 1617 628 1652 πρῶτος
650 1617 802 1653 ἄνθρωπος,
825 1617 916 1653 χοϊκός
931 1627 960 1644 τε

174 1660 303 1696 ὑπάρχων
317 1661 364 1687 καὶ
376 1661 430 1687 ἀπὸ
442 1661 490 1696 τῆς
503 1661 565 1696 γῆς,
581 1661 628 1688 καὶ
641 1662 670 1688 ἐν
685 1661 736 1697 ἰδίᾳ
752 1662 881 1698 κειμένην
892 1662 961 1698 ἔχων

173 1705 294 1740 ἐξουσίᾳ,
312 1704 360 1732 τοῦ
379 1714 408 1733 τε
426 1706 528 1739 ἀγαθοῦ
544 1705 649 1733 καὶτοῦ
664 1707 765 1741 φαύλου
782 1707 831 1743 τὴν
845 1708 959 1743 αἵρεσιν,

175 1752 262 1786 ῥοπῆς
283 1760 315 1786 γε
336 1752 385 1788 τῆς
407 1753 450 1779 ἐπ’
464 1753 547 1788 ἄμφω
567 1752 661 1789 κύριος
685 1753 732 1786 ὣν,
756 1754 847 1790 πικρῷ
863 1763 961 1791 συνηρ-

174 1797 266 1832 πάσθη
281 1797 360 1832 δόλῳ,
379 1797 426 1824 καὶ
442 1797 591 1830 ἀποκλίνας
615 1799 655 1830 εἰς
679 1799 838 1834 παρακοὴν,
867 1800 960 1826 πίπτει

175 1843 225 1878 μὲν
238 1843 279 1874 είς
294 1843 344 1878 τὴν
359 1843 419 1870 ὅθεν
444 1843 524 1878 ἐξέφυ
541 1844 647 1880 μητέρα
671 1845 721 1880 τὴν
744 1845 805 1881 γῆν,
831 1845 919 1881 φθορᾷ
932 1846 960 1872 δὲ

174 1889 236 1924 ἤδη,
250 1889 298 1916 καὶ
318 1889 426 1924 θανάτῳ
440 1889 633 1926 κρατούμενος,
655 1890 708 1925 ὅλῳ
728 1891 909 1927 παραπέμπει
921 1891 961 1925 τῷ

173 1936 248 1970 γένει
264 1935 312 1971 τὴν
329 1936 440 1972 ζημίαν.
457 1935 604 1971 αὐξομένου
616 1935 644 1962 δὲ
657 1936 686 1962 ὲν
704 1936 779 1970 ἡμῖν,
797 1936 844 1962 καὶ
857 1935 960 1971 πληθύ-

173 1991 265 2013 νοντος
288 1982 335 2009 τοῦ
353 1982 449 2014 κακοῦ,
467 1982 513 2009 καὶ¹
534 1982 602 2017 πρὸς
617 1982 649 2008 τὸ
667 1983 757 2017 χεῖρον
771 1981 813 2008 ἀεὶ
828 1982 959 2008 καταὸαί-

173 2027 272 2062 νούσης
283 2027 333 2061 τῆς
343 2028 371 2054 ὲν
383 2028 448 2063 ἡμῖν
456 2027 583 2060 διανοίας,
596 2026 813 2062 βεδασίλευκενὴ
828 2026 959 2062 ἁμαρτία,

173 2073 265 2107 γυμνή
279 2081 309 2099 τε
329 2072 400 2099 οὕτω
412 2071 504 2098 λοιπὸν
514 2071 561 2098 τοῦ
575 2071 770 2103 ἐνοικισθέντος
783 2071 860 2105 ἁγίου
874 2071 960 2098 Πνεύ-

175 2127 260 2150 ματος
275 2120 292 2153 ἡ
309 2118 453 2153 ἀνθρώπου
475 2117 555 2152 φύσις
569 2117 748 2144 ἀνεδείκνυτο.
773 2127 782 2143 ι
795 2117 889 2152 Ἂγιον
906 2117 961 2153 γὶρ

174 2164 287 2199 Πνεῦμα
302 2164 408 2199 σοφίας,
427 2162 555 2198 φεύξεται
569 2162 654 2196 δόλον,
670 2173 679 2188 ι
702 2163 773 2190 καοά
795 2154 958 2199 γέγραπται·

976 869 996 896 Β

1010 248 1051 270 est
1069 243 1106 275 ³⁵,
1131 251 1244 271 servans
1262 244 1352 271 adhuc
1370 244 1542 276 mandatum,
1560 247 1586 271 et
1602 243 1693 271 divina
1713 243 1796 272 Crea-

1011 289 1079 316 toris
1103 291 1270 324 conspicuus
1287 290 1403 325 imagine
1427 298 1475 325 per
1493 291 1692 319 inhabitantem
1709 291 1796 326 Spiri—

1011 338 1067 361 tum
1082 344 1089 362 :
1113 335 1160 362 sed
1175 343 1236 362 cum
1260 335 1359 362 diaboli
1376 335 1471 363 fraude
1494 337 1625 364 seductus
1636 337 1794 364 Creatorem

1010 381 1229 415 contempsisset,
1246 385 1273 408 et
1288 380 1414 415 imposita
1430 381 1482 409 sibi
1498 382 1558 417 lege
1574 383 1734 410 conculcata
1749 382 1796 410 be-

1011 426 1100 453 neticii
1117 430 1256 453 auctorem
1275 426 1444 458 offendisset,
1468 427 1555 461 gratia
1576 427 1628 454 sibi
1651 428 1714 454 data
1731 435 1795 462 spo-

1010 472 1091 499 liatus
1106 476 1159 505 est,
1180 476 1260 507 atque
1278 476 1342 499 tunc
1359 472 1477 506 primum
1493 473 1600 499 audiit:
1618 482 1627 498 ι
1644 473 1728 500 Terra
1747 481 1794 505 es,
1842 494 1847 504 .

1011 523 1036 545 et
1050 518 1076 544 in
1093 520 1194 545 terram
1214 518 1359 545 reverteris
1373 518 1411 549 ",
1434 526 1442 543 ι
1461 517 1507 552 qui
1528 517 1617 544 factus
1633 523 1691 545 erat
1706 518 1737 544 ad
1753 519 1796 544 vi-

1011 568 1090 590 tam:
1117 563 1269 591 adulterata
1294 568 1338 591 cst
1363 564 1407 590 illa
1427 563 1578 591 similitudo
1605 562 1652 590 Dei
1681 563 1794 590 incursu

1011 610 1124 644 peccati,
1138 617 1189 637 nec
1204 610 1260 644 jam
1275 610 1448 638 characteres
1463 610 1579 644 amplius
1596 613 1675 636 erant
1690 609 1717 635 in
1737 609 1796 643 ipso

1011 655 1077 681 clari
1094 659 1121 682 et
1142 655 1288 690 splendidi,
1310 657 1357 683 sed
1375 656 1550 694 subobscuri,
1574 663 1605 682 ac
1623 655 1745 682 tenebris
1759 654 1798 680 in;

1010 702 1093 728 voluti
1112 702 1148 729 ob
1163 703 1422 737 transgreSsionem.
1438 703 1491 730 Sed
1515 703 1635 729 humano
1651 708 1750 737 genere
1769 700 1796 727 in

1011 747 1172 775 immensum
1195 753 1352 783 propagato,
1375 756 1436 775 cum
1462 753 1604 783 peccatum
1627 750 1754 783 regnaret
1769 746 1796 774 in

1011 800 1116 824 omnes,
1143 797 1170 820 et
1193 794 1410 829 uniuscujusque
1439 795 1557 821 animam
1583 793 1795 828 deprmdaretur,

1010 839 1094 865 veteri
1115 839 1224 873 quidem
1241 840 1328 874 gratia
1346 844 1443 867 natura
1463 840 1593 868 destituta
1608 843 1650 866 est
1665 846 1672 865 :
1693 833 1797 866 recedit

1010 884 1120 918 penitus
1139 885 1173 911 ab
1188 885 1228 912 eis
1243 885 1372 919 Spiritus,
1400 889 1426 913 et
1455 887 1482 913 in
1508 891 1657 914 extremam
1680 885 1797 912 rationis

1011 929 1152 963 penuriam
1174 930 1274 957 labitur
1292 930 1373 957 homo
1393 931 1509 959 rationis
1524 931 1569 959 ille
1591 932 1739 966 particeps,
1754 930 1797 965 ips

1011 981 1070 1001 sum
1093 975 1174 1002 etiam
1197 975 1326 1010 ignorans
1343 975 1510 1004 Creatorem.
1529 976 1582 1004 Sed
1606 976 1796 1004 universorum

1011 1018 1106 1053 Opifex
1129 1020 1259 1047 diuturna
1282 1029 1348 1049 usus
1369 1022 1511 1056 patientia,
1528 1022 1732 1049 miserationem
1748 1021 1797 1049 de—

1011 1068 1084 1092 mam
1108 1065 1181 1099 cepit
1203 1067 1324 1101 corrupti
1346 1067 1421 1094 orbis
1444 1071 1470 1094 et
1494 1066 1636 1102 fugitivum
1664 1067 1692 1094 in
1715 1065 1798 1094 terris

1010 1116 1118 1143 gregem
1135 1110 1243 1143 superis
1257 1117 1413 1145 aggregare,
1436 1111 1524 1139 bonus
1536 1111 1594 1146 ipse
1607 1118 1670 1138 eum
1691 1110 1738 1144 sit,
1759 1109 1798 1137 fe-

1011 1152 1145 1186 stinavit,
1176 1157 1203 1181 et
1226 1154 1259 1180 ad
1283 1154 1427 1189 imaginem
1443 1155 1585 1190 pristinam
1600 1155 1796 1182 humanitatem

1011 1198 1162 1226 reformare
1177 1207 1225 1234 per
1242 1199 1373 1233 Spiritum
1402 1201 1508 1228 statuit.
1535 1200 1595 1227 Non
1621 1202 1694 1228 enim
1719 1201 1798 1228 aliter-

1011 1249 1138 1279 poterant
1155 1245 1181 1272 in
1200 1253 1231 1273 ea
1256 1246 1341 1273 divini
1363 1246 1537 1275 characteres
1559 1255 1592 1275 eo
1615 1248 1696 1275 modo
1720 1247 1797 1282 123

1012 1297 1065 1324 quo
1093 1291 1171 1325 prius
1199 1291 1333 1319 relueere.
1354 1292 1425 1324 Quid
1453 1300 1518 1327 ergo
1556 1294 1584 1320 in
1609 1293 1661 1320 hoc
1685 1293 1798 1320 molitus

1011 1337 1047 1363 sit
1071 1335 1162 1368 Deus,
1188 1337 1325 1372 quomodo
1346 1338 1463 1373 gratiam
1483 1338 1510 1365 in
1536 1338 1616 1366 nobis
1641 1339 1797 1366 inviolatam

1010 1383 1179 1414 inseruerit,
1209 1387 1255 1410 aut
1281 1383 1420 1419 quomodo
1456 1392 1552 1412 rursus
1583 1384 1611 1411 in
1640 1384 1798 1412 hominibus

1011 1427 1131 1455 radicem
1170 1426 1289 1462 Spiritus
1330 1429 1433 1464 egerit,
1461 1437 1549 1464 quove
1582 1434 1664 1465 pacto
1697 1433 1797 1457 natura

1011 1472 1039 1499 in
1058 1472 1205 1507 pristinum
1233 1477 1332 1501 statum
1356 1474 1505 1501 reformata
1529 1475 1580 1507 sit,
1602 1475 1796 1510 exponendum

1012 1521 1055 1546 est
1071 1518 1211 1554 deinceps.
1222 1518 1332 1547 Primus
1349 1520 1395 1547 ille
1409 1520 1490 1548 homo
1505 1524 1633 1549 terrenus
1648 1528 1710 1548 eum
1724 1525 1798 1550 esset

1012 1571 1045 1592 ae
1065 1565 1099 1592 de
1114 1569 1199 1597 terra,
1217 1569 1243 1592 et
1260 1565 1287 1592 in
1302 1573 1352 1594 sua
1371 1570 1508 1601 potestate
1526 1567 1607 1594 sitam
1622 1567 1735 1595 haberet
1747 1568 1797 1595 bo—

1012 1611 1041 1638 ni
1059 1611 1157 1638 malive
1169 1611 1318 1646 optionem,
1333 1616 1416 1647 atque
1429 1614 1629 1648 propensionis
1648 1613 1676 1640 in
1692 1613 1797 1641 alteru-

1013 1661 1085 1684 trum
1107 1657 1236 1685 dominus
1256 1662 1338 1690 esset,
1358 1658 1433 1693 gravi
1458 1659 1521 1686 dolo
1544 1663 1689 1694 correptus
1704 1664 1756 1691 est,
1771 1663 1798 1688 et

1011 1703 1039 1730 in
1061 1702 1276 1731 inohedientiam
1298 1704 1404 1738 lapsus,
1422 1704 1449 1731 in
1473 1708 1573 1731 terram
1591 1709 1707 1732 matrem
1725 1705 1799 1731 unde

1011 1748 1163 1783 prodierat,
1177 1749 1287 1782 decidit,
1305 1750 1515 1784 eteorruptioni
1534 1750 1644 1778 demum
1662 1751 1799 1785 mortique

1011 1795 1161 1825 obnoxius.
1179 1795 1206 1822 in
1224 1796 1386 1823 universum
1402 1803 1488 1830 genus
1504 1796 1635 1824 damnum
1651 1797 1796 1826 tranSmit-

1012 1839 1062 1872 tit;
1079 1843 1223 1868 crescente
1238 1848 1304 1868 vero
1321 1841 1350 1868 in
1367 1841 1448 1868 nobis
1465 1844 1493 1869 et
1511 1842 1696 1877 multiplicato
1712 1843 1798 1875 malo,

1010 1890 1038 1914 et
1053 1886 1145 1913 animo
1164 1890 1262 1914 nostro
1281 1895 1390 1922 semper
1406 1887 1434 1914 in
1450 1888 1529 1923 pejus
1546 1893 1654 1920 ruente,
1672 1889 1799 1923 regnavit

1012 1935 1168 1967 peccatum,
1184 1935 1268 1967 atque
1293 1932 1330 1959 ita
1347 1932 1457 1960 demum
1475 1938 1575 1960 natura
1591 1933 1712 1961 hominis
1735 1941 1799 1968 spo-

1012 1978 1077 2004 liata
1089 1981 1131 2005 est
1140 1971 1432 2013 inhabitanteSpiritu.
1447 1987 1456 2004 ι
1474 1977 1673 2013 Spiritusenim
1683 1983 1798 2007 sanctus

1012 2022 1155 2057 sapientia:
1174 2023 1267 2051 dolum
1285 2024 1382 2059 fugiet,
1400 2032 1409 2050 ι
1434 2027 1463 2051 ut
1487 2024 1622 2059 scriptum
1641 2028 1694 2057 est,
1714 2034 1724 2051 ‹
1747 2033 1798 2053 nec

1012 2067 1148 2095 habitabit
1174 2068 1203 2095 in
1229 2076 1345 2103 corpore
1367 2068 1480 2096 subdito
1497 2065 1660 2103 peccatis".
1687 2078 1696 2095 ι
1724 2068 1799 2102 Quo-

1012 2114 1086 2141 niam
1098 2121 1164 2150 ergo
1179 2115 1286 2150 primus
1301 2114 1387 2142 Adam
1404 2115 1522 2150 gratiam
1538 2115 1591 2142 sibi
1609 2123 1623 2142 a
1635 2115 1690 2143 Deo
1705 2115 1797 2143 datam

1013 2167 1066 2187 non
1081 2164 1249 2195 servaverat,
1266 2161 1416 2189 destinavit
1432 2161 1513 2189 nobis
1523 2161 1633 2189 cmlitus
1647 2161 1798 2189 secundum

174 2210 231 2241 καὶ,
245 2210 296 2236 «οὺ
309 2210 465 2245 κατοικήσει
476 2210 505 2235 ἐν
518 2209 623 2244 σώματι
636 2209 778 2244 κατάχρεῳ
790 2209 935 2245 ἁμαρτίας.
949 2219 958 2235 ι

1013 2205 1098 2233 Adam
1125 2206 1196 2234 Deus
1223 2214 1255 2234 ac
1278 2206 1372 2234 Pater.
1393 2206 1478 2234 Mittit
1502 2207 1574 2234 enim
1594 2206 1621 2234 in
1641 2207 1800 2235 similitudi--

180 2256 256 2282 Ἐπεὶ
270 2255 359 2281 τοίνυν
377 2256 390 2281 ὁ
405 2254 512 2290 πρῶτος
530 2254 615 2289 Ἀδὰμ
633 2254 682 2289 τὴν
702 2254 776 2290 παρὰ
793 2255 859 2281 Θεοῦ
875 2255 956 2281 δοθεῖ-

174 2309 224 2326 σαν
248 2301 278 2326 οὐ
304 2299 415 2326 διέσωσε
431 2300 520 2335 χάριν,
543 2300 687 2335 ἐπενόησεν
703 2301 768 2336 ἡμῖν
792 2300 821 2332 ἐξ
846 2300 959 2335 οὐρανοῦ

173 2346 218 2371 τὸν
233 2344 359 2379 δεύτερον
382 2344 467 2379 Ἀδὰμ
482 2344 496 2370 ὁ
516 2343 581 2375 Θεὸς
595 2344 641 2370 καὶ
656 2344 759 2380 Πατήρ.
777 2345 883 2380 Πέμπει
906 2344 960 2379 γὰρ

173 2392 212 2422 εἰς
235 2391 364 2425 ὁμοίωσιν
386 2390 435 2426 τὴν
452 2390 519 2426 πρὸς
535 2391 608 2425 ἡμᾶς
625 2390 756 2424 ἄτρεπτόν
773 2399 802 2417 τε
817 2391 864 2417 καὶ
883 2390 962 2417 ἀναλ-

173 2437 283 2463 λοίωτον
293 2436 358 2463 ὄντα
371 2438 403 2472 τῇ
415 2436 493 2470 φύσει
502 2436 547 2462 τὸν
561 2436 626 2463 ἴδιον
639 2435 713 2466 Υίὸν,
727 2435 774 2461 καὶ
786 2435 816 2461 τὸ
830 2436 962 2471 ἁμαρτεῖν

173 2483 223 2509 οὐκ
238 2482 327 2509 εἰδότα
340 2482 487 2515 παντελῶς,
508 2482 550 2509 ἵνα
565 2482 688 2517 καθάπερ
703 2481 746 2508 διὰ
759 2482 807 2516 τῆς
822 2481 869 2507 τοῦ
886 2480 960 2515 πρώ-

176 2537 219 2554 του
238 2528 380 2563 παρακοῆς
397 2528 448 2554 ὑπὸ
463 2528 535 2555 θείαν
549 2528 700 2562 γεγόναμεν
718 2527 811 2562 ὀργὴν,
833 2526 903 2553 οὓτω
917 2526 963 2553 διὰ

177 2576 222 2610 τῆς
235 2575 361 2610 ὑπακοῆς
373 2574 419 2601 τοῦ
431 2575 567 2610 δευτέρου,
581 2574 686 2608 καιτὴν
697 2573 765 2608 ἀρὰν
775 2572 960 2607 διαφύγωμεν,

175 2621 220 2646 καὶ
234 2621 269 2647 τὰ
287 2620 318 2652 ἐξ
337 2620 422 2653 αὐτῆς
434 2621 541 2656 ἀργήσῃ
553 2619 636 2647 κακά.
658 2619 765 2654 Ἐπειδὴ
778 2619 806 2645 δὲ
819 2618 962 2654 ἄνθρωπος

174 2667 285 2700 γέγονεν
302 2668 316 2693 ὁ
335 2666 381 2693 τοῦ
394 2666 461 2692 Θεοῦ
475 2666 569 2700 Λόγος,
593 2666 698 2700 δέχεται
713 2665 744 2692 τὺ
758 2665 869 2700 Πνεῦμα
886 2665 962 2701 παρὰ

176 2713 220 2738 τοῦ
239 2713 293 2739 Πατ
300 2712 355 2747 ρος.
367 2712 404 2743 ὡς
419 2709 458 2744 εἷς
471 2712 501 2744 ἐξ
512 2712 600 2748 ἡμῶν,
618 2713 666 2747 οὑχ
683 2711 769 2747 ἑαυτῷ
781 2720 806 2738 τι
816 2711 961 2746 λαμϐάνων

177 2756 267 2789 ἰδικῶς
281 2765 289 2771 ·
308 2757 390 2789 αὐτὸς
412 2758 465 2794 γὰρ
486 2756 519 2793 ἦν
537 2757 552 2783 ὁ
574 2757 621 2784 τοῦ
645 2757 802 2793 Πνεύματος
825 2756 960 2792 χορηγός”

213 2842 231 2855 ⁵⁵
251 2847 321 2874 Cen.
340 2856 369 2880 ll,
382 2847 426 2874 25.

475 2848 496 2863 ’θ
513 2848 579 2875 Gen.
597 2855 638 2879 tu,
663 2847 703 2874 ις).
743 2847 763 2862 ³⁷
780 2847 845 2882 Snp.
868 2855 886 2879 ι,
906 2847 930 2873 Ξί-

1013 2261 1074 2280 nem
1097 2253 1186 2280 nostri
1205 2261 1284 2281 suum
1299 2253 1400 2280 Filium
1417 2256 1514 2280 natura
1532 2260 1582 2281 sua
1596 2253 1759 2281 mutationis
1772 2258 1800 2281 et

1014 2299 1186 2327 alteratienis
1201 2299 1337 2332 nescium,
1351 2302 1378 2325 et
1393 2298 1498 2333 peccati
1513 2306 1628 2333 prorsus
1644 2304 1797 2334 expertem,

1014 2350 1044 2372 ut
1062 2345 1293 2380 quemadmodum
1309 2353 1356 2380 per
1373 2345 1584 2373 inohedientiam
1601 2345 1683 2380 primi
1699 2345 1800 2372 divina-

1014 2389 1062 2417 irae
1080 2389 1199 2424 subjecti
1220 2389 1336 2423 fuimus,
1353 2389 1389 2416 ita
1411 2398 1460 2425 per
1478 2389 1660 2418 obedientiam
1686 2390 1799 2418 secundi

1013 2436 1237 2464 maledictionem
1265 2443 1375 2472 quoque
1400 2435 1556 2472 fugiamus,
1586 2439 1613 2463 et
1635 2435 1695 2470 ejus
1727 2436 1800 2463 mala

1013 2487 1123 2509 cessent
1139 2481 1251 2509 '3.Cum
1269 2486 1361 2509 autem
1382 2482 1465 2509 homo
1484 2482 1587 2509 factum
1605 2482 1641 2509 sit
1664 2482 1711 2509 Dei
1730 2476 1800 2510 Ver-

1012 2527 1094 2560 bum,
1112 2527 1245 2562 Spiritum
1263 2535 1279 2556 a
1293 2528 1374 2555 Patre
1391 2528 1503 2563 accipit,
1522 2531 1551 2554 ut
1574 2536 1645 2555 unus
1665 2536 1680 2555 e
1704 2529 1797 2562 nobis,

1012 2580 1066 2599 non
1088 2573 1140 2600 sibi
1163 2573 1265 2609 aliquid
1285 2573 1442 2609 specialiter
1465 2574 1603 2608 accipiens
1627 2573 1702 2608 (erat
1724 2575 1799 2602 enim
1839 2572 1843 2575 ’

1013 2618 1070 2653 ipse
1087 2619 1205 2654 largitor
1231 2619 1376 2656 Spiritus),
1390 2620 1436 2648 sed
1462 2625 1492 2648 ut
1521 2625 1666 2657 acceptum
1693 2627 1798 2650 naturae

1016 2668 1116 2691 nostrae
1129 2669 1318 2698 conservaret,
1334 2669 1364 2692 ut
1388 2665 1480 2699 homo.
1498 2671 1525 2694 et
1540 2674 1638 2695 rursus
1663 2667 1799 2694 radicaret

1015 2709 1042 2736 in
1060 2710 1141 2737 nobis
1156 2711 1273 2746 gratiam
1290 2719 1351 2746 quae
1363 2718 1529 2747 recesserat,
1543 2713 1577 2746 is,
1590 2713 1638 2748 qui
1654 2715 1800 2748 peceatum

1014 2763 1069 2783 non
1085 2757 1172 2784 novit.
1195 2757 1272 2799 Hane
1296 2757 1370 2786 enim
1387 2759 1423 2787 ob
1445 2766 1558 2787 causam
1584 2759 1712 2788 existimo
1733 2765 1797 2786 sam

971 2846 993 2862 ³⁸
1016 2846 1094 2875 Ιῖυιιι.
1109 2856 1133 2880 ν,
1159 2848 1205 2876 ί8ε
