2028 3118
238 169 288 198 ΞΜ

717 158 744 185 S.
764 155 902 185 CYlllLH
926 151 1161 181 ALEXANDRINI
1176 152 1333 180 ARCIIIEP.

1815 153 1871 181 9.08

240 232 313 255 rtum
351 225 498 259 Baptistam
535 221 639 248 utiliter
663 219 818 250 addidisse,
842 227 850 242 ι
869 217 939 250 Quia
967 215 1022 242 vidi

1085 213 1119 242 να
1143 215 1175 250 τῇ
1200 215 1278 249 φύσει
1302 215 1422 251 διασώσῃ
1444 215 1550 247 λαϐὼν,
1574 215 1610 246 ὡς
1635 214 1794 252 ἄνθρωπος,
1822 219 1870 242 καί

240 272 374 309 Spiritum
384 268 605 298 descendentem
619 265 652 293 de
667 265 750 297 ccelo,
761 267 787 292 et
803 267 962 290 manentem
980 270 1026 290 su-

239 326 289 355 per
304 324 366 346 eum
378 316 411 343 ”.
426 325 435 342 ι
450 313 577 342 Avolavit
594 312 668 340 enim
684 319 719 339 ex
734 310 814 338 nobis
832 313 946 345 propter
964 316 1028 344 pec-

240 353 342 394 catum,
360 361 450 388 factus
477 364 568 387 autem
592 361 635 386 est
649 357 723 385 velut
748 363 820 383 unus
833 363 866 382 ex
883 354 964 382 nobis
979 353 1027 388 qui

241 412 384 445 peccatum
402 414 457 434 non
473 405 561 438 novit,
579 408 605 432 ut
621 402 784 431 assueiieret
803 407 886 436 porro
907 399 1028 435 Spiritus

241 463 352 483 manere
370 455 398 482 in
414 453 505 485 nobis,
522 459 585 479 cum
605 449 763 478 discedendi
781 451 828 475 aut
852 445 1028 475 suliducendi

241 511 270 530 se
283 509 395 529 causam
414 501 441 527 in
464 499 524 534 ipso
544 505 599 525 non
620 497 744 523 haberet.
770 494 857 529 igitur
880 492 961 520 nobis
980 499 1028 527 per

242 548 363 583 seipsum
379 545 512 581 Spiritum
529 543 640 578 accipit,
659 546 685 569 et
699 544 804 568 naturzc
820 544 899 566 vetus
925 538 1026 566 bonum

244 597 366 622 renovat.
393 592 438 618 Sic
460 590 543 618 etiam
559 595 662 624 pauper
685 587 776 614 tactus
789 585 891 613 dicitur
914 588 1028 620 propter

243 647 305 667 nos.
323 638 404 665 Dives
428 636 502 664 enim
527 642 589 662 cutn
619 634 665 664 sit.
690 639 745 667 qua
769 631 851 662 Deus,
871 634 898 658 et
925 630 1028 657 nullius

245 685 311 713 boni
337 683 458 718 indigus,
484 681 566 708 homo
592 679 680 706 factus
701 681 743 705 est
764 677 888 704 omnium
907 683 1027 711 egenus;

243 731 276 758 ad
292 737 374 765 quem
392 726 494 755 alicubi
504 726 608 753 dictum
619 721 662 752 est
678 723 809 759 prmclare
825 730 852 748 ι(
871 721 942 754 Quid
955 721 1028 748 enim

245 776 325 813 124
341 776 426 803 habes
443 773 516 810 quod
536 779 592 799 non
621 769 752 805 accepisti
764 769 806 795 δοῖ
820 779 828 794 i
847 767 1029 801 Quemadmo-

244 825 308 850 dum
325 829 390 857 ergo
405 821 459 848 vita
477 818 629 847 secundum
646 820 771 843 naturam
796 814 933 842 exsistens
954 819 1029 839 mor-

245 876 307 897 iltUS
320 872 362 896 ρει
373 865 524 895 secundum
541 870 652 891 carnem
668 865 780 896 propter
792 867 851 892 nos,
868 864 898 886 ιιι
913 861 1029 885 ιῐιοτιρη]

245 916 366 943 \incerct
384 920 432 948 pro
452 911 542 943 nobis,
559 913 587 936 et
610 909 769 935 universam
787 913 882 934 secum
900 908 1028 932 naturam

245 960 479 989 (Onrcsuscitaret
493 958 601 991 (omnes
617 954 690 982 enim
709 960 820 981 eramus
835 952 863 978 in
878 951 949 986 ipso,
960 957 1031 985 qua-

245 1015 324 1036 tenus
340 1007 422 1033 homo
440 1004 531 1031 factus
540 1004 604 1037 est),
615 1001 655 1029 sic
673 1001 755 1027 etiam
768 999 900 1035 Spiritum
917 999 1031 1032 propter

245 1062 295 1082 nos
314 1053 423 1087 accipit,
445 1056 474 1078 ut
493 1057 602 1078 omnem
631 1047 786 1076 sanctiﬁcet
810 1049 949 1073 naturam.
971 1042 1031 1070 Non

245 1100 318 1127 uiitn
345 1086 381 1124 in,
396 1103 477 1124 suum
503 1093 679 1122 commodum
703 1091 795 1123 vertit,
822 1089 870 1117 sed
900 1092 929 1115 ut
952 1086 1032 1114 nobis

245 1144 373 1172 tmnibns
388 1140 567 1177 principium,
584 1142 612 1165 et
623 1137 678 1170 via,
697 1140 725 1164 et
739 1136 823 1170 janua
844 1134 880 1161 sit
896 1133 1031 1160 bonorum

244 1189 409 1218 «mlestium.
429 1185 486 1213 Nisi
513 1184 586 1212 enim
615 1183 751 1217 accipere,
769 1184 799 1208 ut
822 1180 915 1211 homo,
940 1177 1030 1205 visum

245 1240 328 1268 isset,
354 1238 399 1261 aut
416 1233 498 1261 etiam
523 1230 590 1266 pati,
609 1233 640 1256 ut
661 1235 732 1256 unus
749 1235 764 1254 e
779 1226 870 1257 nobis,
893 1223 1032 1260 quomodo

245 1286 334 1319 ipsum
350 1289 379 1309 se
394 1279 556 1307 luuniliasse
573 1275 680 1303 ostendi
700 1273 810 1309 posset?
831 1276 878 1299 aut
892 1269 1032 1306 quomodo

246 1316 317 1357 {om
329 1327 416 1354 fm'ma
434 1328 507 1352 recte
522 1324 546 1351 ei
560 1322 739 1352 tribueretur,
759 1319 814 1346 nisi
825 1319 859 1346 de
873 1319 934 1353 ipso
951 1316 1031 1352 quid-

245 1375 306 1401 dum
323 1372 406 1401 etiam
422 1377 502 1398 servo
517 1367 685 1396 conveniens
706 1365 840 1400 scriptum
855 1363 945 1391 esset?
969 1362 1032 1392 Noli

245 1428 310 1456 ergo
325 1416 559 1454 sapientissimum
583 1411 783 1440 incarnationis
801 1411 935 1438 rationem
951 1409 1032 1437 velli—

247 1455 319 1498 care,
335 1471 417 1499 quam
431 1462 542 1490 divinus
563 1460 608 1487 ille
624 1459 728 1486 Paulus
749 1457 812 1492 jure
828 1457 954 1487 miratur,
977 1455 1032 1482 ela-

247 1519 325 1539 mans
341 1520 348 1538 2
365 1519 374 1535 ί
390 1509 426 1537 Ut
445 1508 602 1535 innotescat
624 1512 699 1532 nunc
719 1502 921 1539 principatibus
938 1505 964 1528 et
983 1508 1033 1536 po-

1079 260 1183 296 ριζώσῃ
1201 261 1281 287 πάλιν
1303 262 1332 287 ὲν
1349 262 1413 296 ἡμῖν
1436 261 1484 296 τὴν
1499 262 1721 296 ἁποφοιτήσασαν
1746 262 1838 297 χάριν,
1856 264 1870 289 ὁ

1080 307 1117 343 μὴ
1131 307 1207 339 είδὼς
1224 307 1370 343 ἁμαρτίαν.
1386 307 1436 334 Διὰ
1447 308 1548 344 ταύτην
1562 308 1616 343 γὰρ
1628 307 1704 343 οἶμαι
1715 309 1764 345 τὴν
1778 310 1870 336 αἰτίαν

1079 353 1300 389 προστεθεικέναι
1330 354 1473 389 χρησίμως
1503 354 1549 380 τὸν
1583 355 1659 388 ἅγιον
1693 355 1870 390 Βαπτιστήνο

1082 398 1158 424 ι”Οτι
1182 397 1314 432 τεθέαμαι
1334 398 1364 424 τὸ
1385 398 1497 434 Πνεῦμα
1511 399 1675 425 καταϐαῖνον
1690 399 1720 431 ἐξ
1741 399 1868 435 οὐρανοῦ,

1079 443 1126 469 καὶ
1142 442 1249 477 ἔμεινεν
1262 443 1305 469 ἐπ’
1323 443 1414 470 αὑτὸν.
1430 452 1438 468 ι
1467 443 1588 478 Ἀπέπτη
1608 444 1656 479 μὲν
1676 444 1730 480 γὰρ
1747 445 1777 478 ἐξ
1790 446 1869 480 ήμῶν

1079 488 1123 515 διὰ
1136 488 1185 524 τὴν
1200 489 1345 524 ἁμαρτίαν,
1363 489 1459 524 γέγονε
1474 489 1502 516 δὲ
1521 489 1559 521 ὡς
1581 487 1620 521 εἷς
1638 489 1668 522 ἐξ
1687 491 1774 525 ἡμῶν,
1792 492 1806 517 ὁ
1831 491 1869 526 μὴ

1079 534 1157 567 είδὼς
1170 536 1318 571 ἁμαρτίαν,
1339 537 1382 562 ἴνα
1397 536 1545 572 προσεθίσῃ
1560 536 1590 562 τὸ
1604 536 1718 572 Πνεῦμα
1734 537 1824 572 μένειν
1841 539 1870 564 ὲν

1079 581 1155 616 ἡμῖν,
1171 581 1297 617 ἀφορμὴν
1312 582 1362 608 οὐκ
1379 581 1439 616 ἔχον
1460 582 1670 617 ἀναχωρήσεως,
1687 582 1702 617 ἢ
1719 583 1870 618 ὑποστολῆς

1079 627 1108 653 ἓν
1121 627 1205 662 αὐτῷ.
1221 627 1324 654 Οὐκοῦν
1336 628 1401 662 ἡμῖν
1412 628 1444 654 δι’
1459 628 1554 654 ἑαυτοῦ
1565 627 1696 662 λαμϐάνει
1706 629 1735 654 τὸ
1746 629 1869 664 Πνεῦμα,

1080 674 1127 700 καὶ
1140 675 1248 700 ἁνανεοῖ
1262 675 1294 709 τῇ
1313 674 1392 708 cpiast
1407 674 1438 700 τὸ
1456 675 1566 709 ἀρχαῖον
1583 674 1684 708 ἀγαθόν
1697 682 1703 688 ·
1729 675 1800 702 οὕτω
1823 677 1870 705 καὶ

1081 720 1236 754 πτωχεῦσαι
1254 719 1362 753 λέγεται
1385 719 1418 745 δι’
1442 719 1522 754 ἡμᾶς.
1542 719 1671 750 Πλούσιος
1684 720 1738 756 γὰρ
1760 720 1808 752 ὢν,
1831 721 1869 752 ὡς

1081 763 1156 797 Θεὸς,
1180 765 1226 791 καὶ
1249 764 1354 795 οὐδενὸς
1377 765 1430 790 τῶν
1453 764 1562 798 ἀγαθῶν
1585 765 1703 800 ἐπιδεὴς.
1729 766 1871 801 ἅνθρωπος

1081 811 1176 844 γέγονε
1192 811 1300 838 πάντων
1317 810 1435 846 ἐπιδεὴς,
1463 810 1530 844 πρὸς
1552 811 1581 838 ὃν
1604 811 1710 846 εἴρηταί
1734 820 1797 843 που,
1824 814 1871 838 καὶ

1084 856 1186 891 σιρόδρα
1197 856 1298 888 καλῶς·
1314 857 1360 883 (Τί
1371 857 1425 892 γὰρ
1437 857 1519 893 ἔχεις,
1533 858 1546 884 ὂ
1558 858 1606 884 οὐκ
1617 857 1723 890 ἔλαϐες
1740 868 1748 883 i
1765 858 1871 893 Ὥσπερ

1083 900 1129 928 οὖν
1151 902 1207 938 ζωὴ
1228 903 1299 930 κατὰ
1316 903 1395 937 φύσιν
1421 904 1549 939 ὑπάρχων
1563 903 1681 931 ἀπέθανε
1699 905 1768 931 κατὰ
1783 905 1872 940 σάρκα

1082 947 1117 973 δι’
1132 949 1214 983 ἡμᾶς,
1239 948 1281 974 ἵνα
1304 949 1402 984 νικήσῃ
1426 949 1472 975 τὸν
1495 948 1609 976 θάνατον
1630 949 1699 985 ὑπὲρ
1721 949 1809 985 ήμῶν,
1824 950 1872 976 καὶ

1083 993 1146 1028 ὃλην
1175 993 1263 1028 ἐαυτῷ
1287 995 1476 1031 συναναστήσῃ
1496 995 1544 1030 τὴν
1566 994 1646 1029 φύσιν
1664 1003 1672 1011 ’
1698 995 1798 1026 πάντες
1817 995 1872 1031 γὰρ

1082 1037 1152 1075 ἦμεν
1168 1041 1198 1067 ἐν
1216 1040 1305 1076 αὐτῷ,
1319 1041 1386 1067 καθὸ
1399 1041 1512 1075 γέγονεν
1527 1040 1667 1076 ἄνθρωπος
1681 1049 1687 1055 ·
1701 1041 1770 1067 οὕτω
1784 1042 1832 1067 καὶ
1843 1042 1874 1068 τὺ

1083 1085 1196 1121 Πνεῦμα
1217 1086 1323 1122 δέχεται
1348 1087 1381 1114 δι’
1401 1087 1492 1121 ἡμᾶς,
1518 1088 1561 1114 ἵνα
1585 1088 1674 1114 πᾶσαν
1700 1088 1800 1124 ἁγιάσῃ
1823 1088 1873 1123 τὴν

1083 1131 1174 1166 φύσιν.
1196 1133 1232 1159 Οὐ
1250 1133 1301 1169 γὰρ
1318 1133 1415 1160 ἑαυτὸν
1434 1134 1582 1169 ὠφελήσων
1597 1134 1733 1169 ἐλήλυθεν,
1755 1134 1813 1161 ἀλλ’
1830 1135 1874 1161 ἵνα

1084 1179 1166 1204 πᾶσιν
1189 1179 1255 1214 ἡμῖν
1278 1178 1360 1214 ἀρχὴ,
1378 1179 1427 1205 καὶ
1449 1179 1518 1210 ὁδὸς,
1536 1180 1583 1206 καὶ
1604 1179 1672 1214 θύρα
1690 1180 1802 1215 γένηται
1818 1181 1873 1206 τῶν

1083 1224 1217 1259 οὐρανίων
1239 1223 1359 1258 ἀγαθῶν.
1386 1224 1418 1251 Et
1440 1224 1494 1260 γὰρ
1512 1225 1548 1260 μὴ
1572 1225 1642 1256 ἔδοξε
1659 1225 1818 1260 λαμῦάνειν,
1835 1225 1874 1257 ὡς

1085 1269 1237 1304 ἅνθρωπος,
1254 1269 1270 1304 ἢ
1291 1270 1339 1296 καὶ
1361 1269 1486 1304 πάσχειν,
1502 1270 1540 1301 ὡς
1555 1267 1594 1301 εἷς
1610 1270 1639 1302 ἐξ
1653 1270 1740 1305 ἡμῶν,
1761 1270 1819 1302 πῶς
1840 1271 1874 1297 ἂν

1085 1315 1167 1347 ἔδειξέ
1191 1324 1243 1348 τις,
1271 1317 1311 1342 ὅτι
1332 1315 1532 1355 τεταπείνωκεν
1557 1317 1674 1348 ἑαυτόν;
1698 1317 1732 1342 Ἢ
1757 1317 1815 1348 πῶς
1840 1317 1873 1343 ἂν

1085 1360 1173 1396 ἐσώθη
1191 1361 1281 1392 καλῶς
1296 1362 1312 1396 ἡ
1326 1361 1373 1388 τοῦ
1392 1361 1485 1388 ὂοὺλου
1500 1361 1600 1397 μορφὴ,
1617 1363 1641 1388 εἰ
1658 1364 1694 1397 μή
1713 1371 1739 1389 τι
1753 1363 1800 1390 καὶ
1813 1363 1873 1390 δου-

1084 1407 1220 1442 λοπρεπὲς
1233 1407 1341 1442 ἐγράφη
1351 1408 1416 1443 περὶ
1430 1408 1529 1441 aurai;
1546 1409 1591 1443 Μὴ
1605 1408 1773 1443 διασυρέσθω
1786 1409 1874 1436 τοίνυν

1085 1454 1098 1479 ὁ
1125 1454 1261 1488 πάνσοφος
1285 1455 1334 1490 τῆς
1357 1455 1512 1490 οίκονομίας
1534 1455 1622 1488 λόγος,
1643 1454 1673 1480 ὃν
1696 1455 1741 1481 καὶ
1764 1455 1846 1487 αὐτὸς
1860 1457 1874 1482 ό

1087 1500 1226 1532 θεσπέσιος
1244 1501 1346 1532 Παῦλος
1358 1501 1469 1533 εἰκότως
1481 1501 1669 1536 ἀποθαυμάζει
1682 1501 1751 1536 βοῶν
1764 1509 1772 1517 ·
1797 1511 1806 1527 ι
1815 1502 1874 1528 Ἵνα

246 1557 393 1585 testatibus
406 1555 433 1581 in
445 1552 606 1581 coelestibus
618 1558 667 1586 per
682 1549 838 1579 Ecclesium
856 1545 1032 1574 multiformis

1087 1547 1223 1582 γνωρισθῇ
1242 1547 1288 1574 νῦν
1304 1548 1363 1579 ταῖς
1378 1548 1486 1582 ἀρχαῖς,
1500 1548 1546 1573 καὶ
1557 1549 1617 1579 ταῖς
1630 1547 1764 1580 ἐξουσίαις
1775 1548 1803 1574 ὲν
1819 1550 1874 1579 τοῖς

247 1603 382 1638 sapientia
395 1600 453 1633 Dei,
466 1599 617 1627 secundum
633 1596 841 1632 pra-ﬁnitionem
856 1594 1032 1626 smculorum,

247 1656 328 1684 quam
344 1647 408 1674 fecit
424 1646 451 1673 in
466 1645 578 1673 Christo
591 1643 657 1671 Jesu
673 1642 791 1669 Domino
807 1647 902 1668 nostro
913 1639 946 1666 “.
961 1649 970 1665 ι
984 1638 1035 1666 Sa-

247 1693 351 1729 pientia
377 1692 449 1720 enim
475 1698 583 1722 revera,
604 1696 694 1724 eaque
710 1687 766 1714 Deo
783 1685 962 1717 conveniens,
980 1690 1035 1711 ma-

247 1747 331 1774 gnum
347 1737 414 1765 illud
437 1734 638 1764 incarnationis
659 1733 768 1760 videtur
783 1739 843 1759 esse
861 1730 1037 1766 mysterium.

247 1786 286 1812 ita
304 1785 337 1812 de
352 1783 500 1811 Servatore
524 1785 620 1808 nostro
645 1778 818 1807 sentiendum
835 1785 896 1805 esse
920 1783 994 1808 reor,
1011 1775 1035 1802 si

249 1832 286 1867 pii
306 1838 367 1858 esse
389 1830 525 1862 volumus,
541 1833 567 1855 et
583 1828 742 1862 dogmalum
764 1825 958 1852 rcctitudinem
977 1831 1036 1851 am-

249 1877 403 1913 plectimur.
427 1875 523 1910 Neque
541 1874 614 1902 enim
641 1873 669 1900 in
695 1876 798 1900 tantam
817 1872 932 1900 rationis
947 1878 1035 1906 penu-

249 1925 318 1952 riam
343 1923 530 1953 dcvolvcmur,
545 1924 576 1947 ut
599 1919 627 1946 in
643 1918 714 1946 Filio
739 1918 890 1946 secundum
907 1921 1034 1945 naturam

250 1969 383 2005 Spiritum
410 1975 458 2003 per
481 1966 724 2002 participationem
746 1972 808 1992 esse
829 1968 977 1999 putemus,
1003 1971 1036 1990 ac

250 2024 304 2044 non
322 2013 540 2043 substantialiter
561 2011 658 2047 potius
676 2011 790 2038 insitum
806 2009 1035 2045 quemadmodum

250 2061 379 2089 nimirum
391 2064 418 2087 et
432 2059 460 2086 in
476 2059 537 2094 ipso
550 2057 641 2085 Patre.
659 2056 695 2084 Ut
711 2057 784 2084 enim
802 2055 904 2088 Patris,
922 2055 959 2082 ita
972 2055 1035 2082 Filii

249 2115 358 2144 quoque
374 2111 416 2134 est
434 2109 548 2134 sanctus
567 2104 696 2138 Spiritus.
719 2103 764 2129 Sic
787 2101 858 2136 apud
877 2101 1036 2136 Scripturas

249 2154 358 2182 divinas
370 2153 524 2188 legimuszt
537 2151 605 2178 Cum
616 2149 688 2177 cuitu
707 2148 847 2176 venissent
863 2147 889 2174 in
911 2147 1035 2183 Mysiam,

249 2199 352 2235 inquit,
373 2198 514 2226 tentabant
540 2197 580 2224 ire
608 2196 634 2223 in
659 2193 824 2230 Bithyniam,
847 2198 873 2221 et
891 2201 947 2220 non
970 2200 1034 2228 per-

252 2245 328 2273 misit
349 2253 397 2272 eos
414 2243 534 2280 Spiritus
549 2242 629 2270 Jesus
640 2242 673 2272 f'.
688 2251 696 2266 ι
711 2240 788 2273 Quod
807 2241 829 2267 si
843 2240 905 2275 quis
922 2242 1035 2266 eonten-
1051 2231 1074 2259 Ῑ)

252 2291 351 2318 tiosius
364 2294 468 2325 urgeat,
479 2293 506 2316 et
518 2295 629 2315 rursum
645 2290 752 2314 asserat
767 2285 898 2321 Spiritum
914 2292 961 2320 per
972 2292 1036 2320 par-

252 2336 441 2371 ticipationem
467 2342 529 2362 esse
554 2334 582 2360 in
608 2332 694 2364 Filio,
715 2336 762 2358 aut
788 2338 850 2358 cum
874 2331 949 2366 prius
982 2339 1036 2358 non

252 2383 366 2416 inesset,
383 2381 500 2416 coepisse
525 2383 582 2406 tum
604 2379 631 2405 in
656 2385 688 2404 eo
704 2385 776 2409 csso,
800 2384 862 2404 cum
881 2377 1036 2412 baptizatus

252 2432 304 2461 est,
314 2425 515 2454 incarnationis
529 2423 658 2451 nimirum
673 2426 806 2456 tempore,
819 2422 911 2449 videat
926 2430 1035 2449 rursum

253 2475 280 2501 in
297 2476 364 2508 quot
384 2477 410 2499 et
426 2475 544 2506 quantas
562 2467 746 2495 absurditates
772 2475 802 2494 se
822 2468 961 2503 conjiciat.
976 2468 1035 2495 Pri-

253 2526 326 2546 mum
351 2517 435 2549 enim,
458 2517 528 2543 inter
548 2521 595 2541 eos
611 2513 656 2548 qui
677 2514 827 2548 gignuntur
842 2521 856 2541 e
873 2514 1035 2542 mulieribus

253 2573 307 2593 non
330 2562 486 2592 surrexisse
505 2560 593 2595 major
616 2560 717 2587 dicitur
731 2559 837 2587 Joanne
863 2561 984 2596 Baptista
1001 2561 1032 2586 ⁵³.

251 2611 323 2639 Vere
338 2609 465 2645 quidem:
483 2607 530 2635 sed
550 2606 673 2634 videmus
689 2614 750 2634 eum
764 2607 810 2642 qui
826 2614 963 2634 summum
977 2608 1034 2642 glo-

252 2657 301 2683 riae
314 2655 439 2682 human-.2
455 2656 528 2680 tenet
549 2652 700 2688 fastigium,
719 2653 927 2688 incomparabili
948 2653 1036 2680 excel-

251 2699 335 2727 lentia
350 2698 491 2725 Christum
511 2698 667 2726 honorare:
683 2708 692 2724 ι
711 2699 770 2726 Non
786 2707 847 2726 sum
862 2709 870 2725 ι
883 2700 957 2727 enim
970 2709 979 2724 ι
994 2699 1036 2726 di-

253 2751 341 2780 gnus,
367 2744 470 2778 inquit,
492 2748 520 2770 ut
541 2744 644 2771 solvant
665 2744 725 2778 ejus
750 2744 897 2779 corrigiam
933 2744 1036 2771 calcea-

253 2790 381 2818 ntenti“.
395 2799 404 2816 ι
424 2790 518 2826 Atqui
536 2798 590 2818 non
612 2790 762 2818 absurdum
785 2794 813 2817 et
839 2790 954 2825 impium
984 2797 1035 2822 est,

291 2882 398 2911 "Joan.
418 2893 436 2918 ι,
452 2885 494 2912 52.
534 2884 575 2911 "l
591 2884 656 2911 Cur.
674 2892 710 2916 tv,
726 2884 752 2911 7.

790 2885 810 2899 δι
823 2883 921 2918 Ephes.
934 2892 973 2916 tu,
990 2884 1032 2918 il),
1054 2885 1095 2913 ll.

1087 1593 1276 1629 ἐπουρανίοις,
1308 1593 1352 1619 διὰ
1377 1593 1426 1628 τῆς
1449 1593 1626 1628 Ἑκκλησίοις,
1649 1595 1665 1628 ἡ
1685 1593 1874 1626 πολυποίκιλος

1088 1639 1168 1674 σοφία
1194 1639 1241 1665 τοῦ
1264 1639 1348 1671 Θεοῦ,
1368 1640 1443 1666 κατὰ
1467 1639 1595 1674 πρόθεσιν
1618 1639 1672 1666 τῶν
1694 1640 1817 1671 αἰώνων,
1841 1639 1874 1675 ἢν

1086 1685 1214 1720 ἐποίησεν
1231 1686 1259 1711 ὲν
1271 1685 1383 1721 Χριστῷ
1398 1685 1485 1721 Ἰησοῦ
1500 1685 1538 1722 τῷ
1552 1686 1648 1721 Κυρίῳ
1660 1686 1748 1721 ήμῶν.
1765 1695 1773 1711 ι
1791 1686 1875 1720 Σοφία

1086 1731 1139 1766 γὰρ
1157 1731 1240 1763 ὅντως
1258 1731 1307 1758 καὶ
1327 1731 1500 1767 θεοπρεπὴς,
1523 1731 1553 1758 τὸ
1578 1731 1647 1767 μέγα
1669 1732 1719 1766 τῆς
1737 1732 1874 1767 ἐνανορω-

1086 1778 1196 1812 πτήσεως
1209 1777 1305 1811 ὁρᾶται
1326 1778 1483 1813 μυστήριον.
1500 1777 1634 1812 Τοιαύτην
1655 1777 1726 1812 ἔχειν
1741 1779 1813 1813 ἡμᾶς
1827 1780 1875 1811 τὴν

1086 1823 1151 1858 περὶ
1167 1824 1213 1849 τοῦ
1228 1823 1353 1858 Σωτῆρος
1369 1822 1493 1858 διάληψιν
1507 1823 1605 1858 χρῆναι
1619 1823 1674 1850 δεῖν
1691 1824 1875 1858 ὑπολαμϐάνω

1086 1868 1150 1900 τοὺς
1169 1869 1291 1895 εὐσεόεῐν
1311 1869 1470 1905 ἑλομένους,
1487 1870 1533 1896 καὶ
1550 1871 1596 1897 ἐπὶ
1611 1871 1643 1906 τῇ
1659 1870 1712 1896 τῶν
1733 1870 1875 1905 δογμάτων

1086 1913 1212 1950 ὀρθότητι
1233 1915 1396 1951 χαίροντας·
1418 1916 1449 1942 οὐ
1464 1915 1518 1951 γὰρ
1533 1915 1565 1950 δή
1585 1924 1636 1942 που
1655 1916 1722 1951 πρὸς
1743 1916 1874 1952 τοσαύτην

1087 1959 1198 1994 ἀλογίαν
1220 1960 1430 1996 καταϐησόμεθα
1447 1961 1492 1987 καὶ
1512 1961 1603 1996 ἡμεῖς,
1624 1961 1661 1992 ὡς
1686 1960 1789 1987 οἴεσθαι
1810 1961 1875 1996 μεθ-

1087 2006 1165 2033 εκτὸν
1178 2007 1206 2033 ὲν
1215 2006 1254 2042 τῷ
1266 2006 1338 2034 κατὰ
1351 2006 1431 2041 φύσιν
1442 2007 1499 2042 Υίῴ
1508 2007 1538 2033 τὸ
1551 2007 1663 2042 Πνεῦμα
1673 2007 1816 2042 ὑπάρχειν,
1830 2008 1876 2034 καὶ

1087 2053 1146 2089 οὔχὶ
1163 2054 1262 2088 μᾶλλον
1279 2053 1416 2085 οὑσιωδῶς
1428 2053 1591 2088 ἐκπεφυκὸς,
1609 2054 1704 2089 ὥσπερ
1717 2053 1763 2081 οὖν
1780 2054 1876 2089 ἀμέλει

1089 2100 1135 2126 καὶ
1148 2099 1221 2134 αὐτῷ
1237 2098 1276 2134 τῷ
1301 2099 1398 2134 Πατρί.
1416 2100 1522 2134 ’Ὠσπερ
1536 2099 1589 2135 γὰρ
1604 2100 1650 2126 τοῦ
1672 2099 1789 2134 Πατρδς,
1806 2100 1876 2127 οὕτω

1088 2145 1136 2172 καὶ
1158 2145 1204 2172 τοῦ
1222 2145 1286 2172 Υίοῦ
1302 2146 1358 2172 ἐστι
1377 2145 1408 2172 τὸ
1431 2145 1543 2180 Πνεῦμα
1563 2145 1593 2172 τὸ
1621 2145 1697 2179 ἅγιον
1711 2154 1718 2162 '
1740 2146 1812 2173 οὕτω
1831 2147 1876 2173 καὶ

1088 2190 1245 2225 ἀνέγνωμεν
1267 2191 1341 2226 παρὰ
1363 2192 1422 2223 ταῖς
1439 2191 1528 2223 θείαις
1539 2191 1680 2227 Γραφαῖς⁶
1709 2202 1718 2217 ι
1740 2192 1876 2224 Ἐλθόντες

1090 2236 1142 2271 γὰρ
1159 2236 1228 2263 κατά
1244 2236 1291 2271 τὴν
1312 2237 1429 2268 Μυσίαν,
1456 2237 1548 2272 φησιν,
1584 2237 1728 2272 ἐπείραζον
1758 2239 1798 2269 είς
1827 2239 1875 2273 τὴν

1090 2283 1214 2310 Βιθυνίαν
1231 2283 1376 2316 ἀπελθεῖν,
1403 2285 1448 2310 καὶ
1466 2284 1515 2310 οὐκ
1535 2285 1625 2311 εἴασεν
1647 2285 1745 2316 αὐτοὺς
1765 2285 1875 2320 Πνεῦμα

1096 2329 1192 2365 Ἰησοῦ,
1201 2340 1209 2355 ι
1227 2330 1257 2356 Εἰ
1266 2329 1294 2356 δέ
1305 2339 1343 2365 τῳ
1357 2330 1429 2355 δοκεῖ
1442 2329 1656 2365 φιλονεικότερον
1670 2332 1725 2362 τοῖς
1739 2331 1803 2366 περὶ
1815 2331 1874 2358 τού-

1088 2385 1141 2402 των
1157 2375 1313 2402 ὲνίστοισθαι
1327 2376 1425 2410 λόγοις,
1441 2377 1486 2402 καὶ
1501 2369 1711 2412 διισχυρίζεσθαι
1728 2377 1820 2407 πάλιν,
1836 2377 1875 2403 ὅτι

1089 2421 1160 2448 κατὰ
1188 2421 1295 2457 μέθεξιν
1318 2423 1345 2448 ὲν
1362 2421 1399 2457 τῷ
1423 2421 1480 2457 Tit-[2
1505 2422 1535 2448 τὸ
1557 2422 1670 2457 Πνεῦμα
1689 2423 1807 2458 ἑστιν,ἥ
1830 2423 1875 2449 καὶ

1088 2468 1148 2494 τότε
1165 2468 1277 2502 γέγονεν
1290 2469 1317 2494 ἐν
1333 2468 1416 2503 αὐτῷ,
1435 2468 1566 2504 πρὸτερον
1582 2469 1631 2495 οὐκ
1649 2469 1813 2503 ἐνυπάρχον,
1831 2469 1874 2495 ὅτε

1089 2515 1136 2541 καὶ
1154 2514 1314 2548 ἐϐαπτίσθη,
1326 2514 1395 2540 κατὰ
1405 2513 1450 2540 τὸν
1465 2515 1514 2549 τῆς
1528 2513 1758 2549 ὲνανθρωπὴσεως
1770 2513 1873 2549 χρόνον,

1089 2562 1178 2596 ὁράτω
1193 2561 1273 2587 πάλιν
1288 2561 1391 2595 ἡλίκοις
1406 2569 1435 2586 τε
1457 2560 1504 2586 καὶ
1521 2560 1591 2591 ὅσοις
1611 2562 1799 2594 περιπεσεῖται
1822 2561 1875 2590 τοῖς

1090 2607 1256 2642 ἀτοπήμασι.
1277 2607 1388 2641 Πρῶτον
1401 2606 1450 2641 μὲν
1465 2606 1529 2641 γὰρ,
1543 2606 1593 2632 οὐκ
1605 2606 1753 2640 ἐγηγέρθαι
1768 2607 1849 2641 φησιν
1861 2607 1874 2632 ό

1090 2655 1184 2690 Σωτὴρ
1195 2655 1224 2680 ἐν
1235 2655 1370 2688 γεννητοῖς
1380 2653 1514 2687 γυναικῶν
1531 2653 1653 2679 Ἰωάννου
1666 2652 1712 2678 τοῦ
1724 2652 1874 2679 Βατττιστοῦ

1090 2701 1134 2726 τὸν
1153 2701 1263 2736 μείζονα
1275 2706 1282 2714 ”
1308 2700 1355 2726 καὶ
1370 2699 1472 2734 ἀληθὴς
1487 2700 1500 2725 ὁ
1514 2699 1591 2733 λόγος
1604 2707 1610 2713 ·
1635 2698 1693 2725 ἀλλ’
1709 2699 1818 2734 ὁρῶμεν
1832 2699 1875 2724 τὸν

1090 2747 1130 2778 εἰς
1149 2747 1286 2781 ἀκρότητα
1304 2745 1381 2780 δόξης
1401 2754 1429 2771 τε
1446 2746 1492 2771 καὶ
1506 2745 1605 2780 ἀρετῆς
1621 2745 1810 2780 ἁναϐεὒηκότα
1829 2744 1874 2779 τῆς

1090 2794 1119 2819 ὲν
1133 2793 1208 2827 ἡμῖν,
1231 2791 1406 2827 ἁσυγκρίτοις
1426 2791 1573 2827 ὑπεροχαῖς
1594 2790 1716 2826 τιμῶντα
1738 2791 1872 2826 Χριστόν·

1134 2883 1227 2910 uAct.
1246 2890 1301 2915 xu,
1315 2882 1340 2909 7.

1379 2881 1503 2909 l“Matth.
1519 2889 1556 2914 χι,
1576 2880 1618 2908 Η.
1654 2880 1675 2896 ⁸⁸
1694 2880 1773 2908 Joan.
1796 2889 1815 2914 ι,
1830 2879 1872 2907 27.
