2028 3118
136 215 186 242 ⁵209

639 216 670 243 ΙΝ
691 217 832 245 JOANNIS
852 215 1075 244 EVANGELIUM
1097 216 1158 243 LIB.
1180 216 1211 244 il.

1703 219 1756 247 ΞΗ)

138 281 148 298 ι
166 273 221 298 Οὐκ
249 272 308 308 εἰμὶ
333 272 396 308 γὰρ,
423 273 514 308 φησὶν,
544 273 643 307 ἱκανὸς,
666 273 709 300 ἴνα
729 274 818 309 κύψας
849 274 939 302 λύσω,

993 273 1086 300 rodere
1096 272 1229 300 Joannem
1245 272 1279 299 ab
1293 276 1370 300 utero
1385 273 1481 302 matris
1493 281 1550 301 sum
1565 274 1668 309 Spiritu
1679 275 1757 310 125

138 320 183 345 τὸν
198 318 296 352 ἱμάντα
312 318 366 345 τῶν
381 318 561 353 ὑποδημάτων
576 318 667 346 αὐτοῦ.
687 329 696 346 ι
722 319 786 347 Εἱτα
801 320 859 352 πῶς
874 321 924 347 οὐκ

139 365 248 396 ἄτοπον,
265 363 365 398 μᾶλλον
385 364 414 390 δὲ
427 364 476 399 ἤδη
491 364 538 390 καὶ
556 365 665 397 ἀσεϐὲς,
685 366 811 401 Ἰωάννην
827 366 875 401 μὲν
894 367 925 392 ἐκ

141 410 243 440 κοιλίας
257 409 297 435 ἔτι
312 409 414 445 μητρὸς
432 409 523 442 αὑτοῦ,
542 409 699 445 ῐΙνεύματος
718 411 925 446 ἀναπεπλῆσθαι

141 456 188 482 τοῦ
210 455 288 490 ἁγίου
316 455 463 487 πιστεύειν,
488 456 532 482 διὰ
556 456 586 484 τὸ
605 456 676 483 οὕτω
688 457 841 493 γεγράφθαι
863 458 927 493 περὶ

143 500 225 527 αὑτοῦ
237 509 243 514 ·
268 500 314 527 τὸν
327 500 356 526 δὲ
370 501 476 532 τούτου,
495 501 594 536 μᾶλλον
609 501 637 528 δὲ
651 502 778 528 ἁπάντων
789 503 927 537 Δεσπότην

144 546 191 573 καὶ
207 545 309 581 Κύριον
323 546 384 572 τότε
399 546 507 581 πρῶτον
522 547 625 574 οἴεσθαι
642 547 672 574 τὸ
696 548 807 583 Πνεῦμα
824 548 926 581 λαϐεῖν,

143 591 188 618 ὅτε
209 592 255 618 καὶ
278 591 449 624 ὲϐαπτίζετο,
473 592 559 618 καίτοι
580 592 627 619 τοῦ
644 593 720 627 ἁγίου
738 593 861 628 λέγοντος
877 595 929 621 Γα-

144 637 225 672 δριὴλ
246 637 319 675 πρὸς
336 637 385 672 τὴν
407 637 486 672 ἁγίαν
508 638 645 673 Παρθένον
658 647 665 654 ⁸
695 649 704 665 ι
717 639 828 675 Πνεῦμα
853 641 929 674 ἅγιον

144 683 319 709 ἐπελεύσεται
333 684 379 709 ἐπὶ
395 683 434 715 σὲ,
449 684 494 710 καὶ
504 684 616 719 δύναμις
636 685 761 720 Ὑψίστου
775 687 929 714 ἐπισκιάσει

145 738 188 755 σοι
197 737 206 745 ο
229 728 268 755 διὸ
284 729 331 754 καὶ
342 728 372 755 τὸ
384 728 552 764 γεννώμενον
565 730 596 756 ὲκ
611 730 658 756 σοῦ
669 729 755 764 ἅγιον,
765 731 929 766 κληθήσεται

116 790 120 798 .
146 774 210 804 Υἱὸς
224 773 302 800 Θεοῦ.
318 783 326 798 ι
346 774 400 800 Καὶ
412 773 502 808 ὁράτω
514 782 558 809 μοι
575 774 654 801 πάλιν
666 775 680 800 6
693 774 854 810 φιλομαθὴς,
865 775 930 810 ὅσην

145 820 159 845 6
172 819 251 852 λόγος
267 818 356 845 ὼδίνει
372 819 423 854 τὴν
440 819 552 846 ἔννοιαν.
568 820 636 855 Περὶ
654 820 703 855 μὲν
723 821 777 856 γὰρ
807 821 930 848 Ἰωάννου

146 865 240 899 φησὶν,
255 864 296 890 ὅτι
312 864 468 899 Πνεύματος
478 864 556 898 ἁγίου
570 865 754 900 πλησθήσεται
768 862 775 880 ί
793 866 866 893 δοτὸν
877 866 930 901 γὰρ

146 908 179 945 ἦν
191 911 219 936 ὲν
234 909 317 945 αὐτῷ,
333 910 381 937 καὶ
393 910 442 936 οὐκ
456 910 583 942 οὐσιῶδες
596 911 626 938 τὸ
639 911 715 945 ἂγιον
728 912 849 947 Πνεῦμα.
864 913 932 949 Περὶ

147 956 176 982 δὲ
187 956 233 982 τοῦ
247 956 380 991 Σωτῆρος,
390 955 482 982 οὐκέτι
495 956 534 988 τὺ,
546 956 739 992 πλησθήσεται,
749 957 831 991 λέγει’
843 958 932 990 καλῶς

147 1010 181 1036 γε
199 1001 300 1037 σσόδρα
312 1001 390 1034 νοῶν,
404 1001 460 1028 ἀλλ’
475 1002 514 1028 ὅτι
535 1002 565 1028 τὸ
581 1002 750 1037 γεννώμενον
766 1003 854 1038 ἅγιον,
874 1004 932 1031 οὐδὲ

147 1047 179 1074 τὸ
190 1047 265 1074 ἔσται
279 1047 487 1082 προστεθεικώς·
505 1045 538 1083 ἦν
555 1047 609 1083 γὰρ
624 1049 666 1075 ἀεὶ
679 1049 756 1075 τοῦτο
770 1050 840 1076 κατὰ
853 1050 933 1084 φύσιν

148 1092 186 1124 ὡς
202 1092 278 1123 Θεὸς.
307 1092 415 1127 Ἐπειδὴ
438 1093 467 1119 δὲ
490 1091 566 1128 οἶμαι
594 1095 742 1130 προσήκειν
767 1095 933 1130 πανταχόθεν

149 1138 223 1172 ἡμᾶς
233 1137 367 1172 θηρᾶσθαι
382 1138 412 1164 τὸ
428 1138 559 1172 ὠφελοῦν,
575 1139 788 1174 παρενεχθείσης
802 1139 874 1171 ἅπαξ
886 1140 934 1175 τῆς

149 1183 196 1210 τοῦ
213 1184 383 1218 ἀρχαγγέλου
409 1185 510 1219 φωνῆς,
534 1184 602 1220 φέρε
624 1184 670 1211 καὶ
694 1185 735 1216 είς
757 1185 838 1212 αὑτὸν
857 1185 935 1220 ὀλίγα

150 1229 344 1264 γυμνάσωμεν.
370 1239 379 1255 ι
395 1229 517 1265 Πνεῦμα,
542 1230 634 1265 φησὶν,
663 1230 739 1264 ἅγιον
760 1231 935 1258 ἐπελεύσεται

151 1275 197 1301 ἐπὶ
213 1275 252 1306 σὲ,
269 1275 316 1302 καὶ
331 1274 443 1310 δύναμις
460 1275 586 1310 Ὑψίστου
604 1277 757 1303 ἐπισκιάσει
774 1285 825 1302 σοι·
838 1277 878 1303 διὺ
890 1277 935 1304 καὶ

151 1321 182 1347 τὸ
193 1320 360 1356 γεννώμενον
375 1322 407 1347 ὲκ
423 1321 470 1348 σοῦ
486 1321 572 1356 ἅγιον,
587 1322 750 1357 κληθήσεται
761 1322 824 1354 Υἱὸς
838 1323 933 1350 Θεοῦ.)

152 1366 262 1400 Δεγέτω
273 1366 362 1392 τοίνυν
373 1367 438 1401 ἡμῖν
452 1367 466 1392 6
482 1366 514 1393 ἐκ
529 1366 628 1401 πολλῆς
645 1367 764 1402 ἀμαθίας
776 1369 832 1399 τοῖς
848 1367 937 1403 ὀρθοῖς

152 1412 201 1447 τῆς
225 1411 386 1447 Ἐκκλησίας
402 1412 556 1440 ἀντιτείνων
574 1413 708 1447 δόγμασι,
737 1413 850 1449 πότερόν
873 1423 938 1440 ποτε

154 1458 201 1484 καὶ
223 1458 275 1492 πρὸ
292 1459 340 1493 τῆς
362 1458 592 1494 ἐνανθρωπήσεως
609 1459 673 1490 Υἱὸς
689 1457 722 1494 ἧν
744 1460 758 1485 6
782 1460 867 1493 Λόγος
891 1461 937 1487 τοῦ

155 1503 221 1530 Θεοῦ
234 1504 280 1530 καὶ
298 1504 413 1539 Πατρὸς,
427 1505 443 1539 ἦ
460 1505 488 1531 ὲν
504 1505 593 1540 μόνοις
606 1506 661 1535 τοῖς
675 1505 803 1539 ὀνόμασιν
820 1505 875 1540 ετχε
890 1505 939 1541 τὴν

155 1549 242 1582 δόξαν,
258 1549 334 1581 νόθος
346 1549 373 1576 δὲ
386 1547 429 1585 ἦν,
441 1551 488 1577 καὶ
503 1550 686 1585 ψευδώνυμος.
699 1551 730 1577 Et
745 1551 793 1586 μὲν
807 1551 862 1586 γὰρ
873 1551 941 1584 ὅλως

156 1595 204 1621 οὐκ
219 1593 289 1622 εἶναί
303 1604 386 1630 φησιν
402 1596 475 1628 Υίὸν,
499 1596 645 1631 ἀρνήσεται
657 1596 702 1622 τὸν
717 1596 827 1632 Πατέρα
840 1604 846 1611 ·
868 1597 940 1628 τίνος

157 1642 208 1677 γὰρ
224 1641 300 1668 ἔσται
324 1642 429 1678 Πατὴρ,
454 1643 505 1669 οὐκ
531 1642 606 1674 ὄντος
630 1642 718 1674 Υἰοῦ;
750 1643 882 1678 Φρονήσει
908 1643 938 1669 δὲ

158 1687 276 1720 ἁπάσαις
292 1688 325 1714 τὰ
338 1688 446 1714 ἐναντία
462 1689 521 1719 ταῖς
534 1688 618 1720 θείαις
636 1689 767 1725 Γραφαῖς.
793 1689 824 1715 Ei
838 1689 866 1716 δὲ
878 1689 942 1716 Υίδν

158 1733 284 1769 ὁμολογεῖ
296 1734 344 1760 καὶ
358 1733 413 1769 πρὸ
427 1734 475 1769 τῆς
493 1734 723 1769 ὲνανθρωπήσεως
738 1735 783 1761 τὸν
796 1735 860 1761 Υἱδν
873 1733 942 1762 εἷναί

158 1788 186 1806 τε
204 1780 251 1806 καὶ
271 1780 407 1814 λέγεσθαι,
428 1780 487 1811 πῶς
507 1781 571 1815 ἡμῖν
590 1781 604 1806 6
621 1779 788 1815 ἀρχάγγελος
801 1780 830 1806 τὺ
847 1780 943 1815 τεχθή-

159 1825 252 1852 σεσθαι
274 1825 369 1859 μέλλον
383 1825 426 1852 διὰ
441 1825 490 1860 τῆς
505 1825 585 1859 ἁγίας
601 1825 750 1860 Παρθένου,
761 1825 943 1861 κληθήσεσθαί

159 1880 240 1907 φησιν
256 1871 318 1898 Υίὸν
333 1871 412 1904 Θεοῦ,
428 1871 516 1898 καίτοι
532 1871 609 1898 τοῦτο
624 1871 670 1898 καὶ
683 1871 766 1898 πάλαι
781 1870 851 1898 κατὰ
864 1871 944 1906 φύσιν

160 1918 337 1953 ὑπάρχοντα;
357 1917 462 1952 Ὥσπερ
477 1914 524 1943 οὖν
546 1916 638 1948 ἁῐδίως
655 1915 782 1951 ὑπάρχων
799 1916 870 1951 μετὰ
889 1916 945 1942 [Im

160 1964 221 1999 τρὸς
232 1965 247 1991 6
261 1964 336 1998 Υίὺς,
350 1964 388 1995 ὡς
403 1963 489 2000 ἀρχὴν
501 1963 569 1999 ἔχων
581 1963 629 1990 τοῦ
646 1960 726 1994 εἶναι,
744 1963 814 1990 κατὰ
834 1963 880 1990 τὸν
896 1963 945 1998 τῆς

161 2009 326 2046 σσρκώσεως
349 2009 443 2046 χρόνον
467 2009 531 2041 Υἱὸς
547 2009 667 2046 ὁρίζεται
683 2009 767 2042 Θεοῦ,
792 2009 835 2036 διὰ
852 2009 881 2035 τὸ
898 2017 946 2035 πε-

161 2057 273 2092 φηνέναι
289 2055 358 2091 μετὰ
375 2055 500 2091 σώματος
515 2057 555 2087 είς
571 2055 616 2082 τὸν
631 2056 732 2090 κόσμον
745 2063 752 2070 ο
776 2054 862 2086 οὕτως
877 2053 946 2089 ἔχων

161 2100 296 2132 οὺσιωδῶς
313 2101 346 2135 ἐν
368 2100 455 2135 ἑαυτῷ
469 2099 500 2127 τὸ
515 2099 578 2126 ἴδιον
595 2099 724 2135 Πνεῦμα,
742 2099 890 2134 λαμϐάνειν
909 2098 946 2130 ὠς

161 2146 304 2182 ἄνθρωπος
313 2132 447 2180 ἷέγεται,
468 2145 606 2178 διασώζων
628 2132 874 2181 τῇἰὰνθρωπότητι
899 2145 948 2180 τὴν

162 2193 229 2228 αὐτῇ
244 2193 402 2228 πρέπουσαν
423 2191 509 2224 τάξιν,
530 2191 577 2218 καὶ
598 2192 646 2218 σὺν
664 2192 732 2227 αὐτῇ
746 2191 780 2218 τὰ
794 2192 862 2227 αὐτῇ
878 2191 948 2227 πρέ-

163 2248 247 2267 ποντα
266 2239 300 2266 δι’
319 2239 392 2274 ἡμᾶς
414 2237 616 2273 οἰκειούμενος·
641 2237 699 2268 πῶς
713 2237 734 2264 δ’
754 2237 786 2264 ἂν
809 2238 855 2264 καὶ.
870 2237 948 2269 ὅλως,

947 944 968 971 Β

955 1614 978 1646 C

975 321 1072 344 sancto
1090 317 1235 352 repletum,
1253 322 1396 351 propterea
1412 318 1484 352 quod
1509 319 1545 345 ita
1564 320 1697 354 scriptum
1715 324 1758 346 est

975 364 1008 391 de
1023 363 1102 398 ipso;
1124 363 1206 398 hujus
1225 370 1300 395 vero,
1319 363 1373 389 imo
1394 364 1584 391 universorum
1606 366 1696 400 potius
1709 365 1758 392 Do—

976 409 1092 440 minum,
1109 409 1269 436 existimare
1286 412 1351 435 tunc
1366 409 1484 443 primum
1504 411 1643 444 accepisse
1670 410 1758 446 Spiri-

977 459 1045 487 tum,
1062 462 1123 482 cum
1140 455 1297 489 baptizatus
1317 458 1372 486 est,
1391 454 1454 481 licet
1469 461 1581 482 sanctus
1602 455 1710 484 Gabriel
1725 457 1759 483 ad

977 506 1104 528 sanetam
1119 501 1258 537 Virginem
1276 501 1348 528 dicat
1363 510 1368 527 :
1381 509 1390 526 ‹
1406 500 1525 535 Spiritus
1544 505 1658 529 sanctus
1669 510 1760 536 supcr-

977 548 1069 576 veniet
1089 548 1117 575 in
1134 552 1170 580 te,
1185 552 1212 576 et
1229 547 1317 576 virtus
1343 547 1476 574 Altissimi
1499 546 1675 574 ohumbrabtt
1693 548 1759 575 tibi:

978 594 1095 629 ideoque
1114 598 1140 621 (-t
1157 593 1230 629 quod
1257 597 1386 620 nascetur
1400 600 1432 619 ex
1455 596 1481 619 te
1497 596 1634 624 sanctum,
1651 592 1761 619 vocabi-

979 645 1024 666 tur
1036 640 1122 669 Filius
1138 640 1184 666 Del
1198 640 1231 667 ⁸⁵.
1250 649 1258 665 ι
1273 638 1393 672 Quorum
1405 638 1550 666 verborum
1570 645 1681 666 sensum
1692 638 1763 672 quis-

979 686 1042 721 quis
1059 690 1104 713 est
1128 685 1251 713 discendi
1278 684 1396 720 cupidus
1423 685 1584 719 perpendat.
1607 683 1643 710 De
1660 683 1764 711 Joanne

980 732 1054 759 enim
1070 731 1175 767 Spiritu
1190 734 1286 758 sancto
1296 730 1428 765 repletum
1443 730 1475 757 iri
1490 730 1542 757 ait:
1556 730 1582 757 iu
1592 730 1652 765 ipso
1664 729 1764 765 quippe

981 783 1039 806 erat
1061 786 1092 805 ex
1117 785 1241 810 munere,
1263 785 1315 804 non
1331 776 1552 804 substantialitcr
1575 780 1688 804 sanctus
1710 775 1766 810 Spi—

982 824 1064 851 ritus.
1088 823 1126 851 De
1151 823 1294 850 Salvatore
1314 830 1390 854 vero,
1411 830 1467 849 non
1489 821 1544 856 jam
1572 821 1706 856 repletum
1733 820 1767 846 iri

982 870 1048 898 dicit
1066 878 1072 896 :
1089 869 1219 904 praeclare
1230 876 1316 901 sane;
1336 868 1382 896 sed
1396 868 1470 903 quod
1487 872 1626 898 nascetur,
1642 870 1767 894 sanctuzn

982 922 1061 948 esse;
1090 923 1180 950 neque
1206 915 1264 942 fore
1287 913 1392 941 addidit
1411 922 1418 941 :
1437 917 1549 941 sanctus
1573 912 1645 940 enim
1670 915 1768 938 natura

983 969 1092 996 semper
1107 961 1170 993 fuit,
1189 968 1242 996 qua
1257 960 1340 988 Deus.
1361 959 1460 987 Verum
1481 958 1610 994 quoniam
1625 957 1702 985 decet
1719 965 1768 984 nos

983 1007 1104 1042 undique
1123 1007 1215 1035 venari
1233 1007 1306 1042 quod
1328 1007 1356 1033 in
1372 1013 1427 1033 rem
1453 1006 1498 1038 sit,
1518 1004 1668 1040 propositis
1685 1004 1767 1030 seuth

984 1053 1072 1088 angeli
1084 1052 1184 1086 verbis,
1195 1052 1310 1088 agedum
1324 1060 1354 1080 ea
1367 1051 1461 1086 paucis
1476 1049 1671 1085 expendamus.
1685 1058 1693 1074 ι
1706 1048 1768 1084 Spi-

985 1098 1067 1130 ritus,
1094 1097 1200 1132 inquit,
1226 1096 1354 1124 sanctus"
1365 1095 1540 1131 superveniet
1557 1095 1583 1122 in
1607 1098 1643 1127 te,
1660 1098 1687 1122 et
1714 1094 1770 1121 vir-

985 1147 1029 1170 tus
1052 1142 1190 1170 Altissimi
1203 1141 1376 1170 obunibrabit
1397 1141 1455 1169 tibi.
1471 1140 1590 1175 idecque
1607 1139 1678 1175 quod
1695 1146 1728 1167 ex
1745 1143 1771 1166 te

986 1190 1114 1214 nascetur
1140 1191 1277 1218 sanctum,
1307 1185 1450 1213 vocabitur
1479 1184 1564 1212 Filius
1585 1183 1642 1212 Dei.
1665 1193 1674 1210 ι
1693 1183 1772 1210 Dicat

986 1241 1052 1268 ergo
1073 1233 1163 1265 nobis,
1179 1232 1226 1267 qui
1243 1239 1299 1267 prae
1309 1232 1395 1261 multa
1413 1230 1522 1258 inscitia
1542 1230 1625 1258 rectis
1642 1228 1773 1257 Ecclesiae

987 1277 1124 1312 dogmatis
1144 1277 1318 1308 adversatur,
1340 1280 1433 1303 utrum
1454 1275 1536 1303 etiam
1559 1279 1622 1302 ante
1643 1275 1772 1302 incarna—

988 1325 1090 1350 tionem
1107 1321 1196 1350 Filius
1213 1326 1287 1350 esset
1296 1321 1420 1354 Verbum
1435 1320 1483 1348 Dei
1495 1328 1529 1348 ac
1541 1320 1641 1354 Patris,
1657 1323 1704 1347 aut
1714 1320 1772 1347 solo

988 1368 1098 1396 nomine
1122 1372 1202 1395 tenus
1223 1367 1338 1403 gloriam
1362 1366 1438 1393 illam
1464 1366 1587 1399 haberet,
1604 1373 1636 1393 ac
1662 1365 1773 1401 spurius

989 1418 1073 1446 esset,
1094 1413 1220 1448 falsoque
1246 1412 1334 1439 Filius
1351 1416 1540 1447 nuncupatus.
1560 1411 1589 1438 Si
1604 1411 1676 1439 enim
1691 1411 1773 1446 plane

990 1459 1088 1487 Filium
1111 1467 1173 1487 esse
1196 1463 1289 1494 negat,
1307 1458 1416 1485 Patrem
1431 1457 1542 1492 negabit
1559 1467 1565 1486 :
1583 1457 1676 1493 (cujus
1701 1449 1774 1483 enim

990 1506 1070 1534 Pater
1087 1506 1149 1538 erit,
1165 1505 1255 1533 sinon
1271 1505 1307 1532 sit
1321 1503 1440 1539 Filius?)
1458 1507 1485 1531 et
1502 1502 1663 1531 sententiam
1682 1501 1775 1529 ali'eret

992 1551 1099 1579 cunctis
1116 1551 1217 1578 divinis
1238 1549 1390 1585 Scripturis
1411 1549 1590 1576 contrariam.
1606 1547 1661 1580 ,δίη
1685 1551 1775 1574 autem

993 1597 1094 1625 Filium
1120 1597 1203 1625 etiam
1223 1601 1286 1624 ante
1311 1595 1528 1623 incarnationem
1552 1595 1652 1622 fatetur
1675 1593 1775 1620 Filium

993 1650 1054 1670 esse
1074 1650 1105 1669 ac
1121 1641 1186 1674 dici,
1210 1641 1348 1676 quomodo
1368 1640 1446 1667 nobis
1462 1639 1646 1674 archangelus
1662 1637 1689 1665 id
1704 1637 1777 1672 quod

992 1696 1040 1723 per
1057 1687 1198 1723 Virginem
1226 1685 1300 1713 nasci
1324 1685 1440 1713 debebat
1460 1683 1559 1712 Filium
1583 1683 1629 1710 Dei
1652 1687 1776 1710 vocatum

993 1734 1025 1762 iri
1042 1734 1090 1767 ait,
1107 1732 1235 1769 quamvis
1251 1732 1278 1759 id
1295 1732 1377 1759 etiam
1399 1731 1464 1757 olim
1478 1729 1630 1757 secundum
1650 1732 1777 1756 naturam

993 1779 1158 1808 exsisteret?
1173 1777 1409 1812 Quemadmodum
1427 1776 1511 1812 igitur
1531 1776 1565 1802 ab
1582 1779 1686 1802 :eterno
1703 1775 1777 1802 exsi-

994 1831 1071 1854 stens
1092 1832 1155 1853 cum
1177 1825 1258 1851 Patre
1274 1823 1372 1856 Filius,
1387 1826 1417 1848 ut
1439 1820 1591 1849 exsistendi
1612 1820 1778 1855 principium

995 1872 1100 1900 habens
1116 1870 1316 1898 incarnationis
1333 1874 1454 1904 tempore
1467 1867 1553 1895 Filius
1571 1866 1617 1893 Dei
1635 1866 1777 1896 statuitur.

995 1922 1140 1953 propterea
1161 1916 1235 1951 quod
1248 1923 1312 1942 cum
1327 1914 1483 1949 corporein
1502 1913 1554 1939 hoc
1574 1911 1677 1938 mundo
1694 1919 1779 1946 appa-

995 1965 1070 1992 ruit:
1089 1963 1125 1989 ita
1152 1962 1216 1989 licet
1241 1959 1374 1994 Spiritum
1398 1965 1478 1985 suum
1502 1957 1601 1984 habeat
1625 1957 1653 1983 in
1677 1956 1778 1990 seipso.

996 2018 1059 2038 eum
1075 2012 1166 2036 tamen
1188 2007 1313 2041 accipere
1325 2004 1438 2036 dicitur,
1452 2007 1481 2030 ut
1502 2003 1594 2035 homo,
1612 2001 1779 2033 conveniet.-

996 2061 1051 2084 tem
1070 2054 1185 2092 gradum
1200 2059 1313 2080 servans
1334 2049 1510 2081 humanitati,
1524 2052 1551 2075 et
1567 2055 1619 2075 una
1633 2054 1695 2074 cum
1721 2047 1780 2081 ipsa

997 2109 1058 2136 quae
1070 2100 1094 2127 ei
1107 2098 1275 2127 conveniunt
1289 2099 1401 2131 propter
1417 2102 1467 2122 nos
1481 2094 1532 2121 sibi
1544 2093 1695 2121 asciscens.
1709 2092 1782 2124 Quo-

998 2134 1081 2174 modo
1098 2152 1174 2177 vero,
1193 2149 1288 2178 quaeso
1306 2144 1343 2173 te,
1361 2140 1463 2174 absque
1473 2137 1584 2174 proprio
1597 2136 1700 2171 Spiritu
1716 2134 1783 2162 Ver-

999 2193 1065 2220 bum
1085 2185 1414 2225 intolligetur?Nunquid
1434 2185 1506 2212 enim
1538 2183 1687 2211 absurdum
1710 2185 1782 2209 esset

999 2238 1093 2265 dicere
1107 2235 1226 2263 hominis
1238 2233 1366 2268 spiritum
1380 2232 1414 2258 ab
1427 2230 1537 2257 homine
1551 2232 1708 2263 separatum
1722 2234 1784 2254 esse

164 2285 225 2321 δίχα
247 2285 313 2312 ποτὲ
330 2272 378 2311 τοῦ
395 2284 460 2311 ἰδίου
477 2283 632 2319 Πνίύματος
654 2284 668 2309 6
683 2283 767 2318 Λόγος
786 2284 887 2316 νοοῖτο;
913 2284 939 2310 ’ἑ

1001 2283 1108 2311 ratione
1134 2286 1250 2312 natura),
1269 2284 1297 2306 et
1320 2278 1427 2312 integra
1460 2275 1629 2311 perfectione
1655 2272 1784 2300 animalis

164 2332 218 2367 γὰρ
241 2331 291 2357 οὐκ
320 2331 419 2358 ἄτοπον
446 2328 590 2364 ἀνθρώπου
617 2329 782 2364 κεχωρίσθαι
807 2328 895 2363 λέγειν
918 2329 949 2355 τὺ

166 2377 275 2412 πνεῦμα
288 2376 318 2402 τὸ
333 2376 362 2402 ἐν
378 2374 462 2410 αὐτῷ,
487 2375 557 2401 κατὰ
577 2382 607 2400 τε
629 2374 674 2400 τὸν
689 2374 738 2408 τῆς
754 2373 859 2408 φύσεως
875 2373 948 2409 ὅρον,

167 2424 213 2450 καὶ
227 2423 266 2454 εἰς
280 2421 425 2457 ὀλόκληρον
438 2420 484 2447 τοῦ
504 2419 574 2451 ζώου
596 2419 641 2446 τὸν
664 2419 852 2454 ἀπαρτισμόν;
880 2419 949 2446 Ἀλλ’

167 2468 242 2504 οἶμαι
257 2469 340 2495 πᾶσιν
362 2467 494 2502 ὑπάρχειν
518 2467 597 2493 τοῦτο
614 2465 860 2499 καταφανέστατον.
883 2466 950 2493 Τίνα

167 2514 198 2550 δὴ
209 2511 255 2540 οὖν
268 2514 368 2549 τρόπον
384 2512 589 2548 ἀπομεριοῦμεν
602 2512 632 2539 τδ
646 2511 756 2547 Πνεῦμα
769 2511 816 2538 τοῦ
835 2511 909 2544 Υἰοῦ,
921 2512 952 2539 τὸ

168 2560 253 2591 οὕτως
266 2558 432 2594 ἐμπεφυκὸς,
446 2559 493 2585 καὶ
508 2558 643 2590 οὖσιωδῶς
657 2558 805 2593 ἡνωμένον,
821 2558 854 2584 δι’
870 2558 952 2585 αὐτοῦ

168 2614 198 2632 τε
219 2604 387 2640 προκύπτον,
408 2604 457 2631 καὶ
482 2604 603 2639 ὑπάρχον
630 2604 658 2630 ἐν
674 2602 747 2638 αὐτῷ
769 2604 899 2637 φυσικῶς,
916 2604 954 2636 ὡς

172 2652 252 2687 μηδὲν
265 2651 359 2686 ἕτερον
374 2648 444 2677 εἶναι
460 2650 615 2685 νομίζεσθαι
629 2650 692 2684 παρ’
709 2649 799 2682 αὐτὸν,
811 2650 854 2677 διά
866 2659 896 2677 τε
905 2651 955 2686 τὴν

170 2699 218 2733 τῆς
239 2697 378 2732 ἐνεργείας
403 2697 564 2731 ταυτότητα,
589 2697 636 2722 καὶ
659 2695 723 2722 αὐτὸ
736 2695 767 2722 τὸ
786 2695 835 2731 τῆς
849 2695 955 2730 φύσεως

172 2743 390 2779 ἁπαράλλακτον;
413 2743 511 2769 Ἄκουε
536 2741 568 2776 δὴ
588 2742 614 2768 τί
640 2750 721 2777 φησιν
741 2742 755 2768 ὁ
773 2741 865 2778 Σωτὴρ
890 2743 956 2778 πρὶς

171 2789 232 2820 τοὺς
248 2787 347 2815 ἑαυτοῦ
364 2787 486 2823 μαθητάς
500 2795 507 2802 ·
528 2796 538 2813 ι
548 2787 610 2814 Ἐὰν
623 2786 748 2820 ἀγαπᾶτέ
762 2795 806 2822 με,
820 2786 868 2818 τὰς
885 2788 957 2814 ὲντο-

174 2835 218 2866 Ai;
242 2843 291 2870 μου
314 2834 470 2869 τηρήσητε,
484 2833 561 2867 κάγὼ
579 2833 710 2868 ἐρωτήσω
729 2833 774 2859 τὸν
783 2833 901 2869 Πατέρα,
913 2834 958 2861 καὶ

209 2923 231 2938 ⁸¹¹
247 2922 315 2952 Luc.
335 2932 354 2956 ι,
370 2923 414 2951 53.
453 2923 475 2938 ³⁸
489 2922 568 2950 Joan.
590 2930 644 2955 ειν,
667 2921 708 2954 15,
729 2921 773 2950 16.

1001 2329 1127 2359 servata?
1142 2328 1221 2355 Patet
1236 2327 1273 2358 id,
1289 2325 1397 2361 opinor,
1409 2323 1509 2350 cuivis.
1524 2322 1583 2355 Quo
1601 2324 1682 2355 pacto
1704 2319 1786 2354 igitur

1004 2375 1197 2411 separahimus
1223 2372 1356 2407 Spiritum
1380 2378 1394 2396 a
1421 2368 1501 2400 Filio,
1521 2367 1561 2395 sie
1578 2367 1701 2393 innatum
1720 2364 1744 2391 ci
1759 2369 1786 2390 et

1004 2408 1224 2449 substantialitcr
1251 2416 1375 2446 unitum,
1402 2413 1481 2448 126
1500 2411 1601 2447 quique
1627 2416 1675 2445 per
1696 2408 1785 2442 ipsum

1004 2466 1105 2502 prodit,
1124 2469 1150 2492 et
1168 2464 1194 2491 in
1219 2463 1279 2497 ipso
1300 2459 1462 2488 naturaliter
1479 2457 1598 2487 exsistit,
1614 2456 1651 2482 ita
1670 2459 1698 2481 ut
1719 2453 1788 2480 nihil

1005 2498 1078 2539 aliud
1102 2518 1163 2539 esse
1188 2513 1300 2545 putetur
1326 2508 1359 2534 ab
1384 2507 1454 2541 ipso,
1483 2507 1594 2538 propter
1619 2498 1788 2535 operationis

1005 2544 1232 2587 identitatennct
1252 2555 1339 2589 ipsam
1357 2544 1542 2579 omnimodam
1563 2551 1668 2574 natura:
1689 2545 1802 2576 simili-_

1006 2603 1141 2630 tudinem.
1169 2600 1238 2627 Audi
1262 2605 1329 2634 ergo
1359 2596 1488 2630 quidnam
1515 2593 1641 2620 Salvator
1661 2591 1695 2617 ad
1722 2597 1788 2617 suos

1007 2648 1158 2684 discipulos
1175 2647 1248 2673 dicat
1265 2653 1290 2672 ε(
1308 2644 1336 2670 Si
1354 2641 1468 2676 diligitis
1493 2647 1548 2670 me,
1576 2637 1705 2664 mandata
1730 2644 1789 2684 utea

1010 2679 1116 2722 servate
1134 2702 1140 2720 :
1157 2696 1183 2719 et
1197 2698 1247 2725 ego
1261 2688 1363 2724 rogabo
1383 2686 1505 2716 Patrem,
1522 2686 1549 2710 et
1564 2682 1647 2709 alium
1664 2679 1790 2707 Paraeto-

1011 2746 1067 2769 lum
1083 2739 1159 2768 dabit
1171 2737 1258 2768 vobis,
1276 2734 1406 2770 Spiritum
1422 2731 1554 2762 veritatis,
1574 2736 1654 2764 quem
1673 2725 1790 2754 mundus

1009 2795 1064 2815 non
1078 2789 1167 2822 potest
1187 2782 1345 2819 caperc‘m
1363 2779 1433 2809 Ecce
1455 2781 1547 2813 aperte
1570 2774 1703 2810 Spiritum
1721 2770 1791 2798 veri-

1012 2819 1170 2861 tatis—vocat
1186 2834 1310 2859 sanctum
1325 2826 1467 2863 Spiritum.
1485 2822 1562 2856 Quod
1581 2825 1670 2848 autem
1687 2819 1744 2845 ins.‘
1760 2823 1790 2841 πε
