2028 3118
226 228 277 256 ﬁll

722 228 750 255 S.
771 228 908 256 CYRlLLI
922 226 1157 256 ALEXANDRINI
1172 228 1333 256 ARCIIIEP.

1796 227 1852 256 2i?-

228 295 282 316 non
296 287 365 314 alius
378 286 411 313 ab
426 286 486 321 ipso
500 287 656 320 sitvcritas,
668 286 731 314 audi
744 294 841 315 rursus
856 287 1010 314 dicentem:

1069 286 1142 313 ἥλλον
1157 287 1334 322 Παράκλητον
1346 286 1426 314 δώσει
1445 287 1518 322 ὑμῖν,
1533 287 1563 313 τὺ
1584 285 1696 322 Πνεῦμα
1713 287 1762 321 τῆς
1785 287 1855 321 ἁλη-

229 343 239 359 ‹
259 332 314 369 Εεο
329 340 388 360 sum
407 332 509 360 veritas
521 332 554 360 ⁸⁷.
568 342 577 360 ι
596 333 663 361 Cum
681 341 746 368 ergo
761 333 863 361 veritas
872 333 908 360 sil
923 336 950 360 et
964 339 1012 359 vo-

227 384 305 406 cetur
330 383 428 407 natura
450 377 538 406 Filius
555 387 562 405 :
579 378 642 407 vide
667 382 797 413 quautam
828 378 927 405 habeat
949 384 1011 404 eum

229 426 288 462 ipso
305 424 424 460 Spiritus
439 425 585 452 unitatem.
605 425 650 451 Ait
668 425 741 452 enim
755 424 856 451 alicubi
872 424 905 451 de
921 423 1013 451 Salva-

229 476 287 499 tore
306 476 404 498 nostro
419 470 540 498 Joannes
557 470 710 506 discipulus
727 479 733 496 :
751 479 761 496 ‹
778 469 828 497 llic
844 473 888 497 est
903 469 950 504 qui
967 477 1013 495 ve-

229 518 269 544 nit
285 525 334 552 per
358 525 468 553 aquam,
482 520 509 544 et
528 517 705 551 sanguinem,
721 519 750 543 et
766 514 911 550 Spiritum,
932 514 1013 542 Jesus

228 563 375 590 tiliristus:
390 571 445 590 non
460 563 487 590 in
508 570 580 600 aqua
594 562 697 594 solum,
717 561 765 589 sed
777 561 804 588 in
820 568 892 596 aqua
905 564 933 588 et
948 567 1014 587 san-

229 607 328 647 guine;
347 611 374 634 et
394 607 515 646 Spiritas
532 607 633 642 estqui
655 610 785 640 testatur,
804 606 870 640 quia
885 605 1014 632 Christus

231 653 331 680 veritas
347 657 388 680 est
403 653 434 679 ⁸³.
452 663 461 679 ι
477 652 607 684 Proinde,
626 656 653 679 et
680 651 850 678 inhabitante
877 650 904 677 iu
934 650 1014 677 nobis

228 701 324 724 sancto
345 696 460 732 Spiritu,
479 697 506 724 in
523 697 649 725 interiori
676 696 797 729 homine,
814 695 939 722 habitare
955 695 1015 730 ipse

229 742 332 770 dicitur
354 743 493 776 Christus,
507 749 589 778 atque
605 744 642 770 ita
653 751 682 770 se
699 751 742 770 res
756 743 838 770 habet
853 745 964 770 natura.
982 741 1015 768 Et

230 793 305 817 certe
329 790 424 817 beatus
445 790 547 817 Paulus
573 789 600 817 id
628 789 784 817 clarissime
814 789 919 816 docens
949 787 985 814 ait
1008 796 1014 814 :

232 843 240 858 ι
256 833 312 861 Vos
336 840 424 861 autem
444 842 498 861 nou
526 834 593 861 estis
613 833 640 860 in
668 841 759 867 carne,
781 833 829 861 sed
846 834 873 860 in
894 826 1014 868 Spiritu;

230 879 368 914 siquidem
384 879 504 914 Spiritus
517 879 563 906 Dei
582 879 688 907 habitat
704 879 729 905 iu
744 878 832 906 vobis.
849 878 876 905 Si
893 878 955 912 quis
967 885 1016 904 au-

230 931 282 952 um
302 917 435 960 Spiritum
453 925 555 952 Christi
573 933 628 952 non
643 925 734 958 habet,
757 925 800 951 hic
816 932 871 952 non
886 929 927 951 cst
943 923 1013 957 ejus.

230 971 258 998 Si
272 979 338 998 vero
353 972 477 999 Christus
489 972 515 999 in
531 972 619 1004 vobis,
633 979 734 1006 corpus
750 971 860 1006 quidem
875 974 1013 997 mortuum
1033 988 1052 1017 Β

231 1020 342 1050 propter
367 1021 523 1051 peccatum,
551 1016 672 1050 Spiritus
701 1020 791 1043 autem
819 1016 873 1042 rita
904 1020 1016 1050 propter

227 1061 362 1094 justitiam
378 1062 411 1089 ".
425 1072 433 1088 ι
453 1061 502 1090 llic
524 1065 676 1097 promptam
692 1069 797 1093 aurem,
814 1068 918 1096 qureso,
934 1061 1016 1088 dictis

229 1107 418 1135 accommoda.
428 1108 495 1136 Cum
511 1108 645 1143 Spiritum
658 1108 762 1135 Christi
777 1107 974 1134 inhabitantem
989 1106 1016 1132 in

230 1153 310 1181 nobis
321 1153 501 1187 nominasset,
523 1155 616 1182 statim
633 1154 795 1190 subiunxit:
811 1153 839 1180 Si
855 1161 922 1180 vero
938 1152 1017 1180 Chri-

208 1237 212 1240 _
230 1204 290 1227 stus
314 1201 341 1227 in
357 1201 446 1234 vobis,
470 1202 606 1237 atqualem
626 1209 673 1237 per
691 1202 784 1230 omnia
804 1200 1016 1228 similitudinem

230 1251 353 1274 Statueus
365 1245 426 1274 Filii
444 1254 507 1274 cum
525 1247 631 1282 Spiritu
648 1247 695 1283 qui
716 1249 845 1282 proprius
861 1246 922 1281 ejus
936 1249 978 1273 est
990 1249 1017 1273 et

230 1291 264 1318 ab
279 1292 339 1327 ipso
356 1293 506 1320 secundum
527 1296 656 1320 naturam
673 1292 810 1328 procedit.
822 1291 942 1326 Ideoque
957 1290 1018 1326 Spi-

232 1330 302 1365 ritus
321 1338 477 1373 adoptionis
494 1346 604 1374 quoque
621 1339 736 1371 dicitur,
752 1342 779 1366 et
795 1338 822 1364 in
841 1338 901 1372 ipso
916 1337 1017 1364 clama-

231 1391 292 1411 mus
306 1391 313 1409 :
327 1383 402 1411 Abba
421 1383 501 1411 Pater
515 1384 591 1411 “.Et
609 1387 638 1411 ut
654 1384 749 1411 beatus
775 1383 874 1410 alicubi
896 1381 1017 1410 Joannes

231 1430 269 1456 ait
285 1437 292 1455 :
310 1438 319 1454 ‹
336 1429 376 1456 Ex
400 1430 453 1457 hoc
477 1430 687 1465 cognoscimus,
713 1429 777 1464 quia
803 1429 831 1456 in
859 1429 939 1455 nobis
963 1433 1015 1459 est,

231 1474 295 1515 quia
307 1473 340 1502 de
356 1473 461 1510 Spiritu
474 1482 524 1502 suo
537 1474 610 1503 dedit
622 1473 704 1501 nobis
715 1475 748 1500 ⁶¹.
766 1483 775 1500 )
790 1473 853 1500 Haec
869 1473 1017 1500 suffectura

231 1519 342 1554 quidem
360 1520 492 1552 arbitror,
508 1524 537 1547 ut
553 1520 684 1548 Ecclesia:
704 1519 752 1546 lilii
779 1519 885 1554 possint
908 1518 1016 1546 hatreti-

230 1573 327 1593 eorum
349 1566 450 1593 damna
467 1566 600 1601 repellere
618 1575 625 1593 :
645 1566 668 1592 si
684 1566 747 1601 quis
767 1569 859 1592 autem
884 1571 959 1592 mera
974 1564 1017 1591 in-

231 1611 313 1638 scitia
331 1611 425 1639 ebrius
439 1618 471 1638 ae
488 1612 666 1644 temulentus,
682 1610 781 1638 Filium
795 1611 935 1638 existimat
960 1615 1016 1636 tum

1065 333 1148 365 Θείας,
1173 333 1186 359 ὃ
1209 334 1223 360 ὸ
1240 333 1342 368 κόσμος
1361 334 1391 360 οὐ
1406 334 1515 360 δύναται
1527 334 1638 371 χωρεῖν.
1654 341 1663 358 ι
1691 332 1756 359 Ἰδοὺ
1775 332 1853 367 διαρ-

1066 379 1149 415 ρήδην
1164 379 1277 414 Πνεῦμα
1293 379 1341 414 τῆς
1358 378 1486 413 ἀληθείας
1501 378 1531 404 τὸ
1546 378 1622 412 ἆγιον
1635 378 1747 413 Πνεῦμὰ
1759 385 1853 412 φησιν.

1066 425 1126 451 ’Ὁτι
1147 424 1175 451 δὲ
1196 426 1285 458 αὐτὸς,
1313 425 1360 451 καὶ
1383 425 1432 459 οὐχ
1453 424 1546 460 ἕτερός
1570 425 1628 450 ἐστι
1651 425 1715 458 παρ’
1737 423 1817 449 αὑτὸν
1837 423 1853 457 ἡ

1065 470 1187 507 ἀλήθεια,
1205 472 1285 498 πάλιν
1301 472 1382 498 ἄκουε
1396 471 1520 504 λέγοντος
1532 478 1539 486 ·
1565 479 1574 496 ί
1592 469 1661 503 Ἐγώ
1677 470 1734 504 ειμι
1750 469 1766 504 ἡ
1788 468 1855 503 ἁλή-

1065 517 1133 543 θεια.
1152 526 1161 542 ι
1190 516 1330 550 Ἀληθείας
1352 514 1399 543 οὖν
1415 516 1491 547 ὄντος
1514 524 1543 542 τε
1559 516 1606 542 καὶ
1624 514 1791 549 κεκλημένου
1805 513 1853 539 τοῦ

1065 562 1134 588 κατὰ
1148 561 1228 596 φύσιν
1249 561 1326 594 Υῐοῦ,
1344 561 1426 596 βλέπε
1441 561 1526 596 πόσην
1544 560 1600 596 ἔχει
1614 560 1643 586 τὸ
1659 559 1769 594 Πνεῦμα
1785 558 1854 593 πρὸς

1066 609 1145 636 αὑτὸν
1161 609 1209 644 τὴν
1221 608 1343 643 ἑνότητα.
1361 608 1441 642 Λέγει
1455 607 1508 642 γάρ
1520 615 1571 633 που
1589 606 1653 641 περὶ
1667 605 1714 632 τοῦ
1728 603 1854 639 Σωτῆρος

1065 654 1142 690 ἡμῶν
1160 655 1285 689 Χωάννης
1298 655 1311 680 ὁ
1328 653 1467 688 μαθητής·
1487 649 1586 684 ιυῦτός
1602 653 1675 678 ἐστιν
1691 653 1705 677 ὁ
1722 649 1806 677 ἐλθὼν
1821 649 1853 675 δι’

1065 699 1170 732 ὓδατος,
1183 701 1230 726 καὶ
1240 699 1362 734 αἵματος,
1378 699 1424 725 καὶ
1436 698 1592 732 Πνεύμςιτος
1610 697 1712 732 Ἰησοῦς
1724 695 1852 730 Χριστός·

1065 746 1115 772 οὐκ
1129 747 1157 772 ἐν
1171 745 1209 780 τῷ
1223 745 1298 771 ὕδατι
1314 745 1404 779 μόνον,
1424 744 1480 770 ἀλλ’
1498 744 1527 770 ὲν
1541 743 1579 778 τῷ
1594 743 1679 774 ὕδατι,
1695 742 1741 768 καὶ
1756 741 1794 776 τῷ
1811 741 1855 767 αἶ-

1068 799 1151 825 ματι,
1175 791 1221 817 καὶ
1243 790 1273 816 τὸ
1300 788 1411 824 Πνεῦμα
1433 790 1491 815 ἐστι
1515 789 1544 815 τὸ
1569 788 1738 824 μαρτυροῦν,
1765 786 1857 814 ὅτιτὸ

1066 836 1176 871 πνεῦμά
1196 837 1270 863 ἐστιν
1285 837 1301 871 ἡ
1316 836 1440 871 ἀλήθεια.
1461 845 1469 861 ι
1494 835 1585 861 Διάτοι
1607 834 1696 866 τοῦτο,
1718 832 1765 859 καὶ
1785 834 1856 859 ἐνοι-

1065 881 1176 914 κοῦντος
1191 882 1256 917 ἡμῖν
1269 881 1316 908 τοῦ
1333 882 1410 916 ἁγίου
1424 881 1590 916 Πνεὺματος,
1609 881 1648 911 εἰς
1667 880 1711 906 τὸν
1735 879 1788 905 ἔσω
1810 878 1857 909 ἆν-

1066 928 1174 964 θρωπον
1199 929 1336 955 κατοικεῖν
1351 927 1432 959 αὐτὸς
1446 927 1555 961 λέγεται
1570 926 1696 961 Χριστὸς,
1710 925 1757 951 καὶ
1768 923 1857 955 οὕτως

1067 973 1122 1009 ἔχει
1133 974 1164 1000 τὸ
1177 975 1292 1009 πρᾶγμα
1304 975 1337 1008 τῇ
1349 973 1439 1008 φύσει.
1456 973 1512 1000 Καὶ
1526 972 1591 1007 γοῦν
1605 972 1619 997 ὁ
1635 971 1769 1007 μακάριος
1783 969 1856 996 Παῦ-

1067 1019 1112 1051 λος
1134 1019 1290 1054 σαφέστατα
1312 1018 1391 1045 τοῦτο
1404 1019 1536 1045 διδάσκων
1559 1017 1659 1052 φησίν·
1688 1016 1802 1051 (Ὑμεῖς
1827 1014 1859 1042 δὲ

1067 1067 1116 1092 οὐκ
1131 1066 1192 1092 ἐστὲ
1205 1066 1234 1092 ὲν
1252 1065 1343 1101 σαρκὶ,
1364 1065 1420 1092 ἀλλ’
1438 1066 1466 1091 ὲν
1481 1063 1628 1098 ΙΙνεύματι,
1647 1062 1725 1104 εἴπερ
1743 1061 1857 1096 Πνεῦμα

1067 1112 1135 1139 Θεοῦ
1150 1113 1219 1139 οἰκεῖ
1237 1112 1266 1139 ὲν
1284 1112 1358 1146 ὑμῖν.
1383 1111 1415 1137 Et
1439 1110 1467 1136 δέ
1482 1118 1525 1141 τις
1547 1108 1659 1144 Πνεῦμα
1675 1107 1793 1144 Χριστοῦ
1807 1108 1857 1133 οὐκ

1068 1157 1135 1192 ἔχει,
1153 1155 1229 1188 οὗτος
1243 1156 1293 1183 οὐκ
1307 1156 1380 1182 ἐστιν
1395 1155 1488 1183 αὐτοῦ.
1515 1155 1545 1182 Εἰ
1559 1155 1587 1181 δὲ
1602 1154 1718 1190 Χριστὸς
1733 1155 1762 1180 ὲν
1780 1154 1856 1188 ὑμῖν,

1068 1203 1097 1229 τὸ
1113 1203 1162 1238 μὲν
1177 1202 1257 1238 σῶμα
1272 1202 1367 1236 νεκρὸν
1380 1201 1412 1228 δι’
1427 1201 1573 1236 ἁμαρτίαν,
1588 1201 1618 1227 τὸ
1632 1201 1660 1226 δὲ
1675 1200 1785 1234 Πνεῦμα
1800 1199 1857 1232 ζωὴ

1067 1248 1110 1275 διὰ
1130 1247 1313 1283 δικαιοσύνην.
1330 1257 1339 1273 ›
1360 1247 1474 1280 Ὀξεῖαν,
1487 1244 1513 1274 νῶ
1524 1244 1610 1279 οὗτος,
1626 1247 1682 1277 τοῖς
1699 1245 1857 1280 εἰρημένοις

1068 1295 1185 1329 ὑπόσχες
1197 1294 1246 1329 τὴν
1260 1294 1353 1328 ἀκοήν.
1369 1292 1480 1328 Πνεῦμα
1494 1290 1612 1327 Χριστοῦ
1625 1292 1654 1318 τὸ
1670 1290 1813 1318 κατοικοῦν
1829 1291 1858 1316 ὲν

1068 1341 1133 1376 ἡμῖν
1150 1340 1295 1375 ὀνομάσας,
1314 1340 1453 1374 ἐπήγαγεν
1470 1339 1550 1370 εὐθύς
1562 1347 1568 1354 ·
1594 1339 1624 1365 Εἰ
1646 1339 1674 1365 δὲ
1696 1338 1813 1373 Χριστὸς
1828 1337 1857 1362 ἐν

1069 1388 1146 1421 ὑμῖν,
1168 1386 1380 1422 ἀπαράλλακτον
1405 1385 1539 1420 εἰσφέρων
1563 1384 1612 1420 τὴν
1640 1383 1786 1419 ὁμοιότητα
1809 1381 1856 1408 τοῦ

1068 1433 1144 1465 Υἱοῦ,
1160 1433 1226 1468 πρὸς
1238 1432 1266 1458 τὸ
1279 1432 1341 1458 ἴδιον
1356 1431 1448 1463 αὑτοῦ,
1459 1431 1506 1458 καὶ
1522 1430 1586 1466 παρ’
1600 1429 1682 1456 αὐτοῦ
1696 1428 1764 1456 κατὰ
1776 1429 1857 1462 φύσιν

1069 1478 1251 1513 προχεόμενον
1275 1477 1394 1512 Πνεῦμα.
1431 1477 1520 1503 Διάτοι
1543 1475 1640 1507 τοῦτο,
1668 1475 1716 1501 καὶ
1745 1473 1858 1508 Πνεῦμα

1068 1524 1204 1555 υἱοθεσίας
1219 1523 1337 1557 λέγεται,
1361 1523 1408 1549 καὶ
1430 1523 1460 1548 ὲν
1477 1522 1550 1557 αὖτῴ
1573 1521 1720 1557 κράζομεν·
1744 1519 1829 1546 Ἀῦόἄ
1843 1519 1859 1545 ὁ

1069 1571 1173 1605 Πατήρ.
1199 1569 1253 1596 Καὶ
1275 1569 1312 1600 ὡς
1328 1569 1342 1594 ὁ
1361 1568 1494 1604 μακάριός
1522 1566 1573 1594 πού
1599 1575 1680 1602 φησιν
1710 1566 1856 1600 Ἰωάννης·

1071 1624 1080 1640 ι
1093 1616 1140 1641 Ἐκ
1160 1614 1255 1641 τούτου
1278 1615 1461 1649 γινώσκομεν,
1479 1614 1520 1639 ὅτι
1543 1613 1572 1639 ὲν
1587 1613 1653 1647 ἡμῖν
1666 1612 1749 1642 ἐστιν,
1770 1610 1811 1636 ὃτι
1826 1610 1858 1635 ὲκ

232 1657 351 1692 primum
369 1657 502 1692 Spiritum
520 1658 670 1693 accepisse,
681 1666 743 1686 cum
759 1657 849 1686 factus
864 1662 906 1685 est
918 1657 1015 1684 homo:

1069 1662 1114 1688 τοῦ
1131 1661 1289 1696 Πνεύματος
1304 1660 1386 1687 αὐτοῦ
1404 1660 1503 1686 ἔδωκεν
1518 1660 1593 1693 ἡμῖν.
1611 1667 1619 1684 ι
1643 1655 1728 1692 Οἶμαι
1747 1656 1797 1691 μὲν
1812 1653 1858 1682 οὖν

232 1703 360 1730 ostendat
373 1702 420 1731 Dei
436 1702 556 1731 Verbum
574 1709 637 1732 ante
655 1704 873 1732 incarnationem
890 1706 1016 1732 sanctunt

233 1756 288 1776 non
304 1756 375 1781 esse,
392 1753 418 1777 ct.
436 1757 486 1777 nos
501 1750 664 1778 tacebimus.
680 1749 746 1777 Jure
763 1755 857 1778 autem
874 1749 1018 1776 mirandus

233 1797 275 1824 est
289 1798 403 1822 sanctus
417 1795 585 1831 evangelista
601 1796 647 1831 qui
659 1796 760 1830 ubique
775 1796 861 1823 multa
878 1803 939 1823 cum
953 1803 1018 1823 eau-

233 1841 308 1867 tione
330 1845 477 1870 couscrvat
493 1849 523 1868 ea
532 1849 592 1875 qure
605 1846 712 1868 natum
728 1842 828 1869 divinae
839 1831 1022 1869 conveniunt.

233 1885 301 1911 Cum
316 1885 388 1912 enim
400 1891 480 1913 antea
491 1886 618 1920 dixisset,
630 1888 767 1914 neminem
782 1895 903 1922 unquam
917 1886 1019 1913 vidisse

235 1931 318 1958 Deum
328 1931 362 1963 ",
374 1935 400 1959 ct
414 1932 491 1971 127
506 1940 578 1959 nunc
589 1940 603 1958 a
619 1933 700 1960 beato
715 1933 837 1967 Baptista
852 1932 942 1960 visum
957 1931 1020 1966 Spi-

234 1981 317 2004 ritum
335 1981 451 2009 asserat,
466 1978 676 2006 dcscendentem
689 1987 770 2013 super
786 1978 885 2005 Filium
899 1979 1018 2011 caelitus,

235 2022 311 2050 addit
327 2024 494 2057 necessario,
512 2030 651 2059 spectasse
667 2025 787 2059 quidem,
802 2025 849 2052 sed
866 2024 957 2059 specie
971 2031 1020 2050 co-

235 2068 345 2100 lumbae,
365 2076 418 2096 non
435 2069 598 2104 simpliciter
612 2069 702 2104 qualis
717 2074 815 2096 natura
831 2076 880 2096 sua
899 2069 1019 2102 exsistit,

234 2115 282 2142 sed
300 2115 437 2142 mitissimi
452 2115 579 2144 animalis
594 2117 685 2151 specie
699 2116 903 2149 adumbratam,
919 2119 948 2142 ut
969 2115 1021 2142 hoc

235 2164 314 2195 pacto
328 2169 438 2189 rursum
455 2162 594 2189 videretur
609 2161 832 2196 conjunctiouem
851 2165 877 2188 et
890 2161 1019 2191 similitu-

233 2207 325 2234 dinem
341 2207 493 2234 naturalem
516 2216 627 2237 scrvare
643 2215 705 2235 cum
722 2207 791 2234 Filio
806 2207 930 2235 dicente:
947 2217 955 2233 (
974 2207 1021 2234 Di-

234 2253 303 2280 scite
321 2260 335 2279 a
352 2260 406 2284 me,
420 2254 484 2288 quia
510 2255 584 2280 mitis
606 2261 665 2281 sum
689 2257 715 2280 et
739 2253 850 2280 humilis
863 2253 945 2280 corde
957 2253 991 2280 “.
1008 2263 1017 2280 ›

234 2297 319 2334 igitur
335 2306 391 2326 non
415 2298 523 2327 desinet
543 2307 606 2327 esse
627 2298 698 2326 Deus
719 2299 868 2326 secundum
892 2302 1019 2325 naturam

235 2343 354 2378 Fpiritus
376 2353 382 2371 :
399 2344 432 2370 de
454 2352 508 2378 quo
535 2351 633 2379 nempe
653 2344 755 2371 dicitur
774 2351 915 2379 nunquam
932 2345 1019 2373 visum

234 2397 305 2421 esse,
329 2390 382 2416 nisi
410 2390 544 2416 duntaxat
573 2389 600 2416 in
629 2390 761 2416 columbae
791 2390 881 2423 specie
907 2395 1020 2425 propter

234 2435 367 2463 discentis
378 2436 534 2463 utilitatem.
553 2434 625 2462 Loco
641 2435 713 2462 enim
731 2436 800 2470 signi
816 2440 843 2463 ct
861 2436 954 2466 iudicii
972 2437 1020 2467 da-

234 2487 289 2513 tam
305 2482 357 2509 sibi
381 2482 465 2508 fuisse
482 2481 690 2508 descensionem
711 2481 839 2516 Spiritus,
854 2483 950 2511 beatus
965 2483 1019 2512 Ba-

236 2528 318 2562 ptista
336 2527 490 2562 proﬁtetur,
505 2526 657 2554 Salvatoris
670 2528 757 2555 nostri
774 2529 938 2557 testimoniis
953 2531 1019 2558 illud

235 2572 340 2599 :ulilens
355 2580 362 2600 :
379 2581 388 2597 ι
411 2571 460 2604 Qui
484 2571 558 2598 misit
587 2579 629 2598 me
651 2572 790 2607 baptizare
814 2574 840 2602 in
865 2582 944 2609 aqua,
975 2576 1020 2604 illc

236 2618 303 2645 mihi
330 2618 399 2646 dixit
413 2627 419 2644 :
437 2617 525 2651 Super
541 2625 621 2652 quem
638 2618 739 2647 videris
755 2620 887 2654 Spiritum
905 2621 1020 2649 descen-

236 2664 356 2697 dentem,
376 2667 402 2691 et
425 2667 581 2691 manentem
596 2672 679 2701 super
694 2672 768 2698 eum,
785 2667 828 2693 hic
843 2671 885 2694 est
903 2667 949 2702 qui
973 2667 1021 2694 ba-

236 2710 322 2746 ptizat
336 2709 363 2736 in
384 2708 487 2744 Spiritu
507 2711 644 2737 sancto“.
662 2721 671 2738 ι
683 2711 769 2744 Quam
785 2713 820 2739 ob
836 2721 892 2739 rem
910 2714 1021 2741 insanos

238 2755 381 2783 lmreticos
412 2755 587 2786 vehementer
620 2756 777 2785 in‘idendos
812 2758 941 2790 arbitror,
975 2759 1022 2793 qui

237 2799 312 2834 quod
329 2800 399 2836 signi
418 2800 477 2828 loco
500 2801 619 2836 positum
636 2806 689 2834 est,
706 2810 755 2837 pro
774 2804 887 2830 veritate
903 2803 960 2838 ipsa
983 2805 1022 2831 rei

236 2845 357 2881 capiunt,
375 2847 500 2881 quamvis
523 2847 657 2883 singulari
675 2847 776 2874 factum
793 2848 817 2875 id
836 2849 871 2876 sit
896 2850 1020 2882 consilio,

272 2902 294 2917 ⁸⁷
306 2902 383 2930 Juan.
401 2912 457 2936 xw,
473 2904 500 2932 6.
538 2905 561 2920 ⁸⁸
577 2905 585 2931 l
601 2904 679 2931 Joan.
701 2914 725 2935 ν,
741 2905 768 2932 6.

238 2937 260 2959 υ
283 2937 377 2966 Matth.
404 2939 503 2984 “’29.
537 2940 560 2956 ⁸⁵
579 2939 658 2967 Joan.
680 2947 698 2974 ι,
720 2941 746 2967 3.

807 2905 828 2922 ⁸⁷
856 2905 934 2934 Rom.
958 2915 1014 2940 \‘lll,
1028 2908 1054 2941 9,
1073 2909 1114 2936 lO.

1071 1709 1228 1743 ἐξαρκέσειν
1257 1708 1304 1735 καὶ
1327 1707 1428 1739 ταῦτα,
1456 1706 1524 1740 πρὸς
1549 1705 1580 1731 τὸ
1603 1703 1730 1731 δύνασθαι
1753 1702 1788 1728 τὰ
1808 1702 1858 1736 τῆς

1076 1755 1237 1789 Ἐκκλησίας
1252 1753 1334 1780 τέκνα
1348 1754 1382 1780 τὰ
1404 1753 1458 1779 τῶν
1482 1750 1705 1788 ἐτεροδοξούντων
1723 1747 1858 1784 ἀποκρού-

1071 1801 1169 1828 σασθαι
1185 1801 1270 1836 βλάϐη
1283 1809 1290 1815 ·
1310 1801 1334 1826 εἰ
1350 1800 1378 1826 δέ
1393 1808 1434 1831 τις
1449 1799 1561 1834 ἀκράτῳ
1575 1798 1625 1832 τῆς
1640 1796 1759 1832 ἀμαθίας
1777 1794 1858 1830 βεσά-

1070 1856 1181 1875 πτισται
1204 1847 1284 1882 μέθῃ,
1307 1846 1368 1872 τότε
1391 1845 1420 1872 δὲ
1445 1845 1554 1880 πρῶτον
1575 1843 1605 1870 τὸ
1630 1842 1742 1877 Πνεῦμα
1767 1841 1859 1867 λαϐεῖν

1070 1894 1156 1920 οἴεται
1170 1893 1213 1919 τὸν
1225 1892 1300 1923 Υἱὸν,
1314 1892 1357 1918 ὅτε
1370 1890 1482 1925 γέγονεν
1495 1889 1636 1924 ἄνθρωπος
1649 1886 1859 1915 ’.ἀποδεικνύτω

1071 1939 1124 1974 πρὸ
1139 1938 1189 1973 τῆς
1201 1938 1431 1974 ὲνανθρωπήσεως
1446 1937 1523 1970 ἆγιον
1538 1935 1587 1962 οὐκ
1597 1935 1661 1962 ὄντα
1670 1935 1716 1961 τὸν
1731 1933 1777 1960 τοῦ
1791 1932 1858 1960 Θεοῦ

1071 1984 1167 2018 Λόγον,
1193 1985 1239 2011 καὶ
1263 1984 1342 2019 ἡμεῖς
1360 1983 1544 2018 σιωπήσομεν.
1565 1980 1771 2016 ’Λποθαυμάσαι
1791 1979 1813 2005 δ’
1828 1979 1859 2006 ἄν

1071 2039 1112 2062 τις
1127 2030 1174 2058 καὶ
1194 2030 1251 2056 λίαν
1266 2029 1377 2061 εἰκότως
1401 2029 1446 2055 τὸν
1461 2029 1536 2063 ἅγιον
1557 2027 1752 2062 εὐαγγεὶιστὴν
1773 2026 1810 2053 τὰ
1826 2026 1858 2061 τῇ

1072 2076 1132 2111 θείᾳ
1147 2076 1285 2111 πρέποντα
1295 2075 1374 2109 φύσει
1388 2075 1456 2109 μετὰ
1469 2074 1571 2109 πολλῆς
1581 2082 1653 2105 τινος
1667 2073 1716 2108 τῆς
1728 2071 1860 2106 ἐπιτηρή-

1073 2131 1142 2154 σεως
1167 2121 1292 2156 πανταχῆ
1320 2121 1494 2152 διασώζοντα.
1525 2120 1631 2156 Ἐπειδὴ
1653 2119 1707 2155 γὰρ
1729 2119 1780 2154 ἔφη
1807 2118 1860 2153 πρὸ

1071 2167 1183 2199 τούτων,
1200 2167 1240 2195 ὅτι
1255 2166 1321 2193 Θεὸν
1337 2166 1424 2198 οὐδεὶς
1448 2166 1553 2202 ἑώρακε
1576 2166 1696 2196 πώποτε,
1716 2164 1859 2191 τεθεᾶσθαι

1072 2213 1100 2240 δὲ
1125 2213 1172 2240 νῦν
1195 2213 1226 2239 τὸ
1249 2212 1362 2248 Πνεῦμά
1383 2221 1450 2247 φησι
1471 2211 1515 2238 τὸν
1533 2212 1668 2248 μακάριον
1692 2210 1857 2246 Βαπτιστὴν,

1073 2259 1232 2286 καταϐαῖνον
1255 2258 1301 2285 ἐπὶ
1324 2259 1368 2285 τὸν
1396 2258 1460 2285 Υἰξιν
1484 2257 1513 2290 ἐξ
1531 2257 1655 2293 οὐρανοῦ,
1681 2256 1859 2292 προστίθησιν

1072 2305 1238 2338 ἀναγκαίως,
1256 2304 1297 2330 ὅτι
1320 2305 1442 2331 θεάσοιτο
1458 2305 1517 2339 μὲν,
1542 2305 1612 2339 πλὴν
1639 2304 1667 2329 ἐν
1692 2302 1757 2329 εἴδει
1780 2310 1858 2336 περι-

1075 2352 1182 2386 στερᾶς,
1196 2351 1245 2377 οὐκ
1260 2351 1324 2377 αὐτὸ
1340 2350 1411 2377 κατὰ
1428 2350 1518 2385 φύσιν,
1532 2351 1599 2385 ὅπερ
1615 2344 1731 2384 ὐτὶἀρχει
1747 2347 1858 2383 γυμνὸν,

1074 2398 1131 2424 ἀλλ’
1156 2398 1184 2423 ὲν
1213 2396 1252 2431 τῷ
1274 2397 1420 2432 πραοτάτῳ
1446 2397 1680 2431 σχηματιζόμενον
1705 2395 1788 2430 ζώην
1818 2395 1860 2420 ἵνα

1074 2443 1202 2478 φαίνηται
1239 2442 1318 2468 πάλιν
1348 2442 1393 2468 καὶ
1426 2441 1468 2469 διὰ
1494 2441 1588 2468 τούτου
1615 2441 1786 2476 οἰκειότητα,
1815 2439 1860 2466 κατ⁵

1073 2489 1201 2524 ὁμοίωσιν
1217 2487 1349 2519 ἂασῶζον
1372 2487 1499 2523 φυσικὴν,
1521 2487 1590 2522 πρὸς
1612 2487 1656 2513 τὸν
1679 2486 1743 2512 Υἱὸν
1758 2485 1803 2511 τὸν
1817 2484 1859 2511 λέ-

1073 2543 1155 2568 γοντα
1170 2542 1177 2549 ·
1211 2543 1219 2559 ε
1234 2533 1341 2560 Μόιθετε
1371 2534 1418 2560 ἀπ’
1439 2533 1524 2568 ἐμοῦ,
1549 2533 1590 2558 ὅτι
1612 2532 1699 2567 πρᾶός
1724 2533 1791 2566 εἰμι,
1815 2531 1859 2558 καὶ

1072 2579 1199 2610 ταπεινὸς
1215 2580 1248 2614 τῇ
1271 2579 1376 2614 καρδίᾳ.
1395 2588 1404 2604 ι
1432 2578 1535 2605 Οὐκοῦν
1550 2579 1599 2604 οὐκ
1618 2579 1797 2604 ἁποπεσεῖται
1813 2578 1858 2604 τοῦ

1073 2623 1142 2651 εἶναι
1166 2625 1231 2655 Θεὸς
1248 2624 1319 2651 κατὰ
1335 2625 1414 2658 φύσιν
1435 2624 1465 2650 τὺ
1482 2624 1593 2659 Πνεῦμα
1605 2632 1611 2639 ·
1639 2625 1787 2659 τετήρηται
1807 2624 1859 2658 γὰρ

1073 2669 1146 2704 αὑτῷ
1160 2669 1191 2695 τὸ
1206 2669 1242 2704 μὴ
1257 2669 1401 2696 τεθεᾶσθαι
1418 2669 1537 2702 πώποτε,
1553 2669 1623 2704 πλὴν
1635 2670 1698 2695 ὅσον
1714 2670 1743 2695 ὲν
1758 2669 1799 2703 τῷ
1812 2669 1859 2703 τῆς

1073 2715 1237 2750 περιστερᾶς
1255 2714 1447 2750 σχηματισμῷ,
1472 2714 1516 2741 διὰ
1538 2714 1587 2750 τὴν
1609 2714 1654 2741 τοῦ
1682 2714 1859 2749 μανθάνοντος

1074 2761 1177 2796 χρείαν.
1198 2761 1243 2792 Ὠς
1259 2761 1313 2796 γὰρ
1336 2762 1363 2788 ἐν
1380 2761 1492 2796 σημείου
1509 2761 1556 2788 καὶ
1572 2761 1762 2796 γνωρίσματος
1787 2759 1859 2791 τάξει

1074 2807 1193 2834 δεδόσθαι
1216 2808 1296 2841 φησὶν
1313 2807 1400 2842 ἑαυτῷ
1417 2807 1465 2842 τὴν
1485 2807 1531 2833 τοῦ
1547 2806 1703 2841 Πνεύματος
1719 2807 1830 2833 κάθοδον
1848 2805 1860 2830 ὸ

1077 2852 1209 2887 μακάριῳ
1233 2852 1396 2888 Βαπτιςτὴς,
1414 2853 1473 2883 ταῖς
1496 2853 1558 2887 περὶ
1579 2852 1626 2879 τοῦ
1641 2853 1768 2887 Σωτῆρος
1785 2852 1859 2887 ἡμῶν

1155 2910 1177 2926 ⁵ο
1205 2909 1271 2937 Ibid.
1300 2909 1344 2937 l5.
1382 2908 1523 2938 "lJoau.
1538 2918 1573 2945 tv,
1591 2909 1634 2940 15,
1682 2910 1706 2926 ⁸³
1731 2907 1861 2936 lbid.12.
