2028 3118
165 184 220 213 ειδ
660 189 694 218 ΙΝ
708 190 851 220 JOANNIS
869 192 953 220 EVAI‘

1005 194 1094 224 LLIUM
1113 196 1176 224 LIB.
1189 197 1220 226 11.
1747 201 1801 232 εει

167 245 332 299 μαρτυρίαις
355 246 522 281 ἐπενεγκὼν,
536 248 576 274 ὅτι
597 258 606 274 ι
619 249 647 276 '0
663 249 774 284 πέμψας
803 259 845 288 με)
859 251 953 286 βαπτί-

1009 256 1242 289 quemadmodum
1258 257 1314 293 jam
1327 259 1428 287 dictum
1445 263 1497 293 est,
1513 261 1546 288 ad
1564 262 1677 289 humani
1689 263 1798 297 generis

166 291 222 321 ζειν
238 291 267 318 ἐν
285 291 370 326 ὕδατι,
393 294 495 326 ἐκεῖνός
514 303 558 330 μοι
585 293 670 327 εἶπεν,
695 297 751 331 Ἐφ’
769 297 798 324 ὃν
813 297 845 324 ἂν
861 298 917 334 ἴδῃς
929 299 953 326 τὶ

1013 301 1170 330 utilitatem.

166 338 278 391 Πνεῦμα
290 340 461 391 καταϐαῖνον,
477 343 524 369 καὶ
541 336 619 378 μένον
635 344 678 370 ἐπ’
689 345 779 377 αὑτὸν,
795 341 872 378 οὗτός
882 348 955 373 ἐστιν
972 349 986 374 ὁ
1001 348 1139 383 βαπτίζων
1161 351 1189 377 ὲν
1206 351 1346 387 Πνεύματι
1380 353 1418 387 τῷ
1434 354 1513 388 ἁγίῳ.
1530 364 1539 380 ι
1575 355 1632 390 Ἐφ’
1645 351 1667 389 ᾧ
1699 335 1732 391 δὴ
1754 356 1800 382 καὶ

166 384 283 437 μάλιστα
297 386 424 437 διαγελᾷν
435 386 513 437 pium.
532 389 647 424 πρέπειν
679 391 742 423 τοὺς
777 390 908 428 ἀνοήτους
938 395 1102 429 αἱρετικοὺς,
1128 396 1157 423 τὸ
1187 399 1214 424 ὲν
1241 398 1318 431 τάξει
1341 384 1556 434 σημείουψτεθὲν
1573 421 1580 434 ,
1607 384 1800 437 είς-ἀλήθειαν

166 431 329 504 Zygiam;
340 433 571 504 ἐίκλαμϐάνοντας,
588 435 612 461 εἰ
627 435 674 462 καὶ
692 436 804 470 γέγονεν
818 438 1011 474 οἰκονομικῶς,
1037 440 1163 477 καθάπερ
1180 442 1230 478 ἤδη
1267 429 1439 478 προείρήται,
1462 443 1506 470 διὰ
1539 429 1588 479 τὴν
1607 429 1655 480 cii;
1688 429 1796 481 ἀνθρω-

179 496 186 502 .
208 496 216 503 .
239 486 252 503 τ
269 486 283 504 ς
299 487 346 504 vos
361 487 403 504 αν.

167 485 283 512 mento;
299 485 403 513 χρείαν.

203 522 257 548 Καὶ
272 522 397 556 ἑώρακα,
413 523 462 550 καὶ
470 526 691 560 μεμαρτύρηκα,
708 527 753 554 ὅτι
768 525 855 560 οὗτός
869 528 956 556 ἐστιν

147 575 151 577 ·
165 568 183 594 ό
196 567 262 600 Υἱὸς
278 568 331 595 τοῦ
347 569 431 596 Θεοῦ.

208 613 343 650 Ἀσφαλὴς
358 615 371 640 ὁ
388 615 504 651 μάρτυς,
528 617 595 653 ὅπερ
617 617 701 650 ὅντως
722 619 858 652 τεθέαται,
877 621 956 647 τοῦτο

165 659 214 686 καὶ
229 659 326 688 λαλῶν.
353 662 409 688 Οὔκ
433 662 526 696 ἀγνοεῖ
539 664 593 699 γὰρ
618 663 683 696 ἴσως
699 665 728 692 τὸ
743 667 934 702 γεγραμμένον
948 675 954 682 ’

169 713 177 728 ι
192 705 226 731 ’Δ
240 703 310 732 εἶδον
323 707 347 732 oi
362 707 495 743 ὀφθαλμοί
510 717 568 741 σου,
583 709 656 744 λέγε.
674 719 682 736 ι
711 708 787 738 Εἶδον
801 710 858 744 οὖν,
880 713 956 747 φησι,

165 750 195 775 τὸ
209 752 331 785 σημεῖον,
354 753 400 779 καὶ
415 753 516 788 συνῆκα
531 754 577 781 τὸν
598 755 630 782 δι’
645 755 728 782 αὑτοῦ
747 757 956 792 σημαινόμενον.

166 796 304 832 Μαρτυρῶ
323 797 352 824 δὲ
374 798 413 824 ὅτι
429 796 506 831 οὗτός
527 801 601 827 ἐστιν
615 801 629 828 ὁ
645 801 709 833 Υἱὸς
730 802 778 829 τοῦ
792 803 869 835 Θεοῦ,
887 806 900 831 ὸ
914 805 958 832 διὰ

165 842 249 877 νόμου
267 843 315 877 μὲν
329 844 375 870 τοῦ
396 844 440 871 διὰ
452 845 574 878 Μωσέως
591 847 790 883 ἀναϐοώμενος,
807 849 850 875 διὰ
865 850 958 885 φωνῆς

1046 531 1067 562 l,
1085 530 1128 558 54.
1147 530 1180 558 Et
1196 539 1241 567 ego
1257 531 1319 564 vidi,
1335 536 1360 558 et
1381 533 1559 559 testimonium
1581 533 1711 568 perlu'bui,
1734 536 1797 570 quia

1012 577 1054 602 hic
1066 581 1105 603 est
1122 576 1212 604 Filius
1232 577 1289 603 Dei.

1044 622 1231 651 Gravissimus
1250 624 1338 656 testis,
1356 625 1403 659 qui
1433 625 1503 660 quod
1532 633 1627 652 revera
1652 627 1796 660 spectavit,

1013 666 1079 694 illud
1103 667 1185 695 etiam
1209 669 1340 703 loquitur.
1357 668 1416 696 Non
1437 670 1510 696 enim
1535 670 1627 698 forsan
1642 670 1747 705 ignorat.
1772 671 1799 698 id

1009 712 1081 746 quod
1099 713 1231 747 scriptum
1259 717 1300 741 est
1314 722 1321 740 :
1336 723 1344 739 ι
1366 714 1431 746 Quae
1444 715 1515 742 oculi
1536 715 1575 742 tui
1598 715 1736 749 viderunt,
1754 717 1798 743 illa

1008 757 1091 785 dicito
1109 758 1142 785 ⁵³.
1167 768 1175 784 ι
1193 758 1253 786 Vidi
1283 766 1358 794 ergo,
1383 759 1482 794 inquit,
1508 760 1627 794 signum,
1650 765 1678 788 et
1702 762 1799 796 agumi

1007 810 1069 845 cum
1095 804 1141 838 qui
1161 812 1209 839 per
1234 805 1324 840 ipsum
1350 805 1569 839 signiﬁcabatur.
1587 806 1685 834 Testor
1706 811 1798 834 autem

1007 849 1081 876 hunc
1094 857 1155 878 esse
1169 850 1215 878 Dei
1230 850 1340 883 Filium,
1356 852 1404 887 qui
1420 860 1433 879 ιι
1451 852 1525 880 Mose
1536 861 1583 888 per
1598 853 1683 887 legem
1702 853 1796 888 pra-di-

165 889 219 915 τῶν
241 888 326 923 ἁγίων
349 890 497 926 προφητῶν
520 893 722 928 κηρυττόμενος
736 901 743 909 ⁸
770 894 842 921 δοκεῖ
863 895 891 922 δέ
910 905 953 931 μοι

1008 899 1084 922 catus
1103 900 1154 927 est,
1171 900 1198 923 et
1225 901 1387 924 sanctorum
1412 898 1607 933 prophetarum
1624 906 1701 926 voce.
1728 899 1799 925 Rur-

166 933 247 960 πάλιν
268 934 282 961 ό
309 934 444 978 μακάριος
471 936 665 973 εὐαγγελιστὴς
681 937 750 973 μετὰ
768 939 868 975 πολλῆς
885 949 957 973 τινος

163 979 213 1015 τῆς
223 979 370 1015 ἀσφαλείας
382 981 477 1009 εἰπεῖν·
497 980 598 1015 «Οὗτός
616 984 688 1011 ἐστιν
702 986 716 1011 ό
726 985 789 1017 Υἱὸς
801 985 848 1012 τοῦ
860 986 936 1020 Θεοῦ,
945 997 954 1013 ι

163 1025 238 1052 τοῦτ’
254 1024 337 1059 ἐστιν,
362 1027 376 1053 ὁ
399 1024 439 1059 εἷς
457 1028 504 1055 καὶ
519 1028 599 1063 μόνος
622 1030 692 1056 κατὰ
708 1030 800 1064 φύσιν,
817 1033 831 1058 ό
845 1031 894 1067 τῆς
908 1032 955 1059 τοῦ

164 1071 344 1107 γεννήσαντος
359 1073 488 1108 ἰδιότητος
505 1074 682 1110 κληρονόμος,
696 1076 764 1111 πρὸς
776 1076 804 1102 ὃν
819 1077 866 1103 καὶ
877 1078 956 1112 ἡμεῖς

163 1119 188 1144 οἱ
211 1118 282 1145 κατὰ
307 1118 380 1146 θέσιν
399 1120 585 1156 μορφούμεθα,
610 1122 656 1148 καὶ
669 1122 703 1148 δι’
719 1119 749 1149 οὗ
766 1123 833 1158 πρὸς
854 1124 883 1150 τδ
905 1124 955 1159 τῆς

163 1164 301 1197 υἱοθεσίας
315 1165 424 1201 ἀξίωμα
436 1167 505 1194 κατὰ
520 1167 600 1203 χάριν
614 1168 779 1204 κεκλήμεθα.
800 1169 844 1201 Ὠς
859 1169 913 1205 γὰρ
922 1170 955 1197 ἐκ

163 1210 230 1237 Θεοῦ
248 1211 293 1237 καὶ
315 1212 432 1248 Πατρὶς,
447 1222 456 1238 ι
468 1213 545 1240 Πᾶσα
568 1214 670 1249 πατριὰ
689 1214 718 1241 ἔν
742 1224 770 1242 τε
785 1215 891 1251 οὐρανῷ
909 1215 956 1242 καὶ

163 1256 211 1283 ἐπὶ
227 1257 278 1291 γῆς
293 1256 465 1293 ὀνομάζεται,
481 1268 490 1284 ι
509 1259 552 1286 διὰ
566 1259 596 1286 τὸ
611 1260 690 1287 αὑτὸν
705 1258 775 1288 εἶναι
791 1261 892 1296 κυρίως
908 1262 955 1289 καὶ

164 1302 272 1338 πρῶτον
289 1303 337 1338 [ηΙ.
352 1304 489 1341 πρώτως]
504 1306 550 1332 καὶ
566 1306 673 1341 ἀληθῶς
691 1308 810 1344 Πατέρα,
825 1308 896 1335 οὕτω
908 1309 956 1335 κα]¹

165 1349 240 1375 πᾶσα
259 1350 348 1385 υίότης
363 1352 395 1377 ἐκ
409 1350 455 1377 τοῦ
470 1351 545 1385 Υἰοῦ,
569 1352 612 1379 διὰ
626 1353 656 1379 τὸ
672 1354 751 1380 αὐτὸν
768 1352 836 1381 εἶναι
852 1355 955 1391 κυρίως

165 1395 211 1420 καὶ
232 1395 312 1429 μόνον
327 1395 434 1430 ἀληθῶς
457 1396 530 1430 Υίὸν,
552 1398 583 1424 οὗ
600 1398 676 1425 νόθον
694 1400 754 1426 οὐδὲ
766 1399 953 1435 ψευδώνυμον,

164 1440 222 1467 ἀλλ’
245 1442 276 1468 ἐκ
302 1442 351 1477 τῆς
368 1442 461 1474 οὐσίας
478 1442 525 1469 τοῦ
545 1443 611 1470 Θεοῦ
636 1445 683 1471 καὶ
704 1445 810 1481 Πατρὺς
833 1446 862 1472 οὐ
885 1446 956 1473 κατὰ.

163 1486 315 1522 ἀποκοπὴν,
332 1487 348 1522 ἢ
365 1488 467 1522 ρεὖσιν,
484 1488 499 1523 ἢ
516 1489 657 1525 μερισμὸν,
677 1490 692 1525 ἢ
714 1492 800 1527 τομήν
813 1499 820 1506 ·
846 1491 955 1527 ἀπαθὴς

163 1533 216 1569 γὰρ
233 1534 250 1569 ἠ
272 1533 333 1560 θεία
356 1534 436 1569 φύσις
458 1535 597 1567 παντελῶς
609 1544 616 1551 ’
643 1537 699 1563 ἀλλ’
721 1537 758 1569 ὡς
775 1537 822 1564 ἕνα
838 1538 868 1571 ἐξ
883 1538 951 1571 ἑνὸς,

163 1579 206 1606 ἀεὶ
223 1580 440 1616 συνυπάρχοντα,
454 1581 500 1608 καὶ
516 1582 650 1609 συναῖδιον
663 1583 709 1610 καὶ
721 1584 898 1619 ἐμπεφυκότα
914 1585 953 1621 τῷ

163 1625 335 1661 γεννήσαντι,
357 1627 386 1654 ἑν
404 1628 478 1664 αὑτῷ
494 1637 524 1655 τε
545 1629 619 1660 ὄντα,
641 1629 687 1656 καὶ
709 1629 739 1662 ἐξ
757 1630 839 1657 αὑτοῦ
855 1631 951 1667 προελ-

163 1669 244 1697 θόντα
263 1671 418 1707 ἀμερίστως
438 1673 484 1700 καὶ
508 1674 686 1707 ἀδιαστάτως,
712 1675 773 1702 ἐπεὶ
799 1677 867 1712 μηδὲ
883 1677 953 1704 κατὰ

165 1715 244 1751 σῶμα
258 1716 287 1743 τὸ
301 1717 389 1750 Θεῖον,
409 1718 477 1754 μήτε
490 1719 565 1755 τόπῳ
580 1720 755 1756 περιληπτὸν,
774 1721 789 1756 ἢ
801 1722 954 1758 διαστήμα-

162 1762 242 1794 τικὰς
258 1763 308 1795 τὰς
334 1764 497 1799 μεταϐάσεις
515 1766 650 1793 ποιεῖσθαι
675 1767 808 1802 πεφυκὸς,
835 1768 892 1796 ἀλλ’
914 1769 952 1801 ὡς

163 1808 286 1843 πρόεισιν
299 1810 331 1836 ὲκ
348 1809 432 1846 πυρὸς
447 1811 464 1846 ἡ
483 1806 579 1838 ἐνοῦσα
594 1811 728 1847 θερμότης
742 1812 825 1848 αὐτῷ,
837 1813 953 1840 δοκοῦσα

165 1851 214 1887 μέν
229 1861 288 1885 πως
301 1853 382 1880 αὑτοῦ
395 1855 453 1886 ταῖς
467 1855 598 1887 ἐπινοίαις
614 1857 785 1892 μερίζεσθαι,
803 1858 850 1884 καὶ
860 1858 953 1893 ἕτερόν

163 1907 189 1924 τι
200 1899 265 1934 παρ’
279 1899 345 1927 αὐτὸ
358 1900 499 1936 ὑπάρχειν,
514 1901 544 1935 ἐξ
556 1902 637 1929 αὑτοῦ
655 1903 682 1929 δὲ
695 1900 762 1930 οὖσα
777 1904 823 1930 καὶ
836 1905 865 1931 ἐν
878 1904 954 1940 αὐτῴ

164 1944 234 1972 κατὰ
254 1945 345 1980 φύσιν,
367 1947 414 1973 καὶ
428 1947 458 1979 ἐξ
474 1947 556 1974 αὑτοῦ
572 1948 705 1983 προϊοῦσα
722 1949 791 1984 μετὰ
805 1949 850 1976 τοῦ
870 1950 953 1985 μηδὲν

163 1990 265 2017 ἀδικεῖν
289 1991 361 2018 κατὰ
374 2000 406 2026 γε
426 1993 471 2019 τὸν
492 1993 646 2029 ἀποκοπῆς,
669 1994 727 2029 ἦτοι
747 1995 882 2030 μερισμοῦ
907 1995 953 2022 καὶ

165 2036 284 2070 ρεύσεως
301 2037 378 2072 λόγον
392 2046 398 2052 ·
423 2039 469 2074 ὅλη
492 2039 546 2075 γὰρ
560 2040 589 2066 ἐν
603 2039 656 2074 ὅλῳ
674 2039 713 2075 τῷ
729 2040 796 2075 πυρὶ
815 2040 931 2074 σώζεται
944 2050 951 2056 '

163 2082 234 2109 οὕτω
255 2083 388 2119 νοήσομεν
411 2085 457 2111 καὶ
477 2085 522 2111 ἐπὶ
542 2085 588 2111 τοῦ
613 2085 685 2112 θείου
706 2087 874 2122 γεννήματος
892 2087 951 2114 θεο-

164 2129 355 2165 πρεπεστάτην
375 2131 418 2157 ἐπ’
440 2130 513 2166 αὐτῷ
531 2131 580 2166 τὴν
607 2131 722 2167 θεωρίαν
747 2132 930 2168 λαμϐάνοντες
943 2142 950 2149 ·

164 2174 210 2201 καὶ
233 2174 297 2201 Υίὺν
318 2175 367 2210 μὲν
385 2175 457 2208 ἰδίως
475 2177 622 2211 ὑφεστᾶναι
643 2177 825 2210 πιστεύοντες,
848 2178 877 2204 οὐ
900 2178 951 2214 μὴν

165 2219 216 2274 ἔξω
227 2221 347 2272 τιθέντες
365 2222 444 2248 αὑτὸν
458 2222 508 2256 τῆς
522 2223 584 2256 μιᾶς
596 2223 642 2274 καὶ.
658 2224 797 2258 ἀφράστου
811 2224 950 2260 θεότητος,
969 2247 990 2274 D

163 2267 222 2294 οὐδὲ
240 2267 288 2294 τοῦ
308 2268 413 2303 [ἰατρὸς
430 2268 598 2303 ἐτεροούσιον
616 2266 684 2295 εἶναι
699 2269 839 2303 λέγοντες·
862 2271 877 2306 ἢ
896 2271 949 2307 γὰρ

164 2312 195 2339 ἂν
205 2313 269 2345 Υἱὸς
281 2314 369 2340 οὐκέτ’
381 2314 413 2340 ἂν
429 2315 513 2341 νοοῖτο
526 2314 647 2346 δικαίως,
662 2314 719 2340 ἀλλ’
734 2315 825 2350 ἕτερόν
837 2325 862 2342 τι
874 2317 950 2352 παρὰ

162 2358 250 2390 τοῦτο,
272 2358 319 2385 καὶ
341 2359 497 2394 πρόσφατος
520 2359 583 2394 ἡμῖν
608 2359 732 2386 ἁνατελεῖ
750 2360 831 2392 Θεὸς,
856 2361 950 2397 ἕτερος

163 2404 294 2440 ὑπάρχων
316 2405 391 2440 παρᾶ
408 2405 453 2431 τὸν
475 2405 538 2431 ὅντα
562 2405 608 2431 καὶ
626 2405 715 2440 μόνον.
733 2405 769 2431 Τὸ
788 2405 842 2441 γὰρ
858 2406 907 2433 οὐκ
920 2406 949 2433 ὃν

162 2449 304 2483 ὁμοούσιον
323 2450 362 2485 τῷ
376 2449 540 2484 κατὰήφύσιν
552 2449 620 2485 Θεῷ,
639 2451 696 2481 πῶς
713 2450 741 2476 οὺ
758 2451 866 2482 πάντως
881 2452 949 2478 ἀπο-

165 2496 287 2522 πεσεῖται
304 2495 350 2521 τοῦ
382 2492 450 2521 εἶναι
467 2496 532 2527 Θεὸς
552 2495 690 2531 ἀληθινός;
712 2496 820 2532 Ἐπειδὴ
839 2497 866 2523 δὲ
880 2497 952 2530 ἀξιόο

164 2541 251 2576 χρεώς
267 2550 297 2568 τε
314 2541 362 2568 καὶ
381 2541 592 2576 ἀξιολογώτατος
605 2543 619 2568 ὁ
635 2541 769 2576 μακάριος
787 2542 953 2578 Βαπτιστὴς,

167 2588 300 2624 μαρτυρεῖ
313 2588 341 2614 δὲ
355 2588 395 2614 ὅτι
414 2584 490 2619 οὗτός
509 2589 581 2614 ἐστιν
596 2589 610 2614 ὁ
625 2587 690 2618 Υἱὸς
708 2588 754 2614 τοῦ
776 2589 843 2615 Θεοῦ
855 2597 861 2604 ·
886 2589 951 2615 Θεὸν

166 2632 233 2660 εἶναι
255 2633 363 2665 πάντως
379 2633 503 2668 ἀληθινὸν
527 2634 728 2669 ὁμολογήσομεν
749 2634 794 2661 τὸν
814 2633 886 2666 Υίὲιν,
904 2636 951 2662 καὶ

166 2680 196 2705 ἐκ
207 2679 255 2714 τῆς
267 2679 361 2711 οὐσίας
374 2679 421 2706 τοῦ
437 2679 541 2714 Πατρός
554 2688 560 2694 ·
577 2679 655 2706 τοῦτο
670 2680 724 2716 γὰρ
741 2680 807 2716 ἡμῖν
824 2681 950 2716 σημαίνει

166 2726 195 2752 τι
206 2726 255 2761 τῆς
271 2726 393 2761 υίότητος
407 2726 502 2762 ἦνομπι,
518 2726 564 2753 καὶ
579 2726 671 2760 ἕτερον
687 2726 772 2754 οὐδέν.

203 2772 242 2806 Τῇ
266 2772 411 2806 ἐπαύριον
428 2773 520 2799 πάλιν
538 2772 668 2804 εἱστήκει
691 2774 707 2799 ό
727 2772 877 2806 Ἰωάννης,
901 2772 951 2799 καὶ

166 2816 199 2844 ἐκ
212 2817 271 2844 τῶν
289 2818 431 2853 μαθητῶν
457 2818 549 2846 αὐτοῦ
575 2818 646 2851 δύο,
663 2817 713 2846 καὶ
731 2817 884 2855 ἐμϐλέψας
913 2818 952 2852 τῷ

201 2905 224 2922 ³⁵
248 2906 327 2934 Prov.
348 2915 410 2938 xxv,
431 2907 455 2934 8.
495 2907 517 2922 ³⁶
533 2906 632 2943 Epiros.
651 2914 693 2941 ιιι,
710 2906 754 2935 15.

1009 948 1057 968 sus
1072 943 1174 974 autem,
1194 941 1291 969 beatus
1308 943 1477 977 evangelista
1500 943 1566 970 mihi
1584 943 1692 970 videtur
1707 942 1798 969 consi-

1007 985 1102 1014 derate
1128 985 1276 1013 admodum
1300 986 1410 1014 dicere:
1428 995 1438 1012 (
1458 986 1507 1014 llic
1527 991 1568 1014 est
1597 987 1682 1014 Filius
1711 986 1771 1018 Dei,
1786 997 1794 1013 ι

1007 1031 1059 1058 hoc
1071 1037 1122 1064 est,
1139 1039 1213 1059 unus
1230 1039 1262 1059 ac
1281 1032 1357 1060 solus
1372 1032 1521 1060 secundum
1537 1036 1674 1066 naturam,
1686 1032 1731 1060 ille
1747 1041 1796 1067 pa-

1007 1081 1092 1105 terna:
1110 1078 1287 1112 proprietatis
1308 1078 1407 1111 haeres,
1425 1078 1458 1105 ad
1478 1086 1560 1113 quem
1578 1078 1659 1106 etiam
1679 1085 1728 1105 nos
1749 1079 1796 1104 aul-

1008 1122 1093 1157 optivi
1120 1121 1342 1154 coniormamur,
1367 1127 1394 1150 et
1412 1130 1459 1157 per
1478 1129 1558 1157 quem
1584 1121 1615 1148 ad
1634 1121 1796 1155 dignitatem

1008 1167 1165 1202 adoptionis
1180 1175 1228 1202 per
1246 1168 1363 1203 gratiam
1381 1168 1468 1195 vocati
1490 1175 1598 1195 sumus.
1627 1165 1661 1194 Ut
1674 1167 1746 1194 enim
1762 1174 1796 1194 ex

1008 1212 1062 1240 Deo
1079 1216 1105 1240 et
1113 1212 1195 1239 Patre
1210 1221 1219 1237 ‹
1239 1212 1333 1239 Omnis
1347 1211 1497 1246 paternitas
1512 1212 1539 1238 in
1556 1210 1627 1238 coelo
1642 1213 1669 1237 et
1679 1209 1706 1237 in
1723 1214 1794 1237 terra

1006 1258 1167 1285 nominatur
1180 1258 1214 1290 ⁵⁸,
1231 1267 1241 1284 ι
1260 1262 1405 1292 propterea
1420 1257 1493 1292 quod
1518 1257 1576 1292 ipse
1603 1259 1646 1284 est
1671 1256 1793 1291 proprie,

1006 1311 1056 1340 per
1070 1311 1109 1336 se,
1126 1307 1154 1332 et
1168 1311 1232 1331 vere
1248 1302 1330 1330 Pater
1350 1308 1402 1336 est,
1428 1302 1468 1330 sic
1490 1303 1571 1330 etiam
1587 1302 1677 1329 omnis
1700 1301 1796 1328 tiliatio

1006 1358 1040 1378 ex
1055 1349 1135 1381 Filio,
1152 1354 1297 1385 propterea
1311 1349 1383 1384 quod
1399 1349 1458 1383 ipse
1477 1348 1586 1383 proprie
1602 1348 1736 1375 duntaxat
1752 1350 1795 1374 est

1007 1395 1104 1428 Filius,
1120 1402 1176 1422 non
1199 1395 1322 1429 spurius,
1340 1401 1429 1429 neque
1453 1393 1522 1421 falso
1539 1397 1726 1428 nuncupatus,
1745 1391 1793 1419 sed

1005 1451 1040 1470 ex
1062 1441 1218 1470 substantia
1236 1441 1284 1469 Dei
1307 1448 1340 1468 ac
1355 1440 1456 1473 Patris,
1471 1447 1526 1467 non
1547 1446 1596 1474 per
1616 1438 1793 1468 decisionem,

1007 1491 1054 1515 aut
1075 1487 1187 1519 ﬂuxum,
1209 1493 1258 1514 seu
1277 1485 1441 1514 divisionem
1455 1484 1559 1520 (divina
1575 1484 1676 1519 quippe
1694 1487 1793 1510 natura

1008 1533 1146 1568 passionis
1157 1532 1247 1560 omnis
1263 1537 1305 1559 est
1320 1529 1431 1566 expers)
1444 1530 1490 1558 sed
1505 1537 1576 1557 unus
1587 1537 1621 1556 ex
1636 1535 1701 1560 uno,
1714 1528 1800 1563 128.

1006 1586 1115 1615 semper
1126 1578 1310 1610 coexsistens,
1326 1580 1353 1605 et
1365 1580 1531 1609 coaeternus,
1545 1579 1570 1603 et
1590 1574 1664 1601 Patri
1680 1573 1792 1604 insitus,

1006 1630 1034 1653 et
1050 1625 1078 1652 in
1094 1625 1155 1660 ipso
1172 1624 1322 1656 exsistens,
1339 1626 1422 1657 atque
1437 1630 1470 1649 ex
1485 1621 1544 1656 ipso
1568 1619 1732 1655 procedens,
1754 1618 1794 1644 ci-

1005 1675 1047 1699 tra
1063 1670 1229 1699 divisionem
1251 1673 1278 1697 et
1300 1669 1448 1700 indivulse,
1466 1666 1689 1703 qiianquuidem
1703 1671 1793 1699 neque

1005 1724 1155 1751 corporeus
1180 1718 1222 1743 est
1236 1715 1318 1746 Deus,
1335 1721 1387 1742 nec
1407 1714 1467 1741 loco
1481 1711 1731 1743 circumscribitur,
1746 1713 1794 1737 aut

1006 1763 1123 1790 transitu
1134 1762 1259 1789 locorum
1269 1760 1477 1796 spatiorumque
1490 1762 1626 1791 movetur,
1639 1757 1686 1784 sed
1700 1765 1795 1792 quem»

1005 1808 1152 1836 admodum
1167 1815 1200 1835 ex
1220 1807 1283 1842 igne
1309 1806 1400 1841 prodit
1426 1806 1508 1833 insita
1527 1805 1550 1832 ei
1569 1804 1707 1836 ealiditas,
1732 1811 1794 1839 qua)

1005 1854 1112 1882 videtur
1139 1853 1173 1880 ab
1193 1860 1226 1880 eo
1240 1851 1443 1887 quodammodo
1468 1850 1635 1886 cogitatione
1656 1849 1791 1884 separari,

1005 1904 1032 1927 ct
1053 1899 1127 1926 aliud
1153 1898 1187 1925 ab
1205 1898 1265 1932 ipso
1291 1897 1421 1933 quiddam
1446 1896 1596 1927 exsistere,
1616 1902 1678 1922 cum
1705 1895 1741 1922 sit
1757 1903 1792 1922 ex

1005 1945 1066 1980 ipso
1080 1949 1106 1971 et
1125 1944 1153 1970 in
1169 1944 1229 1979 ipso
1245 1941 1404 1970 secundum
1425 1946 1562 1973 naturam,
1576 1944 1603 1967 et
1618 1947 1649 1967 ex
1670 1947 1704 1966 eo
1723 1940 1792 1967 citra

1004 1991 1134 2017 damnum
1159 1989 1244 2016 ullum
1261 1987 1401 2024 procedat,
1422 1987 1551 2014 nimirum
1578 1986 1648 2013 citra
1671 1985 1791 2015 decisio-

1005 2044 1065 2064 nem
1087 2044 1134 2064 seu
1148 2035 1315 2063 divisionem
1335 2041 1367 2061 ac
1390 2033 1494 2059 ﬂuxum
1511 2032 1580 2067 (tota
1595 2031 1669 2059 enim
1692 2031 1721 2059 in
1734 2034 1792 2058 toto

1004 2087 1133 2110 servatur
1153 2080 1226 2116 igne)
1247 2080 1288 2108 sic
1304 2079 1388 2106 etiam
1405 2077 1581 2106 statuendum
1607 2077 1687 2104 nobis
1700 2081 1740 2104 est
1758 2076 1792 2103 de

1004 2127 1099 2155 divino
1121 2126 1270 2161 genimine,
1286 2131 1336 2160 pro
1353 2131 1386 2151 eo
1401 2130 1432 2150 ac
1447 2122 1481 2150 de
1503 2122 1559 2150 Dco
1572 2121 1651 2149 decet
1667 2122 1792 2156 cogitan-

1005 2173 1079 2200 tibus
1098 2181 1103 2198 :
1125 2175 1153 2200 et
1174 2170 1260 2199 Filius
1280 2170 1390 2205 proprie
1413 2168 1526 2203 quidem
1551 2167 1706 2195 subsistere
1732 2174 1792 2194 cre-

1004 2217 1124 2249 dendus,
1151 2225 1207 2244 non
1227 2221 1319 2244 tamen
1344 2215 1378 2242 ab
1401 2222 1455 2241 una
1481 2218 1507 2242 et
1532 2213 1664 2241 ineffabili
1690 2212 1793 2240 deitate

1004 2263 1206 2295 cxcludendus,
1221 2269 1311 2297 neque
1326 2261 1441 2289 alterius
1458 2268 1519 2289 esse
1538 2267 1553 2289 ιι
1566 2259 1645 2286 Patre
1663 2258 1793 2287 substan-

1003 2310 1048 2337 tia:
1072 2308 1216 2337 dicendus.
1235 2307 1347 2343 Alioqui
1373 2307 1447 2334 enim
1478 2314 1541 2336 non.
1560 2305 1677 2340 amplius
1706 2304 1792 2330 Filius

1004 2364 1066 2384 esse
1083 2356 1146 2391 jure
1160 2355 1315 2390 putabitur,
1340 2353 1387 2381 sed
1414 2352 1518 2387 aliquid
1537 2350 1660 2381 aliudab
1680 2351 1750 2385 ipso,
1766 2354 1792 2376 ct

1004 2410 1102 2430 recens
1118 2402 1199 2430 nobis
1216 2402 1288 2429 Deus
1302 2400 1428 2432 exsistet,
1442 2399 1511 2426 alius
1534 2398 1568 2426 ab
1582 2404 1615 2424 co
1633 2397 1680 2431 qui
1703 2400 1745 2424 est
1760 2403 1792 2423 ae

1005 2449 1082 2475 solus
1098 2451 1151 2475 est.
1168 2446 1245 2480 Quod
1265 2446 1338 2474 enim
1365 2452 1418 2472 non
1434 2447 1476 2471 est
1491 2441 1726 2470 eonsubstantialc
1741 2448 1791 2468 na-

1005 2495 1087 2522 turali
1104 2494 1169 2527 Deo,
1187 2492 1326 2529 quomodo
1347 2491 1404 2518 ﬁeri
1430 2490 1532 2525 poterit
1549 2494 1579 2516 ut
1598 2488 1635 2515 sit
1652 2487 1726 2515 Deus
1746 2495 1792 2515 ve-

1005 2540 1069 2567 rus?
1084 2539 1139 2567 Sed
1154 2547 1216 2566 cum
1239 2537 1422 2574 gravissimus
1440 2543 1472 2563 ac
1494 2533 1730 2569 locupletissimus
1756 2533 1792 2561 sit

1004 2587 1101 2614 beatus
1117 2586 1253 2621 Baptista,
1273 2588 1301 2612 ct
1314 2584 1387 2611 hunc
1407 2589 1468 2611 esse
1482 2581 1649 2611 FiliumDei
1663 2584 1789 2612 testctur,

1004 2633 1103 2661 Filium
1125 2632 1210 2660 Deum
1224 2639 1284 2658 esse
1303 2637 1397 2658 verum
1418 2629 1514 2664 utique
1539 2628 1696 2660 fatebimur,
1712 2631 1739 2654 et
1758 2627 1790 2654 de

1006 2679 1162 2707 substantia
1176 2677 1276 2704 Patris.
1294 2676 1351 2703 Hoc
1367 2675 1453 2707 enim,
1466 2677 1494 2702 et.
1507 2673 1576 2701 nihil
1591 2673 1666 2700 aliud
1685 2672 1790 2708 signiti-

1006 2729 1051 2752 cat
1066 2731 1166 2752 nomen
1188 2722 1338 2750 ﬁliationis.

1039 2770 1062 2802 1,
1079 2770 1169 2798 55-36.
1182 2769 1274 2796 Altera
1295 2767 1338 2795 die
1354 2767 1450 2795 iterum
1466 2765 1554 2794 stabat
1569 2765 1697 2795 Joannes.
1715 2767 1739 2791 et
1759 2772 1792 2790 ea;

1006 2816 1146 2851 discipulis
1164 2816 1220 2851 ejus
1246 2814 1298 2842 duo
1314 2823 1322 2842 :
1340 2818 1366 2841 et
1386 2813 1526 2848 respiciens
1547 2812 1637 2840 Jcsum
1653 2809 1791 2838 ambulau-
