2028 3118
212 159 258 188 i9!

708 161 739 189 S.
759 160 900 189 CYRILLI
917 160 1155 190 ALEXANDRINI
1176 161 1338 190 ARCHIEP.

1787 161 1843 190 191

203 227 270 249 tom.
282 223 430 257 Propterea
447 221 587 257 propheta:
599 229 709 258 quoque
724 230 885 251 mensuram
896 231 991 251 exces-

1045 224 1094 250 Διά
1119 223 1207 256 τοῦτο,
1223 224 1270 250 καὶ
1284 224 1314 250 τὸ
1335 222 1484 257 προφητῶν
1505 222 1658 263 ἀνεπήδησε
1675 221 1843 258 μέτρον,ὠς

202 267 250 299 sit.
268 272 298 294 ut
317 268 376 302 ipse
403 267 504 295 alicubi
533 267 661 295 Salvator
691 268 730 295 ait
752 276 815 296 cum
839 268 942 296 Judmis
959 268 993 296 de

202 313 390 340 eodisserens
413 323 419 341 :
440 321 449 339 ι
472 313 542 346 Quid
557 314 653 341 existis
675 313 703 341 in
727 314 866 342 desertum
882 314 995 342 videre?

207 359 389 394 Prophetam?
403 359 493 386 Etiam
508 359 572 387 dico
591 361 678 392 vobis,
696 365 723 388 et
740 361 802 396 plus
824 368 906 396 quam
931 368 995 396 pro-

206 405 314 439 phetam
329 406 348 431 '.
373 415 383 432 ι
403 406 444 433 illi
463 406 536 433 enim
562 406 702 433 Christum
722 406 869 441 aliquando
895 410 994 433 ventu-

206 459 265 479 rum
283 452 486 487 prophelabant
502 462 508 479 :
524 453 569 480 hic
585 457 676 480 autem
692 460 756 480 cum
772 457 919 480 venturum
935 452 993 480 cla-

206 502 304 529 maret.
320 499 404 525 etiam
434 498 533 526 adesse
561 499 736 526 monstravit.
755 508 764 524 ι
788 499 882 526 Altera
921 498 994 525 enim

206 544 262 576 die,
281 544 382 579 inquit,
400 544 470 572 vidit
487 543 581 572 Iesum
602 545 757 572 venientem
773 545 806 572 ad
819 552 858 572 se.
875 554 884 570 ι

242 597 261 627 Ι,
273 596 320 623 29.
337 596 372 622 Et
388 597 426 623 ait
442 605 451 623 :
468 596 535 624 Ecce
549 597 640 632 Agnus
658 597 717 629 Dei,
736 597 781 631 qui
807 596 876 623 tollit
899 605 991 632 pecca-

206 646 262 669 tum
277 643 380 670 mundi.
975 657 979 660 ’

241 687 300 714 Non
322 688 380 722 jam
405 688 504 723 inquit,
524 697 533 714 ι
557 687 654 716 Parate
670 697 698 716 ιι
721 689 919 718 convenienter
936 696 994 716 am-

206 732 278 767 plius
307 733 361 760 dici
391 737 491 768 potest,
517 741 579 761 cum
607 738 738 761 cernatur
765 735 878 762 demum
907 739 936 762 et
966 735 993 762 in

205 780 294 807 oculis
311 780 348 807 sit
370 780 416 807 ille
434 784 546 815 propter
561 788 641 815 quem
668 780 695 807 lit
718 781 893 816 praeparatio.
913 781 994 808 Aliud

206 825 334 860 loquendi
352 833 439 860 genus
454 834 546 854 rerum
573 831 673 854 natura
692 827 826 862 postulat.
846 827 994 862 Exponen-

205 871 269 899 dum
280 876 324 899 est
341 872 421 908 114
435 874 497 907 quis
513 873 550 900 sit
566 873 611 900 ille
631 874 677 908 qui
698 873 756 908 jam
777 874 866 905 adest,
881 877 909 901 et
922 881 993 908 quas

204 916 240 943 ob
271 924 315 944 res
335 917 367 944 ad
398 925 447 944 nos
464 918 650 950 descenderit,
673 918 720 953 qui
741 918 774 946 de
800 919 880 947 uelis
907 919 992 946 venit.

207 972 218 988 ε
242 962 311 990 Ecce
330 972 339 988 ι
359 962 452 997 igitur,
468 963 568 998 inquit,
588 973 597 989 ι
618 964 711 998 Agnus
724 963 784 995 Dei,
801 974 810 990 ι
829 972 910 999 quem
929 973 994 999 pro-

205 1009 286 1044 pheta
305 1008 375 1036 lsaia
393 1009 474 1036 nobis
490 1009 725 1044 prmsigniﬂcavit,
748 1009 845 1038 dicens
864 1019 872 1038 :
888 1019 897 1036 Ι
915 1010 993 1038 Sicut

203 1054 265 1081 ovis
273 1054 306 1081 ad
317 1055 484 1082 occisionem
500 1055 603 1083 ductus
612 1060 665 1087 est,
677 1059 704 1083 et
715 1055 789 1084 sicut
799 1064 888 1091 agnus
899 1064 992 1084 coram

204 1101 336 1128 tondente
366 1108 396 1128 se
427 1101 566 1128 obmutuit
588 1101 609 1130 ⁸.
632 1111 642 1127 ι
662 1101 750 1134 Quem
782 1102 861 1134 olim,
893 1103 992 1138 inquit,

203 1145 289 1174 Mosis
312 1146 354 1174 lex
372 1147 570 1182 prmliguravit.
601 1146 655 1174 Sed
679 1155 712 1175 eo
731 1147 844 1182 quidem
870 1151 994 1183 tempore

203 1191 332 1219 servabat
347 1200 381 1220 ex
408 1195 496 1227 parte,
515 1200 570 1220 non
600 1193 629 1220 in
657 1200 755 1221 omnes
776 1193 994 1222 misericordiam

202 1245 280 1264 suam
310 1238 469 1266 diﬂ'undens
495 1247 501 1265 :
527 1243 609 1274 typus
633 1239 706 1267 enim
735 1243 795 1267 erat
823 1244 851 1267 et
877 1240 993 1273 umbra;

203 1291 278 1311 nunc
293 1289 386 1312 autem
408 1284 455 1312 ille
468 1284 575 1319 Agnus,
587 1285 633 1320 qui
650 1285 715 1313 olim
730 1286 904 1320 anigmatice
923 1294 994 1321 prae-

204 1329 386 1364 ﬁgurabatur,
410 1330 589 1358 immaculata
617 1331 663 1358 illa
683 1331 772 1358 hostia
795 1339 844 1367 pro
863 1332 994 1360 omnibus

203 1375 237 1402 ad
254 1375 423 1403 occisionem
441 1376 564 1409 ducitur,
580 1381 611 1404 ut
637 1377 732 1405 mundi
750 1383 894 1412 peccatum
916 1386 994 1407 amo-

203 1425 276 1455 veat,
293 1425 323 1449 ut
339 1422 414 1450 orbis
428 1422 675 1450 exterminatorem
693 1427 810 1456 evertat,
827 1428 858 1450 ut
875 1427 993 1451 mortem

203 1475 254 1502 pro
275 1467 405 1495 omnibus
428 1467 559 1496 obeundo
576 1472 693 1496 mortem
720 1469 842 1502 aboleat,
858 1473 888 1496 ut
905 1470 994 1498 solvat

203 1513 344 1541 hominum
359 1513 582 1542 maledictionem
593 1515 615 1548 ’,
630 1518 660 1542 ut
676 1519 765 1543 cesset
781 1515 890 1543 tandem
908 1516 991 1544 illud:

1046 269 1127 300 αὑτός
1153 268 1203 295 πού
1220 277 1301 304 φησιν
1325 269 1339 294 ὁ
1355 267 1460 302 Σωτὴρ,
1477 267 1545 302 πρὸς
1559 266 1702 298 Ἰουδαίους
1719 267 1842 302 διαλεγό-

1047 322 1128 349 μενος
1151 314 1215 349 περὶ
1242 313 1341 340 αὐτοῦ’
1359 323 1369 340 ι
1390 313 1422 339 Τί
1441 312 1567 347 ἐξήλθετε
1591 313 1630 344 εἰς
1658 312 1707 348 τὴν
1736 312 1842 348 ἔρημον

1047 359 1110 386 ἰδεῖν
1124 368 1131 392 ;
1144 359 1290 394 Προφήτην
1304 368 1312 393 ;
1327 359 1382 385 Ναὶ
1395 358 1466 392 λέγω
1481 359 1556 394 ὑμῖν,
1575 359 1622 384 καὶ
1645 359 1841 394 περισσότερον

1046 405 1212 440 προφήτου.)
1229 405 1261 432 Οἰ
1274 405 1324 440 μὲν
1339 404 1394 440 γὰρ
1411 405 1451 431 ὅτι
1468 404 1538 431 κατὰ
1552 405 1666 439 καιροὺς
1682 404 1843 442 ἀναδειχθῂ-

1046 458 1120 476 σεται
1137 450 1253 486 Χριστὸς
1274 450 1470 486 προεφήτευον,
1493 451 1507 476 ό
1518 449 1546 476 δὲ
1561 449 1599 481 ὡς
1617 449 1676 485 ἥξει
1694 450 1772 486 βοῶν,
1792 451 1842 478 καὶ

1045 495 1167 531 παρόντα
1174 495 1284 530 δέδειχε.
1297 505 1306 522 ι
1321 496 1361 532 Τῇ
1380 495 1433 531 γὰρ
1448 495 1590 529 ἐπαύριον,
1602 496 1678 531 φησὶ,
1690 497 1782 532 βλέπει
1794 497 1842 524 τὸν

1052 541 1155 577 Ἰησοῦν
1168 542 1315 577 ἐρχόμενον
1330 542 1398 577 πρὸς
1415 542 1508 570 αὐτόν.
1525 553 1534 569 ι

1082 597 1138 625 Kal
1151 597 1231 632 λέγει
1242 608 1248 613 ·
1263 599 1324 626 Ἴδε
1334 600 1350 625 ό
1371 599 1479 634 ’Λμνὸς
1495 592 1548 626 τοῦ
1566 599 1640 627 Θεοῦ
1653 601 1669 627 ό
1680 600 1771 634 αἴρων
1781 600 1841 634 τὴν

1044 643 1192 678 ἁμαρτίαν
1205 644 1258 671 τοῦ
1272 645 1400 679 κόσμου.

1081 689 1178 716 Οὐκέτι
1186 689 1240 722 τὺ,‹
1251 690 1441 725 Ἑτοιμάσατε,
1449 690 1558 726 »καιρὸν
1569 690 1624 726 ἔχει
1635 691 1680 717 τὸν
1688 692 1838 726 πρέποντα·

1045 734 1136 762 λοιπὸν
1157 735 1298 771 ὁρωμένου
1321 736 1368 762 καὶ
1392 735 1468 767 ὄντος
1490 737 1519 763 ἐν
1534 736 1684 772 ὀφθαλμοῖς
1700 737 1745 764 τοῦ
1761 737 1796 763 δι’
1809 737 1841 763 ὃν

1045 782 1063 816 ἡ
1088 781 1232 816 ἑτοιμασία
1260 782 1384 815 γίνεται·
1405 781 1507 817 ἐτέρων
1534 782 1618 808 ἐδεῖτο
1642 782 1729 816 λόγων
1756 782 1841 817 ήτοῦ

1046 826 1207 862 πράγματος
1224 826 1315 860 φύσις.
1340 826 1438 862 Ἐχρῆν
1463 826 1620 862 ἐξηγεῖσθαι
1640 827 1682 859 τίς
1697 828 1711 854 ὁ
1726 827 1840 862 παρὼν,

1046 873 1092 899 καὶ
1107 873 1153 899 ἐπὶ
1166 872 1236 899 τίσιν
1249 871 1305 907 ἔχει
1318 871 1366 907 τὴν
1381 871 1494 899 κάθοδον
1506 873 1520 898 ό
1537 871 1606 907 πρὸς
1622 873 1696 908 ἡμᾶς
1712 871 1742 904 ἐξ
1758 873 1842 908 οὐρα-

1046 918 1100 946 νῶν
1125 917 1285 952 ἀφιγμένος.
1303 926 1313 943 ι
1329 917 1382 944 Ἴδε
1397 917 1497 950 τοίνυν,
1517 918 1610 953 φησιν,
1631 918 1645 944 ό
1665 918 1762 953 ’Δμνδς
1791 917 1840 944 τοῦ

1045 963 1124 995 Θεοῦ,
1142 973 1152 989 ι
1174 963 1204 990 ὃν
1223 963 1237 990 ὁ
1253 963 1398 998 προφήτης
1424 964 1490 998 ἡμῖν
1518 963 1632 995 Ἡσαΐας
1654 964 1841 998 κατεσήμαινε

1044 1009 1150 1044 λέγων·
1169 1018 1179 1035 ι
1201 1009 1244 1041 Ὧς
1267 1009 1402 1045 πρόϐατον
1419 1009 1468 1036 ἐπὶ
1495 1009 1601 1045 σφαγὴν
1625 1010 1695 1045 ἢχθη
1708 1029 1716 1041 ,
1739 1009 1786 1036 καὶ
1802 1009 1842 1041 ὠς

1044 1055 1129 1090 ἀμνὸς
1144 1055 1264 1082 ἐναντίον
1280 1055 1327 1081 τοῦ
1346 1055 1484 1090 κείροντος
1494 1056 1574 1083 αὑτὸν
1585 1056 1719 1090 ἀφωνος.ι
1732 1057 1781 1082 Ὃν
1795 1055 1843 1082 καὶ

1045 1101 1139 1132 πάλαι,
1157 1101 1240 1136 φησὶν
1250 1121 1257 1133 ,
1275 1101 1289 1127 ό
1304 1101 1348 1127 διὰ
1365 1101 1486 1133 Μωσέως
1501 1102 1637 1128 ἀνετύπου
1655 1102 1738 1137 νόμος
1748 1109 1756 1117 ο
1770 1101 1842 1128 ἀλλὰ

1043 1146 1103 1173 τότε
1122 1146 1171 1181 μὲν
1195 1145 1280 1178 ἔσωζε
1297 1146 1428 1182 μερικῶς,
1446 1147 1496 1173 οὐκ
1513 1147 1553 1178 εἰς
1572 1147 1695 1179 ἅπαντας
1713 1147 1842 1174 ἐκτείνων

1043 1191 1090 1218 τὸν
1100 1191 1172 1218 ἐλεον
1182 1199 1188 1206 ·
1202 1191 1287 1223 τύπος
1295 1192 1349 1227 γὰρ
1358 1189 1401 1227 ἦν,
1414 1191 1460 1218 καὶ
1477 1191 1542 1218 σκιά
1550 1200 1556 1207 ·
1568 1193 1627 1218 νυνὶ
1637 1192 1666 1219 δὲ
1681 1192 1696 1218 ὁ
1712 1191 1796 1218 πάλαι
1805 1182 1840 1218 δι’

1044 1236 1213 1272 αἰνιγμάτων
1221 1235 1449 1272 ζωγραφούμενος
1457 1237 1471 1264 ὁ
1477 1236 1604 1271 ἀληθινὸς
1618 1237 1759 1272 Ἀμνδς,τδ
1766 1237 1843 1272 ἀμω-

1046 1291 1096 1318 μον
1113 1283 1209 1318 ἱερεῐον
1223 1283 1294 1319 ὑπὲρ
1317 1283 1426 1310 πάντων
1446 1282 1541 1317 ἄγεται
1566 1283 1635 1318 πρὸς
1654 1283 1777 1319 σφαγὴν,
1797 1284 1841 1310 ἵνα

1044 1327 1091 1355 τοῦ
1109 1327 1211 1363 κόσμου
1225 1328 1274 1363 τὴν
1297 1328 1436 1364 ἁμαρτίαν
1450 1329 1545 1365 ἐλάσῃ,
1564 1329 1608 1355 ἵνα
1621 1330 1666 1355 τὸν
1681 1331 1731 1364 τῆς
1747 1331 1840 1356 οἰκου-

1046 1373 1130 1408 μένης
1145 1372 1308 1409 ὀλοθρευτὴν
1322 1373 1471 1409 ἀνατρέψῃ.
1487 1374 1530 1400 ἴνα
1545 1375 1708 1410 καταργήσῃ
1729 1375 1774 1401 τὸν
1790 1374 1840 1401 θά-

1044 1428 1123 1446 νατον
1134 1419 1205 1455 ὑπὲρ
1222 1419 1330 1447 πάντων
1345 1419 1501 1452 ἀποθανὼν,
1516 1420 1560 1447 ἴνα
1573 1420 1640 1456 λύσῃ
1655 1420 1704 1456 τὴν
1719 1421 1761 1455 ἐφ’
1773 1422 1841 1457 ἡμῖν

1044 1465 1176 1501 κατάραν,
1199 1465 1241 1492 ῐνα
1266 1465 1404 1501 παύσηται
1423 1465 1516 1492 λοιπὸν
1527 1466 1571 1499 τὸ,
1590 1476 1598 1492 ι
1623 1466 1661 1501 Γῆ
1681 1465 1716 1498 εἴ,
1738 1467 1785 1494 καὶ
1800 1467 1841 1498 είς

1043 1511 1096 1546 γῆν
1112 1511 1262 1547 ἀπελεύσῃ,
1289 1520 1298 1536 ι
1323 1511 1368 1538 ἵνα
1389 1511 1502 1547 γένηται
1527 1512 1653 1548 δεύτερος
1674 1513 1769 1548 ’Δδὰμ,
1790 1513 1841 1539 οὐκ

206 1569 215 1586 ι
235 1559 321 1587 Terra
338 1567 379 1592 es,
396 1564 423 1587 et
445 1560 473 1588 in
490 1564 592 1588 terram
609 1561 757 1589 reverteris
769 1563 801 1594 ‘°,
821 1571 830 1588 ι
848 1566 878 1589 ut
899 1562 935 1590 sit
946 1563 991 1591 ille

1044 1560 1098 1587 ἀπὸ
1112 1561 1174 1596 γῆς,
1193 1560 1250 1587 ἀλλ’
1264 1559 1293 1593 ἐξ
1316 1560 1443 1596 οὐρανοῦ,
1459 1561 1506 1587 καὶ
1522 1561 1593 1596 ἁρχὴ
1619 1561 1730 1597 γένηται
1744 1562 1776 1596 τῇ
1791 1561 1841 1587 ἀν-

202 1605 342 1633 sccundus
355 1605 453 1639 Adam,
468 1614 523 1634 non
537 1615 552 1634 e
566 1610 652 1640 terra,
667 1607 715 1635 sed
728 1616 743 1636 e
755 1608 835 1640 coelo,
848 1609 994 1644 omnisque

202 1650 267 1678 boni
283 1651 452 1685 principium
474 1655 582 1680 naturae
604 1652 732 1681 humanae
751 1654 878 1687 exsistat,
893 1654 994 1682 solutio

201 1696 303 1725 invecti
325 1697 465 1732 interitus,
490 1704 601 1726 aeternae
622 1699 687 1727 vitae
709 1699 885 1734 conciliator,
909 1708 993 1728 causa

202 1743 409 1772 reformationis
428 1744 461 1772 ad
488 1745 586 1778 Deum,
603 1746 717 1781 pietatis
733 1750 761 1774 et
781 1747 895 1781 iustitia:
916 1747 993 1782 prin-

201 1789 317 1824 eipium,
337 1789 382 1816 via
407 1789 528 1825 denique
552 1789 586 1817 ad
613 1798 728 1826 regnum
745 1792 889 1819 caelorum.
915 1791 993 1821 Unus

201 1834 275 1862 enim
296 1839 424 1863 mortuus
442 1840 484 1864 est
499 1843 589 1871 agnus
601 1844 650 1872 pro
665 1837 806 1868 omnibus,
817 1845 926 1865 omnem
943 1838 993 1866 ho-

201 1879 307 1908 minum
330 1888 441 1916 gregem
467 1888 582 1909 servans
599 1880 657 1909 Deo
680 1889 712 1909 ac
725 1881 800 1910 Patri
826 1892 832 1910 :
855 1891 927 1910 unus
944 1891 993 1918 pro

200 1926 341 1959 omnibus,
359 1930 390 1954 ut
406 1933 503 1955 omnes
518 1926 575 1955 Deo
594 1927 729 1962 subjiciat
748 1937 755 1956 :
775 1936 847 1957 unus
866 1937 916 1964 pro
934 1937 993 1956 om-

200 1970 294 2004 nibus,
321 1975 352 1999 ut
373 1979 469 2000 omnes
494 1972 716 2000 lucrifaciatzut
741 1981 839 2003 omnes
871 1974 992 2010 denique

199 2023 256 2043 non
269 2016 325 2051 jam
341 2016 394 2044 sibi
412 2017 516 2050 vivant,
531 2018 579 2045 sed
594 2018 620 2046 ei
637 2018 685 2053 qui
708 2026 758 2054 pro
776 2019 844 2054 ipsis
864 2024 992 2047 mortuus

198 2067 242 2090 est
259 2066 286 2090 et
304 2064 460 2091 resurrexit
476 2064 508 2091 “.
523 2063 591 2091 Nam
612 2072 676 2093 cum
701 2065 728 2093 in
751 2066 847 2093 multis
870 2067 991 2100 peccatis

198 2116 335 2141 essemus.
352 2113 435 2144 atque
457 2109 563 2138 idcirco
590 2111 671 2139 morti
693 2115 722 2138 et
749 2111 925 2146 corruptioni
941 2112 991 2139 ob-

199 2151 285 2184 noxii,
301 2151 375 2180 dedit
393 2152 492 2181 Filium
506 2162 588 2182 suum
605 2154 687 2182 Pater
704 2155 923 2191 redemptionem
940 2163 990 2191 pro

198 2197 289 2230 nobis,
310 2197 395 2226 unum
421 2207 472 2235 pro
491 2201 631 2233 omnibus,
649 2202 780 2236 quoniam
804 2201 899 2229 omnia
924 2206 990 2229 sunt

1044 1607 1154 1644 θρώπου
1187 1607 1267 1642 φύσει
1296 1607 1396 1639 παντὸς
1420 1607 1545 1641 ἀγαθοῦ,
1572 1607 1648 1639 λύσις
1676 1607 1840 1634 ἐπεισάκτου

1044 1653 1157 1688 φθορᾶς,
1175 1652 1304 1688 πρόξενος
1319 1652 1431 1679 αἰωνίου
1448 1652 1521 1687 ζωῆς
1533 1672 1540 1684 ,
1553 1652 1777 1687 ἀναμορφὼσεως
1791 1652 1841 1687 τῆς
1859 1680 1865 1687 1

1043 1699 1083 1730 εἰς
1097 1698 1162 1725 Θεὸν
1178 1698 1307 1730 ὑπόθεσις
1318 1719 1326 1731 ,
1342 1698 1484 1730 εὐσεϐείας
1505 1698 1552 1724 καὶ
1571 1697 1744 1730 δικαιοσύνης
1756 1697 1838 1733 ἀρχὴ.

1043 1745 1101 1776 ὁδὸς
1116 1745 1156 1776 εἰς
1180 1743 1318 1779 βασιλείαν
1343 1743 1466 1779 οὐρανῶν
1479 1751 1485 1758 ·
1504 1741 1545 1775 εἷς
1566 1743 1620 1779 γὰρ
1647 1743 1716 1778 ὑπὲρ
1730 1743 1840 1770 πάντων

1042 1791 1178 1817 ἀπέθανεν
1193 1790 1288 1826 ἀμνὸς,
1300 1789 1364 1825 ὃλην
1382 1789 1529 1822 ἀνασώζων
1544 1790 1593 1825 τὴν
1605 1790 1652 1816 ἐπὶ
1670 1790 1721 1824 γῆς
1736 1789 1840 1824 ἀγέλην

1043 1837 1081 1873 τῷ
1094 1836 1154 1872 Θεῷ
1179 1837 1226 1863 καὶ
1243 1836 1332 1872 Πατρί
1343 1843 1351 1850 ⁸
1369 1833 1409 1868 εἷς
1435 1836 1506 1872 ὑπὲρ
1524 1837 1634 1863 πάντων
1645 1856 1652 1868 ,
1669 1836 1713 1862 ἴνα
1733 1836 1839 1867 πάντας

1043 1882 1165 1918 ὑποτάξῃ
1175 1881 1243 1917 Θεῷ·
1257 1879 1298 1914 εἷς
1311 1882 1380 1918 ὑπὲρ
1395 1882 1515 1913 πάντων,
1532 1882 1575 1908 ἵνα
1592 1882 1694 1913 πάντας
1709 1881 1837 1917 κερδάυῃο

1043 1928 1087 1955 ἰνα
1098 1928 1192 1956 λοιπὸν
1206 1928 1230 1955 οἰ
1245 1928 1346 1960 πάντες
1365 1928 1464 1964 μηκέτι
1481 1930 1587 1961 ἑαυτοῖς
1605 1928 1699 1960 ζῶσιν,
1716 1929 1784 1956 ἀλλά
1799 1929 1840 1963 τῷ

1042 1973 1113 2009 ὑπὲρ
1126 1972 1216 2001 αὐτῶν
1234 1973 1409 2007 ἀποθανόντι,
1424 1973 1471 2000 καὶ
1493 1974 1643 2009 ἐγερθέντι.
1663 1973 1771 2009 Ἐπειδὴ
1783 1973 1838 2008 γὰρ

1041 2017 1111 2054 ἦμεν
1140 2019 1168 2046 ἐν
1195 2019 1305 2052 πολλαῖς
1331 2020 1496 2056 ἁμαρτίαις,
1517 2020 1563 2047 διά
1587 2028 1616 2047 τε
1642 2020 1722 2046 τοῦτο
1750 2029 1838 2055 χρεω-

1043 2065 1186 2101 στούμενοι
1207 2066 1315 2101 θανάτῳ
1342 2066 1390 2092 καὶ
1414 2066 1521 2102 φθορᾷ,
1536 2066 1651 2093 δέδωκεν
1678 2066 1838 2101 ἀντίλυτρον

1042 2110 1113 2146 ὑπὲρ
1138 2110 1232 2146 ἡμῶν,
1254 2110 1298 2137 τὸν
1320 2111 1383 2138 Υίδν
1400 2112 1414 2137 ὸ
1437 2111 1532 2147 Πατὴρ
1545 2111 1593 2138 ἕνα
1618 2112 1688 2147 ὑπὲρ
1715 2112 1836 2144 πάντων,

1041 2156 1103 2182 ἐπεὶ
1128 2156 1176 2182 καὶ
1210 2156 1299 2183 πάντα
1325 2157 1354 2183 ἐν
1381 2157 1475 2192 αὐτῷ,
1493 2158 1541 2184 καὶ
1569 2158 1678 2184 πάντων
1705 2157 1837 2192 κρείττων

1041 2201 1134 2228 ἐστίν’
1160 2199 1200 2234 εἷς
1221 2201 1357 2229 ἀπέθανεν
1379 2203 1449 2238 ὑπὲρ
1479 2203 1606 2236 πάντων,
1619 2203 1663 2230 ἵνα
1684 2203 1709 2230 οἰ
1736 2203 1837 2235 πάντες

198 2243 227 2270 in
248 2243 319 2278 ipso,
342 2248 369 2271 et
392 2245 521 2274 omnibus
544 2247 642 2274 melior
673 2251 726 2275 est.
745 2247 822 2275 Unus
851 2255 902 2283 pro
930 2256 989 2276 om-

1043 2247 1169 2282 ζήσωμεν
1189 2247 1218 2274 ἐν
1233 2247 1321 2283 αὐτῷ·
1331 2248 1475 2275 καταπιὼν
1487 2249 1541 2285 γὰρ
1555 2250 1569 2276 ό
1580 2248 1694 2280 θάνατος
1710 2249 1756 2275 τὸν
1766 2249 1836 2284 ὑπὲρ

198 2289 280 2316 nibus
298 2294 423 2319 mortuus
449 2297 503 2326 est,
526 2297 557 2320 ut
585 2300 682 2320 omnes
709 2293 833 2321 vivamus
863 2295 890 2321 in
917 2295 988 2330 ipso.

200 2334 270 2362 Cum
299 2336 373 2363 enim
398 2337 522 2365 occisum
552 2345 604 2373 pro
630 2338 759 2366 omnibus
782 2339 890 2374 Agnum
914 2347 989 2367 mors

197 2381 386 2416 absorpserit,
417 2383 499 2410 simul
530 2384 613 2410 ctiam
640 2384 667 2411 in
695 2385 755 2419 ipso
782 2388 810 2412 et
837 2393 899 2412 cum
929 2385 989 2420 ipso

196 2431 312 2455 cunctos
335 2429 468 2455 evomuit.
487 2428 588 2456 Omnes
602 2429 675 2456 enim
698 2437 808 2457 eramus
833 2430 860 2457 in
878 2429 990 2459 Christo

196 2473 243 2508 qui
262 2478 373 2508 propter
394 2482 445 2501 nos
469 2479 496 2502 et
513 2482 562 2510 pro
582 2475 663 2503 nobis
683 2480 809 2504 mortuus
827 2480 879 2509 est,
905 2481 990 2513 atque

197 2520 350 2547 resurrexit
373 2529 380 2547 :
404 2521 507 2548 abolito
530 2529 595 2549 vero
626 2526 750 2557 peccato,
780 2523 829 2558 qui
852 2523 910 2552 ﬂeri
939 2532 989 2560 po-

196 2570 268 2595 terat
296 2571 326 2594 ut
351 2575 428 2596 mors
461 2569 565 2601 etiam,
595 2577 657 2604 quae
682 2577 715 2597 ex
746 2571 806 2606 ipso
831 2575 891 2604 est,
919 2580 987 2608 pro-

197 2618 257 2648 pter
281 2613 370 2648 ipsum
386 2620 440 2640 non
460 2613 561 2641 abolita
588 2615 644 2642 sit?
668 2615 775 2643 Mortua
795 2616 888 2645 radice
916 2625 986 2652 quo-

198 2658 281 2684 modo
299 2665 411 2692 germen
439 2659 615 2687 servabitur?
641 2665 750 2689 mortuo
775 2666 900 2698 peccato,
927 2671 987 2698 quae

197 2703 333 2733 moriendi
361 2703 441 2731 nobis
464 2712 548 2732 causa
575 2706 644 2733 erit?
667 2705 757 2739 Quare
787 2707 820 2735 de
847 2707 987 2735 occisione

197 2747 267 2783 Agni
281 2748 329 2776 Dei
345 2750 460 2778 solemni
475 2751 660 2780 exsultatione
675 2753 839 2781 dicamus”
862 2753 914 2781 Ubi
930 2757 985 2786 est,

198 2802 283 2828 mors,
309 2796 425 2825 vicwria
451 2798 518 2833 tua?
541 2798 587 2826 ubi
600 2799 729 2828 stimulus
739 2805 814 2833 tuus,
835 2799 961 2829 inferne?
976 2810 984 2826 ι

1043 2292 1153 2320 πάντων
1173 2292 1281 2328 Ἀμνὸν.
1299 2293 1402 2326 πάντας
1429 2294 1563 2330 ἐξήμεσεν
1584 2295 1612 2321 ἐν
1637 2294 1711 2330 αὐτῷ
1735 2303 1765 2321 τε
1789 2295 1837 2322 καὶ

1044 2339 1092 2366 σὺν
1105 2338 1190 2374 αὐτῷ.
1210 2340 1241 2366 Ol
1266 2339 1320 2375 γάρ
1337 2340 1438 2372 πάντες
1454 2338 1526 2376 ἦμεν
1540 2341 1569 2367 ἐν
1591 2341 1630 2376 τῷ
1651 2341 1684 2367 δι’
1699 2342 1772 2376 ἡμᾶς
1789 2341 1836 2368 καὶ

1043 2383 1114 2418 ὑπὲρ
1125 2383 1205 2418 ἡμῶν
1218 2384 1396 2417 ἀποθανόντι,
1413 2386 1460 2411 καὶ⁸
1473 2385 1612 2421 ἐγερθέντι
1626 2386 1737 2422 Χριστῷ
1747 2395 1754 2402 ·
1769 2395 1836 2413 κατ-

1042 2429 1215 2465 αργουμένης
1238 2430 1266 2456 δὲ
1292 2431 1341 2466 τῆς
1365 2431 1522 2466 ἁμαρτίας,
1549 2431 1608 2463 πῶς
1633 2432 1771 2467 ἐνεδέχετο
1798 2432 1834 2468 μὴ

1041 2476 1102 2512 οὐχ).
1115 2476 1224 2508 πάντως
1233 2476 1279 2503 καὶ
1289 2479 1336 2504 τδν
1343 2477 1373 2510 ἐξ
1383 2477 1468 2512 αὐτῆς
1479 2477 1512 2504 δι’
1522 2477 1607 2512 αὐτὴν
1626 2478 1835 2514 καταργηθῆναι

1041 2522 1173 2555 θάνατον;
1198 2522 1400 2559 Ἀποθανούσης
1414 2523 1463 2558 τῆς
1479 2524 1567 2559 ῥίζης,
1585 2523 1644 2556 πῶς
1659 2524 1691 2551 ἃν
1717 2524 1758 2551 ἔτι
1778 2525 1834 2551 λοι-

1041 2568 1119 2596 πδνό
1144 2568 1175 2601 ἐξ
1191 2568 1276 2603 αὐτῆς
1301 2568 1390 2605 ἐσώθη
1418 2569 1617 2604 βλαστόςςΔιὰ
1641 2570 1720 2596 ποίαν
1744 2570 1835 2596 αἰτίαν

1041 2612 1190 2648 ἐμέλλομεν
1198 2613 1382 2648 ἀποθνήσκειν
1396 2613 1503 2649 ἔτι,τῆς
1516 2614 1653 2649 ἁμαρτίας
1669 2614 1834 2650 ἀναιρουμέ-

1041 2667 1108 2694 νης;
1132 2658 1236 2686 οὐκοῦν
1262 2658 1437 2694 ἑορτάζοντες
1465 2659 1590 2695 λέγωμεν
1609 2660 1655 2686 ἐπὶ
1679 2661 1712 2695 τῇ
1741 2661 1832 2696 σφαγῇ

1039 2705 1086 2732 τοῦ
1105 2705 1204 2741 Ἀμνοῦ
1214 2705 1261 2732 τοῦ
1276 2705 1345 2733 Θεοῦ
1358 2714 1364 2721 ·
1380 2706 1450 2733 «Ποῦ
1467 2707 1484 2740 ἡ
1496 2707 1558 2742 νίκη
1580 2715 1639 2738 σου,
1655 2706 1768 2740 θάνατε;
1782 2707 1833 2734 ποῦ

1041 2753 1072 2780 τὸ
1090 2753 1202 2788 κέντρον
1217 2762 1275 2785 σου,
1303 2753 1372 2789 ᾅδης
1391 2769 1426 2774 -—
1448 2754 1526 2781 Πᾶσα
1546 2753 1600 2790 γὰρ
1614 2754 1724 2789 ἀνομία,
1738 2764 1747 2779 ι
1767 2753 1834 2781 καθ-

1043 2800 1114 2834 άπερ
1143 2799 1196 2835 ἔφη
1220 2808 1273 2826 που
1301 2799 1410 2835 ψάλλων
1425 2801 1439 2826 ὀ
1459 2800 1596 2836 Μελῳδὸς,
1615 2809 1624 2826 ι
1643 2799 1778 2836 ἐμφράξει
1803 2798 1834 2825 τὸ

232 2872 241 2887 ⁷
258 2872 350 2901 Matth.
372 2883 409 2908 xi,
425 2875 451 2903 9.
490 2876 500 2891 ⁸
515 2875 568 2904 lsa.
588 2885 646 2911 LIII,
664 2877 689 2903 7.
732 2878 742 2893 ν
759 2876 840 2905 1(Ι(›ι”.
859 2885 904 2911 xv,
921 2878 936 2904 5
954 2885 1030 2914 seqq.
1071 2877 1092 2893 ”
1110 2876 1178 2905 Gen.
1197 2884 1240 2910 tu,
1263 2876 1305 2904 ιθ.
1346 2875 1365 2893 ¹¹
1383 2875 1404 2903 ll
1419 2877 1481 2905 Cor.
1499 2885 1525 2910 ν,
1552 2877 1594 2911 Η,
1613 2878 1654 2906 lli.
