2028 3118
161 168 214 197 195

685 168 716 196 ΙΝ
736 167 880 197 JOANNIS
901 169 1127 199 EVANGELIUM
1147 170 1210 197 LIB.
1228 169 1260 196 ll.

1731 172 1744 198 1
1749 170 1784 200 98

160 225 250 260 στόμα
263 225 359 260 αὐτῆς,
378 234 387 251 ι
410 225 501 252 οὐκέτι
517 227 678 260 κατηγορεῖν
690 226 744 253 τῶν
761 227 790 260 eg
804 227 947 259 ἀσθενείας

1001 237 1009 254 ι
1032 229 1128 256 Omnis
1152 228 1226 255 enim
1254 227 1446 263 iniquitasnn
1467 232 1497 255 ut
1517 227 1620 256 alicubi
1639 227 1787 257 Psalmista

157 271 363 306 ἡμαρτηκότων
385 271 523 306 ἰσχύουσα.
541 281 550 297 ι
569 272 634 303 Θεὸς
648 272 702 308 γὰρ
715 274 730 299 ὁ
747 272 868 300 δικαιῶν·
887 273 951 308 Χρι-

159 315 221 346 στὸς
231 316 308 350 ἡμᾶς
322 315 489 351 ἐξηγόρασεν
503 317 534 342 ὲκ
548 317 597 352 τῆς
607 318 727 352 κατάρας
738 316 784 343 τοῦ
797 317 889 352 νόμου,
902 325 949 351 γε⁴

158 361 272 395 νόμενος
293 361 363 396 ὑπὲρ
385 361 463 396 ἡμῶν
477 363 599 398 κατάρα,
613 363 657 390 ἴνα
673 364 752 398 ἡμεῖς
768 363 817 398 τὴν
839 363 869 396 ἐξ
887 364 949 390 ανο-

160 407 225 441 μίας
242 407 311 442 ἀρὰν
326 407 510 442 διαφύγωμεν.
529 417 538 433 ι

198 493 295 527 Οὗτός
311 495 377 521 ἐστι
394 496 459 529 περὶ
474 493 509 523 οὗ
522 494 608 523 εἷπον
621 505 627 513 ⁸
637 498 748 524 ὀπίσω
758 500 817 533 μου
832 499 949 533 ἔρχεται

160 539 283 573 ἁνὴρ,ὃς
291 540 459 574 ἔμπροσθέν
463 551 522 576 μου
531 542 709 577 γέγονεν-,ὅτι
715 545 828 578 πρῶτός
833 554 892 579 μου
898 543 946 579 ἦν.

196 586 244 617 Et;
263 587 415 622 ὑπόμνησιν
439 587 500 621 ἄγει
526 588 580 615 τῶν
608 589 638 621 ἐξ
661 590 743 617 αὐτοῦ
771 591 857 625 λόγων
887 591 949 622 τοὺς

160 631 364 668 ἀκροωμένους,
379 634 427 660 καὶ
451 634 482 660 τὸ
505 635 598 669 μεῖζον
613 637 640 662 ὲν
654 636 718 671 δόξῃ
735 638 893 671 παραχωρεί
911 636 948 672 τῷ

160 678 283 713 Χριστῷ,
294 678 343 704 οὐκ
356 679 478 714 ἀγάπης,
487 679 616 715 ἀληθείας
627 681 655 707 δὲ
667 681 768 716 μᾶλλον
784 682 800 717 ἢ
813 682 860 708 καὶ
872 682 952 716 ἀναγ-

160 732 214 759 κης
238 723 317 758 ἔργον
344 724 510 760 ἀποπληρῶν
526 733 532 739 ·
549 726 723 753 ὑποκείσεται
745 727 799 762 γὰρ
811 747 818 759 ,
834 727 894 753 κᾶν-
912 727 950 762 μὴ

161 769 301 804 βούληται,
313 769 351 805 τῷ
367 771 463 805 ποιητῇ
477 771 508 797 τὸ
521 771 582 806 ποίη
588 780 635 806 μα,
648 771 687 806 τῷ
706 772 822 808 δεσπότῃ
838 773 868 799 τὸ
888 773 949 799 δοῦ-

161 814 218 845 λον.
242 815 280 850 τῷ
306 816 415 851 χορηγῷ
444 817 474 843 τὺ
498 819 710 853 χορηγούμενον.
738 819 815 845 Κατὰ
838 819 898 845 τίνα
919 819 948 845 δὲ

1002 272 1114 306 cecinit,
1134 281 1144 298 ο
1167 272 1300 307 oppilabit
1315 280 1347 300 os
1360 280 1441 300 suum
1457 273 1489 306 ",
1503 282 1513 299 ι
1531 281 1581 301 nec
1605 274 1706 308 poterit
1728 281 1787 301 am-

1003 318 1076 352 plius
1095 325 1229 345 accusare
1247 325 1302 352 prae
1321 318 1490 346 inlirmitate-
1502 323 1662 354 peccantes.
1685 329 1694 346 ι
1715 319 1787 348 Deus

1002 362 1074 389 enim
1095 367 1136 390 est
1150 362 1198 396 qui
1220 362 1357 396 justiticat
1374 362 1396 378 ιι
1413 371 1420 389 :
1439 371 1513 389 ι--ι
1531 363 1657 392 Christus
1673 373 1724 392 nos
1742 372 1788 392 re-

999 407 1083 436 demit
1093 408 1127 436 de
1139 407 1286 436 maledicto
1301 408 1379 443 legis,
1388 407 1479 435 factus
1490 416 1538 444 pro
1549 409 1627 444 115
1640 411 1718 437 nobis
1729 417 1788 438 ma-

998 454 1129 481 ledictum
1148 458 1177 481 ut
1190 454 1410 481 maledictionem
1422 454 1526 488 peccati
1538 461 1587 480 nos
1597 454 1784 489 fugiamus".»

1037 499 1058 532 Ι,
1080 499 1124 526 '50.
1147 499 1197 526 Hic
1220 505 1259 526 est
1274 499 1306 525 de
1330 507 1381 533 quo
1402 499 1458 525 dixi
1473 506 1482 524 :
1497 498 1562 525 Post
1589 507 1628 525 me
1650 501 1718 526 venit
1737 502 1786 534 vir,

1002 544 1046 580 qui
1061 549 1121 572 ante
1136 553 1176 572 me
1191 545 1277 579 factus
1291 550 1329 571 est
1344 552 1353 571 :
1366 545 1429 579 quia
1446 545 1520 578 prior
1532 552 1573 570 me
1592 549 1658 570 erat.

1039 591 1187 618 Autlitores
1196 591 1229 617 ad
1239 590 1400 618 memoriam
1412 593 1520 617 revocat
1535 597 1630 617 eorum
1641 598 1701 624 quae
1711 591 1788 625 prius

1003 635 1076 663 dicta
1097 640 1172 668 sunt,
1195 640 1221 663 et
1240 636 1360 670 palmam
1381 636 1475 670 gloria:
1493 636 1606 662 (.‘hristo
1630 636 1714 668 cedit,
1733 643 1788 663 non

1002 681 1094 708 sludio
1108 685 1154 708 aut
1179 681 1279 708 aﬂectu
1306 681 1373 713 ullo,
1387 683 1434 708 sed
1458 682 1572 709 veritate
1588 681 1679 715 potius
1695 687 1722 708 et
1738 689 1788 708 ne-

1002 727 1134 754 cessitate
1148 727 1174 753 id
1188 726 1307 754 faciens.
1324 727 1478 761 Subjicitur
1492 728 1577 759 enim,
1592 727 1635 754 vel
1657 727 1719 762 ipso
1737 735 1789 754 uo-

1001 772 1084 804 lente,
1101 780 1172 807 opus
1191 772 1299 805 facturi,
1320 772 1432 800 domino
1448 780 1556 805 servus,
1581 773 1704 808 largitori
1727 781 1784 800 mu-

1001 826 1064 845 nus.
1087 817 1212 850 Quonam
1229 826 1293 845 vero
1319 819 1402 846 modo
1428 819 1564 854 posterior
1585 823 1660 846 esset
1683 818 1789 846 Joanne

161 861 262 895 τρόπον
281 862 368 888 ὀπίσω
387 862 436 897 μὲν
451 860 485 898 ἦν
505 863 627 890 Ἰωάννου
646 864 778 898 Χριστὸς,
795 864 947 900 ἔμπροσθεν

1000 863 1139 896 Christus,
1159 868 1186 890 et
1204 869 1267 891 ante
1294 864 1384 892 factus
1412 865 1448 892 sit
1471 865 1602 899 quoniam
1620 865 1697 900 prior
1717 869 1787 898 erat,

161 907 191 933 δὲ
203 907 323 940 γέγονεν,
335 908 377 934 ἔτι
385 908 491 943 πρῶτος
500 906 543 944 ἦν,
556 908 592 940 ὡς
603 909 684 941 αὐτὸς
698 910 885 945 suamsuam
895 909 948 936 τῶν

162 952 353 988 προλαῦόντων
374 953 528 988 ἀρκούντως
538 954 701 989 εἰρήκαμεν.

199 997 284 1032 Κάγὼ
301 999 356 1025 οὐκ
372 999 456 1033 ᾔδειν
470 999 573 1032 αὐτόν,
589 1000 657 1027 ἀλλ’
670 1000 719 1027 ἵνα
740 1000 897 1035 φανερωθῇ
910 1000 950 1033 τῷ

167 1043 303 1078 Ἰσραὴλ,
316 1043 364 1070 διὰ
372 1044 459 1071 τοῦτο
473 1042 567 1079 ἦλθον
582 1045 638 1079 ἐγὼ
645 1045 797 1077 βαπτίζων
807 1047 840 1073 ἐν
853 1047 947 1074 ὕδατι.

203 1090 234 1115 '0
247 1091 277 1116 ὲν
299 1090 331 1124 τῇ
349 1089 438 1125 κοιλίᾳ
453 1089 502 1125 τῆς
524 1090 594 1121 ἰδίας
615 1091 818 1126 ἁνασκιρτήσας
834 1091 948 1126 μητρὸς,

161 1134 203 1161 ἔτι
216 1135 264 1170 τῆς
280 1135 361 1169 ἁγίας
378 1135 516 1170 Παρθένου
540 1137 726 1171 κυοφορούσης
739 1137 784 1163 τὸν
806 1137 918 1172 Κύριον,
934 1138 949 1162 ὁ

161 1181 216 1216 πρὸ
236 1182 284 1216 τῆς
309 1181 400 1213 ὠδῖνος
422 1182 580 1217 προφήτης,
595 1183 609 1208 ὁ
626 1183 653 1208 ἐν
674 1181 786 1218 ἐμϐρύῳ
814 1182 947 1217 μαθητὴς,

165 1226 237 1254 «Οὐκ
254 1227 326 1261 ᾔδειν
341 1227 447 1258 autem
460 1228 523 1262 περὶ
533 1227 579 1254 τοῦ
589 1227 714 1261 Σωτῆρός
723 1235 814 1262 φησιν·
824 1227 949 1262 ἁληθέυει

161 1271 191 1298 δὲ
202 1272 298 1306 λέγων·
318 1273 347 1298 οὺ
364 1272 418 1308 γὰρ
440 1272 564 1306 ψεύδεται
583 1281 590 1288 ’
603 1273 690 1299 πάντα
706 1273 754 1307 μὲν
766 1273 818 1308 γὰρ
831 1270 900 1299 οἶδεν
919 1272 948 1305 ἐξ

162 1317 246 1344 αὑτοῦ
273 1317 319 1343 καὶ
343 1317 492 1349 ἀδιδάκτως
516 1317 598 1350 Θεὸς,
618 1318 748 1349 διδακτῶς
765 1318 793 1344 δὲ
809 1319 825 1353 ἡ
842 1317 928 1349 κτίσις
939 1325 947 1333 ”

162 1362 284 1388 ἐνοικοῦν
297 1363 325 1388 δὲ
338 1363 393 1394 τοῖς
409 1363 496 1396 ἁγίοις
507 1363 537 1389 τὸ
550 1363 670 1398 Πνεῦμα,
683 1363 712 1390 τὸ
724 1363 812 1390 ἐνδέον
829 1363 949 1399 ἀναπλη-

162 1409 215 1443 ροῖ,
232 1408 279 1434 καὶ
296 1409 325 1435 τὸ
337 1408 400 1435 ἴδιον
423 1409 522 1443 ἀγαθὸν
536 1411 568 1444 τῇ
585 1409 727 1445 ἀνθρώπου
741 1409 821 1443 φύσει
840 1409 949 1445 χαρίζε-

160 1462 216 1486 ται,
225 1454 256 1480 τὸ
266 1453 374 1487 εἰδέναι,
389 1454 469 1490 φημὶ,
481 1455 514 1482 τὰ
528 1455 654 1490 ἐσόμενα,
668 1455 714 1481 καὶ
726 1455 779 1482 τῶν
791 1454 949 1490 κεκρυμμέ-

162 1507 216 1524 νων
228 1499 384 1534 μυστηρίων
397 1499 446 1534 τὴν
457 1499 565 1534 γνῶσιν.
579 1499 682 1526 Οὐκοῦν
696 1500 734 1535 μὴ
748 1500 848 1526 εἰδέναι
862 1500 949 1534 λέγων

160 1544 208 1571 τὸν
235 1533 336 1579 Κύριον
352 1545 367 1570 ὁ
380 1533 514 1580 μακάριος
532 1533 883 1580 Βαπτιστὴςξδιαψεύσεται
900 1533 949 1581 μὲν
963 1533 984 1562 c

161 1591 297 1626 οὐδαμῶς,
309 1592 381 1617 κατά
391 1599 422 1625 γε
438 1591 467 1618 τὸ
480 1591 530 1625 τῆς
544 1590 749 1626 ἁνθρωπότητος
769 1591 843 1623 ἴδιον,
859 1592 907 1618 καὶ
920 1591 951 1619 τὸ

147 1634 152 1639 ’
163 1638 269 1673 πρέπον
283 1639 316 1673 τῇ
327 1637 415 1663 κτίσει
425 1639 522 1672 μέτρον
533 1645 540 1651 ·
558 1635 687 1672 ἀναθήσει
699 1636 727 1663 δὲ
735 1637 807 1672 μόνῳ
817 1636 847 1663 τὸ
862 1637 951 1664 πάντα

163 1684 261 1710 εἰδέναι
273 1683 310 1718 τῷ
332 1682 402 1718 Θεῷ,
413 1682 450 1718 τῷ
464 1682 508 1709 διὰ
528 1684 684 1717 Πνεύματος
709 1683 786 1716 ἁγίου
811 1683 880 1718 πρὸς
900 1682 950 1718 τὴν

161 1729 217 1756 τῶν
239 1729 436 1765 κεκρυμμένων
452 1728 601 1764 κατάληψιν
620 1729 830 1762 φωταγωγοῡντι
842 1728 887 1755 τὸν
903 1729 950 1756 ἄν·

163 1775 283 1811 θρωπον·
298 1775 439 1810 χρησίμως
452 1775 480 1801 δὲ
503 1775 572 1806 λίαν,
586 1775 635 1801 οὐκ
645 1774 744 1801 ειδέναι
760 1776 809 1810 μέν
821 1784 903 1810 φησιν
916 1775 947 1807 ἐξ

163 1820 259 1848 ἑαυτοῦ
273 1821 317 1847 τὸν
331 1821 458 1856 Χριστὸν,
470 1820 626 1855 ἐληλυθέναι
640 1828 671 1854 γε
681 1820 734 1855 μὴν
750 1820 793 1847 διὰ
809 1820 888 1847 τοῦτο
900 1829 950 1847 κυ-

164 1867 240 1902 ρίως,
253 1867 295 1894 ἵνα
315 1867 430 1902 φανερὸν
445 1867 525 1894 αὐτὸν
545 1868 702 1902 καταστήσῃ
716 1867 755 1902 τῷ
776 1867 894 1902 Ἰσραὴλ,
907 1866 950 1893 ἴνα

165 1914 202 1948 μὴ
221 1913 368 1948 αὐτόμολος
381 1913 428 1940 ἐπὶ
451 1912 500 1948 τὴν
515 1914 668 1949 μαρτυρίαν
680 1913 808 1948 φαίνηται
827 1912 949 1949 δραμὼν,

166 1959 232 1995 μηδὲ
247 1958 320 1985 ίδίων
336 1958 495 1994 Θελημάτων
518 1959 657 1995 ὑπηρέτης
673 1959 766 1994 νοῆται
778 1959 854 1994 παρά
867 1967 950 1991 τισιν,

163 2004 231 2031 ἀλλὰ
257 2004 332 2035 θείας
353 2004 402 2039 μὲν
423 2004 578 2039 οἰκονομίας
601 2004 729 2040 ἐργάτης,
749 2004 844 2039 βουλῆς
857 2004 886 2031 δὲ
901 2005 952 2040 τῆς

164 2051 266 2077 ἄνωθεν
286 2050 430 2085 ὑπουργὸς,
446 2050 689 2085 ἀποκαλυπτούσης
704 2050 778 2084 αὐτῷ
792 2050 837 2076 τὸν
853 2049 951 2084 Ἀμνὸν

165 2097 210 2122 τὸν
240 2095 353 2130 αἴροντα
379 2095 428 2130 τὴν
451 2095 588 2130 ἁμαρτίαν
609 2094 656 2121 τοῦ
671 2095 784 2130 κόσμου.
813 2095 871 2121 Ἵνα
896 2095 952 2121 τοί·-

166 2149 212 2167 νυν
224 2141 418 2175 εὐπετέστερον
433 2140 478 2166 ἐπὶ
498 2140 528 2166 τδ
555 2140 693 2167 πιστεύειν
706 2139 746 2175 τῷ
762 2140 867 2175 Σωτῆρι
883 2141 951 2176 Χρι-

1001 913 1029 936 υι
1043 909 1102 943 ipse
1117 910 1270 943 proﬁtetur,
1285 909 1394 936 abunde
1406 917 1488 944 supra
1503 910 1634 938 diximus.

1036 998 1056 1030 l,
1071 998 1116 1025 51.
1137 997 1171 1024 Et
1183 1006 1230 1033 ego
1245 998 1391 1025 nesciebam
1404 1006 1472 1031 eum,
1490 999 1535 1026 sed
1556 1003 1585 1025 ut
1602 999 1788 1034 manifestatur

999 1043 1026 1070 in
1042 1042 1139 1075 Israel,
1155 1049 1292 1077 propterea
1309 1044 1367 1070 veni
1376 1052 1422 1078 ego
1433 1045 1459 1070 in
1473 1052 1543 1078 aqua
1558 1044 1708 1077 baptizans.

1035 1088 1086 1120 Qui
1115 1092 1210 1116 sancta
1233 1087 1347 1122 Virgine
1372 1087 1517 1114 Dominum
1541 1088 1633 1115 adhuc
1659 1090 1687 1115 in
1708 1093 1787 1116 utero

1001 1137 1129 1169 gestante
1152 1133 1266 1161 exsiluit
1291 1133 1319 1160 in
1348 1137 1428 1160 utcro
1456 1141 1513 1161 suae
1534 1134 1643 1164 matris.
1661 1134 1707 1161 ille
1723 1139 1787 1161 ante

1000 1184 1107 1214 partum
1131 1179 1274 1214 propheta,
1292 1179 1338 1206 ille
1354 1178 1380 1205 in
1400 1183 1479 1206 utero
1500 1180 1598 1206 matris
1623 1179 1786 1214 discipulus,

999 1225 1162 1252 Nesciebam
1180 1225 1282 1259 ipsum,
1299 1225 1392 1259 inquit
1410 1224 1443 1251 de
1465 1223 1617 1252 Salvatore.
1629 1225 1704 1258 Quod
1723 1233 1786 1252 cum

1000 1271 1038 1297 ait
1059 1278 1122 1297 vera
1138 1270 1271 1304 loquitur.
1292 1269 1365 1298 Deus
1385 1270 1487 1305 quippe
1504 1278 1575 1298 unus
1595 1271 1688 1297 omnia
1706 1279 1738 1298 ex
1755 1278 1786 1299 se

999 1316 1087 1347 novit,
1104 1323 1118 1343 a
1138 1315 1216 1342 nullo
1227 1315 1352 1347 edoctus,
1380 1321 1509 1342 creatura
1522 1323 1588 1342 vero
1603 1315 1636 1341 ab
1653 1315 1707 1342 alio
1720 1323 1786 1343 eru-

999 1362 1068 1389 dita.
1085 1361 1115 1388 In
1137 1361 1244 1388 sanctis
1261 1361 1334 1388 enim
1352 1360 1512 1388 inhabitans
1525 1360 1643 1395 Spiritus
1663 1361 1735 1396 quod
1759 1362 1786 1389 in

999 1408 1046 1435 illa
1056 1407 1133 1435 dcest
1142 1406 1282 1441 adimplet,
1290 1411 1318 1434 et
1327 1407 1399 1441 quod
1409 1413 1488 1434 suum
1499 1410 1541 1434 est
1549 1411 1654 1433 natura:
1662 1407 1788 1434 humanae

1001 1453 1128 1488 largitur,
1146 1456 1239 1480 rerum
1260 1460 1359 1488 nempe
1378 1452 1535 1480 futurarum
1560 1457 1588 1480 ct
1615 1453 1786 1483 occultorum

1001 1499 1198 1534 mysteriorum
1215 1498 1355 1526 notitiam.
1377 1497 1445 1525 Cum
1463 1505 1529 1532 ergo
1554 1505 1584 1526 se
1610 1498 1719 1525 nescire
1735 1497 1788 1524 Do-

1001 1544 1106 1571 minum
1121 1543 1159 1570 ait
1179 1543 1278 1571 beatus
1296 1543 1433 1578 Baptista,
1447 1550 1502 1569 nou
1527 1543 1670 1573 mentitur.
1687 1543 1710 1570 si
1735 1542 1788 1569 hu-

1001 1589 1144 1616 manitatis
1158 1592 1185 1615 et
1207 1592 1342 1616 creaturae
1358 1588 1482 1616 conditio
1497 1592 1637 1623 spectetur
1651 1597 1658 1615 :
1674 1588 1722 1616 sed
1739 1588 1787 1615 uni

985 1627 1055 1661 ‘Deo
1070 1637 1172 1661 cuncta
1186 1641 1268 1661 nosse
1279 1633 1387 1665 tribuit,
1398 1633 1442 1668 qui
1452 1640 1501 1668 per
1511 1637 1636 1660 sanctum
1655 1633 1787 1668 Spiritum

1000 1680 1035 1707 ad
1051 1679 1323 1715 comprehensionem
1340 1687 1433 1706 rerum
1450 1679 1622 1707 occultarum
1647 1679 1786 1706 hominem

999 1726 1180 1759 illuminat,et
1191 1726 1296 1753 utiliter
1315 1725 1393 1753 valde
1403 1724 1545 1760 proﬁtetur
1557 1733 1589 1753 ex
1601 1725 1692 1760 seipso
1705 1724 1787 1752 Citri-

1001 1776 1073 1799 stum
1095 1771 1213 1804 nescire,
1234 1778 1293 1798 eam
1310 1771 1346 1798 ob
1361 1778 1418 1798 rem
1435 1774 1525 1798 tamen
1540 1771 1649 1805 proprie
1665 1771 1785 1803 venisse,

1000 1823 1030 1845 ut
1052 1817 1146 1846 lsracli
1169 1822 1264 1844 notum
1291 1817 1381 1852 ipsum
1401 1817 1484 1844 faciat
1503 1826 1510 1844 τ
1527 1825 1562 1844 ne
1582 1818 1615 1844 ad
1639 1818 1787 1852 perhiben-

1000 1865 1065 1892 dum
1083 1864 1152 1891 illud
1179 1864 1366 1891 testimonium
1392 1871 1442 1891 sua
1458 1868 1557 1898 sponte
1581 1864 1732 1891 incurrisse
1746 1865 1788 1891 vi-

1000 1909 1108 1941 deatur,
1127 1917 1217 1943 neque
1235 1908 1397 1943 cupiditatis
1414 1917 1471 1937 suae
1486 1917 1584 1936 servus
1600 1913 1723 1944 putetur,
1738 1910 1786 1937 sed

1001 1954 1087 1982 divini
1116 1954 1226 1982 consilii
1266 1955 1359 1988 potius
1391 1958 1547 1984 exsecutor.
1577 1955 1787 1989 voluntatisque

1001 2007 1129 2035 supernae
1153 2000 1281 2027 minister
1299 2009 1308 2025 ι
1325 2000 1430 2033 Agnum
1457 2009 1465 2024 ι
1492 1999 1517 2026 ei
1534 2000 1691 2033 revelantis,
1710 2010 1719 2026 ι
1739 2001 1786 2034 qui

1000 2047 1077 2074 tollit
1090 2048 1232 2081 peccatum
1249 2045 1343 2072 mundi
1357 2045 1389 2070 η.
1410 2054 1419 2070 ι
1437 2043 1471 2073 Ut
1482 2052 1548 2079 ergo
1563 2043 1651 2071 Judaei
1666 2046 1786 2072 alacrius

1000 2092 1112 2120 Christo
1130 2090 1267 2119 Snlvatori
1285 2090 1440 2121 crederent.
1454 2095 1480 2117 et
1496 2090 1736 2124 prmclarissimam
1753 2091 1787 2118 de

1001 2146 1035 2166 eo
1056 2138 1290 2166 existimationem
1313 2137 1454 2168 haberent,
1485 2136 1522 2162 ait
1539 2135 1628 2170 ipsum
1652 2143 1682 2163 se
1700 2143 1787 2170 agno.

167 2186 221 2222 στῷ
245 2186 376 2221 βαδίζοιεν
404 2186 605 2218 Ἰουδαῖοι,καὶ
629 2186 843 2221 ἀξιολογωτάτην
867 2186 949 2221 ἔχωσι

1002 2193 1078 2212 scere
1098 2192 1179 2219 quem
1196 2191 1251 2211 non
1269 2187 1393 2213 noverat.
1409 2186 1439 2209 ut
1462 2182 1616 2216 intelligant
1640 2181 1751 2208 demum
1770 2190 1787 2209 a

166 2234 227 2267 περὶ
240 2233 322 2260 αὑτοῦ
338 2233 387 2269 τὴν
402 2233 536 2268 διάληψιν,
554 2233 701 2267 ἐγνωκέναι
715 2233 796 2267 φησὶν
808 2232 952 2264 ali-romam:

165 2278 251 2310 εἰδώς·
265 2280 309 2306 ἵνα
332 2279 424 2306 λοιπὸν
447 2280 558 2307 ὲννοῶσι
582 2279 628 2306 τὸν
647 2279 859 2314 ἀποκαλύψαντα
874 2279 949 2310 Θεὸν,

165 2325 253 2352 καὶτὸ
263 2325 365 2352 ἄνωθεν
380 2325 618 2361 ἀποναρκήσαντες
635 2326 732 2359 κρῖμα,
748 2323 950 2360 παραδέξωνται

165 2371 252 2398 τοίνυν
265 2371 311 2397 τὸν
326 2370 404 2405 λόγον
418 2371 509 2402 αὑτοῦ,
522 2371 569 2398 καὶ
580 2370 625 2397 τὸν
637 2370 744 2405 οἰκέτην
759 2369 874 2404 ὁρῶντες
886 2369 949 2396 ὅντα

165 2416 300 2448 τοσοῦτον,
318 2416 455 2451 ἀναλόγως
471 2417 499 2443 τὸ
514 2416 560 2443 τοῦ
585 2415 747 2451 κρατοῦντος
760 2415 949 2451 ὰναμετρῶσιν

164 2462 280 2497 ἀξίωμα.
298 2462 335 2488 Τὸ
355 2462 408 2498 γὰρ
424 2462 582 2498 ἐληλυθέναι
597 2462 697 2496 λέγειν,
712 2462 755 2488 ἵνα
775 2461 888 2496 φανερὸν
900 2462 948 2488 αὺ-

1005 2231 1060 2258 Deo
1075 2229 1238 2261 revelatum,
1257 2233 1284 2255 et
1301 2227 1419 2263 pristino
1436 2226 1519 2254 animi
1534 2231 1646 2262 stupore
1657 2235 1785 2259 excusso,

1003 2275 1065 2309 ejus
1082 2274 1162 2309 116
1179 2280 1333 2301 sermonem
1355 2272 1511 2303 admittant,
1527 2275 1553 2299 et
1570 2275 1674 2298 tantum
1695 2271 1785 2298 famu-

1002 2321 1059 2348 lum
1074 2323 1229 2350 cernentes,
1244 2318 1421 2353 proportione
1440 2317 1558 2352 quadarn
1574 2317 1682 2344 Domini
1695 2317 1787 2351 digni-

1003 2371 1086 2394 tatem
1107 2367 1255 2393 msliment.
1273 2364 1352 2398 Quod
1371 2364 1443 2391 cnim
1466 2363 1505 2390 ait
1520 2363 1628 2390 venisse
1652 2366 1679 2388 ut
1696 2362 1786 2389 mani-

1003 2413 1105 2440 festum
1119 2419 1181 2439 eum
1202 2411 1284 2438 faciat
1306 2410 1410 2442 lsraeli,
1429 2408 1562 2444 numquid
1576 2408 1693 2436 ofﬁcium
1713 2408 1785 2436 servi

1003 2458 1132 2486 denotat?

163 2509 207 2536 τὸν
217 2509 256 2544 τῷ
275 2508 383 2544 Ἰσραὴλ
394 2509 561 2544 καταστήσῃ,
574 2508 631 2540 πῶς
645 2508 676 2534 οὐ
689 2508 794 2538 πάντως
809 2508 858 2542 τὴν
867 2507 959 2542 οἰκέτῃ
978 2505 1135 2541 πρέπουσαν
1146 2503 1293 2540 θεραπείαν
1311 2503 1434 2539 σημαίνει
1445 2511 1452 2534 ;

462 2554 585 2580 ΚΕΦΑΛ.
601 2554 639 2580 A’.

164 2598 227 2624 Ὀτι
239 2600 274 2625 οὺ
288 2599 363 2626 κατὰ
372 2598 591 2632 μετοχὴν-,οὐδὲ
603 2599 642 2631 ὡς
651 2598 782 2626 ἐπακτόν
793 2598 827 2625 ἐν
837 2597 876 2630 τῷ
895 2598 948 2631 Υίῷ

197 2633 232 2660 τὸ
253 2633 340 2668 ἅγιον
365 2633 485 2668 Πνεῦμά
498 2667 502 2668 ν
514 2633 609 2664 ἐστιν.
631 2633 699 2660 ἀλλ’
713 2632 862 2666 οὺσιωδῶς
877 2654 884 2666 ,
899 2636 949 2660 καὶ

199 2667 281 2695 κατὰ
299 2669 393 2702 φύσιν
408 2667 568 2701 ἐνυπάρχει
592 2668 681 2700 αὐτῷ.

199 2715 253 2741 Καὶ
279 2714 485 2748 ἐμαρτύρησεν
505 2713 645 2747 Ἰωάννης
663 2713 768 2748 λέγων·
780 2714 844 2740 Ὅτι
855 2713 952 2740 τεθέα-

163 2768 213 2796 (Im
236 2759 269 2786 τὸ
290 2759 412 2793 Πνεῦμα
426 2758 614 2790 καταϐαῖνον,
627 2759 698 2785 ὡσεὶ
714 2759 898 2793 περιστερὰν,
917 2757 951 2790 ἐξ

165 2805 304 2840 οἰψανοῦ,
318 2805 366 2832 καὶ
391 2804 508 2839 ἔμεινεν
522 2804 567 2831 ἐπ’
582 2805 684 2833 αὐτόν·
703 2804 783 2839 κάγὼ
796 2806 850 2831 οὐκ
868 2803 952 2838 ᾔδειν

1334 2548 1408 2576 CAP.
1431 2547 1452 2574 I.

1003 2596 1077 2628 Quod
1092 2603 1143 2621 non
1157 2602 1202 2626 per
1210 2595 1449 2627 participationem,
1467 2601 1546 2628 neque
1558 2598 1586 2618 ut
1601 2593 1730 2620 ascilitins
1745 2597 1786 2621 est

1038 2631 1063 2656 in
1083 2629 1153 2656 Filio
1168 2634 1276 2656 sanctus
1284 2629 1414 2663 ,Spiritus,
1434 2629 1478 2656 sed
1503 2629 1526 2655 ei
1542 2628 1750 2655 substantialiler
1760 2633 1784 2655 et

1038 2665 1180 2691 secundum
1195 2668 1317 2690 naturam
1333 2664 1410 2690 inest.

1041 2710 1062 2741 Ι,
1082 2709 1177 2737 52-55.
1199 2708 1233 2735 Et
1251 2708 1430 2736 testimonium
1455 2709 1585 2742 perhibuit
1604 2708 1728 2740 Joannes,
1742 2709 1785 2735 di-

1004 2755 1165 2788 rens:Quia
1189 2754 1242 2782 nidi
1267 2754 1393 2789 Spiritum
1409 2754 1623 2788 descendentem,
1645 2755 1723 2795 quasi
1744 2763 1785 2782 ca-

1003 2801 1130 2834 lumbam,
1147 2801 1178 2827 de
1204 2801 1285 2834 mlo,
1308 2805 1332 2827 et
1363 2801 1460 2827 mansit
1489 2808 1567 2833 super
1582 2808 1640 2827 eum
1660 2808 1669 2826 :
1690 2805 1714 2827 et
1739 2807 1786 2834 ego

204 2888 223 2904 η
245 2888 253 2915 l
279 2889 343 2917 Cor.
371 2897 414 2924 xv,
440 2889 484 2916 55.
522 2889 697 2929 f’Psal.cvt,
714 2889 758 2918 42.
796 2891 817 2907 ’δ
846 2889 950 2919 Rom.‘

1017 2891 1061 2920 '55.
1103 2892 1124 2909 ¹⁵
1141 2891 1228 2921 Galat.
1254 2899 1295 2927 ut,
1318 2892 1362 2920 15.
1389 2890 1512 2933 M‘Uoon.
1537 2899 1557 2925 ι,
1581 2890 1626 2919 29.
