2028 3118
226 148 277 176 195

723 149 752 176 S.
773 148 911 176 CYRILLI
938 144 1173 174 ΑιΕΧΑΝοιιιΝι
1193 146 1352 174 ARCIHEP.

1798 143 1852 171 196

225 205 370 233 nesciebant
386 214 463 235 eum:
476 207 520 234 sed
535 208 580 242 qui
591 208 662 234 misit
678 215 719 235 me
733 208 868 242 baptizare
886 209 913 236 iu
927 215 1006 242 aqua.

1061 206 1164 238 αὑτὸν,
1182 207 1251 234 ἀλλ’
1276 208 1292 233 d
1309 206 1429 240 πέμψας
1455 213 1492 240 με
1514 203 1668 236 βαπτίζειν
1689 203 1725 230 ἐν
1747 203 1834 229 ὕδατι

225 251 268 277 ille
284 252 348 278 mihi
362 251 430 278 dixit
441 260 450 279 :
460 252 544 287 Super
556 261 631 288 quem
644 253 739 281 videris
753 254 884 287 Spiritum
904 255 1010 282 descen-

223 297 337 331 dentem,
351 303 374 325 et
391 305 538 327 manentem
550 308 627 334 super
639 309 709 334 eum,
722 301 764 328 hic
780 306 819 328 est
832 302 877 336 qui
891 301 1010 334 baptizat

224 342 251 368 in
265 342 367 377 Spiritu
379 350 480 371 sancto.

259 392 392 424 Quoniam
409 395 537 429 superius
557 396 676 430 dixerat,
696 404 726 424 se
750 404 813 425 eum
836 405 891 425 non
916 405 1008 430 nosse,

225 447 299 466 nunc
315 439 341 466 id
358 441 482 469 exactius
506 443 630 478 exponit,
647 443 864 479 mysteriumque
885 444 1009 471 divinqu

224 485 324 518 aperit,
336 487 487 515 ostendens
505 495 569 515 cum
587 489 638 516 sibi
655 496 670 515 a
684 489 765 517 Patre
780 489 835 518 Deo
849 490 1008 521 revelatum,

221 535 282 557 tum
303 533 365 566 quis
389 534 566 562 revelationis
590 535 688 563 modus
705 535 787 563 fuerit
809 540 903 571 aperte
921 537 1010 570 expli-

221 583 292 603 cans
316 585 323 603 :
346 577 468 613 adeoque
494 579 653 607 auditorum
678 580 778 608 animis
803 581 877 608 omni
903 582 1010 608 ratione

222 622 336 656 prodest
351 631 357 650 :
372 628 400 650 et
425 631 474 658 per
493 632 555 660 quas
579 625 682 654 Christi
708 627 868 662 mysterium
888 634 920 654 se
939 627 1011 654 didi-

225 669 298 697 cisse
313 670 363 702 ait,
381 677 430 704 per
443 677 474 698 ea
491 670 590 699 divinae
609 673 753 700 sententiae
772 672 893 700 ostendit
909 672 1009 700 adver-

224 714 316 741 sarios
334 714 478 750 refragari,
490 720 518 742 et
536 723 641 752 magum
657 716 748 744 Patris
772 717 901 745 resistere
913 717 1011 745 volun-

226 759 289 786 tati.
301 759 379 792 Quod
398 767 459 787 cum
476 760 550 793 facit,
569 762 637 788 scite
652 769 699 789 eos
717 762 824 789 inducit
837 766 867 789 ut
890 763 1011 790 vanitate

226 805 326 839 reiecta
345 813 407 833 eum
424 807 591 841 suscipiant,
613 808 659 842 qui
675 807 765 835 Patris
787 808 960 842 beneplacito
982 809 1010 836 in

225 851 299 878 hunc
313 852 442 879 mundum
457 853 568 880 advenit
583 853 619 880 ad
636 853 758 880 onmium
771 854 899 881 salutem.
914 854 1010 882 Testa-

225 900 271 923 tur
298 897 390 931 itaque
417 905 448 925 se
472 897 604 933 Spiritum
633 903 773 933 spectasse
798 898 1008 926 descendentem

223 950 308 977 super
321 951 382 970 eum
400 944 433 971 de
455 945 538 978 coelo,
557 945 584 972 in
605 945 736 972 columba:
761 945 863 980 specie,
883 949 911 973 et
926 953 1010 980 super

221 997 286 1016 eum
303 990 447 1018 mansisse.
465 991 505 1018 Ad
528 991 595 1023 haec,
609 991 648 1018 ait
670 999 699 1018 se
714 992 830 1018 auribus
850 991 909 1019 suis
929 999 1010 1019 acce-

222 1035 298 1068 pisse
322 1035 356 1062 ab
372 1042 406 1062 eo
426 1043 441 1062 a
459 1043 514 1070 quo
537 1036 640 1063 missus
653 1039 696 1063 est
709 1036 742 1063 ad
767 1036 960 1070 baptizandum
982 1037 1008 1063 in

225 1087 305 1116 aqua,
323 1081 401 1108 illum
432 1082 635 1116 baptizaturum
667 1082 694 1108 in
723 1085 819 1109 sancto
844 1081 962 1116 Spiritu.
981 1082 1009 1109 in

224 1134 303 1161 quem
321 1127 520 1158 descendisset,
541 1132 567 1155 et
599 1127 625 1154 in
652 1135 707 1162 quo
735 1133 858 1154 maneret
876 1127 1008 1162 Spiritus.

222 1170 470 1206 Locupletissimus
484 1180 549 1207 ergo
560 1173 649 1202 testis.
663 1172 873 1206 supernaturale
887 1172 1008 1207 signum,

225 1217 299 1244 illius
316 1223 411 1245 auctor
428 1226 459 1245 ac
492 1218 697 1245 demonstrator
722 1217 814 1250 Pater,
825 1219 946 1245 omnium
963 1226 1010 1246 su-

224 1270 345 1297 premus.
367 1264 454 1298 Atque
476 1263 532 1290 haec
565 1264 674 1299 quidem
706 1264 742 1290 ita
763 1271 792 1291 se
820 1263 930 1291 habent.
956 1264 1009 1291 Sed

225 1307 370 1334 insultabit
395 1308 489 1334 forsan
510 1309 609 1335 iterum
624 1307 797 1343 vitilitigator
811 1308 966 1341 haereticus,
982 1313 1009 1336 et

224 1353 253 1379 in
280 1353 446 1380 cachinnum
475 1353 580 1381 effusus
600 1353 674 1380 dicet
698 1361 705 1379 :
731 1353 800 1386 Quid
824 1361 907 1388 porro
930 1355 1009 1383 nobis

226 1399 384 1433 responsuri
403 1399 481 1430 estis,
501 1407 517 1426 ο
534 1399 609 1430 boni,
623 1403 671 1425 aut
687 1399 788 1433 quibus
803 1400 921 1434 argutiis
935 1400 1009 1435 quod

225 1444 357 1478 scriptum
371 1449 413 1472 est
429 1445 616 1480 redarguetis?
629 1444 700 1472 Ecce
715 1444 848 1479 Spiritum
867 1446 904 1472 ait
918 1447 945 1473 in
964 1446 1009 1472 Fi-

223 1489 291 1516 lium
309 1489 474 1517 descendere
494 1499 501 1517 :
520 1497 585 1517 ecce
608 1490 721 1525 ungitur
751 1496 766 1515 a
794 1489 850 1517 Deo
871 1498 904 1518 ac
931 1491 1009 1519 Patre

1060 251 1174 284 ἐκεῖνός
1181 260 1232 286 μοι
1238 250 1331 279 εἶπεν·
1348 251 1409 285 Ἐφ’
1422 249 1457 278 ὃν
1465 249 1503 276 ἂν
1510 249 1577 283 ἴδῃς
1586 249 1619 275 τὸ
1628 248 1748 283 Πνεῦμα
1758 255 1851 275 κατη-

1060 297 1166 325 σαῖνον
1178 317 1185 329 ,
1203 297 1253 324 καὶ
1270 297 1366 331 μένον
1379 296 1425 323 ἐπ’
1439 294 1542 327 αὺτὸν,
1557 292 1647 328 οὗτός
1661 295 1746 321 ἐστιν
1763 296 1780 321 ὁ
1791 295 1851 326 ,βα-

1060 342 1168 373 πτίζων
1185 343 1219 369 ὲν
1233 343 1380 377 Πνεύματι
1395 343 1476 378 ἁγίῳ.

1095 388 1152 415 Οὐκ
1169 388 1269 414 εἰδέναι
1294 388 1384 422 φήσας
1404 387 1484 414 αὑτὸν
1500 388 1529 413 ὲν
1543 387 1598 418 τοῖς
1621 386 1749 421 ἀνωτέρω
1760 405 1767 417 ,
1781 394 1852 420 χρη-

1061 433 1147 468 σίμως
1170 433 1382 468 ὲπεξεργάζεται
1395 454 1401 465 ,
1415 434 1462 460 καὶ
1485 434 1516 460 τὸ
1535 433 1606 459 Θεῖον
1628 433 1780 467 ἁπογυμνοῖ
1800 441 1851 466 μυ-

1062 479 1191 514 στήριον,
1213 479 1259 506 καὶ⁴
1285 479 1331 505 τὸν
1356 479 1430 514 αὑτῷ
1452 479 1608 514 μηνύσαντα
1640 477 1767 505 δεικνύων
1793 478 1851 503 Πα-

1060 523 1126 559 τέρα
1155 524 1238 557 Θεὸν,
1257 525 1303 552 καὶ
1326 525 1367 556 τίς
1392 526 1406 551 ό
1431 526 1479 559 τῆς
1495 525 1603 557 δείξεως
1626 524 1721 558 γέγονε
1736 525 1849 559 τρόπος,

1060 569 1210 602 ἀναφανδὸν
1234 570 1426 605 ἐξηγούμενος.
1455 571 1561 605 Ὠφελεῖ
1573 570 1601 597 δὲ
1614 570 1658 597 διὰ
1671 570 1779 597 πάντων
1793 569 1849 596 τῶν

1060 616 1243 651 ἀκροωμένων
1268 617 1313 643 τὸν
1330 617 1401 647 νοῦν,
1416 618 1463 644 καὶ
1476 617 1509 643 δι’
1517 613 1555 643 ὧν
1569 618 1601 643 ἐκ
1617 616 1684 643 Θεοῦ
1703 616 1850 642 πεπαιδεῦ-

1061 661 1123 687 σοαί
1137 670 1203 696 φησι
1218 663 1248 688 τὸ
1263 663 1326 698 περὶ
1349 663 1467 698 Χριστοῦ
1489 664 1647 698 μυστήριον,
1664 664 1723 694 ταῖς
1746 662 1850 690 ἄνωθεν

1060 708 1160 742 ψήφοις
1188 708 1371 744 πολεμοῦντας
1400 709 1543 744 ἀποφαίνει
1565 710 1628 740 τοὺς
1649 708 1851 744 ἀνθεστηκότας

1060 754 1144 790 αὐτῷ,
1156 755 1203 782 καὶ
1221 755 1413 790 ῥιψοκινδύνως
1431 757 1463 791 τῇ
1477 755 1580 791 μεγάλῃ
1592 755 1638 782 τοῦ
1651 755 1756 790 [ἰατρὸς
1772 755 1851 781 ἀντιο

1060 799 1276 834 προστάττοντας
1290 800 1397 836 γνώμῃ.
1412 800 1498 826 Τοῦτο
1511 800 1539 826 δὲ
1557 799 1591 836 ἦν
1605 800 1796 830 ἀναπείθοντος
1807 799 1853 825 εὑ-

1061 844 1135 879 φυῶς
1157 846 1206 880 τῆς
1223 846 1273 880 μὲν
1295 846 1401 878 εἰκαίας
1429 846 1517 873 αὐτῶν
1544 845 1711 881 ἀποσχέσθαι
1736 845 1850 880 βουλῆς,

1061 891 1262 926 παραδέξασθαι
1275 891 1302 918 δὲ
1313 892 1357 918 τὸν
1373 892 1481 927 εὐδοκία
1492 892 1599 928 Πατρδς
1611 892 1656 918 ἐπὶ
1665 890 1852 926 σωτηρίαντῶν

1060 937 1168 964 πάντων
1185 937 1398 973 ἐπιδημήσαντα.
1415 939 1557 973 Μαρτυρεῖ
1578 937 1730 973 τοιγαροῦν,
1747 937 1789 963 ὅτι
1802 937 1851 963 καὶ

1060 982 1090 1008 τὸ
1099 982 1209 1018 Πνεῦμα
1221 983 1346 1010 θεάσαιτο
1361 983 1522 1010 καταὸαἴνον
1535 983 1664 1010 ἐπάὐτὺν
1680 983 1709 1015 ἐξ
1721 982 1848 1017 οὐρανοῦ,

1060 1031 1223 1064 περιστερᾶς
1237 1031 1265 1056 ὲν
1280 1030 1410 1064 σχήματι,
1426 1030 1474 1057 καὶ
1482 1031 1522 1056 ὃτι
1539 1030 1692 1065 μεμένηκεν
1707 1029 1847 1056 ὲπάὺτόν.

1060 1074 1126 1102 Εἶτα
1151 1076 1218 1112 πρὸς
1233 1076 1319 1112 τούτῳ
1331 1097 1338 1108 ,
1355 1077 1401 1103 καὶ
1428 1078 1560 1111 αὐτήκοος
1575 1076 1700 1110 γενέσθαι
1721 1075 1787 1110 φησὶ
1799 1074 1848 1101 τοῦ

1061 1121 1234 1156 πεπομφότος
1250 1121 1331 1148 αὑτὸν
1356 1121 1402 1148 ἐπὶ
1425 1122 1455 1148 τὸ
1480 1121 1621 1156 βαπτίζειν
1637 1122 1666 1148 ἐν
1692 1120 1780 1152 ὕδατι,
1809 1121 1848 1151 ὡς

1060 1166 1162 1197 ἐκεῖνός
1176 1167 1249 1193 ἐστιν
1261 1168 1290 1193 ὲν
1309 1166 1378 1202 ἁγίῳ
1393 1166 1530 1202 βαπτίζων
1553 1167 1703 1201 Πνεύματι,
1716 1163 1792 1201 ᾧπερ
1813 1166 1848 1192 ἂν

1060 1211 1238 1246 ὲτιιφοιτῆσαν
1254 1212 1417 1247 ὲναπομείνῃ
1432 1212 1462 1238 τό
1478 1211 1599 1247 Πνεῦμα.
1614 1211 1848 1244 Ἀξιοπιστότατος

1059 1256 1148 1283 τοίνυν
1167 1257 1181 1282 ὁ
1200 1257 1315 1291 μάρτυς,
1338 1256 1476 1290 ὑπερφυὲς
1489 1256 1519 1282 τὸ
1541 1257 1662 1291 σημεῖον,
1676 1256 1769 1282 ἐπάνω
1783 1255 1848 1282 πάν-

1059 1310 1113 1328 των
1126 1302 1141 1327 δ
1157 1301 1244 1333 δείξας
1264 1302 1367 1336 Πατήρ.
1383 1302 1438 1328 Καὶ
1451 1301 1536 1329 ταῦτα
1553 1302 1601 1337 μὲν
1613 1301 1684 1337 τῇδε.
1706 1302 1848 1337 Ἀνασκιρ-

1060 1347 1137 1381 τήσει
1158 1346 1185 1372 δὲ
1210 1347 1273 1377 ἴσως
1287 1347 1301 1372 ό
1316 1347 1510 1381 φιλεγκλήμων
1534 1347 1680 1381 αίρετικδς,
1699 1348 1747 1373 καὶ
1758 1346 1846 1373 πλατὺ

1060 1393 1176 1427 γελάσας
1190 1394 1260 1428 ἐρεῖ·
1274 1393 1306 1419 Τί
1318 1394 1398 1420 πάλιν
1410 1394 1486 1428 ἡμῖν,
1499 1390 1521 1419 ὦ
1536 1390 1617 1424 οὗτοι,
1628 1393 1674 1419 καὶ
1685 1393 1752 1428 πρὸς
1767 1392 1848 1420 τοῦτό

1061 1448 1128 1474 φατε
1141 1448 1148 1472 ;
1165 1439 1182 1476 ἢ
1198 1441 1273 1466 ποῖον
1287 1439 1443 1474 ὲξυφανεῖτε
1457 1439 1535 1473 λόγον
1554 1439 1799 1474 κατασοφιζόμενοι
1816 1439 1848 1466 τδ

1059 1487 1251 1523 γεγραμμένον
1269 1494 1276 1519 ;
1299 1486 1365 1513 Ἰδοὺ
1381 1486 1412 1512 τὸ
1437 1486 1546 1521 Πνεῦμα
1570 1486 1743 1512 καταϐαίνειν
1765 1487 1848 1521 φησὶν

223 1534 321 1567 Filius,
338 1539 365 1562 et
380 1535 452 1570 quod
475 1543 529 1562 non
547 1536 626 1562 habet
645 1536 782 1563 nimirum
800 1537 911 1572 accipit,
928 1536 1006 1565 Psal-

1061 1535 1107 1560 ἐπὶ
1122 1534 1167 1560 τὸν
1194 1533 1275 1560 Υίόν’
1299 1533 1353 1560 ἰδοὺ
1375 1533 1551 1567 καταχρίεται
1566 1532 1641 1567 παρὰ
1658 1531 1706 1558 τοῦ
1716 1531 1786 1558 Θεοῦ
1800 1532 1848 1559 καὶ

225 1581 305 1607 inista
320 1580 400 1608 nobis
415 1580 591 1615 suil‘ragante,
606 1585 633 1609 et
649 1582 691 1610 his
711 1584 800 1618 ipsum
819 1584 912 1611 verbis
931 1591 1005 1611 com-

224 1627 343 1660 pellante
360 1635 366 1653 :
386 1635 395 1652 ι
416 1626 562 1661 Propterea
585 1628 664 1663 117
686 1630 764 1656 unxit
787 1634 813 1657 te
836 1629 919 1662 Deus,
939 1629 1010 1657 Deus

224 1675 300 1703 tuus,
314 1671 375 1698 oleo
392 1673 586 1700 exsultationis
602 1681 658 1708 prae
673 1674 855 1710 participibus
872 1675 927 1702 tuis
945 1675 976 1702 ".
997 1685 1005 1700 ι

224 1717 368 1749 Quomodo
400 1717 484 1752 igitur
517 1719 764 1748 consubstantialis
799 1722 852 1748 erit
888 1721 1008 1756 perferto

224 1762 298 1789 Patri
313 1762 412 1795 Filius,
431 1765 476 1798 qui
494 1765 566 1799 quod
589 1765 728 1799 perfectus
743 1774 798 1793 non
817 1767 864 1798 sit,
880 1767 940 1794 ideo
956 1775 1008 1794 un—

223 1809 316 1842 gitur?
329 1809 487 1836 Istiusmodi
502 1810 657 1838 hominibus
676 1812 722 1846 qui
741 1813 896 1839 veneranda
913 1812 1007 1840 Eccle-

223 1853 272 1880 sia:
294 1853 421 1889 dogmata
441 1855 609 1886 wtivellunt.
629 1861 656 1883 et
679 1856 884 1891 Scripturarum
903 1864 1006 1885 rectum

228 1907 340 1926 sensum
366 1905 536 1934 pervertunt,
550 1901 697 1929 dicendum
719 1911 781 1930 reor
802 1913 808 1930 ε
833 1913 841 1929 ι
864 1903 1006 1938 Evigilate,

208 1946 270 1980 ,qui
285 1946 353 1973 ebrii
371 1947 437 1974 estis
453 1955 486 1974 ex
504 1948 567 1983 vino
583 1953 675 1976 vestro
690 1949 721 1982 ",
737 1959 746 1975 ι
766 1954 806 1981 ιιι,
817 1950 916 1977 illustri
933 1952 1004 1978 veri—

223 1992 288 2018 tatis
306 1992 510 2026 pulchritudine
526 1999 678 2029 perspecta,
695 1995 841 2022 nobiscum
860 1997 1007 2024 inclamare

222 2036 295 2064 Filio
323 2039 435 2072 possitis
461 2049 467 2066 :
486 2035 503 2065 ι’
518 2039 585 2067 Vere
605 2040 690 2068 Filius
712 2041 758 2068 Dei
784 2049 814 2069 es
840 2046 867 2068 tu
888 2043 921 2068 ⁸³.
941 2052 950 2069 ι
978 2043 1006 2070 Si

222 2083 295 2110 enim
310 2084 399 2111 eretlis
411 2085 499 2119 ipsum
521 2085 606 2112 Deum
621 2086 772 2113 secundum
790 2092 917 2113 naturam
935 2095 1006 2122 esse,

221 2129 369 2164 quomodo,
391 2138 495 2165 quieso,
517 2131 687 2166 perfectione
719 2133 844 2160 carebit?
876 2132 1007 2168 Sequitur

222 2177 295 2203 enim
312 2176 432 2212 idipsum
455 2177 536 2204 etiam
553 2186 601 2205 vos
622 2179 704 2213 impie
723 2179 757 2206 de
768 2179 850 2206 Patre
868 2186 1001 2207 asserere.

223 2222 301 2250 Unde
313 2225 385 2250 enim
397 2223 576 2258 ipse,qumso,
585 2225 780 2259 perfectionem
799 2226 965 2258 necessario,
974 2232 1003 2253 ut

220 2269 324 2300 dicitis.
341 2269 485 2297 habiturus
504 2271 564 2297 est?
582 2274 629 2296 aut
645 2271 784 2304 quomodo
807 2278 862 2297 non
881 2271 913 2298 ad
931 2272 1003 2299 illam

222 2315 432 2342 diminutionem
455 2314 528 2347 Filii,
545 2316 683 2343 sententia
701 2321 790 2342 vestra
816 2316 1002 2351 imperfectam

222 2363 386 2397 ilelapsurus
401 2367 453 2393 est,
469 2363 492 2389 si
514 2362 605 2388 divina
626 2362 746 2389 essentia
771 2362 1003 2396 imperfectioncm

223 2408 249 2434 in
269 2407 338 2434 Filio
362 2409 446 2435 semel
473 2407 636 2442 susceperit.
657 2410 687 2433 ut
715 2408 798 2434 stulte
825 2412 851 2435 et
880 2408 1004 2443 imperite

222 2452 476 2480 contenditis?Non
495 2454 566 2479 enim
587 2456 660 2480 certe
680 2459 804 2486 magnam
826 2453 898 2480 illam
915 2458 941 2480 et
959 2455 1005 2480 im-

223 2498 364 2524 mortalem
377 2502 502 2524 naturam
519 2498 545 2523 in
562 2497 684 2523 diversas
701 2497 821 2524 rationes
836 2499 1002 2533 sec-abimus,

222 2549 252 2569 ut
266 2544 293 2570 in
311 2543 373 2572 hoc.
391 2542 466 2569 verbi
482 2542 580 2576 gratia,
595 2542 631 2569 sit
648 2542 818 2576 imperfecta.
832 2544 858 2570 in
874 2545 920 2571 illo
943 2553 1004 2579 per-

221 2589 292 2616 fecta
312 2597 319 2616 :
336 2595 399 2615 cum
424 2587 604 2614 humanitatis
619 2587 742 2615 deiiuitio
764 2597 818 2616 una
837 2591 873 2617 sit
896 2591 929 2618 de
944 2599 1003 2618 om-

221 2636 312 2665 nibus.
327 2638 354 2662 et
370 2634 462 2661 eadem
482 2633 510 2659 in
527 2633 654 2661 omnibus
671 2635 762 2668 nobis,
784 2644 834 2663 nec
852 2636 934 2663 homo
954 2637 1003 2663 ali-

219 2680 286 2715 quid
313 2679 406 2706 minus
434 2684 481 2706 aut
511 2678 599 2713 majus
624 2680 659 2706 sit
685 2680 772 2708 altero
804 2681 927 2715 homine,
948 2690 1002 2715 qua

219 2727 301 2752 homo
321 2729 362 2751 est
381 2735 386 2751 :
403 2732 453 2751 nec
479 2725 601 2760 angelus,
621 2727 728 2760 opinor,
749 2726 783 2753 ab
799 2727 884 2753 altero
906 2728 1002 2760 angelo

217 2771 337 2802 differat,
354 2771 460 2798 rati0uc
481 2771 610 2806 angelicm
625 2771 796 2804 substantiae,
814 2772 951 2803 erunibus.
968 2780 1001 2800 es

256 2851 276 2866 ”
298 2850 369 2878 i'sui.
393 2858 464 2883 XLIV,
491 2851 517 2878 8.
557 2850 640 2878 "Joel
656 2859 674 2883 ι,
697 2851 723 2877 5.

764 2851 785 2866 ”
805 2849 899 2876 Matth.
918 2857 973 2882 xw,
990 2849 1035 2878 33.

1061 1580 1175 1615 Πατρδς,
1192 1581 1259 1616 ὅπερ
1271 1580 1300 1616 δὲ
1321 1580 1370 1606 οὐκ
1385 1579 1455 1613 ἔχει,
1471 1578 1603 1614 λαμϐάνει
1615 1577 1724 1614 δηλαδὴ.
1741 1586 1847 1605 συνεπι-

1062 1626 1262 1662 μαρτυροῦντος
1275 1625 1322 1652 τοῦ
1344 1624 1482 1660 Μελῳδοῦ,
1501 1624 1547 1650 καὶ
1565 1624 1701 1658 λέγοντος,
1726 1623 1764 1655 ὡς
1778 1624 1848 1660 πρὸς

1060 1671 1138 1698 αὐτόν
1147 1680 1153 1686 ·
1171 1681 1179 1696 ι
1195 1670 1244 1697 Διὰ
1255 1671 1332 1697 τοῦτο
1343 1670 1434 1705 ἐχρισέ
1447 1678 1476 1696 σε
1489 1671 1502 1696 ό
1515 1669 1612 1701 Θεὸς,ό
1623 1669 1689 1700 Θεός
1704 1678 1761 1701 σου,
1773 1669 1848 1696 ἔλεον

1059 1717 1244 1751 ἀγαλλιάσεως
1260 1716 1335 1752 παρὰ
1351 1717 1414 1747 τοὺς
1430 1716 1560 1750 μετόχους
1575 1723 1632 1741 σου.
1652 1724 1660 1740 ι
1683 1714 1744 1746 Πῶς
1756 1715 1789 1741 ἂν
1804 1715 1847 1750 εἴη

1059 1763 1150 1789 λοιπὸν
1177 1763 1206 1788 ὲν
1222 1763 1409 1797 ὀμοουσιότητι
1432 1761 1478 1787 τοῦ
1504 1760 1606 1787 τελείου
1632 1759 1748 1794 Πατρὺς,
1769 1761 1783 1786 ό
1809 1760 1846 1794 μὴ

1058 1809 1178 1840 τοιοῦτος
1188 1809 1262 1841 Υίὸς,
1271 1808 1318 1835 καὶ
1329 1808 1372 1834 διὰ
1384 1807 1462 1835 τοῦτο
1469 1807 1612 1842 χριόμενος
1625 1816 1632 1839 ;
1645 1806 1715 1842 Πρὸς
1725 1806 1756 1840 δὴ
1767 1805 1847 1832 τοῦτο

1059 1855 1141 1889 φάναι
1158 1855 1212 1880 δεῖν
1233 1853 1417 1889 ὑπολαμϐάνω
1431 1854 1487 1884 τοῖς
1507 1852 1541 1879 τὰ
1558 1853 1644 1888 σεμνὰ
1662 1852 1711 1887 τῆς
1732 1851 1846 1886 Ἐκκλη-

1059 1901 1120 1932 σίας
1141 1900 1326 1936 ἀνατρέπουσι
1341 1900 1474 1935 δόγματα,
1491 1899 1538 1926 καὶ
1552 1899 1600 1935 τὴν
1617 1899 1671 1925 τῶν
1689 1898 1847 1934 γεγραμμέ-

1058 1956 1110 1974 νων
1126 1947 1258 1983 ὀρθότητα
1271 1946 1476 1981 διαστρέφουσιν
1489 1955 1495 1961 ·
1508 1956 1516 1971 ι
1529 1945 1718 1980 Ἐκνήψατε,οῐ
1733 1945 1847 1980 μεθύον-

1058 2001 1113 2024 τες,
1127 1992 1156 2025 ἐξ
1169 1993 1239 2019 οἴνου
1254 1991 1352 2024 αὐτῶν,
1369 2001 1378 2017 ι
1397 1991 1440 2018 ἴνα
1457 1991 1580 2026 δύνησθε,
1598 1991 1628 2018 τὺ
1649 1991 1774 2026 λαμπρὸν
1798 1991 1847 2026 τῆς

1059 2039 1186 2073 ἀληθείας
1199 2037 1433 2073 περιαθρήσαντες
1449 2037 1556 2069 κάλλος,
1579 2037 1626 2064 σὺν
1643 2037 1708 2072 ἡμῖν
1728 2036 1845 2071 ἀναϐοῆ-

1059 2093 1103 2111 σαι
1118 2085 1185 2120 πρὸς
1200 2084 1245 2110 τὸν
1255 2083 1333 2110 Υἱόν·
1346 2093 1354 2108 ι
1379 2083 1497 2118 Ἀληθῶς
1513 2084 1579 2110 Θεοῦ
1596 2083 1657 2115 Υἱὸς
1671 2081 1704 2110 εἴ.
1720 2093 1728 2108 ι
1744 2084 1774 2109 Et
1791 2083 1847 2118 γὰρ

1058 2130 1126 2161 ὅλως
1153 2128 1290 2161 πιστεύεις
1311 2129 1376 2155 Θεὸν
1401 2126 1471 2155 εἶναι
1490 2130 1559 2155 κατὰ
1576 2129 1656 2163 φύσιν
1677 2129 1768 2160 αὑτὸν,
1787 2128 1846 2159 πῶς

1058 2176 1108 2202 οὐκ
1124 2164 1167 2201 ἄν’
1178 2175 1234 2210 ἔχοι
1247 2175 1278 2201 τὸ
1299 2175 1414 2208 τέλειονς
1435 2175 1505 2210 Ὥρα
1527 2175 1580 2210 γὰρ
1596 2176 1667 2210 ὑμᾶς
1683 2175 1729 2201 καὶ
1745 2175 1782 2205 είς
1796 2174 1846 2200 αὑ-

1059 2222 1104 2248 τὸν
1127 2221 1176 2256 ἤδη
1201 2221 1339 2247 δυσσεσεῖν
1365 2221 1409 2248 τὸν
1427 2221 1554 2256 Πατέρα·
1573 2221 1653 2247 πόθεν
1677 2221 1731 2256 γὰρ
1753 2221 1843 2251 αὐτὸς,

1058 2268 1096 2299 ὡς
1111 2267 1172 2302 φὴς,
1182 2267 1210 2300 ἐξ
1221 2267 1343 2303 ἀνάγκης
1358 2267 1413 2300 ἕξει
1426 2268 1476 2302 τὴν
1488 2267 1644 2301 τελειάτητα
1655 2276 1662 2299 ;
1675 2267 1732 2298 πῶς
1745 2266 1774 2292 δὲ
1785 2265 1845 2300 οὐχ).

1059 2314 1125 2349 πρὸς
1137 2313 1185 2348 τὴν
1201 2313 1248 2340 τοῦ
1261 2314 1430 2348 γεννήματος
1449 2313 1560 2347 ὕφεσιν,
1580 2314 1630 2348 τὴν
1644 2313 1681 2344 ὡς
1694 2312 1755 2339 καθ’
1772 2313 1845 2346 ὑμᾶς

1057 2359 1139 2394 ἀτελῆ
1156 2358 1374 2394 κατοισθήπεται,
1392 2358 1618 2394 παραδεξαμένης
1645 2358 1717 2390 suae
1742 2358 1770 2383 ὲν
1787 2357 1844 2392 Υἱῷ

1058 2406 1107 2440 τῆς
1130 2405 1204 2437 θείας
1220 2406 1312 2436 οὐσίας
1335 2405 1366 2432 τὸ
1385 2404 1513 2431 δύνασθαι
1532 2405 1568 2439 μὴ
1588 2403 1659 2438 ἔχειν
1676 2404 1707 2430 τὸ
1723 2403 1843 2434 τέλειον,

1058 2452 1129 2478 κατά
1143 2460 1174 2485 γε
1187 2452 1231 2478 τὸν
1247 2452 1310 2486 παρ’
1325 2451 1389 2486 ὑμῖν
1408 2450 1501 2485 ἀμαθῆ
1515 2450 1560 2476 καὶ
1575 2450 1735 2476 ἀπαίδευτον
1748 2449 1842 2483 λόγους

1058 2499 1095 2524 Οὐ
1109 2497 1164 2533 γὰρ
1188 2498 1273 2532 δήπου
1297 2497 1345 2532 τὴν
1363 2497 1483 2532 μεγάλην
1503 2497 1627 2532 ἐκείνην,
1641 2496 1688 2523 καὶ
1706 2496 1842 2530 ἀκήρατον

1058 2545 1138 2578 φύσιν
1155 2545 1193 2575 είς
1207 2543 1352 2578 διαφόρους
1367 2541 1587 2577 καταμεριοῦμεν
1601 2541 1707 2575 λόγους.
1722 2540 1760 2571 ὡς
1773 2538 1842 2566 εἶναι

1059 2591 1106 2625 μὲν
1125 2591 1153 2616 ὲν
1179 2590 1246 2624 τῷδε
1269 2589 1348 2624 τυχὸν
1370 2589 1470 2624 ἀτελῆ,
1495 2588 1602 2614 τελείαν
1617 2588 1644 2614 δὲ
1667 2585 1699 2614 αὖ
1715 2586 1795 2613 πάλιν
1813 2587 1841 2613 ὲν

1056 2635 1166 2669 ἐκείνῳ¹
1184 2634 1243 2660 ἐπεὶ
1262 2634 1308 2661 καὶ
1323 2635 1336 2660 ό
1351 2633 1399 2669 τῆς
1421 2633 1629 2668 ἀνθρωπότητος
1642 2633 1703 2665 ὄρος
1718 2630 1755 2663 εἷς
1771 2631 1841 2658 κατὰ

1057 2681 1163 2707 πάντων
1183 2680 1240 2706 ἐστὶ
1254 2680 1301 2706 καὶ
1318 2679 1373 2710 ise;
1388 2680 1417 2705 ὲν
1433 2680 1514 2705 πᾶσιν
1528 2679 1592 2714 ἡμῖν
1603 2687 1609 2693 ·
1628 2678 1736 2704 ἔλαττον
1754 2678 1782 2704 δέ
1799 2686 1840 2709 τις

1055 2727 1206 2761 ἅνθρωπος,
1220 2725 1287 2752 καθὸ
1309 2726 1430 2760 stipuer
1450 2725 1601 2759 ἄνθρωπος,
1620 2723 1677 2750 ἀλλ’
1690 2723 1748 2750 οὐδὲ
1760 2722 1839 2749 πλέον

1056 2773 1147 2807 ἐτέρου
1171 2772 1409 2808 καταληφθήσεται
1424 2792 1430 2803 ,
1455 2770 1571 2804 ἀγγέλου
1592 2769 1632 2802 δὲ,
1645 2767 1733 2805 οἶμαι,
1747 2769 1839 2798 διοίσει
