2028 3118
143 150 193 178 U7

665 150 698 177 ΙΝ
717 149 862 179 MANMS
877 148 1103 179 EVANGEIJUM
1121 149 1186 179 LIB.
1197 151 1237 180 'll.

1719 161 1771 190 l-98

142 207 204 236 κατ’
220 206 299 234 aestv
317 206 411 242 ἕτερος
437 206 561 240 ἄγγελος,
576 206 645 234 κατά
663 215 694 241 γε
720 207 751 234 τὸ
775 206 844 234 εἶναι
862 207 929 234 τοῦθ

986 215 1018 234 eo
1046 208 1119 242 quod
1146 209 1270 242 ejusdem
1288 213 1352 237 sunt
1369 211 1481 246 speciei,
1501 211 1528 239 in
1541 219 1623 241 unam
1641 220 1769 245 naturam

141 253 219 288 ὃπερ¹
238 252 308 280 εἰσὶν
327 251 447 286 ἄγγελοι,
469 252 568 288 δηλαδὴ
589 252 632 279 διὰ
647 253 697 287 τῆς
719 253 787 288 πρὸς
803 253 933 288 ἀλλήλους

141 299 292 335 όμοειδίας,
311 300 352 330 εἰς
367 298 431 332 μίαν
444 298 563 330 ἅπαντες
587 299 818 335 ὰναδεσμούμενοι
840 300 931 334 φύσιν.

142 345 203 376 Πῶς
218 344 251 371 ἂν
265 342 311 371 οὖν
321 345 338 380 ἡ
351 344 410 370 Θεία
420 344 465 370 καὶ
477 344 602 371 ἁπάντων
614 345 832 380 ὑπερανίσχουσα
839 345 931 380 φύσις,

141 391 170 417 ἐν
186 390 312 417 ἐλάττοσι
333 389 388 416 τῶν
404 390 524 424 γενητῶν
547 392 576 417 ἐν
596 392 653 421 τοῖς
673 391 733 417 καθ’
748 391 846 426 ἑαυτὴν
862 392 931 425 ἀγα-

141 437 197 468 θοῖς
223 436 390 471 ὀφθήσεται,
405 436 536 470 ὑπομενεῖ
555 435 583 462 δὲ
609 436 709 468 πάθος,
733 436 746 462 ὃ
764 436 859 463 παθεῖν
882 437 932 463 οὐκ

140 482 210 509 οἶδεν
225 483 242 518 ἡ
265 482 367 515 κτίσιςς
384 481 445 513 Πῶς
469 482 497 508 δὲ
518 482 585 513 ὅλως
615 482 691 508 ἔσται
719 483 766 508 καὶ
786 482 858 517 ἁπλῆ
884 483 931 509 καὶ

141 528 299 560 ἀτύνθετος,
317 527 396 562 εἴπερ
411 527 440 553 ὃν
457 528 485 554 ἐν
498 528 566 562 αὐτῇ
581 528 704 561 φανεῖται
721 528 751 553 τὸ
767 527 867 553 τέλειον
884 528 931 554 καὶ

140 573 171 600 τὸ
198 573 292 604 ἀτελές
307 582 314 606 ;
328 572 504 606 Συγκείσεται
524 573 582 608 γὰρ
598 573 631 599 δι’
653 573 765 607 ἀμφοῖν,
779 573 856 608 εἴπερ
881 574 930 608 οὐχ

141 619 235 654 ὅμοιον
258 618 296 653 τῷ
322 618 416 653 τελείῳ
443 618 474 645 τὺ
497 618 602 648 ἀτελές.
626 618 657 644 Εἰ
683 618 732 653 μὲν
758 618 811 653 γὰρ
838 618 929 653 ὅμοιόν

141 666 210 697 ἔστι,
227 665 274 691 καὶ
296 663 327 691 τὸ
348 664 504 691 διαλλάττον
526 664 602 690 οὐδὲν
616 665 644 690 ἐν
662 664 764 695 αὐτοῖς,
782 664 846 696 πᾶν,
862 664 930 698 ὅπερ

139 710 173 737 ἂν
199 711 242 746 εἴη
263 710 377 743 τέλειον,
393 710 545 746 ἀδιαφόρως
561 710 638 736 ἔσται
653 710 699 736 καὶ
714 710 823 741 ἀτελές·
836 710 882 736 καὶ
905 710 932 736 εἴ

139 765 166 783 τι
180 756 263 783 πάλιν
274 756 380 788 ἀτελὲς,
395 756 475 783 τοῦτο
496 757 541 783 καὶ
553 757 664 788 τέλειον,
679 757 726 782 καὶ
741 757 816 783 οὐδὲν
829 757 858 783 εν
872 757 929 791 Υίῷ

139 800 170 827 τὸ
185 800 377 836 κατηγόρημα,
384 800 434 827 κᾶν
443 802 502 832 ταῖς
514 801 662 836 ἡμετέραις
676 802 807 833 διανοίαις
814 802 845 828 τὸ
853 802 929 832 τέλος

139 847 210 882 ἔχων
228 847 260 874 οὐ
280 847 409 882 φαίνηται
427 855 433 862 ·
450 847 507 874 ἀλλ’
525 848 585 874 οὐδὲ
607 849 711 879 αὑτὸςό
727 848 820 883 Πατὴρ
843 849 928 883 ὑπερ-

139 893 245 919 αλεῖται
259 893 305 920 τὸν
324 893 387 925 nov
405 893 452 919 ἐπὶ
465 893 611 928 τελειότητι
632 894 863 929 μαρτυρούμενος,
884 895 930 920 καὶ
946 886 966 913 Β

138 939 249 965 λέλυται
263 939 343 966 πάλιν
355 940 421 974 ἡμῖν
438 939 467 965 τὸ
485 939 650 974 ζητούμενον
660 948 666 954 ·
683 940 707 966 εἰ
721 940 749 966 δὲ
764 940 847 971 πολὺς
861 941 930 967 ἁπο-

137 985 255 1020 τειχίζει
273 984 351 1016 λόγος
367 984 414 1011 τοῦ
431 985 534 1011 τελείου
551 985 581 1011 τὸ
603 985 706 1017 ἀτελὲς,
722 985 828 1021 δέχεται
841 986 867 1011 δὲ
884 986 930 1012 καὶ

137 1031 156 1066 ἡ
168 1031 231 1058 θεία
253 1030 333 1064 φύσις
358 1031 428 1057 κατὰ
447 1031 544 1057 ταντὸν
560 1031 711 1066 ἀμφότερα,
725 1031 850 1062 σύνθετος
864 1032 928 1066 ἄρα,

138 1077 188 1104 καὶ
210 1077 260 1113 οὐχ
277 1077 360 1112 ἁπλῆ.
380 1077 450 1104 Ἀλλ’
462 1078 520 1112 ἐρεῖ
542 1085 584 1108 τις
597 1077 687 1111 τυχὸν,
703 1076 740 1108 ὡς
754 1078 885 1112 ἀσυμφυῆ
901 1076 929 1102 τέ

138 1124 199 1151 ἐστι
221 1123 268 1150 καὶ
287 1123 482 1159 ἀσυνύπαρκτα
505 1123 575 1150 κατὰ
592 1123 689 1149 ταυτὸν
706 1123 735 1148 ὲν
752 1123 791 1149 ἐνὶ
808 1122 847 1157 τῷ
864 1122 930 1149 ὑπο-

138 1170 258 1206 κειμένῳ
267 1171 301 1197 τὰ
311 1170 429 1202 ἐναντία,
445 1171 482 1201 ὡς
497 1171 526 1196 ἐν
537 1169 643 1203 σώματι
654 1169 733 1204 τυχὸν
751 1169 819 1204 ὁμοῦ
831 1170 929 1205 χρῶμα

138 1219 234 1246 λευκὸν
247 1220 295 1246 καὶ
310 1218 401 1253 μὲλαν.
425 1217 522 1249 Καλῶς
535 1226 577 1251 γε,
588 1214 610 1243 ὦ
623 1217 708 1252 φίλος.
721 1217 767 1243 καὶ
782 1215 854 1250 μάλα
865 1224 930 1251 γορ-

138 1264 195 1299 γῶς
206 1265 261 1295 τοῖς
285 1264 428 1299 ἡμετέροις
451 1263 616 1298 ἁπηγωνίσω
631 1263 729 1296 λόγοις.
751 1263 782 1288 Εἰ
805 1262 859 1297 γὰρ
880 1262 929 1296 μία.

139 1309 181 1341 τίς
192 1307 356 1343 ἐστινὴθεία
370 1307 461 1342 φύσις,
476 1308 523 1334 καὶ
536 1308 600 1342 παρ’
610 1308 692 1343 αὐτὴν
706 1307 754 1341 οὐχ
766 1307 855 1342 ἑτέρα,
870 1306 929 1337 πῶς

137 1354 250 1388 ἃν,εἰπέ
266 1362 321 1390 μοι,
336 1354 389 1380 τῶν
412 1346 539 1380 ἐναντίιον
560 1354 666 1388 γένοιτο
684 1353 810 1387 δεκτική;
825 1353 882 1383 πῶς
900 1351 929 1378 δὲ

138 1401 201 1430 καθ’
218 1401 248 1428 ἐν
261 1410 287 1428 τι
297 1400 329 1427 τὸ
343 1399 520 1435 ὑποκείμενον
535 1400 569 1427 τὰ
589 1399 714 1435 ἀλλήλοις
730 1399 844 1434 ἀνόμοια
858 1407 928 1433 συμ-

137 1448 269 1484 ϐήσεταις
284 1446 351 1474 Θεοῦ
363 1446 392 1473 δὲ
402 1446 476 1477 ὖντος
493 1446 564 1472 κατὰ
578 1445 659 1480 φύσιν
674 1444 720 1472 τοῦ
735 1445 851 1480 Πατρὸς,
862 1444 929 1475 Θεὸς

137 1489 197 1522 em
211 1493 282 1521 κατὰ
295 1493 376 1527 φύσιν
388 1493 434 1519 καὶ
451 1494 465 1519 ὁ
477 1492 539 1524 Υἱός
549 1501 555 1508 ·
576 1493 651 1518 οὐδὲν
668 1492 723 1526 ἄρα
738 1491 841 1521 διοίσει,
859 1490 928 1516 κατά
947 1505 952 1509 -

137 1548 170 1574 γε.
189 1539 220 1566 τὺ
244 1537 315 1565 εἶναι
332 1537 442 1570 τέλειος,
456 1537 494 1569 ὡς
508 1537 576 1574 πρὸς
594 1537 638 1563 τὸν
654 1536 773 1571 Πατέρα,
789 1536 837 1570 τῆς
852 1534 927 1566 θείας

137 1585 220 1612 αὐτοῦ
237 1585 284 1612 καὶ
300 1584 471 1618 τελειοτάτης
482 1583 575 1614 οὐσίας
590 1581 752 1616 ὲκπεφυκώς
761 1590 767 1596 ·
781 1581 797 1617 ἢ
811 1581 865 1616 γὰρ
877 1581 927 1607 οὐκ

137 1632 244 1667 ἀνάγκη
258 1630 359 1657 τέλειον
382 1627 451 1656 εἶναι
468 1629 574 1660 πάντως
599 1629 643 1655 τὸν
658 1629 690 1654 ὲκ
715 1627 815 1653 τελείου
830 1626 927 1660 γεννή-

136 1686 227 1714 τορας,
245 1677 322 1713 εἴπερ
348 1676 420 1702 ἐστὶν
435 1675 517 1701 αὐτοῦ
543 1675 590 1701 καὶ
615 1673 821 1708 ἀπαράλλακτος
834 1671 925 1702 εἰκὼν,

136 1724 186 1752 καὶ
205 1723 349 1760 χαρακτὴρ
371 1722 422 1757 τῆς
446 1721 640 1752 ὑποστάσεως,
656 1719 727 1746 καθὰ
746 1720 899 1754 γέγραπται
918 1727 925 1751 ;

143 1767 224 1802 Ἀλλ’,
240 1766 327 1804 οἶμαι,
343 1768 396 1799 πᾶς
407 1776 447 1798 τις
460 1767 525 1802 ἡμῖν
539 1766 646 1801 συνερεῖ
665 1765 711 1791 καὶ
727 1764 897 1800 συνθήσεται’
910 1764 926 1798 ἢ

136 1814 241 1849 λεγέτω
255 1814 335 1841 πάλιν
349 1814 388 1844 είς
402 1812 484 1847 μέσον
503 1810 596 1843 ἐλθὼν,
609 1809 681 1837 κατὰ
696 1812 756 1836 τίνα
768 1810 868 1845 τρόπον
880 1808 926 1835 τοῦ

136 1860 239 1888 τελείου
252 1859 358 1896 [ἰατρὸς
371 1857 576 1893 ἀπαράλλακτος
591 1856 667 1883 ἔσται
684 1855 825 1891 χαρακτὴρ
837 1856 850 1881 ὁ
864 1855 927 1886 Υἱὸς

137 1907 188 1934 οὐκ
209 1906 279 1941 ἔχων
302 1907 330 1933 ἐν
353 1904 405 1940 ἰδίᾳ
422 1903 500 1939 φύσει
524 1904 554 1929 τὸ
569 1901 639 1929 εἶναι
658 1896 769 1935 τέλειοςξ
786 1901 857 1927 κατὰ
878 1901 927 1936 τήν

137 1943 219 1980 τινων
239 1951 409 1979 δυσὸουλίαν.
443 1949 550 1985 Ἐπειδὴ
576 1948 604 1975 δέ
627 1949 685 1974 ἐστι
712 1947 854 1983 χαρακτὴρ
879 1947 928 1973 καὶ

138 1998 230 2030 εἰκὼν,
242 1997 344 2028 τέλειος
357 1997 411 2033 ἄρα
421 1995 467 2022 καὶ
480 1994 560 2026 αὐτὸς
579 1994 616 2025 ὡς
629 1994 740 2025 ἐκεῖνος,
754 1990 784 2018 οὗ
796 1993 843 2020 καὶ
855 1992 927 2019 ἔστιν

137 2043 229 2072 εἰκών.
257 2042 326 2070 Ἀλλ’
346 2040 409 2075 εἶδε,
435 2041 528 2076 φησὶν,
554 2040 680 2074 Ἰωάννης
710 2039 739 2071 ἐξ
757 2037 873 2074 οὐρανοῦ
898 2037 928 2064 τὸ

138 2089 252 2124 Πνεῦμα
265 2088 427 2116 καταὸαἰνον
443 2087 490 2113 ἐπὶ
510 2086 557 2112 τὸν
578 2085 652 2117 Υἰὸν,
671 2085 717 2111 καὶ
736 2084 853 2111 ἐπακτὸν
871 2083 927 2118 ἔχει

136 2133 183 2162 τὸν
190 2134 334 2170 ἁγιασμὺν·
345 2133 451 2168 δέχεται
457 2131 510 2168 γὰρ
521 2132 558 2163 ὡς
569 2132 619 2157 οὐκ
629 2130 697 2166 ἔχων
703 2129 886 2165 δηλαδή.¹¹Ωρα
895 2128 927 2163 δὴ

137 2178 184 2208 οὖν
198 2179 351 2216 ἀναφανδὸν
367 2178 474 2214 ποίημα
489 2177 538 2213 μὲν
553 2177 642 2211 λέγειν
658 2176 748 2209 αὑτὸν,
763 2175 840 2210 ὀλίγῃ
852 2174 927 2210 μόλις

986 254 1133 289 colligatis.
1150 254 1293 286 Quomodo
1316 263 1381 290 ergo
1405 257 1499 285 divina
1526 262 1554 286 et
1575 261 1697 289 omnium
1721 271 1769 291 su-

985 306 1078 333 prema
1110 299 1156 326 illa
1186 306 1296 334 natura,
1320 303 1409 329 lninor
1436 304 1463 330 in
1495 313 1524 332 se
1550 314 1611 334 esse
1632 308 1768 337 videbitur

984 351 1065 378 quam
1087 350 1225 379 creatura,
1240 348 1320 381 eique
1335 349 1475 384 continget
1490 352 1562 385 quod
1588 361 1621 380 ne
1636 353 1663 380 in
1681 354 1768 388 ipsam

983 391 1094 425 quidem
1118 396 1273 420 creaturam
1301 394 1401 422 cadere
1422 397 1525 430 possit?
1547 399 1599 425 Aut
1618 402 1767 433 quomodo,

986 445 1091 471 qua‘so,
1103 438 1156 465 erit
1171 439 1285 473 simplex
1302 444 1329 467 et
1343 440 1536 475 incomposita,
1547 443 1569 469 si
1592 444 1619 470 in
1632 446 1769 479 ea‘videa—

982 491 1044 511 Inus
1071 485 1353 519 esse‘perl'ectionem
1383 492 1409 513 et
1443 488 1696 522 imperfectionem?
1729 491 1768 518 Ex

983 533 1098 564 utroque
1115 531 1187 557 enim
1215 536 1405 566 componatur,
1422 533 1558 567 siquidem
1577 535 1699 568 perfecto
1718 537 1768 563 im-

982 575 1133 609 perfectum
1166 576 1257 604 simile
1281 585 1334 604 non
1364 584 1414 606 est.
1442 578 1470 605 Si
1500 580 1573 606 enim
1602 581 1693 608 simile
1720 583 1767 614 sit,

981 621 1105 656 nihilque
1121 622 1156 649 sit
1172 623 1243 650 inter
1255 632 1285 650 ea
1300 624 1479 657 discriminis,
1496 627 1682 661 quodcunque
1707 636 1767 662 per-

982 666 1083 693 fectum
1104 673 1156 699 est,
1173 669 1276 702 passim
1305 678 1414 704 quoque
1439 671 1492 697 erit
1514 671 1720 706 imperfectum;
1741 679 1769 701 et

981 712 1073 747 siquid
1091 713 1212 741 vicissim
1241 715 1449 749 imperfectum,
1467 717 1532 743 illud
1552 726 1660 752 quoque
1681 719 1769 753 perfe-

980 762 1054 784 ctum
1080 758 1143 790 erit,
1168 766 1218 786 nec
1243 759 1313 786 Filio
1327 761 1475 795 quidquam
1503 761 1690 795 detrahemus,
1704 764 1768 790 licet

980 810 1041 828 eum
1059 803 1228 836 perfectione
1243 812 1338 832 carere
1355 810 1483 840 putemus
1499 814 1505 831 ι
1521 807 1567 834 sed
1587 815 1674 841 neque
1686 808 1767 835 Pater

980 847 1078 874 Filium
1095 851 1254 883 superabit:
1271 852 1397 885 quamvis
1412 852 1435 879 ei
1453 852 1585 886 perfectio
1601 854 1767 886 ascribatur,

981 896 1008 919 et
1022 893 1112 920 soluta
1128 902 1227 922 rursus
1240 896 1320 923 nobis
1336 901 1378 923 est
1396 899 1511 931 quaestio
1527 907 1532 924 :
1550 899 1592 926 sin
1608 904 1699 926 autem
1717 900 1769 926 im-

982 940 1132 973 perfectum
1158 949 1172 967 a
1193 942 1317 976 perfecto
1331 944 1424 970 multis
1449 944 1604 972 rationibus
1621 945 1769 981 distingui-

982 990 1203 1021 lur,‘utrumque
1224 995 1286 1015 vero
1310 988 1402 1015 divina
1422 997 1532 1024 quoque
1556 994 1655 1017 natura
1672 992 1767 1018 eodem

981 1031 1062 1058 modo
1076 1033 1202 1067 suscipit,
1220 1034 1371 1068 composita
1389 1034 1472 1069 igitur
1495 1036 1558 1068 erit,
1572 1040 1599 1063 et
1624 1043 1679 1062 non
1701 1036 1767 1063 sim-

981 1078 1052 1110 plex.
1068 1077 1120 1104 Sed
1140 1078 1233 1105 forsan
1250 1079 1320 1106 dicet
1339 1080 1488 1114 quispiam.
1510 1082 1650 1108 contraria
1669 1082 1696 1108 in
1712 1090 1766 1108 uno

980 1124 1104 1158 subjecto
1129 1124 1211 1151 simul
1241 1132 1296 1152 non
1313 1133 1393 1160 posse
1419 1127 1561 1160 exsistere,
1579 1132 1608 1154 ut
1631 1128 1658 1154 in
1687 1128 1767 1163 118

980 1176 1106 1203 corpore,
1124 1169 1240 1204 exempli
1256 1177 1352 1202 causa,
1366 1171 1445 1198 albus
1457 1172 1534 1199 color
1548 1180 1580 1199 ac
1596 1173 1672 1207 niger
1683 1173 1766 1200 simul

979 1222 1041 1241 esse
1065 1218 1215 1248 nequeunt.
1229 1214 1301 1241 Bene
1322 1215 1414 1248 habet,
1437 1217 1542 1249 amice;
1559 1218 1664 1244 nostris
1682 1217 1767 1244 dictis

979 1259 1090 1294 egregie
1111 1264 1138 1286 tu
1155 1267 1264 1294 quoque
1280 1260 1451 1297 suﬂragaris.
1464 1261 1532 1288 Nam
1549 1262 1572 1289 si
1591 1270 1644 1289 una
1661 1266 1703 1290 est
1719 1270 1767 1289 na-

980 1308 1041 1331 tura
1071 1305 1179 1336 divina,
1203 1312 1253 1332 nec
1276 1310 1373 1339 prteter
1395 1314 1454 1332 eam
1482 1307 1567 1334 altera
1582 1327 1589 1339 ,
1617 1309 1766 1342 quomodo,

980 1359 1083 1385 quaeso,
1095 1350 1221 1377 admittet
1235 1351 1393 1378 contraria?
1404 1352 1542 1387 quomodo
1560 1353 1587 1379 in
1603 1361 1686 1380 unum
1700 1354 1770 1381 sub—

977 1398 1080 1432 jectum
1095 1404 1156 1431 qua:
1170 1397 1240 1423 inter
1256 1404 1286 1424 se
1299 1397 1445 1424 dissimilia
1464 1402 1528 1425 Sunt
1543 1399 1723 1426 convenient?
1734 1400 1767 1426 At

979 1450 1040 1470 cum
1059 1441 1139 1469 Pater
1155 1442 1227 1469 Deus
1243 1443 1280 1470 sit
1296 1443 1447 1470 secundum
1466 1448 1603 1477 naturam,
1614 1443 1685 1472 Deus
1697 1453 1767 1480 quo-

979 1496 1032 1523 que
1054 1489 1206 1515 secundum
1221 1493 1349 1516 naturam
1373 1494 1414 1516 est
1426 1488 1511 1516 Filius
1525 1499 1531 1516 ι
1545 1490 1611 1517 nihil
1634 1499 1699 1526 ergo
1714 1490 1772 1518 dif-

979 1534 1049 1562 feret
1065 1535 1110 1562 ille
1124 1543 1139 1562 a
1153 1534 1244 1566 Patre,
1258 1536 1365 1562 ratione
1379 1536 1571 1570 perfectionis,
1589 1537 1636 1572 qui
1656 1545 1687 1564 ex
1706 1537 1767 1572 ejus

978 1581 1070 1609 divina
1086 1585 1113 1609 et
1135 1581 1337 1616 perfectissima
1353 1582 1507 1609 substantia
1525 1584 1668 1617 processit.
1682 1583 1768 1611 Num-

977 1627 1043 1662 quid
1058 1627 1143 1660 enim,
1161 1634 1267 1661 qua:so,
1279 1634 1393 1654 necesse
1405 1634 1458 1653 non
1476 1632 1518 1654 est
1531 1636 1592 1655 eum
1605 1636 1665 1656 esse
1677 1629 1767 1664 perfe-

978 1679 1063 1705 ctum,
1072 1674 1118 1708 qui
1127 1681 1159 1700 ex
1168 1673 1290 1708 perfecto
1297 1677 1338 1701 est
1347 1672 1437 1705 Patre,
1445 1673 1578 1707 siquidem
1585 1673 1608 1708 ej
1615 1682 1646 1700 us
1654 1679 1695 1701 est
1705 1683 1766 1701 cum

978 1727 1025 1755 per
1037 1720 1128 1746 omnia
1143 1719 1241 1747 similis
1254 1717 1354 1754 imago,
1365 1723 1422 1746 tum
1438 1720 1601 1747 substantiae
1613 1721 1766 1752 charm-tor,

977 1769 1008 1792 ut
1037 1766 1170 1801 scriptum
1196 1769 1238 1792 est
1255 1765 1302 1791 '°?
1330 1765 1381 1792 Sed
1408 1773 1488 1792 nemo
1515 1773 1569 1792 non
1599 1767 1768 1793 assentietur

978 1811 1068 1843 nobis,
1085 1812 1194 1846 opinor,
1222 1816 1248 1839 et
1273 1811 1469 1845 suifragabilur
1495 1821 1501 1838 :
1525 1812 1626 1846 alioqui
1653 1814 1767 1847 prodeat

978 1864 1077 1884 rursus
1095 1856 1122 1883 in
1140 1857 1270 1888 medium,
1285 1861 1312 1884 ct
1329 1857 1405 1883 dicat
1421 1857 1560 1892 quomodo
1580 1858 1692 1891 perfecti
1714 1858 1766 1885 Pa-

978 1901 1029 1929 tris
1057 1901 1168 1929 futurus
1201 1902 1236 1928 sit
1266 1902 1380 1936 aequalis
1411 1902 1438 1929 in
1469 1903 1598 1930 omnibus
1624 1903 1768 1931 character

977 1946 1076 1979 Filius,
1101 1946 1123 1973 si
1148 1950 1247 1973 natura
1274 1954 1322 1973 sua
1348 1946 1492 1981 perfectus
1519 1955 1580 1975 esse
1603 1948 1712 1982 nequit,
1738 1952 1767 1975 ut

978 1993 1061 2021 stulte
1083 1991 1194 2027 quidam
1217 1992 1350 2019 sentiunt.
1370 1991 1439 2018 Cum
1460 1998 1550 2019 autem
1571 1993 1606 2022 sit
1624 1993 1767 2020 character

977 2042 1006 2065 et
1024 2038 1124 2072 imago,
1143 2036 1282 2072 perfectus
1302 2037 1386 2072 igitur
1408 2045 1517 2072 quoque
1538 2038 1590 2065 erit
1614 2046 1668 2066 non
1685 2047 1766 2066 secus

979 2091 1010 2110 ac
1023 2083 1068 2110 ille
1082 2083 1163 2118 cujus
1175 2087 1218 2110 est
1235 2084 1336 2117 imago.
1354 2082 1406 2110 Sed
1430 2083 1552 2111 Joannes
1567 2084 1648 2116 vidit,
1665 2084 1765 2119 inquit,

980 2128 1114 2162 Spiritum
1130 2127 1344 2156 descendentem
1365 2127 1399 2156 de
1419 2129 1489 2156 coelo
1511 2136 1595 2163 super
1607 2128 1706 2156 Fiiium
1732 2131 1765 2161 ἰ,

978 2177 1005 2201 et
1033 2174 1068 2200 ab
1094 2173 1149 2200 alio
1176 2173 1423 2201 sanctiﬁcationem
1451 2174 1533 2201 habet
1557 2183 1564 2201 :
1588 2182 1647 2201 eam
1667 2175 1767 2210 quippe

138 2227 258 2263 ὑπεροχῇ
285 2224 450 2261 τιμώμενον,
476 2224 505 2250 ὲν
526 2223 571 2258 ἴσῃ
601 2222 630 2249 δὲ
657 2222 732 2254 τάξει
758 2222 813 2253 τοῖς
839 2220 928 2251 ἄλλοις

981 2221 1109 2256 suscipit,
1125 2225 1154 2248 ut
1171 2221 1217 2256 qui
1234 2229 1288 2248 non
1305 2221 1415 2253 habent,
1427 2222 1544 2249 scilicet.
1561 2221 1691 2257 Sequitur
1702 2230 1766 2256 ergo

136 2271 324 2307 τελειούμενόν
355 2279 384 2297 τε
413 2270 461 2297 καὶ
486 2269 681 2304 ἀγιαζόμενον,
705 2267 752 2294 καὶ
778 2267 924 2302 ἐπίκτητον

136 2318 232 2354 ἔχοντα
243 2317 293 2354 τὴν
313 2317 368 2344 τῶν
383 2315 493 2351 ἀγαθῶν
507 2313 638 2351 χορηγίαν
655 2322 662 2329 ·
675 2311 734 2339 εἶτα
750 2312 808 2344 πῶς
824 2313 854 2339 οὐ
868 2312 925 2338 δια-

134 2363 264 2399 ψεύσεται
279 2363 366 2397 λέγων
378 2363 392 2388 ὁ
408 2360 611 2396 εὐαγγελιστὴς,
630 2370 638 2385 ι
660 2359 722 2385 Ὅτι
747 2359 779 2385 ἐκ
795 2357 842 2385 τοῦ
858 2357 925 2392 πλη-

136 2410 261 2446 ρώματος
283 2408 366 2435 αὑτοῦ
384 2410 462 2444 ἡμεῖς
485 2407 584 2438 πάντες
598 2405 744 2440 ὲλὰὃομεν;
761 2415 769 2431 ι
789 2404 851 2436 Πῶς
869 2404 924 2439 γὰρ

134 2457 212 2482 ἔσται
228 2455 336 2491 πλήρης
359 2455 388 2480 ὲν
414 2453 468 2489 ἰδίᾳ
493 2453 571 2487 φύσει
598 2451 743 2486 λαμῦάνων
757 2450 838 2482 αὐτὸς
857 2451 923 2485 παρ’

135 2501 244 2537 ἑτέρους
265 2500 282 2536 ἢ
298 2498 357 2531 πῶς
379 2498 411 2525 ἂν
421 2499 489 2530 ὅλως
516 2498 601 2525 νοοῖτο
615 2496 709 2532 Πατὴρ
725 2497 739 2522 ὁ
752 2495 827 2529 Θεὸς,
848 2496 925 2530 εἴπερ

134 2546 193 2573 ἐστὶ
215 2545 322 2581 ποίημα.
344 2545 392 2572 καὶ
415 2544 475 2579 οὐχὶ
499 2543 598 2579 μᾶλλον
623 2542 687 2573 Υἱὸς
710 2542 724 2567 ὁ
744 2541 898 2576 Μονηγενής
916 2550 924 2573 ;

134 2591 318 2627 Ψευδώνυμος
329 2591 394 2627 γὰρ,
411 2590 443 2618 ἂν
457 2590 543 2622 οὕτως
554 2589 614 2625 ἔχῃ,
629 2589 676 2615 καὶ
689 2588 769 2619 αὐτὸς
784 2587 861 2613 ἔσται
872 2587 926 2613 Πα-

135 2638 197 2674 τὴρ,
219 2637 334 2673 ἀλήθεια
360 2637 390 2663 δὲ
415 2636 539 2671 οὐδαμῶς
564 2636 578 2661 ὁ
605 2635 688 2667 Υἱὸς,
701 2634 777 2661 νόθον
798 2634 867 2668 ἔχων
883 2632 926 2667 ἐφ’

137 2683 224 2720 ἑαυτῷ
239 2684 271 2710 τὸ
289 2683 398 2720 ἀξίωμα
408 2704 415 2716 ,
431 2683 478 2710 καὶ
503 2681 583 2718 μέχρι
598 2681 707 2716 γυμνῶν
733 2680 861 2716 ῥημάτων
878 2679 927 2714 τὴν

138 2729 333 2765 προσηγορίαν.
359 2728 505 2764 Οιχήσεται
524 2728 556 2763 δὴ
577 2725 623 2754 οὖν
649 2727 690 2758 εἰς
713 2726 787 2753 οὐδὲν
804 2725 834 2751 τὸ
860 2723 926 2760 σύμ-

137 2783 190 2802 παν
203 2776 280 2812 ἡμῖν,
293 2774 356 2802 οὒτε
382 2774 430 2802 τοῦ
446 2774 552 2810 Πατρδς
567 2774 626 2801 κατ’
639 2772 766 2808 ἀλήθειαν
778 2772 853 2804 ὄντος
866 2771 924 2799 Πα-

979 2269 1068 2303 ipsum
1086 2272 1180 2302 aperte
1195 2267 1342 2295 dicendum
1359 2275 1421 2295 esse
1434 2272 1601 2302 creaturam,
1616 2269 1661 2303 qui
1682 2276 1764 2304 parva

978 2313 1144 2341 excellentia
1160 2313 1206 2340 vix
1232 2314 1268 2340 sit
1291 2318 1416 2344 ornatus,
1432 2318 1459 2340 et
1481 2313 1594 2348 perinde
1616 2318 1699 2348 atque
1721 2323 1765 2342 res

979 2363 1087 2387 caetera
1114 2359 1275 2394 perficiatur
1301 2364 1328 2386 et
1345 2359 1544 2392 sanetiiicetur,
1562 2365 1589 2386 et
1613 2368 1663 2387 sua
1693 2360 1764 2387 bona

979 2405 1091 2432 aliunde
1117 2405 1261 2439 suscipiat.
1280 2403 1316 2430 At
1340 2404 1385 2439 qui
1411 2412 1465 2431 non
1489 2405 1635 2432 mentietur
1648 2412 1765 2440 evange-

979 2452 1042 2479 lista
1067 2451 1163 2479 dicens
1193 2461 1198 2477 :
1234 2460 1242 2476 ι
1268 2451 1338 2484 Quia
1367 2451 1401 2479 de
1429 2451 1598 2486 plenitudine
1629 2451 1689 2486 ejus
1713 2460 1763 2479 nos

979 2506 1076 2526 omnes
1103 2497 1312 2532 accepimus"?
1329 2507 1337 2523 ι
1355 2497 1496 2530 Quomodo
1517 2498 1589 2524 enim
1609 2497 1652 2524 ille
1667 2498 1763 2532 plenus

980 2545 1032 2571 erit
1049 2544 1075 2570 in
1096 2552 1146 2572 sua
1161 2549 1268 2577 natura,
1282 2544 1328 2579 qui
1351 2544 1385 2571 ab
1407 2544 1463 2570 alio
1478 2543 1601 2578 accepit?
1617 2543 1671 2570 Aut
1696 2552 1764 2579 quo-

979 2590 1072 2624 modo,
1088 2598 1193 2625 quaeso,
1208 2590 1290 2617 Pater
1301 2589 1460 2618 censebitur
1479 2597 1540 2617 esse
1563 2589 1644 2622 Deus,
1657 2589 1680 2616 si
1696 2590 1763 2618 Uni-

979 2638 1089 2672 gcnitus
1109 2640 1236 2664 creatura
1251 2640 1305 2668 est,
1319 2643 1373 2663 non
1388 2639 1478 2663 autem
1493 2634 1597 2663 Filius?
1609 2635 1669 2670 Ipse
1690 2636 1762 2662 enim

979 2683 1060 2710 Pater
1072 2683 1143 2711 falso
1159 2691 1269 2718 quoque
1287 2682 1505 2717 nuncupabitur,
1516 2686 1543 2709 et
1557 2682 1658 2709 veritas
1674 2683 1764 2709 neuti—

980 2737 1062 2763 quam
1075 2728 1129 2756 erit
1145 2727 1243 2761 Filius,
1263 2727 1386 2762 Spurium
1403 2727 1508 2754 habens
1523 2727 1550 2754 in
1566 2727 1659 2761 seipso
1671 2726 1763 2761 digni-

978 2778 1073 2807 tatem,
1086 2778 1112 2802 et
1126 2774 1261 2802 vocabulo
1276 2777 1358 2802 tenus
1373 2772 1592 2808 appellationem.
1607 2772 1635 2798 lu
1649 2771 1762 2799 nihilum

180 2855 202 2871 u
216 2867 276 2895 Col.
303 2875 323 2902 ι,
345 2867 393 2901 133;
410 2866 491 2895 llebr.
510 2874 528 2900 I,
548 2867 574 2894 5.
612 2867 633 2882 “
649 2865 728 2893 Joan.
750 2873 773 2901 I,
787 2864 831 2892 ‘52.
850 2871 852 2874 '
869 2865 891 2880 ¹²
906 2863 974 2892 ibid.
993 2863 1036 2890 16.
