  <div class='ocr_page' id='page_1' title='image "/cluster/home/n/w/nwhite01/storage/ocr_20150623/73/njp.32101077772760/118.png"; bbox 0 0 2028 3118; ppageno 0'>
   <div class='ocr_carea' id='block_1_1' title="bbox 164 162 213 188">
    <p class='ocr_par' dir='ltr' id='par_1_1' title="bbox 164 162 213 188">
     <span class='ocr_line' id='line_1_1' title="bbox 164 162 213 188; baseline 0 0"><span class='ocrx_word' id='word_1_1' title='bbox 164 162 213 188; x_wconf 68' lang='lat'><strong>&#39;2‘)!</strong></span> 
     </span>
    </p>
   </div>
   <div class='ocr_carea' id='block_1_2' title="bbox 693 156 1262 192">
    <p class='ocr_par' dir='ltr' id='par_1_2' title="bbox 693 156 1262 192">
     <span class='ocr_line' id='line_1_2' title="bbox 693 156 1262 192; baseline 0.005 -4"><span class='ocrx_word' id='word_1_2' title='bbox 693 162 727 188; x_wconf 74' lang='grc' dir='ltr'><strong>ΙΝ</strong></span> <span class='ocrx_word' id='word_1_3' title='bbox 747 160 888 189; x_wconf 75' lang='lat' dir='ltr'><strong>JOANNIS</strong></span> <span class='ocrx_word' id='word_1_4' title='bbox 906 156 1130 188; x_wconf 65' lang='lat' dir='ltr'><strong>EVANGELIUM</strong></span> <span class='ocrx_word' id='word_1_5' title='bbox 1151 162 1214 192; x_wconf 87' lang='lat' dir='ltr'><strong>LIB.</strong></span> <span class='ocrx_word' id='word_1_6' title='bbox 1231 163 1262 191; x_wconf 90' lang='lat' dir='ltr'><strong>ll.</strong></span> 
     </span>
    </p>
   </div>
   <div class='ocr_carea' id='block_1_3' title="bbox 1735 163 1789 195">
    <p class='ocr_par' dir='ltr' id='par_1_3' title="bbox 1735 163 1789 195">
     <span class='ocr_line' id='line_1_3' title="bbox 1735 163 1789 195; baseline 0.019 -1"><span class='ocrx_word' id='word_1_7' title='bbox 1735 163 1789 195; x_wconf 65' lang='grc'><strong>20⁸3</strong></span> 
     </span>
    </p>
   </div>
   <div class='ocr_carea' id='block_1_4' title="bbox 165 217 958 256">
    <p class='ocr_par' dir='ltr' id='par_1_4' title="bbox 165 217 953 254">
     <span class='ocr_line' id='line_1_4' title="bbox 165 217 953 254; baseline -0.001 -9"><span class='ocrx_word' id='word_1_8' title='bbox 165 226 219 250; x_wconf 83' lang='grc' dir='ltr'>νος.</span> <span class='ocrx_word' id='word_1_9' title='bbox 233 218 281 244; x_wconf 58' lang='grc' dir='ltr'>καὶ</span> <span class='ocrx_word' id='word_1_10' title='bbox 297 217 414 253; x_wconf 83' lang='grc' dir='ltr'>σχήματι</span> <span class='ocrx_word' id='word_1_11' title='bbox 428 217 547 254; x_wconf 71' lang='grc' dir='ltr'>εὑρεθεὶς</span> <span class='ocrx_word' id='word_1_12' title='bbox 561 218 598 249; x_wconf 82' lang='grc' dir='ltr'>ὡς</span> <span class='ocrx_word' id='word_1_13' title='bbox 609 217 758 254; x_wconf 80' lang='grc' dir='ltr'>ἄνθρωπος,</span> <span class='ocrx_word' id='word_1_14' title='bbox 774 218 953 244; x_wconf 75' lang='grc' dir='ltr'>ἐταπείνωσεν</span> 
     </span>
    </p>
   </div>
   <div class='ocr_carea' id='block_1_5' title="bbox 1009 217 1788 256">
    <p class='ocr_par' dir='ltr' id='par_1_5' title="bbox 1009 221 1788 256">
     <span class='ocr_line' id='line_1_5' title="bbox 1009 221 1788 256; baseline 0.013 -13"><span class='ocrx_word' id='word_1_15' title='bbox 1009 225 1077 244; x_wconf 84' lang='lat' dir='ltr'><strong>mam</strong></span> <span class='ocrx_word' id='word_1_16' title='bbox 1094 221 1166 247; x_wconf 77' lang='lat' dir='ltr'><strong>servi</strong></span> <span class='ocrx_word' id='word_1_17' title='bbox 1192 221 1340 256; x_wconf 75' lang='lat' dir='ltr'><strong>accipiens,</strong></span> <span class='ocrx_word' id='word_1_18' title='bbox 1372 222 1400 249; x_wconf 87' lang='lat' dir='ltr'><strong>iu</strong></span> <span class='ocrx_word' id='word_1_19' title='bbox 1421 222 1626 251; x_wconf 85' lang='lat' dir='ltr'><strong>similitudinem</strong></span> <span class='ocrx_word' id='word_1_20' title='bbox 1646 224 1788 253; x_wconf 85' lang='lat' dir='ltr'><strong>hominum</strong></span> 
     </span>
    </p>
   </div>
   <div class='ocr_carea' id='block_1_6' title="bbox 165 263 954 300">
    <p class='ocr_par' dir='ltr' id='par_1_6' title="bbox 165 263 954 300">
     <span class='ocr_line' id='line_1_6' title="bbox 165 263 954 300; baseline -0.003 -9"><span class='ocrx_word' id='word_1_21' title='bbox 165 264 281 291; x_wconf 69' lang='grc' dir='ltr'>ἑαυτόν·</span> <span class='ocrx_word' id='word_1_22' title='bbox 299 273 310 290; x_wconf 71' lang='grc' dir='ltr'><strong>ι</strong></span> <span class='ocrx_word' id='word_1_23' title='bbox 333 264 377 290; x_wconf 84' lang='grc' dir='ltr'>ὅτε</span> <span class='ocrx_word' id='word_1_24' title='bbox 399 264 488 291; x_wconf 81' lang='grc' dir='ltr'>τοίνυν</span> <span class='ocrx_word' id='word_1_25' title='bbox 497 263 560 299; x_wconf 41' lang='grc' dir='ltr'>,πρὸ</span> <span class='ocrx_word' id='word_1_26' title='bbox 582 264 631 299; x_wconf 87' lang='grc' dir='ltr'>μὲν</span> <span class='ocrx_word' id='word_1_27' title='bbox 653 265 702 300; x_wconf 78' lang='grc' dir='ltr'>τῆς</span> <span class='ocrx_word' id='word_1_28' title='bbox 725 263 954 299; x_wconf 77' lang='grc' dir='ltr'>ὲνανθρωπήσεως</span> 
     </span>
    </p>
   </div>
   <div class='ocr_carea' id='block_1_7' title="bbox 165 308 954 346">
    <p class='ocr_par' dir='ltr' id='par_1_7' title="bbox 165 308 954 346">
     <span class='ocr_line' id='line_1_7' title="bbox 165 308 954 346; baseline -0.003 -10"><span class='ocrx_word' id='word_1_29' title='bbox 165 308 199 346; x_wconf 80' lang='grc' dir='ltr'>ἦν</span> <span class='ocrx_word' id='word_1_30' title='bbox 218 310 248 336; x_wconf 79' lang='grc' dir='ltr'>ὲν</span> <span class='ocrx_word' id='word_1_31' title='bbox 264 311 355 345; x_wconf 78' lang='grc' dir='ltr'>μορφῇ</span> <span class='ocrx_word' id='word_1_32' title='bbox 372 309 419 336; x_wconf 80' lang='grc' dir='ltr'>καὶ</span> <span class='ocrx_word' id='word_1_33' title='bbox 444 308 547 345; x_wconf 84' lang='grc' dir='ltr'>ἰσότητι</span> <span class='ocrx_word' id='word_1_34' title='bbox 571 309 617 336; x_wconf 85' lang='grc' dir='ltr'><strong>τοῦ</strong></span> <span class='ocrx_word' id='word_1_35' title='bbox 642 309 748 344; x_wconf 76' lang='grc' dir='ltr'>Πατρὸς</span> <span class='ocrx_word' id='word_1_36' title='bbox 760 329 767 341; x_wconf 87' lang='grc'><strong>,</strong></span> <span class='ocrx_word' id='word_1_37' title='bbox 782 308 852 335; x_wconf 82' lang='grc' dir='ltr'>κατὰ</span> <span class='ocrx_word' id='word_1_38' title='bbox 865 309 893 334; x_wconf 75' lang='grc' dir='ltr'><strong>δὲ</strong></span> <span class='ocrx_word' id='word_1_39' title='bbox 909 308 954 335; x_wconf 68' lang='grc' dir='ltr'>τὸν</span> 
     </span>
    </p>
   </div>
   <div class='ocr_carea' id='block_1_8' title="bbox 165 353 956 391">
    <p class='ocr_par' dir='ltr' id='par_1_8' title="bbox 165 353 956 391">
     <span class='ocr_line' id='line_1_8' title="bbox 165 353 956 391; baseline -0.004 -9"><span class='ocrx_word' id='word_1_40' title='bbox 165 356 216 391; x_wconf 76' lang='grc' dir='ltr'>τῆς</span> <span class='ocrx_word' id='word_1_41' title='bbox 233 355 465 391; x_wconf 69' lang='grc' dir='ltr'>ὲνανθρωπήσεως</span> <span class='ocrx_word' id='word_1_42' title='bbox 480 355 575 390; x_wconf 88' lang='grc' dir='ltr'>χρόνον</span> <span class='ocrx_word' id='word_1_43' title='bbox 588 355 618 382; x_wconf 80' lang='grc' dir='ltr'><strong>τὸ</strong></span> <span class='ocrx_word' id='word_1_44' title='bbox 634 355 746 390; x_wconf 98' lang='grc' dir='ltr'>Πνεῦμα</span> <span class='ocrx_word' id='word_1_45' title='bbox 762 353 851 381; x_wconf 75' lang='grc' dir='ltr'>λαϐὼν</span> <span class='ocrx_word' id='word_1_46' title='bbox 862 353 892 386; x_wconf 77' lang='grc' dir='ltr'><strong>ἐξ</strong></span> <span class='ocrx_word' id='word_1_47' title='bbox 911 353 956 379; x_wconf 82' lang='grc' dir='ltr'><strong>οὺ-</strong></span> 
     </span>
    </p>
   </div>
   <div class='ocr_carea' id='block_1_9' title="bbox 167 400 956 437">
    <p class='ocr_par' dir='ltr' id='par_1_9' title="bbox 167 400 956 437">
     <span class='ocr_line' id='line_1_9' title="bbox 167 400 956 437; baseline -0.004 -9"><span class='ocrx_word' id='word_1_48' title='bbox 167 402 249 437; x_wconf 88' lang='grc' dir='ltr'>ρανοῦ</span> <span class='ocrx_word' id='word_1_49' title='bbox 264 401 386 437; x_wconf 78' lang='grc' dir='ltr'><strong>ἡγιάσθη</strong></span> <span class='ocrx_word' id='word_1_50' title='bbox 407 401 465 428; x_wconf 84' lang='grc' dir='ltr'>κατ’</span> <span class='ocrx_word' id='word_1_51' title='bbox 489 401 619 432; x_wconf 81' lang='grc' dir='ltr'><strong>ἐκείνους,</strong></span> <span class='ocrx_word' id='word_1_52' title='bbox 639 401 770 436; x_wconf 81' lang='grc' dir='ltr'>κρείττων</span> <span class='ocrx_word' id='word_1_53' title='bbox 795 409 823 426; x_wconf 89' lang='grc' dir='ltr'><strong>τε</strong></span> <span class='ocrx_word' id='word_1_54' title='bbox 839 400 896 435; x_wconf 70' lang='grc' dir='ltr'>ἅμα</span> <span class='ocrx_word' id='word_1_55' title='bbox 909 400 956 425; x_wconf 71' lang='grc' dir='ltr'>καὶ</span> 
     </span>
    </p>
   </div>
   <div class='ocr_carea' id='block_1_10' title="bbox 168 445 955 483">
    <p class='ocr_par' dir='ltr' id='par_1_10' title="bbox 168 445 955 483">
     <span class='ocr_line' id='line_1_10' title="bbox 168 445 955 483; baseline -0.004 -9"><span class='ocrx_word' id='word_1_56' title='bbox 168 448 269 483; x_wconf 79' lang='grc' dir='ltr'>μείζων</span> <span class='ocrx_word' id='word_1_57' title='bbox 285 446 383 474; x_wconf 77' lang='grc' dir='ltr'>ἑαυτοῦ</span> <span class='ocrx_word' id='word_1_58' title='bbox 405 447 449 473; x_wconf 84' lang='grc' dir='ltr'><strong>διὰ</strong></span> <span class='ocrx_word' id='word_1_59' title='bbox 469 447 569 482; x_wconf 78' lang='grc' dir='ltr'>ταύτην</span> <span class='ocrx_word' id='word_1_60' title='bbox 584 447 770 482; x_wconf 66' lang='grc' dir='ltr'><strong>ἀναπέφανται</strong></span> <span class='ocrx_word' id='word_1_61' title='bbox 791 446 839 482; x_wconf 79' lang='grc' dir='ltr'>τὴν</span> <span class='ocrx_word' id='word_1_62' title='bbox 856 445 955 477; x_wconf 75' lang='grc' dir='ltr'>αἰτίαν,</span> 
     </span>
    </p>
   </div>
   <div class='ocr_carea' id='block_1_11' title="bbox 167 493 956 530">
    <p class='ocr_par' dir='ltr' id='par_1_11' title="bbox 167 493 956 530">
     <span class='ocr_line' id='line_1_11' title="bbox 167 493 956 530; baseline -0.004 -9"><span class='ocrx_word' id='word_1_63' title='bbox 167 494 310 530; x_wconf 78' lang='grc' dir='ltr'><strong>ὑπεραίρει</strong></span> <span class='ocrx_word' id='word_1_64' title='bbox 335 494 456 529; x_wconf 83' lang='grc' dir='ltr'>δηλονότι</span> <span class='ocrx_word' id='word_1_65' title='bbox 484 494 577 521; x_wconf 79' lang='grc' dir='ltr'>λοιπὸν</span> <span class='ocrx_word' id='word_1_66' title='bbox 600 493 693 521; x_wconf 78' lang='grc' dir='ltr'>καὶτὸ</span> <span class='ocrx_word' id='word_1_67' title='bbox 715 493 763 520; x_wconf 82' lang='grc' dir='ltr'><strong>τοῦ</strong></span> <span class='ocrx_word' id='word_1_68' title='bbox 780 494 956 529; x_wconf 80' lang='grc' dir='ltr'><strong>γεννήσαντος</strong></span> 
     </span>
    </p>
   </div>
   <div class='ocr_carea' id='block_1_12' title="bbox 169 538 957 577">
    <p class='ocr_par' dir='ltr' id='par_1_12' title="bbox 169 538 957 577">
     <span class='ocr_line' id='line_1_12' title="bbox 169 538 957 577; baseline -0.003 -10"><span class='ocrx_word' id='word_1_69' title='bbox 169 540 277 577; x_wconf 79' lang='grc' dir='ltr'><strong>μέτρον.</strong></span> <span class='ocrx_word' id='word_1_70' title='bbox 293 540 348 567; x_wconf 74' lang='grc' dir='ltr'><strong>Καὶ</strong></span> <span class='ocrx_word' id='word_1_71' title='bbox 361 541 386 567; x_wconf 82' lang='grc' dir='ltr'>εἰ</span> <span class='ocrx_word' id='word_1_72' title='bbox 396 540 426 567; x_wconf 77' lang='grc' dir='ltr'>τὸ</span> <span class='ocrx_word' id='word_1_73' title='bbox 438 540 550 575; x_wconf 78' lang='grc' dir='ltr'>Πνεῦμα</span> <span class='ocrx_word' id='word_1_74' title='bbox 563 539 653 567; x_wconf 80' lang='grc' dir='ltr'>λαὸὼν</span> <span class='ocrx_word' id='word_1_75' title='bbox 664 540 703 571; x_wconf 80' lang='grc' dir='ltr'><strong>εἰς</strong></span> <span class='ocrx_word' id='word_1_76' title='bbox 716 539 745 566; x_wconf 86' lang='grc' dir='ltr'><strong>τὺ</strong></span> <span class='ocrx_word' id='word_1_77' title='bbox 759 538 957 575; x_wconf 82' lang='grc' dir='ltr'>ὑπερεπέκεινα</span> 
     </span>
    </p>
   </div>
   <div class='ocr_carea' id='block_1_13' title="bbox 167 585 958 622">
    <p class='ocr_par' dir='ltr' id='par_1_13' title="bbox 167 585 958 622">
     <span class='ocr_line' id='line_1_13' title="bbox 167 585 958 622; baseline -0.003 -9"><span class='ocrx_word' id='word_1_78' title='bbox 167 586 214 613; x_wconf 85' lang='grc' dir='ltr'><strong>τοῦ</strong></span> <span class='ocrx_word' id='word_1_79' title='bbox 240 586 347 622; x_wconf 85' lang='grc' dir='ltr'>Πατρὺς</span> <span class='ocrx_word' id='word_1_80' title='bbox 369 585 538 620; x_wconf 75' lang='grc' dir='ltr'>ἀναὸέϐηκεν</span> <span class='ocrx_word' id='word_1_81' title='bbox 561 585 679 621; x_wconf 82' lang='grc' dir='ltr'>ἀξίωμα,</span> <span class='ocrx_word' id='word_1_82' title='bbox 695 587 816 621; x_wconf 83' lang='grc' dir='ltr'>κρεῖττον</span> <span class='ocrx_word' id='word_1_83' title='bbox 831 585 885 620; x_wconf 86' lang='grc' dir='ltr'>ἄρα</span> <span class='ocrx_word' id='word_1_84' title='bbox 899 585 958 611; x_wconf 68' lang='grc' dir='ltr'><strong>ἐστὶ</strong></span> 
     </span>
    </p>
   </div>
   <div class='ocr_carea' id='block_1_14' title="bbox 167 631 957 668">
    <p class='ocr_par' dir='ltr' id='par_1_14' title="bbox 167 631 957 668">
     <span class='ocr_line' id='line_1_14' title="bbox 167 631 957 668; baseline 0 -10"><span class='ocrx_word' id='word_1_85' title='bbox 167 632 329 667; x_wconf 78' lang='grc' dir='ltr'>τὸ’ῐῙνεῦμα</span> <span class='ocrx_word' id='word_1_86' title='bbox 351 633 397 658; x_wconf 81' lang='grc' dir='ltr'>καὶ</span> <span class='ocrx_word' id='word_1_87' title='bbox 426 632 507 658; x_wconf 87' lang='grc' dir='ltr'>αὐτοῦ</span> <span class='ocrx_word' id='word_1_88' title='bbox 532 632 656 668; x_wconf 81' lang='grc' dir='ltr'>Πατρδς,</span> <span class='ocrx_word' id='word_1_89' title='bbox 677 632 727 667; x_wconf 81' lang='grc' dir='ltr'>τὴν</span> <span class='ocrx_word' id='word_1_90' title='bbox 747 633 805 659; x_wconf 73' lang='grc' dir='ltr'>κατ’</span> <span class='ocrx_word' id='word_1_91' title='bbox 818 632 898 659; x_wconf 82' lang='grc' dir='ltr'>αὐτοῦ</span> <span class='ocrx_word' id='word_1_92' title='bbox 919 631 957 667; x_wconf 79' lang='grc' dir='ltr'>τῷ</span> 
     </span>
    </p>
   </div>
   <div class='ocr_carea' id='block_1_15' title="bbox 169 676 957 714">
    <p class='ocr_par' dir='ltr' id='par_1_15' title="bbox 169 676 957 714">
     <span class='ocr_line' id='line_1_15' title="bbox 169 676 957 714; baseline 0 -11"><span class='ocrx_word' id='word_1_93' title='bbox 169 678 226 712; x_wconf 82' lang='grc' dir='ltr'><strong>Υἱῴ</strong></span> <span class='ocrx_word' id='word_1_94' title='bbox 251 676 429 714; x_wconf 76' lang='grc' dir='ltr'>χαριζόμενον</span> <span class='ocrx_word' id='word_1_95' title='bbox 448 677 594 712; x_wconf 85' lang='grc' dir='ltr'>ὑπεροχήν.</span> <span class='ocrx_word' id='word_1_96' title='bbox 615 678 662 709; x_wconf 89' lang='grc' dir='ltr'>Τίς</span> <span class='ocrx_word' id='word_1_97' title='bbox 687 676 733 704; x_wconf 77' lang='grc' dir='ltr'>οὖν</span> <span class='ocrx_word' id='word_1_98' title='bbox 753 677 807 712; x_wconf 83' lang='grc' dir='ltr'>ἄρα</span> <span class='ocrx_word' id='word_1_99' title='bbox 830 677 877 714; x_wconf 52' lang='grc' dir='ltr'>καὶ</span> <span class='ocrx_word' id='word_1_100' title='bbox 890 677 957 712; x_wconf 78' lang='grc' dir='ltr'>πρὸς</span> 
     </span>
    </p>
   </div>
   <div class='ocr_carea' id='block_1_16' title="bbox 168 723 958 759">
    <p class='ocr_par' dir='ltr' id='par_1_16' title="bbox 168 723 958 759">
     <span class='ocr_line' id='line_1_16' title="bbox 168 723 958 759; baseline 0 -9"><span class='ocrx_word' id='word_1_101' title='bbox 168 724 253 759; x_wconf 78' lang='grc' dir='ltr'>μόνην</span> <span class='ocrx_word' id='word_1_102' title='bbox 268 725 318 750; x_wconf 74' lang='grc' dir='ltr'>οὐκ</span> <span class='ocrx_word' id='word_1_103' title='bbox 340 723 485 759; x_wconf 72' lang='grc' dir='ltr'>ἀποῳρίξει</span> <span class='ocrx_word' id='word_1_104' title='bbox 507 724 556 759; x_wconf 84' lang='grc' dir='ltr'>τὴν</span> <span class='ocrx_word' id='word_1_105' title='bbox 578 724 682 759; x_wconf 78' lang='grc' dir='ltr'>ἀκοὴν;</span> <span class='ocrx_word' id='word_1_106' title='bbox 698 724 820 751; x_wconf 78' lang='grc' dir='ltr'>Χαλεπὸν</span> <span class='ocrx_word' id='word_1_107' title='bbox 837 724 885 758; x_wconf 82' lang='grc' dir='ltr'>μὲν</span> <span class='ocrx_word' id='word_1_108' title='bbox 902 723 958 759; x_wconf 82' lang='grc' dir='ltr'><strong>γὰρ</strong></span> 
     </span>
    </p>
   </div>
   <div class='ocr_carea' id='block_1_17' title="bbox 168 769 958 803">
    <p class='ocr_par' dir='ltr' id='par_1_17' title="bbox 168 769 958 803">
     <span class='ocr_line' id='line_1_17' title="bbox 168 769 958 803; baseline -0.003 -7"><span class='ocrx_word' id='word_1_109' title='bbox 168 770 251 801; x_wconf 73' lang='grc' dir='ltr'>ὅντως</span> <span class='ocrx_word' id='word_1_110' title='bbox 266 770 312 796; x_wconf 75' lang='grc' dir='ltr'><strong>καὶ</strong></span> <span class='ocrx_word' id='word_1_111' title='bbox 325 769 356 796; x_wconf 82' lang='grc' dir='ltr'>τὸ</span> <span class='ocrx_word' id='word_1_112' title='bbox 374 769 418 796; x_wconf 76' lang='grc' dir='ltr'>διὰ</span> <span class='ocrx_word' id='word_1_113' title='bbox 434 769 487 796; x_wconf 82' lang='grc' dir='ltr'>τῶν</span> <span class='ocrx_word' id='word_1_114' title='bbox 502 769 628 797; x_wconf 74' lang='grc' dir='ltr'><strong>τοιούτων</strong></span> <span class='ocrx_word' id='word_1_115' title='bbox 648 770 715 796; x_wconf 81' lang='grc' dir='ltr'>ἰέναι</span> <span class='ocrx_word' id='word_1_116' title='bbox 730 769 816 803; x_wconf 80' lang='grc' dir='ltr'>λόγων</span> <span class='ocrx_word' id='word_1_117' title='bbox 829 778 834 784; x_wconf 88' lang='grc'>·</span> <span class='ocrx_word' id='word_1_118' title='bbox 853 769 910 796; x_wconf 76' lang='grc' dir='ltr'>ἔστι</span> <span class='ocrx_word' id='word_1_119' title='bbox 926 775 958 802; x_wconf 81' lang='grc' dir='ltr'><strong>γε</strong></span> 
     </span>
    </p>
   </div>
   <div class='ocr_carea' id='block_1_18' title="bbox 169 815 959 852">
    <p class='ocr_par' dir='ltr' id='par_1_18' title="bbox 169 815 959 852">
     <span class='ocr_line' id='line_1_18' title="bbox 169 815 959 852; baseline -0.001 -10"><span class='ocrx_word' id='word_1_120' title='bbox 169 816 223 852; x_wconf 79' lang='grc' dir='ltr'>μὴν</span> <span class='ocrx_word' id='word_1_121' title='bbox 236 817 286 851; x_wconf 69' lang='grc' dir='ltr'><strong>οὐχ</strong></span> <span class='ocrx_word' id='word_1_122' title='bbox 300 815 400 852; x_wconf 81' lang='grc' dir='ltr'><strong>ἑτέρως</strong></span> <span class='ocrx_word' id='word_1_123' title='bbox 418 815 453 842; x_wconf 76' lang='grc' dir='ltr'><strong>τὰ</strong></span> <span class='ocrx_word' id='word_1_124' title='bbox 467 816 499 842; x_wconf 77' lang='grc' dir='ltr'>ἐκ</span> <span class='ocrx_word' id='word_1_125' title='bbox 514 816 562 850; x_wconf 79' lang='grc' dir='ltr'>τῆς</span> <span class='ocrx_word' id='word_1_126' title='bbox 581 815 692 842; x_wconf 74' lang='grc' dir='ltr'>ἐκείνων</span> <span class='ocrx_word' id='word_1_127' title='bbox 707 815 870 850; x_wconf 79' lang='grc' dir='ltr'>δυστροπίοις</span> <span class='ocrx_word' id='word_1_128' title='bbox 891 816 959 842; x_wconf 85' lang='grc' dir='ltr'>ἀπο-</span> 
     </span>
    </p>
   </div>
   <div class='ocr_carea' id='block_1_19' title="bbox 168 860 956 897">
    <p class='ocr_par' dir='ltr' id='par_1_19' title="bbox 168 860 956 897">
     <span class='ocr_line' id='line_1_19' title="bbox 168 860 956 897; baseline -0.003 -9"><span class='ocrx_word' id='word_1_129' title='bbox 168 861 336 897; x_wconf 83' lang='grc' dir='ltr'>κρούσασθαι</span> <span class='ocrx_word' id='word_1_130' title='bbox 362 861 457 897; x_wconf 70' lang='grc' dir='ltr'>βλάϐη.</span> <span class='ocrx_word' id='word_1_131' title='bbox 479 861 526 888; x_wconf 83' lang='grc' dir='ltr'><strong>Διὸ</strong></span> <span class='ocrx_word' id='word_1_132' title='bbox 541 861 572 897; x_wconf 82' lang='grc' dir='ltr'><strong>δὴ</strong></span> <span class='ocrx_word' id='word_1_133' title='bbox 599 861 680 888; x_wconf 82' lang='grc' dir='ltr'>πάλιν</span> <span class='ocrx_word' id='word_1_134' title='bbox 700 860 818 896; x_wconf 77' lang='grc' dir='ltr'>ἐροῦμεν</span> <span class='ocrx_word' id='word_1_135' title='bbox 846 861 956 892; x_wconf 80' lang='grc' dir='ltr'>αὐτοῖς·</span> 
     </span>
    </p>
   </div>
   <div class='ocr_carea' id='block_1_20' title="bbox 167 906 956 943">
    <p class='ocr_par' dir='ltr' id='par_1_20' title="bbox 167 906 956 943">
     <span class='ocr_line' id='line_1_20' title="bbox 167 906 956 943; baseline 0 -10"><span class='ocrx_word' id='word_1_136' title='bbox 167 908 192 934; x_wconf 83' lang='grc' dir='ltr'>εἰ</span> <span class='ocrx_word' id='word_1_137' title='bbox 203 908 247 933; x_wconf 79' lang='grc' dir='ltr'>ὅτε</span> <span class='ocrx_word' id='word_1_138' title='bbox 261 907 372 942; x_wconf 80' lang='grc' dir='ltr'>γέγονεν</span> <span class='ocrx_word' id='word_1_139' title='bbox 388 907 531 943; x_wconf 81' lang='grc' dir='ltr'>ἄνθρωπος</span> <span class='ocrx_word' id='word_1_140' title='bbox 547 908 561 933; x_wconf 76' lang='grc' dir='ltr'>ὁ</span> <span class='ocrx_word' id='word_1_141' title='bbox 573 906 619 933; x_wconf 82' lang='grc' dir='ltr'><strong>τοῦ</strong></span> <span class='ocrx_word' id='word_1_142' title='bbox 634 906 701 933; x_wconf 88' lang='grc' dir='ltr'>Θεοῦ</span> <span class='ocrx_word' id='word_1_143' title='bbox 718 907 802 941; x_wconf 81' lang='grc' dir='ltr'>Λόγος</span> <span class='ocrx_word' id='word_1_144' title='bbox 816 907 956 941; x_wconf 80' lang='grc' dir='ltr'><strong>ἁγιάζεται</strong></span> 
     </span>
    </p>
   </div>
   <div class='ocr_carea' id='block_1_21' title="bbox 167 950 958 988">
    <p class='ocr_par' dir='ltr' id='par_1_21' title="bbox 167 950 958 988">
     <span class='ocr_line' id='line_1_21' title="bbox 167 950 958 988; baseline -0.003 -8"><span class='ocrx_word' id='word_1_145' title='bbox 167 954 200 980; x_wconf 79' lang='grc' dir='ltr'>τὸ</span> <span class='ocrx_word' id='word_1_146' title='bbox 215 953 328 988; x_wconf 84' lang='grc' dir='ltr'>Πνεῦμα</span> <span class='ocrx_word' id='word_1_147' title='bbox 352 952 459 980; x_wconf 75' lang='grc' dir='ltr'>λαϐών·</span> <span class='ocrx_word' id='word_1_148' title='bbox 481 953 533 988; x_wconf 77' lang='grc' dir='ltr'>πρὸ</span> <span class='ocrx_word' id='word_1_149' title='bbox 559 952 588 979; x_wconf 77' lang='grc' dir='ltr'><strong>δὲ</strong></span> <span class='ocrx_word' id='word_1_150' title='bbox 605 953 654 987; x_wconf 79' lang='grc' dir='ltr'>τῆς</span> <span class='ocrx_word' id='word_1_151' title='bbox 681 952 910 988; x_wconf 80' lang='grc' dir='ltr'>ἐνανθρωπήσεως</span> <span class='ocrx_word' id='word_1_152' title='bbox 924 950 958 988; x_wconf 78' lang='grc' dir='ltr'>ἦν</span> 
     </span>
    </p>
   </div>
   <div class='ocr_carea' id='block_1_22' title="bbox 168 996 958 1033">
    <p class='ocr_par' dir='ltr' id='par_1_22' title="bbox 168 996 958 1033">
     <span class='ocr_line' id='line_1_22' title="bbox 168 996 958 1033; baseline -0.001 -10"><span class='ocrx_word' id='word_1_153' title='bbox 168 998 197 1024; x_wconf 80' lang='grc' dir='ltr'>ὲν</span> <span class='ocrx_word' id='word_1_154' title='bbox 211 999 301 1033; x_wconf 59' lang='grc' dir='ltr'>μορφῇ</span> <span class='ocrx_word' id='word_1_155' title='bbox 317 997 363 1024; x_wconf 71' lang='grc' dir='ltr'>καὶ</span> <span class='ocrx_word' id='word_1_156' title='bbox 378 997 479 1033; x_wconf 77' lang='grc' dir='ltr'>ἰσότητι</span> <span class='ocrx_word' id='word_1_157' title='bbox 495 997 540 1023; x_wconf 83' lang='grc' dir='ltr'><strong>τοῦ</strong></span> <span class='ocrx_word' id='word_1_158' title='bbox 555 997 671 1032; x_wconf 79' lang='grc' dir='ltr'>Πατρὺς,</span> <span class='ocrx_word' id='word_1_159' title='bbox 684 996 759 1023; x_wconf 70' lang='grc' dir='ltr'>οὔπω</span> <span class='ocrx_word' id='word_1_160' title='bbox 770 997 828 1024; x_wconf 81' lang='grc' dir='ltr'>κατ’</span> <span class='ocrx_word' id='word_1_161' title='bbox 837 997 958 1028; x_wconf 80' lang='grc' dir='ltr'>ἐκείνους</span> 
     </span>
    </p>
   </div>
   <div class='ocr_carea' id='block_1_23' title="bbox 168 1043 958 1079">
    <p class='ocr_par' dir='ltr' id='par_1_23' title="bbox 168 1043 958 1079">
     <span class='ocr_line' id='line_1_23' title="bbox 168 1043 958 1079; baseline -0.001 -9"><span class='ocrx_word' id='word_1_162' title='bbox 168 1044 345 1079; x_wconf 83' lang='grc' dir='ltr'>ήγιασμένος,</span> <span class='ocrx_word' id='word_1_163' title='bbox 363 1043 421 1079; x_wconf 73' lang='grc' dir='ltr'>ὥρα</span> <span class='ocrx_word' id='word_1_164' title='bbox 434 1043 522 1077; x_wconf 81' lang='grc' dir='ltr'>λέγειν</span> <span class='ocrx_word' id='word_1_165' title='bbox 541 1043 793 1079; x_wconf 79' lang='grc' dir='ltr'>ἁποτολμήσαντας,</span> <span class='ocrx_word' id='word_1_166' title='bbox 812 1043 888 1077; x_wconf 76' lang='grc' dir='ltr'>ἅγιον</span> <span class='ocrx_word' id='word_1_167' title='bbox 908 1043 958 1069; x_wconf 77' lang='grc' dir='ltr'>οὐκ</span> 
     </span>
    </p>
   </div>
   <div class='ocr_carea' id='block_1_24' title="bbox 169 1088 958 1126">
    <p class='ocr_par' dir='ltr' id='par_1_24' title="bbox 169 1088 958 1126">
     <span class='ocr_line' id='line_1_24' title="bbox 169 1088 958 1126; baseline -0.001 -10"><span class='ocrx_word' id='word_1_168' title='bbox 169 1088 238 1117; x_wconf 79' lang='grc' dir='ltr'>εἶναι</span> <span class='ocrx_word' id='word_1_169' title='bbox 251 1090 297 1118; x_wconf 85' lang='grc' dir='ltr'>τὸν</span> <span class='ocrx_word' id='word_1_170' title='bbox 313 1090 378 1116; x_wconf 72' lang='grc' dir='ltr'>Θεὸν</span> <span class='ocrx_word' id='word_1_171' title='bbox 393 1090 438 1116; x_wconf 75' lang='grc' dir='ltr'>καὶ</span> <span class='ocrx_word' id='word_1_172' title='bbox 455 1089 574 1126; x_wconf 79' lang='grc' dir='ltr'>Πατέρα,</span> <span class='ocrx_word' id='word_1_173' title='bbox 595 1090 673 1125; x_wconf 80' lang='grc' dir='ltr'>εἴπερ</span> <span class='ocrx_word' id='word_1_174' title='bbox 688 1090 755 1121; x_wconf 77' lang='grc' dir='ltr'>ὅλως</span> <span class='ocrx_word' id='word_1_175' title='bbox 770 1090 784 1115; x_wconf 86' lang='grc' dir='ltr'><strong>ὁ</strong></span> <span class='ocrx_word' id='word_1_176' title='bbox 798 1089 958 1124; x_wconf 59' lang='grc' dir='ltr'>σύμμορςιός</span> 
     </span>
    </p>
   </div>
   <div class='ocr_carea' id='block_1_25' title="bbox 169 1133 958 1171">
    <p class='ocr_par' dir='ltr' id='par_1_25' title="bbox 169 1133 958 1171">
     <span class='ocr_line' id='line_1_25' title="bbox 169 1133 958 1171; baseline -0.001 -9"><span class='ocrx_word' id='word_1_177' title='bbox 169 1145 198 1162; x_wconf 82' lang='grc' dir='ltr'><strong>τε</strong></span> <span class='ocrx_word' id='word_1_178' title='bbox 227 1136 274 1163; x_wconf 71' lang='grc' dir='ltr'>καὶ</span> <span class='ocrx_word' id='word_1_179' title='bbox 302 1136 358 1168; x_wconf 78' lang='grc' dir='ltr'>ἴσος</span> <span class='ocrx_word' id='word_1_180' title='bbox 377 1136 452 1171; x_wconf 82' lang='grc' dir='ltr'>αὐτῷ</span> <span class='ocrx_word' id='word_1_181' title='bbox 468 1136 538 1162; x_wconf 71' lang='grc' dir='ltr'>κατὰ</span> <span class='ocrx_word' id='word_1_182' title='bbox 552 1136 638 1162; x_wconf 85' lang='grc' dir='ltr'>πάντα</span> <span class='ocrx_word' id='word_1_183' title='bbox 654 1136 750 1169; x_wconf 84' lang='grc' dir='ltr'>Λόγος,</span> <span class='ocrx_word' id='word_1_184' title='bbox 768 1135 845 1169; x_wconf 74' lang='grc' dir='ltr'>ἅγιος</span> <span class='ocrx_word' id='word_1_185' title='bbox 864 1135 914 1161; x_wconf 84' lang='grc' dir='ltr'>οὐκ</span> <span class='ocrx_word' id='word_1_186' title='bbox 925 1133 958 1170; x_wconf 82' lang='grc' dir='ltr'>ἦν</span> 
     </span>
    </p>
   </div>
   <div class='ocr_carea' id='block_1_26' title="bbox 170 1181 957 1218">
    <p class='ocr_par' dir='ltr' id='par_1_26' title="bbox 170 1181 957 1218">
     <span class='ocr_line' id='line_1_26' title="bbox 170 1181 957 1218; baseline -0.001 -10"><span class='ocrx_word' id='word_1_187' title='bbox 170 1183 199 1208; x_wconf 73' lang='grc' dir='ltr'>ἐν</span> <span class='ocrx_word' id='word_1_188' title='bbox 217 1182 299 1218; x_wconf 80' lang='grc' dir='ltr'>ἀρχῇ,</span> <span class='ocrx_word' id='word_1_189' title='bbox 315 1183 344 1208; x_wconf 83' lang='grc' dir='ltr'>ὲν</span> <span class='ocrx_word' id='word_1_190' title='bbox 357 1182 481 1217; x_wconf 79' lang='grc' dir='ltr'><strong>ὑστέροις</strong></span> <span class='ocrx_word' id='word_1_191' title='bbox 498 1182 526 1208; x_wconf 79' lang='grc' dir='ltr'>δὲ</span> <span class='ocrx_word' id='word_1_192' title='bbox 546 1182 622 1217; x_wconf 80' lang='grc' dir='ltr'>μόλις</span> <span class='ocrx_word' id='word_1_193' title='bbox 639 1181 717 1208; x_wconf 75' lang='grc' dir='ltr'>τοῦτο</span> <span class='ocrx_word' id='word_1_194' title='bbox 732 1182 826 1216; x_wconf 83' lang='grc' dir='ltr'>γέγονε</span> <span class='ocrx_word' id='word_1_195' title='bbox 843 1182 957 1216; x_wconf 81' lang='grc' dir='ltr'>καιροῖς.</span> 
     </span>
    </p>
   </div>
   <div class='ocr_carea' id='block_1_27' title="bbox 170 1227 960 1263">
    <p class='ocr_par' dir='ltr' id='par_1_27' title="bbox 170 1227 960 1263">
     <span class='ocr_line' id='line_1_27' title="bbox 170 1227 960 1263; baseline 0 -10"><span class='ocrx_word' id='word_1_196' title='bbox 170 1227 226 1254; x_wconf 77' lang='grc' dir='ltr'><strong>Καὶ</strong></span> <span class='ocrx_word' id='word_1_197' title='bbox 245 1228 340 1255; x_wconf 56' lang='grc' dir='ltr'>πάλιν</span> <span class='ocrx_word' id='word_1_198' title='bbox 356 1229 380 1254; x_wconf 84' lang='grc' dir='ltr'>εἰ</span> <span class='ocrx_word' id='word_1_199' title='bbox 400 1228 481 1259; x_wconf 79' lang='grc' dir='ltr'>αὑτός</span> <span class='ocrx_word' id='word_1_200' title='bbox 495 1229 552 1254; x_wconf 78' lang='grc' dir='ltr'>ἐστι</span> <span class='ocrx_word' id='word_1_201' title='bbox 575 1227 676 1263; x_wconf 77' lang='grc' dir='ltr'>κυρίως</span> <span class='ocrx_word' id='word_1_202' title='bbox 691 1228 705 1254; x_wconf 88' lang='grc' dir='ltr'><strong>ό</strong></span> <span class='ocrx_word' id='word_1_203' title='bbox 726 1227 772 1254; x_wconf 77' lang='grc' dir='ltr'><strong>τοῦ</strong></span> <span class='ocrx_word' id='word_1_204' title='bbox 792 1227 858 1254; x_wconf 84' lang='grc' dir='ltr'>Θεοῦ</span> <span class='ocrx_word' id='word_1_205' title='bbox 874 1227 960 1261; x_wconf 82' lang='grc' dir='ltr'>Λόγος</span> 
     </span>
    </p>
   </div>
   <div class='ocr_carea' id='block_1_28' title="bbox 169 1271 960 1309">
    <p class='ocr_par' dir='ltr' id='par_1_28' title="bbox 169 1271 960 1309">
     <span class='ocr_line' id='line_1_28' title="bbox 169 1271 960 1309; baseline 0 -10"><span class='ocrx_word' id='word_1_206' title='bbox 169 1273 200 1299; x_wconf 80' lang='grc' dir='ltr'><strong>τὺ</strong></span> <span class='ocrx_word' id='word_1_207' title='bbox 227 1273 340 1309; x_wconf 84' lang='grc' dir='ltr'>Πνεῦμα</span> <span class='ocrx_word' id='word_1_208' title='bbox 355 1273 520 1309; x_wconf 79' lang='grc' dir='ltr'>λαμϐάνων,</span> <span class='ocrx_word' id='word_1_209' title='bbox 535 1274 582 1301; x_wconf 72' lang='grc' dir='ltr'><strong>καὶ</strong></span> <span class='ocrx_word' id='word_1_210' title='bbox 600 1273 778 1309; x_wconf 77' lang='grc' dir='ltr'>ἁγιαζόμενος</span> <span class='ocrx_word' id='word_1_211' title='bbox 795 1274 823 1299; x_wconf 71' lang='grc' dir='ltr'>ἐν</span> <span class='ocrx_word' id='word_1_212' title='bbox 841 1273 893 1308; x_wconf 75' lang='grc' dir='ltr'>[δίᾳ</span> <span class='ocrx_word' id='word_1_213' title='bbox 909 1271 960 1308; x_wconf 78' lang='grc' dir='ltr'><strong>φύ-</strong></span> 
     </span>
    </p>
   </div>
   <div class='ocr_carea' id='block_1_29' title="bbox 171 1319 960 1356">
    <p class='ocr_par' dir='ltr' id='par_1_29' title="bbox 171 1319 960 1356">
     <span class='ocr_line' id='line_1_29' title="bbox 171 1319 960 1356; baseline 0.003 -11"><span class='ocrx_word' id='word_1_214' title='bbox 171 1327 223 1351; x_wconf 88' lang='grc' dir='ltr'>σει,</span> <span class='ocrx_word' id='word_1_215' title='bbox 242 1319 395 1353; x_wconf 81' lang='grc' dir='ltr'>λεγέτωσαν</span> <span class='ocrx_word' id='word_1_216' title='bbox 422 1321 487 1356; x_wconf 82' lang='grc' dir='ltr'>ἡμῖν</span> <span class='ocrx_word' id='word_1_217' title='bbox 508 1321 532 1346; x_wconf 90' lang='grc' dir='ltr'><strong>οί</strong></span> <span class='ocrx_word' id='word_1_218' title='bbox 558 1320 590 1347; x_wconf 82' lang='grc' dir='ltr'><strong>δι’</strong></span> <span class='ocrx_word' id='word_1_219' title='bbox 610 1320 742 1352; x_wconf 75' lang='grc' dir='ltr'>ἐναντίας,</span> <span class='ocrx_word' id='word_1_220' title='bbox 759 1319 872 1355; x_wconf 77' lang='grc' dir='ltr'>πότερόν</span> <span class='ocrx_word' id='word_1_221' title='bbox 893 1329 960 1347; x_wconf 85' lang='grc' dir='ltr'>ποτε</span> 
     </span>
    </p>
   </div>
   <div class='ocr_carea' id='block_1_30' title="bbox 172 1362 960 1400">
    <p class='ocr_par' dir='ltr' id='par_1_30' title="bbox 172 1362 960 1400">
     <span class='ocr_line' id='line_1_30' title="bbox 172 1362 960 1400; baseline 0.003 -11"><span class='ocrx_word' id='word_1_222' title='bbox 172 1362 274 1397; x_wconf 78' lang='grc' dir='ltr'>μείζων</span> <span class='ocrx_word' id='word_1_223' title='bbox 290 1363 385 1391; x_wconf 75' lang='grc' dir='ltr'>ἑαυτοῦ</span> <span class='ocrx_word' id='word_1_224' title='bbox 404 1364 543 1400; x_wconf 82' lang='grc' dir='ltr'>γέγονενῆ</span> <span class='ocrx_word' id='word_1_225' title='bbox 561 1364 717 1400; x_wconf 78' lang='grc' dir='ltr'>ἐλάττων,ἢ</span> <span class='ocrx_word' id='word_1_226' title='bbox 739 1365 786 1392; x_wconf 73' lang='grc' dir='ltr'>καὶ</span> <span class='ocrx_word' id='word_1_227' title='bbox 806 1364 912 1400; x_wconf 81' lang='grc' dir='ltr'>ἔμεινεν</span> <span class='ocrx_word' id='word_1_228' title='bbox 931 1366 960 1391; x_wconf 74' lang='grc' dir='ltr'>ἐν</span> 
     </span>
    </p>
   </div>
   <div class='ocr_carea' id='block_1_31' title="bbox 171 1409 959 1447">
    <p class='ocr_par' dir='ltr' id='par_1_31' title="bbox 171 1409 959 1447">
     <span class='ocr_line' id='line_1_31' title="bbox 171 1409 959 1447; baseline 0.003 -12"><span class='ocrx_word' id='word_1_229' title='bbox 171 1409 316 1445; x_wconf 83' lang='grc' dir='ltr'>ταυτότητι</span> <span class='ocrx_word' id='word_1_230' title='bbox 334 1410 411 1437; x_wconf 86' lang='grc' dir='ltr'>τοῦτο</span> <span class='ocrx_word' id='word_1_231' title='bbox 436 1410 539 1437; x_wconf 79' lang='grc' dir='ltr'>παθών.</span> <span class='ocrx_word' id='word_1_232' title='bbox 556 1410 587 1437; x_wconf 87' lang='lat' dir='ltr'><strong>El</strong></span> <span class='ocrx_word' id='word_1_233' title='bbox 615 1411 664 1446; x_wconf 86' lang='grc' dir='ltr'>μὲν</span> <span class='ocrx_word' id='word_1_234' title='bbox 687 1411 741 1447; x_wconf 80' lang='grc' dir='ltr'><strong>γὰρ</strong></span> <span class='ocrx_word' id='word_1_235' title='bbox 761 1411 836 1437; x_wconf 82' lang='grc' dir='ltr'>οὐδὲν</span> <span class='ocrx_word' id='word_1_236' title='bbox 860 1411 893 1437; x_wconf 79' lang='grc' dir='ltr'>ἐκ</span> <span class='ocrx_word' id='word_1_237' title='bbox 913 1410 959 1437; x_wconf 78' lang='grc' dir='ltr'><strong>τοῦ</strong></span> 
     </span>
    </p>
   </div>
   <div class='ocr_carea' id='block_1_32' title="bbox 172 1454 960 1492">
    <p class='ocr_par' dir='ltr' id='par_1_32' title="bbox 172 1454 960 1492">
     <span class='ocr_line' id='line_1_32' title="bbox 172 1454 960 1492; baseline 0.004 -12"><span class='ocrx_word' id='word_1_238' title='bbox 172 1455 331 1490; x_wconf 80' lang='grc' dir='ltr'>Ιῐνεὺματος</span> <span class='ocrx_word' id='word_1_239' title='bbox 345 1456 401 1491; x_wconf 81' lang='grc' dir='ltr'>ἔχει</span> <span class='ocrx_word' id='word_1_240' title='bbox 417 1456 445 1482; x_wconf 75' lang='grc' dir='ltr'>τὸ</span> <span class='ocrx_word' id='word_1_241' title='bbox 459 1456 548 1489; x_wconf 80' lang='grc' dir='ltr'>πλέον,</span> <span class='ocrx_word' id='word_1_242' title='bbox 566 1457 642 1491; x_wconf 83' lang='grc' dir='ltr'>μένει</span> <span class='ocrx_word' id='word_1_243' title='bbox 658 1456 686 1483; x_wconf 80' lang='grc' dir='ltr'><strong>δὲ</strong></span> <span class='ocrx_word' id='word_1_244' title='bbox 703 1456 774 1483; x_wconf 69' lang='grc' dir='ltr'>οὕτω</span> <span class='ocrx_word' id='word_1_245' title='bbox 787 1457 912 1491; x_wconf 80' lang='grc' dir='ltr'>καθάπερ</span> <span class='ocrx_word' id='word_1_246' title='bbox 927 1454 960 1492; x_wconf 86' lang='grc' dir='ltr'>ἦν</span> 
     </span>
    </p>
   </div>
   <div class='ocr_carea' id='block_1_33' title="bbox 170 1501 960 1539">
    <p class='ocr_par' dir='ltr' id='par_1_33' title="bbox 170 1501 960 1539">
     <span class='ocr_line' id='line_1_33' title="bbox 170 1501 960 1539; baseline -0.001 -11"><span class='ocrx_word' id='word_1_247' title='bbox 170 1501 186 1527; x_wconf 80' lang='grc' dir='ltr'><strong>ὁ</strong></span> <span class='ocrx_word' id='word_1_248' title='bbox 198 1501 289 1534; x_wconf 79' lang='grc' dir='ltr'>αὐτὸς,</span> <span class='ocrx_word' id='word_1_249' title='bbox 312 1501 349 1536; x_wconf 80' lang='grc' dir='ltr'>μὴ</span> <span class='ocrx_word' id='word_1_250' title='bbox 367 1501 541 1533; x_wconf 79' lang='grc' dir='ltr'>σκανδαλίζου</span> <span class='ocrx_word' id='word_1_251' title='bbox 560 1501 715 1536; x_wconf 77' lang='grc' dir='ltr'>μανθάνων,</span> <span class='ocrx_word' id='word_1_252' title='bbox 740 1502 781 1528; x_wconf 82' lang='grc' dir='ltr'><strong>ὅτι</strong></span> <span class='ocrx_word' id='word_1_253' title='bbox 806 1501 960 1539; x_wconf 76' lang='grc' dir='ltr'>καταϐέϐη-</span> 
     </span>
    </p>
   </div>
   <div class='ocr_carea' id='block_1_34' title="bbox 172 1544 960 1583">
    <p class='ocr_par' dir='ltr' id='par_1_34' title="bbox 172 1544 960 1583">
     <span class='ocr_line' id='line_1_34' title="bbox 172 1544 960 1583; baseline 0.001 -10"><span class='ocrx_word' id='word_1_254' title='bbox 172 1555 220 1574; x_wconf 93' lang='grc' dir='ltr'><strong>κεν</strong></span> <span class='ocrx_word' id='word_1_255' title='bbox 237 1548 280 1574; x_wconf 77' lang='grc' dir='ltr'><strong>ἐπ’</strong></span> <span class='ocrx_word' id='word_1_256' title='bbox 296 1547 386 1574; x_wconf 81' lang='grc' dir='ltr'>αὐτόν.</span> <span class='ocrx_word' id='word_1_257' title='bbox 404 1548 435 1574; x_wconf 85' lang='grc' dir='ltr'>Εἰ</span> <span class='ocrx_word' id='word_1_258' title='bbox 449 1547 477 1574; x_wconf 77' lang='grc' dir='ltr'><strong>δὲ</strong></span> <span class='ocrx_word' id='word_1_259' title='bbox 498 1547 612 1583; x_wconf 75' lang='grc' dir='ltr'><strong>ἠδικήθη</strong></span> <span class='ocrx_word' id='word_1_260' title='bbox 636 1544 735 1580; x_wconf 76' lang='grc' dir='ltr'>λαϐὼν,</span> <span class='ocrx_word' id='word_1_261' title='bbox 748 1548 794 1574; x_wconf 70' lang='grc' dir='ltr'><strong>καὶ</strong></span> <span class='ocrx_word' id='word_1_262' title='bbox 807 1548 918 1583; x_wconf 79' lang='grc' dir='ltr'>γέγονεν</span> <span class='ocrx_word' id='word_1_263' title='bbox 932 1549 960 1574; x_wconf 78' lang='grc' dir='ltr'>ἐν</span> 
     </span>
    </p>
   </div>
   <div class='ocr_carea' id='block_1_35' title="bbox 172 1591 960 1627">
    <p class='ocr_par' dir='ltr' id='par_1_35' title="bbox 172 1591 960 1627">
     <span class='ocr_line' id='line_1_35' title="bbox 172 1591 960 1627; baseline 0 -9"><span class='ocrx_word' id='word_1_264' title='bbox 172 1592 313 1625; x_wconf 75' lang='grc' dir='ltr'>ἐλάττοσι,</span> <span class='ocrx_word' id='word_1_265' title='bbox 330 1591 449 1627; x_wconf 81' lang='grc' dir='ltr'>παθητὸν</span> <span class='ocrx_word' id='word_1_266' title='bbox 472 1593 537 1627; x_wconf 77' lang='grc' dir='ltr'>ἡμῖν</span> <span class='ocrx_word' id='word_1_267' title='bbox 559 1591 684 1624; x_wconf 78' lang='grc' dir='ltr'>εἰσοίσεις</span> <span class='ocrx_word' id='word_1_268' title='bbox 711 1592 758 1619; x_wconf 81' lang='grc' dir='ltr'>τὸν</span> <span class='ocrx_word' id='word_1_269' title='bbox 786 1592 873 1626; x_wconf 80' lang='grc' dir='ltr'>Λόγον</span> <span class='ocrx_word' id='word_1_270' title='bbox 887 1613 894 1625; x_wconf 86' lang='grc'><strong>,</strong></span> <span class='ocrx_word' id='word_1_271' title='bbox 912 1593 960 1618; x_wconf 76' lang='grc' dir='ltr'>καὶ</span> 
     </span>
    </p>
   </div>
   <div class='ocr_carea' id='block_1_36' title="bbox 173 1638 960 1675">
    <p class='ocr_par' dir='ltr' id='par_1_36' title="bbox 173 1638 960 1675">
     <span class='ocr_line' id='line_1_36' title="bbox 173 1638 960 1675; baseline -0.001 -9"><span class='ocrx_word' id='word_1_272' title='bbox 173 1639 374 1675; x_wconf 76' lang='grc' dir='ltr'>κατηγορήσεις</span> <span class='ocrx_word' id='word_1_273' title='bbox 392 1639 442 1673; x_wconf 75' lang='grc' dir='ltr'>τῆς</span> <span class='ocrx_word' id='word_1_274' title='bbox 475 1638 568 1670; x_wconf 74' lang='grc' dir='ltr'>οὐσίας</span> <span class='ocrx_word' id='word_1_275' title='bbox 594 1638 640 1664; x_wconf 90' lang='grc' dir='ltr'><strong>τοῦ</strong></span> <span class='ocrx_word' id='word_1_276' title='bbox 661 1638 766 1674; x_wconf 79' lang='grc' dir='ltr'>Πατρὸς</span> <span class='ocrx_word' id='word_1_277' title='bbox 779 1659 786 1672; x_wconf 88' lang='grc'><strong>,</strong></span> <span class='ocrx_word' id='word_1_278' title='bbox 804 1638 960 1670; x_wconf 76' lang='grc' dir='ltr'>ἀδικοῦντος</span> 
     </span>
    </p>
   </div>
   <div class='ocr_carea' id='block_1_37' title="bbox 175 1684 960 1720">
    <p class='ocr_par' dir='ltr' id='par_1_37' title="bbox 175 1684 960 1720">
     <span class='ocr_line' id='line_1_37' title="bbox 175 1684 960 1720; baseline 0 -10"><span class='ocrx_word' id='word_1_279' title='bbox 175 1685 293 1720; x_wconf 77' lang='grc' dir='ltr'>μᾶλλον,</span> <span class='ocrx_word' id='word_1_280' title='bbox 315 1684 331 1720; x_wconf 88' lang='grc' dir='ltr'><strong>ἧ</strong></span> <span class='ocrx_word' id='word_1_281' title='bbox 358 1684 526 1719; x_wconf 81' lang='grc' dir='ltr'>ἁγιάζοντος.</span> <span class='ocrx_word' id='word_1_282' title='bbox 548 1685 581 1711; x_wconf 80' lang='grc' dir='ltr'><strong>Εἰ</strong></span> <span class='ocrx_word' id='word_1_283' title='bbox 604 1684 632 1711; x_wconf 75' lang='grc' dir='ltr'><strong>δὲ</strong></span> <span class='ocrx_word' id='word_1_284' title='bbox 656 1684 774 1719; x_wconf 79' lang='grc' dir='ltr'>ἀμείνων</span> <span class='ocrx_word' id='word_1_285' title='bbox 801 1684 906 1720; x_wconf 70' lang='grc' dir='ltr'>ἐδείχθη</span> <span class='ocrx_word' id='word_1_286' title='bbox 930 1684 960 1710; x_wconf 77' lang='grc' dir='ltr'>τὸ</span> 
     </span>
    </p>
   </div>
   <div class='ocr_carea' id='block_1_38' title="bbox 174 1729 959 1767">
    <p class='ocr_par' dir='ltr' id='par_1_38' title="bbox 174 1729 959 1767">
     <span class='ocr_line' id='line_1_38' title="bbox 174 1729 959 1767; baseline 0.001 -11"><span class='ocrx_word' id='word_1_287' title='bbox 174 1730 287 1767; x_wconf 79' lang='grc' dir='ltr'>Πνεῦμα</span> <span class='ocrx_word' id='word_1_288' title='bbox 296 1730 395 1762; x_wconf 79' lang='grc' dir='ltr'>λαϐὼν,</span> <span class='ocrx_word' id='word_1_289' title='bbox 410 1729 444 1766; x_wconf 80' lang='grc' dir='ltr'>ἦν</span> <span class='ocrx_word' id='word_1_290' title='bbox 460 1731 489 1757; x_wconf 80' lang='grc' dir='ltr'><strong>δὲ</strong></span> <span class='ocrx_word' id='word_1_291' title='bbox 501 1731 548 1757; x_wconf 70' lang='grc' dir='ltr'>καὶ</span> <span class='ocrx_word' id='word_1_292' title='bbox 565 1732 593 1758; x_wconf 81' lang='grc' dir='ltr'>ἐν</span> <span class='ocrx_word' id='word_1_293' title='bbox 616 1732 705 1766; x_wconf 66' lang='grc' dir='ltr'>μορφῇ</span> <span class='ocrx_word' id='word_1_294' title='bbox 724 1731 770 1757; x_wconf 82' lang='grc' dir='ltr'>καὶ</span> <span class='ocrx_word' id='word_1_295' title='bbox 791 1731 894 1766; x_wconf 74' lang='grc' dir='ltr'>ἰσότητι</span> <span class='ocrx_word' id='word_1_296' title='bbox 913 1731 959 1758; x_wconf 90' lang='grc' dir='ltr'><strong>τοῦ</strong></span> 
     </span>
    </p>
   </div>
   <div class='ocr_carea' id='block_1_39' title="bbox 174 1777 961 1812">
    <p class='ocr_par' dir='ltr' id='par_1_39' title="bbox 174 1777 961 1812">
     <span class='ocr_line' id='line_1_39' title="bbox 174 1777 961 1812; baseline 0 -9"><span class='ocrx_word' id='word_1_297' title='bbox 174 1777 290 1812; x_wconf 68' lang='grc' dir='ltr'>Πατρὸς,</span> <span class='ocrx_word' id='word_1_298' title='bbox 309 1777 355 1803; x_wconf 78' lang='grc' dir='ltr'>καὶ</span> <span class='ocrx_word' id='word_1_299' title='bbox 381 1777 445 1812; x_wconf 75' lang='grc' dir='ltr'>πρὶν</span> <span class='ocrx_word' id='word_1_300' title='bbox 461 1777 542 1804; x_wconf 77' lang='grc' dir='ltr'>αὑτὸν</span> <span class='ocrx_word' id='word_1_301' title='bbox 556 1777 732 1812; x_wconf 84' lang='grc' dir='ltr'>βελτιωθῆναι</span> <span class='ocrx_word' id='word_1_302' title='bbox 747 1777 808 1804; x_wconf 70' lang='grc' dir='ltr'>καθ’</span> <span class='ocrx_word' id='word_1_303' title='bbox 820 1777 961 1812; x_wconf 79' lang='grc' dir='ltr'>ὑμᾶ;,οὺκ</span> 
     </span>
    </p>
   </div>
   <div class='ocr_carea' id='block_1_40' title="bbox 173 1822 960 1858">
    <p class='ocr_par' dir='ltr' id='par_1_40' title="bbox 173 1822 960 1858">
     <span class='ocr_line' id='line_1_40' title="bbox 173 1822 960 1858; baseline -0.001 -9"><span class='ocrx_word' id='word_1_304' title='bbox 173 1824 213 1855; x_wconf 82' lang='grc' dir='ltr'><strong>εἰς</strong></span> <span class='ocrx_word' id='word_1_305' title='bbox 240 1823 379 1858; x_wconf 80' lang='grc' dir='ltr'>ἀκρότητα</span> <span class='ocrx_word' id='word_1_306' title='bbox 403 1822 481 1858; x_wconf 81' lang='grc' dir='ltr'><strong>δόξης</strong></span> <span class='ocrx_word' id='word_1_307' title='bbox 506 1823 675 1858; x_wconf 74' lang='grc' dir='ltr'>ἀναϐέϐηκεν</span> <span class='ocrx_word' id='word_1_308' title='bbox 692 1825 706 1849; x_wconf 86' lang='grc' dir='ltr'>ὁ</span> <span class='ocrx_word' id='word_1_309' title='bbox 724 1823 833 1858; x_wconf 81' lang='grc' dir='ltr'>Πατὴρ,</span> <span class='ocrx_word' id='word_1_310' title='bbox 854 1823 911 1849; x_wconf 79' lang='grc' dir='ltr'>ἀλλ’</span> <span class='ocrx_word' id='word_1_311' title='bbox 932 1823 960 1848; x_wconf 84' lang='grc' dir='ltr'>ἐν</span> 
     </span>
    </p>
   </div>
   <div class='ocr_carea' id='block_1_41' title="bbox 173 1867 960 1905">
    <p class='ocr_par' dir='ltr' id='par_1_41' title="bbox 173 1867 960 1905">
     <span class='ocr_line' id='line_1_41' title="bbox 173 1867 960 1905; baseline -0.001 -10"><span class='ocrx_word' id='word_1_312' title='bbox 173 1869 288 1900; x_wconf 75' lang='grc' dir='ltr'>ἐκείνοις</span> <span class='ocrx_word' id='word_1_313' title='bbox 308 1869 383 1896; x_wconf 80' lang='grc' dir='ltr'>ἔσται</span> <span class='ocrx_word' id='word_1_314' title='bbox 407 1870 463 1901; x_wconf 84' lang='grc' dir='ltr'>τοῖς</span> <span class='ocrx_word' id='word_1_315' title='bbox 481 1869 599 1905; x_wconf 82' lang='grc' dir='ltr'>μέτροις,</span> <span class='ocrx_word' id='word_1_316' title='bbox 614 1870 642 1896; x_wconf 86' lang='grc' dir='ltr'>ἐν</span> <span class='ocrx_word' id='word_1_317' title='bbox 658 1867 754 1904; x_wconf 75' lang='grc' dir='ltr'>οἷσπερ</span> <span class='ocrx_word' id='word_1_318' title='bbox 774 1867 807 1904; x_wconf 82' lang='grc' dir='ltr'>ἦν</span> <span class='ocrx_word' id='word_1_319' title='bbox 823 1869 871 1895; x_wconf 76' lang='grc' dir='ltr'><strong>σῦν</strong></span> <span class='ocrx_word' id='word_1_320' title='bbox 887 1867 960 1902; x_wconf 79' lang='grc' dir='ltr'><strong>αὑτῷ</strong></span> 
     </span>
    </p>
   </div>
   <div class='ocr_carea' id='block_1_42' title="bbox 174 1913 961 1949">
    <p class='ocr_par' dir='ltr' id='par_1_42' title="bbox 174 1913 961 1949">
     <span class='ocr_line' id='line_1_42' title="bbox 174 1913 961 1949; baseline -0.003 -9"><span class='ocrx_word' id='word_1_321' title='bbox 174 1913 336 1949; x_wconf 69' lang='grc' dir='ltr'>σύμμορεξός</span> <span class='ocrx_word' id='word_1_322' title='bbox 360 1922 391 1940; x_wconf 83' lang='grc' dir='ltr'><strong>τε</strong></span> <span class='ocrx_word' id='word_1_323' title='bbox 409 1914 456 1941; x_wconf 70' lang='grc' dir='ltr'><strong>καὶ</strong></span> <span class='ocrx_word' id='word_1_324' title='bbox 486 1914 543 1946; x_wconf 81' lang='grc' dir='ltr'>ἴσος</span> <span class='ocrx_word' id='word_1_325' title='bbox 564 1914 696 1949; x_wconf 82' lang='grc' dir='ltr'>ὑπάρχων</span> <span class='ocrx_word' id='word_1_326' title='bbox 715 1915 728 1940; x_wconf 86' lang='grc' dir='ltr'><strong>ὀ</strong></span> <span class='ocrx_word' id='word_1_327' title='bbox 742 1913 810 1948; x_wconf 80' lang='grc' dir='ltr'>πρὸς</span> <span class='ocrx_word' id='word_1_328' title='bbox 826 1913 856 1939; x_wconf 85' lang='grc' dir='ltr'><strong>τὺ</strong></span> <span class='ocrx_word' id='word_1_329' title='bbox 869 1913 961 1947; x_wconf 82' lang='grc' dir='ltr'>μεῖζον</span> 
     </span>
    </p>
   </div>
   <div class='ocr_carea' id='block_1_43' title="bbox 172 1958 443 1994">
    <p class='ocr_par' dir='ltr' id='par_1_43' title="bbox 172 1958 443 1994">
     <span class='ocr_line' id='line_1_43' title="bbox 172 1958 443 1994; baseline 0.004 -10"><span class='ocrx_word' id='word_1_330' title='bbox 172 1958 350 1994; x_wconf 68' lang='grc' dir='ltr'>ἀναπηδήσας</span> <span class='ocrx_word' id='word_1_331' title='bbox 368 1958 443 1990; x_wconf 83' lang='grc' dir='ltr'>Υἱός.</span> 
     </span>
    </p>
   </div>
   <div class='ocr_carea' id='block_1_44' title="bbox 180 2045 962 2087">
    <p class='ocr_par' dir='ltr' id='par_1_44' title="bbox 211 2045 962 2085">
     <span class='ocr_line' id='line_1_44' title="bbox 211 2045 962 2085; baseline -0.007 -9"><span class='ocrx_word' id='word_1_332' title='bbox 211 2048 344 2084; x_wconf 76' lang='grc' dir='ltr'>Εῦκαιρον</span> <span class='ocrx_word' id='word_1_333' title='bbox 370 2046 417 2074; x_wconf 77' lang='grc' dir='ltr'><strong>οὖν</strong></span> <span class='ocrx_word' id='word_1_334' title='bbox 439 2046 515 2083; x_wconf 78' lang='grc' dir='ltr'>οἶμαι</span> <span class='ocrx_word' id='word_1_335' title='bbox 543 2048 633 2085; x_wconf 69' lang='grc' dir='ltr'>λέγειν</span> <span class='ocrx_word' id='word_1_336' title='bbox 650 2047 695 2073; x_wconf 76' lang='grc' dir='ltr'><strong>ἐπὶ</strong></span> <span class='ocrx_word' id='word_1_337' title='bbox 714 2047 769 2078; x_wconf 81' lang='grc' dir='ltr'>τοῖς</span> <span class='ocrx_word' id='word_1_338' title='bbox 790 2045 962 2076; x_wconf 76' lang='grc' dir='ltr'>ἀπαιδεύτοις</span> 
     </span>
    </p>
   </div>
   <div class='ocr_carea' id='block_1_45' title="bbox 175 2092 959 2130">
    <p class='ocr_par' dir='ltr' id='par_1_45' title="bbox 175 2092 959 2130">
     <span class='ocr_line' id='line_1_45' title="bbox 175 2092 959 2130; baseline -0.005 -8"><span class='ocrx_word' id='word_1_339' title='bbox 175 2096 323 2130; x_wconf 80' lang='grc' dir='ltr'>αἱρετικοῐς</span> <span class='ocrx_word' id='word_1_340' title='bbox 344 2103 350 2110; x_wconf 92' lang='grc'>·</span> <span class='ocrx_word' id='word_1_341' title='bbox 392 2104 400 2120; x_wconf 78' lang='grc' dir='ltr'><strong>ι</strong></span> <span class='ocrx_word' id='word_1_342' title='bbox 422 2095 486 2122; x_wconf 77' lang='grc' dir='ltr'><strong>Ἰδοὺ</strong></span> <span class='ocrx_word' id='word_1_343' title='bbox 516 2094 579 2125; x_wconf 80' lang='grc' dir='ltr'>λαὸς</span> <span class='ocrx_word' id='word_1_344' title='bbox 609 2094 718 2129; x_wconf 76' lang='grc' dir='ltr'>μωρὸς,</span> <span class='ocrx_word' id='word_1_345' title='bbox 747 2093 794 2120; x_wconf 59' lang='grc' dir='ltr'>καὶ</span> <span class='ocrx_word' id='word_1_346' title='bbox 822 2092 959 2128; x_wconf 81' lang='grc' dir='ltr'>ἀκάρδιο;”</span> 
     </span>
    </p>
   </div>
   <div class='ocr_carea' id='block_1_46' title="bbox 171 2132 961 2179">
    <p class='ocr_par' dir='ltr' id='par_1_46' title="bbox 171 2132 961 2179">
     <span class='ocr_line' id='line_1_46' title="bbox 171 2132 961 2179; baseline -0.003 -13"><span class='ocrx_word' id='word_1_347' title='bbox 171 2140 309 2179; x_wconf 51' lang='grc' dir='ltr'>Ιόφθαλμοὶ</span> <span class='ocrx_word' id='word_1_348' title='bbox 325 2140 417 2172; x_wconf 77' lang='grc' dir='ltr'>αὐτοῖς</span> <span class='ocrx_word' id='word_1_349' title='bbox 427 2160 434 2172; x_wconf 85' lang='grc'><strong>,</strong></span> <span class='ocrx_word' id='word_1_350' title='bbox 454 2132 501 2166; x_wconf 74' lang='grc' dir='ltr'>καὶ</span> <span class='ocrx_word' id='word_1_351' title='bbox 517 2140 547 2166; x_wconf 81' lang='grc' dir='ltr'>οὑ</span> <span class='ocrx_word' id='word_1_352' title='bbox 566 2139 718 2174; x_wconf 83' lang='grc' dir='ltr'>βλέπουσιν,</span> <span class='ocrx_word' id='word_1_353' title='bbox 734 2148 743 2163; x_wconf 75' lang='grc' dir='ltr'><strong>ι</strong></span> <span class='ocrx_word' id='word_1_354' title='bbox 772 2138 961 2173; x_wconf 77' lang='grc' dir='ltr'>’Δπετύφλωσε</span> 
     </span>
    </p>
   </div>
   <div class='ocr_carea' id='block_1_47' title="bbox 175 2184 961 2223">
    <p class='ocr_par' dir='ltr' id='par_1_47' title="bbox 175 2184 961 2223">
     <span class='ocr_line' id='line_1_47' title="bbox 175 2184 961 2223; baseline -0.005 -9"><span class='ocrx_word' id='word_1_355' title='bbox 175 2187 229 2223; x_wconf 85' lang='grc' dir='ltr'><strong>γὰρ</strong></span> <span class='ocrx_word' id='word_1_356' title='bbox 245 2187 328 2219; x_wconf 73' lang='grc' dir='ltr'>ὅντως</span> <span class='ocrx_word' id='word_1_357' title='bbox 343 2187 356 2213; x_wconf 86' lang='grc' dir='ltr'>ὁ</span> <span class='ocrx_word' id='word_1_358' title='bbox 372 2186 438 2218; x_wconf 77' lang='grc' dir='ltr'>Θεὸς</span> <span class='ocrx_word' id='word_1_359' title='bbox 453 2185 499 2212; x_wconf 84' lang='grc' dir='ltr'><strong>τοῦ</strong></span> <span class='ocrx_word' id='word_1_360' title='bbox 515 2186 612 2217; x_wconf 77' lang='grc' dir='ltr'>αἰῶνος</span> <span class='ocrx_word' id='word_1_361' title='bbox 626 2185 720 2211; x_wconf 85' lang='grc' dir='ltr'>τούτου</span> <span class='ocrx_word' id='word_1_362' title='bbox 730 2185 765 2211; x_wconf 74' lang='grc' dir='ltr'><strong>τὰ</strong></span> <span class='ocrx_word' id='word_1_363' title='bbox 774 2185 896 2219; x_wconf 84' lang='grc' dir='ltr'>νοήματα</span> <span class='ocrx_word' id='word_1_364' title='bbox 906 2184 961 2210; x_wconf 86' lang='grc' dir='ltr'><strong>τῶν</strong></span> 
     </span>
    </p>
   </div>
   <div class='ocr_carea' id='block_1_48' title="bbox 1006 263 1789 303">
    <p class='ocr_par' dir='ltr' id='par_1_48' title="bbox 1006 263 1789 303">
     <span class='ocr_line' id='line_1_48' title="bbox 1006 263 1789 303; baseline 0.01 -13"><span class='ocrx_word' id='word_1_365' title='bbox 1006 263 1105 295; x_wconf 81' lang='lat' dir='ltr'><strong>factus,</strong></span> <span class='ocrx_word' id='word_1_366' title='bbox 1129 270 1156 292; x_wconf 86' lang='lat' dir='ltr'><strong>et</strong></span> <span class='ocrx_word' id='word_1_367' title='bbox 1183 267 1262 302; x_wconf 76' lang='lat'><strong>120</strong></span> <span class='ocrx_word' id='word_1_368' title='bbox 1293 267 1386 295; x_wconf 87' lang='lat' dir='ltr'><strong>habitu</strong></span> <span class='ocrx_word' id='word_1_369' title='bbox 1423 269 1551 298; x_wconf 79' lang='lat' dir='ltr'><strong>inventus</strong></span> <span class='ocrx_word' id='word_1_370' title='bbox 1568 275 1598 297; x_wconf 91' lang='lat' dir='ltr'><strong>ut</strong></span> <span class='ocrx_word' id='word_1_371' title='bbox 1623 270 1714 303; x_wconf 89' lang='lat' dir='ltr'><strong>homo,</strong></span> <span class='ocrx_word' id='word_1_372' title='bbox 1734 271 1789 298; x_wconf 83' lang='lat' dir='ltr'><strong>hu-</strong></span> 
     </span>
    </p>
   </div>
   <div class='ocr_carea' id='block_1_49' title="bbox 1006 311 1789 352">
    <p class='ocr_par' dir='ltr' id='par_1_49' title="bbox 1006 311 1789 352">
     <span class='ocr_line' id='line_1_49' title="bbox 1006 311 1789 352; baseline 0.01 -15"><span class='ocrx_word' id='word_1_373' title='bbox 1006 311 1122 338; x_wconf 82' lang='lat' dir='ltr'><strong>miliavit</strong></span> <span class='ocrx_word' id='word_1_374' title='bbox 1138 314 1315 348; x_wconf 77' lang='lat' dir='ltr'><strong>semetipsum</strong></span> <span class='ocrx_word' id='word_1_375' title='bbox 1328 314 1360 341; x_wconf 78' lang='lat'><strong>“.</strong></span> <span class='ocrx_word' id='word_1_376' title='bbox 1381 324 1390 340; x_wconf 75' lang='grc' dir='ltr'><strong>ι</strong></span> <span class='ocrx_word' id='word_1_377' title='bbox 1423 316 1491 342; x_wconf 90' lang='lat' dir='ltr'><strong>Cum</strong></span> <span class='ocrx_word' id='word_1_378' title='bbox 1507 324 1571 352; x_wconf 74' lang='lat' dir='ltr'><strong>ergo</strong></span> <span class='ocrx_word' id='word_1_379' title='bbox 1587 320 1650 344; x_wconf 89' lang='lat' dir='ltr'><strong>ante</strong></span> <span class='ocrx_word' id='word_1_380' title='bbox 1662 318 1789 345; x_wconf 84' lang='lat' dir='ltr'><strong>incarna-</strong></span> 
     </span>
    </p>
   </div>
   <div class='ocr_carea' id='block_1_50' title="bbox 1006 356 1788 396">
    <p class='ocr_par' dir='ltr' id='par_1_50' title="bbox 1006 356 1788 396">
     <span class='ocr_line' id='line_1_50' title="bbox 1006 356 1788 396; baseline 0.012 -14"><span class='ocrx_word' id='word_1_381' title='bbox 1006 356 1108 384; x_wconf 89' lang='lat' dir='ltr'><strong>tionem</strong></span> <span class='ocrx_word' id='word_1_382' title='bbox 1132 363 1206 386; x_wconf 77' lang='lat' dir='ltr'><strong>esset</strong></span> <span class='ocrx_word' id='word_1_383' title='bbox 1235 359 1367 386; x_wconf 81' lang='lat' dir='ltr'><strong>informa</strong></span> <span class='ocrx_word' id='word_1_384' title='bbox 1383 364 1410 387; x_wconf 89' lang='lat' dir='ltr'><strong>et</strong></span> <span class='ocrx_word' id='word_1_385' title='bbox 1435 363 1591 396; x_wconf 76' lang='lat' dir='ltr'><strong>mqualitate</strong></span> <span class='ocrx_word' id='word_1_386' title='bbox 1611 362 1711 396; x_wconf 80' lang='lat' dir='ltr'><strong>Patris,</strong></span> <span class='ocrx_word' id='word_1_387' title='bbox 1741 364 1788 392; x_wconf 88' lang='lat' dir='ltr'><strong>sed</strong></span> 
     </span>
    </p>
   </div>
   <div class='ocr_carea' id='block_1_51' title="bbox 1006 403 1788 444">
    <p class='ocr_par' dir='ltr' id='par_1_51' title="bbox 1006 403 1788 444">
     <span class='ocr_line' id='line_1_51' title="bbox 1006 403 1788 444; baseline 0.009 -15"><span class='ocrx_word' id='word_1_388' title='bbox 1006 403 1206 431; x_wconf 74' lang='lat' dir='ltr'><strong>incarnationis</strong></span> <span class='ocrx_word' id='word_1_389' title='bbox 1243 408 1368 439; x_wconf 87' lang='lat' dir='ltr'><strong>tempore</strong></span> <span class='ocrx_word' id='word_1_390' title='bbox 1399 406 1511 433; x_wconf 79' lang='lat' dir='ltr'><strong>caelitus</strong></span> <span class='ocrx_word' id='word_1_391' title='bbox 1537 411 1649 442; x_wconf 84' lang='lat' dir='ltr'><strong>accepto</strong></span> <span class='ocrx_word' id='word_1_392' title='bbox 1684 408 1788 444; x_wconf 83' lang='lat' dir='ltr'><strong>Spiritu</strong></span> 
     </span>
    </p>
   </div>
   <div class='ocr_carea' id='block_1_52' title="bbox 1006 448 1789 489">
    <p class='ocr_par' dir='ltr' id='par_1_52' title="bbox 1006 448 1789 489">
     <span class='ocr_line' id='line_1_52' title="bbox 1006 448 1789 489; baseline 0.009 -15"><span class='ocrx_word' id='word_1_393' title='bbox 1006 448 1195 476; x_wconf 79' lang='lat' dir='ltr'><strong>sanctificatns</strong></span> <span class='ocrx_word' id='word_1_394' title='bbox 1211 450 1258 481; x_wconf 89' lang='lat' dir='ltr'><strong>sit,</strong></span> <span class='ocrx_word' id='word_1_395' title='bbox 1276 453 1306 477; x_wconf 88' lang='lat' dir='ltr'><strong>ut</strong></span> <span class='ocrx_word' id='word_1_396' title='bbox 1320 450 1357 476; x_wconf 89' lang='lat' dir='ltr'><strong>illi</strong></span> <span class='ocrx_word' id='word_1_397' title='bbox 1372 450 1478 482; x_wconf 79' lang='lat' dir='ltr'><strong>volunt,</strong></span> <span class='ocrx_word' id='word_1_398' title='bbox 1498 452 1647 487; x_wconf 83' lang='lat' dir='ltr'><strong>meliorque</strong></span> <span class='ocrx_word' id='word_1_399' title='bbox 1663 458 1688 480; x_wconf 83' lang='lat' dir='ltr'><strong>et</strong></span> <span class='ocrx_word' id='word_1_400' title='bbox 1702 455 1789 489; x_wconf 82' lang='lat' dir='ltr'><strong>major</strong></span> 
     </span>
    </p>
   </div>
   <div class='ocr_carea' id='block_1_53' title="bbox 1006 494 1788 533">
    <p class='ocr_par' dir='ltr' id='par_1_53' title="bbox 1006 494 1788 533">
     <span class='ocr_line' id='line_1_53' title="bbox 1006 494 1788 533; baseline 0.006 -12"><span class='ocrx_word' id='word_1_401' title='bbox 1006 494 1097 528; x_wconf 82' lang='lat' dir='ltr'><strong>scipso</strong></span> <span class='ocrx_word' id='word_1_402' title='bbox 1127 495 1197 522; x_wconf 88' lang='lat' dir='ltr'><strong>hanc</strong></span> <span class='ocrx_word' id='word_1_403' title='bbox 1222 496 1256 523; x_wconf 90' lang='lat' dir='ltr'><strong>oh</strong></span> <span class='ocrx_word' id='word_1_404' title='bbox 1287 504 1398 523; x_wconf 79' lang='lat' dir='ltr'><strong>causam</strong></span> <span class='ocrx_word' id='word_1_405' title='bbox 1431 497 1566 530; x_wconf 86' lang='lat' dir='ltr'><strong>redditus,</strong></span> <span class='ocrx_word' id='word_1_406' title='bbox 1599 498 1687 533; x_wconf 84' lang='lat' dir='ltr'><strong>major</strong></span> <span class='ocrx_word' id='word_1_407' title='bbox 1705 500 1788 527; x_wconf 86' lang='lat' dir='ltr'><strong>etiam</strong></span> 
     </span>
    </p>
   </div>
   <div class='ocr_carea' id='block_1_54' title="bbox 1006 538 1789 578">
    <p class='ocr_par' dir='ltr' id='par_1_54' title="bbox 1006 538 1789 578">
     <span class='ocr_line' id='line_1_54' title="bbox 1006 538 1789 578; baseline 0.008 -13"><span class='ocrx_word' id='word_1_408' title='bbox 1006 538 1086 566; x_wconf 79' lang='lat' dir='ltr'><strong>Patre</strong></span> <span class='ocrx_word' id='word_1_409' title='bbox 1101 539 1190 568; x_wconf 86' lang='lat' dir='ltr'><strong>lactus</strong></span> <span class='ocrx_word' id='word_1_410' title='bbox 1206 545 1247 568; x_wconf 87' lang='lat' dir='ltr'><strong>est</strong></span> <span class='ocrx_word' id='word_1_411' title='bbox 1264 541 1401 569; x_wconf 75' lang='lat' dir='ltr'><strong>videlicet.</strong></span> <span class='ocrx_word' id='word_1_412' title='bbox 1417 540 1491 574; x_wconf 85' lang='lat' dir='ltr'><strong>Jam,</strong></span> <span class='ocrx_word' id='word_1_413' title='bbox 1505 543 1527 568; x_wconf 91' lang='lat' dir='ltr'><strong>si</strong></span> <span class='ocrx_word' id='word_1_414' title='bbox 1545 547 1660 576; x_wconf 86' lang='lat' dir='ltr'><strong>accepto</strong></span> <span class='ocrx_word' id='word_1_415' title='bbox 1683 543 1789 578; x_wconf 90' lang='lat' dir='ltr'><strong>Spiritu</strong></span> 
     </span>
    </p>
   </div>
   <div class='ocr_carea' id='block_1_55' title="bbox 1007 584 1792 623">
    <p class='ocr_par' dir='ltr' id='par_1_55' title="bbox 1007 584 1792 623">
     <span class='ocr_line' id='line_1_55' title="bbox 1007 584 1792 623; baseline 0.006 -12"><span class='ocrx_word' id='word_1_416' title='bbox 1007 585 1077 612; x_wconf 89' lang='lat' dir='ltr'><strong>ultra</strong></span> <span class='ocrx_word' id='word_1_417' title='bbox 1094 584 1254 621; x_wconf 77' lang='lat' dir='ltr'><strong>dignitatem</strong></span> <span class='ocrx_word' id='word_1_418' title='bbox 1267 586 1357 615; x_wconf 87' lang='lat' dir='ltr'><strong>Patris</strong></span> <span class='ocrx_word' id='word_1_419' title='bbox 1371 590 1413 614; x_wconf 89' lang='lat' dir='ltr'><strong>est</strong></span> <span class='ocrx_word' id='word_1_420' title='bbox 1429 592 1551 620; x_wconf 88' lang='lat' dir='ltr'><strong>evectus,</strong></span> <span class='ocrx_word' id='word_1_421' title='bbox 1566 588 1693 623; x_wconf 84' lang='lat' dir='ltr'><strong>superior</strong></span> <span class='ocrx_word' id='word_1_422' title='bbox 1709 589 1792 623; x_wconf 77' lang='lat' dir='ltr'><strong>igitur</strong></span> 
     </span>
    </p>
   </div>
   <div class='ocr_carea' id='block_1_56' title="bbox 1006 632 1791 669">
    <p class='ocr_par' dir='ltr' id='par_1_56' title="bbox 1006 632 1791 669">
     <span class='ocr_line' id='line_1_56' title="bbox 1006 632 1791 669; baseline 0.003 -10"><span class='ocrx_word' id='word_1_423' title='bbox 1006 635 1049 659; x_wconf 83' lang='lat' dir='ltr'><strong>est</strong></span> <span class='ocrx_word' id='word_1_424' title='bbox 1062 632 1121 667; x_wconf 91' lang='lat' dir='ltr'><strong>ipso</strong></span> <span class='ocrx_word' id='word_1_425' title='bbox 1142 640 1252 667; x_wconf 88' lang='lat' dir='ltr'><strong>quoque</strong></span> <span class='ocrx_word' id='word_1_426' title='bbox 1280 633 1359 660; x_wconf 82' lang='lat' dir='ltr'><strong>Patre</strong></span> <span class='ocrx_word' id='word_1_427' title='bbox 1384 633 1518 668; x_wconf 88' lang='lat' dir='ltr'><strong>Spiritus,</strong></span> <span class='ocrx_word' id='word_1_428' title='bbox 1547 634 1594 669; x_wconf 84' lang='lat' dir='ltr'><strong>qui</strong></span> <span class='ocrx_word' id='word_1_429' title='bbox 1615 635 1791 661; x_wconf 84' lang='lat' dir='ltr'><strong>eminentiam</strong></span> 
     </span>
    </p>
   </div>
   <div class='ocr_carea' id='block_1_57' title="bbox 1007 677 1791 715">
    <p class='ocr_par' dir='ltr' id='par_1_57' title="bbox 1007 677 1791 715">
     <span class='ocr_line' id='line_1_57' title="bbox 1007 677 1791 715; baseline 0.003 -11"><span class='ocrx_word' id='word_1_430' title='bbox 1007 677 1090 705; x_wconf 82' lang='lat' dir='ltr'><strong>Patre</strong></span> <span class='ocrx_word' id='word_1_431' title='bbox 1106 679 1237 713; x_wconf 82' lang='lat' dir='ltr'><strong>majorem</strong></span> <span class='ocrx_word' id='word_1_432' title='bbox 1250 678 1320 706; x_wconf 86' lang='lat' dir='ltr'><strong>Filio</strong></span> <span class='ocrx_word' id='word_1_433' title='bbox 1336 680 1460 714; x_wconf 81' lang='lat' dir='ltr'><strong>largitur.</strong></span> <span class='ocrx_word' id='word_1_434' title='bbox 1474 679 1543 712; x_wconf 85' lang='lat' dir='ltr'><strong>Quis</strong></span> <span class='ocrx_word' id='word_1_435' title='bbox 1559 688 1624 715; x_wconf 75' lang='lat' dir='ltr'><strong>ergo</strong></span> <span class='ocrx_word' id='word_1_436' title='bbox 1640 680 1682 707; x_wconf 85' lang='lat' dir='ltr'><strong>vel</strong></span> <span class='ocrx_word' id='word_1_437' title='bbox 1697 680 1791 707; x_wconf 83' lang='lat' dir='ltr'><strong>auditu</strong></span> 
     </span>
    </p>
   </div>
   <div class='ocr_carea' id='block_1_58' title="bbox 1007 723 1793 760">
    <p class='ocr_par' dir='ltr' id='par_1_58' title="bbox 1007 723 1793 760">
     <span class='ocr_line' id='line_1_58' title="bbox 1007 723 1793 760; baseline 0.004 -11"><span class='ocrx_word' id='word_1_438' title='bbox 1007 723 1066 750; x_wconf 84' lang='lat' dir='ltr'><strong>solo</strong></span> <span class='ocrx_word' id='word_1_439' title='bbox 1082 731 1136 750; x_wconf 91' lang='lat' dir='ltr'><strong>non</strong></span> <span class='ocrx_word' id='word_1_440' title='bbox 1154 724 1357 752; x_wconf 79' lang='lat' dir='ltr'><strong>exhorrescat?</strong></span> <span class='ocrx_word' id='word_1_441' title='bbox 1372 725 1515 752; x_wconf 80' lang='lat' dir='ltr'><strong>Enimvero</strong></span> <span class='ocrx_word' id='word_1_442' title='bbox 1540 733 1624 760; x_wconf 78' lang='lat' dir='ltr'><strong>grave</strong></span> <span class='ocrx_word' id='word_1_443' title='bbox 1641 729 1684 753; x_wconf 88' lang='lat' dir='ltr'><strong>est</strong></span> <span class='ocrx_word' id='word_1_444' title='bbox 1702 724 1793 760; x_wconf 80' lang='lat' dir='ltr'><strong>profe-</strong></span> 
     </span>
    </p>
   </div>
   <div class='ocr_carea' id='block_1_59' title="bbox 1008 770 1792 806">
    <p class='ocr_par' dir='ltr' id='par_1_59' title="bbox 1008 770 1792 806">
     <span class='ocr_line' id='line_1_59' title="bbox 1008 770 1792 806; baseline 0.001 -9"><span class='ocrx_word' id='word_1_445' title='bbox 1008 774 1053 797; x_wconf 88' lang='lat' dir='ltr'><strong>cto</strong></span> <span class='ocrx_word' id='word_1_446' title='bbox 1070 770 1239 804; x_wconf 89' lang='lat' dir='ltr'><strong>ejuscemodi</strong></span> <span class='ocrx_word' id='word_1_447' title='bbox 1256 771 1339 797; x_wconf 84' lang='lat' dir='ltr'><strong>verba</strong></span> <span class='ocrx_word' id='word_1_448' title='bbox 1358 771 1464 798; x_wconf 78' lang='lat' dir='ltr'><strong>facere:</strong></span> <span class='ocrx_word' id='word_1_449' title='bbox 1487 771 1535 798; x_wconf 84' lang='lat' dir='ltr'><strong>sed</strong></span> <span class='ocrx_word' id='word_1_450' title='bbox 1559 771 1639 798; x_wconf 85' lang='lat' dir='ltr'><strong>aliter</strong></span> <span class='ocrx_word' id='word_1_451' title='bbox 1659 778 1713 799; x_wconf 90' lang='lat' dir='ltr'><strong>non</strong></span> <span class='ocrx_word' id='word_1_452' title='bbox 1727 778 1792 806; x_wconf 88' lang='lat' dir='ltr'><strong>pos-</strong></span> 
     </span>
    </p>
   </div>
   <div class='ocr_carea' id='block_1_60' title="bbox 1009 817 1794 853">
    <p class='ocr_par' dir='ltr' id='par_1_60' title="bbox 1009 817 1794 853">
     <span class='ocr_line' id='line_1_60' title="bbox 1009 817 1794 853; baseline 0.003 -10"><span class='ocrx_word' id='word_1_453' title='bbox 1009 823 1103 843; x_wconf 83' lang='lat' dir='ltr'><strong>sumus</strong></span> <span class='ocrx_word' id='word_1_454' title='bbox 1115 823 1209 843; x_wconf 86' lang='lat' dir='ltr'><strong>eorum</strong></span> <span class='ocrx_word' id='word_1_455' title='bbox 1224 817 1422 851; x_wconf 80' lang='lat' dir='ltr'><strong>malignitatem</strong></span> <span class='ocrx_word' id='word_1_456' title='bbox 1440 817 1599 845; x_wconf 85' lang='lat' dir='ltr'><strong>retundere.</strong></span> <span class='ocrx_word' id='word_1_457' title='bbox 1612 817 1704 850; x_wconf 84' lang='lat' dir='ltr'><strong>Quare</strong></span> <span class='ocrx_word' id='word_1_458' title='bbox 1719 818 1794 853; x_wconf 80' lang='lat' dir='ltr'><strong>ipsos</strong></span> 
     </span>
    </p>
   </div>
   <div class='ocr_carea' id='block_1_61' title="bbox 1009 862 1794 897">
    <p class='ocr_par' dir='ltr' id='par_1_61' title="bbox 1009 862 1794 897">
     <span class='ocr_line' id='line_1_61' title="bbox 1009 862 1794 897; baseline 0.004 -9"><span class='ocrx_word' id='word_1_459' title='bbox 1009 862 1108 889; x_wconf 88' lang='lat' dir='ltr'><strong>iterum</strong></span> <span class='ocrx_word' id='word_1_460' title='bbox 1124 862 1317 897; x_wconf 78' lang='lat' dir='ltr'><strong>aggrediemur</strong></span> <span class='ocrx_word' id='word_1_461' title='bbox 1332 863 1374 890; x_wconf 92' lang='lat' dir='ltr'><strong>his</strong></span> <span class='ocrx_word' id='word_1_462' title='bbox 1397 863 1510 891; x_wconf 76' lang='lat' dir='ltr'><strong>verbis:</strong></span> <span class='ocrx_word' id='word_1_463' title='bbox 1528 863 1638 896; x_wconf 88' lang='lat' dir='ltr'><strong>Si,cum</strong></span> <span class='ocrx_word' id='word_1_464' title='bbox 1659 864 1740 894; x_wconf 88' lang='lat' dir='ltr'><strong>homo</strong></span> <span class='ocrx_word' id='word_1_465' title='bbox 1755 863 1794 891; x_wconf 86' lang='lat' dir='ltr'><strong>fa-</strong></span> 
     </span>
    </p>
   </div>
   <div class='ocr_carea' id='block_1_62' title="bbox 1007 907 1792 943">
    <p class='ocr_par' dir='ltr' id='par_1_62' title="bbox 1007 907 1792 943">
     <span class='ocr_line' id='line_1_62' title="bbox 1007 907 1792 943; baseline 0.005 -11"><span class='ocrx_word' id='word_1_466' title='bbox 1007 910 1081 933; x_wconf 86' lang='lat' dir='ltr'><strong>ctum</strong></span> <span class='ocrx_word' id='word_1_467' title='bbox 1100 911 1141 934; x_wconf 89' lang='lat' dir='ltr'><strong>est</strong></span> <span class='ocrx_word' id='word_1_468' title='bbox 1156 907 1202 934; x_wconf 86' lang='lat' dir='ltr'><strong>Dei</strong></span> <span class='ocrx_word' id='word_1_469' title='bbox 1220 907 1350 940; x_wconf 87' lang='lat' dir='ltr'><strong>Verbum,</strong></span> <span class='ocrx_word' id='word_1_470' title='bbox 1363 912 1428 935; x_wconf 91' lang='lat' dir='ltr'><strong>tunc</strong></span> <span class='ocrx_word' id='word_1_471' title='bbox 1440 914 1551 943; x_wconf 85' lang='lat' dir='ltr'><strong>accepto</strong></span> <span class='ocrx_word' id='word_1_472' title='bbox 1564 909 1669 943; x_wconf 82' lang='lat' dir='ltr'><strong>Spiritu</strong></span> <span class='ocrx_word' id='word_1_473' title='bbox 1686 909 1792 937; x_wconf 84' lang='lat' dir='ltr'><strong>sancti-</strong></span> 
     </span>
    </p>
   </div>
   <div class='ocr_carea' id='block_1_63' title="bbox 1009 951 1830 983">
    <p class='ocr_par' dir='ltr' id='par_1_63' title="bbox 1009 951 1830 983">
     <span class='ocr_line' id='line_1_63' title="bbox 1009 951 1830 983; baseline 0.006 -6"><span class='ocrx_word' id='word_1_474' title='bbox 1009 951 1117 983; x_wconf 86' lang='lat' dir='ltr'><strong>ﬁcatur,</strong></span> <span class='ocrx_word' id='word_1_475' title='bbox 1139 957 1202 979; x_wconf 83' lang='lat' dir='ltr'><strong>ante</strong></span> <span class='ocrx_word' id='word_1_476' title='bbox 1217 952 1434 980; x_wconf 85' lang='lat' dir='ltr'><strong>incarnationem</strong></span> <span class='ocrx_word' id='word_1_477' title='bbox 1454 961 1520 981; x_wconf 83' lang='lat' dir='ltr'><strong>vero</strong></span> <span class='ocrx_word' id='word_1_478' title='bbox 1537 955 1564 981; x_wconf 90' lang='lat' dir='ltr'><strong>in</strong></span> <span class='ocrx_word' id='word_1_479' title='bbox 1585 953 1672 982; x_wconf 82' lang='lat' dir='ltr'><strong>forma</strong></span> <span class='ocrx_word' id='word_1_480' title='bbox 1689 959 1749 982; x_wconf 87' lang='lat' dir='ltr'><strong>erat</strong></span> <span class='ocrx_word' id='word_1_481' title='bbox 1766 958 1795 982; x_wconf 80' lang='lat' dir='ltr'><strong>et</strong></span> <span class='ocrx_word' id='word_1_482' title='bbox 1827 955 1830 959; x_wconf 43' lang='grc' dir='ltr'>λ</span> 
     </span>
    </p>
   </div>
   <div class='ocr_carea' id='block_1_64' title="bbox 1007 996 1793 1032">
    <p class='ocr_par' dir='ltr' id='par_1_64' title="bbox 1007 996 1793 1032">
     <span class='ocr_line' id='line_1_64' title="bbox 1007 996 1793 1032; baseline 0.006 -10"><span class='ocrx_word' id='word_1_483' title='bbox 1007 996 1161 1029; x_wconf 71' lang='grc' dir='ltr'>ωηιιιιιὶιίιιο</span> <span class='ocrx_word' id='word_1_484' title='bbox 1184 996 1285 1030; x_wconf 82' lang='lat' dir='ltr'><strong>Patris,</strong></span> <span class='ocrx_word' id='word_1_485' title='bbox 1312 998 1444 1031; x_wconf 89' lang='lat' dir='ltr'><strong>nondum,</strong></span> <span class='ocrx_word' id='word_1_486' title='bbox 1467 1005 1500 1025; x_wconf 81' lang='lat' dir='ltr'><strong>ex</strong></span> <span class='ocrx_word' id='word_1_487' title='bbox 1529 1005 1624 1026; x_wconf 85' lang='lat' dir='ltr'><strong>eorum</strong></span> <span class='ocrx_word' id='word_1_488' title='bbox 1643 1000 1793 1032; x_wconf 83' lang='lat' dir='ltr'><strong>sententia,</strong></span> 
     </span>
    </p>
   </div>
   <div class='ocr_carea' id='block_1_65' title="bbox 1009 1041 1792 1078">
    <p class='ocr_par' dir='ltr' id='par_1_65' title="bbox 1009 1041 1792 1078">
     <span class='ocr_line' id='line_1_65' title="bbox 1009 1041 1792 1078; baseline 0.004 -9"><span class='ocrx_word' id='word_1_489' title='bbox 1009 1041 1237 1070; x_wconf 74' lang='lat' dir='ltr'><strong>sanctificatum:</strong></span> <span class='ocrx_word' id='word_1_490' title='bbox 1274 1044 1398 1078; x_wconf 85' lang='lat' dir='ltr'><strong>sequitur</strong></span> <span class='ocrx_word' id='word_1_491' title='bbox 1435 1045 1596 1073; x_wconf 81' lang='lat' dir='ltr'><strong>necessario</strong></span> <span class='ocrx_word' id='word_1_492' title='bbox 1633 1045 1792 1078; x_wconf 86' lang='lat' dir='ltr'><strong>dicendum,</strong></span> 
     </span>
    </p>
   </div>
   <div class='ocr_carea' id='block_1_66' title="bbox 1009 1087 1792 1123">
    <p class='ocr_par' dir='ltr' id='par_1_66' title="bbox 1009 1087 1792 1123">
     <span class='ocr_line' id='line_1_66' title="bbox 1009 1087 1792 1123; baseline 0.005 -9"><span class='ocrx_word' id='word_1_493' title='bbox 1009 1087 1093 1116; x_wconf 85' lang='lat' dir='ltr'><strong>Deum</strong></span> <span class='ocrx_word' id='word_1_494' title='bbox 1110 1095 1142 1115; x_wconf 88' lang='lat' dir='ltr'><strong>ac</strong></span> <span class='ocrx_word' id='word_1_495' title='bbox 1160 1088 1268 1117; x_wconf 84' lang='lat' dir='ltr'><strong>Patrem</strong></span> <span class='ocrx_word' id='word_1_496' title='bbox 1285 1097 1340 1116; x_wconf 92' lang='lat' dir='ltr'><strong>non</strong></span> <span class='ocrx_word' id='word_1_497' title='bbox 1368 1097 1429 1117; x_wconf 86' lang='lat' dir='ltr'><strong>esse</strong></span> <span class='ocrx_word' id='word_1_498' title='bbox 1459 1094 1586 1117; x_wconf 85' lang='lat' dir='ltr'><strong>sanctum</strong></span> <span class='ocrx_word' id='word_1_499' title='bbox 1613 1091 1650 1123; x_wconf 87' lang='lat' dir='ltr'><strong>si,</strong></span> <span class='ocrx_word' id='word_1_500' title='bbox 1682 1099 1744 1118; x_wconf 89' lang='lat' dir='ltr'><strong>cum</strong></span> <span class='ocrx_word' id='word_1_501' title='bbox 1768 1091 1792 1118; x_wconf 84' lang='lat' dir='ltr'><strong>ei</strong></span> 
     </span>
    </p>
   </div>
   <div class='ocr_carea' id='block_1_67' title="bbox 1009 1134 1795 1169">
    <p class='ocr_par' dir='ltr' id='par_1_67' title="bbox 1009 1134 1795 1169">
     <span class='ocr_line' id='line_1_67' title="bbox 1009 1134 1795 1169; baseline 0.004 -8"><span class='ocrx_word' id='word_1_502' title='bbox 1009 1134 1150 1162; x_wconf 79' lang='lat' dir='ltr'><strong>conformo</strong></span> <span class='ocrx_word' id='word_1_503' title='bbox 1164 1139 1190 1162; x_wconf 85' lang='lat' dir='ltr'><strong>et.</strong></span> <span class='ocrx_word' id='word_1_504' title='bbox 1204 1136 1311 1169; x_wconf 73' lang='lat' dir='ltr'><strong>zequale</strong></span> <span class='ocrx_word' id='word_1_505' title='bbox 1324 1134 1447 1163; x_wconf 83' lang='lat' dir='ltr'><strong>Verbum</strong></span> <span class='ocrx_word' id='word_1_506' title='bbox 1469 1136 1507 1162; x_wconf 86' lang='lat' dir='ltr'><strong>sit</strong></span> <span class='ocrx_word' id='word_1_507' title='bbox 1524 1136 1551 1162; x_wconf 93' lang='lat' dir='ltr'><strong>in</strong></span> <span class='ocrx_word' id='word_1_508' title='bbox 1569 1136 1707 1168; x_wconf 89' lang='lat' dir='ltr'><strong>omnibus,</strong></span> <span class='ocrx_word' id='word_1_509' title='bbox 1731 1144 1795 1164; x_wconf 79' lang='lat' dir='ltr'><strong>san-</strong></span> 
     </span>
    </p>
   </div>
   <div class='ocr_carea' id='block_1_68' title="bbox 1009 1182 1793 1217">
    <p class='ocr_par' dir='ltr' id='par_1_68' title="bbox 1009 1182 1793 1217">
     <span class='ocr_line' id='line_1_68' title="bbox 1009 1182 1793 1217; baseline 0.004 -11"><span class='ocrx_word' id='word_1_510' title='bbox 1009 1185 1082 1207; x_wconf 76' lang='lat' dir='ltr'><strong>ctum</strong></span> <span class='ocrx_word' id='word_1_511' title='bbox 1101 1185 1192 1208; x_wconf 86' lang='lat' dir='ltr'><strong>tamen</strong></span> <span class='ocrx_word' id='word_1_512' title='bbox 1216 1188 1271 1208; x_wconf 89' lang='lat' dir='ltr'><strong>non</strong></span> <span class='ocrx_word' id='word_1_513' title='bbox 1295 1185 1355 1209; x_wconf 86' lang='lat' dir='ltr'><strong>erat</strong></span> <span class='ocrx_word' id='word_1_514' title='bbox 1381 1182 1526 1217; x_wconf 85' lang='lat' dir='ltr'><strong>principio,</strong></span> <span class='ocrx_word' id='word_1_515' title='bbox 1559 1182 1607 1210; x_wconf 86' lang='lat' dir='ltr'><strong>sed</strong></span> <span class='ocrx_word' id='word_1_516' title='bbox 1634 1183 1793 1210; x_wconf 80' lang='lat' dir='ltr'><strong>novissimis</strong></span> 
     </span>
    </p>
   </div>
   <div class='ocr_carea' id='block_1_69' title="bbox 1010 1227 1792 1260">
    <p class='ocr_par' dir='ltr' id='par_1_69' title="bbox 1010 1227 1792 1260">
     <span class='ocr_line' id='line_1_69' title="bbox 1010 1227 1792 1260; baseline 0.004 -8"><span class='ocrx_word' id='word_1_517' title='bbox 1010 1227 1181 1260; x_wconf 83' lang='lat' dir='ltr'><strong>temporibus</strong></span> <span class='ocrx_word' id='word_1_518' title='bbox 1196 1227 1241 1254; x_wconf 80' lang='lat' dir='ltr'><strong>vix</strong></span> <span class='ocrx_word' id='word_1_519' title='bbox 1267 1228 1377 1255; x_wconf 86' lang='lat' dir='ltr'><strong>tandem</strong></span> <span class='ocrx_word' id='word_1_520' title='bbox 1397 1233 1521 1255; x_wconf 82' lang='lat' dir='ltr'><strong>sanctum</strong></span> <span class='ocrx_word' id='word_1_521' title='bbox 1547 1227 1607 1255; x_wconf 79' lang='lat' dir='ltr'><strong>fuit.</strong></span> <span class='ocrx_word' id='word_1_522' title='bbox 1631 1228 1766 1256; x_wconf 72' lang='lat' dir='ltr'><strong>Praeterea</strong></span> <span class='ocrx_word' id='word_1_523' title='bbox 1785 1238 1792 1255; x_wconf 91' lang='lat'>:</span> 
     </span>
    </p>
   </div>
   <div class='ocr_carea' id='block_1_70' title="bbox 1010 1272 1790 1309">
    <p class='ocr_par' dir='ltr' id='par_1_70' title="bbox 1010 1272 1790 1309">
     <span class='ocr_line' id='line_1_70' title="bbox 1010 1272 1790 1309; baseline 0.003 -10"><span class='ocrx_word' id='word_1_524' title='bbox 1010 1272 1034 1299; x_wconf 97' lang='lat' dir='ltr'><strong>si</strong></span> <span class='ocrx_word' id='word_1_525' title='bbox 1053 1272 1139 1306; x_wconf 87' lang='lat' dir='ltr'><strong>ipsum</strong></span> <span class='ocrx_word' id='word_1_526' title='bbox 1154 1277 1196 1300; x_wconf 91' lang='lat' dir='ltr'><strong>est</strong></span> <span class='ocrx_word' id='word_1_527' title='bbox 1210 1273 1320 1308; x_wconf 86' lang='lat' dir='ltr'><strong>proprie</strong></span> <span class='ocrx_word' id='word_1_528' title='bbox 1342 1273 1389 1301; x_wconf 87' lang='lat' dir='ltr'><strong>Dei</strong></span> <span class='ocrx_word' id='word_1_529' title='bbox 1409 1273 1541 1306; x_wconf 81' lang='lat' dir='ltr'><strong>Verbum,</strong></span> <span class='ocrx_word' id='word_1_530' title='bbox 1558 1274 1633 1309; x_wconf 89' lang='lat' dir='ltr'><strong>quod</strong></span> <span class='ocrx_word' id='word_1_531' title='bbox 1656 1274 1790 1309; x_wconf 88' lang='lat' dir='ltr'><strong>Spiritum</strong></span> 
     </span>
    </p>
   </div>
   <div class='ocr_carea' id='block_1_71' title="bbox 1009 1318 1794 1353">
    <p class='ocr_par' dir='ltr' id='par_1_71' title="bbox 1009 1318 1794 1353">
     <span class='ocr_line' id='line_1_71' title="bbox 1009 1318 1794 1353; baseline 0.003 -8"><span class='ocrx_word' id='word_1_532' title='bbox 1009 1318 1109 1353; x_wconf 82' lang='lat' dir='ltr'><strong>accipit</strong></span> <span class='ocrx_word' id='word_1_533' title='bbox 1123 1322 1149 1345; x_wconf 88' lang='lat' dir='ltr'><strong>et</strong></span> <span class='ocrx_word' id='word_1_534' title='bbox 1169 1319 1196 1346; x_wconf 93' lang='lat' dir='ltr'><strong>in</strong></span> <span class='ocrx_word' id='word_1_535' title='bbox 1213 1323 1313 1346; x_wconf 88' lang='lat' dir='ltr'><strong>natura</strong></span> <span class='ocrx_word' id='word_1_536' title='bbox 1332 1326 1381 1347; x_wconf 86' lang='lat' dir='ltr'><strong>sua</strong></span> <span class='ocrx_word' id='word_1_537' title='bbox 1393 1320 1593 1352; x_wconf 83' lang='lat' dir='ltr'><strong>sanclilicatur,</strong></span> <span class='ocrx_word' id='word_1_538' title='bbox 1606 1320 1698 1347; x_wconf 86' lang='lat' dir='ltr'><strong>dicant</strong></span> <span class='ocrx_word' id='word_1_539' title='bbox 1714 1320 1794 1347; x_wconf 86' lang='lat' dir='ltr'><strong>nobis</strong></span> 
     </span>
    </p>
   </div>
   <div class='ocr_carea' id='block_1_72' title="bbox 1009 1363 1794 1400">
    <p class='ocr_par' dir='ltr' id='par_1_72' title="bbox 1009 1363 1794 1400">
     <span class='ocr_line' id='line_1_72' title="bbox 1009 1363 1794 1400; baseline 0.001 -10"><span class='ocrx_word' id='word_1_540' title='bbox 1009 1363 1169 1397; x_wconf 77' lang='lat' dir='ltr'><strong>adversarii,</strong></span> <span class='ocrx_word' id='word_1_541' title='bbox 1184 1367 1275 1391; x_wconf 91' lang='lat' dir='ltr'><strong>utrum</strong></span> <span class='ocrx_word' id='word_1_542' title='bbox 1293 1365 1400 1392; x_wconf 88' lang='lat' dir='ltr'><strong>tandem</strong></span> <span class='ocrx_word' id='word_1_543' title='bbox 1417 1365 1507 1400; x_wconf 89' lang='lat' dir='ltr'><strong>scipso</strong></span> <span class='ocrx_word' id='word_1_544' title='bbox 1527 1365 1616 1399; x_wconf 84' lang='lat' dir='ltr'><strong>majus</strong></span> <span class='ocrx_word' id='word_1_545' title='bbox 1627 1364 1740 1397; x_wconf 69' lang='lat' dir='ltr'><strong>&#39;Tactum</strong></span> <span class='ocrx_word' id='word_1_546' title='bbox 1756 1365 1794 1392; x_wconf 88' lang='lat' dir='ltr'><strong>sit</strong></span> 
     </span>
    </p>
   </div>
   <div class='ocr_carea' id='block_1_73' title="bbox 1010 1408 1796 1445">
    <p class='ocr_par' dir='ltr' id='par_1_73' title="bbox 1010 1408 1796 1445">
     <span class='ocr_line' id='line_1_73' title="bbox 1010 1408 1796 1445; baseline 0.005 -11"><span class='ocrx_word' id='word_1_547' title='bbox 1010 1411 1057 1435; x_wconf 89' lang='lat' dir='ltr'><strong>aut</strong></span> <span class='ocrx_word' id='word_1_548' title='bbox 1067 1408 1168 1441; x_wconf 90' lang='lat' dir='ltr'><strong>minus,</strong></span> <span class='ocrx_word' id='word_1_549' title='bbox 1186 1413 1232 1436; x_wconf 89' lang='lat' dir='ltr'><strong>aut</strong></span> <span class='ocrx_word' id='word_1_550' title='bbox 1245 1416 1277 1436; x_wconf 88' lang='lat' dir='ltr'><strong>eo</strong></span> <span class='ocrx_word' id='word_1_551' title='bbox 1293 1414 1406 1444; x_wconf 86' lang='lat' dir='ltr'><strong>accepto</strong></span> <span class='ocrx_word' id='word_1_552' title='bbox 1423 1409 1451 1436; x_wconf 93' lang='lat' dir='ltr'><strong>in</strong></span> <span class='ocrx_word' id='word_1_553' title='bbox 1467 1410 1563 1438; x_wconf 89' lang='lat' dir='ltr'><strong>eodem</strong></span> <span class='ocrx_word' id='word_1_554' title='bbox 1581 1414 1653 1437; x_wconf 83' lang='lat' dir='ltr'><strong>statu</strong></span> <span class='ocrx_word' id='word_1_555' title='bbox 1671 1418 1796 1445; x_wconf 83' lang='lat' dir='ltr'><strong>perman-</strong></span> 
     </span>
    </p>
   </div>
   <div class='ocr_carea' id='block_1_74' title="bbox 1011 1453 1842 1492">
    <p class='ocr_par' dir='ltr' id='par_1_74' title="bbox 1011 1453 1842 1492">
     <span class='ocr_line' id='line_1_74' title="bbox 1011 1453 1842 1492; baseline 0.002 -12"><span class='ocrx_word' id='word_1_556' title='bbox 1011 1454 1087 1481; x_wconf 87' lang='lat' dir='ltr'><strong>serit.</strong></span> <span class='ocrx_word' id='word_1_557' title='bbox 1098 1453 1165 1480; x_wconf 91' lang='lat' dir='ltr'><strong>Nam</strong></span> <span class='ocrx_word' id='word_1_558' title='bbox 1181 1454 1205 1481; x_wconf 86' lang='lat' dir='ltr'><strong>si</strong></span> <span class='ocrx_word' id='word_1_559' title='bbox 1224 1455 1342 1489; x_wconf 85' lang='lat' dir='ltr'><strong>amplius</strong></span> <span class='ocrx_word' id='word_1_560' title='bbox 1358 1455 1427 1482; x_wconf 76' lang='lat' dir='ltr'><strong>nihil</strong></span> <span class='ocrx_word' id='word_1_561' title='bbox 1446 1455 1530 1484; x_wconf 86' lang='lat' dir='ltr'><strong>habet</strong></span> <span class='ocrx_word' id='word_1_562' title='bbox 1549 1461 1660 1490; x_wconf 86' lang='lat' dir='ltr'><strong>accepto</strong></span> <span class='ocrx_word' id='word_1_563' title='bbox 1677 1455 1793 1492; x_wconf 87' lang='lat' dir='ltr'><strong>Spiritu,</strong></span> <span class='ocrx_word' id='word_1_564' title='bbox 1835 1476 1842 1482; x_wconf 56' lang='grc' dir='ltr'><em>κ</em></span> 
     </span>
    </p>
   </div>
   <div class='ocr_carea' id='block_1_75' title="bbox 1010 1500 1794 1537">
    <p class='ocr_par' dir='ltr' id='par_1_75' title="bbox 1010 1500 1794 1537">
     <span class='ocr_line' id='line_1_75' title="bbox 1010 1500 1794 1537; baseline 0.001 -10"><span class='ocrx_word' id='word_1_565' title='bbox 1010 1500 1057 1527; x_wconf 87' lang='lat' dir='ltr'><strong>sed</strong></span> <span class='ocrx_word' id='word_1_566' title='bbox 1075 1500 1197 1536; x_wconf 88' lang='lat' dir='ltr'><strong>idipsum</strong></span> <span class='ocrx_word' id='word_1_567' title='bbox 1214 1505 1305 1528; x_wconf 85' lang='lat' dir='ltr'><strong>manet</strong></span> <span class='ocrx_word' id='word_1_568' title='bbox 1326 1501 1401 1537; x_wconf 88' lang='lat' dir='ltr'><strong>quod</strong></span> <span class='ocrx_word' id='word_1_569' title='bbox 1421 1506 1491 1534; x_wconf 87' lang='lat' dir='ltr'><strong>erat,</strong></span> <span class='ocrx_word' id='word_1_570' title='bbox 1510 1502 1568 1529; x_wconf 91' lang='lat' dir='ltr'><strong>noli</strong></span> <span class='ocrx_word' id='word_1_571' title='bbox 1595 1503 1702 1529; x_wconf 85' lang='lat' dir='ltr'><strong>turbari</strong></span> <span class='ocrx_word' id='word_1_572' title='bbox 1731 1511 1794 1530; x_wconf 85' lang='lat' dir='ltr'><strong>cum</strong></span> 
     </span>
    </p>
   </div>
   <div class='ocr_carea' id='block_1_76' title="bbox 1011 1546 1795 1581">
    <p class='ocr_par' dir='ltr' id='par_1_76' title="bbox 1011 1546 1795 1581">
     <span class='ocr_line' id='line_1_76' title="bbox 1011 1546 1795 1581; baseline 0.004 -8"><span class='ocrx_word' id='word_1_573' title='bbox 1011 1546 1131 1574; x_wconf 89' lang='lat' dir='ltr'><strong>audieris</strong></span> <span class='ocrx_word' id='word_1_574' title='bbox 1151 1546 1283 1581; x_wconf 90' lang='lat' dir='ltr'><strong>Spiritum</strong></span> <span class='ocrx_word' id='word_1_575' title='bbox 1296 1547 1323 1574; x_wconf 94' lang='lat' dir='ltr'><strong>in</strong></span> <span class='ocrx_word' id='word_1_576' title='bbox 1340 1555 1403 1575; x_wconf 91' lang='lat' dir='ltr'><strong>eum</strong></span> <span class='ocrx_word' id='word_1_577' title='bbox 1419 1548 1610 1576; x_wconf 85' lang='lat' dir='ltr'><strong>descendisse.</strong></span> <span class='ocrx_word' id='word_1_578' title='bbox 1631 1548 1708 1581; x_wconf 85' lang='lat' dir='ltr'><strong>Quod</strong></span> <span class='ocrx_word' id='word_1_579' title='bbox 1723 1549 1746 1576; x_wconf 89' lang='lat' dir='ltr'><strong>si</strong></span> <span class='ocrx_word' id='word_1_580' title='bbox 1762 1557 1795 1576; x_wconf 89' lang='lat' dir='ltr'><strong>eo</strong></span> 
     </span>
    </p>
   </div>
   <div class='ocr_carea' id='block_1_77' title="bbox 1010 1593 1795 1629">
    <p class='ocr_par' dir='ltr' id='par_1_77' title="bbox 1010 1593 1795 1629">
     <span class='ocr_line' id='line_1_77' title="bbox 1010 1593 1795 1629; baseline 0.003 -9"><span class='ocrx_word' id='word_1_581' title='bbox 1010 1597 1138 1627; x_wconf 86' lang='lat' dir='ltr'><strong>suscepto</strong></span> <span class='ocrx_word' id='word_1_582' title='bbox 1164 1593 1359 1620; x_wconf 86' lang='lat' dir='ltr'><strong>detrimentum</strong></span> <span class='ocrx_word' id='word_1_583' title='bbox 1388 1594 1500 1629; x_wconf 83' lang='lat' dir='ltr'><strong>aliquod</strong></span> <span class='ocrx_word' id='word_1_584' title='bbox 1525 1598 1552 1621; x_wconf 87' lang='lat' dir='ltr'><strong>et</strong></span> <span class='ocrx_word' id='word_1_585' title='bbox 1575 1595 1795 1623; x_wconf 83' lang='lat' dir='ltr'><strong>imminutionem</strong></span> 
     </span>
    </p>
   </div>
   <div class='ocr_carea' id='block_1_78' title="bbox 1011 1638 1796 1674">
    <p class='ocr_par' dir='ltr' id='par_1_78' title="bbox 1011 1638 1796 1674">
     <span class='ocr_line' id='line_1_78' title="bbox 1011 1638 1796 1674; baseline 0.004 -9"><span class='ocrx_word' id='word_1_586' title='bbox 1011 1638 1152 1670; x_wconf 84' lang='lat' dir='ltr'><strong>sustinuit,</strong></span> <span class='ocrx_word' id='word_1_587' title='bbox 1169 1639 1281 1674; x_wconf 86' lang='lat' dir='ltr'><strong>patibile</strong></span> <span class='ocrx_word' id='word_1_588' title='bbox 1297 1639 1376 1666; x_wconf 87' lang='lat' dir='ltr'><strong>nobis</strong></span> <span class='ocrx_word' id='word_1_589' title='bbox 1398 1639 1516 1667; x_wconf 85' lang='lat' dir='ltr'><strong>Verbum</strong></span> <span class='ocrx_word' id='word_1_590' title='bbox 1531 1643 1647 1673; x_wconf 84' lang='lat' dir='ltr'><strong>statues,</strong></span> <span class='ocrx_word' id='word_1_591' title='bbox 1666 1644 1693 1667; x_wconf 90' lang='lat' dir='ltr'><strong>et</strong></span> <span class='ocrx_word' id='word_1_592' title='bbox 1706 1640 1796 1668; x_wconf 87' lang='lat' dir='ltr'><strong>Patris</strong></span> 
     </span>
    </p>
   </div>
   <div class='ocr_carea' id='block_1_79' title="bbox 1010 1684 1796 1721">
    <p class='ocr_par' dir='ltr' id='par_1_79' title="bbox 1010 1684 1796 1721">
     <span class='ocr_line' id='line_1_79' title="bbox 1010 1684 1796 1721; baseline 0.001 -9"><span class='ocrx_word' id='word_1_593' title='bbox 1010 1684 1191 1712; x_wconf 80' lang='lat' dir='ltr'><strong>substantiam</strong></span> <span class='ocrx_word' id='word_1_594' title='bbox 1206 1685 1357 1719; x_wconf 84' lang='lat' dir='ltr'><strong>incusabis,</strong></span> <span class='ocrx_word' id='word_1_595' title='bbox 1376 1685 1423 1721; x_wconf 88' lang='lat' dir='ltr'><strong>qui</strong></span> <span class='ocrx_word' id='word_1_596' title='bbox 1450 1685 1580 1713; x_wconf 89' lang='lat' dir='ltr'><strong>damnum</strong></span> <span class='ocrx_word' id='word_1_597' title='bbox 1609 1686 1692 1713; x_wconf 78' lang='lat' dir='ltr'><strong>infert</strong></span> <span class='ocrx_word' id='word_1_598' title='bbox 1705 1686 1796 1721; x_wconf 84' lang='lat' dir='ltr'><strong>potius</strong></span> 
     </span>
    </p>
   </div>
   <div class='ocr_carea' id='block_1_80' title="bbox 1010 1730 1797 1767">
    <p class='ocr_par' dir='ltr' id='par_1_80' title="bbox 1010 1730 1797 1767">
     <span class='ocr_line' id='line_1_80' title="bbox 1010 1730 1797 1767; baseline 0.003 -10"><span class='ocrx_word' id='word_1_599' title='bbox 1010 1738 1091 1765; x_wconf 88' lang='lat' dir='ltr'><strong>quam</strong></span> <span class='ocrx_word' id='word_1_600' title='bbox 1108 1730 1272 1759; x_wconf 82' lang='lat' dir='ltr'><strong>sanctiﬁcat.</strong></span> <span class='ocrx_word' id='word_1_601' title='bbox 1287 1731 1336 1758; x_wconf 84' lang='lat' dir='ltr'><strong>Sin</strong></span> <span class='ocrx_word' id='word_1_602' title='bbox 1352 1735 1442 1758; x_wconf 86' lang='lat' dir='ltr'><strong>autem</strong></span> <span class='ocrx_word' id='word_1_603' title='bbox 1455 1735 1567 1767; x_wconf 86' lang='lat' dir='ltr'><strong>accepto</strong></span> <span class='ocrx_word' id='word_1_604' title='bbox 1581 1731 1684 1767; x_wconf 88' lang='lat' dir='ltr'><strong>Spiritu</strong></span> <span class='ocrx_word' id='word_1_605' title='bbox 1701 1733 1797 1760; x_wconf 85' lang='lat' dir='ltr'><strong>melior</strong></span> 
     </span>
    </p>
   </div>
   <div class='ocr_carea' id='block_1_81' title="bbox 1010 1775 1798 1811">
    <p class='ocr_par' dir='ltr' id='par_1_81' title="bbox 1010 1775 1798 1811">
     <span class='ocr_line' id='line_1_81' title="bbox 1010 1775 1798 1811; baseline 0.001 -9"><span class='ocrx_word' id='word_1_606' title='bbox 1010 1775 1125 1802; x_wconf 80' lang='lat' dir='ltr'><strong>ciTectus</strong></span> <span class='ocrx_word' id='word_1_607' title='bbox 1152 1780 1213 1802; x_wconf 85' lang='lat' dir='ltr'><strong>est:</strong></span> <span class='ocrx_word' id='word_1_608' title='bbox 1233 1780 1292 1802; x_wconf 84' lang='lat' dir='ltr'><strong>erat</strong></span> <span class='ocrx_word' id='word_1_609' title='bbox 1309 1779 1399 1803; x_wconf 85' lang='lat' dir='ltr'><strong>autem</strong></span> <span class='ocrx_word' id='word_1_610' title='bbox 1429 1775 1455 1803; x_wconf 90' lang='lat' dir='ltr'><strong>in</strong></span> <span class='ocrx_word' id='word_1_611' title='bbox 1486 1775 1574 1803; x_wconf 82' lang='lat' dir='ltr'><strong>forma</strong></span> <span class='ocrx_word' id='word_1_612' title='bbox 1587 1780 1614 1803; x_wconf 90' lang='lat' dir='ltr'><strong>et</strong></span> <span class='ocrx_word' id='word_1_613' title='bbox 1642 1777 1798 1811; x_wconf 72' lang='lat' dir='ltr'><strong>aequalitate</strong></span> 
     </span>
    </p>
   </div>
   <div class='ocr_carea' id='block_1_82' title="bbox 1010 1814 1795 1856">
    <p class='ocr_par' dir='ltr' id='par_1_82' title="bbox 1010 1814 1795 1856">
     <span class='ocr_line' id='line_1_82' title="bbox 1010 1814 1795 1856; baseline 0.004 -10"><span class='ocrx_word' id='word_1_614' title='bbox 1010 1819 1110 1853; x_wconf 83' lang='lat' dir='ltr'><strong>Patris,</strong></span> <span class='ocrx_word' id='word_1_615' title='bbox 1128 1820 1209 1848; x_wconf 89' lang='lat' dir='ltr'><strong>etiam</strong></span> <span class='ocrx_word' id='word_1_616' title='bbox 1226 1825 1372 1855; x_wconf 86' lang='lat' dir='ltr'><strong>antequam</strong></span> <span class='ocrx_word' id='word_1_617' title='bbox 1387 1821 1487 1848; x_wconf 89' lang='lat' dir='ltr'><strong>melior</strong></span> <span class='ocrx_word' id='word_1_618' title='bbox 1501 1814 1669 1856; x_wconf 72' lang='lat' dir='ltr'><strong>redderetur,</strong></span> <span class='ocrx_word' id='word_1_619' title='bbox 1690 1826 1719 1849; x_wconf 88' lang='lat' dir='ltr'><strong>ut</strong></span> <span class='ocrx_word' id='word_1_620' title='bbox 1737 1830 1795 1850; x_wconf 85' lang='lat' dir='ltr'><strong>sen-</strong></span> 
     </span>
    </p>
   </div>
   <div class='ocr_carea' id='block_1_83' title="bbox 1011 1866 1798 1903">
    <p class='ocr_par' dir='ltr' id='par_1_83' title="bbox 1011 1866 1798 1903">
     <span class='ocr_line' id='line_1_83' title="bbox 1011 1866 1798 1903; baseline 0.005 -11"><span class='ocrx_word' id='word_1_621' title='bbox 1011 1866 1068 1894; x_wconf 88' lang='lat' dir='ltr'><strong>titis</strong></span> <span class='ocrx_word' id='word_1_622' title='bbox 1082 1875 1090 1899; x_wconf 86' lang='lat'><strong>;</strong></span> <span class='ocrx_word' id='word_1_623' title='bbox 1106 1866 1188 1893; x_wconf 82' lang='lat' dir='ltr'><strong>Pater</strong></span> <span class='ocrx_word' id='word_1_624' title='bbox 1199 1866 1338 1901; x_wconf 80' lang='lat' dir='ltr'><strong>fastigium</strong></span> <span class='ocrx_word' id='word_1_625' title='bbox 1352 1867 1446 1902; x_wconf 73' lang='lat' dir='ltr'><strong>gloria:</strong></span> <span class='ocrx_word' id='word_1_626' title='bbox 1464 1875 1518 1894; x_wconf 93' lang='lat' dir='ltr'><strong>non</strong></span> <span class='ocrx_word' id='word_1_627' title='bbox 1534 1868 1633 1903; x_wconf 76' lang='lat' dir='ltr'><strong>attigit,</strong></span> <span class='ocrx_word' id='word_1_628' title='bbox 1650 1868 1698 1895; x_wconf 92' lang='lat' dir='ltr'><strong>sed</strong></span> <span class='ocrx_word' id='word_1_629' title='bbox 1711 1869 1736 1895; x_wconf 91' lang='lat' dir='ltr'><strong>in</strong></span> <span class='ocrx_word' id='word_1_630' title='bbox 1753 1877 1798 1896; x_wconf 79' lang='lat' dir='ltr'><strong>eo-</strong></span> 
     </span>
    </p>
   </div>
   <div class='ocr_carea' id='block_1_84' title="bbox 1011 1912 1798 1947">
    <p class='ocr_par' dir='ltr' id='par_1_84' title="bbox 1011 1912 1798 1947">
     <span class='ocr_line' id='line_1_84' title="bbox 1011 1912 1798 1947; baseline 0.004 -9"><span class='ocrx_word' id='word_1_631' title='bbox 1011 1912 1072 1939; x_wconf 90' lang='lat' dir='ltr'><strong>dem</strong></span> <span class='ocrx_word' id='word_1_632' title='bbox 1088 1912 1141 1939; x_wconf 91' lang='lat' dir='ltr'><strong>erit</strong></span> <span class='ocrx_word' id='word_1_633' title='bbox 1159 1915 1233 1939; x_wconf 85' lang='lat' dir='ltr'><strong>statu</strong></span> <span class='ocrx_word' id='word_1_634' title='bbox 1248 1912 1275 1939; x_wconf 94' lang='lat' dir='ltr'><strong>in</strong></span> <span class='ocrx_word' id='word_1_635' title='bbox 1290 1919 1345 1946; x_wconf 88' lang='lat' dir='ltr'><strong>quo</strong></span> <span class='ocrx_word' id='word_1_636' title='bbox 1365 1916 1424 1939; x_wconf 91' lang='lat' dir='ltr'><strong>erat</strong></span> <span class='ocrx_word' id='word_1_637' title='bbox 1439 1919 1500 1939; x_wconf 88' lang='lat' dir='ltr'><strong>eum</strong></span> <span class='ocrx_word' id='word_1_638' title='bbox 1521 1913 1580 1947; x_wconf 90' lang='lat' dir='ltr'><strong>ipso</strong></span> <span class='ocrx_word' id='word_1_639' title='bbox 1605 1914 1757 1942; x_wconf 78' lang='lat' dir='ltr'><strong>conformis</strong></span> <span class='ocrx_word' id='word_1_640' title='bbox 1772 1921 1798 1942; x_wconf 79' lang='lat' dir='ltr'><strong>rt</strong></span> 
     </span>
    </p>
   </div>
   <div class='ocr_carea' id='block_1_85' title="bbox 1011 1956 1798 1992">
    <p class='ocr_par' dir='ltr' id='par_1_85' title="bbox 1011 1956 1798 1992">
     <span class='ocr_line' id='line_1_85' title="bbox 1011 1956 1798 1992; baseline 0.006 -9"><span class='ocrx_word' id='word_1_641' title='bbox 1011 1957 1125 1992; x_wconf 81' lang='lat' dir='ltr'><strong>aequalis</strong></span> <span class='ocrx_word' id='word_1_642' title='bbox 1137 1956 1181 1984; x_wconf 90' lang='lat' dir='ltr'><strong>ille</strong></span> <span class='ocrx_word' id='word_1_643' title='bbox 1193 1956 1289 1989; x_wconf 88' lang='lat' dir='ltr'><strong>Filius,</strong></span> <span class='ocrx_word' id='word_1_644' title='bbox 1304 1957 1350 1992; x_wconf 85' lang='lat' dir='ltr'><strong>qui</strong></span> <span class='ocrx_word' id='word_1_645' title='bbox 1369 1957 1402 1984; x_wconf 88' lang='lat' dir='ltr'><strong>ad</strong></span> <span class='ocrx_word' id='word_1_646' title='bbox 1417 1957 1625 1986; x_wconf 89' lang='lat' dir='ltr'><strong>eminentiorem</strong></span> <span class='ocrx_word' id='word_1_647' title='bbox 1641 1963 1742 1987; x_wconf 87' lang='lat' dir='ltr'><strong>statum</strong></span> <span class='ocrx_word' id='word_1_648' title='bbox 1756 1965 1798 1988; x_wconf 82' lang='lat' dir='ltr'><strong>est</strong></span> 
     </span>
    </p>
   </div>
   <div class='ocr_carea' id='block_1_86' title="bbox 1012 2008 1132 2030">
    <p class='ocr_par' dir='ltr' id='par_1_86' title="bbox 1012 2008 1132 2030">
     <span class='ocr_line' id='line_1_86' title="bbox 1012 2008 1132 2030; baseline 0 0"><span class='ocrx_word' id='word_1_649' title='bbox 1012 2008 1132 2030; x_wconf 75' lang='grc' dir='ltr'>ονοοιυε.</span> 
     </span>
    </p>
   </div>
   <div class='ocr_carea' id='block_1_87' title="bbox 1047 2048 1798 2089">
    <p class='ocr_par' dir='ltr' id='par_1_87' title="bbox 1047 2048 1798 2089">
     <span class='ocr_line' id='line_1_87' title="bbox 1047 2048 1798 2089; baseline 0.003 -13"><span class='ocrx_word' id='word_1_650' title='bbox 1047 2048 1206 2084; x_wconf 86' lang='lat' dir='ltr'><strong>Opportune</strong></span> <span class='ocrx_word' id='word_1_651' title='bbox 1232 2049 1325 2084; x_wconf 87' lang='lat' dir='ltr'><strong>itaque</strong></span> <span class='ocrx_word' id='word_1_652' title='bbox 1353 2049 1388 2076; x_wconf 92' lang='lat' dir='ltr'><strong>de</strong></span> <span class='ocrx_word' id='word_1_653' title='bbox 1415 2049 1552 2089; x_wconf 82' lang='lat' dir='ltr'><strong>imperitis</strong></span> <span class='ocrx_word' id='word_1_654' title='bbox 1578 2051 1714 2079; x_wconf 71' lang='lat' dir='ltr'><strong>lnereticis</strong></span> <span class='ocrx_word' id='word_1_655' title='bbox 1744 2052 1798 2080; x_wconf 90' lang='lat' dir='ltr'><strong>dici</strong></span> 
     </span>
    </p>
   </div>
   <div class='ocr_carea' id='block_1_88' title="bbox 1013 2095 1798 2133">
    <p class='ocr_par' dir='ltr' id='par_1_88' title="bbox 1013 2095 1798 2133">
     <span class='ocr_line' id='line_1_88' title="bbox 1013 2095 1798 2133; baseline 0.004 -10"><span class='ocrx_word' id='word_1_656' title='bbox 1013 2099 1118 2131; x_wconf 86' lang='lat' dir='ltr'><strong>potest:</strong></span> <span class='ocrx_word' id='word_1_657' title='bbox 1140 2105 1149 2121; x_wconf 82' lang='grc' dir='ltr'><strong>ι</strong></span> <span class='ocrx_word' id='word_1_658' title='bbox 1167 2095 1237 2123; x_wconf 88' lang='lat' dir='ltr'><strong>Ecce</strong></span> <span class='ocrx_word' id='word_1_659' title='bbox 1248 2096 1366 2130; x_wconf 89' lang='lat' dir='ltr'><strong>populus</strong></span> <span class='ocrx_word' id='word_1_660' title='bbox 1378 2096 1479 2124; x_wconf 80' lang='lat' dir='ltr'><strong>stultus</strong></span> <span class='ocrx_word' id='word_1_661' title='bbox 1493 2100 1520 2124; x_wconf 88' lang='lat' dir='ltr'><strong>et</strong></span> <span class='ocrx_word' id='word_1_662' title='bbox 1531 2096 1590 2124; x_wconf 88' lang='lat' dir='ltr'><strong>sine</strong></span> <span class='ocrx_word' id='word_1_663' title='bbox 1604 2098 1687 2133; x_wconf 83' lang='lat' dir='ltr'><strong>corde</strong></span> <span class='ocrx_word' id='word_1_664' title='bbox 1701 2107 1708 2125; x_wconf 89' lang='lat'><strong><em>:</em></strong></span> <span class='ocrx_word' id='word_1_665' title='bbox 1725 2098 1798 2126; x_wconf 90' lang='lat' dir='ltr'><strong>oculi</strong></span> 
     </span>
    </p>
   </div>
   <div class='ocr_carea' id='block_1_89' title="bbox 1012 2141 1798 2176">
    <p class='ocr_par' dir='ltr' id='par_1_89' title="bbox 1012 2141 1798 2176">
     <span class='ocr_line' id='line_1_89' title="bbox 1012 2141 1798 2176; baseline 0.003 -7"><span class='ocrx_word' id='word_1_666' title='bbox 1012 2143 1063 2176; x_wconf 86' lang='lat' dir='ltr'><strong>eis,</strong></span> <span class='ocrx_word' id='word_1_667' title='bbox 1081 2145 1107 2169; x_wconf 90' lang='lat' dir='ltr'><strong>et</strong></span> <span class='ocrx_word' id='word_1_668' title='bbox 1136 2149 1190 2168; x_wconf 92' lang='lat' dir='ltr'><strong>non</strong></span> <span class='ocrx_word' id='word_1_669' title='bbox 1221 2141 1316 2170; x_wconf 75' lang='lat' dir='ltr'><strong>vident</strong></span> <span class='ocrx_word' id='word_1_670' title='bbox 1327 2142 1362 2168; x_wconf 81' lang='lat'><strong>&quot;.</strong></span> <span class='ocrx_word' id='word_1_671' title='bbox 1384 2151 1393 2167; x_wconf 80' lang='grc' dir='ltr'><strong>ι</strong></span> <span class='ocrx_word' id='word_1_672' title='bbox 1427 2141 1582 2169; x_wconf 70' lang='lat' dir='ltr'><strong>Excmcarit</strong></span> <span class='ocrx_word' id='word_1_673' title='bbox 1599 2143 1671 2170; x_wconf 91' lang='lat' dir='ltr'><strong>enim</strong></span> <span class='ocrx_word' id='word_1_674' title='bbox 1701 2151 1798 2171; x_wconf 86' lang='lat' dir='ltr'><strong>revera</strong></span> 
     </span>
    </p>
   </div>
   <div class='ocr_carea' id='block_1_90' title="bbox 1013 2187 1798 2222">
    <p class='ocr_par' dir='ltr' id='par_1_90' title="bbox 1013 2187 1798 2222">
     <span class='ocr_line' id='line_1_90' title="bbox 1013 2187 1798 2222; baseline 0.003 -8"><span class='ocrx_word' id='word_1_675' title='bbox 1013 2187 1085 2215; x_wconf 85' lang='lat' dir='ltr'><strong>Deus</strong></span> <span class='ocrx_word' id='word_1_676' title='bbox 1100 2187 1194 2215; x_wconf 61' lang='lat' dir='ltr'><strong>szuculi</strong></span> <span class='ocrx_word' id='word_1_677' title='bbox 1211 2187 1295 2222; x_wconf 87' lang='lat' dir='ltr'><strong>hujus</strong></span> <span class='ocrx_word' id='word_1_678' title='bbox 1308 2187 1392 2215; x_wconf 91' lang='lat' dir='ltr'><strong>corda</strong></span> <span class='ocrx_word' id='word_1_679' title='bbox 1406 2187 1568 2221; x_wconf 83' lang='lat' dir='ltr'><strong>inﬁdelium,</strong></span> <span class='ocrx_word' id='word_1_680' title='bbox 1586 2196 1619 2216; x_wconf 90' lang='lat' dir='ltr'><strong>ne</strong></span> <span class='ocrx_word' id='word_1_681' title='bbox 1632 2189 1798 2217; x_wconf 90' lang='lat' dir='ltr'><strong>illuminatio</strong></span> 
     </span>
    </p>
   </div>
   <div class='ocr_carea' id='block_1_91' title="bbox 175 2229 958 2268">
    <p class='ocr_par' dir='ltr' id='par_1_91' title="bbox 175 2229 957 2267">
     <span class='ocr_line' id='line_1_91' title="bbox 175 2229 957 2267; baseline -0.004 -8"><span class='ocrx_word' id='word_1_682' title='bbox 175 2233 314 2265; x_wconf 83' lang='grc' dir='ltr'>ἀπίστων,</span> <span class='ocrx_word' id='word_1_683' title='bbox 340 2234 380 2264; x_wconf 82' lang='grc' dir='ltr'><strong>είς</strong></span> <span class='ocrx_word' id='word_1_684' title='bbox 403 2232 434 2259; x_wconf 79' lang='grc' dir='ltr'>τὸ</span> <span class='ocrx_word' id='word_1_685' title='bbox 464 2232 502 2267; x_wconf 87' lang='grc' dir='ltr'>μὴ</span> <span class='ocrx_word' id='word_1_686' title='bbox 535 2231 653 2265; x_wconf 76' lang='grc' dir='ltr'>αὐγάσαι</span> <span class='ocrx_word' id='word_1_687' title='bbox 676 2231 721 2257; x_wconf 80' lang='grc' dir='ltr'>τὸν</span> <span class='ocrx_word' id='word_1_688' title='bbox 746 2230 884 2265; x_wconf 61' lang='grc' dir='ltr'>ςξωτισμὺν</span> <span class='ocrx_word' id='word_1_689' title='bbox 912 2229 957 2256; x_wconf 84' lang='grc' dir='ltr'><strong>τοῦ</strong></span> 
     </span>
    </p>
   </div>
   <div class='ocr_carea' id='block_1_92' title="bbox 1009 2229 1799 2268">
    <p class='ocr_par' dir='ltr' id='par_1_92' title="bbox 1011 2231 1799 2268">
     <span class='ocr_line' id='line_1_92' title="bbox 1011 2231 1799 2268; baseline 0.003 -9"><span class='ocrx_word' id='word_1_690' title='bbox 1011 2233 1149 2267; x_wconf 81' lang='lat' dir='ltr'><strong>Evangelii</strong></span> <span class='ocrx_word' id='word_1_691' title='bbox 1162 2233 1255 2268; x_wconf 76' lang='lat' dir='ltr'><strong>gloriae</strong></span> <span class='ocrx_word' id='word_1_692' title='bbox 1272 2231 1376 2260; x_wconf 87' lang='lat' dir='ltr'><strong>Christi</strong></span> <span class='ocrx_word' id='word_1_693' title='bbox 1390 2233 1430 2260; x_wconf 91' lang='lat' dir='ltr'><strong>eis</strong></span> <span class='ocrx_word' id='word_1_694' title='bbox 1444 2233 1554 2261; x_wconf 88' lang='lat' dir='ltr'><strong>illuceat</strong></span> <span class='ocrx_word' id='word_1_695' title='bbox 1564 2233 1596 2260; x_wconf 71' lang='lat'><strong>’°.</strong></span> <span class='ocrx_word' id='word_1_696' title='bbox 1611 2233 1716 2265; x_wconf 82' lang='lat' dir='ltr'><strong>Quibus</strong></span> <span class='ocrx_word' id='word_1_697' title='bbox 1725 2240 1799 2262; x_wconf 85' lang='lat' dir='ltr'><strong>certe</strong></span> 
     </span>
    </p>
   </div>
   <div class='ocr_carea' id='block_1_93' title="bbox 175 2275 960 2313">
    <p class='ocr_par' dir='ltr' id='par_1_93' title="bbox 175 2275 960 2313">
     <span class='ocr_line' id='line_1_93' title="bbox 175 2275 960 2313; baseline -0.005 -8"><span class='ocrx_word' id='word_1_698' title='bbox 175 2278 341 2312; x_wconf 74' lang='grc' dir='ltr'>Εὑαγγελίοιι</span> <span class='ocrx_word' id='word_1_699' title='bbox 358 2279 408 2313; x_wconf 86' lang='grc' dir='ltr'>τῆς</span> <span class='ocrx_word' id='word_1_700' title='bbox 422 2277 500 2312; x_wconf 75' lang='grc' dir='ltr'>δόξης</span> <span class='ocrx_word' id='word_1_701' title='bbox 516 2276 561 2303; x_wconf 80' lang='grc' dir='ltr'><strong>τοῦ</strong></span> <span class='ocrx_word' id='word_1_702' title='bbox 574 2276 692 2311; x_wconf 81' lang='grc' dir='ltr'>Χριστοῦ</span> <span class='ocrx_word' id='word_1_703' title='bbox 705 2284 711 2291; x_wconf 88' lang='grc'><strong>·</strong></span> <span class='ocrx_word' id='word_1_704' title='bbox 729 2275 770 2307; x_wconf 64' lang='grc' dir='ltr'>οἷς</span> <span class='ocrx_word' id='word_1_705' title='bbox 786 2276 817 2311; x_wconf 80' lang='grc' dir='ltr'>δὴ</span> <span class='ocrx_word' id='word_1_706' title='bbox 830 2276 877 2302; x_wconf 79' lang='grc' dir='ltr'>καὶ</span> <span class='ocrx_word' id='word_1_707' title='bbox 893 2276 960 2310; x_wconf 83' lang='grc' dir='ltr'>μᾶλ-</span> 
     </span>
    </p>
   </div>
   <div class='ocr_carea' id='block_1_94' title="bbox 175 2321 959 2358">
    <p class='ocr_par' dir='ltr' id='par_1_94' title="bbox 175 2321 959 2358">
     <span class='ocr_line' id='line_1_94' title="bbox 175 2321 959 2358; baseline -0.004 -7"><span class='ocrx_word' id='word_1_708' title='bbox 175 2324 220 2351; x_wconf 88' lang='grc' dir='ltr'><strong>λον</strong></span> <span class='ocrx_word' id='word_1_709' title='bbox 235 2323 432 2358; x_wconf 80' lang='grc' dir='ltr'>ὲπαλγύνεσθαι</span> <span class='ocrx_word' id='word_1_710' title='bbox 444 2323 510 2354; x_wconf 82' lang='grc' dir='ltr'>δεῖν,</span> <span class='ocrx_word' id='word_1_711' title='bbox 527 2323 556 2348; x_wconf 75' lang='grc' dir='ltr'>οὐ</span> <span class='ocrx_word' id='word_1_712' title='bbox 570 2322 742 2357; x_wconf 75' lang='grc' dir='ltr'>χαλεπαίνειν</span> <span class='ocrx_word' id='word_1_713' title='bbox 756 2321 839 2354; x_wconf 78' lang='grc' dir='ltr'>ἄξιον.</span> <span class='ocrx_word' id='word_1_714' title='bbox 857 2322 893 2348; x_wconf 88' lang='grc' dir='ltr'><strong>Οὺ</strong></span> <span class='ocrx_word' id='word_1_715' title='bbox 905 2322 959 2356; x_wconf 81' lang='grc' dir='ltr'><strong>γὰρ</strong></span> 
     </span>
    </p>
   </div>
   <div class='ocr_carea' id='block_1_95' title="bbox 176 2369 958 2405">
    <p class='ocr_par' dir='ltr' id='par_1_95' title="bbox 176 2369 958 2405">
     <span class='ocr_line' id='line_1_95' title="bbox 176 2369 958 2405; baseline -0.004 -7"><span class='ocrx_word' id='word_1_716' title='bbox 176 2372 274 2402; x_wconf 74' lang='grc' dir='ltr'>ἴσασιν,</span> <span class='ocrx_word' id='word_1_717' title='bbox 292 2371 310 2398; x_wconf 82' lang='grc' dir='ltr'><strong>ἆ</strong></span> <span class='ocrx_word' id='word_1_718' title='bbox 329 2370 561 2405; x_wconf 79' lang='grc' dir='ltr'>ἀναγινώσκουσιν</span> <span class='ocrx_word' id='word_1_719' title='bbox 573 2378 579 2385; x_wconf 90' lang='grc'><strong>·</strong></span> <span class='ocrx_word' id='word_1_720' title='bbox 610 2371 650 2396; x_wconf 81' lang='grc' dir='ltr'>ὅτι</span> <span class='ocrx_word' id='word_1_721' title='bbox 670 2370 698 2396; x_wconf 82' lang='grc' dir='ltr'>δὲ</span> <span class='ocrx_word' id='word_1_722' title='bbox 720 2369 822 2405; x_wconf 80' lang='grc' dir='ltr'>ἀληθὴς</span> <span class='ocrx_word' id='word_1_723' title='bbox 841 2371 854 2395; x_wconf 89' lang='grc' dir='ltr'>ὁ</span> <span class='ocrx_word' id='word_1_724' title='bbox 870 2369 958 2404; x_wconf 82' lang='grc' dir='ltr'>λόγος,</span> 
     </span>
    </p>
   </div>
   <div class='ocr_carea' id='block_1_96' title="bbox 175 2408 960 2453">
    <p class='ocr_par' dir='ltr' id='par_1_96' title="bbox 175 2416 960 2453">
     <span class='ocr_line' id='line_1_96' title="bbox 175 2416 960 2453; baseline -0.003 -9"><span class='ocrx_word' id='word_1_725' title='bbox 175 2418 301 2445; x_wconf 75' lang='grc' dir='ltr'>ἐντεῦθεν</span> <span class='ocrx_word' id='word_1_726' title='bbox 317 2419 383 2453; x_wconf 73' lang='grc' dir='ltr'>ἡμῖν</span> <span class='ocrx_word' id='word_1_727' title='bbox 402 2418 478 2444; x_wconf 76' lang='grc' dir='ltr'>ἔσται</span> <span class='ocrx_word' id='word_1_728' title='bbox 492 2416 654 2451; x_wconf 81' lang='grc' dir='ltr'>καταφανὲς.</span> <span class='ocrx_word' id='word_1_729' title='bbox 673 2417 697 2442; x_wconf 86' lang='grc' dir='ltr'>εἰ</span> <span class='ocrx_word' id='word_1_730' title='bbox 719 2417 766 2443; x_wconf 80' lang='grc' dir='ltr'>καὶ</span> <span class='ocrx_word' id='word_1_731' title='bbox 786 2417 826 2443; x_wconf 81' lang='grc' dir='ltr'>ὅτι</span> <span class='ocrx_word' id='word_1_732' title='bbox 843 2416 960 2451; x_wconf 77' lang='grc' dir='ltr'>μάλιστα</span> 
     </span>
    </p>
   </div>
   <div class='ocr_carea' id='block_1_97' title="bbox 175 2462 959 2499">
    <p class='ocr_par' dir='ltr' id='par_1_97' title="bbox 175 2462 959 2499">
     <span class='ocr_line' id='line_1_97' title="bbox 175 2462 959 2499; baseline -0.004 -8"><span class='ocrx_word' id='word_1_733' title='bbox 175 2465 218 2491; x_wconf 77' lang='grc' dir='ltr'>διὰ</span> <span class='ocrx_word' id='word_1_734' title='bbox 247 2465 303 2490; x_wconf 85' lang='grc' dir='ltr'>τῶν</span> <span class='ocrx_word' id='word_1_735' title='bbox 335 2464 386 2499; x_wconf 72' lang='grc' dir='ltr'><strong>ἤδη</strong></span> <span class='ocrx_word' id='word_1_736' title='bbox 417 2462 720 2499; x_wconf 78' lang='grc' dir='ltr'>προγεγυμνασμὲνων,</span> <span class='ocrx_word' id='word_1_737' title='bbox 758 2462 808 2488; x_wconf 72' lang='grc' dir='ltr'>οὐκ</span> <span class='ocrx_word' id='word_1_738' title='bbox 837 2462 959 2496; x_wconf 73' lang='grc' dir='ltr'>ἄκομψον</span> 
     </span>
    </p>
   </div>
   <div class='ocr_carea' id='block_1_98' title="bbox 176 2506 961 2543">
    <p class='ocr_par' dir='ltr' id='par_1_98' title="bbox 176 2506 961 2543">
     <span class='ocr_line' id='line_1_98' title="bbox 176 2506 961 2543; baseline -0.004 -8"><span class='ocrx_word' id='word_1_739' title='bbox 176 2508 364 2543; x_wconf 74' lang='grc' dir='ltr'>ἐποιησάμεθα</span> <span class='ocrx_word' id='word_1_740' title='bbox 377 2508 425 2543; x_wconf 79' lang='grc' dir='ltr'>τὴν</span> <span class='ocrx_word' id='word_1_741' title='bbox 445 2508 580 2541; x_wconf 77' lang='grc' dir='ltr'>ἀπόδειξιν</span> <span class='ocrx_word' id='word_1_742' title='bbox 593 2516 599 2521; x_wconf 89' lang='grc'>·</span> <span class='ocrx_word' id='word_1_743' title='bbox 628 2507 693 2533; x_wconf 80' lang='grc' dir='ltr'>αὐτὸ</span> <span class='ocrx_word' id='word_1_744' title='bbox 710 2507 738 2533; x_wconf 81' lang='grc' dir='ltr'>δὲ</span> <span class='ocrx_word' id='word_1_745' title='bbox 751 2506 832 2533; x_wconf 76' lang='grc' dir='ltr'>πάλιν</span> <span class='ocrx_word' id='word_1_746' title='bbox 847 2507 912 2542; x_wconf 77' lang='grc' dir='ltr'>ἡμῖν</span> <span class='ocrx_word' id='word_1_747' title='bbox 930 2506 961 2532; x_wconf 74' lang='grc' dir='ltr'><strong>τὸ</strong></span> 
     </span>
    </p>
   </div>
   <div class='ocr_carea' id='block_1_99' title="bbox 175 2552 958 2589">
    <p class='ocr_par' dir='ltr' id='par_1_99' title="bbox 175 2552 958 2589">
     <span class='ocr_line' id='line_1_99' title="bbox 175 2552 958 2589; baseline -0.004 -8"><span class='ocrx_word' id='word_1_748' title='bbox 175 2555 218 2581; x_wconf 78' lang='grc' dir='ltr'><strong>διὰ</strong></span> <span class='ocrx_word' id='word_1_749' title='bbox 233 2555 283 2589; x_wconf 76' lang='grc' dir='ltr'>τῆς</span> <span class='ocrx_word' id='word_1_750' title='bbox 297 2554 343 2580; x_wconf 85' lang='grc' dir='ltr'><strong>τοῦ</strong></span> <span class='ocrx_word' id='word_1_751' title='bbox 365 2554 472 2580; x_wconf 79' lang='grc' dir='ltr'>Παύλου</span> <span class='ocrx_word' id='word_1_752' title='bbox 486 2553 644 2588; x_wconf 79' lang='grc' dir='ltr'>λελεγμένον</span> <span class='ocrx_word' id='word_1_753' title='bbox 662 2552 753 2586; x_wconf 78' lang='grc' dir='ltr'>φωνῆς</span> <span class='ocrx_word' id='word_1_754' title='bbox 769 2553 958 2587; x_wconf 67' lang='grc' dir='ltr'>προστήσεται.</span> 
     </span>
    </p>
   </div>
   <div class='ocr_carea' id='block_1_100' title="bbox 180 2597 960 2634">
    <p class='ocr_par' dir='ltr' id='par_1_100' title="bbox 180 2597 960 2634">
     <span class='ocr_line' id='line_1_100' title="bbox 180 2597 960 2634; baseline -0.005 -8"><span class='ocrx_word' id='word_1_755' title='bbox 180 2609 188 2625; x_wconf 89' lang='grc' dir='ltr'><strong>ι</strong></span> <span class='ocrx_word' id='word_1_756' title='bbox 203 2601 289 2626; x_wconf 82' lang='grc' dir='ltr'>Τοῦτο</span> <span class='ocrx_word' id='word_1_757' title='bbox 311 2599 453 2634; x_wconf 79' lang='grc' dir='ltr'>φρονείτω,</span> <span class='ocrx_word' id='word_1_758' title='bbox 471 2599 562 2634; x_wconf 80' lang='grc' dir='ltr'>φησὶν,</span> <span class='ocrx_word' id='word_1_759' title='bbox 578 2598 691 2630; x_wconf 74' lang='grc' dir='ltr'>ἕκαστος</span> <span class='ocrx_word' id='word_1_760' title='bbox 703 2599 731 2623; x_wconf 80' lang='grc' dir='ltr'>ἐν</span> <span class='ocrx_word' id='word_1_761' title='bbox 742 2598 805 2632; x_wconf 81' lang='grc' dir='ltr'>ὑμῖν</span> <span class='ocrx_word' id='word_1_762' title='bbox 824 2597 924 2629; x_wconf 81' lang='grc' dir='ltr'>αὐτοῖς,</span> <span class='ocrx_word' id='word_1_763' title='bbox 946 2597 960 2622; x_wconf 83' lang='grc' dir='ltr'><strong>ὃ</strong></span> 
     </span>
    </p>
   </div>
   <div class='ocr_carea' id='block_1_101' title="bbox 177 2642 957 2680">
    <p class='ocr_par' dir='ltr' id='par_1_101' title="bbox 177 2642 957 2680">
     <span class='ocr_line' id='line_1_101' title="bbox 177 2642 957 2680; baseline -0.005 -8"><span class='ocrx_word' id='word_1_764' title='bbox 177 2646 223 2672; x_wconf 74' lang='grc' dir='ltr'><strong>καὶ</strong></span> <span class='ocrx_word' id='word_1_765' title='bbox 244 2647 272 2672; x_wconf 85' lang='grc' dir='ltr'>ὲν</span> <span class='ocrx_word' id='word_1_766' title='bbox 287 2644 396 2680; x_wconf 82' lang='grc' dir='ltr'>Χριστῷ</span> <span class='ocrx_word' id='word_1_767' title='bbox 413 2644 509 2679; x_wconf 86' lang='grc' dir='ltr'>Ἰησοῦ,</span> <span class='ocrx_word' id='word_1_768' title='bbox 528 2643 557 2674; x_wconf 83' lang='grc' dir='ltr'>ὃς</span> <span class='ocrx_word' id='word_1_769' title='bbox 577 2644 605 2669; x_wconf 82' lang='grc' dir='ltr'>ὲν</span> <span class='ocrx_word' id='word_1_770' title='bbox 622 2644 712 2678; x_wconf 65' lang='grc' dir='ltr'>μορφῇ</span> <span class='ocrx_word' id='word_1_771' title='bbox 729 2642 797 2669; x_wconf 87' lang='grc' dir='ltr'>Θεοῦ</span> <span class='ocrx_word' id='word_1_772' title='bbox 818 2642 957 2677; x_wconf 74' lang='grc' dir='ltr'>ὑπάρχων,</span> 
     </span>
    </p>
   </div>
   <div class='ocr_carea' id='block_1_102' title="bbox 177 2689 959 2729">
    <p class='ocr_par' dir='ltr' id='par_1_102' title="bbox 177 2689 959 2729">
     <span class='ocr_line' id='line_1_102' title="bbox 177 2689 959 2729; baseline -0.005 -10"><span class='ocrx_word' id='word_1_773' title='bbox 177 2694 226 2729; x_wconf 75' lang='grc' dir='ltr'>οὐχ</span> <span class='ocrx_word' id='word_1_774' title='bbox 237 2693 383 2728; x_wconf 66' lang='grc' dir='ltr'>ἁρπαγμὸν</span> <span class='ocrx_word' id='word_1_775' title='bbox 397 2693 519 2726; x_wconf 77' lang='grc' dir='ltr'>ἡγήσατο</span> <span class='ocrx_word' id='word_1_776' title='bbox 533 2690 563 2717; x_wconf 76' lang='grc' dir='ltr'>τὸ</span> <span class='ocrx_word' id='word_1_777' title='bbox 576 2689 644 2717; x_wconf 83' lang='grc' dir='ltr'>εἶναι</span> <span class='ocrx_word' id='word_1_778' title='bbox 660 2690 704 2716; x_wconf 76' lang='grc' dir='ltr'>ἴσοι</span> <span class='ocrx_word' id='word_1_779' title='bbox 718 2689 786 2725; x_wconf 78' lang='grc' dir='ltr'>Θεῷ,</span> <span class='ocrx_word' id='word_1_780' title='bbox 798 2690 854 2716; x_wconf 82' lang='grc' dir='ltr'>ἀλλ’</span> <span class='ocrx_word' id='word_1_781' title='bbox 866 2690 959 2716; x_wconf 78' lang='grc' dir='ltr'>ἑαυτὸν</span> 
     </span>
    </p>
   </div>
   <div class='ocr_carea' id='block_1_103' title="bbox 177 2736 960 2774">
    <p class='ocr_par' dir='ltr' id='par_1_103' title="bbox 177 2736 960 2774">
     <span class='ocr_line' id='line_1_103' title="bbox 177 2736 960 2774; baseline -0.005 -8"><span class='ocrx_word' id='word_1_782' title='bbox 177 2740 294 2766; x_wconf 74' lang='grc' dir='ltr'>ἐκένωσε</span> <span class='ocrx_word' id='word_1_783' title='bbox 309 2739 413 2774; x_wconf 65' lang='grc' dir='ltr'>μορφὴν</span> <span class='ocrx_word' id='word_1_784' title='bbox 427 2737 520 2764; x_wconf 79' lang='grc' dir='ltr'>δούλου</span> <span class='ocrx_word' id='word_1_785' title='bbox 532 2736 631 2769; x_wconf 77' lang='grc' dir='ltr'>λαϐὼν,</span> <span class='ocrx_word' id='word_1_786' title='bbox 648 2737 676 2763; x_wconf 81' lang='grc' dir='ltr'>ὲν</span> <span class='ocrx_word' id='word_1_787' title='bbox 690 2736 841 2772; x_wconf 84' lang='grc' dir='ltr'>ὁμοιώματι</span> <span class='ocrx_word' id='word_1_788' title='bbox 857 2736 960 2772; x_wconf 68' lang='grc' dir='ltr'>ἀνθρώς</span> 
     </span>
    </p>
   </div>
   <div class='ocr_carea' id='block_1_104' title="bbox 178 2782 959 2820">
    <p class='ocr_par' dir='ltr' id='par_1_104' title="bbox 178 2782 959 2820">
     <span class='ocr_line' id='line_1_104' title="bbox 178 2782 959 2820; baseline -0.005 -8"><span class='ocrx_word' id='word_1_789' title='bbox 178 2793 237 2812; x_wconf 77' lang='grc' dir='ltr'><strong>πων</strong></span> <span class='ocrx_word' id='word_1_790' title='bbox 250 2785 404 2820; x_wconf 79' lang='grc' dir='ltr'>γενόμενος,</span> <span class='ocrx_word' id='word_1_791' title='bbox 421 2785 468 2810; x_wconf 73' lang='grc' dir='ltr'>καὶ</span> <span class='ocrx_word' id='word_1_792' title='bbox 484 2784 600 2818; x_wconf 81' lang='grc' dir='ltr'>σχήματι</span> <span class='ocrx_word' id='word_1_793' title='bbox 617 2783 738 2818; x_wconf 79' lang='grc' dir='ltr'>εὑρεθεὶς</span> <span class='ocrx_word' id='word_1_794' title='bbox 755 2782 792 2813; x_wconf 82' lang='grc' dir='ltr'>ὡς</span> <span class='ocrx_word' id='word_1_795' title='bbox 807 2782 959 2816; x_wconf 83' lang='grc' dir='ltr'>ἄνθρωπος,</span> 
     </span>
    </p>
   </div>
   <div class='ocr_carea' id='block_1_105' title="bbox 217 2873 769 2911">
    <p class='ocr_par' dir='ltr' id='par_1_105' title="bbox 217 2873 769 2911">
     <span class='ocr_line' id='line_1_105' title="bbox 217 2873 769 2911; baseline -0.009 -7"><span class='ocrx_word' id='word_1_796' title='bbox 217 2873 241 2890; x_wconf 68' lang='grc'>⁸⁸</span> <span class='ocrx_word' id='word_1_797' title='bbox 254 2875 371 2911; x_wconf 78' lang='lat' dir='ltr'><strong>Philipp.</strong></span> <span class='ocrx_word' id='word_1_798' title='bbox 386 2882 416 2905; x_wconf 90' lang='grc' dir='ltr'><strong>ιι,</strong></span> <span class='ocrx_word' id='word_1_799' title='bbox 430 2874 487 2901; x_wconf 77' lang='lat'><strong>5-8.</strong></span> <span class='ocrx_word' id='word_1_800' title='bbox 526 2874 548 2889; x_wconf 80' lang='grc'><strong>’⁵</strong></span> <span class='ocrx_word' id='word_1_801' title='bbox 563 2873 662 2900; x_wconf 81' lang='lat' dir='ltr'><strong>Jercm.</strong></span> <span class='ocrx_word' id='word_1_802' title='bbox 681 2882 706 2906; x_wconf 78' lang='grc' dir='ltr'><strong>ν,</strong></span> <span class='ocrx_word' id='word_1_803' title='bbox 724 2873 769 2901; x_wconf 73' lang='lat'><strong>9.].</strong></span> 
     </span>
    </p>
   </div>
   <div class='ocr_carea' id='block_1_106' title="bbox 323 2920 682 2953">
    <p class='ocr_par' dir='ltr' id='par_1_106' title="bbox 323 2920 682 2953">
     <span class='ocr_line' id='line_1_106' title="bbox 323 2920 682 2953; baseline -0.006 -1"><span class='ocrx_word' id='word_1_804' title='bbox 323 2922 454 2953; x_wconf 70' lang='lat' dir='ltr'><strong>PATROL.</strong></span> <span class='ocrx_word' id='word_1_805' title='bbox 477 2920 534 2950; x_wconf 80' lang='lat' dir='ltr'><strong>GR.</strong></span> <span class='ocrx_word' id='word_1_806' title='bbox 554 2920 682 2950; x_wconf 75' lang='lat' dir='ltr'><strong>LXXIII.</strong></span> 
     </span>
    </p>
   </div>
   <div class='ocr_carea' id='block_1_107' title="bbox 1014 2279 1797 2314">
    <p class='ocr_par' dir='ltr' id='par_1_107' title="bbox 1014 2279 1797 2314">
     <span class='ocr_line' id='line_1_107' title="bbox 1014 2279 1797 2314; baseline 0 -8"><span class='ocrx_word' id='word_1_807' title='bbox 1014 2279 1189 2307; x_wconf 90' lang='lat' dir='ltr'><strong>indolendum</strong></span> <span class='ocrx_word' id='word_1_808' title='bbox 1204 2279 1295 2314; x_wconf 87' lang='lat' dir='ltr'><strong>potius</strong></span> <span class='ocrx_word' id='word_1_809' title='bbox 1304 2286 1385 2314; x_wconf 83' lang='lat' dir='ltr'><strong>quam</strong></span> <span class='ocrx_word' id='word_1_810' title='bbox 1402 2279 1577 2306; x_wconf 84' lang='lat' dir='ltr'><strong>irascendum</strong></span> <span class='ocrx_word' id='word_1_811' title='bbox 1595 2279 1726 2313; x_wconf 84' lang='lat' dir='ltr'><strong>arbitror;</strong></span> <span class='ocrx_word' id='word_1_812' title='bbox 1743 2287 1797 2307; x_wconf 92' lang='lat' dir='ltr'><strong>non</strong></span> 
     </span>
    </p>
   </div>
   <div class='ocr_carea' id='block_1_108' title="bbox 1013 2323 1799 2359">
    <p class='ocr_par' dir='ltr' id='par_1_108' title="bbox 1013 2323 1799 2359">
     <span class='ocr_line' id='line_1_108' title="bbox 1013 2323 1799 2359; baseline 0 -7"><span class='ocrx_word' id='word_1_813' title='bbox 1013 2325 1085 2352; x_wconf 89' lang='lat' dir='ltr'><strong>enim</strong></span> <span class='ocrx_word' id='word_1_814' title='bbox 1106 2324 1262 2359; x_wconf 76' lang='lat' dir='ltr'><strong>intelligunt</strong></span> <span class='ocrx_word' id='word_1_815' title='bbox 1285 2332 1346 2359; x_wconf 70' lang='lat' dir='ltr'><strong>quae</strong></span> <span class='ocrx_word' id='word_1_816' title='bbox 1370 2324 1474 2358; x_wconf 78' lang='lat' dir='ltr'><strong>legunt.</strong></span> <span class='ocrx_word' id='word_1_817' title='bbox 1501 2323 1602 2351; x_wconf 87' lang='lat' dir='ltr'><strong>Verum</strong></span> <span class='ocrx_word' id='word_1_818' title='bbox 1622 2328 1714 2352; x_wconf 87' lang='lat' dir='ltr'><strong>autem</strong></span> <span class='ocrx_word' id='word_1_819' title='bbox 1739 2332 1799 2352; x_wconf 89' lang='lat' dir='ltr'><strong>esse</strong></span> 
     </span>
    </p>
   </div>
   <div class='ocr_carea' id='block_1_109' title="bbox 1012 2370 1797 2406">
    <p class='ocr_par' dir='ltr' id='par_1_109' title="bbox 1012 2370 1797 2406">
     <span class='ocr_line' id='line_1_109' title="bbox 1012 2370 1797 2406; baseline -0.001 -8"><span class='ocrx_word' id='word_1_820' title='bbox 1012 2371 1085 2406; x_wconf 90' lang='lat' dir='ltr'><strong>quod</strong></span> <span class='ocrx_word' id='word_1_821' title='bbox 1108 2371 1180 2404; x_wconf 86' lang='lat' dir='ltr'><strong>dico,</strong></span> <span class='ocrx_word' id='word_1_822' title='bbox 1200 2371 1263 2398; x_wconf 91' lang='lat' dir='ltr'><strong>hinc</strong></span> <span class='ocrx_word' id='word_1_823' title='bbox 1280 2370 1465 2399; x_wconf 83' lang='lat' dir='ltr'><strong>.manilestum</strong></span> <span class='ocrx_word' id='word_1_824' title='bbox 1490 2371 1569 2398; x_wconf 89' lang='lat' dir='ltr'><strong>nobis</strong></span> <span class='ocrx_word' id='word_1_825' title='bbox 1586 2371 1649 2402; x_wconf 89' lang='lat' dir='ltr'><strong>erit,</strong></span> <span class='ocrx_word' id='word_1_826' title='bbox 1675 2370 1740 2398; x_wconf 86' lang='lat' dir='ltr'><strong>licet</strong></span> <span class='ocrx_word' id='word_1_827' title='bbox 1764 2378 1797 2398; x_wconf 81' lang='lat' dir='ltr'><strong>ex</strong></span> 
     </span>
    </p>
   </div>
   <div class='ocr_carea' id='block_1_110' title="bbox 1015 2416 1799 2452">
    <p class='ocr_par' dir='ltr' id='par_1_110' title="bbox 1015 2416 1799 2452">
     <span class='ocr_line' id='line_1_110' title="bbox 1015 2416 1799 2452; baseline 0.001 -9"><span class='ocrx_word' id='word_1_828' title='bbox 1015 2417 1091 2451; x_wconf 77' lang='lat'><strong>121</strong></span> <span class='ocrx_word' id='word_1_829' title='bbox 1107 2417 1140 2443; x_wconf 87' lang='lat' dir='ltr'><strong>iis</strong></span> <span class='ocrx_word' id='word_1_830' title='bbox 1153 2423 1214 2452; x_wconf 60' lang='lat' dir='ltr'><strong>quae</strong></span> <span class='ocrx_word' id='word_1_831' title='bbox 1228 2417 1359 2444; x_wconf 90' lang='lat' dir='ltr'><strong>hactenus</strong></span> <span class='ocrx_word' id='word_1_832' title='bbox 1373 2416 1521 2451; x_wconf 85' lang='lat' dir='ltr'><strong>disceptata</strong></span> <span class='ocrx_word' id='word_1_833' title='bbox 1538 2419 1611 2448; x_wconf 90' lang='lat' dir='ltr'><strong>sunt,</strong></span> <span class='ocrx_word' id='word_1_834' title='bbox 1628 2423 1682 2443; x_wconf 92' lang='lat' dir='ltr'><strong>non</strong></span> <span class='ocrx_word' id='word_1_835' title='bbox 1696 2417 1799 2444; x_wconf 86' lang='lat' dir='ltr'><strong>insulse</strong></span> 
     </span>
    </p>
   </div>
   <div class='ocr_carea' id='block_1_111' title="bbox 1012 2460 1799 2492">
    <p class='ocr_par' dir='ltr' id='par_1_111' title="bbox 1012 2460 1799 2492">
     <span class='ocr_line' id='line_1_111' title="bbox 1012 2460 1799 2492; baseline 0 -2"><span class='ocrx_word' id='word_1_836' title='bbox 1012 2464 1039 2491; x_wconf 77' lang='lat' dir='ltr'><strong>id</strong></span> <span class='ocrx_word' id='word_1_837' title='bbox 1065 2462 1352 2490; x_wconf 77' lang='lat' dir='ltr'><strong>demonstraverimus.</strong></span> <span class='ocrx_word' id='word_1_838' title='bbox 1389 2460 1440 2490; x_wconf 90' lang='lat' dir='ltr'><strong>Sed</strong></span> <span class='ocrx_word' id='word_1_839' title='bbox 1470 2461 1548 2492; x_wconf 81' lang='lat' dir='ltr'><strong>l’auli</strong></span> <span class='ocrx_word' id='word_1_840' title='bbox 1573 2462 1674 2489; x_wconf 88' lang='lat' dir='ltr'><strong>dictum</strong></span> <span class='ocrx_word' id='word_1_841' title='bbox 1703 2470 1799 2490; x_wconf 79' lang='lat' dir='ltr'><strong>rursus</strong></span> 
     </span>
    </p>
   </div>
   <div class='ocr_carea' id='block_1_112' title="bbox 1013 2506 1800 2543">
    <p class='ocr_par' dir='ltr' id='par_1_112' title="bbox 1013 2506 1800 2543">
     <span class='ocr_line' id='line_1_112' title="bbox 1013 2506 1800 2543; baseline -0.001 -8"><span class='ocrx_word' id='word_1_842' title='bbox 1013 2511 1189 2543; x_wconf 86' lang='lat' dir='ltr'><strong>proponetur.</strong></span> <span class='ocrx_word' id='word_1_843' title='bbox 1217 2517 1226 2533; x_wconf 85' lang='grc' dir='ltr'><strong>ι</strong></span> <span class='ocrx_word' id='word_1_844' title='bbox 1246 2507 1302 2534; x_wconf 86' lang='lat' dir='ltr'><strong>Hoc</strong></span> <span class='ocrx_word' id='word_1_845' title='bbox 1327 2507 1436 2540; x_wconf 86' lang='lat' dir='ltr'><strong>sentite,</strong></span> <span class='ocrx_word' id='word_1_846' title='bbox 1455 2507 1553 2542; x_wconf 87' lang='lat' dir='ltr'><strong>inquit,</strong></span> <span class='ocrx_word' id='word_1_847' title='bbox 1576 2507 1603 2533; x_wconf 94' lang='lat' dir='ltr'><strong>in</strong></span> <span class='ocrx_word' id='word_1_848' title='bbox 1620 2506 1707 2539; x_wconf 87' lang='lat' dir='ltr'><strong>vobis,</strong></span> <span class='ocrx_word' id='word_1_849' title='bbox 1725 2507 1800 2542; x_wconf 84' lang='lat' dir='ltr'><strong>quod</strong></span> 
     </span>
    </p>
   </div>
   <div class='ocr_carea' id='block_1_113' title="bbox 1012 2553 1799 2588">
    <p class='ocr_par' dir='ltr' id='par_1_113' title="bbox 1012 2553 1799 2588">
     <span class='ocr_line' id='line_1_113' title="bbox 1012 2553 1799 2588; baseline -0.001 -6"><span class='ocrx_word' id='word_1_850' title='bbox 1012 2558 1040 2582; x_wconf 89' lang='lat' dir='ltr'><strong>et</strong></span> <span class='ocrx_word' id='word_1_851' title='bbox 1058 2555 1084 2581; x_wconf 94' lang='lat' dir='ltr'><strong>in</strong></span> <span class='ocrx_word' id='word_1_852' title='bbox 1108 2554 1217 2582; x_wconf 83' lang='lat' dir='ltr'><strong>Christo</strong></span> <span class='ocrx_word' id='word_1_853' title='bbox 1238 2553 1316 2586; x_wconf 79' lang='lat' dir='ltr'><strong>Jesu.</strong></span> <span class='ocrx_word' id='word_1_854' title='bbox 1337 2553 1462 2588; x_wconf 89' lang='lat' dir='ltr'><strong>quicum</strong></span> <span class='ocrx_word' id='word_1_855' title='bbox 1485 2553 1512 2580; x_wconf 90' lang='lat' dir='ltr'><strong>in</strong></span> <span class='ocrx_word' id='word_1_856' title='bbox 1536 2553 1622 2579; x_wconf 89' lang='lat' dir='ltr'><strong>l‘orma</strong></span> <span class='ocrx_word' id='word_1_857' title='bbox 1640 2553 1687 2580; x_wconf 88' lang='lat' dir='ltr'><strong>Dei</strong></span> <span class='ocrx_word' id='word_1_858' title='bbox 1709 2558 1799 2586; x_wconf 86' lang='lat' dir='ltr'><strong>esset,</strong></span> 
     </span>
    </p>
   </div>
   <div class='ocr_carea' id='block_1_114' title="bbox 1012 2597 1798 2634">
    <p class='ocr_par' dir='ltr' id='par_1_114' title="bbox 1012 2597 1798 2634">
     <span class='ocr_line' id='line_1_114' title="bbox 1012 2597 1798 2634; baseline -0.001 -7"><span class='ocrx_word' id='word_1_859' title='bbox 1012 2607 1066 2627; x_wconf 89' lang='lat' dir='ltr'><strong>non</strong></span> <span class='ocrx_word' id='word_1_860' title='bbox 1087 2599 1209 2634; x_wconf 84' lang='lat' dir='ltr'><strong>rapinam</strong></span> <span class='ocrx_word' id='word_1_861' title='bbox 1230 2599 1378 2626; x_wconf 86' lang='lat' dir='ltr'><strong>arbitratus</strong></span> <span class='ocrx_word' id='word_1_862' title='bbox 1393 2602 1435 2626; x_wconf 87' lang='lat' dir='ltr'><strong>est</strong></span> <span class='ocrx_word' id='word_1_863' title='bbox 1453 2605 1512 2626; x_wconf 82' lang='lat' dir='ltr'><strong>esse</strong></span> <span class='ocrx_word' id='word_1_864' title='bbox 1533 2605 1562 2626; x_wconf 89' lang='lat' dir='ltr'><strong>se</strong></span> <span class='ocrx_word' id='word_1_865' title='bbox 1576 2598 1707 2631; x_wconf 73' lang='lat' dir='ltr'><strong>tequalem</strong></span> <span class='ocrx_word' id='word_1_866' title='bbox 1723 2597 1778 2626; x_wconf 90' lang='lat' dir='ltr'><strong>Deo</strong></span> <span class='ocrx_word' id='word_1_867' title='bbox 1790 2617 1798 2630; x_wconf 81' lang='lat'><strong>,</strong></span> 
     </span>
    </p>
   </div>
   <div class='ocr_carea' id='block_1_115' title="bbox 1012 2641 1800 2678">
    <p class='ocr_par' dir='ltr' id='par_1_115' title="bbox 1012 2641 1800 2678">
     <span class='ocr_line' id='line_1_115' title="bbox 1012 2641 1800 2678; baseline -0.004 -6"><span class='ocrx_word' id='word_1_868' title='bbox 1012 2644 1058 2672; x_wconf 89' lang='lat' dir='ltr'><strong>sed</strong></span> <span class='ocrx_word' id='word_1_869' title='bbox 1077 2644 1252 2678; x_wconf 88' lang='lat' dir='ltr'><strong>semetipsum</strong></span> <span class='ocrx_word' id='word_1_870' title='bbox 1265 2642 1418 2670; x_wconf 80' lang='lat' dir='ltr'><strong>exinauivit</strong></span> <span class='ocrx_word' id='word_1_871' title='bbox 1436 2641 1550 2669; x_wconf 84' lang='lat' dir='ltr'><strong>formam</strong></span> <span class='ocrx_word' id='word_1_872' title='bbox 1572 2641 1643 2670; x_wconf 75' lang='lat' dir='ltr'><strong>servi</strong></span> <span class='ocrx_word' id='word_1_873' title='bbox 1663 2642 1800 2675; x_wconf 83' lang='lat' dir='ltr'><strong>accipiens</strong></span> 
     </span>
    </p>
   </div>
   <div class='ocr_carea' id='block_1_116' title="bbox 1013 2687 1801 2720">
    <p class='ocr_par' dir='ltr' id='par_1_116' title="bbox 1013 2687 1801 2720">
     <span class='ocr_line' id='line_1_116' title="bbox 1013 2687 1801 2720; baseline -0.004 -3"><span class='ocrx_word' id='word_1_874' title='bbox 1013 2691 1040 2718; x_wconf 94' lang='lat' dir='ltr'><strong>in</strong></span> <span class='ocrx_word' id='word_1_875' title='bbox 1052 2689 1254 2718; x_wconf 83' lang='lat' dir='ltr'><strong>similitudinem</strong></span> <span class='ocrx_word' id='word_1_876' title='bbox 1265 2688 1404 2715; x_wconf 90' lang='lat' dir='ltr'><strong>hominum</strong></span> <span class='ocrx_word' id='word_1_877' title='bbox 1415 2687 1511 2720; x_wconf 78' lang='lat' dir='ltr'><strong>factus,</strong></span> <span class='ocrx_word' id='word_1_878' title='bbox 1525 2691 1551 2714; x_wconf 85' lang='lat' dir='ltr'><strong>et</strong></span> <span class='ocrx_word' id='word_1_879' title='bbox 1566 2687 1659 2714; x_wconf 87' lang='lat' dir='ltr'><strong>habitu</strong></span> <span class='ocrx_word' id='word_1_880' title='bbox 1674 2687 1801 2714; x_wconf 80' lang='lat' dir='ltr'><strong>inventus</strong></span> 
     </span>
    </p>
   </div>
   <div class='ocr_carea' id='block_1_117' title="bbox 1014 2727 1826 2769">
    <p class='ocr_par' dir='ltr' id='par_1_117' title="bbox 1014 2727 1826 2769">
     <span class='ocr_line' id='line_1_117' title="bbox 1014 2727 1826 2769; baseline -0.005 -5"><span class='ocrx_word' id='word_1_881' title='bbox 1014 2740 1045 2764; x_wconf 91' lang='lat' dir='ltr'><strong>ut</strong></span> <span class='ocrx_word' id='word_1_882' title='bbox 1070 2736 1167 2769; x_wconf 89' lang='lat' dir='ltr'><strong>homo,</strong></span> <span class='ocrx_word' id='word_1_883' title='bbox 1185 2735 1339 2762; x_wconf 83' lang='lat' dir='ltr'><strong>humiliavit</strong></span> <span class='ocrx_word' id='word_1_884' title='bbox 1360 2735 1548 2769; x_wconf 83' lang='lat' dir='ltr'><strong>semetipsum.</strong></span> <span class='ocrx_word' id='word_1_885' title='bbox 1582 2743 1592 2759; x_wconf 83' lang='grc'><strong>)</strong></span> <span class='ocrx_word' id='word_1_886' title='bbox 1616 2733 1687 2761; x_wconf 85' lang='lat' dir='ltr'><strong>Ecce</strong></span> <span class='ocrx_word' id='word_1_887' title='bbox 1706 2734 1800 2768; x_wconf 84' lang='lat' dir='ltr'><strong>utique</strong></span> <span class='ocrx_word' id='word_1_888' title='bbox 1820 2727 1826 2739; x_wconf 63' lang='grc'><strong><em>³</em></strong></span> 
     </span>
    </p>
   </div>
   <div class='ocr_carea' id='block_1_118' title="bbox 1015 2778 1800 2816">
    <p class='ocr_par' dir='ltr' id='par_1_118' title="bbox 1015 2778 1800 2816">
     <span class='ocr_line' id='line_1_118' title="bbox 1015 2778 1800 2816; baseline -0.003 -8"><span class='ocrx_word' id='word_1_889' title='bbox 1015 2782 1112 2809; x_wconf 83' lang='lat' dir='ltr'><strong>Filium</strong></span> <span class='ocrx_word' id='word_1_890' title='bbox 1128 2788 1301 2816; x_wconf 86' lang='lat' dir='ltr'><strong>summopere</strong></span> <span class='ocrx_word' id='word_1_891' title='bbox 1314 2780 1439 2814; x_wconf 83' lang='lat' dir='ltr'><strong>miratur,</strong></span> <span class='ocrx_word' id='word_1_892' title='bbox 1461 2783 1553 2815; x_wconf 90' lang='lat' dir='ltr'><strong>utpote</strong></span> <span class='ocrx_word' id='word_1_893' title='bbox 1572 2780 1619 2815; x_wconf 87' lang='lat' dir='ltr'><strong>qui</strong></span> <span class='ocrx_word' id='word_1_894' title='bbox 1637 2779 1673 2807; x_wconf 91' lang='lat' dir='ltr'><strong>sit</strong></span> <span class='ocrx_word' id='word_1_895' title='bbox 1686 2778 1800 2814; x_wconf 71' lang='lat' dir='ltr'><strong>aequalis</strong></span> 
     </span>
    </p>
   </div>
   <div class='ocr_carea' id='block_1_119' title="bbox 807 2871 1040 2904">
    <p class='ocr_par' dir='ltr' id='par_1_119' title="bbox 807 2871 1040 2904">
     <span class='ocr_line' id='line_1_119' title="bbox 807 2871 1040 2904; baseline -0.004 -5"><span class='ocrx_word' id='word_1_896' title='bbox 807 2873 829 2888; x_wconf 82' lang='grc'><strong>¹¹⁴</strong></span> <span class='ocrx_word' id='word_1_897' title='bbox 847 2872 866 2900; x_wconf 91' lang='lat' dir='ltr'><strong>ll</strong></span> <span class='ocrx_word' id='word_1_898' title='bbox 883 2872 946 2900; x_wconf 88' lang='lat' dir='ltr'><strong>Cor.</strong></span> <span class='ocrx_word' id='word_1_899' title='bbox 965 2879 1000 2904; x_wconf 79' lang='lat' dir='ltr'><strong>tv,</strong></span> <span class='ocrx_word' id='word_1_900' title='bbox 1015 2871 1040 2898; x_wconf 70' lang='grc'><strong>4.</strong></span> 
     </span>
    </p>
   </div>
  </div>
