2028 3118
270 161 324 184 ἳῖνῖ
757 158 784 183 ἓ.
808 157 943 184 (ῖΥΙίῐΗᾸ
959 155 1192 183 ALEXANDRINI
1209 156 1365 184 AltCIllEP.
1846 156 1899 181 21H

275 173 296 187 χ,,

270 223 295 243 et
312 213 460 242 cintformis
477 213 530 241 Deo
549 221 582 240 ac
605 212 689 246 Patri,
711 222 798 249 neque
813 219 902 242 tamen
925 215 992 242 illud
1016 222 1059 240 ra-

1111 214 1292 241 ἐταπείνωσεν
1304 214 1410 241 ἑαυτόν.
1429 224 1437 239 ι
1457 213 1518 240 Ἰδοὺ
1533 213 1565 248 δὴ
1581 213 1639 239 λίαν
1650 212 1840 248 ἀποθαυμάζει
1855 212 1900 237 τὴν

269 261 355 296 puerit
368 263 479 295 propter
493 259 653 286 ebaritatem
673 259 746 286 illam
767 261 795 288 in
815 267 875 294 nos,
899 260 945 288 scd
960 259 994 286 ad
1009 260 1059 286 bu-

1114 259 1186 291 Υίὸν,
1203 259 1242 291 ὡς
1259 259 1315 286 ἴσον
1334 260 1381 295 μὲν
1393 260 1457 286 ὄντα
1477 260 1524 286 καὶ
1541 267 1700 294 συμμορφον
1725 257 1763 294 τῷ
1775 258 1835 292 Θεῷ
1853 257 1898 284 καὶ

270 307 412 333 militatem
427 305 608 337 descenderit.
619 311 730 340 accepta
746 307 816 333 servi
831 306 929 337 forma,
940 306 1061 333 exinani-

1113 305 1209 340 Πατρὶ,
1231 305 1267 340 μὴ
1287 305 1339 340 μὴν
1353 306 1514 340 ἁρπάσαντα
1533 305 1612 331 τοῦτο
1635 305 1680 331 διὰ
1693 304 1741 340 τὴν
1759 304 1899 338 ἀγάπησιν

268 356 312 380 tus
335 355 447 386 propter
469 351 678 379 humanitatem.
701 351 736 378 At
759 351 793 383 si,
812 355 923 386 accepto
936 350 1057 386 Spiritu,

1111 350 1160 386 τὴν
1180 352 1219 382 εἰς
1237 352 1320 386 ἡμᾶς,
1338 351 1544 387 καταϐεϐηκότα
1563 351 1590 377 δὲ
1608 351 1647 382 εἰς
1664 350 1840 382 ταπείνωσιν,
1856 349 1901 378 διὰ

267 398 353 432 magis
377 397 563 425 sanctificatus
586 401 637 430 est,
663 405 725 424 cum
751 397 834 425 homo
862 398 952 425 factus
969 402 1060 430 est,et

1111 396 1158 430 τῆς
1176 395 1222 422 τοῦ
1234 395 1327 422 ἰού).ου
1343 397 1459 432 μορφῆς,
1476 396 1660 431 κεκενωμένου
1673 395 1716 422 διὰ
1729 395 1777 430 τὴν
1791 395 1898 429 ἀνθρω-

267 445 359 480 scipso
381 444 476 472 melior
500 444 589 472 factus
612 449 653 472 est
675 448 786 479 propter
802 443 1057 476 sanctificationem,

1111 442 1215 477 πότητα
1232 451 1238 457 ·
1266 443 1324 469 ἀλλ’
1348 443 1444 478 εἴπερ,
1469 439 1491 468 ὦ
1513 439 1598 474 οὗτοι,
1619 442 1649 468 τὸ
1672 441 1785 477 Πνεῦμα
1807 440 1899 468 λαϐὼν

268 485 294 519 in
318 499 398 527 quam
417 492 597 519 humilitatem
611 499 673 519 eum
694 491 869 519 descendisse
882 491 1057 519 videbimus?

1110 488 1228 523 ἡγιάσθη
1246 489 1344 524 μᾶλλον
1355 508 1362 520 ,
1389 490 1432 515 ὅτε
1450 489 1560 523 γέγονεν
1575 489 1726 524 ἄνθρωπος,
1753 488 1852 515 ἑαυτοῦ
1869 497 1898 513 τε

266 536 409 570 Quomodo
430 536 590 571 depressum
615 539 656 563 est
674 535 700 563 id
730 535 803 570 quod
827 538 870 562 est
890 535 1056 567 exaltatum,

1109 533 1240 568 κρείττων
1258 533 1364 569 ἐδείχθη
1385 534 1428 560 διὰ
1445 534 1490 560 τὸν
1505 534 1649 569 ἀγιασμὸν,
1668 534 1707 565 είς
1723 535 1801 560 ποίαν
1817 534 1898 560 αὐτὶ-λ

266 583 403 618 quomodo
425 576 571 610 descendit
593 581 665 617 quod
691 581 894 609 sanctificatum
925 585 977 612 est,
1010 585 1058 609 aut

1108 578 1228 613 ὀψόμεθα
1239 579 1446 616 καταϐεϐηκότα
1456 581 1619 607 ταπείνωσιν
1629 588 1636 613 ;
1652 581 1714 612 Πῶς
1725 580 1896 616 ἐταπεινώθη

265 629 404 665 quomodo
426 636 481 656 non
503 628 628 656 ascendit
645 628 737 663 potius
761 631 787 655 et
812 628 839 654 in
865 627 962 655 melius
995 635 1057 656 eve-

1107 625 1137 651 τὺ
1149 624 1265 659 ὑψιιιθέν;
1278 626 1328 652 ποῦ
1341 626 1442 661 κατέϐη
1455 626 1484 653 τὸ
1495 627 1636 661 ἁγιασθέν;
1651 627 1667 662 ἢ
1683 627 1741 658 πῶς
1751 627 1800 653 οὐκ
1812 627 1897 662 ἀνὲεη

266 681 339 703 ctum
359 675 544 709 est?ecquam
565 674 645 702 habet
657 674 834 701 inanitionem
847 674 893 701 illa
906 681 948 709 per
971 674 1057 709 Spiri-

1109 671 1216 706 μᾶλλον,
1230 672 1276 698 καὶ
1291 673 1337 699 ἐπὶ
1354 673 1384 699 τὺ
1400 675 1524 708 κρεῖττον
1542 673 1653 708 ὑψώθης
1677 674 1759 700 Ποίαν
1775 674 1832 709 ἔχει
1847 674 1895 708 τὴν

265 726 321 748 ιυιιι
342 720 480 755 impletio?
493 720 630 755 quomodo
644 719 762 755 denique
781 723 893 755 propter
911 728 963 747 nos
974 719 1056 747 homo

1107 715 1249 751 κένωσινή
1271 717 1315 743 διὰ
1328 717 1375 744 τοῦ
1395 718 1553 753 Πνεύματος
1572 719 1731 754 πλήρωσις;
1749 719 1810 751 Πῶς
1825 719 1848 746 δ’
1863 720 1896 746 ἄν

264 766 354 793 factus
378 765 545 798 censebitur,
569 769 672 793 tantam
700 766 726 792 in
744 766 802 793 suis
824 766 907 793 rebus
925 769 1056 801 expertus

1106 761 1173 793 ὅλως
1186 762 1219 788 δι’
1231 764 1306 798 ἡμᾶς
1319 763 1532 799 ὲνανθρωπήσας
1544 766 1637 796 νοοῖτο,
1652 765 1783 800 τοσαύτην
1797 766 1827 792 ὲν
1839 766 1896 796 τοῖς

263 812 428 839 utilitatem?
443 802 586 844 Quomodo
609 817 721 846 propter
746 819 797 838 nos
817 811 907 839 factus
927 815 970 839 est.
992 818 1056 846 pau-

1105 806 1165 833 καθ’
1183 807 1279 833 ἑαυτὸν
1302 808 1451 843 ὑπομείνας
1469 809 1516 844 τὴν
1534 809 1642 844 ovat-rw;
1663 810 1724 842 Πῶς
1738 809 1896 845 ἐπτώχευσε

262 866 310 893 per
325 857 365 892 ",
386 858 432 892 qui
451 861 561 892 propter
577 865 626 884 nos
643 857 826 892 locupletatus
841 857 901 885 est?
917 857 1054 892 quomodo

1105 851 1138 878 δι’
1155 853 1238 888 ἡμᾶς,
1252 855 1266 880 ὁ
1281 853 1434 890 πλουτήσας
1449 854 1482 880 δι’
1498 855 1587 889 ἡμᾶς;
1605 855 1667 886 Πῶς
1679 855 1706 882 δὲ
1721 853 1754 890 ἦν
1768 855 1896 887 πλούσιος

262 912 327 931 vero
342 904 420 931 dives
430 907 489 930 erat
503 903 584 930 etiam
592 906 655 930 ante
671 903 830 935 adventum,
847 903 894 938 qui
910 902 936 930 in
951 910 984 930 eo
1004 903 1050 930 ad-

1105 899 1152 924 καὶ
1173 899 1225 933 πρὸ
1239 899 1288 934 τῆς
1302 900 1456 935 ἐπιδημίας,
1479 901 1493 927 ὁ
1512 900 1601 927 λαϐὼν
1615 903 1644 928 ἐν
1658 902 1726 937 αὐτῇ
1741 902 1801 928 κατ’
1820 901 1895 928 ὲκεί-

262 953 354 980 ventu.
373 953 402 976 ut
420 948 461 975 illi
479 948 611 981 sentiunt,
629 948 735 983 accepit
759 948 831 984 quod
851 956 906 976 non
923 948 1050 982 habebat,

1103 952 1165 975 νους
1182 945 1250 979 ὅπερ
1265 945 1315 971 οὐκ
1328 943 1396 980 εἶχε,
1413 945 1443 972 τὺ
1458 946 1569 982 Πνεῦμα
1583 946 1697 982 δηλαδὴς
1718 948 1752 972 Ἢ
1764 947 1823 978 πῶς
1835 947 1895 982 οὐχὶ

262 993 391 1021 nimirum
418 993 566 1028 Spiritum?
591 997 638 1020 aut
661 994 800 1028 quomodo
825 1002 881 1022 non
902 995 994 1030 potius
1019 1002 1050 1022 ea

1104 991 1204 1024 μᾶλλον
1220 991 1300 1023 αὐτὸς
1324 992 1453 1027 ἀναθήσοι
1467 991 1578 1024 δικαίως
1599 993 1674 1028 ἡμῖν,
1691 993 1723 1019 τὰ
1743 993 1785 1027 ἐφ*
1800 990 1841 1025 οἷς
1861 994 1894 1020 δι’

260 1041 322 1075 jure
337 1039 417 1067 nobis
439 1039 498 1074 ipse
520 1039 592 1066 dona
614 1039 726 1073 referat,
745 1039 845 1075 quibus
870 1045 982 1075 propter
1001 1048 1051 1068 nos

1101 1037 1176 1071 ἡμᾶς
1189 1036 1326 1071 ὠφέληται
1336 1038 1519 1072 χαριστήρια;
1541 1046 1550 1063 ι
1563 1037 1683 1072 Ἐξέστη,
1698 1047 1708 1063 ι
1725 1039 1795 1065 κατὰ
1806 1039 1836 1065 τὸ
1849 1046 1895 1071 γε-

261 1085 415 1113 cumulatus
431 1084 492 1112 est?
520 1093 529 1109 ι
549 1083 706 1119 Obstupuit,
724 1089 751 1112 ut
775 1084 909 1120 scriptum
926 1089 978 1118 est,
994 1093 1051 1112 cce-

1101 1083 1285 1118 γραμμένον,ι
1301 1085 1315 1110 ὁ
1327 1083 1440 1119 οὐρανὸς
1453 1085 1500 1111 ἐπὶ
1509 1084 1606 1120 τούτῳ,
1617 1085 1711 1120 ἐξέστη
1724 1086 1770 1112 καὶ
1784 1085 1893 1120 ἔφριξεν

261 1131 316 1158 lum
331 1138 413 1165 super
431 1131 481 1157 hoc
499 1139 505 1156 :
521 1129 674 1164 obstupuit,
694 1133 722 1157 et
736 1130 874 1158 inhorruit
886 1137 970 1165 supra
990 1138 1050 1158 mo-

1101 1129 1147 1155 ἐπὶ
1162 1129 1252 1156 πλεῖον
1270 1130 1389 1166 σφόδρα,
1416 1129 1489 1165 λέγει
1515 1131 1626 1166 Κύριος,
1655 1131 1707 1158 Δύο
1731 1131 1786 1167 γὰρ
1809 1132 1893 1163 ὅντως

260 1175 336 1207 dum,
359 1174 427 1202 dicit
454 1173 596 1201 Dominus.
622 1173 681 1201 Duo
705 1173 779 1201 enim
804 1182 899 1202 revera
929 1179 955 1202 et
979 1175 1050 1202 mala

1101 1175 1148 1201 καὶ
1165 1175 1271 1210 πονηρὰ
1288 1175 1436 1211 πεποίηκεν
1458 1176 1472 1202 ὁ
1496 1175 1550 1202 τῶν
1573 1176 1796 1211 ἐτεροδοξούντων
1817 1177 1890 1210 λαὸς,

261 1221 325 1248 fecit
345 1230 354 1246 ι
371 1219 563 1248 haereticorum
584 1228 593 1245 ‹
609 1219 726 1254 populus
741 1220 762 1236 "
776 1239 783 1252 ,
801 1229 811 1246 ι
830 1220 1049 1255 nonintelligens

1103 1223 1140 1259 μὴ
1156 1223 1265 1258 νοήσας,
1284 1223 1353 1258 μήτε
1375 1223 1394 1250 ἃ.
1415 1223 1499 1258 λέγει,
1527 1224 1594 1258 μήτε
1612 1224 1675 1259 περὶ
1699 1223 1780 1251 τίνων
1803 1224 1894 1251 διαϐε-

259 1267 327 1303 quid
346 1267 431 1298 dicat,
449 1273 538 1300 neque
550 1266 584 1293 de
607 1265 708 1301 quibus
731 1265 856 1298 afﬁrmet,
879 1269 906 1293 et
921 1266 948 1293 in
966 1267 1049 1294 rebus

1102 1269 1403 1301 6αιοῦται,κινδυνεύ;ιν
1411 1269 1438 1296 δὲ
1452 1269 1538 1300 οὕτως
1549 1271 1577 1296 ὲν
1590 1271 1645 1301 τοῖς
1658 1270 1893 1304 ἀναγκαιοτάτοις,

260 1315 330 1342 tanti
367 1313 498 1342 momenti
528 1313 681 1348 periculum
710 1313 788 1340 adire
820 1320 874 1340 non
907 1317 1047 1349 gravatur.

1099 1315 1176 1341 οὐὸὲν
1193 1314 1324 1350 ἡγοῦνται
1345 1314 1431 1350 βαρύ·
1456 1314 1473 1350 ἢ
1497 1314 1551 1350 γὰρ
1572 1314 1615 1348 ἂν,
1634 1316 1680 1342 καὶ
1703 1316 1779 1343 αὐτοὶ
1794 1317 1893 1352 πικρὸν

259 1359 369 1396 Alioqui
385 1359 456 1387 enim
471 1366 531 1386 eum
543 1366 641 1394 magna
654 1359 680 1386 vi
694 1359 888 1394 lacrymarum,
905 1363 933 1386 et
945 1359 1048 1394 ingenti

1100 1361 1132 1388 ὲκ
1146 1360 1287 1396 βλεφάρων
1305 1361 1481 1396 καταχέοντες
1500 1361 1625 1397 δάκρυον,
1648 1362 1694 1388 καὶ
1711 1363 1833 1398 μεγάλην
1851 1363 1893 1394 εἰς

259 1407 379 1434 clamore
408 1406 459 1440 ipsi
486 1411 597 1440 quoque
619 1404 758 1432 dixerint:
782 1413 791 1429 ι
807 1404 894 1437 Pone,
915 1404 1046 1437 Domine,

1100 1405 1166 1441 ὕψος
1182 1407 1365 1438 ἀνατείνοντες
1383 1406 1431 1442 τὴν
1449 1407 1549 1442 φωνὴν,
1563 1407 1719 1442 προσῄεσαν
1741 1408 1868 1442 λέγοντες
1883 1417 1889 1423 ·

259 1451 412 1480 custodiam
428 1451 470 1477 ori
488 1457 559 1482 meo,
578 1453 604 1477 et
619 1450 719 1478 ostium
740 1449 953 1478 circumstantiae
968 1451 1047 1478 labiis

1102 1461 1111 1476 ι
1124 1451 1186 1483 Θοῦ,
1199 1451 1294 1487 Κύριε,
1308 1451 1430 1487 φυλακὴν
1453 1452 1492 1487 τῷ
1513 1453 1626 1488 στόματί
1650 1462 1712 1488 μου,
1735 1454 1781 1480 καὶ
1806 1454 1891 1490 θύραν

259 1496 336 1523 meis.
358 1496 397 1523 Ne
415 1494 538 1522 declines
554 1501 602 1521 cor
615 1501 705 1521 meum
722 1494 749 1520 in
765 1494 846 1521 verba
862 1495 973 1522 malitia:
987 1495 1020 1521 '°.
1035 1505 1043 1521 ι

1100 1498 1229 1533 περιοχῆς
1245 1498 1309 1533 ’περὶ⁹
1325 1498 1358 1524 τὰ
1375 1498 1450 1534 χείλη
1469 1507 1529 1533 μου.
1553 1499 1598 1535 Μὴ
1615 1499 1743 1537 ἐκκλίνῃς
1758 1501 1808 1536 τὴν
1822 1510 1892 1537 καρ-

258 1542 346 1570 Verba
361 1542 433 1569 enim
447 1540 570 1576 profecto
590 1543 655 1567 sunt
667 1540 787 1572 malitias,
802 1548 862 1575 quae
877 1541 1045 1569 auditoribus

1098 1530 1157 1570 δίαν
1174 1530 1225 1578 μοι)
1244 1530 1288 1575 είς.
1306 1530 1401 1577 λόγονς
1422 1530 1564 1580 πονηρίας.
1624 1530 1791 1582 Λόγων-χεὶρ.
1806 1530 1892 1578 ὅντως

259 1593 413 1617 extremum
427 1587 557 1614 damnum
572 1585 698 1613 afferunt.
721 1586 773 1614 Sed
790 1594 840 1614 uos
853 1594 948 1614 eorum
967 1588 1047 1622 nugis

1101 1588 1231 1623 πονηρίας
1248 1588 1273 1614 ot
1294 1589 1358 1623 παρ’
1374 1589 1476 1615 ἑαυτῶν
1500 1589 1549 1625 τὴν
1570 1589 1616 1616 ἐπὶ
1629 1591 1684 1621 τοῖς
1702 1591 1827 1625 ἐσχάτοις
1843 1591 1891 1626 ζη-

259 1636 292 1662 de
303 1634 387 1662 corde
402 1637 497 1660 nostro
508 1632 641 1667 expulsis,
655 1632 690 1660 ad
703 1636 805 1660 rectam
819 1633 880 1660 fidei
893 1633 1045 1660 doctrinam

1101 1634 1165 1670 μίαν
1176 1636 1231 1666 τοῖς
1241 1635 1426 1670 ἀκροωμένοις
1441 1635 1590 1667 ὼδίνοντες.
1612 1636 1706 1671 Ἡμεῖς
1719 1636 1746 1662 δὲ
1761 1636 1811 1671 τῆς
1824 1637 1890 1662 ἑαυ-

258 1687 461 1713 convertemur,
478 1680 553 1707 illius
569 1680 635 1707 dicti
651 1687 804 1707 memores:
829 1689 837 1706 ι
859 1679 980 1707 Consilia
997 1680 1046 1708 de~

1098 1679 1151 1707 τῶν
1170 1680 1282 1716 καρδίας
1297 1680 1342 1708 τὸν
1354 1681 1464 1708 ἐκείνων
1479 1681 1660 1713 ἐξοικίσαντες
1675 1682 1768 1717 λῆρον,
1783 1683 1830 1709 ἐπὶ
1845 1683 1890 1710 τὸν

259 1731 407 1759 struentes,
434 1731 461 1753 et
486 1732 594 1753 onmem
621 1724 791 1752 altitudinem
814 1725 991 1753 extollentem
1016 1734 1046 1754 se

1097 1725 1176 1761 ὀρθὸν
1198 1727 1246 1761 τῆς
1272 1726 1389 1758 πίστεως
1415 1726 1579 1762 βαδιούμεθα
1600 1727 1689 1761 λόγον,
1716 1728 1746 1754 τὸ
1763 1737 1889 1764 γεγραμ-

258 1773 391 1800 adversus
417 1771 560 1800 scientiam
585 1770 643 1803 Dei,
669 1771 741 1798 etin
758 1771 942 1806 captivitatem
971 1772 1045 1800 redi-

1099 1773 1178 1808 μένον
1194 1772 1301 1808 ἔχοντες
1322 1774 1361 1805 είς
1379 1773 1441 1800 νοῦν
1453 1781 1460 1789 ·
1491 1783 1500 1800 t
1512 1774 1666 1808 Λογισμοὺς
1684 1773 1888 1809 καθαιροῦντες,

240 1822 354 1855 'gcntes
382 1827 491 1847 omnem
521 1819 688 1847 intellectum
725 1819 754 1846 iu
781 1818 858 1854 122
882 1819 1041 1854 obsequium

1097 1818 1144 1845 κα)⁵
1158 1819 1212 1845 πᾶν
1230 1818 1330 1854 ὕψωμα
1349 1819 1529 1854 ἐπαιρόμενον
1546 1819 1617 1846 κατὰ
1631 1820 1680 1854 τῆς
1693 1820 1820 1853 γνώσεως
1843 1820 1888 1846 τοῦ

258 1867 360 1895 Christi
376 1867 408 1894 ³¹.
425 1876 435 1893 ι
454 1866 510 1901 Age
525 1874 601 1902 ergo,
619 1870 737 1893 mentem
759 1873 867 1901 quoque
880 1870 1003 1894 nostram
1018 1867 1044 1894 in

1096 1863 1174 1895 Θεοῦ,
1190 1864 1237 1890 καὶ
1253 1865 1496 1899 αἰχμαλωτίζοντες
1520 1865 1574 1892 πᾶν
1591 1865 1680 1901 νόημα
1702 1867 1740 1897 είς
1756 1865 1806 1901 τὴν
1839 1867 1888 1892 ὑπ-

257 1913 427 1949 explicandis
454 1912 537 1940 rebus
561 1911 711 1948 propositis
728 1912 863 1946 captivam
892 1912 1044 1947 ducentes,

1097 1909 1182 1944 ακοὴν
1196 1908 1243 1936 τοῦ
1267 1909 1395 1945 Χριστοῦ.
1411 1919 1420 1935 ι
1445 1910 1513 1946 Φέρε
1535 1910 1567 1946 δὴ
1592 1908 1655 1944 οὖν¹
1667 1911 1712 1937 καὶ
1726 1910 1772 1937 τὸν
1789 1912 1818 1938 ὲν
1833 1913 1887 1943 τοῖς

257 1967 316 1986 eam
329 1958 507 1992 subjiciamus
522 1958 616 1993 gloria:
631 1957 781 1992 Unigeniti,
794 1958 886 1984 omnia
898 1959 1046 1992 prudenter

1095 1954 1287 1989 προκειμένοις
1298 1955 1362 1990 ἡμῖν
1373 1954 1547 1990 θεωρήμασιν
1560 1955 1805 1991 αἰχμαλωτίζοντες
1815 1955 1886 1988 νοῦν,

258 2003 405 2033 referentes
420 2003 453 2030 ad
471 2003 530 2038 ejus
551 2002 723 2037 obsequium,
749 2002 801 2029 hoc
816 2006 857 2029 est
873 2002 906 2028 ad
922 2002 1045 2029 incarna.

1096 1999 1273 2034 ὑποτάξωμεν
1290 2002 1322 2036 τῇ
1338 2000 1399 2036 δόξῃ
1420 2001 1466 2027 τοῦ
1481 2001 1658 2035 Μονογενοῦς,
1684 2001 1774 2028 πάντα
1790 2003 1886 2037 φέρον-

256 2048 341 2076 tionis
357 2049 501 2075 rationem.
527 2057 535 2073 ι
561 2047 630 2075 Cum
645 2048 718 2075 enim
738 2051 812 2075 esset
829 2047 916 2080 dives,
933 2053 1044 2082 propter

1095 2052 1140 2075 τες
1153 2044 1268 2076 συνετῶς
1284 2045 1324 2076 εἰς
1341 2044 1390 2080 τὴν
1408 2045 1530 2085 ὐπακρὴν
1544 2045 1636 2078 αὑτοῦ,
1652 2045 1726 2072 τοῦτ’
1745 2046 1830 2078 ἐστιν,
1847 2046 1886 2077 εἰς

258 2101 307 2123 nos
321 2102 423 2130 pauper
437 2094 528 2122 factus
543 2097 596 2125 est,
614 2098 643 2120 ut
657 2101 708 2120 nos
725 2093 785 2128 ejus
804 2098 962 2128 paupertate
974 2094 1043 2120 dita-

1094 2087 1140 2114 τὸν
1155 2087 1219 2123 περὶ
1231 2089 1280 2123 τῆς
1293 2089 1524 2124 ἐνανθρωπήσεως
1535 2090 1644 2124 τρόπον.
1666 2098 1675 2115 ι
1687 2089 1818 2122 Πλούσιος
1833 2090 1885 2126 γὰρ

257 2148 349 2168 remur
361 2140 395 2166 ".
414 2149 423 2166 ι
440 2140 541 2174 Accipe
555 2147 630 2171 vero,
647 2140 668 2166 si
680 2139 768 2174 juvat,
783 2139 865 2166 etiam
883 2146 915 2166 ex
935 2139 969 2167 iis
984 2147 1044 2174 quae

1094 2131 1149 2163 ὢν,
1176 2131 1331 2167 ὲπτώχευσε
1355 2132 1388 2159 δι’
1405 2133 1488 2168 ἡμᾶς,
1513 2133 1555 2159 ἵνα
1571 2134 1649 2168 ἡμεῖς
1665 2135 1697 2170 τῇ
1715 2134 1798 2161 αὑτοῦ
1813 2144 1885 2161 πτω-

257 2185 356 2212 ‹1ἱρῐιιιὶ
371 2193 466 2213 sumus
479 2185 559 2211 aliam
577 2184 693 2218 hujusce
707 2184 746 2211 rei
766 2183 1041 2218 demonstrationem,

1094 2177 1156 2212 χείᾳ
1170 2177 1379 2213 πλουτήσωμεν.
1395 2187 1405 2205 ›
1432 2179 1516 2214 Δέχου
1531 2179 1569 2211 δὲ,
1587 2179 1613 2206 εἴ
1628 2188 1668 2206 σοι
1682 2180 1764 2211 δοκεῖ,
1782 2181 1830 2206 καὶ
1844 2180 1884 2206 διὰ

256 2235 281 2257 et
295 2231 442 2266 patientem
464 2230 543 2258 nobis
561 2237 653 2256 aurem
671 2229 856 2256 accommoda.

1094 2223 1148 2250 τῶν
1170 2224 1358 2259 προκειμένων
1383 2225 1449 2259 ἡμῖν
1471 2225 1521 2260 τὴν
1543 2225 1678 2258 ἀπόδειξιν
1691 2246 1699 2259 ,
1725 2225 1883 2259 ἀνεξίκακον

1082 2263 1149 2282 ‘--'.--
1161 2269 1249 2282 ἴλη-.-
1267 2269 1392 2282 ι.-τ.ι.,..-
1404 2271 1452 2282 -›μ.
1470 2271 1552 2282 ιηῌνι..

1093 2270 1149 2300 τοῖς
1161 2269 1249 2303 λόγοις
1265 2269 1392 2302 ἀπλώσας
1403 2271 1452 2306 τὴν
1468 2271 1562 2306 ἀκοήν.

291 2319 330 2344 ΛεΙ
348 2319 503 2353 imaginem,
518 2323 546 2346 et
563 2316 770 2345 similitudinem
785 2318 906 2351 supremi
920 2318 1041 2345 omnium

1130 2317 1195 2342 Κατ’
1219 2317 1309 2344 είκὸνα
1333 2318 1379 2343 καὶ
1407 2318 1466 2344 καθ’
1488 2318 1618 2353 ὁμοίωσιν
1639 2318 1687 2345 τοῦ
1710 2319 1758 2346 ἐπὶ
1779 2322 1882 2352 πάντας

257 2364 301 2391 Dei
315 2363 417 2391 factum
433 2371 495 2391 esse
507 2363 644 2390 hominem
656 2362 747 2390 divina
761 2362 902 2398 Scriptura
915 2369 1041 2394 testatur.

1093 2361 1169 2393 ὄντος
1185 2362 1251 2389 Θεοῦ
1266 2363 1430 2398 πεποιῆσθαι
1446 2363 1492 2390 τὸν
1506 2363 1648 2399 ἄνθρωπον
1663 2364 1680 2399 ἡ
1695 2363 1755 2391 θεία
1777 2365 1880 2400 ruptu-

258 2409 345 2437 Moses
361 2410 471 2444 quippe,
491 2409 537 2436 ille
557 2408 613 2435 Deo
627 2412 710 2436 notus
730 2416 787 2443 pra:
803 2410 921 2441 cunctis,
939 2411 964 2437 in
986 2413 1041 2446 pri-

1096 2415 1172 2442 ρεται
1189 2409 1294 2444 Γραφὴ.
1314 2409 1368 2435 Καὶ
1386 2409 1451 2443 γοῦν
1464 2410 1478 2435 ὁ
1494 2409 1524 2435 τὺ
1543 2409 1651 2445 πρῶτον
1667 2411 1732 2446 ἡμῖν
1751 2410 1880 2443 συντάξας

255 2464 299 2483 ιιιο
312 2456 382 2483 libro
397 2455 554 2482 Gcneseos:
577 2463 586 2479 ι
605 2453 637 2481 Ει
655 2453 732 2486 fecit,
750 2454 849 2489 inquit,
871 2455 940 2483 Deus
955 2457 1042 2484 Immi-

1095 2454 1196 2488 βιῧλίον
1218 2455 1330 2490 (Μωσῆς
1342 2455 1370 2481 δὲ
1386 2452 1463 2488 οὗτος
1477 2456 1491 2482 ὁ
1503 2455 1675 2491 ἐγνωσμένος
1687 2456 1765 2493 παλ-ὰ
1781 2457 1880 2492 πάντας

256 2509 327 2532 nem,
345 2501 380 2528 ad
396 2499 540 2535 imaginem
558 2497 606 2526 Dei
621 2498 684 2526 fecit
699 2507 762 2526 eum
780 2499 811 2527 ³³.
830 2509 840 2526 ι
858 2500 935 2533 Quod
950 2507 1040 2529 autem

1092 2500 1130 2536 τῷ
1143 2501 1225 2536 Θεῷ),
1241 2511 1249 2526 ι
1262 2502 1316 2527 Καὶ
1329 2501 1450 2537 ἐποίησε,
1466 2511 1474 2529 ι
1490 2507 1582 2539 ερησιν,
1598 2513 1607 2530 ι
1619 2505 1633 2530 ὁ
1644 2505 1708 2537 Θεὸς
1720 2506 1766 2532 τὸν
1779 2506 1880 2541 ἄνθρωι

256 2554 303 2580 per
318 2545 450 2580 Spiritum
465 2544 499 2571 ad
521 2544 666 2579 imaginem
688 2544 733 2572 Dei
759 2545 840 2573 fuerit
860 2546 1040 2582 obsignatus,

1092 2555 1152 2577 πον,
1169 2546 1228 2572 κατ’
1242 2546 1333 2574 εἰκόνα
1349 2548 1414 2574 Θεοῦ
1433 2549 1561 2584 ἐποίησεν
1574 2550 1664 2577 αὐτόν.
1682 2560 1690 2576 ι
1719 2551 1782 2578 ’Ότι
1799 2552 1827 2578 δὲ
1840 2551 1878 2578 διὰ

255 2593 313 2625 ipse
329 2598 377 2618 nos
392 2598 488 2618 rursus
502 2590 605 2623 docuit,
626 2590 669 2619 liis
684 2592 775 2619 verbis
796 2601 802 2619 :
822 2602 830 2617 ι
849 2592 882 2619 Et
898 2593 1042 2628 inspiravit

1091 2592 1138 2619 τοῦ
1153 2593 1310 2629 Πνεύματος
1325 2595 1363 2626 εἰς
1378 2595 1468 2621 εἰκόνα
1482 2595 1530 2630 τὴν
1545 2595 1621 2622 θείαν
1637 2598 1877 2632 κατεσφραγίςετο,

255 2638 281 2664 in
299 2637 396 2664 faciem
415 2636 473 2671 ejus
491 2637 658 2671 spiraculum
671 2638 776 2666 vitae".
797 2649 806 2665 ι
827 2637 914 2666 Simul
929 2641 1042 2668 enimet

1093 2639 1172 2665 πάλιν
1190 2639 1270 2671 αὐτὸς
1288 2641 1360 2675 ἡμᾶς
1373 2641 1491 2674 ἐδίδαξεν
1512 2641 1614 2668 εἰπών’
1635 2643 1704 2669 tKa‘t
1717 2643 1877 2678 ἐνεφύσησεν

254 2682 338 2709 vitam
350 2686 482 2710 creaturae
493 2682 612 2717 Spiritus
621 2683 728 2715 indidit,
747 2688 773 2712 et
787 2692 852 2712 suos
864 2685 1039 2714 characteres

1093 2685 1132 2716 εἰς
1149 2684 1177 2710 τὸ
1191 2685 1334 2720 πρόσωπον
1349 2686 1430 2712 αὑτοῦ
1446 2686 1529 2721 πνοὴν
1543 2686 1626 2722 ζωῆς.
1644 2696 1653 2713 ι
1678 2688 1761 2722 Ὀμοῦ
1773 2688 1825 2724 γὰρ
1835 2689 1876 2714 καὶ

253 2727 384 2754 divinitus
408 2728 555 2763 impressit.
575 2729 612 2756 lta
632 2729 754 2764 perfecto
781 2731 892 2758 animali
923 2733 1040 2761 rationis

1094 2731 1165 2766 ζωὴν
1191 2731 1305 2758 ἐνετίθει
1330 2732 1360 2757 τὸ
1386 2731 1498 2767 Πνεῦμα
1521 2732 1560 2768 τῷ
1585 2733 1735 2768 πλάσματι,
1758 2734 1805 2759 καὶ
1820 2735 1875 2764 τοὺς

254 2772 397 2808 participe,
410 2774 530 2808 optimus
548 2774 592 2802 ille
617 2774 716 2802 artifex
735 2774 805 2802 Deus
824 2775 946 2804 salutare
964 2784 1040 2803 man-

1095 2775 1192 2803 ἑαυτοῦ
1213 2777 1390 2812 χαρακτῆρας
1410 2777 1568 2813 θεοπρεπῶς
1587 2779 1765 2814 ὲνεσήμαινεν
1779 2788 1787 2795 ο
1810 2779 1875 2806 οὕτω

255 2829 345 2877 “ﬁll
361 2831 617 2877 coaguluﬁz‘m"
630 2832 728 2877 tergm.
747 2840 778 2865 ιι,
799 2834 840 2866 i2,
859 2835 901 2862 15,
956 2835 978 2850 ³ο
994 2834 1055 2862 l‘sal

1061 2855 1066 2862 .
1084 2843 1145 2868 ενι,
1163 2837 1189 2867 5,
1206 2837 1232 2862 4.
1286 2836 1305 2851 ³¹
1320 2835 1341 2863 ll
1356 2835 1420 2864 Cor.
1442 2845 1468 2870 χ,
1486 2837 1512 2870 ιι,
1529 2837 1555 2864 5.
1612 2837 1634 2854 ⁸⁸
1651 2837 1671 2865 ll
1692 2837 1756 2865 Cor.
1774 2845 1834 2871 vm,
1848 2836 1862 2864 9

290 2865 356 2894 Gen.
380 2875 398 2899 ι,
415 2867 459 2894 27.
498 2867 519 2883 ³⁸
534 2868 602 2894 Cen.
627 2876 655 2898 ll,
674 2868 698 2894 7.
