  <div class='ocr_page' id='page_1' title='image "/cluster/home/n/w/nwhite01/storage/ocr_20150623/73/njp.32101077772760/120.png"; bbox 0 0 2028 3118; ppageno 0'>
   <div class='ocr_carea' id='block_1_1' title="bbox 173 142 228 168">
    <p class='ocr_par' dir='ltr' id='par_1_1' title="bbox 173 142 228 168">
     <span class='ocr_line' id='line_1_1' title="bbox 173 142 228 168; baseline -0.018 0"><span class='ocrx_word' id='word_1_1' title='bbox 173 142 228 168; x_wconf 66' lang='grc' dir='ltr'><strong>Ξῦἲὶ</strong></span> 
     </span>
    </p>
   </div>
   <div class='ocr_carea' id='block_1_2' title="bbox 705 129 1280 170">
    <p class='ocr_par' dir='ltr' id='par_1_2' title="bbox 705 129 1280 170">
     <span class='ocr_line' id='line_1_2' title="bbox 705 129 1280 170; baseline 0 -2"><span class='ocrx_word' id='word_1_2' title='bbox 705 141 737 168; x_wconf 82' lang='grc' dir='ltr'><strong>ΙΝ</strong></span> <span class='ocrx_word' id='word_1_3' title='bbox 759 141 900 169; x_wconf 69' lang='lat' dir='ltr'><strong>JOANNIS</strong></span> <span class='ocrx_word' id='word_1_4' title='bbox 918 129 1142 170; x_wconf 51' lang='lat' dir='ltr'><strong>Evr—\NGELIUM</strong></span> <span class='ocrx_word' id='word_1_5' title='bbox 1162 141 1227 170; x_wconf 84' lang='lat' dir='ltr'><strong>LIB.</strong></span> <span class='ocrx_word' id='word_1_6' title='bbox 1249 141 1280 169; x_wconf 88' lang='lat' dir='ltr'><strong>ll.</strong></span> 
     </span>
    </p>
   </div>
   <div class='ocr_carea' id='block_1_3' title="bbox 1744 137 1796 169">
    <p class='ocr_par' dir='ltr' id='par_1_3' title="bbox 1744 137 1796 169">
     <span class='ocr_line' id='line_1_3' title="bbox 1744 137 1796 169; baseline 0.019 -1"><span class='ocrx_word' id='word_1_7' title='bbox 1744 137 1796 169; x_wconf 61' lang='lat' dir='ltr'><strong>sua</strong></span> 
     </span>
    </p>
   </div>
   <div class='ocr_carea' id='block_1_4' title="bbox 174 198 963 235">
    <p class='ocr_par' dir='ltr' id='par_1_4' title="bbox 174 198 960 235">
     <span class='ocr_line' id='line_1_4' title="bbox 174 198 960 235; baseline 0.003 -11"><span class='ocrx_word' id='word_1_8' title='bbox 174 199 204 225; x_wconf 68' lang='grc' dir='ltr'><strong>τὸ</strong></span> <span class='ocrx_word' id='word_1_9' title='bbox 225 199 271 225; x_wconf 72' lang='grc' dir='ltr'>ἐπὶ</span> <span class='ocrx_word' id='word_1_10' title='bbox 285 199 336 234; x_wconf 79' lang='grc' dir='ltr'>γῆς</span> <span class='ocrx_word' id='word_1_11' title='bbox 354 198 460 232; x_wconf 78' lang='grc' dir='ltr'>λογικὸν</span> <span class='ocrx_word' id='word_1_12' title='bbox 477 198 620 234; x_wconf 52' lang='lat' dir='ltr'><strong>eam“;</strong></span> <span class='ocrx_word' id='word_1_13' title='bbox 640 199 708 231; x_wconf 74' lang='grc' dir='ltr'>ζῶον</span> <span class='ocrx_word' id='word_1_14' title='bbox 732 198 746 226; x_wconf 86' lang='grc' dir='ltr'>ὁ</span> <span class='ocrx_word' id='word_1_15' title='bbox 768 200 960 235; x_wconf 78' lang='grc' dir='ltr'>ἁριστοτὲχνης</span> 
     </span>
    </p>
   </div>
   <div class='ocr_carea' id='block_1_5' title="bbox 1014 198 1796 235">
    <p class='ocr_par' dir='ltr' id='par_1_5' title="bbox 1014 198 1796 234">
     <span class='ocr_line' id='line_1_5' title="bbox 1014 198 1796 234; baseline 0.001 -9"><span class='ocrx_word' id='word_1_16' title='bbox 1014 199 1104 225; x_wconf 77' lang='lat' dir='ltr'><strong>datum</strong></span> <span class='ocrx_word' id='word_1_17' title='bbox 1121 198 1145 226; x_wconf 86' lang='lat' dir='ltr'><strong>ei</strong></span> <span class='ocrx_word' id='word_1_18' title='bbox 1161 199 1246 226; x_wconf 84' lang='lat' dir='ltr'><strong>dedit.</strong></span> <span class='ocrx_word' id='word_1_19' title='bbox 1261 199 1293 225; x_wconf 85' lang='lat' dir='ltr'><strong>Et</strong></span> <span class='ocrx_word' id='word_1_20' title='bbox 1313 203 1371 226; x_wconf 86' lang='lat' dir='ltr'><strong>erat</strong></span> <span class='ocrx_word' id='word_1_21' title='bbox 1383 199 1408 226; x_wconf 90' lang='lat' dir='ltr'><strong>in</strong></span> <span class='ocrx_word' id='word_1_22' title='bbox 1423 198 1562 234; x_wconf 75' lang='lat' dir='ltr'><strong>paradiso,</strong></span> <span class='ocrx_word' id='word_1_23' title='bbox 1582 198 1651 226; x_wconf 85' lang='lat' dir='ltr'><strong>sicut</strong></span> <span class='ocrx_word' id='word_1_24' title='bbox 1666 198 1796 233; x_wconf 81' lang='lat' dir='ltr'><strong>scriptum</strong></span> 
     </span>
    </p>
   </div>
   <div class='ocr_carea' id='block_1_6' title="bbox 173 243 962 281">
    <p class='ocr_par' dir='ltr' id='par_1_6' title="bbox 173 243 962 281">
     <span class='ocr_line' id='line_1_6' title="bbox 173 243 962 281; baseline 0.003 -10"><span class='ocrx_word' id='word_1_25' title='bbox 173 243 361 279; x_wconf 65' lang='grc' dir='ltr'>Θεὸς.ὲντο),ὴν</span> <span class='ocrx_word' id='word_1_26' title='bbox 370 244 455 278; x_wconf 67' lang='grc' dir='ltr'>ἐδίδου</span> <span class='ocrx_word' id='word_1_27' title='bbox 464 245 512 280; x_wconf 80' lang='grc' dir='ltr'><strong>τὴν</strong></span> <span class='ocrx_word' id='word_1_28' title='bbox 522 244 668 277; x_wconf 75' lang='grc' dir='ltr'>σώζουσαν·</span> <span class='ocrx_word' id='word_1_29' title='bbox 682 246 727 272; x_wconf 74' lang='grc' dir='ltr'><strong>καὶ</strong></span> <span class='ocrx_word' id='word_1_30' title='bbox 741 244 774 281; x_wconf 86' lang='grc' dir='ltr'>ἦν</span> <span class='ocrx_word' id='word_1_31' title='bbox 784 247 812 272; x_wconf 76' lang='grc' dir='ltr'><strong>ἐν</strong></span> <span class='ocrx_word' id='word_1_32' title='bbox 823 245 860 281; x_wconf 82' lang='grc' dir='ltr'>τῷ</span> <span class='ocrx_word' id='word_1_33' title='bbox 875 254 962 281; x_wconf 85' lang='grc' dir='ltr'>παρα-</span> 
     </span>
    </p>
   </div>
   <div class='ocr_carea' id='block_1_7' title="bbox 175 290 961 326">
    <p class='ocr_par' dir='ltr' id='par_1_7' title="bbox 175 290 961 326">
     <span class='ocr_line' id='line_1_7' title="bbox 175 290 961 326; baseline 0.003 -11"><span class='ocrx_word' id='word_1_34' title='bbox 175 290 264 325; x_wconf 80' lang='grc' dir='ltr'>δείσῳ,</span> <span class='ocrx_word' id='word_1_35' title='bbox 282 290 355 316; x_wconf 80' lang='grc' dir='ltr'>καθὰ</span> <span class='ocrx_word' id='word_1_36' title='bbox 368 290 532 325; x_wconf 78' lang='grc' dir='ltr'>γέγραπται,</span> <span class='ocrx_word' id='word_1_37' title='bbox 554 291 740 326; x_wconf 73' lang='grc' dir='ltr'><strong>διαφυλάττων</strong></span> <span class='ocrx_word' id='word_1_38' title='bbox 764 292 804 318; x_wconf 77' lang='grc' dir='ltr'><strong>ἔτι</strong></span> <span class='ocrx_word' id='word_1_39' title='bbox 822 292 852 318; x_wconf 76' lang='grc' dir='ltr'><strong>τὸ</strong></span> <span class='ocrx_word' id='word_1_40' title='bbox 874 291 961 322; x_wconf 75' lang='grc' dir='ltr'>δοθὲν,</span> 
     </span>
    </p>
   </div>
   <div class='ocr_carea' id='block_1_8' title="bbox 176 335 962 373">
    <p class='ocr_par' dir='ltr' id='par_1_8' title="bbox 176 335 962 373">
     <span class='ocr_line' id='line_1_8' title="bbox 176 335 962 373; baseline 0.001 -11"><span class='ocrx_word' id='word_1_41' title='bbox 176 336 222 362; x_wconf 79' lang='grc' dir='ltr'><strong>καὶ</strong></span> <span class='ocrx_word' id='word_1_42' title='bbox 245 337 277 371; x_wconf 79' lang='grc' dir='ltr'>τῇ</span> <span class='ocrx_word' id='word_1_43' title='bbox 301 335 360 371; x_wconf 68' lang='grc' dir='ltr'>Θεία</span> <span class='ocrx_word' id='word_1_44' title='bbox 376 335 424 362; x_wconf 77' lang='grc' dir='ltr'>τοῦ</span> <span class='ocrx_word' id='word_1_45' title='bbox 442 336 621 372; x_wconf 77' lang='grc' dir='ltr'><strong>πεποιηκότος</strong></span> <span class='ocrx_word' id='word_1_46' title='bbox 643 337 794 373; x_wconf 78' lang='grc' dir='ltr'>διαπρεπὴς</span> <span class='ocrx_word' id='word_1_47' title='bbox 819 337 902 364; x_wconf 78' lang='grc' dir='ltr'>εἰκόνι</span> <span class='ocrx_word' id='word_1_48' title='bbox 918 337 962 363; x_wconf 72' lang='grc' dir='ltr'><strong>διὰ</strong></span> 
     </span>
    </p>
   </div>
   <div class='ocr_carea' id='block_1_9' title="bbox 175 382 961 420">
    <p class='ocr_par' dir='ltr' id='par_1_9' title="bbox 175 382 961 420">
     <span class='ocr_line' id='line_1_9' title="bbox 175 382 961 420; baseline 0.004 -12"><span class='ocrx_word' id='word_1_49' title='bbox 175 382 221 408; x_wconf 84' lang='grc' dir='ltr'>τοῦ</span> <span class='ocrx_word' id='word_1_50' title='bbox 237 382 433 413; x_wconf 77' lang='grc' dir='ltr'>ἐνοικισοέντος</span> <span class='ocrx_word' id='word_1_51' title='bbox 452 383 529 417; x_wconf 83' lang='grc' dir='ltr'>ἁγίου</span> <span class='ocrx_word' id='word_1_52' title='bbox 549 383 707 418; x_wconf 86' lang='grc' dir='ltr'>Πνεύματος</span> <span class='ocrx_word' id='word_1_53' title='bbox 721 392 728 399; x_wconf 90' lang='grc'><strong>·</strong></span> <span class='ocrx_word' id='word_1_54' title='bbox 753 385 845 420; x_wconf 77' lang='grc' dir='ltr'>ἐπειδὴ</span> <span class='ocrx_word' id='word_1_55' title='bbox 859 385 887 411; x_wconf 82' lang='grc' dir='ltr'>δὲ</span> <span class='ocrx_word' id='word_1_56' title='bbox 901 387 961 416; x_wconf 86' lang='grc' dir='ltr'>ταῖς</span> 
     </span>
    </p>
   </div>
   <div class='ocr_carea' id='block_1_10' title="bbox 175 427 961 465">
    <p class='ocr_par' dir='ltr' id='par_1_10' title="bbox 175 427 961 465">
     <span class='ocr_line' id='line_1_10' title="bbox 175 427 961 465; baseline 0.004 -12"><span class='ocrx_word' id='word_1_57' title='bbox 175 427 222 453; x_wconf 78' lang='grc' dir='ltr'>τοῦ</span> <span class='ocrx_word' id='word_1_58' title='bbox 236 427 358 454; x_wconf 76' lang='grc' dir='ltr'>διαϐόλου</span> <span class='ocrx_word' id='word_1_59' title='bbox 375 429 638 464; x_wconf 76' lang='grc' dir='ltr'>παρατετραμμένος</span> <span class='ocrx_word' id='word_1_60' title='bbox 662 430 780 461; x_wconf 77' lang='grc' dir='ltr'>ἀπάταις</span> <span class='ocrx_word' id='word_1_61' title='bbox 801 430 961 465; x_wconf 74' lang='grc' dir='ltr'><strong>κατεφρόνει</strong></span> 
     </span>
    </p>
   </div>
   <div class='ocr_carea' id='block_1_11' title="bbox 175 473 962 511">
    <p class='ocr_par' dir='ltr' id='par_1_11' title="bbox 175 473 962 511">
     <span class='ocr_line' id='line_1_11' title="bbox 175 473 962 511; baseline 0.004 -11"><span class='ocrx_word' id='word_1_62' title='bbox 175 473 222 500; x_wconf 82' lang='grc' dir='ltr'>τοῦ</span> <span class='ocrx_word' id='word_1_63' title='bbox 243 474 426 510; x_wconf 81' lang='grc' dir='ltr'>Δημιουργοῦ,</span> <span class='ocrx_word' id='word_1_64' title='bbox 448 474 495 500; x_wconf 80' lang='grc' dir='ltr'><strong>καὶ</strong></span> <span class='ocrx_word' id='word_1_65' title='bbox 513 475 594 510; x_wconf 80' lang='grc' dir='ltr'>νόμον</span> <span class='ocrx_word' id='word_1_66' title='bbox 613 475 658 502; x_wconf 68' lang='grc' dir='ltr'>τὸν</span> <span class='ocrx_word' id='word_1_67' title='bbox 678 475 818 508; x_wconf 74' lang='grc' dir='ltr'><strong>ὁρισθέντα</strong></span> <span class='ocrx_word' id='word_1_68' title='bbox 837 477 962 511; x_wconf 75' lang='grc' dir='ltr'>πατήσας</span> 
     </span>
    </p>
   </div>
   <div class='ocr_carea' id='block_1_12' title="bbox 176 516 962 557">
    <p class='ocr_par' dir='ltr' id='par_1_12' title="bbox 176 516 962 557">
     <span class='ocr_line' id='line_1_12' title="bbox 176 516 962 557; baseline 0.005 -13"><span class='ocrx_word' id='word_1_69' title='bbox 176 519 270 546; x_wconf 74' lang='grc' dir='ltr'>ἐλύπει</span> <span class='ocrx_word' id='word_1_70' title='bbox 281 516 327 546; x_wconf 75' lang='grc' dir='ltr'><strong>τὸν</strong></span> <span class='ocrx_word' id='word_1_71' title='bbox 337 520 493 555; x_wconf 77' lang='grc' dir='ltr'><strong>εὐεργέτην,</strong></span> <span class='ocrx_word' id='word_1_72' title='bbox 503 520 552 556; x_wconf 82' lang='grc' dir='ltr'><strong>τὴν</strong></span> <span class='ocrx_word' id='word_1_73' title='bbox 563 520 636 556; x_wconf 84' lang='grc' dir='ltr'>αὑτῷ</span> <span class='ocrx_word' id='word_1_74' title='bbox 647 521 768 547; x_wconf 81' lang='grc' dir='ltr'>δοοείσαν</span> <span class='ocrx_word' id='word_1_75' title='bbox 779 521 962 557; x_wconf 78' lang='grc' dir='ltr'>ἁνεπράττετο</span> 
     </span>
    </p>
   </div>
   <div class='ocr_carea' id='block_1_13' title="bbox 177 564 962 602">
    <p class='ocr_par' dir='ltr' id='par_1_13' title="bbox 177 564 962 602">
     <span class='ocr_line' id='line_1_13' title="bbox 177 564 962 602; baseline 0.004 -12"><span class='ocrx_word' id='word_1_76' title='bbox 177 564 257 600; x_wconf 70' lang='grc' dir='ltr'>χάριν</span> <span class='ocrx_word' id='word_1_77' title='bbox 266 574 272 580; x_wconf 90' lang='grc'><strong>·</strong></span> <span class='ocrx_word' id='word_1_78' title='bbox 297 574 305 590; x_wconf 73' lang='grc' dir='ltr'>ί</span> <span class='ocrx_word' id='word_1_79' title='bbox 318 565 355 600; x_wconf 87' lang='grc' dir='ltr'><strong>Γῆ</strong></span> <span class='ocrx_word' id='word_1_80' title='bbox 367 564 402 596; x_wconf 83' lang='grc' dir='ltr'><strong>εἴ,</strong></span> <span class='ocrx_word' id='word_1_81' title='bbox 417 566 464 592; x_wconf 71' lang='grc' dir='ltr'>καὶ</span> <span class='ocrx_word' id='word_1_82' title='bbox 475 567 515 597; x_wconf 83' lang='grc' dir='ltr'>εἰς</span> <span class='ocrx_word' id='word_1_83' title='bbox 528 566 579 600; x_wconf 82' lang='grc' dir='ltr'>γῆν</span> <span class='ocrx_word' id='word_1_84' title='bbox 592 566 739 601; x_wconf 77' lang='grc' dir='ltr'>ἀπελεύσῃ,</span> <span class='ocrx_word' id='word_1_85' title='bbox 755 575 764 591; x_wconf 76' lang='grc' dir='ltr'><strong>ι</strong></span> <span class='ocrx_word' id='word_1_86' title='bbox 781 566 841 592; x_wconf 81' lang='grc' dir='ltr'>τότε</span> <span class='ocrx_word' id='word_1_87' title='bbox 855 567 962 602; x_wconf 78' lang='grc' dir='ltr'>πρῶτον</span> 
     </span>
    </p>
   </div>
   <div class='ocr_carea' id='block_1_14' title="bbox 176 611 962 648">
    <p class='ocr_par' dir='ltr' id='par_1_14' title="bbox 176 611 962 648">
     <span class='ocr_line' id='line_1_14' title="bbox 176 611 962 648; baseline 0.003 -11"><span class='ocrx_word' id='word_1_88' title='bbox 176 611 295 642; x_wconf 83' lang='grc' dir='ltr'>ἀκούσας</span> <span class='ocrx_word' id='word_1_89' title='bbox 308 612 321 637; x_wconf 85' lang='grc' dir='ltr'><strong><em>ὁ</em></strong></span> <span class='ocrx_word' id='word_1_90' title='bbox 334 611 452 645; x_wconf 78' lang='grc' dir='ltr'>γεγονὼς</span> <span class='ocrx_word' id='word_1_91' title='bbox 467 612 505 643; x_wconf 72' lang='grc' dir='ltr'><strong>εἰς</strong></span> <span class='ocrx_word' id='word_1_92' title='bbox 521 611 602 647; x_wconf 82' lang='grc' dir='ltr'>ζωὴν,</span> <span class='ocrx_word' id='word_1_93' title='bbox 616 613 836 648; x_wconf 73' lang='grc' dir='ltr'>παρεχαράττετο</span> <span class='ocrx_word' id='word_1_94' title='bbox 850 613 900 648; x_wconf 78' lang='grc' dir='ltr'>ἤδη</span> <span class='ocrx_word' id='word_1_95' title='bbox 917 614 962 640; x_wconf 67' lang='grc' dir='ltr'>καὶ</span> 
     </span>
    </p>
   </div>
   <div class='ocr_carea' id='block_1_15' title="bbox 177 654 962 693">
    <p class='ocr_par' dir='ltr' id='par_1_15' title="bbox 177 654 962 693">
     <span class='ocr_line' id='line_1_15' title="bbox 177 654 962 693; baseline 0.005 -13"><span class='ocrx_word' id='word_1_96' title='bbox 177 655 193 689; x_wconf 79' lang='grc' dir='ltr'>ἡ</span> <span class='ocrx_word' id='word_1_97' title='bbox 211 654 278 690; x_wconf 76' lang='grc' dir='ltr'>πρὸς</span> <span class='ocrx_word' id='word_1_98' title='bbox 295 655 360 681; x_wconf 83' lang='grc' dir='ltr'>Θεὸν</span> <span class='ocrx_word' id='word_1_99' title='bbox 380 655 508 690; x_wconf 80' lang='grc' dir='ltr'><strong>ὁμοίωσις</strong></span> <span class='ocrx_word' id='word_1_100' title='bbox 523 656 567 682; x_wconf 75' lang='grc' dir='ltr'>διὰ</span> <span class='ocrx_word' id='word_1_101' title='bbox 588 657 636 692; x_wconf 75' lang='grc' dir='ltr'>τῆς</span> <span class='ocrx_word' id='word_1_102' title='bbox 654 657 858 692; x_wconf 71' lang='grc' dir='ltr'>ὲπιδραμούσης</span> <span class='ocrx_word' id='word_1_103' title='bbox 875 658 962 693; x_wconf 77' lang='grc' dir='ltr'>ἁμαρ-</span> 
     </span>
    </p>
   </div>
   <div class='ocr_carea' id='block_1_16' title="bbox 177 698 963 738">
    <p class='ocr_par' dir='ltr' id='par_1_16' title="bbox 177 698 963 738">
     <span class='ocr_line' id='line_1_16' title="bbox 177 698 963 738; baseline 0.005 -13"><span class='ocrx_word' id='word_1_104' title='bbox 177 699 246 731; x_wconf 82' lang='grc' dir='ltr'>τίας,</span> <span class='ocrx_word' id='word_1_105' title='bbox 273 700 322 726; x_wconf 70' lang='grc' dir='ltr'><strong>καὶ</strong></span> <span class='ocrx_word' id='word_1_106' title='bbox 343 698 412 736; x_wconf 79' lang='grc' dir='ltr'>ἦσαν</span> <span class='ocrx_word' id='word_1_107' title='bbox 439 701 487 735; x_wconf 83' lang='grc' dir='ltr'><strong>μὲν</strong></span> <span class='ocrx_word' id='word_1_108' title='bbox 512 701 603 728; x_wconf 73' lang='grc' dir='ltr'>οὐκέτι</span> <span class='ocrx_word' id='word_1_109' title='bbox 628 703 719 729; x_wconf 66' lang='grc' dir='ltr'>λοιπὸν</span> <span class='ocrx_word' id='word_1_110' title='bbox 742 704 766 729; x_wconf 84' lang='grc' dir='ltr'>οἱ</span> <span class='ocrx_word' id='word_1_111' title='bbox 790 703 963 738; x_wconf 63' lang='grc' dir='ltr'>χαρακτῆρες</span> 
     </span>
    </p>
   </div>
   <div class='ocr_carea' id='block_1_17' title="bbox 177 746 962 783">
    <p class='ocr_par' dir='ltr' id='par_1_17' title="bbox 177 746 962 783">
     <span class='ocr_line' id='line_1_17' title="bbox 177 746 962 783; baseline 0.005 -12"><span class='ocrx_word' id='word_1_112' title='bbox 177 746 306 781; x_wconf 71' lang='grc' dir='ltr'>λαμπροὶ,</span> <span class='ocrx_word' id='word_1_113' title='bbox 333 746 510 782; x_wconf 75' lang='grc' dir='ltr'>ἀμυδρότεροι</span> <span class='ocrx_word' id='word_1_114' title='bbox 533 747 561 773; x_wconf 80' lang='grc' dir='ltr'><strong>δέ</strong></span> <span class='ocrx_word' id='word_1_115' title='bbox 586 757 642 779; x_wconf 79' lang='grc' dir='ltr'><strong>πως</strong></span> <span class='ocrx_word' id='word_1_116' title='bbox 661 748 690 774; x_wconf 83' lang='grc' dir='ltr'><strong>ὲν</strong></span> <span class='ocrx_word' id='word_1_117' title='bbox 716 748 790 783; x_wconf 77' lang='grc' dir='ltr'>αὐτῷ</span> <span class='ocrx_word' id='word_1_118' title='bbox 815 749 863 775; x_wconf 74' lang='grc' dir='ltr'><strong>καὶ</strong></span> <span class='ocrx_word' id='word_1_119' title='bbox 885 750 962 775; x_wconf 78' lang='grc' dir='ltr'>ἐσκο-</span> 
     </span>
    </p>
   </div>
   <div class='ocr_carea' id='block_1_18' title="bbox 177 792 962 829">
    <p class='ocr_par' dir='ltr' id='par_1_18' title="bbox 177 792 962 829">
     <span class='ocr_line' id='line_1_18' title="bbox 177 792 962 829; baseline 0.005 -12"><span class='ocrx_word' id='word_1_120' title='bbox 177 792 298 826; x_wconf 83' lang='grc' dir='ltr'>τισμένοι</span> <span class='ocrx_word' id='word_1_121' title='bbox 318 792 362 818; x_wconf 76' lang='grc' dir='ltr'>διὰ</span> <span class='ocrx_word' id='word_1_122' title='bbox 383 792 431 828; x_wconf 77' lang='grc' dir='ltr'>τὴν</span> <span class='ocrx_word' id='word_1_123' title='bbox 448 793 612 828; x_wconf 77' lang='grc' dir='ltr'>παράϐασιν.</span> <span class='ocrx_word' id='word_1_124' title='bbox 633 793 740 829; x_wconf 85' lang='grc' dir='ltr'>Ἐπειδὴ</span> <span class='ocrx_word' id='word_1_125' title='bbox 758 794 786 820; x_wconf 78' lang='grc' dir='ltr'>δὲ</span> <span class='ocrx_word' id='word_1_126' title='bbox 805 796 845 826; x_wconf 80' lang='grc' dir='ltr'>εἰς</span> <span class='ocrx_word' id='word_1_127' title='bbox 859 795 962 829; x_wconf 73' lang='grc' dir='ltr'>πληθὺν</span> 
     </span>
    </p>
   </div>
   <div class='ocr_carea' id='block_1_19' title="bbox 177 837 960 874">
    <p class='ocr_par' dir='ltr' id='par_1_19' title="bbox 177 837 960 874">
     <span class='ocr_line' id='line_1_19' title="bbox 177 837 960 874; baseline 0.005 -12"><span class='ocrx_word' id='word_1_128' title='bbox 177 837 294 872; x_wconf 79' lang='grc' dir='ltr'>ἀριθμοῦ</span> <span class='ocrx_word' id='word_1_129' title='bbox 316 837 457 872; x_wconf 79' lang='grc' dir='ltr'>κρείττονα</span> <span class='ocrx_word' id='word_1_130' title='bbox 476 838 506 863; x_wconf 75' lang='grc' dir='ltr'>τὸ</span> <span class='ocrx_word' id='word_1_131' title='bbox 525 838 693 874; x_wconf 79' lang='grc' dir='ltr'>ἀνθρώπινον</span> <span class='ocrx_word' id='word_1_132' title='bbox 708 839 855 870; x_wconf 78' lang='grc' dir='ltr'>ὲξετείνετο</span> <span class='ocrx_word' id='word_1_133' title='bbox 874 839 960 873; x_wconf 83' lang='grc' dir='ltr'>γένος,</span> 
     </span>
    </p>
   </div>
   <div class='ocr_carea' id='block_1_20' title="bbox 179 883 962 921">
    <p class='ocr_par' dir='ltr' id='par_1_20' title="bbox 179 883 962 921">
     <span class='ocr_line' id='line_1_20' title="bbox 179 883 962 921; baseline 0.005 -13"><span class='ocrx_word' id='word_1_134' title='bbox 179 883 339 918; x_wconf 70' lang='grc' dir='ltr'>κατεκράτει</span> <span class='ocrx_word' id='word_1_135' title='bbox 361 883 390 909; x_wconf 80' lang='grc' dir='ltr'>δὲ</span> <span class='ocrx_word' id='word_1_136' title='bbox 405 883 511 910; x_wconf 71' lang='grc' dir='ltr'>πάντων</span> <span class='ocrx_word' id='word_1_137' title='bbox 533 885 549 919; x_wconf 83' lang='grc' dir='ltr'><strong>ἡ</strong></span> <span class='ocrx_word' id='word_1_138' title='bbox 566 884 699 919; x_wconf 82' lang='grc' dir='ltr'>ἁμαρτία,</span> <span class='ocrx_word' id='word_1_139' title='bbox 717 885 894 921; x_wconf 77' lang='grc' dir='ltr'><strong>πολυτρόπως</strong></span> <span class='ocrx_word' id='word_1_140' title='bbox 913 885 962 921; x_wconf 78' lang='grc' dir='ltr'><strong>τὴν</strong></span> 
     </span>
    </p>
   </div>
   <div class='ocr_carea' id='block_1_21' title="bbox 177 929 963 968">
    <p class='ocr_par' dir='ltr' id='par_1_21' title="bbox 177 929 963 968">
     <span class='ocr_line' id='line_1_21' title="bbox 177 929 963 968; baseline 0.005 -13"><span class='ocrx_word' id='word_1_141' title='bbox 177 929 291 957; x_wconf 79' lang='grc' dir='ltr'>ἑκάστου</span> <span class='ocrx_word' id='word_1_142' title='bbox 307 929 452 965; x_wconf 78' lang='grc' dir='ltr'>ληϊζομένη</span> <span class='ocrx_word' id='word_1_143' title='bbox 465 930 564 966; x_wconf 76' lang='grc' dir='ltr'>ψυχὴν,</span> <span class='ocrx_word' id='word_1_144' title='bbox 579 931 769 966; x_wconf 83' lang='grc' dir='ltr'>ἀπεγυμνοῦτο</span> <span class='ocrx_word' id='word_1_145' title='bbox 790 933 838 967; x_wconf 83' lang='grc' dir='ltr'><strong>μὲν</strong></span> <span class='ocrx_word' id='word_1_146' title='bbox 852 933 963 968; x_wconf 82' lang='grc' dir='ltr'>χάριτος</span> 
     </span>
    </p>
   </div>
   <div class='ocr_carea' id='block_1_22' title="bbox 176 975 964 1013">
    <p class='ocr_par' dir='ltr' id='par_1_22' title="bbox 176 975 964 1013">
     <span class='ocr_line' id='line_1_22' title="bbox 176 975 964 1013; baseline 0.005 -12"><span class='ocrx_word' id='word_1_147' title='bbox 176 976 226 1010; x_wconf 82' lang='grc' dir='ltr'><strong>τῆς</strong></span> <span class='ocrx_word' id='word_1_148' title='bbox 249 975 363 1010; x_wconf 79' lang='grc' dir='ltr'><strong>ἀρχαίας</strong></span> <span class='ocrx_word' id='word_1_149' title='bbox 387 976 404 1010; x_wconf 83' lang='grc' dir='ltr'>ἡ</span> <span class='ocrx_word' id='word_1_150' title='bbox 427 976 506 1010; x_wconf 85' lang='grc' dir='ltr'>φύσις</span> <span class='ocrx_word' id='word_1_151' title='bbox 519 985 525 991; x_wconf 93' lang='grc'><strong>·</strong></span> <span class='ocrx_word' id='word_1_152' title='bbox 555 977 736 1004; x_wconf 75' lang='grc' dir='ltr'>ἀπανίσταται</span> <span class='ocrx_word' id='word_1_153' title='bbox 756 977 784 1004; x_wconf 84' lang='grc' dir='ltr'>δὲ</span> <span class='ocrx_word' id='word_1_154' title='bbox 805 978 835 1004; x_wconf 78' lang='grc' dir='ltr'>τὸ</span> <span class='ocrx_word' id='word_1_155' title='bbox 851 978 964 1013; x_wconf 83' lang='grc' dir='ltr'>Πνεῦμα</span> 
     </span>
    </p>
   </div>
   <div class='ocr_carea' id='block_1_23' title="bbox 177 1021 963 1059">
    <p class='ocr_par' dir='ltr' id='par_1_23' title="bbox 177 1021 963 1059">
     <span class='ocr_line' id='line_1_23' title="bbox 177 1021 963 1059; baseline 0.005 -13"><span class='ocrx_word' id='word_1_156' title='bbox 177 1021 335 1053; x_wconf 79' lang='grc' dir='ltr'><strong>παντελῶς,</strong></span> <span class='ocrx_word' id='word_1_157' title='bbox 360 1021 407 1048; x_wconf 78' lang='grc' dir='ltr'>καὶ</span> <span class='ocrx_word' id='word_1_158' title='bbox 425 1022 518 1048; x_wconf 83' lang='grc' dir='ltr'>πίπτει</span> <span class='ocrx_word' id='word_1_159' title='bbox 533 1023 601 1058; x_wconf 72' lang='grc' dir='ltr'>προς</span> <span class='ocrx_word' id='word_1_160' title='bbox 616 1023 664 1058; x_wconf 87' lang='grc' dir='ltr'>τὴν</span> <span class='ocrx_word' id='word_1_161' title='bbox 680 1023 799 1059; x_wconf 80' lang='grc' dir='ltr'><strong>ἐσχάτην</strong></span> <span class='ocrx_word' id='word_1_162' title='bbox 819 1023 931 1058; x_wconf 80' lang='grc' dir='ltr'>ἀλογίαν</span> <span class='ocrx_word' id='word_1_163' title='bbox 950 1026 963 1051; x_wconf 79' lang='grc' dir='ltr'>ὁ</span> 
     </span>
    </p>
   </div>
   <div class='ocr_carea' id='block_1_24' title="bbox 176 1066 963 1104">
    <p class='ocr_par' dir='ltr' id='par_1_24' title="bbox 176 1066 963 1104">
     <span class='ocr_line' id='line_1_24' title="bbox 176 1066 963 1104; baseline 0.006 -12"><span class='ocrx_word' id='word_1_164' title='bbox 176 1066 293 1100; x_wconf 69' lang='grc' dir='ltr'>λογικὸς,</span> <span class='ocrx_word' id='word_1_165' title='bbox 320 1067 366 1094; x_wconf 78' lang='grc' dir='ltr'>καὶ</span> <span class='ocrx_word' id='word_1_166' title='bbox 382 1067 462 1094; x_wconf 83' lang='grc' dir='ltr'>αὑτὸν</span> <span class='ocrx_word' id='word_1_167' title='bbox 484 1069 622 1104; x_wconf 78' lang='grc' dir='ltr'><strong>ἀγνοήσας</strong></span> <span class='ocrx_word' id='word_1_168' title='bbox 641 1068 687 1095; x_wconf 81' lang='grc' dir='ltr'><strong>τὸν</strong></span> <span class='ocrx_word' id='word_1_169' title='bbox 703 1068 841 1096; x_wconf 76' lang='grc' dir='ltr'>κτίσαντα.</span> <span class='ocrx_word' id='word_1_170' title='bbox 866 1070 936 1096; x_wconf 73' lang='grc' dir='ltr'>Ἀλλ’</span> <span class='ocrx_word' id='word_1_171' title='bbox 950 1071 963 1097; x_wconf 87' lang='grc' dir='ltr'><strong>ὁ</strong></span> 
     </span>
    </p>
   </div>
   <div class='ocr_carea' id='block_1_25' title="bbox 177 1112 961 1151">
    <p class='ocr_par' dir='ltr' id='par_1_25' title="bbox 177 1112 961 1151">
     <span class='ocr_line' id='line_1_25' title="bbox 177 1112 961 1151; baseline 0.005 -13"><span class='ocrx_word' id='word_1_172' title='bbox 177 1112 285 1139; x_wconf 83' lang='grc' dir='ltr'>πάντων</span> <span class='ocrx_word' id='word_1_173' title='bbox 298 1113 467 1149; x_wconf 81' lang='grc' dir='ltr'>Δημιουργὸς</span> <span class='ocrx_word' id='word_1_174' title='bbox 483 1114 605 1149; x_wconf 83' lang='grc' dir='ltr'>μακροὺς</span> <span class='ocrx_word' id='word_1_175' title='bbox 627 1114 825 1150; x_wconf 80' lang='grc' dir='ltr'>ὰνεξικακήσας</span> <span class='ocrx_word' id='word_1_176' title='bbox 839 1115 961 1151; x_wconf 85' lang='grc' dir='ltr'>χρόνους,</span> 
     </span>
    </p>
   </div>
   <div class='ocr_carea' id='block_1_26' title="bbox 177 1152 963 1196">
    <p class='ocr_par' dir='ltr' id='par_1_26' title="bbox 177 1152 963 1196">
     <span class='ocr_line' id='line_1_26' title="bbox 177 1152 963 1196; baseline 0.006 -13"><span class='ocrx_word' id='word_1_177' title='bbox 177 1158 248 1185; x_wconf 78' lang='grc' dir='ltr'>ἐλεεῖ</span> <span class='ocrx_word' id='word_1_178' title='bbox 260 1158 352 1185; x_wconf 69' lang='grc' dir='ltr'>λοιπον</span> <span class='ocrx_word' id='word_1_179' title='bbox 369 1159 596 1195; x_wconf 61' lang='grc' dir='ltr'>κατεφθαρμένην</span> <span class='ocrx_word' id='word_1_180' title='bbox 611 1152 659 1195; x_wconf 59' lang='grc' dir='ltr'>τῆν</span> <span class='ocrx_word' id='word_1_181' title='bbox 674 1160 845 1195; x_wconf 70' lang='grc' dir='ltr'>οἰκουμένην,</span> <span class='ocrx_word' id='word_1_182' title='bbox 858 1162 905 1188; x_wconf 78' lang='grc' dir='ltr'><strong>καὶ</strong></span> <span class='ocrx_word' id='word_1_183' title='bbox 914 1162 963 1196; x_wconf 70' lang='grc' dir='ltr'><strong>τὴν</strong></span> 
     </span>
    </p>
   </div>
   <div class='ocr_carea' id='block_1_27' title="bbox 178 1204 964 1242">
    <p class='ocr_par' dir='ltr' id='par_1_27' title="bbox 178 1204 964 1242">
     <span class='ocr_line' id='line_1_27' title="bbox 178 1204 964 1242; baseline 0.004 -12"><span class='ocrx_word' id='word_1_184' title='bbox 178 1204 226 1239; x_wconf 86' lang='grc' dir='ltr'>μὲν</span> <span class='ocrx_word' id='word_1_185' title='bbox 242 1204 464 1240; x_wconf 78' lang='grc' dir='ltr'>δραπετεύσασαν</span> <span class='ocrx_word' id='word_1_186' title='bbox 489 1205 535 1231; x_wconf 75' lang='grc' dir='ltr'>ἐπὶ</span> <span class='ocrx_word' id='word_1_187' title='bbox 553 1205 602 1241; x_wconf 83' lang='grc' dir='ltr'><strong>τῆς</strong></span> <span class='ocrx_word' id='word_1_188' title='bbox 625 1206 676 1241; x_wconf 75' lang='grc' dir='ltr'>γῆς</span> <span class='ocrx_word' id='word_1_189' title='bbox 697 1206 798 1242; x_wconf 86' lang='grc' dir='ltr'><strong>ἀγέλην</strong></span> <span class='ocrx_word' id='word_1_190' title='bbox 822 1207 883 1238; x_wconf 83' lang='grc' dir='ltr'>ταῖς</span> <span class='ocrx_word' id='word_1_191' title='bbox 908 1207 964 1234; x_wconf 83' lang='grc' dir='ltr'>ἂνω</span> 
     </span>
    </p>
   </div>
   <div class='ocr_carea' id='block_1_28' title="bbox 177 1250 964 1287">
    <p class='ocr_par' dir='ltr' id='par_1_28' title="bbox 177 1250 964 1287">
     <span class='ocr_line' id='line_1_28' title="bbox 177 1250 964 1287; baseline 0.004 -11"><span class='ocrx_word' id='word_1_192' title='bbox 177 1250 324 1278; x_wconf 81' lang='grc' dir='ltr'>συνάπτειν</span> <span class='ocrx_word' id='word_1_193' title='bbox 340 1251 441 1285; x_wconf 80' lang='grc' dir='ltr'>ἀγαθὸς</span> <span class='ocrx_word' id='word_1_194' title='bbox 456 1250 494 1278; x_wconf 85' lang='grc' dir='ltr'><strong>ὢν</strong></span> <span class='ocrx_word' id='word_1_195' title='bbox 513 1251 645 1286; x_wconf 79' lang='grc' dir='ltr'>ὴπείγετο</span> <span class='ocrx_word' id='word_1_196' title='bbox 657 1260 664 1267; x_wconf 88' lang='grc'>·</span> <span class='ocrx_word' id='word_1_197' title='bbox 692 1251 911 1287; x_wconf 84' lang='grc' dir='ltr'>μεταστοιχειοῠν</span> <span class='ocrx_word' id='word_1_198' title='bbox 935 1253 964 1279; x_wconf 78' lang='grc' dir='ltr'>δὲ</span> 
     </span>
    </p>
   </div>
   <div class='ocr_carea' id='block_1_29' title="bbox 177 1297 964 1334">
    <p class='ocr_par' dir='ltr' id='par_1_29' title="bbox 177 1297 964 1334">
     <span class='ocr_line' id='line_1_29' title="bbox 177 1297 964 1334; baseline 0.004 -12"><span class='ocrx_word' id='word_1_199' title='bbox 177 1297 258 1324; x_wconf 81' lang='grc' dir='ltr'>πάλιν</span> <span class='ocrx_word' id='word_1_200' title='bbox 272 1297 311 1328; x_wconf 79' lang='grc' dir='ltr'>εἰς</span> <span class='ocrx_word' id='word_1_201' title='bbox 327 1297 376 1333; x_wconf 80' lang='grc' dir='ltr'><strong>τὴν</strong></span> <span class='ocrx_word' id='word_1_202' title='bbox 395 1297 511 1332; x_wconf 78' lang='grc' dir='ltr'>ἀρχαίαν</span> <span class='ocrx_word' id='word_1_203' title='bbox 532 1299 624 1324; x_wconf 76' lang='grc' dir='ltr'>εἰκόνα</span> <span class='ocrx_word' id='word_1_204' title='bbox 638 1297 687 1334; x_wconf 81' lang='grc' dir='ltr'><strong>τὴν</strong></span> <span class='ocrx_word' id='word_1_205' title='bbox 702 1298 900 1334; x_wconf 82' lang='grc' dir='ltr'>ἀνορωπὸτητα</span> <span class='ocrx_word' id='word_1_206' title='bbox 920 1298 964 1326; x_wconf 73' lang='grc' dir='ltr'>διὰ</span> 
     </span>
    </p>
   </div>
   <div class='ocr_carea' id='block_1_30' title="bbox 176 1341 964 1379">
    <p class='ocr_par' dir='ltr' id='par_1_30' title="bbox 176 1341 964 1379">
     <span class='ocr_line' id='line_1_30' title="bbox 176 1341 964 1379; baseline 0.003 -11"><span class='ocrx_word' id='word_1_207' title='bbox 176 1342 223 1368; x_wconf 80' lang='grc' dir='ltr'>τοῦ</span> <span class='ocrx_word' id='word_1_208' title='bbox 239 1342 395 1378; x_wconf 79' lang='grc' dir='ltr'>Πνεύματος</span> <span class='ocrx_word' id='word_1_209' title='bbox 408 1343 578 1379; x_wconf 79' lang='grc' dir='ltr'>ἐδοκίμαζεν.</span> <span class='ocrx_word' id='word_1_210' title='bbox 592 1341 646 1370; x_wconf 83' lang='grc' dir='ltr'>Ἦν</span> <span class='ocrx_word' id='word_1_211' title='bbox 659 1343 713 1379; x_wconf 77' lang='grc' dir='ltr'>γὰρ</span> <span class='ocrx_word' id='word_1_212' title='bbox 728 1345 777 1379; x_wconf 72' lang='grc' dir='ltr'><strong>οὐχ</strong></span> <span class='ocrx_word' id='word_1_213' title='bbox 789 1344 890 1379; x_wconf 82' lang='grc' dir='ltr'><strong>ἑτέρως</strong></span> <span class='ocrx_word' id='word_1_214' title='bbox 901 1344 964 1375; x_wconf 84' lang='grc' dir='ltr'>τοὺς</span> 
     </span>
    </p>
   </div>
   <div class='ocr_carea' id='block_1_31' title="bbox 177 1387 963 1424">
    <p class='ocr_par' dir='ltr' id='par_1_31' title="bbox 177 1387 963 1424">
     <span class='ocr_line' id='line_1_31' title="bbox 177 1387 963 1424; baseline 0.004 -11"><span class='ocrx_word' id='word_1_215' title='bbox 177 1387 268 1419; x_wconf 77' lang='grc' dir='ltr'>θείους</span> <span class='ocrx_word' id='word_1_216' title='bbox 281 1387 438 1423; x_wconf 64' lang='grc' dir='ltr'>ἀναλάμψαι</span> <span class='ocrx_word' id='word_1_217' title='bbox 454 1389 631 1424; x_wconf 78' lang='grc' dir='ltr'>χαρακτῆρας</span> <span class='ocrx_word' id='word_1_218' title='bbox 644 1389 673 1416; x_wconf 83' lang='grc' dir='ltr'><strong>ἐν</strong></span> <span class='ocrx_word' id='word_1_219' title='bbox 690 1389 769 1424; x_wconf 72' lang='grc' dir='ltr'>αὐτῇ,</span> <span class='ocrx_word' id='word_1_220' title='bbox 782 1389 907 1424; x_wconf 85' lang='grc' dir='ltr'>καθάπερ</span> <span class='ocrx_word' id='word_1_221' title='bbox 917 1387 963 1416; x_wconf 83' lang='grc' dir='ltr'>οὖν</span> 
     </span>
    </p>
   </div>
   <div class='ocr_carea' id='block_1_32' title="bbox 176 1431 962 1471">
    <p class='ocr_par' dir='ltr' id='par_1_32' title="bbox 176 1431 962 1471">
     <span class='ocr_line' id='line_1_32' title="bbox 176 1431 962 1471; baseline 0.003 -11"><span class='ocrx_word' id='word_1_222' title='bbox 176 1431 247 1469; x_wconf 80' lang='grc' dir='ltr'>ἦσαν</span> <span class='ocrx_word' id='word_1_223' title='bbox 262 1434 309 1460; x_wconf 75' lang='grc' dir='ltr'>καὶ</span> <span class='ocrx_word' id='word_1_224' title='bbox 325 1433 467 1469; x_wconf 80' lang='grc' dir='ltr'>πρότερον.</span> <span class='ocrx_word' id='word_1_225' title='bbox 486 1433 519 1461; x_wconf 81' lang='grc' dir='ltr'>Τί</span> <span class='ocrx_word' id='word_1_226' title='bbox 534 1432 580 1461; x_wconf 75' lang='grc' dir='ltr'><strong>οὖν</strong></span> <span class='ocrx_word' id='word_1_227' title='bbox 594 1435 647 1470; x_wconf 84' lang='grc' dir='ltr'>ἄρα</span> <span class='ocrx_word' id='word_1_228' title='bbox 662 1434 730 1471; x_wconf 68' lang='grc' dir='ltr'>πρὸς</span> <span class='ocrx_word' id='word_1_229' title='bbox 745 1436 824 1461; x_wconf 70' lang='grc' dir='ltr'>τοῦτο</span> <span class='ocrx_word' id='word_1_230' title='bbox 839 1435 962 1471; x_wconf 84' lang='grc' dir='ltr'>μηχανᾶ-</span> 
     </span>
    </p>
   </div>
   <div class='ocr_carea' id='block_1_33' title="bbox 176 1480 963 1518">
    <p class='ocr_par' dir='ltr' id='par_1_33' title="bbox 176 1480 963 1518">
     <span class='ocr_line' id='line_1_33' title="bbox 176 1480 963 1518; baseline 0.003 -12"><span class='ocrx_word' id='word_1_231' title='bbox 176 1489 232 1511; x_wconf 66' lang='lat' dir='ltr'><strong>ut,</strong></span> <span class='ocrx_word' id='word_1_232' title='bbox 256 1480 316 1511; x_wconf 84' lang='grc' dir='ltr'>πῶς</span> <span class='ocrx_word' id='word_1_233' title='bbox 332 1480 360 1506; x_wconf 82' lang='grc' dir='ltr'>δὲ</span> <span class='ocrx_word' id='word_1_234' title='bbox 375 1480 473 1508; x_wconf 77' lang='grc' dir='ltr'>ἄσυλον</span> <span class='ocrx_word' id='word_1_235' title='bbox 497 1481 525 1507; x_wconf 81' lang='grc' dir='ltr'>ἐν</span> <span class='ocrx_word' id='word_1_236' title='bbox 544 1481 610 1516; x_wconf 84' lang='grc' dir='ltr'>ἡμῖν</span> <span class='ocrx_word' id='word_1_237' title='bbox 624 1480 756 1516; x_wconf 76' lang='grc' dir='ltr'>ἐφύτευσε</span> <span class='ocrx_word' id='word_1_238' title='bbox 773 1481 822 1516; x_wconf 86' lang='grc' dir='ltr'><strong>τὴν</strong></span> <span class='ocrx_word' id='word_1_239' title='bbox 838 1481 928 1517; x_wconf 84' lang='grc' dir='ltr'>χάριν,</span> <span class='ocrx_word' id='word_1_240' title='bbox 945 1481 963 1518; x_wconf 79' lang='grc' dir='ltr'><strong>ἢ</strong></span> 
     </span>
    </p>
   </div>
   <div class='ocr_carea' id='block_1_34' title="bbox 177 1526 964 1563">
    <p class='ocr_par' dir='ltr' id='par_1_34' title="bbox 177 1526 964 1563">
     <span class='ocr_line' id='line_1_34' title="bbox 177 1526 964 1563; baseline 0.004 -11"><span class='ocrx_word' id='word_1_241' title='bbox 177 1526 236 1558; x_wconf 77' lang='grc' dir='ltr'><strong>πῶς</strong></span> <span class='ocrx_word' id='word_1_242' title='bbox 251 1526 386 1562; x_wconf 82' lang='grc' dir='ltr'><strong>ὲῤῥιξώθη</strong></span> <span class='ocrx_word' id='word_1_243' title='bbox 402 1527 482 1554; x_wconf 81' lang='grc' dir='ltr'>πάλιν</span> <span class='ocrx_word' id='word_1_244' title='bbox 505 1528 534 1554; x_wconf 81' lang='grc' dir='ltr'>ὲν</span> <span class='ocrx_word' id='word_1_245' title='bbox 551 1527 705 1563; x_wconf 82' lang='grc' dir='ltr'>ἀνθρώποις</span> <span class='ocrx_word' id='word_1_246' title='bbox 718 1528 748 1555; x_wconf 87' lang='grc' dir='ltr'>τὸ</span> <span class='ocrx_word' id='word_1_247' title='bbox 764 1528 888 1563; x_wconf 83' lang='grc' dir='ltr'>Πνεῦμα,</span> <span class='ocrx_word' id='word_1_248' title='bbox 904 1528 964 1555; x_wconf 82' lang='grc' dir='ltr'>τίνα</span> 
     </span>
    </p>
   </div>
   <div class='ocr_carea' id='block_1_35' title="bbox 176 1571 963 1610">
    <p class='ocr_par' dir='ltr' id='par_1_35' title="bbox 176 1571 963 1610">
     <span class='ocr_line' id='line_1_35' title="bbox 176 1571 963 1610; baseline 0.003 -12"><span class='ocrx_word' id='word_1_249' title='bbox 176 1571 206 1599; x_wconf 81' lang='grc' dir='ltr'>δὲ</span> <span class='ocrx_word' id='word_1_250' title='bbox 222 1572 323 1607; x_wconf 81' lang='grc' dir='ltr'>τρόπον</span> <span class='ocrx_word' id='word_1_251' title='bbox 346 1572 363 1608; x_wconf 84' lang='grc' dir='ltr'>ἡ</span> <span class='ocrx_word' id='word_1_252' title='bbox 387 1572 467 1608; x_wconf 85' lang='grc' dir='ltr'>φύσις</span> <span class='ocrx_word' id='word_1_253' title='bbox 492 1573 673 1610; x_wconf 79' lang='grc' dir='ltr'>άνεμορφὼοη</span> <span class='ocrx_word' id='word_1_254' title='bbox 697 1574 764 1609; x_wconf 83' lang='grc' dir='ltr'>πρὸς</span> <span class='ocrx_word' id='word_1_255' title='bbox 790 1573 820 1600; x_wconf 72' lang='grc' dir='ltr'>τὸ</span> <span class='ocrx_word' id='word_1_256' title='bbox 840 1574 963 1610; x_wconf 82' lang='grc' dir='ltr'>ἀρχαῖον,</span> 
     </span>
    </p>
   </div>
   <div class='ocr_carea' id='block_1_36' title="bbox 177 1618 964 1655">
    <p class='ocr_par' dir='ltr' id='par_1_36' title="bbox 177 1618 964 1655">
     <span class='ocr_line' id='line_1_36' title="bbox 177 1618 964 1655; baseline 0.001 -10"><span class='ocrx_word' id='word_1_257' title='bbox 177 1618 324 1646; x_wconf 77' lang='grc' dir='ltr'>ἀκόλουθον</span> <span class='ocrx_word' id='word_1_258' title='bbox 346 1619 443 1646; x_wconf 84' lang='grc' dir='ltr'>εἰπεῖν.</span> <span class='ocrx_word' id='word_1_259' title='bbox 467 1618 498 1646; x_wconf 91' lang='grc' dir='ltr'><strong>Ὀ</strong></span> <span class='ocrx_word' id='word_1_260' title='bbox 524 1619 632 1654; x_wconf 80' lang='grc' dir='ltr'>πρῶτος</span> <span class='ocrx_word' id='word_1_261' title='bbox 654 1619 805 1655; x_wconf 78' lang='grc' dir='ltr'>ἄνθρωπος,</span> <span class='ocrx_word' id='word_1_262' title='bbox 829 1619 919 1654; x_wconf 78' lang='grc' dir='ltr'><strong>χοϊκός</strong></span> <span class='ocrx_word' id='word_1_263' title='bbox 934 1628 964 1645; x_wconf 88' lang='grc' dir='ltr'><strong>τε</strong></span> 
     </span>
    </p>
   </div>
   <div class='ocr_carea' id='block_1_37' title="bbox 177 1662 965 1700">
    <p class='ocr_par' dir='ltr' id='par_1_37' title="bbox 177 1662 965 1700">
     <span class='ocr_line' id='line_1_37' title="bbox 177 1662 965 1700; baseline 0.001 -11"><span class='ocrx_word' id='word_1_264' title='bbox 177 1662 307 1698; x_wconf 81' lang='grc' dir='ltr'>ὑπάρχων</span> <span class='ocrx_word' id='word_1_265' title='bbox 321 1663 368 1690; x_wconf 74' lang='grc' dir='ltr'><strong>καὶ</strong></span> <span class='ocrx_word' id='word_1_266' title='bbox 380 1663 434 1689; x_wconf 81' lang='grc' dir='ltr'><strong>ἀπὸ</strong></span> <span class='ocrx_word' id='word_1_267' title='bbox 445 1663 494 1698; x_wconf 84' lang='grc' dir='ltr'>τῆς</span> <span class='ocrx_word' id='word_1_268' title='bbox 507 1663 569 1698; x_wconf 81' lang='grc' dir='ltr'>γῆς,</span> <span class='ocrx_word' id='word_1_269' title='bbox 585 1663 631 1690; x_wconf 71' lang='grc' dir='ltr'><strong>καὶ</strong></span> <span class='ocrx_word' id='word_1_270' title='bbox 645 1664 673 1690; x_wconf 80' lang='grc' dir='ltr'>ὲν</span> <span class='ocrx_word' id='word_1_271' title='bbox 688 1663 740 1699; x_wconf 79' lang='grc' dir='ltr'>ἰδίᾳ</span> <span class='ocrx_word' id='word_1_272' title='bbox 756 1664 884 1700; x_wconf 84' lang='grc' dir='ltr'>κειμένην</span> <span class='ocrx_word' id='word_1_273' title='bbox 895 1664 965 1699; x_wconf 76' lang='grc' dir='ltr'>ἔχων</span> 
     </span>
    </p>
   </div>
   <div class='ocr_carea' id='block_1_38' title="bbox 177 1707 963 1745">
    <p class='ocr_par' dir='ltr' id='par_1_38' title="bbox 177 1707 963 1745">
     <span class='ocr_line' id='line_1_38' title="bbox 177 1707 963 1745; baseline 0.004 -12"><span class='ocrx_word' id='word_1_274' title='bbox 177 1707 298 1743; x_wconf 76' lang='grc' dir='ltr'>ἐξουσίᾳ,</span> <span class='ocrx_word' id='word_1_275' title='bbox 316 1707 363 1734; x_wconf 84' lang='grc' dir='ltr'>τοῦ</span> <span class='ocrx_word' id='word_1_276' title='bbox 383 1716 412 1734; x_wconf 88' lang='grc' dir='ltr'><strong>τε</strong></span> <span class='ocrx_word' id='word_1_277' title='bbox 429 1707 531 1741; x_wconf 76' lang='grc' dir='ltr'>ἀγαθοῦ</span> <span class='ocrx_word' id='word_1_278' title='bbox 548 1707 653 1734; x_wconf 73' lang='grc' dir='ltr'>καὶτοῦ</span> <span class='ocrx_word' id='word_1_279' title='bbox 667 1708 769 1743; x_wconf 79' lang='grc' dir='ltr'>φαύλου</span> <span class='ocrx_word' id='word_1_280' title='bbox 785 1708 835 1745; x_wconf 83' lang='grc' dir='ltr'><strong>τὴν</strong></span> <span class='ocrx_word' id='word_1_281' title='bbox 849 1709 963 1745; x_wconf 78' lang='grc' dir='ltr'>αἵρεσιν,</span> 
     </span>
    </p>
   </div>
   <div class='ocr_carea' id='block_1_39' title="bbox 179 1754 965 1792">
    <p class='ocr_par' dir='ltr' id='par_1_39' title="bbox 179 1754 965 1792">
     <span class='ocr_line' id='line_1_39' title="bbox 179 1754 965 1792; baseline 0.003 -12"><span class='ocrx_word' id='word_1_282' title='bbox 179 1754 265 1789; x_wconf 74' lang='grc' dir='ltr'>ῥοπῆς</span> <span class='ocrx_word' id='word_1_283' title='bbox 287 1762 319 1788; x_wconf 91' lang='grc' dir='ltr'><strong>γε</strong></span> <span class='ocrx_word' id='word_1_284' title='bbox 340 1754 389 1789; x_wconf 79' lang='grc' dir='ltr'>τῆς</span> <span class='ocrx_word' id='word_1_285' title='bbox 411 1755 453 1781; x_wconf 80' lang='grc' dir='ltr'><strong>ἐπ’</strong></span> <span class='ocrx_word' id='word_1_286' title='bbox 468 1755 551 1789; x_wconf 75' lang='grc' dir='ltr'>ἄμφω</span> <span class='ocrx_word' id='word_1_287' title='bbox 570 1754 664 1790; x_wconf 84' lang='grc' dir='ltr'>κύριος</span> <span class='ocrx_word' id='word_1_288' title='bbox 688 1755 736 1787; x_wconf 86' lang='grc' dir='ltr'>ὣν,</span> <span class='ocrx_word' id='word_1_289' title='bbox 759 1756 851 1791; x_wconf 76' lang='grc' dir='ltr'>πικρῷ</span> <span class='ocrx_word' id='word_1_290' title='bbox 867 1765 965 1792; x_wconf 85' lang='grc' dir='ltr'>συνηρ-</span> 
     </span>
    </p>
   </div>
   <div class='ocr_carea' id='block_1_40' title="bbox 177 1799 964 1836">
    <p class='ocr_par' dir='ltr' id='par_1_40' title="bbox 177 1799 964 1836">
     <span class='ocr_line' id='line_1_40' title="bbox 177 1799 964 1836; baseline 0.004 -11"><span class='ocrx_word' id='word_1_291' title='bbox 177 1799 270 1834; x_wconf 78' lang='grc' dir='ltr'>πάσθη</span> <span class='ocrx_word' id='word_1_292' title='bbox 285 1799 364 1834; x_wconf 83' lang='grc' dir='ltr'>δόλῳ,</span> <span class='ocrx_word' id='word_1_293' title='bbox 383 1799 429 1826; x_wconf 71' lang='grc' dir='ltr'>καὶ</span> <span class='ocrx_word' id='word_1_294' title='bbox 445 1799 595 1831; x_wconf 79' lang='grc' dir='ltr'>ἀποκλίνας</span> <span class='ocrx_word' id='word_1_295' title='bbox 618 1801 658 1832; x_wconf 81' lang='grc' dir='ltr'>εἰς</span> <span class='ocrx_word' id='word_1_296' title='bbox 683 1801 842 1836; x_wconf 75' lang='grc' dir='ltr'>παρακοὴν,</span> <span class='ocrx_word' id='word_1_297' title='bbox 870 1801 964 1828; x_wconf 84' lang='grc' dir='ltr'>πίπτει</span> 
     </span>
    </p>
   </div>
   <div class='ocr_carea' id='block_1_41' title="bbox 178 1845 964 1883">
    <p class='ocr_par' dir='ltr' id='par_1_41' title="bbox 178 1845 964 1883">
     <span class='ocr_line' id='line_1_41' title="bbox 178 1845 964 1883; baseline 0.003 -11"><span class='ocrx_word' id='word_1_298' title='bbox 178 1845 228 1880; x_wconf 83' lang='grc' dir='ltr'><strong>μὲν</strong></span> <span class='ocrx_word' id='word_1_299' title='bbox 242 1846 282 1877; x_wconf 79' lang='grc' dir='ltr'>εἰς</span> <span class='ocrx_word' id='word_1_300' title='bbox 298 1845 348 1880; x_wconf 84' lang='grc' dir='ltr'>τὴν</span> <span class='ocrx_word' id='word_1_301' title='bbox 363 1845 423 1872; x_wconf 79' lang='grc' dir='ltr'>ὅθεν</span> <span class='ocrx_word' id='word_1_302' title='bbox 447 1845 527 1880; x_wconf 79' lang='grc' dir='ltr'>ἐξέφυ</span> <span class='ocrx_word' id='word_1_303' title='bbox 546 1846 651 1882; x_wconf 84' lang='grc' dir='ltr'>μητέρα</span> <span class='ocrx_word' id='word_1_304' title='bbox 675 1846 725 1882; x_wconf 86' lang='grc' dir='ltr'><strong>τὴν</strong></span> <span class='ocrx_word' id='word_1_305' title='bbox 747 1847 808 1882; x_wconf 80' lang='grc' dir='ltr'>γῆν,</span> <span class='ocrx_word' id='word_1_306' title='bbox 835 1847 923 1883; x_wconf 80' lang='grc' dir='ltr'>φθορᾷ</span> <span class='ocrx_word' id='word_1_307' title='bbox 936 1848 964 1874; x_wconf 82' lang='grc' dir='ltr'>δὲ</span> 
     </span>
    </p>
   </div>
   <div class='ocr_carea' id='block_1_42' title="bbox 177 1891 964 1928">
    <p class='ocr_par' dir='ltr' id='par_1_42' title="bbox 177 1891 964 1928">
     <span class='ocr_line' id='line_1_42' title="bbox 177 1891 964 1928; baseline 0 -10"><span class='ocrx_word' id='word_1_308' title='bbox 177 1891 239 1926; x_wconf 74' lang='grc' dir='ltr'>ἤδη,</span> <span class='ocrx_word' id='word_1_309' title='bbox 254 1891 302 1918; x_wconf 75' lang='grc' dir='ltr'>καὶ</span> <span class='ocrx_word' id='word_1_310' title='bbox 322 1891 430 1926; x_wconf 82' lang='grc' dir='ltr'>Θανάτῳ</span> <span class='ocrx_word' id='word_1_311' title='bbox 444 1891 637 1928; x_wconf 80' lang='grc' dir='ltr'>κρατούμενος,</span> <span class='ocrx_word' id='word_1_312' title='bbox 658 1892 712 1927; x_wconf 84' lang='grc' dir='ltr'><strong>ὅλῳ</strong></span> <span class='ocrx_word' id='word_1_313' title='bbox 731 1893 912 1928; x_wconf 78' lang='grc' dir='ltr'>παραπέμπει</span> <span class='ocrx_word' id='word_1_314' title='bbox 925 1893 964 1927; x_wconf 84' lang='grc' dir='ltr'><strong>τῷ</strong></span> 
     </span>
    </p>
   </div>
   <div class='ocr_carea' id='block_1_43' title="bbox 177 1937 964 1974">
    <p class='ocr_par' dir='ltr' id='par_1_43' title="bbox 177 1937 964 1974">
     <span class='ocr_line' id='line_1_43' title="bbox 177 1937 964 1974; baseline -0.001 -9"><span class='ocrx_word' id='word_1_315' title='bbox 177 1939 252 1973; x_wconf 81' lang='grc' dir='ltr'>γένει</span> <span class='ocrx_word' id='word_1_316' title='bbox 267 1938 316 1974; x_wconf 79' lang='grc' dir='ltr'>τὴν</span> <span class='ocrx_word' id='word_1_317' title='bbox 333 1938 444 1974; x_wconf 81' lang='grc' dir='ltr'>ζημίαν.</span> <span class='ocrx_word' id='word_1_318' title='bbox 460 1937 608 1973; x_wconf 78' lang='grc' dir='ltr'>αὐξομένου</span> <span class='ocrx_word' id='word_1_319' title='bbox 620 1937 648 1964; x_wconf 77' lang='grc' dir='ltr'>δὲ</span> <span class='ocrx_word' id='word_1_320' title='bbox 660 1938 689 1964; x_wconf 83' lang='grc' dir='ltr'>ὲν</span> <span class='ocrx_word' id='word_1_321' title='bbox 708 1938 784 1973; x_wconf 81' lang='grc' dir='ltr'>ἡμῖν,</span> <span class='ocrx_word' id='word_1_322' title='bbox 801 1938 848 1964; x_wconf 74' lang='grc' dir='ltr'>καὶ</span> <span class='ocrx_word' id='word_1_323' title='bbox 862 1937 964 1973; x_wconf 79' lang='grc' dir='ltr'>πληθύ-</span> 
     </span>
    </p>
   </div>
   <div class='ocr_carea' id='block_1_44' title="bbox 177 1983 963 2020">
    <p class='ocr_par' dir='ltr' id='par_1_44' title="bbox 177 1983 963 2020">
     <span class='ocr_line' id='line_1_44' title="bbox 177 1983 963 2020; baseline 0 -10"><span class='ocrx_word' id='word_1_324' title='bbox 177 1993 269 2016; x_wconf 82' lang='grc' dir='ltr'>νοντος</span> <span class='ocrx_word' id='word_1_325' title='bbox 292 1984 339 2012; x_wconf 78' lang='grc' dir='ltr'>τοῦ</span> <span class='ocrx_word' id='word_1_326' title='bbox 357 1984 453 2016; x_wconf 78' lang='grc' dir='ltr'>κακοῦ,</span> <span class='ocrx_word' id='word_1_327' title='bbox 471 1983 517 2010; x_wconf 80' lang='grc' dir='ltr'>καὶ</span> <span class='ocrx_word' id='word_1_328' title='bbox 538 1983 606 2019; x_wconf 76' lang='grc' dir='ltr'>πρὸς</span> <span class='ocrx_word' id='word_1_329' title='bbox 622 1983 653 2010; x_wconf 85' lang='grc' dir='ltr'><strong>τὸ</strong></span> <span class='ocrx_word' id='word_1_330' title='bbox 671 1984 761 2020; x_wconf 86' lang='grc' dir='ltr'>χεῖρον</span> <span class='ocrx_word' id='word_1_331' title='bbox 775 1983 817 2010; x_wconf 77' lang='grc' dir='ltr'><strong>ἀεὶ</strong></span> <span class='ocrx_word' id='word_1_332' title='bbox 832 1983 963 2010; x_wconf 74' lang='grc' dir='ltr'>καταΰαί-</span> 
     </span>
    </p>
   </div>
   <div class='ocr_carea' id='block_1_45' title="bbox 177 2028 963 2065">
    <p class='ocr_par' dir='ltr' id='par_1_45' title="bbox 177 2028 963 2065">
     <span class='ocr_line' id='line_1_45' title="bbox 177 2028 963 2065; baseline -0.001 -9"><span class='ocrx_word' id='word_1_333' title='bbox 177 2030 276 2065; x_wconf 68' lang='grc' dir='ltr'>νούσης</span> <span class='ocrx_word' id='word_1_334' title='bbox 287 2029 337 2064; x_wconf 81' lang='grc' dir='ltr'>τῆς</span> <span class='ocrx_word' id='word_1_335' title='bbox 347 2030 375 2056; x_wconf 79' lang='grc' dir='ltr'><strong>ἐν</strong></span> <span class='ocrx_word' id='word_1_336' title='bbox 387 2030 452 2065; x_wconf 82' lang='grc' dir='ltr'>ἡμῖν</span> <span class='ocrx_word' id='word_1_337' title='bbox 460 2029 587 2062; x_wconf 80' lang='grc' dir='ltr'>διανοίας,</span> <span class='ocrx_word' id='word_1_338' title='bbox 600 2028 817 2064; x_wconf 72' lang='grc' dir='ltr'>βεϐασίλευκεν-1)</span> <span class='ocrx_word' id='word_1_339' title='bbox 832 2028 963 2064; x_wconf 82' lang='grc' dir='ltr'>ἁμαρτία,</span> 
     </span>
    </p>
   </div>
   <div class='ocr_carea' id='block_1_46' title="bbox 177 2073 964 2110">
    <p class='ocr_par' dir='ltr' id='par_1_46' title="bbox 177 2073 964 2110">
     <span class='ocr_line' id='line_1_46' title="bbox 177 2073 964 2110; baseline -0.001 -9"><span class='ocrx_word' id='word_1_340' title='bbox 177 2075 269 2110; x_wconf 67' lang='grc' dir='ltr'>γυμνή</span> <span class='ocrx_word' id='word_1_341' title='bbox 283 2083 313 2101; x_wconf 82' lang='grc' dir='ltr'><strong>τε</strong></span> <span class='ocrx_word' id='word_1_342' title='bbox 332 2074 404 2101; x_wconf 75' lang='grc' dir='ltr'>οὓτω</span> <span class='ocrx_word' id='word_1_343' title='bbox 416 2073 508 2101; x_wconf 77' lang='grc' dir='ltr'>λοιπὸν</span> <span class='ocrx_word' id='word_1_344' title='bbox 519 2074 566 2100; x_wconf 84' lang='grc' dir='ltr'>τοῦ</span> <span class='ocrx_word' id='word_1_345' title='bbox 579 2073 774 2105; x_wconf 78' lang='grc' dir='ltr'>ἐνοικισοέντος</span> <span class='ocrx_word' id='word_1_346' title='bbox 787 2073 865 2108; x_wconf 82' lang='grc' dir='ltr'>ἁγίου</span> <span class='ocrx_word' id='word_1_347' title='bbox 878 2073 964 2100; x_wconf 71' lang='lat' dir='ltr'><strong>Ilvati-</strong></span> 
     </span>
    </p>
   </div>
   <div class='ocr_carea' id='block_1_47' title="bbox 179 2119 965 2155">
    <p class='ocr_par' dir='ltr' id='par_1_47' title="bbox 179 2119 965 2155">
     <span class='ocr_line' id='line_1_47' title="bbox 179 2119 965 2155; baseline -0.003 -8"><span class='ocrx_word' id='word_1_348' title='bbox 179 2129 264 2153; x_wconf 82' lang='grc' dir='ltr'>ματος</span> <span class='ocrx_word' id='word_1_349' title='bbox 279 2122 296 2155; x_wconf 73' lang='grc' dir='ltr'>ἡ</span> <span class='ocrx_word' id='word_1_350' title='bbox 313 2120 457 2155; x_wconf 82' lang='grc' dir='ltr'>ἀνθρώπου</span> <span class='ocrx_word' id='word_1_351' title='bbox 479 2119 559 2154; x_wconf 82' lang='grc' dir='ltr'>φύσις</span> <span class='ocrx_word' id='word_1_352' title='bbox 573 2119 753 2146; x_wconf 80' lang='grc' dir='ltr'>ἀνεδείκνυτο.</span> <span class='ocrx_word' id='word_1_353' title='bbox 777 2129 786 2145; x_wconf 81' lang='grc' dir='ltr'>ι</span> <span class='ocrx_word' id='word_1_354' title='bbox 800 2119 893 2154; x_wconf 67' lang='grc' dir='ltr'>’Λγιον</span> <span class='ocrx_word' id='word_1_355' title='bbox 910 2119 965 2155; x_wconf 61' lang='grc' dir='ltr'>γὰρ</span> 
     </span>
    </p>
   </div>
   <div class='ocr_carea' id='block_1_48' title="bbox 178 2156 963 2202">
    <p class='ocr_par' dir='ltr' id='par_1_48' title="bbox 178 2156 963 2202">
     <span class='ocr_line' id='line_1_48' title="bbox 178 2156 963 2202; baseline 0 -10"><span class='ocrx_word' id='word_1_356' title='bbox 178 2166 291 2202; x_wconf 73' lang='grc' dir='ltr'>Πνεῦμα</span> <span class='ocrx_word' id='word_1_357' title='bbox 305 2166 412 2201; x_wconf 82' lang='grc' dir='ltr'>σοφίας,</span> <span class='ocrx_word' id='word_1_358' title='bbox 432 2165 560 2200; x_wconf 78' lang='grc' dir='ltr'>φεύξεται</span> <span class='ocrx_word' id='word_1_359' title='bbox 574 2165 658 2198; x_wconf 77' lang='grc' dir='ltr'>δόλον,</span> <span class='ocrx_word' id='word_1_360' title='bbox 674 2175 683 2191; x_wconf 72' lang='grc' dir='ltr'><strong>ι</strong></span> <span class='ocrx_word' id='word_1_361' title='bbox 707 2165 777 2192; x_wconf 74' lang='grc' dir='ltr'>καθα</span> <span class='ocrx_word' id='word_1_362' title='bbox 800 2156 963 2201; x_wconf 80' lang='grc' dir='ltr'>γέγραπται·</span> 
     </span>
    </p>
   </div>
   <div class='ocr_carea' id='block_1_49' title="bbox 1012 244 1798 276">
    <p class='ocr_par' dir='ltr' id='par_1_49' title="bbox 1012 244 1798 276">
     <span class='ocr_line' id='line_1_49' title="bbox 1012 244 1798 276; baseline 0.001 -5"><span class='ocrx_word' id='word_1_363' title='bbox 1012 249 1053 271; x_wconf 80' lang='lat' dir='ltr'><strong>est</strong></span> <span class='ocrx_word' id='word_1_364' title='bbox 1071 245 1107 276; x_wconf 72' lang='grc'><strong>³³,</strong></span> <span class='ocrx_word' id='word_1_365' title='bbox 1133 252 1246 272; x_wconf 75' lang='lat' dir='ltr'><strong>servans</strong></span> <span class='ocrx_word' id='word_1_366' title='bbox 1264 245 1354 272; x_wconf 88' lang='lat' dir='ltr'><strong>adhttc</strong></span> <span class='ocrx_word' id='word_1_367' title='bbox 1372 245 1544 276; x_wconf 86' lang='lat' dir='ltr'><strong>mandatum,</strong></span> <span class='ocrx_word' id='word_1_368' title='bbox 1562 249 1589 272; x_wconf 88' lang='lat' dir='ltr'><strong>et</strong></span> <span class='ocrx_word' id='word_1_369' title='bbox 1604 244 1695 272; x_wconf 78' lang='lat' dir='ltr'><strong>divina</strong></span> <span class='ocrx_word' id='word_1_370' title='bbox 1715 244 1798 272; x_wconf 76' lang='lat' dir='ltr'><strong>Crea-</strong></span> 
     </span>
    </p>
   </div>
   <div class='ocr_carea' id='block_1_50' title="bbox 1013 291 1798 327">
    <p class='ocr_par' dir='ltr' id='par_1_50' title="bbox 1013 291 1798 327">
     <span class='ocr_line' id='line_1_50' title="bbox 1013 291 1798 327; baseline 0.003 -11"><span class='ocrx_word' id='word_1_371' title='bbox 1013 291 1081 318; x_wconf 85' lang='lat' dir='ltr'><strong>toris</strong></span> <span class='ocrx_word' id='word_1_372' title='bbox 1105 292 1272 325; x_wconf 81' lang='lat' dir='ltr'><strong>conspicuus</strong></span> <span class='ocrx_word' id='word_1_373' title='bbox 1289 291 1405 326; x_wconf 81' lang='lat' dir='ltr'><strong>imagine</strong></span> <span class='ocrx_word' id='word_1_374' title='bbox 1429 299 1477 327; x_wconf 90' lang='lat' dir='ltr'><strong>per</strong></span> <span class='ocrx_word' id='word_1_375' title='bbox 1495 292 1694 320; x_wconf 87' lang='lat' dir='ltr'><strong>inhabitantem</strong></span> <span class='ocrx_word' id='word_1_376' title='bbox 1711 292 1798 327; x_wconf 87' lang='lat' dir='ltr'><strong>Spiri-</strong></span> 
     </span>
    </p>
   </div>
   <div class='ocr_carea' id='block_1_51' title="bbox 1013 336 1796 366">
    <p class='ocr_par' dir='ltr' id='par_1_51' title="bbox 1013 336 1796 366">
     <span class='ocr_line' id='line_1_51' title="bbox 1013 336 1796 366; baseline 0.003 -4"><span class='ocrx_word' id='word_1_377' title='bbox 1013 339 1069 362; x_wconf 90' lang='lat' dir='ltr'><strong>tum</strong></span> <span class='ocrx_word' id='word_1_378' title='bbox 1084 345 1091 363; x_wconf 90' lang='lat'><strong>:</strong></span> <span class='ocrx_word' id='word_1_379' title='bbox 1115 336 1162 364; x_wconf 88' lang='lat' dir='ltr'><strong>sed</strong></span> <span class='ocrx_word' id='word_1_380' title='bbox 1177 344 1238 362; x_wconf 84' lang='lat' dir='ltr'><strong>cum</strong></span> <span class='ocrx_word' id='word_1_381' title='bbox 1262 336 1362 363; x_wconf 89' lang='lat' dir='ltr'><strong>diaboli</strong></span> <span class='ocrx_word' id='word_1_382' title='bbox 1378 337 1473 364; x_wconf 77' lang='lat' dir='ltr'><strong>fraude</strong></span> <span class='ocrx_word' id='word_1_383' title='bbox 1496 338 1627 366; x_wconf 88' lang='lat' dir='ltr'><strong>seductus</strong></span> <span class='ocrx_word' id='word_1_384' title='bbox 1638 337 1796 365; x_wconf 74' lang='lat' dir='ltr'><strong>Creatorem</strong></span> 
     </span>
    </p>
   </div>
   <div class='ocr_carea' id='block_1_52' title="bbox 1012 381 1798 418">
    <p class='ocr_par' dir='ltr' id='par_1_52' title="bbox 1012 381 1798 418">
     <span class='ocr_line' id='line_1_52' title="bbox 1012 381 1798 418; baseline 0.001 -9"><span class='ocrx_word' id='word_1_385' title='bbox 1012 382 1231 416; x_wconf 84' lang='lat' dir='ltr'><strong>contempsisset,</strong></span> <span class='ocrx_word' id='word_1_386' title='bbox 1248 386 1275 409; x_wconf 91' lang='lat' dir='ltr'><strong>ct</strong></span> <span class='ocrx_word' id='word_1_387' title='bbox 1289 381 1416 416; x_wconf 90' lang='lat' dir='ltr'><strong>imposita</strong></span> <span class='ocrx_word' id='word_1_388' title='bbox 1432 383 1484 410; x_wconf 92' lang='lat' dir='ltr'><strong>sibi</strong></span> <span class='ocrx_word' id='word_1_389' title='bbox 1499 383 1560 418; x_wconf 80' lang='lat' dir='ltr'><strong>lege</strong></span> <span class='ocrx_word' id='word_1_390' title='bbox 1576 383 1736 410; x_wconf 85' lang='lat' dir='ltr'><strong>conculcata</strong></span> <span class='ocrx_word' id='word_1_391' title='bbox 1751 383 1798 411; x_wconf 84' lang='lat' dir='ltr'><strong>he-</strong></span> 
     </span>
    </p>
   </div>
   <div class='ocr_carea' id='block_1_53' title="bbox 1012 427 1797 463">
    <p class='ocr_par' dir='ltr' id='par_1_53' title="bbox 1012 427 1797 463">
     <span class='ocr_line' id='line_1_53' title="bbox 1012 427 1797 463; baseline 0.001 -9"><span class='ocrx_word' id='word_1_392' title='bbox 1012 427 1102 454; x_wconf 86' lang='lat' dir='ltr'><strong>nelicii</strong></span> <span class='ocrx_word' id='word_1_393' title='bbox 1119 431 1259 455; x_wconf 84' lang='lat' dir='ltr'><strong>auctorem</strong></span> <span class='ocrx_word' id='word_1_394' title='bbox 1277 427 1446 459; x_wconf 72' lang='lat' dir='ltr'><strong>oﬂ‘endisset,</strong></span> <span class='ocrx_word' id='word_1_395' title='bbox 1470 428 1556 462; x_wconf 74' lang='lat' dir='ltr'><strong>gratia</strong></span> <span class='ocrx_word' id='word_1_396' title='bbox 1579 428 1630 455; x_wconf 82' lang='lat' dir='ltr'><strong>sibi</strong></span> <span class='ocrx_word' id='word_1_397' title='bbox 1653 429 1717 455; x_wconf 86' lang='lat' dir='ltr'><strong>data</strong></span> <span class='ocrx_word' id='word_1_398' title='bbox 1733 435 1797 463; x_wconf 88' lang='lat' dir='ltr'><strong>spo-</strong></span> 
     </span>
    </p>
   </div>
   <div class='ocr_carea' id='block_1_54' title="bbox 1012 473 1850 508">
    <p class='ocr_par' dir='ltr' id='par_1_54' title="bbox 1012 473 1850 508">
     <span class='ocr_line' id='line_1_54' title="bbox 1012 473 1850 508; baseline 0.002 -9"><span class='ocrx_word' id='word_1_399' title='bbox 1012 473 1094 500; x_wconf 88' lang='lat' dir='ltr'><strong>liatus</strong></span> <span class='ocrx_word' id='word_1_400' title='bbox 1108 477 1161 506; x_wconf 90' lang='lat' dir='ltr'><strong>est,</strong></span> <span class='ocrx_word' id='word_1_401' title='bbox 1182 477 1263 508; x_wconf 85' lang='lat' dir='ltr'><strong>atque</strong></span> <span class='ocrx_word' id='word_1_402' title='bbox 1281 478 1344 500; x_wconf 90' lang='lat' dir='ltr'><strong>tunc</strong></span> <span class='ocrx_word' id='word_1_403' title='bbox 1362 473 1479 508; x_wconf 90' lang='lat' dir='ltr'><strong>primum</strong></span> <span class='ocrx_word' id='word_1_404' title='bbox 1495 473 1601 500; x_wconf 85' lang='lat' dir='ltr'><strong>audiit:</strong></span> <span class='ocrx_word' id='word_1_405' title='bbox 1619 482 1629 498; x_wconf 70' lang='grc' dir='ltr'>ι</span> <span class='ocrx_word' id='word_1_406' title='bbox 1646 473 1731 501; x_wconf 85' lang='lat' dir='ltr'><strong>Terra</strong></span> <span class='ocrx_word' id='word_1_407' title='bbox 1749 481 1796 506; x_wconf 78' lang='lat' dir='ltr'><strong>es,</strong></span> <span class='ocrx_word' id='word_1_408' title='bbox 1844 495 1850 504; x_wconf 55' lang='grc' dir='ltr'><strong>λ</strong></span> 
     </span>
    </p>
   </div>
   <div class='ocr_carea' id='block_1_55' title="bbox 1013 518 1798 553">
    <p class='ocr_par' dir='ltr' id='par_1_55' title="bbox 1013 518 1798 553">
     <span class='ocr_line' id='line_1_55' title="bbox 1013 518 1798 553; baseline -0.001 -7"><span class='ocrx_word' id='word_1_409' title='bbox 1013 524 1038 546; x_wconf 84' lang='lat' dir='ltr'><strong>et</strong></span> <span class='ocrx_word' id='word_1_410' title='bbox 1052 519 1078 545; x_wconf 85' lang='lat' dir='ltr'><strong>in</strong></span> <span class='ocrx_word' id='word_1_411' title='bbox 1096 522 1196 546; x_wconf 88' lang='lat' dir='ltr'><strong>terram</strong></span> <span class='ocrx_word' id='word_1_412' title='bbox 1216 519 1361 547; x_wconf 67' lang='lat' dir='ltr'><strong>reverteris</strong></span> <span class='ocrx_word' id='word_1_413' title='bbox 1375 519 1413 550; x_wconf 69' lang='grc'>⁸³,</span> <span class='ocrx_word' id='word_1_414' title='bbox 1436 527 1445 544; x_wconf 76' lang='grc' dir='ltr'>ι</span> <span class='ocrx_word' id='word_1_415' title='bbox 1464 519 1509 553; x_wconf 81' lang='lat' dir='ltr'><strong>qui</strong></span> <span class='ocrx_word' id='word_1_416' title='bbox 1531 518 1619 545; x_wconf 80' lang='lat' dir='ltr'><strong>factus</strong></span> <span class='ocrx_word' id='word_1_417' title='bbox 1635 524 1693 545; x_wconf 88' lang='lat' dir='ltr'><strong>erat</strong></span> <span class='ocrx_word' id='word_1_418' title='bbox 1708 519 1740 545; x_wconf 91' lang='lat' dir='ltr'><strong>ad</strong></span> <span class='ocrx_word' id='word_1_419' title='bbox 1756 519 1798 545; x_wconf 84' lang='lat' dir='ltr'><strong>vi-</strong></span> 
     </span>
    </p>
   </div>
   <div class='ocr_carea' id='block_1_56' title="bbox 1014 563 1796 592">
    <p class='ocr_par' dir='ltr' id='par_1_56' title="bbox 1014 563 1796 592">
     <span class='ocr_line' id='line_1_56' title="bbox 1014 563 1796 592; baseline -0.001 -1"><span class='ocrx_word' id='word_1_420' title='bbox 1014 569 1092 592; x_wconf 89' lang='lat' dir='ltr'><strong>tam:</strong></span> <span class='ocrx_word' id='word_1_421' title='bbox 1119 565 1272 592; x_wconf 88' lang='lat' dir='ltr'><strong>adulterata</strong></span> <span class='ocrx_word' id='word_1_422' title='bbox 1297 569 1340 592; x_wconf 89' lang='lat' dir='ltr'><strong>est</strong></span> <span class='ocrx_word' id='word_1_423' title='bbox 1365 565 1409 592; x_wconf 89' lang='lat' dir='ltr'><strong>illa</strong></span> <span class='ocrx_word' id='word_1_424' title='bbox 1430 564 1580 592; x_wconf 87' lang='lat' dir='ltr'><strong>similitudo</strong></span> <span class='ocrx_word' id='word_1_425' title='bbox 1607 563 1654 590; x_wconf 89' lang='lat' dir='ltr'><strong>Dei</strong></span> <span class='ocrx_word' id='word_1_426' title='bbox 1683 564 1796 591; x_wconf 87' lang='lat' dir='ltr'><strong>incursu</strong></span> 
     </span>
    </p>
   </div>
   <div class='ocr_carea' id='block_1_57' title="bbox 1012 609 1799 646">
    <p class='ocr_par' dir='ltr' id='par_1_57' title="bbox 1012 609 1799 646">
     <span class='ocr_line' id='line_1_57' title="bbox 1012 609 1799 646; baseline 0 -10"><span class='ocrx_word' id='word_1_427' title='bbox 1012 611 1127 645; x_wconf 76' lang='lat' dir='ltr'><strong>peccati,</strong></span> <span class='ocrx_word' id='word_1_428' title='bbox 1140 619 1191 638; x_wconf 87' lang='lat' dir='ltr'><strong>nec</strong></span> <span class='ocrx_word' id='word_1_429' title='bbox 1207 611 1262 645; x_wconf 87' lang='lat' dir='ltr'><strong>jam</strong></span> <span class='ocrx_word' id='word_1_430' title='bbox 1277 611 1450 639; x_wconf 82' lang='lat' dir='ltr'><strong>characteres</strong></span> <span class='ocrx_word' id='word_1_431' title='bbox 1465 611 1582 646; x_wconf 80' lang='lat' dir='ltr'><strong>amplius</strong></span> <span class='ocrx_word' id='word_1_432' title='bbox 1599 614 1677 637; x_wconf 89' lang='lat' dir='ltr'><strong>erant</strong></span> <span class='ocrx_word' id='word_1_433' title='bbox 1692 609 1719 636; x_wconf 91' lang='lat' dir='ltr'><strong>in</strong></span> <span class='ocrx_word' id='word_1_434' title='bbox 1739 610 1799 644; x_wconf 87' lang='lat' dir='ltr'><strong>ipso</strong></span> 
     </span>
    </p>
   </div>
   <div class='ocr_carea' id='block_1_58' title="bbox 1013 654 1800 695">
    <p class='ocr_par' dir='ltr' id='par_1_58' title="bbox 1013 654 1800 695">
     <span class='ocr_line' id='line_1_58' title="bbox 1013 654 1800 695; baseline 0 -14"><span class='ocrx_word' id='word_1_435' title='bbox 1013 656 1079 682; x_wconf 72' lang='lat' dir='ltr'><strong>clari</strong></span> <span class='ocrx_word' id='word_1_436' title='bbox 1097 660 1123 684; x_wconf 87' lang='lat' dir='ltr'><strong>et</strong></span> <span class='ocrx_word' id='word_1_437' title='bbox 1144 657 1291 692; x_wconf 86' lang='lat' dir='ltr'><strong>splendidi.</strong></span> <span class='ocrx_word' id='word_1_438' title='bbox 1312 657 1360 684; x_wconf 86' lang='lat' dir='ltr'><strong>sed</strong></span> <span class='ocrx_word' id='word_1_439' title='bbox 1378 657 1552 695; x_wconf 79' lang='lat' dir='ltr'><strong>subobscuri,</strong></span> <span class='ocrx_word' id='word_1_440' title='bbox 1576 663 1607 683; x_wconf 92' lang='lat' dir='ltr'><strong>ac</strong></span> <span class='ocrx_word' id='word_1_441' title='bbox 1625 655 1747 683; x_wconf 90' lang='lat' dir='ltr'><strong>tenebris</strong></span> <span class='ocrx_word' id='word_1_442' title='bbox 1761 654 1800 681; x_wconf 61' lang='lat' dir='ltr'><strong>ina</strong></span> 
     </span>
    </p>
   </div>
   <div class='ocr_carea' id='block_1_59' title="bbox 1013 700 1798 739">
    <p class='ocr_par' dir='ltr' id='par_1_59' title="bbox 1013 700 1798 739">
     <span class='ocr_line' id='line_1_59' title="bbox 1013 700 1798 739; baseline -0.003 -10"><span class='ocrx_word' id='word_1_443' title='bbox 1013 703 1096 730; x_wconf 74' lang='lat' dir='ltr'><strong>voluti</strong></span> <span class='ocrx_word' id='word_1_444' title='bbox 1114 704 1150 730; x_wconf 90' lang='lat' dir='ltr'><strong>ob</strong></span> <span class='ocrx_word' id='word_1_445' title='bbox 1165 704 1424 739; x_wconf 74' lang='lat' dir='ltr'><strong>transgressionem.</strong></span> <span class='ocrx_word' id='word_1_446' title='bbox 1441 703 1493 731; x_wconf 85' lang='lat' dir='ltr'><strong>Sed</strong></span> <span class='ocrx_word' id='word_1_447' title='bbox 1517 703 1637 730; x_wconf 87' lang='lat' dir='ltr'><strong>humano</strong></span> <span class='ocrx_word' id='word_1_448' title='bbox 1653 709 1752 737; x_wconf 75' lang='lat' dir='ltr'><strong>genere</strong></span> <span class='ocrx_word' id='word_1_449' title='bbox 1771 700 1798 727; x_wconf 91' lang='lat' dir='ltr'><strong>in</strong></span> 
     </span>
    </p>
   </div>
   <div class='ocr_carea' id='block_1_60' title="bbox 1014 747 1798 784">
    <p class='ocr_par' dir='ltr' id='par_1_60' title="bbox 1014 747 1798 784">
     <span class='ocr_line' id='line_1_60' title="bbox 1014 747 1798 784; baseline 0 -10"><span class='ocrx_word' id='word_1_450' title='bbox 1014 748 1175 777; x_wconf 87' lang='lat' dir='ltr'><strong>immensum</strong></span> <span class='ocrx_word' id='word_1_451' title='bbox 1197 754 1355 784; x_wconf 81' lang='lat' dir='ltr'><strong>propagato,</strong></span> <span class='ocrx_word' id='word_1_452' title='bbox 1377 757 1438 776; x_wconf 91' lang='lat' dir='ltr'><strong>cum</strong></span> <span class='ocrx_word' id='word_1_453' title='bbox 1464 755 1606 784; x_wconf 86' lang='lat' dir='ltr'><strong>peceatum</strong></span> <span class='ocrx_word' id='word_1_454' title='bbox 1629 751 1756 784; x_wconf 80' lang='lat' dir='ltr'><strong>regnaret</strong></span> <span class='ocrx_word' id='word_1_455' title='bbox 1771 747 1798 774; x_wconf 94' lang='lat' dir='ltr'><strong>in</strong></span> 
     </span>
    </p>
   </div>
   <div class='ocr_carea' id='block_1_61' title="bbox 1013 793 1798 830">
    <p class='ocr_par' dir='ltr' id='par_1_61' title="bbox 1013 793 1798 830">
     <span class='ocr_line' id='line_1_61' title="bbox 1013 793 1798 830; baseline -0.003 -10"><span class='ocrx_word' id='word_1_456' title='bbox 1013 801 1118 826; x_wconf 88' lang='lat' dir='ltr'><strong>omnes,</strong></span> <span class='ocrx_word' id='word_1_457' title='bbox 1146 799 1172 822; x_wconf 87' lang='lat' dir='ltr'><strong>et</strong></span> <span class='ocrx_word' id='word_1_458' title='bbox 1195 795 1414 830; x_wconf 76' lang='lat' dir='ltr'><strong>uniuscujusque</strong></span> <span class='ocrx_word' id='word_1_459' title='bbox 1441 795 1560 821; x_wconf 80' lang='lat' dir='ltr'><strong>animam</strong></span> <span class='ocrx_word' id='word_1_460' title='bbox 1586 793 1798 829; x_wconf 61' lang='lat' dir='ltr'><strong>depraedaretur,</strong></span> 
     </span>
    </p>
   </div>
   <div class='ocr_carea' id='block_1_62' title="bbox 1013 834 1800 875">
    <p class='ocr_par' dir='ltr' id='par_1_62' title="bbox 1013 834 1800 875">
     <span class='ocr_line' id='line_1_62' title="bbox 1013 834 1800 875; baseline -0.001 -9"><span class='ocrx_word' id='word_1_461' title='bbox 1013 840 1097 867; x_wconf 71' lang='lat' dir='ltr'><strong>reteri</strong></span> <span class='ocrx_word' id='word_1_462' title='bbox 1118 840 1226 875; x_wconf 82' lang='lat' dir='ltr'><strong>quidem</strong></span> <span class='ocrx_word' id='word_1_463' title='bbox 1244 841 1330 875; x_wconf 82' lang='lat' dir='ltr'><strong>gratia</strong></span> <span class='ocrx_word' id='word_1_464' title='bbox 1348 845 1446 868; x_wconf 88' lang='lat' dir='ltr'><strong>natura</strong></span> <span class='ocrx_word' id='word_1_465' title='bbox 1465 841 1595 868; x_wconf 87' lang='lat' dir='ltr'><strong>destituta</strong></span> <span class='ocrx_word' id='word_1_466' title='bbox 1610 844 1652 867; x_wconf 80' lang='lat' dir='ltr'><strong>est</strong></span> <span class='ocrx_word' id='word_1_467' title='bbox 1667 847 1675 866; x_wconf 88' lang='lat'><strong>:</strong></span> <span class='ocrx_word' id='word_1_468' title='bbox 1696 834 1800 866; x_wconf 84' lang='lat' dir='ltr'><strong>recedit</strong></span> 
     </span>
    </p>
   </div>
   <div class='ocr_carea' id='block_1_63' title="bbox 1013 885 1800 921">
    <p class='ocr_par' dir='ltr' id='par_1_63' title="bbox 1013 885 1800 921">
     <span class='ocr_line' id='line_1_63' title="bbox 1013 885 1800 921; baseline 0.001 -10"><span class='ocrx_word' id='word_1_469' title='bbox 1013 886 1123 920; x_wconf 77' lang='lat' dir='ltr'><strong>penitus</strong></span> <span class='ocrx_word' id='word_1_470' title='bbox 1142 886 1176 913; x_wconf 87' lang='lat' dir='ltr'><strong>ah</strong></span> <span class='ocrx_word' id='word_1_471' title='bbox 1191 887 1230 913; x_wconf 85' lang='lat' dir='ltr'><strong>eis</strong></span> <span class='ocrx_word' id='word_1_472' title='bbox 1245 886 1375 921; x_wconf 89' lang='lat' dir='ltr'><strong>Spiritus,</strong></span> <span class='ocrx_word' id='word_1_473' title='bbox 1403 890 1428 914; x_wconf 84' lang='lat' dir='ltr'><strong>et</strong></span> <span class='ocrx_word' id='word_1_474' title='bbox 1458 887 1485 914; x_wconf 93' lang='lat' dir='ltr'><strong>in</strong></span> <span class='ocrx_word' id='word_1_475' title='bbox 1511 892 1660 914; x_wconf 77' lang='lat' dir='ltr'><strong>extremam</strong></span> <span class='ocrx_word' id='word_1_476' title='bbox 1682 885 1800 913; x_wconf 75' lang='lat' dir='ltr'><strong>rationis</strong></span> 
     </span>
    </p>
   </div>
   <div class='ocr_carea' id='block_1_64' title="bbox 1014 931 1800 967">
    <p class='ocr_par' dir='ltr' id='par_1_64' title="bbox 1014 931 1800 967">
     <span class='ocr_line' id='line_1_64' title="bbox 1014 931 1800 967; baseline 0.001 -10"><span class='ocrx_word' id='word_1_477' title='bbox 1014 931 1154 965; x_wconf 85' lang='lat' dir='ltr'><strong>penuriam</strong></span> <span class='ocrx_word' id='word_1_478' title='bbox 1177 931 1277 958; x_wconf 81' lang='lat' dir='ltr'><strong>labitur</strong></span> <span class='ocrx_word' id='word_1_479' title='bbox 1294 931 1375 959; x_wconf 88' lang='lat' dir='ltr'><strong>homo</strong></span> <span class='ocrx_word' id='word_1_480' title='bbox 1396 932 1512 960; x_wconf 83' lang='lat' dir='ltr'><strong>rationis</strong></span> <span class='ocrx_word' id='word_1_481' title='bbox 1526 932 1572 960; x_wconf 88' lang='lat' dir='ltr'><strong>ille</strong></span> <span class='ocrx_word' id='word_1_482' title='bbox 1594 932 1742 967; x_wconf 83' lang='lat' dir='ltr'><strong>particeps,</strong></span> <span class='ocrx_word' id='word_1_483' title='bbox 1757 931 1800 966; x_wconf 68' lang='lat' dir='ltr'><strong>ip-&#39;</strong></span> 
     </span>
    </p>
   </div>
   <div class='ocr_carea' id='block_1_65' title="bbox 1014 976 1799 1011">
    <p class='ocr_par' dir='ltr' id='par_1_65' title="bbox 1014 976 1799 1011">
     <span class='ocr_line' id='line_1_65' title="bbox 1014 976 1799 1011; baseline 0.003 -10"><span class='ocrx_word' id='word_1_484' title='bbox 1014 983 1074 1002; x_wconf 90' lang='lat' dir='ltr'><strong>sum</strong></span> <span class='ocrx_word' id='word_1_485' title='bbox 1096 976 1176 1003; x_wconf 87' lang='lat' dir='ltr'><strong>etiam</strong></span> <span class='ocrx_word' id='word_1_486' title='bbox 1199 977 1329 1011; x_wconf 81' lang='lat' dir='ltr'><strong>ignorans</strong></span> <span class='ocrx_word' id='word_1_487' title='bbox 1346 977 1513 1005; x_wconf 73' lang='lat' dir='ltr'><strong>Creatorem.</strong></span> <span class='ocrx_word' id='word_1_488' title='bbox 1532 977 1584 1006; x_wconf 85' lang='lat' dir='ltr'><strong>Sed</strong></span> <span class='ocrx_word' id='word_1_489' title='bbox 1609 977 1799 1005; x_wconf 84' lang='lat' dir='ltr'><strong>universorum</strong></span> 
     </span>
    </p>
   </div>
   <div class='ocr_carea' id='block_1_66' title="bbox 1014 1019 1800 1057">
    <p class='ocr_par' dir='ltr' id='par_1_66' title="bbox 1014 1019 1800 1057">
     <span class='ocr_line' id='line_1_66' title="bbox 1014 1019 1800 1057; baseline 0.003 -10"><span class='ocrx_word' id='word_1_490' title='bbox 1014 1019 1109 1055; x_wconf 77' lang='lat' dir='ltr'><strong>Opifcx</strong></span> <span class='ocrx_word' id='word_1_491' title='bbox 1133 1021 1262 1048; x_wconf 89' lang='lat' dir='ltr'><strong>diuturna</strong></span> <span class='ocrx_word' id='word_1_492' title='bbox 1284 1030 1351 1050; x_wconf 89' lang='lat' dir='ltr'><strong>usus</strong></span> <span class='ocrx_word' id='word_1_493' title='bbox 1372 1023 1514 1057; x_wconf 84' lang='lat' dir='ltr'><strong>patientia,</strong></span> <span class='ocrx_word' id='word_1_494' title='bbox 1531 1023 1735 1050; x_wconf 84' lang='lat' dir='ltr'><strong>miserationem</strong></span> <span class='ocrx_word' id='word_1_495' title='bbox 1750 1021 1800 1049; x_wconf 86' lang='lat' dir='ltr'><strong>de-</strong></span> 
     </span>
    </p>
   </div>
   <div class='ocr_carea' id='block_1_67' title="bbox 1013 1066 1802 1103">
    <p class='ocr_par' dir='ltr' id='par_1_67' title="bbox 1013 1066 1802 1103">
     <span class='ocr_line' id='line_1_67' title="bbox 1013 1066 1802 1103; baseline -0.003 -10"><span class='ocrx_word' id='word_1_496' title='bbox 1013 1069 1087 1093; x_wconf 87' lang='lat' dir='ltr'><strong>mhm</strong></span> <span class='ocrx_word' id='word_1_497' title='bbox 1111 1066 1184 1101; x_wconf 86' lang='lat' dir='ltr'><strong>cepit</strong></span> <span class='ocrx_word' id='word_1_498' title='bbox 1206 1068 1327 1102; x_wconf 84' lang='lat' dir='ltr'><strong>corrupti</strong></span> <span class='ocrx_word' id='word_1_499' title='bbox 1349 1068 1424 1094; x_wconf 89' lang='lat' dir='ltr'><strong>orbis</strong></span> <span class='ocrx_word' id='word_1_500' title='bbox 1447 1073 1474 1096; x_wconf 88' lang='lat' dir='ltr'><strong>et</strong></span> <span class='ocrx_word' id='word_1_501' title='bbox 1497 1067 1640 1103; x_wconf 79' lang='lat' dir='ltr'><strong>fugitivum</strong></span> <span class='ocrx_word' id='word_1_502' title='bbox 1666 1067 1695 1095; x_wconf 91' lang='lat' dir='ltr'><strong>in</strong></span> <span class='ocrx_word' id='word_1_503' title='bbox 1718 1066 1802 1095; x_wconf 85' lang='lat' dir='ltr'><strong>terris</strong></span> 
     </span>
    </p>
   </div>
   <div class='ocr_carea' id='block_1_68' title="bbox 1013 1110 1801 1147">
    <p class='ocr_par' dir='ltr' id='par_1_68' title="bbox 1013 1110 1801 1147">
     <span class='ocr_line' id='line_1_68' title="bbox 1013 1110 1801 1147; baseline 0.003 -11"><span class='ocrx_word' id='word_1_504' title='bbox 1013 1117 1121 1145; x_wconf 78' lang='lat' dir='ltr'><strong>gregem</strong></span> <span class='ocrx_word' id='word_1_505' title='bbox 1138 1111 1245 1144; x_wconf 89' lang='lat' dir='ltr'><strong>superis</strong></span> <span class='ocrx_word' id='word_1_506' title='bbox 1260 1119 1417 1146; x_wconf 68' lang='lat' dir='ltr'><strong>aggregare,</strong></span> <span class='ocrx_word' id='word_1_507' title='bbox 1439 1113 1527 1140; x_wconf 88' lang='lat' dir='ltr'><strong>bontts</strong></span> <span class='ocrx_word' id='word_1_508' title='bbox 1539 1113 1596 1147; x_wconf 85' lang='lat' dir='ltr'><strong>ipse</strong></span> <span class='ocrx_word' id='word_1_509' title='bbox 1610 1119 1672 1139; x_wconf 87' lang='lat' dir='ltr'><strong>cum</strong></span> <span class='ocrx_word' id='word_1_510' title='bbox 1693 1111 1740 1144; x_wconf 75' lang='lat' dir='ltr'><strong>sit,</strong></span> <span class='ocrx_word' id='word_1_511' title='bbox 1762 1110 1801 1138; x_wconf 75' lang='lat' dir='ltr'><strong>fe-</strong></span> 
     </span>
    </p>
   </div>
   <div class='ocr_carea' id='block_1_69' title="bbox 1014 1154 1799 1191">
    <p class='ocr_par' dir='ltr' id='par_1_69' title="bbox 1014 1154 1799 1191">
     <span class='ocr_line' id='line_1_69' title="bbox 1014 1154 1799 1191; baseline 0.003 -11"><span class='ocrx_word' id='word_1_512' title='bbox 1014 1154 1148 1187; x_wconf 66' lang='lat' dir='ltr'><strong>stinavit,</strong></span> <span class='ocrx_word' id='word_1_513' title='bbox 1179 1158 1206 1182; x_wconf 85' lang='lat' dir='ltr'><strong>et</strong></span> <span class='ocrx_word' id='word_1_514' title='bbox 1229 1155 1262 1182; x_wconf 91' lang='lat' dir='ltr'><strong>ad</strong></span> <span class='ocrx_word' id='word_1_515' title='bbox 1287 1156 1430 1190; x_wconf 74' lang='lat' dir='ltr'><strong>imaginem</strong></span> <span class='ocrx_word' id='word_1_516' title='bbox 1447 1156 1588 1191; x_wconf 87' lang='lat' dir='ltr'><strong>pristinam</strong></span> <span class='ocrx_word' id='word_1_517' title='bbox 1603 1156 1799 1183; x_wconf 83' lang='lat' dir='ltr'><strong>humanitatem</strong></span> 
     </span>
    </p>
   </div>
   <div class='ocr_carea' id='block_1_70' title="bbox 1014 1199 1801 1235">
    <p class='ocr_par' dir='ltr' id='par_1_70' title="bbox 1014 1199 1801 1235">
     <span class='ocr_line' id='line_1_70' title="bbox 1014 1199 1801 1235; baseline 0.003 -9"><span class='ocrx_word' id='word_1_518' title='bbox 1014 1199 1165 1227; x_wconf 82' lang='lat' dir='ltr'><strong>reformare</strong></span> <span class='ocrx_word' id='word_1_519' title='bbox 1180 1208 1228 1235; x_wconf 88' lang='lat' dir='ltr'><strong>per</strong></span> <span class='ocrx_word' id='word_1_520' title='bbox 1245 1200 1376 1235; x_wconf 84' lang='lat' dir='ltr'><strong>Spiritum</strong></span> <span class='ocrx_word' id='word_1_521' title='bbox 1406 1202 1511 1229; x_wconf 87' lang='lat' dir='ltr'><strong>statuit.</strong></span> <span class='ocrx_word' id='word_1_522' title='bbox 1538 1201 1598 1229; x_wconf 85' lang='lat' dir='ltr'><strong>Non</strong></span> <span class='ocrx_word' id='word_1_523' title='bbox 1623 1203 1697 1229; x_wconf 88' lang='lat' dir='ltr'><strong>enim</strong></span> <span class='ocrx_word' id='word_1_524' title='bbox 1721 1202 1801 1229; x_wconf 83' lang='lat' dir='ltr'><strong>aliter</strong></span> 
     </span>
    </p>
   </div>
   <div class='ocr_carea' id='block_1_71' title="bbox 1015 1247 1801 1284">
    <p class='ocr_par' dir='ltr' id='par_1_71' title="bbox 1015 1247 1801 1284">
     <span class='ocr_line' id='line_1_71' title="bbox 1015 1247 1801 1284; baseline 0.003 -12"><span class='ocrx_word' id='word_1_525' title='bbox 1015 1250 1141 1280; x_wconf 85' lang='lat' dir='ltr'><strong>poterant</strong></span> <span class='ocrx_word' id='word_1_526' title='bbox 1158 1247 1184 1273; x_wconf 90' lang='lat' dir='ltr'><strong>in</strong></span> <span class='ocrx_word' id='word_1_527' title='bbox 1203 1254 1234 1274; x_wconf 87' lang='lat' dir='ltr'><strong>ea</strong></span> <span class='ocrx_word' id='word_1_528' title='bbox 1260 1247 1345 1274; x_wconf 78' lang='lat' dir='ltr'><strong>divini</strong></span> <span class='ocrx_word' id='word_1_529' title='bbox 1367 1247 1540 1276; x_wconf 85' lang='lat' dir='ltr'><strong>characteres</strong></span> <span class='ocrx_word' id='word_1_530' title='bbox 1562 1255 1595 1276; x_wconf 92' lang='lat' dir='ltr'><strong>eo</strong></span> <span class='ocrx_word' id='word_1_531' title='bbox 1617 1248 1699 1276; x_wconf 88' lang='lat' dir='ltr'><strong>modo</strong></span> <span class='ocrx_word' id='word_1_532' title='bbox 1723 1248 1801 1284; x_wconf 78' lang='lat'><strong>123</strong></span> 
     </span>
    </p>
   </div>
   <div class='ocr_carea' id='block_1_72' title="bbox 1015 1292 1801 1328">
    <p class='ocr_par' dir='ltr' id='par_1_72' title="bbox 1015 1292 1801 1328">
     <span class='ocr_line' id='line_1_72' title="bbox 1015 1292 1801 1328; baseline 0.004 -11"><span class='ocrx_word' id='word_1_533' title='bbox 1015 1299 1068 1325; x_wconf 89' lang='lat' dir='ltr'><strong>quo</strong></span> <span class='ocrx_word' id='word_1_534' title='bbox 1096 1292 1174 1326; x_wconf 88' lang='lat' dir='ltr'><strong>prius</strong></span> <span class='ocrx_word' id='word_1_535' title='bbox 1202 1292 1337 1320; x_wconf 89' lang='lat' dir='ltr'><strong>relucere.</strong></span> <span class='ocrx_word' id='word_1_536' title='bbox 1357 1293 1429 1325; x_wconf 87' lang='lat' dir='ltr'><strong>Quid</strong></span> <span class='ocrx_word' id='word_1_537' title='bbox 1456 1301 1521 1328; x_wconf 79' lang='lat' dir='ltr'><strong>ergo</strong></span> <span class='ocrx_word' id='word_1_538' title='bbox 1560 1294 1587 1320; x_wconf 92' lang='lat' dir='ltr'><strong>in</strong></span> <span class='ocrx_word' id='word_1_539' title='bbox 1612 1294 1664 1321; x_wconf 89' lang='lat' dir='ltr'><strong>hoc</strong></span> <span class='ocrx_word' id='word_1_540' title='bbox 1688 1294 1801 1321; x_wconf 86' lang='lat' dir='ltr'><strong>molitus</strong></span> 
     </span>
    </p>
   </div>
   <div class='ocr_carea' id='block_1_73' title="bbox 1014 1337 1800 1374">
    <p class='ocr_par' dir='ltr' id='par_1_73' title="bbox 1014 1337 1800 1374">
     <span class='ocr_line' id='line_1_73' title="bbox 1014 1337 1800 1374; baseline 0 -9"><span class='ocrx_word' id='word_1_541' title='bbox 1014 1338 1050 1365; x_wconf 86' lang='lat' dir='ltr'><strong>sit</strong></span> <span class='ocrx_word' id='word_1_542' title='bbox 1074 1337 1166 1370; x_wconf 83' lang='lat' dir='ltr'><strong>Deus.</strong></span> <span class='ocrx_word' id='word_1_543' title='bbox 1191 1338 1328 1373; x_wconf 86' lang='lat' dir='ltr'><strong>quomodo</strong></span> <span class='ocrx_word' id='word_1_544' title='bbox 1349 1339 1466 1374; x_wconf 76' lang='lat' dir='ltr'><strong>gratiam</strong></span> <span class='ocrx_word' id='word_1_545' title='bbox 1487 1339 1514 1366; x_wconf 90' lang='lat' dir='ltr'><strong>in</strong></span> <span class='ocrx_word' id='word_1_546' title='bbox 1539 1339 1619 1367; x_wconf 88' lang='lat' dir='ltr'><strong>nobis</strong></span> <span class='ocrx_word' id='word_1_547' title='bbox 1644 1339 1800 1367; x_wconf 78' lang='lat' dir='ltr'><strong>inviolatam</strong></span> 
     </span>
    </p>
   </div>
   <div class='ocr_carea' id='block_1_74' title="bbox 1014 1384 1801 1420">
    <p class='ocr_par' dir='ltr' id='par_1_74' title="bbox 1014 1384 1801 1420">
     <span class='ocr_line' id='line_1_74' title="bbox 1014 1384 1801 1420; baseline 0.001 -9"><span class='ocrx_word' id='word_1_548' title='bbox 1014 1384 1182 1415; x_wconf 89' lang='lat' dir='ltr'><strong>inseruerit,</strong></span> <span class='ocrx_word' id='word_1_549' title='bbox 1211 1388 1258 1411; x_wconf 83' lang='lat' dir='ltr'><strong>aut</strong></span> <span class='ocrx_word' id='word_1_550' title='bbox 1284 1385 1424 1420; x_wconf 89' lang='lat' dir='ltr'><strong>quomodo</strong></span> <span class='ocrx_word' id='word_1_551' title='bbox 1459 1392 1556 1413; x_wconf 85' lang='lat' dir='ltr'><strong>rursus</strong></span> <span class='ocrx_word' id='word_1_552' title='bbox 1586 1385 1614 1412; x_wconf 89' lang='lat' dir='ltr'><strong>in</strong></span> <span class='ocrx_word' id='word_1_553' title='bbox 1644 1385 1801 1413; x_wconf 89' lang='lat' dir='ltr'><strong>hominibus</strong></span> 
     </span>
    </p>
   </div>
   <div class='ocr_carea' id='block_1_75' title="bbox 1014 1428 1800 1465">
    <p class='ocr_par' dir='ltr' id='par_1_75' title="bbox 1014 1428 1800 1465">
     <span class='ocr_line' id='line_1_75' title="bbox 1014 1428 1800 1465; baseline 0.004 -10"><span class='ocrx_word' id='word_1_554' title='bbox 1014 1428 1134 1456; x_wconf 89' lang='lat' dir='ltr'><strong>radicem</strong></span> <span class='ocrx_word' id='word_1_555' title='bbox 1173 1428 1292 1463; x_wconf 84' lang='lat' dir='ltr'><strong>Spiritus</strong></span> <span class='ocrx_word' id='word_1_556' title='bbox 1333 1429 1437 1464; x_wconf 80' lang='lat' dir='ltr'><strong>egerit,</strong></span> <span class='ocrx_word' id='word_1_557' title='bbox 1464 1438 1552 1465; x_wconf 86' lang='lat' dir='ltr'><strong>quove</strong></span> <span class='ocrx_word' id='word_1_558' title='bbox 1586 1434 1668 1465; x_wconf 87' lang='lat' dir='ltr'><strong>pacto</strong></span> <span class='ocrx_word' id='word_1_559' title='bbox 1701 1433 1800 1458; x_wconf 82' lang='lat' dir='ltr'><strong>natura</strong></span> 
     </span>
    </p>
   </div>
   <div class='ocr_carea' id='block_1_76' title="bbox 1014 1473 1799 1511">
    <p class='ocr_par' dir='ltr' id='par_1_76' title="bbox 1014 1473 1799 1511">
     <span class='ocr_line' id='line_1_76' title="bbox 1014 1473 1799 1511; baseline 0.003 -11"><span class='ocrx_word' id='word_1_560' title='bbox 1014 1473 1042 1501; x_wconf 90' lang='lat' dir='ltr'><strong>in</strong></span> <span class='ocrx_word' id='word_1_561' title='bbox 1061 1474 1208 1508; x_wconf 90' lang='lat' dir='ltr'><strong>pristinttm</strong></span> <span class='ocrx_word' id='word_1_562' title='bbox 1236 1479 1335 1502; x_wconf 89' lang='lat' dir='ltr'><strong>statum</strong></span> <span class='ocrx_word' id='word_1_563' title='bbox 1360 1475 1509 1502; x_wconf 79' lang='lat' dir='ltr'><strong>refermata</strong></span> <span class='ocrx_word' id='word_1_564' title='bbox 1533 1476 1584 1508; x_wconf 88' lang='lat' dir='ltr'><strong>sit,</strong></span> <span class='ocrx_word' id='word_1_565' title='bbox 1606 1475 1799 1511; x_wconf 77' lang='lat' dir='ltr'><strong>exponendum</strong></span> 
     </span>
    </p>
   </div>
   <div class='ocr_carea' id='block_1_77' title="bbox 1015 1519 1802 1555">
    <p class='ocr_par' dir='ltr' id='par_1_77' title="bbox 1015 1519 1802 1555">
     <span class='ocr_line' id='line_1_77' title="bbox 1015 1519 1802 1555; baseline 0.005 -9"><span class='ocrx_word' id='word_1_566' title='bbox 1015 1523 1059 1547; x_wconf 88' lang='lat' dir='ltr'><strong>est</strong></span> <span class='ocrx_word' id='word_1_567' title='bbox 1074 1520 1215 1555; x_wconf 84' lang='lat' dir='ltr'><strong>deinceps.</strong></span> <span class='ocrx_word' id='word_1_568' title='bbox 1225 1519 1335 1548; x_wconf 87' lang='lat' dir='ltr'><strong>Primus</strong></span> <span class='ocrx_word' id='word_1_569' title='bbox 1353 1521 1398 1549; x_wconf 88' lang='lat' dir='ltr'><strong>ille</strong></span> <span class='ocrx_word' id='word_1_570' title='bbox 1413 1521 1494 1548; x_wconf 92' lang='lat' dir='ltr'><strong>homo</strong></span> <span class='ocrx_word' id='word_1_571' title='bbox 1509 1525 1636 1549; x_wconf 84' lang='lat' dir='ltr'><strong>terrenus</strong></span> <span class='ocrx_word' id='word_1_572' title='bbox 1651 1529 1713 1549; x_wconf 91' lang='lat' dir='ltr'><strong>cum</strong></span> <span class='ocrx_word' id='word_1_573' title='bbox 1728 1524 1802 1550; x_wconf 80' lang='lat' dir='ltr'><strong>esset</strong></span> 
     </span>
    </p>
   </div>
   <div class='ocr_carea' id='block_1_78' title="bbox 1015 1566 1801 1602">
    <p class='ocr_par' dir='ltr' id='par_1_78' title="bbox 1015 1566 1801 1602">
     <span class='ocr_line' id='line_1_78' title="bbox 1015 1566 1801 1602; baseline 0.004 -9"><span class='ocrx_word' id='word_1_574' title='bbox 1015 1573 1048 1594; x_wconf 85' lang='lat' dir='ltr'><strong>ac</strong></span> <span class='ocrx_word' id='word_1_575' title='bbox 1068 1566 1102 1593; x_wconf 90' lang='lat' dir='ltr'><strong>de</strong></span> <span class='ocrx_word' id='word_1_576' title='bbox 1118 1571 1202 1598; x_wconf 83' lang='lat' dir='ltr'><strong>terra,</strong></span> <span class='ocrx_word' id='word_1_577' title='bbox 1220 1571 1246 1594; x_wconf 88' lang='lat' dir='ltr'><strong>et</strong></span> <span class='ocrx_word' id='word_1_578' title='bbox 1264 1567 1291 1594; x_wconf 89' lang='lat' dir='ltr'><strong>in</strong></span> <span class='ocrx_word' id='word_1_579' title='bbox 1306 1574 1355 1595; x_wconf 91' lang='lat' dir='ltr'><strong>sua</strong></span> <span class='ocrx_word' id='word_1_580' title='bbox 1375 1571 1512 1602; x_wconf 85' lang='lat' dir='ltr'><strong>potestate</strong></span> <span class='ocrx_word' id='word_1_581' title='bbox 1529 1569 1610 1595; x_wconf 84' lang='lat' dir='ltr'><strong>sitam</strong></span> <span class='ocrx_word' id='word_1_582' title='bbox 1626 1568 1738 1596; x_wconf 87' lang='lat' dir='ltr'><strong>haberet</strong></span> <span class='ocrx_word' id='word_1_583' title='bbox 1751 1569 1801 1596; x_wconf 91' lang='lat' dir='ltr'><strong>bo-</strong></span> 
     </span>
    </p>
   </div>
   <div class='ocr_carea' id='block_1_79' title="bbox 1015 1612 1800 1649">
    <p class='ocr_par' dir='ltr' id='par_1_79' title="bbox 1015 1612 1800 1649">
     <span class='ocr_line' id='line_1_79' title="bbox 1015 1612 1800 1649; baseline 0.004 -10"><span class='ocrx_word' id='word_1_584' title='bbox 1015 1612 1045 1639; x_wconf 92' lang='lat' dir='ltr'><strong>ni</strong></span> <span class='ocrx_word' id='word_1_585' title='bbox 1062 1613 1161 1640; x_wconf 79' lang='lat' dir='ltr'><strong>malive</strong></span> <span class='ocrx_word' id='word_1_586' title='bbox 1172 1613 1321 1647; x_wconf 88' lang='lat' dir='ltr'><strong>optionem,</strong></span> <span class='ocrx_word' id='word_1_587' title='bbox 1337 1617 1420 1649; x_wconf 87' lang='lat' dir='ltr'><strong>atque</strong></span> <span class='ocrx_word' id='word_1_588' title='bbox 1433 1615 1633 1649; x_wconf 87' lang='lat' dir='ltr'><strong>propensionis</strong></span> <span class='ocrx_word' id='word_1_589' title='bbox 1652 1614 1680 1641; x_wconf 92' lang='lat' dir='ltr'><strong>in</strong></span> <span class='ocrx_word' id='word_1_590' title='bbox 1696 1614 1800 1642; x_wconf 86' lang='lat' dir='ltr'><strong>alteru-</strong></span> 
     </span>
    </p>
   </div>
   <div class='ocr_carea' id='block_1_80' title="bbox 1017 1658 1802 1695">
    <p class='ocr_par' dir='ltr' id='par_1_80' title="bbox 1017 1658 1802 1695">
     <span class='ocr_line' id='line_1_80' title="bbox 1017 1658 1802 1695; baseline 0.003 -10"><span class='ocrx_word' id='word_1_591' title='bbox 1017 1662 1088 1686; x_wconf 79' lang='lat' dir='ltr'><strong>trum</strong></span> <span class='ocrx_word' id='word_1_592' title='bbox 1111 1658 1240 1686; x_wconf 89' lang='lat' dir='ltr'><strong>dominus</strong></span> <span class='ocrx_word' id='word_1_593' title='bbox 1259 1663 1342 1691; x_wconf 86' lang='lat' dir='ltr'><strong>esset,</strong></span> <span class='ocrx_word' id='word_1_594' title='bbox 1361 1660 1437 1694; x_wconf 77' lang='lat' dir='ltr'><strong>gravi</strong></span> <span class='ocrx_word' id='word_1_595' title='bbox 1462 1660 1525 1687; x_wconf 92' lang='lat' dir='ltr'><strong>dolo</strong></span> <span class='ocrx_word' id='word_1_596' title='bbox 1548 1664 1692 1695; x_wconf 88' lang='lat' dir='ltr'><strong>correptus</strong></span> <span class='ocrx_word' id='word_1_597' title='bbox 1707 1665 1760 1692; x_wconf 85' lang='lat' dir='ltr'><strong>est,</strong></span> <span class='ocrx_word' id='word_1_598' title='bbox 1774 1662 1802 1688; x_wconf 82' lang='lat' dir='ltr'><strong>et</strong></span> 
     </span>
    </p>
   </div>
   <div class='ocr_carea' id='block_1_81' title="bbox 1014 1703 1802 1739">
    <p class='ocr_par' dir='ltr' id='par_1_81' title="bbox 1014 1703 1802 1739">
     <span class='ocr_line' id='line_1_81' title="bbox 1014 1703 1802 1739; baseline 0.001 -8"><span class='ocrx_word' id='word_1_599' title='bbox 1014 1704 1043 1732; x_wconf 86' lang='lat' dir='ltr'><strong>in</strong></span> <span class='ocrx_word' id='word_1_600' title='bbox 1064 1703 1279 1732; x_wconf 80' lang='lat' dir='ltr'><strong>inohedienliant</strong></span> <span class='ocrx_word' id='word_1_601' title='bbox 1302 1704 1408 1739; x_wconf 84' lang='lat' dir='ltr'><strong>lapsus,</strong></span> <span class='ocrx_word' id='word_1_602' title='bbox 1425 1705 1453 1732; x_wconf 90' lang='lat' dir='ltr'><strong>in</strong></span> <span class='ocrx_word' id='word_1_603' title='bbox 1477 1710 1578 1732; x_wconf 86' lang='lat' dir='ltr'><strong>terram</strong></span> <span class='ocrx_word' id='word_1_604' title='bbox 1595 1709 1711 1733; x_wconf 86' lang='lat' dir='ltr'><strong>matrem</strong></span> <span class='ocrx_word' id='word_1_605' title='bbox 1729 1705 1802 1732; x_wconf 82' lang='lat' dir='ltr'><strong>unde</strong></span> 
     </span>
    </p>
   </div>
   <div class='ocr_carea' id='block_1_82' title="bbox 1014 1749 1803 1786">
    <p class='ocr_par' dir='ltr' id='par_1_82' title="bbox 1014 1749 1803 1786">
     <span class='ocr_line' id='line_1_82' title="bbox 1014 1749 1803 1786; baseline 0.003 -9"><span class='ocrx_word' id='word_1_606' title='bbox 1014 1749 1167 1785; x_wconf 85' lang='lat' dir='ltr'><strong>prodierat,</strong></span> <span class='ocrx_word' id='word_1_607' title='bbox 1181 1750 1291 1784; x_wconf 86' lang='lat' dir='ltr'><strong>decidit,</strong></span> <span class='ocrx_word' id='word_1_608' title='bbox 1309 1751 1519 1785; x_wconf 81' lang='lat' dir='ltr'><strong>etcorruptioni</strong></span> <span class='ocrx_word' id='word_1_609' title='bbox 1538 1751 1648 1779; x_wconf 89' lang='lat' dir='ltr'><strong>demum</strong></span> <span class='ocrx_word' id='word_1_610' title='bbox 1666 1751 1803 1786; x_wconf 84' lang='lat' dir='ltr'><strong>mortique</strong></span> 
     </span>
    </p>
   </div>
   <div class='ocr_carea' id='block_1_83' title="bbox 1014 1796 1800 1832">
    <p class='ocr_par' dir='ltr' id='par_1_83' title="bbox 1014 1796 1800 1832">
     <span class='ocr_line' id='line_1_83' title="bbox 1014 1796 1800 1832; baseline 0.001 -9"><span class='ocrx_word' id='word_1_611' title='bbox 1014 1796 1165 1827; x_wconf 79' lang='lat' dir='ltr'><strong>obnoxius,</strong></span> <span class='ocrx_word' id='word_1_612' title='bbox 1183 1796 1210 1823; x_wconf 92' lang='lat' dir='ltr'><strong>in</strong></span> <span class='ocrx_word' id='word_1_613' title='bbox 1228 1797 1390 1824; x_wconf 83' lang='lat' dir='ltr'><strong>universum</strong></span> <span class='ocrx_word' id='word_1_614' title='bbox 1406 1805 1492 1832; x_wconf 78' lang='lat' dir='ltr'><strong>genus</strong></span> <span class='ocrx_word' id='word_1_615' title='bbox 1508 1797 1639 1825; x_wconf 88' lang='lat' dir='ltr'><strong>damnum</strong></span> <span class='ocrx_word' id='word_1_616' title='bbox 1654 1798 1800 1826; x_wconf 81' lang='lat' dir='ltr'><strong>tranSmit-</strong></span> 
     </span>
    </p>
   </div>
   <div class='ocr_carea' id='block_1_84' title="bbox 1015 1841 1802 1878">
    <p class='ocr_par' dir='ltr' id='par_1_84' title="bbox 1015 1841 1802 1878">
     <span class='ocr_line' id='line_1_84' title="bbox 1015 1841 1802 1878; baseline 0.003 -10"><span class='ocrx_word' id='word_1_617' title='bbox 1015 1841 1066 1874; x_wconf 87' lang='lat' dir='ltr'><strong>tit;</strong></span> <span class='ocrx_word' id='word_1_618' title='bbox 1083 1845 1227 1869; x_wconf 88' lang='lat' dir='ltr'><strong>crescente</strong></span> <span class='ocrx_word' id='word_1_619' title='bbox 1243 1850 1307 1869; x_wconf 82' lang='lat' dir='ltr'><strong>vero</strong></span> <span class='ocrx_word' id='word_1_620' title='bbox 1326 1842 1354 1869; x_wconf 92' lang='lat' dir='ltr'><strong>in</strong></span> <span class='ocrx_word' id='word_1_621' title='bbox 1370 1843 1453 1870; x_wconf 91' lang='lat' dir='ltr'><strong>nobis</strong></span> <span class='ocrx_word' id='word_1_622' title='bbox 1469 1845 1496 1870; x_wconf 84' lang='lat' dir='ltr'><strong>et</strong></span> <span class='ocrx_word' id='word_1_623' title='bbox 1515 1843 1700 1878; x_wconf 87' lang='lat' dir='ltr'><strong>multiplicato</strong></span> <span class='ocrx_word' id='word_1_624' title='bbox 1716 1843 1802 1875; x_wconf 85' lang='lat' dir='ltr'><strong>malo,</strong></span> 
     </span>
    </p>
   </div>
   <div class='ocr_carea' id='block_1_85' title="bbox 1014 1888 1803 1924">
    <p class='ocr_par' dir='ltr' id='par_1_85' title="bbox 1014 1888 1803 1924">
     <span class='ocr_line' id='line_1_85' title="bbox 1014 1888 1803 1924; baseline 0 -8"><span class='ocrx_word' id='word_1_625' title='bbox 1014 1891 1042 1916; x_wconf 80' lang='lat' dir='ltr'><strong>et</strong></span> <span class='ocrx_word' id='word_1_626' title='bbox 1056 1888 1149 1915; x_wconf 88' lang='lat' dir='ltr'><strong>animo</strong></span> <span class='ocrx_word' id='word_1_627' title='bbox 1168 1892 1266 1915; x_wconf 90' lang='lat' dir='ltr'><strong>nostro</strong></span> <span class='ocrx_word' id='word_1_628' title='bbox 1285 1896 1394 1924; x_wconf 87' lang='lat' dir='ltr'><strong>semper</strong></span> <span class='ocrx_word' id='word_1_629' title='bbox 1410 1889 1438 1916; x_wconf 93' lang='lat' dir='ltr'><strong>in</strong></span> <span class='ocrx_word' id='word_1_630' title='bbox 1454 1889 1533 1924; x_wconf 89' lang='lat' dir='ltr'><strong>pejus</strong></span> <span class='ocrx_word' id='word_1_631' title='bbox 1549 1893 1658 1921; x_wconf 87' lang='lat' dir='ltr'><strong>ruente,</strong></span> <span class='ocrx_word' id='word_1_632' title='bbox 1676 1890 1803 1924; x_wconf 81' lang='lat' dir='ltr'><strong>regnavit</strong></span> 
     </span>
    </p>
   </div>
   <div class='ocr_carea' id='block_1_86' title="bbox 1016 1933 1803 1969">
    <p class='ocr_par' dir='ltr' id='par_1_86' title="bbox 1016 1933 1803 1969">
     <span class='ocr_line' id='line_1_86' title="bbox 1016 1933 1803 1969; baseline 0.003 -9"><span class='ocrx_word' id='word_1_633' title='bbox 1016 1937 1172 1969; x_wconf 76' lang='lat' dir='ltr'><strong>peccatum,</strong></span> <span class='ocrx_word' id='word_1_634' title='bbox 1189 1937 1272 1969; x_wconf 86' lang='lat' dir='ltr'><strong>atque</strong></span> <span class='ocrx_word' id='word_1_635' title='bbox 1297 1933 1334 1961; x_wconf 86' lang='lat' dir='ltr'><strong>ita</strong></span> <span class='ocrx_word' id='word_1_636' title='bbox 1351 1934 1461 1962; x_wconf 88' lang='lat' dir='ltr'><strong>demum</strong></span> <span class='ocrx_word' id='word_1_637' title='bbox 1479 1939 1580 1961; x_wconf 82' lang='lat' dir='ltr'><strong>natura</strong></span> <span class='ocrx_word' id='word_1_638' title='bbox 1595 1934 1716 1962; x_wconf 87' lang='lat' dir='ltr'><strong>hominis</strong></span> <span class='ocrx_word' id='word_1_639' title='bbox 1739 1942 1803 1969; x_wconf 89' lang='lat' dir='ltr'><strong>spo-</strong></span> 
     </span>
    </p>
   </div>
   <div class='ocr_carea' id='block_1_87' title="bbox 1016 1973 1802 2014">
    <p class='ocr_par' dir='ltr' id='par_1_87' title="bbox 1016 1973 1802 2014">
     <span class='ocr_line' id='line_1_87' title="bbox 1016 1973 1802 2014; baseline 0.003 -8"><span class='ocrx_word' id='word_1_640' title='bbox 1016 1979 1081 2006; x_wconf 82' lang='lat' dir='ltr'><strong>liata</strong></span> <span class='ocrx_word' id='word_1_641' title='bbox 1092 1983 1135 2006; x_wconf 86' lang='lat' dir='ltr'><strong>est</strong></span> <span class='ocrx_word' id='word_1_642' title='bbox 1144 1973 1315 2007; x_wconf 81' lang='lat' dir='ltr'><strong>inhabitante</strong></span> <span class='ocrx_word' id='word_1_643' title='bbox 1322 1979 1436 2014; x_wconf 88' lang='lat' dir='ltr'><strong>Spiritu.</strong></span> <span class='ocrx_word' id='word_1_644' title='bbox 1451 1988 1460 2005; x_wconf 78' lang='grc' dir='ltr'>ι</span> <span class='ocrx_word' id='word_1_645' title='bbox 1478 1978 1678 2014; x_wconf 85' lang='lat' dir='ltr'><strong>Spiritusenim</strong></span> <span class='ocrx_word' id='word_1_646' title='bbox 1687 1983 1802 2008; x_wconf 87' lang='lat' dir='ltr'><strong>sanctus</strong></span> 
     </span>
    </p>
   </div>
   <div class='ocr_carea' id='block_1_88' title="bbox 1016 2024 1802 2060">
    <p class='ocr_par' dir='ltr' id='par_1_88' title="bbox 1016 2024 1802 2060">
     <span class='ocr_line' id='line_1_88' title="bbox 1016 2024 1802 2060; baseline 0.003 -8"><span class='ocrx_word' id='word_1_647' title='bbox 1016 2024 1159 2060; x_wconf 76' lang='lat' dir='ltr'><strong>sapientia:</strong></span> <span class='ocrx_word' id='word_1_648' title='bbox 1178 2025 1271 2052; x_wconf 92' lang='lat' dir='ltr'><strong>dolum</strong></span> <span class='ocrx_word' id='word_1_649' title='bbox 1289 2025 1386 2060; x_wconf 76' lang='lat' dir='ltr'><strong>fugiet,</strong></span> <span class='ocrx_word' id='word_1_650' title='bbox 1404 2033 1413 2051; x_wconf 75' lang='grc' dir='ltr'>ι</span> <span class='ocrx_word' id='word_1_651' title='bbox 1438 2028 1467 2052; x_wconf 93' lang='lat' dir='ltr'><strong>ut</strong></span> <span class='ocrx_word' id='word_1_652' title='bbox 1491 2025 1626 2060; x_wconf 84' lang='lat' dir='ltr'><strong>scriptum</strong></span> <span class='ocrx_word' id='word_1_653' title='bbox 1646 2029 1698 2058; x_wconf 86' lang='lat' dir='ltr'><strong>est,</strong></span> <span class='ocrx_word' id='word_1_654' title='bbox 1718 2035 1728 2052; x_wconf 79' lang='grc' dir='ltr'>ι</span> <span class='ocrx_word' id='word_1_655' title='bbox 1752 2033 1802 2054; x_wconf 89' lang='lat' dir='ltr'><strong>nec</strong></span> 
     </span>
    </p>
   </div>
   <div class='ocr_carea' id='block_1_89' title="bbox 1016 2067 1803 2105">
    <p class='ocr_par' dir='ltr' id='par_1_89' title="bbox 1016 2067 1803 2105">
     <span class='ocr_line' id='line_1_89' title="bbox 1016 2067 1803 2105; baseline 0 -9"><span class='ocrx_word' id='word_1_656' title='bbox 1016 2069 1152 2097; x_wconf 81' lang='lat' dir='ltr'><strong>habitabit</strong></span> <span class='ocrx_word' id='word_1_657' title='bbox 1178 2069 1207 2097; x_wconf 91' lang='lat' dir='ltr'><strong>in</strong></span> <span class='ocrx_word' id='word_1_658' title='bbox 1233 2077 1349 2105; x_wconf 88' lang='lat' dir='ltr'><strong>corpore</strong></span> <span class='ocrx_word' id='word_1_659' title='bbox 1371 2069 1484 2097; x_wconf 83' lang='lat' dir='ltr'><strong>subdito</strong></span> <span class='ocrx_word' id='word_1_660' title='bbox 1501 2067 1664 2104; x_wconf 72' lang='lat' dir='ltr'><strong>peccatis&quot;.</strong></span> <span class='ocrx_word' id='word_1_661' title='bbox 1691 2079 1700 2096; x_wconf 86' lang='lat' dir='ltr'><strong>I</strong></span> <span class='ocrx_word' id='word_1_662' title='bbox 1728 2069 1803 2102; x_wconf 87' lang='lat' dir='ltr'><strong>Quo-</strong></span> 
     </span>
    </p>
   </div>
   <div class='ocr_carea' id='block_1_90' title="bbox 1015 2115 1802 2152">
    <p class='ocr_par' dir='ltr' id='par_1_90' title="bbox 1015 2115 1802 2152">
     <span class='ocr_line' id='line_1_90' title="bbox 1015 2115 1802 2152; baseline 0.001 -10"><span class='ocrx_word' id='word_1_663' title='bbox 1015 2116 1090 2143; x_wconf 85' lang='lat' dir='ltr'><strong>niam</strong></span> <span class='ocrx_word' id='word_1_664' title='bbox 1101 2123 1168 2152; x_wconf 77' lang='lat' dir='ltr'><strong>ergo</strong></span> <span class='ocrx_word' id='word_1_665' title='bbox 1183 2116 1290 2152; x_wconf 85' lang='lat' dir='ltr'><strong>primus</strong></span> <span class='ocrx_word' id='word_1_666' title='bbox 1305 2116 1391 2143; x_wconf 83' lang='lat' dir='ltr'><strong>Adam</strong></span> <span class='ocrx_word' id='word_1_667' title='bbox 1408 2115 1526 2151; x_wconf 78' lang='lat' dir='ltr'><strong>gratiam</strong></span> <span class='ocrx_word' id='word_1_668' title='bbox 1542 2116 1596 2143; x_wconf 70' lang='lat' dir='ltr'><strong>Sibi</strong></span> <span class='ocrx_word' id='word_1_669' title='bbox 1613 2124 1628 2143; x_wconf 86' lang='lat' dir='ltr'><strong>a</strong></span> <span class='ocrx_word' id='word_1_670' title='bbox 1639 2115 1694 2144; x_wconf 88' lang='lat' dir='ltr'><strong>Deo</strong></span> <span class='ocrx_word' id='word_1_671' title='bbox 1709 2116 1802 2144; x_wconf 82' lang='lat' dir='ltr'><strong>datam</strong></span> 
     </span>
    </p>
   </div>
   <div class='ocr_carea' id='block_1_91' title="bbox 1016 2162 1802 2196">
    <p class='ocr_par' dir='ltr' id='par_1_91' title="bbox 1016 2162 1802 2196">
     <span class='ocr_line' id='line_1_91' title="bbox 1016 2162 1802 2196; baseline 0.003 -8"><span class='ocrx_word' id='word_1_672' title='bbox 1016 2169 1070 2189; x_wconf 92' lang='lat' dir='ltr'><strong>non</strong></span> <span class='ocrx_word' id='word_1_673' title='bbox 1084 2165 1253 2196; x_wconf 76' lang='lat' dir='ltr'><strong>servaverat,</strong></span> <span class='ocrx_word' id='word_1_674' title='bbox 1270 2162 1421 2190; x_wconf 78' lang='lat' dir='ltr'><strong>destinavit</strong></span> <span class='ocrx_word' id='word_1_675' title='bbox 1436 2162 1517 2190; x_wconf 91' lang='lat' dir='ltr'><strong>nobis</strong></span> <span class='ocrx_word' id='word_1_676' title='bbox 1528 2162 1638 2190; x_wconf 70' lang='lat' dir='ltr'><strong>cwlitus</strong></span> <span class='ocrx_word' id='word_1_677' title='bbox 1651 2162 1802 2190; x_wconf 88' lang='lat' dir='ltr'><strong>secundum</strong></span> 
     </span>
    </p>
   </div>
   <div class='ocr_carea' id='block_1_92' title="bbox 178 2207 963 2247">
    <p class='ocr_par' dir='ltr' id='par_1_92' title="bbox 178 2211 962 2247">
     <span class='ocr_line' id='line_1_92' title="bbox 178 2211 962 2247; baseline -0.001 -9"><span class='ocrx_word' id='word_1_678' title='bbox 178 2213 235 2244; x_wconf 71' lang='grc' dir='ltr'>καὶ,</span> <span class='ocrx_word' id='word_1_679' title='bbox 249 2212 300 2238; x_wconf 68' lang='lat' dir='ltr'><strong>«Of:</strong></span> <span class='ocrx_word' id='word_1_680' title='bbox 313 2211 470 2247; x_wconf 74' lang='grc' dir='ltr'>κατοικήσει</span> <span class='ocrx_word' id='word_1_681' title='bbox 481 2212 509 2238; x_wconf 84' lang='grc' dir='ltr'><strong>ἐν</strong></span> <span class='ocrx_word' id='word_1_682' title='bbox 523 2211 628 2246; x_wconf 78' lang='grc' dir='ltr'>σώματι</span> <span class='ocrx_word' id='word_1_683' title='bbox 641 2211 783 2246; x_wconf 81' lang='grc' dir='ltr'>κατάχρεῳ</span> <span class='ocrx_word' id='word_1_684' title='bbox 794 2211 939 2246; x_wconf 83' lang='grc' dir='ltr'>ἁμαρτίας.</span> <span class='ocrx_word' id='word_1_685' title='bbox 953 2220 962 2237; x_wconf 77' lang='grc' dir='ltr'>ι</span> 
     </span>
    </p>
   </div>
   <div class='ocr_carea' id='block_1_93' title="bbox 1014 2207 1804 2247">
    <p class='ocr_par' dir='ltr' id='par_1_93' title="bbox 1016 2207 1804 2236">
     <span class='ocr_line' id='line_1_93' title="bbox 1016 2207 1804 2236; baseline 0.001 -2"><span class='ocrx_word' id='word_1_686' title='bbox 1016 2208 1102 2235; x_wconf 84' lang='lat' dir='ltr'><strong>Adam</strong></span> <span class='ocrx_word' id='word_1_687' title='bbox 1129 2207 1200 2236; x_wconf 84' lang='lat' dir='ltr'><strong>Deus</strong></span> <span class='ocrx_word' id='word_1_688' title='bbox 1228 2215 1260 2235; x_wconf 88' lang='lat' dir='ltr'><strong>ac</strong></span> <span class='ocrx_word' id='word_1_689' title='bbox 1282 2207 1376 2235; x_wconf 81' lang='lat' dir='ltr'><strong>Pater.</strong></span> <span class='ocrx_word' id='word_1_690' title='bbox 1397 2208 1483 2235; x_wconf 87' lang='lat' dir='ltr'><strong>Mittit</strong></span> <span class='ocrx_word' id='word_1_691' title='bbox 1506 2208 1579 2235; x_wconf 82' lang='lat' dir='ltr'><strong>enim</strong></span> <span class='ocrx_word' id='word_1_692' title='bbox 1598 2208 1625 2235; x_wconf 91' lang='lat' dir='ltr'><strong>in</strong></span> <span class='ocrx_word' id='word_1_693' title='bbox 1645 2208 1804 2236; x_wconf 68' lang='lat' dir='ltr'><strong>similitudi~</strong></span> 
     </span>
    </p>
   </div>
   <div class='ocr_carea' id='block_1_94' title="bbox 184 2256 960 2293">
    <p class='ocr_par' dir='ltr' id='par_1_94' title="bbox 184 2256 960 2293">
     <span class='ocr_line' id='line_1_94' title="bbox 184 2256 960 2293; baseline -0.001 -10"><span class='ocrx_word' id='word_1_694' title='bbox 184 2258 260 2284; x_wconf 73' lang='grc' dir='ltr'>Ἐπεὶ</span> <span class='ocrx_word' id='word_1_695' title='bbox 274 2257 364 2284; x_wconf 82' lang='grc' dir='ltr'>τοίνυν</span> <span class='ocrx_word' id='word_1_696' title='bbox 381 2258 395 2284; x_wconf 83' lang='grc' dir='ltr'>ὁ</span> <span class='ocrx_word' id='word_1_697' title='bbox 410 2257 516 2293; x_wconf 79' lang='grc' dir='ltr'>πρῶτος</span> <span class='ocrx_word' id='word_1_698' title='bbox 534 2257 620 2291; x_wconf 76' lang='grc' dir='ltr'>Ἀδὰμ</span> <span class='ocrx_word' id='word_1_699' title='bbox 638 2257 686 2291; x_wconf 77' lang='grc' dir='ltr'>τὴν</span> <span class='ocrx_word' id='word_1_700' title='bbox 706 2257 780 2292; x_wconf 83' lang='grc' dir='ltr'>παρὰ</span> <span class='ocrx_word' id='word_1_701' title='bbox 797 2256 863 2282; x_wconf 77' lang='grc' dir='ltr'>Θεοῦ</span> <span class='ocrx_word' id='word_1_702' title='bbox 879 2256 960 2283; x_wconf 76' lang='grc' dir='ltr'>δοθεῖ-</span> 
     </span>
    </p>
   </div>
   <div class='ocr_carea' id='block_1_95' title="bbox 178 2302 963 2338">
    <p class='ocr_par' dir='ltr' id='par_1_95' title="bbox 178 2302 963 2338">
     <span class='ocr_line' id='line_1_95' title="bbox 178 2302 963 2338; baseline 0 -10"><span class='ocrx_word' id='word_1_703' title='bbox 178 2312 228 2328; x_wconf 78' lang='grc' dir='ltr'><strong>σαν</strong></span> <span class='ocrx_word' id='word_1_704' title='bbox 252 2303 283 2329; x_wconf 75' lang='grc' dir='ltr'>οὐ</span> <span class='ocrx_word' id='word_1_705' title='bbox 308 2302 419 2328; x_wconf 81' lang='grc' dir='ltr'>διέσωσε</span> <span class='ocrx_word' id='word_1_706' title='bbox 435 2302 524 2338; x_wconf 82' lang='grc' dir='ltr'>χάριν,</span> <span class='ocrx_word' id='word_1_707' title='bbox 547 2302 691 2337; x_wconf 75' lang='grc' dir='ltr'>ἐπενόησεν</span> <span class='ocrx_word' id='word_1_708' title='bbox 707 2303 772 2337; x_wconf 86' lang='grc' dir='ltr'>ἡμῖν</span> <span class='ocrx_word' id='word_1_709' title='bbox 796 2302 826 2333; x_wconf 80' lang='grc' dir='ltr'>ἐξ</span> <span class='ocrx_word' id='word_1_710' title='bbox 850 2302 963 2336; x_wconf 75' lang='grc' dir='ltr'>οὐρανοῦ</span> 
     </span>
    </p>
   </div>
   <div class='ocr_carea' id='block_1_96' title="bbox 176 2345 965 2382">
    <p class='ocr_par' dir='ltr' id='par_1_96' title="bbox 176 2345 965 2382">
     <span class='ocr_line' id='line_1_96' title="bbox 176 2345 965 2382; baseline -0.001 -9"><span class='ocrx_word' id='word_1_711' title='bbox 176 2348 222 2373; x_wconf 72' lang='grc' dir='ltr'><strong>τὸν</strong></span> <span class='ocrx_word' id='word_1_712' title='bbox 238 2347 364 2382; x_wconf 82' lang='grc' dir='ltr'>δεύτερον</span> <span class='ocrx_word' id='word_1_713' title='bbox 387 2347 471 2382; x_wconf 78' lang='grc' dir='ltr'>Ἀδὰμ</span> <span class='ocrx_word' id='word_1_714' title='bbox 487 2347 501 2372; x_wconf 83' lang='grc' dir='ltr'>ὁ</span> <span class='ocrx_word' id='word_1_715' title='bbox 520 2346 585 2377; x_wconf 77' lang='grc' dir='ltr'>Θεὸς</span> <span class='ocrx_word' id='word_1_716' title='bbox 599 2346 646 2372; x_wconf 75' lang='grc' dir='ltr'>καὶ</span> <span class='ocrx_word' id='word_1_717' title='bbox 660 2346 763 2381; x_wconf 80' lang='grc' dir='ltr'>Πατήρ.</span> <span class='ocrx_word' id='word_1_718' title='bbox 782 2346 888 2381; x_wconf 78' lang='grc' dir='ltr'>Πέμπει</span> <span class='ocrx_word' id='word_1_719' title='bbox 911 2345 965 2380; x_wconf 73' lang='grc' dir='ltr'><strong>γὰρ</strong></span> 
     </span>
    </p>
   </div>
   <div class='ocr_carea' id='block_1_97' title="bbox 177 2391 966 2428">
    <p class='ocr_par' dir='ltr' id='par_1_97' title="bbox 177 2391 966 2428">
     <span class='ocr_line' id='line_1_97' title="bbox 177 2391 966 2428; baseline 0 -10"><span class='ocrx_word' id='word_1_720' title='bbox 177 2395 216 2424; x_wconf 79' lang='grc' dir='ltr'>εἰς</span> <span class='ocrx_word' id='word_1_721' title='bbox 239 2393 369 2428; x_wconf 83' lang='grc' dir='ltr'>ὁμοίωσιν</span> <span class='ocrx_word' id='word_1_722' title='bbox 390 2392 439 2428; x_wconf 84' lang='grc' dir='ltr'><strong>τὴν</strong></span> <span class='ocrx_word' id='word_1_723' title='bbox 456 2392 523 2428; x_wconf 78' lang='grc' dir='ltr'>πρὸς</span> <span class='ocrx_word' id='word_1_724' title='bbox 539 2392 612 2427; x_wconf 78' lang='grc' dir='ltr'>ἡμᾶς</span> <span class='ocrx_word' id='word_1_725' title='bbox 629 2392 761 2426; x_wconf 68' lang='grc' dir='ltr'>ἄτρεπτον</span> <span class='ocrx_word' id='word_1_726' title='bbox 777 2400 807 2418; x_wconf 88' lang='grc' dir='ltr'><strong>τε</strong></span> <span class='ocrx_word' id='word_1_727' title='bbox 822 2392 869 2418; x_wconf 75' lang='grc' dir='ltr'><strong>καὶ</strong></span> <span class='ocrx_word' id='word_1_728' title='bbox 887 2391 966 2418; x_wconf 81' lang='grc' dir='ltr'>ἀναλ-</span> 
     </span>
    </p>
   </div>
   <div class='ocr_carea' id='block_1_98' title="bbox 176 2436 966 2474">
    <p class='ocr_par' dir='ltr' id='par_1_98' title="bbox 176 2436 966 2474">
     <span class='ocr_line' id='line_1_98' title="bbox 176 2436 966 2474; baseline -0.003 -10"><span class='ocrx_word' id='word_1_729' title='bbox 176 2439 288 2466; x_wconf 74' lang='grc' dir='ltr'>λοίωτον</span> <span class='ocrx_word' id='word_1_730' title='bbox 298 2438 363 2465; x_wconf 79' lang='grc' dir='ltr'>ὅντα</span> <span class='ocrx_word' id='word_1_731' title='bbox 375 2439 408 2474; x_wconf 79' lang='grc' dir='ltr'>τῇ</span> <span class='ocrx_word' id='word_1_732' title='bbox 419 2437 552 2472; x_wconf 81' lang='grc' dir='ltr'>φύσειτὸν</span> <span class='ocrx_word' id='word_1_733' title='bbox 566 2437 630 2464; x_wconf 80' lang='grc' dir='ltr'>ἴδιον</span> <span class='ocrx_word' id='word_1_734' title='bbox 643 2437 718 2468; x_wconf 72' lang='grc' dir='ltr'>Υἰον,</span> <span class='ocrx_word' id='word_1_735' title='bbox 731 2436 779 2463; x_wconf 74' lang='grc' dir='ltr'><strong>καὶ</strong></span> <span class='ocrx_word' id='word_1_736' title='bbox 791 2436 820 2463; x_wconf 84' lang='grc' dir='ltr'>τὺ</span> <span class='ocrx_word' id='word_1_737' title='bbox 835 2437 966 2472; x_wconf 84' lang='grc' dir='ltr'>ἁμαρτεῖν</span> 
     </span>
    </p>
   </div>
   <div class='ocr_carea' id='block_1_99' title="bbox 176 2481 965 2519">
    <p class='ocr_par' dir='ltr' id='par_1_99' title="bbox 176 2481 965 2519">
     <span class='ocr_line' id='line_1_99' title="bbox 176 2481 965 2519; baseline -0.004 -8"><span class='ocrx_word' id='word_1_738' title='bbox 176 2485 227 2512; x_wconf 65' lang='grc' dir='ltr'><strong>οὐκ</strong></span> <span class='ocrx_word' id='word_1_739' title='bbox 243 2485 332 2511; x_wconf 76' lang='grc' dir='ltr'>εἰδότα</span> <span class='ocrx_word' id='word_1_740' title='bbox 345 2484 491 2516; x_wconf 78' lang='grc' dir='ltr'>παντελῶς,</span> <span class='ocrx_word' id='word_1_741' title='bbox 512 2484 555 2511; x_wconf 78' lang='grc' dir='ltr'><strong>ἵνα</strong></span> <span class='ocrx_word' id='word_1_742' title='bbox 570 2484 693 2519; x_wconf 83' lang='grc' dir='ltr'>καθάπερ</span> <span class='ocrx_word' id='word_1_743' title='bbox 707 2483 751 2510; x_wconf 83' lang='grc' dir='ltr'><strong>διὰ</strong></span> <span class='ocrx_word' id='word_1_744' title='bbox 764 2483 812 2517; x_wconf 83' lang='grc' dir='ltr'>τῆς</span> <span class='ocrx_word' id='word_1_745' title='bbox 827 2482 873 2509; x_wconf 79' lang='grc' dir='ltr'>τοῦ</span> <span class='ocrx_word' id='word_1_746' title='bbox 890 2481 965 2516; x_wconf 86' lang='grc' dir='ltr'>πρώ-</span> 
     </span>
    </p>
   </div>
   <div class='ocr_carea' id='block_1_100' title="bbox 179 2528 967 2565">
    <p class='ocr_par' dir='ltr' id='par_1_100' title="bbox 179 2528 967 2565">
     <span class='ocr_line' id='line_1_100' title="bbox 179 2528 967 2565; baseline -0.003 -9"><span class='ocrx_word' id='word_1_747' title='bbox 179 2539 224 2556; x_wconf 82' lang='grc' dir='ltr'><strong>του</strong></span> <span class='ocrx_word' id='word_1_748' title='bbox 243 2531 385 2565; x_wconf 79' lang='grc' dir='ltr'>παρακοῆς</span> <span class='ocrx_word' id='word_1_749' title='bbox 401 2530 452 2556; x_wconf 83' lang='grc' dir='ltr'>ὑπὸ</span> <span class='ocrx_word' id='word_1_750' title='bbox 467 2529 540 2557; x_wconf 87' lang='grc' dir='ltr'>θείαν</span> <span class='ocrx_word' id='word_1_751' title='bbox 554 2530 704 2564; x_wconf 80' lang='grc' dir='ltr'>γεγόναμεν</span> <span class='ocrx_word' id='word_1_752' title='bbox 722 2529 816 2564; x_wconf 83' lang='grc' dir='ltr'>ὀργὴν,</span> <span class='ocrx_word' id='word_1_753' title='bbox 838 2528 908 2554; x_wconf 74' lang='grc' dir='ltr'>οὓτω</span> <span class='ocrx_word' id='word_1_754' title='bbox 922 2528 967 2554; x_wconf 80' lang='grc' dir='ltr'>διὰ</span> 
     </span>
    </p>
   </div>
   <div class='ocr_carea' id='block_1_101' title="bbox 181 2573 964 2612">
    <p class='ocr_par' dir='ltr' id='par_1_101' title="bbox 181 2573 964 2612">
     <span class='ocr_line' id='line_1_101' title="bbox 181 2573 964 2612; baseline -0.004 -9"><span class='ocrx_word' id='word_1_755' title='bbox 181 2578 226 2612; x_wconf 79' lang='grc' dir='ltr'>τῆς</span> <span class='ocrx_word' id='word_1_756' title='bbox 240 2577 366 2612; x_wconf 79' lang='grc' dir='ltr'>ὑπακοῆς</span> <span class='ocrx_word' id='word_1_757' title='bbox 377 2576 424 2603; x_wconf 79' lang='grc' dir='ltr'>τοῦ</span> <span class='ocrx_word' id='word_1_758' title='bbox 435 2576 572 2612; x_wconf 79' lang='grc' dir='ltr'>δευτέρου,</span> <span class='ocrx_word' id='word_1_759' title='bbox 585 2576 632 2602; x_wconf 75' lang='grc' dir='ltr'><strong>καὶ</strong></span> <span class='ocrx_word' id='word_1_760' title='bbox 643 2576 691 2610; x_wconf 84' lang='grc' dir='ltr'>τὴν</span> <span class='ocrx_word' id='word_1_761' title='bbox 702 2575 770 2610; x_wconf 77' lang='grc' dir='ltr'>ἀρὰν</span> <span class='ocrx_word' id='word_1_762' title='bbox 780 2573 964 2609; x_wconf 86' lang='grc' dir='ltr'>διαφύγωμεν,</span> 
     </span>
    </p>
   </div>
   <div class='ocr_carea' id='block_1_102' title="bbox 179 2620 966 2657">
    <p class='ocr_par' dir='ltr' id='par_1_102' title="bbox 179 2620 966 2657">
     <span class='ocr_line' id='line_1_102' title="bbox 179 2620 966 2657; baseline -0.004 -9"><span class='ocrx_word' id='word_1_763' title='bbox 179 2623 225 2648; x_wconf 68' lang='grc' dir='ltr'><strong>καὶ</strong></span> <span class='ocrx_word' id='word_1_764' title='bbox 239 2623 274 2649; x_wconf 77' lang='grc' dir='ltr'>τὰ</span> <span class='ocrx_word' id='word_1_765' title='bbox 292 2622 322 2654; x_wconf 77' lang='grc' dir='ltr'><strong>ἐξ</strong></span> <span class='ocrx_word' id='word_1_766' title='bbox 342 2622 426 2655; x_wconf 76' lang='grc' dir='ltr'>αὐτῆς</span> <span class='ocrx_word' id='word_1_767' title='bbox 439 2622 545 2657; x_wconf 80' lang='grc' dir='ltr'>ἁργήσῃ</span> <span class='ocrx_word' id='word_1_768' title='bbox 558 2621 640 2649; x_wconf 85' lang='grc' dir='ltr'>κακά.</span> <span class='ocrx_word' id='word_1_769' title='bbox 663 2620 770 2656; x_wconf 75' lang='grc' dir='ltr'>Ἐπειδὴ</span> <span class='ocrx_word' id='word_1_770' title='bbox 783 2621 812 2647; x_wconf 79' lang='grc' dir='ltr'><strong>δὲ</strong></span> <span class='ocrx_word' id='word_1_771' title='bbox 825 2620 966 2655; x_wconf 74' lang='grc' dir='ltr'>ἄνθρωπος</span> 
     </span>
    </p>
   </div>
   <div class='ocr_carea' id='block_1_103' title="bbox 178 2666 967 2702">
    <p class='ocr_par' dir='ltr' id='par_1_103' title="bbox 178 2666 967 2702">
     <span class='ocr_line' id='line_1_103' title="bbox 178 2666 967 2702; baseline -0.003 -7"><span class='ocrx_word' id='word_1_772' title='bbox 178 2670 290 2702; x_wconf 71' lang='grc' dir='ltr'>γέγονεν</span> <span class='ocrx_word' id='word_1_773' title='bbox 307 2670 321 2695; x_wconf 84' lang='grc' dir='ltr'>ὁ</span> <span class='ocrx_word' id='word_1_774' title='bbox 339 2668 385 2695; x_wconf 80' lang='grc' dir='ltr'>τοῦ</span> <span class='ocrx_word' id='word_1_775' title='bbox 399 2668 466 2694; x_wconf 77' lang='grc' dir='ltr'>Θεοῦ</span> <span class='ocrx_word' id='word_1_776' title='bbox 479 2668 574 2702; x_wconf 78' lang='grc' dir='ltr'>Λόγος,</span> <span class='ocrx_word' id='word_1_777' title='bbox 597 2668 703 2702; x_wconf 78' lang='grc' dir='ltr'>δέχεται</span> <span class='ocrx_word' id='word_1_778' title='bbox 718 2667 749 2693; x_wconf 86' lang='grc' dir='ltr'><strong>τὸ</strong></span> <span class='ocrx_word' id='word_1_779' title='bbox 764 2666 874 2702; x_wconf 69' lang='grc' dir='ltr'>Πνεῦμα</span> <span class='ocrx_word' id='word_1_780' title='bbox 891 2667 967 2702; x_wconf 76' lang='grc' dir='ltr'>παρὰ</span> 
     </span>
    </p>
   </div>
   <div class='ocr_carea' id='block_1_104' title="bbox 180 2711 966 2750">
    <p class='ocr_par' dir='ltr' id='par_1_104' title="bbox 180 2711 966 2750">
     <span class='ocr_line' id='line_1_104' title="bbox 180 2711 966 2750; baseline -0.003 -10"><span class='ocrx_word' id='word_1_781' title='bbox 180 2714 225 2740; x_wconf 73' lang='grc' dir='ltr'>τοῦ</span> <span class='ocrx_word' id='word_1_782' title='bbox 245 2715 360 2750; x_wconf 75' lang='grc' dir='ltr'>Πατρδς,</span> <span class='ocrx_word' id='word_1_783' title='bbox 372 2715 408 2745; x_wconf 83' lang='grc' dir='ltr'><strong>ὡς</strong></span> <span class='ocrx_word' id='word_1_784' title='bbox 424 2711 463 2746; x_wconf 78' lang='grc' dir='ltr'>εἷς</span> <span class='ocrx_word' id='word_1_785' title='bbox 476 2714 506 2746; x_wconf 77' lang='grc' dir='ltr'>ἐξ</span> <span class='ocrx_word' id='word_1_786' title='bbox 517 2714 605 2749; x_wconf 80' lang='grc' dir='ltr'>ἡμῶν,</span> <span class='ocrx_word' id='word_1_787' title='bbox 623 2714 672 2748; x_wconf 72' lang='grc' dir='ltr'>οὐχ</span> <span class='ocrx_word' id='word_1_788' title='bbox 687 2712 774 2748; x_wconf 84' lang='grc' dir='ltr'>ἑαυτῴ</span> <span class='ocrx_word' id='word_1_789' title='bbox 786 2722 812 2739; x_wconf 91' lang='grc' dir='ltr'><strong>τι</strong></span> <span class='ocrx_word' id='word_1_790' title='bbox 821 2712 966 2748; x_wconf 73' lang='grc' dir='ltr'>λαμϐάνων</span> 
     </span>
    </p>
   </div>
   <div class='ocr_carea' id='block_1_105' title="bbox 182 2758 965 2796">
    <p class='ocr_par' dir='ltr' id='par_1_105' title="bbox 182 2758 965 2796">
     <span class='ocr_line' id='line_1_105' title="bbox 182 2758 965 2796; baseline -0.001 -11"><span class='ocrx_word' id='word_1_791' title='bbox 182 2759 273 2791; x_wconf 79' lang='grc' dir='ltr'>ἱδικῶς</span> <span class='ocrx_word' id='word_1_792' title='bbox 287 2767 294 2774; x_wconf 88' lang='grc'><strong>·</strong></span> <span class='ocrx_word' id='word_1_793' title='bbox 312 2759 395 2791; x_wconf 69' lang='grc' dir='ltr'>αὐτὸς</span> <span class='ocrx_word' id='word_1_794' title='bbox 416 2760 470 2796; x_wconf 83' lang='grc' dir='ltr'>γὰρ</span> <span class='ocrx_word' id='word_1_795' title='bbox 491 2758 524 2794; x_wconf 81' lang='grc' dir='ltr'>ἦν</span> <span class='ocrx_word' id='word_1_796' title='bbox 542 2759 556 2785; x_wconf 79' lang='grc' dir='ltr'>ὁ</span> <span class='ocrx_word' id='word_1_797' title='bbox 579 2759 626 2785; x_wconf 76' lang='grc' dir='ltr'>τοῦ</span> <span class='ocrx_word' id='word_1_798' title='bbox 649 2758 808 2794; x_wconf 81' lang='grc' dir='ltr'>Πνεύματος</span> <span class='ocrx_word' id='word_1_799' title='bbox 830 2758 945 2793; x_wconf 77' lang='grc' dir='ltr'>χορηγός</span> <span class='ocrx_word' id='word_1_800' title='bbox 958 2765 965 2772; x_wconf 90' lang='grc'>·</span> 
     </span>
    </p>
   </div>
   <div class='ocr_carea' id='block_1_106' title="bbox 218 2844 431 2882">
    <p class='ocr_par' dir='ltr' id='par_1_106' title="bbox 218 2844 431 2882">
     <span class='ocr_line' id='line_1_106' title="bbox 218 2844 431 2882; baseline 0.005 -7"><span class='ocrx_word' id='word_1_801' title='bbox 218 2844 238 2858; x_wconf 62' lang='grc'><strong>²⁵</strong></span> <span class='ocrx_word' id='word_1_802' title='bbox 257 2849 325 2876; x_wconf 67' lang='lat' dir='ltr'><strong>Cen.</strong></span> <span class='ocrx_word' id='word_1_803' title='bbox 345 2858 374 2882; x_wconf 87' lang='lat' dir='ltr'><strong>tt,</strong></span> <span class='ocrx_word' id='word_1_804' title='bbox 386 2850 431 2876; x_wconf 73' lang='lat'><strong>‘23.</strong></span> 
     </span>
    </p>
   </div>
   <div class='ocr_carea' id='block_1_107' title="bbox 479 2848 935 2883">
    <p class='ocr_par' dir='ltr' id='par_1_107' title="bbox 479 2848 935 2883">
     <span class='ocr_line' id='line_1_107' title="bbox 479 2848 935 2883; baseline -0.004 -7"><span class='ocrx_word' id='word_1_805' title='bbox 479 2850 501 2864; x_wconf 82' lang='lat'><strong>&quot;&#39;</strong></span> <span class='ocrx_word' id='word_1_806' title='bbox 518 2850 584 2876; x_wconf 79' lang='lat' dir='ltr'><strong>Gen.</strong></span> <span class='ocrx_word' id='word_1_807' title='bbox 602 2857 643 2881; x_wconf 86' lang='lat' dir='ltr'><strong>ttt,</strong></span> <span class='ocrx_word' id='word_1_808' title='bbox 668 2849 708 2876; x_wconf 77' lang='lat' dir='ltr'><strong>i9.</strong></span> <span class='ocrx_word' id='word_1_809' title='bbox 748 2848 768 2863; x_wconf 82' lang='grc'><strong>³⁷</strong></span> <span class='ocrx_word' id='word_1_810' title='bbox 786 2848 850 2883; x_wconf 84' lang='lat' dir='ltr'><strong>Sap.</strong></span> <span class='ocrx_word' id='word_1_811' title='bbox 873 2857 892 2880; x_wconf 88' lang='lat' dir='ltr'><strong>t,</strong></span> <span class='ocrx_word' id='word_1_812' title='bbox 911 2848 935 2875; x_wconf 72' lang='grc' dir='ltr'><strong>Ξὶ.</strong></span> 
     </span>
    </p>
   </div>
   <div class='ocr_carea' id='block_1_108' title="bbox 1017 2253 1804 2282">
    <p class='ocr_par' dir='ltr' id='par_1_108' title="bbox 1017 2253 1804 2282">
     <span class='ocr_line' id='line_1_108' title="bbox 1017 2253 1804 2282; baseline 0 -2"><span class='ocrx_word' id='word_1_813' title='bbox 1017 2262 1078 2281; x_wconf 87' lang='lat' dir='ltr'><strong>nem</strong></span> <span class='ocrx_word' id='word_1_814' title='bbox 1101 2254 1189 2282; x_wconf 89' lang='lat' dir='ltr'><strong>nostri</strong></span> <span class='ocrx_word' id='word_1_815' title='bbox 1209 2263 1289 2282; x_wconf 88' lang='lat' dir='ltr'><strong>suum</strong></span> <span class='ocrx_word' id='word_1_816' title='bbox 1303 2253 1404 2281; x_wconf 85' lang='lat' dir='ltr'><strong>Filium</strong></span> <span class='ocrx_word' id='word_1_817' title='bbox 1420 2258 1518 2282; x_wconf 89' lang='lat' dir='ltr'><strong>natura</strong></span> <span class='ocrx_word' id='word_1_818' title='bbox 1536 2261 1586 2282; x_wconf 89' lang='lat' dir='ltr'><strong>sua</strong></span> <span class='ocrx_word' id='word_1_819' title='bbox 1600 2254 1763 2282; x_wconf 83' lang='lat' dir='ltr'><strong>mutationis</strong></span> <span class='ocrx_word' id='word_1_820' title='bbox 1777 2259 1804 2282; x_wconf 89' lang='lat' dir='ltr'><strong>et</strong></span> 
     </span>
    </p>
   </div>
   <div class='ocr_carea' id='block_1_109' title="bbox 1018 2299 1802 2335">
    <p class='ocr_par' dir='ltr' id='par_1_109' title="bbox 1018 2299 1802 2335">
     <span class='ocr_line' id='line_1_109' title="bbox 1018 2299 1802 2335; baseline -0.001 -8"><span class='ocrx_word' id='word_1_821' title='bbox 1018 2300 1190 2328; x_wconf 86' lang='lat' dir='ltr'><strong>alterationis</strong></span> <span class='ocrx_word' id='word_1_822' title='bbox 1205 2301 1342 2333; x_wconf 79' lang='lat' dir='ltr'><strong>nescium,</strong></span> <span class='ocrx_word' id='word_1_823' title='bbox 1356 2303 1382 2326; x_wconf 90' lang='lat' dir='ltr'><strong>et</strong></span> <span class='ocrx_word' id='word_1_824' title='bbox 1398 2299 1502 2334; x_wconf 88' lang='lat' dir='ltr'><strong>peccati</strong></span> <span class='ocrx_word' id='word_1_825' title='bbox 1518 2307 1633 2334; x_wconf 87' lang='lat' dir='ltr'><strong>prorsus</strong></span> <span class='ocrx_word' id='word_1_826' title='bbox 1649 2305 1802 2335; x_wconf 74' lang='lat' dir='ltr'><strong>expertem,</strong></span> 
     </span>
    </p>
   </div>
   <div class='ocr_carea' id='block_1_110' title="bbox 1019 2346 1804 2381">
    <p class='ocr_par' dir='ltr' id='par_1_110' title="bbox 1019 2346 1804 2381">
     <span class='ocr_line' id='line_1_110' title="bbox 1019 2346 1804 2381; baseline 0 -8"><span class='ocrx_word' id='word_1_827' title='bbox 1019 2351 1048 2374; x_wconf 91' lang='lat' dir='ltr'><strong>ut</strong></span> <span class='ocrx_word' id='word_1_828' title='bbox 1066 2346 1297 2381; x_wconf 80' lang='lat' dir='ltr'><strong>quemadmodum</strong></span> <span class='ocrx_word' id='word_1_829' title='bbox 1314 2354 1361 2381; x_wconf 90' lang='lat' dir='ltr'><strong>per</strong></span> <span class='ocrx_word' id='word_1_830' title='bbox 1377 2346 1589 2374; x_wconf 86' lang='lat' dir='ltr'><strong>inohedientiam</strong></span> <span class='ocrx_word' id='word_1_831' title='bbox 1606 2346 1687 2381; x_wconf 89' lang='lat' dir='ltr'><strong>primi</strong></span> <span class='ocrx_word' id='word_1_832' title='bbox 1704 2346 1804 2373; x_wconf 72' lang='lat' dir='ltr'><strong>divinm</strong></span> 
     </span>
    </p>
   </div>
   <div class='ocr_carea' id='block_1_111' title="bbox 1018 2390 1803 2426">
    <p class='ocr_par' dir='ltr' id='par_1_111' title="bbox 1018 2390 1803 2426">
     <span class='ocr_line' id='line_1_111' title="bbox 1018 2390 1803 2426; baseline 0.001 -9"><span class='ocrx_word' id='word_1_833' title='bbox 1018 2390 1066 2418; x_wconf 73' lang='lat' dir='ltr'><strong>ira:</strong></span> <span class='ocrx_word' id='word_1_834' title='bbox 1084 2390 1203 2426; x_wconf 83' lang='lat' dir='ltr'><strong>subjecti</strong></span> <span class='ocrx_word' id='word_1_835' title='bbox 1224 2390 1338 2425; x_wconf 80' lang='lat' dir='ltr'><strong>fuimus,</strong></span> <span class='ocrx_word' id='word_1_836' title='bbox 1357 2391 1393 2417; x_wconf 84' lang='lat' dir='ltr'><strong>ita</strong></span> <span class='ocrx_word' id='word_1_837' title='bbox 1416 2399 1465 2426; x_wconf 87' lang='lat' dir='ltr'><strong>per</strong></span> <span class='ocrx_word' id='word_1_838' title='bbox 1483 2390 1664 2419; x_wconf 87' lang='lat' dir='ltr'><strong>obedientiam</strong></span> <span class='ocrx_word' id='word_1_839' title='bbox 1691 2391 1803 2418; x_wconf 84' lang='lat' dir='ltr'><strong>secundi</strong></span> 
     </span>
    </p>
   </div>
   <div class='ocr_carea' id='block_1_112' title="bbox 1017 2435 1804 2473">
    <p class='ocr_par' dir='ltr' id='par_1_112' title="bbox 1017 2435 1804 2473">
     <span class='ocr_line' id='line_1_112' title="bbox 1017 2435 1804 2473; baseline 0.001 -10"><span class='ocrx_word' id='word_1_840' title='bbox 1017 2437 1241 2465; x_wconf 86' lang='lat' dir='ltr'><strong>maledictioncm</strong></span> <span class='ocrx_word' id='word_1_841' title='bbox 1269 2445 1379 2473; x_wconf 84' lang='lat' dir='ltr'><strong>quoque</strong></span> <span class='ocrx_word' id='word_1_842' title='bbox 1405 2437 1560 2473; x_wconf 79' lang='lat' dir='ltr'><strong>fugiamus,</strong></span> <span class='ocrx_word' id='word_1_843' title='bbox 1591 2440 1618 2464; x_wconf 91' lang='lat' dir='ltr'><strong>et</strong></span> <span class='ocrx_word' id='word_1_844' title='bbox 1639 2435 1700 2471; x_wconf 86' lang='lat' dir='ltr'><strong>ejus</strong></span> <span class='ocrx_word' id='word_1_845' title='bbox 1731 2437 1804 2464; x_wconf 86' lang='lat' dir='ltr'><strong>mala</strong></span> 
     </span>
    </p>
   </div>
   <div class='ocr_carea' id='block_1_113' title="bbox 1017 2482 1804 2511">
    <p class='ocr_par' dir='ltr' id='par_1_113' title="bbox 1017 2482 1804 2511">
     <span class='ocr_line' id='line_1_113' title="bbox 1017 2482 1804 2511; baseline 0 -1"><span class='ocrx_word' id='word_1_846' title='bbox 1017 2488 1127 2510; x_wconf 86' lang='lat' dir='ltr'><strong>cessent</strong></span> <span class='ocrx_word' id='word_1_847' title='bbox 1143 2483 1176 2510; x_wconf 80' lang='grc'><strong>⁸⁸.</strong></span> <span class='ocrx_word' id='word_1_848' title='bbox 1188 2483 1256 2511; x_wconf 91' lang='lat' dir='ltr'><strong>Cum</strong></span> <span class='ocrx_word' id='word_1_849' title='bbox 1274 2488 1365 2511; x_wconf 82' lang='lat' dir='ltr'><strong>autem</strong></span> <span class='ocrx_word' id='word_1_850' title='bbox 1387 2483 1470 2510; x_wconf 92' lang='lat' dir='ltr'><strong>homo</strong></span> <span class='ocrx_word' id='word_1_851' title='bbox 1488 2483 1592 2510; x_wconf 80' lang='lat' dir='ltr'><strong>factum</strong></span> <span class='ocrx_word' id='word_1_852' title='bbox 1609 2483 1646 2510; x_wconf 84' lang='lat' dir='ltr'><strong>sit</strong></span> <span class='ocrx_word' id='word_1_853' title='bbox 1669 2482 1716 2510; x_wconf 92' lang='lat' dir='ltr'><strong>Dei</strong></span> <span class='ocrx_word' id='word_1_854' title='bbox 1735 2482 1804 2511; x_wconf 79' lang='lat' dir='ltr'><strong>Ver-</strong></span> 
     </span>
    </p>
   </div>
   <div class='ocr_carea' id='block_1_114' title="bbox 1016 2528 1802 2564">
    <p class='ocr_par' dir='ltr' id='par_1_114' title="bbox 1016 2528 1802 2564">
     <span class='ocr_line' id='line_1_114' title="bbox 1016 2528 1802 2564; baseline 0.001 -8"><span class='ocrx_word' id='word_1_855' title='bbox 1016 2528 1098 2561; x_wconf 84' lang='lat' dir='ltr'><strong>hum,</strong></span> <span class='ocrx_word' id='word_1_856' title='bbox 1117 2528 1250 2564; x_wconf 87' lang='lat' dir='ltr'><strong>Spiritum</strong></span> <span class='ocrx_word' id='word_1_857' title='bbox 1268 2537 1283 2556; x_wconf 87' lang='lat' dir='ltr'><strong>a</strong></span> <span class='ocrx_word' id='word_1_858' title='bbox 1298 2529 1378 2556; x_wconf 85' lang='lat' dir='ltr'><strong>Patre</strong></span> <span class='ocrx_word' id='word_1_859' title='bbox 1396 2529 1508 2564; x_wconf 83' lang='lat' dir='ltr'><strong>accipit,</strong></span> <span class='ocrx_word' id='word_1_860' title='bbox 1527 2532 1556 2556; x_wconf 92' lang='lat' dir='ltr'><strong>ut</strong></span> <span class='ocrx_word' id='word_1_861' title='bbox 1579 2537 1650 2557; x_wconf 87' lang='lat' dir='ltr'><strong>unus</strong></span> <span class='ocrx_word' id='word_1_862' title='bbox 1670 2537 1685 2556; x_wconf 88' lang='lat' dir='ltr'><strong>e</strong></span> <span class='ocrx_word' id='word_1_863' title='bbox 1709 2530 1802 2563; x_wconf 83' lang='lat' dir='ltr'><strong>nobis,</strong></span> 
     </span>
    </p>
   </div>
   <div class='ocr_carea' id='block_1_115' title="bbox 1017 2573 1848 2610">
    <p class='ocr_par' dir='ltr' id='par_1_115' title="bbox 1017 2573 1848 2610">
     <span class='ocr_line' id='line_1_115' title="bbox 1017 2573 1848 2610; baseline 0.004 -10"><span class='ocrx_word' id='word_1_864' title='bbox 1017 2581 1071 2601; x_wconf 91' lang='lat' dir='ltr'><strong>non</strong></span> <span class='ocrx_word' id='word_1_865' title='bbox 1093 2574 1144 2602; x_wconf 92' lang='lat' dir='ltr'><strong>sibi</strong></span> <span class='ocrx_word' id='word_1_866' title='bbox 1167 2575 1270 2610; x_wconf 82' lang='lat' dir='ltr'><strong>aliquid</strong></span> <span class='ocrx_word' id='word_1_867' title='bbox 1290 2575 1447 2610; x_wconf 81' lang='lat' dir='ltr'><strong>specialiter</strong></span> <span class='ocrx_word' id='word_1_868' title='bbox 1469 2574 1608 2609; x_wconf 87' lang='lat' dir='ltr'><strong>accipiens</strong></span> <span class='ocrx_word' id='word_1_869' title='bbox 1632 2574 1706 2609; x_wconf 88' lang='lat' dir='ltr'><strong>(erat</strong></span> <span class='ocrx_word' id='word_1_870' title='bbox 1728 2576 1803 2603; x_wconf 87' lang='lat' dir='ltr'><strong>enim</strong></span> <span class='ocrx_word' id='word_1_871' title='bbox 1845 2573 1848 2576; x_wconf 75' lang='grc'><strong>’</strong></span> 
     </span>
    </p>
   </div>
   <div class='ocr_carea' id='block_1_116' title="bbox 1017 2619 1803 2657">
    <p class='ocr_par' dir='ltr' id='par_1_116' title="bbox 1017 2619 1803 2657">
     <span class='ocr_line' id='line_1_116' title="bbox 1017 2619 1803 2657; baseline 0.005 -11"><span class='ocrx_word' id='word_1_872' title='bbox 1017 2619 1075 2654; x_wconf 88' lang='lat' dir='ltr'><strong>ipse</strong></span> <span class='ocrx_word' id='word_1_873' title='bbox 1091 2620 1210 2655; x_wconf 78' lang='lat' dir='ltr'><strong>largitor</strong></span> <span class='ocrx_word' id='word_1_874' title='bbox 1236 2620 1441 2657; x_wconf 77' lang='lat' dir='ltr'><strong>Spiritus),sed</strong></span> <span class='ocrx_word' id='word_1_875' title='bbox 1467 2626 1497 2649; x_wconf 84' lang='lat' dir='ltr'><strong>ut</strong></span> <span class='ocrx_word' id='word_1_876' title='bbox 1526 2625 1671 2657; x_wconf 86' lang='lat' dir='ltr'><strong>acceptum</strong></span> <span class='ocrx_word' id='word_1_877' title='bbox 1698 2627 1803 2650; x_wconf 75' lang='lat' dir='ltr'><strong>natura:</strong></span> 
     </span>
    </p>
   </div>
   <div class='ocr_carea' id='block_1_117' title="bbox 1020 2666 1804 2700">
    <p class='ocr_par' dir='ltr' id='par_1_117' title="bbox 1020 2666 1804 2700">
     <span class='ocr_line' id='line_1_117' title="bbox 1020 2666 1804 2700; baseline 0.005 -9"><span class='ocrx_word' id='word_1_878' title='bbox 1020 2670 1121 2692; x_wconf 63' lang='lat' dir='ltr'><strong>nostra:</strong></span> <span class='ocrx_word' id='word_1_879' title='bbox 1134 2670 1323 2699; x_wconf 77' lang='lat' dir='ltr'><strong>conservaret,</strong></span> <span class='ocrx_word' id='word_1_880' title='bbox 1339 2671 1369 2693; x_wconf 93' lang='lat' dir='ltr'><strong>ut</strong></span> <span class='ocrx_word' id='word_1_881' title='bbox 1393 2666 1485 2700; x_wconf 81' lang='lat' dir='ltr'><strong>homo,</strong></span> <span class='ocrx_word' id='word_1_882' title='bbox 1502 2672 1530 2695; x_wconf 89' lang='lat' dir='ltr'><strong>ct</strong></span> <span class='ocrx_word' id='word_1_883' title='bbox 1545 2675 1643 2696; x_wconf 81' lang='lat' dir='ltr'><strong>rursus</strong></span> <span class='ocrx_word' id='word_1_884' title='bbox 1668 2667 1804 2695; x_wconf 83' lang='lat' dir='ltr'><strong>radicaret</strong></span> 
     </span>
    </p>
   </div>
   <div class='ocr_carea' id='block_1_118' title="bbox 1019 2711 1805 2749">
    <p class='ocr_par' dir='ltr' id='par_1_118' title="bbox 1019 2711 1805 2749">
     <span class='ocr_line' id='line_1_118' title="bbox 1019 2711 1805 2749; baseline 0.004 -12"><span class='ocrx_word' id='word_1_885' title='bbox 1019 2711 1046 2737; x_wconf 94' lang='lat' dir='ltr'><strong>in</strong></span> <span class='ocrx_word' id='word_1_886' title='bbox 1065 2711 1145 2739; x_wconf 88' lang='lat' dir='ltr'><strong>nobis</strong></span> <span class='ocrx_word' id='word_1_887' title='bbox 1161 2713 1278 2747; x_wconf 79' lang='lat' dir='ltr'><strong>gratiam</strong></span> <span class='ocrx_word' id='word_1_888' title='bbox 1295 2720 1355 2747; x_wconf 71' lang='lat' dir='ltr'><strong>qua:</strong></span> <span class='ocrx_word' id='word_1_889' title='bbox 1368 2718 1534 2747; x_wconf 84' lang='lat' dir='ltr'><strong>recesserat,</strong></span> <span class='ocrx_word' id='word_1_890' title='bbox 1547 2714 1581 2746; x_wconf 89' lang='lat' dir='ltr'><strong>is,</strong></span> <span class='ocrx_word' id='word_1_891' title='bbox 1595 2714 1642 2749; x_wconf 87' lang='lat' dir='ltr'><strong>qui</strong></span> <span class='ocrx_word' id='word_1_892' title='bbox 1659 2717 1805 2748; x_wconf 84' lang='lat' dir='ltr'><strong>peccatum</strong></span> 
     </span>
    </p>
   </div>
   <div class='ocr_carea' id='block_1_119' title="bbox 1018 2757 1802 2800">
    <p class='ocr_par' dir='ltr' id='par_1_119' title="bbox 1018 2757 1802 2800">
     <span class='ocr_line' id='line_1_119' title="bbox 1018 2757 1802 2800; baseline 0.003 -16"><span class='ocrx_word' id='word_1_893' title='bbox 1018 2765 1073 2784; x_wconf 93' lang='lat' dir='ltr'><strong>non</strong></span> <span class='ocrx_word' id='word_1_894' title='bbox 1090 2758 1176 2786; x_wconf 77' lang='lat' dir='ltr'><strong>norit.</strong></span> <span class='ocrx_word' id='word_1_895' title='bbox 1200 2757 1277 2800; x_wconf 78' lang='lat' dir='ltr'><strong>Hane</strong></span> <span class='ocrx_word' id='word_1_896' title='bbox 1301 2759 1375 2787; x_wconf 90' lang='lat' dir='ltr'><strong>enim</strong></span> <span class='ocrx_word' id='word_1_897' title='bbox 1392 2760 1428 2788; x_wconf 90' lang='lat' dir='ltr'><strong>ob</strong></span> <span class='ocrx_word' id='word_1_898' title='bbox 1450 2767 1563 2788; x_wconf 88' lang='lat' dir='ltr'><strong>causam</strong></span> <span class='ocrx_word' id='word_1_899' title='bbox 1589 2760 1716 2788; x_wconf 74' lang='lat' dir='ltr'><strong>exiSIimo</strong></span> <span class='ocrx_word' id='word_1_900' title='bbox 1739 2766 1802 2787; x_wconf 70' lang='lat' dir='ltr'><strong>sam</strong></span> 
     </span>
    </p>
   </div>
   <div class='ocr_carea' id='block_1_120' title="bbox 976 2847 1210 2882">
    <p class='ocr_par' dir='ltr' id='par_1_120' title="bbox 976 2847 1210 2882">
     <span class='ocr_line' id='line_1_120' title="bbox 976 2847 1210 2882; baseline 0.004 -9"><span class='ocrx_word' id='word_1_901' title='bbox 976 2847 998 2864; x_wconf 81' lang='grc'><strong>³⁸</strong></span> <span class='ocrx_word' id='word_1_902' title='bbox 1021 2847 1099 2877; x_wconf 77' lang='lat' dir='ltr'><strong>Rom.</strong></span> <span class='ocrx_word' id='word_1_903' title='bbox 1114 2857 1138 2882; x_wconf 84' lang='grc' dir='ltr'><strong>ν,</strong></span> <span class='ocrx_word' id='word_1_904' title='bbox 1164 2850 1210 2877; x_wconf 52' lang='grc'><strong>18(</strong></span> 
     </span>
    </p>
   </div>
  </div>
