2028 3118
248 187 299 215 907

728 177 754 203 S.
775 173 912 203 CYlllLiJ
937 169 1172 200 ALEXANDRINI
1186 171 1344 200 ARClllEP.

1826 173 1882 200 208

250 249 324 272 etum
361 242 508 277 Baptistam
546 239 650 266 utiliter
674 237 829 269 addidisse,
852 245 861 261 ι
879 235 949 268 Quia
977 234 1033 261 villi

1093 232 1128 261 ἵνα
1153 235 1185 269 τῇ
1211 233 1289 268 φύσει
1313 234 1433 270 διασώσῃ
1455 234 1561 267 λαῧὼν,
1583 234 1621 265 ὼς
1645 233 1805 271 ἄνθρωπος,
1833 238 1881 261 καὶ

251 290 384 327 Spiritum
395 287 616 316 descendentem
629 284 663 312 de
678 283 760 315 ccelo,
771 287 797 311 et
814 287 972 309 manentem
990 289 1036 309 sn-

249 344 300 372 per
314 343 376 363 eum
389 334 421 361 ".
436 343 445 359 ι
460 331 587 360 Avolavit
605 330 678 358 enim
695 337 729 357 ex
744 329 824 356 nobis
842 332 955 363 propter
974 335 1038 363 pec-

250 386 352 412 catum,
370 379 460 406 factus
486 382 578 404 autem
602 379 644 403 est
659 375 733 403 velut
757 382 830 402 unus
843 382 876 401 ex
893 373 974 400 nobis
989 372 1037 407 qui

251 422 394 462 peccatum
412 431 467 452 non
483 423 571 455 novit,
588 425 615 449 ut
630 420 794 449 assuelicret
813 426 896 454 porro
917 418 1038 453 Spiritus

251 480 362 501 manere
379 473 408 500 in
424 470 515 503 nobis,
532 476 594 497 cum
614 467 773 496 discedendi
790 469 838 493 aut
862 464 1038 494 subducendi

251 529 280 548 ac
293 526 405 547 causam
424 518 451 545 in
474 517 533 552 ipso
554 523 609 543 non
630 515 753 541 haberet.
781 513 867 548 igitur
889 511 970 538 nobis
990 517 1038 545 per

252 566 373 601 scipsum
389 563 521 598 Spiritum
539 560 650 596 accipit,
668 564 695 587 et
708 563 814 586 natura-
830 562 909 584 vetus
934 557 1036 584 bonum

254 615 377 640 renovat.
403 610 448 636 Sic
470 608 552 636 etiam
569 613 672 642 pauper
695 605 785 632 lactus
798 603 901 631 dicitur
923 606 1038 638 propter

253 665 315 685 nos.
334 656 414 683 Dives
438 654 512 682 enim
537 660 599 680 cum
629 651 674 682 sit.
700 657 755 685 qua
779 649 861 680 Deus,
881 653 908 676 ct
934 649 1038 675 nullius

255 703 321 731 boni
346 701 468 736 indigus,
493 699 576 726 homo
601 697 690 724 lactus
710 699 753 724 est
774 695 897 722 omnium
917 702 1036 730 egenus;

253 749 286 775 ad
302 755 384 783 quem
401 744 617 773 alicubidictum
629 739 671 770 est
688 741 819 776 praeclare
834 748 840 766 :
853 749 861 765 ι
881 740 952 773 Quid
965 739 1038 767 enim

255 794 335 830 124
351 794 436 821 habes
453 791 526 827 quod
546 797 601 818 non
631 788 762 823 accepisti
774 787 816 813 δοῖ
829 797 838 813 ι
857 786 1039 819 Quemadmo-

253 843 317 868 dum
334 846 400 874 ergo
414 838 469 865 vita
487 836 638 865 secundum
655 838 781 862 naturam
805 833 942 860 exsistens
963 838 1039 858 mor-

255 893 317 914 tuus
330 890 372 914 est
383 883 534 913 secundum
551 887 661 909 carnem
677 883 789 915 propter
800 886 860 910 nos,
878 883 908 905 ut
923 880 1038 904 mortem

254 934 376 961 \iucerct
393 938 442 965 pro
462 928 552 960 nobis,
569 931 596 954 et
619 927 779 953 universam
797 932 891 952 secum
910 927 1037 950 naturam

254 977 489 1007 (ont‘csuscitarct
503 975 610 1010 (omnes
627 972 700 1000 enim
718 979 829 999 eramus
844 970 872 997 in
887 971 957 1005 ipso,
970 975 1040 1004 qua-

254 1026 334 1053 tenus
349 1024 432 1051 homo
449 1022 540 1049 factus
550 1022 613 1055 est),
624 1019 664 1047 sic
682 1019 764 1046 etiam
777 1017 910 1053 Spiritmu
927 1017 1040 1051 propter

254 1080 305 1100 res
323 1071 433 1105 accipit,
455 1074 484 1095 ut
502 1075 611 1095 omnem
640 1065 796 1094 sanctitlcet
819 1067 958 1091 naturam.
979 1060 1040 1088 Non

254 1118 327 1144 inim
354 1116 382 1142 in
406 1121 486 1142 suum
513 1111 688 1140 commodum
712 1110 804 1141 venit,
832 1108 880 1136 sed
909 1111 938 1134 ut
961 1105 1041 1133 nobis

254 1162 382 1190 tllllllb‘ds
398 1158 576 1195 principium,
593 1160 621 1183 et
632 1156 687 1188 via,
706 1158 734 1182 et
749 1154 832 1189 janua
854 1153 889 1179 sit
905 1151 1040 1179 honorum

253 1206 418 1236 (mlestium.
437 1203 495 1231 Nisi
521 1202 595 1230 enim
624 1201 760 1235 accipere,
779 1203 808 1226 ut
831 1198 925 1230 homo,
949 1196 1040 1224 visum

254 1258 338 1286 isset,
363 1256 408 1279 aut
425 1251 507 1278 etiam
532 1248 599 1284 pati,
618 1251 649 1274 ut
670 1254 742 1274 unus
758 1253 773 1272 e
789 1245 879 1276 nobis,
902 1242 1040 1278 quomodo

254 1304 342 1337 ipsum
359 1307 388 1326 se
403 1297 565 1325 bumiliasse
581 1293 689 1321 ostendi
709 1292 820 1327 pesset?
840 1294 887 1317 aut
901 1288 1040 1324 quomodo

255 1334 326 1374 servi
338 1345 426 1372 l'ornia
443 1346 515 1370 recte
530 1341 556 1369 ei
569 1340 748 1371 tribueretur,
768 1338 823 1365 nisi
834 1337 869 1364 de
882 1338 943 1372 ipso
959 1334 1041 1371 quid-

254 1393 315 1419 dam
333 1390 415 1418 etiam
431 1395 512 1416 servo
527 1386 694 1414 conveniens
715 1384 850 1418 scriptum
865 1382 954 1410 esset?
978 1381 1041 1410 Noli

254 1445 319 1473 ergo
335 1434 568 1472 sapientissimum
592 1430 792 1459 incarnationis
810 1429 944 1456 rationem
960 1427 1040 1455 velli-

255 1482 328 1515 care,
345 1489 425 1517 quam
441 1479 551 1507 divinus
572 1478 617 1505 ille
633 1477 738 1504 Paulus
759 1476 821 1510 jure
837 1475 964 1506 miratur,
986 1473 1040 1500 cla-

256 1537 334 1556 mans
350 1537 357 1556 z
375 1537 383 1553 ι
399 1526 436 1554 Ut
454 1526 611 1553 innotescat
633 1530 708 1550 nunc
728 1521 930 1557 principatibus
947 1523 973 1547 et
992 1526 1041 1554 po-

1089 278 1193 316 ριζώσῃ
1211 279 1290 306 πάλιν
1314 281 1343 306 ἐν
1360 281 1424 315 ἡμῖν
1446 280 1495 315 τὴν
1509 281 1731 316 ἁποφοιτήσασαν
1757 281 1849 316 χάριν,
1867 283 1881 308 ὁ

1090 326 1127 361 μὴ
1141 326 1217 358 εἰδὼς
1234 326 1381 362 ἁμαρτίαν.
1396 327 1446 353 Διὰ
1457 327 1559 363 ταύτην
1572 327 1626 363 γὰρ
1638 326 1714 363 οἶμαι
1725 329 1774 364 τὴν
1788 329 1880 355 αἰτίαν

1089 372 1310 407 προστεθεικέναι
1341 373 1483 408 χρησίμως
1512 373 1559 399 τὸν
1593 374 1669 407 ἆγιον
1702 374 1880 409 Βαπτιστήν·

1091 417 1168 443 (Ὅτι
1192 416 1324 451 τεθέαμαι
1344 417 1374 442 τὸ
1395 417 1508 452 Πνεῦμα
1522 417 1685 445 καταϐαῖνον
1700 418 1730 451 ἐξ
1751 419 1879 454 οὐρανοῦ,

1089 462 1136 488 καὶ
1152 461 1259 496 ἔμεινεν
1272 462 1315 487 ἐπ’
1334 462 1424 489 αὐτόν.
1440 471 1449 487 ι
1477 463 1598 497 ’Λπέπτη
1618 463 1666 498 μὲν
1686 463 1740 499 γὰρ
1758 464 1787 497 ἐξ
1800 465 1880 499 ἡμῶν

1088 507 1133 534 διὰ
1146 507 1195 543 τὴν
1210 508 1356 544 ἁμαρτίαν,
1374 508 1469 542 γέγονε
1484 508 1512 535 δὲ
1531 509 1569 540 ὼς
1591 506 1630 540 εἷς
1648 509 1678 541 ἐξ
1697 500 1784 544 ἡμῶν,
1802 511 1816 537 ὁ
1841 510 1879 545 μὴ

1088 553 1167 586 είδὼς
1180 555 1328 590 ἁμαρτίαν,
1349 555 1392 581 ἵνα
1407 555 1555 591 προσεθίσῃ
1570 555 1600 582 τὸ
1614 556 1728 590 Πνεῦμα
1744 556 1834 592 μένειν
1851 558 1881 583 ἐν

1089 599 1164 634 ἡμῖν,
1181 599 1307 636 ἀφορμὴν
1322 601 1372 627 οὐκ
1389 600 1449 635 ἕχον
1470 601 1680 636 ἀναχωρήσεως,
1697 602 1712 637 ἢ
1729 602 1881 638 ὑποστολῆς

1088 645 1118 672 ἐν
1130 645 1215 681 αὐτῷ.
1231 646 1334 672 Οὐκοῦν
1345 648 1411 681 ἡμῖν
1422 647 1454 673 δι’
1469 647 1563 673 ἑαυτοῦ
1575 647 1706 682 λαμϐάνει
1716 648 1745 674 τὸ
1756 649 1880 684 Πνεῦμα,

1089 693 1136 718 καὶ
1150 693 1258 719 ἀνανεοῖ
1272 694 1304 728 τῇ
1322 693 1402 727 φύσει
1417 693 1448 719 τὸ
1466 693 1576 729 ἀρχαῖον
1593 693 1693 727 ἀγαθόν
1707 701 1713 708 ’
1738 694 1809 721 οὕτω
1833 696 1881 724 καὶ

1090 739 1246 773 πτωχεῦσαι
1264 738 1371 772 λέγεται
1394 738 1427 764 δι’
1451 739 1532 773 ἡμᾶς.
1552 738 1681 770 Πλούσιος
1694 739 1747 775 γέιρ
1770 739 1818 771 ὢν,
1842 740 1879 772 ὡς

1090 782 1165 816 Θεὸς,
1190 783 1236 810 καὶ
1259 783 1364 814 οὐδενὸς
1386 783 1439 809 τῷν
1463 783 1572 817 ἀγαθῶν
1595 784 1713 820 ἐπιδεὴς.
1738 785 1882 820 ἅνθρωπος

1091 829 1186 864 γέγονε
1201 830 1310 856 πάντων
1326 829 1445 865 ἐπιδεὴς,
1472 829 1540 863 πρὸς
1561 829 1591 856 ὂν
1613 830 1719 866 εἴρηταί
1744 839 1806 862 που,
1833 834 1882 858 καὶ

1094 875 1195 910 σφόδρα
1207 875 1307 906 καλῶς·
1323 875 1370 902 «Τί
1381 877 1435 912 γὰρ
1446 876 1528 912 ἔχεις,
1542 877 1556 903 ὃ
1567 877 1616 903 οὐκ
1627 876 1732 909 ἔλαϐες
1750 887 1758 902 ι
1775 878 1881 913 Ὠσπερ

1092 919 1139 947 ιῦν
1160 921 1216 957 ζωὴ
1237 921 1308 949 κατὰ
1325 922 1405 956 φύσιν
1430 923 1558 959 ὑπάρχων
1572 923 1691 950 ἀπέθανε
1709 924 1778 950 κατὰ
1793 924 1882 959 σάρκα

1091 967 1126 992 δι’
1141 967 1223 1002 ἡμᾶς,
1248 967 1290 994 ἶνα
1313 968 1412 1003 νικήσῃ
1435 968 1481 995 τὸν
1505 968 1618 995 θάνατον
1639 969 1709 1004 ὑπὲρ
1730 969 1819 1005 ἡμῶν,
1834 970 1882 996 καὶ

1092 1012 1155 1047 ὃλην
1184 1012 1272 1048 ἑαυτῷ
1296 1014 1484 1049 συναναστήσῃ
1505 1014 1554 1049 τὴν
1575 1013 1655 1049 φύσιν
1674 1022 1681 1030 ’
1708 1015 1808 1046 πάντες
1827 1014 1882 1050 γὰρ

1091 1056 1161 1094 ἦμεν
1177 1060 1207 1086 ὲν
1225 1059 1314 1096 αὐτῷ,
1328 1060 1395 1086 καθὸ
1408 1059 1521 1094 γέγονεν
1536 1059 1677 1094 ἄνθρωπος
1691 1068 1697 1074 ·
1710 1060 1779 1086 οὕτω
1793 1062 1841 1086 καὶ
1853 1061 1883 1088 τὸ

1092 1105 1205 1140 Πνεῦμα
1225 1105 1332 1140 δέχεται
1357 1106 1390 1132 δι’
1411 1107 1501 1140 ἡμᾶς,
1527 1107 1570 1133 ’ίνα
1594 1107 1684 1133 πᾶσαν
1709 1107 1810 1143 ἁγιάσῃ
1832 1107 1883 1142 τὴν

1092 1150 1182 1185 φύσιν.
1204 1152 1241 1178 Οὐ
1258 1152 1310 1188 γὰρ
1327 1153 1424 1179 ἑαυτὸν
1443 1153 1591 1188 ὠφελήσων
1606 1153 1742 1188 ἐλήλυθεν,
1765 1154 1822 1180 ἀλλ’
1839 1155 1884 1180 ἴνα

1093 1198 1175 1224 πᾶσιν
1198 1198 1264 1232 ἡμῖν
1287 1197 1369 1233 ἀρχὴ,
1388 1198 1436 1224 καὶ
1458 1198 1526 1230 ὁδὸς,
1545 1199 1592 1225 καὶ
1613 1198 1681 1233 θύρα
1699 1199 1811 1234 γένηται
1827 1200 1882 1225 τῶν

1092 1243 1225 1278 οὐρανίων
1248 1243 1368 1277 ἀγαθῶν.
1394 1243 1426 1270 Et
1448 1243 1503 1279 γὰρ
1521 1244 1557 1279 μὴ
1581 1244 1652 1276 ἔδοξε
1668 1245 1828 1280 λαμϐάνειν,
1845 1245 1883 1276 ὡς

1093 1288 1245 1323 ἄνθρωπος,
1263 1288 1279 1324 ἢ
1300 1289 1347 1314 καὶ
1369 1289 1495 1324 πάσχειν,
1511 1289 1549 1320 ὡς
1563 1286 1602 1320 εἷς
1619 1289 1648 1321 ἐξ
1661 1289 1749 1325 ἡμῶν,
1770 1290 1828 1321 πῶς
1850 1291 1883 1317 ἂν

1093 1334 1176 1366 ἔδειξὲ
1200 1343 1252 1367 τις,
1279 1335 1320 1360 ὅτι
1341 1335 1541 1374 τεταπείνωκεν
1565 1335 1683 1367 ἑαυτόν;
1707 1337 1741 1362 Ἢ
1766 1336 1824 1368 πῶς
1849 1336 1882 1362 ἂν

1093 1379 1181 1414 ἐσώθη
1200 1380 1290 1411 καλῶς
1305 1381 1320 1415 ἡ
1335 1380 1382 1406 τοῦ
1401 1380 1494 1407 δούλου
1509 1381 1609 1416 μορφὴ,
1626 1382 1649 1407 εἰ
1666 1382 1703 1416 μή
1722 1390 1747 1408 τι
1762 1383 1809 1409 καὶ
1821 1383 1883 1409 δου-

1093 1425 1228 1461 λοπρεπὲς
1241 1426 1350 1461 ἐγράφη
1360 1427 1424 1462 περὶ
1439 1427 1537 1460 αὑτοῦ;
1555 1427 1599 1462 Μὴ
1613 1427 1782 1462 διασυρὲσοω
1794 1429 1883 1455 τοίνυν

1093 1473 1107 1498 ὁ
1133 1472 1270 1506 πάνσοφος
1294 1473 1343 1508 τῆς
1366 1473 1521 1509 οἰκονομίας
1543 1474 1631 1507 λόγος,
1653 1474 1682 1500 ὃν
1705 1475 1750 1500 καὶ
1773 1475 1855 1507 αὐτὸς
1869 1476 1883 1501 ὁ

1095 1518 1234 1550 Θεσπέσιος
1252 1519 1354 1551 Παῦλος
1366 1520 1478 1552 εἰκότως
1490 1520 1678 1555 ἀποθαυμάζει
1691 1520 1760 1555 βοῶν
1774 1529 1780 1536 ·
1806 1521 1883 1548 «Ἵνα

255 1574 402 1602 testatibus
414 1573 443 1599 in
454 1570 615 1598 cmleslibus
628 1576 676 1604 per
691 1567 847 1597 Ecclesium
865 1564 1041 1592 multiformis

1095 1565 1231 1601 γνωρισθῇ
1250 1565 1297 1592 νῦν
1313 1567 1371 1597 ταῖς
1387 1567 1494 1601 ἀρχαῖς,
1509 1567 1555 1592 καὶ
1566 1568 1626 1598 ταῖς
1639 1567 1772 1599 ἐξουσίαις
1783 1568 1812 1594 ὲν
1828 1569 1883 1599 τοῖς

255 1620 391 1656 sapientia
403 1618 461 1650 Dei,
475 1617 626 1645 secundum
642 1614 850 1650 prastinitionem
865 1612 1041 1644 sazculorum,

256 1674 338 1701 quam
353 1665 417 1692 fecit
433 1665 460 1691 in
476 1663 587 1691 Christo
600 1661 666 1689 Jesu
683 1660 801 1687 Domino
817 1665 911 1686 nostro
922 1658 955 1684 “.
970 1667 978 1684 ι
993 1657 1044 1684 Sa-

256 1711 360 1747 pientia
386 1710 457 1738 enim
485 1716 592 1741 revera,
613 1714 703 1742 eaque
720 1705 774 1733 Deo
792 1703 971 1736 conveniens,
989 1709 1044 1730 ma-

256 1765 339 1792 gnum
356 1755 423 1783 illud
445 1752 647 1781 incarnationis
668 1751 777 1778 videtur
792 1757 852 1778 esse
870 1748 1046 1784 mysterium.

256 1804 294 1830 Ita
313 1803 346 1830 de
361 1801 509 1829 Servatnre
532 1803 629 1826 nostro
654 1797 827 1826 sentiendum
844 1802 905 1823 esse
929 1801 1003 1826 reor,
1019 1793 1044 1821 si

257 1850 294 1885 pii
315 1856 376 1876 esse
397 1847 533 1881 volumus,
550 1851 576 1873 et
593 1846 751 1880 dogmatum
773 1843 966 1871 rectitudinem
985 1849 1044 1869 am-

257 1895 411 1931 plectimur.
435 1892 531 1928 Neque
550 1892 623 1920 enim
650 1892 678 1918 in
703 1895 807 1918 tantam
825 1890 941 1918 ratiouis
956 1898 1044 1924 penu-

257 1943 327 1969 riam
351 1940 538 1971 devolvemur,
554 1942 584 1965 ut
607 1938 635 1965 in
652 1937 722 1964 Filio
748 1936 898 1965 secundum
916 1939 1042 1963 naturam

258 1987 391 2023 Spiritum
418 1994 466 2021 per
489 1983 732 2020 participationem
754 1990 816 2010 esse
837 1987 985 2017 putemus,
1011 1989 1044 2009 ac

258 2042 312 2061 non
330 2031 548 2061 substantialiter
573 2030 666 2065 potius
684 2029 797 2056 insitum
814 2027 1043 2063 quemadmodum

258 2079 387 2107 nimirum
399 2082 426 2106 et
440 2077 468 2104 in
484 2077 545 2112 ipso
558 2075 649 2103 Patre.
667 2074 703 2102 Ut
719 2075 792 2102 enim
810 2074 912 2106 Patris,
931 2074 967 2100 ita
981 2073 1043 2101 Filii

256 2133 366 2161 quoque
381 2129 424 2152 est
442 2120 704 2157 sanetns‘Spiritus.
727 2121 772 2147 Sic
795 2120 866 2154 apud
885 2120 1044 2155 Scripturas

257 2172 366 2200 divinas
377 2171 493 2206 legimus
505 2179 511 2197 :
523 2177 533 2195 ε
545 2168 613 2196 Cum
624 2168 696 2195 enim
715 2167 855 2194 venissent
871 2166 898 2192 in
918 2165 1043 2201 Mysiam,

257 2217 360 2252 inquit,
380 2216 523 2244 tentabant
548 2215 588 2242 ire
616 2215 642 2240 in
667 2212 832 2248 Bithyniam,
854 2216 881 2239 et
899 2219 954 2239 non
978 2219 1042 2246 per-

260 2263 336 2290 misit
357 2270 405 2290 eos
422 2260 542 2296 Spiritus
557 2259 637 2286 Jcsus
648 2260 681 2289 ξ’.
696 2268 704 2284 ι
719 2258 796 2291 Quod
815 2258 837 2286 si
851 2258 913 2293 quis
930 2261 1042 2285 conten-
1059 2249 1082 2277 Ι)

259 2309 359 2336 tiosius
372 2311 476 2342 urgeat,
487 2309 514 2333 ct
526 2312 636 2332 rursum
654 2308 760 2331 asserat
776 2303 906 2338 Spiritum
922 2309 970 2338 per
980 2311 1044 2338 par-

261 2354 448 2388 ticipationem
475 2359 537 2379 esse
562 2351 590 2377 in
616 2349 702 2382 Filio,
723 2354 769 2376 aut
796 2357 857 2376 cum
881 2349 957 2384 prius
990 2357 1044 2375 non

260 2400 374 2432 inesset,
390 2398 508 2432 caspisse
532 2400 590 2423 tum
611 2397 639 2422 in
664 2403 696 2422 co
711 2402 784 2427 esse,
808 2402 870 2421 eum
888 2395 1044 2430 baptizatus

260 2449 312 2478 est,
322 2442 522 2471 incarnationis
536 2441 666 2468 nimirum
681 2444 814 2474 tempore,
827 2440 919 2467 videat
933 2448 1043 2467 rursum

261 2492 288 2518 in
305 2494 371 2525 quot
391 2493 417 2516 ct
433 2493 552 2523 quantas
569 2485 754 2513 absurditates
780 2493 810 2512 se
830 2486 968 2520 conjiciat.
983 2486 1043 2513 Pri~

260 2542 334 2562 mum
359 2534 442 2566 enirn,
465 2534 536 2561 inter
556 2539 603 2559 eos
619 2532 664 2566 qui
685 2532 835 2566 gignuntur
849 2539 864 2559 e
881 2532 1042 2560 mulieribus

260 2589 314 2608 non
338 2580 493 2608 surrexisse
512 2579 600 2613 major
623 2578 724 2606 dicitur
738 2577 844 2606 Joanne
870 2578 991 2614 Baptista
1009 2578 1040 2605 ⁵³.

259 2626 331 2654 Vere
345 2626 472 2661 quidem:
490 2625 538 2652 sed
556 2625 680 2652 videmus
696 2632 757 2652 eum
770 2625 817 2660 qui
834 2633 970 2652 summum
984 2626 1042 2660 glo-

259 2672 446 2700 rimhumante
463 2675 534 2698 tenet
555 2670 707 2706 fastigium,
727 2671 934 2706 incomparabili
955 2671 1043 2698 excel-

259 2716 342 2744 lentia
357 2715 498 2743 Christum
518 2716 654 2744 honorare
668 2725 674 2744 :
690 2726 699 2742 ι
718 2716 776 2744 Non
793 2725 854 2744 sum
869 2727 878 2743 ι
891 2718 964 2744 enim
978 2726 986 2741 ί
1001 2717 1043 2744 di-

260 2769 348 2797 gnus,
374 2761 477 2796 inquit,
499 2766 527 2788 ut
549 2761 651 2788 solvam
672 2762 731 2797 ejus
757 2761 904 2797 corrigiam
940 2762 1043 2789 calcea-

260 2807 387 2835 menti“.
402 2817 411 2833 )
430 2808 525 2843 Atqui
543 2815 597 2835 non
619 2808 769 2836 absurdum
792 2812 820 2835 et
847 2808 962 2843 impium
991 2814 1043 2839 est,

297 2900 403 2929 "Joan.
424 2910 442 2935 ι,
458 2903 501 2930 52.
541 2902 581 2929 “’l
598 2902 662 2929 Cor.
681 2910 716 2935 iv,
733 2902 758 2929 7.

797 2902 817 2918 ⁸¹
830 2901 928 2936 Ephcs.
941 2911 980 2935 ιιι,
998 2903 1040 2936 10,
1061 2903 1102 2932 ll.

1096 1612 1285 1647 ἐπουρανίοις,
1317 1612 1361 1638 διὰ
1386 1612 1434 1647 τῆς
1456 1612 1634 1647 Ἐκκλησίας,
1658 1613 1883 1648 ἡπολυποίκιλος

1096 1658 1176 1692 σοφία
1203 1658 1250 1684 τοῦ
1273 1658 1357 1689 Θεοῦ,
1376 1659 1451 1685 κατὰ
1476 1658 1604 1694 πρόθεσιν
1626 1659 1681 1685 τῶν
1703 1659 1826 1690 αίώνων,
1850 1659 1883 1694 ἣν

1094 1703 1222 1739 ἐποίησεν
1239 1705 1268 1730 ὲν
1280 1704 1391 1739 Χριστῷ
1407 1704 1494 1740 Ἰησοῦ
1509 1704 1546 1741 τῷ
1561 1705 1656 1740 Κυρίῳ
1669 1705 1756 1740 ἡμῶν.
1773 1715 1782 1731 ι
1799 1706 1884 1740 Σοςεία

1094 1749 1148 1785 γὰρ
1165 1750 1249 1782 ὅντως
1267 1750 1315 1776 καὶ
1336 1750 1508 1786 θεοπρεπὴς,
1532 1750 1562 1777 τὸ
1586 1750 1656 1786 μέγα
1678 1751 1728 1786 τῆς
1745 1751 1883 1787 ὲνανθρωι

1095 1796 1204 1830 πήσεως
1217 1795 1314 1831 ὁρᾶται
1334 1797 1491 1832 μυστήριον.
1509 1796 1642 1831 Τοιαύτην
1663 1796 1735 1831 ἔχειν
1749 1798 1822 1832 ἡμᾶς
1835 1799 1884 1831 τὴν

1095 1841 1160 1877 περὶ
1175 1842 1221 1867 τοῦ
1237 1842 1361 1877 Σωτῆρος
1377 1841 1502 1877 διάληψιν
1516 1843 1613 1878 χρῆναι
1628 1843 1682 1869 δεῖν
1700 1843 1884 1878 ὑπολαμϐάνω

1095 1887 1158 1919 τοὺς
1177 1887 1299 1914 εὐσεϐεῖν
1319 1888 1478 1924 ἑλομένους,
1496 1890 1541 1916 καὶ
1559 1890 1604 1916 ἐπὶ
1620 1891 1651 1925 τῇ
1668 1889 1721 1916 τῶν
1741 1890 1884 1925 δογμάτων

1095 1932 1220 1968 ὀρθότητι
1241 1934 1386 1970 χαίροντας
1398 1942 1405 1950 ”
1427 1935 1457 1962 οὒ
1472 1934 1526 1970 γὰρ
1542 1934 1573 1970 δή
1594 1943 1644 1961 που
1664 1935 1731 1970 πρὸς
1751 1936 1883 1972 τοσαύτην

1094 1978 1206 2012 ἀλογίαν
1228 1979 1438 2015 καταϐησόμεθα
1455 1980 1500 2006 καὶ
1520 1981 1612 2015 ἡμεῖς,
1633 1980 1670 2011 ὡς
1695 1979 1797 2006 οἴεσθαι
1819 1981 1884 2016 μεθ-

1095 2025 1173 2052 εκτδν
1186 2025 1214 2051 ὲν
1224 2025 1262 2061 τῷ
1274 2025 1346 2053 κατὰ
1359 2025 1439 2060 φύσιν
1450 2026 1507 2062 Υίῷ
1516 2026 1547 2053 τὸ
1559 2026 1671 2061 Πνεῦμα
1682 2027 1824 2062 ὑπάρχειν,
1838 2028 1885 2053 καὶ

1095 2072 1154 2107 οὐχὶ
1171 2072 1270 2107 μᾶλλον
1287 2072 1424 2104 οὐσιωδώς
1436 2073 1599 2107 ἐκπεφυκὸς,
1618 2073 1712 2109 ὥσπερ
1725 2072 1771 2101 οὖν
1789 2074 1884 2108 ἀμέλει

1096 2119 1143 2144 καὶ
1157 2117 1230 2153 αὐτῷ
1246 2117 1285 2153 τῷ
1309 2118 1406 2153 Πατρί.
1425 2119 1530 2154 Ὥσπερ
1544 2118 1598 2154 γὰρ
1612 2119 1658 2145 τοῦ
1680 2119 1797 2154 Πατρὺς,
1814 2120 1885 2146 οὓτω

1096 2163 1144 2190 καὶ
1166 2164 1212 2190 τοῦ
1231 2164 1295 2190 Υίοῦ
1310 2164 1366 2190 ἐστι
1386 2164 1416 2190 τὺ
1440 2165 1551 2199 Πνεῦμα
1571 2165 1601 2191 τὸ
1629 2165 1705 2199 ἆγιον
1719 2174 1726 2181 ’
1748 2166 1820 2193 οὕτω
1839 2167 1885 2192 καὶ

1097 2209 1254 2243 ἀνέγνωμεν
1275 2209 1349 2245 παρὰ
1371 2211 1430 2242 ταῖς
1447 2209 1536 2242 θείαις
1547 2211 1668 2246 Γραφαῖς
1682 2218 1689 2225 ·
1717 2222 1726 2237 ε
1748 2211 1884 2244 Ἐλθόντες

1098 2255 1150 2289 γὰρ
1167 2255 1235 2281 κατὰ
1251 2255 1299 2290 τὴν
1319 2255 1437 2287 Μυσίαν,
1465 2256 1556 2290 φησιν,
1593 2257 1736 2292 ἐπείραζον
1766 2259 1806 2289 εἰς
1835 2259 1883 2292 τὴν

1098 2302 1221 2328 Βιθυνίαν
1239 2302 1384 2335 ἀπελθεῖν,
1411 2304 1456 2329 καὶ
1474 2303 1523 2329 οὐκ
1544 2304 1634 2330 εἴασεν
1654 2304 1753 2335 αὐτοὺς
1772 2305 1883 2340 Πνεῦμα

1103 2348 1199 2383 Ἰησοῦ.
1209 2359 1217 2374 ›
1234 2349 1264 2375 ΕΞ
1274 2348 1302 2375 δέ
1313 2357 1351 2383 τῳ
1365 2349 1437 2374 δοκεῖ
1450 2344 1663 2385 φιλονεικότερον
1678 2351 1733 2382 τοῖς
1747 2351 1810 2385 περὶ
1822 2351 1883 2377 τού-

1096 2403 1150 2420 των
1165 2394 1321 2421 ἐνίστασθαι
1335 2395 1433 2428 λόγοις,
1449 2395 1494 2421 καὶ
1509 2395 1719 2431 διισχυρίζεσθαι
1737 2396 1828 2427 πάλιν,
1844 2397 1883 2422 ὅτι

1097 2439 1168 2466 κατὰ
1196 2440 1303 2475 μέθεξιν
1325 2441 1353 2467 ὲν
1370 2440 1407 2476 τῷ
1432 2440 1488 2476 Υίῷ
1513 2441 1543 2467 τὸ
1565 2441 1678 2477 Πνεῦμά
1696 2442 1814 2478 ὲστιν,ἢ
1838 2443 1883 2469 καὶ

1096 2487 1155 2512 τότε
1173 2487 1284 2520 γέγονεν
1297 2487 1325 2512 ὲν
1340 2486 1424 2522 αὐτῷ,
1443 2487 1574 2522 πρότερον
1590 2489 1639 2514 οὐκ
1657 2488 1820 2523 ἐνυπάρχον,
1839 2489 1882 2514 ὅτε

1097 2533 1143 2559 καὶ
1161 2533 1321 2566 ἐϐαπτίσθη,
1334 2533 1403 2559 κατά
1414 2532 1458 2558 τὶν
1473 2533 1522 2568 ’τῆς
1537 2533 1766 2568 ὲνανθρωπησεως
1778 2533 1881 2568 χρόνον,

1097 2580 1185 2615 ὁράτω
1200 2579 1281 2606 πάλιν
1295 2580 1399 2614 ἡλίκοις
1414 2587 1443 2604 τε
1466 2579 1512 2605 καὶ
1529 2579 1600 2610 ὅσοις
1619 2580 1806 2613 περιπεσεῖται
1829 2581 1883 2610 τοῖς

1098 2626 1263 2660 ἀτοπήμασι.
1284 2625 1396 2660 Πρῶτον
1409 2625 1458 2660 μὲν
1474 2624 1537 2659 γὰρ,
1551 2625 1601 2650 οὐκ
1614 2625 1760 2660 ἐγηγέρθαι
1776 2626 1857 2660 φησὶν
1869 2627 1882 2651 ὁ

1097 2673 1191 2708 Σωτὴρ
1203 2673 1231 2698 ἐν
1242 2673 1377 2707 γεννητοῖς
1387 2672 1523 2706 γυναικῶν
1539 2672 1661 2698 Ἰωάννου
1674 2671 1720 2698 τοῦ
1732 2671 1883 2698 Βαπτιστοῦ

1097 2719 1141 2744 τὸν
1160 2719 1271 2754 μείζονα
1283 2725 1289 2732 ·
1315 2719 1362 2745 καὶ
1377 2718 1480 2753 ἀληθὴς
1495 2719 1508 2744 ὁ
1522 2718 1600 2752 λόγος
1613 2726 1618 2732 ·
1644 2718 1701 2744 ἀλλ’
1717 2718 1826 2753 ὁρῶμεν
1840 2718 1883 2743 τὸν

1097 2765 1137 2796 εἰς
1156 2765 1294 2800 ἀκρότητα
1311 2764 1389 2799 δόξης
1408 2773 1436 2790 τε
1453 2765 1499 2791 καὶ
1514 2764 1613 2799 ἀρετῆς
1629 2764 1817 2799 ἁναόεόηκότα
1837 2763 1883 2798 τῆς

1097 2813 1126 2837 ὲν
1140 2812 1215 2846 ἡμῖν,
1238 2811 1413 2846 ἀπυγκρίτοις
1432 2810 1581 2846 ὑπεροχαῖς
1602 2809 1724 2845 τιμῶντα
1746 2810 1881 2845 Χριειιτόν⁸

1141 2901 1234 2929 "Act.
1252 2909 1308 2934 xu,
1322 2900 1346 2928 7.

1386 2900 1511 2928 ".ilatth.
1526 2908 1564 2933 xi,
1583 2900 1625 2927 ll.
1661 2899 1683 2916 “
1702 2899 1780 2927 Joan.
1803 2907 1822 2933 ι,
1837 2899 1880 2927 27.
