2028 3118
214 229 265 258 εει

709 225 737 253 S.
759 224 896 253 CYRlLLl
909 221 1144 251 ALEXANDRINI
1160 220 1320 248 AltClllEP.

1784 214 1841 243 2ιέ

217 296 270 317 nan
284 287 354 314 alius
366 287 400 314 ab
414 286 474 321 ipso
488 285 644 317 sitveritas,
655 284 719 311 audi
732 291 829 311 rursus
844 283 998 310 dicentem:

1070 280 1130 307 λλον
1145 279 1322 315 Παρακλητον
1334 278 1414 305 δώσει
1433 278 1506 313 ὑμῖν,
1521 276 1552 302 τὺ
1571 274 1684 311 Πνεῦμα
1702 275 1751 308 τῆς
1773 274 1844 308 ἀλη-

218 345 227 361 ι
247 334 303 373 Ego
317 341 378 361 sum
396 332 497 360 veritas
509 331 543 359 ‘7.
556 341 566 358 ι
584 331 652 359 Cum
670 338 735 365 ergo
749 329 851 357 veritas
860 329 896 356 sit
911 331 938 355 et
952 334 1000 354 vo-

216 385 294 408 cetur
319 383 416 406 natura
439 377 526 405 Filius
543 385 551 404 :
568 376 631 406 vide
655 379 786 411 quantam
817 374 916 401 habeat
937 379 1000 399 cum

218 427 277 463 ipso
294 425 414 461 Spiritus
428 424 574 452 unitatem.
594 423 639 450 Ait
657 422 730 449 enim
744 420 844 448 alicubi
861 420 894 447 de
910 418 1002 445 Salva-

218 477 277 500 tore
296 476 393 499 nostro
409 470 530 498 Joannes
547 469 699 504 discipulus
717 476 723 494 :
741 476 750 493 ‹
767 466 818 494 llic
833 469 877 493 est
893 465 939 500 qui
957 471 1003 490 re-

219 519 259 550 nit
276 525 324 553 per
349 525 459 555 aquam,
473 519 499 543 et
518 515 695 550 sanguinem,
711 517 739 540 et
755 511 901 548 Spiritum,
922 509 1003 538 Jesus

219 564 366 591 Christus:
381 571 435 590 non
451 563 477 589 in
498 568 570 600 aqua
584 561 687 592 solum,
707 559 754 586 sed
767 559 794 585 in
810 564 882 592 aqua
896 560 922 583 et
939 562 1004 582 san-

220 609 319 648 guine;
338 612 365 635 et
385 607 506 647 Spiritus
523 610 566 634 est
577 605 624 641 qui
645 607 775 636 testatur,
795 602 860 637 quia
875 601 1004 628 Christus

222 645 322 681 veritas
338 657 380 680 est
394 653 426 679 ".
444 663 453 678 ›
468 651 598 682 Proinde,
617 654 644 678 et
670 648 842 676 inhabitante
868 646 895 673 in
925 645 1005 672 nobis

220 703 316 725 sancto
337 697 452 732 Spiritu,
471 697 498 724 in
515 695 641 724 interiori
667 693 788 725 homine,
806 691 930 718 habitare
946 690 1006 725 ipse

221 744 324 772 dicitur
346 743 486 775 Christus,
499 748 581 777 atque
597 742 633 768 ita
646 749 675 768 se
691 747 734 767 res
748 739 830 766 habet
845 741 956 765 natura.
973 736 1006 762 Et

222 795 297 818 certo
322 791 417 818 beatus
438 789 540 816 Paulus
565 788 593 815 id
621 786 777 814 clarissime
806 785 912 812 docens
941 783 978 809 ait
1000 791 1006 809 :

225 845 234 859 ‹
249 834 305 862 Vos
329 840 418 862 autem
437 841 491 861 non
518 833 586 860 estis
606 832 633 858 in
660 838 752 864 carne,
774 830 821 858 sed
839 829 866 856 in
886 822 1007 863 Spiritu;

223 880 362 915 siquidem
378 879 497 915 Spiritus
511 877 557 905 Dei
575 877 682 904 habitat
697 876 722 902 in
737 874 825 902 vobis.
843 874 870 900 Si
886 873 948 908 quis
960 880 1009 899 au-

224 933 276 953 tem
295 917 429 961 Spiritum
447 923 549 952 Christi
567 931 621 950 non
637 923 728 955 habet,
751 922 793 948 hic
810 928 865 948 non
880 924 921 947 est
937 918 1007 952 ejus.

1053 327 1137 359 θείας,
1161 326 1175 352 ὃ
1198 327 1212 352 ὁ
1229 325 1330 360 κόσμος
1349 325 1379 352 οὐ
1394 324 1504 351 δύναται
1515 323 1626 361 χωρεῖν.
1642 330 1651 347 ι
1679 320 1744 347 Ἰδοὺ
1764 319 1842 354 διαρ-

1055 373 1138 409 ρήδην
1152 371 1266 407 Πνεῦμα
1282 371 1330 406 τῆς
1347 370 1474 404 ἀληθείας
1490 368 1520 395 τὸ
1535 368 1611 402 ἆγιον
1624 366 1736 401 Πνεῦμᾶ
1749 373 1842 399 φησιν.

1055 419 1115 445 Ὅτι
1135 418 1164 444 δὲ
1185 418 1274 450 αὐτὸς,
1302 417 1349 443 καὶ
1372 416 1421 450 οὐχ
1441 414 1534 450 ἕτερος
1559 414 1617 440 ἐστι
1640 413 1704 447 παρ’
1726 410 1806 437 αὺτὸν
1827 410 1844 444 ἡ

1055 464 1177 501 ἀλήθεια,
1195 463 1275 492 πάλιν
1290 463 1371 490 ἄκουε
1385 462 1509 495 λέγοντος
1521 469 1529 476 ο
1554 469 1563 485 ι
1581 458 1651 492 Ἐγώ
1667 459 1724 492 εἰμι
1740 457 1756 491 ἡ
1777 455 1846 490 ἁλὴ-

1055 511 1123 537 θεια.
1143 520 1151 536 ι
1180 508 1320 543 Ἀληθείας
1342 505 1388 534 οὖν
1406 507 1481 538 ὄντος
1503 514 1532 532 τε
1549 505 1596 531 καὶ
1614 502 1781 537 κεκλημένου
1796 500 1844 526 τοῦ

1055 555 1124 582 κατὰ
1139 554 1218 589 φύσιν
1239 554 1316 586 Υἱοῦ,
1335 552 1416 588 βλέπε
1432 551 1517 586 πόσην
1534 550 1590 585 ἔχει
1605 550 1634 575 τὸ
1649 547 1760 582 Πνεῦμα
1774 545 1845 580 πρὸς

1056 603 1136 630 αὑτὸν
1152 602 1199 637 τὴν
1211 600 1334 635 ἑνότητα.
1352 599 1432 632 Λέγει
1446 598 1499 633 γάρ
1511 605 1562 622 που
1580 595 1644 630 περὶ
1658 593 1705 620 τοῦ
1718 591 1846 626 Σωτῆρος

1056 647 1134 684 ἡμῶν
1151 635 1276 681 ὶῷάννης
1289 647 1302 672 ὁ
1320 644 1458 680 μαθητής·
1478 638 1577 673 (υῦτός
1594 643 1666 667 ἐστιν
1682 641 1696 666 ὁ
1713 637 1798 665 ἐλθὼν
1811 635 1845 662 δι’

1057 693 1162 726 ὕδατος,
1175 694 1222 719 καὶ
1231 692 1354 726 αἵματος,
1369 690 1416 716 καὶ
1428 688 1584 723 Πνεύματος
1601 685 1704 720 Ἰησοῦς
1715 683 1844 718 Χριστός·

1057 740 1106 766 om
1121 740 1149 765 ἐν
1163 737 1200 773 τῷ
1215 737 1290 764 ὕδατι
1306 736 1395 772 μόνον,
1416 734 1473 761 ἀλλ’
1491 735 1519 760 ἐν
1533 732 1572 768 τῷ
1586 732 1672 763 ὕδατι,
1687 731 1732 757 καὶ
1749 729 1786 764 τῷ
1803 727 1848 754 αἶ-

1060 793 1124 820 ματι
1138 804 1144 815 ,
1167 784 1214 810 καὶ
1235 782 1266 809 τὸ
1291 780 1404 816 Πνεῦμὰ
1425 781 1484 806 ἐστι
1508 779 1537 805 τὸ
1561 776 1730 814 μαρτυροῦν,
1757 776 1798 801 ὅτι
1817 774 1850 799 τὸ

1058 829 1168 864 πνεῦμά
1189 831 1263 856 ἐστιν
1278 829 1294 863 ή
1310 827 1433 863 ἀλήθεια.
1453 836 1462 851 ι
1487 825 1578 851 Διάτοι
1600 822 1689 854 τοῦτο,
1711 820 1758 847 καὶ
1777 821 1850 846 ἐνοι-

1058 875 1169 907 κοῦντος
1183 875 1248 910 ἡμῖν
1262 873 1308 900 τοῦ
1326 873 1403 908 ἁγίου
1417 871 1583 907 Πνεύματος,
1603 870 1642 900 εἰς
1660 868 1705 894 τὸν
1728 867 1782 893 ἔσω
1803 866 1851 895 ᾶνο

1060 922 1168 958 θρωπον
1193 921 1330 948 κατοικεῖν
1345 919 1426 950 αὐτὸς
1439 918 1549 951 λέγεται
1564 915 1690 950 Χριστὸς,
1705 913 1751 939 καὶ
1762 911 1852 941 οὕτως

224 973 252 999 Si
267 980 332 999 vero
347 972 471 999 Christus
483 971 509 998 in
525 971 613 1002 vobis,
627 976 729 1004 corpus
744 967 854 1007 quidem
869 969 1007 992 mortuum

1069 956 1116 1003 {ist
1128 967 1158 994 τὸ
1171 967 1286 1002 πρᾶγμα
1298 967 1331 1000 τῇ
1344 965 1433 1000 φύσει.
1450 963 1506 990 Καὶ
1520 962 1585 996 γοῦν
1599 961 1613 987 ὁ
1630 959 1762 996 μακάριος
1776 956 1851 984 Παῦ-

225 1021 336 1052 propter
361 1021 517 1052 peccatum,
545 1014 667 1049 Spiritus
695 1017 785 1040 autem
813 1012 868 1038 vita
898 1015 1010 1046 propter

222 1062 358 1096 justitiam
373 1062 406 1088 ".
420 1072 428 1088 ι
448 1061 497 1089 llic
518 1063 671 1095 promptam
686 1066 792 1090 aurem,
809 1064 914 1093 quaeso,
929 1055 1010 1083 dictis

225 1107 490 1136 accommodaﬂum
507 1107 641 1142 Spiritum
654 1105 758 1133 Christi
772 1104 969 1131 inhabitantcm
985 1101 1012 1127 in

226 1153 306 1182 nobis
318 1154 497 1186 nominasset,
519 1153 611 1181 statim
629 1151 791 1188 subiunxit:
806 1150 835 1176 Si
851 1156 918 1176 vero
934 1147 1012 1175 Chri-

205 1238 209 1242 ἢ
226 1205 287 1228 stus
311 1201 338 1228 in
353 1201 442 1233 vobis,
465 1201 602 1236 aequalem
622 1207 670 1235 per
688 1199 780 1227 omnia
801 1195 1012 1225 similitudinem

227 1252 350 1275 statuens
361 1245 423 1278 Filii
441 1254 504 1273 cum
522 1245 628 1280 Spiritu
645 1245 692 1281 qui
712 1245 842 1280 proprius
858 1241 919 1277 ejus
933 1244 975 1268 est
986 1244 1014 1267 ct

228 1293 261 1319 ab
276 1293 336 1328 ipso
353 1292 503 1320 secundant
523 1295 653 1319 naturam
670 1289 807 1325 procedit.
819 1287 939 1322 Ideoque
954 1285 1015 1320 Spi—

230 1331 299 1366 ritus
319 1338 474 1374 adoptionis
492 1345 601 1372 quoque
619 1337 734 1368 dicitur,
750 1338 777 1362 et
792 1334 819 1361 in
839 1334 898 1368 ipso
913 1332 1015 1359 elauta-

230 1391 290 1412 mus
304 1392 311 1410 :
325 1383 400 1411 Abba
419 1383 499 1410 Pater
513 1382 589 1409 ".Et
607 1385 636 1409 ut
651 1382 747 1409 beatus
772 1379 872 1406 alicubi
893 1377 1015 1405 Joannes

229 1431 268 1457 ait
284 1438 290 1455 :
309 1438 318 1455 ι
335 1429 375 1456 Ex
399 1430 451 1456 hoc
475 1428 685 1464 cognoscimus,
712 1426 775 1461 quia
802 1425 830 1452 in
857 1424 938 1451 nobis
962 1427 1013 1453 est,

229 1475 294 1516 quia
306 1474 339 1502 de
355 1474 460 1509 Spiritu
473 1481 523 1501 suo
536 1472 609 1500 dedit
621 1471 703 1499 nobis
715 1471 747 1497 “.
765 1480 774 1496 ›
789 1469 852 1496 llmc
868 1468 1016 1496 suffectura

230 1513 342 1555 quidem
359 1520 491 1552 arbitror,
507 1523 537 1546 ut
552 1517 684 1546 Ecclesia:
704 1516 752 1543 tilii
778 1515 885 1550 possint
907 1513 1016 1541 haereti-

230 1573 327 1594 corum
349 1566 449 1593 damna
466 1565 600 1600 repellere
617 1573 624 1590 :
644 1563 668 1590 si
684 1562 746 1598 quis
767 1565 858 1588 autent
883 1566 959 1587 mera
974 1559 1017 1585 in-

232 1613 314 1643 scitia
331 1611 426 1639 ebrius
439 1617 471 1638 ac
488 1610 667 1641 temulentus,
682 1607 781 1634 Filium
795 1606 935 1635 existimat
960 1610 1016 1631 tum

1062 1014 1107 1046 λος
1128 1013 1284 1048 σαφέστατα
1306 1010 1385 1037 τοῦτο
1399 1009 1530 1036 διδάσκων
1553 1006 1654 1042 φησίν
1682 1004 1796 1038 ιΎμεῖς
1822 1001 1854 1028 δὲ

1062 1061 1111 1086 οὐκ
1125 1059 1186 1085 me
1200 1059 1229 1085 ὲν
1247 1058 1338 1093 σαρκὶ,
1358 1056 1414 1084 ἀλλ’
1433 1057 1460 1082 ὲν
1475 1053 1623 1088 Πνεύματι,
1641 1050 1720 1092 εἴπερ
1738 1049 1853 1084 Πνεῦμα

1063 1106 1130 1133 Θεοῦ
1145 1106 1214 1132 οἰκεῖ
1233 1105 1262 1131 ὲν
1279 1104 1353 1139 ὑμῖν.
1378 1102 1410 1128 Εἰ
1434 1101 1462 1127 δέ
1478 1108 1520 1131 τις
1542 1097 1654 1133 Πνεῦμα
1670 1095 1789 1132 Χριστοῦ
1802 1095 1854 1121 οὐκ

1063 1151 1130 1186 ἔχει,
1148 1148 1225 1181 οὗτος
1239 1149 1288 1175 οὐκ
1303 1148 1375 1174 ἔστιν
1390 1145 1484 1174 αὐτοῦ.
1511 1145 1540 1171 ΕΞ
1554 1145 1583 1171 δὲ
1597 1142 1714 1179 Χριστὸς
1729 1143 1758 1168 ὲν
1776 1141 1852 1175 ὑμῖν,

1063 1197 1093 1223 τὸ
1109 1196 1158 1231 μὲν
1173 1195 1253 1230 σῶμα
1268 1193 1362 1228 νεκρὸν
1376 1193 1407 1219 δι’
1423 1191 1570 1227 ἁμαρτίαν,
1584 1189 1614 1216 τὸ
1628 1189 1656 1215 δὲ
1671 1188 1781 1222 Πνεῦμα
1797 1186 1854 1219 ζωὴ

1064 1242 1107 1269 διὰ
1127 1240 1309 1275 δικαιοσύνην.
1326 1248 1335 1265 ι
1356 1238 1471 1272 Ὀξεῖαν,
1487 1234 1509 1263 ὦ
1521 1233 1606 1268 οἶτος,
1623 1236 1680 1265 τοῖς
1695 1232 1855 1268 εἰρημένοις

1065 1288 1182 1323 ὑπόσχες
1193 1287 1242 1321 τὴν
1257 1286 1350 1320 ἀκοήν.
1365 1283 1477 1318 Πνεῦμα
1491 1278 1609 1317 Χριστοῦ
1622 1281 1651 1307 τὸ
1667 1277 1811 1306 κατοικοῦν
1826 1278 1855 1303 ὲν

1066 1335 1130 1369 ἡμῖν
1147 1332 1292 1368 ὀνομάσας,
1311 1331 1451 1366 ἐπήγαγεν
1467 1329 1548 1360 εὐθύς
1559 1337 1566 1343 ·
1591 1329 1622 1354 Εἰ
1643 1327 1671 1353 δὲ
1694 1325 1810 1360 Χριστὸς
1825 1325 1855 1349 ἐν

1067 1381 1144 1415 ὑμῖν,
1166 1378 1378 1414 ,ἀπαράλλακτον
1402 1375 1537 1410 εἰσφέρων
1561 1374 1609 1409 τὴν
1638 1371 1785 1408 ὁμοιότητα
1806 1368 1855 1395 τοῦ

1066 1427 1142 1459 Υἱοῦ,
1159 1425 1224 1462 πρὸς
1236 1425 1265 1451 τὸ
1276 1424 1339 1450 ἴδιον
1354 1422 1446 1454 αὑτοῦ,
1457 1421 1504 1448 καὶ
1520 1420 1584 1455 παρ’
1599 1417 1680 1445 αὑτοῦ
1694 1416 1763 1443 κατὰ
1774 1415 1856 1450 φύσιν

1067 1472 1249 1508 προχεόμενον
1273 1469 1393 1504 Πνεῦμα.
1430 1467 1519 1494 Διάτοι
1541 1465 1639 1496 τοῦτο,
1667 1463 1715 1490 καὶ
1744 1461 1857 1495 Πνεῦμα

1067 1517 1203 1548 υἱοθεσίας
1217 1516 1336 1549 λέγεται,
1360 1514 1407 1540 καὶ
1429 1514 1458 1539 ὲν
1476 1511 1550 1547 αὐτῷ
1572 1510 1720 1546 κράζομεν·
1743 1506 1828 1533 ’Δῦὸἄ
1843 1506 1859 1532 ὁ

1069 1564 1173 1598 Πατήρ.
1198 1562 1253 1588 Καὶ
1274 1561 1312 1592 ὼς
1327 1561 1341 1586 ὁ
1360 1559 1493 1595 μακάριός
1521 1556 1572 1584 πού
1598 1563 1679 1591 φησιν
1710 1553 1856 1587 Ἰωάννης·

1071 1618 1080 1635 ι
1093 1609 1140 1635 Ἐκ
1160 1607 1255 1634 τούτου
1278 1606 1461 1641 γινώσκομεν,
1479 1604 1519 1630 ὅτι
1543 1603 1572 1628 ὲν
1587 1601 1652 1636 ἡμῖν
1666 1600 1750 1629 ἐστιν,
1770 1598 1811 1624 ὃτι
1825 1597 1859 1622 ἐκ

233 1659 352 1693 primum
370 1657 503 1692 Spiritum
520 1656 670 1691 accepisse,
682 1663 744 1683 eum
759 1654 849 1682 factus
864 1658 906 1681 est
917 1653 1015 1680 homo:

1069 1655 1115 1682 τοῦ
1132 1653 1290 1690 Πνεύματος
1305 1651 1386 1679 αὺτοῦ
1404 1650 1503 1677 ἔδωκεν
1518 1649 1593 1684 ἡμῖν.
1612 1656 1620 1673 ι
1644 1644 1729 1681 Οἶμαι
1749 1644 1797 1679 μὲν
1812 1640 1859 1669 οὖν

234 1703 361 1731 ostendat
375 1702 421 1730 Dei
437 1702 557 1731 Verbum
575 1706 638 1730 ante
656 1701 874 1729 incarnationem
891 1701 1017 1727 sanetum

235 1757 289 1777 non
305 1757 377 1781 esse,
393 1753 419 1776 et
437 1756 487 1776 nos
502 1748 665 1776 tacebimus.
682 1746 748 1775 Jure
765 1751 858 1774 autem
875 1744 1019 1772 mirandus

235 1797 277 1826 cst
290 1799 404 1822 sanctus
419 1794 587 1830 evangelista
603 1793 649 1829 qui
661 1793 762 1828 ubique
777 1793 863 1819 multa
880 1799 941 1818 cum
954 1798 1024 1828 caui

235 1842 310 1868 tione
332 1845 479 1869 conservat
494 1848 525 1867 ea
534 1847 594 1874 qute
608 1844 714 1866 naturae
730 1839 831 1866 divina:
842 1836 1019 1864 conveniunt.

236 1886 303 1912 Cum
319 1886 390 1912 enim
403 1890 483 1912 antea
493 1885 620 1918 dixisset,
633 1885 770 1912 neminem
785 1891 905 1917 unquam
920 1881 1022 1908 vidisse

238 1932 321 1959 lleum
331 1931 365 1964 ",
377 1931 494 1971 et127
509 1938 581 1958 nunc
591 1938 606 1957 a
622 1931 703 1958 beato
718 1929 840 1965 Baptista
855 1928 945 1955 visunt
961 1926 1022 1961 Spi-

238 1982 321 2005 ritum
339 1981 455 2009 asserat,
469 1977 679 2005 descendentem
693 1983 774 2010 super
790 1975 888 2002 Filium
902 1974 1022 2005 cmlitus,

239 2023 314 2051 addit
331 2023 498 2056 necessario,
515 2028 655 2058 spectasse
671 2022 791 2056 quidem,
807 2021 853 2048 sed
870 2019 961 2054 specie
975 2026 1023 2045 co-

239 2069 350 2101 lumbae,
369 2076 423 2096 non
438 2069 602 2103 simpliciter
616 2067 706 2102 qualis
722 2070 819 2093 natura
835 2071 884 2092 sua
904 2063 1023 2096 exsistit,

239 2116 286 2144 sed
304 2115 441 2143 mitissimi
456 2114 584 2142 animalis
599 2114 689 2148 specie
704 2112 908 2144 adumbratum,
924 2114 953 2137 ut
973 2110 1025 2136 hoc

240 2165 319 2196 pacto
333 2169 443 2189 rursum
460 2161 598 2188 rideretur
615 2158 837 2193 conjunctionem
856 2160 882 2184 et
895 2156 1024 2186 similitu-

239 2209 331 2235 dinem
347 2207 499 2234 naturalem
522 2213 633 2234 servare
649 2212 711 2232 cum
727 2204 797 2230 Filio
811 2203 935 2230 dicente:
952 2211 961 2227 ι
979 2202 1026 2228 Di-

240 2253 309 2280 scite
327 2260 341 2279 a
358 2260 412 2283 me,
426 2252 490 2286 quia
516 2251 590 2278 mitis
611 2258 671 2279 sum
694 2254 721 2276 et
745 2248 856 2276 humilis
869 2248 951 2275 corde
963 2248 997 2275 ⁵³.
1013 2257 1023 2274 ι

240 2299 325 2334 igitur
341 2305 397 2325 non
421 2296 530 2324 desinet
550 2304 612 2323 esse
633 2295 704 2323 Deus
725 2295 874 2322 secundum
899 2298 1025 2320 naturam

242 2343 361 2378 Spiritus
383 2352 389 2370 :
406 2342 439 2369 de
461 2350 515 2376 quo
542 2348 640 2376 nempe
660 2341 764 2369 dicitur,
781 2347 921 2375 nunquam
938 2340 1025 2367 visum

241 2397 312 2421 esse,
336 2389 389 2415 nisi
417 2388 551 2414 duntaxat
580 2386 607 2413 iu
636 2386 768 2413 columba:
797 2385 888 2420 specie
914 2390 1027 2420 propter

241 2435 374 2462 discentis
386 2434 541 2461 utilitatem.
560 2431 633 2459 Loco
650 2432 721 2459 enim
738 2432 808 2466 signi
823 2436 850 2459 et
869 2432 962 2461 indicii
980 2432 1027 2461 da-

242 2488 296 2508 tam
313 2481 364 2508 sibi
389 2480 473 2507 l'uisse
490 2479 698 2506 descensionem
719 2478 847 2513 Spiritus,
862 2478 958 2506 beatus
973 2478 1026 2506 Ba-

244 2527 326 2561 ptista
345 2526 498 2561 proﬁtetur,
514 2524 665 2556 Salvator-is
679 2524 766 2553 nostri
782 2525 947 2552 testimoniis
961 2525 1028 2552 illud

244 2572 348 2599 addens
363 2579 396 2598 :4
419 2570 470 2602 Qui
493 2570 567 2597 misit
595 2577 638 2597 me
660 2569 800 2604 baptizare
823 2570 849 2598 in
874 2578 953 2605 aqua,
984 2571 1028 2598 ille

245 2618 312 2644 mihi
339 2617 428 2645 dixit:
446 2616 534 2650 Super
550 2624 630 2651 quem
647 2615 748 2643 videris
765 2616 897 2651 Spiritum
915 2617 1029 2644 descen-

246 2664 365 2696 dentem,
385 2667 412 2691 et
435 2666 590 2690 manentem
605 2670 688 2699 super
703 2670 778 2694 eum,
794 2663 838 2689 hic
853 2667 895 2690 cst
913 2662 959 2697 qui
983 2662 1030 2689 ba-

247 2711 332 2746 ptizat
346 2710 373 2736 in
394 2708 497 2744 Spiritu
517 2708 654 2736 sancto“.
672 2718 681 2735 ι
693 2708 779 2741 Quam
795 2709 830 2736 ob
847 2717 902 2735 rem
919 2709 1032 2735 insanos

248 2755 392 2783 hatreticos
423 2755 597 2786 vehementer
631 2754 788 2782 irridendos
823 2754 951 2785 arbitror,
986 2753 1032 2788 qui

248 2800 323 2836 quod
340 2800 410 2836 signi
429 2799 488 2827 loco
510 2799 630 2835 positum
648 2803 700 2831 est,
717 2807 766 2834 pro
785 2799 898 2826 veritate
914 2798 970 2832 ipsa
993 2799 1033 2826 rei

247 2847 368 2882 capiunt,
386 2846 511 2882 quamvis
534 2845 669 2881 singulari
686 2844 787 2871 factum
804 2844 828 2871 id
848 2845 883 2872 sit
907 2845 1031 2877 consilio,

283 2903 304 2919 "
317 2903 395 2931 Jnan.
412 2911 468 2935 xw,
485 2903 511 2930 6.
550 2903 573 2918 ⁸⁸
589 2903 596 2929 l
613 2902 691 2929 Joan.
712 2911 737 2933 ν,
753 2901 780 2928 6.

249 2939 272 2962 υ
295 2938 389 2970 Matth.
416 2938 515 2983 “’29.
549 2938 572 2954 ⁸⁵
591 2937 670 2964 Joan.
692 2945 710 2971 ι,
731 2937 758 2964 ὅ.

819 2901 840 2918 ⁸³
868 2900 945 2929 Bonl.
969 2910 1026 2935 vui,
1039 2902 1066 2936 9,
1084 2903 1126 2929 lO.

1072 1702 1228 1736 ἐξαρκέσειν
1258 1700 1305 1727 καὶ
1329 1698 1429 1730 ταῦτα,
1457 1696 1525 1731 πρὺς
1550 1694 1580 1720 τὸ
1603 1692 1731 1720 δύνασθαι
1753 1689 1788 1716 τὰ
1808 1689 1860 1723 τῆς

1078 1748 1238 1783 Ἐκκλησίας
1253 1745 1334 1772 τέκνα
1349 1745 1383 1771 τὰ
1405 1743 1459 1770 τῶν
1483 1739 1706 1778 ἐτεροδοξούντων
1724 1735 1861 1771 ἀποκρού-

1073 1795 1170 1822 σασθαι
1187 1793 1271 1829 βλάϐη
1285 1801 1292 1807 ·
1312 1793 1335 1818 εἰ
1352 1791 1380 1818 δέ
1394 1799 1436 1821 τις
1451 1789 1562 1824 ἀκράτῳ
1576 1787 1626 1821 τῆς
1641 1784 1760 1820 ἀμαθίας
1778 1782 1861 1818 βεὸἀ-

1073 1828 1191 1868 πτισταιν
1207 1839 1286 1874 μέθῃ,
1309 1838 1370 1864 τότε
1394 1836 1423 1863 δὲ
1447 1835 1556 1870 πρῶτον
1576 1833 1607 1860 τὸ
1631 1831 1744 1865 Πνεῦμα
1768 1828 1862 1855 λαϐεῖν

1073 1888 1158 1914 οἴεται
1172 1886 1216 1912 τὸν
1228 1884 1302 1915 Υἱὺν,
1316 1883 1359 1910 ὅτε
1372 1881 1484 1916 γέγονεν
1497 1879 1638 1914 ἄνθρωπος
1651 1873 1862 1903 --ἁποδεικνύτω

1074 1932 1127 1968 πρὸ
1142 1931 1192 1966 τῆς
1204 1929 1434 1965 ἐνανθρωπήσεως
1450 1927 1526 1961 ἆγιον
1541 1925 1590 1952 οὐκ
1600 1924 1664 1951 ὄντα
1673 1923 1718 1949 τὸν
1733 1921 1780 1948 τοῦ
1793 1919 1862 1946 Θεοῦ

1074 1966 1171 2012 tam,
1196 1977 1242 2003 καὶ
1266 1975 1346 2010 ἡμεῖς
1363 1973 1547 2008 σιωπήσομεν.
1568 1968 1774 2004 ’Λποθαυμάσαι
1793 1966 1815 1993 δ’
1830 1966 1863 1992 ἄν

1075 2033 1115 2055 τις
1130 2023 1178 2050 καὶ
1197 2022 1255 2048 λίαν
1270 2020 1382 2051 εἰκότως
1405 2019 1450 2046 τὸν
1464 2019 1540 2052 ἅγιον
1561 2015 1755 2051 εὐαγγελιστὴν
1776 2013 1813 2040 τὰ
1828 2013 1862 2048 τῇ

1076 2069 1136 2105 θείᾳ
1151 2068 1289 2104 πρέποντα
1300 2066 1379 2101 φύσει
1393 2064 1460 2100 μετὰ
1474 2064 1575 2098 πολλῆς
1585 2071 1656 2094 τινος
1670 2062 1720 2096 τῆς
1731 2058 1865 2094 ἐπιτηρή-

1078 2124 1146 2147 σεως
1172 2113 1297 2148 πανταχῆ
1324 2112 1499 2143 διασώζοντα.
1529 2109 1636 2144 Ἐπειδὴ
1658 2107 1712 2143 γὰρ
1733 2107 1784 2142 ἔφη
1811 2105 1865 2140 πρὸ

1076 2161 1188 2192 τούτων,
1205 2159 1245 2186 ὅτι
1261 2158 1327 2185 Θεὸν
1343 2157 1430 2189 οὐδεὶς
1453 2156 1558 2192 ἑώρακε
1581 2155 1701 2184 πώποτε,
1721 2151 1865 2179 τεθεᾶσθαι

1077 2207 1106 2234 δὲ
1131 2206 1178 2232 νῦν
1200 2206 1232 2231 ἐδ
1254 2204 1368 2239 Πνεῦμα
1388 2211 1455 2237 φησι
1476 2201 1521 2229 τὸν
1539 2201 1672 2236 μακάριον
1697 2197 1864 2232 Βαπτιστὴν,

1079 2252 1238 2280 καταϐαῖνον
1261 2250 1307 2277 ἐπὶ
1331 2250 1374 2276 τὸν
1402 2249 1466 2275 Υἱδν
1490 2247 1519 2280 ἐξ
1537 2246 1660 2282 οὐρανοῦ,
1686 2243 1866 2280 προστίθησιν

1078 2297 1244 2332 ἀναγκαίως
1263 2297 1303 2322 ὅτι
1327 2296 1448 2322 θεάσοιτο
1464 2295 1523 2329 μὲν,
1549 2294 1617 2328 πλὴν
1645 2293 1673 2318 ἐν
1697 2291 1762 2317 εἴδει
1786 2297 1866 2323 περι-

1081 2345 1189 2380 στερᾶς,
1202 2343 1251 2369 οὐκ
1267 2342 1331 2368 αὐτὸ
1346 2341 1417 2368 κατὰ
1435 2341 1524 2376 φύσιν,
1538 2340 1605 2374 ὅπερ
1621 2333 1736 2372 ὑτέἁρχει
1752 2335 1866 2370 γυμνὸν,

1081 2391 1138 2418 ἀλλ’
1163 2391 1191 2417 ὲν
1220 2389 1259 2424 τῷ
1281 2388 1428 2424 πραοτάτῳ
1453 2385 1686 2421 σχηματιζόμενον
1711 2383 1793 2418 ζώῳ·
1823 2381 1868 2408 ἴνα

1082 2436 1209 2472 φαίνηται
1246 2434 1326 2460 πάλιν
1355 2433 1401 2460 καὶ
1432 2432 1476 2458 διὰ
1501 2431 1595 2458 τούτου
1622 2429 1791 2463 οἰκειότητα,
1820 2426 1868 2453 καὶ

1081 2483 1209 2517 ὁμοίωσιν
1225 2479 1357 2511 διασῶζον
1380 2477 1507 2513 φυσικὴν,
1529 2476 1597 2512 πρὸς
1619 2475 1664 2501 τὸν
1686 2474 1749 2500 Υίὺν
1765 2473 1810 2499 τὸν
1823 2471 1867 2498 λέ-

1081 2536 1163 2561 γοντα
1178 2535 1185 2542 ·
1219 2536 1228 2552 ‹
1242 2525 1349 2552 mem
1379 2525 1426 2551 ἀπ’
1447 2522 1531 2558 ἐμοῦ,
1557 2522 1598 2548 ὅτι
1620 2520 1706 2556 πρᾶός
1731 2520 1798 2554 εἰμι,
1821 2517 1868 2545 καὶ

1081 2572 1207 2603 ταπεινὸς
1224 2572 1257 2606 τῇ
1279 2570 1384 2606 καρδίᾳ.
1404 2578 1412 2595 ι
1441 2568 1543 2595 Οὐκοῦν
1559 2568 1608 2594 οὐκ
1626 2567 1804 2593 ἀποπεπεῖται
1820 2565 1868 2591 τοῦ

1083 2616 1151 2644 εἶναι
1175 2618 1240 2648 Θεὸς
1257 2616 1327 2643 κατᾶ
1343 2616 1422 2650 φύσιν
1444 2614 1474 2640 τὸ
1491 2613 1601 2648 Πνεῦμα
1614 2621 1620 2628 ·
1648 2612 1794 2647 τετήρηται
1815 2610 1869 2645 γὰρ

1083 2662 1155 2697 αὐτῷ
1170 2662 1200 2688 τὸ
1216 2661 1252 2696 μὴ
1266 2660 1411 2687 τεθεᾶσθαι
1427 2659 1547 2691 πώποτε,
1563 2658 1632 2692 πλὴν
1645 2658 1706 2684 ὅσον
1723 2658 1751 2683 ἐν
1766 2656 1807 2691 τῷ
1820 2656 1870 2690 τῆς

1083 2708 1246 2743 περιστερᾶς
1265 2705 1457 2742 σχηματισμῷ,
1482 2704 1525 2731 διὰ
1547 2704 1597 2739 τὴν
1618 2703 1664 2730 τοῦ
1692 2702 1870 2738 μανθάνοντος

1084 2754 1187 2789 χρείαν.
1209 2754 1253 2784 Ὠς
1270 2753 1323 2788 γὰρ
1346 2754 1374 2778 ὲν
1390 2751 1502 2786 σημείου
1520 2751 1566 2777 καὶ
1582 2749 1771 2785 γνωρίσματος
1796 2746 1870 2778 τάξει

1084 2800 1204 2827 δεδόσθαι
1226 2800 1306 2833 φησὶν
1323 2798 1411 2833 ἑαυτῷ
1428 2798 1475 2833 τὴν
1495 2797 1541 2823 τοῦ
1558 2795 1713 2830 Πνεύματος
1729 2794 1841 2821 κάθοδον
1859 2792 1873 2817 ὁ

1089 2845 1220 2880 mxima;
1244 2843 1407 2879 Βαπτιστὴς,
1425 2844 1484 2874 ταῖς
1506 2843 1568 2877 περὶ
1590 2841 1636 2868 τοῦ
1652 2840 1778 2875 Σωτῆρος
1795 2839 1871 2874 ἡμῶν

1166 2903 1188 2919 ⁵⁸
1216 2901 1283 2930 Ibid.
1311 2900 1355 2929 i5.
1393 2898 1584 2934 “lJoau.tv,
1602 2899 1646 2929 15,
1694 2898 1717 2913 ⁵⁸
1743 2895 1876 2924 11)ἱι1.12.
