2028 3118
175 178 228 206 213
668 184 702 212 IN
716 185 859 214 JOANNIS
877 187 1102 219 EVANGELIUM
1122 192 1184 220 LIB.
1197 193 1229 221 ll.
1755 199 1809 229 9.“

175 238 340 274 μαρτυρίαις
363 240 530 275 ἐπενεγκὼν,
545 242 584 269 ὅτι
606 252 614 268 ι
627 243 655 270 '0
671 244 782 279 πέμψας
811 255 854 282 με,
867 247 958 282 βαπτι-

1017 252 1250 284 quemadmodum
1266 253 1323 288 jam
1335 255 1437 284 dictum
1453 260 1505 290 est,
1520 258 1554 285 ad
1572 259 1685 286 humani
1697 262 1807 294 generis

175 283 230 314 ζειν
246 285 275 311 ἐν
293 284 378 320 ὕδατι,
401 288 503 320 ἐκεῖνός
522 297 566 324 μοι
593 287 678 322 εἶπεν,
703 291 760 326 Ἐφ’
777 292 806 319 ὃν
821 292 853 319 ἃν
869 293 925 329 ἴδῃς
937 295 958 320 τί

1021 297 1179 326 utilitatem.

174 332 286 388 Πνεῦμα
298 334 469 369 καταϐαῖνον,
486 337 532 363 καὶ
548 331 627 372 μένον
642 338 686 364 ἐπ’
697 339 787 371 αὑτὸν,
803 336 880 373 οὗτός
890 343 963 368 ἐστιν
980 344 994 369 ὁ
1009 343 1147 378 βαπτίζων
1168 347 1197 373 ὲν
1215 347 1354 383 Πνεύματι
1388 349 1426 384 τῷ
1442 350 1521 385 ἁγίῳ.
1538 361 1547 377 ι
1583 352 1640 386 Ἐφ’
1653 349 1675 386 ᾧ
1708 332 1740 388 δὴ
1762 354 1808 380 καὶ

175 378 291 434 μάλιστα
305 380 432 417 διαγελᾷν
446 380 521 418 οἶμαι
539 383 656 419 πρέπειν
687 385 750 418 τοὺς
785 385 916 423 ἀνοήτους
945 390 1110 424 αἱρετικοὺς,
1136 392 1166 419 τὺ
1195 394 1222 420 ἐν
1249 378 1326 427 τάξει.
1349 378 1564 431 σημείου-τεθὲν
1581 418 1588 430 ,
1615 378 1808 434 εἰςιάλήὸειαν

174 425 336 490 πράγματος
349 427 579 480 ἐκλαμϐάνοντας,
596 430 619 456 εἱ
635 429 682 456 καὶ
700 431 812 464 γέγονεν
826 433 1019 469 οἰκονομικῶς,
1045 436 1172 473 καθάπερ
1188 438 1238 474 ἤδη
1275 425 1447 475 προεὶρῆται,
1470 440 1514 467 διὰ
1547 425 1595 476 τὴν
1615 425 1663 477 τῆς
1697 425 1804 478 ἀνθρωέ

176 479 290 506 ποτητος
306 480 411 506 χρειαν.

210 515 264 542 Καὶ
279 516 405 550 ἑώρακα,
421 518 470 544 καὶ
477 520 699 554 μεμαρτύρηκα,
716 521 760 548 ὅτι
775 520 863 555 οὗτός
877 523 963 552 ἐστιν

156 562 190 587 ’ὁ
203 561 268 594 Υἱὸς
285 562 339 589 τοῦ
355 563 439 590 Θεοῦ.

215 606 351 643 Ἀσφαλὴς
366 609 379 634 ὸ
396 609 511 645 μάρτυς,
535 611 602 647 ὅπερ
624 611 708 645 ὅντως
729 613 865 647 τεθέαται,
885 615 963 642 τοῦτο

174 653 220 679 καὶ
235 653 334 682 λαλῶν.
361 656 416 682 Οὐκ
440 657 533 691 ἀγνοεῖ
547 658 600 694 γὰρ
625 658 689 691 ἴσως
706 660 735 686 τὸ
750 662 942 697 γεγραμμένον
955 671 961 677 ·

176 707 184 722 ι
199 698 232 724 Ἃ
247 696 317 725 εἶδον
331 700 354 726 οι
369 701 503 737 ὀφθαλμοί
517 711 575 736 σου,
590 704 663 738 λέγε.
681 715 690 731 ι
718 703 794 733 Εἶδον
803 696 865 740 οὖν,
887 708 963 742 φησι,

173 743 202 769 τὸ
215 746 339 779 σημεῖον,
361 747 407 773 καὶ
422 748 524 783 συνῆκα
538 749 584 775 τὸν
605 749 638 776 δι’
652 750 735 777 αὑτοῦ
754 753 963 787 σημαινόμενον.

173 790 311 826 Marp-rupi?)
331 791 359 818 δὲ
381 792 420 818 ὅτι
436 790 513 825 οὗτός
534 795 608 821 ἐστιν
622 796 636 822 ὁ
652 796 715 828 Υἱὸς
737 797 784 824 τοῦ
798 799 876 830 Θεοῦ,
894 801 907 826 ὸ
921 801 965 827 διὰ

172 835 256 871 νόμου
273 837 322 871 μὲν
335 838 382 864 τοῦ
403 838 446 865 διὰ
459 840 581 872 Μωσέως
597 841 797 878 ἀναϐοώμενος,
814 844 857 870 διὰ
872 846 965 881 φωνῆς

1054 527 1075 557 l,
1092 526 1136 554 54.
1155 526 1188 554 Et
1204 535 1249 563 ego
1265 527 1327 560 vidi,
1343 532 1367 554 et
1388 529 1567 556 testimonium
1589 530 1719 566 perhibui,
1742 533 1805 567 quia

1020 572 1062 598 hic
1073 577 1113 599 est
1130 572 1220 600 Filius
1240 573 1296 600 Dei.

1052 617 1238 647 Gravissimus
1258 620 1345 652 testis,
1363 621 1411 655 qui
1440 621 1510 656 quod
1540 629 1634 649 revera
1659 625 1803 658 spectavit,

1020 662 1087 689 illud
1111 664 1192 691 etiam
1217 665 1347 699 loquitur.
1364 665 1423 692 Non
1444 667 1517 693 enim
1542 667 1634 694 forsan
1649 667 1754 703 ignorat
1780 669 1806 696 id

1016 707 1088 742 quod
1107 709 1238 743 scriptum
1265 713 1307 737 cst
1321 718 1328 736 :
1343 719 1352 735 ‹
1373 710 1439 743 Quae
1451 711 1522 738 oculi
1544 712 1581 739 lui
1605 712 1744 746 viderunt,
1761 714 1806 740 illa

1015 753 1098 781 dicito
1115 754 1149 781 ⁵³.
1174 764 1182 779 ι
1200 754 1260 782 Vidi
1290 763 1364 790 ergo,
1390 756 1489 790 inquit,
1515 756 1634 791 signum,
1658 763 1685 785 et
1709 759 1806 793 agum-i

1015 806 1077 841 eum
1102 800 1148 834 qui
1169 808 1216 835 per
1241 801 1331 836 ipsum
1357 801 1576 836 signiﬁcabatur.
1594 802 1692 831 Testor
1712 809 1805 832 autem

1015 845 1088 872 hunc
1101 853 1162 874 esse
1175 846 1223 874 Dei
1236 846 1347 880 Filium,
1363 849 1410 883 qui
1427 857 1440 875 a
1457 849 1531 877 Mose
1543 857 1590 885 per
1605 850 1690 884 legem
1709 850 1806 884 praalim

248 882 333 930 ἁγίων
356 884 504 930 προφητῶν
527 887 729 922 κηρυττόμενος
743 896 750 903 '
776 889 849 916 δοκεῖ
869 890 898 917 δέ
917 900 958 926 μοι

1015 894 1091 918 catus
1109 896 1161 924 est,
1178 896 1205 920 et
1232 897 1394 920 sanctorum
1419 895 1613 930 prophetarum
1631 903 1708 923 voce.
1735 895 1806 922 Itur~

173 927 254 953 πάλιν
275 928 289 954 ὁ
315 928 450 972 μακάριος
477 931 672 968 εὖαγγελιστὴς
688 933 757 968 μετὰ
774 934 875 970 πολλῆς
892 944 964 968 τινος

171 973 220 1008 τῆς
230 973 377 1008 ἀσφαλείας
388 976 484 1003 εἰπεῖν·
504 986 513 1003 ‹
522 975 604 1010 Οὗτός
622 979 694 1005 ἐστιν
709 981 722 1006 ό
733 980 796 1012 Υἱὸς
808 981 854 1007 τοῦ
866 981 943 1015 Θεοῦ,
952 993 960 1008 ι

171 1019 245 1045 τοῦτ’
260 1018 344 1053 ἔστιν,
368 1021 382 1047 ὁ
405 1019 446 1053 εἷς
463 1023 510 1049 καὶ
526 1023 605 1058 μόνος
628 1024 698 1051 κατά
715 1025 806 1059 φύσιν,
824 1027 838 1053 ὁ
852 1027 900 1062 τῆς
915 1028 962 1054 τοῦ

171 1065 350 1100 γεννήσαντος
365 1067 494 1102 ἰδιότητος
511 1068 688 1105 κληρονόμος,
703 1071 770 1106 πρὸς
782 1071 811 1098 ὃν
826 1072 872 1098 καὶ
884 1073 963 1107 ἡμεῖς

170 1112 194 1138 οξ
217 1112 288 1138 κατὰ
314 1112 386 1140 θέσιν
405 1114 591 1150 μορφούμεοα,
616 1116 662 1143 καὶ
676 1117 709 1143 δι’
725 1114 756 1145 οὗ
773 1118 840 1154 πρὸς
860 1119 890 1146 τὸ
912 1120 962 1154 τῆς

170 1158 306 1190 υἱοθεσίας
321 1159 430 1196 ἀξίωμα
442 1161 511 1188 κατά
526 1161 606 1197 χάριν
619 1163 786 1199 κεκλήμεθα,
807 1165 850 1196 Ὠς
865 1165 961 1200 γὰρέκ

169 1204 237 1230 Θεοῦ
254 1205 299 1231 καὶ
321 1206 438 1242 Πατρὶς,
452 1216 462 1232 ι
474 1208 551 1234 Πᾶσα
574 1209 676 1244 πατριὰ
695 1209 724 1236 ἓν
749 1219 776 1236 τε
792 1211 897 1246 οὐρανῷ
915 1211 962 1238 καὶ

169 1250 217 1276 ἐπὶ
233 1250 284 1285 γῆς
299 1251 471 1287 ὀνομάζεται,
487 1262 497 1279 ι
515 1253 558 1281 διὰ
572 1255 602 1281 τὸ
617 1255 697 1281 αὑτὸν
711 1253 781 1282 εἶναι
796 1257 898 1292 κυρίως
914 1258 962 1285 καὶ

170 1296 278 1331 πρῶτον
295 1296 343 1332 [αῖ.
359 1298 494 1335 πρώτως]
510 1300 556 1327 καὶ
572 1301 679 1336 ἀληθῶς
696 1303 816 1338 Πατέρα,
831 1303 902 1330 οὕτω
915 1305 962 1331 καὶ

170 1343 246 1369 πᾶσα
265 1344 354 1378 υἱότης
369 1346 401 1371 ἐκ
414 1345 460 1372 τοῦ
477 1345 551 1379 Υἱοῦ,
575 1347 618 1374 διὰ
632 1348 662 1374 τὸ
678 1349 758 1375 αὐτὸν
774 1347 842 1376 εἶναι
858 1350 961 1386 κυρίως

170 1388 217 1415 καὶ
238 1389 317 1422 μόνον
332 1389 440 1425 ἀληθῶς
463 1391 536 1424 Υἱὺν,
558 1393 589 1418 οὐ
606 1392 682 1420 νόθον
700 1394 760 1421 οὐδὲ
772 1394 958 1431 ψευδώνυμον,

168 1433 228 1460 ἀλλ’
251 1436 282 1461 ἐκ
307 1436 356 1470 τῆς
373 1436 467 1468 οὐσίας
484 1437 530 1464 τοῦ
550 1438 617 1464 Θεοῦ
641 1440 689 1465 καὶ
710 1440 816 1476 Πατρὺς
838 1441 868 1467 οὐ
891 1441 961 1468 κατὰ

168 1480 321 1516 ἀποκοπὴν,
337 1481 353 1516 ἢ
370 1481 472 1516 ρεῦσιν,
489 1483 504 1518 ἥ
521 1484 662 1519 μερισμὸν,
682 1485 698 1520 ἢ
719 1487 806 1522 τομήν
819 1495 825 1501 ·
852 1487 960 1523 ἀπαθὴς

167 1526 222 1562 γὰρ
239 1527 256 1563 ἡ
278 1527 338 1554 θεία
362 1528 442 1563 φύσις
464 1530 602 1561 παντελῶς
614 1538 621 1545 ·
648 1531 705 1558 ἀλλ’
726 1532 764 1564 ὡς
779 1532 827 1560 ἕνα
844 1533 873 1566 ἐξ
888 1534 956 1567 ἐνὸς,

167 1573 212 1599 ἀεὶ
229 1574 445 1610 συνυπάρχοντα,
459 1575 506 1602 καὶ
521 1577 655 1603 συναῖδιον
668 1579 714 1604 καὶ
727 1579 904 1614 ἐμπεφυκότα
919 1580 958 1616 τῷ

167 1619 340 1656 γεννήσαντι,
361 1621 391 1648 ὲν
409 1621 483 1658 αὑτῷ
499 1632 528 1649 τε
550 1623 624 1654 ὅντα,
646 1624 692 1650 καὶ
714 1624 744 1657 ἐξ
762 1625 844 1652 αὐτοῦ
860 1627 956 1662 προελ-

167 1663 250 1691 θόντα
268 1665 423 1701 ἀμερίστως
443 1668 488 1694 καὶ
513 1668 691 1702 ἀδιαστάτως,
717 1670 778 1697 ἐπεὶ
804 1672 872 1707 μηδὲ
888 1673 958 1700 κατά

169 1708 250 1745 σῶμα
263 1710 292 1737 τὺ
307 1711 394 1744 Θεῖον,
414 1713 481 1748 μήτε
495 1714 570 1749 τόπῳ
585 1715 760 1750 περιληπτὸν,
778 1716 959 1754 ἥδισιστημα-

166 1755 247 1788 τικὰς
264 1757 313 1789 τὰς
339 1759 501 1792 μεταϐάσεις
520 1761 655 1788 ποιεῖσθαι
680 1763 813 1796 πεφυκὸς,
839 1764 897 1791 ἀλλ’
919 1765 957 1797 ὡς

166 1802 291 1837 πρόεισιν
304 1804 337 1829 ὲκ
353 1803 437 1839 πυρὸς
452 1806 468 1840 ὴ
487 1801 584 1832 ἐνοῦσα
599 1806 733 1842 θερμότης
747 1807 830 1843 αὐτῷ,
842 1808 958 1836 δοκοῦσα

168 1845 219 1880 μέν
235 1855 293 1879 πως
305 1848 387 1874 αὐτοῦ
400 1850 458 1880 ταῖς
471 1850 603 1882 ἐπινοίαις
619 1851 789 1886 μερίζεσθαι,
808 1853 854 1879 καὶ
864 1853 957 1889 ἔτερόν

166 1900 194 1918 τι
206 1892 271 1928 παρ’
285 1894 350 1920 αὐτὸ
363 1894 504 1930 ὑπάρχειν,
518 1896 548 1929 ἐξ
560 1896 642 1923 αὑτοῦ
659 1897 686 1924 δὲ
699 1895 766 1924 οὖσα
781 1898 828 1925 καὶ
841 1900 869 1925 ἐν
883 1899 958 1935 αὑτῷ

167 1937 240 1964 κατὰ
260 1939 350 1973 φύσιν,
372 1941 418 1967 καὶ
432 1940 462 1973 ἐξ
478 1942 560 1969 αὑτοῦ
577 1942 710 1977 προϊοῦσα
726 1944 795 1978 μετὰ
809 1945 855 1971 τοῦ
874 1945 958 1980 μηδὲν

167 1983 270 2011 ἀδικεῖν
293 1985 365 2012 κατά
379 1994 410 2020 γε
430 1986 475 2013 τὸν
497 1988 650 2023 ἀποκοπῆς,
673 1988 731 2024 ἦτοι
751 1990 887 2026 μερισμοῦ
911 1991 957 2017 καὶ

168 2029 288 2064 ῥεύσεως
305 2031 382 2066 λόγον
397 2040 402 2046 ·
427 2033 473 2069 ὅλη
496 2034 550 2069 γὰρ
564 2035 593 2060 ἐν
607 2034 660 2069 ὅλῳ
678 2034 718 2070 τῷ
734 2035 801 2070 πυρὶ
820 2035 936 2068 σώζεται
948 2045 955 2051 -

166 2075 239 2103 οὕτω
260 2077 392 2113 νοήσομεν
415 2079 461 2106 καὶ
481 2079 526 2105 ἐπὶ
546 2079 592 2106 τοῦ
617 2080 689 2106 οεὶου
710 2081 879 2117 γεννήματος
896 2082 955 2109 οεο-

168 2123 359 2159 πρεπεστάτην
379 2125 421 2150 ἐπ’
444 2124 516 2160 αὑτῷ
535 2125 584 2160 τὴν
610 2125 726 2161 θεωρίαν
751 2127 934 2162 λαμϐάνοντες
948 2137 954 2144 ·

167 2168 215 2194 καὶ
238 2168 300 2196 Υἰὸν
322 2169 370 2204 μὲν
389 2170 461 2202 ἰδίως
479 2171 626 2205 ὑφεστᾶναι
647 2171 829 2204 πιστεύοντες,
852 2173 881 2199 οὺ
904 2173 956 2209 μὴν

168 2213 221 2246 ἔξω
233 2214 351 2247 τιθέντες
368 2216 448 2242 αὐτὸν
462 2216 511 2251 τῆς
525 2217 588 2251 μιᾶς
600 2217 646 2244 καὶ
662 2218 801 2253 ἀφρός-του
816 2219 954 2255 Οεότητος,

167 2261 227 2287 οὐδὲ
244 2261 291 2287 τοῦ
311 2262 417 2297 Ila-cpe»;
433 2262 601 2297 ὲτεροούσιον
619 2261 688 2290 εἶναι
702 2264 843 2298 λέγοντες·
865 2266 881 2301 ἢ
899 2266 953 2302 γὰρ

167 2305 200 2332 ἂν
210 2306 273 2338 Υἱὸς
285 2307 373 2334 οὐκέτ’
384 2308 417 2334 ἂν
432 2309 517 2335 νοοῖτο
529 2308 650 2341 δικαίως,
666 2309 722 2335 ἀλλ’
738 2310 829 2345 ἕτερόν
840 2320 866 2337 τι
878 2312 954 2347 παρά

166 2351 254 2383 τοῦτο,
276 2352 322 2378 καὶ
344 2353 500 2388 πρόσφατος
523 2354 587 2388 ἡμῖν
612 2354 736 2381 ἀνατελεῖ
753 2355 835 2388 Θεὸς,
860 2356 953 2392 ἕτερος

167 2397 297 2433 ὑπάρχων
319 2399 394 2433 παρὰ
411 2399 456 2425 τὴν
478 2399 541 2425 ὄντα
565 2400 611 2426 καὶ
629 2399 718 2434 μόνον.
737 2400 773 2426 Τὸ
792 2400 845 2436 γὰρ
861 2401 910 2428 οὐκ
924 2401 953 2428 ὃν

166 2442 307 2476 ὀμοούσιον
327 2444 365 2478 τῷ
379 2444 448 2471 κατὰ
456 2443 544 2479 ,φύσιν
555 2444 623 2479 Θεῷ,
642 2445 699 2476 πῶς
716 2445 745 2471 οὑ
761 2446 869 2478 πάντως
884 2447 953 2474 ἁπο-

169 2490 291 2515 τεσεῐται
307 2489 353 2515 τοῦ
385 2486 453 2516 εἶναι
470 2490 534 2522 Θεὸς
555 2490 693 2525 ἀληθινός;
716 2491 823 2527 Ἐπειδὴ
842 2492 869 2518 δὲ
883 2492 955 2525 ἀξιό‹

167 2534 255 2569 χρεώς
271 2543 300 2561 τε
317 2535 365 2562 καὶ
384 2535 595 2570 ἀξιολογώτατος
608 2537 622 2562 ὁ
638 2536 772 2572 μακάριος
791 2537 956 2573 Βαπτιστὴς,

169 2582 304 2617 μαρτυρεῖ
316 2581 344 2607 δὲ
358 2581 398 2608 ὅτι
417 2579 492 2613 οὗτός
512 2583 584 2609 ἔστιν
599 2583 613 2608 ὁ
628 2582 692 2613 Υἱὸς
711 2583 757 2609 τοῦ
779 2583 846 2610 Θεοῦ
858 2592 864 2599 ·
889 2584 954 2610 Θεὸν

168 2625 237 2653 εἶναι
258 2626 366 2659 πάντως
382 2627 506 2662 ἁληΟινὸν
530 2628 731 2664 ὁμολογήσομεν
752 2629 797 2656 τὸν
817 2628 889 2661 Υὶὸν,
907 2631 954 2657 καὶ

169 2674 200 2698 ἐκ
211 2672 259 2707 τῆς
271 2672 364 2705 οὐσίας
377 2673 424 2700 τοῦ
439 2673 544 2709 Πατρός
557 2682 563 2689 ·
580 2674 658 2700 τοῦτο
673 2675 727 2710 γὰρ
744 2675 810 2710 ἡμῖν
827 2675 953 2711 σημαίνει

168 2719 198 2745 τδ
210 2719 259 2754 τῆς
275 2719 396 2755 υἱότητος
410 2720 505 2756 ῥνομκ,
521 2721 566 2747 καὶ
581 2721 674 2754 ἕτερον
689 2721 775 2748 οὐδέν.

207 2764 246 2800 Τῇ
270 2766 414 2800 ἐπαύριον
430 2767 523 2793 πάλιν
541 2766 670 2799 εἱστήκει
694 2768 710 2794 ό
730 2766 879 2800 Ἰωάννης,
904 2767 953 2794 καὶ

168 2809 203 2837 ἐκ
217 2810 275 2838 τῶν
293 2812 433 2846 μαθητῶν
459 2813 552 2839 αὑτοῦ
578 2812 648 2845 δύο,
666 2811 716 2840 καὶ
733 2812 887 2850 ἐμϐλέψας
916 2813 955 2846 τῷ

205 2898 228 2915 ⁸⁵
252 2899 330 2928 Prov.
350 2909 412 2932 xxv,
433 2901 458 2928 8.
498 2901 519 2916 "‘
535 2900 634 2937 Eplies.
653 2908 696 2935 ιιι,
713 2900 757 2929 15.

1016 943 1064 963 sus
1078 939 1181 970 autem,
1201 937 1297 965 beatus
1315 939 1483 974 evangelista
1507 940 1573 966 mihi
1591 940 1700 966 videtur
1714 939 1804 966 consi-

1013 980 1109 1010 derate
1135 981 1282 1009 admodum
1306 983 1417 1010 dicere:
1435 992 1445 1009 ‹
1465 983 1514 1011 llic
1533 988 1575 1011 est
1604 983 1689 1012 Filius
1718 984 1778 1015 Dei,
1792 995 1801 1010 ν

1014 1026 1066 1054 hoc
1078 1032 1129 1060 est,
1146 1036 1219 1055 unus
1236 1035 1268 1055 ac
1287 1029 1363 1056 solus
1379 1029 1528 1056 secundum
1544 1033 1681 1063 naturam,
1693 1029 1737 1057 ille
1754 1038 1802 1064 pa-

1014 1076 1099 1101 terna:
1117 1074 1293 1108 proprietatis
1314 1075 1413 1107 haeres,
1431 1075 1465 1101 ad
1485 1083 1566 1110 quem
1585 1075 1666 1102 etiam
1685 1083 1734 1102 nos
1756 1076 1802 1102 a-l-

1014 1118 1099 1152 optivi
1126 1117 1348 1151 conformamur,
1374 1124 1401 1146 et
1418 1127 1466 1154 per
1484 1126 1565 1153 quem
1590 1118 1622 1145 ad
1641 1118 1801 1152 dignitatem

1014 1163 1171 1198 adoptionis
1186 1172 1235 1199 per
1253 1164 1369 1199 gratiam
1387 1164 1475 1191 vocati
1497 1171 1604 1192 sumus.
1633 1163 1667 1191 Ut
1681 1163 1752 1191 enim
1768 1171 1802 1191 ex

1014 1207 1068 1236 Deo
1085 1211 1111 1235 et
1119 1207 1201 1236 Patre
1216 1217 1225 1234 ‹
1245 1208 1340 1235 Omnis
1353 1208 1504 1242 paternitas
1519 1209 1545 1235 in
1563 1207 1633 1235 coelo
1648 1211 1675 1234 et
1685 1207 1712 1234 in
1729 1211 1800 1234 terra

1012 1253 1173 1281 nominatur
1185 1254 1220 1286 ⁸⁸,
1237 1263 1247 1280 ι
1265 1258 1411 1289 propterea
1426 1253 1499 1288 quod
1524 1254 1582 1289 ipse
1609 1257 1652 1281 est
1677 1253 1799 1288 proprie,

1012 1307 1061 1336 per
1076 1307 1114 1333 se,
1131 1303 1159 1328 et
1174 1307 1238 1327 vere
1254 1298 1335 1327 Pater
1356 1304 1408 1332 est,
1434 1299 1474 1326 sic
1496 1300 1576 1327 etiam
1593 1299 1683 1327 omnis
1705 1299 1801 1326 tiliatio

1012 1354 1046 1373 ex
1061 1345 1140 1377 Filio,
1157 1350 1302 1380 propterea
1317 1345 1389 1381 quod
1405 1345 1464 1380 ipse
1483 1344 1592 1379 proprie
1608 1345 1742 1372 duntaxat
1758 1348 1801 1372 est

1013 1391 1109 1424 Filius,
1125 1398 1181 1418 non
1204 1391 1328 1426 spurius,
1345 1398 1434 1425 neque
1458 1389 1528 1418 falso
1545 1393 1732 1425 nuncupatus,
1751 1389 1798 1416 sed

1012 1446 1046 1466 ex
1068 1437 1224 1466 substantia
1242 1437 1290 1465 Dei
1313 1444 1346 1464 ac
1361 1436 1462 1470 Patris,
1477 1443 1531 1463 non
1553 1443 1602 1470 per
1621 1435 1798 1465 decisionem.

1012 1487 1060 1510 aut
1080 1483 1193 1515 ﬂuxum,
1215 1490 1264 1510 seu
1282 1482 1446 1510 divisionem
1460 1480 1565 1517 (divina
1581 1481 1681 1515 quippe
1700 1484 1798 1507 natura

1014 1528 1152 1564 passionis
1162 1528 1252 1555 omnis
1268 1533 1310 1555 cst
1325 1526 1435 1562 expers)
1449 1526 1495 1554 sed
1510 1534 1581 1554 unus
1592 1534 1626 1552 ex
1641 1532 1707 1557 uno,
1720 1525 1805 1560 128.

986 1575 992 1587 ‘
1012 1582 1121 1610 semper
1132 1574 1315 1606 coexsistens,
1331 1577 1358 1601 et
1370 1576 1536 1606 coaeternus,
1551 1576 1576 1600 et
1595 1571 1669 1598 Patri
1685 1570 1797 1601 insitus,

1011 1625 1039 1648 et
1055 1620 1084 1648 in
1099 1620 1160 1655 ipso
1177 1619 1327 1651 exsistens,
1344 1622 1426 1654 atque
1441 1626 1474 1645 ex
1490 1618 1549 1653 ipso
1573 1616 1737 1652 procedens,
1759 1615 1798 1641 ci-

1010 1671 1052 1694 tra
1067 1666 1234 1694 divisionem
1257 1669 1283 1693 et
1305 1664 1452 1696 indivulse,
1471 1663 1694 1699 quandoquidem
1709 1669 1798 1696 neque

1010 1719 1160 1747 corporeus
1184 1714 1226 1738 est
1241 1710 1322 1742 Deus,
1339 1717 1391 1738 nec
1412 1710 1472 1737 loco
1486 1708 1736 1739 circumscribitur,
1751 1710 1799 1733 aut

1010 1758 1128 1785 transitu
1139 1758 1264 1785 locorum
1274 1756 1482 1792 spatiorumquc
1495 1759 1631 1788 movetur,
1643 1754 1691 1781 sed
1705 1762 1801 1789 quem»

1009 1804 1157 1832 admodum
1171 1811 1204 1831 ex
1225 1803 1288 1837 igne
1313 1802 1404 1837 prodit
1430 1801 1513 1829 insita
1531 1802 1555 1828 ci
1573 1800 1712 1833 caliditas,
1737 1809 1799 1836 qua:

1009 1849 1116 1877 videtur
1144 1849 1177 1876 ab
1197 1856 1230 1876 eo
1245 1847 1448 1883 quodammodo
1472 1847 1640 1882 cogitatione
1660 1846 1796 1881 separari,

1009 1899 1036 1922 ct
1057 1894 1131 1922 aliud
1157 1894 1191 1921 ab
1210 1894 1270 1928 ipso
1295 1893 1426 1928 quiddam
1450 1893 1600 1924 exsistere,
1620 1899 1683 1919 cum
1709 1892 1745 1918 sit
1761 1900 1797 1919 ex

1009 1941 1070 1975 ipso
1084 1944 1110 1967 et
1130 1940 1157 1966 in
1173 1939 1233 1974 ipso
1249 1937 1408 1966 secundum
1429 1942 1566 1969 naturam,
1581 1941 1607 1964 et
1622 1944 1654 1964 ex
1675 1943 1708 1963 eo
1727 1937 1796 1964 citra

1009 1986 1139 2013 damnum
1163 1985 1248 2012 ullum
1265 1983 1406 2020 procedat,
1426 1983 1555 2010 nimirum
1582 1983 1652 2010 citra
1675 1982 1796 2012 decisio-

1009 2039 1069 2059 nem
1091 2039 1138 2059 seu
1152 2031 1319 2059 divisionem
1339 2037 1371 2057 ac
1395 2028 1498 2056 ﬂuxum
1516 2028 1585 2064 (tota
1599 2028 1674 2056 enim
1697 2028 1725 2055 in
1739 2031 1796 2056 toto

1008 2082 1137 2105 servatur
1157 2076 1230 2112 igne)
1251 2076 1292 2104 sic
1308 2075 1392 2102 etiam
1409 2073 1586 2102 statuendum
1611 2073 1691 2101 nobis
1704 2078 1745 2101 est
1761 2073 1796 2101 de

1008 2122 1104 2150 divino
1125 2121 1274 2157 geniminc,
1290 2127 1340 2156 pro
1357 2127 1390 2147 eo
1405 2127 1437 2146 ac
1451 2118 1485 2147 de
1507 2118 1563 2146 Deo
1576 2118 1654 2146 decet
1671 2119 1796 2154 cogitan-

1009 2168 1083 2196 tibus
1102 2176 1107 2193 :
1128 2171 1156 2195 et
1177 2166 1264 2195 Filius
1284 2165 1394 2201 proprie
1417 2164 1530 2200 quidem
1556 2164 1710 2192 subsistere
1736 2171 1796 2192 cre-

1008 2213 1127 2245 dendus,
1155 2221 1210 2240 non
1231 2217 1322 2239 tamen
1347 2211 1381 2238 ab
1404 2218 1459 2238 una
1485 2215 1511 2238 ct
1536 2209 1668 2238 incﬂ'abili
1693 2209 1797 2237 deitate

1008 2259 1209 2291 excludendus,
1225 2265 1315 2293 neque
1329 2257 1444 2285 alterius
1461 2265 1523 2285 esse
1541 2264 1557 2285 ιι
1570 2256 1649 2283 Patre
1667 2255 1797 2284 substan-

1008 2305 1052 2332 tim
1075 2304 1219 2332 dicendus.
1238 2303 1350 2339 Alioqui
1377 2303 1451 2330 enim
1482 2310 1545 2333 non~
1563 2301 1681 2336 amplius
1710 2300 1796 2331 Filius

1007 2359 1069 2379 esse
1086 2351 1149 2386 jure
1164 2351 1318 2386 potabitur,
1344 2349 1391 2377 sed
1417 2349 1521 2384 aliquid
1541 2347 1664 2378 aliudab
1683 2348 1754 2382 ipso,
1769 2351 1796 2374 et

1008 2406 1105 2426 recens
1122 2397 1202 2425 nobis
1219 2398 1292 2425 Deus
1305 2396 1431 2429 exsistet,
1445 2395 1515 2422 alius
1538 2394 1571 2422 ab
1585 2401 1618 2420 eo
1636 2394 1684 2428 qui
1707 2397 1748 2420 est
1764 2400 1795 2420 ac

1008 2444 1085 2471 solus
1101 2447 1154 2471 est.
1171 2442 1248 2475 Quod
1268 2442 1341 2470 enim
1368 2448 1422 2468 non
1438 2443 1479 2468 est
1494 2438 1730 2467 consubstantiale
1745 2445 1794 2465 na-

1008 2491 1091 2517 turali
1107 2489 1172 2523 Deo,
1189 2488 1329 2525 quomodo
1350 2487 1407 2514 iicri
1433 2486 1534 2521 poterit
1552 2490 1582 2513 ut
1601 2485 1638 2512 sit
1654 2484 1729 2512 Deus
1749 2492 1795 2512 vc-

1008 2536 1072 2563 rus?
1087 2535 1141 2563 Sed
1157 2543 1219 2562 cum
1241 2533 1426 2570 gravissimus
1444 2539 1475 2559 ac
1497 2531 1733 2566 locupletissimus
1760 2530 1795 2557 sit

1007 2583 1104 2610 beatus
1121 2581 1256 2617 Baptista,
1276 2584 1303 2608 et
1316 2580 1390 2607 bunc
1410 2586 1471 2607 esse
1486 2577 1651 2608 FiliumlDei
1667 2581 1792 2609 testctur,

1007 2628 1106 2656 Filium
1127 2627 1212 2656 Deum
1226 2635 1288 2655 csse
1305 2633 1400 2654 verum
1420 2625 1517 2660 utique
1542 2624 1699 2657 fatebimur,
1715 2628 1742 2651 et
1761 2624 1793 2651 de

1008 2675 1164 2703 substantia
1179 2672 1279 2700 Patris.
1297 2672 1354 2700 lloc
1371 2671 1456 2704 enim,
1469 2674 1496 2699 et
1510 2670 1579 2697 nihil
1594 2670 1668 2698 aliud
1687 2669 1793 2705 signiti-

1009 2724 1053 2748 cat
1069 2727 1169 2747 nomen
1190 2718 1341 2746 ﬁliatioriis.

1041 2766 1065 2798 i,
1082 2765 1171 2793 35-56.
1185 2765 1277 2792 Altera
1297 2763 1340 2791 die
1357 2763 1452 2791 iterum
1468 2762 1557 2790 stabat
1572 2761 1700 2793 Joannes,
1717 2765 1742 2788 et
1762 2768 1795 2787 ea;

1009 2811 1148 2846 discipulis
1166 2811 1223 2846 ejus
1248 2810 1300 2838 duo
1316 2819 1325 2838 :
1342 2814 1368 2837 et
1388 2810 1528 2844 respiciens
1549 2808 1640 2836 Jcsum
1656 2806 1793 2836 ambulau-
