2028 3118
130 208 179 236 ΞΠ

655 210 688 237 IN
707 210 849 238 JOANNIS
865 211 1086 241 EVANGELIUM
1111 214 1175 242 LIB.
1197 215 1230 241 ll.
1247 192 1250 196 .

1703 214 1757 243 2l8

132 263 173 291 διὰ
201 263 297 291 τοῦτου
322 264 414 299 σαφῶς
444 265 653 301 ἑρμηνεύοντες·
676 264 734 293 εἶτα
759 266 806 302 τὴν
832 267 921 293 ἑστίαν

976 268 1041 295 velle
1055 269 1156 304 aliquid
1172 269 1289 297 discere.
1303 269 1370 296 Tum
1386 273 1482 305 rogant
1495 270 1533 297 uti
1549 269 1662 297 domum
1678 276 1756 297 suam

130 309 252 342 ἀξιοῦσιν
268 312 365 342 εἰπεῖν,
381 311 416 342 ὡς
433 311 461 338 ὲν
477 312 545 347 αὐτῇ
561 312 610 346 τὴν
628 313 721 347 χρείαν
734 313 857 347 ἐροῦντες
876 314 920 339 εὑ-

130 355 247 392 καίρως·
270 357 300 383 οὺ
313 356 366 392 γὰρ
379 357 475 393 δήπου,
489 357 560 384 κατὰ
582 358 611 384 τὸ
635 358 718 390 εἰκὸς,
740 359 785 385 τὸν
806 359 851 385 ἐπὶ
865 360 920 391 τοῖς

130 402 290 435 ἀναγκαίοις
307 403 393 437 λόγον,
411 403 470 429 ὁδοῦ
487 403 624 439 πάρεργον
640 404 773 431 ποιεῖσθαι
796 405 850 431 δεῖν
865 405 921 430 ἐδο-

131 447 249 484 κίμαζεν
269 448 319 485 [αι.
342 449 527 486 ἐδοκίμαζον]·
546 450 621 477 ἔσται
643 450 671 478 δὲ
693 451 773 479 πάλιν
794 452 859 487 ἡμῖν
881 451 921 482 εὶς

131 494 216 520 τύπον
231 495 360 530 ἐπωφελῆ
376 495 406 522 τὸ
416 495 571 531 λεγόμενον.

165 540 252 575 Λέγει
271 541 390 574 αὐτοῖς·
404 542 546 576 Ἔρχεσθε
562 542 610 569 καὶ
623 542 710 569 Ϊὸετε.

167 588 205 614 Οὐ
221 588 351 623 σημαίνει
363 588 412 624 τὴν
426 588 524 622 οὶκίαν,
543 590 630 616 καίτοι
656 589 734 616 τοῦτο
754 590 838 615 ποιεῖν
852 588 922 620 ἐξαι-

130 633 282 668 τούμενος,
310 635 377 661 ἱέναι
401 634 430 661 δὲ
457 635 556 670 μᾶλλον
581 635 620 666 είς
648 635 732 670 αὐτὴν
753 635 921 670 παραχρῆμα

131 679 254 706 κελεύει⁴
274 680 381 715 πρῶτον
402 680 450 716 μὲν
476 681 562 708 ἐκεῖνο
580 681 721 713 διδάσκων,
739 681 777 712 ὡς
803 682 832 707 ὲν
855 681 922 707 ὐπο-

132 724 255 759 γραμμῷ
268 725 306 760 τῷ
323 725 478 760 πράγματι,
493 727 534 753 ὅτι
544 726 598 753 τῶν
613 727 723 760 ἀγαθῶν
737 727 786 761 τὴν
810 727 922 762 ζήτησιν

131 771 181 821 οὐκ
248 771 407 821 ὑπερθέσεις
419 771 642 808 ἀναῤῥιπτεῖσθαι
656 772 746 799 καλόν’
756 772 785 798 τὸ
798 772 851 808 γὰρ
864 773 923 807 μέλ-

132 815 187 841 λειν
203 815 270 847 ὅλως
282 817 310 842 ἐν
320 818 376 848 τοῖς
389 816 503 851 ὠφελεῖν
516 817 664 851 πεφυκόσιν
683 817 827 853 ἐπιζήμιον
837 827 843 834 ·
863 815 923 846 εἶτα

132 861 202 896 πρὸς
226 861 324 896 τούτῳ,
347 862 393 888 καὶ
412 862 483 893 τάδε
509 862 549 889 ὅτι
569 864 625 894 τοῖς
651 863 792 897 ἀγνοοῦσιν
814 863 854 890 ἔτι
877 863 923 890 τὸν

133 906 210 940 ἅγιον
234 905 308 934 οἶκον
324 907 372 935 τοῦ
394 909 519 944 Σωτῆρος
533 909 611 945 ἡμῶν
622 909 750 943 Χριστοῦ,
770 909 840 936 τοῦτ’
853 910 920 942 ἔστι,

132 952 182 987 τὴν
202 952 374 987 Ἐκκλησίαν,
389 953 420 979 οὐ
435 953 465 980 τὸ
480 953 540 980 ὅποι
566 954 631 980 ποτὲ
653 956 739 981 κεῖται
760 954 854 989 μαθεῖν
875 955 923 990 ἀρ-

133 997 209 1023 κέσει
225 998 292 1032 πρὸς
308 998 454 1033 σωτηρίαν,
476 998 544 1025 ἀλλὰ
572 999 602 1025 τὺ
625 999 711 1026 ἐλθεῖν
733 1001 773 1031 εἰς
790 1000 870 1027 αὑτὸν
882 1000 924 1027 διὰ

132 1043 183 1077 si};
199 1044 327 1076 πίστεως,
344 1044 406 1070 tam
429 1053 459 1070 τε
478 1044 513 1072 τὰ
538 1045 567 1072 ὲν
582 1045 655 1081 αὐτῷ
676 1046 812 1082 μυστικῶς
831 1047 923 1081 δηλον-

133 1089 174 1116 ότι
189 1089 266 1116 τελού
272 1098 350 1125 μενα.

169 1133 282 1162 Ἦλθον
292 1134 349 1163 οὖν
366 1136 414 1164 καὶ
428 1135 510 1163 εἶδον
522 1137 581 1164 ποῦ
589 1137 683 1172 μένει,
698 1138 746 1165 καὶ
765 1138 832 1173 παρ’
845 1137 925 1171 αὐτῷ

133 1180 257 1215 ἔμειναν
271 1181 456 1217 τὴν-’ἡμέραν
468 1182 590 1216 ἐκείνην
600 1191 606 1198 ·
628 1182 688 1217 ὥρα
702 1181 741 1219 ἦν
754 1184 793 1217 ὡς
805 1184 923 1218 δεκάτη.

169 1271 351 1306 Εὐπαρέδρως
366 1271 389 1297 οἱ
408 1271 527 1307 μαθηταὶ
540 1272 590 1308 τὴν
603 1272 657 1299 τῶν
673 1272 752 1300 θείων
767 1273 925 1308 μυστηρίων

134 1317 307 1343 ἐπαιδεύοντο
320 1317 419 1351 γνῶσιν
431 1325 437 1332 ·
452 1318 482 1344 οὐ
498 1318 551 1353 γὰρ
565 1315 642 1353 οἶμαι
659 1319 774 1354 πρέπειν
795 1319 925 1355 ἁψίκορον

134 1363 190 1393 τοῖς
209 1361 385 1396 φιλομαθὲσιν
404 1362 536 1397 ὑπάρχειν
559 1363 687 1394 διάνοιαν,
705 1363 926 1398 φιλοπονωτάτην

134 1407 162 1434 δὲ
179 1407 289 1443 μᾶλλον,
306 1408 351 1435 καὶ
367 1408 415 1443 τῆς
431 1409 460 1435 ὲν
480 1408 588 1444 ἱδρῶσιν
610 1409 721 1443 ἀγαθοῖς
746 1409 926 1445 μικροψυχίας

137 1455 292 1489 κρείττονα,
306 1454 343 1485 ὼς
367 1455 406 1486 εἰς
430 1454 537 1481 ᾶπαντα
558 1454 607 1489 τῆς
629 1455 700 1490 ζωῆς
719 1454 763 1481 τον
786 1454 880 1489 καιρὸν
898 1456 926 1481 ἐν

134 1500 275 1535 ὁλοκλήρῳ
305 1501 337 1535 τῇ
365 1499 505 1535 προθυμίᾳ
537 1499 679 1535 φαίνεσθαι
710 1499 924 1535 διαπρέποντας·

133 1543 213 1570 τοῦτο
228 1544 283 1579 γὰρ
298 1543 335 1575 ὥς
353 1544 385 1570 δι’
400 1544 559 1578 αἰνίγματος
575 1542 650 1578 οἶμαι
668 1543 763 1579 δηλοῦν
780 1544 821 1577 τὸ,
837 1554 846 1568 ε
858 1544 926 1580 Παρ¹

971 313 1087 346 indit-et,
1117 319 1245 348 tanquam
1271 314 1306 341 ibi
1324 320 1476 349 opportune
1499 314 1598 342 dicturi
1625 314 1697 349 quod
1722 314 1757 341 sit

972 367 1062 394 operae
1080 362 1208 394 pretium.
1228 358 1363 387 Nolebanl
1390 360 1474 391 enim,
1499 364 1529 387 ut
1557 359 1686 387 credibile
1705 363 1756 389 est,

971 406 1005 433 de
1026 406 1109 433 rebus
1121 405 1294 440 gravissimis
1309 405 1398 432 obiter
1414 408 1520 432 tantum
1541 405 1672 440 colloqui.
1698 404 1758 437 Quo

971 459 1004 479 ex
1024 452 1098 479 dicto
1120 452 1275 487 exemplum
1291 451 1374 478 nobis
1391 458 1487 478 rursus
1510 450 1579 477 utile
1594 451 1756 486 capiendum

971 501 1022 526 est.

1010 543 1089 578 130
1103 542 1124 577 1,
1138 543 1182 571 59.
1198 542 1270 570 Dicit
1285 542 1320 569 eis
1331 550 1340 569 :
1352 541 1443 569 Venite
1459 545 1482 568 et
1496 540 1588 567 videte.

1008 589 1124 617 Domum
1147 597 1225 617 suam
1251 597 1306 617 non
1329 588 1444 620 indicat,
1463 587 1591 623 quamvis
1605 586 1658 613 hoc
1679 593 1759 620 roga-

971 641 1059 669 retur,
1075 636 1123 664 sed
1145 636 1236 671 potius
1261 639 1290 662 ut.
1312 635 1344 662 ad
1369 642 1428 662 eam
1449 633 1543 661 statim
1570 639 1599 659 se
1616 631 1760 659 conferant

971 682 1057 717 jubet.
1085 681 1204 709 Primum
1230 681 1352 716 quidem,
1370 683 1399 707 ut
1425 687 1457 707 ea
1484 686 1515 706 re
1545 678 1578 706 ad
1604 676 1759 711 exemplum

973 729 1115 765 proposita
1132 729 1242 756 doceret
1264 728 1291 754 in
1309 726 1464 762 quaerendis
1479 725 1560 753 bonis
1584 723 1684 750 malam
1699 729 1761 750 esse

973 777 1152 804 dilationem:
1173 777 1200 803 in
1221 776 1303 803 rebus
1331 774 1404 802 enim
1429 772 1544 800 utilibus
1561 771 1693 798 damnosa
1718 771 1761 796 est

974 823 1064 850 omnis
1079 821 1229 849 cunctatio.
1249 819 1361 851 Deinde,
1376 817 1570 853 ignorantibus
1583 815 1672 842 adhuc
1698 821 1762 841 san-

973 873 1046 897 ctam
1065 868 1214 896 Salvatoris
1230 867 1317 895 nostri
1334 865 1437 894 Christi
1458 864 1582 895 domum,
1603 861 1631 888 id
1650 865 1693 887 est
1709 859 1761 886 Ec—

974 915 1098 947 clesiam,
1122 914 1155 941 ad
1184 915 1301 941 salutem
1323 919 1378 939 non
1403 910 1537 941 suﬂicere,
1565 908 1587 935 si
1615 906 1761 934 didicerint

974 961 1086 988 ubinam
1106 960 1152 987 illa
1167 960 1213 992 sit,
1231 958 1284 986 nisi
1303 957 1336 985 ad
1351 958 1439 992 ipsum
1460 963 1510 990 per
1526 954 1605 981 ﬁdem
1623 951 1759 983 venerint,

973 1010 1000 1034 et
1016 1013 1077 1041 quae
1090 1005 1206 1041 mystice
1219 1004 1246 1032 in
1263 1011 1295 1031 eo
1309 1005 1479 1038 peraguntur
1492 998 1690 1035 perspexerint.

1009 1138 1032 1172 Ῑ,
1047 1137 1093 1165 59.
1112 1136 1243 1164 Venerunt
1262 1134 1343 1169 igitur
1355 1136 1380 1160 et
1404 1131 1522 1158 viderunt
1534 1129 1580 1157 ubi
1593 1131 1719 1159 maneret,
1735 1130 1761 1153 et

975 1183 1045 1219 apud
1063 1192 1122 1212 eum
1147 1185 1300 1209 manserunt
1319 1181 1362 1207 die
1385 1178 1449 1205 ilio:
1464 1177 1530 1204 lwra
1548 1179 1604 1202 erat
1623 1174 1699 1210 quasi
1714 1172 1761 1200 de—

976 1232 1055 1259 cinia.

1011 1276 1122 1304 Assidui
1137 1278 1216 1303 erant
1227 1271 1355 1307 discipuli
1369 1272 1397 1298 in
1414 1268 1590 1305 percipienda
1605 1266 1760 1293 divinorum

976 1321 1170 1358 mysteriorum
1184 1318 1353 1354 cognitione.
1365 1315 1512 1343 Levitatem
1528 1313 1628 1348 quippe
1638 1308 1762 1338 discendi

976 1368 1083 1404 cupidis
1107 1365 1256 1394 convenire
1274 1371 1330 1391 non
1351 1361 1490 1393 existimo,
1518 1359 1564 1386 sed
1590 1356 1759 1384 laboriosum

977 1414 1098 1442 animum
1117 1420 1149 1440 ac
1172 1416 1357 1446 generosum,
1384 1407 1453 1434 adeo
1481 1409 1510 1432 ut
1536 1403 1610 1431 omni
1639 1406 1764 1435 tempore

977 1460 1041 1487 vitae
1061 1457 1197 1486 constanti
1211 1455 1304 1483 studio
1325 1453 1459 1481 clareant.
1481 1450 1507 1477 id
1524 1449 1596 1476 enim
1612 1444 1762 1482 signiﬁcari

978 1505 1100 1533 arbitror
1117 1504 1159 1530 bis
1173 1502 1282 1530 verbis:
1300 1510 1309 1526 ι
1330 1499 1362 1525 Et
1377 1498 1448 1533 apud
1462 1505 1524 1523 eum
1542 1497 1703 1522 manscruut
1719 1492 1762 1518 die

979 1550 1037 1578 illo.
1054 1559 1062 1575 ι
1079 1549 1146 1576 Cum
1163 1551 1253 1575 autem
1269 1546 1324 1572 ait:
1339 1553 1348 1569 ι
1365 1543 1436 1570 llora
1451 1545 1510 1570 crat
1522 1539 1601 1575 quasi
1614 1532 1730 1568 decima,
1750 1545 1761 1562 ι

135 1590 209 1625 αὐτῷ
224 1590 338 1636 ἔμειναν
356 1589 404 1625 τὴν
418 1590 524 1625 ἡμέραν
542 1591 665 1625 ἐκείνην·
685 1600 693 1616 ι
713 1590 804 1625 ἐπειδὴ
825 1590 854 1617 δέ
875 1599 925 1626 φη-

979 1596 1134 1630 theologum
1161 1593 1280 1621 dicimus
1304 1588 1509 1618 accommodata
1536 1586 1635 1620 cuique
1659 1583 1763 1610 raliouc

136 1646 188 1670 σιν,
207 1646 216 1662 ι
236 1637 306 1672 Ὦρα
324 1635 358 1672 ἦν
374 1636 411 1668 ὡς
432 1637 542 1672 δεκάτη,
561 1646 570 1662 ι
587 1637 634 1663 καὶ
659 1636 727 1672 πρὸς
753 1636 817 1663 αὐτὸ
846 1636 924 1663 τοῦτο

136 1683 251 1717 λέγομεν
266 1682 310 1709 τὸν
330 1683 436 1717 ἑκάστῳ
460 1682 594 1718 χρήσιμόν
613 1691 642 1708 τε
666 1682 712 1708 καὶ
729 1683 826 1708 οἰκεῖον
843 1683 924 1718 ἐφαρ‹

138 1729 267 1764 μὸζοντες
279 1728 366 1763 λόγον,
379 1729 419 1754 ὅτι
431 1728 510 1754 πάλιν
525 1729 597 1764 ἡμᾶς
611 1728 654 1754 διὰ
672 1727 722 1762 τῆς
740 1727 810 1754 οὕτω
822 1727 924 1762 λεπτῆς

136 1774 334 1809 ἐπιχειρήσεως
356 1773 507 1800 ἐκδιδάσκει
531 1773 580 1808 τῆς
602 1772 739 1807 θεολογίας
765 1773 778 1799 ὁ
805 1781 923 1808 συγγρα-

136 1821 215 1854 φεὺς,
235 1820 272 1852 ὼς
287 1820 337 1846 οὐκ
350 1821 379 1846 ἐν
393 1819 462 1854 ἀρχῇ
480 1818 525 1845 τοῦ
547 1818 678 1854 παρόντος
694 1818 788 1850 αἰῶνος
804 1819 834 1845 τὸ
853 1818 923 1853 μέγα

135 1866 184 1893 τοῦ
199 1867 325 1901 Σωτῆρος
337 1865 414 1900 ἡμῶν
427 1865 549 1901 ἐγνώσθη
564 1865 722 1900 μυστήριον,
734 1864 790 1891 ἀλλ’
800 1865 840 1895 εἰς
849 1865 925 1897 τέλος

136 1913 187 1948 ἤδη
203 1912 382 1943 καταλύοντος
404 1911 450 1938 τοῦ
474 1911 570 1947 καιροῦ
583 1919 590 1927 ·
607 1920 617 1937 ‹
640 1910 699 1937 Ἐπ’
715 1911 835 1945 ἐσχάτων
859 1909 924 1945 γὰρ,

137 1958 175 1990 ὡς
193 1958 358 1993 γέγραπται,
380 1957 433 1983 τῶν
456 1956 565 1992 ἡμερῶν
589 1956 707 1983 διδακτοὶ
731 1956 830 1987 πάντες
859 1956 924 1982 ἀνα-

136 2004 296 2040 δεδείγμεθα
312 2002 390 2030 Θεοῦ.
408 2012 416 2029 ι
435 2002 516 2038 Δέχου
532 2002 560 2028 δέ
578 2011 621 2037 μοι
638 2002 717 2028 πάλιν
741 2001 794 2029 τῶν
814 2001 926 2037 εἰρημέ-

136 2060 191 2078 νων
205 2050 297 2077 εἰκόνα
310 2049 373 2084 περὶ
391 2048 440 2084 τὴν
460 2048 575 2083 δεκάτην
596 2048 679 2083 ὥραν,
696 2048 925 2083 προσεδρεύοντας

137 2097 176 2132 τῷ
199 2096 306 2131 Σωτῆρι
331 2095 393 2126 τοὺς
420 2094 552 2130 μαθητὰς.
579 2094 626 2125 οὓς
650 2095 697 2121 καὶ
721 2094 927 2126 καταλύσαντας

138 2142 212 2174 ἅπαξ
229 2140 484 2177 προσμεμενηκὲναι
500 2140 581 2175 φησὶν
595 2141 608 2166 ὁ
623 2140 700 2174 ἅγιος
715 2139 925 2176 εὖαγγελιστής·

977 1647 1086 1669 rursum
1114 1647 1164 1666 nos
1192 1637 1331 1665 subtiliter
1350 1635 1475 1664 edocere,
1500 1639 1553 1658 non
1570 1630 1598 1657 in
1614 1629 1696 1663 hujus
1718 1635 1764 1654 sm-

977 1687 1030 1714 culi
1059 1685 1210 1722 primordio
1240 1688 1369 1716 magnum
1397 1678 1466 1706 illud
1497 1675 1647 1704 Salvatoris
1675 1673 1762 1700 nostri

976 1732 1138 1768 mysterium
1152 1728 1315 1760 innotuisse,
1324 1732 1417 1753 verum
1434 1729 1554 1758 tempore
1565 1721 1621 1757 jam
1635 1720 1668 1747 ad
1683 1719 1763 1746 tinem

977 1767 1115 1806 tendente.
1135 1785 1144 1802 (
1165 1775 1195 1802 In
1218 1772 1376 1802 novissimis
1390 1781 1398 1797 I
1419 1771 1544 1801 enim,ut
1561 1767 1693 1801 scriptum
1712 1768 1762 1795 cst,

978 1834 989 1852 ι
1009 1825 1117 1855 diebus,
1130 1822 1202 1849 docti
1218 1828 1233 1848 a
1247 1820 1302 1848 Deo
1315 1827 1412 1847 omnes
1426 1824 1523 1845 sumus
1540 1815 1572 1841 ⁵³.
1590 1823 1599 1838 ι
1617 1812 1762 1841 Praeterea,

976 1878 1038 1899 eum
1067 1868 1195 1903 discipuli
1219 1866 1330 1894 circiter
1347 1865 1443 1892 boram
1466 1861 1602 1889 decimam
1627 1855 1763 1884 Salvatori

976 1914 1129 1946 assideant,
1142 1919 1168 1940 et
1181 1919 1196 1938 a
1218 1914 1313 1938 sancto
1327 1907 1494 1942 evangelista
1514 1904 1583 1939 apud
1605 1910 1666 1930 cum
1681 1907 1764 1935 porro

977 1960 1113 1988 mansisse
1137 1958 1280 1985 dicantur:
1294 1955 1400 1983 discant
1420 1959 1516 1980 rursus
1531 1949 1595 1976 inde
1608 1947 1653 1983 qui
1671 1954 1719 1982 per
1733 1945 1764 1972 ti-

977 2007 1039 2035 dem
1052 2006 1080 2033 in
1099 2004 1221 2032 divinam
1240 2002 1352 2030 domum
1370 1998 1575 2035 ingrediuntur,
1593 1998 1620 2022 et
1642 1993 1675 2020 ad
1689 1991 1765 2020 Chri-

977 2057 1050 2080 stum
1069 2054 1231 2081 accurrunt,
1247 2047 1319 2083 apud
1332 2047 1420 2082 ipsum
1433 2043 1600 2073 manendum
1624 2047 1696 2070 CSSC,
1715 2045 1765 2065 IlCC

979 2099 1014 2127 ab
1026 2106 1058 2127 eo
1072 2095 1254 2126 secedendum
1267 2094 1300 2122 ad
1317 2095 1461 2128 peccatum
1478 2087 1658 2120 transeundo,
1675 2091 1722 2112 aut
1737 2085 1765 2114 in

980 2143 1201 2171 incredulitatem
1216 2147 1313 2168 rursus
1329 2137 1483 2173 migrando.

139 2192 183 2217 ἵνα
198 2190 279 2217 πάλιν
307 2188 477 2225 μανθάνωσιν
494 2189 518 2214 οἱ
553 2187 597 2215 διὰ
630 2188 746 2220 πίστεως
766 2190 806 2220 είς
833 2190 877 2216 τὸν
902 2190 973 2218 θεῖον
991 2191 1189 2221 εἰσελαύνοντες
1211 2186 1302 2220 οἷκον,
1324 2186 1371 2212 καὶ
1395 2184 1468 2219 αὑτῷ
1495 2180 1707 2218 προστρέχοντες
1729 2175 1768 2211 τῷ

139 2240 159 2245 υ
230 2237 243 2243 ε-
278 2238 289 2244 ..
376 2237 382 2245 1
513 2235 519 2245 ι
625 2236 631 2245 ν
658 2236 670 2241 -
747 2236 752 2244 ι
809 2237 815 2245 1
873 2237 893 2245 μ
950 2239 986 2245 ...
1070 2239 1082 2244 ..
1105 2238 1116 2245 ,ι
1193 2237 1201 2245 -ς
1222 2237 1247 2245 -ν
1290 2235 1302 2245 ,ι
1329 2233 1395 2245 --ι-
1415 2230 1550 2245 3...-.-t-..
1583 2225 1764 2245 luﬂnfwwtﬂc.

138 2237 258 2274 Χριστῷ,
277 2238 316 2264 ὅτι
339 2237 390 2272 χρὴ
416 2235 578 2272 προσμένειν
603 2236 687 2270 αὐτῷ,
712 2236 758 2263 καὶ
786 2237 823 2271 μὴ
846 2237 925 2264 πάλιν
944 2238 1149 2275 ἀλλοτριοῦσθαι
1162 2237 1258 2272 φιλεῖν,
1288 2235 1305 2270 ἢ
1328 2233 1395 2269 πρὸς
1413 2230 1550 2267 ἁμαρτίαν
1583 2225 1766 2255 ἐκϐαίνοντας,

140 2286 155 2320 ἧ
173 2283 422 2318 παλινδρομοῦντας
435 2283 474 2314 είς
487 2282 625 2309 ἀπιστίαν.

169 2324 230 2359 Ἠν
249 2331 385 2365 Ἀνδρέας
406 2331 422 2357 ὁ
438 2329 568 2364 ἀδελφὸς
588 2330 720 2364 Σίμωνος
742 2331 866 2365 Πέτρου,
884 2329 929 2365 εἷς
946 2335 967 2362 D

138 2379 171 2405 ἐκ
192 2377 251 2404 τῶν
262 2377 316 2404 δύο
334 2376 393 2403 τῶν
406 2375 601 2403 ἀκουσάντων
626 2376 705 2410 παρὰ
721 2375 865 2408 Ἰωάννου,
881 2377 930 2404 καὶ

139 2417 413 2455 ιὶιιολυυηησιίίτων
433 2420 532 2454 αὐτῷ’
548 2422 680 2455 εὑρίσκει
702 2418 791 2455 οὗτος
815 2425 930 2457 πρῶτος

139 2471 192 2497 τὸν
205 2469 340 2503 ἀδελφὸν
353 2468 406 2494 τὸν
424 2467 499 2494 ἴδιον
518 2467 644 2501 Σιζιιωνα,
661 2468 710 2494 καὶ
733 2469 813 2504 λέγει
831 2469 928 2502 αὐτῷ·

141 2515 318 2550 Εὑρήκαμεν
337 2514 389 2541 τὸν
403 2514 551 2546 Μεσσίαν,
566 2513 582 2540 ὅ
599 2514 664 2540 ἐστι
679 2515 929 2550 μεθερμηνευόμε-

140 2570 198 2613 rm:
219 2563 236 2588 ὁ
256 2559 394 2595 Χριστὸς,
416 2559 466 2587 καὶ
485 2559 596 2595 ἤγαγεν
609 2559 701 2586 αὑτὸν
719 2560 793 2595 πρὸς
806 2561 859 2588 τὸν
877 2561 929 2595 Ἰη-

141 2616 229 2635 σουν.

175 2654 209 2680 Οί
222 2653 352 2685 λαϐόντες
365 2652 427 2688 ἄρτι
441 2652 472 2679 τὸ
492 2651 631 2684 τάλαντον,
644 2652 725 2684 εὐθὺς
739 2652 786 2679 τοῦ
800 2652 929 2679 ταλάντου

141 2701 189 2737 τὴν
199 2700 331 2736 ἐργασίαν
342 2700 499 2734 ἐπάγονται,
512 2700 559 2726 καὶ
568 2699 607 2735 τῷ
619 2699 740 2735 Δεσπότῃ
752 2700 929 2735 προσάγουσι.

142 2747 273 2773 Τοιαῦται
297 2746 352 2781 γὰρ
375 2746 459 2777 ὅντως
479 2745 507 2772 αἱ
530 2745 655 2780 φιλήκοοί
675 2754 705 2772 τε
733 2746 780 2773 καὶ
802 2745 932 2781 εὐμαθεῖς

142 2792 259 2828 ὁρῶνται
271 2792 366 2827 ψυχαὶ,
388 2793 418 2818 οὐ
436 2791 548 2827 μακρῶν
571 2792 694 2827 δεόμεναι
713 2792 780 2827 πρὸς
800 2791 932 2826 ὠφέλειαν

144 2839 286 2875 ῥημάτων,
299 2837 358 2864 οὐδὲ
373 2838 401 2864 ἐν
416 2838 525 2869 κύκλοις
538 2838 615 2871 ἐτῶν,
628 2837 645 2873 ἢ
660 2838 752 2873 μηνῶν
772 2838 817 2865 τὸν
839 2839 870 2864 ὲκ
883 2837 932 2873 τῆς

182 2930 203 2946 ⁶¹
217 2929 318 2957 .lcrem.
340 2937 413 2962 xxxi,
432 2929 479 2956 54.

1017 2331 1038 2363 Ι,
1051 2319 1143 2362 40,“.
1156 2328 1221 2354 Erat
1233 2325 1354 2353 Andreas
1367 2324 1461 2358 frater,
1474 2319 1590 2349 Simonis
1601 2319 1685 2350 Petri,
1700 2325 1767 2344 unus

982 2385 1014 2405 ea:
1026 2375 1139 2406 duobus,
1151 2373 1195 2409 qui
1210 2371 1350 2399 audierant
1371 2377 1388 2396 a
1403 2367 1518 2400 Joanne,
1530 2371 1554 2392 et
1569 2364 1651 2392 secuti
1662 2363 1766 2397 fuerant

982 2431 1051 2450 eum.
1067 2419 1169 2447 Invenit
1182 2418 1223 2445 hic
1237 2417 1351 2452 primum
1365 2415 1476 2450 fratrem
1492 2419 1569 2439 suum
1588 2409 1732 2440 Simonem,
1743 2412 1767 2434 et

981 2469 1046 2496 dicit
1055 2467 1098 2494 ei:
1111 2465 1262 2493 Invenimus
1278 2463 1354 2498 131
1373 2459 1498 2487 Messium
1521 2455 1601 2492 (quod
1625 2458 1663 2482 est
1689 2454 1766 2480 inter-

980 2517 1114 2549 pretatum
1129 2509 1273 2544 Christus).
1285 2510 1319 2535 Et
1332 2504 1444 2533 adduxit
1461 2511 1519 2530 eum
1532 2501 1566 2528 ad
1581 2498 1683 2527 Iesum.

1015 2654 1068 2688 Qui
1096 2652 1228 2680 talentum
1260 2655 1347 2682 nuper
1376 2647 1552 2680 acceperant,
1582 2643 1643 2676 ejus
1674 2641 1767 2673 statim

981 2687 1117 2736 qumstum
1135 2696 1291 2724 uberiorem
1315 2691 1432 2720 Domino
1445 2689 1574 2718 oll‘crunt.
1598 2687 1678 2719 Tales
1695 2687 1767 2715 enim

983 2735 1106 2782 profecto
1130 2745 1196 2771 sunt
1220 2741 1273 2768 illa:
1287 2738 1417 2767 studiosa:
1439 2737 1548 2769 animze,
1568 2735 1669 2770 quibus
1698 2740 1768 2768 opus

986 2799 1043 2819 non
1064 2795 1107 2818 est
1119 2788 1214 2816 multis
1229 2786 1320 2814 verbis
1338 2789 1369 2812 ut
1382 2784 1556 2814 erudiantur,
1577 2788 1665 2816 neque
1687 2780 1769 2814 longe

987 2842 1121 2864 annorum
1139 2836 1186 2861 aut
1198 2831 1334 2859 mensium
1348 2828 1499 2861 curriculo,
1518 2832 1547 2855 ut
1565 2825 1698 2855 doctrinae
1711 2823 1770 2851 iruc
