2028 3118
251 187 306 215 2‘23

754 185 784 212 S.
804 185 940 212 Ci’i‘tiLLl
957 184 1193 211 ALEXANDRINI
1214 184 1371 212 AliCiilLP.
1829 188 1888 215 ἓΞΙ

231 234 439 279 conspicatum
461 251 533 271 esse.
563 243 630 270 Cum
659 243 731 270 enim
761 243 788 271 id
821 244 900 279 plane
931 246 1034 277 nosset,

1087 242 1231 277 γνώμενιι⁹
1255 243 1268 268 6
1289 243 1343 279 γὰρ
1359 243 1479 277 ἀκριϐῶς
1500 243 1549 279 ἤδη
1578 243 1682 279 μαθὼν,
1706 245 1754 272 καὶ
1775 245 1808 273 τὸ
1834 244 1887 273 σὺν

251 290 333 318 etiam
349 289 552 317 consectarium
569 288 648 317 facile
667 290 787 317 admisit.

286 335 307 366 1.
323 336 369 363 49.
387 335 530 368 Respondit
545 336 570 362 ei
586 334 756 370 Nat/iamut,
773 340 798 364 et
814 336 852 363 ait
868 344 877 364 :
891 335 991 369 Rabbi,
1009 339 1038 362 tu

251 389 278 408 es
294 379 382 407 Filius
395 380 455 415 Dei,
473 385 499 408 tu
512 389 539 408 es
551 380 606 408 Rex
617 380 715 408 Israel.

284 469 403 498 Noverat
420 469 506 505 probe
524 469 608 497 Deum
628 472 810 497 scrutatoretn
823 476 885 496 esse
899 468 1035 501 eordium,

251 523 302 543 nec
318 516 366 542 ulli
384 516 461 543 alteri
477 520 596 543 mentem
615 515 736 542 hominis
757 519 864 549 patere,
883 514 963 546 illud,
978 515 1037 549 opi-

251 568 314 593 nor,
330 560 484 588 Psalmistae
497 561 589 587 animo
605 560 766 587 revolvens:
782 569 791 584 ‹
808 558 942 587 Scrutans
955 559 1036 586 corda

251 611 278 634 et
293 614 374 634 rencs
390 606 461 634 Deus
480 607 513 634 ⁸⁷.
535 616 543 632 ι
563 605 641 638 Quod
658 606 730 632 enim
748 605 793 632 alii
811 605 876 632 nulli
894 612 974 639 quam
987 612 1036 632 na-

252 656 320 679 turae
331 652 431 679 divina:
443 652 516 679 istud
533 651 608 683 insit,
622 650 700 686 134.
715 656 845 685 tanquam
857 650 880 677 ei
895 650 1036 685 proprium

251 705 283 724 ac
293 698 435 732 peculiare
451 697 556 725 Psaltes
574 698 710 724 attribuit.
726 697 794 724 Cum
810 697 902 732 itaque
914 698 1037 725 animad-

251 744 377 770 vertisset
400 751 431 771 ea
460 744 576 771 Domino
598 748 693 779 patere
715 751 775 778 qua:
793 744 894 771 tacitus
918 744 988 779 apud
1007 751 1037 771 se

250 787 389 818 versabat,
408 788 569 822 magistrum
596 796 657 816 cum
677 788 751 815 illico
774 789 906 821 nominat,
923 789 1036 823 ejusque

251 833 403 868 disciplina:
427 834 510 861 alacri
532 839 622 861 mente
647 842 676 862 se
703 834 798 866 tradit,
818 834 971 870 Filiumque
991 834 1035 862 Dei

251 883 278 906 et
291 878 391 914 Regem
404 879 487 907 israel
498 888 559 908 esse
575 880 686 912 fatetur,
698 888 761 907 eum
777 881 871 915 utique
884 881 1035 908 secundum

1088 289 1162 324 αὐτῷ
1176 289 1292 324 ἑτοίμως
1307 290 1340 316 ἂν
1355 289 1535 325 παρεδέξατο.

1129 335 1281 369 Ἀπεκρίθη
1299 335 1472 369 Ναθαναὴλ,
1488 335 1537 362 καὶ
1556 335 1637 370 λέγει
1652 335 1733 368 αὐτῷ
1744 345 1751 352 ·
1772 337 1881 369 Ῥασσὶ,

1064 393 1067 395 -
1088 380 1128 407 σὺ
1154 378 1183 407 εἴ
1207 381 1223 407 ὁ
1251 380 1315 413 Υἱὸς
1334 380 1386 407 τοῦ
1405 380 1489 412 Θεοῦ,
1502 380 1543 407 σὺ
1562 381 1590 407 ετ
1615 382 1631 407 ὁ
1657 381 1809 415 Βασιλεὺς
1829 383 1882 409 τοῦ

1101 425 1223 460 Ισραήλ.

1123 471 1183 498 Οἷδε
1209 472 1288 506 μόνον
1315 473 1380 500 ὂντα
1400 472 1519 507 καρδιῶν
1547 472 1695 508 ἑρευνητὴν
1720 473 1766 499 τδν
1795 473 1878 505 Θεὸν,

1087 518 1175 544 οὖδενὶ
1200 517 1229 544 δὲ
1254 517 1340 553 ἑτέρῳ
1367 518 1413 544 τὸν
1438 517 1580 552 ἀνθρώπου
1604 518 1711 544 δίδωσιν
1733 518 1878 551 ἐξεπίστα-

1088 562 1149 589 σθαι
1174 562 1245 596 νοῦν,
1276 562 1306 589 τὸ
1335 563 1364 589 ὲν
1390 562 1515 597 Ψαλμοῖς
1534 563 1631 596 ἐκεῖνο,
1662 562 1733 590 κατὰ
1749 562 1780 589 τὸ
1793 563 1877 594 εἰκὸς,

1087 607 1296 642 ἐνθυμούμενος·
1325 616 1335 632 ‹
1355 607 1472 639 Ἐτάζων
1506 607 1618 642 καρῑὶας
1649 608 1695 634 καὶ
1724 608 1841 643 νεφροὺς
1865 609 1879 634 6

1087 653 1161 685 Θεός.
1178 663 1187 679 ι
1209 653 1252 684 Ὠς
1266 653 1320 688 γὰρ
1336 653 1421 679 οὐδενὶ
1439 653 1494 679 τῶν
1513 652 1600 691 ἄλλων
1623 653 1734 688 προσὸν,
1755 654 1825 690 μόνῃ
1843 656 1875 689 τῇ

1088 698 1148 734 θείᾳ
1165 698 1252 732 φύσει,
1277 699 1324 725 καὶ
1348 698 1427 725 τοῦτο
1449 698 1587 734 ἐξαίρετον
1603 700 1616 725 6
1637 699 1763 734 Μελῳδὸς
1782 700 1877 726 ἀνατέ-

1088 743 1187 770 θεικεν.
1214 743 1317 770 Οὐκοῦν
1341 744 1369 770 ὲν
1396 743 1543 778 ἀφθόγγοις
1566 743 1605 770 ἔτι
1630 743 1804 780 ψιθυρισμοῖς
1829 746 1878 782 sip;

1088 789 1213 815 ὑπόνοιαν
1226 788 1300 823 αὖτῷ
1319 789 1506 824 στρεφομένην
1520 788 1590 815 κατὰ
1617 788 1662 815 τὸν
1685 788 1745 816 νοῦν
1762 790 1879 825 ἐπείπερ

1087 833 1158 868 ἔγνω
1175 833 1327 869 θεωροῦντα
1351 833 1397 860 τὸν
1420 833 1532 869 Κύριον,
1552 832 1711 860 διδάσκαλον
1729 834 1779 869 μὲν
1795 834 1880 866 εὐθὺς

1088 879 1228 911 ἀποκαλεῖ,
1246 879 1394 915 προθύμως
1412 879 1462 914 ἤδη
1485 879 1534 914 τὴν
1560 880 1606 905 ὑπ’
1628 879 1702 914 αὐτῷ
1728 879 1880 914 μαθητείαν

252 929 377 952 naturam
395 933 457 954 esse
480 934 590 961 quoque
615 926 698 953 Deum
724 926 908 960 conﬁrmans,
930 927 956 954 in
981 935 1034 962 quo

1087 925 1239 958 εἰσϐαίνων,
1256 925 1323 951 Θεοῦ
1344 925 1372 951 δὲ
1388 925 1452 951 Υιδν
1475 925 1602 960 ὁμολογεῖ
1623 925 1669 951 καὶ
1694 924 1806 959 βασιλέα
1831 925 1880 952 τοῦ

251 970 366 999 Deitatis
382 972 563 1006 proprietates
577 972 754 1000 inexsistunt.

287 1104 307 1136 Ι,
328 1103 372 1131 50.
394 1104 535 1138 Respondit
546 1104 638 1137 Iesus,
650 1110 674 1132 et
687 1106 754 1132 dixit
767 1105 791 1132 ei
806 1114 813 1132 :
827 1106 895 1139 Quia
907 1107 964 1134 dixi
978 1107 1037 1140 tibi,

257 1149 316 1178 Vidi
337 1155 361 1177 Ie
372 1150 420 1177 sub
432 1151 496 1184 ﬁcu,
515 1151 598 1177 credis
612 1159 620 1177 .'
633 1153 736 1185 majora
752 1151 791 1178 Itis
807 1151 914 1179 ridebis.

284 1239 404 1267 Firmior
421 1239 477 1267 eris
493 1239 526 1266 ad
544 1239 623 1267 ﬁdem
635 1261 641 1272 ,
658 1239 763 1274 inquit,
788 1247 850 1267 eum
865 1240 909 1268 bis
933 1241 1036 1275 majora

248 1285 360 1313 videris.
377 1286 427 1318 Qui
441 1286 511 1312 enim
528 1286 573 1313 uni
591 1286 668 1320 signo
687 1286 814 1318 credidit,
829 1286 967 1320 quomodo
981 1294 1036 1314 non

250 1331 301 1358 erit
328 1332 407 1366 longe
435 1331 549 1365 ﬁrmior,
580 1340 642 1359 cum
660 1332 767 1367 potiora
791 1332 924 1359 miracula
950 1340 1036 1368 appa-

250 1377 358 1405 ruerint
371 1378 383 1404 ?

283 1464 305 1497 l,
326 1464 370 1492 5|.
390 1465 482 1497 Amen,
509 1474 583 1492 amen
607 1466 667 1493 dico
691 1466 778 1498 vobis,
801 1466 922 1494 videbitis
944 1467 1036 1493 cazlum

250 1517 378 1545 apertum,
395 1516 419 1538 et
434 1511 540 1546 angelos
554 1511 603 1538 Dei
618 1512 786 1539 ascendentes
805 1517 830 1540 et
852 1512 1035 1540 descendentes

249 1565 329 1592 supra
342 1556 442 1584 Filium
453 1558 577 1585 hominis.

284 1643 343 1670 Jam
369 1644 402 1671 ad
417 1652 512 1672 omnes
536 1645 690 1672 orationem
707 1644 844 1672 convertit
862 1652 915 1678 qua
931 1643 1036 1671 Natba-

249 1689 336 1716 naelis
352 1689 431 1717 ﬁdem
447 1691 601 1717 conﬁrmat.
618 1691 686 1717 Cum
705 1695 793 1717 autem
817 1691 926 1725 angelos
948 1691 1034 1718 risum

250 1735 285 1762 iri
299 1737 346 1768 ait,
367 1737 547 1764 ascendentes
571 1744 602 1764 ac
620 1737 818 1764 descendentes
833 1744 914 1771 super
936 1736 1034 1763 Filium

250 1781 387 1814 hominis,
405 1782 455 1809 hoc
476 1786 517 1809 est
535 1782 736 1814 ministrantes,
752 1785 779 1809 et
808 1782 943 1810 mandatis
961 1783 1034 1816 cjus,

250 1826 284 1853 ad
300 1827 416 1854 salutem
432 1835 527 1854 eorum
539 1828 586 1862 qui
602 1827 733 1854 credituri
752 1831 827 1860 sunt,
840 1827 1033 1862 obsequentes,

249 1877 316 1900 tunc
332 1874 449 1901 maxime
462 1882 491 1900 se
506 1878 604 1900 natura
618 1873 666 1900 Dei
682 1874 781 1900 Filium
792 1881 852 1900 esse
864 1874 1036 1901 demonstra-

249 1922 307 1945 tum
329 1919 361 1946 iri
380 1919 525 1954 signiﬁcat.
545 1919 604 1946 Non
623 1919 695 1947 enim
717 1919 769 1948 sibi
789 1924 882 1947 mutuo
896 1920 1036 1954 spiritales

248 1965 302 1991 illa:
318 1966 443 1996 virtutes,
462 1965 509 1992 sed
533 1965 588 1992 Deo
604 1970 680 1993 certe
707 1966 841 1993 serviunt.
867 1965 946 1998 Quod
971 1974 1034 1994 cum

249 2010 369 2037 dicimus
385 2018 479 2037 earum
508 2011 709 2046 subjectiouem
738 2019 793 2038 non
817 2012 939 2040 tollimus
957 2021 964 2039 z
986 2021 1035 2040 nec

248 2057 322 2084 enim
343 2051 666 2093 servitutemquisquam
686 2061 762 2085 recte
779 2065 844 2084 sane
858 2057 957 2085 dixerit
976 2068 982 2086 :
1001 2059 1035 2086 de

248 2102 359 2129 Christo
374 2111 439 2130 vero
455 2103 543 2130 sancti
565 2104 739 2139 evangelista:
763 2104 901 2136 scribunt,
925 2105 1035 2139 angelos

249 2149 282 2176 ad
305 2148 478 2176 Servatorem
502 2150 643 2177 Christum
664 2149 827 2182 accessisse,
854 2154 880 2178 et
904 2151 929 2178 ei
955 2152 1036 2179 mini-

250 2200 354 2224 strasse
371 2196 404 2222 ⁵⁸.

1094 971 1211 1006 Ἰσραὴλ,
1224 967 1301 1006 ᾧπερ
1316 971 1348 997 ἂν
1365 970 1512 1005 ἐνυπάρχοι
1538 970 1572 997 τὰ
1594 971 1643 1006 τῆς
1667 970 1798 1006 θεότητος
1813 971 1879 1003 ἴδια,

1087 1017 1180 1044 τοῦτον
1193 1015 1262 1043 εἶναι
1282 1017 1388 1048 πάντως
1404 1017 1451 1043 καὶ
1465 1016 1534 1043 κατὰ
1550 1016 1631 1051 φύσιν
1646 1017 1712 1043 Θεὸν
1732 1017 1879 1044 εὐπαιδεύ-

1087 1071 1141 1094 τως
1154 1062 1401 1096 διαϐεϐαιούμενος.

1123 1108 1276 1142 Ἀπεκρίθη
1294 1107 1419 1141 Ἰησοῦς,
1435 1107 1483 1134 και
1504 1105 1589 1134 εἶπεν
1601 1106 1697 1140 αὑτῷ⁶
1716 1108 1777 1134 Ὅτι
1791 1106 1881 1135 εἶπόν

1087 1162 1147 1186 σοι,
1159 1154 1203 1180 ὅτι
1216 1151 1299 1180 εἶδόν
1310 1161 1347 1180 σε
1359 1153 1498 1180 ὑποκάτω
1514 1151 1569 1186 τῆς
1585 1151 1693 1186 συκῆς,
1710 1154 1878 1186 πιστεύεις·

1085 1198 1170 1233 μείζω
1186 1199 1298 1225 τούτων
1313 1198 1389 1232 ὄψει.

1128 1244 1341 1279 ’Λσφαλὲστερος
1358 1243 1406 1278 ἔσῃ
1421 1243 1489 1278 πρὸς
1511 1243 1612 1275 πίστιν,
1629 1243 1720 1279 φησὶν,
1737 1244 1801 1271 ὅταν
1822 1244 1881 1281 ἴδῃς

1087 1290 1120 1316 τὰ
1133 1289 1234 1316 τούτων
1251 1289 1376 1324 μείζονα·
1394 1291 1408 1316 6
1423 1289 1477 1325 γὰρ
1495 1289 1535 1315 ἐνὶ
1552 1289 1658 1324 σημείῳ
1673 1288 1879 1322 πεπιστευκὼς,

1088 1336 1146 1367 πῶς
1166 1335 1216 1361 οὐκ
1243 1335 1318 1362 ἔσται
1340 1335 1449 1366 πάντως
1476 1334 1519 1361 διὰ
1544 1334 1648 1360 πολλῶν
1674 1336 1703 1361 ὲν
1728 1335 1879 1370 ἀμείνοσιν,

1087 1382 1149 1408 ὅταν
1163 1381 1195 1417 δὴ
1216 1381 1332 1416 μάλιστα
1351 1381 1488 1415 φαίνοιντο
1505 1379 1558 1406 τῶν
1577 1380 1627 1415 ήδη
1645 1379 1881 1414 τεθαυμασμένων

1087 1427 1246 1461 ἀξιολογώτε
1251 1435 1284 1462 ρα

1128 1471 1226 1506 Ἀμὴν,
1246 1471 1327 1506 ἀμὴν
1343 1470 1421 1506 λέγω
1447 1470 1529 1505 ὑμῖν,
1544 1470 1657 1504 ὄψεσθε
1677 1470 1730 1496 τὸν
1748 1469 1881 1504 οὐρανὸν

1087 1518 1245 1552 ἀνεῳγότα,
1265 1517 1314 1543 καὶ
1336 1517 1406 1549 τοὺς
1427 1516 1574 1551 ἀγγέλους
1590 1515 1642 1542 τοῦ
1664 1515 1738 1543 Θεοῦ
1756 1515 1880 1544 ἀναϐαί-

1087 1571 1195 1596 νοντας
1208 1563 1256 1590 καὶ
1272 1563 1506 1595 καταϐαίνοντας
1522 1561 1571 1589 ἐπὶ
1590 1562 1642 1588 τὸν
1663 1561 1732 1588 mw
1752 1561 1806 1589 τοῦ
1825 1563 1880 1589 dr-

1087 1608 1214 1642 θρώπου.

1122 1654 1216 1686 Κοινὸς
1237 1654 1287 1689 ἤδη
1312 1654 1380 1689 πρὸς
1405 1653 1507 1685 πάντας
1530 1654 1544 1680 6
1569 1653 1647 1685 λόγος
1671 1653 1880 1688 ἑπισφραγὶζωθ

1086 1699 1132 1727 τοῦ
1150 1700 1293 1735 Ναθαναὴλ
1312 1700 1360 1734 τὴν
1381 1700 1481 1727 πίστιν.
1507 1699 1650 1733 Ἀγγέλους
1668 1698 1696 1725 δὲ
1713 1698 1880 1734 ὸφθὴσεεθαι

1085 1745 1171 1780 λέγων
1186 1746 1240 1772 ἄνω
1255 1754 1284 1771 τε
1309 1745 1355 1772 καὶ
1375 1745 1449 1772 κάτω
1466 1745 1610 1780 τρέχοντας
1627 1745 1672 1771 ἐπὶ
1690 1744 1735 1771 τὸν
1752 1744 1817 1770 Υἱὸν
1832 1744 1879 1770 τοῦ

1086 1791 1239 1826 ἀνθρώπου,
1251 1791 1323 1817 τοῦτ’
1343 1791 1426 1822 ἐστιν,
1453 1790 1654 1826 ὑπηρετοῦντας
1670 1791 1718 1816 καὶ
1737 1790 1879 1817 διακονου-

1088 1837 1184 1873 μένους
1198 1839 1254 1869 τοῖς
1272 1838 1354 1864 αὑτοῦ
1368 1838 1562 1871 διατάγμασιν,
1578 1837 1617 1868 εἰς
1633 1836 1681 1871 τὴν
1698 1836 1753 1863 τῶν
1767 1835 1879 1871 μελλόν-

1085 1893 1140 1911 των
1155 1884 1290 1911 πιστεύειν
1307 1884 1457 1919 σωτηρίαν,
1473 1883 1534 1909 τότε
1546 1882 1578 1918 δὴ
1591 1883 1708 1918 μάλιστα
1723 1882 1790 1909 Θεοῦ
1808 1882 1881 1909 κατὰ

1086 1929 1166 1963 φύσιν
1182 1930 1310 1965 ὑπάρχων
1327 1929 1391 1960 Υἱὸς
1406 1927 1648 1963 ἀναδειχθήσεσθαί
1665 1937 1757 1963 φησιν.
1773 1928 1811 1954 υὺ
1826 1927 1880 1964 γὰρ

1085 1976 1214 2011 ἀλλήλαις
1232 1976 1260 2002 αἱ
1282 1975 1390 2009 λογικαὶ
1413 1975 1552 2009 δυνάμεις,
1567 1974 1626 2010 Θεῷ
1646 1975 1674 2001 δὲ
1694 1975 1803 2006 παντως
1817 1974 1880 2001 δου-

1085 2020 1218 2047 λεύουσιν.
1240 2020 1297 2047 Οὺκ
1318 2021 1424 2055 ἀναιρεῖ
1446 2019 1472 2046 δὲ
1494 2021 1508 2046 6
1532 2019 1609 2054 λόγος
1632 2019 1680 2054 τὴν
1701 2019 1730 2045 ἐν
1753 2018 1881 2054 ἀγγέλοις

1086 2066 1227 2100 ὑποταγήν
1237 2073 1244 2080 ·
1260 2065 1320 2092 οὐδὲ
1340 2065 1394 2100 γὰρ
1409 2065 1442 2092 ἂν
1463 2066 1580 2099 εὐλόγως
1599 2065 1678 2091 τοῦτο
1692 2064 1801 2091 καλοῖτο
1816 2065 1881 2092 δου-

1085 2111 1161 2138 λεία·
1185 2111 1342 2146 ἀκηκόαμεν
1367 2110 1395 2136 δὲ
1419 2110 1462 2137 διὰ
1482 2111 1535 2138 τῶν
1559 2111 1643 2145 ἁγίων
1662 2110 1878 2144 εὐαγγελιστῶν,

1085 2156 1181 2191 ὅτιπερ
1195 2155 1305 2190 ἄγγελοι
1326 2155 1477 2190 προσῆλθον
1496 2155 1535 2191 τῷ
1557 2155 1662 2191 Σωτῆρι
1686 2154 1807 2190 Χριστῷ,
1833 2156 1881 2182 καὶ

1087 2202 1226 2236 διηκόνουν
1240 2201 1323 2237 αὐτῷ.

284 2240 318 2273 li,
341 2241 399 2267 1-4.
423 2241 456 2267 Et
474 2241 514 2268 die
532 2241 608 2268 tertia
630 2242 728 2276 nuptia:
747 2242 825 2276 [actm
842 2247 901 2268 sunt
917 2243 943 2269 in
960 2241 1034 2269 Cana

1123 2248 1177 2275 Καὶ
1194 2247 1232 2282 τῇ
1244 2248 1337 2282 ἡμέρᾳ
1349 2248 1386 2282 τῇ
1399 2248 1481 2282 τρίτῃ
1507 2247 1599 2282 γάμος
1618 2246 1736 2281 ἐγένετο
1748 2247 1784 2273 ἐν
1797 2245 1880 2279 Κανᾶ

251 2286 371 2314 Galilwm
385 2294 394 2313 :
409 2291 432 2314 et
447 2292 504 2314 erat
519 2292 603 2314 mater
616 2287 681 2314 Jesu
697 2288 743 2314 ibi.
761 2287 876 2315 Vocatus
891 2295 929 2316 est
947 2294 1034 2316 anteiit

249 2338 274 2360 et
289 2332 367 2360 Jesus
388 2337 412 2360 et
433 2333 555 2367 discipuli
573 2333 630 2367 ejus
648 2333 682 2360 ad
700 2334 804 2367 nuptias
820 2354 826 2360 .
849 2338 874 2361 et
898 2334 1036 2368 deficiente

250 2379 319 2410 vino,
336 2379 399 2406 dicit
415 2383 500 2406 muter
513 2379 578 2406 Iesu
597 2380 631 2406 ad
643 2388 700 2406 eum
715 2387 724 2406 :
742 2379 847 2413 Vinum_
859 2389 910 2408 non
929 2381 1033 2409 habent.

251 2425 284 2452 Ει
300 2426 365 2452 dicit
380 2426 404 2453 ei
421 2425 510 2453 Jesus.

285 2512 443 2549 Opportune
459 2515 491 2541 ad
509 2514 640 2549 patranda
653 2515 784 2543 miracula
799 2516 925 2546 Christus
939 2526 1033 2554 aggre-

250 2558 333 2593 ditur,
349 2559 411 2587 licet
427 2559 540 2588 fortuito
561 2561 594 2588 ad
617 2569 648 2589 ea
671 2567 783 2591 vocatus
810 2563 942 2592 videatur.
966 2565 1033 2593 Nam

250 2611 311 2631 cum
339 2605 441 2640 nuptiae
461 2606 678 2640 celebrarentur,
704 2613 779 2637 caste
796 2610 926 2638 nimirum
941 2612 966 2639 'et
983 2612 1033 2639 lto-

250 2656 337 2683 neste,
351 2651 428 2679 adest
447 2653 556 2687 quidem
572 2658 659 2682 mater
681 2654 846 2690 Servatoris,
865 2657 911 2684 sed
929 2661 956 2685 et
975 2666 1033 2693 Ipse

251 2696 329 2736 135
343 2705 397 2724 una
414 2705 475 2725 cum
491 2699 634 2734 discipulis
651 2701 708 2728 suis
725 2701 856 2730 invitatus
870 2703 961 2736 venit,
977 2711 1032 2731 non

250 2746 304 2769 tam
330 2743 492 2778 epulaturus
514 2753 594 2780 quam
625 2750 655 2773 ut
682 2746 844 2774 miraculum
869 2748 980 2781 iaceret,
1001 2757 1033 2777 ac

251 2792 380 2822 praeterea
396 2790 580 2824 generationis
596 2791 722 2820 humana:
739 2793 904 2829 principium
927 2795 1031 2822 sancti-

250 2833 354 2867 llraret,
374 2836 444 2871 quod
460 2836 493 2864 ad
513 2845 623 2864 carnem
650 2838 778 2866 nimirum
795 2839 902 2868 attinet.
932 2840 1035 2868 Conve-

285 2915 306 2930 "
323 2914 396 2944 i‘sal.
418 2925 464 2950 vn,
483 2917 525 2944 10.
565 2919 586 2934 θ’
601 2918 695 2945 Matth.
713 2927 748 2951 Iv,
768 2920 811 2947 ii.

1088 2293 1142 2327 τῆς
1157 2294 1329 2325 Γαλιλαίας,
1346 2294 1394 2321 καὶ
1406 2292 1446 2328 ἦν
1460 2294 1478 2328 ἠ
1491 2293 1590 2328 μήτηρ
1611 2293 1663 2320 τοῦ
1687 2292 1789 2326 Ἰησοῦ
1806 2292 1878 2320 ἐκεῖ.

1093 2338 1223 2373 Ἐκλήθη
1245 2339 1279 2366 δὲ
1303 2339 1351 2366 καὶ
1367 2341 1382 2366 ὁ
1402 2339 1523 2373 Ἰησοῦς
1535 2338 1583 2365 καὶ
1603 2339 1629 2364 οἰ
1642 2338 1769 2373 μαθηταὶ
1783 2338 1878 2364 αὐτοῦ

1085 2386 1128 2418 εἰς
1145 2384 1198 2411 τὸν
1211 2385 1315 2420 γάμον,
1332 2385 1381 2412 καὶ
1403 2384 1629 2419 ὑστερήσαντος
1646 2384 1741 2416 οἶν-ου,
1759 2383 1841 2418 λέγει
1859 2383 1878 2417 ἡ

1084 2429 1180 2465 μήτηρ
1195 2430 1247 2458 τοῦ
1267 2431 1362 2464 Ἰησοῦ
1376 2431 1451 2465 πρὸς
1464 2429 1568 2462 αὑτὸν,
1588 2428 1677 2456 Οἶνον
1691 2430 1746 2456 οὐκ
1759 2429 1876 2464 ἕνουσι.

1086 2476 1140 2503 Καὶ
1153 2476 1234 2511 λέγει
1250 2476 1326 2511 αὐτῇ
1341 2478 1357 2503 ὁ
1378 2475 1501 2510 Ἰησοῦς.

1121 2521 1289 2557 Εὐαφὸρμως
1313 2522 1421 2556 ἔρχεται
1440 2520 1532 2547 λοιπὸν
1552 2519 1598 2546 ἐπὶ
1622 2519 1670 2555 τὴν
1687 2518 1741 2546 τῶν
1757 2518 1878 2554 σημείων

1085 2567 1181 2603 ἀρχὴν,
1196 2568 1220 2594 εί
1236 2568 1283 2594 καὶ
1297 2567 1453 2603 ἀϐουλήτως
1471 2566 1557 2593 ὲδόκει
1579 2564 1720 2592 καλεῖσθαι
1744 2564 1812 2599 πρὸς
1829 2564 1878 2592 αὑ-

1085 2614 1150 2648 τήν·
1176 2613 1355 2649 πανηγύρεως
1377 2614 1431 2649 γὰρ
1452 2613 1502 2648 τῆς
1528 2612 1574 2638 ἐπὶ
1596 2611 1678 2646 γάμῳ
1702 2610 1876 2646 τελουμένης,

1085 2658 1165 2693 δῆλον
1188 2659 1215 2685 δὲ
1231 2659 1315 2694 δήπου
1344 2658 1452 2690 πάντως
1473 2659 1513 2684 ὅτι
1543 2657 1660 2692 σεμνῶς,
1687 2656 1804 2692 πάρεστι
1828 2657 1876 2692 μὲν

1085 2704 1131 2730 τοῦ
1148 2705 1272 2740 Σωτῆρος
1285 2705 1300 2740 ή
1320 2705 1422 2740 μήτηρ,
1437 2702 1604 2738 κεκλημένος
1618 2702 1646 2729 δὲ
1657 2702 1704 2729 καὶ
1721 2702 1802 2733 αὐτὸς
1820 2703 1877 2733 τοῖς

1085 2750 1195 2781 οἰκείοις
1223 2751 1424 2784 amatam/siut
1459 2749 1592 2784 μαθηταῖς
1626 2748 1876 2783 θαυματουργήσων

1088 2795 1196 2831 μᾶλλον,
1217 2796 1289 2831 ἢπερ
1308 2795 1506 2830 ἑστιασόμενος,
1524 2794 1564 2820 ἔτι
1589 2801 1618 2820 τε
1640 2793 1708 2828 πρὸς
1723 2801 1811 2828 τουτῳ
1831 2792 1876 2818 καὶ

1089 2841 1173 2877 αὐτὴν
1189 2842 1309 2876 ἁγιάσων
1326 2842 1374 2877 τῆς
1394 2841 1536 2876 ἀνθρώπου
1554 2839 1687 2874 γενέσεως
1700 2840 1750 2875 τὴν
1769 2839 1875 2875 ἀρχήν·
1891 2867 1896 2872 ,
