2028 3118
135 178 189 206 225

653 174 684 201 IN
698 173 840 203 JtlANNiS
856 173 1079 203 EVANGELIUM
1096 175 1159 203 LIB.
1181 176 1212 203 ll.

1706 181 1760 208 226

137 233 197 259 ὅσον
209 232 238 260 δὲ
251 229 319 267 ἧκεν
333 232 374 263 εἰς
390 231 439 267 τὴν
455 231 553 266 σάρκα,
576 232 754 266 φαμέν.“Έδει
773 231 827 267 γὰρ
843 232 926 267 αὐτὴν

981 231 1070 258 aiebat
1086 232 1159 258 enim
1177 237 1206 259 ut
1220 233 1267 267 qui
1284 237 1409 262 naturam
1433 235 1518 270 ipsam
1535 235 1655 265 hominis
1676 245 1758 266 reno-

135 278 185 314 τὴν
209 277 355 313 ἀνθρώπου
379 276 459 312 φύσιν
484 276 775 312 ἀνακεφαλαιούμενον,
801 278 846 304 καὶ
863 277 925 313 ὃλην

136 321 360 354 ἀνασκευάζοντα
380 321 447 358 πρὸς
462 321 492 348 τὸ
514 323 634 357 ἄμεινον,
651 323 687 358 μὴ
708 324 787 357 μόνον
803 324 858 354 τοῖς
876 323 925 358 ἢδη

137 368 205 404 πρὸς
219 368 250 394 τὸ
263 367 382 402 ὑπάρξαι
395 368 571 403 κεκλημένοις
585 369 721 404 διανέμειν
731 369 780 404 τὴν
792 368 925 402 εὐλογίαν,

137 414 205 440 ἀλλὰ
217 413 264 440 καὶ
280 415 337 445 τοῖς
353 413 414 440 ὅσον
433 414 537 440 οὐδέπω
555 413 762 449 τεχθησομένοις
778 422 925 449 προευτρε-

138 459 227 492 πίζειν
243 459 293 494 τὴν
305 459 396 495 χάριν,
422 459 468 486 καὶ
493 459 572 493 ἁγίαν
588 459 675 486 αὐτῶν
691 459 861 494 καταστῆσαι
879 459 927 495 τὴν

138 506 178 537 εἰς
191 505 222 531 τὸ
239 502 309 532 εἶναι
326 505 452 542 πάροδον.
477 505 531 531 Καὶ
556 504 650 540 τρίτην
675 505 722 531 ἐπὶ
741 504 828 540 τούτῳ
850 505 927 540 δέχου

138 551 186 585 τὴν
202 551 361 585 ἀπολογίαν.
379 550 478 586 Εἲρητό
495 559 545 577 που
561 551 627 586 πρὸς
651 550 700 585 τὴν
714 551 830 584 γυναῖκα
852 550 928 586 παρὰ

138 597 206 623 Θεοῦ
216 605 222 612 ·
245 606 254 622 ι
278 597 322 622 Ἐν
337 596 436 628 λύπαις
450 595 513 632 τέξῃ
528 596 624 622 τέκνα·
645 606 654 622 ι
670 596 729 628 πῶς
745 594 791 623 οὖν
813 596 866 622 ἔδει
881 596 929 622 καὶ

139 640 240 675 ταύτην
255 641 328 676 ἡμᾶς
344 639 565 676 ἀποκρούσασθαι
590 640 639 676 τὴν
663 640 733 675 ἀρὰν
746 660 753 671 ,
773 639 789 674 ἢ
814 639 872 670 πῶς
895 639 928 666 ἂν

140 686 240 721 ἑτέρως
273 685 414 720 διαφυγεῖν
451 685 711 720 καταδεδικασμένον
743 686 788 712 τὸν
821 686 927 720 γὰμον;

141 732 240 758 Ἒλυσε
263 732 309 758 καὶ
333 731 410 758 τοῦτο
435 731 622 767 φιλάνθρωπος
639 731 675 757 ὢν
692 733 705 758 ὀ
722 732 828 766 Σωτήρ.
850 731 926 757 Τετε-

142 786 212 812 μηκε
229 779 262 813 τῇ
277 777 413 814 παρουσίᾳ
426 778 470 804 τὸν
483 777 583 812 γάμον,
598 779 614 812 ἡ
630 777 736 804 πάντων
752 777 868 812 εὐθυμία
881 777 929 804 καὶ

140 824 221 859 χαρὰ,
250 824 295 850 ἴνα
325 824 375 857 τῆς
397 823 570 858 τεκνογονίας
597 823 647 858 τὴν
672 822 788 857 ἀρχαίαν
816 822 927 857 ἐξελάσῃ

140 869 308 904 κατήφειαν·
324 878 333 894 ι
349 868 382 895 Εἴ
396 877 437 900 τις
453 869 507 903 γὰρ
523 869 551 894 ὲν
568 867 688 904 Χριστῷ,
703 867 782 902 καινὴ
799 868 894 898 κτίσις.
916 876 925 892 ι

978 281 1092 303 raturus
1110 283 1142 302 ac
1157 281 1240 304 totam
1260 277 1286 304 in
1304 279 1442 306 meliorem
1461 284 1563 307 statum
1580 286 1760 311 revocaturus

977 325 1047 353 erat,
1064 329 1117 350 non
1130 323 1218 350 solum
1242 323 1334 358 iis'qui
1358 324 1414 358 jam
1429 325 1456 352 iu
1470 330 1561 354 ortum
1580 328 1668 354 vocali
1683 332 1761 356 erant

977 366 1196 395 benedictionem
1213 369 1409 403 impertirctur,
1427 371 1472 398 sed
1491 377 1518 398 et
1535 372 1569 400 iis
1589 381 1696 408 quoque
1713 382 1760 409 qui

978 417 1071 447 postea
1092 414 1225 441 nascituri
1254 420 1345 442 essent
1373 415 1489 450 gratiam
1521 423 1713 451 praestrueret,
1733 423 1762 447 et

978 466 1073 485 eorum
1090 463 1181 485 ortum
1200 464 1325 487 sanctum
1341 460 1469 487 elliceret.
1485 459 1570 488 Porro
1588 464 1694 490 tertiam
1712 465 1761 492 tibi

978 504 1050 531 hanc
1072 505 1170 532 habeto
1191 505 1338 532 rationem.
1359 504 1464 532 Dictum
1483 510 1524 533 est
1535 507 1635 535 alicubi
1653 510 1685 536 ad
1702 518 1762 538 mu-

979 549 1072 576 lierem
1090 557 1103 575 a
1124 549 1198 577 Deo:
1217 549 1249 576 In
1270 549 1360 576 dolore
1381 551 1468 584 paries
1487 551 1601 585 ﬁlias".
1620 552 1762 584 Quomodo

977 594 1061 629 igitur
1071 594 1141 621 hanc
1153 601 1168 620 a
1179 594 1259 622 nobis
1267 595 1484 622 exsecrationem
1497 595 1596 629 depelli
1608 597 1762 631 oportebat,

978 643 1026 666 aut
1055 648 1173 675 quanam
1206 640 1258 667 alia
1292 642 1399 667 ratione
1428 641 1624 669 condemnatus
1654 643 1764 677 nuptias

980 686 1064 714 vitare
1079 687 1194 713 licebat?
1211 686 1283 713 Istud
1307 687 1388 714 etiam
1407 687 1490 714 solvit
1509 688 1651 720 Servator,
1674 689 1764 715 homi-

979 739 1044 758 num
1062 732 1276 759 amantissimus.
1307 731 1454 760 Praesentia
1479 740 1529 760 sua
1548 733 1658 768 nuptias
1681 734 1765 761 coho-

979 777 1167 811 nestavit,ipse
1183 777 1311 812 gaudium
1329 780 1355 804 et
1376 777 1469 804 laetitia
1487 785 1549 804 cum
1566 779 1601 806 sit
1619 779 1764 806 universo-

978 828 1051 852 rum,
1065 825 1093 847 ut
1113 825 1230 847 veterem
1243 825 1339 855 partus
1358 821 1498 849 tristitiam
1514 822 1662 857 depelleret
1681 833 1687 850 :
1705 832 1714 848 (
1734 823 1765 850 Si

979 866 1036 900 quis
1051 866 1118 892 enim
1132 866 1158 892 in
1172 865 1286 898 Clu-isto,
1304 874 1369 893 nova
1382 872 1506 893 creatura
1529 872 1578 895 est.
1600 878 1609 894 ι
1628 867 1674 900 Ει,
1687 877 1696 894 ι
1715 868 1765 896 Ve-

139 915 205 946 Καὶ,
222 925 232 941 ‹
253 915 294 942 Τὰ
318 915 419 951 ἀρχαῖα
444 914 590 949 παρῆλθεν,
608 923 617 939 ι
634 913 671 944 ὡς
693 914 706 940 ὁ
722 913 827 944 Παῦλος
852 922 927 948 φησι,

982 915 1039 938 tera
1051 911 1231 942 transierunt,
1249 921 1258 937 ι
1278 916 1306 938 ιιι
1319 911 1421 939 Paulus
1437 912 1536 946 inquit,
1552 922 1562 938 ‹
1578 917 1604 940 et
1619 913 1690 941 facta
1700 919 1764 942 sunt

143 971 151 986 ι
169 961 264 995 γέγονε
292 961 320 987 δὲ
343 961 433 988 καινά.
456 970 465 986 ι
487 961 615 996 Ἔρχεται
630 960 772 995 τοιγαροῦν
788 960 854 995 ὁμοῦ
876 961 930 991 τοῖς

139 1006 249 1038 οἰκείοις
265 1006 400 1042 μαθηταῖς
425 1007 464 1038 είς
488 1006 532 1032 τὸν
547 1006 651 1041 γάμον·
668 1005 722 1031 ἔδει
741 1006 794 1040 γὰρ
806 1005 931 1040 παρεῖναι

139 1051 178 1086 τῷ
191 1050 392 1086 θαυματουργῷ
406 1051 466 1081 τοὺς
481 1050 534 1077 τῶν
554 1049 710 1085 παραδόξων
725 1049 929 1084 φιλοθεάμονας,

139 1097 243 1132 τροφήν
260 1105 322 1123 τινα
337 1095 430 1130 ὥσπερ
449 1097 482 1130 τῇ
500 1096 528 1122 ὲν
543 1096 634 1126 αὐτοῖς
656 1095 744 1121 πίστει
759 1094 932 1127 ουλλέξοντας

139 1139 169 1165 τὸ
198 1139 370 1174 τελούμενον.
397 1139 506 1173 Ἐπειδὴ
535 1139 563 1165 δὲ
592 1137 662 1171 οἶνος
689 1139 841 1166 ἐπιλέλοιπε
870 1141 932 1172 τοὺς

140 1186 333 1221 ἑστιωμένους,
348 1186 394 1212 ἐπὶ
417 1186 465 1221 τὴν
482 1185 583 1221 συνήθη
611 1186 814 1221 φιλανθρωπίαν
831 1187 931 1221 ἀγαθὸν

140 1233 204 1258 ὄντα
225 1232 271 1258 τὸν
293 1233 423 1268 Κύριονή
439 1233 529 1267 μήτηρ
555 1232 665 1259 ἐκάλεσε
685 1233 810 1267 λέγουσα“
830 1242 839 1258 ι
856 1232 932 1261 Οἶνον

140 1277 190 1302 οὐκ
207 1275 330 1310 ἔχουσιν·
354 1286 363 1302 ι
378 1276 414 1308 ὡς
434 1277 488 1311 γὰρ
502 1277 560 1303 ἐνὸν
580 1277 622 1302 ἐπ’
634 1277 766 1309 ἐξουσίαις
785 1278 857 1313 αὐτῷ
879 1279 932 1305 πᾶν

140 1321 208 1356 ὅπερ
224 1321 257 1347 ἂν
273 1321 392 1355 βούλοιτο
407 1322 503 1353 ποιεῖν,
525 1322 564 1353 είς
581 1321 610 1347 τὸ
629 1321 721 1356 θαῦμα
738 1322 894 1358 προτρέπει.

179 1368 210 1393 Τί
221 1367 287 1402 ἐμοὶ
308 1368 357 1394 καὶ
377 1367 436 1399 σοὶ,
447 1368 533 1402 γύναι
545 1376 554 1399 ;
568 1367 649 1393 οὔπω
671 1367 734 1401 ἥκει
755 1368 774 1402 ἡ
793 1367 852 1401 ὥρα
863 1377 930 1403 μου.

178 1454 295 1490 Ἀρίστα
310 1455 356 1481 καὶ
367 1454 461 1481 τοῦτον
481 1455 547 1490 ἡμῖν
561 1454 606 1480 τὸν
620 1454 698 1488 λόγον
713 1454 726 1480 ὁ
742 1454 836 1490 Σωτὴρ
850 1455 932 1490 ἐσχη-

142 1501 282 1535 ματίζετο.
308 1501 344 1527 Οὐ
367 1500 421 1536 γὰρ
440 1500 493 1526 ἔδει
521 1501 649 1536 δρομαῖον
675 1495 722 1527 ἐπὶ
742 1500 771 1526 τὸ
793 1501 930 1535 πράττειν,

140 1546 240 1579 ἐλθεῖν,
256 1546 315 1573 οὐδὲ
327 1547 472 1581 αὐτόμολον
484 1546 578 1581 ὥσπερ
590 1546 702 1582 ὁρᾶσθαι
716 1547 930 1582 θαυματουργὸν,

141 1593 308 1628 κεκλημένον
323 1592 350 1619 δὲ
364 1592 440 1627 μόλις
456 1592 501 1618 ἐπὶ
519 1592 597 1618 τοῦτο
611 1591 738 1626 βαδίζειν,
754 1592 800 1618 καὶ
811 1594 843 1627 τῇ
853 1592 932 1627 χρείᾳ

143 1638 336 1672 μᾶλλον,ήπερ
351 1639 407 1669 τοῖς
421 1637 520 1672 ὁρῶσιν
537 1637 674 1663 ἐπιδοῦναι
690 1637 738 1672 τὴν
753 1637 841 1673 χάριν.
854 1638 933 1664 Δοκεῖ

140 1685 169 1711 δέ
184 1693 243 1716 πως
262 1683 331 1712 εἶναι
347 1685 394 1711 κοιλ⁴
418 1684 582 1720 χαριεστέρα
597 1684 650 1710 τῶν
668 1683 841 1718 ποθουμένων
860 1684 932 1719 ὴὲκ-

141 1729 232 1762 ϐασις,
249 1729 298 1756 οὑκ
317 1729 348 1756 ὲκ
367 1728 413 1755 τοῦ
437 1730 580 1764 προχείρου
607 1731 662 1760 τοῖς
677 1728 780 1755 αίτοῦσι
800 1737 932 1764 χορηγου‹

142 1775 222 1810 μένη,
238 1775 282 1801 διὰ
295 1775 323 1801 δὲ
348 1776 447 1810 μικρᾶς
466 1774 637 1809 ὑπερθέσεως
657 1775 697 1806 είς
724 1774 819 1801 ἐλπίδα
841 1775 931 1802 καλλί-

141 1829 209 1854 στην
221 1820 407 1856 ἀνωθουμένην
428 1820 514 1851 ἄλλως
532 1828 561 1846 τε
576 1820 623 1846 καὶ
643 1820 686 1846 διὰ
704 1820 798 1847 τούτου
812 1821 861 1856 τὴν
876 1823 932 1853 τοῖς

140 1865 251 1891 τεκοῦσι
274 1865 499 1900 χρεωστουμένην
520 1865 602 1900 τιμὴν
615 1865 832 1900 ἀξιολογωτάτην
845 1866 932 1901 ὑπάρ-

140 1918 243 1945 χουσαν
257 1909 420 1937 ἐπιδεικνύει
437 1910 563 1944 Χριστὸς,
574 1910 642 1944 ὅπερ
653 1909 683 1935 οὐ
697 1910 825 1945 πράττειν
837 1910 931 1946 ἤθελεν

141 1956 212 1982 αἰδοῖ
225 1958 258 1991 τῇ
277 1956 343 1991 περὶ
365 1956 471 1992 μητέρα
486 1955 709 1990 καταδεχόμενος.

177 2003 262 2037 Λέγει
277 2003 295 2036 ἡ
311 2002 409 2037 μήτηρ
428 2002 520 2029 αὑτοῦ
534 2001 595 2034 τοῖς
610 2001 759 2034 διακόνοις
769 2009 776 2017 ·
791 2001 855 2028 Ὅτι
879 2002 933 2029 ἐὰν

139 2047 216 2081 λέγῃ
237 2048 316 2082 ὑμῖν,
329 2047 484 2082 ποιήσατε.
495 2044 597 2074 ἾΙσαν
607 2046 641 2073 δὲ
664 2046 729 2073 ἐκεῖ
747 2046 843 2081 ὑδρίαι
858 2048 933 2074 λίθι-

140 2101 192 2119 ναι
214 2092 248 2124 ἐξ
270 2092 402 2127 κείμεναι
429 2093 504 2118 κατὰ
521 2091 573 2119 τὸν
588 2093 773 2127 καθαρισμὸν
783 2092 842 2118 τῶν
860 2092 932 2119 Ἰου-

141 2138 236 2165 δαίων
249 2138 399 2172 χωροῦσαι
417 2138 475 2165 ἀνὰ
493 2138 640 2173 μετρητὰς
658 2139 714 2165 δύο
735 2139 753 2173 ἣ
776 2138 862 2172 τρεῖς.

179 2185 283 2220 Πολλὴν
294 2185 392 2220 ἔχουσα
406 2184 454 2220 τὴν
468 2183 553 2219 ῥοπὴν
566 2185 606 2215 είς
618 2185 647 2211 τὸ
658 2184 782 2218 γενέσθαι
797 2185 827 2212 τὸ
841 2184 932 2220 θαῦμα

141 2231 285 2265 νενίκηκεν
303 2231 319 2266 ὴ
344 2230 412 2266 γυνὴ
429 2230 558 2257 πείθουσα
574 2230 618 2257 διὰ
639 2231 670 2257 τὸ
692 2231 794 2266 πρέπον
815 2231 853 2263 ὡς
875 2231 932 2258 υἱὸν

141 2276 188 2302 τὸν
204 2276 316 2311 Κύριον.
338 2276 467 2312 Ἀρχεται
488 2276 515 2302 δὲ
538 2276 585 2302 τοῦ
601 2276 761 2312 πράγματος
781 2277 848 2312 αὕτη
866 2277 932 2313 πρὸς

144 2321 295 2357 ὑπουργίαν
318 2322 367 2357 ήδη
392 2321 446 2348 τῶν
461 2321 587 2356 γενέσθαι
608 2322 847 2358 προσταττομένων
871 2323 933 2355 τοὺς

143 2369 194 2402 τῆς
210 2367 390 2402 πανηγῠρεως
410 2367 549 2402 ὑπηρέτας
569 2367 774 2402 εὐτρεπίζουσα.

181 2413 267 2446 Λέγει
285 2412 387 2445 αὐτοῖς
400 2414 416 2439 ὀ
438 2411 556 2446 Ἰησοῦς
569 2419 575 2426 ·
592 2412 740 2447 Γεμίσατε
759 2412 810 2445 τὰς
832 2413 935 2447 ὑδρίας

146 2459 266 2491 ὓδατος.
281 2459 334 2486 Καὶ
352 2458 494 2493 ἐγέμισαν
510 2458 563 2490 ἕως
578 2458 647 2486 ἅνω.
658 2458 712 2485 Καὶ
729 2458 808 2493 λέγει
822 2459 933 2492 αὐτοῖς·

151 2504 337 2538 Ἀντλήσατε
350 2504 417 2536 νῦν,
430 2504 477 2530 καὶ
489 2503 592 2538 φέρετε
603 2503 642 2535 τῷ
653 2504 870 2538 ἀρχιτρικλίνῳ·
885 2505 935 2531 καὶ

145 2551 288 2586 ἤνεγκαν.
312 2551 360 2584 Ὧς
388 2550 422 2577 δὲ
451 2551 594 2584 ἐγεύσατο
611 2552 627 2577 ὁ
652 2551 871 2584 ἀρχιτρίκλινος
901 2552 934 2578 τὸ

145 2598 225 2631 ὕδωρ
253 2594 338 2624 οἶνον
367 2595 572 2631 γεγενημένον,
594 2596 641 2623 καί
670 2598 725 2623 οὐκ
753 2597 817 2632 ᾔδει
843 2598 934 2624 πόθεν

145 2642 233 2669 ἐστίν
245 2650 252 2658 ⁸
267 2644 293 2669 ol
308 2642 342 2668 δὲ
363 2642 495 2669 διάκονοι
516 2641 643 2676 ᾔδεισαν
656 2642 684 2669 οί
701 2642 883 2676 ἠντληκότες
901 2642 934 2669 τὸ

147 2689 226 2723 ὓδωρ
237 2698 243 2704 ·
264 2688 359 2723 φωνεῖ
373 2689 426 2715 τὸν
448 2688 578 2722 νυμφίον
603 2689 618 2714 ό
634 2687 851 2722 ἀρχιτρίκλινος
863 2708 870 2720 ,
885 2688 934 2715 καὶ

148 2735 229 2769 λέγει
243 2733 323 2766 αὐτῷ
339 2742 346 2749 ’
371 2734 433 2766 Πᾶς
453 2733 604 2768 ἅνθρωπος
629 2734 746 2767 πρῶτον
767 2734 819 2761 τὸν
842 2734 936 2761 καλὸν

149 2778 233 2807 οἶνον
249 2781 357 2813 τίθησι,
369 2779 417 2806 καὶ
432 2779 503 2806 ὅταν
514 2778 693 2814 μεθυσθῶσι,
707 2779 773 2806 τότε
788 2779 840 2806 τὸν
848 2780 939 2807 ἐλάσ-

150 2833 194 2853 σω
224 2825 266 2852 Σὺ
284 2824 449 2859 τετήρηκας
467 2824 519 2851 τὸν
533 2824 628 2851 καλὸν
643 2822 728 2851 οἶνον
739 2825 793 2858 ἕως
807 2825 881 2859 ἄρτι.

188 2885 211 2899 “'
228 2884 299 2912 Gen.
318 2891 358 2917 ut,
375 2883 418 2910 i6.
461 2881 485 2898 τ’
501 2880 523 2908 tl
540 2881 604 2909 Cor.
624 2888 650 2913 ν,
667 2878 709 2906 i7.

982 964 1052 984 nova
1063 957 1095 983 ⁷ο.
1116 966 1125 982 ι
1145 956 1223 984 Venit
1241 957 1332 992 itaque
1349 965 1402 985 una
1416 966 1477 985 cum
1498 958 1556 985 suis
1570 958 1712 994 discipulis
1729 961 1762 987 ad

983 1003 1103 1037 nuptias.
1137 1002 1254 1030 Decebat
1284 1003 1400 1038 quippe,
1427 1008 1457 1030 ut
1485 1005 1617 1031 miracula
1643 1006 1764 1040 patranti

983 1049 1110 1077 adessent
1129 1049 1175 1083 qui
1188 1057 1277 1076 rerum
1295 1050 1461 1076 mirabilium
1480 1050 1573 1078 studie
1587 1051 1763 1083 tenebantur,

983 1094 1008 1121 id
1034 1095 1106 1129 quod
1130 1096 1292 1129 patrandum
1319 1099 1380 1122 erat
1405 1096 1483 1130 quasi
1509 1096 1653 1131 quemdam
1673 1098 1764 1124 cibum

983 1139 1044 1167 ﬁdei
1061 1147 1117 1167 sum
1132 1140 1284 1168 collecturi.
1302 1140 1437 1168 Caeterum
1462 1141 1525 1168 vino
1550 1142 1679 1169 convivas
1696 1143 1764 1170 deli-

982 1184 1081 1215 cieute,
1101 1189 1187 1211 mater
1203 1193 1264 1212 eum
1289 1189 1367 1220 rogat
1389 1191 1418 1212 ut
1439 1187 1519 1213 solita
1536 1194 1586 1214 sua
1603 1187 1723 1215 bonitate
1738 1192 1766 1215 et

981 1229 1150 1264 benignitate
1163 1231 1201 1256 uti
1212 1231 1286 1262 velit,
1299 1230 1395 1258 dicens
1409 1240 1415 1257 :
1430 1240 1438 1256 ι
1451 1231 1550 1259 Vinum
1562 1239 1616 1259 non
1628 1233 1736 1259 habent.
1753 1243 1763 1259 ι

981 1273 1050 1300 Nam
1067 1274 1145 1308 quasi
1161 1275 1188 1301 in
1206 1275 1265 1309 ejus
1283 1279 1417 1310 potestate
1433 1276 1468 1303 sit
1485 1280 1583 1303 cuueta
1600 1276 1689 1304 facere
1704 1284 1766 1311 qua:

982 1319 1056 1351 velit,
1073 1319 1106 1346 ad
1121 1320 1283 1346 miraculum
1296 1328 1358 1347 eum
1375 1321 1516 1348 hortatur;

1017 1363 1038 1390 ll
1049 1385 1055 1396 ,
1070 1365 1096 1392 4.
1117 1365 1187 1398 Quid
1205 1365 1269 1392 milii
1280 1369 1303 1392 et
1320 1365 1366 1392 tibi
1378 1371 1428 1398 est,
1442 1366 1534 1392 mulier
1544 1367 1557 1393 ἔν’
1572 1366 1685 1393 nondum
1699 1366 1766 1393 venit

983 1411 1047 1437 hara
1065 1419 1130 1438 mea.

1018 1457 1094 1484 lluuc
1115 1465 1268 1485 sermonem
1280 1457 1409 1492 praeclare
1420 1464 1528 1492 quoque
1548 1456 1679 1484 Servator
1694 1453 1766 1484 etliri-

983 1503 1032 1529 xit.
1053 1501 1107 1529 Nec
1129 1503 1201 1528 enim
1224 1501 1257 1527 ad
1277 1501 1408 1536 patranda
1432 1501 1564 1528 miracula
1589 1509 1699 1529 currere
1718 1505 1766 1528 aut

984 1549 1056 1574 ultro
1070 1547 1170 1574 inferre
1188 1555 1217 1574 se
1233 1555 1287 1574 non
1302 1547 1424 1581 oportuit
1435 1567 1441 1577 ,
1457 1547 1504 1574 sed
1524 1552 1647 1581 rogatum
1666 1554 1698 1574 eo
1719 1554 1766 1574 ve-

983 1595 1062 1627 nire,
1084 1597 1110 1620 et
1133 1593 1244 1620 utilitati
1267 1593 1352 1628 magis
1377 1601 1458 1627 quam
1477 1596 1659 1627 spectatorum
1679 1592 1766 1620 oculis

984 1640 1054 1666 hanc
1080 1639 1213 1674 impertiri
1237 1638 1362 1673 gratiam.
1382 1638 1509 1665 Gratiora
1530 1645 1595 1664 vero
1617 1641 1681 1665 sunt
1705 1646 1766 1672 qum.

983 1687 1122 1719 optantur,
1139 1684 1162 1711 si
1180 1691 1234 1711 non
1252 1684 1307 1710 cito
1323 1684 1478 1718 petentibus
1492 1690 1524 1711 ea
1541 1682 1700 1715 tradantur,
1718 1681 1766 1709 sed

983 1730 1150 1764 aliquantula
1163 1735 1237 1756 mora
1251 1729 1276 1755 in
1290 1729 1504 1764 pulcherrimam
1517 1735 1592 1763 spem
1605 1728 1766 1756 offerantur.

982 1775 1126 1807 Praeterea,
1143 1775 1289 1802 maximum
1302 1782 1361 1802 esse
1376 1775 1450 1802 illum
1466 1774 1596 1802 honorem
1609 1774 1655 1809 qui
1669 1781 1767 1808 paren-

983 1823 1056 1850 tibus
1077 1823 1201 1856 debetur,
1219 1822 1348 1850 Christus
1372 1822 1513 1854 ostendit,
1534 1822 1597 1848 dum
1614 1821 1767 1848 reverentia

982 1872 1079 1895 matris
1107 1868 1133 1895 id
1159 1868 1312 1895 faciendum
1344 1867 1480 1902 suscipit,
1506 1867 1580 1902 quod
1603 1866 1694 1894 facere
1716 1874 1767 1893 no-

983 1913 1065 1941 lebat.

1017 2001 1056 2034 li,
1077 2001 1135 2029 5-6.
1153 2001 1222 2028 Dicit
1242 2006 1326 2028 mater
1342 2000 1399 2035 ejus
1419 2000 1549 2027 ministris
1563 2008 1572 2026 :
1591 1999 1769 2035 Quodcunque

982 2048 1078 2075 dixerit
1094 2048 1173 2079 vobis,
1186 2048 1275 2083 facite.
1291 2046 1377 2073 Erant
1389 2050 1476 2072 autem
1492 2045 1528 2073 ibi
1543 2045 1654 2080 lapidem
1666 2046 1768 2081 hydriw

983 2102 1028 2122 sea:
1036 2095 1129 2129 pasitw
1143 2093 1285 2120 secundum
1295 2092 1505 2127 puriﬁcationem
1517 2091 1770 2128 Judworum,133

983 2141 1113 2174 capientes
1131 2139 1241 2174 singulm
1254 2143 1379 2165 metretas
1396 2138 1471 2165 binas
1487 2138 1526 2165 uel
1541 2143 1641 2165 ternas.

1018 2186 1143 2221 Magnam
1158 2185 1262 2212 habens
1277 2183 1469 2211 auctoritatem
1487 2183 1520 2210 ad
1536 2183 1697 2210 miraculum
1717 2182 1767 2209 eti-

984 2231 1109 2259 ciendum
1124 2231 1220 2258 mulier
1232 2230 1375 2257 Dominum
1388 2229 1472 2256 tilium
1484 2237 1576 2259 suum,
1591 2232 1621 2255 ut
1636 2236 1685 2263 par
1698 2233 1767 2259 erat.

984 2278 1131 2313 persuasit.
1151 2277 1215 2304 [hee
1230 2280 1321 2303 autem
1336 2284 1391 2303 rem
1404 2275 1570 2310 aggreditur.
1587 2274 1650 2301 dum
1666 2275 1770 2309 nuptia-

984 2331 1044 2350 rum
1062 2323 1203 2350 ministros
1218 2326 1316 2358 praesto
1335 2329 1395 2349 esse
1408 2321 1495 2355 jubet,
1511 2327 1598 2355 eaque
1615 2319 1770 2347 ministrare

985 2376 1045 2404 qua:
1062 2367 1194 2394 Dominus
1215 2375 1274 2394 mox
1293 2367 1476 2400 imperaturus
1493 2368 1576 2392 esset.

1024 2413 1062 2446 ll,
1088 2413 1164 2440 7-i0.
1188 2412 1257 2439 Dicit
1275 2412 1312 2438 eis
1328 2410 1405 2437 Jesus
1418 2418 1427 2436 :
1447 2409 1556 2443 Implete
1570 2408 1678 2444 hydria:
1690 2416 1769 2443 aqua.

988 2459 1022 2486 Et
1038 2459 1209 2493 impleverunt
1226 2466 1271 2484 eas
1286 2464 1367 2491 usque
1384 2455 1418 2482 ad
1432 2463 1573 2482 summum.
1595 2454 1629 2480 Et
1648 2453 1712 2480 dicit
1726 2454 1769 2487 fcis

985 2505 1084 2532 Jesus:
1101 2505 1216 2531 Ilaurile
1229 2512 1311 2536 nunc,
1327 2507 1351 2530 et
1363 2502 1427 2537 ferte
1441 2500 1620 2528 architriclino
1634 2507 1643 2526 :
1660 2504 1685 2526 et
1702 2499 1769 2526 tule-

986 2556 1057 2578 runt.
1077 2551 1110 2578 Ut
1125 2556 1212 2578 autem
1226 2550 1340 2585 gustavit
1356 2547 1550 2575 architriclinus
1566 2553 1662 2580 aquam
1682 2545 1769 2573 vinum

985 2599 1085 2634 fat-tam
1098 2618 1104 2630 ,
1123 2602 1147 2624 et
1167 2605 1218 2623 non
1238 2595 1334 2623 sciebat
1357 2595 1424 2621 unde
1442 2598 1528 2625 esset;
1548 2592 1662 2618 ministri
1684 2596 1771 2618 autem

985 2644 1099 2671 sciebant
1115 2643 1159 2678 qui
1171 2642 1312 2669 hauserant
1326 2646 1443 2674 aquam:
1458 2642 1532 2665 uocat
1547 2645 1668 2672 sponsum
1684 2636 1771 2662 archi-

987 2689 1126 2721 triclinus,
1149 2692 1173 2715 et
1191 2687 1256 2714 dicit
1276 2687 1300 2712 ei
1316 2694 1324 2713 :
1349 2684 1441 2712 Omnis
1458 2684 1534 2710 homo
1547 2685 1662 2718 primum
1677 2681 1771 2708 bonum

989 2737 1077 2763 uinum
1091 2735 1184 2770 ponit:
1202 2739 1226 2761 et
1243 2741 1301 2760 cum
1319 2730 1442 2758 inabriuti
1453 2729 1565 2764 fuerint,
1583 2734 1645 2755 tunc
1661 2727 1688 2754 id
1702 2725 1771 2774 quod

985 2781 1104 2808 deterius
1119 2785 1178 2808 est:
1201 2784 1227 2807 tu
1249 2783 1337 2806 autent
1352 2776 1462 2805 servasti
1481 2775 1575 2803 bonum
1589 2775 1677 2801 vinum
1692 2778 1775 2808 usque

991 2826 1084 2854 cui/mc.
