2028 3118
161 172 217 200 Ἦῖ)

687 172 718 199 ΙΝ
734 172 876 200 ΙΟᾹΝΜΞ
895 172 1117 200 EVANGELIUM
1133 173 1196 201 LIB.
1217 174 1248 202 11.

1734 179 1788 208 ΞΞΟ

160 230 192 254 οὐ
206 227 261 262 γὰρ
277 228 305 253 ἐν
331 228 386 258 τοῖς
408 225 602 262 Ἰεροσολύμοις
623 227 638 262 ἡ
654 229 822 263 πανήγυρις,
839 227 891 260 ἔξω
905 228 949 262 τῆς

1007 228 1118 263 regione
1143 231 1264 263 gentium
1288 229 1446 258 convivium
1473 232 1573 267 peragi.
1591 233 1702 262 Gulilwa
1717 238 1788 264 enim

167 273 297 304 Ἰουδαίας
311 273 340 299 τὺ
353 273 470 305 δεῖπνον,
482 274 519 305 ὡς
533 274 561 299 ἐν
576 275 609 309 τῇ
623 273 676 300 τῶν
690 273 773 300 ὲονῶν
788 274 950 301 ἐπιτελεῖται

161 320 251 357 χώρᾳ.
267 320 415 346 Γαλιλαία
438 320 492 354 γὰρ
518 319 578 346 τῶν
596 319 707 352 ἐθνῶν,
723 320 760 352 ὡς
776 321 789 347 ὁ
811 321 952 356 προφήτης

161 365 255 399 φησιν.
276 365 359 400 Δῆλον
375 364 403 390 δὲ
418 364 502 400 δήπου
518 365 625 396 πάντως
648 365 731 397 ἐστὶν,
749 365 786 397 ὡς
802 367 817 400 ὴ
836 365 884 400 μὲν
897 366 952 392 τῶν

166 409 302 436 Ἰουδαίων
322 410 471 445 Συναγωγὴ
494 410 540 437 τὸν
556 410 586 442 ἐξ
602 411 723 446 οὐρανῶν
744 411 871 438 ἀπώσατο
886 421 952 447 νυμ-

161 454 232 488 φίον,
248 455 428 488 προσεδέξατο
450 455 487 488 δὲ,
504 456 550 482 καὶ
566 456 626 483 λίαν
646 456 781 492 ἀσμένως,
799 457 854 491 ἠὲξ
868 457 951 484 ὲονῶν

167 499 324 535 Ἐκκλησία.
345 501 473 535 Ἔρχεται
500 500 528 527 δὲ
551 501 590 533 εἰς
605 502 668 533 τοὺς
685 503 788 537 γάμους
803 503 851 529 οὒκ
873 504 951 530 αὑτό-

162 544 243 578 μολος
254 546 268 572 6
281 546 356 580 Σωτή
361 554 376 580 ρ
390 554 396 560 ·
410 546 519 578 πολλαῖς
534 547 588 582 γὰρ
603 547 687 581 ἁγίων
700 548 821 574 ἐκαλεῖτο
839 551 948 583 φωναῖς.

166 590 236 616 ’Δὶ-λ’
250 589 320 622 οἶνος
336 591 500 617 ἐπιλελοίπει
516 592 577 623 τοὺς
596 593 775 627 ἑστιωμένους
785 601 791 608 ·
810 594 884 620 οὐδὲν
897 593 951 628 γὰρ

141 672 145 678 ι
159 636 319 663 ἐτελείωσεν
341 637 355 662 6
378 637 456 672 νόμος
469 659 476 670 ,
491 638 541 664 οὐκ
557 638 666 673 ἐξήρκει
684 638 752 673 πρὸς
774 639 804 665 τὸ
817 639 950 675 εὐφρᾶναι

160 682 271 713 τελείως
286 682 315 708 τὸ
329 683 445 718 γράμμα
460 683 489 709 τὸ
509 683 672 710 Μωσαῖκὸν·
692 683 749 710 ἁλλ’
767 684 827 710 οὐδὲ
842 685 907 710 αὐτὸ
921 685 951 711 τὸ

159 727 210 761 τῆς
225 727 346 762 ἐμφύτου
359 729 467 763 νὴψεως
481 728 594 764 μέτρον,
609 730 648 760 εἰς
661 730 691 755 τὸ
707 729 834 756 δύνασθαι
851 730 950 756 διασώ-

161 773 217 804 ζειν
230 774 304 808 ἡμᾶς
325 773 481 805 ἐξετείνετο.
497 773 601 800 Οὐκοῦν
617 775 716 810 ἀληθὲς
730 775 762 801 ἂν
784 776 824 810 εἴη
839 776 886 802 καὶ
907 777 950 810 ἐφ’

161 818 250 852 ἡμῶν,
268 818 298 844 τὸ
309 840 316 852 ,
331 817 399 845 οἶνον
416 820 466 845 οὐκ
487 819 592 855 ἔχουσιν
605 841 612 853 ,
625 821 728 847 εἰπεῖν·
745 822 758 846 ὁ
777 821 804 846 δὲ
824 821 948 847 πλουσιὸ-

160 864 247 899 ἱωρος
262 864 341 900 ἡμῶν
355 865 429 897 Θεὸς,
444 865 474 891 οὐ
490 866 605 901 περιορᾷ
623 867 655 901 τῇ
673 865 726 892 τῶν
740 866 849 900 ἁγαοῶν
862 868 949 903 ἐνδείᾳ

160 909 326 944 τριϐομένην
342 909 390 944 τὴν
407 909 497 944 φύσιν.
510 908 586 937 Οἶνον
602 911 666 946 ἡμῖν
679 910 803 943 ἀπέδειξε
817 912 863 938 τοῦ
875 912 948 947 πρώ-
965 898 988 927 Β

161 963 207 981 του
234 955 373 990 βελτίονα·
393 965 402 982 ι
421 956 457 982 Τὸ
476 956 528 991 γὰρ
546 957 662 992 γράμμα
681 958 851 991 ἀποκτείνει,
868 959 898 985 τὸ
921 959 948 985 δὲ

161 1001 270 1036 πνεῦμα
295 1000 451 1032 ζωοποιεῖη
466 1001 512 1028 καὶ
531 1002 544 1028 6
565 1002 614 1037 μὲν
632 1003 712 1038 νόμος
726 1004 775 1030 οὐκ
793 1004 849 1039 ἔχει
862 1005 891 1031 τὸ
905 1005 949 1030 τὲ-

160 1046 229 1073 λειον
245 1048 273 1074 ἐν
290 1047 416 1081 ἀγαθοῖς·
437 1047 470 1074 τὰ
485 1048 513 1074 δὲ
529 1047 588 1074 οεῖα
601 1048 652 1083 τῆς
672 1049 851 1085 εὐαγγελικῆς
875 1050 950 1077 διδα-

161 1092 276 1124 σκαλίας
290 1092 473 1127 παιδεύματα,
494 1093 684 1130 πληρεστάτην
699 1095 818 1129 εἰσφέρει
835 1095 883 1130 τὴν
906 1095 950 1121 εὐ-

159 1138 263 1173 λογίαν.
287 1139 427 1174 Θαυμάζει
441 1140 469 1166 δὲ
481 1140 526 1167 τὸν
548 1139 619 1168 οἶνον
631 1142 645 1167 6
656 1142 854 1178 ἀρχιτρίκλινος
865 1151 871 1158 ·
884 1142 948 1169 ἕκα-

160 1193 222 1216 στος
237 1184 291 1220 γὰρ
301 1206 308 1217 ,
323 1183 400 1220 οἶμαι
413 1207 421 1219 ,
434 1186 489 1214 τῶν
511 1187 550 1218 εἷς
571 1187 619 1222 τὴν
647 1187 722 1214 θείαν
744 1188 947 1223 ἀρχιερωσύνην

159 1232 419 1267 κατατεταγμένων,
437 1233 484 1259 καὶ
505 1233 729 1268 πεπιστευμένων
751 1234 796 1260 τὸν
811 1232 883 1260 οἷκον
901 1233 946 1260 τοῦ

159 1276 285 1312 Μτῆρος
301 1278 378 1313 ήμῶν
390 1278 521 1314 Χριστοῦ,
532 1279 577 1305 τὸν
590 1280 659 1315 ὑπὲρ
674 1279 756 1314 νόμου
770 1279 851 1306 αὑτοῦ
864 1289 948 1307 κατοι-

159 1321 308 1356 πλήττεται
331 1323 420 1358 λόγον.
445 1324 550 1360 Πρώτῳ
575 1324 603 1351 δὲ
624 1324 698 1360 αὑτῷ
715 1325 818 1352 κελεύει
839 1325 946 1360 δοθῆναι

157 1367 285 1402 Χριστὸς,
299 1369 339 1395 ὄτι
355 1369 424 1395 κατὰ
438 1369 488 1405 τὴν
503 1369 549 1396 τοῦ
566 1370 672 1396 Παύλου
687 1370 787 1405 φωνὴν,
805 1380 814 1395 ι
834 1371 885 1397 Τὸν
902 1379 948 1397 κο-

1003 274 1119 308 gcntium
1135 279 1187 307 est,
1204 278 1234 301 ut
1251 274 1289 301 ait
1302 276 1435 310 propheta
1451 277 1484 304 "'.
1503 276 1572 305 Illud
1587 286 1654 306 sane
1680 282 1787 316 perspi-

1004 326 1084 345 cuum
1110 324 1168 351 est,
1193 319 1349 347 Judmorum
1369 319 1540 357 Synagogam
1561 331 1691 358 sponsum
1710 326 1786 353 illum

976 366 979 369 ’
1003 365 1141 392 caelestem
1153 365 1298 400 repulisse,
1310 366 1358 393 sed
1372 366 1405 393 ab
1417 367 1535 395 Ecclesia
1548 370 1670 403 gentium
1683 370 1787 398 lubenti

1004 410 1094 437 animo
1117 415 1284 445 susceptum.
1314 410 1373 438 Non
1397 412 1470 438 venit
1488 417 1578 440 autent
1606 413 1732 443 Salvator
1754 417 1788 443 ad

1003 456 1124 491 nuptias,
1146 465 1198 484 non
1218 457 1381 492 concupitus
1397 464 1404 483 :
1429 458 1521 485 multis
1540 460 1612 486 cnim
1631 466 1787 488 sanctorum

1003 502 1116 530 vocibus
1140 506 1181 530 cst
1207 503 1362 530 invocatus.
1384 502 1519 530 Ca'terum
1540 504 1634 531 vinum
1648 525 1654 537 ,
1679 507 1786 542 inquit,

1002 546 1101 573 defecit
1118 547 1258 574 convivas.
1281 546 1355 574 Nihil
1375 548 1446 575 enim
1472 548 1513 575 lex
1538 549 1655 583 perfecit
1670 550 1712 577 "‘:
1733 560 1787 580 non

1002 592 1153 620 sulliciebat
1178 593 1211 620 ad
1233 593 1384 628 perfectam
1406 593 1527 620 laetitiam
1543 595 1675 628 scriptum
1690 595 1789 623 Μοεηί-

1001 646 1064 666 cum
1080 647 1087 672 ;
1113 639 1161 666 sed
1185 647 1274 674 neque
1291 639 1349 674 ipsa
1368 639 1458 666 insitae
1475 640 1665 674 naturalisque
1683 641 1788 669 sobrie-

1003 684 1066 712 tatis
1085 685 1152 711 ratio
1172 685 1253 712 saluti
1269 684 1414 712 atlerendze
1432 692 1482 719 par
1496 689 1564 712 erat.
1581 685 1672 718 Quare
1688 686 1723 713 de
1739 695 1788 714 no-

1001 729 1043 756 bis
1058 737 1120 756 vere
1136 737 1245 765 quoque
1274 729 1327 756 dici
1348 734 1456 764 potest,
1481 730 1574 757 vinum
1592 739 1647 758 non
1663 733 1763 760 habent.
1778 741 1786 760 ι

1001 775 1051 802 sed
1076 775 1353 802 munitieentissimus
1381 774 1453 802 Deus
1479 779 1573 802 noster
1593 783 1647 803 non
1671 776 1787 812 despicit

1000 820 1135 847 bonorum
1155 820 1267 854 penuria
1281 820 1449 847 laborantem
1465 824 1600 847 naturam.
1615 820 1715 848 Vinum
1736 829 1787 848 no-

1000 865 1044 892 bis
1062 865 1146 900 priori
1164 864 1250 891 multo
1266 865 1439 900 prazstantius
1453 865 1561 892 obtulit.
1578 874 1587 890 ι
1603 864 1705 893 Littera
1715 867 1786 893 enim

1002 910 1112 942 occidit,
1126 911 1238 945 spiritus
1251 915 1339 938 autem
1349 910 1470 939 viviﬁeat
1485 911 1517 938 ⁷⁷.
1535 920 1543 936 ι
1563 911 1642 946 138
1655 911 1786 939 Praeterea

1000 956 1042 983 lex
1056 957 1189 984 bonorum
1208 955 1403 990 perfectionem
1421 964 1475 983 non
1493 956 1588 989 habet,
1607 956 1655 984 sed
1670 964 1787 991 evange-

1000 1002 1053 1028 lica
1070 1001 1196 1029 doctrina
1219 1001 1407 1036 plenissimam
1430 1002 1651 1029 benedictionem
1671 1002 1785 1030 invehit.

1001 1047 1212 1074 Architriclinus
1226 1047 1317 1073 vinum
1332 1046 1398 1073 illud
1415 1047 1530 1073 miratur
1546 1056 1552 1074 :
1569 1047 1684 1082 quilibet
1698 1047 1783 1078 enim,

1001 1095 1100 1130 opinor
1112 1115 1120 1127 ,
1139 1101 1234 1122 eorum
1248 1093 1294 1129 qui
1313 1093 1340 1120 in
1358 1093 1500 1128 pontiﬁces
1519 1093 1637 1121 ordinati
1653 1098 1734 1126 sunt,
1759 1097 1788 1121 et

999 1141 1100 1176 quibus
1116 1140 1220 1167 credita
1235 1144 1274 1167 cst
1286 1140 1384 1184 domus
1400 1138 1504 1166 Christi
1522 1139 1608 1166 nostri
1622 1139 1787 1171 Salvatoris,

999 1187 1059 1223 ejus
1072 1187 1226 1214 doctrinam
1243 1194 1298 1221 prae
1315 1185 1373 1220 lege
1391 1185 1564 1212 vehementer
1579 1185 1723 1212 mirantur.
1745 1185 1786 1212 ltli

999 1237 1089 1260 autem
1107 1231 1232 1259 Christus
1246 1231 1362 1266 primum
1377 1230 1516 1265 propitiari
1530 1230 1619 1265 jubet,
1633 1231 1696 1265 Quia
1709 1230 1787 1265 juxta

999 1277 1075 1304 Pauli
1091 1268 1280 1307 sententiam‘,
1299 1285 1307 1300 ι
1325 1274 1505 1301 Laborantem
1519 1274 1665 1309 agricolam
1679 1280 1788 1309 oportet

1000 1323 1118 1358 primum
1135 1322 1169 1349 de
1185 1321 1319 1348 fructibus
1333 1322 1474 1355 percipere
1485 1320 1519 1346 ⁷⁸.
1539 1329 1551 1347 ι
1571 1319 1679 1348 Rursus
1696 1324 1787 1348 autem

1001 1370 1091 1405 capiat
1108 1368 1216 1396 auditor
1232 1374 1292 1402 quae
1308 1367 1380 1393 dico.
1401 1375 1411 1392 ›

159 1412 265 1439 πιῶντα
279 1415 412 1449 γεωργεῖν
427 1413 508 1449 [vulg.
523 1414 656 1450 γεωργὸν]
670 1414 725 1447 δεῖ,
743 1415 851 1449 πρῶτον
871 1415 925 1442 τῶν
944 1414 1058 1451 καρπῶν
1075 1412 1303 1449 μεταλαμΰὰνειν.
1323 1421 1331 1438 ι
1348 1412 1402 1438 Καὶ
1416 1411 1510 1438 νοείτω
1524 1410 1606 1438 πάλιν
1619 1412 1633 1438 6
1651 1412 1789 1448 ἀκροατὴς

156 1465 171 1491 ὃ
186 1459 268 1492 λέγω.

193 1506 249 1531 Kal
271 1503 358 1541 εὗρεν
378 1506 413 1533 ἐν
430 1505 470 1539 τῷ
489 1505 555 1540 lem")
574 1506 644 1539 τοὺς
666 1506 842 1540 πωλοῦντας
859 1508 946 1540 βόας,

157 1551 208 1577 καὶ
224 1551 365 1584 πρόϐατα,
381 1551 429 1578 καὶ
453 1551 640 1586 περιστερὰς,
653 1552 702 1579 καὶ
727 1553 797 1586 τοὺς
814 1562 948 1587 κερματι-

157 1594 235 1627 στὰς
251 1595 398 1629 καϐημένο
403 1604 436 1628 υς

201 1639 401 1674 Ἐξελέγχονται
428 1640 529 1673 πάλιν,
547 1641 594 1667 καὶ
620 1640 663 1667 διὰ
695 1649 796 1667 τουτων
827 1642 946 1669 Ἰουδαῖοι

157 1685 212 1712 τῶν
240 1686 371 1713 δοθέντων
399 1687 490 1718 αὐτοῖς
514 1687 746 1723 ὑπερφρονοῦντες
769 1688 874 1724 νόμων,
902 1690 948 1715 καὶ

158 1732 330 1767 γραμμάτων
345 1732 394 1767 μὲν
407 1733 561 1759 Άιωσαῖκῶν
575 1733 670 1760 οὐδένα
688 1734 842 1768 ποιούμενοι
858 1735 947 1769 λόγον,

158 1780 198 1810 εἰς
214 1779 298 1814 μόνην
320 1780 347 1806 δὲ
363 1779 507 1814 βλέποντες
524 1781 574 1816 τὴν
595 1781 776 1817 φιλοκερδίαν.
796 1783 948 1817 Προκαθαί-

160 1825 255 1860 ρεσθαι
280 1826 334 1860 γὰρ
363 1825 434 1852 κατὰ
453 1826 592 1857 ποικίλους
608 1827 724 1862 τρόπους
737 1827 781 1853 τοῦ
797 1828 878 1862 νόμου
899 1837 947 1854 κε-

157 1869 282 1901 λεύοντος
296 1871 360 1902 τοὺς
379 1871 458 1906 οἵπερ
474 1871 584 1906 ἔμελλον
600 1872 640 1903 είς
660 1872 705 1898 τὸν
726 1872 796 1898 θεῖον
811 1873 947 1908 ἀναϐήσε-

158 1915 254 1942 ςεσθαι
270 1916 350 1948 ναὸν,
367 1917 597 1952 ἀργυραμοιῆοὺς,
614 1917 673 1952 ἦτοι
691 1918 888 1952 κερματιστὰς,
901 1919 947 1945 καὶ

157 1961 268 1997 ἑτέρους
291 1963 337 1989 ἐπὶ
360 1962 481 1995 τούτοις,
498 1962 539 1995 οἷς
555 1963 697 1997 πλεονεξία
716 1964 745 1990 τὸ
767 1964 945 2000 ἐπιτήδευμα,

158 2009 206 2034 καί
218 2008 306 2040 τόκος,
319 2009 366 2035 καὶ
388 2009 565 2044 πλεονασμὸς,
580 2010 608 2035 ὲν
625 2009 782 2045 ἐπιθυμίαις
802 2018 808 2024 ·
820 2010 879 2042 ὅλος
893 2010 947 2045 γὰρ

158 2054 188 2080 ὲν
203 2053 308 2086 τούτοις
323 2056 336 2081 ὀ
351 2054 405 2081 τῶν
429 2054 557 2091 ἐμπόρων
575 2055 674 2088 σκοπὸς
698 2056 862 2082 συντείνεται
875 2065 881 2071 ·
897 2055 947 2091 τὴν

158 2099 239 2134 ἁγίαν
258 2100 497 2136 καταμολύναντας
512 2102 561 2128 οὐκ
574 2102 703 2137 ἀπεῖργον
715 2101 809 2137 αὐλὴν,
825 2101 947 2133 ἀνίπτοις

157 2146 185 2172 δὲ
201 2146 294 2182 ὥσπερ
310 2148 350 2179 εἰς
365 2148 450 2182 αὐτὴν
463 2147 576 2175 εἰσιέναι
591 2149 664 2180 ποσὶ,
675 2147 722 2174 καὶ
739 2148 816 2174 αὐτοὶ
835 2147 866 2182 δὴ
879 2147 946 2174 πάν-

156 2201 212 2224 τως
226 2193 380 2225 ὲπὲταττον,
396 2195 420 2221 οἱ
434 2194 592 2221 διακωλύειν
607 2193 742 2228 ἰσχύοντες
753 2201 759 2208 ·
780 2194 822 2220 ἵνα
837 2193 868 2229 δὴ
885 2193 947 2228 φαί-

157 2247 238 2274 νηται
248 2239 335 2273 λέγων
346 2239 433 2275 ἀληθῆ
446 2240 510 2276 περὶ
521 2240 610 2266 αὐτῶν
620 2241 633 2266 6
648 2239 722 2270 Θεὸς,
733 2240 773 2266 ὅτι
787 2248 796 2264 ι
816 2239 946 2274 Ποιμένες
963 2261 984 2288 D

158 2284 250 2310 πολλοὶ
267 2284 421 2320 διέφθειραν
437 2285 482 2311 τὸν
504 2284 654 2320 ἁμπελῶνά
670 2293 731 2319 μου,
749 2284 880 2319 ἐμόλυναν
896 2285 945 2319 τὴν

155 2330 340 2366 κληρονομίαν
356 2339 417 2366 μου,
433 2331 535 2357 ἔδωκαν
548 2330 643 2365 μερίδα
658 2329 826 2365 ἐπιθυμητήν
844 2339 895 2365 μου
906 2331 945 2361 εἰς

155 2375 258 2412 ἔρημον
276 2376 387 2407 ἄϐατον,
409 2377 525 2412 ἐγενήθη
541 2378 581 2408 εἰς
601 2375 752 2410 ἀφανισμὸν
772 2376 918 2408 ἀπωλείας.
932 2386 941 2402 ι

153 2422 293 2457 Διεφῦὰρη
316 2422 370 2457 γὰρ
391 2422 476 2453 ὅντως
492 2423 506 2448 6
526 2421 685 2452 δεσποτικὸς
705 2421 846 2455 ἀμπελὼν,
863 2421 943 2454 σέϐας

1038 1506 1056 1532 ll
1071 1526 1078 1538 ,
1103 1506 1146 1541 11.
1173 1504 1207 1532 Et
1228 1504 1322 1531 invenit
1339 1505 1365 1530 in
1381 1504 1476 1538 templo
1496 1503 1632 1531 uendentes
1655 1503 1748 1536 boves,
1763 1509 1789 1531 et

1001 1561 1058 1579 oves
1070 1572 1077 1585 ,
1097 1557 1120 1578 et
1137 1550 1289 1582 columbas,
1305 1554 1329 1576 et
1344 1549 1535 1576 nummularius
1550 1549 1679 1576 sedentes.

1034 1652 1142 1678 Rursus
1165 1654 1320 1686 arguuntur
1344 1650 1426 1677 etiam
1451 1649 1515 1676 hinc
1539 1649 1625 1678 Judari
1642 1651 1715 1686 leges
1731 1651 1785 1678 sibi

998 1698 1078 1726 datas
1093 1701 1279 1729 contemnere,
1295 1700 1322 1724 et
1335 1695 1439 1730 scripta
1455 1695 1575 1723 Mosaiea
1589 1696 1668 1723 nihili
1685 1697 1783 1729 facere,

999 1744 1044 1771 sed
1058 1743 1173 1778 quaestui
1193 1742 1383 1769 tantummodo
1402 1741 1522 1769 studere.
1548 1742 1618 1769 Cum
1638 1743 1710 1770 enim
1739 1743 1785 1771 Iev

998 1789 1158 1824 praeciperet.
1174 1789 1349 1823 ingressuros
1372 1787 1418 1814 Dei
1448 1788 1579 1822 templum
1603 1788 1683 1822 prius
1701 1788 1789 1816 variis

999 1836 1086 1862 modis
1107 1834 1237 1866 lustrari,
1254 1833 1425 1867 argentarios
1446 1833 1505 1860 sive
1532 1834 1733 1861 nummularios
1757 1837 1784 1861 et

999 1878 1024 1906 id
1038 1886 1125 1914 genus
1141 1878 1210 1906 alios
1224 1877 1350 1905 homines
1361 1897 1367 1909 ,
1381 1878 1428 1912 qui
1446 1877 1522 1904 lucro
1532 1898 1539 1910 ,
1558 1877 1644 1905 fenori
1656 1898 1663 1910 ,
1679 1883 1706 1905 et
1719 1885 1784 1906 coa-

997 1924 1140 1951 cervandm
1156 1923 1278 1958 pecuniae
1295 1923 1344 1949 toti
1359 1922 1472 1950 student
1502 1922 1541 1957 (is
1558 1923 1631 1949 enim
1649 1927 1784 1951 mercato-

998 1969 1074 1997 ribus
1089 1975 1189 2004 scopus
1203 1975 1275 1995 unus
1289 1972 1329 1995 est
1343 1967 1520 2002 propositus),
1538 1968 1782 2003 sanetumfatrium

998 2013 1175 2048 inquinantcs
1189 2020 1244 2040 non
1257 2012 1397 2045 arcebant,
1416 2012 1463 2039 sed
1481 2011 1567 2040 illotis
1580 2013 1783 2048 quodammodo

998 2056 1112 2091 pedibus
1128 2056 1241 2083 introire
1257 2055 1309 2091 ipsi
1325 2056 1420 2090 utique
1437 2055 1568 2090 jubebant
1580 2076 1588 2088 ,
1606 2058 1709 2092 quibus
1724 2063 1782 2087 erat

998 2102 1106 2128 vetandi
1128 2105 1249 2136 potestas
1261 2120 1269 2134 ,
1289 2105 1319 2128 ut
1342 2101 1376 2128 de
1391 2100 1425 2128 iis
1439 2108 1503 2128 vere
1520 2100 1622 2128 dictum
1639 2109 1654 2128 a
1670 2102 1726 2130 Deo
1742 2104 1783 2130 vi-

997 2147 1108 2174 deatur:
1124 2146 1273 2175 «Pastores
1288 2146 1551 2181 multidisruperunt
1564 2146 1671 2174 vineam
1684 2155 1780 2180 meam,

998 2194 1153 2229 polluerunt
1165 2195 1267 2228 partem
1277 2199 1375 2226 meam,
1384 2192 1519 2219 dederunt
1529 2192 1681 2226 portionem
1695 2201 1781 2220 meam

998 2238 1207 2266 desiderabilem
1227 2238 1254 2265 in
1275 2237 1413 2265 desertum
1441 2238 1559 2270 invium,
1584 2238 1671 2273 posita
1693 2242 1735 2266 est
1753 2238 1780 2265 in

998 2285 1204 2320 dissipationem
1221 2283 1385 2319 perditionis
1397 2283 1440 2310 7’?
1459 2293 1468 2309 ι
1493 2279 1625 2318 Corrtipta
1641 2284 1714 2311 enim
1739 2287 1781 2310 est

998 2335 1072 2359 certe
1086 2332 1165 2358 vinea
1184 2329 1310 2361 Domini,
1332 2337 1392 2364 qua:
1407 2328 1527 2355 divinum
1543 2329 1645 2355 cultum‘
1665 2329 1780 2355 concul-

998 2385 1061 2405 care
1087 2376 1204 2408 didicit.
1234 2382 1266 2402 ac
1290 2375 1364 2410 turpi
1393 2378 1498 2410 quaestu
1523 2374 1732 2408 praepesitorum
1752 2373 1780 2402 in

997 2422 1122 2458 quamvis
1137 2421 1300 2457 ignorantiae
1315 2420 1471 2448 vastitatem
1486 2420 1624 2455 incurrit.‘

157 2469 205 2503 μὲν
219 2469 286 2495 αὐτὸ
300 2469 335 2499 τὸ,
347 2470 410 2504 περὶ
426 2469 456 2495 τὸ
470 2470 540 2496 Οεῖον
558 2470 652 2496 πατεῖν
667 2468 867 2503 διδασκόμενος,
883 2470 942 2501 ταῖς
961 2469 988 2496 δὲ
1001 2469 1055 2496 τῶν
1067 2468 1274 2505 προεστηκότων
1288 2467 1505 2503 αἰσχροκερδίαις
1532 2466 1572 2498 εἰς
1599 2467 1688 2493 πᾶσαν
1698 2466 1781 2494 ἀπαι-

154 2516 264 2543 δευσίαν
278 2517 522 2552 ὰποχερσοὺμενος.

190 2562 244 2588 Καὶ
256 2563 386 2596 ποιήσας
406 2564 446 2594 ὡς
462 2563 644 2597 φραγέλλιον
662 2564 695 2590 ἐκ
712 2564 856 2598 σχοινίων
868 2563 943 2590 πάν-

154 2615 208 2639 τας
223 2607 368 2638 ἐξέϐαλεν
385 2608 419 2634 ἐκ
441 2609 492 2635 τοῦ
510 2609 589 2642 ἱεροῦ
600 2629 607 2639 ,
621 2608 658 2635 τά
678 2617 710 2635 τε
731 2609 872 2642 πρόϐατα,
895 2608 944 2635 καὶ

153 2652 225 2685 τοὺς
239 2652 317 2686 ﬁdae
329 2674 336 2685 ,
350 2653 398 2679 καὶ
417 2653 476 2680 τῶν
495 2654 701 2681 κολλυϐιστῶν
714 2654 816 2689 ἐξέχεε
829 2655 862 2681 τὸ
878 2656 944 2690 κέρ-

153 2706 210 2733 μα,
227 2699 274 2726 καὶ
295 2699 349 2732 τὰς
371 2699 514 2733 τραπέζὶις
531 2699 705 2734 ἀνέστρεψε.
733 2701 786 2728 Καὶ
807 2701 868 2735 τοῖς
890 2703 943 2735 τὰς

155 2745 331 2777 περιστερὰς
346 2745 502 2771 πωλοῦσιν
515 2743 608 2772 εἶπεν.

196 2788 358 2821 ’Λγανακτεῖ
381 2789 429 2824 μὲν
455 2789 565 2821 εἰκότως
587 2790 631 2816 ἐπὶ
658 2791 718 2822 ταῖς
733 2791 787 2818 τῶν
810 2791 940 2819 Ἰουδαίων

159 2844 289 2907 10"111511.
307 2854 344 2878 ix,
366 2846 395 2879 l;
417 2846 512 2874 Matth.
533 2855 569 2880 tv,
593 2847 635 2875 15.
697 2848 721 2863 ⁷⁶
738 2847 818 2876 Hebr.
842 2857 889 2881 vtt,
908 2849 948 2876 19.

1034 2562 1065 2596 11,
1088 2563 1130 2596 15,
1144 2561 1188 2589 16.
1204 2560 1238 2588 Et
1256 2569 1313 2588 cum
1327 2560 1430 2595 fecisset
1445 2559 1522 2594 quasi
1538 2558 1673 2594 ﬂagellant
1689 2558 1721 2585 de
1736 2559 1780 2593 fu-

998 2609 1104 2641 niculis,
1119 2616 1207 2635 omnes
1224 2607 1297 2642 ejecit
1312 2607 1344 2633 de
1359 2605 1465 2639 templo,
1478 2613 1534 2632 oues
1546 2612 1645 2640 quoque
1655 2609 1679 2632 et
1693 2604 1778 2636 boves.

997 2661 1020 2683 et
1037 2654 1276 2682 nummulariorum
1289 2651 1382 2686 eﬁ‘udit
1396 2660 1447 2683 ws,
1478 2655 1502 2678 et
1522 2659 1625 2678 "tensas
1642 2650 1777 2678 subvertit.

997 2700 1031 2727 Et
1047 2701 1088 2727 Itis
1104 2700 1148 2735 qui
1164 2698 1299 2727 columbas
1314 2697 1476 2729 vendebant,
1494 2695 1584 2723 dixit:

1031 2790 1128 2818 Merito
1142 2789 1251 2825 quidem
1272 2788 1396 2816 Salvator
1420 2787 1455 2815 ob
1469 2787 1623 2815 Judaeorum
1640 2786 1781 2814 vesaniam

1003 2847 1060 2874 ⁷⁷11
1076 2846 1139 2874 Cor.
1156 2854 1197 2879 In,
1210 2845 1237 2873 6.
1293 2845 1315 2861 ⁷³
1327 2843 1349 2871 11
1362 2843 1431 2871 Tim.
1449 2852 1478 2876 ιι,
1496 2843 1522 2871 6.
1574 2843 1597 2859 7°
1610 2842 1710 2870 Jercm.
1729 2849 1775 2870 xu.
