2028 3118
256 152 305 181 931
761 147 790 175 5.
810 146 950 175 CYRlLLl
969 144 1203 173 ALEXANDRINI
1223 143 1383 172 ARCIIIEP.
1612 155 1614 157 ν
1834 145 1890 171 952

252 207 421 240 indignatur.
440 204 499 232 Non
511 203 585 232 enim
600 203 742 238 oportebat
767 203 815 231 Dei
839 203 970 238 templum
996 202 1041 229 do-

1100 201 1236 233 inovoiot;
1261 202 1274 226 ὸ
1297 200 1401 236 Σωτήρ.
1427 200 1463 226 Οὐ
1490 201 1545 236 γὰρ
1569 198 1642 228 οἶκον
1671 200 1804 237 ἐμπορίου
1842 203 1889 230 τὸν

255 260 329 279 mum
353 250 551 287 negotiationis
573 249 629 276 ﬁeri
643 269 650 281 ,
673 249 721 277 sed
745 249 890 277 orationis.
909 250 954 276 Sic
971 249 1043 276 enim

253 298 387 332 scriptum
411 301 453 323 est
462 295 497 323 ⁸⁸.
523 293 583 321 Non
602 294 685 321 nudis
700 297 789 321 autem
807 294 898 322 verbis
913 293 1046 321 duntaxat

254 343 337 370 animi
355 342 397 370 sui
412 341 626 369 commotionem
641 339 732 374 prodit
746 360 753 373 ,
779 339 827 367 sed
844 339 1004 367 verberibus
1019 342 1046 366 et

255 389 341 423 ﬂagro
368 389 457 416 sacris
477 388 557 423 139
572 387 691 414 aditibus
717 386 862 417 exturbat,
884 385 1045 412 servitutem

255 434 281 460 in
298 441 345 461 eos
362 433 425 468 jure
441 441 490 468 pro
508 440 587 468 plena
604 436 729 460 statuens
740 451 748 463 ,
764 434 859 466 utpote
874 431 920 465 qui
938 430 1048 457 liberta~

256 480 291 507 tis
305 485 469 507 assertorem
486 478 584 506 Filium
605 485 654 513 per
676 478 755 505 ﬁdem
773 477 913 511 suscipere
933 484 1046 503 recusa-

257 526 312 553 turi
327 530 430 554 essent.
442 525 510 553 Vide
523 532 605 560 porro
618 527 749 559 tanquam
764 523 792 550 in
809 523 928 557 imagine
943 523 1047 550 deseri-

256 574 333 606 ptum
355 570 421 598 illud
444 569 522 597 Pauli
541 570 664 597 dictum:
688 579 697 595 ι
723 568 750 596 Si
766 569 828 604 quis
851 569 981 604 templum
999 568 1046 595 Dei

257 616 417 648 violaverit,
436 615 575 650 disperdct
589 623 651 642 eum
671 614 743 642 Deus
757 615 790 640 ⁸¹.
806 623 816 640 ›

292 661 315 688 1|
329 683 336 694 ,
357 661 399 688 16.
429 661 539 695 Auferte
552 662 604 688 ista
619 661 688 692 hinc,
704 659 728 687 et
744 661 824 688 nolite
838 660 925 695 facere
941 660 1048 688 domum

259 707 350 734 Patris
365 707 415 733 mei
428 727 434 738 ,
451 707 558 733 dainum
573 707 769 742 negotiationis.
912 741 918 746 α

298 753 409 779 Mandat
426 752 535 787 quidem
552 756 580 779 ut
597 752 730 779 Dominus
743 771 750 784 .
772 752 806 780 ad
822 752 939 780 olIicium
957 755 1048 779 autem

259 798 434 829 manuducit.
464 802 493 825 ut
519 798 670 833 magister,
695 802 723 825 et
758 803 939 834 praeterquam
976 797 1048 832 quod

258 845 393 880 castigat,
408 844 507 872 delicta
522 844 630 879 aperit,
652 848 679 871 et
696 851 790 871 eorum
804 843 906 878 pudore
922 851 983 870 eum
1002 843 1048 878 qui

260 892 383 926 punitur,
402 891 463 926 angi
480 898 534 917 non
551 890 628 918 sinit.
647 889 855 917 Observandum
870 893 974 921 autem,
988 897 1049 916 rur-

260 945 307 964 sus
331 936 438 964 Patrem
470 943 550 963 suum
578 942 678 962 vocare
703 935 784 961 uniec
813 942 847 961 ac
875 934 1050 969 peculiariter

262 982 356 1014 Deum,
373 985 437 1016 puta
453 981 526 1016 quod
544 981 603 1015 ipse
620 981 700 1007 etiam
719 980 794 1008 solus
807 981 956 1007 secundum
976 985 1050 1007 natu-

262 1037 319 1056 ram
337 1029 371 1056 sit
390 1036 423 1055 ex
437 1031 507 1062 ipso,
525 1034 556 1054 ac
572 1034 636 1054 vere
652 1027 770 1061 genitus.
786 1026 852 1052 Nam
874 1026 896 1053 si
915 1026 1048 1053 rationem

261 1075 341 1101 istam
364 1081 418 1100 non
448 1074 549 1104 habet,
572 1073 618 1100 sed
636 1073 754 1100 Verbum
778 1072 815 1099 ita
842 1072 985 1100 nobiscum
1009 1076 1050 1099 est

261 1120 332 1146 illius
345 1140 352 1152 ,
382 1123 410 1146 ut
434 1127 506 1147 unus
524 1127 557 1146 ex
575 1119 673 1151 nobis,
690 1119 837 1153 adoptione
857 1118 986 1145 nimirum
999 1137 1006 1150 ,
1024 1122 1051 1144 et

261 1165 320 1192 sola
334 1164 423 1191 Patris
440 1164 591 1195 voluntate,
608 1171 688 1198 quam
712 1164 748 1191 ob
767 1171 836 1194 rem,
855 1171 958 1198 quzeso,
975 1170 1049 1189 com-

263 1217 370 1237 munem
387 1209 460 1237 illaut
479 1213 506 1236 et
520 1209 649 1236 omnibus
667 1209 833 1243 propositam
850 1209 961 1243 gloriam
974 1208 1050 1235 solus

262 1255 313 1283 sibi
327 1259 436 1290 arrogat
451 1263 512 1282 eum
531 1255 568 1281 ait
589 1264 595 1282 :
618 1254 707 1281 Nolite
729 1255 818 1282 facere
833 1254 942 1282 domum
957 1254 1049 1282 Patris

262 1299 330 1332 mei,
348 1307 400 1327 non
419 1305 510 1327 autem
526 1300 616 1334 potius
629 1299 739 1326 domum
757 1298 847 1326 Patris
866 1298 977 1326 nostri?
999 1298 1051 1326 hoc

263 1346 335 1372 enim
350 1346 442 1373 dicere
455 1346 542 1381 magis
557 1345 651 1372 forsan
665 1348 879 1371 consentaneum
893 1349 951 1371 erat
961 1365 968 1376 ,
983 1345 1005 1371 si
1021 1352 1050 1371 se

263 1399 347 1418 unum
364 1399 395 1418 ex
412 1391 447 1418 iis
463 1391 510 1426 qui
529 1394 625 1417 natura
643 1397 695 1417 non
716 1394 780 1416 sunt
796 1389 843 1416 lilii
865 1388 910 1416 Dei
930 1389 1048 1424 seipsum

262 1444 324 1465 esse
347 1437 459 1464 sciebat.
485 1437 552 1463 Cum
578 1440 669 1463 autem
701 1435 819 1462 Verbum
848 1435 969 1470 Seipsum
996 1443 1049 1462 non

263 1481 335 1508 inter
349 1481 419 1508 ﬁlios
434 1488 481 1515 per
498 1480 614 1515 gratiam
629 1480 790 1514 ascriptum,
807 1479 854 1507 scd
870 1487 901 1506 ex
920 1480 1049 1507 substan~

263 1528 299 1553 tia
317 1523 409 1554 Dei'ac
423 1525 513 1553 Patris
536 1533 597 1553 esse
617 1529 784 1560 cognoscat,
805 1528 882 1552 extra
904 1533 1048 1552 numeer
1065 1541 1086 1569 ρ

263 1573 379 1600 aliorum
395 1579 425 1599 se
445 1571 578 1603 collocat,
603 1571 688 1598 Deum
710 1578 790 1601 suum
813 1570 922 1597 Patrem
944 1579 1051 1597 nuncu-

263 1624 341 1652 pans.
360 1616 441 1643 Decet
466 1616 538 1642 enim
564 1623 611 1642 eos
637 1615 683 1650 qui
712 1615 739 1642 in
764 1615 879 1642 ﬁliorum
907 1623 1049 1642 numerum

265 1660 354 1686 vocati
371 1664 447 1692 sunt,
462 1663 488 1686 et
504 1660 622 1686 ascititia
635 1659 767 1694 dignitate
779 1659 897 1693 praediti,
916 1661 951 1686 ita
967 1660 1050 1687 Deum

264 1705 428 1739 compellare
451 1704 609 1740 precando:
642 1714 651 1730 ι
673 1697 752 1731 Pater
766 1709 874 1737 noster,
900 1706 945 1740 qui
971 1714 1000 1733 es
1024 1706 1050 1732 in

265 1751 343 1778 etatis
357 1751 389 1776 “.
406 1760 417 1777 ι
438 1750 513 1778 Unus
537 1755 626 1777 autem
646 1758 677 1778 ac
697 1751 773 1778 solus
793 1759 825 1778 ex
844 1759 898 1778 uno
914 1752 1051 1780 exsistens

267 1794 430 1829 Unigenitus
442 1815 448 1827 ,
471 1802 551 1822 suum
573 1795 679 1822 Patrem
696 1796 779 1823 Deum
797 1797 892 1823 merito
907 1803 1051 1831 nuncupa-

265 1840 342 1867 verit.
365 1840 442 1874 Quod
461 1841 485 1868 si
505 1849 548 1868 res
570 1841 724 1876 propositas
745 1842 853 1869 acutius
868 1843 1005 1875 scrutari,
1024 1846 1052 1870 et

263 1887 450 1921 superioribus
464 1887 520 1914 tunc
532 1888 613 1914 etiam
628 1888 837 1915 accommodare
853 1889 980 1922 velimus,
997 1889 1052 1916 alio

273 1933 355 1959 modo
374 1932 571 1960 consideranda
586 1936 628 1960 est
643 1933 687 1959 illa
703 1934 794 1964 lectio,

301 1977 334 2005 Et
352 1978 451 2004 invenit
466 1978 493 2004 in
506 1978 599 2012 templo
616 1978 750 2006 uendentes
767 1979 856 2013 boves,
871 1984 896 2006 et
911 1987 968 2006 oves
978 1999 986 2014 ,
997 1984 1051 2007 etc.

300 2075 368 2103 Vide
391 2083 455 2111 ergo
475 2083 574 2104 rursus
598 2079 682 2103 totam
706 2076 921 2111 dispensationis
948 2079 1050 2104 nostra:

267 2120 380 2147 formam
406 2121 512 2148 duabus
536 2121 619 2148 rebus
642 2121 761 2149 contexi.
785 2120 852 2147 Nam
875 2129 937 2148 cum
963 2120 1052 2148 Cana-

266 2166 331 2193 nmis
343 2165 459 2193 Galilazae
475 2167 574 2194 incolis
586 2167 710 2202 epulatur
719 2167 845 2194 Christus
864 2170 946 2201 atque
962 2167 1051 2194 diver-

265 2217 357 2245 satur,
373 2217 399 2240 et
415 2220 515 2240 mensae
526 2217 670 2240 consortes
687 2213 752 2240 facit
768 2220 815 2240 eos
833 2221 848 2240 a
865 2214 966 2248 quibus
979 2214 1050 2242 invi-
1066 2221 1089 2249 ῃ

266 2261 340 2284 tatus
355 2263 414 2285 erat
427 2263 454 2285 et
467 2259 663 2285 cohonestatus
677 2279 685 2291 ,
707 2258 850 2285 miraculis
864 2259 977 2293 prodest
992 2279 1000 2291 ,
1025 2264 1051 2287 et

266 2303 338 2338 quod
355 2303 388 2331 ad
404 2304 548 2331 honestum
567 2303 696 2339 gaudium
721 2303 788 2337 ipsis
808 2303 922 2338 deerat,
941 2305 1031 2340 explet
1043 2327 1050 2339 ,

266 2354 293 2377 et
308 2357 389 2377 omne
407 2350 542 2377 bonorum
562 2357 648 2384 genus
665 2348 766 2375 aﬂatim
784 2349 909 2384 largitur,
925 2351 978 2378 hoc
996 2351 1052 2378 vel—

268 2395 305 2422 uti
321 2399 384 2430 typo
400 2395 536 2426 edocens,
563 2402 593 2421 se
607 2394 724 2421 Galilaeae
740 2394 845 2422 incolas
865 2395 943 2431 140
967 2397 1050 2423 etiam

267 2446 476 2476 suscepturum,
493 2440 544 2466 hoc
560 2443 602 2467 est
618 2444 729 2474 gentes,
745 2447 794 2474 per
808 2447 901 2468 earum
921 2441 999 2469 ﬁdem
1016 2442 1049 2469 ad

268 2486 340 2520 ipsas
364 2485 447 2512 veluti
465 2489 590 2512 vocatum
604 2503 611 2515 ,
637 2488 665 2511 et
688 2484 715 2511 in
741 2485 882 2512 ctelestcm
899 2486 1048 2514 thalamum

267 2531 486 2557 introducturutn
500 2549 507 2562 ,
528 2529 555 2555 in
570 2529 815 2563 primogenitorum
837 2529 989 2558 Ecelesiam
1006 2531 1048 2558 ni-

267 2577 386 2607 mirum,
409 2582 510 2609 easque
534 2582 597 2601 cum
623 2575 727 2602 sanctis
744 2575 942 2603 collocaturum
964 2576 1047 2612 (eum

266 2620 388 2648 convivis
412 2620 484 2646 enim
502 2620 690 2647 accubuerunt
709 2620 876 2656 discipuli),
895 2626 922 2649 et
949 2621 1048 2649 divinat

267 2673 298 2692 ac
322 2665 454 2699 spiritalis
474 2665 642 2692 celebritatis
655 2665 760 2693 futuras
775 2665 936 2700 participes,
952 2673 1048 2700 quem-

267 2708 412 2736 admodum
435 2709 516 2736 etiam
541 2709 599 2745 ipse
623 2710 661 2737 ait
681 2710 783 2737 alicubi
808 2719 816 2738 :
850 2719 860 2736 ‹
881 2710 951 2743 Quia
969 2710 1046 2736 multi

265 2754 418 2790 ab_oriente
431 2759 457 2782 et
472 2755 611 2784 occidente
626 2756 747 2791 venient,
762 2760 789 2784 et
803 2756 963 2784 recumbent
983 2763 1045 2783 cum

313 2845 335 2862 '°
354 2845 448 2874 Matth.
466 2854 523 2879 χιιι,
546 2847 587 2874 l5.

1096 247 1167 273 θεῖον
1199 247 1282 282 ἐχρῆν
1307 246 1495 273 ἀποτελεῖσθαι
1513 247 1577 274 ναὸν
1590 267 1597 279 ,
1618 247 1676 274 ἀλλ’
1692 245 1765 276 οἷκον
1790 247 1886 284 εὐχῆς.

1097 291 1174 318 Οὕτω
1190 292 1243 326 γὰρ
1262 291 1417 326 γέγραπται
1429 301 1436 307 ·
1452 292 1571 319 δείκνυσι
1596 293 1623 320 δὲ
1643 294 1693 321 οὐκ
1709 296 1737 322 ἐν
1757 295 1846 329 ψιλοῖς
1859 296 1888 323 τδ

1097 337 1199 372 κίνημα
1215 336 1313 371 λόγοις,
1326 337 1393 364 ἀλλὰ
1406 337 1532 372 πληγαῖς,
1552 339 1597 364 καὶ
1615 340 1725 374 μάστιγι
1741 341 1793 368 τῶν
1805 342 1886 376 ἱερῶν

1097 382 1191 414 ἐξωθεῖ
1211 382 1372 418 περιϐόλων,
1388 383 1556 419 δουλοπρεπῆ
1581 384 1691 417 δικαίως
1713 387 1804 419 αὐτοῖς
1831 388 1889 413 ἐπι-

1097 429 1196 464 νοήσας
1211 428 1259 463 τὴν
1274 429 1409 464 τιμωρίαν
1428 436 1434 442 ·
1455 430 1485 455 οὐ
1508 430 1562 464 γὰρ
1579 430 1689 465 ἔμελλον
1706 432 1889 464 ὐποδέξασθαι

1097 475 1142 502 τὸν
1161 475 1355 511 ἐλευθεροῦντα
1371 475 1413 502 διὰ
1429 475 1546 508 πίστεως
1559 477 1633 504 Υἱόν.
1646 478 1716 513 Ὂρα
1726 478 1753 505 δέ
1772 488 1818 514 μοι
1835 488 1887 506 κα-

1097 521 1150 552 λῶς
1176 520 1214 553 ὡς
1240 521 1269 548 ἐν
1289 522 1373 548 εἰκόνι
1397 522 1566 558 πραγμάτων
1588 524 1832 560 καταγραφόμενον
1857 525 1889 552 τὸ

1097 567 1141 594 διὰ
1166 567 1212 594 τοῦ
1245 567 1350 594 Παύλου
1369 567 1530 603 λελεγμένον
1545 578 1551 584 ·
1571 578 1580 594 ι
1594 569 1626 595 Εἰ
1640 579 1682 602 τις
1701 569 1746 597 οὖν
1763 571 1809 597 τὸν
1823 573 1889 598 ναὸν

1098 613 1145 640 τοῦ
1162 613 1229 640 Θεοῦ
1241 614 1349 650 φθείρῃ,
1364 614 1459 649 φθερεῖ
1472 614 1565 641 τοῦτον
1582 616 1595 641 ὁ
1606 615 1680 647 Θεός.
1698 625 1707 641 ι

1136 660 1241 693 ’Ἄρατε
1258 660 1351 687 ταῦτα
1371 659 1520 692 ἐντεῦθεν,
1539 661 1581 695 μὴ
1602 662 1711 688 ποιεῖτε
1733 661 1787 689 τὸν
1802 660 1889 690 οἶκον

1097 705 1151 733 τοῦ
1166 706 1280 740 Πατρός
1290 715 1361 740 μου,
1376 704 1459 733 οἶκον
1472 706 1626 741 ἐμπορίου.
1664 721 1667 726 ι

1139 751 1292 778 Ἐπιτάττει
1309 752 1356 787 μὲν
1373 752 1410 785 ὡς
1427 753 1580 788 Δεσπότης,
1598 756 1764 789 χειραγωγεῖ
1777 755 1804 781 δὲ
1819 755 1888 790 πρὸς

1099 797 1129 823 τὸ
1146 797 1261 833 πρέπον,
1275 797 1312 829 ὡς
1324 798 1494 831 διδάσκαλος,
1508 799 1675 835 παρατίθησί
1689 809 1718 826 τε
1730 802 1762 835 τῇ
1778 801 1888 827 κολάσει

1100 842 1148 878 τὴν
1164 843 1217 880 τῷν
1238 844 1414 879 πταισμάτων
1438 846 1581 880 ἐξήγησιν,
1607 846 1676 872 αἰδοῖ
1691 848 1723 882 τῇ
1738 847 1802 882 περὶ
1819 847 1889 873 αὐτὰ

1100 888 1272 922 χαλεπαίνειν
1286 890 1335 916 οὐκ
1355 890 1407 917 ἐῶν
1421 891 1468 917 τὸν
1488 892 1698 927 ἐπιτιμώμενον.
1717 893 1889 928 Σημειωτέον

1100 933 1128 959 δὲ
1154 933 1194 959 ὅτι
1224 933 1304 960 πάλιν
1327 935 1425 961 οἰκεῖον
1448 936 1556 971 Πατέρα
1580 937 1713 963 ἀποκαλεῖ
1736 938 1889 972 μοναδικῶς

1100 978 1144 1004 τὸν
1160 977 1241 1011 Θεὸν,
1261 978 1297 1010 ὡς
1324 979 1406 1010 αὐτὸς
1418 979 1448 1015 δὴ
1461 979 1508 1006 καὶ
1528 980 1608 1015 μόνος
1623 982 1637 1007 ὁ
1652 981 1721 1007 κατὰ
1739 982 1820 1016 φύσιν
1838 982 1889 1007 ὑπ-

1101 1021 1191 1056 άρχων
1204 1021 1234 1053 ἐξ
1249 1021 1346 1053 αὑτοῦ,
1367 1022 1413 1049 καὶ
1428 1024 1624 1058 γεγεννημένος
1640 1024 1756 1058 ἀληθῶς.
1786 1025 1817 1051 Εἰ
1835 1024 1889 1060 γὰρ

1101 1067 1138 1102 μὴ
1152 1067 1244 1093 τοῦτον
1258 1067 1313 1102 ἔχει
1327 1067 1372 1094 τὸν
1387 1068 1502 1103 τρόπον,
1519 1069 1576 1095 ἔστι
1592 1070 1619 1096 δὲ
1635 1069 1721 1101 οὕτως
1735 1070 1793 1105 μεθ’
1811 1071 1890 1105 ἡμῶν

1099 1114 1113 1139 ὁ
1128 1113 1278 1147 Λὸγοςυὶὺς
1288 1134 1294 1145 ,
1318 1113 1354 1145 ὡς
1369 1112 1409 1146 εἷς
1422 1115 1451 1147 ἐξ
1462 1115 1553 1150 ἡμῶν,
1581 1116 1650 1142 κατὰ
1666 1116 1740 1142 Οέσιν
1755 1116 1888 1152 δηλονότι,

1100 1159 1147 1186 καὶ
1168 1160 1237 1186 κατὰ
1254 1160 1334 1194 μόνον
1347 1160 1377 1186 τὸ
1401 1161 1430 1186 ὲν
1448 1161 1555 1197 θελήσει
1574 1162 1619 1188 τοῦ
1635 1163 1754 1198 Πατρὶς,
1778 1164 1840 1190 ὅτου
1858 1163 1890 1198 δὴ

1100 1204 1178 1239 χάριν
1194 1204 1224 1230 τὸ
1248 1205 1334 1231 κοινὸν
1349 1205 1450 1240 δήπου,
1473 1206 1520 1232 καὶ
1537 1207 1603 1233 πᾶσι
1621 1208 1800 1242 προκείμενον
1821 1207 1892 1234 καύ-

1100 1258 1190 1284 χημα,
1216 1250 1294 1285 μόνος
1310 1251 1349 1282 εἰς
1366 1252 1459 1278 ἑαυτὸν
1473 1253 1589 1287 ἁρπάζει
1602 1253 1688 1286 λέγων
1700 1262 1705 1268 ·
1727 1253 1772 1288 Μὴ
1786 1255 1891 1280 ποιεῖτε

1099 1295 1145 1322 τὸν
1159 1294 1231 1321 οἷκον
1244 1296 1289 1322 τοῦ
1302 1297 1406 1332 Πατρός
1421 1306 1470 1331 μου
1480 1318 1487 1330 ,
1505 1298 1550 1324 καὶ
1571 1298 1629 1333 οὐχὶ
1647 1299 1746 1334 μᾶλλον
1758 1299 1804 1325 τὸν
1815 1297 1891 1326 οἷκον

1099 1339 1146 1365 τοῦ
1167 1340 1271 1374 Harpe;
1286 1341 1362 1375 ἡμῶν
1374 1349 1380 1373 ;
1393 1341 1477 1368 Τοῦτο
1490 1342 1543 1377 γὰρ
1556 1340 1589 1377 ἦν
1606 1342 1669 1374 ἴσως
1680 1343 1891 1379 ἀκολουοότερον

1101 1385 1204 1418 εἰπεῖν,
1234 1385 1311 1420 εἴπερ
1325 1386 1372 1412 ἕνα
1393 1386 1445 1412 τῶν
1461 1387 1511 1414 οὐκ
1534 1388 1617 1414 ὄντων
1642 1389 1711 1416 κατὰ
1726 1389 1805 1424 φύσιν
1823 1390 1891 1416 υἱῶν

1101 1430 1147 1456 καὶ
1164 1431 1259 1457 ἑαυτὸν
1276 1430 1448 1465 ἐξηπῖστατο.
1473 1433 1582 1468 Ἐπειδὴ
1599 1434 1627 1460 δὲ
1640 1435 1690 1461 οὐκ
1706 1435 1734 1461 ὲν
1749 1437 1806 1467 τοῖς
1818 1436 1892 1462 κατὰ

1101 1477 1180 1511 χάριν
1199 1478 1280 1508 υἱοῖς,
1303 1477 1361 1504 ἀλλ’
1379 1479 1410 1504 ἐκ
1433 1480 1481 1513 τῆς
1495 1479 1586 1511 οὐσίας
1611 1480 1674 1507 ὅντα
1690 1481 1736 1507 τοῦ
1760 1481 1828 1508 Θεοῦ
1843 1483 1891 1509 καὶ

1103 1521 1208 1556 Πατρὸς
1225 1522 1318 1548 ἑαυτὸν
1331 1522 1435 1555 όΛόγος
1447 1523 1511 1550 ὄντα
1525 1524 1664 1558 γινώσκει,
1677 1525 1728 1558 ἔξω
1739 1525 1792 1552 τῶν
1803 1527 1891 1554 ἄλλων

1102 1567 1219 1601 τίθησιν,
1237 1567 1301 1593 ἴδιον
1317 1568 1425 1602 Πατέρα
1438 1568 1528 1595 καλῶν
1541 1569 1586 1595 τὸν
1601 1570 1676 1596 Θεόν.
1695 1571 1823 1606 ’Λρμόσει
1840 1572 1892 1606 μὲν

1103 1611 1156 1646 γὰρ
1166 1613 1221 1642 τοῖς
1234 1613 1273 1643 εἰς
1288 1612 1397 1648 υίότητα
1411 1613 1598 1648 κεκλημένοις,
1609 1616 1655 1640 καὶ
1666 1615 1784 1642 ἐπακτὶν
1798 1616 1891 1651 ἔχουσι

1102 1657 1132 1683 τὸ
1145 1657 1254 1692 ἀξίωμα
1266 1658 1493 1693 προσευχομένοις
1508 1659 1636 1694 ἀναϐοᾷν·
1655 1669 1663 1685 ι
1678 1660 1768 1695 Πάτερ
1784 1661 1863 1696 ήμῶν
1876 1663 1891 1688 ὁ

1103 1704 1131 1729 ἐν
1148 1704 1203 1734 τοῖς
1218 1704 1356 1738 οὐρανοῖς·
1373 1713 1382 1730 ι
1399 1702 1438 1736 εἷς
1450 1704 1477 1730 δὲ
1493 1705 1539 1731 καὶ
1552 1706 1631 1740 μόνον
1643 1706 1672 1738 ἐξ
1689 1706 1747 1737 ἐνὸς
1759 1707 1891 1742 ὑπάρχων

1102 1749 1285 1785 ὁΜονογενὴς
1295 1770 1302 1781 ,
1325 1749 1390 1776 ἴδιον
1410 1751 1520 1782 εἰκότως
1543 1751 1706 1778 ἁποκαλέσει
1721 1752 1831 1786 Πατέρα
1845 1753 1890 1779 τὸν

1103 1795 1177 1822 Θεόν.
1206 1795 1237 1822 ΕΙ
1257 1795 1285 1822 δὲ
1308 1796 1346 1822 δεῖ
1369 1798 1426 1827 τοῖς
1451 1797 1639 1832 προκειμένοις
1662 1798 1888 1833 προσϐάλλοντας,

1102 1841 1282 1876 λογικώτερον
1307 1842 1459 1878 ἐφαρμόσαι
1482 1844 1537 1873 τοῖς
1566 1843 1694 1879 ἀνωτέρω
1719 1851 1766 1870 και
1791 1844 1890 1877 ταῦτα,

1103 1887 1253 1923 Θεωρητέον
1268 1889 1368 1924 ἑτέρως
1383 1889 1412 1915 τὸ
1427 1889 1603 1924 ἀνάγνωσμα,

1137 1976 1191 2003 Καὶ
1206 1974 1293 2010 εὗρεν
1311 1977 1346 2002 ἐν
1359 1976 1399 2009 τῷ
1411 1976 1477 2010 ἱερῷ
1489 1977 1558 2010 τοὺς
1574 1977 1750 2010 πωλοῦντας
1767 1978 1802 2004 τὰ
1817 1980 1890 2012 πρό-

1103 2022 1176 2048 ϐατα
1188 2021 1238 2048 καὶ
1255 2021 1325 2053 τοὺς
1339 2021 1426 2054 βόας,
1444 2022 1491 2048 καὶ
1509 2021 1542 2048 τὰ
1559 2021 1632 2056 ἑξῆς.

1137 2067 1192 2093 Θέα
1212 2067 1244 2101 δὴ
1270 2067 1350 2094 πάλιν
1365 2067 1424 2094 ὅλον
1444 2067 1495 2101 τῆς
1512 2067 1573 2094 καθ’
1598 2068 1671 2103 ἡμᾶς
1690 2067 1846 2103 οἰκονομίας
1862 2070 1892 2096 τὸ

1104 2113 1196 2148 σχῆμα
1205 2113 1249 2140 διὰ
1259 2113 1305 2140 δύο
1317 2114 1486 2150 πραγμάτων
1499 2114 1715 2148 ὲξυφαινόμενον.
1726 2114 1891 2141 Χαναναίων

1104 2159 1153 2193 μὲν
1161 2158 1214 2194 γὰρ
1221 2160 1276 2190 τοῖς
1283 2159 1352 2186 κατὰ
1360 2159 1407 2194 τὴν
1412 2159 1563 2191 Γαλιλαίαν,
1573 2167 1608 2193 φη
1614 2157 1653 2192 μὶ,
1664 2157 1710 2184 καὶ
1719 2158 1890 2184 συνεστιᾶται

1103 2203 1149 2229 καὶ
1163 2204 1486 2239 συναυλίξεταιΧριστὺς,
1500 2204 1547 2230 καὶ
1557 2203 1759 2238 ὁμοτραπέζους
1771 2204 1890 2229 ἐποιεῖτο

1102 2249 1166 2281 τοὺς
1175 2250 1341 2285 κεκληκότας
1349 2250 1439 2283 αὐτὸν,
1452 2250 1498 2277 καὶ
1508 2250 1551 2276 διὰ
1558 2249 1635 2277 τοῦτο
1643 2250 1813 2285 τιμήσαντας
1821 2258 1829 2264 θ
1843 2249 1890 2275 καὶ

1102 2296 1146 2322 διὰ
1161 2295 1280 2330 σημείων
1293 2296 1403 2330 ὠφελεῖ,
1414 2296 1460 2322 καὶ
1473 2295 1503 2321 τὸ
1522 2296 1614 2322 λεῖπον
1629 2296 1720 2326 αὐτοῖς
1734 2296 1772 2326 είς
1788 2295 1890 2330 εὐφρα-

1104 2342 1162 2368 σίαν
1175 2342 1325 2377 ἀναπληροῖ
1336 2351 1342 2358 ”
1356 2342 1402 2368 καὶ
1416 2342 1442 2368 τί
1457 2342 1492 2376 γὰ
1496 2350 1512 2377 ρ
1528 2341 1587 2376 οὐχὶ
1604 2341 1657 2367 τῶν
1671 2341 1781 2374 ἀγαθῶν
1795 2341 1889 2367 ἐπιδα-

1102 2387 1240 2422 ψιλεύεται
1254 2407 1262 2419 ,
1288 2388 1325 2419 ὼς
1343 2387 1386 2414 διὰ
1402 2387 1488 2414 τύπου
1512 2387 1660 2419 διδάσκων,
1678 2387 1718 2413 ὅτι
1742 2386 1790 2412 καὶ
1806 2394 1888 2422 προσ-

1101 2432 1204 2464 δέξεται
1219 2433 1282 2463 toi);
1298 2433 1347 2468 τῆς
1361 2433 1505 2464 Γαλιλαίας
1517 2433 1669 2468 οἰκήτορας,
1686 2431 1757 2458 τοῦτ’
1773 2431 1842 2462 ἔστι,
1855 2431 1888 2458 τὰ

1101 2477 1180 2512 ἔθνη,
1194 2477 1359 2512 κεκλημένος
1370 2498 1376 2510 ,
1402 2478 1439 2510 ὡς
1454 2478 1521 2513 πρὸς
1537 2478 1606 2504 αὐτὰ
1623 2478 1667 2504 διὰ
1688 2478 1737 2512 τῆς
1753 2478 1782 2503 ὲν
1797 2478 1888 2508 αὐτοῖς

1101 2522 1227 2554 πίστεως,
1242 2522 1288 2549 καὶ
1298 2524 1337 2554 είς
1351 2523 1395 2550 τὸν
1407 2524 1529 2558 οὐράνιον
1542 2522 1643 2555 εἰσάξει
1658 2523 1769 2555 παστδν,
1786 2523 1826 2554 εἰς
1839 2523 1888 2558 τὴν

1100 2568 1153 2594 τῶν
1178 2569 1356 2604 πρωτοτόκων
1380 2569 1542 2604 Ἐκκλησίαν
1564 2569 1680 2605 δηλαδὴ,
1710 2569 1756 2594 καὶ
1774 2570 1888 2594 συναναη

1100 2614 1185 2640 κλινεῐ
1199 2617 1253 2646 τοῖς
1266 2615 1351 2648 ἁγίοις
1364 2615 1432 2641 αὐτὰ
1451 2615 1649 2650 (συνανέκειντο
1659 2615 1713 2650 γὰρ
1724 2616 1780 2646 τοῖς
1791 2615 1886 2640 ἑστιω-

1102 2660 1190 2695 μένοις
1210 2662 1234 2687 οἱ
1256 2661 1327 2694 ἅγιοι
1347 2661 1485 2695 μαθηταὶ),
1509 2662 1621 2696 καὶτῆς
1643 2661 1719 2692 θείας
1738 2661 1784 2687 καὶ
1805 2668 1887 2687 πνευ-

1102 2707 1216 2741 ματικῆς
1231 2706 1443 2741 συμμεθέξουσιν
1460 2708 1555 2742 ἑορτῆς
1568 2727 1574 2739 ,
1593 2706 1663 2733 καθᾶ
1678 2707 1724 2733 καὶ
1738 2706 1819 2738 αὐτὸς
1835 2705 1886 2733 πού

1100 2761 1198 2789 φησιν·
1230 2762 1240 2780 ι
1260 2754 1320 2780 ’Ότι
1346 2753 1436 2780 πολλοὶ
1453 2753 1505 2780 ἀπὸ
1522 2753 1675 2786 ἀνατολῶν,
1702 2753 1750 2780 καὶ
1775 2752 1887 2790 δυσμῶν

635 2846 656 2862 ¹¹
672 2846 680 2874 ι
695 2845 758 2873 Cor.
775 2852 815 2879 ιιι,
833 2844 875 2872 l7.
916 2845 937 2860 θ’
960 2843 1055 2871 Matth.
1075 2850 1111 2874 γι,
1126 2842 1152 2870 9.
