2028 3118
141 159 194 186 255

672 156 704 185 ΙΝ
723 155 864 184 «ΙΟΑΝΝιὸ
884 154 1106 183 EVANGELIUM
1125 155 1188 182 Lm.
1212 156 1242 184 ιι.

1706 161 1759 188 23$

142 216 252 251 ἥξουσι,
281 217 328 243 καὶ
353 216 576 252 ἀνακλιθήσονται
606 217 674 251 μετὰ
708 216 850 251 Ἀϐραὰμ,
880 213 925 240 καὶ

980 212 1122 243 Abraham,
1141 217 1168 238 et
1183 213 1257 240 lsaac
1268 233 1274 244 .
1293 218 1318 240 et
1334 213 1417 240 Jacob
1428 214 1467 246 ",
1487 222 1498 240 ι
1519 215 1621 242 nullius
1634 221 1760 250 expertes

149 262 259 294 Ἰσαὰκ,
284 262 332 288 καὶ
351 262 447 289 Ἰακὼὸ
457 282 464 294 ,
483 272 492 288 ι
509 262 614 293 οὐδενὸς
629 262 721 293 αὐτοῖς
745 262 785 292 τίς
797 259 929 295 Θυμηδίαν

143 307 321 338 ὶλλείποντος.
349 316 358 333 ι
369 306 527 343 Εὐφροσύνη
541 307 595 342 γὰρ
606 307 713 338 αἰώνιος
729 306 797 342 ὑπὲρ
810 305 930 342 κεραλῆς

144 351 245 379 αὐτῶν.
267 361 277 377 ι
303 352 373 383 Τοὺς
397 351 426 378 δὲ
447 351 648 387 ἀπειθήσαντας
677 350 818 382 Ἰουδαίους
839 350 931 376 τόπων

146 398 195 433 μὲν
212 398 267 424 τῶν
286 398 369 432 ἁγίων
383 398 506 431 ὲκὸαλεῖ,
524 398 576 430 ἔξω
588 398 619 424 δὲ·
629 398 705 433 θήσει
719 397 768 432 τῆς
787 398 861 433 ἱερᾶς
875 396 930 423 τῶν

145 443 231 477 ἁγίων
250 442 396 477 περιὸολῆς
408 452 414 458 ·
438 443 506 469 ἀλλὰ
525 443 572 470 καὶ
586 443 771 479 προσάγοντας
786 442 820 469 τὰ
834 444 872 474 εἱς
885 441 932 469 θυ-

145 489 206 515 σίαν
222 489 254 515 οὑ
265 489 440 524 προσδέξεται
449 498 457 505 υ
471 489 580 516 κολάσει
594 489 622 515 δὲ
638 489 747 523 μᾶλλον,
761 488 807 515 καὶ
819 488 930 524 μάστιγι

145 534 285 569 ὑποθήσει,
300 536 405 570 σειραῖς
419 535 473 561 τῶν
486 535 593 562 οἰκείων
611 534 853 570 πλημμελημάτων
865 543 931 560 κατ-

144 580 498 616 εσιριγμένους.Ἀκουεγὰρ
505 581 627 615 λέγοντος
636 588 643 594 ·
658 581 773 616 ιἈρατε
788 580 874 608 ταῦτα
888 581 931 606 ὲν-

144 626 250 659 τεῦοεν,
266 636 276 652 ι
294 627 338 654 ἵνα
352 627 432 654 πάλιν
445 628 536 653 ἐκεῖνα
550 628 612 662 νοῇς
622 648 629 659 ,
642 627 661 654 ἃ.
679 627 710 661 δὴ
727 626 775 653 καὶ
789 625 870 652 πάλαι
887 625 932 652 διὰ

112 692 114 694 τ
145 670 236 705 ςωνῆς
248 669 295 696 τοῦ
308 671 446 706 προφήτου
463 671 544 706 φησιν
561 671 671 697 Ἡσαΐου
684 679 691 686 ·
710 680 719 696 ι
738 670 931 705 Ὀλοκαύτωμα

144 715 198 741 τῶν
212 716 310 751 κριῶν,
324 717 370 742 καὶ
385 717 468 752 στέαρ
482 716 586 752 ἀρνῶν,
602 717 648 743 καὶ
668 714 739 751 αἷμα
756 715 862 751 ταύρων
883 716 931 742 καὶ

143 761 254 796 τράγων
267 762 298 787 οὗ
322 762 468 797 βούλομαι,
488 763 543 789 οὐδ’
557 763 590 789 ἂν
606 763 722 798 ἕρχησθε
741 761 856 796 ὀφθῆναι
874 770 928 796 μοι.

145 804 192 836 Τίς
207 807 260 841 γὰρ
272 804 420 840 ἐξεζήτησε
429 806 514 832 ταῦτα
525 807 557 833 ὲκ
571 806 625 833 τῶν
638 806 735 842 χειρῶν
751 806 826 842 ὑμῶν
837 814 844 838 ;
873 807 930 832 Πα-

144 852 199 877 τεϊν
214 851 263 886 τὴν
277 852 360 887 αὐλήν
378 861 429 888 μου
458 853 488 879 οὐ
517 853 712 888 προσθήσεσθε.
746 852 808 879 Ἐὰν
830 852 930 887 φέρητε

980 257 1082 292 gaudii.
1111 266 1121 282 ι
1144 257 1250 283 Laetitia
1275 258 1346 284 cuitu
1373 259 1538 293 sempiterna
1568 267 1651 295 super
1679 268 1762 295 caput

979 309 1074 341 eorum
1086 302 1119 329 ".
1131 312 1140 328 ι
1153 303 1309 330 lncredulos
1321 308 1411 331 autem
1420 304 1528 334 Iudaeos
1535 306 1569 334 de
1577 307 1681 334 sancti:
1692 307 1760 335 locis

979 349 1154 381 exturbabit,
1168 353 1196 376 et
1213 353 1291 376 extra
1311 357 1389 377 sacra
1405 355 1563 379 sanctorum
1578 353 1680 380 mceuia
1705 359 1760 381 sta-

980 398 1059 420 tuet:
1083 394 1149 430 quin
1169 399 1196 422 et
1213 395 1349 423 sacriﬁcia
1364 395 1510 425 oll'erentes
1533 405 1586 425 non
1607 399 1760 434 suscipiet,

980 440 1028 467 sed
1042 447 1090 468 eos
1109 441 1199 475 potius
1214 442 1319 476 puniet,
1336 441 1485 477 ﬂagrisque
1499 443 1635 478 subjiciet,
1653 446 1761 474 catenis

980 494 1093 513 suorum
1113 487 1260 514 criminum
1285 488 1464 516 constrictos.
1486 489 1557 516 Audi
1576 490 1648 516 enim
1669 491 1762 518 dicen-

980 535 1035 559 tem
1052 541 1058 558 :
1073 541 1082 557 ι
1094 533 1206 559 Auferte
1224 533 1274 559 ista
1285 532 1359 566 hinc,
1373 542 1382 558 ι
1397 536 1426 560 ιιι
1447 533 1494 560 illa
1509 541 1607 561 rursus
1624 533 1762 569 intelligas

981 585 1041 613 qua:
1049 585 1097 612 per
1109 578 1184 606 Isaia
1193 586 1286 606 vocem
1301 579 1366 606 olim
1377 579 1486 606 locutus
1499 583 1555 607 est:
1575 588 1584 605 ι
1595 579 1763 607 llolocausta

980 624 1107 655 arietum,
1123 629 1150 651 et
1164 624 1271 659 adipem
1288 617 1432 659 agnorum.
1446 629 1473 652 et
1490 625 1652 659 sanguinem
1671 628 1764 652 tauro-

980 677 1041 696 rum
1059 675 1086 696 et
1097 669 1236 696 hircorum
1253 670 1327 702 nolo.
1339 678 1426 705 neque
1434 671 1550 698 veniatis
1568 674 1597 697 ut
1610 670 1764 705 appareatis

981 715 1059 742 mihi.
1074 715 1142 748 Quis
1156 716 1229 743 enim
1244 716 1369 751 quaesivit
1383 717 1440 744 haec
1454 717 1488 743 de
1503 717 1630 744 manibus
1645 715 1765 743 vestris?

980 759 1092 787 Calcare
1110 760 1209 788 atrium
1228 768 1318 788 meum
1340 768 1394 787 non
1415 761 1566 795 apponetis.
1593 760 1622 787 Si
1643 760 1764 788 aﬂ‘eratis

980 805 1095 832 similam
1109 825 1117 837 ,
1140 813 1240 832 vanum
1255 805 1397 833 incensum
1411 826 1418 836 .
1441 805 1609 833 abominatio
1626 806 1694 832 mihi
1709 810 1762 833 est.

981 851 1141 879 Neomcnias
1158 856 1279 885 vestras,
1300 857 1326 880 et
1344 852 1461 880 Sabhata
1475 874 1482 885 ,
1505 857 1532 880 et
1547 853 1618 880 diem
1635 860 1763 888 magnum

145 897 300 932 σεμίδαλιν,
327 898 439 932 μάταιον
459 898 599 933 Θυμίαμα,
631 898 768 933 βδέλυγμα
790 897 835 932 μοι
854 898 928 924 ἐστι·

983 903 1037 922 non
1055 895 1129 928 fero;
1150 896 1282 931 jejunium
1293 916 1301 928 ,
1316 902 1343 923 et
1358 897 1442 924 otium
1453 917 1461 929 ,
1472 900 1499 923 ct
1515 896 1702 934 solemnitates
1716 904 1765 923 ve-

144 939 194 970 τὶις
208 940 354 974 νουμηνίας
368 939 444 974 ὑμῶν
469 941 516 967 καὶ
529 941 562 968 τὰ
582 940 707 967 Σάϐϐατα
719 959 726 972 ,
752 941 799 967 καὶ¹
822 940 929 975 ἡμέραν

146 986 266 1021 μεγάλην
283 986 333 1012 οὐκ
349 986 488 1021 ἀνέχομαι.
514 987 667 1022 Νηστείαν,
689 987 736 1013 καὶ
756 985 869 1021 ἀργίαν,
883 986 929 1012 καὶ

144 1031 192 1062 τὰς
207 1031 303 1066 ἑορτάς
321 1032 396 1067 ὑμῶν
420 1032 522 1067 μισεῖή
537 1032 609 1067 ψυχή
629 1041 690 1067 μου.
711 1031 871 1066 Ἐγενήοητέ
884 1039 928 1066 μοι

144 1078 190 1109 τις
203 1078 360 1113 πλησμονὴν
369 1098 377 1111 ,
389 1079 481 1105 οὐκέτι
494 1079 586 1114 ἀνήσω
595 1079 645 1111 τὰς
661 1078 799 1114 ἁμαρτίας
814 1078 900 1113 ὑμῶν.
915 1088 925 1104 ι

982 944 1054 969 stras
1074 942 1133 969 odit
1154 944 1244 969 anima
1263 949 1332 969 mea.
1350 941 1426 970 Facti
1445 943 1513 970 mihi
1527 943 1594 970 cstis
1609 943 1636 970 in
1651 943 1764 971 satieta-

981 991 1034 1015 tem
1047 997 1052 1014 :
1068 995 1241 1023 nequaquam
1254 989 1323 1015 ultra
1337 988 1472 1016 dimittam
1486 993 1596 1023 peccata
1606 996 1695 1016 rasura
1703 989 1735 1016 ".
1752 999 1761 1014 ι

981 1032 1060 1065 Quod
1083 1033 1190 1068 ﬂagello
1213 1041 1229 1061 e
1248 1033 1359 1062 funibus
1380 1034 1452 1062 facto
1470 1035 1601 1069 praeclare
1615 1035 1762 1071 signiﬁcat.

983 1078 1079 1113 Flagra
1095 1079 1168 1107 enim
1185 1081 1263 1115 signa
1279 1084 1343 1108 sunt
1355 1081 1517 1116 punitiouis.

143 1124 233 1160 Ὅπερ
253 1125 351 1160 ἄριστα
369 1125 413 1152 διὰ
435 1124 520 1152 τύπου
543 1125 670 1161 σημαίνει
689 1125 719 1152 τὸ
743 1126 774 1151 ἐκ
788 1124 911 1159 σχοινίων
929 1123 1019 1156 αὐτοῖς
1033 1126 1178 1161 ἐπινοήσας
1203 1127 1374 1161 φραγέλλιον.
1391 1127 1535 1159 Κολάσεως
1565 1127 1619 1163 γὰρ
1653 1129 1763 1163 σημεῖον

144 1173 171 1199 αι
188 1173 330 1208 μάστιγες.

185 1217 395 1253 Ἐμνήσθησαν
405 1218 439 1246 δὲ
452 1221 479 1246 οι
490 1220 620 1255 μαθηταὶ
632 1220 734 1253 αὑτοῦ,
746 1220 790 1248 ὅτι
807 1228 930 1255 reman-

139 1265 234 1298 μένον
246 1265 333 1292 ἐστιν
349 1273 357 1280 ·
375 1265 406 1292 ’0
420 1265 510 1300 ζῆλος
523 1266 576 1293 τοῦ
587 1268 674 1294 οἴκου
688 1273 747 1294 σου
766 1265 929 1301 καταφάγε-

143 1310 191 1336 ταί
200 1318 249 1345 με.
271 1311 492 1345 Ἀπεκρίθησαν
504 1310 561 1339 οὖν
575 1313 602 1339 οι
617 1312 753 1340 Ἰουδαῖοι
762 1333 769 1344 ,
783 1312 831 1340 καὶ
844 1311 930 1339 εἶπον

143 1355 232 1388 αὐτῷ.

184 1401 367 1436 Ἐρανίζονται
383 1402 454 1429 κατὰ
471 1402 557 1438 βραχὺ
577 1403 607 1429 τὸ
625 1403 654 1430 ὲν
673 1403 771 1437 γνώσει
789 1403 891 1430 τέλειον
903 1403 928 1429 οἱ

143 1447 279 1482 μαθηταὶ,
306 1447 352 1474 καὶ
372 1449 430 1480 ταῖς
449 1447 502 1474 τῶν
517 1448 685 1484 πραγμάτων
698 1443 825 1475 ὲίιὸάσεσι
836 1449 870 1475 τὰ
882 1456 930 1482 γε-

142 1493 292 1530 γραμμένα
312 1495 513 1529 συμϐάλλοντες
529 1495 628 1530 πολλὴν
649 1495 698 1530 ήδη
711 1494 862 1521 δεικνύουσι
879 1495 928 1530 τὴν

142 1539 188 1565 hct
203 1539 233 1565 τὸ
249 1540 340 1574 μεῖζον
351 1540 481 1567 ἐπίδοσιν.

180 1585 211 1612 Τί
224 1585 351 1619 σημεῖον
372 1585 520 1618 δεικνύεις
532 1585 618 1620 ἡμῖν,
641 1585 686 1612 ὅτι
706 1586 797 1612 ταῦτα
814 1586 907 1618 ποιεῖς
917 1594 926 1617 ;

148 1629 304 1664 Ἀπεκρίθη
322 1631 436 1664 Ἰησοῦς
451 1631 499 1657 καὶ
516 1629 600 1657 εἶπεν
608 1630 718 1664 αὐτοῖς.

1020 1216 1062 1252 ll,
1083 1218 1184 1251 17,18.
1209 1219 1351 1247 Recordati
1377 1226 1439 1247 sum
1464 1229 1522 1248 vero
1542 1221 1664 1257 discipuli
1685 1223 1761 1257 ejus,

982 1264 1045 1298 quia
1070 1264 1197 1298 scriptum
1217 1269 1256 1291 est
1269 1273 1278 1291 :
1292 1264 1371 1292 Zelus
1393 1265 1487 1293 domus
1511 1271 1562 1293 tuta
1582 1268 1692 1294 comedit
1711 1277 1763 1294 me.

981 1309 1178 1345 Responderunt
1190 1318 1250 1359 er’qo
1260 1310 1361 1342 Judn'i,
1381 1315 1405 1338 et
1417 1311 1541 1338 dixerunt
1553 1312 1586 1338 ei.

1016 1399 1169 1427 Perfectam
1199 1399 1381 1434 cognitionem
1409 1399 1541 1434 paulatim
1569 1399 1761 1435 adipiscuntur

980 1444 1124 1480 discipuli,
1149 1451 1176 1472 et
1198 1453 1259 1472 cum
1283 1453 1375 1473 rerum
1399 1445 1473 1472 exitu
1492 1444 1652 1480 Scripturas
1670 1446 1763 1474 conte-

979 1495 1082 1523 rentes,
1103 1499 1229 1526 magnum
1245 1491 1299 1526 jam
1316 1492 1343 1518 iu
1369 1492 1465 1519 melius
1481 1491 1633 1526 profectum
1657 1501 1712 1528 prae
1732 1501 1763 1522 so

979 1537 1079 1564 ferunt.

1015 1583 1036 1610 ll
1047 1603 1053 1615 ,
1075 1583 1118 1611 l8.
1135 1583 1211 1616 Quod
1229 1585 1330 1618 signum
1351 1585 1466 1612 ostendis
1479 1585 1554 1612 nobis
1572 1586 1635 1621 quia
1648 1586 1704 1614 lum:
1714 1586 1760 1620 fa-

978 1629 1035 1656 cis?
1048 1626 1192 1662 Respondit
1210 1628 1289 1656 Iesus
1300 1649 1307 1660 ,
1324 1634 1347 1655 rt
1364 1630 1432 1657 dixit
1448 1631 1499 1657 eis.

177 1675 402 1709 Καταπλήττεται
415 1676 465 1709 τῆς
476 1675 600 1707 ἔξουσίας
620 1675 650 1702 τδ
673 1676 747 1709 ξένον
761 1677 778 1711 ἡ
792 1676 846 1703 τῶν
863 1676 926 1703 Ἰον-

1016 1674 1130 1702 Miratur
1155 1675 1305 1702 inauditam
1333 1676 1408 1702 illam
1433 1681 1594 1711 potestatem
1615 1678 1762 1706 multitudo

141 1719 223 1746 δαίων
238 1719 341 1754 πληθὺς
352 1740 359 1752 ,
382 1720 543 1755 δυσφοροῦσι
556 1720 584 1747 δὲ
602 1721 661 1748 λίαν
676 1722 699 1748 ot
721 1720 760 1757 τῷ
774 1721 830 1756 ναῷ
845 1730 928 1756 προσ-

80 1781 88 1788 .
141 1765 308 1800 εδρεὺοντες,
318 1765 421 1800 κερδῶν
432 1765 481 1791 οὐκ
489 1765 680 1801 εὐαριθμήτων
688 1766 926 1801 ἀποστερούμενοι.

141 1810 199 1836 Καὶ
209 1809 356 1844 διελέγχειν
372 1809 421 1844 μὲν
431 1809 479 1836 οὐκ
491 1809 606 1844 ἔχουσιν,
625 1810 663 1842 ὼς
674 1811 723 1837 οὐκ
735 1810 833 1847 ἄριστα
844 1811 926 1845 λέγει,

143 1857 180 1892 μὴ
193 1856 249 1883 δεῖν
262 1857 397 1892 ἐμπορίας
411 1854 483 1883 οἷκον
499 1856 544 1883 τὸν
560 1856 630 1883 θεῖον
644 1857 849 1884 ἀναδείκνυσθαι
865 1857 928 1884 ναὸν

141 1902 313 1929 ἐπιτάττων·
340 1901 498 1937 ὑπερθέσεις
514 1902 542 1929 δὲ
561 1902 642 1929 πάλιν
665 1903 698 1938 τῇ
721 1903 775 1929 τῶν
801 1903 928 1938 ἐμπόρων

142 1948 215 1982 φυγῇ
231 1947 484 1982 πραγματεύονται,
503 1948 533 1973 τὸ
549 1948 586 1983 μὴ
603 1948 701 1983 χρῆναι
715 1948 866 1984 προχείρως
879 1949 929 1975 ὑπ-

142 1993 228 2020 είκειν
241 1994 315 2029 αὐτῷ
326 1993 563 2029 προφασιζόμενοι,
581 1994 649 2028 μήτε
663 1994 927 2030 μὴνάπερισκέπτως

141 2039 182 2070 εἰς
194 2039 251 2065 υἱὸν
268 2038 467 2075 παραδέξασθαι
487 2039 534 2066 τοῦ
551 2039 617 2065 Θεοῦ
634 2039 677 2066 τὸν
698 2040 744 2067 ὑπ’
760 2040 864 2072 οὐδενὸς
880 2048 928 2075 ση-

143 2084 222 2119 μείου
234 2085 467 2120 μαρτυρούμενον.

183 2131 334 2165 Ἀπεκρίθη
344 2134 360 2158 ὀ
378 2132 506 2166 Ἰησοῦς,
525 2132 574 2159 καὶ
583 2130 666 2160 εἶπεν
675 2132 776 2166 αὐτοῖς
785 2140 792 2147 ·
810 2133 928 2160 Λύσατε

142 2177 197 2203 τὸν
214 2177 291 2204 ναὸν
312 2178 437 2210 τοῦτον,
464 2178 514 2205 καὶ
532 2178 567 2205 ὲν
587 2178 684 2212 τρισὶν
696 2178 821 2213 ἡμέραις
837 2178 927 2214 ἐγερῶ

141 2222 246 2249 αὐτόν.
264 2220 358 2250 Εἶπον
370 2221 427 2250 οὖν
444 2224 471 2250 οὶ
489 2223 634 2251 Ἰουδαῖοι.

179 2268 241 2299 Τοῖς
256 2268 286 2300 ἐξ
299 2268 405 2303 ἀγαθῆς
421 2270 607 2305 προαιρέσεως
618 2269 723 2297 αἰτοῦσι
730 2271 764 2297 τὰ
774 2270 864 2305 ἀγαθὰ
880 2271 927 2298 καὶ

141 2315 204 2341 λίαν
218 2314 334 2349 ἑτοίμως
344 2315 434 2350 ὀρέγει
451 2315 517 2346 Θεός
529 2324 535 2331 ·
563 2316 618 2347 τοῖς
635 2315 664 2342 δὶ
677 2315 818 2351 προσιοῦσι
832 2325 927 2352 πειρα⁸

143 2360 245 2392 πικῶς
255 2380 262 2392 ,
277 2361 326 2395 οὐχ
342 2360 414 2391 ὅπως
426 2361 546 2398 ἀρνεῖται
560 2361 639 2396 μόνον
654 2361 703 2396 τὴν
718 2362 760 2395 ἐφ’
773 2359 813 2393 οἷς
836 2362 868 2388 ἂν
883 2363 910 2388 αι
919 2375 925 2382 -

141 2407 210 2433 τῶσι
224 2407 389 2442 φιλοτιμίαν,
404 2407 471 2433 ἀλλὰ
483 2407 530 2433 καὶ
545 2407 575 2434 τὸ
591 2407 640 2442 τῆς
656 2407 788 2443 πονηρίας
801 2407 926 2444 ἔγκλημα

142 2451 325 2486 περιτίθησιν·
352 2451 443 2482 Οὕτως
464 2451 607 2482 αἰτοῦντας
631 2453 743 2487 σημεῖον
764 2453 827 2484 τοὺς
845 2453 928 2488 Φαρι-

143 2497 237 2528 σαίους
251 2497 280 2522 ὲν
290 2496 392 2531 ἑτέροις
403 2496 458 2523 τῶν
471 2496 645 2531 Εὑαγγελίων
655 2497 746 2528 τόποις
762 2496 872 2532 ἤλεγξεν
886 2499 925 2525 εἰ-

142 2543 203 2570 πὼν
215 2543 229 2569 ὁ
246 2543 351 2579 Σωτήρ*
368 2552 377 2567 ι
395 2543 477 2570 Γενεὰ
494 2544 598 2578 πονηρὰ
612 2543 659 2570 καὶ
675 2543 797 2578 μοιχαλὶς
813 2545 926 2579 σημεῖον

142 2589 269 2623 ἐπιζητεῖ
279 2608 287 2620 ,
311 2588 359 2615 καὶ
374 2589 484 2624 σημεῖον
497 2589 527 2614 οὐ
543 2588 682 2624 δοθήσεται
699 2590 767 2624 αὐτῇ
777 2610 785 2620 ,
804 2589 828 2615 εί
845 2589 882 2625 μὴ
897 2589 928 2616 τὸ

143 2636 258 2671 σημεῖον
266 2635 343 2662 Ἰωνᾶ
354 2635 400 2661 τοῦ
416 2635 564 2670 προφήτου.
576 2635 678 2671 Ὥσπερ
689 2635 743 2671 γὰρ
757 2633 890 2671 ἧνΊωνᾰς
898 2636 927 2662 ἒν

141 2683 177 2717 τῇ
191 2681 280 2716 κοιλίᾳ
289 2681 337 2707 τοῦ
346 2681 444 2716 κήτους
458 2682 530 2716 τρεῖς
546 2680 651 2716 ἡμέρας
666 2681 713 2708 καὶ
728 2682 801 2717 τρεῖς
815 2682 925 2714 νύκτας,

142 2729 230 2759 οὕτως
247 2728 324 2755 ἔσται
339 2727 388 2754 καὶ
403 2727 418 2753 ὸ
430 2727 495 2758 Υἱὸς
509 2727 557 2754 τοῦ
577 2726 719 2762 ἀνθρώπου
735 2727 763 2754 ὲν
779 2728 811 2762 τῇ
828 2728 925 2764 καρδίᾳ

139 2774 194 2809 τῆς
206 2774 258 2813 γῇς
271 2775 347 2810 τρεῖς
363 2773 469 2808 ἡμέρας
483 2773 530 2799 καὶ
545 2774 617 2807 τρεῖς
630 2772 738 2804 νύκτας.
755 2783 763 2798 ι
781 2773 869 2809 Ὅπερ
879 2772 925 2801 οὖν

980 1720 1146 1752 Iudaeorum,
1160 1725 1186 1747 et
1202 1728 1273 1755 aegre
1287 1720 1433 1749 admodum
1452 1722 1543 1750 ferunt
1556 1723 1602 1758 qui
1617 1723 1644 1751 in
1659 1725 1763 1760 templo

980 1765 1121 1798 sedebant,
1137 1774 1191 1793 non
1210 1774 1296 1800 pauco
1313 1775 1342 1794 se
1357 1772 1464 1802 quaestu
1479 1769 1599 1796 orbatos.
1613 1769 1706 1805 Neque
1720 1779 1762 1797 ve-

980 1819 1010 1838 ro
1028 1818 1141 1846 arguere
1157 1816 1270 1846 pOSsunt
1281 1820 1343 1839 eum
1361 1817 1492 1848 tauquam
1507 1822 1561 1841 non
1578 1818 1651 1843 recte
1667 1816 1762 1851 loqua-

979 1862 1042 1890 tur,
1058 1865 1119 1884 cunt
1139 1858 1270 1892 templum
1292 1857 1338 1885 Dei
1360 1860 1554 1894 negotiationis
1571 1860 1683 1888 domum
1705 1869 1760 1889 non

980 1909 1041 1929 esse
1053 1902 1206 1929 faciendum
1219 1904 1327 1936 statuit;
1342 1904 1391 1930 sed
1406 1908 1588 1931 mercatorum
1603 1905 1679 1941 14],
1692 1906 1760 1940 fuga

979 1955 1082 1975 moram
1096 1952 1217 1979 struunt,
1229 1954 1417 1983 praatcxentes,
1431 1957 1485 1976 non
1498 1957 1559 1977 esse
1575 1951 1649 1978 illico
1664 1959 1762 1986 parens

981 1994 1043 2021 dum
1056 1994 1098 2025 ei.
1118 2001 1206 2028 neque
1217 1998 1319 2021 temere
1343 2001 1391 2029 pro
1411 1994 1465 2022 tilio
1484 1995 1532 2022 Dei
1553 1996 1758 2032 recipiendum,

980 2039 1024 2074 qui
1039 2039 1115 2066 nullo
1131 2038 1219 2066 adhuc
1237 2039 1315 2074 signo
1330 2040 1366 2067 sit
1384 2040 1524 2074 probatus.

1013 2127 1046 2161 ll,
1064 2128 1108 2156 19.
1122 2127 1261 2161 Respondit
1275 2128 1365 2162 Iasus,
1381 2134 1405 2156 et
1421 2130 1489 2157 dixit
1507 2131 1544 2157 eis
1559 2138 1569 2158 .‘
1584 2131 1684 2159 Solvite
1695 2137 1761 2160 Iern-

977 2175 1050 2209 plum
1061 2175 1119 2207 hoc,
1129 2180 1154 2202 et
1166 2175 1192 2201 in
1202 2174 1383 2202 tribusdiebut
1392 2176 1524 2203 suscitabo
1539 2177 1616 2204 illud.
1631 2177 1759 2205 Diurunt

978 2228 1037 2256 ergo
1051 2219 1150 2247 Judaei.

1014 2267 1089 2295 Bono
1105 2267 1221 2296 consilio
1242 2267 1313 2295 bona
1333 2268 1488 2303 petentibus
1504 2273 1628 2304 prompte
1643 2270 1759 2305 largitur

981 2315 1051 2343 Deus
1075 2323 1088 2342 ι
1109 2315 1154 2349 qui
1176 2321 1240 2341 vero
1263 2314 1383 2341 tentandi
1403 2315 1488 2348 gratia
1511 2315 1631 2348 adeunt.
1651 2316 1686 2344 iis
1706 2325 1759 2344 non

981 2363 1068 2389 solum
1083 2369 1144 2396 quae
1158 2365 1252 2396 petunt
1266 2360 1358 2395 largiri
1373 2361 1480 2392 abnuit,
1493 2368 1586 2388 verum
1598 2362 1680 2389 etiam
1698 2363 1759 2389 illos

979 2407 1156 2442 malignitatis
1171 2406 1270 2441 arguit.
1286 2405 1332 2433 Sir.
1346 2405 1497 2434 Pharisaeos
1513 2408 1620 2442 signum
1637 2411 1760 2442 petentes

979 2453 1040 2480 aliis
1057 2453 1084 2479 in
1104 2451 1310 2486 Evangeliorum
1330 2451 1398 2478 locis
1416 2452 1507 2479 acrius
1519 2453 1702 2487 reprehendit,
1717 2453 1760 2480 di—

979 2505 1061 2525 cens:
1073 2506 1083 2522 ‹
1093 2496 1237 2524 Generatio
1249 2496 1317 2522 mala
1327 2500 1354 2523 et
1364 2496 1485 2524 adultera
1495 2496 1601 2532 signum
1614 2498 1721 2532 quaerit,
1732 2503 1760 2525 et

980 2544 1087 2578 signum
1097 2550 1150 2570 nan
1161 2543 1270 2570 dabitur
1280 2543 1315 2574 ei.
1329 2542 1382 2570 nisi
1397 2543 1506 2577 signum
1520 2542 1596 2571 Jonaa
1610 2545 1760 2580 propheta‘.

981 2590 1058 2618 Sicut
1074 2590 1147 2617 enim
1164 2589 1215 2616 fuit
1230 2588 1314 2616 Jonas
1334 2589 1361 2616 in
1376 2594 1469 2616 ventre
1491 2590 1544 2617 ceti
1561 2590 1651 2618 tribus
1664 2591 1761 2619 diebus

980 2640 1009 2664 et
1023 2636 1112 2664 tribus
1133 2635 1270 2667 noctihus,
1283 2635 1324 2662 sic
1333 2635 1385 2662 crit
1395 2633 1481 2662 Filius
1499 2635 1619 2664 hominis
1637 2637 1667 2664 in
1678 2638 1762 2665 Corde

979 2687 1061 2710 terrae
1079 2682 1167 2709 tribus
1184 2680 1281 2709 diebus
1302 2686 1328 2708 et
1348 2681 1438 2708 tribus
1457 2681 1585 2710 noctibus
1599 2682 1633 2709 ".
1652 2692 1662 2708 ι
1682 2681 1760 2716 Quod

979 2736 1044 2763 ergo
1060 2728 1115 2755 illis
1131 2727 1253 2760 dicebat,
1266 2727 1338 2755 istud
1356 2727 1437 2755 etiam
1453 2727 1508 2759 his,
1520 2728 1616 2763 paucis
1631 2728 1761 2756 immuta-

981 2774 1028 2802 tis.
1043 2773 1099 2804 ait;
1121 2772 1251 2799 tentando
1278 2772 1350 2799 enim
1376 2775 1491 2806 petunt,
1518 2777 1548 2799 ut
1575 2773 1622 2800 illi.
1647 2772 1761 2809 Signum

179 2862 203 2878 ‘3
214 2862 309 2890 Matth.
323 2870 382 2890 vm.
397 2861 440 2887 Η.
480 2861 501 2875 υ
515 2861 564 2888 lsa.
579 2868 614 2890 LI.
630 2860 669 2887 ll.
708 2860 728 2875 εδ
744 2861 794 2886 lsa.
811 2869 829 2893 ι,
849 2851 888 2894 εἰ,
906 2863 928 2888 Η

985 2862 1006 2875 ⁸⁸
1022 2861 1113 2888 Mum.
1130 2868 1183 2893 xu,
1202 2860 1223 2892 ί,
1239 2861 1264 2887 ὃ.

267 2910 402 2939 Parnm.
420 2909 475 2938 (iu.
495 2907 631 2938 LXXEII.

1551 2907 1570 2940 8
