2028 3118
253 150 306 178 235

741 147 770 175 S.
791 147 930 175 CYBILLI
947 146 1180 175 ALEXANDRINI
1211 146 1369 176 ARCHIEP.

1814 147 1874 181 οπο

252 209 342 232 autem
357 203 446 231 datum
462 202 554 237 utique
576 209 632 229 non
650 201 747 230 fuisset
769 210 803 231 eo
819 203 901 231 modo
917 203 1024 231 allectis

1090 205 1202 236 ἐκείνοις
1213 204 1276 241 ἔφη,
1301 205 1379 232 τοῦτο
1392 204 1438 232 καί
1457 206 1561 238 τούτοις
1576 207 1633 242 μετ’
1646 208 1738 245 ὀλίγης
1758 203 1874 244 ἐξαλλα-

253 251 305 278 nisi
321 250 358 278 ita
374 248 430 276 ﬁeri
451 248 532 284 plane
547 248 716 284 oportuisset
727 254 839 284 propter
854 255 976 277 nostram
994 257 1037 277 sa-

253 298 348 324 lutem.
365 294 511 322 Sciendum
540 301 606 322 vero
623 294 688 322 hinc
710 294 773 323 illos
805 295 866 330 ejus
886 295 1034 323 accusandi

251 350 362 370 causam
379 342 511 376 arripere,
528 348 591 369 cum
606 341 658 369 sub
669 341 768 369 Pontio
782 341 870 370 Pilato
889 341 958 370 falso
973 350 1035 377 pro-

253 389 344 416 ferunt
359 386 431 422 quod
449 394 504 414 non
518 386 684 414 audierunt:
701 387 777 422 «ipse
786 387 859 414 enim
875 387 954 419 dixit,
969 396 978 413 ι
992 387 1035 414 in-

255 434 364 468 quiunt,
380 443 389 458 ι
403 432 518 460 Possum
534 432 676 460 destruere
691 433 821 467 templum
838 432 944 460 Dci".t
961 433 1035 466 Quo-

250 481 324 508 circa
340 479 373 506 de
389 479 422 506 iis
442 478 552 506 dicebat
565 478 693 506 Christus
712 479 740 506 in
757 479 898 514 prophetis
913 488 919 507 :
937 489 946 505 ι
967 479 1035 506 Sur-

250 530 346 560 gentes
363 528 446 552 testes
459 524 564 559 iniqui,
578 532 638 559 qua:
653 525 814 560 ignorabant
828 525 1036 559 interrogabant

251 579 295 599 me
307 571 341 598 ⁸⁸.
358 580 368 597 ι
384 570 449 597 Item
465 578 471 596 :
491 579 500 595 ι
515 569 726 597 lnsurrexerunt
741 569 767 596 in
781 577 823 596 me
837 573 922 597 testes
935 569 1034 604 iniqui,

250 623 278 645 et
306 616 419 645 mentita
445 619 486 644 est
511 615 643 650 iniquitas
667 615 721 644 sibi
736 615 769 643 ”.
786 625 796 641 ι
821 615 881 643 Νοη
909 615 1035 643 hortatur

254 669 344 691 autem
361 663 423 690 illos
438 662 471 689 sd
486 662 647 696 patrandam
663 661 762 689 caedem
772 681 780 694 ,
795 669 855 689 cum
873 661 928 693 ait,
947 671 958 687 ι
976 661 1038 688 Sol-

250 711 304 737 vite
332 709 463 743 templum
490 709 561 739 hoc,
581 717 591 734 ι
621 708 668 735 sed
689 707 819 742 quoniam
841 707 868 734 id
890 715 938 735 eos
961 711 1036 735 certo

251 756 372 782 facturos
387 753 489 780 sciebat
501 773 508 786 ,
527 760 585 780 rem
607 752 726 780 futuram
744 752 859 788 ﬁgurate
873 752 987 779 indicat.

1090 251 1156 286 γῆς’
1172 252 1274 279 αἰτοῦσι
1290 251 1358 287 γὰρ.
1373 252 1410 284 ὡς
1426 253 1522 279 ἐκείνοι
1533 273 1540 285 ,
1566 254 1749 290 πειράζοντες.
1767 257 1824 284 Οὐκ
1840 258 1874 286 ἂν

1088 297 1117 323 δὲ
1131 297 1198 329 ὅλως
1212 299 1268 330 τοῖς
1283 298 1368 330 οὕτως
1389 298 1479 333 ἔχουσι
1495 299 1606 335 γνώμης
1617 301 1677 327 οὐδὲ
1691 302 1769 329 τοῦτο
1784 303 1875 331 δέδοτο

1089 343 1119 369 τὸ
1132 345 1253 378 σημεῖον,
1268 344 1292 370 εί
1305 343 1342 379 μὴ
1354 345 1462 376 πάντως
1471 345 1523 371 ἔδει
1533 346 1658 379 γενέσθαι
1671 347 1714 375 διὰ
1726 349 1776 384 τὴν
1787 350 1874 377 ἀπάν-

1088 397 1142 415 των
1153 389 1232 425 ήμῶν
1245 398 1315 424 σωτη
1321 389 1390 424 ρίαν.
1412 390 1509 417 Ἰστέον
1523 391 1552 417 δὲ
1567 391 1607 418 ὅτι
1623 392 1723 428 ταύτην
1735 394 1810 430 αὐτῷ
1821 395 1874 430 τῆς

1089 435 1255 470 κατηγορίας
1269 436 1318 471 τὴν
1334 436 1469 471 πρόφασιν
1484 437 1645 473 ἐποιήσαντο
1656 460 1663 471 ,
1688 439 1810 474 λέγοντες
1825 442 1873 468 ἐπὶ

1091 481 1203 508 Ποντίου
1220 482 1334 509 Πιλάτου
1348 482 1548 518 διεψευσμένως
1558 504 1564 516 ,
1590 483 1658 520 ὅπερ
1672 485 1722 512 οὐκ
1735 486 1871 521 ἥκουσανδ

1096 527 1194 560 (Αὐτὸς
1204 528 1260 564 γὰρ
1269 528 1331 564 ἔφη,
1344 529 1436 564 ιφησὶ,
1449 529 1584 564 ιΔύναμαι
1594 530 1797 559 καταλῦσαιτδν
1807 532 1874 560 ναὸν

1087 572 1135 600 τοῦ
1150 573 1227 601 Θεοῦ.
1242 584 1252 600 ι
1268 575 1313 602 Διδ
1327 575 1358 610 δὴ
1375 576 1422 602 καὶ
1432 575 1475 602 ἐπ’
1494 576 1585 608 αὐτοῖς
1595 577 1624 602 ὲν
1639 578 1790 613 προφήταις
1805 579 1872 613 ἐφα-

1086 627 1151 646 σκεν
1162 621 1176 646 ό
1185 621 1300 657 Χριστός
1310 630 1317 637 ·
1330 631 1340 647 ‹
1351 622 1526 654 Ἀναστάντες
1539 623 1674 658 μάρτυρες
1684 624 1779 657 ἄδικοι,
1793 624 1811 651 ὃ.
1820 625 1871 652 οὐκ

1087 665 1233 698 ἐγίνωσκον
1249 666 1399 702 ἐπηρώτων
1414 675 1457 702 με.
1471 677 1480 693 t
1509 669 1564 694 Καὶ
1579 668 1669 700 πάλιν,
1684 669 1724 696 ὅτι
1740 679 1750 695 ‹
1770 670 1870 697 Ἐπαν-

1087 710 1203 746 ἐστησάν
1219 720 1263 747 μοι
1278 713 1414 748 μάρτυρες
1426 713 1524 744 ἄδικοι,
1537 715 1583 740 καὶ
1594 713 1725 748 ἐψεύσατο
1743 716 1758 750 ή
1778 715 1869 742 ἀδικία

1087 756 1181 792 ἑαυτῇ.
1198 767 1208 784 t
1235 759 1273 785 Οὐ
1304 759 1452 794 προτρέπει
1478 759 1506 785 δὲ
1522 760 1618 791 αὐτοὺς
1639 760 1678 791 είς
1703 760 1869 795 μιαιφονίας,

252 810 260 826 ι
274 799 378 826 Λύσατε
393 798 440 825 τὸν
451 798 514 824 ναδν
531 797 634 830 τοῦτον,
649 807 658 824 t
672 797 757 824 εἰπών
768 806 776 815 ·
791 797 848 824 ἀλλ’
861 797 1040 834 ἑπείπερῇδει
1059 799 1207 836 δράσοντας
1224 803 1423 840 ἀνυπερθέτως,
1439 804 1504 831 αὐτὸ
1521 805 1550 831 τὺ
1566 805 1752 841 συμϐήσεσθαι
1773 807 1871 842 μέλλον

248 847 350 883 ἠθικῶς
365 845 561 873 ὑπαινίττεται.

282 894 320 928 ll,
340 894 385 922 9.0.
407 894 594 930 Quadraginta
613 898 638 921 et
654 902 699 921 sea:
715 894 792 921 armis
813 893 974 928 tardi/iratum
996 902 1027 922 es,

1124 896 1351 930 Τεσσαράθιοντα
1361 897 1410 924 καί
1424 897 1458 930 ἐξ
1470 898 1570 925 ἔτεσιν
1579 899 1750 934 ᾠκοδομήθη
1766 903 1783 928 d
1796 903 1870 936 ναός

247 941 372 976 templum
402 941 473 973 hoc,
503 946 527 968 et
560 945 587 966 tu
618 940 646 966 in
677 939 760 967 tribus
788 939 879 969 diebus
905 940 1032 968 excitabit

246 987 315 1015 illud
329 989 342 1016 .7

282 1034 405 1070 Hysterii
427 1033 600 1061 altitudinem
623 1040 678 1060 non
703 1033 901 1068 intelligentcs,
920 1033 1032 1069 signum

246 1080 378 1111 irrident,
396 1082 424 1106 et
442 1078 555 1105 inscitia
568 1085 625 1105 suae
639 1078 765 1104 morbum
781 1083 913 1113 tanquam
928 1079 1031 1112 justam

245 1126 269 1152 ei
294 1133 347 1152 non
370 1124 483 1159 parendi
499 1131 609 1151 causam
633 1123 786 1158 arripiunt,
804 1123 901 1158 reique
916 1123 1032 1151 ditﬁcul-

245 1175 327 1198 talem
343 1170 414 1205 apud
433 1179 462 1198 se
481 1169 691 1205 perpendentes,
712 1169 838 1197 frivolam
855 1170 935 1197 istam
953 1170 1032 1204 polli—

244 1217 404 1244 citationem
419 1216 599 1248 existimant,
623 1219 650 1242 et
673 1223 733 1250 quae
750 1215 874 1250 praestari
892 1219 1029 1250 nequeat:

244 1263 361 1297 ideoque
386 1270 449 1289 vere
468 1261 501 1288 de
517 1261 553 1288 iis
573 1261 629 1288 dici
654 1268 734 1295 posse
747 1260 854 1288 videtur
870 1261 944 1296 quod
960 1269 1031 1289 scri-

244 1312 320 1342 ptum
335 1311 376 1334 est
392 1317 398 1334 ε
422 1315 432 1332 ι
445 1306 635 1334 Obscnrentur
653 1306 725 1333 oculi
737 1313 835 1334 eorum
847 1314 883 1334 ne
892 1306 1006 1334 videant
1021 1316 1029 1334 :

244 1357 270 1380 et
290 1353 403 1380 dorsum
428 1352 505 1387 142
530 1360 626 1379 eorum
647 1359 754 1387 semper
773 1353 888 1380 incurva
905 1353 939 1386 9";
962 1362 971 1380 ›
1001 1358 1030 1381 ut

244 1399 373 1426 deorsum
390 1397 591 1432 quodammodo
605 1398 730 1430 curvati,
749 1402 775 1424 et
787 1397 814 1424 in
833 1398 905 1426 solas
918 1405 961 1425 res
976 1403 1030 1426 ter<

243 1450 325 1471 renas
340 1443 418 1478 proni
432 1462 440 1474 ,
461 1442 588 1470 sublimia
599 1442 766 1470 Christiana:
780 1444 889 1478 pietatis
904 1444 1029 1480 dogmata

243 1490 343 1517 intueri
361 1489 518 1516 nullatenus
531 1489 643 1524 possint
665 1498 671 1516 :
688 1497 744 1516 non
758 1489 898 1518 invidente
911 1490 964 1518 Deo
979 1491 1029 1519 ho-

245 1536 349 1564 minum
366 1539 484 1564 amante.
502 1534 548 1561 sed
564 1534 639 1569 justo
649 1534 784 1569 supplicio
798 1535 968 1563 intoleranda
983 1543 1029 1563 eo-

1083 939 1183 976 οὗτος,
1194 942 1243 968 καὶ
1257 942 1297 969 σὺ
1307 942 1342 969 ἐν
1354 943 1451 977 τρισίν
1462 943 1584 979 ἡμέραις
1599 945 1711 980 ἐγερεῖς
1721 948 1834 980 αὐτόν;

1117 1030 1265 1065 Διαγελῶσι
1287 1032 1317 1058 τὸ
1333 1033 1458 1067 σημεῖον,
1470 1033 1500 1059 οὐ
1514 1033 1639 1067 συνέντες
1656 1035 1702 1062 τοῦ
1718 1037 1867 1073 μυστηρίου

1082 1076 1114 1103 τὸ
1132 1076 1230 1111 βάθος,
1254 1077 1407 1112 ἁρπάζουσι
1430 1077 1459 1103 δὲ
1479 1078 1529 1113 τῆς
1551 1079 1655 1106 ἑαυτῶν
1676 1081 1796 1115 ἀμαθίας
1817 1083 1868 1119 τὴν

1082 1124 1158 1149 νόσον
1179 1122 1219 1154 είς
1237 1121 1346 1156 εὔλογον
1369 1123 1495 1158 ἀφορμὴν
1506 1123 1552 1150 τοῦ
1570 1124 1606 1160 μὴ
1621 1125 1768 1153 ὑπακούειν
1782 1127 1867 1163 αὐτῷ,

1081 1168 1128 1194 καὶ
1145 1167 1194 1202 τὴν
1208 1167 1262 1194 ἀπὺ
1283 1167 1330 1194 τοῦ
1348 1168 1509 1203 πράγματος
1526 1170 1679 1201 ἐννοοῦντες
1697 1171 1866 1208 δυσχέρειαῆ

1081 1213 1119 1245 ὡς
1145 1214 1240 1247 εἰκαίῳ
1263 1212 1349 1248 λόγῳ,
1377 1214 1476 1248 μᾶλλον
1495 1214 1511 1250 ἢ
1533 1216 1598 1251 περὶ
1615 1216 1670 1243 τῶν
1683 1218 1801 1252 ἐφικτῶν
1817 1219 1868 1246 ὑπ-

1082 1260 1248 1294 ισχνουμένῳ
1261 1260 1480 1295 προσεσχήκασιν
1491 1280 1497 1291 ,
1513 1261 1555 1288 ἵνα
1567 1262 1692 1297 φαίνηται
1706 1263 1735 1290 τὸ
1746 1272 1868 1301 γεγραμ-

1082 1305 1161 1340 μένον
1168 1306 1211 1332 ἐπ’
1219 1306 1310 1337 αὐτοῖς
1318 1306 1417 1342 ἀληθές
1428 1314 1435 1321 ·
1445 1315 1455 1332 ι
1468 1307 1691 1342 Σκοτισθήτωσαν
1701 1310 1724 1335 οί
1733 1310 1868 1346 ὀφθαλμοὶ

1080 1349 1170 1377 αὐτῶν
1182 1350 1228 1376 τοῦ
1245 1350 1280 1384 μὴ
1294 1350 1411 1385 βλέπειν,
1427 1351 1474 1377 καὶ
1488 1351 1534 1377 τὸν
1545 1351 1629 1378 νῶτον
1639 1352 1728 1380 αὐτῶν
1741 1352 1866 1389 σύγκαμ-

1080 1396 1129 1432 ψον
1143 1396 1186 1423 διὰ
1201 1396 1309 1428 παντὸς,
1328 1397 1371 1423 ἴνα
1382 1397 1482 1432 τρόπον
1493 1397 1555 1424 τινὰ
1567 1398 1642 1424 κάτω
1653 1398 1802 1432 κεκυφότες
1809 1399 1867 1432 ἀεὶ,

1079 1443 1127 1469 καὶ
1137 1443 1176 1474 είς
1192 1442 1260 1478 μόνα
1271 1433 1357 1469 τά’ὲπὶ
1372 1443 1423 1478 γῆς
1434 1442 1625 1475 κατανεύογτες
1639 1444 1800 1479 πράγματα.
1811 1445 1868 1472 τῶν

1081 1488 1190 1524 ὑψηλῶν
1205 1488 1253 1524 τῆς
1267 1489 1307 1520 είς
1323 1488 1440 1524 Χριστὸν
1452 1488 1593 1520 εὐσεϐείας
1614 1489 1757 1525 δογμάτων
1781 1491 1865 1526 μηδεο

1082 1534 1145 1569 μίαν
1161 1534 1280 1569 δέχοιντο
1297 1534 1422 1570 Θεωρίαν,
1443 1535 1472 1561 οὐ
1495 1535 1688 1570 βασκαίνοντος
1709 1537 1800 1568 αὐτοῖς
1819 1538 1868 1564 ἐστὶ

244 1589 304 1609 rum
317 1581 432 1609 crimina
449 1580 594 1615 puniente.
604 1580 692 1608 Cerne
703 1581 776 1608 enim
792 1589 845 1616 quo
858 1581 938 1616 pacto‘
950 1589 1026 1610 suam

1079 1579 1183 1611 τούτοις
1197 1579 1243 1606 τοῦ
1258 1578 1447 1615 φιλανθρώπου
1462 1580 1540 1613 Θεοῦ,
1557 1581 1710 1617 ισοστάθμῳ
1722 1582 1751 1608 δὲ
1765 1582 1866 1618 μᾶλλον

243 1627 294 1662 ipsi
309 1627 428 1654 animam
444 1626 548 1653 violant
572 1631 654 1661 atque
682 1631 871 1654 contemnunt.
895 1627 1027 1656 Dominus

242 1672 316 1700 enim
331 1674 425 1698 noster
438 1669 519 1698 Jesus
535 1670 664 1698 Christus
687 1679 766 1698 suum
789 1672 903 1699 vocabat
919 1669 1026 1699 Patrem

244 1717 328 1744 Deum
339 1736 346 1749 ,
361 1715 457 1743 dicens
481 1723 488 1743 :
510 1724 519 1741 ι
533 1715 622 1743 Nolite
638 1715 729 1743 facere
745 1715 856 1743 domum
868 1715 958 1743 Patris
974 1716 1027 1743 mei

242 1763 353 1790 domum
377 1761 575 1797 negotiationis
601 1761 635 1789 “.
653 1771 663 1788 ι
692 1762 726 1788 At
752 1769 814 1788 cum
837 1761 933 1789 deceat
952 1761 1027 1796 ipsos

240 1817 303 1837 eum
322 1808 420 1836 Filium
445 1816 477 1837 ac
502 1807 587 1836 Deum
601 1828 609 1840 ,
636 1812 730 1843 utpote
753 1807 799 1843 qui
819 1815 853 1835 ex
871 1807 926 1836 Deo
945 1807 1026 1836 Patre

240 1855 354 1887 etl‘ulsit,
374 1855 540 1891 intelligere,
562 1854 666 1882 nudum
693 1858 784 1881 tamen
804 1854 940 1881 hominem
966 1858 993 1881 et
1010 1861 1026 1881 e

240 1901 321 1931 nobis
340 1909 423 1929 unum
437 1901 593 1937 quempiam
618 1907 680 1928 esse
704 1900 831 1927 credunt.
850 1899 1024 1935 Proindeque

242 1953 348 1983 tempus
371 1948 443 1982 quod
463 1946 622 1974 aediﬁcando
643 1946 744 1981 templo
768 1945 936 1980 insumptum
960 1949 1023 1979 est,

240 1994 392 2029 objiciunt,
418 1992 564 2021 dicentes:
589 2001 598 2018 ι
616 1991 801 2027 Quadraginta
823 1996 850 2019 et
878 1999 925 2019 se:
944 1991 1024 2019 annis

239 2039 401 2067 aediﬁcatum
415 2044 457 2066 est
471 2038 601 2073 templum
618 2038 680 2068 hoc,
697 2041 723 2065 et
739 2041 766 2064 tu
783 2038 809 2063 in
822 2036 911 2064 tribus
927 2035 1023 2064 diebus

238 2084 372 2112 excitabis
387 2083 501 2111 illud?»
523 2082 588 2114 Sed.
607 2090 623 2109 ο
649 2089 709 2114 vos,
733 2080 888 2108 omnimoda
911 2081 1022 2108 vesania

238 2131 318 2163 νίκη-ἥ,
332 2131 393 2166 jure
407 2130 553 2165 quispiam,
569 2128 676 2164 opinor,
694 2127 847 2160 dixerit;si
860 2127 937 2154 vobis
945 2135 1022 2155 mens

238 2177 326 2212 sapit,
349 2177 372 2204 si
393 2176 525 2210 templum
539 2174 606 2202 illud
623 2177 743 2201 vestrum
768 2171 815 2200 Dei
834 2173 945 2200 domum
961 2179 1022 2200 esse

238 2222 368 2253 creditis,
386 2220 522 2256 quomodo
540 2227 594 2246 non
619 2219 741 2254 oportuit
765 2225 827 2245 eum
853 2225 915 2246 esse
935 2217 1019 2246 Deum

239 2267 388 2296 secundum
405 2270 529 2293 naturam
550 2264 703 2299 intelligere
714 2283 723 2297 ,
738 2264 784 2299 qui
803 2264 914 2299 impune
928 2264 1019 2291 dicere

237 2320 322 2340 ausus
334 2316 392 2340 est:
405 2310 508 2338 tNolite
521 2309 611 2338 facere
620 2309 731 2337 domum
743 2309 832 2337 Patris
841 2311 894 2337 mei
908 2309 1018 2337 domum

237 2357 429 2394 negotiationis
438 2357 469 2384 ἲ»
489 2357 584 2391 thuo
598 2360 687 2391 pacto,
699 2363 804 2390 quaeso,
816 2355 1019 2391 longistempo-

235 2412 296 2432 rnm
313 2403 410 2438 spatiis
426 2402 460 2429 ad
477 2402 561 2429 unius
579 2401 679 2429 domus
699 2404 867 2429 structuram
889 2401 1020 2436 opusjlli

236 2449 340 2477 fuerit?
359 2452 406 2476 aut
430 2447 566 2482 quomodo
591 2446 644 2473 ulla
670 2447 697 2473 in
725 2453 755 2473 re
776 2446 936 2474 imbecillior
961 2445 1018 2474 fue-

236 2496 271 2521 rit
284 2515 291 2527 ,
316 2494 360 2529 qui
389 2497 491 2528 septem
506 2493 636 2519 duntaxat
651 2499 765 2520 numero
789 2492 885 2520 diebus
903 2493 1014 2520 univer-

237 2546 296 2566 sum
319 2538 371 2566 hoc
395 2537 525 2566 inetl‘abili
545 2538 647 2565 virtute
667 2537 818 2565 fabricatus
835 2542 895 2570 est,
917 2542 944 2566 et
967 2539 1015 2574 qui

235 2585 306 2618 quod
318 2583 506 2611 tantummodo
521 2583 579 2610 vult
594 2583 705 2618 potest?
721 2584 784 2611 Haec
798 2584 869 2611 enim
882 2584 1016 2612 testimare

235 2629 349 2656 debebat
361 2629 480 2664 populus
494 2637 635 2657 sacrarum
653 2629 817 2657 Litterarum
829 2631 945 2665 peritus.

268 2717 306 2751 ιι,
321 2719 413 2751 2132.
436 2717 486 2747 Illa
503 2724 590 2747 autent
609 2719 711 2746 dicebat
730 2719 761 2747 de
781 2719 876 2754 templo
897 2719 1012 2754 corporis

233 2766 283 2792 sui.
307 2764 373 2792 Cum
396 2773 454 2800 ergo
478 2766 662 2793 resurrexiaset
681 2774 698 2792 α
724 2766 851 2798 mortuis,
881 2764 1013 2792 recordati

1079 1625 1237 1658 κολάζοντος
1269 1625 1329 1661 δίκῃ
1362 1626 1424 1658 τοὺς
1455 1627 1579 1662 ἀφόρητα
1603 1627 1863 1663 πλημμελήσαντας.

1079 1670 1150 1706 Ὅρα.
1166 1671 1219 1706 γὰρ
1230 1671 1302 1702 ὅπως
1315 1672 1434 1707 ἀνοήτως
1449 1672 1588 1708 ὑϐρίζουσι
1605 1673 1654 1708 τῆς
1669 1673 1771 1700 ἑαυτῶν
1784 1674 1866 1708 ἀφει-

1081 1716 1210 1752 δήσαντες
1237 1717 1335 1752 ψυχῆς.
1368 1718 1396 1744 '0
1416 1718 1465 1752 μὲν
1484 1718 1537 1754 γὰρ
1551 1718 1651 1754 Κύριος
1665 1718 1742 1754 ἡμῶν
1759 1718 1864 1754 Ἰησοῦς

1075 1761 1192 1797 Χριστὸς
1199 1761 1263 1788 ἴδιον
1279 1761 1370 1789 ἐκάλει
1382 1763 1492 1798 Πατέρα
1505 1763 1550 1789 τὸν
1559 1763 1650 1797 Θεὸν,‹
1665 1764 1710 1799 Μὴ
1723 1766 1836 1796 ποιεῖτε,
1851 1775 1858 1790 ι

1076 1806 1174 1841 λέγων,
1188 1807 1247 1833 «τὸν
1263 1805 1336 1834 οἷκον
1353 1807 1398 1835 τοῦ
1415 1809 1520 1844 Πατρός
1539 1818 1589 1844 μου
1604 1809 1676 1836 οΐκον
1690 1811 1833 1845 ἐμπορίου.
1850 1819 1859 1836 ι

1075 1849 1141 1879 Εἶτα
1159 1853 1217 1879 δέον
1239 1854 1336 1885 αὐτοὺς
1354 1854 1416 1880 Υἱὸν
1435 1855 1484 1890 ἤδη
1513 1855 1560 1881 καὶ
1575 1855 1658 1886 Θεὸν,
1683 1855 1720 1887 ὡς
1737 1856 1769 1882 ὲκ
1793 1856 1862 1882 θεοῦ

1075 1899 1180 1934 Πατρὸς
1204 1899 1341 1934 πεφηνότα
1358 1901 1446 1933 νοεῖν,
1469 1900 1612 1936 ἄνθρωπον
1632 1901 1670 1927 ἔτι
1687 1901 1790 1936 γυμνὸν
1814 1903 1863 1928 καὶ

1074 1944 1127 1970 τῶν
1149 1943 1209 1971 καθ’
1231 1945 1306 1979 ἡμᾶς
1326 1944 1458 1980 ὑπάρχειν
1480 1945 1529 1972 ἕνα
1551 1945 1718 1974 πιστεύουσι.
1745 1947 1796 1974 Διά
1820 1956 1862 1974 τοι

1074 1990 1205 2017 τοῦτοκαὶ
1220 1991 1267 2017 τὸν
1279 1991 1326 2018 ἐπὶ
1339 1992 1372 2027 τῇ
1391 1991 1438 2018 τοῦ
1449 1991 1514 2019 ναοῦ
1529 1994 1684 2028 κατασκευῇ
1700 1993 1856 2029 δαπανηθέ-

1073 2045 1122 2063 ντα
1132 2036 1226 2071 χρόνον
1239 2037 1409 2072 προτείνουσι
1419 2036 1552 2071 λέγοντες,
1568 2037 1793 2073 (Τεσσαράκοντα
1808 2039 1856 2066 καὶ

1073 2081 1102 2113 ἓξ
1116 2082 1202 2108 ἔτεσιν
1216 2081 1375 2117 ᾠκοδομήθη
1394 2083 1408 2108 ὁ
1426 2083 1489 2114 ναὸς
1504 2081 1596 2116 οὗτος-
1615 2085 1661 2111 καὶ
1676 2086 1709 2112 σὺ
1723 2086 1752 2112 ἐν
1768 2087 1861 2121 τρισὶν

1073 2128 1189 2162 ἡμέραις
1212 2127 1318 2162 ἐγερεῖς
1341 2127 1422 2154 αὐτόν
1435 2136 1441 2161 ;
1456 2138 1465 2154 ι
1492 2129 1571 2162 Ἀλλ’,
1584 2127 1605 2156 ὦ
1623 2131 1694 2166 πάσῃ
1713 2131 1860 2166 μεθύοντες

1072 2172 1202 2207 ἀπονοίᾳ,
1215 2171 1325 2203 δικαίως
1337 2172 1369 2198 ἂν
1383 2170 1458 2208 οἶμαι
1471 2173 1559 2207 λέγειν
1572 2175 1662 2206 αὐτοῖς
1671 2195 1677 2205 ,
1692 2175 1716 2201 εί
1733 2175 1812 2210 σοφὸς
1829 2177 1860 2202 ὲν

1072 2217 1134 2252 ὑμῖν
1147 2217 1288 2252 ἐνῴκισται
1303 2217 1380 2250 νοῦς,
1405 2219 1428 2245 εί
1445 2219 1491 2245 τὸν
1506 2219 1570 2255 παρ’
1584 2220 1648 2254 ὑμῖν
1667 2219 1730 2247 ὅντα
1741 2221 1804 2247 ναὸν
1817 2219 1857 2248 οἵ·

1071 2271 1119 2290 κον
1137 2260 1206 2290 εἶναι
1219 2262 1285 2289 Θεοῦ
1303 2264 1460 2297 πιστεύετε,
1485 2265 1544 2296 πῶς
1563 2266 1612 2291 οὐκ
1636 2265 1688 2291 ἔδει
1705 2265 1771 2293 Θεὸν
1792 2266 1857 2293 ὄντα

1071 2309 1141 2336 κατὰ
1154 2308 1233 2343 φύσιν
1241 2310 1341 2336 ἐννοεῖν
1352 2309 1395 2336 τὸν
1406 2310 1554 2343 ἀκινδύνως
1561 2312 1649 2338 εἰπεῖν
1663 2312 1838 2347 θαρσήσαντα
1847 2319 1854 2326 ’

1073 2364 1081 2380 ι
1087 2355 1133 2390 Μὴ
1142 2356 1241 2382 ποιεῖτε
1247 2356 1292 2382 τὸν
1297 2353 1370 2382 οἶκον
1378 2356 1424 2383 τοῦ
1433 2357 1537 2392 Πατρός
1546 2366 1596 2392 μου
1602 2355 1676 2384 οἷκον
1684 2357 1817 2393 ἐμπορίου
1828 2366 1835 2389 ;
1843 2366 1851 2382 ι

1069 2398 1135 2427 Εῐτα
1151 2401 1208 2432 πῶς
1218 2400 1261 2434 ἃν,
1273 2401 1332 2428 είπέ
1342 2410 1397 2436 μοι,
1412 2402 1503 2430 λοιπὸν
1518 2403 1629 2438 μακρῶν
1641 2403 1735 2439 ἐδεήθη
1751 2404 1855 2439 χρόνων

1069 2447 1108 2478 είς
1125 2447 1174 2482 τὴν
1193 2447 1251 2479 ἑνὸς
1264 2448 1338 2474 οἴκου
1361 2450 1548 2484 κατασκευήν;
1581 2448 1597 2484 ἢ
1615 2449 1674 2480 πῶς
1688 2449 1720 2476 ἃν
1737 2450 1853 2485 ὴτόνησε

1068 2492 1136 2528 πρὸς
1155 2493 1222 2528 ὅπερ
1247 2492 1280 2519 ἂν
1295 2493 1370 2527 τύχοι
1381 2493 1527 2526 γεννικῶς,
1549 2494 1563 2520 ό
1579 2495 1607 2521 ὲν
1625 2495 1718 2530 μόναις
1734 2495 1852 2532 ἡμέραις

1068 2537 1138 2563 ἑπτὰ
1160 2536 1203 2563 τὸν
1226 2536 1341 2572 ἀριθμὸν
1358 2537 1417 2564 τόδε
1439 2538 1470 2564 τὸ
1494 2539 1603 2573 σύμπαν
1619 2539 1714 2574 ἀφάτῳ
1738 2540 1853 2575 δυνάμει

1068 2581 1322 2616 διατεχνησάμενης,
1337 2582 1383 2608 καὶ
1398 2582 1428 2608 ὲν
1443 2582 1516 2618 μόνῳ
1527 2583 1565 2618 τῷ
1582 2583 1668 2610 θέλειν
1685 2584 1754 2619 ἔχων
1766 2585 1796 2611 τὸ
1806 2585 1852 2612 δύ-

1069 2627 1179 2660 νασθαι;
1196 2627 1287 2654 Ταῦτα
1308 2629 1363 2663 γὰρ
1388 2628 1442 2655 ἔδει
1463 2629 1617 2663 λογίζεσθαι
1639 2631 1684 2656 τὸν
1700 2630 1754 2657 τῶν
1773 2631 1858 2666 ἱερῶν

1069 2673 1241 2709 γραμμάτων
1260 2674 1430 2710 ἐπιστήμονα
1445 2675 1519 2702 λαόν.

1102 2719 1233 2752 Ἐκεῖνος
1250 2720 1283 2746 δὲ
1298 2721 1382 2755 ἔλεγε
1403 2720 1470 2754 περὶ
1487 2721 1540 2748 τοῦ
1554 2720 1629 2748 ναοῦ
1648 2720 1701 2748 τοῦ
1715 2721 1854 2756 σώματος

1066 2765 1170 2793 αὑτοῦ.
1187 2766 1252 2793 Ὅτε
1271 2764 1327 2794 οὖν
1349 2766 1461 2802 ἠγέρθη
1484 2767 1518 2794 ἐκ
1540 2767 1599 2794 τῶν
1621 2767 1746 2801 νεκρῶν,
1766 2767 1859 2802 ἐμνή-

266 2850 288 2867 ¹⁷
306 2850 400 2878 Mattb.
418 2858 492 2885 xxvr,
507 2850 550 2878 6t.
599 2851 620 2867 ⁸⁸
634 2850 706 2878 Psal.
721 2858 813 2884 xxxuv,
829 2850 872 2878 tl.
916 2850 939 2867 "
959 2838 1027 2879 Psal,

1078 2858 1121 2885 :vt,
1138 2851 1182 2879 12.
1229 2852 1252 2869 ’θ
1266 2851 1339 2880 Psal.
1353 2860 1447 2887 uvul,
1462 2854 1507 2881 24.
1545 2855 1567 2870 ⁹¹
1589 2853 1669 2883 Joan.
1685 2862 1717 2889 ιι,
1737 2854 1783 2883 16.
