2028 3118
204 141 257 170 237

716 145 748 173 ΙΝ
769 147 910 175 JOANNIS
924 148 1146 177 E\'A.\(ihLiUJl
1168 154 1232 179 Llii.
1254 155 1286 181 lt.

1771 163 1825 194 εις

203 201 325 233 σθησαν
337 201 364 227 οι
380 201 508 234 μαθηταί
528 201 636 235 αὐτοῦ,
655 202 698 229 ὅτι
714 203 801 230 τοῦτο
814 203 914 251 Elia-5'
940 214 974 231 κα

1040 210 1100 232 sunt
1114 205 1238 241 discipuli
1250 209 1318 242 eius,
1334 211 1397 245 quia
1412 212 1459 239 Ιιοε
1473 213 1595 244 dicebat:
1615 223 1640 245 et
1658 220 1823 251 "ediderunt

206 245 392 272 ἐπίστευσαν
413 245 448 280 τῇ
475 246 579 281 Γραφῇ
598 248 646 274 καί
665 247 704 280 τῷ
727 250 807 283 λόγῳ
825 246 848 282 ᾧ
864 248 948 277 εἶπεν
973 252 989 277 ό

207 290 331 323 Ἰησοῦς.
388 286 390 289 ’

236 335 446 370 Εὑπαράδεκτος
461 336 499 372 τῷ
513 337 587 373 σοφῷ
605 338 655 374 τῆς
672 340 768 374 σοφίας
790 342 803 367 ὁ
823 340 916 375 λόγος·
942 343 987 368 ὲν-

203 380 288 413 ιζάνει
311 381 339 408 δὲ
366 382 420 408 τῶν
445 383 613 418 μαθημάτων
632 386 648 421 ἡ
670 387 770 420 γνῶσις
789 388 845 420 τοῖς
868 390 986 422 συνετοίς

199 425 404 461 εὖπετὲστερον,
419 427 466 453 καὶ
478 427 572 464 ὥσπερ
585 429 614 456 ὲν
625 429 703 466 κηρῷ
719 431 755 466 μὴ
773 431 833 458 λίαν
845 433 985 469 ἀπεσκλη-

200 471 258 496 κότι
282 471 372 503 καλῶς
393 472 559 508 ἐγγράφεται
582 475 636 502 τῶν
669 477 832 513 σημάντρων
855 479 869 505 6
889 479 984 513 τύπος,

155 539 157 541 ,
197 516 283 548 οὕτως
296 518 324 544 ἐν
338 520 560 555 τρυφερωτέραις
580 521 705 557 καρδίαις
720 523 871 559 ἀνθρώπων
886 526 900 551 6
915 525 985 557 θεῖος

197 563 313 598 ἑτοίμως
334 565 506 601 ἐμπήγνυται
528 566 605 599 λόγος
618 576 626 584 ⁶
649 569 693 595 διὰ
708 570 787 596 τοῦτο
801 571 847 597 καὶ
868 573 985 608 πονηρὸς

197 608 212 633 6
225 607 436 644 σκληροκάρδιος
451 610 621 646 ὀνομάζεται.
642 614 789 648 Σοφοῦνται
806 616 895 643 τοίνυν
914 607 984 652 ἀγα-

197 653 238 680 θοὶ
252 654 302 690 τὴν
314 654 370 687 ἕξιν
383 656 458 688 ὄντες
470 658 494 683 ot
508 659 644 694 μαθηταὶ,
660 661 706 687 καὶ
717 662 779 692 τοὺς
789 663 841 689 ἀπὸ
851 664 900 698 τῆς
910 665 983 697 θείας

196 699 307 735 Γραφῆς
316 701 526 736 ἀναμασσῶνται
542 705 647 740 λόγους,
661 698 701 739 είς
710 708 907 745 ἀκριϐεστέραν
920 711 983 737 ἐαυ-

195 746 258 778 τοὺς
274 747 451 782 ὲκτρέςροντες
467 751 582 784 γνῶσιν,
605 753 652 779 καὶ
674 754 837 789 πεπηγότως
857 756 982 784 ἐντεῦθεν

196 793 243 819 ἐπὶ
266 794 297 819 τὸ
313 794 451 821 πιστεύειν
475 796 625 831 ἐρχόμενοι.
651 798 758 835 Ἐπειδὴ
784 800 832 827 καὶ
850 801 913 833 ναὸς
929 803 982 829 ἀπ-

195 838 295 874 εκλήοη
306 839 336 866 τὸ
353 840 432 876 σῶμα
443 842 571 877 Χριστοῦ,
585 843 644 876 πῶς
656 845 706 871 οὐκ
719 845 752 872 ἂν
762 846 805 881 εἴη
819 847 890 873 κατὰ
901 847 980 879 φύσιν

194 883 260 916 Θεὸς
272 885 286 911 ὀ
300 885 410 913 ὲνοικῶν
425 888 499 923 αὐτῷ
512 890 658 926 μονογενὴς
672 891 768 925 Λόγος,
784 892 862 929 εἴπερ
872 893 922 920 οὐκ
937 894 978 921 ὲν-
995 881 1017 911 Β

193 929 298 965 δέχεται
309 934 445 959 κατοικεῖν
461 934 489 961 ἐν
501 935 556 970 ναῷ
567 935 693 970 λέγεσθαι
704 938 750 964 τὸν
764 938 814 965 οὐκ
828 939 892 966 ὄντα
900 939 977 973 Θεόνς

196 976 231 1002 Ἣ
241 976 343 1011 λεγέτω
367 979 508 1014 παρελθών
525 990 568 1013 τις
581 982 621 1014 είς
635 983 716 1018 μέσον
727 1003 735 1016 ,
759 984 831 1016 τίνος
844 986 909 1012 ποτὲ
923 986 978 1012 τῶν

193 1022 278 1056 ἁγίων
297 1024 359 1055 ναὸς
378 1025 517 1062 ἅπεκλήθη
541 1024 572 1053 τὸ
588 1028 666 1064 σῶμα
676 1037 682 1044 ·
696 1029 752 1055 ἀλλ’
766 1030 815 1057 οὐκ
829 1031 873 1061 ἂν,
887 1029 976 1066 οἶμαι,

193 1069 235 1100 τὶς
247 1070 380 1103 ἐπιδείξαι
395 1072 425 1098 τὸ
442 1072 584 1107 εἰρημένον
596 1082 602 1089 ·
614 1075 684 1110 φημὶ
698 1075 729 1111 δὴ
748 1076 849 1110 λοιπὸν,
862 1077 875 1103 ὃ
885 1077 916 1112 δὴ
932 1078 978 1104 καὶ

191 1115 313 1151 ὑπάρχον
324 1118 475 1153 εὑρήσομεν
489 1118 602 1155 ἀληθὲς,
619 1121 742 1156 ἀκριϐῶς
751 1122 800 1156 τὴν
815 1122 890 1150 θείαν
904 1125 978 1159 ἐρευ-

190 1162 289 1194 νῶντες
312 1163 439 1199 Γραφὴν,
469 1164 507 1196 ὡς
531 1166 619 1192 οὐδενὶ
640 1167 695 1194 τῶν
717 1167 801 1202 ἁγίων
827 1169 843 1204 ή
866 1169 975 1205 τοιαύτη

189 1208 345 1243 προσῆπται
367 1209 444 1244 τιμή.
467 1210 522 1237 Καὶ
543 1210 607 1245 γοῦν
625 1213 639 1238 6
660 1212 794 1248 μακάριος
807 1214 973 1250 Βαπτιστὴς.

189 1253 277 1280 καίτοι
289 1254 378 1289 πάσης
392 1255 442 1290 μὲν
459 1256 560 1291 ἀρετῆς
575 1258 614 1288 εις
627 1258 766 1293 ἀκρότητα
780 1258 914 1294 βεϐηκὼς,
927 1269 976 1296 μη-

187 1302 245 1328 δενὶ
259 1302 289 1328 δὲ
303 1301 371 1337 πρὸς
382 1303 521 1330 εὐσέϐειαν
532 1304 682 1340 ἐπιτρέψας
693 1304 766 1340 ἔχειν
780 1305 810 1332 τὸ
819 1306 921 1340 μεῖζον,
931 1305 974 1332 διὰ

187 1348 238 1382 τῆς
258 1346 376 1383 Ἡρώδου
396 1349 494 1384 μανίας
510 1350 560 1384 τὴν
581 1350 701 1385 κεφαλὴν
712 1351 894 1385 ἀπετέμνετο,
916 1351 973 1378 ἀλλ’

187 1388 264 1418 atat»
284 1392 325 1418 ἐπ’
340 1391 413 1427 αὐτῷ
429 1392 540 1428 φέρεται
559 1394 690 1422 τοιοῦτον.
721 1394 768 1421 Ἐκ
782 1395 811 1422 δὲ
828 1396 881 1422 τῶν
898 1398 973 1423 ἐναν-

188 1437 254 1463 τίων
278 1437 326 1463 καὶ
339 1438 497 1474 ¹παχυτέραν
511 1439 556 1466 ἐπὶ
574 1440 621 1466 τοῦ
637 1440 764 1476 λειψάνου
780 1442 828 1477 τὴν
845 1441 916 1485 λέξιν
928 1443 974 1468 ἐπι

187 1482 298 1519 ενόησεν
323 1485 337 1510 6
358 1485 512 1521 Βατι-τιστὴς
530 1485 584 1522 [ῖσ.
600 1487 614 1512 6
628 1487 838 1524 εὖαγγελιστὴς]
850 1508 857 1519 ,
874 1482 972 1515 οἰκονο-

188 1529 334 1564 μικῶς,ὦς
347 1530 379 1564 γέ
391 1539 435 1565 μοι
450 1532 637 1565 φαίνεται,καὶ
648 1533 726 1559 τοῦτο
737 1533 831 1565 εἰπὼν,
843 1534 885 1561 ἵνα
899 1534 971 1569 μόνῳ

187 1573 306 1610 σώζηται
331 1576 371 1611 τῷ
384 1564 493 1613 Χριστῷ
516 1578 546 1603 τὸ
562 1578 679 1614 ἀξίωμα.
706 1579 807 1615 Γράφει
825 1580 853 1606 δὲ
865 1564 969 1612 οὕτως’
985 1564 1007 1593 c

188 1629 198 1645 ι
213 1621 270 1647 Καὶ
283 1621 404 1656 πέμψας,
421 1632 430 1649 ι
446 1623 538 1658 φησὶν,
550 1625 564 1650 6
576 1622 716 1659 μιαιφόνος
724 1624 846 1661 Ἡρώδης
861 1626 971 1661 δηλαδὴ,

187 1666 248 1693 «τὸν
277 1667 403 1704 Ἰωάννην
428 1669 629 1703 ἀπεκεφάλισεν
653 1671 681 1697 ἐν
705 1672 738 1707 τῇ
764 1671 869 1707 φυλακῇ
893 1676 900 1687 ⁵
926 1673 973 1700 καὶ

184 1712 380 1746 προσελθόντες
394 1715 417 1741 oi
435 1714 554 1750 μαθηταὶ
568 1716 666 1749 αὑτοῦ,
687 1713 758 1752 ἦραν
771 1717 801 1743 τὸ
813 1717 914 1752 πτῶμα
925 1718 973 1744 αὺ-

183 1758 242 1785 τοῦ.
253 1767 265 1784 δ
291 1756 322 1785 Εἰ
335 1759 363 1785 δὲ
377 1759 476 1795 πτῶμα
491 1761 614 1788 καλεττάι
635 1762 665 1788 τὺ
687 1762 809 1789 Ἰωάννου
824 1763 920 1798 σῶμα,
941 1764 972 1790 τὸ

185 1804 256 1835 τίνος
269 1804 345 1831 ἔσται
361 1805 424 1838 ναός
435 1815 442 1838 ς
453 1806 514 1833 καθ’
530 1807 622 1842 ἕτερον
638 1807 714 1840 om;
727 1808 815 1841 λόγον,
828 1810 875 1836 τοῦ
891 1809 971 1841 ναοὺς

183 1850 260 1884 ἡμᾶς
274 1850 399 1886 εἰρῆσθαι
411 1849 479 1878 Θεοῦ
492 1872 499 1884 ,
516 1852 560 1880 διὰ
573 1853 603 1880 τὸ
621 1853 744 1881 ἐνοικοῦν
769 1855 798 1881 ἐν
814 1855 880 1890 ἡμῖν
894 1854 971 1889 ἆγιον

184 1895 296 1931 Πνεῦμα
310 1905 315 1910 ·
338 1896 405 1923 Θεοῦ
424 1897 477 1933 γὰρ
498 1899 592 1930 πάλιν,
619 1899 665 1926 καὶ
680 1900 728 1935 οὐχ
742 1900 846 1926 ἑαυτῶν
863 1908 971 1935 χρημα-

185 1941 296 1977 τίζομεν
304 1942 373 1970 ναοί.
386 1943 454 1970 Ἀλλ’
470 1944 534 1977 ἴσως
548 1946 606 1981 ἐρεῖ
618 1953 661 1977 τις
673 1953 680 1960 ·
691 1945 753 1977 Πῶς
766 1943 822 1977 οὖν,
836 1945 895 1972 ειπέ
913 1953 968 1980 μοι,

183 1989 231 2014 καὶ
237 1988 317 2020 αὐτὸς
324 1989 337 2015 6
347 1989 441 2025 Σωτὴρ
450 1990 480 2016 τὺ
487 1990 552 2016 ἴδιον
561 1991 640 2026 σῶμα
648 1992 747 2026 πτῶμα
756 1991 843 2024 καλεῖς
850 2002 858 2018 ι
865 1992 950 2018 Ὅπου
957 2001 966 2018 ι

182 2034 256 2069 γὰρ,
272 2034 364 2069 φησὶν,
377 2045 385 2058 ι
401 2035 448 2062 ἐὰν
497 2034 527 2062 τὸ
544 2036 658 2071 πτῶμα,
674 2038 732 2063 ἐκεῖ
754 2037 968 2073 συναχθήσονται

181 2079 207 2106 οἱ
223 2080 306 2106 ἀετοί.
325 2090 334 2106 ι
357 2080 429 2116 Πρὸς
448 2081 480 2116 δὴ
509 2082 555 2108 καὶ
577 2081 658 2108 τοῦτό
673 2090 777 2118 φαμεν,
800 2082 838 2114 ὡς
856 2083 885 2109 οὐ
905 2083 968 2119 περὶ

181 2124 229 2151 τοῦ
244 2125 308 2152 ἰδίου
322 2125 446 2161 σώματος
458 2126 510 2163 ἔφη
525 2127 610 2154 ταῦτα
629 2128 762 2163 Χριστὸς,
780 2128 838 2155 ἀλλ’
856 2128 893 2161 ῶς
909 2129 967 2164 τρό-

181 2176 225 2205 πῳ
238 2170 398 2206 παραϐολῆς
413 2172 459 2198 καὶ
472 2172 590 2207 σχήματι
606 2173 655 2208 τὴν
669 2173 802 2208 ἐσομένην
813 2174 867 2201 τῶν
881 2175 966 2208 ἁγίων

180 2214 224 2240 ἐπ’
245 2214 325 2240 αὑτὸν
346 2215 498 2251 συνδρομὴν
523 2217 584 2243 κατ’
599 2217 687 2243 έκεῖνο
711 2218 836 2253 σημαίνει
856 2219 963 2254 καιροῦ,

180 2258 245 2285 ὅταν
260 2257 337 2291 αὖθις
351 2261 417 2295 ἡμῖν
439 2260 467 2294 ἐξ
490 2261 613 2297 οὐρανῶν
635 2262 810 2298 ἐπιφαίνηται
830 2264 898 2299 μετὰ
910 2264 965 2292 τῶν

180 2304 266 2338 ἁγίων
280 2305 412 2339 ἀγγέλων,
421 2307 449 2333 ὲν
457 2308 489 2342 τῇ
501 2306 564 2343 δόξῃ
579 2306 626 2333 τοῦ
640 2307 746 2344 Πατρὺς
754 2309 845 2336 αὑτοῦ.
861 2311 963 2347 Ὂνπερ

180 2349 235 2386 γὰρ
247 2351 357 2386 τρόπον,
369 2353 461 2387 φησὶν,
472 2353 500 2379 al.
514 2353 568 2379 τῶν
581 2353 741 2389 κρεοφάγων
755 2355 854 2390 ὀρνέων
869 2357 964 2392 ἀγέλαι

180 2395 227 2422 ἰπὶ
242 2395 277 2422 τὰ
297 2395 428 2423 πίπτοντα
450 2397 504 2424 τῶν
530 2398 664 2434 σωμάτων
687 2399 744 2432 ὀξεῖ
765 2402 963 2437 καταφέρονται

181 2441 273 2475 ῥοίζῳ,
288 2441 359 2468 οὕτω
371 2442 417 2469 καὶ
433 2443 510 2478 ὑμεῖς
523 2443 566 2470 ἐπ’
589 2445 638 2479 ἐμὲ
653 2445 863 2481 συναχθήσεσθε.
885 2448 917 2474 ’Ὀ
930 2447 962 2484 δὴ

180 2486 227 2513 καὶ
236 2487 340 2520 Παῦλος
353 2489 417 2523 ἡμῖν
425 2488 593 2525 ἀπεγύμνου,
611 2490 698 2525 λέγων
710 2498 717 2505 ·
732 2500 742 2517 ι
754 2491 882 2520 Σαλπίσει
896 2493 960 2530 γὰρ.

180 2533 227 2559 καὶ
242 2533 267 2559 oi
285 2534 376 2568 νεκροὶ
394 2534 585 2570 ἐγερθήσονται
599 2535 732 2572 ἄφθαρτοι
742 2545 749 2552 '
763 2546 772 2563 ι
783 2538 829 2565 καὶ
846 2539 898 2574 μὴν
916 2540 962 2567 καὶ

180 2578 303 2613 ἑτέρωθι,
327 2579 396 2606 «Καὶ
409 2580 438 2620 ὲν
457 2580 582 2616 νεφέλαις
595 2582 811 2618 ἁρπαγησόμεθα
829 2585 868 2617 εἰς
880 2585 964 2613 ἀπάν·

179 2632 256 2658 τησιν
277 2624 323 2651 τοῦ
342 2625 443 2661 Κυρίου
459 2627 498 2658 εἰς
512 2626 580 2662 ἀέρα
593 2635 601 2643 ·
619 2628 666 2655 καὶ
681 2628 767 2662 οὕτως
782 2630 896 2658 πάντοτε
912 2633 961 2660 σὺν

1040 251 1184 285 Scriptura:
1198 259 1222 280 et
1236 257 1351 283 sermoni
1364 266 1439 292 quem
1450 259 1518 287 dixit
1532 261 1620 290 lectu.

1076 350 1199 385 Sapienti
1222 356 1317 388 gratus
1339 360 1382 383 cst
1404 364 1496 386 sermo
1515 361 1667 397 sapientiae,
1693 369 1720 393 et
1739 367 1822 396 disci-

1038 396 1173 432 plinarum
1195 401 1315 436 cognitio
1331 402 1544 440 intelligentibue
1562 411 1678 440 celerius
1695 414 1796 444 insidet
1813 426 1819 443 :

1036 443 1064 471 et
1079 446 1310 479 quemadmodum
1333 449 1360 476 in
1387 458 1449 478 cera
1469 460 1521 480 non
1538 454 1621 484 nimis
1643 459 1712 487 dura
1733 461 1819 496 figura

1036 489 1238 524 signaculorum
1264 496 1338 521 recte
1355 494 1533 532 imprimitur,
1548 501 1588 527 sic
1607 501 1634 528 in
1653 489 1819 534 tenerisvhon

1036 536 1140 562 minum
1165 538 1296 567 cordibus
1323 547 1415 569 sermo
1438 543 1548 573 divinus
1568 546 1648 576 facile
1672 549 1816 586 infigitur:

1035 579 1151 616 ideoque
1165 582 1307 617 improbus
1321 584 1383 612 duri
1398 587 1489 616 cordis
1502 579 1820 624 ιιοιιιὶηιιιιιικΕιίιιάὶιιιιζ

1035 629 1080 653 ιιιι·
1100 627 1192 662 itaque
1216 629 1343 666 discipuli
1361 632 1434 660 facili
1458 642 1520 662 cum
1554 636 1674 672 ingenio,
1695 645 1723 668 et
1740 638 1818 670 Beri-

1034 677 1122 708 pturae
1138 674 1236 705 divina;
1244 685 1385 706 sermones
1398 681 1546 716 ruminant,
1555 685 1660 720 seipsos
1674 687 1708 714 ad
1722 690 1816 724 exqui-

1033 719 1154 748 sitiorem
1165 723 1347 757 cognitionem
1363 726 1527 761 nulrientes,
1537 733 1563 756 et
1578 719 1643 759 hinc
1651 731 1730 761 ﬁrmo
1748 719 1817 769 pede

1032 765 1065 791 ad
1085 766 1251 795 credendutn
1273 770 1424 800 Venientes.
1440 773 1507 801 Cum
1527 776 1600 803 enim
1618 778 1746 814 templum
1765 787 1815 808 vo-

1031 814 1124 837 catum
1148 812 1183 839 sit
1210 820 1311 849 corpus
1334 816 1448 850 Christi,
1470 822 1607 854 quomodo
1622 812 1681 851 non
1695 825 1746 853 erit
1771 832 1814 854 so-

1031 857 1152 884 cundum
1172 863 1299 888 naturain
1316 862 1387 892 Deus
1413 865 1492 902 143
1509 868 1679 904 unigenitum
1695 866 1813 900 Verbum

1030 903 1102 936 quod
1119 903 1253 933 inhabitat
1272 908 1299 934 in
1315 916 1359 942 eo,
1376 910 1510 946 siquidem
1529 903 1678 950 inrtemplo
1691 916 1815 947 habitare

1030 952 1203 983 nequaquam
1225 951 1249 978 is
1274 952 1378 989 dicitur
1396 957 1442 991 qui
1466 965 1520 986 non
1543 960 1579 987 sit
1601 958 1692 990 Deus?
1705 963 1812 998 Alioqui

1029 993 1143 1027 prodeat
1171 995 1273 1031 aliquis
1301 998 1328 1026 in
1357 1002 1488 1036 medium,
1509 1008 1538 1032 et
1565 1006 1639 1034 dicat
1668 993 1811 1042 cuiusne-tn

1029 1040 1116 1066 sancti
1138 1048 1243 1077 corpus
1269 1046 1399 1080 templum
1416 1048 1498 1076 fuerit
1517 1052 1682 1086 appellatum
1698 1040 1810 1088 inemo,

1029 1087 1058 1110 ut
1072 1085 1180 1120 opinor,
1199 1087 1226 1115 id
1239 1090 1401 1120 ostenderit.
1411 1092 1476 1121 Dico
1490 1085 1593 1130 itaque,
1608 1103 1699 1133 neque
1713 1100 1739 1127 id
1757 1085 1811 1128 fat;

1027 1137 1087 1156 sum
1108 1139 1169 1159 esse
1195 1136 1410 1169 comperiemus,
1438 1139 1462 1166 si
1488 1140 1610 1169 divinam
1639 1142 1808 1179 Scripturam

1027 1180 1156 1204 accurate
1171 1180 1288 1206 scrutari
1305 1181 1430 1215 velimus,
1449 1185 1516 1212 nulli
1537 1193 1633 1215 sancto
1653 1189 1680 1216 id
1697 1190 1810 1219 honoris

1026 1226 1088 1246 esse
1103 1221 1246 1250 tributum.
1261 1223 1293 1250 Et
1309 1232 1376 1253 sane
1393 1230 1503 1257 tametsi
1523 1231 1620 1260 beatus
1637 1231 1760 1268 Baptista
1775 1237 1808 1263 ad

1026 1266 1133 1300 apicem
1149 1268 1259 1296 virtutis
1272 1271 1362 1298 omnis
1383 1276 1547 1308 pervenerit,
1566 1285 1616 1304 nec
1638 1266 1684 1306 ulli
1708 1282 1809 1315 pietate

1025 1312 1164 1341 secundus
1186 1313 1302 1343 iierodis
1323 1315 1418 1345 furore
1437 1320 1526 1354 capite
1545 1325 1690 1352 truncatus
1708 1312 1806 1359 luerit,

1025 1356 1093 1384 nihil
1112 1363 1203 1387 tamen
1229 1360 1263 1389 de
1286 1361 1346 1397 ipso
1366 1365 1420 1392 tale
1442 1365 1539 1394 fertur.
1562 1368 1664 1398 Contra
1685 1380 1751 1401 vero
1773 1375 1807 1402 de

1024 1402 1084 1437 ejus
1100 1406 1206 1433 exuviis
1232 1410 1398 1444 evangelista
1420 1413 1582 1442 vocabulum
1605 1417 1703 1446 durius
1725 1426 1807 1448 exco-

1024 1450 1130 1484 gitavit,
1142 1451 1286 1487 singulari,
1301 1459 1332 1482 ut
1356 1457 1423 1484 mihi
1438 1458 1555 1492 videtur,
1570 1463 1695 1496 consilio,
1711 1469 1741 1492 ut
1757 1466 1804 1493 uni

1023 1493 1135 1523 Christo
1158 1497 1276 1534 dignitas
1300 1506 1465 1531 servaretur.
1489 1504 1535 1531 Sic
1561 1511 1651 1534 autem
1678 1493 1775 1537 scribit
1797 1521 1804 1538 :

1026 1547 1035 1563 ι
1059 1537 1091 1566 Et
1107 1541 1227 1574 mittens,
1249 1553 1258 1570 ι
1282 1543 1402 1574 Herodes
1417 1547 1461 1575 ille
1476 1542 1596 1578 crudelis
1612 1552 1751 1586 nimirum,
1765 1556 1806 1582 in-

1024 1585 1094 1620 quit,
1109 1595 1118 1612 (
1134 1587 1278 1617 decollavit
1294 1590 1425 1620 Joannem
1443 1594 1471 1621 in
1489 1602 1609 1630 carcere,
1624 1603 1651 1625 et
1672 1600 1804 1628 acceden-

1023 1635 1065 1658 tes
1076 1632 1204 1668 discipuli
1223 1635 1283 1670 ejus
1299 1638 1420 1665 tulerunt
1435 1640 1553 1668 cadaver
1571 1643 1631 1677 ejus
1642 1645 1675 1672 ".
1697 1654 1707 1671 ι
1726 1645 1803 1679 Quod

1023 1678 1045 1704 si
1060 1677 1174 1707 Joannis
1195 1688 1297 1716 corpus
1318 1684 1436 1711 cadaver
1446 1687 1608 1721 appellatur,
1625 1677 1754 1725 templum
1771 1693 1804 1720 de

1022 1730 1141 1757 quonam
1162 1725 1288 1754 dicetur?
1309 1728 1415 1765 Quippe
1441 1731 1494 1758 alia
1525 1734 1595 1760 ratio
1618 1741 1659 1762 est
1684 1743 1735 1763 cur
1756 1737 1803 1766 Dei

1022 1770 1122 1804 templa
1138 1773 1288 1807 nuncupati
1305 1774 1449 1810 fuerimus,
1467 1782 1582 1813 propter
1603 1781 1803 1811 inhabitantem

1023 1813 1154 1849 Spiritum
1178 1823 1304 1846 sanctum
1332 1820 1358 1847 in
1377 1822 1465 1850 nobis.
1487 1823 1555 1851 Nam
1579 1831 1606 1853 et
1632 1828 1732 1861 templa
1756 1828 1802 1857 Dei

1020 1860 1147 1895 dicimur,
1164 1871 1218 1891 non
1241 1867 1339 1894 nostri.
1355 1867 1390 1894 At
1407 1869 1481 1896 enim
1505 1871 1618 1905 objiciet
1645 1860 1739 1901 forsan
1753 1875 1803 1902 ali-

1020 1907 1082 1940 quis
1093 1917 1099 1934 :
1110 1907 1254 1940 Quomodo
1266 1911 1359 1946 igitur,
1373 1921 1477 1948 quaeso,
1488 1923 1567 1943 suum
1584 1923 1693 1953 quoque
1702 1927 1803 1954 corpus

1020 1951 1078 1986 ipse
1098 1952 1223 1981 Salvator
1237 1957 1354 1984 cadaver
1367 1959 1509 1987 nominat?
1520 1951 1627 1990 Alicuhi
1644 1965 1716 1991 enim
1736 1967 1773 1993 ait
1793 1976 1800 1993 :

1022 2004 1031 2020 ι
1055 1995 1215 2033 Ubicunque
1238 1998 1320 2027 fuerit
1342 2003 1467 2036 cadaver,
1494 2005 1530 2032 ibi
1560 2009 1801 2043 congregahttntur

1019 2042 1116 2076 aquila:
1132 2043 1164 2070 ”.
1186 2054 1196 2070 ι
1213 2045 1254 2072 Ad
1279 2046 1345 2074 illud
1371 2050 1587 2084 respondemus,
1603 2042 1742 2082 Christum
1767 2055 1800 2084 de

1018 2096 1068 2116 suo
1085 2096 1200 2124 corpore
1215 2096 1271 2118 haec
1284 2099 1338 2119 non
1352 2092 1467 2127 dixisse,
1481 2097 1527 2123 sed
1546 2097 1574 2124 in
1590 2099 1699 2126 modum
1718 2108 1799 2136 para-

1017 2134 1086 2161 bolaa
1099 2139 1210 2163 sanctos
1223 2136 1256 2163 ad
1271 2144 1302 2165 se
1317 2142 1381 2166 tunc
1401 2142 1532 2176 temporis
1546 2148 1679 2173 venturos
1693 2134 1799 2182 eligam-

1016 2188 1090 2214 care,
1103 2188 1166 2208 cum
1180 2182 1272 2210 denuo
1291 2185 1372 2213 nobis
1393 2188 1536 2221 apparebit
1555 2196 1617 2217 cum
1633 2193 1736 2221 sanctis
1751 2201 1799 2221 an-

980 2227 1085 2262 Dgelis
1110 2228 1138 2254 in
1163 2227 1251 2262 gloria
1269 2227 1359 2258 Patris
1387 2231 1441 2258 sui.
1457 2232 1691 2266 Quemadmodum
1715 2240 1798 2272 enim,

1018 2271 1331 2307 inquit,carnivorarnm
1345 2277 1435 2303 avium
1448 2284 1544 2314 greges
1553 2281 1732 2311 stridentibus
1747 2284 1799 2312 alis

1017 2320 1044 2347 in
1056 2320 1189 2348 cadavera
1209 2321 1348 2356 devolant,
1368 2325 1409 2352 sic
1428 2326 1509 2353 etiam
1524 2335 1571 2356 vos
1591 2329 1625 2356 ad
1639 2335 1681 2358 me
1697 2337 1800 2359 como—

1016 2364 1118 2392 labitis.
1138 2364 1216 2398 Quod
1234 2374 1300 2395 sane
1317 2367 1419 2397 Paulus
1444 2378 1554 2406 quoque
1583 2374 1661 2401 nobis
1679 2375 1799 2404 declarat

1016 2409 1062 2438 his
1076 2410 1167 2437 verbis
1183 2419 1191 2438 τ
1207 2420 1217 2437 ι
1239 2411 1325 2440 Canet
1347 2414 1419 2441 enim
1439 2416 1514 2448 tuba,
1528 2420 1555 2443 et
1582 2419 1684 2446 mortui
1706 2426 1798 2448 resur-

1015 2460 1079 2490 gent
1099 2456 1250 2491 incorrupti
1271 2459 1306 2484 ".
1336 2467 1345 2484 ι
1376 2459 1408 2486 Et
1432 2460 1495 2488 alibi
1513 2471 1520 2488 :
1542 2471 1551 2487 ι
1569 2462 1600 2490 Ει
1621 2463 1650 2491 in
1678 2466 1797 2495 nubibus

1015 2500 1156 2536 rapiemur
1172 2502 1280 2529 obviam
1296 2503 1409 2532 Christo
1424 2507 1449 2531 in
1470 2513 1544 2537 acra.
1571 2513 1598 2535 et
1626 2509 1666 2537 sic
1688 2518 1797 2547 semper

1014 2553 1076 2572 cum
1093 2546 1207 2574 Domino
1222 2549 1326 2575 erimus
1341 2550 1376 2576 ’⁸.
1398 2560 1407 2575 ι
1434 2550 1503 2578 Nihil
1523 2559 1589 2592 ergo
1613 2555 1713 2585 rationi
1730 2559 1797 2587 veri-

1014 2591 1082 2618 tatis
1104 2591 1196 2624 otlicit.
1218 2593 1291 2626 quod
1312 2602 1344 2620 ex
1374 2595 1552 2625 similitudine
1574 2599 1608 2626 ad
1630 2608 1687 2628 rem
1704 2603 1797 2638 expri-

1015 2637 1139 2664 mendam
1159 2638 1313 2666 traductutn
1330 2644 1380 2667 est.

180 2669 273 2705 Κυρίῳ
293 2670 419 2706 ἐσόμεθα.
435 2680 446 2697 ι
475 2671 608 2708 Ἀδικήσει
621 2675 766 2710 τοιγαροῦν
779 2675 853 2703 οὐδὲν
877 2677 907 2704 τὸ
931 2678 962 2711 ὲξ
979 2681 1133 2717 ὁμοιώσεως
1155 2684 1194 2714 εἰς
1216 2684 1307 2711 εἰκόνα
1328 2684 1429 2720 ληφθὲν
1448 2686 1497 2723 τῆς
1515 2688 1644 2726 ἀληθείας
1671 2693 1724 2731 τὴν
1752 2696 1800 2724 δύ-

180 2727 270 2797 “tu:
277 2764 311 2791 δὲ
325 2762 365 2800 ἦν
379 2765 414 2793 ἐν·
430 2765 491 2799 τοῖς
510 2766 725 2804 Ἱεροσολύμοις
742 2769 776 2797 ἐν
786 2779 827 2804 τῳ
840 2771 956 2808 Πάσχα,

1049 2771 1081 2805 il,
1095 2772 1140 2800 25.
1161 2773 1228 2800 Cum
1243 2778 1331 2802 autem
1347 2783 1414 2804 esset
1427 2777 1619 2817 Hierosolymis
1635 2785 1660 2812 in
1680 2785 1794 2822 Pascha,

223 2856 244 2872 "
260 2856 352 2886 Matth.
373 2867 428 2892 rw,
451 2860 493 2893 i0,
510 2860 552 2888 1‘2.
589 2862 612 2878 ’³
626 2861 722 2890 Matth.
738 2871 811 2897 xxiv,
827 2864 872 2892 28.
909 2865 933 2881 ’⁵
949 2864 959 2891 ι
973 2864 1037 2892 Cor.
1051 2871 1096 2897 xv.
1113 2863 1158 2892 52.
1195 2865 1217 2881 ⁵⁵
1235 2865 1243 2892 i
1262 2865 1360 2895 Thess.
1375 2875 1411 2902 tv,
1428 2868 1471 2896 i6.
