2028 3118
211 151 274 186 "139

719 153 747 181 S.
768 152 905 183 CYRILLI
926 154 1159 183 ALEXANDBINI
1174 155 1332 184 ARCHIEP.

1788 142 1843 182 sio

219 215 247 240 in
265 213 308 240 die
331 212 409 247 festo,
426 211 502 238 multi
523 211 688 238 crediderunt
707 212 734 238 in
753 212 857 238 nomine
879 212 948 246 ejus,
964 213 994 239 vi:

1055 212 1089 239 ἐν
1112 211 1148 247 τῇ
1169 212 1273 247 ἑορτῇ,
1301 211 1409 239 πολλοὶ
1428 210 1613 238 ἐπίστευσαν
1635 210 1678 242 εις
1699 210 1730 237 τὸ
1747 210 1843 245 ὄνομα

219 258 308 286 deum
323 259 398 294 signa
413 257 470 292 ejus
484 265 541 292 que
560 256 684 290 faciebat.

257 304 317 332 Non
329 308 420 332 cessat
433 303 561 331 Christus
582 303 688 331 salvare
698 307 726 331 et
741 303 847 338 juvarc.
861 303 1001 339 Sapientes

216 351 291 378 enim
318 350 410 378 verbis
434 349 550 380 inducit.
577 349 646 376 alios
672 349 752 386 lu
774 349 865 377 divina
893 357 1001 385 quoque

213 397 319 424 virtute
344 395 507 430 percellens,
525 394 558 421 ad
579 394 658 422 ﬁdem
690 394 835 429 pertrahit.
862 393 1001 429 adigitque

215 446 249 468 ut
263 449 297 469 ex
312 441 373 476 ejus
395 440 535 476 operibus,
549 445 664 474 quorum
681 439 733 475 ipsi
752 443 921 474 spectatores
941 439 1000 468 fue—

219 492 292 519 rant,
310 486 394 514 Deum
410 494 472 514 esse
492 493 586 513 revera
601 485 714 514 credant
730 492 806 519 cum,
822 486 869 521 qui
885 494 929 514 res
944 490 998 513 tam

217 531 394 559 admirabiles
417 530 509 558 faciat.

240 577 285 610 λιι,
305 577 350 604 24.
373 576 434 611 Ipse
454 581 541 603 autem
562 574 641 603 Iesus
676 583 729 602 mm
753 575 873 603 credebat
911 580 1000 604 semet-

214 624 303 657 ipsum
318 623 367 649 eis.

251 668 334 696 Certa
349 676 402 695 non
416 671 459 695 est
471 675 565 695 eorum
582 667 701 703 cognitio
713 668 759 703 qui
774 675 862 703 nuper
876 668 1000 696 credide-

215 717 292 745 runt,
305 713 352 747 sed
373 721 461 748 neque
481 721 558 741 mens
573 714 641 742 satis
655 714 762 741 ﬁrmata
781 718 824 741 est
843 714 999 742 recentibus

219 757 373 785 miraculis.
388 757 493 791 Quibus
507 758 579 785 enim
595 762 672 786 tener
684 758 774 786 adhuc
787 763 831 786 est
846 766 938 786 sermo
953 766 999 786 ca-

217 804 370 837 tecbeseos,
383 803 521 838 quomodo
531 804 644 831 stabiles
660 803 688 831 in
701 804 801 838 pietate
812 804 1000 838 jam‘fuerint?

215 849 342 878 Nondum
365 849 449 885 igitur
470 857 499 878 se
515 849 627 877 novitiis
648 850 738 877 credit
756 850 893 883 Christus,
906 854 1000 878 osten-

1057 259 1163 291 αὑτοῦ,
1183 258 1362 292 θεωροῦντες
1376 256 1469 284 αὐτοῦ
1483 256 1519 283 τὰ
1529 256 1649 290 σημεῖα,
1667 255 1686 283 ἃ
1698 256 1802 284 ἐποίει.

1089 305 1125 331 Οὐ
1147 305 1294 340 καταλήγει
1315 303 1454 336 διασώζων
1478 303 1525 330 καὶ
1544 302 1656 337 ὠφελῶν
1679 303 1694 328 6
1710 303 1838 339 Χριστός.

1053 349 1121 381 Τοὺς
1140 350 1189 385 μὲν
1209 349 1263 386 γὰρ
1276 350 1373 384 σοφοὺς
1389 349 1521 383 ἐπάγεται
1543 347 1649 383 λόγοις,
1674 349 1737 381 τοὺς
1752 349 1780 376 δὲ
1792 351 1841 377 καὶ

1052 395 1165 430 δυνάμει
1187 395 1382 430 καταπλήττων
1406 393 1568 429 θεοπρεπεῖ,
1601 394 1746 429 σαγηνεύει
1768 395 1840 430 πρὸς

1053 441 1142 467 πίστιν
1151 461 1158 473 ,
1177 440 1206 473 ἐξ
1216 437 1253 467 ὧν
1267 439 1428 476 ἐνεργοῦντα
1440 439 1580 466 τεθέανται
1597 440 1757 466 κατανεύειν
1770 441 1838 467 ἀνα-

1052 485 1250 520 πεπεισμένους
1260 507 1266 517 ,
1281 485 1375 520 ὅτιπερ
1391 483 1474 515 ὅντως
1488 484 1604 520 ὑπάρχοι
1621 484 1686 515 Θεὸς
1702 485 1715 510 6
1728 484 1781 511 τῶν
1795 485 1840 512 δν-

1049 539 1103 564 τως
1117 530 1287 566 ἀξιαγάστων
1305 530 1401 566 δημιου
1407 530 1478 565 ργός,

1084 576 1182 610 Αὐτὸς
1194 576 1228 603 δὲ
1245 578 1262 603 ὁ
1279 576 1395 610 Ἰησοῦς
1410 577 1464 603 οὐκ
1479 575 1638 602 ἐπίστευεν
1654 574 1762 602 ἑαυτὸν
1780 575 1837 602 αὐ-

1049 622 1121 655 τοῖς.

1085 668 1141 694 Οὐκ
1156 667 1278 702 ἀσφαλὴς
1295 668 1311 702 ἡ
1337 667 1437 702 γνῶσις
1461 668 1477 702 ὴ
1498 667 1552 694 τῶν
1573 668 1634 704 ἄρτι
1656 667 1837 694 πεπιστευκό-

1049 721 1119 745 των,
1142 713 1199 739 ἀλλ’
1225 713 1284 739 οὐδὲ
1305 713 1446 748 ἱδρυμένος
1467 714 1482 739 6
1503 713 1564 745 νοῦς
1590 713 1637 739 ἐπὶ
1658 715 1762 748 νεαροῖς
1779 714 1837 745 τοῖς

1050 758 1170 794 θαύμασι
1183 767 1190 773 ·
1216 758 1263 785 καὶ
1283 759 1307 784 oi
1327 759 1427 793 τρόπον
1445 758 1505 784 τινὰ
1531 758 1636 794 χλωρὸν
1663 759 1702 785 ἔτι
1721 759 1766 786 τὸν
1786 758 1837 794 τῆς

1050 804 1227 839 κατηχήσεως
1242 801 1348 838 ἔχοντες
1369 803 1461 838 λόγον,
1487 803 1544 835 πῶς
1559 803 1590 830 ἂν
1606 802 1660 830 εἷεν
1676 804 1725 839 ἤδη
1742 809 1837 839 πεπη-

1049 851 1128 885 γότες
1142 851 1181 882 είς
1195 849 1336 877 εὑλὰδειαν
1349 857 1356 881 ;
1378 849 1462 876 Οὔπω
1478 850 1622 885 τοιγαροῦν
1639 851 1694 881 τοῖς
1708 850 1837 885 νεήλυσιν

214 895 285 923 dens
305 902 434 930 magnum
460 895 590 930 quiddam
609 899 637 923 et
655 895 836 930 expetendum
858 903 922 923 esse
943 896 994 924 sin-

1049 896 1145 922 ἑαυτὸν
1173 895 1315 931 ἐπιτρέπει
1343 895 1475 931 Χριστὸς,
1500 895 1594 931 χρῆμά
1619 904 1643 921 τι
1669 895 1755 930 μέγα,
1789 895 1837 922 καὶ

215 947 310 968 ceram
326 940 354 968 in
375 940 460 968 Deum
484 947 618 972 amorem,
635 948 686 968 nec
700 945 811 976 repente
833 941 932 973 cuivis,
949 941 997 968 sed

215 986 309 1014 studio
321 990 348 1014 et
361 986 558 1014 exercitatione
574 986 686 1014 virtutis
704 993 740 1014 ac
757 992 878 1022 tempore
890 987 996 1021 perﬁci.

214 1031 329 1061 Discant
345 1032 440 1068 itaque
458 1031 523 1059 hinc
541 1032 642 1066 quibus
660 1032 765 1060 credita
784 1037 848 1060 sunt
868 1033 916 1060 Dei
936 1035 996 1068 nfy-

214 1077 310 1111 steria,
341 1078 414 1106 intra
432 1085 512 1106 sacra
531 1078 591 1106 vela
611 1078 748 1106 hominem
763 1081 926 1114 praemature
939 1085 997 1105 non

213 1123 378 1155 admittere,
404 1130 493 1158 neque
526 1124 680 1159 neophytos
707 1131 756 1152 eos
782 1124 869 1152 sacris
891 1124 996 1152 mensis

213 1169 344 1198 adhibere
371 1169 418 1205 qui
443 1170 634 1205 intempestive
656 1170 839 1206 baptizantur,
855 1174 882 1198 et
897 1171 997 1205 quibus

211 1215 316 1244 Christi
331 1216 455 1243 omnium
476 1215 582 1243 Domini
598 1215 665 1244 ﬁdes
677 1222 846 1251 praemature
864 1216 996 1244 creditur.

212 1260 248 1289 Ut
266 1261 340 1289 enim
357 1261 446 1296 ﬁgura
460 1261 505 1289 hic
521 1261 604 1289 etiam
621 1262 702 1289 nobis
725 1266 808 1293 esset,
830 1262 997 1296 doceretque

212 1307 323 1343 quinam
339 1307 512 1343 potissimum
535 1308 571 1336 sit
595 1307 756 1340 initiandus,
771 1308 913 1335 credentes
928 1308 997 1343 qui-

213 1352 274 1381 dem
291 1353 417 1388 suscipit,
431 1352 479 1380 sed
501 1353 622 1380 nondum
646 1353 686 1380 eis
710 1352 848 1379 conﬁdere
871 1353 995 1386 videtur,

213 1406 247 1427 eo
261 1398 333 1434 quod
350 1399 470 1434 seipsum
489 1405 542 1425 non
559 1398 672 1429 credat,
690 1401 721 1425 ut
752 1398 816 1425 hinc
831 1402 931 1432 pateat,
946 1405 995 1425 no-

212 1445 286 1472 vitiis
308 1445 336 1472 in
357 1444 410 1472 ﬁde
428 1451 482 1471 non
499 1444 599 1479 exiguo
623 1449 746 1479 tempore
770 1444 842 1470 inter
864 1444 996 1470 catechu-

213 1497 310 1518 menos
322 1497 385 1518 esse
399 1489 573 1524 versandum,
588 1489 718 1525 quoniam
729 1488 772 1518 vel
785 1489 825 1516 sic
840 1489 885 1516 vix
902 1488 996 1517 ﬁdeles

211 1536 319 1565 evasuri
331 1532 406 1564 sunt.

247 1667 282 1699 ll,
304 1667 399 1695 24-25.
430 1666 470 1696 Eo
492 1667 561 1702 quod
581 1668 636 1702 ipse
659 1673 746 1695 nosset
764 1677 868 1701 omnes,
887 1673 912 1695 et
931 1669 994 1703 quia

211 1720 275 1746 opus
292 1713 317 1740 ei
329 1721 381 1740 non
393 1717 462 1746 erat,
479 1719 507 1740 tu
531 1714 589 1749 quis
613 1714 790 1741 testimonium
809 1715 951 1748 perhiberet
963 1714 994 1742 de

209 1757 335 1786 homine:
354 1759 409 1793 ipse
421 1759 491 1786 enim
508 1759 604 1786 sciebat
625 1760 687 1795 quid
704 1764 771 1787 esset
786 1762 813 1787 in
827 1760 939 1788 homine.
972 1760 983 1766 ’

245 1845 308 1873 Haec
323 1853 431 1881 quoque
451 1846 583 1882 dignitas,
599 1848 637 1875 uti
653 1851 680 1875 et
698 1852 803 1876 caeteras
814 1856 874 1884 qua:
887 1855 951 1876 sunt
965 1850 992 1877 in

208 1891 330 1923 Christo.
344 1891 399 1919 Deo
417 1893 558 1927 competit,
572 1898 623 1920 nec
638 1892 666 1920 in
684 1893 738 1920 ulla
754 1901 784 1921 re
804 1898 897 1922 creata
913 1902 992 1930 repe-

208 1935 288 1963 ritur.
303 1934 361 1963 Soli
378 1935 450 1962 enim
467 1935 522 1963 Deo
535 1943 600 1964 vero
615 1936 703 1970 ipsam
721 1938 817 1966 tribuit
834 1938 991 1973 Psalmista,

208 1979 325 2008 dicens:
344 1990 354 2007 ι
374 1981 426 2014 Qui
450 1981 528 2010 ﬁnxit
546 1983 687 2019 sigillalim
709 1983 794 2012 corda
807 1991 902 2012 eorum
920 1993 927 2012 :
946 1985 992 2020 qui

209 2027 336 2064 intelligit
364 2029 457 2056 omnia
481 2026 567 2065 opera
589 2039 684 2058 eorum
702 2031 737 2059 ".
758 2040 768 2057 ι
791 2031 870 2064 Quod
896 2032 919 2059 si
937 2031 993 2060 Deo

207 2073 268 2100 solo
283 2080 344 2109 quas
358 2073 386 2101 in
403 2074 485 2102 nobis
502 2080 566 2103 sunt
582 2075 761 2111 intelligente,
773 2075 900 2104 Christus
914 2077 994 2105 intel—

208 2117 278 2154 ligit,
305 2119 443 2154 quomodo
457 2128 512 2148 non
535 2121 589 2148 erit
603 2121 753 2149 secundum
768 2125 894 2149 naturam
910 2122 990 2155 Deus,

207 2166 255 2201 qui
271 2164 362 2193 abdita
378 2166 465 2199 novit,
477 2172 505 2193 et
520 2166 575 2193 alta
589 2167 733 2202 cognoscit
749 2170 776 2194 et
794 2174 906 2200 arcana,
921 2168 993 2196 sicut

207 2211 340 2246 scriptum
355 2211 416 2239 est?
436 2221 445 2238 ι
466 2211 534 2245 Quis
547 2212 618 2240 enim
634 2213 775 2240 hominum
789 2214 842 2241 scit
855 2222 918 2249 qua:
927 2219 992 2242 sunt

207 2255 400 2288 hominis,nisi
417 2257 532 2292 spiritus
541 2257 726 2294 hominis,qui
742 2261 770 2287 in
786 2259 847 2295 ipso
860 2265 902 2288 est
915 2261 962 2288 "‘i
979 2271 988 2287 ι
1009 2250 1029 2278 D

206 2300 274 2328 Cum
287 2305 378 2330 autem
392 2302 485 2330 nullus
496 2303 576 2335 sciat,
591 2304 667 2332 solus
678 2312 734 2332 non
750 2305 888 2341 ignorabit
898 2306 968 2336 Deus
981 2316 988 2335 :

207 2354 297 2383 neque
319 2347 391 2375 enim
408 2348 435 2376 in
453 2349 642 2378 universorum
661 2358 775 2379 numero
791 2353 941 2381 collocatur
957 2353 991 2382 de

205 2392 307 2428 quibus
325 2393 424 2421 merito
437 2393 556 2427 dicatur,
574 2404 583 2420 ι
599 2396 702 2429 nullus,
719 2406 729 2423 ι
741 2396 789 2424 sed
804 2402 882 2426 extra
897 2400 988 2428 omnia

205 2441 259 2469 ost,
272 2441 300 2465 et
314 2439 406 2465 omnia
429 2439 481 2466 sub
493 2440 608 2473 pedibus
623 2442 684 2476 ejus
696 2442 728 2470 ⁸⁸,
743 2442 862 2478 ldipsutn
879 2452 988 2480 quoquo

207 2481 308 2510 Paulus
325 2484 472 2512 testabitur
489 2485 585 2513 dicens
605 2494 611 2512 :
632 2496 642 2512 ι
662 2487 745 2515 Vivus
756 2494 797 2516 est
809 2489 880 2516 enim
899 2498 989 2519 sermo

207 2525 252 2555 Dei
279 2531 306 2556 et
329 2528 433 2562 eilicax,
447 2534 474 2557 ct
493 2529 571 2566 145
590 2532 789 2566 penetrabilior
803 2535 877 2562 omni
896 2535 989 2570 gladio

206 2574 330 2609 ancipiti,
348 2579 374 2602 et
392 2577 552 2611 pertingens
569 2585 655 2613 usque
668 2578 702 2605 ad
716 2579 876 2608 divisionem
890 2582 989 2610 animm

206 2627 238 2647 ac
262 2620 387 2655 spiritus,
402 2629 562 2657 compagutn
580 2631 689 2659 quoque
707 2632 738 2652 ac
755 2626 946 2659 medullarum,
961 2632 989 2655 et

206 2665 340 2693 discretor
354 2666 550 2702 cogitationum
577 2673 604 2696 et
627 2669 810 2698 intentionum
838 2672 942 2700 cordis.
957 2672 990 2700 Et

207 2718 261 2739 non
275 2715 314 2739 est
326 2712 379 2739 ulla
397 2719 523 2741 creatura
537 2714 686 2744 invisibilis
705 2716 732 2744 in
744 2723 892 2752 conspectu
907 2718 985 2753 ejus:

204 2758 297 2785 omnia
315 2763 406 2787 autem
422 2760 496 2788 nuda
510 2765 538 2789 et
551 2765 645 2797 aperta
664 2767 729 2790 sunt
741 2763 830 2791 oculis
847 2764 907 2799 ejus
919 2765 953 2791 θ’.
973 2774 983 2791 ι

237 2850 261 2867 ³⁸
280 2847 352 2894 Psal.
372 2857 459 2884 uxn,
481 2851 524 2880 15.
560 2851 582 2868 ⁹⁷
598 2850 608 2880 ι
624 2851 730 2886 Contr,
752 2853 795 2881 ll.

1049 941 1272 976 ἁξιεραστότατον
1291 940 1443 972 ἐπιδεικνὺς
1456 940 1506 975 τὴν
1529 941 1567 972 είς
1581 940 1646 967 Θεὸν
1659 940 1835 976 γησιὸτητα,

1048 988 1094 1013 καὶ
1116 986 1165 1021 οὐχ
1188 985 1303 1020 ἑτοίμως
1328 986 1488 1020 προκεῖσθαι
1515 987 1570 1017 τοῖς
1591 986 1728 1012 ἐθέλουσιν
1754 986 1836 1019 ἑλεῖν,

1048 1033 1106 1060 ἀλλ’
1129 1033 1220 1067 ἐφέσει
1238 1034 1271 1068 τῇ
1289 1034 1328 1064 εἰς
1345 1032 1460 1066 ἀγαθὸν,
1482 1033 1528 1059 καὶ
1551 1033 1651 1069 μελέτῃ
1679 1033 1725 1060 καὶ
1746 1033 1837 1068 χρόνῳ

1048 1079 1277 1114 κατορθουμένην.
1300 1078 1518 1105 Μανθανέτωσαν
1540 1079 1582 1105 διὰ
1608 1078 1711 1105 τούτων
1734 1080 1758 1105 oi
1780 1078 1836 1104 τῶν

1047 1125 1093 1151 τοῦ
1118 1126 1242 1161 Σωτῆρος
1261 1125 1417 1160 μυστηρίων
1435 1125 1544 1160 ταμίαι,
1572 1125 1608 1160 μὴ
1632 1126 1756 1161 πρόωρον
1780 1125 1836 1151 τῶν

1049 1169 1127 1204 ἱερῶν
1145 1169 1400 1203 καταπετασμάτων
1420 1169 1485 1195 εἵσω
1507 1168 1642 1195 ποιεῖσθαι
1662 1169 1707 1194 τὸν
1728 1169 1836 1204 ἂνθρω-

1048 1224 1098 1242 πον
1110 1236 1116 1248 ,
1145 1215 1212 1251 μηδὲ
1237 1214 1383 1249 νεοφύτους
1402 1215 1460 1246 ταῖς
1478 1214 1563 1246 θείαις
1576 1214 1733 1248 ἐπιτρέπειν
1750 1220 1836 1250 προσ-

1049 1262 1117 1288 ιέναι
1137 1260 1286 1296 τραπέζαις
1297 1260 1366 1295 ἀωρὶ
1381 1260 1594 1295 βαπτιζομένους
1610 1260 1700 1292 τινὰς,
1724 1262 1770 1287 καὶ
1784 1262 1836 1287 οὐκ

1047 1308 1075 1334 ἐν
1101 1306 1191 1342 καιρῷ
1219 1306 1272 1332 τδψ
1299 1306 1425 1333 ἁπάντων
1453 1306 1590 1341 Δεσπότην
1623 1306 1836 1342 πιστευομένους

1047 1352 1171 1387 Χριστόν.
1193 1352 1251 1378 Ἰνα
1269 1351 1323 1386 γὰρ
1341 1351 1425 1383 τόπος
1444 1351 1509 1386 ἡμῖν
1529 1351 1581 1378 κᾶν
1600 1352 1689 1386 τούτῳ
1708 1353 1834 1387 γένηται,

1047 1397 1094 1432 καὶ
1107 1396 1199 1433 διδάξῃ
1210 1396 1262 1422 τίνι
1277 1395 1376 1430 μᾶλλόν
1389 1396 1446 1422 ἐστι
1457 1395 1488 1422 τὸ
1503 1395 1628 1431 μυεῖσθαι
1644 1397 1834 1430 πρεπωδέστε-

1048 1451 1103 1479 ρον,
1123 1442 1230 1478 δέχεται
1244 1442 1293 1477 μὲν
1307 1441 1370 1473 τοὺς
1388 1441 1582 1474 πιστεύοντας,
1603 1441 1680 1468 οὔπω
1697 1441 1725 1468 6i:
1740 1442 1834 1473 αὐτοῖς

1046 1489 1241 1523 ἅποθαρσήσας
1252 1488 1367 1523 ὁρᾶται,
1392 1487 1436 1514 διὰ
1453 1487 1500 1514 τοῦ
1517 1487 1553 1522 μὴ
1570 1487 1708 1515 πιστεύειν
1720 1487 1834 1514 ἑαυτόνο

1045 1534 1083 1567 ὡς
1101 1532 1169 1561 εἶναι
1186 1532 1263 1568 δῆλον
1278 1532 1416 1565 ἐντεῦθεν,
1442 1533 1482 1559 ὅτι
1501 1533 1554 1568 χρὴ
1576 1533 1638 1565 τοὺς
1651 1533 1783 1568 νεήλυδας
1801 1533 1834 1560 οὒ

1008 1575 1029 1605 C
1048 1580 1144 1617 μικρὸν
1159 1580 1187 1606 ἐν
1201 1579 1351 1614 κατηχήσει
1363 1578 1504 1614 τρίὸεσθαι
1517 1579 1613 1614 χρόνον
1625 1587 1633 1594 ·
1647 1579 1717 1606 οὕτω
1728 1579 1783 1613 γὰρ
1800 1579 1836 1606 ἂν

1046 1627 1124 1662 μόλις
1141 1626 1261 1660 γένοιντο
1274 1626 1303 1651 ιν
1315 1624 1414 1651 πίστει.

1079 1672 1130 1699 Διὰ
1148 1671 1181 1698 τὸ
1205 1671 1298 1698 αὐτὸν
1324 1670 1485 1706 γινώσκειν
1506 1670 1638 1705 πάντας,
1663 1671 1713 1698 καί
1731 1671 1776 1698 ὅτι
1796 1672 1836 1698 οὐ

1044 1718 1148 1753 χρείαν
1163 1716 1260 1751 εἶχεν,
1283 1718 1334 1744 ἵνα
1357 1726 1401 1750 τις
1422 1717 1600 1751 μαρτυρήσῃ
1619 1717 1684 1751 περὶ
1711 1718 1764 1744 τοῦ
1781 1717 1836 1745 dr-

1044 1765 1161 1798 θρώπου
1174 1772 1180 1779 ·
1204 1763 1294 1796 αὐτὸς
1317 1763 1372 1798 γὰρ
1395 1763 1539 1798 ἐγίνωσκε
1561 1763 1590 1790 τί
1608 1761 1647 1798 ἦν
1667 1763 1702 1790 ἐν
1724 1763 1763 1796 τῷ
1783 1764 1836 1791 dr-

1048 1809 1162 1844 θρώπῳ.

1079 1855 1237 1891 Θεοπρεπὲς
1256 1855 1303 1882 καὶ
1320 1854 1398 1881 τοῦτο
1420 1854 1488 1889 μετὰ
1500 1855 1553 1882 τῶν
1568 1854 1656 1881 ἄλλων
1677 1855 1706 1881 ὲν
1722 1855 1834 1890 Χριστῷ

1043 1902 1073 1928 τὸ
1100 1901 1226 1936 ἀξίωμα,
1259 1901 1308 1927 καὶ
1330 1902 1416 1928 οὐδενὶ
1437 1902 1492 1928 τῶν
1521 1901 1642 1937 γενητῶν
1669 1901 1834 1938 ἐνυπάρχον.

1043 1947 1124 1982 Μόνῳ
1140 1947 1194 1982 γὰρ
1215 1947 1280 1973 αὐτὸ
1300 1946 1339 1982 τῷ
1363 1949 1424 1974 κατ’
1445 1947 1574 1983 ἀλήθειαν
1590 1948 1646 1974 liv-rt
1665 1947 1724 1983 Θεῷ
1748 1956 1834 1983 προσ-

1042 1993 1122 2020 άπτει
1141 1992 1228 2026 λέγων
1246 1993 1261 2020 6
1276 1993 1447 2029 Ψαλμῳδός·
1464 2003 1473 2019 ι
1493 1993 1523 2020 'O
1538 1993 1642 2025 πλάσας
1662 1993 1732 2020 κατὰ
1749 1994 1834 2029 μόνας

1042 2038 1091 2070 τὰς
1119 2038 1231 2073 καρδίας
1255 2039 1360 2070 αὐτῶν,
1381 2038 1396 2063 '6
1419 2039 1519 2071 συνιεὶς
1542 2040 1582 2070 είς
1599 2040 1687 2067 πάντα
1705 2039 1740 2066 τὰ
1762 2040 1833 2075 ἔργα

1042 2083 1141 2110 αὐτῶν.
1157 2093 1166 2109 ›
1186 2083 1217 2110 Et
1232 2083 1260 2110 δὲ
1276 2084 1356 2119 μόνου
1373 2085 1509 2116 συνιέντος
1522 2085 1555 2112 τὰ
1573 2085 1602 2112 ὲν
1621 2086 1687 2120 ἡμῖν
1701 2084 1748 2112 τοῦ
1762 2084 1832 2111 Θεοῦ

1044 2128 1165 2162 συνίησιν
1180 2128 1194 2154 6
1209 2129 1326 2164 Χριστός
1341 2138 1347 2144 ·
1364 2129 1423 2161 πῶς
1436 2130 1486 2156 οὐκ
1497 2130 1572 2157 ἔσται
1587 2131 1657 2157 κατὰ
1671 2130 1751 2164 φύσιν
1765 2130 1832 2162 Θεὸς

1042 2173 1057 2199 ὁ
1075 2172 1128 2200 τῶν
1147 2173 1274 2209 κρυπτῶν
1291 2174 1429 2210 γνώστης,
1447 2176 1494 2202 καὶ
1513 2175 1655 2210 γινώσκων
1679 2176 1763 2211 βαθέα
1785 2177 1832 2204 καὶ

1043 2218 1200 2254 ἁπόκρυφα,
1212 2218 1283 2246 καθὰ
1299 2221 1470 2256 γέγραπται;
1489 2230 1498 2247 ι
1511 2221 1558 2254 Τίς
1573 2222 1627 2258 γὰρ
1642 2219 1711 2249 οἶδεν
1724 2221 1831 2258 ἀνθρώη

1045 2272 1104 2291 πων
1117 2264 1151 2291 τὰ
1163 2264 1210 2291 τοῦ
1223 2265 1386 2301 ἀνθρώπου,
1406 2268 1429 2293 εί
1445 2267 1482 2302 μὴ
1495 2267 1525 2294 τὸ
1540 2268 1648 2304 πνεῦμα
1665 2268 1710 2295 τοῦ
1726 2269 1833 2305 ἀνθρὼ-

1045 2317 1096 2336 που
1112 2309 1142 2336 τὺ
1161 2311 1190 2337 ὲν
1209 2311 1283 2346 αὐτῷ
1296 2319 1303 2344 ;
1317 2321 1327 2338 ι
1351 2311 1458 2345 Είὸότος
1478 2313 1507 2339 δὲ
1527 2310 1650 2346 οὐδενὸς,
1675 2314 1754 2350 μόνος
1781 2315 1832 2342 οὐκ

1045 2355 1172 2391 ἀγνοήσει
1183 2357 1258 2389 Θεὸς,
1275 2358 1335 2384 ἐπεὶ
1349 2358 1416 2393 μηδὲ
1431 2359 1525 2391 ἐντοῖς
1539 2360 1604 2387 πᾶσι
1621 2360 1831 2396 καταριθμεῖται

1045 2409 1124 2434 ποτε,
1144 2402 1206 2429 καθ’
1221 2399 1258 2430 ὧν
1276 2403 1309 2430 ἂν
1325 2404 1439 2436 εἰκότως
1453 2405 1562 2438 φέροιτο
1579 2405 1609 2432 τδ
1627 2415 1636 2431 ι
1651 2405 1750 2437 οὐδεὶς,
1765 2415 1775 2432 ι
1792 2406 1831 2437 ὼς

1042 2446 1069 2472 δὲ
1083 2446 1135 2479 ἐξω
1153 2447 1276 2480 πάντων,
1299 2449 1345 2476 καὶ
1361 2449 1449 2476 πάντα
1473 2450 1525 2476 ὑπὸ
1541 2451 1624 2482 πόδας
1644 2452 1747 2478 εἴσεται
1765 2451 1829 2488 [ισ.

1042 2491 1184 2528 κείσεταιί.
1198 2493 1375 2529 Μαρτυρήσει
1390 2495 1418 2521 δὲ
1431 2495 1477 2521 καὶ
1491 2496 1505 2522 6
1522 2495 1627 2528 Παῦλος
1641 2495 1738 2530 λέγων·
1751 2507 1761 2523 ι
1772 2497 1830 2524 Ζῶν

1042 2538 1096 2573 γὰρ
1118 2538 1133 2563 6
1154 2538 1232 2572 λόγος
1250 2540 1296 2566 τοῦ
1312 2539 1378 2566 Θεοῦ
1403 2540 1450 2567 καὶ
1464 2542 1592 2577 ἐνεργὴς,
1616 2543 1662 2569 καὶ
1675 2544 1830 2579 τομώτερκ

1043 2583 1113 2619 ὑπὲρ
1122 2585 1211 2611 πᾶσαν
1225 2585 1363 2622 μάχαιραν
1372 2586 1508 2622 δίστομον,
1518 2589 1565 2615 καὶ
1572 2588 1758 2624 διικνούμενος
1765 2590 1830 2625 ἄχρι

1045 2629 1178 2664 μερισμοῦ
1193 2629 1282 2666 ψυχῆς
1298 2632 1345 2658 καὶ
1363 2633 1531 2668 πνεύματος.
1552 2635 1648 2671 ἁρμῶν
1659 2643 1688 2662 τε
1701 2636 1748 2662 καὶ
1762 2644 1829 2670 μυε-

1043 2675 1106 2706 λῶν,
1121 2677 1168 2702 καὶ
1181 2678 1302 2712 κριτικὸς
1320 2677 1495 2714 ἐνθυμήσεων
1509 2680 1557 2707 καὶ
1576 2680 1685 2707 ἐννοιῶν
1703 2681 1827 2716 καρδίας.

1043 2722 1096 2749 Καὶ
1113 2723 1164 2749 οὐκ
1183 2723 1240 2750 ἐστι
1259 2724 1347 2758 κτίσις
1362 2725 1467 2761 ἀφανὴς
1485 2725 1600 2753 ἐνώπιον
1614 2727 1696 2754 αὑτοῦ
1708 2734 1715 2742 ο
1740 2727 1830 2753 πάντα

1041 2767 1070 2794 δὲ
1082 2769 1172 2804 γυμνὰ
1190 2770 1236 2796 καὶ
1245 2771 1480 2807 τετραχηλισμένα
1490 2773 1545 2804 τοῖς
1556 2772 1704 2809 ὀφθαλμοῖς
1717 2772 1827 2800 αὑτοῦ.»

849 2854 872 2871 ’⁸
886 2853 958 2883 Psal.
977 2863 1036 2890 vnt,
1055 2857 1081 2885 8.
1120 2859 1142 2875 "
1159 2860 1242 2888 Hebr.
1260 2869 1296 2894 tv,
1311 2861 1354 2895 η,
1375 2863 1416 2890 13.
