2028 3118
186 230 234 256 ΞΗ

720 232 753 260 IN
773 215 915 259 JOANNiS
932 231 1166 259 mactatum:-
1176 232 1239 261 LIB.
1253 234 1284 261 ιι.

1755 239 1814 266 με

193 284 236 316 Ὧς
250 284 304 320 γὰρ
320 278 455 318 φυτεύσας
467 285 498 311 τὸ
523 283 583 317 οὖς.
613 287 701 313 πάντα
715 288 899 322 ὲπακροᾶται,
922 288 968 314 καὶ

1027 287 1101 315 \udit
1113 289 1185 316 enim
1203 290 1306 321 omnia,
1321 293 1350 316 ut
1367 290 1414 325 qui
1429 291 1561 326 plantavit
1573 298 1665 319 aurem
1677 302 1683 325 ;
1697 296 1724 320 ct
1738 300 1807 320 cou-

187 331 226 363 ὼς
239 330 344 362 πλάσας
357 330 401 357 τὸν
414 331 567 367 ὀφθαλμὸν,
584 334 719 361 κατανοεῖ.
739 333 793 360 Καὶ
808 333 839 369 δὴ
852 333 928 367 είσφέ
934 342 973 368 ρε-

187 384 232 402 ται
250 376 336 410 λέγων
358 376 388 402 ὲν
411 377 486 404 Ἰώσσ
512 385 520 402 t
538 377 586 409 Τίς
600 374 676 410 οὗτος
687 380 701 405 ὁ
716 379 845 414 κρύπτων
863 388 895 414 με
913 379 973 414 βου-

188 422 251 457 λὴν,
278 421 433 456 συνέχωνδὲ
453 423 562 458 ῥήματα
592 424 621 450 ὲν
636 425 752 460 καρδίᾳ,
775 425 824 460 ἐμὲ
850 425 878 451 δὲ
887 425 973 451 οἴεται

188 467 334 503 κρύπτειν;
347 477 357 493 ι
375 467 432 494 Ἵνα
452 468 542 494 τοίνυν
555 468 622 495 Θεὸν
641 469 705 496 ὂντα
727 470 797 496 κατὰ
816 469 898 503 φύσιν
914 469 974 495 ὲπι-

187 511 357 548 γινώσκομεν
376 512 421 539 τὸν
433 512 511 544 Υἱὸν,
535 514 788 549 ἀναγκαίωςηφησὶν
805 513 974 548 ό.εὐαγγελι-

188 557 265 592 στής·
285 567 295 583 ι
304 557 467 592 Ὀτιχρείαν
478 558 528 584 οὐκ
543 556 614 593 εἶχεν
627 558 670 585 ἵνα
679 566 720 590 τις
736 559 898 594 μαρτυρήσῃ
911 559 974 593 περὶ

187 602 235 629 τοῦ
255 602 418 639 ἀνθρώπου·
444 603 526 636 αὐτὸς
552 604 605 639 γὰρ
629 604 761 638 ἐγίνωσκε
786 604 811 630 τί
833 602 867 639 ἦν
886 605 915 630 ὲν
935 603 974 639 τῷ

188 648 333 684 ἀνθρώπῳ.
347 659 357 676 ι

221 692 278 722 Ἦν
289 694 323 721 δὲ
336 694 489 730 ἅνθρωπος
501 695 535 722 ἐκ
552 688 610 722 τῶν
623 696 800 730 Φαρισαίων,
809 695 974 730 Νικόδημος

189 741 281 774 ὄνομα
299 740 388 773 αὐτῷ,
409 741 509 776 ἄρχων
528 741 587 768 τῶν
607 742 770 769 Ἰουδαίων.
793 740 887 774 Οὗτος
900 740 975 776 ἦλθε

188 787 263 820 πρὸς
279 786 372 814 αὑτὸν
387 787 504 820 νυκτὸς,
519 787 568 814 καί
578 786 662 815 εἶπεν
673 787 762 820 αὐτῷ.

230 832 417 868 Ἐτοιμότερος
438 833 487 868 μὲν
505 834 519 860 ό
535 834 689 869 Νικόδημος
712 835 776 869 περὶ
791 834 821 861 τὸ
836 833 976 861 πιστεύειν

188 877 273 909 ἔστιν,
289 877 359 904 αἱδοῖ
374 878 402 904 δὲ
421 879 471 905 οὐκ
493 878 581 914 ἀγαθῇ
605 878 763 914 νικώμενος,
776 879 855 914 δόξης
868 888 898 912 τε
916 879 974 914 ἃμα

187 922 237 957 τῆς
248 923 275 949 ὲν
286 921 438 958 ἀνθρώποις
447 923 476 950 οὐ
490 924 635 960 περιορῶν,
648 926 819 960 παραιτεῖται
835 926 885 961 τὴν
902 926 974 961 παῤ-

1026 334 1139 366 siderat,
1154 338 1183 361 ut
1200 335 1246 370 qui
1265 335 1342 362 tinxit
1356 337 1494 364 oculum‘.
1515 336 1594 364 Unde
1611 337 1638 364 in
1653 337 1703 364 Job
1720 338 1816 377 intro:

1026 379 1136 407 ducitur
1153 380 1249 408 dicens
1266 389 1272 407 :
1295 389 1303 406 t
1324 379 1391 413 Quis
1412 385 1453 409 est
1470 382 1520 410 iste
1537 383 1583 416 qui
1597 383 1669 410 celat
1685 390 1729 410 me
1742 390 1807 410 con-

1024 424 1136 456 silium,
1157 425 1301 452 continens
1331 429 1420 452 autem
1441 427 1523 453 verba
1552 427 1579 454 in
1605 427 1698 459 corde,
1721 431 1748 456 et
1765 436 1807 454 uno

1024 473 1102 504 putat
1121 470 1212 498 celare
1228 469 1258 496 ’1
1278 479 1288 496 ι
1308 469 1342 497 Ut
1368 470 1451 505 igitur
1470 469 1552 503 Deum
1581 472 1731 503 secundum
1756 479 1806 501 na-

1025 519 1114 541 turam
1146 522 1208 543 esse
1235 522 1418 550 agnoscamus
1442 515 1552 546 Filium,
1582 516 1738 543 necessario
1768 516 1822 543 ait'

1024 561 1191 596 evangelista
1210 570 1216 588 :
1236 570 1245 587 ι
1267 560 1336 594 Quia
1351 561 1375 588 ei
1387 568 1457 595 opus
1489 568 1542 592 non
1563 564 1665 591 eratut
1682 561 1744 595 quis
1766 564 1806 588 te-

1024 606 1183 633 stimonium
1196 607 1349 641 perhiberet
1360 606 1394 634 de
1408 606 1533 634 homine:
1549 606 1607 641 ipse
1618 605 1689 633 enim
1704 606 1807 633 sciebat

1025 651 1088 686 quid
1102 656 1175 679 esset
1188 652 1215 678 in
1233 653 1353 679 homine.
1374 661 1384 678 ›

1059 697 1102 730 lll,
1115 697 1140 724 1.
1154 697 1220 724 Erat
1232 698 1409 725 autem/muto
1423 706 1455 725 ea:
1468 697 1624 730 P/tariswit,
1641 697 1803 724 Nicodamus

1024 742 1139 774 nomine,
1157 743 1277 778 princeps
1302 742 1469 772 Iudaeorum.
1491 743 1540 770 llic
1569 743 1636 770 venit
1664 742 1698 769 ad
1715 741 1807 769 Iesum

1025 792 1110 819 nocte,
1129 792 1154 815 et
1165 788 1233 816 dixit
1250 790 1283 815 ei.

1060 830 1204 867 Promptus
1219 836 1261 860 est
1288 833 1321 860 ad
1340 832 1418 860 [idem
1436 833 1615 865 Nicodemus,
1638 832 1686 860 sed
1705 831 1814 868 pudore»

1024 884 1079 904 non
1096 877 1167 905 bono
1183 878 1272 905 victus
1289 882 1316 906 ct
1337 878 1430 913 gloria:
1447 879 1573 906 humanae
1589 878 1697 910 studio,
1722 877 1808 904 libero

1024 920 1099 956 loqui
1123 929 1178 949 non
1203 922 1295 954 audet,
1325 923 1371 950 sed
1390 923 1501 958 ancipiti
1518 923 1652 951 sententia
1676 921 1806 950 distrahi—

191 967 298 1002 ρησίαν,
333 957 473 1003 μερίζεται
498 957 533 996 δὲ·
554 957 602 1003 τὴν
614 957 726 1006 γνώμην
739 970 782 997 ἐπ’
802 957 895 1006 ἄμφω,
928 957 975 998 καὶ

1027 970 1081 998 tur,
1107 974 1140 994 ac
1164 967 1192 994 in
1219 968 1360 1003 proposito
1388 957 1539 1001 claudicat,
1564 973 1590 996 et
1616 972 1748 1002 utroque,
1779 971 1808 993 ut

189 1012 302 1047 κωκύει
314 1012 363 1049 τὴν
374 1015 541 1049 προαίρεσιν,
556 1015 602 1042 ἐπὶ
617 1015 720 1048 δισσαῖς
743 1016 771 1042 δὲ
785 1018 844 1048 ταῖς
860 1016 973 1051 ἰγνύαις,

189 1056 227 1087 ὡς
241 1058 404 1094 γέγραπται,
422 1060 540 1092 ἀσθενεῖ,
553 1062 610 1093 τοῖς
627 1061 675 1097 μὲν
697 1062 752 1095 ἀπὸ
763 1061 811 1089 τοῦ
827 1063 975 1095 συνειδότος

190 1102 311 1139 ἐλέγχοις
333 1105 372 1136 είς
383 1105 415 1131 τὸ
425 1105 525 1140 χρῆναι
545 1107 682 1134 πιστεύειν
707 1108 910 1144 συνωθούμενος
931 1109 975 1137 διὰ

189 1148 239 1184 τὴν
262 1149 316 1176 τῶν
334 1149 480 1185 θαυμάτων
509 1152 673 1188 ὑπερϐολὴν,
698 1153 747 1188 τῆς
772 1153 800 1180 δὲ
821 1154 866 1181 τοῦ
883 1154 976 1187 ἔθνους

190 1193 338 1229 ἡγεμονίας
362 1196 393 1222 οὐ
413 1197 533 1233 φορητὴν
557 1197 707 1234 ἡγούμενος
732 1199 781 1234 τὴν
802 1199 916 1235 ζημίαν·
941 1199 976 1236 ἦν

191 1239 245 1275 γὰρ
262 1239 352 1276 ἄρχων
366 1242 419 1268 τῶν
440 1243 583 1271 Ἰουδαίων.
603 1244 712 1279 Οίηθεις
732 1245 760 1271 δὲ
780 1245 917 1277 δύνασθαι,
930 1246 976 1273 καὶ

189 1285 239 1320 τὴν
257 1288 321 1322 παρ’
335 1287 448 1319 ἐκείνοις
464 1288 655 1316 ἀνασώσασθαι
671 1290 749 1322 δόξαν
762 1291 808 1317 καὶ
824 1290 975 1327 λεληθότως

190 1327 261 1358 εἶναι
281 1332 384 1365 πιστὸς,
407 1333 516 1368 ἔρχεται
533 1334 601 1369 πρὸς
619 1335 664 1361 τὸν
684 1335 797 1370 Ἰησοῦν,
809 1336 975 1371 συνεργάτην

189 1376 229 1411 τῷ
243 1377 379 1414 σκέμματι
402 1379 449 1407 τὸν
471 1380 524 1407 ἀπὸ
540 1381 589 1416 τῆς
603 1381 697 1413 νυκτὸς
719 1382 900 1418 ποιησάμενος
913 1382 976 1409 σκό-

189 1431 247 1456 τον,
258 1424 305 1450 καὶ
318 1425 355 1460 τῷ
371 1426 569 1463 κεκρυμμένως
584 1427 671 1454 ἐλθεῖν
686 1428 732 1455 ἐπὶ
747 1428 826 1464 διπλῇ
837 1430 869 1464 τῇ
879 1428 977 1466 γνώμῃ

190 1470 436 1506 κατηγορούμενος.

229 1514 339 1547 Ῥαϐϐὶ,
351 1516 474 1551 οῖδαμεν
490 1517 534 1545 ὅτι
555 1519 614 1546 ἀπὸ
631 1520 706 1547 Θεοῦ
729 1519 881 1554 ἐλήλυθας
896 1519 977 1547 διδά-

190 1561 315 1593 σκαλος,
347 1562 452 1596 Οὐδεὶς
475 1563 529 1598 γὰρ
555 1564 647 1591 ταῦτα
671 1565 707 1592 τὰ
726 1565 834 1600 σημεῖα
853 1565 976 1592 δύναται

1026 1012 1160 1047 scriptum
1170 1017 1212 1040 est
1226 1013 1247 1045 ³,
1262 1013 1364 1048 poplite
1379 1013 1499 1045 laborat,
1513 1014 1612 1049 partim
1633 1012 1809 1041 conscientia

1025 1058 1145 1086 stimulis
1160 1058 1192 1085 ad
1215 1058 1382 1086 credendum
1398 1060 1433 1087 ob
1450 1059 1646 1087 miraculorum
1669 1059 1807 1094 magnitu-

1025 1105 1116 1132 dinem
1132 1105 1256 1139 adactus,
1275 1105 1374 1140 partim
1390 1113 1461 1141 σιεγε
1475 1105 1565 1134 ferens
1580 1105 1735 1141 principatu
1749 1104 1807 1138 illo,

1026 1157 1106 1186 quem
1126 1152 1153 1180 in
1171 1160 1220 1180 sua
1234 1156 1315 1187 gente
1335 1152 1452 1180 habebat
1468 1152 1548 1188 (erat
1563 1151 1636 1179 enim
1651 1150 1814 1183 Judzcorum,

1026 1197 1187 1233 princeps),
1208 1200 1346 1226 excidere.
1363 1198 1531 1226 Existimans
1547 1201 1636 1225 autem
1660 1204 1740 1232 posse
1764 1196 1808 1229 dif

1026 1243 1156 1278 gnilatcm
1175 1244 1246 1271 illam
1260 1244 1331 1279 apud
1349 1251 1415 1271 suos
1429 1251 1550 1276 servare,
1566 1247 1592 1270 ct
1614 1242 1722 1272 Christo
1737 1241 1812 1269 clam

1026 1289 1177 1324 adhaerere,
1193 1292 1266 1318 venit
1279 1291 1313 1318 ad
1329 1291 1438 1324 Jesum,
1456 1290 1545 1320 noctis
1568 1290 1690 1318 tenebris
1717 1287 1810 1315 consi-

1026 1334 1091 1362 lium
1107 1336 1209 1368 celans,
1221 1341 1248 1364 et
1268 1337 1419 1372 ancipitem.
1435 1336 1555 1364 animum
1573 1335 1743 1362 clandestino
1761 1333 1815 1363 illa

1026 1381 1143 1409 adventu
1161 1382 1293 1417 prodens.

1061 1516 1106 1550 ΙΙΙ,
1125 1517 1152 1544 2.
1173 1516 1274 1549 Rubbi,
1291 1517 1388 1544 scimus
1407 1517 1471 1552 quia
1495 1523 1513 1544 α
1537 1516 1588 1544 Deo
1607 1515 1701 1543 uenisti
1724 1514 1808 1550 magi-

1025 1565 1089 1588 ster.
1111 1560 1196 1588 Nemo
1220 1561 1289 1588 enim
1308 1565 1391 1596 potest
1412 1561 1466 1588 [nec
1486 1560 1561 1596 signa
1583 1560 1668 1595 facere
1692 1566 1750 1594 qua:
1780 1562 1810 1585 tu

189 1605 296 1638 ποιεῖν,
315 1606 334 1634 ἆ
349 1607 390 1634 σὺ
402 1608 506 1642 ποιεῖς,
522 1609 576 1636 ἐὰν
589 1610 632 1644 μὴ
645 1608 667 1646 ᾗ
683 1612 698 1637 ὀ
719 1611 790 1644 Θεὸς
800 1608 974 1645 μεαξαῠτοῦ.

1027 1606 1106 1642 facis.
1132 1608 1158 1634 m'
1177 1607 1258 1642 fuerit
1282 1607 1352 1635 Deus
1369 1615 1428 1634 cum
1447 1614 1486 1635 eo.
1509 1605 1654 1640 Respondit,
1672 1604 1763 1637 Iesus,
1785 1609 1810 1631 et

198 1652 349 1687 Ἀπεκρίθη
368 1654 492 1688 Ἰησοῦς,
509 1655 557 1682 καί
570 1654 653 1683 εἴπεν
666 1655 754 1688 αὐτῷ.

233 1698 277 1724 Ἐν
291 1699 395 1731 τούτοις
408 1699 482 1736 ᾠήθη
500 1702 557 1732 τοῖς
575 1701 663 1735 λόγοις
686 1701 832 1737 ὁλόκληρον
846 1701 917 1737 ἔχειν
929 1700 978 1728 δύο

191 1746 288 1773 νασθαι
298 1747 346 1782 τὴν
358 1747 509 1780 εὐσέϐειαν,
522 1748 569 1775 καὶ
581 1748 709 1784 ἀρκέσειν
717 1748 791 1784 αὐτῷ
808 1748 877 1783 πρὸς
893 1756 978 1783 σωτη-

193 1790 255 1826 ρίαν
268 1791 451 1826 ὑπολαμϐάνει
465 1792 496 1819 τὸ
511 1791 649 1828 θαυμάσαι
667 1792 746 1828 μόνον
759 1791 794 1818 τὰ
811 1789 853 1823 οἷς
872 1791 978 1827 θαυμά-

193 1834 287 1868 ζεσθαι
307 1838 406 1873 πρέπει
419 1847 426 1854 ·
449 1837 541 1875 ἕτερον
561 1837 589 1864 δὲ
610 1838 685 1865 οὐδὲν
703 1838 749 1864 ἐπὶ
774 1837 880 1869 τούτοις
890 1837 979 1873 ζητεῖ.

192 1881 356 1910 Διδάσκαλον
370 1883 398 1909 δὲ
411 1884 484 1919 παρὰ
498 1883 576 1916 Θεοῦ,
588 1883 636 1910 καὶ
657 1884 721 1919 παρ’
737 1883 818 1910 αὐτοῦ
834 1882 979 1918 συνεργού-

194 1935 275 1961 μενον
302 1928 441 1963 ὀνομάζων
455 1929 544 1962 αὑτὸν,
565 1929 639 1955 οὔπω
651 1929 720 1956 κατὰ
734 1929 815 1962 φύσιν
834 1926 903 1955 οἶδεν
915 1927 979 1954 ὄντα

192 1971 270 2006 Θεὸν,
285 1973 344 2000 οὐδὲ
359 1973 464 2009 συνίησι
476 1974 594 2009 δηλονότι
608 1974 658 2009 τῆς
675 1974 742 2008 μετὰ
757 1973 857 2008 σαρκὸς
876 1973 978 1999 οἰκονο-

195 2018 260 2054 μίας
275 2018 320 2045 τδν
330 2019 419 2054 λόγον,
432 2019 471 2046 ἔτι
491 2019 519 2046 δὲ
533 2020 570 2052 ὡς
584 2019 719 2055 ἀνθρώπῳ
735 2019 858 2054 πρόσεισι
871 2017 977 2053 γυμνῷ,

193 2064 241 2090 καὶ
254 2065 354 2100 μικρὰν
373 2065 416 2091 ἐπ’
431 2065 505 2101 αὑτῷ
519 2065 568 2101 τὴν
581 2064 706 2101 διάληψιν
717 2064 782 2100 ἔχει.

235 2153 334 2188 Ἀμὴν,
351 2153 433 2188 ἀμὴν
447 2152 525 2188 λέγω
553 2160 612 2185 σοι,
643 2152 697 2179 ἐὰν
724 2151 765 2186 μή
789 2161 833 2185 τις
848 2152 979 2187 γεννηθῇ

192 2199 316 2231 ἄνωθεν,
325 2200 359 2226 οὐ
368 2199 491 2226 δύναται
509 2198 582 2225 ἰδεῖν
597 2198 821 2233 τὴνβασιλείαν
833 2199 885 2225 τοῦ
894 2197 976 2226 Θεοῦ.

194 2246 280 2280 Λέγει
298 2245 372 2279 πρὸς
387 2245 479 2272 αὐτὸν
493 2246 509 2272 ὁ
525 2244 702 2278 Νικόδημος.

1026 1652 1096 1680 dixit
1111 1653 1144 1681 ei.

1062 1695 1112 1723 His
1129 1696 1222 1725 verbis
1238 1696 1387 1732 perlectam
1404 1704 1434 1725 se
1448 1697 1576 1732 pietatem
1594 1696 1717 1724 obtinere
1731 1703 1816 1731 posse.

1027 1744 1116 1776 putat.
1131 1741 1239 1776 sibique
1259 1742 1328 1769 satis
1350 1741 1409 1769 fore
1426 1741 1566 1770 existimat
1586 1741 1619 1768 ad
1643 1741 1770 1772 salutem.
1787 1740 1813 1767 st

1028 1793 1058 1814 ea
1085 1790 1192 1814 tantum
1208 1786 1325 1814 miretur
1344 1794 1406 1822 quae
1431 1786 1612 1814 admiratione
1628 1786 1711 1822 digna
1735 1790 1809 1813 sunt.

1027 1833 1163 1860 Caeterum
1176 1833 1244 1860 nihil
1258 1833 1331 1860 aliud
1344 1836 1441 1868 praeter
1454 1833 1512 1860 haec
1522 1832 1629 1868 quaerit.
1641 1832 1708 1859 Dum
1720 1835 1810 1858 autem

1028 1878 1119 1912 ipsum
1134 1878 1298 1913 magistrum
1316 1879 1354 1905 ait
1374 1886 1389 1904 α
1411 1877 1467 1906 Deo
1489 1879 1608 1909 venisse.
1625 1881 1652 1904 et
1665 1884 1727 1904 cum
1750 1877 1813 1911 ipso

1028 1923 1114 1951 Deum
1144 1923 1270 1958 operari,
1294 1923 1415 1951 nondum
1444 1923 1520 1952 novit
1545 1930 1608 1949 eum
1636 1929 1698 1950 esse
1726 1922 1811 1949 Deum

1029 1968 1180 1997 secundum
1210 1972 1361 2001 naturam,
1389 1976 1480 2003 neque
1512 1968 1647 1996 rationem
1683 1967 1811 1995 videlicet

1029 2014 1228 2043 incarnationis
1245 2014 1385 2048 intelligit,
1404 2013 1452 2041 sed
1477 2021 1538 2041 eum
1567 2013 1659 2041 adhuc
1681 2017 1813 2048 tanquam

1029 2069 1133 2089 merum
1156 2061 1293 2088 hominem
1317 2060 1392 2093 adit,
1416 2064 1443 2088 et
1468 2059 1589 2088 tenuiter
1612 2058 1756 2086 admodum
1776 2059 1816 2088 de

1029 2105 1074 2133 illo
1091 2106 1184 2133 sentit.

1067 2151 1146 2187 1&6
1172 2150 1216 2184 Ill,
1236 2151 1263 2178 3.
1285 2151 1385 2184 Amen,
1401 2158 1476 2177 amen
1502 2150 1561 2177 dico
1586 2149 1643 2180 tibi,
1674 2148 1727 2176 nisi
1753 2148 1815 2183 quis

1030 2201 1136 2223 renatus
1148 2196 1228 2230 fuerit
1243 2195 1362 2230 desuper,
1373 2203 1424 2221 non
1438 2199 1521 2228 potest
1535 2194 1620 2221 ridere
1635 2201 1739 2228 regnum
1750 2192 1815 2220 Dei..

1032 2241 1102 2268 Dicit
1119 2241 1154 2267 ad
1167 2249 1226 2268 eum
1242 2240 1413 2268 Nicodamus.

229 2290 288 2318 Οὐκ
295 2291 336 2325 ἐφ’
347 2289 387 2322 οἷς
399 2290 502 2326 ᾠήθης,
513 2289 604 2325 φησὶν,
612 2286 634 2316 ὦ
644 2289 829 2324 Νικόδημε,τδ
843 2290 976 2317 πιστεύειν

1065 2287 1124 2315 Non
1137 2288 1238 2322 quibus
1253 2287 1334 2315 rebus
1347 2287 1501 2319 existimas,
1516 2287 1616 2322 inquit,
1627 2285 1810 2318 oNicodemc.

192 2336 277 2363 ἐστίν.
297 2337 353 2363 Οὐκ
368 2337 447 2371 ἀρκεῖ
460 2344 500 2362 σοι
522 2335 600 2369 λόγος
621 2337 661 2366 εἰς
676 2335 856 2370 δικαιοσύνην,
874 2336 934 2362 οὐδὲ
949 2336 978 2362 ὲν

193 2380 280 2414 ψιλοῖς
296 2379 476 2416 κατορθώσεις
494 2381 599 2415 ῥήμασι
613 2380 661 2415 τὴν
674 2380 813 2406 εὑσέὸειαν
823 2388 830 2395 ’
847 2389 855 2405 ι
874 2381 910 2407 υὺ
924 2380 981 2416 γὰρ

195 2426 249 2458 πᾶς
263 2427 277 2452 ὁ
291 2425 376 2460 λέγων
390 2435 445 2461 μοι,
461 2426 557 2460 Κύριε,
574 2426 864 2460 Κύριε,,είσελεύσεται
877 2427 917 2459 είς
928 2427 978 2462 τὴν

195 2469 333 2505 βασιλείαν
347 2470 401 2497 τῶν
425 2471 557 2506 οὐρανῶν,
573 2471 631 2498 ἀλλ’
645 2473 659 2498 ὁ
673 2471 756 2498 ποιῶν
772 2471 801 2498 τὸ
817 2471 921 2507 θέλημα
929 2471 977 2498 τοῦ

195 2516 301 2551 Πατρός
328 2524 378 2551 μου
402 2516 448 2543 τοῦ
465 2517 494 2543 ὲν
507 2518 562 2548 τοῖς
580 2517 714 2552 οὐρανοῖς.
730 2526 739 2542 ι
753 2517 864 2553 Θέλημα
886 2518 914 2543 δὲ
930 2517 978 2544 τοῦ

192 2559 311 2596 Πατρὸς,
330 2560 442 2596 μέτοχον
465 2560 514 2596 μὲν
535 2561 581 2588 τοῦ
601 2561 678 2595 ἁγίου
699 2562 854 2597 Πνεύματος
872 2562 978 2589 ἀναδει-

194 2605 294 2640 χθῆναι
316 2605 361 2632 τὸν
389 2606 541 2642 ἄνθρωπον,
566 2608 605 2639 εἰς
631 2607 660 2633 δὲ
689 2607 810 2642 ἀσυνήθη
829 2608 877 2634 καὶ
899 2607 978 2643 ξένην

194 2651 412 2686 άναγεννηθέντα
436 2651 517 2687 ζωὴν,
533 2652 579 2678 καὶ¹
603 2652 718 2687 οὐρανοῦ
738 2653 906 2688 χρηματίσαι
929 2661 977 2679 ποπ

193 2695 270 2730 λίτην
295 2696 340 2722 τὸν
367 2696 421 2723 ἀπὸ
446 2697 496 2732 τῆς
516 2697 578 2731 γῆς.
597 2696 716 2723 Ἀνωθεν
728 2696 756 2722 δὲ
777 2697 864 2730 λέγων
875 2697 923 2733 τὴν
934 2697 984 2724 διὰ.

195 2740 353 2776 Πνεύματος
368 2741 555 2776 ἀναγέννησιν,
571 2743 603 2769 ὲκ
618 2742 667 2777 τῆς
681 2742 774 2774 οὐσίας
792 2742 838 2768 τοῦ
853 2742 919 2769 6εοῦ
931 2743 983 2773 καὶ.

195 2787 302 2822 Ιίατρὸς
316 2787 437 2822 ὑπάρχον
455 2788 485 2813 τὺ
507 2788 617 2822 Πνεῦμα
633 2787 748 2815 δεικνύει
767 2787 870 2822 σαφῶς,
883 2789 978 2822 ὥσπερ

196 2831 302 2866 ἀμέλει,
320 2833 366 2858 καὶ
387 2833 467 2864 αὐτὸς
490 2834 552 2868 περὶ
568 2832 664 2860 ἑαυτοῦ
687 2833 738 2860 πού
757 2841 852 2868 φησιν·
875 2843 887 2859 ι
907 2833 977 2868 Ἐγὼ

1029 2334 1097 2361 ﬁdes
1113 2338 1298 2369 comparatur.
1321 2333 1380 2361 Non
1397 2333 1497 2362 suliicit
1510 2333 1559 2361 tibi
1576 2340 1665 2361 sermo
1682 2332 1715 2360 ad
1731 2333 1812 2367 justi-

1029 2378 1114 2411 tiam,
1136 2386 1226 2413 ncque
1251 2378 1335 2406 nudis
1357 2378 1448 2406 verbis
1468 2378 1597 2413 pietatem
1621 2377 1810 2413 consequeris.

1031 2433 1040 2450 ι
1063 2423 1121 2451 Νοιι
1145 2424 1236 2457 enim,
1255 2425 1413 2459 quicunque
1424 2423 1497 2451 .mihi
1511 2423 1593 2457 dicit,
1612 2423 1740 2455 Domine,
1757 2422 1811 2449 Do-

1029 2469 1114 2503 mine,
1131 2469 1245 2497 intrabit
1267 2470 1294 2497 in
1312 2477 1427 2505 regnum
1449 2469 1593 2502 ccelorum,
1615 2469 1661 2496 sed
1685 2469 1731 2504 qui
1747 2468 1813 2496 facit

1028 2515 1195 2542 voluntatem
1215 2514 1306 2543 Patris
1324 2516 1376 2543 mei
1391 2516 1438 2551 qui
1453 2516 1481 2543 in
1497 2515 1575 2543 cmlis
1588 2519 1631 2542 est
1642 2517 1663 2542 δ.
1682 2525 1691 2541 ι
1708 2515 1812 2543 Volun-

1029 2564 1072 2587 tas
1100 2564 1191 2588 autem
1211 2559 1301 2588 Patris
1331 2566 1387 2594 est,
1418 2566 1446 2588 ul
1471 2561 1552 2588 homo
1577 2562 1665 2588 sancti
1692 2560 1810 2596 Spiritus

1029 2604 1325 2641 adiciatur-particeps,
1341 2610 1370 2634 et
1384 2607 1431 2642 qui
1449 2607 1483 2634 de
1502 2611 1577 2634 terra
1592 2611 1644 2639 est,
1664 2615 1811 2642 regenera-

1029 2655 1074 2679 tus
1087 2651 1122 2679 ad
1137 2651 1276 2679 insolitam
1292 2657 1319 2680 et
1332 2661 1429 2680 novam
1440 2654 1536 2687 vitam,
1546 2654 1608 2682 ταιιί
1622 2662 1732 2690 quoquc
1743 2655 1811 2682 ciris

1030 2701 1215 2732 nuncupetur.
1245 2696 1315 2724 Dum
1349 2702 1439 2725 autem
1472 2700 1704 2734 regenerationem
1736 2700 1817 2727 illam-

1031 2751 1092 2778 quae
1112 2743 1138 2771 [it
1154 2751 1204 2779 per
1222 2743 1354 2779 Spiritum
1369 2744 1487 2779 desuper
1509 2753 1571 2773 csse
1596 2747 1645 2778 ait,
1666 2747 1740 2773 clare
1764 2746 1812 2773 de-

1030 2792 1165 2816 monstrat
1179 2789 1310 2824 Spiritum
1321 2797 1355 2817 ex
1368 2789 1523 2817 substantia
1535 2789 1581 2818 Dei
1596 2799 1628 2818 ac
1643 2791 1729 2818 Patris
1739 2798 1811 2822 esse.

1031 2834 1103 2862 sicut
1120 2834 1178 2869 ipse
1193 2835 1324 2862 nimirum
1340 2836 1374 2864 de
1385 2835 1476 2871 seipse
1491 2844 1598 2872 quoque
1614 2837 1678 2864 dicit
1690 2835 1820 2865 alicubi:

233 2923 239 2938 '
255 2921 326 2950 Psal.
343 2931 416 2956 xcm,
433 2924 459 2951 9.
500 2925 508 2939 ’
523 2923 572 2952 Joh
594 2931 656 2956 ml,
677 2925 703 2951 3.
742 2924 751 2939 ³
767 2923 839 2951 Psal.
857 2932 922 2957 xvu,
938 2924 980 2952 46.
1019 2925 1030 2941 ⁸
1045 2924 1141 2954 Matth.
1161 2933 1209 2960 vn,
1224 2925 1268 2953 2|.
