2028 3118
217 202 270 230 ξιτ

217 264 300 292 etiam
312 263 358 290 hic
371 263 450 290 nobis
461 261 616 297 exemplum
629 260 702 288 fecit.
720 259 779 288 Non
796 260 895 294 poterit
906 264 996 287 autem
1013 263 1035 290 Α

217 309 301 345 objici
325 309 456 344 magistro
473 308 562 343 ipsum
585 307 767 343 persuadendi
797 306 926 334 facultate
954 313 1000 333 ea-

216 364 288 388 rere.
307 356 329 384 si
358 355 454 382 doceat
479 363 541 390 quze
567 357 640 382 recta
666 360 728 381 esse
755 357 848 388 putet,
874 351 1000 387 quamvis

218 410 273 438 prae
297 402 454 429 auditorum
474 401 603 428 tarditate
629 400 696 426 nihil
719 398 855 434 proﬁciat.
874 397 999 431 Alioquin

216 449 299 477 etiam
334 448 398 474 hine
425 447 557 474 discimus
585 445 734 473 caecitatem
756 452 790 472 ex
816 447 892 478 parte
914 443 1002 470 conti-

217 494 290 528 gisse
320 493 347 519 in
373 492 458 519 Israel
485 501 492 520 :
518 500 527 517 ι
553 490 654 518 Audito
680 489 752 516 enim
777 487 920 515 audientes
947 494 1000 514 non

217 538 373 572 intelligunt
382 538 414 564 ".
427 547 436 563 ι
452 546 454 549 π

255 582 399 620 149111,
422 583 464 610 10.
487 583 524 609 Tu
545 590 573 609 es
593 582 716 616 magister
738 581 764 607 in
786 579 885 610 Israel.
906 584 930 606 et
947 578 1002 605 hec

216 629 324 665 ignoras
333 630 347 657 7

254 675 292 702 Ex
315 682 370 702 uno
395 675 523 703 Christus
547 681 643 701 omnes
671 673 778 708 arguit,
806 673 1000 709 magistrorum

217 720 326 756 quidem
339 721 448 747 nomine
461 724 585 752 ornatoS,
597 724 623 746 et
640 719 711 746 nuda
727 719 856 754 opinione
868 717 1001 744 doctrina:

217 767 313 802 legalis
332 766 486 799 redimitos,
501 766 547 793 Sed
562 770 636 792 tanta
652 765 758 793 inscitia
772 773 804 792 ac
819 769 931 801 stupore
944 764 1003 799 ple-

218 821 279 846 nos.
304 818 334 840 ut
354 813 422 840 nihil
447 813 536 839 sciant
560 820 656 839 eorum
681 819 741 847 quae
767 811 839 838 scire
861 811 1000 841 convenit.

217 858 318 886 nedum
341 859 412 886 alios
434 859 551 886 etlocere
575 863 688 893 queant.
712 857 790 891 Quod
807 859 829 887 si
845 856 1000 884 istiusmodi

217 909 261 932 est
277 905 323 939 qui
340 904 419 932 docet
430 905 511 936 alios,
526 906 624 939 quales
639 905 746 932 demum
764 907 845 931 erunt
860 902 999 938 discipuli,

217 957 279 976 cum
301 950 464 984 discipulus,
480 950 557 984 juxta
573 950 723 976 Salvatoris
742 950 920 980 sententiam,
943 957 998 976 non
1015 940 1036 967 Β

217 996 252 1022 sit
276 995 409 1030 magistro
434 996 606 1030 superiori“
627 996 685 1023 Non
713 1000 754 1023 est
780 996 872 1028 enim,
899 995 999 1029 inquit,

217 1040 369 1076 discipulus
383 1048 464 1076 supra
480 1041 638 1076 magistrum
655 1048 735 1068 suum
749 1041 781 1066 ".
802 1050 810 1066 ι
829 1040 896 1068 Cum
909 1044 999 1067 autem

217 1087 244 1113 in
272 1090 348 1114 tanta
372 1090 517 1114 versentur
541 1087 705 1121 ignorantia,
724 1095 786 1113 vere
806 1086 934 1113 Christus
952 1094 1000 1114 eos

219 1132 353 1168 sepulcris
374 1132 509 1160 dealhatis
530 1132 634 1159 similes
647 1124 710 1159 esse
725 1132 793 1159 dicit
811 1132 860 1159 η’.
890 1131 922 1159 lit
934 1132 1001 1159 scite

218 1185 328 1213 quoque
350 1177 450 1204 Paulus
470 1178 501 1204 ad
526 1177 680 1205 Iuda-orum
704 1178 854 1212 principem
879 1189 883 1205 :
905 1187 913 1203 ι
932 1177 999 1209 l‘er-

219 1223 304 1250 cutiet
319 1226 344 1250 te
362 1222 444 1255 licus,
463 1224 552 1259 paries
567 1223 692 1250 dealhatc
711 1223 741 1250 “.
763 1232 771 1248 ι

255 1350 299 1383 ill,
322 1352 362 1378 ll.
383 1351 476 1383 Amen,
492 1361 566 1378 amen
580 1352 638 1378 dieo
655 1351 713 1384 tibi,
733 1352 797 1387 quia
813 1352 884 1387 quod
903 1352 1001 1378 scimus

193 1401 199 1404 '
220 1397 361 1432 loquimur,
379 1406 404 1425 et
417 1398 487 1432 quod
500 1399 612 1425 vidimus
628 1402 767 1425 testamur.

257 1444 413 1478 lntperilum
433 1449 459 1472 et
475 1445 577 1480 oppido
596 1444 689 1472 rudem
704 1444 838 1480 comperit
852 1444 1001 1477 hominem,

220 1489 323 1523 quique
343 1496 399 1524 pra:
423 1489 507 1516 multa
535 1488 636 1524 ingenii
654 1488 780 1516 crassitie
796 1487 830 1515 ad
848 1487 1002 1515 divinorttm

219 1536 377 1570 dogmatum
410 1535 683 1570 comprehensionem
716 1534 873 1562 nullatenus
903 1532 1002 1561 deduci

219 1585 312 1615 queat,
330 1581 422 1607 multis
440 1581 505 1608 licet
527 1581 618 1608 verbis
632 1581 818 1616 exemplisque
836 1580 920 1608 v‘ariis
933 1580 959 1607 in
976 1578 1002 1606 id

220 1625 379 1660 insumptis.
400 1624 476 1652 Unde
496 1625 659 1653 accuratiori
676 1615 847 1660 expositione
857 1625 919 1660 jure
935 1633 1002 1660 ιιι-αι-
1017 1615 1037 1643 c

220 1671 364 1701 lermissa.
389 1670 506 1706 simplici
526 1671 578 1698 ﬁde
601 1671 789 1706 accipiendum
810 1679 872 1698 esse
893 1671 1002 1698 demum

220 1717 353 1749 consulit,
368 1717 441 1751 quod
459 1717 611 1752 intelligere
627 1722 762 1752 nequeat:
779 1721 894 1744 testatur
911 1721 1002 1744 autem

221 1761 281 1795 ipse
300 1761 373 1788 clare
389 1761 461 1788 seire
479 1769 510 1789 se
532 1761 604 1796 quod
626 1761 703 1792 dicit,
726 1761 812 1796 ipsius
826 1769 895 1796 pene
913 1761 1003 1789 vultus

222 1810 354 1840 aspectu,
376 1806 524 1834 ostendens
549 1814 631 1842 porro
662 1807 924 1841 periculosissimum
942 1814 1004 1834 esse

220 1851 421 1880 contradicere.
443 1851 504 1879 Non
521 1853 592 1880 enim
609 1853 740 1880 credibile
754 1857 812 1880 erat
827 1852 1002 1880 Nicodemum

221 1897 336 1924 oblitutn
348 1905 409 1925 esse
421 1898 480 1932 ejus
494 1898 565 1933 quod
581 1898 615 1926 de
630 1898 740 1926 Christo
756 1898 897 1926 Salvatore
910 1903 1004 1926 nostro

222 1947 378 1975 asseverat,
400 1942 529 1970 nimirum
558 1949 575 1969 τι
603 1942 657 1969 Deo
677 1943 766 1978 ipsum
788 1943 894 1970 venisse
918 1942 1005 1976 magi-

222 1993 320 2014 strum.
347 1986 485 2016 Resistere
500 1996 568 2016 vero
588 1989 612 2016 ei
636 1989 719 2023 quia
744 1988 797 2015 Deo
810 1992 837 2016 et
861 1989 933 2015 Deus
957 1988 1002 2020 sit,

222 2033 360 2066 quomodo
380 2034 492 2068 periculi
510 2029 619 2069 plenum
635 2042 689 2061 non
712 2033 816 2062 fuerit?
834 2034 907 2061 lstud
932 2034 1004 2060 enim

221 2079 330 2106 videtur
365 2087 426 2107 esse
460 2088 522 2108 cum
556 2080 611 2108 Deo
645 2088 775 2116 pugnare.
810 2079 1003 2107 Verumtamen

222 2124 383 2152 discendum
399 2126 464 2153 hinc
484 2126 566 2154 nobis
581 2131 633 2159 est,
646 2134 729 2161 penes
743 2134 813 2161 quos
829 2130 871 2153 est
886 2116 1003 2153 docendi

222 2174 354 2205 potestas,
369 2172 456 2199 satius
475 2179 539 2200 esse
558 2172 638 2199 [idem
663 2171 836 2206 simplicibus
851 2170 1004 2198 rationibus

222 2221 395 2244 constantem
412 2217 518 2244 tradere
533 2218 688 2252 neophytis,
704 2224 784 2252 quam
800 2217 883 2243 altqu
899 2223 1000 2242 sermo-

222 2270 284 2289 nem
307 2266 334 2290 et
355 2270 498 2297 operosam
515 2264 725 2298 expositiOncm.
752 2262 783 2290 Et
806 2267 879 2289 certe
904 2261 1004 2288 Paulus

223 2309 280 2342 ipse
303 2308 344 2335 lac
359 2314 452 2343 potum
470 2309 552 2336 dahat
577 2309 610 2337 iis
625 2309 670 2343 qui
686 2309 783 2336 solidis
797 2309 867 2335 eihis
882 2308 1002 2335 nondum

223 2354 261 2381 uti
279 2358 404 2388 poterant
419 2355 452 2382 ¹¹⁵.
471 2355 503 2381 ΕΙ.
519 2354 886 2389 sapientissimus’Salomon
903 2354 1002 2381 alicubi

223 2400 304 2428 uoltis
323 2401 361 2428 ait
379 2409 385 2427 :
405 2410 414 2426 ι
435 2400 583 2427 Evidenter
607 2408 758 2435 cognosces
783 2401 889 2428 animas
912 2400 1002 2435 gregis

223 2445 262 2471 tui
280 2445 301 2460 ”
317 2455 323 2473 :
341 2455 351 2470 ι
370 2445 464 2472 volens
475 2444 628 2471 doctrinam
639 2452 692 2472 non
702 2453 763 2473 esse
777 2445 934 2480 promiscue
948 2448 1003 2471 tra-

222 2491 339 2518 (tendam
353 2491 451 2522 cuivis,
467 2491 514 2518 sed
538 2491 756 2526 uniuscujusque
782 2492 872 2526 captui
897 2499 1006 2519 accom-

223 2535 368 2564 modatam.

261 2583 340 2618 15o
358 2582 403 2616 Ill,
425 2583 467 2611 ‘ll.
492 2583 524 2611 Et
537 2585 711 2612 testimonium
726 2589 843 2612 nostrum
862 2594 913 2612 non
933 2585 1005 2611 acci-

222 2629 296 2662 pilis.

258 2673 286 2700 In
301 2674 399 2708 plurali
414 2682 528 2703 numero
538 2676 615 2703 testis
627 2683 772 2711 personam
787 2675 916 2703 Servatur
927 2680 1004 2702 extu-

223 2720 262 2749 tit.
283 2723 345 2754 puta
367 2721 441 2755 quod
467 2722 493 2748 itt
512 2722 603 2757 seipso
627 2722 733 2750 Patrem
756 2721 854 2750 haheat
870 2729 901 2748 ac
917 2721 1004 2756 Spiri-

221 2770 278 2791 tum
295 2770 390 2792 natura
408 2776 414 2793 τ
429 2771 459 2793 ιιι
474 2767 676 2802 quodammodo
697 2767 775 2802 juxta
802 2767 886 2802 legem
903 2767 1002 2794 Mosai-

221 2817 292 2842 eam.
309 2811 334 2838 in
350 2819 396 2840 ore
410 2812 526 2840 duortttu
537 2817 563 2841 et
571 2814 653 2841 trium
667 2815 774 2841 testium
787 2814 898 2842 verbum
911 2810 1001 2840 ﬁrme-

258 2891 278 2907 ¹¹
294 2892 418 2924 llom.x1.
433 2893 458 2920 8.
499 2893 622 2920 l"Matth.
635 2901 660 2925 x,
671 2893 716 2920 94.
755 2892 791 2908 ¹⁸“
805 2892 890 2919 Matth
913 2892 1041 2921 λλιιι,ἓ’ἶ.

723 199 752 226 S.
766 197 904 225 CYBILLI
923 196 1154 225 ALEXANDRINI
1168 197 1324 226 ARCHIEP.

1783 198 1837 226 Si!

1049 259 1147 290 διδούς.
1168 259 1240 291 Ἕξω
1267 259 1295 286 δὲ
1315 259 1422 291 πάντως
1444 259 1493 294 τῆς
1519 259 1564 286 ἐπὶ
1585 258 1623 295 τῷ
1652 258 1689 295 μὴ
1707 258 1837 286 δύνασθαι

1053 305 1155 332 πείθειν
1166 305 1254 337 αἰτίας
1268 305 1282 331 ὁ
1297 305 1429 331 διδάσκων
1443 305 1572 336 κείσεται,
1587 304 1672 339 λέγων
1691 305 1740 339 μὲν
1755 305 1836 338 αὐτὸς

1052 350 1124 385 ἅπερ
1135 350 1168 376 ἂν
1183 350 1254 385 ἔχειν
1274 351 1362 384 οἴηται
1385 349 1485 382 καλῶς,
1514 350 1624 384 ὠφελῶν
1649 350 1677 377 δὲ
1696 350 1779 386 μηδὲν
1792 351 1837 377 διὰ

1051 396 1081 422 τὸ
1106 396 1159 422 τῶν
1188 395 1370 431 ἀκροωμένων
1391 395 1535 430 δυσμαθές.
1565 395 1668 427 ’Λλλως
1686 404 1715 422 τε
1730 397 1778 422 καὶ
1791 395 1837 423 διὰ

1051 441 1144 468 τούτου
1161 441 1342 476 μανθάνομεν,
1353 442 1396 468 ὅτι
1410 441 1537 477 πώρωσις
1546 441 1656 476 γέγονεν
1669 441 1722 468 ἀπὸ
1735 441 1837 477 μέρους

1051 487 1090 522 τῷ
1107 488 1222 524 Ἰσραήλ.
1239 497 1249 514 ι
1281 488 1362 523 Ἀκοῇ
1384 487 1438 523 γὰρ
1459 487 1601 520 ἀκούοντες
1619 488 1648 514 οὐ
1671 490 1801 515 συνιᾶσιν.
1824 498 1834 514 ι

1087 577 1130 603 Σὺ
1146 574 1174 603 εἶ
1188 578 1203 603 ό
1215 575 1399 609 διδάσκαλος
1420 575 1472 603 τοῦ
1492 577 1620 610 Ἰσραὴλ,
1633 577 1681 604 καὶ
1696 577 1787 604 ταῦτα
1798 577 1836 604 οὗ

1052 622 1207 657 γινώσκεις
1217 630 1226 654 ;

1094 667 1137 701 Ἐξ
1149 669 1206 700 ἐνὸς
1236 669 1359 701 ἅπαντας
1384 669 1490 704 ἐλέγχει
1512 668 1639 704 Χριστὸς.
1653 668 1764 704 ὀνόματι
1785 668 1838 703 μὲν

1051 712 1090 747 τῷ
1119 713 1298 748 διδασκαλικῷ
1317 714 1569 749 περιηνθισμένους,
1587 714 1634 741 καὶ
1652 713 1837 748 νομομαθείας

1052 759 1184 794 ὑπόληψιν
1217 760 1420 795 ἠμφιεσμένους
1452 761 1569 796 γυμνὴν,
1604 759 1779 790 ἀπαιδευσίας
1807 759 1837 785 δὲ

1051 804 1192 831 ἀνάπλεων
1205 805 1352 841 φοροῦντας
1369 805 1414 831 τὸν
1429 805 1502 836 νοῦν,
1521 805 1568 832 καὶ
1582 805 1699 832 συνιέναι
1717 804 1837 839 δυναμέ-

1051 857 1113 881 νους
1123 849 1200 875 οὐδὲν
1214 849 1268 875 τῶν
1283 849 1387 884 ὅσαπερ
1408 850 1507 881 αὐτοὺς
1525 850 1573 885 οὐχ
1585 850 1657 880 ὅπως
1679 849 1762 884 ἐχρῆν
1775 849 1836 875 ἐπί-

1053 895 1165 922 στασθαι
1177 895 1266 931 μόνον,
1280 895 1336 922 ἀλλ’
1351 896 1401 931 ήδη
1421 896 1551 923 δύνασθαι
1569 897 1615 923 καὶ
1630 895 1766 922 διδάσκειν
1779 895 1838 921 ἐτέ-

1051 950 1122 977 ρους.
1136 941 1167 968 Εἰ
1179 941 1206 967 δὲ
1221 942 1235 968 ὁ
1249 941 1386 968 παιδεύων
1397 943 1426 968 ὲν
1436 942 1552 974 τούτοις,
1567 943 1596 968 έν
1608 942 1678 968 τίσιν
1688 941 1701 967 ὁ
1716 941 1839 968 παιδευό-

1053 995 1140 1022 μενος,
1153 988 1201 1023 οὐχ
1217 987 1408 1024 ὑπεραίροντος
1423 987 1544 1023 μαθητοῦ
1563 987 1610 1014 τοῦ
1633 986 1791 1014 διδασκάλου
1807 987 1839 1012 τὸ

1053 1033 1161 1068 μέτρον,
1177 1033 1247 1060 κατὰ
1269 1033 1317 1069 τὴν
1344 1033 1390 1059 τοῦ
1408 1033 1533 1068 Σωτῆρος
1552 1034 1659 1068 φωνήν;
1678 1042 1687 1058 ι
1705 1032 1762 1058 Οὐκ
1779 1031 1838 1057 ἐστι

1052 1077 1116 1113 γὰρ,
1143 1079 1219 1113 φησὶ,
1250 1077 1373 1113 μαθητὴς
1391 1078 1460 1114 ὑπὲρ
1477 1078 1522 1104 τὸν
1540 1077 1696 1104 διδάσκαλον
1719 1076 1814 1104 αὐτοῦ.
1827 1086 1836 1101 ι

1057 1122 1166 1157 Ἐπειδὴ
1188 1122 1215 1148 δὲ
1241 1121 1327 1154 οὕτως
1349 1121 1418 1158 ἦσαν
1436 1123 1561 1158 ἀμαθεῖς,
1581 1123 1725 1159 ἀψευδήσει
1750 1122 1801 1158 μὲν
1825 1122 1840 1147 ὁ

1051 1167 1178 1201 Χριστὸς,
1207 1167 1303 1201 τάφοις
1326 1167 1424 1198 αὐτοὺς
1452 1169 1655 1202 κεκονιαμένοις
1686 1166 1838 1202 ἑξομοιιῖιν”

1051 1211 1210 1237 ἀστειότατα
1226 1211 1253 1237 δὲ
1265 1213 1311 1238 καὶ
1327 1213 1341 1238 ὁ
1358 1211 1461 1243 Παῦλος
1473 1212 1530 1247 ὲρεῖ
1548 1212 1615 1246 πρὸς
1627 1212 1671 1238 τὸν
1691 1211 1743 1238 τῶν
1770 1211 1839 1238 ’1ου-

1051 1257 1132 1287 δαίων
1148 1257 1296 1292 ἡγούμενον
1308 1266 1314 1272 ·
1330 1267 1339 1283 ι
1356 1258 1473 1284 Τύπτειν
1490 1266 1518 1284 σε
1534 1257 1623 1293 μέλλει
1644 1259 1658 1284 ὸ
1671 1257 1748 1289 θεὸς,
1764 1259 1838 1293 τοῖχε

1053 1303 1238 1339 κεκονιαμένε.
1259 1313 1268 1329 ι

1093 1349 1194 1384 Ἀμὴν,
1208 1349 1371 1385 ἀμὴνλέτω
1379 1359 1439 1381 σοι,
1451 1350 1493 1376 ὅτι
1509 1349 1524 1376 ὃ
1533 1349 1657 1384 οἴδαμεν
1666 1348 1837 1384 λαλοῦμεν,

1053 1396 1101 1422 καὶ
1114 1395 1129 1422 ὃ
1142 1395 1311 1430 ἑωράκαμεν
1318 1396 1535 1431 μαρτυροῦμεν.

1094 1441 1259 1476 Ἀφιλομαϐῆ
1289 1442 1337 1468 καὶ
1365 1441 1424 1468 λίαν
1453 1442 1613 1468 ἀπαίδευτον
1641 1441 1762 1477 εὑρίσκει
1791 1441 1842 1468 τὸν

1053 1486 1204 1522 ἄνθρωπον.
1217 1487 1264 1513 καὶ
1287 1486 1331 1513 διὰ
1349 1486 1447 1522 πολλὴν
1467 1486 1611 1521 παχύτητα
1627 1486 1683 1519 νοῦ,
1700 1486 1768 1521 πρὸς
1785 1486 1840 1521 τὴν

1053 1532 1106 1559 τῶν
1123 1532 1202 1559 Θείων
1221 1533 1363 1568 δογμάτων
1384 1533 1546 1568 κατάληψιν,
1569 1532 1716 1568 οὐδαμόθεν
1726 1533 1766 1559 ἔτι
1781 1541 1840 1568 χει-

1055 1578 1238 1613 ραγωγεῖσθαι
1254 1578 1412 1613 δυνάμενον,
1429 1579 1517 1605 καίτοι
1541 1579 1645 1614 μακροῦ
1661 1579 1707 1605 καὶ
1717 1578 1761 1605 διὰ
1777 1587 1839 1605 ποι·

1054 1624 1136 1650 κξλων
1159 1623 1387 1659 παραδειγμάτων
1417 1624 1616 1659 δαπανηηέντος
1644 1624 1733 1658 λόγου.
1756 1623 1840 1651 Ὅθεν

1054 1671 1165 1703 εἰκότως
1181 1671 1211 1697 τὸ
1223 1671 1256 1697 δι’
1265 1669 1407 1705 ἀκριϐείας
1421 1670 1574 1705 ἐξηγεῖσθαι
1588 1671 1695 1706 παρεὶς,
1711 1671 1840 1706 ἀπεριερ-

1053 1717 1145 1752 γάστῳ
1164 1718 1197 1752 τῇ
1213 1717 1301 1743 πίστει
1318 1717 1408 1744 λοιπὸν
1426 1716 1603 1752 συμϐουλεύει
1619 1717 1713 1752 χρῆναι
1733 1716 1838 1745 λαϐεῖν.

1053 1762 1068 1788 ὃ
1078 1763 1148 1789 νοεῖν
1156 1762 1186 1788 οὐ
1201 1762 1311 1789 δύναται
1322 1771 1330 1778 ο
1345 1763 1479 1798 μαρτυρεῖ
1488 1762 1516 1788 δὲ
1530 1762 1610 1794 αὐτὸς
1623 1762 1722 1788 εἰδέναι
1746 1763 1842 1796 σαφῶς

1053 1807 1068 1833 ὃ
1084 1807 1170 1840 λέγει,
1188 1808 1221 1842 τῇ
1236 1807 1281 1834 τοῦ
1298 1807 1443 1843 προσώπου
1459 1808 1633 1843 περιφανείᾳ,
1646 1807 1676 1833 τὸ
1689 1807 1842 1841 ἀντιλέγειν

1054 1853 1094 1880 ἔτι
1108 1853 1238 1880 δεικνύων
1253 1853 1484 1888 ἐπισφαλέστατον
1495 1861 1502 1868 ·
1520 1854 1551 1880 οὐ
1566 1854 1621 1889 γὰρ
1636 1851 1670 1889 ἦν
1689 1853 1763 1885 εἰκὸς
1779 1854 1842 1880 ἐπι-

1054 1899 1182 1934 λελῆσοαι
1205 1899 1371 1934 Νικόδημον,
1402 1900 1431 1931 ὃς
1449 1899 1547 1926 ειδέναι
1574 1900 1758 1935 διισχυρίσατο
1777 1900 1841 1934 περὶ

1054 1945 1100 1972 τοῦ
1114 1946 1237 1981 Σωτῆρος
1252 1945 1330 1980 ἡμῶν
1344 1945 1473 1981 Χριστοῦ,
1493 1946 1533 1972 ὅτι
1551 1946 1625 1979 παρὰ
1641 1945 1708 1972 Θεοῦ
1728 1945 1842 1981 ἐλήλυθε

1053 1991 1210 2024 διδάσκαλος
1221 2000 1228 2007 ·
1239 1993 1269 2018 τὸ
1282 1992 1309 2019 δὲ
1324 1992 1482 2019 ἀντιτείνειν
1494 1992 1534 2027 τῷ
1545 1992 1619 2028 παρὰ
1629 1992 1696 2018 Θεοῦ
1709 1992 1756 2018 καὶ
1769 1991 1841 2027 Θεῷ,

1054 2037 1112 2068 πῶς
1125 2038 1174 2063 οὐκ
1188 2038 1220 2064 ἂν
1233 2038 1337 2071 γένοιτο
1348 2037 1471 2064 κινδύνου
1485 2040 1583 2073 μεστόν
1595 2047 1602 2071 ;
1630 2038 1768 2073 Θεομαχία
1787 2039 1842 2074 γὰρ

1054 2083 1103 2118 ἤδη
1118 2083 1148 2110 τὸ
1167 2084 1283 2118 πρᾶγμα
1297 2083 1433 2117 φαίνεται.
1447 2084 1520 2119 Πλὴν
1533 2084 1618 2111 ἰστέον
1630 2084 1753 2111 ἐντεῦθεν
1764 2085 1842 2120 ἡμῖν,

1054 2129 1133 2164 οἷπερ
1146 2128 1178 2155 ἂν
1191 2128 1299 2163 ἔχοιμεν
1309 2128 1356 2155 τοῦ
1364 2129 1500 2156 διδάσκειν
1512 2130 1561 2165 τὴν
1573 2129 1706 2162 ἐξουσίαν,
1724 2130 1765 2156 ὅτι
1785 2131 1842 2162 τοῖς

1055 2173 1154 2208 ἀρτίως
1174 2175 1220 2200 ἐπὶ
1242 2174 1272 2200 τὸ
1297 2174 1435 2201 πιστεύειν
1463 2175 1547 2202 ἰοῦσιν
1577 2176 1696 2211 ἀμείνων
1714 2176 1730 2211 ὴ
1750 2176 1842 2204 πίστις

1055 2223 1084 2248 ὲν
1097 2222 1190 2253 ἁπλοῖς
1205 2222 1356 2257 λογισμοῖς,
1371 2222 1388 2257 ἦ
1404 2221 1486 2257 βαθύς
1500 2231 1542 2254 τις
1559 2222 1647 2256 λόγος,
1670 2221 1716 2248 καὶ
1731 2230 1842 2257 περιερ-

1021 2266 1154 2310 ογοτέρα
1167 2266 1265 2301 μᾶλλον
1285 2266 1423 2302 ἐξήγησις.
1451 2266 1567 2293 Γάλακτι
1592 2267 1619 2293 δὲ
1637 2267 1683 2293 καὶ
1702 2267 1716 2293 ό
1735 2266 1842 2298 Παῦλος

1057 2312 1165 2344 ὲπότιζὲ
1191 2320 1276 2344 ’τινας1
1297 2311 1374 2339 οὒπω
1397 2312 1563 2347 δυναμένους
1577 2312 1631 2338 τῶν
1650 2311 1842 2347 στερεωτέρων

1058 2358 1193 2394 μετίσχειν
1203 2357 1353 2394 βρωμάτιον
1361 2368 1367 2374 ·
1383 2359 1428 2386 καὶ
1441 2358 1602 2390 ιΓνωστῶςι
1612 2358 1640 2385 δὲ
1649 2358 1740 2390 πάλιν,
1753 2369 1762 2384 ι
1783 2360 1843 2385 ἐπι-

1057 2404 1149 2440 γνὼσῃ
1165 2405 1251 2440 ψυχὰς
1269 2405 1394 2440 ποιμνίου
1422 2414 1479 2438 σου,
1494 2415 1503 2431 ι
1520 2405 1588 2441 πρὸς
1600 2405 1675 2440 ἡμᾶς
1690 2404 1741 2431 πού
1759 2412 1843 2439 φησιν

1057 2452 1071 2477 ὁ
1084 2450 1236 2485 σοφώτατος
1261 2450 1402 2486 Σολομὼν·
1427 2451 1477 2478 οὐκ
1505 2451 1661 2486 ἀδιάκριτον
1686 2452 1741 2482 τοῖς
1758 2459 1842 2485 προσ-

1058 2497 1127 2523 ιοῦσι
1161 2497 1205 2524 τὸν
1230 2497 1418 2524 διδασκαλικὸν
1445 2497 1545 2524 ἐθέλων
1572 2497 1734 2533 προκεῖσθαι
1752 2497 1841 2532 λόγον.

1057 2543 1125 2570 ἀλλὰ
1145 2544 1200 2574 τοῖς
1216 2543 1331 2570 ἑκάστου
1347 2543 1457 2579 μέτροις
1471 2543 1610 2578 ἀναλόγως
1621 2543 1841 2579 ὲφηρμοσμένον.

1093 2589 1147 2616 Kal
1163 2589 1218 2623 τὴν
1225 2590 1391 2624 μαρτιφίαν
1408 2589 1492 2623 ἡμῶν
1504 2590 1540 2616 οὑ
1559 2589 1735 2624 λαμϐάνετε.

1097 2677 1140 2707 Ὠς
1163 2677 1232 2711 ἔχων
1263 2677 1291 2703 ἐν
1319 2677 1408 2712 ἑαυτῷ
1427 2677 1472 2704 τὸν
1489 2678 1599 2713 Πατέρα
1613 2678 1659 2704 καὶ
1676 2678 1707 2704 τὸ
1728 2677 1841 2713 Πνεῦμα

1056 2723 1187 2756 φυσικῶς,
1217 2723 1256 2754 είς
1279 2722 1459 2758 πληθυντικὸν
1486 2724 1602 2760 ἀριθμὸν
1615 2725 1646 2752 τὸ
1667 2724 1721 2751 τῶν
1737 2732 1841 2759 μαρτυ-

1057 2768 1173 2803 ρούντων
1194 2768 1337 2804 πρόσωπον
1366 2767 1497 2801 ἐξέτεινεν
1519 2770 1534 2796 ὸ
1550 2770 1644 2805 Σωτήρ
1657 2777 1663 2784 ·
1681 2769 1724 2796 ἵνα
1740 2770 1841 2804 τρόπον

1055 2813 1127 2845 τινὰ,
1140 2814 1210 2840 κατὰ
1218 2814 1260 2840 τὸν
1273 2814 1401 2845 Μωσέως
1417 2814 1509 2848 νόμον,
1528 2816 1573 2842 ἐπὶ
1588 2815 1720 2849 στόματος
1735 2815 1783 2841 δύο
1794 2815 1840 2841 καὶ

1077 2893 1286 2923 ¹⁴·Ᾱι;ι.κιιιιι.5.
1327 2894 1348 2908 ¹³
1365 2893 1445 2920 ICor.
1461 2893 1534 2923 ιιι,2,
1570 2894 1589 2908 ¹⁶
1607 2893 1684 2920 Prov.
1697 2901 1759 2920 xxvr
1778 2891 1840 2924 .23.
