2028 3118
155 197 209 225 1Ιο

156 256 239 292 τριῶν
255 257 404 293 μαρτύρων
423 259 588 296 κρατύνηται
605 260 635 287 τὺ
655 263 808 299 εἰρημένον.
826 266 947 302 Οὐδαμό-

158 302 203 328 θεν
221 302 248 328 δὲ
263 302 333 335 ὅλως
347 303 533 336 ἀνασώζεσθαι
547 305 672 339 θέλοντας
699 309 861 338 ἐπιδεικνύει
883 313 946 345 τοὺς

164 347 320 381 Ἰουδαίους,
343 350 481 384 ἂχαλίνοις
497 351 524 378 δὲ
543 352 637 384 ἁπλῶς
661 353 708 380 καὶ
731 356 945 391 ἀπερισκέπτοις

157 395 255 439 ορμαῖς
272 395 318 420 ἐπὶ
332 395 363 421 τὸ
376 395 443 430 βαθὺ
462 399 511 433 τῆς
527 398 663 431 ἀπωλείας
677 401 843 436 φερομένους
858 403 944 439 βάρα-

158 438 235 473 θρον·
251 440 275 466 εἰ
289 440 343 476 γὰρ
361 442 427 476 μήτε
440 444 507 469 νοεῖν
527 443 662 478 ἰσχύουσιν
670 446 701 472 ἐκ
713 447 812 483 πολλῆς
824 438 944 484 ἀμαθίας

156 486 186 510 τὸ
198 486 407 521 κηρυττόμενον,
426 489 494 523 μήτε
512 489 602 516 πίστει
623 491 759 519 ποιοῦνται
779 493 882 527 δεκτὸν,
900 496 942 528 τίς

156 529 189 556 ἄν
200 531 292 563 αὐτοῖς
307 533 443 568 σωτηρίας
462 534 554 570 ἔτερος
580 537 734 573 ἐπινοηθείη
753 539 871 574 τρόπος;
889 541 943 567 Κα-

156 576 209 608 λῶς
221 577 253 612 δὴ
268 576 324 610 οὖν,
339 579 387 605 καὶ
403 580 476 615 μάλα
490 581 603 614 δικαίως
618 583 820 620 ἀναπολόγητον
834 585 943 614 ἔσεσθαι

156 621 205 656 τὴν
227 622 403 660 Ἰερουσαλὴμ
424 625 544 660 ἔφασκεν
560 629 574 654 ὁ
599 628 703 664 Σωτὴρ,
723 629 761 661 ὼς
777 631 942 667 αὐτόκλητον

156 667 198 714 ἀφ’
210 668 309 703 ἑαυτὴν
321 670 498 705 ἁρπάζουσαν
510 672 631 709 ὄλεθρον.
642 683 650 699 ι
679 674 857 712 Ἰερουσαλὴμ
874 678 939 714 γὰρ,

162 712 349 750 Ἰερουσαλὴμ,
368 716 461 751 φησιν.
473 718 490 752 ἡ
500 719 694 747 ἀποκτείνουσα
712 722 774 753 τοὺς
788 712 938 758 προφήτας,

155 760 202 786 καὶ
209 761 218 785 )
225 761 380 789 ιθοὸολοῠσα
387 764 450 796 τοὺς
456 765 676 798 ἀπεσταλμένους
684 768 750 803 πρὸς
756 768 849 804 αὐτὴν,
858 770 941 797 ποσά-

155 815 199 838 κις
214 807 333 843 ἠθέλησα
347 810 561 846 ἐπισυναγαγεῖν
575 812 610 839 τὰ
624 813 706 840 τέκνα
720 823 778 848 σου,
793 815 822 842 ὃν
838 817 939 852 τρόπον

153 852 231 887 ὅρνις
242 854 401 889 ἐπισυνάγει
412 856 445 882 τὰ
459 857 552 884 νοσσία
564 858 662 893 ἑαυτῆς
677 859 729 886 ὑπὸ
742 860 791 892 τὰς
804 861 951 897 πτέρυγας,

682 202 720 231 ΙΝ
736 203 880 234 JOANNIS
897 207 1119 238 EVANGELIUM
1140 212 1203 239 LIB.
1224 213 1257 241 ll.

1727 224 1780 252 250

961 272 982 299 Α
999 273 1054 296 tur.
1066 269 1291 301 Ostenditautcm
1301 273 1408 304 Iudaeos
1420 277 1534 307 salutem
1545 279 1626 315 plane
1638 288 1779 317 respuere,

996 320 1022 342 et
1037 315 1168 344 eﬂ‘renato
1184 321 1266 354 atque
1280 323 1425 349 temerario
1442 324 1542 359 impetu
1566 325 1593 352 in
1612 315 1778 361 profundum

997 361 1156 396 perditionis
1178 364 1336 393 barathrum
1363 366 1438 394 ferri.
1465 369 1494 396 Si
1509 371 1583 397 enim
1610 379 1665 407 prae
1693 374 1778 401 multa

995 408 1103 435 inscitia
1120 409 1271 446 intelligere
1286 417 1427 447 nequeunt
1447 415 1518 449 quod
1534 416 1710 450 praedicatur,
1727 426 1778 452 nec

995 453 1046 481 ﬁde
1059 455 1200 490 suscipere
1216 457 1319 490 volunt,
1335 466 1416 493 quam
1441 459 1550 488 demum
1575 462 1656 490 aliam
1681 464 1777 492 salutis

993 499 1124 527 rationem
1151 501 1314 530 invenient?
1331 504 1403 531 Bene
1430 505 1523 540 itaque
1539 514 1571 534 ac
1596 507 1660 541 jure
1678 510 1777 537 merito

994 544 1119 573 Salvator
1149 546 1300 575 Jerusalem
1333 549 1548 578 iuexcusabilem
1580 552 1638 580 fore
1666 554 1776 587 aiebat.

993 593 1056 623 puta
1073 598 1133 626 quae
1149 591 1208 626 ipsa
1224 593 1274 620 sibi
1292 595 1443 628 perniciem
1456 601 1619 625 arcesseret.
1638 607 1647 623 ‹
1666 597 1777 626 Jerusa-

992 634 1044 661 lem
1062 644 1071 661 ι
1092 635 1174 669 enim,
1198 637 1298 672 inquit,
1317 648 1326 664 ι
1343 638 1508 673 Jerusalem,
1521 650 1581 678 qua:
1594 642 1698 669 occidis
1710 650 1776 677 pro-

993 680 1100 715 phetas,
1111 686 1139 709 et
1154 683 1257 717 lapidas
1273 692 1320 711 eos
1333 686 1380 720 qui
1395 686 1428 714 ad
1445 691 1470 714 te
1484 687 1562 714 missi
1579 691 1653 719 sunt.
1668 688 1776 722 quoties

991 726 1063 752 volui
1083 734 1249 763 congregare
1273 730 1342 758 lilios
1363 735 1440 763 tuos.
1466 733 1696 767 quemadmodum
1718 734 1776 768 gal-

994 771 1048 798 lina
1066 778 1212 808 congregat
1227 775 1316 809 pnllos
1342 784 1408 804 suos
1432 778 1483 805 sub
1510 778 1577 811 alas,
1601 782 1628 806 et
1647 778 1775 806 noluisti?

992 817 1064 844 Ecce
1076 819 1247 853 relinquetur
1260 822 1337 849 vobis
1351 822 1448 850 domus
1457 828 1547 851 vestra
1560 824 1666 852 deserta
1680 825 1712 852 ".
1730 834 1739 851 ι

967 866 1013 889 καὶ
1025 864 1074 890 οὐκ
1091 864 1241 900 ἠθελήσατε
1253 876 1260 900 ;
1280 867 1345 894 Ἰδοὺ
1360 868 1467 903 ἀφίεται.
1482 870 1545 904 ὑμῖν
1555 870 1569 895 ὁ
1580 868 1652 901 οἶκος
1664 868 1749 905 ὑμῶν.
1761 879 1771 896 ι

188 901 222 926 El
238 900 274 926 τὰ
285 900 400 934 ἐπίγεια
410 899 496 929 εἷπον
502 903 583 938 ὑμῖν,
593 905 641 931 καὶ
655 906 690 932 οὐ
700 907 863 939 πιστεύετε,
873 907 935 941 πῶς

1021 908 1063 942 ΙΙΙ,
1085 910 1129 941 12,
1142 899 1185 938 13.
1208 911 1238 938 Si
1253 899 1357 940 terrena
1374 899 1430 940 dixi
1447 899 1528 947 vobis,
1542 919 1567 940 et
1588 899 1777 946 nonvcr‘editia.

151 943 207 970 ἐὰν
220 945 294 971 sum
316 945 388 979 ὑμῖν
407 947 443 973 τὰ
468 947 639 983 ἐπουράνια,
665 951 865 984 mentiente;
882 953 936 984 Kal

151 989 252 1022 οὐδεὶς
271 990 455 1026 ἀναϐέϐηκεν
473 994 515 1026 εὶς
533 994 586 1020 τὸν
607 996 748 1030 οὐρανὸν,
768 997 794 1023 el
815 997 860 1032 μὴ
878 999 937 1025 ὀέκ

152 1034 206 1061 τοῦ
221 1036 352 1076 οὐρανοῦ
367 1038 505 1072 καταϐὰς,
524 1041 540 1066 ὀ
560 1041 581 1066 Υ
580 1040 623 1073 Ιὸς
633 1041 686 1068 τοῦ
701 1042 858 1076 ἀνθρώπου
870 1045 886 1070 ὁ
896 1043 938 1071 ὢν

150 1080 187 1107 ἐν
194 1080 237 1114 τῷ
247 1083 375 1116 οὐραγῷ.

185 1125 320 1163 Μάθημα,
347 1129 439 1164 φησὶν,
462 1130 511 1166 τὴν
534 1132 687 1168 ἀνθρώποις
709 1134 868 1170 πρέπουσαν
887 1137 937 1164 οὐκ

150 1173 295 1200 ἀναϐαῖνον
323 1174 440 1207 σύνεσιν,
460 1177 490 1210 ἐξ
516 1178 636 1214 ἀμέτρου
658 1179 751 1207 λοιπὸν
781 1181 892 1216 ἀλογίας
905 1183 936 1209 οὐ

149 1218 343 1253 παρεδέξασθε,
357 1222 402 1248 καὶ
414 1222 472 1255 πῶς
483 1223 516 1250 ἂν
533 1224 597 1259 ὑμῖν
617 1225 806 1262 ὲξηγησαίμην
819 1228 852 1254 τὰ
865 1227 936 1255 θειό-

149 1272 237 1299 τερα;
256 1266 286 1292 Ol
298 1266 325 1293 δὲ
338 1268 367 1293 ἐν
383 1269 438 1300 τοῖς
462 1269 524 1295 καθ’
535 1270 648 1302 ἑαυτοὺς
666 1272 858 1306 ἀμαθέστατοι.
878 1273 934 1306 πῶς

149 1309 183 1336 ἃν
199 1309 254 1337 εἶεν
267 1312 296 1338 ὲν
309 1314 366 1345 τοῖς
390 1314 566 1351 ὑπεραίρουσι
593 1317 689 1350 σοφοί;
709 1317 764 1344 Καὶ
781 1319 805 1345 οί
821 1319 888 1354 πρὸς
906 1319 936 1346 τὺ

149 1355 259 1382 ἔλαττον
273 1358 462 1392 ἀτονήσαντες,
490 1361 548 1392 πῶς
558 1362 608 1388 οὐκ
620 1362 653 1388 ἂν
676 1362 763 1398 ἔχοιεν
788 1364 818 1390 τὸ
845 1366 936 1400 μεῖζον

148 1400 302 1437 ἀφόρητονς
324 1404 378 1430 Καὶ
403 1405 428 1431 εί
456 1405 492 1441 μὴ
508 1406 592 1442 μόνῳ,
610 1408 703 1443 φησὶν,
719 1409 781 1444 ἐμοὶ
793 1410 936 1437 πιστεύετε

148 1445 264 1480 λέγοντι.
276 1447 388 1480 πολλοὺς
401 1449 429 1476 δὲ
442 1451 484 1484 ἐφ’
499 1452 604 1488 ἑκάστῳ
624 1453 728 1488 ζητεῖτε
748 1456 811 1487 τοὺς
835 1456 936 1491 μάρτυ-

149 1500 211 1524 ρας,
228 1493 289 1520 τίνα
310 1495 434 1530 παροίσοι
456 1495 510 1532 [tot
534 1499 704 1536 παροίσοιμι]
725 1500 779 1527 τῶν
802 1502 934 1537 οὐρανίων

147 1538 213 1571 ὑμῖν
226 1539 381 1574 μυστηρίων
392 1540 437 1567 τὸν
446 1541 561 1578 θεωρόν;
577 1544 684 1576 «Οὐδεὶς
696 1545 749 1580 γὰρ
763 1547 933 1582 ἀναϐέϐηκεν

987 955 1116 989 quomodo
1129 957 1153 982 si
1171 957 1264 984 dixero
1276 959 1348 986 vobis
1363 959 1486 991 ealestia,
1503 960 1634 987 credetis?
1649 959 1682 986 Et
1698 969 1773 987 nemo

988 1002 1105 1028 ascendit
1117 1002 1144 1029 in
1162 1003 1265 1036 caelum,
1283 1005 1335 1031 nisi
1348 1005 1392 1039 qui
1408 1005 1541 1032 descendit
1556 1005 1587 1032 de
1598 1005 1672 1038 caelo,
1685 1005 1772 1034 Filius

987 1047 1103 1074 hominis
1115 1049 1211 1083 quiest
1225 1050 1252 1076 in
1270 1050 1342 1077 calo.

1023 1141 1190 1174 Doctrinam,
1209 1142 1307 1178 inquit,
1330 1143 1470 1170 hominum
1488 1148 1598 1178 captum
1615 1151 1670 1171 non
1690 1151 1771 1172 exce-

987 1187 1096 1215 dentem
1119 1196 1174 1223 pra:
1197 1189 1308 1216 immani
1335 1194 1447 1225 stupore
1470 1197 1523 1217 non
1549 1190 1708 1225 suscepistis
1723 1200 1730 1217 :
1744 1195 1772 1218 et

986 1233 1125 1267 quomodo
1156 1234 1233 1261 vobis
1259 1242 1320 1269 qua‘.
1348 1235 1483 1262 diviniora
1509 1240 1574 1263 sunt
1601 1235 1772 1270 exposuero?

988 1277 1038 1310 Qui
1058 1277 1084 1304 in
1111 1278 1168 1306 suis
1192 1279 1273 1305 rebus
1298 1283 1362 1306 sunt
1382 1279 1566 1314 ignarissimi,
1587 1279 1724 1314 quomodo
1742 1280 1770 1307 in

987 1323 1195 1351 sublimioribus
1212 1324 1335 1358 sapient?
1349 1329 1376 1352 et
1391 1325 1437 1359 qui
1454 1325 1480 1351 in
1496 1325 1570 1351 tenui
1587 1332 1616 1351 re
1629 1323 1770 1355 deﬁciunt.

986 1368 1123 1403 quomodo
1138 1369 1269 1403 majorem
1290 1369 1362 1397 ferre
1385 1369 1531 1404 poterunt?
1547 1368 1605 1396 Jam
1628 1369 1679 1397 nisi
1703 1369 1770 1397 tuihi

987 1414 1034 1442 uni
1049 1415 1152 1442 dicenti
1165 1415 1290 1448 creditis,
1306 1415 1412 1450 inquit,
1428 1415 1475 1443 sed
1496 1415 1522 1442 in
1537 1415 1653 1451 singulis
1669 1415 1770 1442 multos

986 1463 1069 1487 teSIes
1102 1460 1224 1494 exigitis,
1248 1467 1328 1494 quem
1353 1459 1431 1487 vobis
1455 1458 1591 1494 proferam
1616 1458 1769 1485 caelestium

986 1505 1178 1541 mysteriorum
1206 1504 1411 1540 spectatorem?
1426 1513 1436 1530 ι
1456 1504 1540 1531 Nemo
1553 1505 1624 1531 enim
1646 1503 1770 1531 ascendit

986 1552 1013 1579 in
1030 1553 1142 1585 cmlum,
1154 1552 1207 1579 nisi
1221 1551 1268 1587 qui
1282 1551 1424 1579 descendit
1437 1550 1471 1578 de
1482 1550 1562 1582 ccelo,
1577 1549 1664 1577 Filius
1678 1550 1768 1577 homi-

148 1584 188 1613 είς
208 1583 254 1610 τδν
266 1584 388 1619 οὐρανὸν,
408 1587 431 1614 εί
448 1588 485 1622 μὴ
506 1589 521 1614 ό
538 1589 570 1615 ἐκ
590 1590 636 1616 τοῦ
654 1591 768 1626 οὐρανοῦ
782 1593 936 1627 καταὸὰς,ὁ

986 1598 1040 1625 nis.
1053 1607 1063 1624 ι
1080 1583 1147 1626 Cum
1158 1583 1248 1625 autem
1259 1597 1329 1624 Deus
1339 1596 1457 1624 Verbum
1465 1595 1636 1624 descenderit
1644 1596 1676 1623 de
1687 1596 1768 1626 ccelo,

148 1629 214 1660 Υἱὸς
226 1629 273 1656 τοῦ
287 1631 456 1666 ἀνθρώπου.»
474 1634 527 1660 Τοῦ
538 1634 566 1660 δὲ
576 1635 642 1662 Θεοῦ
655 1636 740 1670 Λόγου
754 1639 935 1674 καταϐεϐηκό-

146 1682 194 1706 τος
209 1674 237 1707 ἐξ
254 1675 379 1710 οὐρανοῦ,
398 1676 443 1703 τὸν
467 1677 530 1704 Υἱὺν
547 1679 595 1705 τοῦ
623 1680 766 1716 ἀνθρώπου
783 1683 934 1719 καταϐῆναι

149 1728 230 1754 φησι,
250 1721 405 1756 διχάξεσθαι
422 1723 489 1758 μετὰ
517 1725 566 1761 τὴν
588 1726 794 1763 ἐνανθρώπησιν
824 1730 864 1761 εἰς
887 1730 935 1756 δύο

148 1765 283 1800 πρόσωπα
303 1768 528 1802 παραιτούμενος,
553 1770 600 1796 καὶ
613 1771 663 1797 οὐκ
684 1772 839 1807 ἐπιτρέπων
853 1774 933 1806 τισὶν,

146 1810 253 1845 ἓτερον,
271 1812 320 1846 μὲν
342 1812 431 1846 λέγειν
451 1813 515 1840 Υἱὸν
540 1815 586 1841 τὸν
612 1816 644 1842 ὲκ
666 1817 804 1852 Παρθένου
827 1817 870 1844 διὰ
885 1818 934 1853 τὴν

147 1855 244 1890 χρείαν
261 1857 396 1893 ληφθέντα
406 1859 479 1889 ναὸν,
498 1859 591 1895 ἕτερον
605 1860 632 1886 δὲ
649 1862 693 1887 τὸν
705 1863 736 1888 ὲκ
750 1862 817 1889 Θεοῦ
830 1863 935 1899 Πατρδς

148 1901 288 1935 πεφηνότα
303 1902 398 1936 Λόγον,
411 1903 478 1938 πλὴν
490 1904 551 1930 ὅσον
565 1905 604 1936 είς
615 1905 659 1931 τὸν
674 1906 780 1941 ἑκάστῳ
797 1907 935 1941 πρέποντα

147 1946 221 1972 κατὰ
237 1946 316 1980 φύσιν
346 1947 498 1983 διορισμόν·
528 1948 622 1984 ὥσπερ
650 1950 703 1985 γάρ
726 1951 799 1978 ἐστιν
813 1952 846 1978 ὲκ
865 1951 934 1978 Θεοῦ

147 1992 244 2026 Λόγος,
265 1992 336 2019 οὕτω
358 1994 404 2019 καὶ
430 1990 572 2029 ἄνθρωπος
599 1995 631 2021 ἐκ
656 1997 793 2029 γυναικός.
824 1993 871 2028 Εἲς
906 1997 935 2023 δὲ

147 2036 241 2063 λοιπὸν
255 2036 285 2068 ἐξ
298 2037 398 2071 ἀμφοῖν
420 2038 434 2064 ὁ
454 2038 570 2074 Χριστὸς
581 2059 587 2071 ,
604 2039 756 2075 ἀδιαίρετος
771 2042 810 2072 είς
825 2042 934 2077 υῑότητα

147 2083 196 2110 καὶ
220 2085 258 2115 εἰς
277 2083 353 2116 δόξαν
368 2084 518 2121 θεοπρεπῆ,
542 2086 604 2113 ἐπεὶ
623 2088 693 2113 κατά
706 2096 766 2114 τινα
783 2088 882 2124 τρόπον
898 2088 936 2121 ὡς

147 2128 202 2155 ἴδια
216 2127 368 2165 περιτίθησι
381 2130 419 2165 τῷ
443 2132 474 2157 ἐκ
488 2131 536 2166 τῆς
556 2132 693 2168 Παρθένου
711 2132 777 2167 ναῷ,
790 2133 825 2160 τὰ
839 2134 939 2169 γυμνῷ¹

146 2174 196 2200 καὶ
212 2174 286 2210 μόνῳ
300 2175 440 2210 πρέποντα
464 2175 503 2210 τῷ
518 2176 611 2211 Λόγῳ·
632 2177 798 2203 ἰδιοποιεῖται
809 2177 836 2204 δὲ
854 2178 935 2204 πάλιν

146 2219 227 2251 αὐτὸς
241 2221 275 2247 τὰ
290 2220 358 2256 μόνῃ
374 2220 511 2256 πρέποντα
522 2222 554 2256 τῇ
569 2222 662 2256 σαρκί.
688 2222 745 2249 Νῦν
761 2223 810 2258 μὲν
828 2223 882 2259 γὰρ
906 2223 936 2256 ἐξ

145 2265 262 2299 οὐρανοῦ
274 2266 490 2301 καταϐεϐηκὲναι
501 2267 567 2301 φησὶ
582 2267 626 2293 τὸν
639 2267 702 2294 Υἱδν
715 2268 760 2295 τοῦ
773 2269 916 2305 ἀνθρώπου
927 2277 934 2285 '

147 2311 270 2346 φοϐεῖται
281 2313 319 2344 δὲ,
336 2312 383 2339 καὶ
403 2314 536 2343 πτοεῖται,
552 2313 599 2339 καὶ
612 2314 742 2348 ἀδημονεῖ
753 2315 822 2341 κατὰ
835 2314 879 2341 τὸν
887 2316 934 2342 τοῦ

147 2356 251 2389 πάθους
262 2357 367 2392 καιρὸν,
384 2358 431 2384 καὶ
444 2358 481 2390 ὡς
493 2358 573 2389 αὐτὸς
585 2357 678 2385 παθὼν
686 2359 889 2394 ἀναγέγραπται
901 2360 936 2387 τὰ

148 2404 218 2439 μόνῃ
233 2405 265 2439 τῇ
283 2403 472 2439 ἀνθρωπότητι
488 2404 628 2440 πρέποντα
638 2405 724 2440 πάθη.

181 2449 236 2476 Kal
262 2449 358 2482 καθὼς
379 2450 508 2484 Μωῢσῆς
533 2450 638 2484 ὗψωσε
660 2451 714 2478 τὸν
741 2451 810 2485 ὄφιν
835 2452 870 2478 ὲν
897 2452 935 2488 τῇ

145 2495 261 2530 ἐρήμῳ,
284 2495 378 2528 οὕτως·
393 2496 550 2530 ὑψωθῆναι
571 2496 619 2523 δεῖ
644 2497 698 2524 τὸν
720 2497 789 2524 Υὶὸν
813 2498 866 2525 τοῦ
883 2499 935 2526 ἀν-

145 2540 280 2575 θρώπου,
316 2542 366 2568 ἵνα
392 2541 452 2574 πᾶς
478 2543 494 2568 ό
520 2542 674 2569 πιστεύων
697 2543 741 2575 εὶς
771 2542 865 2570 αὐτὸν
889 2544 933 2578 μὴ

146 2587 307 2621 ἀπόληται.
324 2587 393 2615 ἀλλ’
409 2589 464 2623 ἔχῃ
484 2588 560 2622 ζωὴν
571 2588 701 2616 αἰώνιον.

188 2633 439 2669 Ἀπολογησάμενος
451 2635 616 2670 ἀρκούντως,
634 2636 680 2662 καὶ
696 2637 746 2672 τὴν
758 2636 849 2663 αἰτίαν
861 2636 934 2672 αὗτῷ

146 2679 299 2714 πειραθεὶς,
321 2679 356 2706 δι’
375 2680 408 2715 ἢν
424 2681 472 2707 οὐκ
494 2682 533 2712 εἰς
550 2681 666 2717 ἄμετρόν
680 2691 706 2708 τι
730 2682 777 2708 καὶ
796 2683 935 2718 ὑπερφυὲς

146 2724 160 2749 ὀ
173 2723 222 2758 τῆς
235 2724 302 2758 πρὸς
316 2724 397 2750 αὑτὸν
409 2724 582 2757 διδασκαλίας
593 2726 736 2762 ἀνατρέχει
749 2726 838 2760 λόγος,
850 2735 933 2753 κατα-

146 2767 234 2794 ϐαίνει
253 2768 335 2795 πάλιν
350 2768 396 2795 ἐπὶ
415 2768 449 2794 τὰ
471 2769 514 2795 διὰ
536 2770 659 2802 Μωσέως
687 2770 810 2803 τυπικῶς
831 2770 934 2797 ἄνωθεν

146 2813 336 2848 γεγενημένα,
358 2814 552 2848 χειραγωγέαις
577 2815 675 2849 μᾶλλον
698 2816 779 2843 αὐτὸν
803 2817 861 2847 ταῖς
888 2816 931 2843 διὰ

183 2902 205 2919 ¹⁷
223 2901 320 2931 Matth.
340 2910 419 2933 χχιιι,
429 2903 473 2934 57,
483 2904 529 2932 38,

985 1646 1086 1673 Filium
1107 1645 1226 1672 hominis
1248 1645 1423 1673 descendisse
1447 1645 1496 1677 ait,
1519 1645 1614 1672 nolens
1643 1644 1670 1671 in
1700 1643 1769 1671 duas

985 1699 1116 1728 personas
1137 1695 1199 1727 post
1224 1691 1475 1718 inltumanationem
1502 1690 1605 1721 secari.
1632 1697 1681 1716 nec
1706 1688 1770 1716 ullis

983 1734 1147 1773 permittens
1162 1738 1255 1764 dicere
1275 1737 1358 1763 alium
1373 1736 1483 1771 quidem
1502 1743 1563 1763 esse
1580 1735 1688 1767 Filium,
1706 1738 1770 1761 tem-

985 1785 1058 1819 plum
1077 1784 1206 1810 nimirum
1224 1783 1289 1810 illud
1312 1783 1384 1817 quod
1407 1791 1439 1810 ex
1464 1781 1576 1816 Virgine
1599 1785 1768 1815 assumptum

984 1833 1035 1861 est,
1055 1829 1139 1855 alium
1164 1828 1236 1862 quod
1249 1836 1282 1854 cx
1295 1827 1350 1854 Deo
1364 1827 1444 1854 Patre
1456 1826 1556 1854 ell'ulsit
1571 1825 1702 1856 Verbum,
1717 1824 1768 1851 nisi

984 1877 1117 1908 quantum
1135 1874 1168 1900 ad
1189 1877 1293 1900 naturae
1309 1873 1471 1900 divisionem
1496 1872 1593 1898 attinet
1619 1870 1770 1904 unicuique

985 1922 1193 1953 congruentem.
1219 1918 1252 1945 Ut
1278 1919 1349 1946 enim
1374 1921 1415 1945 est
1436 1925 1468 1944 ex
1494 1916 1547 1943 Deo
1573 1915 1700 1943 Verbum.
1728 1914 1768 1941 sic

985 1964 1066 1991 etiam
1079 1970 1112 1990 ex
1128 1962 1242 1990 muliere
1268 1963 1360 1989 homo.
1386 1962 1461 1997 151
1482 1961 1560 1989 Unus
1578 1965 1665 1987 autent
1691 1958 1770 1986 Cltl'l-

986 2011 1044 2034 stus
1060 2007 1169 2034 demunt
1187 2015 1220 2034 ex
1235 2006 1382 2037 ambobus,
1400 2006 1426 2032 in
1449 2005 1579 2033 liliatione
1594 2003 1769 2031 indivisibilis

985 2058 1027 2080 est
1042 2059 1074 2079 ac
1094 2050 1236 2086 majestate
1251 2051 1307 2079 Deo
1319 2052 1398 2087 digna
1415 2061 1421 2079 :
1439 2059 1499 2078 nam
1514 2058 1574 2085 quae
1589 2050 1663 2077 nudo
1675 2053 1701 2076 et
1718 2048 1768 2076 soli

985 2097 1076 2125 Verbo
1098 2098 1275 2130 conveniunt,
1296 2106 1327 2125 ea
1352 2096 1564 2133 quodammodo,
1584 2103 1633 2124 ceu
1659 2095 1769 2131 propria

986 2145 1087 2179 tetnplo
1114 2143 1186 2179 quod
1213 2152 1247 2171 ex
1274 2144 1352 2171 beata
1383 2142 1494 2178 Virgine
1521 2146 1564 2170 est
1588 2141 1721 2173 attribuit,
1742 2145 1778 2183 et:

986 2190 1110 2218 vicissim
1135 2190 1194 2224 ipse
1216 2189 1269 2217 sibi
1297 2193 1407 2224 arrogat
1436 2196 1497 2223 quae.
1527 2188 1579 2214 soli
1601 2187 1678 2214 carni
1696 2194 1771 2214 con-

987 2225 1099 2271 gruunt.
1110 2235 1188 2263 Nunc
1205 2235 1277 2263 enim
1294 2235 1470 2263 descendisse
1485 2235 1523 2261 ait
1539 2234 1571 2261 de
1587 2233 1657 2261 cmlo
1668 2232 1769 2260 Filium

952 2270 974 2297 ί)
988 2270 1107 2309 bominis
1122 2291 1129 2308 :
1142 2281 1217 2310 timet
1233 2285 1335 2313 autem,
1350 2283 1376 2308 et
1391 2283 1481 2315 pavet,
1497 2283 1524 2307 et
1539 2279 1648 2315 angitur
1665 2278 1769 2313 passio-

988 2328 1032 2355 nis
1045 2331 1178 2362 tempore,
1193 2334 1280 2361 eaque
1294 2326 1332 2353 illi
1348 2326 1524 2353 ascribuntur
1538 2332 1598 2359 qua:
1611 2324 1661 2352 soli
1678 2323 1772 2350 huma-

988 2374 1068 2401 nitati
1083 2373 1261 2404 conveniunt,
1276 2372 1353 2407 quasi
1369 2372 1428 2407 ipse
1443 2378 1541 2406 passus
1553 2370 1599 2397 sit.

1023 2452 1070 2484 ΙΙΙ,
1088 2451 1132 2484 Η,
1144 2452 1188 2480 15,
1210 2450 1244 2478 Et
1261 2451 1329 2478 sicut
1354 2450 1457 2485 Moyses
1478 2449 1607 2476 exultauit
1626 2453 1769 2481 serpentem

987 2497 1014 2524 in
1033 2496 1144 2528 deserto,
1158 2496 1197 2522 ita
1220 2495 1337 2522 excitari
1351 2499 1451 2529 oportet
1469 2493 1567 2520 Filium
1587 2493 1712 2524 hominis.
1739 2496 1770 2520 ut

987 2542 1072 2569 omnis
1100 2542 1144 2576 qui
1165 2542 1248 2568 credit
1265 2543 1292 2569 in
1312 2542 1398 2576 ipsum
1424 2548 1475 2566 non
1496 2543 1594 2573 pereat,
1613 2538 1659 2565 sed
1675 2538 1770 2566 habent

987 2589 1067 2615 vitam
1080 2593 1215 2616 tetenmm.

1019 2633 1169 2669 Postquam
1192 2634 1317 2661 idoneam
1343 2640 1455 2660 causam
1478 2632 1570 2659 attulit
1590 2632 1625 2659 ob
1646 2639 1727 2666 quam
1743 2632 1768 2659 ei

984 2686 1029 2706 res
1049 2686 1134 2713 supra
1158 2682 1268 2711 captum
1293 2681 1320 2704 et
1340 2680 1467 2703 naturam
1490 2683 1544 2704 non
1564 2676 1696 2711 exponit,
1721 2675 1769 2703 de-

985 2724 1091 2751 scendit
1118 2730 1215 2750 rursus
1234 2722 1266 2748 ad
1284 2729 1315 2749 ea
1339 2729 1399 2756 quae
1418 2724 1509 2756 typtce
1535 2720 1606 2748 facta
1622 2725 1687 2748 sunt
1701 2721 1779 2748 olim‘

985 2778 999 2797 a
1013 2770 1118 2806 Moyse,
1132 2777 1194 2797 cum
1208 2768 1293 2796 sciret
1309 2768 1398 2803 ipsum
1412 2767 1547 2802 exemplis
1562 2768 1653 2802 potius
1669 2767 1703 2794 ad
1721 2775 1768 2794 ve-

985 2816 1077 2843 ritatis
1091 2814 1257 2850 agnitionem
1270 2813 1368 2842 deduci
1393 2821 1484 2849 posse,
1499 2820 1580 2848 quant
1603 2812 1767 2848 spiritalium
