2028 3118
246 190 286 218 ³15
291 190 300 216 l

746 190 776 219 S.
793 189 932 219 CYRlLLl
946 188 1181 216 ALEXANDBINI
1202 188 1362 216 ARCHIEP.

1824 188 1885 216 2.32-

250 255 410 276 sermonum
427 249 566 284 exquisita
583 249 701 278 ratione.
715 250 800 278 Plane
816 254 908 278 autem
924 257 1033 277 necesse

1090 248 1237 283 σχημάτων
1254 247 1330 282 μόλις
1343 246 1471 273 δύνασθαι
1487 246 1552 282 πρὸς
1573 246 1720 281 ἐπίγνωσιν
1741 247 1790 282 τῆς
1808 248 1879 282 άληα

247 299 303 326 cst,
318 293 418 328 inquit,
435 295 550 322 exaltari
568 296 689 330 seipsum
716 296 804 324 instar
827 295 964 331 serpentis
980 295 1037 322 Μος

250 340 332 371 saici,
349 340 499 368 ostendens
519 342 678 370 necossario
704 342 882 370 scrutandam
906 349 969 369 esse
994 341 1037 368 hi-

250 386 376 417 storiam,
399 394 431 413 ac
456 387 523 415 illud
550 391 655 415 tantum
682 395 737 415 non
767 388 891 416 incinens
919 389 1036 424 ignaro:

252 440 262 456 ‹
288 430 460 459 Scrutamini
486 432 656 468 Scripturas,
674 435 738 468 quia
763 434 816 461 illa:
836 438 900 462 sunt
915 441 975 468 qua:
996 438 1036 461 te—

248 477 411 504 ‘stimonium
428 478 572 513 perhibent
587 479 620 506 de
637 487 679 507 me
696 480 727 507 ".
747 489 756 505 ›
775 479 922 516 Serpentes
935 480 1037 515 quippe

249 521 357 550 Iuda-os
375 523 402 551 in
420 524 531 552 deserto
551 524 688 559 quondam
717 525 895 558 infestabant,
911 526 957 561 qui
973 533 1035 553 cum

247 567 391 603 spicarum
418 569 446 596 in
465 577 567 596 morem
585 570 725 605 caderent,
742 574 769 598 et
791 570 823 597 ad
843 578 905 597 eum
923 570 969 605 qui
987 579 1034 606 pe-

247 614 366 642 rieulum
384 615 452 642 illud
477 615 620 650 inopinato
640 616 791 644 immiserat
815 616 986 644 miserabiles
1002 625 1034 644 ex

248 660 385 688 immenso
407 661 502 688 dolore
526 669 607 689 voces
630 662 779 696 jactarent,
797 670 945 697 supernam
969 665 996 689 et
1021 669 1035 689 a

247 703 303 732 Deo
319 706 435 733 salutem
452 706 614 741 poscebant.
634 706 681 734 ille
699 712 790 734 autem
817 708 906 735 bonus
925 715 958 735 ac
985 708 1035 734 mi-

246 752 379 782 sericors.
397 756 493 787 utpote
516 752 599 785 Deus,
618 753 728 789 Moysen
743 753 828 788 jussit
852 755 893 782 eis
914 758 1036 782 statuere

246 800 401 830 serpentem
413 805 446 824 ex
457 806 522 830 aere,
531 798 557 825 in
570 806 656 834 eoque
668 800 929 834 przenteditationcm
941 808 1036 835 quam-

244 842 308 870 dam
337 844 395 871 vult
418 852 481 872 esse
509 845 608 873 futurae
635 854 683 881 per
702 847 782 875 [idem
806 847 916 875 salutis.
942 847 1034 876 Morsu

245 889 318 916 enim
351 891 487 925 serpentis
515 891 705 920 laborantibus
738 894 850 921 unicum
884 894 1034 922 remedium

1088 292 1162 324 Θείας
1183 292 1280 324 ἐλθεῖν,
1299 292 1315 327 ἢ
1336 293 1534 326 πνευματικαῖς
1549 291 1761 327 ἁκριὸολογίαις,
1784 292 1879 325 ἐξεπι-

1089 338 1231 373 στάμενος.
1246 339 1291 364 Δεί
1303 337 1330 364 δὲ
1340 337 1372 373 δὴ
1388 337 1496 368 πάντως
1508 338 1603 364 ἑαυτὸν
1617 337 1767 373 ὑψωθῆναι,
1781 339 1878 373 φησὶν,

1087 384 1124 416 ὡς
1137 384 1182 410 τὸν
1198 384 1258 419 ὅφιν
1272 383 1316 410 τὸν
1330 383 1375 410 διὰ
1387 383 1517 415 Μωσέως,
1540 383 1757 420 ἀναγκαιοτάτην
1773 385 1878 411 ἐπιδει-

1087 429 1153 462 κνὺς
1169 430 1218 465 τῆς
1235 430 1353 466 ἱστορίας
1368 429 1417 464 τὴν
1431 429 1557 464 βάσανον,
1573 430 1620 456 καὶ
1638 431 1779 465 μονονουχὶ
1795 431 1879 457 πάλιν

1087 476 1173 503 ἐκεῖνο
1189 475 1274 510 λέγων
1295 476 1363 511 πρὸς
1386 476 1432 502 τὴν
1447 475 1559 502 νοοῦντα
1576 476 1679 515 μηδέν’·
1698 485 1707 502 ι
1732 477 1878 512 Ἐρευνᾶτε

1086 521 1135 554 τὰς
1150 521 1281 557 Γραφὰς,
1302 522 1343 549 ὅτι
1360 520 1441 549 αὗταί
1460 523 1529 548 εἰσιν
1546 523 1573 549 αἱ
1601 523 1790 558 μαρτυροῦσαι
1811 524 1878 559 περὶ⁸

1086 567 1163 603 ἐμοῦ.
1180 577 1189 594 ι
1211 569 1306 602 Ὀφεις
1326 568 1375 604 μὲν
1396 568 1451 604 γὰρ
1465 569 1521 600 τοῖς
1546 568 1576 601 ἐξ
1596 569 1705 604 Ἰσραὴλ
1729 569 1878 603 ἐπεπήδων

1085 613 1156 640 κατὰ
1175 612 1225 648 τὴν
1245 613 1363 649 ἔρημον,
1377 614 1402 640 οι
1418 614 1446 640 δὲ
1466 613 1609 649 ἀσταχύων
1624 614 1768 646 πίπτοντες
1784 615 1876 650 δίκην,

1086 659 1132 686 καὶ
1157 659 1225 694 πρὸς
1249 658 1295 686 τὸν
1321 660 1459 696 ἀδοκήτως
1484 660 1673 695 ἐπισκήψαντα
1702 661 1825 688 κίνδυνον
1845 662 1877 688 οὔ

1087 705 1204 740 μετρίως
1215 705 1410 741 ἀσχάλλοντες,
1431 705 1608 741 οίκτροτάτας
1625 706 1752 740 ἀφιέντες
1769 707 1876 741 φωνὰς,

1084 751 1133 786 τὴν
1152 751 1256 778 ἄνωθεν
1283 752 1330 778 καὶ¹
1352 751 1427 787 παρὰ
1446 751 1513 779 Θεοῦ
1539 752 1678 788 σωτηρίαν
1699 751 1826 782 ἐκάλουν,
1845 754 1877 780 Ὀ

1084 796 1112 823 δὲ
1128 797 1242 832 ἐπείπερ
1256 795 1290 833 ἦν
1301 797 1402 832 ἀγαθός
1422 806 1451 824 τε
1466 798 1513 824 καὶ
1526 798 1731 833 φιλοικτίρμων,
1745 798 1783 830 ὡς
1796 799 1876 831 Θεὸς,

1084 841 1145 875 ὅφιν
1159 842 1250 874 αὐτοῖς
1264 843 1413 877 ἀναστῆσαι
1429 843 1545 878 χαλκοῦν
1564 843 1669 869 κελεύει
1690 843 1793 870 Minuta
1803 852 1810 858 θ
1829 844 1878 870 καὶ

1084 885 1116 921 δὴ
1128 885 1175 912 καὶ
1187 886 1215 911 ἐν
1230 885 1302 921 αὐτῷ
1314 887 1484 922 προμελετᾷν
1495 887 1634 914 ἐπιτάττει
1642 887 1691 923 τὴν
1702 887 1746 914 διὰ
1756 888 1876 919 πίστεως

246 939 316 965 erat.
332 944 436 964 aeneum
462 937 537 965 illum
555 945 648 966 coram
666 939 778 971 intueri,
793 943 821 966 et
834 944 958 967 extremo
975 940 1033 968 dis-

1085 930 1233 965 σωτηρίαν.
1250 928 1303 957 Ἶίν
1327 931 1381 967 γὰρ
1397 930 1435 966 τῷ
1454 931 1579 967 δηχθέντι
1602 932 1632 958 τὸ
1656 932 1802 967 φάρμακον
1815 952 1822 962 ,
1845 932 1877 958 τδ

246 981 364 1010 crimine
389 981 455 1010 ﬁdes
480 990 542 1010 cum
562 984 609 1011 illo
627 985 725 1012 obtutu
741 985 886 1012 liberabat.
907 985 959 1012 Sed
978 985 1036 1014 haec

246 1028 336 1061 quoad
358 1027 514 1056 historiam.
529 1029 637 1058 Rursus
654 1036 744 1058 autem
760 1031 819 1066 ipsa
839 1039 867 1058 re
883 1035 970 1058 totum
984 1032 1036 1060 rel-

246 1077 276 1099 ut
300 1073 327 1099 in
345 1076 408 1108 typo
421 1073 541 1101 delineat
558 1074 759 1103 incarnationis
785 1077 958 1112 mysterium.
975 1077 1037 1105 Ser-

247 1126 314 1151 pens
337 1119 410 1146 enim
431 1123 575 1154 peccatum
601 1121 757 1156 signiﬁcat,
785 1129 887 1149 saevum
913 1122 981 1150 illud
1008 1127 1036 1151 et

245 1162 348 1189 homini
365 1164 603 1200 exitiosum,quod
617 1166 774 1193 universum
787 1174 874 1202 genus
885 1167 1034 1194 humanum

245 1207 456 1242 depascebatur,
473 1210 558 1238 variis
575 1211 714 1239 morsibus
730 1212 951 1248 uniuscujusque
975 1214 1035 1241 aui-

247 1261 317 1279 mam
347 1258 495 1289 appetens,
518 1260 546 1283 et
571 1256 711 1292 multiplex
739 1259 868 1293 nequitia:
899 1267 1034 1288 venenum

245 1299 404 1332 eli'undens,
425 1301 499 1336 quod
529 1302 556 1329 in
581 1307 686 1330 tantum
719 1303 872 1332 invaluerat
899 1309 930 1332 ut
955 1307 1036 1334 aliter

245 1352 260 1371 a
290 1346 367 1373 nobis
397 1347 477 1374 vitari
503 1355 557 1375 non
587 1355 700 1383 posset,
722 1358 804 1384 quam
829 1359 882 1386 ope
915 1353 1034 1382 ctelesti.

247 1391 325 1426 152
343 1391 444 1421 Factus
459 1398 498 1421 est
511 1402 576 1430 ergo
592 1394 663 1423 Deus
679 1395 800 1424 Verbum
822 1398 850 1426 in
868 1399 1032 1427 similitudi-

246 1445 308 1464 nem
319 1438 410 1466 carnis
423 1440 538 1474 peccati,
551 1444 579 1467 ut
591 1440 735 1470 damnaret
747 1448 888 1477 peccatum
901 1445 927 1472 in
938 1453 1034 1479 carne,

246 1483 318 1510 sicut
343 1485 476 1519 scriptum
503 1491 546 1514 est
563 1487 594 1518 ".
612 1491 638 1514 et
665 1489 877 1523 respicientibus
900 1491 926 1518 in
945 1492 1034 1527 ipsum

245 1529 384 1557 intentiori
401 1531 462 1562 ﬁde.
484 1537 531 1572 aut
552 1532 708 1561 divinorum
734 1535 892 1570 dogmatum
913 1537 1032 1572 inquisi-

245 1574 330 1606 tione,
356 1579 464 1602 aeternae
483 1569 580 1604 salutis
603 1569 937 1609 conciliatoriexsisteret.
951 1569 1033 1616 Quod

246 1623 337 1646 autem
357 1620 383 1648 in
408 1622 517 1649 sublimi
537 1624 616 1659 cippo
645 1633 760 1660 serpens
780 1630 888 1655 erectus
904 1627 986 1657 fuerit
998 1631 1033 1662 ",

245 1665 367 1693 Ostendit
382 1665 481 1694 illustri
495 1673 522 1695 et
537 1670 688 1705 conspicuo
700 1671 726 1698 in
743 1671 804 1699 loco
817 1674 934 1707 positum
950 1674 1035 1705 fuisse

244 1709 397 1741 Christum.
418 1717 446 1741 ut
462 1713 598 1742 neminem
616 1716 717 1744 lateret
727 1725 790 1744 eum
807 1726 822 1745 c
839 1722 912 1746 terra
929 1721 1035 1749 exalta—

248 1761 304 1783 tum
322 1757 417 1789 fuisse,
427 1759 502 1787 sicut
512 1760 569 1796 ipse
581 1769 691 1797 quoque
704 1764 804 1792 alicubi
819 1765 859 1794 ait
871 1766 905 1798 ".
921 1772 1034 1803 propter

246 1803 400 1837 passionem
417 1813 498 1841 quam
515 1806 541 1834 in
557 1815 639 1836 cruce
653 1809 796 1838 sustinuit.

281 1933 325 1966 111,
339 1935 382 1962 l6.
397 1935 440 1963 Sic
454 1938 523 1965 enim
540 1938 608 1967 Deus
624 1941 719 1969 dilexit
734 1943 871 1976 "cundum,
889 1949 918 1971 ut
933 1944 1034 1973 Filium

245 1986 322 2005 suum
338 1981 500 2016 unigenitum
515 1983 608 2013 daret:
625 1991 654 2013 ut
670 1988 756 2015 omnis
772 1989 817 2023 qui
838 1990 923 2018 credit
936 1991 962 2018 in
974 1999 1034 2020 om

245 2033 298 2052 non
314 2032 414 2060 pereat.
429 2028 475 2058 sed
489 2029 586 2058 habeat
600 2032 681 2061 vitam
695 2037 834 2063 uernam.

281 2113 331 2143 Hic
345 2120 439 2151 aperte
456 2118 579 2146 ostendit
599 2119 682 2147 Deum
698 2128 728 2148 se
744 2128 805 2149 esse
822 2122 972 2150 secundum
989 2131 1035 2153 na-

243 2164 350 2193 turam,
379 2162 514 2197 siquidem
544 2166 702 2193 necessario
730 2166 887 2195 censendus
917 2172 960 2196 est
989 2170 1034 2198 ille

245 2203 329 2238 Deus,
345 2207 391 2240 qui
406 2214 439 2234 ex
463 2206 520 2235 Deo
533 2208 614 2237 Patre
627 2209 740 2244 eﬂ’ulsit,
757 2219 812 2238 non
828 2212 977 2240 adventitia
992 2214 1033 2241 di-

1086 976 1124 1007 είς
1139 975 1284 1011 πρόσωπον
1301 976 1363 1003 ἰδεῖν
1380 977 1426 1003 τοῦ
1446 977 1589 1011 κειμένου,
1613 977 1661 1004 καὶ
1677 977 1731 1004 τῶν
1750 978 1797 1004 ἐπὶ
1819 979 1876 1010 τοῖς

1085 1020 1211 1055 ἐσχάτοις
1234 1022 1395 1058 ἀπαλλαγὴν
1419 1022 1552 1049 κινδύνων
1575 1023 1592 1058 ἡ
1621 1023 1713 1055 πίστις
1742 1024 1811 1058 μετὰ
1825 1024 1876 1058 τῆς

1085 1064 1150 1096 θέας
1165 1067 1221 1097 τοῖς
1239 1066 1338 1102 ὁρῶσιν
1349 1066 1585 1102 ἐπραγματεύετο.
1614 1067 1654 1094 Τὰ
1679 1067 1728 1103 μὲν
1755 1066 1802 1094 οὖν
1825 1069 1877 1103 τῆς

1086 1111 1204 1147 ἱστορίας
1220 1113 1249 1138 ὲν
1263 1111 1464 1143 τούτοις.”ολον
1480 1112 1508 1138 δὲ
1527 1112 1618 1143 πάλιν,
1632 1113 1670 1145 ὡς
1684 1113 1712 1139 ἐν
1728 1113 1819 1148 τύπῳ,
1833 1113 1874 1148 τῷ

1085 1157 1226 1192 πράγματι
1239 1157 1269 1184 τὺ
1281 1158 1330 1192 τῆς
1341 1157 1573 1194 ἐνανθρωπήσεως
1586 1159 1758 1194 καταγράφει
1772 1160 1876 1194 μυστὴ-

1087 1210 1154 1237 ριον.
1169 1201 1250 1237 Ὀφις
1267 1203 1316 1238 μὲν
1336 1203 1390 1238 γὰρ
1409 1203 1459 1238 τὴν
1474 1204 1575 1239 πικρὰν
1590 1204 1638 1230 καὶ
1653 1204 1876 1240 ἀνθρωποκτόνον

1085 1247 1224 1282 ἁμαρτίαν
1246 1248 1390 1283 σημαίνει,
1409 1249 1425 1284 ἡ
1449 1249 1495 1275 καὶ
1521 1250 1631 1284 σύμπαν
1646 1251 1676 1276 τὸ
1697 1251 1743 1277 ἐπὶ
1758 1251 1808 1286 τῆς
1823 1251 1877 1286 γῆς

1084 1293 1268 1320 κατεϐόσκετο
1290 1294 1384 1328 γένος,
1407 1295 1582 1331 πολυτρόπως
1612 1297 1662 1331 τὴν
1687 1297 1802 1324 ἑκάστου
1825 1297 1877 1323 δά-

1084 1348 1186 1366 κνουσα
1203 1339 1302 1376 ψυχὴν,
1318 1341 1364 1367 καὶ
1380 1341 1507 1376 πολυειδῆ
1523 1341 1572 1376 τῆς
1592 1342 1758 1376 φαυλότητος
1772 1342 1818 1369 τὸν
1836 1343 1876 1368 ἰὸν

1084 1383 1217 1419 ἐκχέουσα
1227 1392 1234 1398 θ
1251 1382 1285 1420 ἦν
1304 1384 1333 1411 δὲ
1343 1384 1393 1419 οὐχ
1405 1384 1588 1420 ἐτέρωςήμᾶς
1600 1386 1649 1421 τὴν
1664 1385 1735 1414 οὕτω
1754 1386 1878 1413 νικῶσαν

1083 1429 1236 1464 διαφυγεῖν,
1254 1430 1278 1456 εί
1299 1429 1336 1466 μὴ
1353 1429 1397 1456 διὰ
1411 1430 1495 1465 μόνης
1507 1430 1556 1465 τῆς
1569 1430 1599 1463 ἐξ
1623 1431 1745 1466 οὐρανῶν
1763 1432 1879 1458 ἐπικου-

1084 1475 1154 1510 ρίας.
1167 1476 1263 1510 Γέγονε
1273 1476 1364 1502 τοίνυν
1374 1476 1389 1502 ό
1399 1476 1464 1508 Θεὸς
1471 1477 1556 1511 Λόγος
1567 1477 1596 1503 ἐν
1606 1476 1759 1512 ὁμοιώματι
1773 1477 1877 1512 σαρκὸς

1083 1521 1233 1557 ἁμαρτίας,
1247 1522 1291 1548 ἶνα
1306 1523 1457 1558 κατακρίνῃ
1471 1522 1520 1558 τὴν
1537 1522 1674 1558 ἁμαρτίαν
1687 1523 1714 1549 ἐν
1732 1523 1765 1558 τῇ
1779 1522 1876 1556 σαρκὶ,

1085 1567 1157 1595 καϋὰ
1172 1567 1344 1604 γέγραπται,
1361 1569 1408 1596 καὶ
1423 1569 1478 1602 τοῖς
1492 1569 1661 1602 ἀτενίζουσιν
1684 1570 1723 1601 είς
1746 1568 1828 1596 αὐτὸν
1841 1569 1877 1596 δι’

1085 1613 1278 1648 ἐκτενεστέρας
1300 1614 1349 1648 τῆς
1373 1614 1489 1645 πίστεως
1502 1634 1510 1647 ,
1529 1614 1545 1650 ἢ
1569 1614 1617 1641 καὶ
1642 1615 1692 1649 τῆς
1714 1614 1768 1640 τῶν
1793 1614 1877 1642 θείων

1083 1657 1225 1692 δογμάτων
1241 1659 1353 1694 ἐρεύνης
1365 1680 1372 1692 ,
1391 1660 1529 1695 σωτηρίας
1551 1659 1722 1686 ἀκαταλύτου
1743 1659 1875 1695 πρόξενος

1084 1703 1239 1739 ἁναδειχθῇ.
1260 1705 1296 1730 Τὸ
1316 1704 1344 1731 δὲ
1362 1705 1405 1739 ἐφ’
1422 1704 1526 1740 ὑψηλῆς
1546 1713 1618 1737 τινος
1642 1705 1800 1740 ὑποϐάθρας
1823 1705 1874 1732 ἀν-

1084 1749 1253 1784 εστηλῶσθαι
1269 1749 1314 1776 τὸν
1325 1749 1404 1784 ὅφιν,
1419 1750 1495 1786 δηλοῖ
1509 1750 1541 1786 δὴ
1561 1750 1673 1782 πάντως
1692 1751 1722 1777 τὸ
1746 1751 1775 1777 ἐν
1794 1758 1875 1786 περι-

1084 1794 1181 1830 φανείᾳ
1202 1795 1248 1821 καὶ
1269 1796 1451 1831 ἐπισημότητι
1475 1796 1601 1830 γενέσθαι
1622 1796 1806 1831 Χριστὸν,”ὠς
1822 1797 1877 1830 ἁγ-

1084 1841 1212 1876 νοηοῆναι
1241 1841 1335 1876 μηδενὶ
1358 1842 1388 1868 τὸ
1413 1843 1446 1868 ἐκ
1468 1842 1518 1877 γῆς
1546 1841 1686 1877 ὑψωθῆναι
1700 1862 1706 1871 ,
1729 1841 1801 1869 καθὰ
1828 1842 1877 1868 καὶ

1084 1887 1165 1918 αὐτός
1176 1886 1226 1914 πού
1242 1896 1317 1922 φησι,
1331 1887 1374 1914 διὰ
1390 1888 1420 1915 τὸ
1436 1888 1483 1914 ἐπὶ
1499 1888 1538 1924 τῷ
1553 1888 1661 1924 σταυρῷ
1677 1888 1771 1919 πάθος.

1121 1932 1220 1964 Οὕτως
1234 1932 1287 1968 γὰρ
1301 1932 1460 1968 ἠγάπησεν
1473 1935 1490 1960 ὀ
1502 1934 1574 1966 Θεὸς
1589 1934 1642 1960 τὸν
1651 1934 1777 1968 κόσμον,
1795 1931 1876 1960 ὥστε

1083 1977 1138 2003 τὸν
1154 1977 1223 2004 Υιὸν
1240 1977 1333 2004 αὑτοῦ
1347 1978 1400 2004 τὸν
1412 1977 1560 2013 μονογενῆ
1577 1978 1698 2010 ἔδωκεν,
1720 1979 1771 2005 ἵνα
1783 1977 1844 2010 πᾶς
1858 1978 1876 2004 ὁ

1083 2023 1234 2050 πιστεύων
1248 2024 1291 2056 εἰς
1302 2023 1396 2053 αὑτὸν
1408 2023 1451 2059 μὴ
1464 2024 1624 2058 ἀπόληται,
1639 2024 1709 2051 ἀλλ’
1721 2024 1778 2058 ἔχῃ
1795 2023 1876 2059 ζωὴν

1083 2067 1214 2097 αἰώνιον.
1591 2068 1594 2071 ’

1125 2113 1287 2148 Ἀναφανδδν
1304 2114 1332 2140 ἐν
1340 2114 1504 2150 τούτοιςμῖτι
1519 2115 1584 2147 Θεὸς
1603 2115 1764 2149 κατὰφύσιν
1781 2115 1871 2147 ἐστὶν,

1083 2159 1223 2194 ἐπείγεται
1244 2159 1356 2195 δηλοῦν,
1378 2161 1457 2196 εἰπερ
1477 2161 1583 2196 ἀνάγκη
1606 2162 1675 2188 νοεῖν
1688 2161 1733 2188 τὸν
1751 2161 1783 2187 ὲκ
1803 2161 1872 2188 Θεοῦ

1084 2206 1222 2241 πεφηνότα
1240 2206 1345 2241 Πατρδς
1367 2204 1436 2233 εἶναι
1459 2207 1491 2243 δὴ
1513 2208 1621 2240 πάντως
1647 2208 1694 2234 καὶ
1713 2207 1795 2238 Θεὸν,
1821 2208 1872 2234 οὐκ

244 2251 349 2285 gnitate
362 2253 504 2286 praeditus,
521 2254 601 2281 sicuti
623 2263 685 2289 nos,
701 2256 748 2284 sed
763 2257 883 2292 idipsum
902 2266 965 2287 vere
983 2268 1032 2288 ex-

1084 2252 1202 2279 ἐπακτὺν
1227 2252 1321 2288 ἔχοντα
1348 2253 1379 2280 τὸ
1404 2253 1526 2290 ἀξίωμα,
1554 2254 1680 2290 καθάπερ
1693 2255 1783 2289 ἡμεῖς.
1813 2254 1872 2280 ἀλλ’

244 2297 346 2324 sistens
365 2298 437 2332 quod
455 2306 517 2326 esse
532 2299 665 2328 creditur.
689 2300 828 2337 Singulari
853 2308 943 2332 autem
962 2312 1031 2333 con-

245 2341 307 2368 silio
330 2341 357 2369 id
382 2342 429 2376 ait,
451 2343 520 2371 scite
539 2344 686 2372 admodum
707 2350 735 2373 et
754 2350 907 2382 opportune
927 2347 976 2376 Dei
998 2357 1031 2377 ac

243 2385 334 2414 Patris
361 2387 522 2416 charitatem
541 2396 607 2424 erga
634 2398 684 2418 nos
708 2399 937 2422 commemorans.
955 2393 1031 2422 Con-

244 2431 335 2460 fundit
360 2433 433 2460 enim
459 2434 631 2462 incredulum
656 2435 835 2464 Nicodemum
850 2459 858 2471 ,
886 2439 940 2467 imo
963 2448 1030 2469 vero

243 2481 432 2506 contumacem
456 2487 518 2506 eum
543 2487 604 2508 esse
625 2481 808 2510 demonstrat.
824 2484 885 2511 Cito
905 2486 978 2513 enim
994 2487 1029 2514 ad

243 2523 422 2556 credendum,
447 2525 502 2553 Deo
526 2526 629 2562 aliquid
655 2528 784 2561 docente,
809 2538 863 2558 non
888 2531 1028 2566 accedere,

242 2568 310 2602 quid
326 2569 399 2596 aliud
414 2574 466 2603 est,
485 2579 588 2605 quaso,
606 2581 688 2607 quam
700 2574 806 2603 veritati
825 2577 961 2605 mendacii
976 2579 1029 2606 eri—

243 2621 304 2640 men
326 2614 488 2643 innectere?
512 2615 657 2651 Praeterea,
679 2619 796 2648 dicendo
821 2622 942 2658 seipsum
969 2624 1028 2651 dari

243 2665 292 2691 pro
308 2659 401 2686 nuindi
419 2661 484 2693 vita,
501 2662 638 2698 imprimis
657 2666 832 2701 cogitandum
854 2676 915 2697 esse
934 2669 1030 2698 admo-

243 2707 301 2735 net.
312 2706 409 2739 quanti
426 2708 553 2743 supplicii
567 2710 606 2737 rei
622 2711 689 2742 sint,
701 2712 748 2747 qui
763 2717 818 2740 tam
838 2713 1027 2743 admirabilem

243 2749 315 2776 illam
336 2750 382 2778 Dei
406 2759 437 2780 ac
464 2753 552 2787 Pulsis
578 2757 694 2790 gratiam
721 2766 770 2793 pro
795 2758 883 2785 nihilo
905 2759 1026 2787 ducunt:

244 2804 254 2822 ι
276 2794 321 2823 Sic
336 2798 418 2831 enim,
436 2800 533 2835 inquit,
547 2801 617 2831 Deus
630 2803 725 2830 dilexit
739 2804 918 2838 mundum,ut
929 2805 1026 2832 Filium

280 2889 300 2905 "
314 2890 392 2918 Juatt.
407 2901 433 2925 ν,
447 2895 490 2921 59.
532 2897 551 2911 ¹⁹
569 2896 648 2925 Rom.
660 2906 718 2929 vui,
733 2899 758 2924 3.
798 2899 819 2913 ὀ
850 2899 930 2925 Num.
945 2907 999 2931 ut,
1014 2900 1040 2925 9.

1083 2297 1238 2333 ὑπάρχοντα
1251 2297 1328 2325 τοῦτο
1341 2299 1399 2325 κατ’
1411 2299 1550 2335 ἀλήθειαν,
1562 2299 1631 2335 ὅπερ
1647 2297 1717 2326 εἶναι
1735 2299 1866 2326 πιστεύε-

1081 2352 1136 2370 ται.
1152 2344 1337 2380 Οἰκονομικῶς
1365 2345 1394 2372 δὲ
1410 2345 1470 2372 λίαν
1493 2346 1539 2373 καὶ
1561 2346 1640 2372 τοῦτό
1663 2355 1739 2380 φησι,
1757 2345 1806 2381 τὴν
1828 2347 1868 2377 είς

1082 2389 1156 2425 ἡμᾶς
1180 2389 1227 2416 τοῦ
1251 2390 1318 2416 Θεοῦ
1334 2391 1380 2417 καὶ
1406 2391 1511 2427 Πατρδς
1532 2391 1706 2426 παραζεύξας
1730 2391 1871 2426 ἀγάπησιν

1082 2435 1200 2470 εὐφυῶς,
1216 2436 1378 2472 εὐαφόρμως
1392 2446 1422 2463 τε
1434 2437 1494 2464 λίαν
1507 2439 1546 2470 εἰς
1563 2438 1608 2464 τὸν
1625 2438 1673 2464 ἐτιί
1686 2437 1773 2473 τούτῳ
1790 2437 1870 2471 λόγον

1081 2481 1237 2518 ἐρχόμενος.
1255 2483 1382 2509 Δυσωπεῖ
1408 2483 1457 2517 μέν
1467 2483 1528 2519 γὰρ
1540 2483 1705 2510 ἀπειθοῦντα
1721 2484 1766 2510 τὸν
1782 2483 1868 2510 Νικό-

1080 2527 1182 2563 δημον,
1213 2527 1312 2564 μᾶλλον
1334 2528 1363 2555 δέ
1389 2529 1439 2564 ἠδη
1469 2529 1516 2556 καὶ
1538 2529 1703 2557 ἀπειθοῦντα
1736 2529 1865 2556 δεικνύει.

1081 2574 1118 2601 Τὸ
1129 2575 1182 2610 γὰρ
1195 2573 1232 2610 μὴ
1245 2574 1305 2601 λίαν
1318 2574 1431 2610 ἑτοίμως
1444 2575 1490 2601 ἐπὶ
1501 2574 1532 2602 τὸ
1550 2575 1688 2601 πιστεύειν
1704 2574 1783 2607 ἱέναι,
1799 2572 1867 2600 Θεοῦ

1079 2629 1106 2646 τι
1121 2620 1299 2653 διδάσκοντος,
1321 2621 1347 2647 τί
1365 2620 1397 2647 ἂν
1422 2621 1515 2656 ἕτερον
1538 2621 1581 2657 εἴη
1603 2621 1705 2652 λοιπὸν,
1725 2620 1742 2655 ἢ
1759 2620 1798 2655 τῷ
1818 2619 1866 2646 τοῦ

1078 2665 1192 2700 ψεύδους
1211 2666 1361 2702 ἐγκλήματι
1382 2666 1538 2703 περιϐαλεῖν
1558 2667 1606 2702 τὴν
1627 2667 1776 2702 ἁλήθειαν;
1801 2664 1866 2693 Εἶτα

1078 2712 1146 2749 πρὸς
1167 2712 1254 2748 τούτῳ
1269 2712 1388 2740 δίδοσθαι
1407 2713 1493 2747 λέγων
1522 2713 1620 2740 ἑαυτὸν
1649 2713 1718 2748 ὑπὲρ
1741 2712 1792 2747 τῆς
1818 2711 1864 2738 τοῦ

1078 2757 1180 2794 κόσμου
1202 2758 1275 2793 ζωῆς
1299 2759 1398 2786 ἐννοεῖν
1421 2759 1562 2786 ἀναπείθει
1581 2759 1698 2794 γοργῶς,
1720 2758 1808 2792 πόσης
1833 2758 1865 2784 ἂν

1078 2803 1198 2836 γένοιντο
1215 2804 1348 2840 τιμωρίας
1366 2804 1463 2840 ἔνοχοι,
1480 2806 1544 2839 παρ’
1562 2805 1637 2831 οὐδὲν
1659 2803 1687 2836 ἐξ
1702 2803 1831 2834 ἀπονοίας
1841 2803 1865 2828 οι

1100 2899 1118 2913 ²¹
1137 2897 1215 2924 Joan.
1238 2905 1286 2930 Ml,
1309 2898 1353 2925 δι’.
