2028 3118
96 207 150 233 253

642 209 676 238 IN
693 209 834 238 JOANNlS
848 208 1072 238 EVANGELIUM
1092 209 1156 236 LIB.
1176 210 1208 238 Ill

1665 213 1720 244 956

97 269 146 303 τὴν
160 267 246 299 οὕτως
264 268 429 302 ἁξιάγαστον
441 269 487 295 τοῦ
505 268 573 296 Θεοῦ
584 270 630 296 καί
647 270 753 305 Harpe;
773 270 887 305 ποιησά-

940 279 1017 298 suum
1034 271 1203 305 unigenitum
1218 270 1332 298 dederit.
1350 280 1358 296 ι
1380 271 1479 299 Audiat
1501 269 1599 300 rursus
1618 271 1719 300 Christi

100 321 176 349 μενοι
190 314 281 349 χάριν.
301 324 310 339 ι
329 313 407 340 Οὕτω
422 314 476 350 γὰρ
487 335 494 346 ,
519 316 615 350 φησὶν,
636 316 777 351 ἠγάπησεν
792 317 806 342 ὁ
821 315 886 347 Θεὸς

99 360 144 386 τὸν
157 359 279 395 κόσμον,
296 359 367 386 ὥστε
386 361 432 387 τὸν
449 361 513 387 Υἱὸν
530 360 612 388 αὑτοῦ
627 361 672 389 τὸν
689 362 819 396 μονογενῆ
843 360 887 386 δέ-

99 407 197 434 δωκεν.
216 415 225 431 ι
250 406 387 433 ’Δκουέτω
404 407 484 434 πάλιν
499 407 513 433 6
526 406 717 443 Χριστομάχος
737 406 886 441 αἱρετικὺς.

100 453 149 479 καὶ
167 452 272 486 λεγέτω
292 452 446 487 παρελθὼν,
460 452 486 478 τε
509 452 539 479 τὸ
554 451 626 487 μέγα
646 451 696 486 τῆς
716 452 826 487 ἀγάπης
841 450 888 478 τοῦ

101 498 170 525 Θεοῦ
182 498 230 524 καὶ
243 499 350 534 [ἰατρὸς
360 519 367 531 ,
384 498 402 533 ἢ
416 498 475 530 πῶς
492 499 525 525 ἂν
541 498 627 535 αὐτὴν
640 498 754 529 εἰκότως
768 497 889 524 ἀποθαυ-

103 544 243 578 μάσαιμεν
254 551 260 557 ·
273 543 331 569 ἀλλ’
345 544 403 578 ἐρεῖ
417 543 448 578 δὴ
464 543 574 575 πάντως
592 544 641 579 τῆς
652 542 763 578 ἀγάπης
773 542 888 577 ὁρᾶσθαι

101 588 132 614 τὸ
145 588 321 622 ἀξιάγαστον,
337 589 366 615 ἐν
382 588 421 623 τῷ
437 588 561 615 δεδόσθαι
572 587 618 615 τὸν
631 588 697 614 Υῑὺν
716 588 785 624 ὑπὲρ
799 587 887 622 ἡμῶν,

103 635 151 661 καὶ
167 635 248 662 τοῦτο
262 635 404 670 μονογενῆ.
423 634 528 661 Οὐκοῦν
547 635 590 661 ἵνα
608 634 676 670 μένῃ
704 634 751 660 καὶ
766 633 886 668 σώζηται

105 680 210 715 μεγάλη
227 679 273 706 τοῦ
285 680 354 707 Θεοῦ
368 680 416 706 καὶ
428 681 536 716 Πατρδς
550 681 566 716 ὴ
578 680 727 714 ἀγάπησις,
744 679 807 710 Υἱὸς
820 678 890 705 νοεί-

104 724 171 756 σθω,
185 725 222 759 μὴ
238 725 343 760 ποίημα
352 733 358 740 ·
371 725 434 751 Υἱδν
447 724 476 750 δέ
490 733 561 759 φημι
576 725 620 751 τὸν
634 725 666 750 ὲκ
677 725 726 759 τῆς
738 723 831 755 οὐσίας
842 722 889 749 τοῦ

105 769 221 804 ματρὸς,
248 769 390 805 ὀμοούσιον
415 769 535 804 δηλονότι
560 769 600 804 τῷ
624 768 818 803 γεγεννηκότι,
844 767 891 794 καὶ

103 815 170 841 θεὸν
183 815 269 847 ὅντως
283 815 330 842 καὶ
354 815 416 842 κατ’
434 815 576 850 ἀλήθειαν.
593 815 625 841 Et
644 814 672 840 δὲ
690 814 761 840 κατά
776 813 820 840 τὸν
844 812 890 839 σὸν

102 861 192 894 λόγον.
206 858 229 888 ὢ
240 858 327 893 οὗτος,
344 860 373 887 τὸ
393 862 425 887 ἐκ
438 860 488 895 τῆς
500 860 594 892 οὐσίας
611 858 680 886 εἶναι
699 858 746 885 τοῦ
761 858 828 884 Θεοῦ
844 858 891 885 xei.

104 907 211 942 Πατρὺς
224 907 275 934 οὐκ
287 907 359 941 ἔχει,
379 907 425 934 καὶ
440 907 471 933 τὸ
488 905 558 933 εἶναι
573 905 645 933 κατά
665 905 746 940 φύσιν
762 904 825 936 Υἱὸς
841 904 890 931 καὶ

939 318 1027 344 hostis
1047 317 1201 348 haereticus,
1218 323 1249 342 ac
1273 316 1346 343 dicat
1363 316 1462 350 obiter,
1477 317 1543 352 quid
1567 318 1657 353 magni
1672 319 1720 345 ha-

938 363 1001 389 beat
1028 362 1073 390 Dei
1095 369 1126 388 ac
1150 361 1240 388 Patris
1259 361 1380 392 dilectio.
1398 367 1445 388 aut
1467 364 1605 397 quomodo
1632 364 1719 399 ipsam

939 409 1035 436 merito
1051 407 1240 435 admiremur?
1263 406 1315 433 Sed
1341 407 1516 441 respondcbit
1529 409 1623 443 utique
1645 410 1670 436 in
1687 417 1719 437 ea

938 454 1084 481 dilectione
1098 453 1125 479 id
1139 452 1214 479 cerni
1226 451 1406 478 admiratione
1416 451 1540 486 dignum,
1554 453 1625 487 quod
1640 454 1719 481 datus

939 501 975 528 sit
991 507 1040 535 pro
1056 499 1135 526 nobis
1148 498 1244 531 Filius,
1265 497 1386 532 adeoque
1407 498 1574 532 unigenitus.
1595 497 1678 532 Igitur
1691 504 1721 526 ut

939 550 1045 574 constet
1070 552 1167 579 magna
1192 544 1236 571 illa
1261 543 1307 570 Dei
1331 550 1363 570 ac
1387 543 1474 570 Patris
1499 543 1620 575 dilectio,
1636 543 1720 570 Filius

940 588 1133 625 intelligendus
1146 592 1199 621 est,
1209 596 1262 615 non
1279 593 1417 615 creatura.
1432 587 1532 614 Filium
1544 591 1632 614 autem
1648 587 1720 619 dico,

938 636 985 670 qui
1007 640 1050 662 est
1074 643 1106 662 ex
1127 635 1279 663 substantia
1303 634 1350 661 Dei
1368 642 1400 661 ac
1423 633 1514 661 Patris
1533 634 1675 666 nimirum,
1695 633 1720 660 ei

939 680 1192 713 consubstantialis,
1217 685 1244 707 et
1263 687 1355 707 revera
1380 679 1461 707 Deus.
1487 679 1567 713 Quod
1597 679 1618 706 si
1643 679 1721 712 juxta

941 732 1013 753 tuam
1026 726 1190 757 doctrinam,
1203 733 1219 752 ο
1235 726 1362 760 quisquis
1375 733 1415 758 es,
1426 732 1478 752 non
1491 729 1532 752 est
1545 733 1578 752 ex
1591 724 1721 752 substan-

941 772 978 798 tia
995 771 1042 800 Dei
1063 779 1095 799 ac
1119 771 1218 803 Patris,
1235 771 1318 799 simul
1331 771 1412 798 etiam
1431 770 1564 797 naturalis
1588 769 1672 796 Filius
1689 776 1722 795 ac

941 817 1012 844 Deus
1033 823 1095 843 esse
1118 816 1234 848 desinet,
1251 819 1278 842 et
1300 815 1390 842 inanis
1412 815 1464 842 erit
1490 814 1598 842 demum
1621 813 1720 840 eximia

941 864 986 891 illa
1003 867 1029 890 et
1044 861 1122 897 153
1135 862 1304 889 admirabilis
1319 861 1407 888 Patris
1420 861 1539 888 dilectio.
1559 861 1721 887 (Ireaturam

941 910 1012 936 enim
1030 915 1079 942 pro
1096 907 1241 939 creaturis,
1253 914 1307 934 non
1321 914 1385 933 vere
1401 905 1500 933 Filium
1513 905 1600 932 dedit.
1610 903 1722 930 Frustra

103 940 170 984 Θεὸς
183 940 382 985 ωναποάαλεῖ,
403 953 451 979 καὶ
470 953 586 988 ἀργήσει
604 951 699 978 λοιπὸν
719 951 747 978 τὸ
770 951 888 985 περίπυ-

940 962 1005 982 vero
1019 954 1098 980 nobis
1109 953 1205 980 beatus
1217 951 1320 979 Paulus
1334 956 1467 978 terrorem
1487 950 1592 984 injiciet
1605 949 1701 976 dicens
1714 957 1721 975 :

105 1008 166 1026 πον
185 999 279 1034 θαῦμα
296 999 346 1034 τῆς
365 999 474 1034 ἀγάπης
493 998 540 1026 τοῦ
564 998 680 1033 Πατρός.
704 997 814 1032 Ποίημα
835 997 890 1032 γὰρ

105 1045 265 1080 ποιημάτων
283 1045 427 1080 ἠλλάξατο,
444 1045 490 1072 καὶ
507 1045 555 1079 οὐχ
568 1044 630 1072 Υὶὸν
643 1043 750 1079 ἀληθῶς
762 1051 769 1058 ·
785 1042 847 1077 εἰκῆ
862 1042 889 1068 δὲ

103 1091 177 1125 ἡμᾶς
201 1091 249 1117 καὶ
272 1091 287 1117 6
315 1090 447 1126 μακάριος
477 1090 582 1121 Παῦλος
610 1089 756 1126 θορυϐήσει
784 1088 886 1124 λέγων·

105 1135 272 1170 (Ἀθετήσας
298 1144 340 1167 τις
363 1135 444 1171 νόμον
471 1135 609 1169 Μωσέως,
635 1136 720 1170 χωρὶς
739 1133 889 1169 οἰκτιρμῶν

104 1182 148 1207 ἐπὶ
173 1181 249 1208 δυσὶν
273 1182 290 1216 ἢ
323 1182 412 1217 τρισὶν
440 1183 574 1218 μάρτυσιν
599 1182 784 1216 ἀποθνήσκει,
811 1180 886 1214 πόσῳ

104 1226 207 1253 δοκεῖτε
232 1226 355 1261 χείρονος
378 1226 558 1262 ἀξιωθήσεται
577 1227 711 1262 τιμωρίας
734 1226 748 1252 6
766 1226 810 1252 τὸν
825 1225 889 1251 Υἱὸν

104 1271 149 1298 τοῦ
164 1271 233 1298 Θεοῦ
247 1273 443 1307 καταπατήσας
456 1281 462 1305 ;
479 1282 488 1298 ι
507 1273 667 1299 Καταπατεί
684 1272 733 1306 μὲν
748 1271 802 1306 γὰρ
821 1271 888 1305 ὁμο-

104 1317 275 1351 λογουμένως
298 1318 313 1344 ό
343 1318 574 1353 καταφρονήσας,
599 1317 656 1344 ἀλλ’
684 1317 732 1351 οὐχ
761 1316 798 1348 ὡς
826 1317 889 1343 Υἰὸν

103 1362 248 1397 ἀληθινὸν,
272 1363 340 1390 ἀλλά
357 1363 480 1394 Μωσέως
495 1362 655 1398 ὁμόδουλον,
678 1361 758 1397 εἰπερ
775 1362 833 1387 ἐστὶ
851 1361 889 1396 τῷ

104 1408 280 1443 πεποιημένῳ
290 1407 321 1434 τὸ
332 1408 436 1444 ποίημα
450 1408 559 1440 πάντως
572 1407 696 1440 ἀδελφὺν,
715 1406 786 1433 κατά
797 1415 828 1440 γε
844 1406 888 1432 τὸν

102 1453 148 1487 τοῦ
160 1454 428 1489 πεποιῆσθαιολόγον,
440 1454 493 1481 κᾶν
502 1455 561 1485 ταῖς
572 1454 613 1485 εἰς
624 1453 655 1480 τὸ
670 1453 760 1489 μεῖξον
777 1452 793 1488 ἢ
810 1453 889 1487 ἄμει-

103 1509 146 1528 νον
171 1502 322 1537 ὑπεροχαῖς
344 1502 393 1537 τὴν
415 1502 509 1538 ἑτέρου
534 1501 612 1534 δόξαν
637 1501 802 1535 πλεονεκτῇ·
831 1500 888 1527 ἀλλ’

104 1547 175 1574 ἐστιν
190 1547 294 1583 ἀληθὴς
308 1549 322 1574 6
336 1548 383 1574 τοῦ
405 1547 512 1574 Παύλου
532 1547 609 1581 λόγος
622 1555 628 1562 ·
654 1546 846 1582 χαλεπωτέραν
861 1546 889 1572 δὲ

104 1592 226 1619 ἀποτίσει
248 1592 298 1627 τὴν
317 1593 395 1628 δίκην
418 1594 432 1620 ό
456 1593 653 1628 καταπατήσας
669 1592 715 1618 τὸν
737 1591 801 1618 Υῑὸν
813 1612 820 1624 ,
839 1592 889 1626 οὐχ

943 1011 951 1026 ι
971 1000 1078 1027 lrritam
1100 999 1204 1026 faciens
1224 999 1308 1033 legem
1334 997 1430 1033 Moysi,
1451 997 1510 1024 sine
1537 996 1591 1022 ulla
1609 994 1723 1022 misera-

940 1046 1023 1076 tione,
1040 1045 1146 1072 duobus
1161 1044 1204 1071 vel
1226 1043 1315 1070 tribus
1338 1043 1453 1070 testibus
1466 1042 1602 1068 moritur:
1618 1043 1722 1074 quanto

939 1090 1026 1125 magis
1039 1090 1140 1125 putatis
1152 1089 1290 1117 deteriora
1302 1087 1402 1115 mereri
1417 1087 1553 1122 supplicia
1565 1086 1611 1120 qui
1624 1085 1722 1112 Filium

939 1136 986 1163 Dei
1017 1134 1221 1163 conculcaverit
1240 1134 1284 1160 “‘2
1309 1143 1318 1160 ι
1346 1132 1497 1160 Conculeat
1523 1131 1596 1158 enim
1625 1129 1722 1164 procul

939 1182 1022 1209 dttbio
1043 1181 1066 1208 is
1081 1182 1126 1215 qui
1148 1179 1271 1215 spernit,
1287 1178 1364 1213 atqui
1386 1185 1440 1205 non
1459 1181 1488 1204 ut
1501 1176 1599 1203 Filium
1615 1183 1721 1206 verum,

940 1227 986 1254 sed
1003 1226 1104 1262 Moysis
1123 1232 1297 1256 conservum,
1314 1225 1337 1251 si
1350 1223 1461 1258 quidem
1482 1226 1608 1249 creatura
1628 1224 1670 1248 est
1683 1220 1723 1246 rei

939 1276 1037 1299 creatte
1055 1277 1135 1298 soror
1151 1270 1178 1297 in
1192 1270 1298 1296 ratione
1315 1269 1353 1296 rei
1374 1273 1483 1299 creatae,
1502 1267 1566 1294 licet
1589 1266 1724 1300 dignitate

939 1324 985 1345 aut
998 1317 1158 1345 excellentia
1173 1315 1288 1343 alterius
1306 1315 1420 1350 gloriam
1436 1317 1557 1348 superet.
1574 1313 1608 1339 At
1629 1319 1722 1339 verum

938 1368 980 1390 est
996 1362 1072 1389 Pauli
1097 1361 1199 1388 dictum
1219 1369 1226 1388 :
1247 1363 1275 1386 et
1299 1360 1454 1395 graviorem
1475 1366 1583 1393 poenam
1605 1359 1659 1384 luet
1675 1357 1723 1391 qui

939 1407 1040 1434 Filium
1056 1405 1334 1436 conculcaverit,non
1343 1409 1371 1431 ut
1383 1405 1410 1431 in
1425 1408 1580 1431 creaturam
1594 1409 1723 1438 peccans,

939 1460 990 1480 nec
1012 1452 1040 1480 in
1065 1457 1150 1479 unum
1174 1458 1207 1478 ex
1226 1449 1329 1485 Moysis
1344 1448 1498 1476 conservis.
1519 1447 1615 1482 Magna
1641 1447 1724 1481 igitur

939 1503 981 1527 est
1000 1505 1032 1526 ac
1055 1496 1273 1533 supernaturalis
1290 1496 1337 1523 illa
1357 1496 1446 1523 Patris
1463 1494 1584 1527 dilectio,
1600 1494 1646 1529 qui
1676 1501 1725 1528 pro

939 1544 1034 1572 mundi
1060 1544 1115 1571 vita
1141 1543 1217 1570 illum
1237 1550 1271 1570 ex
1294 1543 1385 1577 seipse
1408 1545 1435 1569 et
1457 1541 1598 1576 proprium
1624 1539 1724 1566 Filium

940 1590 1027 1618 dedit.

103 1640 190 1672 ὼςείς
199 1641 306 1676 ποίημα
319 1641 496 1684 πλημμελῶν,
512 1641 572 1669 οὐδὲ
584 1642 623 1672 εἰς
644 1641 692 1667 ἕνα
710 1640 764 1666 τῶν
779 1640 899 1671 Μωσέως
918 1638 1078 1675 ὁμοδούλων.
1097 1637 1211 1672 Μεγάλη
1229 1637 1261 1672 δὴ
1282 1634 1328 1663 οὖν
1362 1635 1408 1662 καὶ
1439 1634 1581 1670 ὑπερφυὴς
1599 1635 1614 1669 ή
1630 1633 1723 1668 ἀγάπη

103 1685 149 1712 τοῦ
164 1686 271 1720 [ἰατρὸς
283 1686 353 1721 ὑπὲρ
363 1681 413 1722 τῆς
425 1686 472 1713 τοῦ
485 1687 588 1722 κόσμου
604 1686 676 1721 ζωῆς
689 1685 735 1712 τὸν
747 1685 777 1719 ἐξ
793 1685 890 1712 ἑαυτοῦ
909 1685 955 1711 καὶ
971 1684 1034 1711 ῐδιον
1047 1682 1129 1710 αὐτοῦ
1143 1682 1288 1713 δεδωκότος
1299 1681 1373 1708 Υὶόν.

139 1733 181 1759 οὺ
195 1731 251 1766 γὰρ
265 1733 444 1761 ἀπέστειλεν
458 1735 475 1760 ὁ
492 1733 564 1766 Θεὸς
582 1734 636 1760 τὸν
653 1733 721 1760 Υιὸν
734 1732 827 1760 αὑτοῦ
843 1733 887 1765 εὶς

974 1730 1017 1762 lli,
1040 1731 1082 1758 17.
1108 1729 1170 1757 Non
1193 1730 1262 1756 enim
1284 1728 1357 1755 misit
1377 1727 1447 1754 Deus
1472 1725 1575 1752 Filium
1597 1733 1674 1752 suum
1697 1725 1723 1752 in

104 1777 156 1804 τὸν
181 1777 315 1815 κόσμον,
335 1778 386 1804 ἵνα
412 1777 500 1812 κρίνῃ
521 1777 574 1804 τὸν
597 1778 729 1812 κόσμον,
754 1777 823 1804 ἀλλ’
839 1776 889 1803 ἵνα

103 1822 188 1856 σωθῇ
203 1823 220 1849 d
238 1824 351 1857 κόσμος
364 1823 401 1850 δι’
415 1823 517 1858 αὑτοῦι
670 1846 673 1847 ν

138 1869 203 1895 Υῑδν
228 1870 324 1896 ἑαυτὸν
344 1870 491 1906 διαρρήδην
512 1869 648 1905 ὀνομάσας
668 1868 714 1896 τοῦ
744 1868 813 1896 Θεοῦ
843 1869 891 1896 καὶ

104 1914 222 1950 Πατρδς,
237 1915 286 1941 οὐκ
300 1915 493 1951 ἀμαρτύρητον
505 1916 551 1951 te»;
568 1915 653 1942 οἴεται
671 1915 725 1942 δεῖν
742 1915 786 1942 τὸν
801 1916 889 1950 λόγον,

102 1959 161 1985 ἀλλ’
177 1959 210 1985 ὲκ
224 1960 273 1994 τῆς
286 1960 341 1987 τῶν
355 1961 535 1997 πραγμάτων.
545 1970 549 1973 ·
559 1961 602 1993 ἵνα
616 1961 704 1993 οὕτως
720 1961 799 1994 εῐπω,
815 1961 891 1988 ποιό-

103 2013 186 2039 τητος
209 2005 335 2042 ἐπιφέρει
359 2006 410 2043 τὴν
432 2006 588 2040 ἀπόδειξιν,
611 2006 827 2043 ἀσφαλεστέρους
851 2007 892 2038 εις

103 2052 196 2078 πίστιν
206 2051 268 2082 τοὺς
283 2053 473 2088 ἀκροωμένους
488 2049 636 2082 ἀποτελῶν.
654 2053 691 2087 OQ
705 2053 759 2088 γὰρ
773 2053 892 2081 ἀπεστά-

103 2099 164 2134 λην,
183 2100 262 2135 φησὶ,
277 2099 347 2125 κατὰ
361 2099 405 2125 τὸν
419 2099 581 2134 ἱεροφάντην
595 2100 709 2133 Μωσια,
721 2099 797 2134 νόμῳ
807 2108 892 2127 κατα-

103 2145 283 2180 κρίνων-τὴν
306 2144 488 2181 οἰκουμένην,
520 2145 580 2172 οὐδὲ
606 2146 674 2180 πρὺς
702 2145 810 2180 ἔλεγχον
841 2146 891 2180 τῆς

103 2191 243 2226 ἁμαρτίας
256 2190 375 2226 εἰσφέρω
385 2190 434 2226 τὴν
447 2190 565 2225 ἐντολὴν,
578 2191 637 2218 οὐδὲ
648 2192 786 2227 οἰκετικὴν
801 2190 893 2217 ποιοῦ-

106 2244 155 2270 μαι
170 2235 221 2270 τὴν
239 2235 378 2261 διακονίαν
391 2243 398 2250 ⁸
425 2234 493 2261 ἀλλά
519 2235 642 2270 Δεσπόιοῃ
663 2235 821 2269 πρέπουσαν
842 2235 892 2270 τὴν

105 2280 312 2316 φιλανθρωπίαν
341 2280 480 2315 εἰσφέρω,
512 2279 647 2315 ἐλευθερῶ
669 2280 699 2306 τὸ
722 2280 830 2311 δοῦλον,
854 2280 892 2312 ὠς

106 2326 172 2358 Υἱὸς
182 2326 230 2352 καὶ
244 2325 412 2361 κληρονόμος
430 2324 476 2351 τοῦ
494 2324 609 2360 Πατρὸς,
635 2325 828 2360 μετασκευάζει)
846 2325 892 2355 τὸν

105 2372 322 2404 καταδικάζοντα
341 2371 422 2407 νόμον
438 2371 479 2402 εἰς
497 2370 656 2402 δικαιοῦσαν
679 2372 770 2407 χάριν,
795 2371 891 2406 ἀνίημι

104 2419 155 2453 τῆς
175 2418 314 2453 ἁμαρτίας
326 2418 372 2444 τὸν
385 2417 440 2444 τῶν
451 2417 559 2443 οἰκείων
575 2417 817 2452 πλημμελημάτων
831 2425 893 2444 κατ-

108 2463 278 2500 εσφιγμένον
300 2464 414 2498 σειραῖς,
430 2462 578 2489 ἀνασώσων
599 2463 648 2498 τὴν
666 2462 844 2497 οἰκουμένην,
860 2463 891 2489 οὐ

105 2509 279 2544 κατακρίνων
300 2508 426 2543 ἐλήλυθα.
444 2508 517 2535 Ἔδει
540 2507 604 2544 γὰρ,
625 2507 678 2534 ἔδει
703 2508 805 2534 Μωσέα
831 2507 890 2543 μὲν,

105 2555 199 2590 φησὶν,
219 2555 258 2586 ὡς
269 2553 377 2589 οἰκέτην
390 2554 473 2589 νόμον
486 2553 534 2580 τοῦ
545 2554 753 2588 κατακρίνοντος
766 2553 892 2587 γενέσθαι

103 2601 238 2632 διάκονον,
258 2600 309 2635 ἐμὲ
328 2600 357 2626 δὲ
379 2599 418 2631 ὡς
437 2599 502 2626 Υιὸν
518 2599 564 2625 καὶ
576 2599 648 2633 ,Θεὸν
670 2600 720 2635 τῆς
739 2599 786 2626 τοῦ
809 2599 892 2634 νόμου

105 2647 229 2681 κατάρας
252 2645 381 2672 ἀπολύειν
406 2645 456 2680 τὴν
480 2645 661 2680 οἰκουμένην,
693 2645 740 2672 καὶ
768 2646 826 2676 ταῖς
853 2645 893 2676 εὶς

105 2691 312 2726 φιλανθρωπίαν
331 2690 496 2725 ὑπερϐολαῖς
522 2690 688 2726 Θεραπεῦσαι
717 2691 764 2717 τοῦ
788 2691 892 2725 κόσμου

104 2736 154 2771 τὴν
167 2736 321 2763 ἀσθένειαν.
337 2736 368 2762 Et
381 2735 409 2762 δὲ
422 2735 541 2770 ἀμείνων
558 2737 574 2771 ἡ
592 2735 731 2762 δικαιοῦσα
749 2736 827 2771 χάρις
843 2737 892 2770 τῆς

105 2781 326 2816 κατακρινούσης
337 2781 456 2815 ἐντολῆς,
471 2781 530 2812 πῶς
542 2782 591 2807 οὐκ
603 2781 748 2808 ἀκόλουθον
759 2781 809 2816 ήδη
824 2782 892 2807 νοεῖν

104 2827 136 2855 τὸ
150 2827 287 2854 οικετιχὸν
309 2826 467 2854 ἀναϐαίνειν
481 2826 578 2862 μέτρον
598 2826 643 2853 τὸν
665 2826 735 2853 οὕτω
754 2819 893 2862 θεοπρεπῆ

149 2913 172 2938 θ’
185 2913 267 2943 Hebr.
289 2922 315 2945 ι,
330 2913 374 2946 28,
390 2913 435 2946 29.

940 1779 1076 1811 mundum,
1095 1783 1123 1805 ut
1135 1778 1238 1813 judicet
1261 1776 1399 1807 mundum,
1413 1774 1457 1802 sed
1472 1779 1501 1801 ut
1518 1773 1633 1801 salvetur
1649 1782 1721 1800 num-

939 1826 989 1853 ἀνι
1003 1834 1048 1861 per
1063 1827 1158 1860 ipsum.

975 1871 1108 1904 Quoniam
1125 1870 1223 1897 Filium
1249 1869 1294 1896 Dei
1319 1875 1351 1895 ac
1371 1867 1460 1894 Patris
1484 1866 1606 1901 seipsum
1632 1869 1725 1899 aperte

940 1916 1102 1949 nominavit,
1124 1916 1153 1943 id
1167 1916 1237 1943 citra
1261 1915 1451 1950 probationem
1467 1913 1570 1940 dictum
1586 1919 1638 1938 non
1656 1910 1724 1942 vult,

940 1964 988 1992 sed
1013 1971 1049 1991 ex.
1070 1969 1161 1990 rerum
1183 1961 1325 1996 ipsarum,
1352 1963 1382 1986 ut
1399 1960 1437 1986 ita
1463 1958 1568 1991 dicam,
1593 1957 1726 1992 qualitate

941 2008 1200 2038 demonstrationem
1223 2005 1315 2038 infert,
1335 2004 1476 2032 auditores
1501 2004 1529 2030 in
1555 2003 1607 2030 llde
1623 2002 1725 2029 conﬁr-

942 2063 1030 2083 mans.
1047 2054 1107 2081 Non
1122 2053 1195 2081 enim
1211 2052 1315 2079 missus
1330 2058 1402 2082 sttm,
1431 2049 1531 2085 inquit,
1550 2048 1725 2084 quemadmo-

941 2103 1005 2130 dum
1023 2108 1163 2129 sacrorum
1185 2099 1233 2126 ille
1253 2098 1391 2132 interpres
1404 2094 1523 2131 Moyses,
1545 2099 1576 2123 ut
1591 2095 1649 2130 lege
1672 2099 1727 2121 ter-

943 2155 1034 2176 rarum
1051 2146 1145 2173 orbem
1166 2144 1358 2173 condemnem.
1375 2148 1464 2177 neque
1482 2141 1514 2169 ad
1531 2144 1673 2176 peecatttm
1687 2147 1727 2166 re-

942 2192 1130 2227 darguendum
1155 2189 1314 2216 mandatum
1342 2189 1415 2218 fero.
1441 2195 1492 2214 nec
1513 2187 1606 2214 servili
1626 2186 1727 2220 fungor

942 2237 1108 2267 ministerio.
1131 2235 1178 2263 sed
1195 2235 1303 2270 qualem
1324 2233 1469 2261 Demittunt
1484 2232 1578 2260 deceat
1606 2230 1728 2265 benigni-

941 2286 1025 2309 tatem
1041 2280 1167 2309 exhibeo.
1185 2278 1220 2306 Ut
1239 2278 1327 2305 Filius
1342 2286 1373 2305 ac
1385 2277 1473 2304 haeres
1489 2276 1580 2303 Patris
1595 2274 1728 2302 servitute

943 2327 1067 2354 homines
1086 2326 1184 2357 libero,
1206 2323 1458 2351 condemnatricetn
1476 2323 1562 2356 legem
1583 2321 1610 2347 in
1626 2320 1730 2354 justiti-

943 2376 1050 2400 cantetn
1067 2371 1181 2406 gratiam
1207 2374 1359 2400 commuto,
1379 2375 1491 2396 suorum
1509 2367 1655 2394 criminum
1681 2373 1728 2392 ca-

944 2419 1015 2447 tenis
1025 2417 1184 2446 constrictis
1200 2420 1308 2451 peccata
1325 2415 1436 2442 remitto
1447 2423 1453 2440 :
1463 2413 1619 2439 salvaturus
1634 2411 1728 2438 orbem

945 2470 1100 2496 terrarum,
1129 2471 1181 2489 non
1207 2462 1445 2489 condemnaturus
1475 2459 1548 2485 veni.
1580 2456 1729 2492 Oportebat

945 2510 1028 2543 enim,
1047 2510 1144 2544 inquit,
1160 2507 1268 2543 Moysen
1290 2509 1320 2533 ut
1343 2505 1473 2532 famulum
1501 2503 1639 2533 nimirum,
1663 2509 1728 2528 con-

942 2555 1120 2584 demnatricis
1135 2553 1203 2587 legis
1223 2552 1378 2579 ministrum
1397 2557 1469 2582 esse,
1486 2557 1529 2576 me
1550 2555 1625 2578 vero.
1637 2551 1666 2574 ut
1689 2546 1729 2573 Fi-

943 2601 1009 2628 lium
1028 2607 1060 2626 ac
1078 2599 1173 2631 Deum,
1189 2597 1381 2625 exsecratione
1395 2594 1464 2629 legis
1480 2594 1573 2621 orbem
1593 2597 1728 2620 terrarum

944 2645 1093 2677 vindicare,
1103 2649 1130 2672 et
1141 2641 1316 2677 benignitatis
1331 2639 1525 2674 exsuperantia
1540 2638 1729 2666 inﬁrmitatem

945 2690 1038 2718 mundi
1054 2697 1160 2718 curare.
1173 2687 1252 2720 Quod
1271 2687 1293 2714 si
1308 2684 1463 2719 iustiﬁcans
1480 2684 1567 2720 gratia
1585 2684 1675 2719 potior
1687 2687 1729 2711 est

945 2736 1074 2763 mandato
1103 2731 1338 2762 cendetnnatorio,
1361 2729 1407 2764 qui
1431 2737 1484 2756 non
1512 2733 1728 2756 consentaneum

945 2786 988 2809 est
1007 2779 1134 2808 arbitrari
1148 2777 1272 2806 servilem
1290 2775 1477 2803 conditionem
1490 2775 1566 2802 illum
1586 2773 1728 2804 excedere,

946 2827 990 2862 qui
1010 2828 1171 2861 potestatem
1192 2829 1246 2858 prae
1271 2829 1299 2849 se
1319 2821 1371 2849 l’ert
1393 2820 1462 2848 adeo
1478 2820 1647 2852 divinam,et
1665 2825 1729 2853 pec-
