2028 3118
294 185 350 213 255

295 246 350 274 call
367 244 485 272 vinculis
500 245 638 271 hominem
655 244 772 272 liberal?
793 243 852 272 Una
869 245 925 272 lucc
939 244 1023 280 igitur
1035 247 1078 271 est
1092 247 1112 275 Δ

297 289 377 326 154
393 297 443 317 nec
464 289 579 322 insulsa,
597 294 625 317 ut
638 289 747 325 opinor,
762 290 906 317 verborum
922 290 1076 325 proposito-

296 344 355 364 rum
373 336 453 363 ralio.
471 335 562 362 Altera
576 343 639 362 vero
651 336 744 364 eadem
761 344 828 371 pene
842 337 1038 371 complectens,
1049 341 1076 364 ct

295 381 431 416 superiori
443 380 575 408 doctrina:
587 381 676 408 ailinis
689 381 828 409 aﬂ‘crctur.
845 381 971 409 Salvator
982 389 1077 409 cerne-

296 426 343 453 bat
358 425 537 454 Nicodemum
557 425 684 454 Mosaicis
695 426 802 453 allixum
819 427 936 462 legibus,
952 431 978 454 et
992 427 1077 454 veteri

296 472 405 506 quidem
423 471 550 499 mandato
566 471 705 499 mordicus
719 472 868 504 adhaerere.
880 477 908 499 et
924 473 956 500 ad
970 480 1078 508 regene-

296 519 429 544 rationem
457 517 605 552 spiritalem
637 518 838 552 quodammodo
871 518 1076 552 exhorrescere,

297 566 379 598 alque
394 563 427 590 ad
441 571 538 590 novam
554 567 582 590 et
596 564 779 598 evangelicatn
799 564 881 591 vitam
897 569 1017 599 torpore,
1034 572 1079 591 ra-

298 611 366 639 tum,
382 612 411 633 ut
427 608 556 635 credibile
569 613 622 641 est,
636 608 708 636 hanc
720 609 853 644 legalibus
871 609 1007 636 mandatis
1020 609 1079 638 fore

297 652 487 679 dilliciliorem.
497 653 564 680 Cum
580 661 645 688 ergo
656 661 710 680 non
724 654 874 688 ignoraret,
887 659 981 689 utpote
994 654 1078 688 Deus.

298 696 424 724 timorem
442 704 475 724 ex
496 697 633 732 imperitia
648 698 737 732 ipsum
760 699 904 732 invasisse,
921 699 1001 727 unica
1017 700 1081 728 bre«

297 743 379 776 vique
394 743 499 770 ratione
512 744 744 778 perturbationem
759 744 832 771 illam
850 745 956 776 adimit,
969 751 995 773 et
1011 754 1080 781 prte-

298 792 406 821 ccptum
423 788 530 822 quidem
550 788 699 816 Mosaicum
713 797 746 816 ex
761 797 794 818 eo
812 790 888 824 quod
908 791 1002 818 orbem
1017 799 1081 819 con-

298 833 417 865 demnat,
439 835 639 862 intolerabilius
653 842 714 863 esse
730 835 911 868 demonstrat,
929 844 1013 872 seque
1030 837 1078 864 be-

299 879 439 914 nignitatis
457 879 612 914 largitorem
632 879 751 911 exhibet.
767 880 878 908 dicens:
899 889 909 907 ι
931 880 990 908 Non
1006 882 1078 909 enim

299 924 374 951 misit
397 923 470 952 Deus
494 924 592 951 Filium
612 931 693 951 suum
716 925 742 951 in
764 925 906 957 mundum,
929 930 958 953 ut
976 926 1080 961 judicet

298 970 441 1002 mundum,
461 970 507 998 sed
523 974 551 996 ut
563 970 684 997 salvetur
699 970 819 997 mumlus
833 978 882 1006 per
894 971 993 1006 ipsum.
1013 981 1022 998 ι

808 182 837 212 ε.
858 183 995 212 αιιιιιω
1015 181 1247 211 ALEXANDRINI
1264 181 1420 210 ARCHIEP.

1862 174 1916 204 σεδ

1128 244 1177 279 τὴν
1199 243 1323 276 ἐξουσίαν
1346 241 1521 276 εἰσφέροντα,
1553 238 1599 265 καὶ
1622 237 1676 264 τῶν
1703 237 1751 272 τῆς
1776 236 1916 271 ἁμαρτίας

1125 288 1231 324 δεσμῶν
1254 288 1366 322 ἀφιέντα
1394 286 1439 312 τὸν
1465 284 1626 319 ἀνθρωπονς
1654 279 1700 313 Εἷς
1722 281 1771 316 μὲν
1798 280 1915 324 δὴητῶν

1126 323 1314 370 προκειμένων
1333 331 1442 363 οὑτοσὶ,
1465 329 1514 357 καὶ
1529 330 1578 356 οὐκ
1601 327 1741 362 ἄκομψος,
1765 325 1804 357 ὡς
1826 323 1915 360 οἶμαι,

1126 379 1203 414 λόγος
1215 387 1227 400 ·-
1238 378 1363 413 δεύτερος
1385 377 1417 403 δὲ
1436 375 1486 408 ἐπὶ
1498 374 1585 409 τούτῳ
1609 373 1654 400 διὰ
1671 372 1726 398 τῶν
1742 371 1834 398 αὐτῶν
1851 374 1916 397 ἀνα-

1127 423 1312 458 κυκλημάτων
1338 420 1534 457 στρεφόμενος,
1557 418 1605 445 καὶ
1630 417 1748 452 συγγενῆ
1772 425 1832 447 πως
1859 417 1916 447 τοῖς

1127 471 1184 498 ἄνω
1194 470 1244 504 τὴν
1260 468 1375 503 θεωρίαν
1386 467 1529 502 εἰσφέρων,
1545 466 1579 492 ὲκ
1588 463 1750 499 φιλομαθίας
1763 463 1914 498 εἰρήσεται.

1134 514 1264 550 Ἑθεώρει
1279 514 1334 541 τὸν.
1348 513 1502 547 Νικόδημον
1524 513 1538 538 ό
1559 510 1654 546 Σωτὴρ
1678 510 1735 540 τοῖς
1758 509 1915 540 Μωσαῖκοῖς

1128 560 1308 596 ὲμπεπηγότα
1320 559 1422 594 νόμοις,
1441 557 1550 592 καὶτῆς
1568 556 1618 592 μὲν
1633 555 1814 592 ἀρχαιοτέρας
1830 554 1916 589 ἀπρὶξ

1128 607 1257 642 ὲχόμενον
1281 605 1410 640 ἐντολῆς,
1431 603 1628 638 ἀποφρίττοντα
1647 602 1676 628 δέ
1699 610 1758 633 πως
1776 601 1846 636 πρὸς
1867 601 1916 635 τὴν

1129 653 1173 680 διὰ
1193 651 1353 686 Πνεύματος
1365 649 1554 685 ἀναγέννησιν,
1572 648 1620 675 καὶ
1639 648 1707 684 πρὸς
1726 647 1774 682 τὴν
1788 647 1853 674 νέαν
1869 647 1916 673 καὶ

1129 699 1310 734 εὐαγγελικὴν
1324 697 1507 725 καωκνοῦντα
1527 695 1678 728 πολιτείαν,
1692 694 1830 730 οἰηθέντα,
1846 692 1916 719 κατά

1129 746 1160 772 τὸ
1186 745 1277 777 εἰκὸς,
1299 744 1504 780 φορτικωτέραν
1529 741 1637 768 ἔσεσθαι
1661 741 1762 775 ταύτην
1784 740 1840 765 τῶν
1866 738 1916 773 ἥδη

1130 791 1357 825 διατεταγμένων.
1376 790 1432 816 Οὐκ
1455 789 1591 824 ἀγνοήσας
1612 786 1768 822 τοιγαροῦν,
1783 785 1823 816 ὡς
1839 784 1915 816 Θεὸς,

1130 837 1176 864 τὸν
1189 837 1218 869 ὲξ
1228 836 1348 872 ἀμαθίας
1363 835 1601 870 ὲπεισπηδήσαντα
1616 833 1707 868 φόὸον,
1723 831 1763 858 ἐνὶ
1786 831 1835 857 καὶ
1850 831 1918 856 ἀπο-

1130 883 1206 918 τόμῳ
1221 883 1394 918 χρησάμενος
1407 879 1541 916 λογισμῷ,
1561 879 1615 906 τῶν
1631 879 1677 906 ἐπὶ
1693 877 1779 912 τούτῳ
1794 875 1917 911 θορύϐων

1130 928 1277 963 ἐλευθεροῖ,
1292 927 1340 954 καὶ
1351 927 1400 962 τὴν
1416 926 1465 962 μὲν
1479 925 1524 952 διὰ
1540 924 1662 955 Μωσέως
1675 923 1794 958 ἐντολὴν,
1810 922 1855 948 διὰ
1872 920 1918 948 τοῦ

1130 974 1305 1008 κατακρίνειν
1318 973 1364 1000 τὸν
1376 970 1713 1008 δώσμον,δυσαχθεστέραν
1726 967 1810 995 οὖσαν
1817 967 1919 994 ἐπιδει-

299 1015 392 1047 κνύει,
416 1015 582 1052 ἡμερότητος
607 1015 635 1041 δὲ
654 1014 805 1050 βραϐευτὴν
826 1015 922 1042 ἑαυτὸν
938 1017 1069 1052 εἰσφέρει,
1089 1018 1186 1053 λέγων*
1205 1029 1214 1045 ι
1230 1019 1267 1045 Οὐ
1283 1018 1337 1054 γὰρ
1357 1016 1517 1044 ἀπέστειλεν
1534 1015 1623 1046 όΘεὺς
1638 1014 1683 1041 τὸν
1719 1013 1779 1040 Υἱὺν
1801 1013 1842 1044 εἰς
1874 1012 1920 1038 τὸν

299 1060 411 1095 κόσμον,
429 1060 472 1086 ἴνα
488 1060 569 1096 κρίνῃ
592 1060 639 1086 τὸν
653 1060 767 1095 κόσμον,
783 1060 840 1087 ἀλλ’
857 1061 900 1088 ἵνα
915 1061 987 1097 σωθῇ
1005 1063 1018 1088 ὁ
1038 1063 1141 1098 κόσμος
1157 1063 1192 1090 δι’
1205 1063 1299 1090 αὑτοῦ.
1323 1072 1333 1089 ι

334 1104 378 1136 Ill,
391 1104 434 1131 l8.
460 1104 512 1138 Qui
533 1104 614 1132 credit
629 1105 656 1132 in
675 1104 775 1132 Filium
789 1114 840 1132 non
853 1106 1016 1140 judicalur:
1037 1108 1082 1142 qui

300 1155 386 1178 autent
403 1159 454 1177 non
468 1151 562 1182 credit,
577 1151 636 1185 jam
651 1151 790 1185 judicatus
808 1156 858 1184 est,
876 1153 938 1187 quia
954 1161 1005 1180 non
1024 1161 1081 1180 cre-

299 1197 368 1223 didit
386 1198 412 1224 iu
427 1197 531 1224 nomine
545 1199 674 1231 unigeniti
693 1197 759 1224 Filii
774 1198 832 1225 Dei.

335 1241 484 1277 Postquam
507 1241 589 1269 rebus
607 1243 673 1277 ipsis
690 1243 816 1276 probavit
838 1250 867 1270 se
884 1242 931 1270 Dei
944 1251 976 1270 ac
992 1243 1083 1272 Patris

300 1287 399 1315 Filium
415 1288 558 1319 exsistere.
573 1292 601 1315 et
619 1288 720 1323 Moysis
734 1288 888 1316 ministerio
901 1289 1082 1324 praestabilio-

300 1339 358 1360 rem
375 1332 476 1359 mumlo
490 1333 605 1368 gratiam
623 1333 762 1365 invehere,
782 1334 840 1368 (qui
854 1334 927 1361 enim
940 1335 1084 1369 prtestabi-

300 1377 354 1404 lius
368 1385 421 1404 non
441 1381 483 1405 est
498 1376 642 1412 iustiﬁcari
663 1382 761 1412 gratia,
779 1386 861 1412 quam
878 1379 936 1413 lege
953 1380 1085 1407 condem-

300 1424 397 1458 nari?)
413 1425 493 1452 aliam
515 1425 651 1452 rationem
669 1425 806 1460 excogitat
827 1431 855 1452 ut
870 1425 950 1459 Deus,
968 1434 1020 1461 qua
1038 1427 1085 1454 dc-

300 1471 435 1499 ducamur
460 1471 493 1498 ad
519 1471 617 1503 ﬁdem,
640 1475 776 1506 quotquot
801 1472 943 1507 perierant
965 1473 1087 1508 undique

300 1525 471 1553 congregans
488 1517 521 1545 ad
541 1517 667 1545 salutem.
693 1517 824 1552 Proponit
847 1517 929 1552 igitur
944 1518 997 1545 hoc
1015 1526 1085 1553 prae-

300 1564 385 1591 mium
410 1563 542 1596 credenti,
558 1563 629 1598 quod
647 1571 699 1590 non
724 1564 864 1591 vocandus
890 1563 928 1591 sit
948 1564 982 1591 ad
1008 1564 1083 1599 judi‘

302 1610 385 1642 cium,
405 1615 460 1635 non
478 1608 600 1636 credenti
626 1613 716 1636 autem
741 1609 905 1643 supplicium
918 1629 926 1642 ,
950 1609 979 1636 in
1000 1616 1083 1636 unam

299 1654 479 1688 eamdemque
495 1655 564 1681 viam
578 1655 707 1690 utrinque
725 1655 848 1687 tendens.
866 1660 894 1683 et
906 1655 957 1683 bos
973 1656 1081 1690 quidem

302 1699 483 1733 promissione
495 1699 599 1734 gratiae,
618 1701 678 1728 illos
690 1706 793 1728 terrore
804 1701 944 1729 cruciatus
956 1701 990 1728 ad
1003 1696 1082 1728 iidem

302 1743 418 1779 benigne
437 1753 605 1773 convocans.
619 1746 706 1774 Grave
720 1751 811 1775 autem
829 1752 856 1776 et
875 1755 1004 1782 magnum
1021 1755 1084 1775 esse

301 1789 407 1816 crimen
425 1789 595 1818 inﬁdelitatis
612 1792 742 1825 ostendit,
759 1792 980 1828 quandoquidem
998 1793 1086 1820 Filius

301 1838 343 1861 est
367 1840 447 1869 atque
464 1834 639 1870 Unigenilus.
655 1837 764 1870 Quanto
786 1839 859 1866 enim
885 1842 997 1873 praestat
1014 1838 1081 1869 illud

301 1878 374 1912 quod
389 1880 582 1907 contumeliam
599 1881 709 1916 accipit,
725 1885 804 1910 tanto
817 1883 928 1917 gravius
941 1884 964 1910 is
979 1883 1025 1918 qui
1043 1883 1085 1910 in-,

301 1923 366 1950 tulit
381 1924 619 1952 condemnabitur.
636 1925 695 1953 Jam
712 1935 777 1955 vero
798 1928 951 1963 judicatum
969 1935 1031 1956 esse
1047 1929 1085 1956 ait

302 1968 486 2003 lncredulum,
511 1976 574 2005 puta
594 1972 666 2006 quod
683 1972 741 2007 ipse
765 1974 821 2008 jam
841 1974 869 2000 iu
887 1974 1008 2008 seipsum
1026 1981 1086 2001 sen-

302 2013 414 2040 tentiam
440 2015 542 2047 tulerit,
560 2023 622 2043 cum
642 2017 694 2044 sibi
720 2018 850 2046 conscius
866 2018 902 2046 sit
926 2018 1086 2053 repudiasse

302 2066 364 2086 eum
378 2067 426 2095 per
437 2068 517 2096 quem
535 2061 564 2089 ﬁt
578 2065 607 2089 ut
621 2070 676 2090 non
690 2063 914 2092 condemnemur.
939 2100 941 2104 Α

1095 1679 1117 1710 C

336 2146 381 2179 Ill,
399 2147 441 2175 19.
467 2147 525 2176 Hoc
548 2153 635 2177 autem
650 2155 689 2178 est
699 2150 842 2185 judicium,
864 2153 927 2187 quia
948 2153 995 2179 tua:
1016 2153 1085 2180 venit

302 2192 330 2219 in
347 2193 483 2227 mundum,
505 2199 529 2221 et
556 2195 706 2223 dilexerunt
732 2197 848 2224 homines
866 2198 985 2226 tenebras
1001 2200 1084 2234 magis

303 2245 381 2272 quam
396 2238 490 2267 lucem.

337 2283 396 2310 Non
420 2285 486 2312 sinit
511 2285 695 2314 indiscussum
712 2295 855 2316 remanere
881 2289 1086 2318 incredulorum

306 2328 384 2364 155
395 2329 540 2363 judicium.
552 2332 635 2358 Addit
652 2340 716 2359 vero
732 2340 830 2361 causas
847 2338 874 2361 et
889 2326 982 2369 aperte
996 2340 1086 2364 osten-

303 2373 354 2406 dit.
370 2375 454 2409 quod,
469 2376 547 2410 juxta
564 2376 630 2404 illud
648 2376 871 2412 Proverbiorum,
895 2389 904 2405 ι
918 2379 976 2408 Non
992 2382 1084 2416 inique

304 2419 453 2447 tenduntur
469 2421 537 2447 retia
559 2421 717 2450 volucribus
732 2422 765 2450 ".
783 2433 793 2449 )
817 2423 868 2456 Qui
884 2424 968 2457 enim,
984 2426 1084 2461 inquit,

304 2464 372 2493 lucis
392 2465 539 2500 participes
556 2474 618 2494 esse
641 2475 704 2494 cum
728 2469 845 2502 possint,
860 2470 886 2496 in
909 2471 1031 2499 tenebris
1044 2471 1086 2506 ja-

303 2517 365 2538 cere
391 2511 507 2544 malunt,
531 2512 669 2545 quomodo
695 2520 749 2540 non
775 2514 845 2542 mala
870 2515 922 2542 sibi
944 2524 1084 2545 arcessere

304 2556 461 2587 credentur.
478 2563 540 2583 cum
558 2564 606 2584 sua
622 2563 717 2593 sponte
731 2567 763 2587 ea
778 2561 927 2595 patiantur,
942 2570 1003 2597 quae
1017 2563 1084 2591 eﬂ'u-

304 2608 367 2636 gere
384 2601 486 2634 liceret,
508 2602 531 2629 si
546 2604 615 2637 aequi
635 2611 725 2631 rerum
750 2606 931 2636 mstimatores
943 2617 1005 2637 esse
1027 2610 1084 2637 vel-

305 2646 370 2678 lent,
383 2651 410 2673 et
422 2647 543 2675 tenebris
558 2649 646 2677 lucem
661 2653 742 2686 atque
765 2651 879 2680 honesta
895 2654 1021 2689 turpibus
1035 2662 1084 2681 an-

306 2690 426 2718 teferre?
443 2691 576 2721 Praeterea
599 2693 711 2723 liberam
735 2703 750 2722 a
773 2698 947 2726 necessitatis
968 2699 1084 2726 vinculis
1104 2697 1107 2699 ’

306 2735 426 2764 hominis
449 2737 618 2766 voluntatem
642 2741 773 2775 servavit,
795 2746 824 2770 et
846 2747 944 2778 suopte
969 2748 1036 2771 nutu
1055 2746 1083 2772 in

308 2787 450 2818 utramque
462 2787 568 2820 partem
587 2787 740 2816 tendentem
767 2793 796 2816 ut
809 2797 843 2817 ex
858 2789 926 2818 bene
944 2791 1011 2818 actis
1027 2791 1084 2818 lau-

339 2870 361 2885 ¹³
384 2869 553 2899 Prw-1.17.

1175 1109 1207 1136 '0
1227 1108 1376 1136 πιστεύων
1397 1108 1441 1140 εὶς
1460 1106 1512 1133 τὸν
1531 1105 1600 1132 Υιὸν
1618 1105 1654 1132 οὐ
1678 1104 1809 1138 κρίνεται
1821 1112 1829 1119 ·
1847 1104 1865 1131 ὀ
1887 1101 1921 1131 δὲ

1131 1155 1174 1189 μὴ
1193 1155 1352 1185 πιστεύων,
1370 1153 1428 1187 ἤδη
1448 1152 1586 1186 κέκριται,
1601 1151 1644 1178 ὅτι
1657 1151 1699 1185 μὴ
1718 1151 1922 1178 πεπΙο-τευκεγ

1133 1201 1176 1232 είς
1191 1199 1223 1226 τὸ
1237 1199 1330 1233 ὄνομα
1348 1198 1401 1226 τοῦ
1414 1196 1597 1232 μονογενοῦς
1618 1196 1686 1223 Υιοῦ
1701 1195 1755 1222 τοῦ
1771 1195 1858 1222 Θεοῦ.

1169 1246 1382 1281 Πληροφορήσας
1398 1244 1443 1270 διὰ
1457 1242 1634 1279 πραγμάτων,
1647 1243 1687 1268 ὅτι
1701 1241 1747 1268 καὶ
1757 1241 1823 1272 Υἱὸς
1835 1241 1920 1276 ὑπάρ-

1132 1298 1174 1325 χει
1188 1290 1236 1317 τοῧ
1249 1289 1316 1315 Θεοῦ
1332 1289 1378 1315 καὶ
1394 1287 1511 1322 Πατρὺς,
1526 1287 1574 1314 καὶ
1583 1287 1633 1320 τῆς
1645 1284 1766 1316 Μωσέως
1779 1284 1921 1314 διακονίας

1135 1336 1349 1369 ἀξιολογωτέραν
1365 1333 1485 1368 εἰσφέρει
1499 1332 1538 1368 τῷ
1553 1332 1647 1366 κόσμῳ
1666 1331 1715 1366 τὴν
1737 1330 1836 1366 χάριν,
1851 1328 1921 1364 (πῶς

1134 1384 1188 1419 γὰρ
1197 1383 1246 1410 οὑκ
1256 1382 1368 1417 ἄμεινον
1381 1381 1427 1408 τοῦ
1439 1378 1649 1415 κατακρίνεσθαι
1662 1378 1747 1412 νόμῳ,
1762 1377 1792 1403 τὸ
1801 1374 1922 1402 δικαιοῦ-

1135 1429 1195 1455 σθαι
1212 1427 1342 1463 χάριτι;)
1356 1427 1457 1462 τρόπον
1478 1426 1543 1461 ἡμῖν
1570 1425 1664 1460 ἓτερον
1690 1422 1840 1457 ἐπενόησεν
1853 1442 1861 1453 ,
1884 1420 1920 1452 ὡς

1135 1474 1211 1506 Θεὸς,
1226 1478 1266 1507 εἰς
1284 1474 1376 1500 πίστιν
1386 1472 1541 1506 ἐπαγωγὸν,
1556 1469 1723 1505 πανταχόθεν
1731 1469 1795 1500 τοὺς
1807 1467 1918 1494 ἀπολω-

1133 1521 1213 1551 λότας
1229 1519 1399 1547 συνελαύνων
1420 1520 1460 1550 εἰς
1486 1517 1640 1552 σωτηρίαν·
1662 1515 1810 1550 προτίθησι
1830 1513 1922 1541 τοίνυν

1133 1564 1172 1600 τῷ
1187 1564 1236 1600 μὲν
1254 1563 1406 1590 πιστεύοντι
1422 1562 1506 1598 γέρας
1520 1562 1550 1588 τὸ
1564 1561 1601 1596 μὴ
1615 1560 1758 1588 καλεῖσθαι
1772 1559 1842 1594 πρὸς
1861 1559 1920 1594 κρί-

1134 1618 1187 1641 σιν,
1205 1608 1244 1644 τῷ
1267 1609 1290 1635 δ’
1307 1609 1464 1636 ἀπειθοῦντι
1484 1608 1605 1640 κόλασιν,
1633 1607 1672 1638 εἰς
1695 1607 1744 1641 τὴν
1767 1605 1853 1640 αὐτὴν
1874 1605 1923 1632 καὶ

1135 1656 1198 1692 μίαν
1218 1655 1250 1681 δι’
1273 1655 1374 1690 ἀμφοῖν
1394 1653 1492 1681 ὁδεύων
1513 1654 1584 1684 ὁδὸν,
1605 1652 1652 1680 καὶ
1674 1652 1738 1683 τοὺς
1764 1651 1814 1686 μὲν
1829 1650 1921 1685 ἐφέσει

1133 1703 1166 1737 τῇ
1181 1702 1246 1736 περὶ
1262 1701 1311 1736 τὴν
1326 1701 1418 1737 χάριν,
1431 1701 1494 1732 τοὺς
1507 1699 1535 1726 δὲ
1550 1699 1624 1734 φόὸῳ
1635 1698 1681 1725 τοῦ
1700 1698 1807 1731 παθεῖν,
1824 1698 1872 1724 ἐπὶ
1884 1696 1921 1731 τῷ

1134 1747 1272 1774 πιστεύειν
1292 1747 1360 1774 ἰέναι
1379 1745 1564 1782 μακροθύμως
1583 1744 1735 1778 συγκαλῶν.
1751 1744 1879 1770 Χαλετὼν
1894 1742 1921 1769 δὲ

1133 1794 1180 1821 καὶ
1197 1794 1269 1829 μέγα
1284 1793 1332 1829 τῆς
1343 1793 1471 1824 ἀπιστίας
1480 1791 1597 1818 δεικνύει
1611 1791 1641 1817 τὸ
1653 1790 1791 1825 ἔγκλημα,
1806 1790 1921 1823 ἐπείπερ

1134 1837 1207 1863 ἐστὶν
1221 1836 1284 1868 Υἱὸς
1297 1836 1345 1862 καὶ
1358 1836 1522 1871 Μονογενής.
1543 1835 1618 1869 Ὂσῳ
1639 1834 1693 1869 γὰρ
1712 1834 1745 1860 ἂν
1765 1834 1921 1867 ἀξιόπιστον

1135 1881 1252 1917 ὑπάρχοι
1268 1881 1298 1907 τδ
1311 1879 1534 1917 παροινούμενον,
1547 1879 1673 1908 τοσοῦτον
1686 1879 1818 1914 μειζόνως
1834 1879 1875 1909 εἱς
1893 1878 1922 1905 τὸ

1135 1927 1329 1962 πλημμελῆσαι
1343 1926 1416 1954 δεινὰ
1438 1926 1469 1953 τὸ
1490 1925 1622 1960 ἀτιμάζον
1644 1925 1921 1959 καταδικασθήσεται.

1137 1973 1204 2007 Ἤδη
1221 1972 1250 1998 δὲ
1270 1971 1412 2008 κεκρίσθαι
1429 1971 1474 1999 τὸν
1490 1970 1657 1999 ἀπιστοῦντά
1676 1979 1768 2006 φησιν,
1788 1971 1828 2002 ὥς
1843 1971 1922 1997 αὑτὸν

1135 2018 1185 2053 ἤδη
1208 2017 1268 2044 καθ’
1291 2018 1388 2044 ἑαυτοῦ
1405 2016 1454 2052 τὴν
1473 2016 1518 2044 τοῦ
1545 2016 1705 2049 κολάζεσθαι
1724 2016 1779 2043 δεῖν
1793 2016 1922 2051 ὁρίσαντα

1135 2062 1236 2098 ψῆφον,
1249 2062 1282 2089 δι’
1297 2058 1334 2088 ὧν
1356 2062 1427 2096 ἔγνω
1443 2062 1635 2097 παραιτεῖσθαι
1651 2061 1696 2088 τὸν
1712 2060 1759 2088 τοῦ
1774 2060 1813 2096 μὴ
1830 2060 1922 2097 κρίνο-

1137 2108 1198 2135 σθαι
1218 2108 1344 2143 χορηγόν.

1170 2154 1252 2188 Αὕτη
1271 2154 1304 2180 δέ
1316 2154 1402 2181 ἐστιν
1413 2153 1431 2186 ἡ
1447 2154 1556 2188 κρίσις,
1569 2152 1614 2180 ὅτι
1630 2153 1694 2187 φῶς
1708 2151 1863 2186 ἐλήλυθεν
1878 2154 1923 2183 είς

1136 2199 1189 2226 τὸν
1196 2200 1321 2234 κόσμον,
1335 2199 1383 2226 καὶ
1395 2198 1557 2232 ἠγάπησαν·
1567 2199 1593 2225 οἱ
1605 2197 1753 2232 ἄνθρωποι
1763 2198 1798 2225 se
1811 2199 1922 2232 σκότος

1134 2245 1265 2279 μᾶλλον,
1281 2246 1300 2279 ἣ
1317 2245 1350 2272 τὸ
1364 2245 1437 2279 φῶς.

1172 2291 1229 2317 Οὐκ
1246 2291 1380 2326 ἀζήτητον
1399 2290 1547 2325 ἀπομένειν
1562 2290 1593 2325 ἑᾷ
1613 2288 1667 2315 τῶν
1690 2288 1879 2316 ἀπειθούντων
1894 2289 1923 2316 τὸ

1138 2335 1233 2369 κρῖμα.
1259 2334 1395 2368 Ἑπιλέγει
1408 2335 1435 2361 δὲ
1450 2334 1498 2366 τὰς
1514 2334 1612 2365 αἰτίας,
1626 2333 1672 2361 καὶ
1684 2333 1801 2360 δεικνύει
1817 2334 1923 2368 σαφῶς,

1134 2380 1190 2411 ὃτι,
1208 2379 1279 2407 κατὰ
1294 2380 1339 2406 τὸν
1355 2379 1528 2415 Παροιμιώδη
1542 2380 1637 2413 λόγον,
1656 2390 1665 2406 ι
1684 2380 1741 2406 Οὐκ
1751 2379 1854 2410 ἀδίκως
1876 2381 1922 2406 ὲκ-

1134 2425 1251 2452 τείνεται
1267 2425 1362 2452 δίκτυα
1376 2427 1554 2461 πτερωτοῖς.ι
1564 2426 1595 2452 Oi
1610 2425 1674 2460 γὰρ,
1691 2426 1749 2458 ἐξὸν
1764 2426 1923 2460 καταφωτί-

1137 2471 1240 2503 ζεσθαι,
1255 2471 1331 2506 φησὶ,
1347 2471 1377 2498 τὸ
1391 2472 1420 2498 ὲν
1436 2471 1524 2506 σκότῳ
1540 2471 1645 2498 κεῖσθαι
1664 2472 1842 2507 τιμήσαντες,
1865 2471 1922 2503 πῶς

1134 2518 1185 2544 οὐκ
1209 2517 1241 2544 ἂν
1259 2516 1314 2544 εἷεν
1329 2517 1442 2549 εἰκότως
1455 2517 1532 2544 αὐτοὶ
1554 2517 1614 2543 καθ’
1631 2517 1736 2544 ἑαυτῶν
1757 2517 1813 2544 τῶν
1828 2517 1921 2544 δεινῶν

1133 2564 1250 2599 ὁρισταὶ,
1269 2563 1316 2590 καὶ
1340 2563 1484 2598 αὐτόμολοι
1512 2563 1580 2599 πρὸς
1598 2563 1629 2590 τὸ
1647 2563 1743 2590 παθεῖν
1762 2562 1781 2590 ἃ
1798 2563 1848 2590 καὶ
1867 2563 1921 2589 δια-

1134 2609 1243 2643 φεύγειν
1267 2608 1346 2644 ἐξῆν,
1371 2610 1450 2644 εἴπερ
1473 2607 1543 2644 ἦσαν
1564 2609 1639 2644 ὀρθοὶ
1662 2609 1717 2635 τῶν
1745 2610 1921 2644 πραγμάτων

1134 2654 1294 2686 ἐξετασταὶ,
1321 2654 1351 2681 τὸ
1370 2654 1535 2688 φωτίζεσθαι
1560 2654 1661 2689 μᾶλλον
1690 2654 1794 2681 ἐθέλειν
1813 2654 1862 2680 τοῦ
1885 2654 1921 2689 μὴ

1137 2700 1258 2726 τοιούτου
1280 2700 1481 2735 προκρίνοντες,
1497 2700 1544 2727 καὶ
1562 2700 1615 2726 τῶν
1634 2699 1785 2732 ἀμεινόνων
1806 2698 1922 2734 δεύτερα

1138 2744 1273 2771 ποιεῖσθαι
1294 2744 1457 2780 μελετῶντες
1479 2745 1512 2771 τὰ
1533 2744 1671 2779 αἰσχίονας
1703 2743 1868 2778 Ἐλευθέραν
1891 2743 1919 2769 δὲ

1140 2791 1220 2818 πάλιν
1239 2790 1344 2822 τῶν’ἐξ
1369 2791 1489 2826 ἀνάγκης
1510 2789 1616 2825 δεσμῶν
1639 2789 1686 2824 τὴν
1709 2788 1756 2815 τοῦ
1777 2789 1922 2826 ἀνθρώπου
