2028 3118
96 146 150 178 τιὶςῑ

651 151 687 179 IN
705 150 848 179 JOANNIS
866 149 1091 179 EVANGELIUM
1110 150 1175 179 LIB.
1195 143 1227 179 11.

1674 152 1725 179 '233

101 209 247 245 διετήρησε
266 209 397 246 γνώμην,
416 210 463 237 καὶ
488 211 584 246 ῥοπαῖς
603 210 718 242 οίκείαις
741 210 784 237 ἐπ’
807 209 888 244 ἄμφω

942 208 1004 235 dem
1019 208 1081 243 jure
1099 208 1244 243 suscipiat,
1260 213 1287 236 et
1310 217 1342 237 ex
1367 210 1514 238 contrariis
1541 210 1724 246 punitionem.

103 255 276 290 βαδίζουσαν,
300 256 344 283 ῐνα
358 255 469 292 δέχηται
491 256 602 288 δικαίως
619 256 728 289 ἔπαινόν
744 264 774 282 τε
790 255 836 281 τὸν
848 256 890 281 ἐπ’

101 301 225 336 ἀγαθοῖς,
241 302 290 329 καὶ
307 302 356 337 τὴν
374 302 419 328 ἐπὶ
431 303 488 333 τοῖς
507 302 639 333 ἐναντίοις
650 302 759 328 κόλασιν
770 310 776 316 ·
797 301 891 337 ὥσπερ

101 346 149 375 οὖν
171 347 267 382 ἀμέλει
291 347 339 373 καὶ
364 347 393 373 ὲν
415 347 518 382 ἑτέροις
537 345 616 372 τοῦτο
636 346 764 380 δέδειχεν,
788 345 889 371 εἰπών·

106 403 115 418 ε
139 393 203 420 Ἐὰν
220 392 328 427 θέλητε,
346 392 393 419 καὶ
411 391 587 426 είσακούσητὲ
604 400 666 426 μου,
680 390 714 417 τὰ
733 391 822 424 ἀγαθὰ
841 391 891 426 τῆς

102 441 155 474 γῆς
170 438 290 474 φάγεσθε
301 446 308 454 ⁸
325 438 372 464 ἐὰν
389 438 417 464 δὲ
435 437 471 472 μὴ
495 437 605 472 θέλητε,
625 436 693 472 μηδὲ
715 436 890 472 είσακούσητέ

104 493 168 519 μου.
189 484 311 519 μάχαιρα.
327 484 399 518 ὑμᾶς
415 482 564 509 κατέδεται.
584 491 592 507 ι

137 529 203 563 Πᾶς
219 530 273 564 γὰρ
291 531 307 556 ό
320 529 422 563 φαῦλα
439 528 586 561 πράσσων
603 527 689 562 μισεῖ
701 527 734 554 τὸ
751 525 823 561 ςρῶς,
840 527 889 554 καὶ

101 577 160 602 οὐκ
171 575 287 610 ἔρχεται
303 575 377 609 πρὸς
390 573 423 600 τὸ
433 573 507 608 φῶς,
519 573 569 599 ἵνα
581 572 623 607 μὴ
634 572 763 607 ἐλεγχθῇ
774 572 810 599 τὰ
819 572 891 607 ἔργα

100 622 208 648 αὑτοῦ.

146 666 373 702 Ἐπεξεργάζεται
389 664 532 701 χρησίμως
548 665 578 692 τὸ
600 665 755 701 εἰρημένον,
777 664 823 691 καὶ
844 664 890 690 τὸν

104 714 151 740 ἐπὶ
163 715 221 744 τοῖς
235 712 419 748 συμφέρουσιν
436 711 515 738 ὄκνον
534 711 563 744 ἐξ
579 712 689 748 ἀγάπης
707 712 772 738 ὄντα
786 711 836 746 τῆς
849 713 889 743 είς

103 761 134 786 τὸ
146 759 248 794 φαῦλον
262 759 377 793 ἐλέγχει,
392 758 440 784 καὶ
457 757 534 793 ῥίζαν
545 757 641 792 ἔχοντα
654 758 683 784 τὸ
697 758 733 792 μὴ
749 757 888 792 βούλεσθαι

105 805 213 839 μαθεῖν,
228 805 260 831 δι’
275 800 312 830 ὧν
328 803 360 830 ἂν
376 802 481 836 γένοιτό
502 811 544 833 τις
564 802 643 836 σοφός
662 811 691 828 τε
707 803 753 828 καὶ
777 801 886 836 ἀγαθός.

102 850 202 885 Φεύγει
229 850 279 885 μὲν
304 849 359 884 γὰρ
384 849 432 876 καὶ
458 849 649 884 παραιτεῖται,
673 849 773 884 φησὶν,
798 849 812 875 ό
834 848 888 874 τῶν

941 253 1020 287 Quod
1035 254 1100 281 alibi
1116 262 1224 290 quoque
1239 255 1368 288 ostendit,
1382 256 1492 284 dicens:
1513 265 1522 283 ι
1543 256 1571 284 Si
1583 257 1723 285 volueritis

941 303 967 326 et
984 300 1125 327 audieritis
1146 308 1199 333 me,
1219 300 1290 327 bona
1310 305 1389 328 terras
1411 302 1581 330 comedetis:
1606 303 1678 338 quod
1700 311 1723 330 SI

941 346 1086 373 nolueritis
1099 354 1187 381 nequc
1202 345 1380 374 exaudieritis
1396 355 1447 380 me,
1457 347 1569 382 gladius
1582 348 1723 377 derorabit

942 398 990 418 νος
1005 391 1038 417 ’⁸.
1055 401 1065 417 ›

980 521 1030 553 111,
1047 522 1093 549 20.
1115 522 1209 549 Omnis
1234 522 1301 548 enim
1324 521 1368 557 qui
1385 522 1454 549 male
1469 523 1537 557 agit,
1559 522 1613 550 odit
1630 523 1722 557 lucem,

940 572 964 595 ct
990 576 1040 595 non
1065 568 1132 594 venit
1158 567 1192 593 ad
1215 567 1309 599 lucem,
1338 573 1367 594 ιιι
1395 575 1445 594 non
1470 572 1618 602 arguantur
1646 576 1724 601 opera

939 615 1008 649 ejus.

975 660 1084 688 Utiliter
1105 661 1193 695 pergit
1213 660 1240 687 in
1258 661 1430 696 expositione
1445 661 1505 695 ejus
1525 661 1597 696 quod
1620 660 1723 687 dictum

940 711 991 738 est,
1007 711 1033 733 et
1053 707 1079 733 in
1101 707 1181 734 bonis
1197 707 1374 742 capessendis
1389 708 1530 743 segnitiem
1545 715 1577 734 ex
1593 707 1725 742 improbi-

939 753 1005 780 tatis
1036 753 1128 779 studio
1156 753 1306 787 profectam
1335 754 1434 788 arguit,
1464 761 1578 788 eamque
1606 748 1723 780 radicem

940 799 1050 829 habere.
1075 800 1147 834 quod
1166 799 1345 827 nimirum'ea
1363 801 1474 827 discere
1500 800 1580 830 nolit.
1599 807 1646 834 per
1665 806 1726 834 qua:

940 845 1002 878 quis
1017 845 1127 877 sapiens
1142 844 1239 871 evadat
1261 852 1294 871 ac
1310 845 1410 872 bonus.
1435 843 1516 879 Fugit
1539 844 1612 871 enim
1636 851 1668 871 ac
1683 851 1725 870 re-

101 896 231 931 πονηρῶν
248 895 366 931 ἐργάτης
381 895 412 921 τὺ
426 895 454 920 ἐν
469 894 539 929 φωτὶ
553 893 679 928 γενέσθαι
697 894 735 929 τῷ
750 894 824 929 θείῳ,
839 894 888 920 οὐκ

940 890 1001 916 nuit
1012 889 1146 916 malorum
1162 888 1270 920 artifex,
1282 889 1381 923 inquit,
1391 889 1482 915 divina
1495 889 1521 915 in
1533 890 1593 915 luce
1608 889 1723 920 versari,

102 942 175 968 αἰδοῖ
198 943 230 976 τῇ
253 941 296 968 διὰ
315 941 346 967 τὸ
369 939 469 974 φαῦλον
485 939 722 974 ἐγκαλυπτόμενος
740 939 768 975 (ἢ
785 939 840 975 γὰρ
855 939 888 966 ἂν

102 987 194 1023 ἐσώθη
211 987 291 1014 τοῦτο
314 985 439 1021 παθὼν),
455 985 512 1012 ἀλλ’
540 985 569 1012 ἐν
596 986 692 1021 ἀγνοίᾳ
724 985 814 1020 μένειν
841 985 888 1012 τοῦ

103 1034 254 1070 πρέποντος
271 1032 401 1066 ἀγαπῶν,
423 1032 466 1058 ἵνα
482 1031 520 1067 μὴ
540 1031 690 1067 πλήττηται
710 1031 887 1066 πλημμελῶν,

101 1080 275 1116 πικροτέροις
291 1078 341 1114 ήδη
363 1079 421 1110 τοῖς
447 1077 501 1104 ἀπὸ
522 1077 569 1104 τοῦ
595 1078 745 1109 συνειδότος
768 1078 889 1112 ἐλέγχοις

102 1125 282 1161 προσϐαλὼν,
306 1124 352 1150 καὶ
385 1124 430 1150 διὰ
455 1123 503 1150 τοῦ
527 1123 619 1150 λοιπὸν
643 1123 835 1155 ὲξεπίστασθαι
857 1124 889 1150 τὸ

103 1171 215 1206 ἀγαθὸν,
237 1170 454 1205 δυσαχθεστέραν
473 1169 577 1204 ὑφέξων
601 1169 640 1205 τῷ
656 1170 775 1205 κρίνοντι
798 1170 886 1205 δίκην,

102 1218 128 1244 ιι
142 1218 180 1253 μὴ
197 1217 319 1251 βούλοιτο
334 1217 410 1252 δρᾷν,
427 1215 498 1251 ἅπερ
512 1215 545 1243 ἃν
560 1215 663 1251 ἀρέσκῃ
678 1215 747 1251 Θεῷ.

143 1263 171 1290 '0
185 1263 220 1290 δὲ
235 1262 328 1290 ποιῶν
341 1262 503 1295 ἀςλήθειαν,
524 1261 595 1289 τοῦτ’
614 1261 705 1293 ἐστιν,
730 1263 743 1288 ὁ
766 1263 820 1289 τῶν
840 1262 889 1298 τῆς

101 1308 232 1343 ἀληθείας
251 1308 339 1344 ἔργων
359 1309 478 1343 ἐραστής
499 1315 529 1333 τε
553 1307 600 1333 καὶ
622 1309 753 1343 ποιητὴς,
772 1308 888 1342 ἔρχεται

104 1355 177 1389 πρὸς
191 1355 223 1381 τὸ
245 1353 317 1388 φῶς,
339 1354 388 1380 ἵνα
403 1353 558 1388 φανερωθῇ
576 1352 610 1379 τὰ
631 1353 704 1388 ἔργα
719 1353 822 1386 αὑτοῦ,
844 1353 888 1381 ὅτι

101 1401 136 1426 ἐν
152 1398 212 1432 Θεῷ
228 1399 314 1426 ἐστιν
325 1398 513 1433 εἰργασμένα.

137 1446 176 1472 υῦ
190 1446 246 1480 γὰρ
259 1447 434 1480 παραιτεῖται
448 1445 493 1471 τὸν
506 1445 535 1471 ὲν
549 1444 683 1479 πνεύματι
697 1445 846 1480 φωτισμὸν,
859 1445 887 1479 ἐξ

101 1491 186 1518 αὐτοῦ
199 1491 233 1527 δὴ
248 1490 365 1525 μάλιστα
378 1491 446 1526 πρὸς
457 1490 489 1516 τὸ
501 1489 629 1518 δύνασθαι
644 1492 712 1517 νοεῖν
732 1492 889 1528 ἀσυναρπά-

101 1545 173 1568 ne);
192 1535 458 1572 χειραγωγούμενος,
476 1536 500 1561 εί
523 1535 559 1571 μὴ
579 1535 628 1571 τὴν
647 1535 722 1562 θείαν
738 1536 886 1571 ἐκϐέϐηκεν

102 1583 224 1617 ἐντολὴν,
245 1582 292 1608 καὶ
310 1581 335 1608 εί
353 1581 441 1607 πάντα
456 1580 527 1607 κατά
548 1581 629 1616 νόμον
646 1582 788 1617 εἴργασται
807 1582 884 1609 Θεοῦ.

103 1628 182 1653 Ἐστι
195 1627 286 1653 τοίνυν
297 1626 433 1658 ἀπόδειξις
444 1625 561 1660 ἐναργὴς
574 1625 622 1660 τῆς
636 1626 684 1661 μὲν
696 1628 735 1658 είς
746 1628 776 1653 τὸ
786 1627 887 1661 φαῦλον

99 1671 230 1706 ἀχαλίνου
249 1670 344 1706 ῥοπῆς,
359 1671 406 1697 καὶ
418 1670 536 1706 ἀκράτου
552 1670 621 1705 πρὸς
632 1670 662 1696 τὺ
675 1673 764 1705 χεῖρον
778 1671 886 1707 ἡδονῆς,

98 1719 129 1745 τδ
147 1717 186 1752 μὴ
199 1716 327 1749 ἐθελῆσαι
340 1716 445 1751 μαθεῖν,
461 1716 495 1743 τὰ
511 1716 544 1743 δι’
558 1713 595 1744 ὦν
605 1717 637 1744 ἄν
647 1725 690 1749 τις
705 1717 797 1752 ἴσχυσε
820 1718 887 1753 πρὸς

99 1766 132 1789 τὸ
156 1764 270 1798 ἄμεινον
292 1763 460 1798 ἀναδραμεῖν
473 1770 479 1778 ·
498 1762 548 1797 τῆς
570 1762 598 1788 δὲ
619 1763 664 1789 ἐπὶ
688 1765 744 1794 τοῖς
767 1763 887 1798 ἀρίστοις

101 1807 253 1842 ἐπιθυμίας
266 1827 273 1839 ,
295 1807 326 1833 τδ
351 1806 515 1841 φωτίζεσθαι
532 1806 625 1841 διψῆν,
645 1807 692 1833 καὶ
712 1807 806 1842 ὥσπερ
827 1807 888 1834 τινὰ

99 1855 202 1881 κανόνα
220 1854 268 1880 καὶ
281 1853 472 1888 ἀπευθυντῆρα
486 1853 554 1888 πρὸς
565 1853 614 1888 τὴν
630 1854 798 1889 ἀρέσκουσαν
818 1854 890 1880 πολι-

74 1930 79 1934 .
105 1899 243 1940 τειανκτῷ
265 1897 334 1933 Θεῷ,
359 1897 404 1924 τὸν
431 1897 512 1924 αὑτοῦ
539 1898 675 1925 ποιεῖσθαι
701 1898 797 1933 νόμον·
820 1899 889 1935 ὅπερ

101 1944 182 1976 εἰδὼς
195 1939 298 1976 ὀὕτως
319 1944 402 1979 ἔχειν,
430 1943 477 1970 καὶ
498 1943 513 1969 ό
529 1943 671 1975 θεσπέσιος
697 1939 797 1978 ἔψαλλε
816 1944 889 1971 Μελ-

101 1991 182 2025 ῳδός·
201 2000 210 2017 ι
222 1991 251 2018 '0
262 1991 343 2025 νόμος
358 1990 461 2026 Κυρίου
473 1991 597 2025 ἄμωμος,
608 1990 779 2026 ἐπιστρέφων
790 1990 888 2025 ψυχὰς,

104 2038 122 2072 ἡ
146 2036 286 2072 μαρτυρία
307 2036 408 2072 Κυρίου
435 2036 530 2072 πιστὴ,
558 2036 705 2070 σοφίζουσα
732 2036 834 2072 νήπια·
855 2036 890 2063 τὰ

100 2082 277 2117 δικαιώματα
294 2082 396 2118 Κυρίου
419 2082 511 2114 εὺθέα,
528 2082 708 2117 εὐφραίνοντα
724 2082 850 2117 καρδίαν,
873 2083 889 2117 ἡ

101 2128 200 2163 ἐντολὴ
224 2129 327 2164 Κυρίου
341 2128 493 2163 τηλαυγὴς,
517 2128 672 2162 φωτίζουσα
693 2127 858 2163 ὀφθαλμούς.
878 2139 887 2155 ι

137 2173 195 2202 Καὶ
210 2175 286 2209 μετὰ
301 2175 395 2203 ταῦτα
414 2173 506 2209 ἦλθεν
521 2175 538 2201 ό
555 2174 670 2207 Ἰησοῦς
682 2175 726 2207 εὶς
740 2175 798 2208 τὴν
817 2175 889 2202 Ἰου-

940 942 994 961 non
1009 934 1065 961 vitii
1088 934 1193 969 pudore
1215 934 1289 968 (nam
1307 934 1329 961 si
1346 935 1400 961 hoc
1422 934 1448 961 ei
1465 934 1647 968 contingeret,
1666 940 1724 959 ser-

939 982 1071 1014 varetur),
1089 979 1136 1007 sed
1157 979 1229 1014 quod
1250 980 1277 1006 in
1301 979 1412 1006 virtutis
1428 979 1598 1014 ignoratione
1613 985 1724 1005 manere

939 1026 1016 1059 velit,
1035 1033 1079 1056 ne,
1097 1026 1119 1052 si
1130 1029 1235 1060 peccet,
1252 1026 1279 1052 in
1292 1025 1411 1052 acriores
1428 1025 1535 1052 demum
1549 1024 1725 1051 conscientia:

940 1071 1068 1099 stimulos
1094 1071 1227 1103 incurrat,
1260 1076 1287 1098 et
1312 1071 1466 1106 cognitione
1490 1070 1553 1097 boni
1586 1070 1724 1104 graviores

939 1116 1053 1144 daturus
1069 1117 1103 1143 sit
1116 1116 1201 1150 judici
1216 1122 1322 1151 pinnas,
1340 1116 1413 1151 quod
1427 1116 1494 1143 nolit
1508 1123 1538 1143 ea
1555 1115 1644 1142 facere
1665 1123 1724 1150 qua:

939 1162 994 1190 Deo
1009 1166 1073 1190 sunt
1088 1163 1198 1197 placita.

975 1264 1030 1296 ill,
1052 1265 1097 1292 2i.
1119 1264 1170 1296 Qui
1191 1269 1278 1292 autem
1304 1263 1368 1298 facit
1393 1263 1526 1290 veritatem
1544 1262 1606 1298 (hoc
1623 1261 1724 1296 estqui

939 1310 1029 1346 diligit
1045 1317 1128 1345 opera
1148 1309 1282 1343 veritatis,
1302 1313 1330 1337 et
1346 1316 1378 1336 ea
1398 1308 1488 1342 facit),
1505 1309 1572 1335 venit
1587 1307 1621 1334 ad
1643 1308 1725 1334 lucem

944 1361 973 1383 ut
1002 1356 1208 1392 manifestentur
1229 1363 1307 1391 opera
1332 1354 1405 1390 ejus,
1439 1354 1501 1390 quia
1531 1355 1558 1381 in
1582 1353 1636 1380 Deo
1665 1359 1725 1380 sum

939 1401 1022 1435 facta.

981 1448 1040 1478 Non
1063 1452 1136 1479 enim
1167 1449 1317 1485 spiritalem
1346 1447 1452 1483 spernit
1481 1447 1724 1477 illuminationem,

939 1507 987 1534 per
1001 1498 1088 1533 ipsam
1107 1504 1140 1523 eo
1162 1495 1281 1523 maxime
1307 1494 1466 1529 perductus,
1492 1490 1524 1519 ut'
1546 1500 1600 1519 non
1625 1497 1725 1520 temere

940 1544 1093 1578 intelligere
1122 1541 1219 1577 possit,
1250 1547 1315 1567 num
1346 1539 1469 1566 divinum
1501 1538 1662 1565 mandatum
1690 1539 1725 1565 sit

939 1595 1164 1627 praetergressus,
1182 1593 1209 1615 et
1223 1594 1257 1613 an
1271 1586 1362 1613 omnia
1379 1586 1457 1620 juxta
1480 1584 1526 1612 Dei
1552 1584 1637 1619 legem
1664 1591 1725 1619 per.

937 1636 1031 1671 egerit.
1048 1632 1222 1661 Manifestum
1237 1632 1322 1667 igitur
1339 1633 1529 1665 argumentum
1546 1635 1588 1657 cst
1602 1629 1724 1656 eﬂ'renati

938 1682 971 1708 ad
1002 1681 1109 1712 vitium,
1129 1680 1259 1713 impetus,
1285 1681 1313 1704 et
1338 1675 1549 1710 intemperantis
1580 1675 1725 1706 libidinis,

938 1728 1045 1755 discere
1058 1725 1130 1752 nolle
1147 1731 1178 1751 ea
1194 1731 1242 1758 per
1257 1730 1318 1757 quae
1329 1721 1407 1756 156
1420 1721 1452 1748 ad
1466 1720 1605 1747 meliorem
1622 1719 1725 1755 frugem

938 1772 1038 1800 reverti
1061 1771 1172 1806 possis:
1206 1768 1351 1805 probitatis
1365 1771 1455 1795 autem
1474 1774 1506 1794 ac
1531 1765 1653 1798 virtutis,
1679 1773 1725 1792 cu-

938 1826 1005 1853 pere
1036 1821 1065 1844 ut
1094 1816 1164 1843 lucis
1181 1821 1294 1848 compos
1310 1812 1419 1844 evadas,
1444 1817 1469 1838 et
1497 1811 1619 1845 regulam
1642 1810 1725 1837 veluti

938 1861 1082 1897 quamdam
1094 1864 1121 1887 et
1131 1859 1262 1886 amussim
1276 1858 1338 1884 vitae
1349 1856 1404 1884 Deo
1419 1855 1553 1890 placentis
1563 1854 1623 1889 ejus
1637 1854 1724 1888 legem

939 1908 1042 1936 facere.
1058 1907 1134 1939 Quod
1153 1912 1215 1932 cum
1232 1906 1269 1931 ita
1290 1911 1352 1930 esse
1366 1902 1475 1929 divinus
1490 1900 1595 1928 Psaltes
1618 1904 1724 1930 nosset,

939 1954 1054 1982 canebat
1073 1961 1080 1979 :
1102 1960 1112 1977 ι
1142 1950 1195 1978 Lex
1218 1949 1327 1976 Domini
1346 1947 1531 1978 immaculata,
1561 1948 1722 1973 convertens

940 1999 1071 2032 animas;
1099 1996 1284 2024 testimonium
1311 1993 1420 2020 Domini
1444 1992 1534 2023 ﬁdele,
1561 1991 1724 2026 sapientiam

939 2049 1073 2081 praestans
1089 2041 1218 2077 parvulis.
1230 2039 1349 2067 Justitia-
1361 2037 1466 2064 Domini
1482 2040 1573 2070 rectae,
1585 2036 1723 2063 latitiean-

940 2096 981 2119 tes
994 2091 1088 2120 corda,
1110 2092 1278 2124 praeceptum
1295 2085 1403 2112 Domini
1419 2083 1550 2114 lucidmn,
1565 2082 1724 2109 illuminans

940 2137 1035 2165 oculos
1053 2136 1085 2162 ’³.
1107 2144 1116 2160 ι

976 2182 1026 2214 111,
1045 2180 1149 2208 22-24.
1178 2178 1210 2205 Et
1231 2182 1289 2212 post
1305 2177 1360 2204 hrrc
1373 2176 1440 2203 venit
1461 2174 1539 2201 Iesus
1557 2178 1581 2201 et
1599 2173 1723 2207 discipuli

99 2221 194 2248 δαΐαν
209 2220 269 2256 γῆν
284 2220 358 2255 μετὰ
374 2219 433 2246 τῶν
445 2219 586 2254 μαθητῶν
597 2219 689 2246 αὑτοῦ
700 2227 707 2234 ”
729 2218 768 2254 ἧν
785 2219 820 2246 δὲ
837 2220 886 2247 καί

940 2229 997 2264 ejus
1011 2229 1037 2255 in
1050 2226 1174 2253 Judwam
1190 2229 1297 2251 terram.
1315 2222 1382 2249 Erat
1401 2225 1489 2248 autem
1504 2223 1528 2246 et
1539 2219 1656 2246 Joannes
1675 2217 1720 2244 ba-

107 2266 248 2300 ἰωάννης
263 2265 414 2298 ,βαπτίζων
434 2265 469 2292 ἐν
488 2264 585 2292 Αίνῶν
600 2265 689 2299 ἐγγὺς
708 2265 761 2292 τοῦ
773 2265 888 2300 suntm,

101 2312 147 2339 ὅτι
163 2311 259 2339 ὕδατα
278 2311 379 2339 πολλὰ
399 2309 439 2347 ἦν
454 2311 525 2343 ἐκεῖ,
549 2312 598 2338 καί
617 2311 825 2345 παρεγένοντο,
840 2311 890 2338 καί

99 2358 303 2388 ἐϐαπτίζοντο.
327 2359 415 2385 Οὔπω
433 2358 489 2393 γὰρ
506 2355 546 2392 ἦν
564 2357 753 2391 ,βεϐλημένος
773 2359 816 2390 είς
832 2358 890 2392 τὴν

100 2403 248 2438 φυλακὴν
258 2404 274 2430 ὁ
297 2402 442 2436 Ἰωάννης.

136 2449 230 2484 Πέρας
243 2449 292 2484 ἠδη
307 2447 442 2483 λαϐούσης
456 2448 505 2484 τῆς
521 2446 590 2483 πρὸς
604 2446 759 2481 Νικόδημον
769 2446 888 2481 ὁμιλίας,

100 2494 197 2530 ἕτερόν
209 2503 235 2520 τι
251 2494 334 2521 πάλιν
350 2493 475 2529 ὲξαρτύει
493 2491 701 2528 χρησιμώτατον
715 2493 729 2518 ὁ
746 2491 890 2524 θεσπέσιος

100 2540 307 2575 εὑαηελιστής.
325 2539 464 2574 Πνεύματι
483 2538 540 2574 γὰρ
562 2538 600 2573 τῷ
626 2537 690 2572 θείῳ
705 2538 889 2572 φωταγωγοῦ-

101 2594 184 2620 μενος
198 2586 266 2621 πρὸς
280 2585 328 2621 τὴν
346 2585 400 2611 τῶν
414 2584 634 2618 ἀναγκαιοτάτων
646 2583 784 2618 ἐξήγησιν,
800 2585 888 2610 συνεῖ-

99 2632 145 2659 δεν
174 2633 215 2658 ὅτι
235 2632 405 2666 λυσιτελήσει
435 2630 536 2665 σφόδρα
561 2630 623 2661 τοὺς
638 2629 844 2664 ἐντευξομένους
858 2629 888 2656 τὸ

99 2679 248 2713 διαγνῶναι
263 2678 368 2713 σαφῶς,
388 2677 476 2713 πόσην
496 2677 551 2712 ἔχει
571 2677 621 2710 τὴν
644 2676 790 2711 ὑπεροχὴν,
810 2676 887 2711 ῆκαὶ

99 2723 174 2754 ὅσοις
185 2724 348 2758 ὑπέρκειται
367 2722 484 2758 μέτροις,
499 2723 536 2754 ὡς
557 2722 625 2757 πρὸς
642 2723 673 2749 τὸ
693 2724 815 2750 Ἰωάννου
839 2725 887 2760 βά-

100 2777 206 2799 πτισμα
233 2769 265 2794 τὸ
286 2768 330 2795 διά
347 2768 475 2804 Χριστοῦ.
492 2766 544 2795 Ἦν
563 2769 618 2800 γὰο
634 2769 717 2801 ὅντως
737 2771 842 2803 ἐλπίδος
858 2773 888 2799 οὐ

134 2858 156 2873 ³⁵
169 2858 222 2886 lsa.
235 2866 255 2890 ι,
271 2857 313 2887 l9.
327 2856 371 2884 ‘20.
410 2856 433 2872 ”
447 2855 517 2883 Psal.
533 2865 609 2888 xvm,
623 2856 649 2889 8,
664 2857 690 2884 ει.

938 2275 1043 2309 ptizans
1070 2273 1098 2299 in
1120 2271 1209 2298 Enen
1221 2270 1302 2304 juxta
1325 2267 1431 2299 Salim;
1452 2266 1513 2301 quia
1537 2273 1612 2300 aqua
1633 2264 1723 2291 multa:

939 2323 1016 2348 erant
1035 2317 1100 2349 illic,
1119 2321 1144 2343 et
1157 2314 1305 2347 veniebant,
1322 2318 1346 2340 et
1366 2311 1581 2345 baptizabantur.
1598 2309 1722 2337 Nondum

939 2365 1009 2392 enim
1024 2364 1122 2390 missus
1137 2361 1225 2395 fuerat
1238 2358 1356 2386 Joannes
1369 2358 1396 2384 in
1407 2363 1546 2384 carcerem.

960 2451 1066 2478 \Fiuito
1081 2449 1185 2477 Christi
1207 2455 1269 2475 cum
1296 2445 1445 2474 Nicodemo
1471 2443 1618 2478 colloquio,
1646 2441 1720 2469 aliud

941 2497 1070 2570 quid-gum
1088 2495 1269 2523 utilissimum
1289 2493 1388 2520 iterum
1412 2491 1494 2518 struit
1511 2490 1620 2517 divinus
1640 2495 1723 2516 evan-

941 2545 1007 2570 aelis
1023 2551 1048 2569 a.
1074 2542 1171 2569 Divino
1188 2541 1287 2570 quippe
1304 2538 1473 2565 illuminatus
1494 2535 1596 2569 Spiritu
1623 2533 1655 2561 ad
1677 2541 1723 2560 res

940 2533 1048 2579 ςειὶἒῗα.
1074 2542 1171 2569 Divino
1188 2541 1287 2574 quippe
1304 2538 1473 2565 illuminatus
1494 2535 1596 2569 Spiritu
1623 2533 1655 2561 ad
1677 2541 1723 2560 res

939 2589 1110 2617 necessarias
1127 2586 1311 2622 exponendas,
1336 2583 1440 2611 sciebat
1464 2589 1562 2619 magno
1577 2580 1638 2607 usui
1665 2579 1722 2606 fore

940 2635 1122 2664 auditoribus,
1142 2634 1164 2660 si
1181 2633 1255 2660 clare
1266 2632 1444 2665 agnoscerent
1459 2632 1561 2663 quanto
1577 2626 1721 2654 intervallo

938 2681 1052 2709 Joannis
1083 2679 1215 2714 baptisma
1242 2676 1345 2704 Christi
1372 2675 1534 2710 baptismate
1565 2676 1718 2707 superetur.

940 2727 1027 2754 Metus
1047 2725 1118 2752 enim
1134 2727 1194 2751 erat
1221 2722 1342 2758 profecto
1364 2727 1419 2748 non
1440 2719 1551 2750 dubius,
1566 2718 1720 2745 exorituros

943 2773 1058 2807 aliquos,
1076 2772 1123 2806 qui
1139 2777 1193 2805 prae
1221 2768 1318 2796 mentis
1340 2767 1433 2802 inopia
1461 2765 1553 2793 dicere
1577 2763 1719 2796 auderent,
