2028 3118
290 127 343 157 959

785 126 815 154 5.
835 108 1231 153 CYRILLIVALEXANDRINI
1251 119 1410 149 ARCHJEP.

1869 120 1920 148 263

289 185 331 213 vel
363 184 468 212 nullum
492 190 555 212 esse
580 182 695 219 prorsus
715 184 811 211 eorum
838 181 1000 214 discrimen,
1025 179 1073 208 sed

1131 178 1235 214 μακρὰν
1258 176 1499 212 ἀναδειχθήσεσθαί
1527 185 1593 203 ποτε
1617 177 1681 207 τοὺς
1706 175 1918 211 ἀᾶτοτολμιῖιπας

288 231 349 266 pari
362 234 507 265 utrumque
521 230 549 256 in
566 228 655 264 pretio
676 227 844 262 habendum,
862 227 905 255 vel
926 235 960 255 ex
980 225 1032 253 hac
1047 228 1073 253 iu

288 277 467 312 agrestiorem
498 275 636 303 inscitiam
656 274 783 310 delapsos
809 274 913 302 Christi
940 273 1075 308 baptisma

288 327 462 357 postponere,
488 320 607 356 priorem
632 324 723 348 autem
748 321 838 348 locum
865 319 1004 354 baptismo
1028 318 1075 353 qui

241 361 244 365 ’
289 361 336 401 per
355 373 454 401 aquam
472 366 501 392 fit
525 366 697 401 impudenter
715 371 742 393 et
756 365 905 393 insolenter
925 365 1074 392 ascribere.

288 412 366 445 Quod
382 413 455 440 enim
480 411 601 439 audacia:
627 420 713 447 genus
731 412 894 439 intentatum
917 411 1076 446 relinquunt

289 458 420 493 imperiti,
442 461 489 484 aut
506 465 588 492 quam
616 457 811 492 blasphemiam
841 463 895 483 non
925 456 1075 490 arripiunt,

289 505 463 538 insurgentes
479 504 610 531 adversus
625 502 754 530 Ecclesia!
769 502 907 537 dogmata,
923 507 950 530 et
972 502 1074 533 omnia,

289 552 320 574 ut
333 548 468 582 scriptum
482 552 524 574 est
539 547 562 562 ’⁸
573 567 581 579 ,
601 550 675 574 recta
697 547 876 582 pervertunt?
901 545 936 574 Ut
950 554 1016 582 ergo
1032 554 1077 574 8a-

289 593 367 628 piens
397 593 563 628 evangelista
590 599 721 627 prccaces
749 592 860 619 illorum
890 600 971 620 voces
999 592 1076 627 prius

288 643 434 672 everteret,
451 638 540 673 ipsum
559 638 638 666 nobis
661 638 767 665 inducit
782 644 906 665 sanctum
924 637 1073 673 Baptistam

289 693 348 713 SlllS
362 685 504 720 discipulis
517 685 554 712 rei
572 685 693 720 quaesita:
706 685 870 712 solutionem
884 689 1076 720 exponentem.

290 731 412 767 Baptizat
442 731 534 766 itaque
564 731 693 759 Christus
727 738 775 765 per
805 739 871 758 suos
899 731 1076 766 discipulos:

287 776 408 804 Joannes
424 777 561 810 similiter,
579 785 634 804 non
647 782 738 804 tamen
759 777 882 813 profecto
902 785 950 812 per
960 777 1077 804 aliorum

289 831 400 856 manus,
420 823 467 851 sed
484 830 573 858 neque
590 823 616 850 in
629 823 761 858 illisipsis
771 822 894 850 fontibus
908 822 1077 857 baptizabat,

1128 223 1158 256 ἐξ
1171 224 1263 255 ἀνοίας
1281 224 1383 255 εἰπεῖν,
1403 222 1421 258 ἢ
1445 222 1578 258 μηδεμίαν
1595 222 1662 254 ὅλως
1678 222 1707 249 ὲν
1721 222 1815 254 αὐτοῖς
1831 223 1918 258 ὑπάρ-

1135 278 1195 304 χειν
1221 270 1271 304 τὴν
1299 269 1448 305 διαφορὰν,
1479 268 1631 304 ἰσομέτροις
1658 268 1686 294 δὲ
1717 268 1787 295 αὐτὰ
1819 268 1919 304 χρῆναι

1128 315 1324 349 στεφανοῦσθαι
1345 316 1453 350 τιμαῖς,
1476 315 1493 350 ἢ
1510 315 1557 342 καὶ
1573 314 1675 349 ταύτης
1692 315 1732 345 εἰς
1747 315 1918 350 ἀγριωτέραι

1127 360 1304 388 ἀπαιδευσίαν
1318 361 1562 394 ὲξολισθαίνοντκς,
1578 360 1627 396 τὴν
1643 361 1691 396 μὲν
1708 360 1754 386 ἐπὶ
1770 362 1828 392 τοῖς
1841 360 1919 395 ἀμεί-

1127 415 1185 433 νοσι
1204 406 1295 442 ψῆφον
1317 407 1464 441 ἀφελέσθαι
1480 407 1526 433 τοῦ
1545 407 1590 434 διὰ
1604 405 1734 443 Χριστοῦ,
1751 406 1781 433 τὸ
1795 406 1824 432 δὲ
1842 407 1920 441 νικᾷν

1127 453 1167 489 τῷ
1181 453 1213 479 δι’
1225 453 1320 485 ὕδατος
1332 453 1518 488 ἀναισχύντως
1529 452 1761 479 ἐπασωτεύεσθαι.
1774 453 1855 479 Ποῖον
1867 452 1920 486 γὰρ

1128 499 1228 535 θράσος
1247 500 1304 532 τοῖς
1318 499 1491 530 ἀπαιδεύτοις
1513 499 1544 525 οὐ
1566 498 1657 534 βατὸν,
1675 499 1691 534 ἢ
1716 498 1758 525 διὰ
1775 498 1858 529 ποίας
1873 498 1921 523 οὐκ

1127 545 1269 573 ἐλαύνουσι
1292 546 1459 581 δυσφημίας,
1480 545 1505 571 οἱ
1523 545 1592 571 κατὰ
1605 545 1659 571 τῶν
1684 544 1764 580 ιερῶν
1780 546 1832 579 τῆς
1859 544 1919 570 Ἐκ-

1128 591 1242 628 κλησίας
1253 592 1395 627 δογμάτων
1409 591 1624 626 ἐξανιστάμενοι,
1642 591 1688 617 καὶ
1701 591 1788 618 πάντα
1804 590 1839 616 τὰ
1854 589 1921 625 ὀρθὰ

1127 637 1350 674 διαστρέφονται,
1379 637 1452 664 καθὰ
1472 638 1645 673 γέγραπται;
1672 637 1731 664 Ἵνα
1755 637 1847 663 τοίνυν
1873 636 1920 670 τῆς

1128 683 1242 710 ἐκείνων
1258 683 1480 718 ἀθυρογλωττίας
1493 682 1627 719 προανέλῃ
1640 682 1690 714 τὰς
1703 682 1791 713 αἰτίας
1803 683 1817 708 ό
1834 681 1921 716 σοφώ-

1127 737 1208 761 τατος
1225 729 1430 764 εὐαγγελιστὴς,
1453 729 1533 755 αὑτὸν
1549 730 1615 763 ἡμῖν
1636 728 1758 764 εἰσφέρει
1783 728 1830 754 τὸν
1845 727 1922 761 ἆγιον

1128 775 1284 810 Βαπτιστὴν
1305 776 1362 807 τοῖς
1381 774 1492 807 οἰκείοις
1514 774 1699 810 παρατιθέντα
1723 774 1860 810 μαθηταῖς
1875 773 1921 800 τοῦ

1130 821 1298 857 ζητουμένου
1312 821 1361 856 τὴν
1374 821 1461 848 λύσιν.
1477 820 1607 852 Βατιτίζει
1616 819 1761 856 τοιγαροῦν
1776 820 1790 845 ὁ
1803 819 1923 854 Χριστὸς

289 870 316 897 in
328 870 428 905 quibus
443 869 570 897 Christus
585 869 638 897 hoc
647 869 739 896 facere
751 869 924 899 cernebatur,
938 868 985 896 sed
994 875 1079 903 prope

1131 868 1176 895 διὰ
1198 868 1252 894 τῶν
1270 867 1368 895 ἑαυτοῦ
1387 868 1517 903 μαθητῶν
1528 875 1535 881 ·
1553 867 1655 903 ὁμοίως
1669 866 1697 893 δὲ
1717 866 1765 893 καὶ
1783 866 1923 901 Ἰωάννης,

290 913 392 946 Salem,
409 919 438 942 ut
455 916 589 950 scriptum
606 919 659 946 est,
689 920 716 942 et
738 915 765 942 in
795 914 870 942 fonte
892 914 1012 949 quodam
1030 914 1078 948 qui

290 961 398 988 vicinus
412 965 482 993 erat,
499 967 526 989 et
539 961 588 988 illo
602 960 779 988 Judaicorum
793 960 908 988 fontium
920 959 1079 987 discrimine

289 1007 417 1042 baptismi
433 1007 582 1035 discrimen
599 1007 802 1043 quodammodo
819 1007 979 1039 ostendens,
999 1005 1078 1042 157

288 1057 315 1080 et
328 1052 446 1079 obscure
457 1052 585 1085 innuens,
601 1052 673 1080 idem
689 1059 745 1079 non
763 1059 825 1080 esse
838 1052 974 1087 baptisma
992 1050 1079 1078 Joan-

289 1098 333 1125 nis
352 1105 414 1124 cum
429 1105 462 1125 eo
475 1098 548 1132 quod
562 1105 577 1124 a
589 1097 730 1126 Salvatore
741 1101 836 1124 nostro
849 1096 963 1124 Christo
976 1096 1078 1124 factum

289 1150 350 1172 est:
367 1145 521 1179 proximum
536 1148 628 1171 tamen
651 1152 714 1172 esse
728 1148 755 1171 et
767 1144 842 1171 circa
862 1144 965 1178 ipsum,
984 1148 1014 1170 ut
1030 1143 1079 1169 do-

289 1194 366 1218 ceret
377 1191 604 1225 praeparationem
613 1190 761 1225 quamdam
775 1195 801 1217 et
816 1191 1002 1218 rudimentum
1016 1197 1079 1217 esse

289 1235 472 1272 perfectioris.
491 1235 728 1269 Quemadmodum
747 1244 812 1271 ergo
827 1237 870 1263 lex
889 1235 1009 1263 Mosaica
1019 1243 1079 1262 um-

290 1283 366 1310 bram
378 1283 479 1310 Iiabere
489 1283 591 1311 dicitur
603 1283 758 1311 futurorum
767 1283 913 1314 bonorum,
924 1289 978 1309 non
988 1289 1079 1310 veram

289 1330 376 1364 ipsam
400 1337 491 1357 rerum
518 1330 662 1364 imaginem
687 1329 742 1365 (est
763 1329 836 1357 enim
860 1328 1080 1364 praexereitatio

289 1377 426 1412 quaedam,
441 1380 469 1404 et
480 1376 571 1403 cultus
581 1376 714 1411 spiritalis
731 1375 928 1406 rudimentum,
943 1374 1079 1401 occultam

290 1423 459 1451 intrinsecus
489 1423 630 1450 veritatem
657 1420 839 1457 parturiens),
854 1421 892 1448 ita
917 1427 1027 1456 quoque
1047 1420 1080 1448 de

291 1470 426 1504 baptismo
444 1468 495 1495 illo
506 1468 533 1495 in
551 1468 742 1502 paenitentiam
756 1467 924 1494 censendum
939 1470 992 1494 est.

1132 914 1178 940 καὶ
1188 913 1219 940 οὐ
1231 913 1340 945 πάντως
1350 913 1394 940 διὰ
1409 913 1498 949 χειρὸς
1511 914 1623 949 ἑτέρων,
1636 912 1693 940 ἀλλ’
1709 912 1770 939 οὐδὲ
1784 913 1815 938 ὲν
1829 911 1925 944 αὑταῖς

1131 958 1250 990 ἐκείναις
1262 958 1392 990 ἐδάπτιζε
1409 960 1470 990 ταῖς
1481 960 1594 995 πηγαῖς,
1608 959 1636 985 ἐν
1649 956 1692 990 αἷς
1703 958 1783 985 τοῦτο
1794 959 1925 994 πράττων

1133 1004 1258 1039 ἐφαίνετο
1277 1004 1409 1039 Χριστὸς,
1434 1004 1503 1031 ἀλλὰ
1518 1004 1631 1039 πλησίον
1651 1003 1698 1031 τοῦ
1717 1004 1832 1040 Σαλὴμ,
1853 1003 1926 1031 καθὰ

1132 1051 1304 1086 γέγραπται,
1323 1050 1371 1077 καὶ
1395 1051 1435 1082 εἰς
1463 1050 1527 1086 μίαν
1553 1050 1608 1076 τῶν
1630 1050 1722 1086 κύκλῳ
1747 1051 1793 1077 καὶ
1816 1051 1928 1085 γείτονα

1134 1096 1244 1132 πηγὴν,
1262 1096 1310 1123 καὶ
1335 1096 1368 1123 δι’
1392 1096 1476 1123 αὑτοῦ
1493 1096 1594 1132 τρόπον
1611 1096 1673 1123 τινὰ
1696 1096 1743 1124 τοῦ
1767 1096 1925 1131 διωρίσθαι,

1133 1144 1215 1179 φημὶ,
1233 1146 1292 1176 ταῖς
1301 1144 1356 1170 τῶν
1377 1144 1510 1171 Ἰουδαίων
1527 1145 1695 1181 πηγαῖςντὴν
1710 1145 1758 1171 ἐπὶ
1769 1143 1811 1180 τῷ
1827 1144 1927 1179 βαπτί-

1133 1196 1216 1226 σματι
1231 1189 1361 1217 δεικνύων
1375 1190 1518 1225 διαφορὰν,
1534 1191 1582 1217 καὶ
1599 1191 1826 1226 κατασημαίνων,
1838 1190 1879 1221 ὡς
1893 1190 1927 1217 δι’

1131 1236 1291 1272 αἰνίγματος
1302 1257 1309 1268 ,
1333 1237 1372 1268 ὡς
1389 1237 1486 1263 ταυτὸν
1506 1238 1554 1273 μὲν
1577 1237 1628 1264 οὐκ
1646 1237 1704 1264 ἔστι
1723 1237 1763 1273 τῷ
1781 1235 1862 1274 παρὰ
1880 1235 1926 1262 τοῦ

1128 1283 1254 1318 Σωτῆρος
1276 1282 1355 1319 ἡμῶν
1381 1283 1500 1319 Χριστοῦ
1526 1283 1557 1310 τὸ
1577 1283 1610 1310 δι’
1635 1283 1736 1310 αὐτοῦ·
1762 1282 1882 1318 πλησίον
1904 1282 1926 1309 δ’

1128 1326 1174 1355 οὖν
1191 1328 1283 1364 ὅμως,
1309 1328 1356 1355 καὶ
1381 1329 1445 1364 περὶ
1462 1329 1546 1361 αὐτὸ,
1562 1329 1763 1365 προμελέτησίν
1790 1337 1857 1355 τινα
1880 1329 1926 1355 καὶ

1129 1376 1283 1411 εἰσαγωγὴν
1307 1375 1444 1411 εἰσφέρων
1471 1375 1519 1402 τοῦ
1542 1376 1720 1412 τελειοτέρου.
1746 1377 1857 1412 Ὥσπερ
1881 1373 1926 1402 οὖν

1128 1421 1176 1449 καὶ
1187 1422 1201 1448 ὁ
1215 1421 1296 1456 νόμος
1317 1422 1331 1447 ὁ
1349 1421 1394 1447 διὰ
1417 1421 1538 1454 Μωσέως
1560 1421 1640 1448 σκιὰν
1654 1422 1726 1457 ἔχειν
1747 1422 1860 1456 λέγεται
1873 1421 1926 1447 τῶν

1130 1468 1282 1503 μελλόντων
1296 1468 1417 1502 ἀγαθῶν,
1429 1468 1479 1494 οὐκ
1496 1468 1581 1504 αὐτὴν
1595 1470 1644 1503 τὴν
1660 1469 1752 1496 εἰκόνα
1766 1469 1824 1495 τῶν
1838 1477 1924 1503 πραγ-

291 1516 401 1551 μάτων·
428 1514 632 1550 προγύμνασμα
653 1514 707 1549 γάρ
726 1521 753 1540 τι
773 1514 820 1540 καὶ
843 1515 1049 1550 προκατήχησις
1067 1514 1118 1551 τῆς
1138 1517 1168 1542 ἐν
1185 1515 1321 1551 πνεύματι
1344 1514 1471 1551 λατρείας
1492 1515 1522 1542 τὸ
1543 1516 1661 1552 γράμμα
1676 1516 1735 1543 ἐστὶ
1764 1517 1795 1543 τὸ
1815 1517 1926 1544 Mqu-

291 1562 348 1592 κδν,
363 1558 557 1596 κεκρυμμένην
570 1559 671 1586 ἔσωθεν
682 1560 775 1586 ὼδῖνον
787 1559 836 1595 τὴν
846 1559 974 1595 ἀλήθειαν
985 1569 993 1576 ·
1009 1560 1080 1588 οὕτω
1100 1562 1206 1597 νοήσεις
1220 1562 1268 1589 καὶ
1281 1562 1312 1588 τὸ
1327 1562 1367 1593 εἰς
1382 1563 1527 1597 μετάνοιαν
1547 1562 1698 1598 βάπτισμα.

326 1606 371 1639 Ill,
389 1606 482 1634 23-26.
497 1605 582 1633 Facta
598 1611 635 1634 est
654 1614 740 1635 autem
755 1609 868 1644 quintio
886 1617 919 1636 ea:
932 1609 1075 1644 άίκὶριιίίε

1152 1611 1288 1646 Ἐγένετο
1303 1609 1361 1638 οὖν
1374 1611 1498 1644 ζήτησις
1516 1611 1552 1638 ἐκ
1566 1610 1626 1637 τῶν
1630 1610 1774 1645 μαθητῶν
1782 1611 1926 1638 Ἰωάννου

291 1653 405 1681 Joannis
423 1662 482 1680 cum
502 1653 605 1681 Judaei:
622 1654 654 1681 de
673 1655 860 1690 puriﬁcatione
884 1661 933 1683 :et
952 1663 1078 1684 venerunt

292 1700 327 1728 ad
343 1699 486 1733 Joannem,
505 1705 531 1727 et
545 1700 670 1727 dixerunt
686 1702 721 1728 ei.

327 1747 394 1774 Cum
410 1746 496 1774 Judaei
518 1748 618 1782 legales
650 1748 826 1777 lustrationes
853 1750 998 1778 defendere
1025 1759 1079 1778 non

292 1798 415 1829 possent,
432 1801 482 1821 nec
497 1794 678 1829 puriﬁcationi
694 1796 800 1824 bucula:
813 1797 906 1824 cinere
922 1797 980 1824 fieri
992 1798 1080 1826 solita!

292 1839 472 1874 patrocinari,
490 1838 620 1873 quiddam
636 1841 662 1866 in
673 1839 786 1868 Joannis
802 1841 952 1877 discipulos
964 1843 1081 1870 ordiun-

294 1891 348 1918 tur,
367 1892 424 1920 quo
443 1886 592 1919 sperabant
604 1893 635 1913 se
652 1887 752 1921 negotii
769 1895 823 1914 non
841 1895 936 1922 parum
956 1889 998 1917 eis
1014 1890 1081 1916 alla-

292 1936 380 1963 turos,
396 1931 520 1966 quamvis
548 1931 575 1958 in
597 1932 656 1959 suis
673 1931 752 1960 facile
778 1938 985 1968 superarentur.
1011 1935 1080 1962 Nam

292 1976 422 2011 quoniam
445 1976 514 2003 beati
530 1976 659 2012 Baptistae
675 1977 815 2013 discipuli,
831 1979 954 2014 magistri
975 1981 1016 2007 sui
1032 1981 1081 2008 ba‘

293 2023 392 2057 ptisma
405 2023 601 2057 suspicientes,
614 2027 642 2050 ct
656 2024 860 2058 puriﬁcationes
876 2025 975 2060 legales
991 2026 1081 2060 impu-

292 2073 418 2102 gnantes,
436 2060 568 2104 praestare
579 2068 635 2103 jam
651 2068 799 2097 Pharisaais
815 2070 916 2098 virtute
935 2074 962 2098 et
987 2071 1077 2098 erudi-

293 2114 366 2141 tione
389 2114 563 2146 videbantur,
593 2114 655 2141 ideo
676 2115 795 2150 graviter
822 2121 849 2142 et
875 2115 968 2150 inique
984 2116 1011 2144 id
1041 2117 1079 2144 illi

293 2160 395 2194 ferunt,
413 2161 439 2187 in
464 2160 648 2188 conviciando
669 2161 758 2188 solum
776 2161 964 2196 vehementes,
993 2166 1021 2190 et
1046 2163 1079 2190 ad

292 2214 399 2234 omnem
418 2207 550 2233 malitiam
567 2207 696 2242 expediti.
715 2207 748 2234 Et
762 2212 838 2235 certe
855 2209 910 2235 alio
934 2210 1081 2244 respicien-

292 2255 344 2281 tes,
363 2251 476 2277 laudant
487 2251 587 2278 Christi
604 2251 782 2286 baptismum,
797 2261 852 2280 non
872 2254 944 2288 quod
961 2255 997 2282 ita
1015 2263 1079 2282 scn-

292 2297 387 2327 tirent,
405 2303 493 2331 neque
506 2295 579 2331 quod
594 2303 672 2324 veras
686 2297 711 2324 ei
730 2297 824 2325 laudes
839 2298 1020 2333 aﬂunderent,
1032 2300 1079 2327 sed
1097 2300 1117 2327 D

292 2342 386 2369 animo
403 2346 510 2369 tantum
531 2342 695 2375 lacessendi,
708 2347 736 2370 et
751 2348 849 2378 praeter
867 2346 1029 2372 sententiam
1052 2346 1078 2374 id

293 2387 437 2418 facientes,
453 2388 542 2415 detrec
556 2388 588 2414 ad
598 2388 700 2415 exitum
716 2389 862 2416 consilium
880 2398 960 2417 suum
977 2391 1077 2426 perdu-

292 2438 393 2462 cerent.
402 2433 517 2461 Ratione
525 2441 590 2468 ergo
601 2435 757 2462 rutilatenus
765 2435 954 2464 demonstrare
962 2442 1077 2471 queunt,

291 2481 391 2509 nedum
403 2481 568 2509 testimoniis
581 2481 729 2516 Scriptura
741 2482 850 2509 Christo
860 2478 1077 2536 patrociuzmtur,

293 2528 384 2562 (unde
405 2528 478 2554 enim
496 2527 570 2554 istud
595 2527 698 2563 ingenii
722 2529 879 2557 hominibus
899 2521 1078 2565 imperit‘ts?)
1096 2521 1103 2527 ’

292 2573 340 2600 sed
356 2573 389 2599 ad
401 2572 586 2600 confirmanda
607 2581 655 2601 sua
665 2574 737 2601 dicta
753 2575 818 2601 illud
834 2576 962 2610 allegant,
976 2584 1078 2611 paucos

293 2618 438 2645 admodum
456 2619 489 2645 ad
506 2618 649 2653 Joannem,
671 2621 770 2648 multos
800 2630 865 2649 vero
882 2624 1014 2658 gregatim
1044 2624 1077 2651 ad

292 2664 430 2691 Christum
459 2665 609 2693 conﬂuere.
638 2666 791 2702 Sperabant
818 2669 891 2696 enim
922 2670 1012 2696 forsan
1034 2670 1077 2696 isti

294 2708 392 2742 oppido
406 2709 535 2737 vecordes
545 2711 667 2739 victoria:
681 2713 817 2741 calculum
834 2721 864 2741 se
876 2719 1076 2749 reportaturos,

291 2757 317 2779 et
335 2753 465 2788 legalibus
488 2755 698 2784 lustrationibus
716 2759 836 2792 potiores
862 2763 954 2792 partes
984 2759 1077 2786 datum

327 2843 349 2859 ”
367 2844 446 2871 Mich.
463 2851 506 2877 ιιι,
524 2845 549 2873 θ.

1131 1657 1206 1692 μετὰ
1233 1657 1388 1684 Ἰουδαίων
1413 1657 1481 1692 περὶ
1510 1656 1713 1692 καθαρισμοῦ,
1748 1657 1799 1684 καὶ
1831 1656 1926 1692 ἦλθον

1133 1700 1208 1735 πρὸς
1221 1701 1275 1728 τὸν
1289 1701 1438 1735 Ἰωάννην,
1454 1701 1504 1728 καί
1515 1699 1602 1728 εἷπον
1621 1701 1714 1734 αὐτῷ.

1176 1747 1344 1779 ’Δτονοῦντες
1366 1748 1485 1775 Ἰουδαῖοι
1500 1749 1555 1780 τοῖς
1567 1748 1637 1774 κατὰ
1656 1748 1701 1774 τὸν
1725 1748 1808 1784 νόμον
1831 1750 1927 1784 περιρ-

1134 1792 1289 1828 ραντηρίοις
1301 1793 1487 1825 συνίστασθαι,
1501 1793 1548 1820 καὶ
1568 1793 1761 1829 συναγορεύειν
1779 1794 1832 1820 οὐκ
1852 1795 1925 1830 ἔχον-

1133 1847 1178 1870 τες
1194 1838 1233 1873 τῷ
1256 1838 1299 1865 διὰ
1319 1837 1418 1864 σποδοῦ
1442 1838 1586 1873 δαμάλεως
1613 1838 1788 1874 καθαρισμῷ,
1813 1839 1926 1874 simpul-

1133 1885 1209 1912 νουσί
1225 1893 1251 1911 τι
1262 1886 1318 1917 τοῖς
1329 1885 1456 1912 Ἰωάννου
1472 1885 1618 1920 μαθηταῖς,
1633 1885 1666 1912 δι’
1685 1882 1771 1921 οὗπερ
1801 1887 1926 1921 ἐνόμιζον

1133 1932 1163 1958 οὐ
1178 1932 1294 1967 μετρίως
1320 1932 1441 1958 ἀνιάσειν
1455 1932 1564 1963 αὐτοὺς,
1582 1932 1669 1958 καίτοι
1685 1931 1745 1958 λίαν
1760 1933 1880 1968 ἑτοίμως
1901 1934 1927 1959 ὲν

1133 1979 1189 2010 τοῖς
1207 1977 1269 2004 καθ’
1283 1978 1397 2010 ἑαυτοὺς
1407 1977 1567 2013 ἡττώμενοι.
1584 1977 1692 2012 Ἐπειδὴ
1708 1977 1762 2013 γὰρ
1776 1979 1801 2004 oi
1822 1979 1863 2014 τῷ
1877 1988 1927 2014 μα-

1133 2023 1223 2059 καρίῳ
1250 2024 1478 2060 προσεδρεύοντες
1507 2023 1667 2060 Βατιτιστῇ,
1698 2024 1842 2060 κρείττους
1876 2026 1925 2061 ἠδη

1133 2069 1181 2096 καὶ
1201 2069 1378 2105 συνετώτεροι
1391 2070 1444 2096 τῶν
1458 2069 1612 2105 Φαρισαίων
1637 2070 1790 2104 ἐφαίνοντο,
1818 2072 1850 2098 τὸ
1875 2079 1925 2097 πα-

1135 2115 1170 2151 ρὰ
1185 2115 1224 2150 τῷ
1231 2115 1323 2150 οίκείῳ
1335 2116 1488 2151 διδασκάλῳ
1503 2116 1688 2151 θαυμάζοντες
1705 2116 1861 2152 βάπτισμα,
1879 2119 1924 2144 καὶ

1133 2162 1196 2193 τοὺς
1219 2161 1291 2188 κατὰ
1315 2162 1397 2197 νόμον
1427 2160 1673 2197 καταγωνιζόμενοι
1704 2162 1897 2198 καθαρισμούς
1916 2170 1922 2178 ·

1133 2207 1313 2244 δυσφοροῦσιν
1327 2209 1374 2235 ἐπὶ
1389 2208 1494 2241 τούτοις
1515 2209 1540 2235 οἰ
1556 2209 1624 2243 πρὸς
1645 2209 1725 2244 μόνον
1742 2210 1774 2235 τδ
1800 2209 1925 2237 διαλοιδο-

1135 2254 1240 2290 ρεῖσθαι
1253 2254 1359 2290 γοργοὶ,
1377 2254 1425 2281 καὶ
1449 2255 1490 2286 εἱς
1507 2255 1596 2280 πᾶσαν
1612 2255 1781 2288 ἑτοιμότατοι
1805 2263 1924 2290 κακουρ-

1132 2301 1194 2335 γίαν
1217 2308 1225 2316 ·
1254 2300 1302 2326 καὶ
1326 2300 1359 2336 δὴ
1383 2300 1429 2326 τὸν
1461 2301 1561 2326 οἰκεῖον
1591 2301 1819 2335 παρατρέψαντες
1848 2301 1923 2335 λόγον

1133 2347 1275 2374 δπαινοῦσι
1288 2347 1318 2374 τὸ
1331 2346 1473 2382 βάπτισμα
1488 2346 1518 2374 τδ
1532 2346 1577 2373 διὰ
1595 2347 1725 2382 Χριστοῦ,
1755 2347 1923 2383 διακείμενοι

1134 2394 1183 2429 μὲν
1208 2394 1257 2420 οὐκ
1270 2393 1357 2430 ὀρθῶς
1370 2414 1376 2424 ,
1401 2393 1461 2420 οὑδὶ
1480 2393 1590 2429 ἀληθεῖς
1608 2393 1735 2425 ἐπαίνους
1757 2394 1806 2420 τοῦ
1834 2395 1921 2430 πράγ-

1137 2448 1220 2475 ματος
1243 2438 1434 2473 καταχέοντες,
1455 2439 1494 2471 εἰς
1513 2438 1541 2465 δὲ
1565 2439 1645 2474 μόνον
1665 2439 1696 2465 τὸ
1711 2439 1836 2474 λυπῆσαι
1855 2449 1922 2475 παρ-

1132 2484 1298 2520 ωξυμμένοι,
1315 2485 1361 2510 καὶ
1377 2483 1426 2519 τὴν
1437 2483 1513 2519 παρά
1531 2483 1644 2519 γνώμην
1655 2483 1841 2518 δανειζόμενοι
1858 2484 1922 2520 πρό-

1132 2532 1215 2563 θεσιν,
1232 2531 1283 2562 ἕως
1297 2531 1330 2557 ἂν
1347 2530 1438 2561 αὺτοῖς
1459 2530 1500 2561 εἰς
1525 2530 1606 2565 ἔργον
1626 2529 1743 2566 ἑκτρέχῃ
1760 2530 1791 2556 τὸ
1809 2531 1922 2557 σπούδα-

1134 2585 1199 2612 σμα.
1227 2575 1346 2611 Δογικὴν
1379 2575 1429 2610 μὲν
1454 2573 1500 2601 οὖν
1520 2575 1648 2610 οὐδεμίαν
1667 2575 1759 2609 ἔχουσι
1787 2576 1921 2602 ποιεῖσθαι

1132 2622 1180 2657 τὴν
1210 2621 1364 2653 ἀπόδειξιν,
1385 2620 1443 2647 ἀλλ’
1463 2620 1523 2646 οὐδὲ
1552 2621 1584 2646 ὲκ
1610 2620 1664 2646 τῶν
1691 2620 1772 2655 ἰερῶν
1797 2621 1921 2653 λαϐόντες

1132 2669 1309 2704 Γραμμάτων
1325 2667 1504 2703 συνηγοροῦσι
1524 2665 1634 2701 Χριστῷ
1651 2673 1657 2680 ·
1675 2665 1758 2693 πόθεν
1772 2667 1828 2702 γὰρ
1841 2668 1857 2702 ὴ
1871 2675 1921 2693 τοι-

1132 2715 1201 2750 αύτη
1221 2715 1277 2746 τοῖς
1292 2713 1466 2744 ἀπαιδεύτοις
1490 2711 1616 2743 advectu;
1634 2712 1722 2738 ἐκεῖνο
1737 2712 1765 2738 δὲ
1785 2713 1867 2747 μόνον
1885 2713 1921 2743 είς

1134 2759 1277 2794 βεϐαίωσιν
1291 2759 1345 2786 τῶν
1361 2759 1468 2786 οἰκείων
1481 2759 1654 2793 προΐσχονται
1668 2758 1766 2793 λόγων,
1779 2760 1810 2786 τὸ
1826 2759 1920 2795 κομιδῇ
