  <div class='ocr_page' id='page_1' title='image "/cluster/home/n/w/nwhite01/storage/ocr_20150623/73/njp.32101077772760/148.png"; bbox 0 0 2028 3118; ppageno 0'>
   <div class='ocr_carea' id='block_1_1' title="bbox 135 149 186 177">
    <p class='ocr_par' dir='ltr' id='par_1_1' title="bbox 135 149 186 177">
     <span class='ocr_line' id='line_1_1' title="bbox 135 149 186 177; baseline 0 -1"><span class='ocrx_word' id='word_1_1' title='bbox 135 149 186 177; x_wconf 66' lang='grc' dir='ltr'><strong>ΞΜ</strong></span> 
     </span>
    </p>
   </div>
   <div class='ocr_carea' id='block_1_2' title="bbox 664 145 1248 178">
    <p class='ocr_par' dir='ltr' id='par_1_2' title="bbox 664 145 1248 178">
     <span class='ocr_line' id='line_1_2' title="bbox 664 145 1248 178; baseline 0 -1"><span class='ocrx_word' id='word_1_2' title='bbox 664 148 698 177; x_wconf 85' lang='grc' dir='ltr'><strong>ΙΝ</strong></span> <span class='ocrx_word' id='word_1_3' title='bbox 716 147 858 177; x_wconf 68' lang='lat' dir='ltr'><strong>JOANNIS</strong></span> <span class='ocrx_word' id='word_1_4' title='bbox 876 147 1099 176; x_wconf 77' lang='lat' dir='ltr'><strong>EVANGELIUM</strong></span> <span class='ocrx_word' id='word_1_5' title='bbox 1120 148 1182 176; x_wconf 85' lang='lat' dir='ltr'><strong>LIB.</strong></span> <span class='ocrx_word' id='word_1_6' title='bbox 1205 145 1248 178; x_wconf 31' lang='lat' dir='ltr'><strong>Il.&#39;</strong></span> 
     </span>
    </p>
   </div>
   <div class='ocr_carea' id='block_1_3' title="bbox 1700 153 1753 182">
    <p class='ocr_par' dir='ltr' id='par_1_3' title="bbox 1700 153 1753 182">
     <span class='ocr_line' id='line_1_3' title="bbox 1700 153 1753 182; baseline 0.038 -2"><span class='ocrx_word' id='word_1_7' title='bbox 1700 153 1753 182; x_wconf 65' lang='lat'><strong>262</strong></span> 
     </span>
    </p>
   </div>
   <div class='ocr_carea' id='block_1_4' title="bbox 133 204 917 248">
    <p class='ocr_par' dir='ltr' id='par_1_4' title="bbox 133 204 917 244">
     <span class='ocr_line' id='line_1_4' title="bbox 133 204 917 244; baseline -0.003 -11"><span class='ocrx_word' id='word_1_8' title='bbox 133 207 184 242; x_wconf 76' lang='grc' dir='ltr'>μὲν</span> <span class='ocrx_word' id='word_1_9' title='bbox 203 205 271 233; x_wconf 75' lang='grc' dir='ltr'>εἶναι</span> <span class='ocrx_word' id='word_1_10' title='bbox 304 206 415 243; x_wconf 77' lang='grc' dir='ltr'><strong>βραχεῖς</strong></span> <span class='ocrx_word' id='word_1_11' title='bbox 438 207 547 244; x_wconf 85' lang='grc' dir='ltr'>ἀριθμῷ</span> <span class='ocrx_word' id='word_1_12' title='bbox 565 207 628 239; x_wconf 75' lang='grc' dir='ltr'>τοὺς</span> <span class='ocrx_word' id='word_1_13' title='bbox 657 207 767 243; x_wconf 82' lang='grc' dir='ltr'><strong>Ἰωάννῃ</strong></span> <span class='ocrx_word' id='word_1_14' title='bbox 788 204 917 241; x_wconf 77' lang='grc' dir='ltr'>προστρέ-</span> 
     </span>
    </p>
   </div>
   <div class='ocr_carea' id='block_1_5' title="bbox 967 204 1755 248">
    <p class='ocr_par' dir='ltr' id='par_1_5' title="bbox 972 204 1755 248">
     <span class='ocr_line' id='line_1_5' title="bbox 972 204 1755 248; baseline 0.011 -16"><span class='ocrx_word' id='word_1_15' title='bbox 972 204 1017 238; x_wconf 85' lang='lat' dir='ltr'><strong>iri,</strong></span> <span class='ocrx_word' id='word_1_16' title='bbox 1031 213 1119 240; x_wconf 85' lang='lat' dir='ltr'><strong>eoque</strong></span> <span class='ocrx_word' id='word_1_17' title='bbox 1138 209 1249 236; x_wconf 88' lang='lat' dir='ltr'><strong>nomine</strong></span> <span class='ocrx_word' id='word_1_18' title='bbox 1264 216 1294 236; x_wconf 87' lang='lat' dir='ltr'><strong>se</strong></span> <span class='ocrx_word' id='word_1_19' title='bbox 1308 210 1484 244; x_wconf 77' lang='lat' dir='ltr'><strong>gloriaturos,</strong></span> <span class='ocrx_word' id='word_1_20' title='bbox 1503 210 1526 238; x_wconf 86' lang='lat' dir='ltr'><strong>si</strong></span> <span class='ocrx_word' id='word_1_21' title='bbox 1545 209 1648 239; x_wconf 87' lang='lat' dir='ltr'><strong>Chriin</strong></span> <span class='ocrx_word' id='word_1_22' title='bbox 1665 212 1755 248; x_wconf 76' lang='lat' dir='ltr'><strong>bapti-</strong></span> 
     </span>
    </p>
   </div>
   <div class='ocr_carea' id='block_1_6' title="bbox 132 251 919 289">
    <p class='ocr_par' dir='ltr' id='par_1_6' title="bbox 132 251 919 289">
     <span class='ocr_line' id='line_1_6' title="bbox 132 251 919 289; baseline -0.006 -8"><span class='ocrx_word' id='word_1_23' title='bbox 132 261 239 288; x_wconf 80' lang='grc' dir='ltr'>κοντας,</span> <span class='ocrx_word' id='word_1_24' title='bbox 264 253 394 289; x_wconf 83' lang='grc' dir='ltr'>ἀγεληδὸν</span> <span class='ocrx_word' id='word_1_25' title='bbox 408 253 437 281; x_wconf 82' lang='grc' dir='ltr'>δὲ</span> <span class='ocrx_word' id='word_1_26' title='bbox 460 253 578 289; x_wconf 83' lang='grc' dir='ltr'><strong>βαδίζειν</strong></span> <span class='ocrx_word' id='word_1_27' title='bbox 602 253 648 280; x_wconf 68' lang='grc' dir='ltr'><strong>ἐπὶ</strong></span> <span class='ocrx_word' id='word_1_28' title='bbox 670 252 787 288; x_wconf 81' lang='grc' dir='ltr'>Χριστόν</span> <span class='ocrx_word' id='word_1_29' title='bbox 805 260 812 266; x_wconf 91' lang='grc'><strong>·</strong></span> <span class='ocrx_word' id='word_1_30' title='bbox 836 251 919 286; x_wconf 77' lang='grc' dir='ltr'>ᾤοντο</span> 
     </span>
    </p>
   </div>
   <div class='ocr_carea' id='block_1_7' title="bbox 131 295 919 335">
    <p class='ocr_par' dir='ltr' id='par_1_7' title="bbox 131 295 919 335">
     <span class='ocr_line' id='line_1_7' title="bbox 131 295 919 335; baseline -0.005 -9"><span class='ocrx_word' id='word_1_31' title='bbox 131 299 188 335; x_wconf 72' lang='grc' dir='ltr'><strong>γὰρ</strong></span> <span class='ocrx_word' id='word_1_32' title='bbox 202 300 266 331; x_wconf 69' lang='grc' dir='ltr'>ἴσως</span> <span class='ocrx_word' id='word_1_33' title='bbox 281 299 348 326; x_wconf 79' lang='grc' dir='ltr'>πολὺ</span> <span class='ocrx_word' id='word_1_34' title='bbox 363 300 422 326; x_wconf 88' lang='grc' dir='ltr'>λίαν</span> <span class='ocrx_word' id='word_1_35' title='bbox 434 300 611 335; x_wconf 75' lang='grc' dir='ltr'>ἀφραίνοντες</span> <span class='ocrx_word' id='word_1_36' title='bbox 621 299 671 334; x_wconf 82' lang='grc' dir='ltr'>τὴν</span> <span class='ocrx_word' id='word_1_37' title='bbox 682 299 728 325; x_wconf 71' lang='grc' dir='ltr'><strong>ἐπὶ</strong></span> <span class='ocrx_word' id='word_1_38' title='bbox 738 297 776 333; x_wconf 85' lang='grc' dir='ltr'>τῷ</span> <span class='ocrx_word' id='word_1_39' title='bbox 790 295 919 324; x_wconf 76' lang='grc' dir='ltr'>δύνασθαι</span> 
     </span>
    </p>
   </div>
   <div class='ocr_carea' id='block_1_8' title="bbox 132 344 918 381">
    <p class='ocr_par' dir='ltr' id='par_1_8' title="bbox 132 344 918 381">
     <span class='ocr_line' id='line_1_8' title="bbox 132 344 918 381; baseline -0.004 -10"><span class='ocrx_word' id='word_1_40' title='bbox 132 346 210 381; x_wconf 83' lang='grc' dir='ltr'>νικᾷν</span> <span class='ocrx_word' id='word_1_41' title='bbox 232 346 441 381; x_wconf 80' lang='grc' dir='ltr'>ἀποκομιεῖσθαι</span> <span class='ocrx_word' id='word_1_42' title='bbox 462 345 561 380; x_wconf 80' lang='grc' dir='ltr'>ψῆφον,</span> <span class='ocrx_word' id='word_1_43' title='bbox 585 345 631 372; x_wconf 80' lang='grc' dir='ltr'>καὶ</span> <span class='ocrx_word' id='word_1_44' title='bbox 654 345 711 377; x_wconf 79' lang='grc' dir='ltr'>τοῖς</span> <span class='ocrx_word' id='word_1_45' title='bbox 734 344 854 379; x_wconf 84' lang='grc' dir='ltr'><strong>νομικοῖς</strong></span> <span class='ocrx_word' id='word_1_46' title='bbox 870 350 918 368; x_wconf 89' lang='grc' dir='ltr'>πε-</span> 
     </span>
    </p>
   </div>
   <div class='ocr_carea' id='block_1_9' title="bbox 133 388 918 428">
    <p class='ocr_par' dir='ltr' id='par_1_9' title="bbox 133 388 918 428">
     <span class='ocr_line' id='line_1_9' title="bbox 133 388 918 428; baseline -0.003 -11"><span class='ocrx_word' id='word_1_47' title='bbox 133 391 346 428; x_wconf 75' lang='grc' dir='ltr'>ριρῤαντηρίοις,</span> <span class='ocrx_word' id='word_1_48' title='bbox 359 392 396 424; x_wconf 90' lang='grc' dir='ltr'>ὠς</span> <span class='ocrx_word' id='word_1_49' title='bbox 413 392 464 427; x_wconf 74' lang='grc' dir='ltr'>ἤδη</span> <span class='ocrx_word' id='word_1_50' title='bbox 476 388 918 428; x_wconf 80' lang='grc' dir='ltr'>κεκρατηκόσιν,ἀπαυθαδίζεσθαι</span> 
     </span>
    </p>
   </div>
   <div class='ocr_carea' id='block_1_10' title="bbox 131 435 917 474">
    <p class='ocr_par' dir='ltr' id='par_1_10' title="bbox 131 435 917 474">
     <span class='ocr_line' id='line_1_10' title="bbox 131 435 917 474; baseline -0.003 -11"><span class='ocrx_word' id='word_1_51' title='bbox 131 440 180 473; x_wconf 81' lang='grc' dir='ltr'>τῆς</span> <span class='ocrx_word' id='word_1_52' title='bbox 207 438 328 464; x_wconf 66' lang='grc' dir='ltr'>Ἰωάννου</span> <span class='ocrx_word' id='word_1_53' title='bbox 343 438 443 474; x_wconf 80' lang='grc' dir='ltr'>χειρὸς,</span> <span class='ocrx_word' id='word_1_54' title='bbox 453 439 490 466; x_wconf 82' lang='grc' dir='ltr'>,ἐν</span> <span class='ocrx_word' id='word_1_55' title='bbox 507 438 630 472; x_wconf 89' lang='grc' dir='ltr'>ἀμείνοσι</span> <span class='ocrx_word' id='word_1_56' title='bbox 647 437 739 468; x_wconf 79' lang='grc' dir='ltr'><strong>θέντες</strong></span> <span class='ocrx_word' id='word_1_57' title='bbox 752 436 782 463; x_wconf 82' lang='grc' dir='ltr'><strong>τὺ</strong></span> <span class='ocrx_word' id='word_1_58' title='bbox 792 435 836 462; x_wconf 85' lang='grc' dir='ltr'><strong>διὰ</strong></span> <span class='ocrx_word' id='word_1_59' title='bbox 848 436 917 471; x_wconf 85' lang='grc' dir='ltr'>Χρι-</span> 
     </span>
    </p>
   </div>
   <div class='ocr_carea' id='block_1_11' title="bbox 133 480 916 518">
    <p class='ocr_par' dir='ltr' id='par_1_11' title="bbox 133 480 916 518">
     <span class='ocr_line' id='line_1_11' title="bbox 133 480 916 518; baseline -0.003 -11"><span class='ocrx_word' id='word_1_60' title='bbox 133 481 197 508; x_wconf 80' lang='grc' dir='ltr'>στοῦ</span> <span class='ocrx_word' id='word_1_61' title='bbox 212 484 267 514; x_wconf 85' lang='grc' dir='ltr'>τοῖς</span> <span class='ocrx_word' id='word_1_62' title='bbox 283 482 440 518; x_wconf 79' lang='grc' dir='ltr'>προσιοῦσιν</span> <span class='ocrx_word' id='word_1_63' title='bbox 457 482 531 518; x_wconf 86' lang='grc' dir='ltr'>αὑτῴ</span> <span class='ocrx_word' id='word_1_64' title='bbox 551 481 750 518; x_wconf 85' lang='grc' dir='ltr'>χορηγούμενον</span> <span class='ocrx_word' id='word_1_65' title='bbox 766 480 916 516; x_wconf 81' lang='grc' dir='ltr'><strong>βάπτισμα,</strong></span> 
     </span>
    </p>
   </div>
   <div class='ocr_carea' id='block_1_12' title="bbox 969 253 1753 292">
    <p class='ocr_par' dir='ltr' id='par_1_12' title="bbox 969 253 1753 292">
     <span class='ocr_line' id='line_1_12' title="bbox 969 253 1753 292; baseline 0.008 -12"><span class='ocrx_word' id='word_1_66' title='bbox 969 259 1058 280; x_wconf 78' lang='lat' dir='ltr'><strong>smum</strong></span> <span class='ocrx_word' id='word_1_67' title='bbox 1073 253 1097 280; x_wconf 90' lang='lat' dir='ltr'><strong>ei</strong></span> <span class='ocrx_word' id='word_1_68' title='bbox 1110 253 1158 288; x_wconf 91' lang='lat' dir='ltr'><strong>qui</strong></span> <span class='ocrx_word' id='word_1_69' title='bbox 1175 261 1256 281; x_wconf 90' lang='lat' dir='ltr'><strong>manu</strong></span> <span class='ocrx_word' id='word_1_70' title='bbox 1269 254 1383 284; x_wconf 79' lang='lat' dir='ltr'><strong>Joannis</strong></span> <span class='ocrx_word' id='word_1_71' title='bbox 1403 257 1563 285; x_wconf 79' lang='lat' dir='ltr'><strong>tradebatur</strong></span> <span class='ocrx_word' id='word_1_72' title='bbox 1573 257 1753 292; x_wconf 79' lang='lat' dir='ltr'><strong>anteferrent,</strong></span> 
     </span>
    </p>
   </div>
   <div class='ocr_carea' id='block_1_13' title="bbox 968 297 1755 339">
    <p class='ocr_par' dir='ltr' id='par_1_13' title="bbox 968 297 1755 339">
     <span class='ocr_line' id='line_1_13' title="bbox 968 297 1755 339; baseline 0.013 -16"><span class='ocrx_word' id='word_1_73' title='bbox 968 301 996 324; x_wconf 86' lang='lat' dir='ltr'><strong>et</strong></span> <span class='ocrx_word' id='word_1_74' title='bbox 1012 297 1163 325; x_wconf 79' lang='lat' dir='ltr'><strong>molestiam</strong></span> <span class='ocrx_word' id='word_1_75' title='bbox 1178 299 1302 334; x_wconf 78' lang='lat' dir='ltr'><strong>proiecto</strong></span> <span class='ocrx_word' id='word_1_76' title='bbox 1322 306 1464 330; x_wconf 83' lang='lat' dir='ltr'><strong>creaturos</strong></span> <span class='ocrx_word' id='word_1_77' title='bbox 1487 304 1520 331; x_wconf 83' lang='lat' dir='ltr'><strong>iis</strong></span> <span class='ocrx_word' id='word_1_78' title='bbox 1535 305 1568 331; x_wconf 87' lang='lat' dir='ltr'><strong>ad</strong></span> <span class='ocrx_word' id='word_1_79' title='bbox 1586 312 1654 339; x_wconf 87' lang='lat' dir='ltr'><strong>quos</strong></span> <span class='ocrx_word' id='word_1_80' title='bbox 1671 306 1755 333; x_wconf 71' lang='lat' dir='ltr'><strong>verba</strong></span> 
     </span>
    </p>
   </div>
   <div class='ocr_carea' id='block_1_14' title="bbox 969 341 1753 380">
    <p class='ocr_par' dir='ltr' id='par_1_14' title="bbox 969 341 1753 380">
     <span class='ocr_line' id='line_1_14' title="bbox 969 341 1753 380; baseline 0.013 -12"><span class='ocrx_word' id='word_1_81' title='bbox 969 341 1113 370; x_wconf 78' lang='lat' dir='ltr'><strong>faciebant.</strong></span> <span class='ocrx_word' id='word_1_82' title='bbox 1133 342 1187 371; x_wconf 85' lang='lat' dir='ltr'><strong>Sed</strong></span> <span class='ocrx_word' id='word_1_83' title='bbox 1199 343 1346 372; x_wconf 86' lang='lat' dir='ltr'><strong>discedunt</strong></span> <span class='ocrx_word' id='word_1_84' title='bbox 1361 347 1482 380; x_wconf 81' lang='lat' dir='ltr'><strong>tandem,</strong></span> <span class='ocrx_word' id='word_1_85' title='bbox 1498 353 1525 375; x_wconf 84' lang='lat' dir='ltr'><strong>et</strong></span> <span class='ocrx_word' id='word_1_86' title='bbox 1541 356 1574 376; x_wconf 88' lang='lat' dir='ltr'><strong>ex</strong></span> <span class='ocrx_word' id='word_1_87' title='bbox 1595 349 1753 378; x_wconf 85' lang='lat' dir='ltr'><strong>inconside-</strong></span> 
     </span>
    </p>
   </div>
   <div class='ocr_carea' id='block_1_15' title="bbox 968 387 1752 429">
    <p class='ocr_par' dir='ltr' id='par_1_15' title="bbox 968 387 1752 429">
     <span class='ocr_line' id='line_1_15' title="bbox 968 387 1752 429; baseline 0.011 -15"><span class='ocrx_word' id='word_1_88' title='bbox 968 391 1028 414; x_wconf 88' lang='lat' dir='ltr'><strong>rata</strong></span> <span class='ocrx_word' id='word_1_89' title='bbox 1043 387 1229 423; x_wconf 81' lang='lat' dir='ltr'><strong>disputatione</strong></span> <span class='ocrx_word' id='word_1_90' title='bbox 1246 391 1333 417; x_wconf 92' lang='lat' dir='ltr'><strong>multo</strong></span> <span class='ocrx_word' id='word_1_91' title='bbox 1349 391 1436 427; x_wconf 81' lang='lat' dir='ltr'><strong>magis</strong></span> <span class='ocrx_word' id='word_1_92' title='bbox 1462 393 1527 420; x_wconf 87' lang='lat' dir='ltr'><strong>victi</strong></span> <span class='ocrx_word' id='word_1_93' title='bbox 1551 395 1752 429; x_wconf 77' lang='lat' dir='ltr'><strong>digrediuntur.</strong></span> 
     </span>
    </p>
   </div>
   <div class='ocr_carea' id='block_1_16' title="bbox 971 433 1755 471">
    <p class='ocr_par' dir='ltr' id='par_1_16' title="bbox 971 433 1755 471">
     <span class='ocr_line' id='line_1_16' title="bbox 971 433 1755 471; baseline 0.013 -12"><span class='ocrx_word' id='word_1_94' title='bbox 971 433 1115 461; x_wconf 88' lang='lat' dir='ltr'><strong>Dominum</strong></span> <span class='ocrx_word' id='word_1_95' title='bbox 1136 435 1215 471; x_wconf 73' lang='lat'><strong>158</strong></span> <span class='ocrx_word' id='word_1_96' title='bbox 1228 437 1329 471; x_wconf 87' lang='lat' dir='ltr'><strong>quippe</strong></span> <span class='ocrx_word' id='word_1_97' title='bbox 1341 438 1415 464; x_wconf 87' lang='lat' dir='ltr'><strong>velut</strong></span> <span class='ocrx_word' id='word_1_98' title='bbox 1430 446 1462 465; x_wconf 81' lang='lat' dir='ltr'><strong>ex</strong></span> <span class='ocrx_word' id='word_1_99' title='bbox 1482 440 1646 468; x_wconf 80' lang='lat' dir='ltr'><strong>necessitate</strong></span> <span class='ocrx_word' id='word_1_100' title='bbox 1666 441 1755 469; x_wconf 89' lang='lat' dir='ltr'><strong>laudi-</strong></span> 
     </span>
    </p>
   </div>
   <div class='ocr_carea' id='block_1_17' title="bbox 971 479 1380 514">
    <p class='ocr_par' dir='ltr' id='par_1_17' title="bbox 971 479 1380 514">
     <span class='ocr_line' id='line_1_17' title="bbox 971 479 1380 514; baseline 0.007 -8"><span class='ocrx_word' id='word_1_101' title='bbox 971 479 1023 507; x_wconf 88' lang='lat' dir='ltr'><strong>bus</strong></span> <span class='ocrx_word' id='word_1_102' title='bbox 1035 486 1180 514; x_wconf 85' lang='lat' dir='ltr'><strong>coronant,</strong></span> <span class='ocrx_word' id='word_1_103' title='bbox 1195 482 1276 510; x_wconf 84' lang='lat' dir='ltr'><strong>etiam</strong></span> <span class='ocrx_word' id='word_1_104' title='bbox 1292 483 1380 509; x_wconf 83' lang='lat' dir='ltr'><strong>inviti.</strong></span> 
     </span>
    </p>
   </div>
   <div class='ocr_carea' id='block_1_18' title="bbox 131 528 1757 568">
    <p class='ocr_par' dir='ltr' id='par_1_18' title="bbox 131 528 1757 568">
     <span class='ocr_line' id='line_1_18' title="bbox 131 528 1757 568; baseline 0.002 -12"><span class='ocrx_word' id='word_1_105' title='bbox 131 531 180 557; x_wconf 70' lang='grc' dir='ltr'><strong>καὶ</strong></span> <span class='ocrx_word' id='word_1_106' title='bbox 208 531 340 566; x_wconf 81' lang='grc' dir='ltr'><strong>λυπήσειν</strong></span> <span class='ocrx_word' id='word_1_107' title='bbox 366 531 415 566; x_wconf 85' lang='grc' dir='ltr'>μὲν</span> <span class='ocrx_word' id='word_1_108' title='bbox 440 531 524 564; x_wconf 74' lang='grc' dir='ltr'>ὅντως</span> <span class='ocrx_word' id='word_1_109' title='bbox 539 531 612 563; x_wconf 84' lang='grc' dir='ltr'>τοὺς,</span> <span class='ocrx_word' id='word_1_110' title='bbox 628 530 694 567; x_wconf 64' lang='grc' dir='ltr'>πρὸς</span> <span class='ocrx_word' id='word_1_111' title='bbox 706 529 754 562; x_wconf 77' lang='grc' dir='ltr'>οὓς</span> <span class='ocrx_word' id='word_1_112' title='bbox 767 528 802 566; x_wconf 81' lang='grc' dir='ltr'>ἦν</span> <span class='ocrx_word' id='word_1_113' title='bbox 821 530 835 556; x_wconf 83' lang='grc' dir='ltr'><strong><em>ὸ</em></strong></span> <span class='ocrx_word' id='word_1_114' title='bbox 851 528 940 562; x_wconf 88' lang='grc' dir='ltr'>λόγος.</span> <span class='ocrx_word' id='word_1_115' title='bbox 967 528 1196 557; x_wconf 77' lang='grc' dir='ltr'>Ἀπαλλάττονται</span> <span class='ocrx_word' id='word_1_116' title='bbox 1219 530 1248 557; x_wconf 76' lang='grc' dir='ltr'>δὲ</span> <span class='ocrx_word' id='word_1_117' title='bbox 1276 531 1352 565; x_wconf 86' lang='grc' dir='ltr'>μόλις</span> <span class='ocrx_word' id='word_1_118' title='bbox 1372 531 1419 558; x_wconf 74' lang='grc' dir='ltr'><strong>ἐπὶ</strong></span> <span class='ocrx_word' id='word_1_119' title='bbox 1437 539 1552 565; x_wconf 74' lang='grc' dir='ltr'>τούτοις,</span> <span class='ocrx_word' id='word_1_120' title='bbox 1584 532 1630 559; x_wconf 70' lang='grc' dir='ltr'>καὶ</span> <span class='ocrx_word' id='word_1_121' title='bbox 1649 534 1757 568; x_wconf 84' lang='grc' dir='ltr'>ἁναχω--</span> 
     </span>
    </p>
   </div>
   <div class='ocr_carea' id='block_1_19' title="bbox 133 575 1755 616">
    <p class='ocr_par' dir='ltr' id='par_1_19' title="bbox 133 575 1755 616">
     <span class='ocr_line' id='line_1_19' title="bbox 133 575 1755 616; baseline 0.001 -11"><span class='ocrx_word' id='word_1_122' title='bbox 133 579 210 613; x_wconf 83' lang='grc' dir='ltr'>ροῦσι</span> <span class='ocrx_word' id='word_1_123' title='bbox 231 579 285 606; x_wconf 80' lang='grc' dir='ltr'>τῶν</span> <span class='ocrx_word' id='word_1_124' title='bbox 319 579 443 606; x_wconf 82' lang='grc' dir='ltr'>Ἰωάννου</span> <span class='ocrx_word' id='word_1_125' title='bbox 480 580 616 615; x_wconf 74' lang='grc' dir='ltr'>μαθητῶν,</span> <span class='ocrx_word' id='word_1_126' title='bbox 648 579 677 613; x_wconf 77' lang='grc' dir='ltr'>ἐξ</span> <span class='ocrx_word' id='word_1_127' title='bbox 714 577 918 614; x_wconf 85' lang='grc' dir='ltr'>ἀπερισκέπτου</span> <span class='ocrx_word' id='word_1_128' title='bbox 941 575 1108 612; x_wconf 79' lang='grc' dir='ltr'>λογομαχίας</span> <span class='ocrx_word' id='word_1_129' title='bbox 1139 578 1205 605; x_wconf 84' lang='grc' dir='ltr'>πολὺ</span> <span class='ocrx_word' id='word_1_130' title='bbox 1236 579 1366 614; x_wconf 78' lang='grc' dir='ltr'><strong>μειζόνως</strong></span> <span class='ocrx_word' id='word_1_131' title='bbox 1390 579 1550 615; x_wconf 83' lang='grc' dir='ltr'>ἡττώμενοι.</span> <span class='ocrx_word' id='word_1_132' title='bbox 1578 581 1755 616; x_wconf 85' lang='grc' dir='ltr'>Καταστεφα-</span> 
     </span>
    </p>
   </div>
   <div class='ocr_carea' id='block_1_20' title="bbox 130 623 1109 662">
    <p class='ocr_par' dir='ltr' id='par_1_20' title="bbox 130 623 1109 662">
     <span class='ocr_line' id='line_1_20' title="bbox 130 623 1109 662; baseline -0.001 -9"><span class='ocrx_word' id='word_1_133' title='bbox 130 626 208 653; x_wconf 80' lang='grc' dir='ltr'>νοῦσι</span> <span class='ocrx_word' id='word_1_134' title='bbox 225 626 279 661; x_wconf 80' lang='grc' dir='ltr'><strong>γὰρ</strong></span> <span class='ocrx_word' id='word_1_135' title='bbox 292 628 347 658; x_wconf 85' lang='grc' dir='ltr'>τοῖς</span> <span class='ocrx_word' id='word_1_136' title='bbox 359 627 388 659; x_wconf 81' lang='grc' dir='ltr'><strong>ἐξ</strong></span> <span class='ocrx_word' id='word_1_137' title='bbox 403 627 524 662; x_wconf 79' lang='grc' dir='ltr'><strong>ἀνάγκης</strong></span> <span class='ocrx_word' id='word_1_138' title='bbox 540 627 669 659; x_wconf 75' lang='grc' dir='ltr'>ἐπαίνοις,</span> <span class='ocrx_word' id='word_1_139' title='bbox 686 627 734 654; x_wconf 76' lang='grc' dir='ltr'>καὶ</span> <span class='ocrx_word' id='word_1_140' title='bbox 752 626 801 661; x_wconf 85' lang='grc' dir='ltr'>οὐχ</span> <span class='ocrx_word' id='word_1_141' title='bbox 812 625 920 655; x_wconf 72' lang='grc' dir='ltr'>ἑκόντες</span> <span class='ocrx_word' id='word_1_142' title='bbox 937 623 983 651; x_wconf 80' lang='grc' dir='ltr'><strong>τὸν</strong></span> <span class='ocrx_word' id='word_1_143' title='bbox 997 624 1109 661; x_wconf 84' lang='grc' dir='ltr'>Κύριον.</span> 
     </span>
    </p>
   </div>
   <div class='ocr_carea' id='block_1_21' title="bbox 173 669 917 707">
    <p class='ocr_par' dir='ltr' id='par_1_21' title="bbox 173 669 917 707">
     <span class='ocr_line' id='line_1_21' title="bbox 173 669 917 707; baseline -0.003 -9"><span class='ocrx_word' id='word_1_144' title='bbox 173 671 283 703; x_wconf 76' lang='grc' dir='ltr'>Ῥιιϐῢὶ,</span> <span class='ocrx_word' id='word_1_145' title='bbox 304 671 337 704; x_wconf 76' lang='grc' dir='ltr'>ὃς</span> <span class='ocrx_word' id='word_1_146' title='bbox 347 669 386 707; x_wconf 80' lang='grc' dir='ltr'>ἦν</span> <span class='ocrx_word' id='word_1_147' title='bbox 398 673 473 706; x_wconf 81' lang='grc' dir='ltr'>μετὰ</span> <span class='ocrx_word' id='word_1_148' title='bbox 488 673 545 700; x_wconf 81' lang='grc' dir='ltr'>σοῦ</span> <span class='ocrx_word' id='word_1_149' title='bbox 568 672 661 707; x_wconf 78' lang='grc' dir='ltr'>πέραν</span> <span class='ocrx_word' id='word_1_150' title='bbox 680 673 733 700; x_wconf 82' lang='grc' dir='ltr'>τοῦ</span> <span class='ocrx_word' id='word_1_151' title='bbox 758 669 917 706; x_wconf 79' lang='grc' dir='ltr'><strong>Ἰορδάνου,</strong></span> 
     </span>
    </p>
   </div>
   <div class='ocr_carea' id='block_1_22' title="bbox 131 712 919 750">
    <p class='ocr_par' dir='ltr' id='par_1_22' title="bbox 131 712 919 750">
     <span class='ocr_line' id='line_1_22' title="bbox 131 712 919 750; baseline 0 -8"><span class='ocrx_word' id='word_1_152' title='bbox 131 712 155 748; x_wconf 78' lang='grc' dir='ltr'>ᾧ</span> <span class='ocrx_word' id='word_1_153' title='bbox 174 716 215 742; x_wconf 84' lang='grc' dir='ltr'>σὺ</span> <span class='ocrx_word' id='word_1_154' title='bbox 236 717 482 750; x_wconf 76' lang='grc' dir='ltr'><strong>μεμαρτύρηκας,</strong></span> <span class='ocrx_word' id='word_1_155' title='bbox 509 717 554 744; x_wconf 79' lang='grc' dir='ltr'>ἴδε</span> <span class='ocrx_word' id='word_1_156' title='bbox 582 715 671 750; x_wconf 80' lang='grc' dir='ltr'>οὗτος</span> <span class='ocrx_word' id='word_1_157' title='bbox 694 716 848 749; x_wconf 76' lang='grc' dir='ltr'><strong>βαπτίζει,</strong></span> <span class='ocrx_word' id='word_1_158' title='bbox 868 716 919 742; x_wconf 74' lang='grc' dir='ltr'>καὶ</span> 
     </span>
    </p>
   </div>
   <div class='ocr_carea' id='block_1_23' title="bbox 132 762 917 797">
    <p class='ocr_par' dir='ltr' id='par_1_23' title="bbox 132 762 917 797">
     <span class='ocr_line' id='line_1_23' title="bbox 132 762 917 797; baseline 0.003 -9"><span class='ocrx_word' id='word_1_159' title='bbox 132 762 244 795; x_wconf 76' lang='grc' dir='ltr'>πάντες</span> <span class='ocrx_word' id='word_1_160' title='bbox 257 762 394 796; x_wconf 71' lang='grc' dir='ltr'>ἔρχονται</span> <span class='ocrx_word' id='word_1_161' title='bbox 412 763 487 797; x_wconf 69' lang='grc' dir='ltr'>πρὸς</span> <span class='ocrx_word' id='word_1_162' title='bbox 507 763 609 790; x_wconf 63' lang='grc' dir='ltr'>αὐτόγε</span> <span class='ocrx_word' id='word_1_163' title='bbox 641 763 799 797; x_wconf 80' lang='grc' dir='ltr'>ἈπεκρΙθη</span> <span class='ocrx_word' id='word_1_164' title='bbox 817 762 917 790; x_wconf 78' lang='grc' dir='ltr'>Ἰωάν-</span> 
     </span>
    </p>
   </div>
   <div class='ocr_carea' id='block_1_24' title="bbox 131 807 372 845">
    <p class='ocr_par' dir='ltr' id='par_1_24' title="bbox 131 807 372 845">
     <span class='ocr_line' id='line_1_24' title="bbox 131 807 372 845; baseline 0.004 -11"><span class='ocrx_word' id='word_1_165' title='bbox 131 817 200 841; x_wconf 76' lang='grc' dir='ltr'>νης,</span> <span class='ocrx_word' id='word_1_166' title='bbox 217 808 264 845; x_wconf 61' lang='grc' dir='ltr'>καὶ</span> <span class='ocrx_word' id='word_1_167' title='bbox 279 807 372 835; x_wconf 79' lang='grc' dir='ltr'>εἶπεν.</span> 
     </span>
    </p>
   </div>
   <div class='ocr_carea' id='block_1_25' title="bbox 168 852 918 891">
    <p class='ocr_par' dir='ltr' id='par_1_25' title="bbox 168 852 918 891">
     <span class='ocr_line' id='line_1_25' title="bbox 168 852 918 891; baseline 0.001 -10"><span class='ocrx_word' id='word_1_168' title='bbox 168 855 231 886; x_wconf 82' lang='grc' dir='ltr'><strong>Τοῖς</strong></span> <span class='ocrx_word' id='word_1_169' title='bbox 244 855 297 881; x_wconf 84' lang='grc' dir='ltr'>τῶν</span> <span class='ocrx_word' id='word_1_170' title='bbox 314 852 466 891; x_wconf 79' lang='grc' dir='ltr'>Φαρισαίων</span> <span class='ocrx_word' id='word_1_171' title='bbox 479 855 568 890; x_wconf 76' lang='grc' dir='ltr'>λόγοις</span> <span class='ocrx_word' id='word_1_172' title='bbox 590 854 802 890; x_wconf 77' lang='grc' dir='ltr'>καταδηχθέντες</span> <span class='ocrx_word' id='word_1_173' title='bbox 817 853 842 882; x_wconf 76' lang='grc' dir='ltr'>οἱ</span> <span class='ocrx_word' id='word_1_174' title='bbox 866 863 918 890; x_wconf 78' lang='grc' dir='ltr'>μαι-</span> 
     </span>
    </p>
   </div>
   <div class='ocr_carea' id='block_1_26' title="bbox 133 890 955 939">
    <p class='ocr_par' dir='ltr' id='par_1_26' title="bbox 133 890 955 939">
     <span class='ocr_line' id='line_1_26' title="bbox 133 890 955 939; baseline 0.002 -12"><span class='ocrx_word' id='word_1_175' title='bbox 133 902 225 937; x_wconf 62' lang='grc' dir='ltr'>θηται,</span> <span class='ocrx_word' id='word_1_176' title='bbox 239 901 284 927; x_wconf 80' lang='grc' dir='ltr'>καὶ</span> <span class='ocrx_word' id='word_1_177' title='bbox 299 903 339 933; x_wconf 80' lang='grc' dir='ltr'><strong>εἰς</strong></span> <span class='ocrx_word' id='word_1_178' title='bbox 356 890 442 937; x_wconf 78' lang='grc' dir='ltr'>αὐτὴν</span> <span class='ocrx_word' id='word_1_179' title='bbox 461 901 489 928; x_wconf 85' lang='grc' dir='ltr'>δὲ</span> <span class='ocrx_word' id='word_1_180' title='bbox 507 902 553 929; x_wconf 80' lang='grc' dir='ltr'>τοῦ</span> <span class='ocrx_word' id='word_1_181' title='bbox 577 903 738 939; x_wconf 76' lang='grc' dir='ltr'>πράγματος</span> <span class='ocrx_word' id='word_1_182' title='bbox 763 902 919 938; x_wconf 78' lang='grc' dir='ltr'>ἀφορῶντες</span> <span class='ocrx_word' id='word_1_183' title='bbox 935 890 955 918; x_wconf 76' lang='grc' dir='ltr'><strong><em>Β</em></strong></span> 
     </span>
    </p>
   </div>
   <div class='ocr_carea' id='block_1_27' title="bbox 130 947 917 984">
    <p class='ocr_par' dir='ltr' id='par_1_27' title="bbox 130 947 917 984">
     <span class='ocr_line' id='line_1_27' title="bbox 130 947 917 984; baseline 0.003 -11"><span class='ocrx_word' id='word_1_184' title='bbox 130 947 182 982; x_wconf 81' lang='grc' dir='ltr'>τὴν</span> <span class='ocrx_word' id='word_1_185' title='bbox 194 947 284 982; x_wconf 83' lang='grc' dir='ltr'>φύσιν,</span> <span class='ocrx_word' id='word_1_186' title='bbox 297 947 477 983; x_wconf 73' lang='grc' dir='ltr'>ψευδομένους</span> <span class='ocrx_word' id='word_1_187' title='bbox 489 948 538 983; x_wconf 82' lang='grc' dir='ltr'>μὲν</span> <span class='ocrx_word' id='word_1_188' title='bbox 546 948 667 983; x_wconf 78' lang='grc' dir='ltr'>ἐλέγχειν</span> <span class='ocrx_word' id='word_1_189' title='bbox 675 947 746 984; x_wconf 78' lang='grc' dir='ltr'>ἦσαν</span> <span class='ocrx_word' id='word_1_190' title='bbox 758 949 806 984; x_wconf 79' lang='grc' dir='ltr'>οὐχ</span> <span class='ocrx_word' id='word_1_191' title='bbox 817 947 867 975; x_wconf 81' lang='grc' dir='ltr'>οἶοί</span> <span class='ocrx_word' id='word_1_192' title='bbox 878 957 917 982; x_wconf 88' lang='grc' dir='ltr'><strong>τε,</strong></span> 
     </span>
    </p>
   </div>
   <div class='ocr_carea' id='block_1_28' title="bbox 132 992 919 1031">
    <p class='ocr_par' dir='ltr' id='par_1_28' title="bbox 132 992 919 1031">
     <span class='ocr_line' id='line_1_28' title="bbox 132 992 919 1031; baseline 0.004 -12"><span class='ocrx_word' id='word_1_193' title='bbox 132 992 294 1027; x_wconf 72' lang='grc' dir='ltr'>διαποροῦσι</span> <span class='ocrx_word' id='word_1_194' title='bbox 322 993 350 1019; x_wconf 83' lang='grc' dir='ltr'>δὲ</span> <span class='ocrx_word' id='word_1_195' title='bbox 375 994 498 1027; x_wconf 81' lang='grc' dir='ltr'>εἰκότως,</span> <span class='ocrx_word' id='word_1_196' title='bbox 519 995 567 1021; x_wconf 74' lang='grc' dir='ltr'>καὶ</span> <span class='ocrx_word' id='word_1_197' title='bbox 592 995 622 1021; x_wconf 81' lang='grc' dir='ltr'>τὸ</span> <span class='ocrx_word' id='word_1_198' title='bbox 645 995 716 1030; x_wconf 80' lang='grc' dir='ltr'>μέγα</span> <span class='ocrx_word' id='word_1_199' title='bbox 728 995 775 1022; x_wconf 77' lang='grc' dir='ltr'>τοῦ</span> <span class='ocrx_word' id='word_1_200' title='bbox 794 996 919 1031; x_wconf 82' lang='grc' dir='ltr'>Σωτῆρος</span> 
     </span>
    </p>
   </div>
   <div class='ocr_carea' id='block_1_29' title="bbox 130 1038 919 1075">
    <p class='ocr_par' dir='ltr' id='par_1_29' title="bbox 130 1038 919 1075">
     <span class='ocr_line' id='line_1_29' title="bbox 130 1038 919 1075; baseline 0.004 -10"><span class='ocrx_word' id='word_1_201' title='bbox 130 1038 212 1073; x_wconf 80' lang='grc' dir='ltr'>ἡμῶν</span> <span class='ocrx_word' id='word_1_202' title='bbox 222 1039 272 1065; x_wconf 86' lang='grc' dir='ltr'>οὐκ</span> <span class='ocrx_word' id='word_1_203' title='bbox 298 1038 397 1071; x_wconf 81' lang='grc' dir='ltr'>εἰδότες</span> <span class='ocrx_word' id='word_1_204' title='bbox 412 1040 531 1075; x_wconf 82' lang='grc' dir='ltr'>ἀξίωμα,</span> <span class='ocrx_word' id='word_1_205' title='bbox 552 1041 768 1068; x_wconf 81' lang='grc' dir='ltr'>καταπτοοῦνται</span> <span class='ocrx_word' id='word_1_206' title='bbox 791 1041 850 1068; x_wconf 79' lang='grc' dir='ltr'>λίαν</span> <span class='ocrx_word' id='word_1_207' title='bbox 873 1041 919 1068; x_wconf 66' lang='grc' dir='ltr'><strong>ἐπὶ</strong></span> 
     </span>
    </p>
   </div>
   <div class='ocr_carea' id='block_1_30' title="bbox 131 1084 918 1122">
    <p class='ocr_par' dir='ltr' id='par_1_30' title="bbox 131 1084 918 1122">
     <span class='ocr_line' id='line_1_30' title="bbox 131 1084 918 1122; baseline 0.005 -12"><span class='ocrx_word' id='word_1_208' title='bbox 131 1085 189 1115; x_wconf 74' lang='grc' dir='ltr'>τοῖς</span> <span class='ocrx_word' id='word_1_209' title='bbox 208 1084 332 1111; x_wconf 84' lang='grc' dir='ltr'>Ἰωάννου</span> <span class='ocrx_word' id='word_1_210' title='bbox 350 1087 587 1122; x_wconf 81' lang='grc' dir='ltr'>μειονεκτήμασιν,</span> <span class='ocrx_word' id='word_1_211' title='bbox 605 1087 675 1113; x_wconf 72' lang='grc' dir='ltr'>αἰδοῖ</span> <span class='ocrx_word' id='word_1_212' title='bbox 689 1095 718 1113; x_wconf 85' lang='grc' dir='ltr'><strong>τε</strong></span> <span class='ocrx_word' id='word_1_213' title='bbox 736 1088 783 1113; x_wconf 75' lang='grc' dir='ltr'><strong>καὶ</strong></span> <span class='ocrx_word' id='word_1_214' title='bbox 801 1087 918 1122; x_wconf 80' lang='grc' dir='ltr'>θαύματι</span> 
     </span>
    </p>
   </div>
   <div class='ocr_carea' id='block_1_31' title="bbox 130 1129 920 1168">
    <p class='ocr_par' dir='ltr' id='par_1_31' title="bbox 130 1129 920 1168">
     <span class='ocr_line' id='line_1_31' title="bbox 130 1129 920 1168; baseline 0.004 -11"><span class='ocrx_word' id='word_1_215' title='bbox 130 1131 177 1157; x_wconf 77' lang='grc' dir='ltr'>τὸν</span> <span class='ocrx_word' id='word_1_216' title='bbox 197 1129 226 1163; x_wconf 81' lang='grc' dir='ltr'><strong>ἐξ</strong></span> <span class='ocrx_word' id='word_1_217' title='bbox 241 1131 350 1166; x_wconf 84' lang='grc' dir='ltr'><strong>ἀγάπης</strong></span> <span class='ocrx_word' id='word_1_218' title='bbox 367 1131 533 1166; x_wconf 84' lang='grc' dir='ltr'>κεράσαντες</span> <span class='ocrx_word' id='word_1_219' title='bbox 545 1132 634 1167; x_wconf 87' lang='grc' dir='ltr'>λόγον,</span> <span class='ocrx_word' id='word_1_220' title='bbox 654 1133 775 1166; x_wconf 73' lang='grc' dir='ltr'>ἀξιοῦσιν</span> <span class='ocrx_word' id='word_1_221' title='bbox 797 1134 846 1168; x_wconf 75' lang='grc' dir='ltr'>ἤδη</span> <span class='ocrx_word' id='word_1_222' title='bbox 872 1142 920 1168; x_wconf 83' lang='grc' dir='ltr'>μα-</span> 
     </span>
    </p>
   </div>
   <div class='ocr_carea' id='block_1_32' title="bbox 132 1175 919 1214">
    <p class='ocr_par' dir='ltr' id='par_1_32' title="bbox 132 1175 919 1214">
     <span class='ocr_line' id='line_1_32' title="bbox 132 1175 919 1214; baseline 0.004 -12"><span class='ocrx_word' id='word_1_223' title='bbox 132 1175 200 1208; x_wconf 84' lang='grc' dir='ltr'>θεῖν,</span> <span class='ocrx_word' id='word_1_224' title='bbox 217 1177 278 1203; x_wconf 80' lang='grc' dir='ltr'>ὂτου</span> <span class='ocrx_word' id='word_1_225' title='bbox 295 1177 325 1213; x_wconf 85' lang='grc' dir='ltr'>δὴ</span> <span class='ocrx_word' id='word_1_226' title='bbox 348 1177 427 1213; x_wconf 83' lang='grc' dir='ltr'>χάριν</span> <span class='ocrx_word' id='word_1_227' title='bbox 451 1179 465 1204; x_wconf 87' lang='grc' dir='ltr'><em>ὁ</em></span> <span class='ocrx_word' id='word_1_228' title='bbox 485 1180 546 1210; x_wconf 80' lang='grc' dir='ltr'>ταῖς</span> <span class='ocrx_word' id='word_1_229' title='bbox 562 1180 626 1214; x_wconf 83' lang='grc' dir='ltr'>παρ’</span> <span class='ocrx_word' id='word_1_230' title='bbox 639 1179 721 1205; x_wconf 86' lang='grc' dir='ltr'>αὐτοῦ</span> <span class='ocrx_word' id='word_1_231' title='bbox 743 1188 919 1214; x_wconf 82' lang='grc' dir='ltr'>μεμαρτυρη-</span> 
     </span>
    </p>
   </div>
   <div class='ocr_carea' id='block_1_33' title="bbox 133 1222 918 1261">
    <p class='ocr_par' dir='ltr' id='par_1_33' title="bbox 133 1222 918 1261">
     <span class='ocr_line' id='line_1_33' title="bbox 133 1222 918 1261; baseline 0.004 -13"><span class='ocrx_word' id='word_1_232' title='bbox 133 1222 214 1257; x_wconf 86' lang='grc' dir='ltr'>μένος</span> <span class='ocrx_word' id='word_1_233' title='bbox 232 1224 334 1256; x_wconf 81' lang='grc' dir='ltr'>φωναῖς</span> <span class='ocrx_word' id='word_1_234' title='bbox 355 1223 451 1258; x_wconf 80' lang='grc' dir='ltr'>φθάνει</span> <span class='ocrx_word' id='word_1_235' title='bbox 470 1224 519 1259; x_wconf 83' lang='grc' dir='ltr'>μὲν</span> <span class='ocrx_word' id='word_1_236' title='bbox 536 1224 616 1251; x_wconf 79' lang='grc' dir='ltr'>αὑτὸν</span> <span class='ocrx_word' id='word_1_237' title='bbox 630 1225 659 1251; x_wconf 77' lang='grc' dir='ltr'>ἐν</span> <span class='ocrx_word' id='word_1_238' title='bbox 677 1225 824 1258; x_wconf 78' lang='grc' dir='ltr'>εὐκλείαις,</span> <span class='ocrx_word' id='word_1_239' title='bbox 851 1234 918 1261; x_wconf 82' lang='grc' dir='ltr'>προ-</span> 
     </span>
    </p>
   </div>
   <div class='ocr_carea' id='block_1_34' title="bbox 131 1266 918 1305">
    <p class='ocr_par' dir='ltr' id='par_1_34' title="bbox 131 1266 918 1305">
     <span class='ocr_line' id='line_1_34' title="bbox 131 1266 918 1305; baseline 0.005 -13"><span class='ocrx_word' id='word_1_240' title='bbox 131 1267 206 1302; x_wconf 76' lang='grc' dir='ltr'>πηδᾷ</span> <span class='ocrx_word' id='word_1_241' title='bbox 219 1266 248 1293; x_wconf 79' lang='grc' dir='ltr'>δὲ</span> <span class='ocrx_word' id='word_1_242' title='bbox 262 1268 294 1302; x_wconf 83' lang='grc' dir='ltr'>τῇ</span> <span class='ocrx_word' id='word_1_243' title='bbox 311 1267 413 1302; x_wconf 88' lang='grc' dir='ltr'>χάριτι,</span> <span class='ocrx_word' id='word_1_244' title='bbox 434 1268 482 1294; x_wconf 71' lang='grc' dir='ltr'>καὶ</span> <span class='ocrx_word' id='word_1_245' title='bbox 499 1269 642 1304; x_wconf 88' lang='grc' dir='ltr'>σαγηνεύει</span> <span class='ocrx_word' id='word_1_246' title='bbox 661 1269 798 1304; x_wconf 78' lang='grc' dir='ltr'>βαπτίζων</span> <span class='ocrx_word' id='word_1_247' title='bbox 817 1271 846 1296; x_wconf 78' lang='grc' dir='ltr'>οὐ</span> <span class='ocrx_word' id='word_1_248' title='bbox 870 1270 918 1305; x_wconf 88' lang='grc' dir='ltr'>μέ-</span> 
     </span>
    </p>
   </div>
   <div class='ocr_carea' id='block_1_35' title="bbox 133 1313 919 1351">
    <p class='ocr_par' dir='ltr' id='par_1_35' title="bbox 133 1313 919 1351">
     <span class='ocr_line' id='line_1_35' title="bbox 133 1313 919 1351; baseline 0.005 -13"><span class='ocrx_word' id='word_1_249' title='bbox 133 1321 179 1348; x_wconf 80' lang='grc' dir='ltr'><strong>ρος</strong></span> <span class='ocrx_word' id='word_1_250' title='bbox 199 1313 248 1345; x_wconf 79' lang='grc' dir='ltr'>τῆς</span> <span class='ocrx_word' id='word_1_251' title='bbox 277 1313 386 1348; x_wconf 80' lang='grc' dir='ltr'>ἀπάσης</span> <span class='ocrx_word' id='word_1_252' title='bbox 410 1314 530 1349; x_wconf 77' lang='grc' dir='ltr'>πληθύος</span> <span class='ocrx_word' id='word_1_253' title='bbox 552 1315 712 1350; x_wconf 83' lang='grc' dir='ltr'>Ἰουδαϊκῆς,</span> <span class='ocrx_word' id='word_1_254' title='bbox 728 1315 786 1342; x_wconf 75' lang='grc' dir='ltr'>ἀλλ’</span> <span class='ocrx_word' id='word_1_255' title='bbox 810 1315 860 1351; x_wconf 72' lang='grc' dir='ltr'>ήδη</span> <span class='ocrx_word' id='word_1_256' title='bbox 872 1316 919 1342; x_wconf 86' lang='grc' dir='ltr'>καὶ</span> 
     </span>
    </p>
   </div>
   <div class='ocr_carea' id='block_1_36' title="bbox 131 1359 917 1398">
    <p class='ocr_par' dir='ltr' id='par_1_36' title="bbox 131 1359 917 1398">
     <span class='ocr_line' id='line_1_36' title="bbox 131 1359 917 1398; baseline 0.006 -14"><span class='ocrx_word' id='word_1_257' title='bbox 131 1359 248 1390; x_wconf 78' lang='grc' dir='ltr'>πάντας.</span> <span class='ocrx_word' id='word_1_258' title='bbox 263 1359 418 1386; x_wconf 82' lang='grc' dir='ltr'>Ἐποιοῦντο</span> <span class='ocrx_word' id='word_1_259' title='bbox 436 1360 475 1392; x_wconf 79' lang='grc' dir='ltr'>δὲ,</span> <span class='ocrx_word' id='word_1_260' title='bbox 491 1361 562 1388; x_wconf 86' lang='grc' dir='ltr'><strong>κατά</strong></span> <span class='ocrx_word' id='word_1_261' title='bbox 575 1362 606 1388; x_wconf 84' lang='grc' dir='ltr'>τὸ</span> <span class='ocrx_word' id='word_1_262' title='bbox 618 1362 700 1395; x_wconf 75' lang='grc' dir='ltr'>εἰκὸς,</span> <span class='ocrx_word' id='word_1_263' title='bbox 713 1363 762 1389; x_wconf 78' lang='grc' dir='ltr'>οὐκ</span> <span class='ocrx_word' id='word_1_264' title='bbox 776 1362 852 1389; x_wconf 70' lang='grc' dir='ltr'>ἀθεεὶ</span> <span class='ocrx_word' id='word_1_265' title='bbox 868 1362 917 1398; x_wconf 85' lang='grc' dir='ltr'>τὴν</span> 
     </span>
    </p>
   </div>
   <div class='ocr_carea' id='block_1_37' title="bbox 131 1403 919 1443">
    <p class='ocr_par' dir='ltr' id='par_1_37' title="bbox 131 1403 919 1443">
     <span class='ocr_line' id='line_1_37' title="bbox 131 1403 919 1443; baseline 0.006 -14"><span class='ocrx_word' id='word_1_266' title='bbox 131 1403 245 1438; x_wconf 80' lang='grc' dir='ltr'>ζήτησιν</span> <span class='ocrx_word' id='word_1_267' title='bbox 259 1413 265 1420; x_wconf 94' lang='grc'><strong>·</strong></span> <span class='ocrx_word' id='word_1_268' title='bbox 295 1405 417 1432; x_wconf 81' lang='grc' dir='ltr'>καλεῖται</span> <span class='ocrx_word' id='word_1_269' title='bbox 443 1406 496 1442; x_wconf 83' lang='grc' dir='ltr'><strong>γὰρ</strong></span> <span class='ocrx_word' id='word_1_270' title='bbox 516 1406 640 1434; x_wconf 78' lang='grc' dir='ltr'>ἐντεῦθεν</span> <span class='ocrx_word' id='word_1_271' title='bbox 665 1408 679 1434; x_wconf 82' lang='grc' dir='ltr'><strong>ὁ</strong></span> <span class='ocrx_word' id='word_1_272' title='bbox 702 1408 857 1443; x_wconf 81' lang='grc' dir='ltr'>Βαπτιστὴς</span> <span class='ocrx_word' id='word_1_273' title='bbox 878 1409 919 1441; x_wconf 80' lang='grc' dir='ltr'><strong>εἰς</strong></span> 
     </span>
    </p>
   </div>
   <div class='ocr_carea' id='block_1_38' title="bbox 130 1449 917 1489">
    <p class='ocr_par' dir='ltr' id='par_1_38' title="bbox 130 1449 917 1489">
     <span class='ocr_line' id='line_1_38' title="bbox 130 1449 917 1489; baseline 0.006 -14"><span class='ocrx_word' id='word_1_274' title='bbox 130 1449 233 1485; x_wconf 82' lang='grc' dir='ltr'>ἀκριὸἦ</span> <span class='ocrx_word' id='word_1_275' title='bbox 263 1451 309 1477; x_wconf 80' lang='grc' dir='ltr'>καὶ</span> <span class='ocrx_word' id='word_1_276' title='bbox 332 1451 442 1486; x_wconf 77' lang='grc' dir='ltr'>μακρὰν</span> <span class='ocrx_word' id='word_1_277' title='bbox 466 1451 529 1486; x_wconf 69' lang='grc' dir='ltr'>περὶ</span> <span class='ocrx_word' id='word_1_278' title='bbox 554 1451 601 1478; x_wconf 82' lang='grc' dir='ltr'>τοῦ</span> <span class='ocrx_word' id='word_1_279' title='bbox 628 1451 917 1489; x_wconf 77' lang='grc' dir='ltr'>Σωτῆρος’ἐξήγησιν,</span> 
     </span>
    </p>
   </div>
   <div class='ocr_carea' id='block_1_39' title="bbox 130 1495 918 1536">
    <p class='ocr_par' dir='ltr' id='par_1_39' title="bbox 130 1495 918 1536">
     <span class='ocr_line' id='line_1_39' title="bbox 130 1495 918 1536; baseline 0.006 -15"><span class='ocrx_word' id='word_1_280' title='bbox 130 1495 178 1521; x_wconf 66' lang='grc' dir='ltr'>καὶ</span> <span class='ocrx_word' id='word_1_281' title='bbox 197 1495 411 1533; x_wconf 77' lang='grc' dir='ltr'>διαφανεστάτην</span> <span class='ocrx_word' id='word_1_282' title='bbox 432 1497 486 1524; x_wconf 84' lang='grc' dir='ltr'><strong>τῶν</strong></span> <span class='ocrx_word' id='word_1_283' title='bbox 514 1497 707 1534; x_wconf 85' lang='grc' dir='ltr'>βαπτισμάτων</span> <span class='ocrx_word' id='word_1_284' title='bbox 724 1499 846 1535; x_wconf 70' lang='grc' dir='ltr'>εἰσφέρει</span> <span class='ocrx_word' id='word_1_285' title='bbox 870 1499 918 1536; x_wconf 80' lang='grc' dir='ltr'>τὴν</span> 
     </span>
    </p>
   </div>
   <div class='ocr_carea' id='block_1_40' title="bbox 129 1540 272 1576">
    <p class='ocr_par' dir='ltr' id='par_1_40' title="bbox 129 1540 272 1576">
     <span class='ocr_line' id='line_1_40' title="bbox 129 1540 272 1576; baseline 0.014 -10"><span class='ocrx_word' id='word_1_286' title='bbox 129 1540 272 1576; x_wconf 85' lang='grc' dir='ltr'>διαφοράν.</span> 
     </span>
    </p>
   </div>
   <div class='ocr_carea' id='block_1_41' title="bbox 168 1587 917 1625">
    <p class='ocr_par' dir='ltr' id='par_1_41' title="bbox 168 1587 917 1625">
     <span class='ocr_line' id='line_1_41' title="bbox 168 1587 917 1625; baseline 0.005 -12"><span class='ocrx_word' id='word_1_287' title='bbox 168 1588 210 1614; x_wconf 83' lang='grc' dir='ltr'><strong>Οὐ</strong></span> <span class='ocrx_word' id='word_1_288' title='bbox 232 1587 355 1614; x_wconf 80' lang='grc' dir='ltr'>δύναται</span> <span class='ocrx_word' id='word_1_289' title='bbox 373 1588 527 1622; x_wconf 74' lang='grc' dir='ltr'>ἅνθρωπος</span> <span class='ocrx_word' id='word_1_290' title='bbox 552 1589 716 1625; x_wconf 74' lang='grc' dir='ltr'>λαμϐάνειν</span> <span class='ocrx_word' id='word_1_291' title='bbox 739 1589 839 1622; x_wconf 81' lang='grc' dir='ltr'>οὐδὲν,</span> <span class='ocrx_word' id='word_1_292' title='bbox 863 1590 917 1618; x_wconf 78' lang='grc' dir='ltr'><strong>ἐὰν</strong></span> 
     </span>
    </p>
   </div>
   <div class='ocr_carea' id='block_1_42' title="bbox 128 1630 736 1669">
    <p class='ocr_par' dir='ltr' id='par_1_42' title="bbox 128 1630 736 1669">
     <span class='ocr_line' id='line_1_42' title="bbox 128 1630 736 1669; baseline 0.008 -11"><span class='ocrx_word' id='word_1_293' title='bbox 128 1631 171 1666; x_wconf 81' lang='grc' dir='ltr'><strong>μὴ</strong></span> <span class='ocrx_word' id='word_1_294' title='bbox 189 1630 382 1668; x_wconf 79' lang='grc' dir='ltr'>ᾗ·δεδομένον</span> <span class='ocrx_word' id='word_1_295' title='bbox 396 1634 476 1667; x_wconf 83' lang='grc' dir='ltr'>αὐτῷ</span> <span class='ocrx_word' id='word_1_296' title='bbox 486 1635 520 1661; x_wconf 82' lang='grc' dir='ltr'>ἐκ</span> <span class='ocrx_word' id='word_1_297' title='bbox 528 1635 580 1662; x_wconf 84' lang='grc' dir='ltr'>τοῦ</span> <span class='ocrx_word' id='word_1_298' title='bbox 596 1636 736 1669; x_wconf 58' lang='grc' dir='ltr'>οἰῳανοῦ.</span> 
     </span>
    </p>
   </div>
   <div class='ocr_carea' id='block_1_43' title="bbox 166 1678 917 1717">
    <p class='ocr_par' dir='ltr' id='par_1_43' title="bbox 166 1678 917 1717">
     <span class='ocr_line' id='line_1_43' title="bbox 166 1678 917 1717; baseline 0.005 -13"><span class='ocrx_word' id='word_1_299' title='bbox 166 1678 249 1705; x_wconf 76' lang='grc' dir='ltr'>Οὐδέν</span> <span class='ocrx_word' id='word_1_300' title='bbox 264 1688 345 1714; x_wconf 85' lang='grc' dir='ltr'>φησιν</span> <span class='ocrx_word' id='word_1_301' title='bbox 362 1680 391 1706; x_wconf 84' lang='grc' dir='ltr'>ἐν</span> <span class='ocrx_word' id='word_1_302' title='bbox 404 1680 558 1716; x_wconf 85' lang='grc' dir='ltr'>ἀνθρώποις</span> <span class='ocrx_word' id='word_1_303' title='bbox 577 1681 688 1715; x_wconf 71' lang='grc' dir='ltr'>ἀγαθον,</span> <span class='ocrx_word' id='word_1_304' title='bbox 707 1681 723 1707; x_wconf 71' lang='grc' dir='ltr'><strong><em>ὃ</em></strong></span> <span class='ocrx_word' id='word_1_305' title='bbox 744 1681 781 1717; x_wconf 85' lang='grc' dir='ltr'>μὴ</span> <span class='ocrx_word' id='word_1_306' title='bbox 807 1681 917 1714; x_wconf 86' lang='grc' dir='ltr'>πάντως</span> 
     </span>
    </p>
   </div>
   <div class='ocr_carea' id='block_1_44' title="bbox 131 1721 913 1761">
    <p class='ocr_par' dir='ltr' id='par_1_44' title="bbox 131 1721 913 1761">
     <span class='ocr_line' id='line_1_44' title="bbox 131 1721 913 1761; baseline 0.004 -12"><span class='ocrx_word' id='word_1_307' title='bbox 131 1721 200 1750; x_wconf 69' lang='grc' dir='ltr'>εἶναι</span> <span class='ocrx_word' id='word_1_308' title='bbox 218 1725 266 1750; x_wconf 75' lang='grc' dir='ltr'><strong>καὶ</strong></span> <span class='ocrx_word' id='word_1_309' title='bbox 279 1722 427 1752; x_wconf 81' lang='grc' dir='ltr'>θεόσδοτον.</span> <span class='ocrx_word' id='word_1_310' title='bbox 451 1725 499 1752; x_wconf 78' lang='grc' dir='ltr'><strong>(Τί</strong></span> <span class='ocrx_word' id='word_1_311' title='bbox 513 1726 567 1761; x_wconf 78' lang='grc' dir='ltr'><strong>γὰρ</strong></span> <span class='ocrx_word' id='word_1_312' title='bbox 583 1726 665 1761; x_wconf 73' lang='grc' dir='ltr'>ἔχεις,</span> <span class='ocrx_word' id='word_1_313' title='bbox 680 1725 694 1752; x_wconf 83' lang='grc' dir='ltr'>ὅ</span> <span class='ocrx_word' id='word_1_314' title='bbox 708 1727 757 1753; x_wconf 81' lang='grc' dir='ltr'>οὐκ</span> <span class='ocrx_word' id='word_1_315' title='bbox 770 1726 882 1759; x_wconf 72' lang='grc' dir='ltr'>ἐλαὸες;</span> <span class='ocrx_word' id='word_1_316' title='bbox 904 1736 913 1752; x_wconf 79' lang='lat' dir='ltr'><strong>r</strong></span> 
     </span>
    </p>
   </div>
   <div class='ocr_carea' id='block_1_45' title="bbox 129 1769 916 1807">
    <p class='ocr_par' dir='ltr' id='par_1_45' title="bbox 129 1769 916 1807">
     <span class='ocr_line' id='line_1_45' title="bbox 129 1769 916 1807; baseline 0.004 -11"><span class='ocrx_word' id='word_1_317' title='bbox 129 1769 241 1796; x_wconf 78' lang='grc' dir='ltr'>ἀκούειν</span> <span class='ocrx_word' id='word_1_318' title='bbox 257 1770 291 1796; x_wconf 75' lang='grc' dir='ltr'>ἂν</span> <span class='ocrx_word' id='word_1_319' title='bbox 308 1771 407 1806; x_wconf 80' lang='grc' dir='ltr'>πρέποι</span> <span class='ocrx_word' id='word_1_320' title='bbox 425 1772 458 1807; x_wconf 84' lang='grc' dir='ltr'>τῇ</span> <span class='ocrx_word' id='word_1_321' title='bbox 475 1771 572 1798; x_wconf 87' lang='grc' dir='ltr'>κτίσει.</span> <span class='ocrx_word' id='word_1_322' title='bbox 588 1772 694 1807; x_wconf 83' lang='grc' dir='ltr'>Χρῆναι</span> <span class='ocrx_word' id='word_1_323' title='bbox 715 1773 743 1799; x_wconf 80' lang='grc' dir='ltr'>δὲ</span> <span class='ocrx_word' id='word_1_324' title='bbox 765 1771 840 1807; x_wconf 72' lang='grc' dir='ltr'>οἶμαι</span> <span class='ocrx_word' id='word_1_325' title='bbox 859 1773 916 1804; x_wconf 80' lang='grc' dir='ltr'>τοῖς</span> 
     </span>
    </p>
   </div>
   <div class='ocr_carea' id='block_1_46' title="bbox 130 1813 916 1852">
    <p class='ocr_par' dir='ltr' id='par_1_46' title="bbox 130 1813 916 1852">
     <span class='ocr_line' id='line_1_46' title="bbox 130 1813 916 1852; baseline 0.004 -12"><span class='ocrx_word' id='word_1_326' title='bbox 130 1813 180 1847; x_wconf 84' lang='grc' dir='ltr'>μὲν</span> <span class='ocrx_word' id='word_1_327' title='bbox 196 1814 410 1850; x_wconf 77' lang='grc' dir='ltr'>ἀπονεμηθείσιν</span> <span class='ocrx_word' id='word_1_328' title='bbox 433 1816 575 1851; x_wconf 83' lang='grc' dir='ltr'>ἀρκεῖσθαι</span> <span class='ocrx_word' id='word_1_329' title='bbox 599 1816 718 1852; x_wconf 82' lang='grc' dir='ltr'>μέτροις,</span> <span class='ocrx_word' id='word_1_330' title='bbox 732 1817 778 1843; x_wconf 82' lang='grc' dir='ltr'>καὶ</span> <span class='ocrx_word' id='word_1_331' title='bbox 797 1818 857 1849; x_wconf 78' lang='grc' dir='ltr'>ταῖς</span> <span class='ocrx_word' id='word_1_332' title='bbox 871 1817 916 1843; x_wconf 81' lang='grc' dir='ltr'><strong>οὑ-</strong></span> 
     </span>
    </p>
   </div>
   <div class='ocr_carea' id='block_1_47' title="bbox 130 1859 916 1897">
    <p class='ocr_par' dir='ltr' id='par_1_47' title="bbox 130 1859 916 1897">
     <span class='ocr_line' id='line_1_47' title="bbox 130 1859 916 1897; baseline 0.006 -13"><span class='ocrx_word' id='word_1_333' title='bbox 130 1859 244 1894; x_wconf 69' lang='grc' dir='ltr'>ρανόθεν</span> <span class='ocrx_word' id='word_1_334' title='bbox 258 1860 449 1896; x_wconf 82' lang='grc' dir='ltr'>διωρισμέναις</span> <span class='ocrx_word' id='word_1_335' title='bbox 462 1862 608 1897; x_wconf 76' lang='grc' dir='ltr'>ἐφήδεσθαι</span> <span class='ocrx_word' id='word_1_336' title='bbox 624 1864 727 1897; x_wconf 79' lang='grc' dir='ltr'>τιμαῖς,</span> <span class='ocrx_word' id='word_1_337' title='bbox 747 1863 916 1889; x_wconf 82' lang='grc' dir='ltr'>ὲκτείνεσθαι</span> 
     </span>
    </p>
   </div>
   <div class='ocr_carea' id='block_1_48' title="bbox 129 1905 916 1944">
    <p class='ocr_par' dir='ltr' id='par_1_48' title="bbox 129 1905 916 1944">
     <span class='ocr_line' id='line_1_48' title="bbox 129 1905 916 1944; baseline 0.006 -14"><span class='ocrx_word' id='word_1_338' title='bbox 129 1905 158 1931; x_wconf 78' lang='grc' dir='ltr'>δὲ</span> <span class='ocrx_word' id='word_1_339' title='bbox 178 1905 335 1941; x_wconf 77' lang='grc' dir='ltr'>περαιτέρω</span> <span class='ocrx_word' id='word_1_340' title='bbox 355 1906 499 1942; x_wconf 82' lang='grc' dir='ltr'>μηδαμῶς,</span> <span class='ocrx_word' id='word_1_341' title='bbox 518 1907 584 1943; x_wconf 83' lang='grc' dir='ltr'>μηδὲ</span> <span class='ocrx_word' id='word_1_342' title='bbox 608 1907 762 1944; x_wconf 84' lang='grc' dir='ltr'>ἀχαρίστως</span> <span class='ocrx_word' id='word_1_343' title='bbox 787 1909 820 1944; x_wconf 78' lang='grc' dir='ltr'>τῇ</span> <span class='ocrx_word' id='word_1_344' title='bbox 849 1908 916 1944; x_wconf 84' lang='grc' dir='ltr'>πρὸς</span> 
     </span>
    </p>
   </div>
   <div class='ocr_carea' id='block_1_49' title="bbox 128 1950 915 1991">
    <p class='ocr_par' dir='ltr' id='par_1_49' title="bbox 128 1950 915 1991">
     <span class='ocr_line' id='line_1_49' title="bbox 128 1950 915 1991; baseline 0.006 -14"><span class='ocrx_word' id='word_1_345' title='bbox 128 1950 159 1977; x_wconf 65' lang='grc' dir='ltr'><strong>τὺ</strong></span> <span class='ocrx_word' id='word_1_346' title='bbox 168 1952 262 1986; x_wconf 78' lang='grc' dir='ltr'>μεῖζον</span> <span class='ocrx_word' id='word_1_347' title='bbox 276 1952 319 1979; x_wconf 77' lang='grc' dir='ltr'>ἀεὶ</span> <span class='ocrx_word' id='word_1_348' title='bbox 333 1954 518 1988; x_wconf 82' lang='grc' dir='ltr'>κεχρημένους</span> <span class='ocrx_word' id='word_1_349' title='bbox 538 1954 640 1988; x_wconf 77' lang='grc' dir='ltr'>ἐφέσει,</span> <span class='ocrx_word' id='word_1_350' title='bbox 653 1955 702 1991; x_wconf 85' lang='grc' dir='ltr'>τὴν</span> <span class='ocrx_word' id='word_1_351' title='bbox 727 1955 829 1982; x_wconf 76' lang='grc' dir='ltr'>ἀνωθεν</span> <span class='ocrx_word' id='word_1_352' title='bbox 856 1956 915 1982; x_wconf 82' lang='grc' dir='ltr'>ἀτι-</span> 
     </span>
    </p>
   </div>
   <div class='ocr_carea' id='block_1_50' title="bbox 130 1995 913 2036">
    <p class='ocr_par' dir='ltr' id='par_1_50' title="bbox 130 1995 913 2036">
     <span class='ocr_line' id='line_1_50' title="bbox 130 1995 913 2036; baseline 0.006 -15"><span class='ocrx_word' id='word_1_353' title='bbox 130 1995 228 2030; x_wconf 73' lang='grc' dir='ltr'>μάζειν</span> <span class='ocrx_word' id='word_1_354' title='bbox 247 1996 345 2032; x_wconf 78' lang='grc' dir='ltr'>ψῆφον,</span> <span class='ocrx_word' id='word_1_355' title='bbox 363 1998 410 2025; x_wconf 78' lang='grc' dir='ltr'>καὶ</span> <span class='ocrx_word' id='word_1_356' title='bbox 427 1998 596 2031; x_wconf 81' lang='grc' dir='ltr'>δεσποτικοῖς</span> <span class='ocrx_word' id='word_1_357' title='bbox 607 2000 797 2035; x_wconf 83' lang='grc' dir='ltr'>ἀπομάχεσθαι</span> <span class='ocrx_word' id='word_1_358' title='bbox 813 2000 913 2036; x_wconf 83' lang='grc' dir='ltr'>κρίμα-</span> 
     </span>
    </p>
   </div>
   <div class='ocr_carea' id='block_1_51' title="bbox 130 2042 914 2082">
    <p class='ocr_par' dir='ltr' id='par_1_51' title="bbox 130 2042 914 2082">
     <span class='ocr_line' id='line_1_51' title="bbox 130 2042 914 2082; baseline 0.006 -14"><span class='ocrx_word' id='word_1_359' title='bbox 130 2050 183 2073; x_wconf 84' lang='grc' dir='ltr'>σιν,</span> <span class='ocrx_word' id='word_1_360' title='bbox 202 2042 273 2069; x_wconf 81' lang='grc' dir='ltr'>αἰδοῖ</span> <span class='ocrx_word' id='word_1_361' title='bbox 297 2043 344 2070; x_wconf 83' lang='grc' dir='ltr'>τοῦ</span> <span class='ocrx_word' id='word_1_362' title='bbox 362 2044 399 2080; x_wconf 83' lang='grc' dir='ltr'>μὴ</span> <span class='ocrx_word' id='word_1_363' title='bbox 425 2044 512 2080; x_wconf 55' lang='grc' dir='ltr'>δοκεῖν</span> <span class='ocrx_word' id='word_1_364' title='bbox 534 2045 581 2072; x_wconf 77' lang='grc' dir='ltr'>τοῦ</span> <span class='ocrx_word' id='word_1_365' title='bbox 599 2046 766 2082; x_wconf 79' lang='grc' dir='ltr'>τελειοτέρου</span> <span class='ocrx_word' id='word_1_366' title='bbox 787 2046 816 2073; x_wconf 78' lang='grc' dir='ltr'>τὸ</span> <span class='ocrx_word' id='word_1_367' title='bbox 839 2046 914 2073; x_wconf 79' lang='grc' dir='ltr'>ἔλατ-</span> 
     </span>
    </p>
   </div>
   <div class='ocr_carea' id='block_1_52' title="bbox 127 2089 914 2128">
    <p class='ocr_par' dir='ltr' id='par_1_52' title="bbox 127 2089 914 2128">
     <span class='ocr_line' id='line_1_52' title="bbox 127 2089 914 2128; baseline 0.006 -14"><span class='ocrx_word' id='word_1_368' title='bbox 127 2096 174 2115; x_wconf 87' lang='grc' dir='ltr'><strong>τον</strong></span> <span class='ocrx_word' id='word_1_369' title='bbox 190 2089 378 2125; x_wconf 80' lang='grc' dir='ltr'>ἀποφέρεσθαι</span> <span class='ocrx_word' id='word_1_370' title='bbox 394 2099 401 2106; x_wconf 82' lang='grc'><em>’</em></span> <span class='ocrx_word' id='word_1_371' title='bbox 416 2089 528 2124; x_wconf 77' lang='grc' dir='ltr'>ἀλλὀἷς</span> <span class='ocrx_word' id='word_1_372' title='bbox 542 2100 596 2127; x_wconf 82' lang='grc' dir='ltr'><strong>περ</strong></span> <span class='ocrx_word' id='word_1_373' title='bbox 612 2091 645 2118; x_wconf 83' lang='grc' dir='ltr'>ἂν</span> <span class='ocrx_word' id='word_1_374' title='bbox 659 2092 788 2128; x_wconf 77' lang='grc' dir='ltr'>ἐθελήσας</span> <span class='ocrx_word' id='word_1_375' title='bbox 800 2093 914 2128; x_wconf 82' lang='grc' dir='ltr'>τιμήσῃ,</span> 
     </span>
    </p>
   </div>
   <div class='ocr_carea' id='block_1_53' title="bbox 127 2133 916 2173">
    <p class='ocr_par' dir='ltr' id='par_1_53' title="bbox 127 2133 916 2173">
     <span class='ocr_line' id='line_1_53' title="bbox 127 2133 916 2173; baseline 0.005 -15"><span class='ocrx_word' id='word_1_376' title='bbox 127 2133 215 2159; x_wconf 76' lang='grc' dir='ltr'>ταῦτα</span> <span class='ocrx_word' id='word_1_377' title='bbox 228 2133 259 2169; x_wconf 85' lang='grc' dir='ltr'>δὴ</span> <span class='ocrx_word' id='word_1_378' title='bbox 269 2134 314 2160; x_wconf 71' lang='grc' dir='ltr'>καὶ</span> <span class='ocrx_word' id='word_1_379' title='bbox 334 2135 406 2170; x_wconf 87' lang='grc' dir='ltr'>μάλα</span> <span class='ocrx_word' id='word_1_380' title='bbox 419 2135 554 2162; x_wconf 85' lang='grc' dir='ltr'>ποιεῖσθαι</span> <span class='ocrx_word' id='word_1_381' title='bbox 566 2137 629 2172; x_wconf 80' lang='grc' dir='ltr'>περὶ</span> <span class='ocrx_word' id='word_1_382' title='bbox 640 2137 751 2163; x_wconf 66' lang='grc' dir='ltr'>πολλοῦί</span> <span class='ocrx_word' id='word_1_383' title='bbox 759 2137 805 2173; x_wconf 85' lang='grc' dir='ltr'><strong>Μὴ</strong></span> <span class='ocrx_word' id='word_1_384' title='bbox 817 2136 916 2172; x_wconf 83' lang='grc' dir='ltr'>ἀσχαλ-</span> 
     </span>
    </p>
   </div>
   <div class='ocr_carea' id='block_1_54' title="bbox 127 2178 915 2219">
    <p class='ocr_par' dir='ltr' id='par_1_54' title="bbox 127 2178 915 2219">
     <span class='ocr_line' id='line_1_54' title="bbox 127 2178 915 2219; baseline 0.008 -14"><span class='ocrx_word' id='word_1_385' title='bbox 127 2178 198 2206; x_wconf 78' lang='grc' dir='ltr'>λέτω</span> <span class='ocrx_word' id='word_1_386' title='bbox 223 2180 367 2216; x_wconf 78' lang='grc' dir='ltr'>τοιγαροῦν</span> <span class='ocrx_word' id='word_1_387' title='bbox 390 2181 405 2207; x_wconf 81' lang='grc' dir='ltr'>ὁ</span> <span class='ocrx_word' id='word_1_388' title='bbox 429 2182 509 2217; x_wconf 73' lang='grc' dir='ltr'>ἐμὸς,</span> <span class='ocrx_word' id='word_1_389' title='bbox 534 2183 611 2217; x_wconf 85' lang='grc' dir='ltr'>φησὶ,</span> <span class='ocrx_word' id='word_1_390' title='bbox 633 2183 767 2218; x_wconf 81' lang='grc' dir='ltr'>μαθητὴς,</span> <span class='ocrx_word' id='word_1_391' title='bbox 788 2185 813 2210; x_wconf 82' lang='grc' dir='ltr'><strong>εί</strong></span> <span class='ocrx_word' id='word_1_392' title='bbox 833 2183 915 2219; x_wconf 82' lang='grc' dir='ltr'>μὴτὸ</span> 
     </span>
    </p>
   </div>
   <div class='ocr_carea' id='block_1_55' title="bbox 1007 669 1756 708">
    <p class='ocr_par' dir='ltr' id='par_1_55' title="bbox 1007 669 1756 708">
     <span class='ocr_line' id='line_1_55' title="bbox 1007 669 1756 708; baseline 0.008 -12"><span class='ocrx_word' id='word_1_393' title='bbox 1007 669 1050 704; x_wconf 92' lang='lat' dir='ltr'><strong>Ill,</strong></span> <span class='ocrx_word' id='word_1_394' title='bbox 1065 670 1110 698; x_wconf 77' lang='lat'><strong>‘26.</strong></span> <span class='ocrx_word' id='word_1_395' title='bbox 1127 671 1222 704; x_wconf 79' lang='lat' dir='ltr'><strong>Rabbi,</strong></span> <span class='ocrx_word' id='word_1_396' title='bbox 1238 673 1283 708; x_wconf 80' lang='lat' dir='ltr'><strong>qui</strong></span> <span class='ocrx_word' id='word_1_397' title='bbox 1305 677 1363 700; x_wconf 80' lang='lat' dir='ltr'><strong>erat</strong></span> <span class='ocrx_word' id='word_1_398' title='bbox 1387 678 1471 700; x_wconf 78' lang='lat' dir='ltr'><strong>tecum</strong></span> <span class='ocrx_word' id='word_1_399' title='bbox 1496 677 1571 700; x_wconf 70' lang='lat' dir='ltr'><strong>(rana</strong></span> <span class='ocrx_word' id='word_1_400' title='bbox 1597 674 1756 708; x_wconf 78' lang='lat' dir='ltr'><strong>Iordanem,</strong></span> 
     </span>
    </p>
   </div>
   <div class='ocr_carea' id='block_1_56' title="bbox 969 716 1756 755">
    <p class='ocr_par' dir='ltr' id='par_1_56' title="bbox 969 716 1756 755">
     <span class='ocr_line' id='line_1_56' title="bbox 969 716 1756 755; baseline 0.008 -13"><span class='ocrx_word' id='word_1_401' title='bbox 969 716 1013 743; x_wconf 82' lang='lat' dir='ltr'><strong>cui</strong></span> <span class='ocrx_word' id='word_1_402' title='bbox 1029 721 1056 742; x_wconf 84' lang='lat' dir='ltr'><strong>tu</strong></span> <span class='ocrx_word' id='word_1_403' title='bbox 1074 717 1250 744; x_wconf 75' lang='lat' dir='ltr'><strong>testimonium</strong></span> <span class='ocrx_word' id='word_1_404' title='bbox 1266 718 1433 752; x_wconf 81' lang='lat' dir='ltr'><strong>perhibuisti,</strong></span> <span class='ocrx_word' id='word_1_405' title='bbox 1449 728 1524 751; x_wconf 83' lang='lat' dir='ltr'><strong>ecce,</strong></span> <span class='ocrx_word' id='word_1_406' title='bbox 1553 720 1595 747; x_wconf 79' lang='lat' dir='ltr'><strong>hic</strong></span> <span class='ocrx_word' id='word_1_407' title='bbox 1623 720 1756 755; x_wconf 73' lang='lat' dir='ltr'><strong>baptizat,</strong></span> 
     </span>
    </p>
   </div>
   <div class='ocr_carea' id='block_1_57' title="bbox 968 764 1753 800">
    <p class='ocr_par' dir='ltr' id='par_1_57' title="bbox 968 764 1753 800">
     <span class='ocr_line' id='line_1_57' title="bbox 968 764 1753 800; baseline 0.008 -11"><span class='ocrx_word' id='word_1_408' title='bbox 968 767 993 789; x_wconf 80' lang='lat' dir='ltr'><strong>et</strong></span> <span class='ocrx_word' id='word_1_409' title='bbox 1018 770 1106 790; x_wconf 78' lang='lat' dir='ltr'><strong>omnes</strong></span> <span class='ocrx_word' id='word_1_410' title='bbox 1134 764 1240 791; x_wconf 82' lang='lat' dir='ltr'><strong>veniunt</strong></span> <span class='ocrx_word' id='word_1_411' title='bbox 1271 764 1305 791; x_wconf 82' lang='lat' dir='ltr'><strong>ad</strong></span> <span class='ocrx_word' id='word_1_412' title='bbox 1327 773 1396 792; x_wconf 87' lang='lat' dir='ltr'><strong>eum.</strong></span> <span class='ocrx_word' id='word_1_413' title='bbox 1418 765 1560 799; x_wconf 73' lang='lat' dir='ltr'><strong>Respondit</strong></span> <span class='ocrx_word' id='word_1_414' title='bbox 1583 765 1712 800; x_wconf 75' lang='lat' dir='ltr'><strong>Joannes,</strong></span> <span class='ocrx_word' id='word_1_415' title='bbox 1728 772 1753 795; x_wconf 83' lang='lat' dir='ltr'><strong>et</strong></span> 
     </span>
    </p>
   </div>
   <div class='ocr_carea' id='block_1_58' title="bbox 968 807 1047 835">
    <p class='ocr_par' dir='ltr' id='par_1_58' title="bbox 968 807 1047 835">
     <span class='ocr_line' id='line_1_58' title="bbox 968 807 1047 835; baseline 0 -1"><span class='ocrx_word' id='word_1_416' title='bbox 968 807 1047 835; x_wconf 70' lang='lat' dir='ltr'><strong>dixit.</strong></span> 
     </span>
    </p>
   </div>
   <div class='ocr_carea' id='block_1_59' title="bbox 1005 853 1754 895">
    <p class='ocr_par' dir='ltr' id='par_1_59' title="bbox 1005 853 1754 895">
     <span class='ocr_line' id='line_1_59' title="bbox 1005 853 1754 895; baseline 0.009 -15"><span class='ocrx_word' id='word_1_417' title='bbox 1005 853 1151 890; x_wconf 85' lang='lat' dir='ltr'><strong>Discipuli,</strong></span> <span class='ocrx_word' id='word_1_418' title='bbox 1165 854 1365 884; x_wconf 72' lang='lat' dir='ltr'><strong>Pharisaeorum</strong></span> <span class='ocrx_word' id='word_1_419' title='bbox 1377 856 1458 885; x_wconf 86' lang='lat' dir='ltr'><strong>dente</strong></span> <span class='ocrx_word' id='word_1_420' title='bbox 1470 858 1600 892; x_wconf 86' lang='lat' dir='ltr'><strong>lacessiti,</strong></span> <span class='ocrx_word' id='word_1_421' title='bbox 1611 859 1754 895; x_wconf 75' lang='lat' dir='ltr'><strong>ipsamque</strong></span> 
     </span>
    </p>
   </div>
   <div class='ocr_carea' id='block_1_60' title="bbox 969 900 1756 939">
    <p class='ocr_par' dir='ltr' id='par_1_60' title="bbox 969 900 1756 939">
     <span class='ocr_line' id='line_1_60' title="bbox 969 900 1756 939; baseline 0.008 -12"><span class='ocrx_word' id='word_1_422' title='bbox 969 900 1009 927; x_wconf 88' lang='lat' dir='ltr'><strong>rei</strong></span> <span class='ocrx_word' id='word_1_423' title='bbox 1027 905 1152 928; x_wconf 89' lang='lat' dir='ltr'><strong>naturam</strong></span> <span class='ocrx_word' id='word_1_424' title='bbox 1169 902 1315 934; x_wconf 87' lang='lat' dir='ltr'><strong>intuentes,</strong></span> <span class='ocrx_word' id='word_1_425' title='bbox 1331 910 1425 930; x_wconf 90' lang='lat' dir='ltr'><strong>eorum</strong></span> <span class='ocrx_word' id='word_1_426' title='bbox 1454 904 1564 939; x_wconf 91' lang='lat' dir='ltr'><strong>quidem</strong></span> <span class='ocrx_word' id='word_1_427' title='bbox 1580 905 1756 933; x_wconf 86' lang='lat' dir='ltr'><strong>mendacium</strong></span> 
     </span>
    </p>
   </div>
   <div class='ocr_carea' id='block_1_61' title="bbox 969 950 1756 988">
    <p class='ocr_par' dir='ltr' id='par_1_61' title="bbox 969 950 1756 988">
     <span class='ocr_line' id='line_1_61' title="bbox 969 950 1756 988; baseline 0.009 -14"><span class='ocrx_word' id='word_1_428' title='bbox 969 954 1118 982; x_wconf 76' lang='lat' dir='ltr'><strong>coarguere</strong></span> <span class='ocrx_word' id='word_1_429' title='bbox 1131 956 1185 976; x_wconf 92' lang='lat' dir='ltr'><strong>non</strong></span> <span class='ocrx_word' id='word_1_430' title='bbox 1198 953 1335 984; x_wconf 89' lang='lat' dir='ltr'><strong>poterant,</strong></span> <span class='ocrx_word' id='word_1_431' title='bbox 1346 950 1463 985; x_wconf 81' lang='lat' dir='ltr'><strong>sedjure</strong></span> <span class='ocrx_word' id='word_1_432' title='bbox 1476 951 1604 979; x_wconf 88' lang='lat' dir='ltr'><strong>dubitant</strong></span> <span class='ocrx_word' id='word_1_433' title='bbox 1616 961 1622 985; x_wconf 92' lang='lat'><strong>;</strong></span> <span class='ocrx_word' id='word_1_434' title='bbox 1637 960 1756 988; x_wconf 85' lang='lat' dir='ltr'><strong>cumque</strong></span> 
     </span>
    </p>
   </div>
   <div class='ocr_carea' id='block_1_62' title="bbox 969 993 1756 1033">
    <p class='ocr_par' dir='ltr' id='par_1_62' title="bbox 969 993 1756 1033">
     <span class='ocr_line' id='line_1_62' title="bbox 969 993 1756 1033; baseline 0.005 -12"><span class='ocrx_word' id='word_1_435' title='bbox 969 993 1095 1021; x_wconf 85' lang='lat' dir='ltr'><strong>eximiam</strong></span> <span class='ocrx_word' id='word_1_436' title='bbox 1117 994 1190 1021; x_wconf 89' lang='lat' dir='ltr'><strong>illam</strong></span> <span class='ocrx_word' id='word_1_437' title='bbox 1211 995 1297 1022; x_wconf 81' lang='lat' dir='ltr'><strong>nostri</strong></span> <span class='ocrx_word' id='word_1_438' title='bbox 1319 994 1468 1024; x_wconf 83' lang='lat' dir='ltr'><strong>Salvatoris</strong></span> <span class='ocrx_word' id='word_1_439' title='bbox 1501 995 1661 1031; x_wconf 86' lang='lat' dir='ltr'><strong>dignitatem</strong></span> <span class='ocrx_word' id='word_1_440' title='bbox 1677 997 1756 1033; x_wconf 82' lang='lat' dir='ltr'><strong>igno-</strong></span> 
     </span>
    </p>
   </div>
   <div class='ocr_carea' id='block_1_63' title="bbox 969 1039 1753 1076">
    <p class='ocr_par' dir='ltr' id='par_1_63' title="bbox 969 1039 1753 1076">
     <span class='ocr_line' id='line_1_63' title="bbox 969 1039 1753 1076; baseline 0.006 -11"><span class='ocrx_word' id='word_1_441' title='bbox 969 1042 1040 1071; x_wconf 85' lang='lat' dir='ltr'><strong>rent,</strong></span> <span class='ocrx_word' id='word_1_442' title='bbox 1061 1039 1237 1067; x_wconf 86' lang='lat' dir='ltr'><strong>vehementer</strong></span> <span class='ocrx_word' id='word_1_443' title='bbox 1250 1041 1390 1068; x_wconf 84' lang='lat' dir='ltr'><strong>mirantur</strong></span> <span class='ocrx_word' id='word_1_444' title='bbox 1403 1042 1520 1069; x_wconf 89' lang='lat' dir='ltr'><strong>miuoris</strong></span> <span class='ocrx_word' id='word_1_445' title='bbox 1534 1041 1593 1069; x_wconf 80' lang='lat' dir='ltr'><strong>fieri</strong></span> <span class='ocrx_word' id='word_1_446' title='bbox 1610 1042 1753 1076; x_wconf 80' lang='lat' dir='ltr'><strong>Joannem.</strong></span> 
     </span>
    </p>
   </div>
   <div class='ocr_carea' id='block_1_64' title="bbox 969 1085 1758 1120">
    <p class='ocr_par' dir='ltr' id='par_1_64' title="bbox 969 1085 1758 1120">
     <span class='ocr_line' id='line_1_64' title="bbox 969 1085 1758 1120; baseline 0.006 -9"><span class='ocrx_word' id='word_1_447' title='bbox 969 1088 995 1111; x_wconf 88' lang='lat' dir='ltr'><strong>ct</strong></span> <span class='ocrx_word' id='word_1_448' title='bbox 1009 1085 1113 1119; x_wconf 88' lang='lat' dir='ltr'><strong>pudore</strong></span> <span class='ocrx_word' id='word_1_449' title='bbox 1133 1089 1215 1120; x_wconf 90' lang='lat' dir='ltr'><strong>atque</strong></span> <span class='ocrx_word' id='word_1_450' title='bbox 1231 1085 1415 1114; x_wconf 90' lang='lat' dir='ltr'><strong>admiratione</strong></span> <span class='ocrx_word' id='word_1_451' title='bbox 1428 1095 1583 1115; x_wconf 88' lang='lat' dir='ltr'><strong>sermonem</strong></span> <span class='ocrx_word' id='word_1_452' title='bbox 1601 1096 1633 1116; x_wconf 81' lang='lat' dir='ltr'><strong>ex</strong></span> <span class='ocrx_word' id='word_1_453' title='bbox 1662 1095 1758 1116; x_wconf 71' lang='lat' dir='ltr'><strong>amore</strong></span> 
     </span>
    </p>
   </div>
   <div class='ocr_carea' id='block_1_65' title="bbox 971 1130 1754 1169">
    <p class='ocr_par' dir='ltr' id='par_1_65' title="bbox 971 1130 1754 1169">
     <span class='ocr_line' id='line_1_65' title="bbox 971 1130 1754 1169; baseline 0.008 -13"><span class='ocrx_word' id='word_1_454' title='bbox 971 1130 1121 1164; x_wconf 77' lang='lat' dir='ltr'><strong>profectum</strong></span> <span class='ocrx_word' id='word_1_455' title='bbox 1137 1135 1330 1166; x_wconf 86' lang='lat' dir='ltr'><strong>temperantes,</strong></span> <span class='ocrx_word' id='word_1_456' title='bbox 1349 1132 1530 1160; x_wconf 87' lang='lat' dir='ltr'><strong>sciscitantur</strong></span> <span class='ocrx_word' id='word_1_457' title='bbox 1541 1134 1650 1160; x_wconf 90' lang='lat' dir='ltr'><strong>demum</strong></span> <span class='ocrx_word' id='word_1_458' title='bbox 1668 1141 1754 1169; x_wconf 82' lang='lat' dir='ltr'><strong>quam</strong></span> 
     </span>
    </p>
   </div>
   <div class='ocr_carea' id='block_1_66' title="bbox 970 1175 1756 1214">
    <p class='ocr_par' dir='ltr' id='par_1_66' title="bbox 970 1175 1756 1214">
     <span class='ocr_line' id='line_1_66' title="bbox 970 1175 1756 1214; baseline 0.008 -13"><span class='ocrx_word' id='word_1_459' title='bbox 970 1175 1004 1201; x_wconf 87' lang='lat' dir='ltr'><strong>ob</strong></span> <span class='ocrx_word' id='word_1_460' title='bbox 1020 1183 1131 1203; x_wconf 88' lang='lat' dir='ltr'><strong>causam</strong></span> <span class='ocrx_word' id='word_1_461' title='bbox 1146 1175 1273 1204; x_wconf 85' lang='lat' dir='ltr'><strong>Christus</strong></span> <span class='ocrx_word' id='word_1_462' title='bbox 1288 1177 1312 1204; x_wconf 88' lang='lat' dir='ltr'><strong>ei</strong></span> <span class='ocrx_word' id='word_1_463' title='bbox 1329 1177 1414 1212; x_wconf 83' lang='lat' dir='ltr'><strong>gloria</strong></span> <span class='ocrx_word' id='word_1_464' title='bbox 1429 1178 1586 1210; x_wconf 89' lang='lat' dir='ltr'><strong>antecellat,</strong></span> <span class='ocrx_word' id='word_1_465' title='bbox 1599 1179 1677 1214; x_wconf 69' lang='lat' dir='ltr'><strong>cujus</strong></span> <span class='ocrx_word' id='word_1_466' title='bbox 1688 1187 1756 1208; x_wconf 83' lang='lat' dir='ltr'><strong>voce</strong></span> 
     </span>
    </p>
   </div>
   <div class='ocr_carea' id='block_1_67' title="bbox 969 1218 1755 1259">
    <p class='ocr_par' dir='ltr' id='par_1_67' title="bbox 969 1218 1755 1259">
     <span class='ocr_line' id='line_1_67' title="bbox 969 1218 1755 1259; baseline 0.006 -12"><span class='ocrx_word' id='word_1_467' title='bbox 969 1220 1155 1248; x_wconf 87' lang='lat' dir='ltr'><strong>testimonium</strong></span> <span class='ocrx_word' id='word_1_468' title='bbox 1171 1222 1286 1256; x_wconf 82' lang='lat' dir='ltr'><strong>accepit,</strong></span> <span class='ocrx_word' id='word_1_469' title='bbox 1300 1222 1379 1257; x_wconf 87' lang='lat' dir='ltr'><strong>eique</strong></span> <span class='ocrx_word' id='word_1_470' title='bbox 1391 1225 1477 1258; x_wconf 83' lang='lat' dir='ltr'><strong>gratia</strong></span> <span class='ocrx_word' id='word_1_471' title='bbox 1493 1218 1612 1258; x_wconf 66' lang='lat' dir='ltr'><strong>praestet,</strong></span> <span class='ocrx_word' id='word_1_472' title='bbox 1626 1231 1675 1251; x_wconf 90' lang='lat' dir='ltr'><strong>nec</strong></span> <span class='ocrx_word' id='word_1_473' title='bbox 1691 1233 1755 1259; x_wconf 85' lang='lat' dir='ltr'><strong>par-</strong></span> 
     </span>
    </p>
   </div>
   <div class='ocr_carea' id='block_1_68' title="bbox 970 1267 1756 1302">
    <p class='ocr_par' dir='ltr' id='par_1_68' title="bbox 970 1267 1756 1302">
     <span class='ocr_line' id='line_1_68' title="bbox 970 1267 1756 1302; baseline 0.008 -10"><span class='ocrx_word' id='word_1_474' title='bbox 970 1271 1021 1293; x_wconf 82' lang='lat' dir='ltr'><strong>tem</strong></span> <span class='ocrx_word' id='word_1_475' title='bbox 1042 1267 1130 1294; x_wconf 82' lang='lat' dir='ltr'><strong>soluat</strong></span> <span class='ocrx_word' id='word_1_476' title='bbox 1150 1267 1270 1295; x_wconf 69' lang='lat' dir='ltr'><strong>Iudaicae</strong></span> <span class='ocrx_word' id='word_1_477' title='bbox 1289 1269 1483 1302; x_wconf 79' lang='lat' dir='ltr'><strong>multitudinis,</strong></span> <span class='ocrx_word' id='word_1_478' title='bbox 1514 1270 1561 1297; x_wconf 83' lang='lat' dir='ltr'><strong>sed</strong></span> <span class='ocrx_word' id='word_1_479' title='bbox 1588 1278 1687 1298; x_wconf 93' lang='lat' dir='ltr'><strong>omnes</strong></span> <span class='ocrx_word' id='word_1_480' title='bbox 1707 1271 1756 1298; x_wconf 88' lang='lat' dir='ltr'><strong>ba-</strong></span> 
     </span>
    </p>
   </div>
   <div class='ocr_carea' id='block_1_69' title="bbox 968 1312 1755 1350">
    <p class='ocr_par' dir='ltr' id='par_1_69' title="bbox 968 1312 1755 1350">
     <span class='ocr_line' id='line_1_69' title="bbox 968 1312 1755 1350; baseline 0.006 -12"><span class='ocrx_word' id='word_1_481' title='bbox 968 1312 1098 1347; x_wconf 79' lang='lat' dir='ltr'><strong>ptizando</strong></span> <span class='ocrx_word' id='word_1_482' title='bbox 1113 1313 1147 1339; x_wconf 89' lang='lat' dir='ltr'><strong>ad</strong></span> <span class='ocrx_word' id='word_1_483' title='bbox 1160 1320 1189 1340; x_wconf 85' lang='lat' dir='ltr'><strong>se</strong></span> <span class='ocrx_word' id='word_1_484' title='bbox 1204 1314 1356 1348; x_wconf 86' lang='lat' dir='ltr'><strong>pertrahat.</strong></span> <span class='ocrx_word' id='word_1_485' title='bbox 1370 1313 1438 1341; x_wconf 91' lang='lat' dir='ltr'><strong>Illud</strong></span> <span class='ocrx_word' id='word_1_486' title='bbox 1457 1322 1539 1350; x_wconf 87' lang='lat' dir='ltr'><strong>porro</strong></span> <span class='ocrx_word' id='word_1_487' title='bbox 1553 1323 1608 1342; x_wconf 90' lang='lat' dir='ltr'><strong>non</strong></span> <span class='ocrx_word' id='word_1_488' title='bbox 1623 1316 1682 1344; x_wconf 88' lang='lat' dir='ltr'><strong>sine</strong></span> <span class='ocrx_word' id='word_1_489' title='bbox 1706 1324 1755 1343; x_wconf 92' lang='lat' dir='ltr'><strong>nu-</strong></span> 
     </span>
    </p>
   </div>
   <div class='ocr_carea' id='block_1_70' title="bbox 969 1359 1755 1401">
    <p class='ocr_par' dir='ltr' id='par_1_70' title="bbox 969 1359 1755 1401">
     <span class='ocr_line' id='line_1_70' title="bbox 969 1359 1755 1401; baseline 0.006 -17"><span class='ocrx_word' id='word_1_490' title='bbox 969 1359 1051 1391; x_wconf 85' lang='lat' dir='ltr'><strong>tuine,</strong></span> <span class='ocrx_word' id='word_1_491' title='bbox 1081 1361 1111 1385; x_wconf 88' lang='lat' dir='ltr'><strong>ut</strong></span> <span class='ocrx_word' id='word_1_492' title='bbox 1135 1359 1261 1393; x_wconf 89' lang='lat' dir='ltr'><strong>videtur,</strong></span> <span class='ocrx_word' id='word_1_493' title='bbox 1282 1360 1469 1395; x_wconf 64' lang='lat' dir='ltr'><strong>qumsierunt:</strong></span> <span class='ocrx_word' id='word_1_494' title='bbox 1499 1366 1665 1396; x_wconf 86' lang='lat' dir='ltr'><strong>provocatur</strong></span> <span class='ocrx_word' id='word_1_495' title='bbox 1682 1363 1755 1401; x_wconf 74' lang='lat' dir='ltr'><strong>enim</strong></span> 
     </span>
    </p>
   </div>
   <div class='ocr_carea' id='block_1_71' title="bbox 968 1402 1756 1441">
    <p class='ocr_par' dir='ltr' id='par_1_71' title="bbox 968 1402 1756 1441">
     <span class='ocr_line' id='line_1_71' title="bbox 968 1402 1756 1441; baseline 0.006 -12"><span class='ocrx_word' id='word_1_496' title='bbox 968 1402 1032 1430; x_wconf 88' lang='lat' dir='ltr'><strong>hinc</strong></span> <span class='ocrx_word' id='word_1_497' title='bbox 1047 1403 1169 1438; x_wconf 81' lang='lat' dir='ltr'><strong>Baptista</strong></span> <span class='ocrx_word' id='word_1_498' title='bbox 1185 1405 1216 1431; x_wconf 86' lang='lat' dir='ltr'><strong>ad</strong></span> <span class='ocrx_word' id='word_1_499' title='bbox 1233 1409 1358 1432; x_wconf 84' lang='lat' dir='ltr'><strong>exactam</strong></span> <span class='ocrx_word' id='word_1_500' title='bbox 1385 1409 1412 1432; x_wconf 91' lang='lat' dir='ltr'><strong>et</strong></span> <span class='ocrx_word' id='word_1_501' title='bbox 1428 1405 1536 1441; x_wconf 79' lang='lat' dir='ltr'><strong>longam</strong></span> <span class='ocrx_word' id='word_1_502' title='bbox 1564 1406 1597 1434; x_wconf 91' lang='lat' dir='ltr'><strong>de</strong></span> <span class='ocrx_word' id='word_1_503' title='bbox 1614 1404 1756 1435; x_wconf 87' lang='lat' dir='ltr'><strong>Salvatore</strong></span> 
     </span>
    </p>
   </div>
   <div class='ocr_carea' id='block_1_72' title="bbox 968 1450 1754 1494">
    <p class='ocr_par' dir='ltr' id='par_1_72' title="bbox 968 1450 1754 1494">
     <span class='ocr_line' id='line_1_72' title="bbox 968 1450 1754 1494; baseline 0.005 -18"><span class='ocrx_word' id='word_1_504' title='bbox 968 1450 1154 1477; x_wconf 78' lang='lat' dir='ltr'><strong>narrationem</strong></span> <span class='ocrx_word' id='word_1_505' title='bbox 1166 1450 1330 1484; x_wconf 81' lang='lat' dir='ltr'><strong>faciendam,</strong></span> <span class='ocrx_word' id='word_1_506' title='bbox 1340 1455 1365 1479; x_wconf 92' lang='lat' dir='ltr'><strong>et</strong></span> <span class='ocrx_word' id='word_1_507' title='bbox 1374 1451 1550 1494; x_wconf 79' lang='lat' dir='ltr'><strong>manifestum</strong></span> <span class='ocrx_word' id='word_1_508' title='bbox 1563 1452 1754 1488; x_wconf 87' lang='lat' dir='ltr'><strong>baptismatum</strong></span> 
     </span>
    </p>
   </div>
   <div class='ocr_carea' id='block_1_73' title="bbox 969 1494 1344 1523">
    <p class='ocr_par' dir='ltr' id='par_1_73' title="bbox 969 1494 1344 1523">
     <span class='ocr_line' id='line_1_73' title="bbox 969 1494 1344 1523; baseline 0.003 -2"><span class='ocrx_word' id='word_1_509' title='bbox 969 1494 1077 1522; x_wconf 92' lang='lat' dir='ltr'><strong>illorum</strong></span> <span class='ocrx_word' id='word_1_510' title='bbox 1092 1495 1241 1523; x_wconf 88' lang='lat' dir='ltr'><strong>discrimen</strong></span> <span class='ocrx_word' id='word_1_511' title='bbox 1255 1495 1344 1523; x_wconf 81' lang='lat' dir='ltr'><strong>all&#39;ert.</strong></span> 
     </span>
    </p>
   </div>
   <div class='ocr_carea' id='block_1_74' title="bbox 1003 1582 1756 1622">
    <p class='ocr_par' dir='ltr' id='par_1_74' title="bbox 1003 1582 1756 1622">
     <span class='ocr_line' id='line_1_74' title="bbox 1003 1582 1756 1622; baseline 0.007 -12"><span class='ocrx_word' id='word_1_512' title='bbox 1003 1582 1048 1615; x_wconf 93' lang='lat' dir='ltr'><strong>lIl,</strong></span> <span class='ocrx_word' id='word_1_513' title='bbox 1064 1583 1111 1612; x_wconf 74' lang='lat'><strong>27.</strong></span> <span class='ocrx_word' id='word_1_514' title='bbox 1130 1583 1192 1612; x_wconf 85' lang='lat' dir='ltr'><strong>Non</strong></span> <span class='ocrx_word' id='word_1_515' title='bbox 1205 1589 1289 1620; x_wconf 78' lang='lat' dir='ltr'><strong>potest</strong></span> <span class='ocrx_word' id='word_1_516' title='bbox 1302 1585 1379 1612; x_wconf 88' lang='lat' dir='ltr'><strong>homo</strong></span> <span class='ocrx_word' id='word_1_517' title='bbox 1392 1586 1509 1620; x_wconf 83' lang='lat' dir='ltr'><strong>accipere</strong></span> <span class='ocrx_word' id='word_1_518' title='bbox 1527 1587 1681 1622; x_wconf 80' lang='lat' dir='ltr'><strong>quidquam,</strong></span> <span class='ocrx_word' id='word_1_519' title='bbox 1701 1588 1756 1616; x_wconf 67' lang='lat' dir='ltr'><strong>nisi</strong></span> 
     </span>
    </p>
   </div>
   <div class='ocr_carea' id='block_1_75' title="bbox 967 1629 1334 1664">
    <p class='ocr_par' dir='ltr' id='par_1_75' title="bbox 967 1629 1334 1664">
     <span class='ocr_line' id='line_1_75' title="bbox 967 1629 1334 1664; baseline 0.008 -9"><span class='ocrx_word' id='word_1_520' title='bbox 967 1629 1047 1664; x_wconf 72' lang='lat' dir='ltr'><strong>fuerit</strong></span> <span class='ocrx_word' id='word_1_521' title='bbox 1061 1630 1085 1657; x_wconf 87' lang='lat' dir='ltr'><strong>ei</strong></span> <span class='ocrx_word' id='word_1_522' title='bbox 1101 1629 1193 1656; x_wconf 83' lang='lat' dir='ltr'><strong>datum</strong></span> <span class='ocrx_word' id='word_1_523' title='bbox 1213 1630 1245 1657; x_wconf 83' lang='lat' dir='ltr'><strong>de</strong></span> <span class='ocrx_word' id='word_1_524' title='bbox 1259 1631 1334 1658; x_wconf 69' lang='lat' dir='ltr'><strong>caelo.</strong></span> 
     </span>
    </p>
   </div>
   <div class='ocr_carea' id='block_1_76' title="bbox 1002 1676 1756 1715">
    <p class='ocr_par' dir='ltr' id='par_1_76' title="bbox 1002 1676 1756 1715">
     <span class='ocr_line' id='line_1_76' title="bbox 1002 1676 1756 1715; baseline 0.008 -13"><span class='ocrx_word' id='word_1_525' title='bbox 1002 1676 1074 1703; x_wconf 86' lang='lat' dir='ltr'><strong>Nihil</strong></span> <span class='ocrx_word' id='word_1_526' title='bbox 1109 1677 1200 1711; x_wconf 85' lang='lat' dir='ltr'><strong>inquit</strong></span> <span class='ocrx_word' id='word_1_527' title='bbox 1225 1677 1251 1704; x_wconf 94' lang='lat' dir='ltr'><strong>in</strong></span> <span class='ocrx_word' id='word_1_528' title='bbox 1283 1676 1442 1705; x_wconf 87' lang='lat' dir='ltr'><strong>hominibus</strong></span> <span class='ocrx_word' id='word_1_529' title='bbox 1467 1678 1569 1705; x_wconf 91' lang='lat' dir='ltr'><strong>bonum</strong></span> <span class='ocrx_word' id='word_1_530' title='bbox 1588 1687 1659 1712; x_wconf 85' lang='lat' dir='ltr'><strong>esse,</strong></span> <span class='ocrx_word' id='word_1_531' title='bbox 1681 1679 1756 1715; x_wconf 82' lang='lat' dir='ltr'><strong>quod</strong></span> 
     </span>
    </p>
   </div>
   <div class='ocr_carea' id='block_1_77' title="bbox 966 1721 1754 1760">
    <p class='ocr_par' dir='ltr' id='par_1_77' title="bbox 966 1721 1754 1760">
     <span class='ocr_line' id='line_1_77' title="bbox 966 1721 1754 1760; baseline 0.008 -12"><span class='ocrx_word' id='word_1_532' title='bbox 966 1723 1046 1757; x_wconf 83' lang='lat' dir='ltr'><strong>plane</strong></span> <span class='ocrx_word' id='word_1_533' title='bbox 1061 1730 1076 1748; x_wconf 86' lang='lat' dir='ltr'><strong>a</strong></span> <span class='ocrx_word' id='word_1_534' title='bbox 1100 1721 1155 1750; x_wconf 88' lang='lat' dir='ltr'><strong>Deo</strong></span> <span class='ocrx_word' id='word_1_535' title='bbox 1179 1723 1272 1750; x_wconf 89' lang='lat' dir='ltr'><strong>datum</strong></span> <span class='ocrx_word' id='word_1_536' title='bbox 1296 1731 1352 1751; x_wconf 90' lang='lat' dir='ltr'><strong>non</strong></span> <span class='ocrx_word' id='word_1_537' title='bbox 1372 1724 1419 1751; x_wconf 85' lang='lat' dir='ltr'><strong>sit.</strong></span> <span class='ocrx_word' id='word_1_538' title='bbox 1442 1734 1451 1750; x_wconf 77' lang='grc' dir='ltr'><strong>ι</strong></span> <span class='ocrx_word' id='word_1_539' title='bbox 1470 1724 1538 1757; x_wconf 84' lang='lat' dir='ltr'><strong>Quid</strong></span> <span class='ocrx_word' id='word_1_540' title='bbox 1563 1726 1634 1752; x_wconf 87' lang='lat' dir='ltr'><strong>enim</strong></span> <span class='ocrx_word' id='word_1_541' title='bbox 1660 1726 1754 1760; x_wconf 82' lang='lat' dir='ltr'><strong>habes,</strong></span> 
     </span>
    </p>
   </div>
   <div class='ocr_carea' id='block_1_78' title="bbox 966 1768 1754 1802">
    <p class='ocr_par' dir='ltr' id='par_1_78' title="bbox 966 1768 1754 1802">
     <span class='ocr_line' id='line_1_78' title="bbox 966 1768 1754 1802; baseline 0.008 -8"><span class='ocrx_word' id='word_1_542' title='bbox 966 1768 1037 1801; x_wconf 86' lang='lat' dir='ltr'><strong>quod</strong></span> <span class='ocrx_word' id='word_1_543' title='bbox 1052 1775 1105 1794; x_wconf 92' lang='lat' dir='ltr'><strong>non</strong></span> <span class='ocrx_word' id='word_1_544' title='bbox 1130 1768 1259 1802; x_wconf 87' lang='lat' dir='ltr'><strong>accepisti</strong></span> <span class='ocrx_word' id='word_1_545' title='bbox 1271 1768 1314 1795; x_wconf 73' lang='lat' dir='ltr'><strong>&quot;t</strong></span> <span class='ocrx_word' id='word_1_546' title='bbox 1331 1779 1339 1795; x_wconf 77' lang='grc' dir='ltr'><strong>ι</strong></span> <span class='ocrx_word' id='word_1_547' title='bbox 1361 1773 1516 1797; x_wconf 86' lang='lat' dir='ltr'><strong>creaturam</strong></span> <span class='ocrx_word' id='word_1_548' title='bbox 1541 1771 1637 1798; x_wconf 90' lang='lat' dir='ltr'><strong>audire</strong></span> <span class='ocrx_word' id='word_1_549' title='bbox 1664 1772 1754 1800; x_wconf 85' lang='lat' dir='ltr'><strong>decet.</strong></span> 
     </span>
    </p>
   </div>
   <div class='ocr_carea' id='block_1_79' title="bbox 965 1812 1751 1850">
    <p class='ocr_par' dir='ltr' id='par_1_79' title="bbox 965 1812 1751 1850">
     <span class='ocr_line' id='line_1_79' title="bbox 965 1812 1751 1850; baseline 0.008 -11"><span class='ocrx_word' id='word_1_550' title='bbox 965 1812 1093 1841; x_wconf 78' lang='lat' dir='ltr'><strong>Arbitror</strong></span> <span class='ocrx_word' id='word_1_551' title='bbox 1112 1817 1202 1841; x_wconf 91' lang='lat' dir='ltr'><strong>autem</strong></span> <span class='ocrx_word' id='word_1_552' title='bbox 1220 1821 1269 1841; x_wconf 88' lang='lat' dir='ltr'><strong>sua</strong></span> <span class='ocrx_word' id='word_1_553' title='bbox 1284 1818 1360 1842; x_wconf 84' lang='lat' dir='ltr'><strong>sorte</strong></span> <span class='ocrx_word' id='word_1_554' title='bbox 1382 1819 1526 1843; x_wconf 89' lang='lat' dir='ltr'><strong>contentos</strong></span> <span class='ocrx_word' id='word_1_555' title='bbox 1546 1823 1608 1844; x_wconf 89' lang='lat' dir='ltr'><strong>esse</strong></span> <span class='ocrx_word' id='word_1_556' title='bbox 1636 1817 1751 1850; x_wconf 85' lang='lat' dir='ltr'><strong>debere,</strong></span> 
     </span>
    </p>
   </div>
   <div class='ocr_carea' id='block_1_80' title="bbox 965 1859 1757 1897">
    <p class='ocr_par' dir='ltr' id='par_1_80' title="bbox 965 1859 1757 1897">
     <span class='ocr_line' id='line_1_80' title="bbox 965 1859 1757 1897; baseline 0.008 -12"><span class='ocrx_word' id='word_1_557' title='bbox 965 1863 993 1886; x_wconf 91' lang='lat' dir='ltr'><strong>et</strong></span> <span class='ocrx_word' id='word_1_558' title='bbox 1007 1859 1159 1887; x_wconf 87' lang='lat' dir='ltr'><strong>honoribus</strong></span> <span class='ocrx_word' id='word_1_559' title='bbox 1175 1859 1285 1888; x_wconf 63' lang='lat' dir='ltr'><strong>coalitus</strong></span> <span class='ocrx_word' id='word_1_560' title='bbox 1314 1861 1456 1889; x_wconf 85' lang='lat' dir='ltr'><strong>concessis</strong></span> <span class='ocrx_word' id='word_1_561' title='bbox 1486 1862 1677 1897; x_wconf 85' lang='lat' dir='ltr'><strong>acquiescere,</strong></span> <span class='ocrx_word' id='word_1_562' title='bbox 1703 1871 1757 1892; x_wconf 84' lang='lat' dir='ltr'><strong>nec</strong></span> 
     </span>
    </p>
   </div>
   <div class='ocr_carea' id='block_1_81' title="bbox 966 1905 1753 1943">
    <p class='ocr_par' dir='ltr' id='par_1_81' title="bbox 966 1905 1753 1943">
     <span class='ocr_line' id='line_1_81' title="bbox 966 1905 1753 1943; baseline 0.005 -12"><span class='ocrx_word' id='word_1_563' title='bbox 966 1905 1081 1932; x_wconf 89' lang='lat' dir='ltr'><strong>ulterius</strong></span> <span class='ocrx_word' id='word_1_564' title='bbox 1108 1905 1257 1941; x_wconf 87' lang='lat' dir='ltr'><strong>quidquam</strong></span> <span class='ocrx_word' id='word_1_565' title='bbox 1289 1905 1427 1939; x_wconf 64' lang='lat' dir='ltr'><strong>adeetare,</strong></span> <span class='ocrx_word' id='word_1_566' title='bbox 1453 1915 1503 1935; x_wconf 91' lang='lat' dir='ltr'><strong>nec</strong></span> <span class='ocrx_word' id='word_1_567' title='bbox 1521 1908 1629 1943; x_wconf 82' lang='lat' dir='ltr'><strong>ingrato</strong></span> <span class='ocrx_word' id='word_1_568' title='bbox 1656 1909 1753 1936; x_wconf 85' lang='lat' dir='ltr'><strong>animo</strong></span> 
     </span>
    </p>
   </div>
   <div class='ocr_carea' id='block_1_82' title="bbox 966 1950 1753 1989">
    <p class='ocr_par' dir='ltr' id='par_1_82' title="bbox 966 1950 1753 1989">
     <span class='ocr_line' id='line_1_82' title="bbox 966 1950 1753 1989; baseline 0.005 -12"><span class='ocrx_word' id='word_1_569' title='bbox 966 1950 1087 1977; x_wconf 91' lang='lat' dir='ltr'><strong>divinum</strong></span> <span class='ocrx_word' id='word_1_570' title='bbox 1101 1952 1241 1986; x_wconf 85' lang='lat' dir='ltr'><strong>aspernari</strong></span> <span class='ocrx_word' id='word_1_571' title='bbox 1255 1951 1408 1983; x_wconf 83' lang='lat' dir='ltr'><strong>decretum,</strong></span> <span class='ocrx_word' id='word_1_572' title='bbox 1421 1953 1510 1986; x_wconf 81' lang='lat' dir='ltr'><strong>majus</strong></span> <span class='ocrx_word' id='word_1_573' title='bbox 1523 1961 1633 1989; x_wconf 88' lang='lat' dir='ltr'><strong>semper</strong></span> <span class='ocrx_word' id='word_1_574' title='bbox 1647 1954 1753 1989; x_wconf 88' lang='lat' dir='ltr'><strong>aliquid</strong></span> 
     </span>
    </p>
   </div>
   <div class='ocr_carea' id='block_1_83' title="bbox 966 1996 1754 2034">
    <p class='ocr_par' dir='ltr' id='par_1_83' title="bbox 966 1996 1754 2034">
     <span class='ocr_line' id='line_1_83' title="bbox 966 1996 1754 2034; baseline 0.006 -11"><span class='ocrx_word' id='word_1_575' title='bbox 966 1996 1122 2028; x_wconf 87' lang='lat' dir='ltr'><strong>ambiendo,</strong></span> <span class='ocrx_word' id='word_1_576' title='bbox 1137 2001 1164 2024; x_wconf 82' lang='lat' dir='ltr'><strong>et</strong></span> <span class='ocrx_word' id='word_1_577' title='bbox 1175 1996 1280 2024; x_wconf 89' lang='lat' dir='ltr'><strong>Domini</strong></span> <span class='ocrx_word' id='word_1_578' title='bbox 1294 2004 1414 2032; x_wconf 78' lang='lat' dir='ltr'><strong>pugnare</strong></span> <span class='ocrx_word' id='word_1_579' title='bbox 1426 1998 1550 2032; x_wconf 88' lang='lat' dir='ltr'><strong>judiciis,</strong></span> <span class='ocrx_word' id='word_1_580' title='bbox 1578 2000 1651 2034; x_wconf 91' lang='lat' dir='ltr'><strong>quod</strong></span> <span class='ocrx_word' id='word_1_581' title='bbox 1678 2008 1754 2028; x_wconf 87' lang='lat' dir='ltr'><strong>asse-</strong></span> 
     </span>
    </p>
   </div>
   <div class='ocr_carea' id='block_1_84' title="bbox 965 2042 1754 2080">
    <p class='ocr_par' dir='ltr' id='par_1_84' title="bbox 965 2042 1754 2080">
     <span class='ocr_line' id='line_1_84' title="bbox 965 2042 1754 2080; baseline 0.004 -11"><span class='ocrx_word' id='word_1_582' title='bbox 965 2043 1011 2078; x_wconf 90' lang='lat' dir='ltr'><strong>qui</strong></span> <span class='ocrx_word' id='word_1_583' title='bbox 1027 2042 1127 2077; x_wconf 85' lang='lat' dir='ltr'><strong>pudeat</strong></span> <span class='ocrx_word' id='word_1_584' title='bbox 1139 2043 1213 2078; x_wconf 91' lang='lat' dir='ltr'><strong>quod</strong></span> <span class='ocrx_word' id='word_1_585' title='bbox 1233 2042 1353 2077; x_wconf 81' lang='lat' dir='ltr'><strong>perfecto</strong></span> <span class='ocrx_word' id='word_1_586' title='bbox 1378 2043 1414 2071; x_wconf 89' lang='lat' dir='ltr'><strong>sit</strong></span> <span class='ocrx_word' id='word_1_587' title='bbox 1437 2044 1539 2076; x_wconf 88' lang='lat' dir='ltr'><strong>minus.</strong></span> <span class='ocrx_word' id='word_1_588' title='bbox 1557 2046 1604 2072; x_wconf 89' lang='lat' dir='ltr'><strong>sed</strong></span> <span class='ocrx_word' id='word_1_589' title='bbox 1620 2053 1754 2080; x_wconf 63' lang='lat' dir='ltr'><strong>quaecun-</strong></span> 
     </span>
    </p>
   </div>
   <div class='ocr_carea' id='block_1_85' title="bbox 965 2087 1757 2123">
    <p class='ocr_par' dir='ltr' id='par_1_85' title="bbox 965 2087 1757 2123">
     <span class='ocr_line' id='line_1_85' title="bbox 965 2087 1757 2123; baseline 0.004 -9"><span class='ocrx_word' id='word_1_590' title='bbox 965 2095 1019 2122; x_wconf 91' lang='lat' dir='ltr'><strong>que</strong></span> <span class='ocrx_word' id='word_1_591' title='bbox 1034 2087 1168 2115; x_wconf 89' lang='lat' dir='ltr'><strong>honorare</strong></span> <span class='ocrx_word' id='word_1_592' title='bbox 1180 2087 1309 2121; x_wconf 82' lang='lat' dir='ltr'><strong>voluerit,</strong></span> <span class='ocrx_word' id='word_1_593' title='bbox 1327 2095 1358 2116; x_wconf 87' lang='lat' dir='ltr'><strong>ca</strong></span> <span class='ocrx_word' id='word_1_594' title='bbox 1375 2091 1450 2115; x_wconf 89' lang='lat' dir='ltr'><strong>certe</strong></span> <span class='ocrx_word' id='word_1_595' title='bbox 1462 2089 1552 2123; x_wconf 88' lang='lat' dir='ltr'><strong>magni</strong></span> <span class='ocrx_word' id='word_1_596' title='bbox 1567 2088 1701 2116; x_wconf 77' lang='lat' dir='ltr'><strong>facienda.</strong></span> <span class='ocrx_word' id='word_1_597' title='bbox 1715 2090 1757 2117; x_wconf 78' lang='lat' dir='ltr'><strong>Ne</strong></span> 
     </span>
    </p>
   </div>
   <div class='ocr_carea' id='block_1_86' title="bbox 966 2133 1755 2169">
    <p class='ocr_par' dir='ltr' id='par_1_86' title="bbox 966 2133 1755 2169">
     <span class='ocr_line' id='line_1_86' title="bbox 966 2133 1755 2169; baseline 0.003 -9"><span class='ocrx_word' id='word_1_598' title='bbox 966 2134 1073 2168; x_wconf 78' lang='lat' dir='ltr'><strong>angitur</strong></span> <span class='ocrx_word' id='word_1_599' title='bbox 1087 2135 1180 2168; x_wconf 90' lang='lat' dir='ltr'><strong>itaque</strong></span> <span class='ocrx_word' id='word_1_600' title='bbox 1194 2141 1280 2165; x_wconf 89' lang='lat' dir='ltr'><strong>meus,</strong></span> <span class='ocrx_word' id='word_1_601' title='bbox 1298 2134 1396 2169; x_wconf 88' lang='lat' dir='ltr'><strong>inquit,</strong></span> <span class='ocrx_word' id='word_1_602' title='bbox 1426 2133 1591 2168; x_wconf 85' lang='lat' dir='ltr'><strong>discipulus,</strong></span> <span class='ocrx_word' id='word_1_603' title='bbox 1620 2135 1642 2161; x_wconf 85' lang='lat' dir='ltr'><strong>si</strong></span> <span class='ocrx_word' id='word_1_604' title='bbox 1664 2143 1755 2163; x_wconf 78' lang='lat' dir='ltr'><strong>meam</strong></span> 
     </span>
    </p>
   </div>
   <div class='ocr_carea' id='block_1_87' title="bbox 965 2181 1753 2216">
    <p class='ocr_par' dir='ltr' id='par_1_87' title="bbox 965 2181 1753 2216">
     <span class='ocr_line' id='line_1_87' title="bbox 965 2181 1753 2216; baseline 0.003 -9"><span class='ocrx_word' id='word_1_605' title='bbox 965 2185 1066 2208; x_wconf 81' lang='lat' dir='ltr'><strong>sortem</strong></span> <span class='ocrx_word' id='word_1_606' title='bbox 1094 2187 1149 2208; x_wconf 93' lang='lat' dir='ltr'><strong>non</strong></span> <span class='ocrx_word' id='word_1_607' title='bbox 1171 2181 1283 2211; x_wconf 80' lang='lat' dir='ltr'><strong>excedo.</strong></span> <span class='ocrx_word' id='word_1_608' title='bbox 1312 2182 1335 2208; x_wconf 88' lang='lat' dir='ltr'><strong>si</strong></span> <span class='ocrx_word' id='word_1_609' title='bbox 1364 2181 1497 2215; x_wconf 87' lang='lat' dir='ltr'><strong>majorem</strong></span> <span class='ocrx_word' id='word_1_610' title='bbox 1514 2188 1570 2208; x_wconf 86' lang='lat' dir='ltr'><strong>non</strong></span> <span class='ocrx_word' id='word_1_611' title='bbox 1598 2181 1706 2216; x_wconf 79' lang='lat' dir='ltr'><strong>ignoro,</strong></span> <span class='ocrx_word' id='word_1_612' title='bbox 1726 2187 1753 2209; x_wconf 85' lang='lat' dir='ltr'><strong>et</strong></span> 
     </span>
    </p>
   </div>
   <div class='ocr_carea' id='block_1_88' title="bbox 127 2225 917 2263">
    <p class='ocr_par' dir='ltr' id='par_1_88' title="bbox 127 2225 915 2262">
     <span class='ocr_line' id='line_1_88' title="bbox 127 2225 915 2262; baseline 0.005 -11"><span class='ocrx_word' id='word_1_613' title='bbox 127 2225 194 2259; x_wconf 81' lang='grc' dir='ltr'>ὲμὸν</span> <span class='ocrx_word' id='word_1_614' title='bbox 206 2225 354 2261; x_wconf 78' lang='grc' dir='ltr'>ὲξάλλομαι</span> <span class='ocrx_word' id='word_1_615' title='bbox 365 2225 473 2262; x_wconf 81' lang='grc' dir='ltr'>μέτρον,</span> <span class='ocrx_word' id='word_1_616' title='bbox 489 2227 512 2253; x_wconf 84' lang='grc' dir='ltr'><strong>εί</strong></span> <span class='ocrx_word' id='word_1_617' title='bbox 527 2227 557 2253; x_wconf 80' lang='grc' dir='ltr'>τὸ</span> <span class='ocrx_word' id='word_1_618' title='bbox 578 2227 669 2262; x_wconf 74' lang='grc' dir='ltr'>μεῖζον</span> <span class='ocrx_word' id='word_1_619' title='bbox 684 2229 734 2254; x_wconf 81' lang='grc' dir='ltr'><strong>οὐκ</strong></span> <span class='ocrx_word' id='word_1_620' title='bbox 752 2228 849 2262; x_wconf 77' lang='grc' dir='ltr'>ἀγνοῶ,</span> <span class='ocrx_word' id='word_1_621' title='bbox 868 2229 915 2255; x_wconf 75' lang='grc' dir='ltr'><strong>καὶ</strong></span> 
     </span>
    </p>
   </div>
   <div class='ocr_carea' id='block_1_89' title="bbox 967 2225 1717 2263">
    <p class='ocr_par' dir='ltr' id='par_1_89' title="bbox 967 2227 1717 2263">
     <span class='ocr_line' id='line_1_89' title="bbox 967 2227 1717 2263; baseline 0.001 -9"><span class='ocrx_word' id='word_1_622' title='bbox 967 2227 1038 2254; x_wconf 87' lang='lat' dir='ltr'><strong>intra</strong></span> <span class='ocrx_word' id='word_1_623' title='bbox 1053 2227 1168 2262; x_wconf 81' lang='lat' dir='ltr'><strong>gloriam</strong></span> <span class='ocrx_word' id='word_1_624' title='bbox 1182 2227 1346 2255; x_wconf 79' lang='lat' dir='ltr'><strong>humanitati</strong></span> <span class='ocrx_word' id='word_1_625' title='bbox 1359 2231 1557 2263; x_wconf 85' lang='lat' dir='ltr'><strong>congruentem</strong></span> <span class='ocrx_word' id='word_1_626' title='bbox 1577 2235 1717 2255; x_wconf 86' lang='lat' dir='ltr'><strong>coerccor.</strong></span> 
     </span>
    </p>
   </div>
   <div class='ocr_carea' id='block_1_90' title="bbox 127 2269 701 2307">
    <p class='ocr_par' dir='ltr' id='par_1_90' title="bbox 127 2269 701 2307">
     <span class='ocr_line' id='line_1_90' title="bbox 127 2269 701 2307; baseline 0.005 -12"><span class='ocrx_word' id='word_1_627' title='bbox 127 2271 168 2301; x_wconf 69' lang='grc' dir='ltr'>εἷς</span> <span class='ocrx_word' id='word_1_628' title='bbox 183 2269 261 2303; x_wconf 77' lang='grc' dir='ltr'>δόξαν</span> <span class='ocrx_word' id='word_1_629' title='bbox 275 2270 496 2307; x_wconf 82' lang='grc' dir='ltr'>ἀνθρωποπρεπῆ</span> <span class='ocrx_word' id='word_1_630' title='bbox 511 2272 701 2307; x_wconf 81' lang='grc' dir='ltr'>συστέλλομαι.</span> 
     </span>
    </p>
   </div>
   <div class='ocr_carea' id='block_1_91' title="bbox 159 2315 914 2354">
    <p class='ocr_par' dir='ltr' id='par_1_91' title="bbox 159 2315 914 2354">
     <span class='ocr_line' id='line_1_91' title="bbox 159 2315 914 2354; baseline 0.003 -10"><span class='ocrx_word' id='word_1_631' title='bbox 159 2316 248 2344; x_wconf 80' lang='grc' dir='ltr'>Αὐτοὶ</span> <span class='ocrx_word' id='word_1_632' title='bbox 257 2316 342 2351; x_wconf 80' lang='grc' dir='ltr'>ὑμεῖς</span> <span class='ocrx_word' id='word_1_633' title='bbox 352 2326 402 2352; x_wconf 82' lang='grc' dir='ltr'>μοι</span> <span class='ocrx_word' id='word_1_634' title='bbox 416 2317 598 2352; x_wconf 80' lang='grc' dir='ltr'>μαρτυρεῖτε,</span> <span class='ocrx_word' id='word_1_635' title='bbox 613 2318 658 2344; x_wconf 84' lang='grc' dir='ltr'>ὅτι</span> <span class='ocrx_word' id='word_1_636' title='bbox 669 2315 763 2345; x_wconf 78' lang='grc' dir='ltr'>εἶπον·</span> <span class='ocrx_word' id='word_1_637' title='bbox 777 2318 848 2354; x_wconf 82' lang='grc' dir='ltr'><strong>Ἐγὼ</strong></span> <span class='ocrx_word' id='word_1_638' title='bbox 859 2321 914 2347; x_wconf 81' lang='grc' dir='ltr'>οὐκ</span> 
     </span>
    </p>
   </div>
   <div class='ocr_carea' id='block_1_92' title="bbox 127 2361 915 2398">
    <p class='ocr_par' dir='ltr' id='par_1_92' title="bbox 127 2361 915 2398">
     <span class='ocr_line' id='line_1_92' title="bbox 127 2361 915 2398; baseline 0.005 -12"><span class='ocrx_word' id='word_1_639' title='bbox 127 2361 187 2395; x_wconf 73' lang='grc' dir='ltr'>εἰμὶ</span> <span class='ocrx_word' id='word_1_640' title='bbox 201 2361 217 2387; x_wconf 86' lang='grc' dir='ltr'><em>ὸ</em></span> <span class='ocrx_word' id='word_1_641' title='bbox 231 2361 368 2395; x_wconf 83' lang='grc' dir='ltr'>Χριστὸς,</span> <span class='ocrx_word' id='word_1_642' title='bbox 384 2361 453 2389; x_wconf 75' lang='grc' dir='ltr'>ἀλλ’</span> <span class='ocrx_word' id='word_1_643' title='bbox 475 2361 520 2389; x_wconf 84' lang='grc' dir='ltr'>ὅτι</span> <span class='ocrx_word' id='word_1_644' title='bbox 536 2362 763 2397; x_wconf 78' lang='grc' dir='ltr'>ἀπεσταλμένος</span> <span class='ocrx_word' id='word_1_645' title='bbox 780 2364 838 2398; x_wconf 74' lang='grc' dir='ltr'>εἰμὶ</span> <span class='ocrx_word' id='word_1_646' title='bbox 864 2364 915 2398; x_wconf 81' lang='grc' dir='ltr'><strong>ἐμ-</strong></span> 
     </span>
    </p>
   </div>
   <div class='ocr_carea' id='block_1_93' title="bbox 127 2407 402 2440">
    <p class='ocr_par' dir='ltr' id='par_1_93' title="bbox 127 2407 402 2440">
     <span class='ocr_line' id='line_1_93' title="bbox 127 2407 402 2440; baseline 0.011 -8"><span class='ocrx_word' id='word_1_647' title='bbox 127 2407 263 2440; x_wconf 74' lang='grc' dir='ltr'>προσθεν</span> <span class='ocrx_word' id='word_1_648' title='bbox 273 2407 402 2435; x_wconf 80' lang='grc' dir='ltr'>ἐκείνου.</span> 
     </span>
    </p>
   </div>
   <div class='ocr_carea' id='block_1_94' title="bbox 163 2451 913 2491">
    <p class='ocr_par' dir='ltr' id='par_1_94' title="bbox 163 2451 913 2491">
     <span class='ocr_line' id='line_1_94' title="bbox 163 2451 913 2491; baseline 0.004 -13"><span class='ocrx_word' id='word_1_649' title='bbox 163 2452 212 2483; x_wconf 88' lang='grc' dir='ltr'>Εἰς</span> <span class='ocrx_word' id='word_1_650' title='bbox 223 2451 375 2488; x_wconf 80' lang='grc' dir='ltr'>ἀνάμνησιν</span> <span class='ocrx_word' id='word_1_651' title='bbox 390 2453 451 2487; x_wconf 85' lang='grc' dir='ltr'>ἄγει</span> <span class='ocrx_word' id='word_1_652' title='bbox 465 2453 529 2485; x_wconf 80' lang='grc' dir='ltr'>τοὺς</span> <span class='ocrx_word' id='word_1_653' title='bbox 549 2453 647 2480; x_wconf 78' lang='grc' dir='ltr'>ἑαυτοῦ</span> <span class='ocrx_word' id='word_1_654' title='bbox 661 2453 784 2490; x_wconf 80' lang='grc' dir='ltr'>μαθητὰς</span> <span class='ocrx_word' id='word_1_655' title='bbox 807 2451 844 2481; x_wconf 83' lang='grc' dir='ltr'>ὧν</span> <span class='ocrx_word' id='word_1_656' title='bbox 864 2455 913 2491; x_wconf 75' lang='grc' dir='ltr'>ήδη</span> 
     </span>
    </p>
   </div>
   <div class='ocr_carea' id='block_1_95' title="bbox 129 2501 913 2537">
    <p class='ocr_par' dir='ltr' id='par_1_95' title="bbox 129 2501 913 2537">
     <span class='ocr_line' id='line_1_95' title="bbox 129 2501 913 2537; baseline 0.001 -10"><span class='ocrx_word' id='word_1_657' title='bbox 129 2501 260 2531; x_wconf 84' lang='grc' dir='ltr'>πολλάκις</span> <span class='ocrx_word' id='word_1_658' title='bbox 271 2501 405 2536; x_wconf 82' lang='grc' dir='ltr'>ἀκηκόασι</span> <span class='ocrx_word' id='word_1_659' title='bbox 420 2501 517 2536; x_wconf 84' lang='grc' dir='ltr'>λόγων,</span> <span class='ocrx_word' id='word_1_660' title='bbox 526 2501 594 2537; x_wconf 80' lang='grc' dir='ltr'>ὁμοῦ</span> <span class='ocrx_word' id='word_1_661' title='bbox 606 2502 655 2537; x_wconf 89' lang='grc' dir='ltr'>μὲν</span> <span class='ocrx_word' id='word_1_662' title='bbox 665 2501 784 2537; x_wconf 78' lang='grc' dir='ltr'>ἐλέγχων</span> <span class='ocrx_word' id='word_1_663' title='bbox 798 2502 913 2537; x_wconf 83' lang='grc' dir='ltr'>εὐφυῶς,</span> 
     </span>
    </p>
   </div>
   <div class='ocr_carea' id='block_1_96' title="bbox 128 2547 915 2584">
    <p class='ocr_par' dir='ltr' id='par_1_96' title="bbox 128 2547 915 2584">
     <span class='ocr_line' id='line_1_96' title="bbox 128 2547 915 2584; baseline 0.001 -10"><span class='ocrx_word' id='word_1_664' title='bbox 128 2549 166 2580; x_wconf 78' lang='grc' dir='ltr'><strong>ὡς</strong></span> <span class='ocrx_word' id='word_1_665' title='bbox 183 2549 216 2583; x_wconf 76' lang='grc' dir='ltr'><strong>τῇ</strong></span> <span class='ocrx_word' id='word_1_666' title='bbox 229 2548 284 2575; x_wconf 90' lang='grc' dir='ltr'>τῶν</span> <span class='ocrx_word' id='word_1_667' title='bbox 296 2547 440 2584; x_wconf 83' lang='grc' dir='ltr'>χρησίμων</span> <span class='ocrx_word' id='word_1_668' title='bbox 454 2548 523 2584; x_wconf 85' lang='grc' dir='ltr'>λήθῃ</span> <span class='ocrx_word' id='word_1_669' title='bbox 545 2549 766 2584; x_wconf 69' lang='grc' dir='ltr'>κεχειρωμένους,</span> <span class='ocrx_word' id='word_1_670' title='bbox 787 2549 833 2575; x_wconf 84' lang='grc' dir='ltr'>καὶ</span> <span class='ocrx_word' id='word_1_671' title='bbox 852 2549 915 2584; x_wconf 79' lang='grc' dir='ltr'>περὶ</span> 
     </span>
    </p>
   </div>
   <div class='ocr_carea' id='block_1_97' title="bbox 127 2593 913 2629">
    <p class='ocr_par' dir='ltr' id='par_1_97' title="bbox 127 2593 913 2629">
     <span class='ocr_line' id='line_1_97' title="bbox 127 2593 913 2629; baseline 0.001 -10"><span class='ocrx_word' id='word_1_672' title='bbox 127 2594 178 2629; x_wconf 80' lang='grc' dir='ltr'>τὴν</span> <span class='ocrx_word' id='word_1_673' title='bbox 194 2593 266 2620; x_wconf 80' lang='grc' dir='ltr'>οὕτω</span> <span class='ocrx_word' id='word_1_674' title='bbox 280 2593 447 2628; x_wconf 81' lang='grc' dir='ltr'>σεμνοτάτην</span> <span class='ocrx_word' id='word_1_675' title='bbox 468 2593 642 2621; x_wconf 83' lang='grc' dir='ltr'>διδασκαλίαν</span> <span class='ocrx_word' id='word_1_676' title='bbox 666 2594 913 2627; x_wconf 83' lang='grc' dir='ltr'>ἀπονυστάζοντας,</span> 
     </span>
    </p>
   </div>
   <div class='ocr_carea' id='block_1_98' title="bbox 127 2639 915 2676">
    <p class='ocr_par' dir='ltr' id='par_1_98' title="bbox 127 2639 915 2676">
     <span class='ocr_line' id='line_1_98' title="bbox 127 2639 915 2676; baseline 0.001 -10"><span class='ocrx_word' id='word_1_677' title='bbox 127 2641 195 2675; x_wconf 69' lang='grc' dir='ltr'>ὁμοῦ</span> <span class='ocrx_word' id='word_1_678' title='bbox 204 2641 241 2667; x_wconf 56' lang='grc' dir='ltr'><strong>’δὲ</strong></span> <span class='ocrx_word' id='word_1_679' title='bbox 251 2639 403 2667; x_wconf 78' lang='grc' dir='ltr'>ἀναπείθων</span> <span class='ocrx_word' id='word_1_680' title='bbox 416 2640 466 2675; x_wconf 79' lang='grc' dir='ltr'>τῆς</span> <span class='ocrx_word' id='word_1_681' title='bbox 484 2640 557 2671; x_wconf 82' lang='grc' dir='ltr'>θείας</span> <span class='ocrx_word' id='word_1_682' title='bbox 571 2641 724 2676; x_wconf 84' lang='grc' dir='ltr'>μεμνῆσθαι</span> <span class='ocrx_word' id='word_1_683' title='bbox 735 2641 855 2676; x_wconf 80' lang='grc' dir='ltr'>Γραφῆς,</span> <span class='ocrx_word' id='word_1_684' title='bbox 869 2640 915 2667; x_wconf 68' lang='lat' dir='ltr'><strong>ara</strong></span> 
     </span>
    </p>
   </div>
   <div class='ocr_carea' id='block_1_99' title="bbox 127 2686 916 2722">
    <p class='ocr_par' dir='ltr' id='par_1_99' title="bbox 127 2686 916 2722">
     <span class='ocr_line' id='line_1_99' title="bbox 127 2686 916 2722; baseline 0 -10"><span class='ocrx_word' id='word_1_685' title='bbox 127 2686 160 2721; x_wconf 83' lang='grc' dir='ltr'>δὴ</span> <span class='ocrx_word' id='word_1_686' title='bbox 171 2687 203 2722; x_wconf 84' lang='grc' dir='ltr'><strong>τῇ</strong></span> <span class='ocrx_word' id='word_1_687' title='bbox 220 2687 267 2712; x_wconf 68' lang='grc' dir='ltr'><strong>ἐπὶ</strong></span> <span class='ocrx_word' id='word_1_688' title='bbox 278 2686 365 2721; x_wconf 84' lang='grc' dir='ltr'>τούτῳ</span> <span class='ocrx_word' id='word_1_689' title='bbox 380 2686 541 2722; x_wconf 83' lang='grc' dir='ltr'>φιλομαθείᾳ</span> <span class='ocrx_word' id='word_1_690' title='bbox 560 2686 813 2722; x_wconf 80' lang='grc' dir='ltr'>συντεθραμμένους</span> <span class='ocrx_word' id='word_1_691' title='bbox 825 2695 831 2701; x_wconf 92' lang='grc'>·</span> <span class='ocrx_word' id='word_1_692' title='bbox 855 2687 916 2713; x_wconf 80' lang='grc' dir='ltr'>τίνα</span> 
     </span>
    </p>
   </div>
   <div class='ocr_carea' id='block_1_100' title="bbox 129 2730 915 2768">
    <p class='ocr_par' dir='ltr' id='par_1_100' title="bbox 129 2730 915 2768">
     <span class='ocr_line' id='line_1_100' title="bbox 129 2730 915 2768; baseline 0.001 -9"><span class='ocrx_word' id='word_1_693' title='bbox 129 2732 181 2768; x_wconf 80' lang='grc' dir='ltr'>μὲν</span> <span class='ocrx_word' id='word_1_694' title='bbox 207 2733 318 2759; x_wconf 80' lang='grc' dir='ltr'>ἔσεσθαι</span> <span class='ocrx_word' id='word_1_695' title='bbox 340 2733 470 2768; x_wconf 79' lang='grc' dir='ltr'>κηρύττει</span> <span class='ocrx_word' id='word_1_696' title='bbox 499 2733 614 2766; x_wconf 79' lang='grc' dir='ltr'>Χριστόν</span> <span class='ocrx_word' id='word_1_697' title='bbox 631 2740 638 2748; x_wconf 87' lang='grc'><strong>·</strong></span> <span class='ocrx_word' id='word_1_698' title='bbox 662 2733 722 2759; x_wconf 85' lang='grc' dir='ltr'>τίνα</span> <span class='ocrx_word' id='word_1_699' title='bbox 739 2733 768 2759; x_wconf 75' lang='grc' dir='ltr'>δὲ</span> <span class='ocrx_word' id='word_1_700' title='bbox 786 2730 819 2759; x_wconf 74' lang='grc' dir='ltr'>αὖ</span> <span class='ocrx_word' id='word_1_701' title='bbox 835 2733 915 2760; x_wconf 83' lang='grc' dir='ltr'>πάλιν</span> 
     </span>
    </p>
   </div>
   <div class='ocr_carea' id='block_1_101' title="bbox 128 2779 915 2818">
    <p class='ocr_par' dir='ltr' id='par_1_101' title="bbox 128 2779 915 2818">
     <span class='ocr_line' id='line_1_101' title="bbox 128 2779 915 2818; baseline -0.003 -12"><span class='ocrx_word' id='word_1_702' title='bbox 128 2780 173 2806; x_wconf 65' lang='grc' dir='ltr'><strong>τὸν</strong></span> <span class='ocrx_word' id='word_1_703' title='bbox 187 2779 354 2814; x_wconf 73' lang='grc' dir='ltr'>προκῄρυκα</span> <span class='ocrx_word' id='word_1_704' title='bbox 378 2779 534 2815; x_wconf 83' lang='grc' dir='ltr'>Βαπτιστήν</span> <span class='ocrx_word' id='word_1_705' title='bbox 549 2788 555 2795; x_wconf 80' lang='grc'><em>’</em></span> <span class='ocrx_word' id='word_1_706' title='bbox 569 2780 639 2807; x_wconf 76' lang='grc' dir='ltr'>οὕτω</span> <span class='ocrx_word' id='word_1_707' title='bbox 659 2779 843 2818; x_wconf 26' lang='grc' dir='ltr'>γὰρηὲμελλον</span> <span class='ocrx_word' id='word_1_708' title='bbox 866 2779 915 2814; x_wconf 83' lang='grc' dir='ltr'>τὴν</span> 
     </span>
    </p>
   </div>
   <div class='ocr_carea' id='block_1_102' title="bbox 181 2867 407 2899">
    <p class='ocr_par' dir='ltr' id='par_1_102' title="bbox 181 2867 407 2899">
     <span class='ocr_line' id='line_1_102' title="bbox 181 2867 407 2899; baseline 0.004 -6"><span class='ocrx_word' id='word_1_709' title='bbox 181 2867 229 2893; x_wconf 58' lang='grc' dir='ltr'>’τι</span> <span class='ocrx_word' id='word_1_710' title='bbox 251 2867 315 2894; x_wconf 86' lang='lat' dir='ltr'><strong>Cor.</strong></span> <span class='ocrx_word' id='word_1_711' title='bbox 329 2875 364 2899; x_wconf 75' lang='grc' dir='ltr'><strong>ιν,</strong></span> <span class='ocrx_word' id='word_1_712' title='bbox 380 2867 407 2894; x_wconf 91' lang='grc'><strong>7.</strong></span> 
     </span>
    </p>
   </div>
   <div class='ocr_carea' id='block_1_103' title="bbox 1002 2313 1753 2350">
    <p class='ocr_par' dir='ltr' id='par_1_103' title="bbox 1002 2313 1753 2350">
     <span class='ocr_line' id='line_1_103' title="bbox 1002 2313 1753 2350; baseline -0.003 -8"><span class='ocrx_word' id='word_1_713' title='bbox 1002 2314 1048 2345; x_wconf 82' lang='lat' dir='ltr'><strong>lIl.</strong></span> <span class='ocrx_word' id='word_1_714' title='bbox 1063 2315 1108 2342; x_wconf 69' lang='lat'><strong>28.</strong></span> <span class='ocrx_word' id='word_1_715' title='bbox 1126 2314 1183 2350; x_wconf 77' lang='lat' dir='ltr'><strong>Ipsi</strong></span> <span class='ocrx_word' id='word_1_716' title='bbox 1195 2323 1240 2342; x_wconf 76' lang='lat' dir='ltr'><strong>vos</strong></span> <span class='ocrx_word' id='word_1_717' title='bbox 1252 2315 1315 2342; x_wconf 86' lang='lat' dir='ltr'><strong>mihi</strong></span> <span class='ocrx_word' id='word_1_718' title='bbox 1328 2315 1504 2341; x_wconf 80' lang='lat' dir='ltr'><strong>testimonium</strong></span> <span class='ocrx_word' id='word_1_719' title='bbox 1515 2313 1666 2347; x_wconf 79' lang='lat' dir='ltr'><strong>perhibetis,</strong></span> <span class='ocrx_word' id='word_1_720' title='bbox 1683 2315 1753 2348; x_wconf 81' lang='lat' dir='ltr'><strong>quod</strong></span> 
     </span>
    </p>
   </div>
   <div class='ocr_carea' id='block_1_104' title="bbox 967 2358 1753 2396">
    <p class='ocr_par' dir='ltr' id='par_1_104' title="bbox 967 2358 1753 2396">
     <span class='ocr_line' id='line_1_104' title="bbox 967 2358 1753 2396; baseline 0 -8"><span class='ocrx_word' id='word_1_721' title='bbox 967 2361 1078 2388; x_wconf 69' lang='lat' dir='ltr'><strong>dixerim</strong></span> <span class='ocrx_word' id='word_1_722' title='bbox 1092 2369 1101 2387; x_wconf 95' lang='lat'><em>:</em></span> <span class='ocrx_word' id='word_1_723' title='bbox 1122 2360 1184 2388; x_wconf 83' lang='lat' dir='ltr'><strong>Non</strong></span> <span class='ocrx_word' id='word_1_724' title='bbox 1200 2369 1258 2388; x_wconf 77' lang='lat' dir='ltr'><strong>sum</strong></span> <span class='ocrx_word' id='word_1_725' title='bbox 1274 2369 1320 2396; x_wconf 81' lang='lat' dir='ltr'><strong>ego</strong></span> <span class='ocrx_word' id='word_1_726' title='bbox 1339 2360 1484 2393; x_wconf 73' lang='lat' dir='ltr'><strong>Christus;</strong></span> <span class='ocrx_word' id='word_1_727' title='bbox 1504 2358 1549 2386; x_wconf 76' lang='lat' dir='ltr'><strong>sed</strong></span> <span class='ocrx_word' id='word_1_728' title='bbox 1572 2359 1635 2394; x_wconf 87' lang='lat' dir='ltr'><strong>quia</strong></span> <span class='ocrx_word' id='word_1_729' title='bbox 1654 2360 1753 2388; x_wconf 72' lang='lat' dir='ltr'><strong>missus</strong></span> 
     </span>
    </p>
   </div>
   <div class='ocr_carea' id='block_1_105' title="bbox 967 2408 1208 2434">
    <p class='ocr_par' dir='ltr' id='par_1_105' title="bbox 967 2408 1208 2434">
     <span class='ocr_line' id='line_1_105' title="bbox 967 2408 1208 2434; baseline 0 0"><span class='ocrx_word' id='word_1_730' title='bbox 967 2415 1025 2434; x_wconf 80' lang='lat' dir='ltr'><strong>sum</strong></span> <span class='ocrx_word' id='word_1_731' title='bbox 1044 2412 1104 2434; x_wconf 81' lang='lat' dir='ltr'><strong>ante</strong></span> <span class='ocrx_word' id='word_1_732' title='bbox 1119 2408 1208 2434; x_wconf 84' lang='lat' dir='ltr'><strong>illum.</strong></span> 
     </span>
    </p>
   </div>
   <div class='ocr_carea' id='block_1_106' title="bbox 1004 2452 1755 2488">
    <p class='ocr_par' dir='ltr' id='par_1_106' title="bbox 1004 2452 1755 2488">
     <span class='ocr_line' id='line_1_106' title="bbox 1004 2452 1755 2488; baseline 0 -8"><span class='ocrx_word' id='word_1_733' title='bbox 1004 2453 1151 2488; x_wconf 86' lang='lat' dir='ltr'><strong>Discipulis</strong></span> <span class='ocrx_word' id='word_1_734' title='bbox 1176 2453 1233 2481; x_wconf 86' lang='lat' dir='ltr'><strong>suis</strong></span> <span class='ocrx_word' id='word_1_735' title='bbox 1259 2453 1287 2480; x_wconf 88' lang='lat' dir='ltr'><strong>in</strong></span> <span class='ocrx_word' id='word_1_736' title='bbox 1317 2452 1478 2480; x_wconf 88' lang='lat' dir='ltr'><strong>memoriam</strong></span> <span class='ocrx_word' id='word_1_737' title='bbox 1505 2453 1612 2481; x_wconf 87' lang='lat' dir='ltr'><strong>reducit</strong></span> <span class='ocrx_word' id='word_1_738' title='bbox 1640 2460 1672 2480; x_wconf 89' lang='lat' dir='ltr'><strong>ea</strong></span> <span class='ocrx_word' id='word_1_739' title='bbox 1692 2460 1755 2487; x_wconf 75' lang='lat' dir='ltr'><strong>quae</strong></span> 
     </span>
    </p>
   </div>
   <div class='ocr_carea' id='block_1_107' title="bbox 968 2498 1752 2535">
    <p class='ocr_par' dir='ltr' id='par_1_107' title="bbox 968 2498 1752 2535">
     <span class='ocr_line' id='line_1_107' title="bbox 968 2498 1752 2535; baseline -0.004 -7"><span class='ocrx_word' id='word_1_740' title='bbox 968 2508 1039 2535; x_wconf 68' lang='lat' dir='ltr'><strong>smpe</strong></span> <span class='ocrx_word' id='word_1_741' title='bbox 1055 2500 1110 2535; x_wconf 84' lang='lat' dir='ltr'><strong>jam</strong></span> <span class='ocrx_word' id='word_1_742' title='bbox 1127 2499 1282 2529; x_wconf 82' lang='lat' dir='ltr'><strong>audierant.</strong></span> <span class='ocrx_word' id='word_1_743' title='bbox 1298 2499 1398 2533; x_wconf 89' lang='lat' dir='ltr'><strong>partim</strong></span> <span class='ocrx_word' id='word_1_744' title='bbox 1414 2498 1523 2533; x_wconf 83' lang='lat' dir='ltr'><strong>quidem</strong></span> <span class='ocrx_word' id='word_1_745' title='bbox 1540 2507 1587 2527; x_wconf 89' lang='lat' dir='ltr'><strong>eos</strong></span> <span class='ocrx_word' id='word_1_746' title='bbox 1616 2499 1685 2528; x_wconf 88' lang='lat' dir='ltr'><strong>scite</strong></span> <span class='ocrx_word' id='word_1_747' title='bbox 1708 2506 1752 2526; x_wconf 86' lang='lat' dir='ltr'><strong>ar-</strong></span> 
     </span>
    </p>
   </div>
   <div class='ocr_carea' id='block_1_108' title="bbox 968 2545 1753 2583">
    <p class='ocr_par' dir='ltr' id='par_1_108' title="bbox 968 2545 1753 2583">
     <span class='ocr_line' id='line_1_108' title="bbox 968 2545 1753 2583; baseline -0.004 -8"><span class='ocrx_word' id='word_1_748' title='bbox 968 2555 1065 2583; x_wconf 83' lang='lat' dir='ltr'><strong>guens,</strong></span> <span class='ocrx_word' id='word_1_749' title='bbox 1081 2546 1160 2581; x_wconf 86' lang='lat' dir='ltr'><strong>quasi</strong></span> <span class='ocrx_word' id='word_1_750' title='bbox 1178 2553 1270 2573; x_wconf 89' lang='lat' dir='ltr'><strong>rerum</strong></span> <span class='ocrx_word' id='word_1_751' title='bbox 1285 2545 1391 2571; x_wconf 91' lang='lat' dir='ltr'><strong>utilium</strong></span> <span class='ocrx_word' id='word_1_752' title='bbox 1411 2545 1492 2580; x_wconf 76' lang='lat'><strong>159</strong></span> <span class='ocrx_word' id='word_1_753' title='bbox 1508 2546 1644 2573; x_wconf 90' lang='lat' dir='ltr'><strong>oblivione</strong></span> <span class='ocrx_word' id='word_1_754' title='bbox 1658 2553 1753 2582; x_wconf 80' lang='lat' dir='ltr'><strong>grava-</strong></span> 
     </span>
    </p>
   </div>
   <div class='ocr_carea' id='block_1_109' title="bbox 968 2591 1754 2627">
    <p class='ocr_par' dir='ltr' id='par_1_109' title="bbox 968 2591 1754 2627">
     <span class='ocr_line' id='line_1_109' title="bbox 968 2591 1754 2627; baseline -0.006 -4"><span class='ocrx_word' id='word_1_755' title='bbox 968 2599 1020 2627; x_wconf 84' lang='lat' dir='ltr'><strong>tos,</strong></span> <span class='ocrx_word' id='word_1_756' title='bbox 1051 2598 1078 2621; x_wconf 87' lang='lat' dir='ltr'><strong>et</strong></span> <span class='ocrx_word' id='word_1_757' title='bbox 1102 2593 1134 2621; x_wconf 89' lang='lat' dir='ltr'><strong>ad</strong></span> <span class='ocrx_word' id='word_1_758' title='bbox 1163 2596 1218 2619; x_wconf 90' lang='lat' dir='ltr'><strong>tam</strong></span> <span class='ocrx_word' id='word_1_759' title='bbox 1245 2599 1354 2627; x_wconf 83' lang='lat' dir='ltr'><strong>gravem</strong></span> <span class='ocrx_word' id='word_1_760' title='bbox 1375 2591 1529 2618; x_wconf 85' lang='lat' dir='ltr'><strong>doctrinam</strong></span> <span class='ocrx_word' id='word_1_761' title='bbox 1558 2592 1754 2624; x_wconf 82' lang='lat' dir='ltr'><strong>dormitantes,</strong></span> 
     </span>
    </p>
   </div>
   <div class='ocr_carea' id='block_1_110' title="bbox 969 2635 1751 2675">
    <p class='ocr_par' dir='ltr' id='par_1_110' title="bbox 969 2635 1751 2675">
     <span class='ocr_line' id='line_1_110' title="bbox 969 2635 1751 2675; baseline -0.005 -8"><span class='ocrx_word' id='word_1_762' title='bbox 969 2641 1066 2675; x_wconf 83' lang='lat' dir='ltr'><strong>partim</strong></span> <span class='ocrx_word' id='word_1_763' title='bbox 1082 2646 1146 2666; x_wconf 84' lang='lat' dir='ltr'><strong>vero</strong></span> <span class='ocrx_word' id='word_1_764' title='bbox 1160 2637 1278 2665; x_wconf 79' lang='lat' dir='ltr'><strong>suadens</strong></span> <span class='ocrx_word' id='word_1_765' title='bbox 1296 2637 1396 2664; x_wconf 72' lang='lat' dir='ltr'><strong>divinae</strong></span> <span class='ocrx_word' id='word_1_766' title='bbox 1417 2635 1567 2671; x_wconf 62' lang='lat' dir='ltr'><strong>Scriptura:</strong></span> <span class='ocrx_word' id='word_1_767' title='bbox 1583 2637 1751 2666; x_wconf 83' lang='lat' dir='ltr'><strong>meminisse.</strong></span> 
     </span>
    </p>
   </div>
   <div class='ocr_carea' id='block_1_111' title="bbox 969 2682 1755 2717">
    <p class='ocr_par' dir='ltr' id='par_1_111' title="bbox 969 2682 1755 2717">
     <span class='ocr_line' id='line_1_111' title="bbox 969 2682 1755 2717; baseline -0.006 -4"><span class='ocrx_word' id='word_1_768' title='bbox 969 2686 1093 2713; x_wconf 83' lang='lat' dir='ltr'><strong>homines</strong></span> <span class='ocrx_word' id='word_1_769' title='bbox 1112 2684 1140 2710; x_wconf 92' lang='lat' dir='ltr'><strong>in</strong></span> <span class='ocrx_word' id='word_1_770' title='bbox 1155 2683 1214 2717; x_wconf 85' lang='lat' dir='ltr'><strong>ejus</strong></span> <span class='ocrx_word' id='word_1_771' title='bbox 1235 2683 1327 2709; x_wconf 82' lang='lat' dir='ltr'><strong>studio</strong></span> <span class='ocrx_word' id='word_1_772' title='bbox 1345 2682 1496 2716; x_wconf 63' lang='lat' dir='ltr'><strong>praesertim</strong></span> <span class='ocrx_word' id='word_1_773' title='bbox 1516 2682 1656 2714; x_wconf 88' lang='lat' dir='ltr'><strong>educatos,</strong></span> <span class='ocrx_word' id='word_1_774' title='bbox 1672 2689 1755 2717; x_wconf 87' lang='lat' dir='ltr'><strong>quem</strong></span> 
     </span>
    </p>
   </div>
   <div class='ocr_carea' id='block_1_112' title="bbox 969 2728 1756 2764">
    <p class='ocr_par' dir='ltr' id='par_1_112' title="bbox 969 2728 1756 2764">
     <span class='ocr_line' id='line_1_112' title="bbox 969 2728 1756 2764; baseline -0.005 -6"><span class='ocrx_word' id='word_1_775' title='bbox 969 2732 1016 2759; x_wconf 86' lang='lat' dir='ltr'><strong>illa</strong></span> <span class='ocrx_word' id='word_1_776' title='bbox 1045 2731 1166 2758; x_wconf 81' lang='lat' dir='ltr'><strong>futurum</strong></span> <span class='ocrx_word' id='word_1_777' title='bbox 1187 2729 1326 2756; x_wconf 86' lang='lat' dir='ltr'><strong>Christum</strong></span> <span class='ocrx_word' id='word_1_778' title='bbox 1357 2728 1502 2763; x_wconf 65' lang='lat' dir='ltr'><strong>praedicet,</strong></span> <span class='ocrx_word' id='word_1_779' title='bbox 1528 2732 1555 2755; x_wconf 92' lang='lat' dir='ltr'><strong>et</strong></span> <span class='ocrx_word' id='word_1_780' title='bbox 1582 2736 1663 2764; x_wconf 90' lang='lat' dir='ltr'><strong>quem</strong></span> <span class='ocrx_word' id='word_1_781' title='bbox 1689 2729 1756 2755; x_wconf 91' lang='lat' dir='ltr'><strong>item</strong></span> 
     </span>
    </p>
   </div>
   <div class='ocr_carea' id='block_1_113' title="bbox 970 2773 1753 2815">
    <p class='ocr_par' dir='ltr' id='par_1_113' title="bbox 970 2773 1753 2815">
     <span class='ocr_line' id='line_1_113' title="bbox 970 2773 1753 2815; baseline -0.006 -13"><span class='ocrx_word' id='word_1_782' title='bbox 970 2783 1121 2812; x_wconf 78' lang='lat' dir='ltr'><strong>przeconem</strong></span> <span class='ocrx_word' id='word_1_783' title='bbox 1143 2774 1304 2809; x_wconf 85' lang='lat' dir='ltr'><strong>Baptistam.</strong></span> <span class='ocrx_word' id='word_1_784' title='bbox 1334 2773 1381 2801; x_wconf 90' lang='lat' dir='ltr'><strong>Sic</strong></span> <span class='ocrx_word' id='word_1_785' title='bbox 1399 2773 1619 2815; x_wconf 82' lang='lat' dir='ltr'><strong>enim,utroqnc</strong></span> <span class='ocrx_word' id='word_1_786' title='bbox 1644 2773 1753 2808; x_wconf 78' lang='lat' dir='ltr'><strong>cognita</strong></span> 
     </span>
    </p>
   </div>
  </div>
