2028 3118
304 128 360 154 ξοδ

793 124 966 154 $.(ZYRILLI
985 126 1219 155 ALEXANDRINI
1231 127 1390 156 ARCHIEP.

1863 130 1909 158 εει

299 184 423 220 gruiter
437 184 518 213 laturi
531 193 585 213 non
598 188 687 217 erant,
698 185 772 220 quod
781 192 830 212 eos
841 186 1016 214 convenienti
1027 186 1069 214 sib

1131 187 1174 222 ἐφ’
1189 188 1297 222 ἑκάστῳ
1311 186 1411 221 γνῶσιν
1429 187 1624 222 ἀναδεξάμενοι
1640 188 1813 222 χαλεπαίνειν
1839 187 1906 214 οὐδα-

302 235 377 258 sorte
392 231 520 265 praeditos
534 230 669 258 viderent.
683 231 752 258 Aliis
765 238 830 266 ergo
842 232 969 263 testibus,
982 231 1082 267 inquit,

300 277 335 304 ad
354 277 380 304 id
394 277 610 304 conﬁrmandum
630 284 699 312 opus
716 277 783 304 mihi
801 285 854 304 non
871 278 934 310 erit,
952 286 1014 304 cum
1031 277 1083 304 mei

302 323 429 358 discipuli
445 322 554 357 ipsimet
571 322 718 350 audierint.
728 322 844 350 Servum
855 330 898 350 me
909 330 970 350 esse
979 322 1084 356 profes-

301 376 349 395 sus
365 376 436 400 sum,
452 368 554 396 missus
565 376 625 396 sum
640 373 670 395 ut
683 369 949 404 praedicarem,cEgo
958 376 1011 395 non
1022 376 1082 395 sum

301 414 438 442 ('hristus.
459 423 469 440 ι
487 414 595 448 Vincat,
614 419 735 449 superet,
749 415 902 442 celebretur
920 415 965 442 ille
982 415 1084 449 glorio—

302 460 360 488 x-ius
381 466 410 487 ut
427 460 560 489 Dominus
577 470 609 488 ac
625 461 707 489 Deus.

336 504 380 537 Ill.
395 505 438 533 29.
458 505 510 539 Qui
523 506 600 533 habet
616 513 750 540 sponsam,
774 512 888 539 sponsus
908 509 965 532 est:
982 505 1082 531 amicus

301 555 390 577 autem
407 551 507 584 sponsi,
526 550 571 584 qui
586 555 650 582 stat,
666 555 689 576 et
708 550 783 576 audit
798 557 868 582 eum,
881 549 977 584 gaudio
987 549 1083 584 gaudet

300 602 408 631 propter
421 605 507 624 vocem
522 596 624 630 sponsi.
643 595 700 622 Hoc
712 603 774 631 ergo
792 596 918 630 gaudium
936 603 1022 622 meum
1033 596 1084 622 im-

299 645 398 677 pletum
417 647 467 670 est.

337 688 443 716 Rursus
460 688 541 715 ducta
556 687 756 722 quodammodo
771 694 786 713 a
801 686 881 714 nobis
906 685 1083 713 similitudine

301 736 335 763 ad
364 735 546 770 cognitionem
577 734 719 762 sublilium
745 733 1008 768 contemplatiouum
1032 739 1083 759 nos

300 781 420 809 deducit.
457 779 563 815 Figura:
592 787 711 814 namque
739 786 829 806 rerum
856 777 1081 805 intellectualium

300 830 363 854 sunt
376 834 406 854 ea
418 833 479 861 quae
493 833 575 852 mauu
589 825 782 860 palpantur,et
795 824 978 859 corporalium
993 830 1083 850 exem-

1136 233 1205 268 μῶς,
1217 234 1245 259 ὲν
1254 234 1310 265 τοῖς
1322 233 1429 268 ἑκάστῳ
1441 233 1590 268 πρέπουσιν
1600 234 1716 269 ὁρῶντες
1730 233 1838 264 αὐτούς.
1850 234 1908 267 Δεή-

1134 286 1216 313 σομαι
1228 278 1372 313 τοιγαροῦν
1384 278 1434 313 οὐχ
1445 278 1556 313 ἐτέρων,
1573 279 1667 313 φησὶν,
1691 279 1729 311 εις
1750 278 1828 304 τοῦτο
1846 286 1908 313 μαρ-

1134 323 1233 357 τύρων,
1249 323 1399 358 αὐτηκόους
1410 324 1479 358 ἔχων
1489 324 1550 355 τοὺς
1563 323 1682 359 ἐμαυτοῦ
1696 323 1833 358 μαθητάς·
1845 324 1909 358 ὠμο-

1133 368 1236 403 λόγηκα
1247 369 1296 404 τὴν
1306 369 1437 401 δουλείαν,
1446 369 1626 405 προκηρύξων
1639 370 1794 405 ἀπεστάλην
1803 377 1809 383 ·
1825 379 1834 394 ι
1846 369 1908 402 Ἐγὼ

1133 415 1182 441 οὐκ
1196 415 1254 450 εἰμὶ
1268 416 1283 441 ὁ
1298 415 1426 450 Χριστός.
1445 425 1454 440 ι
1478 415 1598 446 Νικάτω,
1614 415 1758 450 κρατείτω,
1774 414 1908 448 καταλαμ-

1134 460 1277 495 πρυνέσθω
1293 461 1434 495 μειζόνως,
1450 461 1488 492 ὠς
1504 461 1640 496 Δεσπότης
1652 461 1699 487 καὶ
1710 461 1787 492 Θεάς.

1175 507 1201 532 '0
1220 507 1298 541 ἔχων
1320 507 1378 541 τὴν
1403 508 1540 542 νύμφην,
1568 508 1696 541 νυμφίος
1722 507 1827 539 ἐστὶν,
1853 508 1868 533 ὁ
1882 506 1910 533 δὲ

1132 553 1221 586 φίλος
1251 553 1303 580 τοῦ
1334 553 1465 587 νυμφίου
1498 554 1514 580 ό
1541 553 1690 586 ἑστηκὼς,
1721 552 1770 578 καὶ
1799 553 1911 580 ἀκούων

1132 598 1236 630 ιιὺζοῦ,
1246 597 1322 632 χαρᾷ
1339 599 1433 633 χαίρει
1447 598 1496 625 διὰ
1511 598 1567 632 τὴν
1580 599 1684 632 φωνὴν
1694 599 1745 625 τοῦ
1762 599 1899 633 νυμφίου.

1132 642 1212 676 Αὕτη
1227 641 1283 670 οὖν
1298 644 1317 677 ὴ
1333 645 1410 678 χαρὰ
1427 643 1442 676 ὴ
1461 642 1517 677 ἐμὴ
1534 642 1732 676 πεπλήρωται.

1174 688 1310 722 Ἐγεγόνει
1334 689 1382 724 μὲν
1406 688 1485 715 πάλιν
1501 689 1538 720 ὡς
1560 689 1588 721 ἐξ
1613 689 1767 723 ὁμοιώσεως
1790 689 1840 722 τῆς
1857 690 1910 716 καθ’

1133 733 1232 768 ἠμᾶςὸ
1249 734 1335 766 λόγος,
1365 736 1425 769 ἄγει
1444 735 1472 761 δὲ
1497 735 1537 767 είς
1563 735 1709 768 ἐπίγνωσιν
1730 734 1911 771 θεωρημάτων

1132 778 1256 805 λεπτῶν·
1283 779 1362 806 τύποι
1386 780 1441 816 γὰρ
1462 781 1516 807 τῶν
1538 781 1655 816 νοητῶν,
1684 781 1718 807 τὰ
1734 782 1826 817 χειρὸς
1846 783 1911 817 ἁφὴν

1133 825 1314 861 ὑπομένοντα,
1337 828 1384 854 καὶ
1399 827 1562 863 σωματικῶν
1582 827 1812 862 παραδειγμάτων
1829 828 1912 862 παχύ‹

299 873 406 906 plorum
424 872 558 902 crassitie,
570 870 777 898 accuratissime
792 877 864 905 saepe
877 877 921 897 res
938 869 1071 904 spiritales

1130 879 1195 906 της,
1214 873 1413 908 ἀκριϐεστάτην
1433 873 1555 907 εἰσφέρει
1577 871 1706 904 πολλάκις
1723 873 1775 898 τῶν
1797 881 1912 907 πνευμα-

298 918 534 944 ιΙειιιοιιειτοιιιυτ.
554 915 678 950 Sponsus
701 919 743 942 est
759 914 853 950 igitur,
872 914 971 948 inquit,
991 917 1018 941 et
1033 920 1080 940 ce-

299 962 433 990 lebritatis
445 961 570 989 Christus
589 965 632 989 est
651 963 778 996 princeps
796 969 802 987 :
823 967 874 995 ego
889 967 954 987 vero
968 963 1081 986 vocator

296 1011 324 1035 ct
344 1015 457 1043 auspex,
481 1008 526 1034 cui
549 1015 664 1036 summa:
681 1007 831 1042 voluptatis
850 1011 878 1033 et
903 1006 1021 1033 illustris
1038 1005 1081 1031 di-

296 1054 408 1089 gnitatis
430 1054 490 1081 loco
516 1057 558 1081 est
585 1054 613 1080 in
637 1053 788 1080 amicorum
821 1052 919 1079 ordine
946 1051 1080 1078 duntaxat

294 1100 435 1132 collocari,
466 1103 494 1127 et
524 1107 618 1127 vocem
643 1098 830 1126 convivatoris
849 1097 956 1124 audire.
987 1095 1080 1123 Habeo

294 1147 388 1181 itaque
403 1146 511 1173 demum
529 1145 601 1180 quod
615 1145 754 1180 optabam,
782 1148 810 1170 et
833 1142 907 1178 quod
937 1143 964 1169 in
986 1142 1078 1169 animo

293 1197 353 1220 erat
368 1192 435 1219 mihi
456 1192 608 1227 perfectum
621 1195 676 1218 est.
693 1189 845 1218 Praedicavi
864 1189 938 1217 enim
962 1196 1017 1216 non
1033 1195 1078 1215 so-

294 1240 349 1266 lum
365 1237 506 1265 Christum
521 1241 678 1268 venturum,
697 1235 745 1264 sed
762 1236 853 1271 ipsum
880 1242 991 1270 quoque
1014 1233 1076 1268 iam

293 1289 387 1320 specto
406 1287 578 1319 praesentem,
589 1286 616 1310 et
630 1282 691 1317 ejus
704 1289 799 1309 vocem
816 1281 930 1308 auribus
943 1280 1075 1315 percipio.

294 1328 348 1357 Vos
358 1337 435 1361 vero,
456 1328 655 1363 sapientissimi
674 1327 816 1362 discipuli,
832 1334 896 1354 cum
920 1325 1077 1353 humanita-

292 1380 346 1403 tem
361 1373 474 1401 Christo
486 1373 679 1408 desponsatam
692 1372 725 1399 ad
741 1379 802 1400 eum
818 1371 950 1400 accedere
965 1370 1074 1402 videtis,

291 1427 319 1449 et
334 1424 463 1448 naturam
486 1421 562 1447 illam
583 1419 725 1455 reiectam,
747 1422 829 1453 atque
844 1417 878 1444 ab
904 1417 964 1451 ejus
982 1423 1074 1443 amore

291 1467 427 1494 divulsam
440 1466 474 1493 ad
485 1465 636 1501 spiritalem
648 1464 872 1499 coniunctionem
885 1470 933 1497 per
948 1466 1072 1489 sanctum

291 1513 427 1548 baptisma
451 1511 542 1540 redire
572 1510 743 1546 conspicitis,
764 1517 799 1537 ne
831 1508 946 1536 moleste
965 1507 1071 1538 feratis,

1132 918 1215 944 τικῶν
1229 917 1277 953 τὴν
1294 918 1427 951 ἀπόδειξιν
1441 926 1448 934 ’
1465 919 1523 945 ἐστι
1535 919 1634 950 τοίνυν,
1647 918 1722 953 φησὶ,
1739 919 1854 953 νυμφίος
1869 919 1912 954 μὲν

1133 963 1180 989 καὶ
1204 964 1429 1000 πανηγυριάρχης
1453 965 1468 990 ὁ
1492 964 1626 999 Χριστὸς,
1657 961 1862 999 δειπνοκλήτωρ
1887 965 1912 990 δὲ

1133 1007 1189 1042 ἐγὼ
1212 1009 1259 1036 καὶ
1285 1010 1484 1045 νυμφαγωγὸς,
1505 1008 1638 1047 θυμηδίαν
1660 1009 1728 1046 ἔχων
1751 1010 1911 1045 ἀκροτάτην,

1130 1053 1176 1080 καὶ
1201 1054 1308 1089 ἀξίωμα
1333 1056 1494 1090 περιφανὲς,
1513 1054 1544 1081 τὸ
1564 1058 1594 1081 εν
1612 1055 1699 1089 φίλοις
1715 1054 1912 1089 κατατετάχθαι

1132 1099 1222 1134 μόνον,
1246 1100 1356 1134 καὶτῆς
1377 1099 1423 1126 τοῦ
1443 1100 1585 1132 ἑστιῶντος
1604 1100 1792 1135 ἐπακροᾶσθαι
1813 1101 1912 1135 φωνῆς.

1131 1145 1205 1180 Ἔχω
1230 1144 1279 1179 μὲν
1307 1143 1352 1172 οὖν
1380 1146 1429 1181 ἤδη
1450 1145 1479 1172 τὸ
1518 1145 1682 1181 ποθούμενον
1703 1145 1774 1180 ἐγὼ,
1801 1145 1849 1171 καὶ
1869 1150 1912 1171 πελ

1129 1190 1338 1226 πλήρωταί’μοι
1358 1190 1388 1217 τὸ
1402 1191 1562 1226 σπούδασμα
1578 1200 1584 1206 ·
1610 1191 1730 1227 ἐκήρυξε.
1745 1191 1799 1227 γὰρ
1814 1191 1845 1217 οὐ
1867 1191 1912 1226 μά-

1131 1244 1187 1268 νον,
1207 1234 1246 1268 ὡς
1261 1236 1318 1271 ἣξει
1338 1236 1455 1272 Χριστὸς
1474 1235 1530 1262 ἀλλ’
1546 1236 1594 1271 ἤδη
1618 1237 1664 1263 καὶ
1680 1236 1802 1271 παρόντα
1819 1236 1912 1262 τεοέα-

1129 1289 1199 1315 μαι,
1226 1281 1274 1308 καὶ
1297 1282 1382 1318 αὐτὴν
1403 1283 1431 1309 ἐν
1452 1282 1518 1308 ὠσὶν
1544 1282 1724 1318 εἰσοικίζομαι
1746 1282 1794 1317 τὴν
1811 1284 1910 1318 φωνὴν.

1133 1326 1227 1362 Ὑμεῖς
1241 1328 1280 1360 δὲ,
1296 1325 1319 1354 ὦ
1336 1327 1486 1362 σοφώτατοι
1501 1328 1630 1364 μαθηταὶ,
1644 1328 1692 1364 τὴν
1705 1330 1911 1364 νυμφευομένην

1126 1372 1322 1408 ἀνθρωπότητα
1336 1373 1374 1409 τῷ
1386 1373 1495 1409 Χριστῷ
1508 1374 1574 1409 πρὸς
1586 1372 1665 1400 αὐτὸν
1679 1373 1770 1400 [οὖσαν
1784 1373 1910 1409 ὁρῶντες,

1126 1419 1173 1444 καὶ
1194 1418 1234 1450 εἰς
1255 1418 1305 1453 τὴν
1329 1420 1518 1455 πνευματικὴν
1539 1419 1735 1446 ὰναῦαίνουσαν
1757 1419 1911 1454 οἰκειότητα

1124 1463 1168 1490 διὰ
1184 1464 1230 1490 τοῦ
1243 1463 1320 1498 ἁγίου
1336 1464 1523 1500 βαπτίσματος
1541 1466 1589 1500 τὴν
1607 1465 1849 1500 ἀποκεκομμένην,
1865 1466 1910 1491 καὶ

1123 1509 1345 1545 δραπετεύσασαν
1362 1512 1410 1546 τῆς
1425 1512 1464 1542 εἰς
1485 1512 1564 1538 αὑτὸν
1582 1512 1692 1546 ἀγάπης
1707 1512 1910 1546 καταθεώμενοι

289 1542 389 1593 inquit,
405 1557 479 1593 quod
490 1566 543 1585 non
558 1557 592 1584 ad
607 1542 660 1588 me,
674 1556 720 1585 sed
729 1556 763 1583 ad
779 1555 927 1590 spiritalem
940 1561 1071 1590 sponsum

1124 1542 1206 1588 φ’ύσιν
1216 1574 1224 1587 ,
1242 1555 1280 1591 μὴ
1302 1542 1449 1590 ἀσχάλλετε
1463 1576 1471 1590 ,
1492 1557 1574 1591 φησὶν
1587 1576 1593 1587 ,
1607 1542 1651 1582 ,ὅτι
1724 1556 1828 1590 μᾶλλον
1838 1542 1910 1591 ἐμοὶ,

289 1605 420 1632 accurrit.
440 1603 496 1631 Hoc
514 1603 585 1630 enim
599 1603 705 1638 aequius
723 1606 783 1629 erat
802 1605 883 1637 atque
907 1599 1072 1628 convenien—

286 1649 354 1676 tius.
372 1647 439 1675 Nam
452 1648 498 1683 qui
512 1655 640 1682 sponsam
670 1647 762 1678 habet,
780 1653 898 1681 sponsus
923 1649 965 1672 est
980 1654 987 1672 :
1019 1645 1072 1672 hoe

287 1699 340 1726 est,
356 1693 441 1721 nolite
457 1694 484 1720 in
508 1701 551 1721 me
568 1693 662 1727 sponsi
689 1699 820 1719 coronam
847 1699 990 1726 quaerere:
1016 1697 1070 1718 non

287 1739 353 1766 mihi
369 1740 452 1766 saltat
468 1739 625 1772 Psalmista,
639 1738 753 1766 dicens:
769 1737 869 1769 «Audi,
885 1737 987 1769 lilia,et
996 1737 1069 1769 vide,

286 1788 314 1811 et
329 1784 433 1811 inclina
461 1791 556 1810 aurem
583 1788 669 1815 tuam,
694 1787 722 1810 et
746 1782 910 1809 obliviscere
938 1781 1069 1816 populum

287 1835 375 1862 tuum,
390 1835 417 1857 et
441 1829 553 1857 domum
573 1829 661 1865 patris
675 1829 725 1862 tui,
752 1829 817 1863 quia
843 1828 1002 1862 concupivit
1021 1834 1068 1854 rex

284 1873 411 1900 decorem
431 1879 505 1900 tuum
515 1873 538 1888 “
551 1882 558 1907 ;
573 1882 582 1898 ι
597 1880 686 1908 neque
701 1880 790 1900 meum
804 1872 954 1899 thalamum
967 1879 1067 1906 sponsa

283 1920 393 1953 quaerit,
415 1919 547 1947 cumait:
573 1928 582 1945 ι
609 1918 747 1946 Renuntia
775 1919 843 1946 mihi
871 1926 953 1954 quem
980 1917 1068 1954 diligit

286 1964 366 1999 160
381 1964 473 1991 anima
494 1972 564 1997 mea,
585 1965 630 1992 ubi
647 1972 755 2000 pascas,
771 1965 819 1992 ubi
837 1965 923 1992 cubes
935 1966 963 1992 in
984 1965 1067 1992 meri-

284 2009 328 2037 die
337 2010 370 2038 ".
399 2020 409 2036 ι
435 2011 520 2039 Habet
540 2011 586 2038 illa
606 2012 745 2038 ccelestem
766 2018 917 2046 sponsum:
934 2018 985 2046 ego
1001 2017 1067 2038 vero

282 2056 454 2090 oblectabor,
482 2065 544 2085 cum
569 2058 641 2085 servi
675 2057 862 2084 conditionem
885 2056 1064 2088 excesserim,

282 2102 393 2130 nomine
411 2106 438 2129 et
454 2110 483 2129 re
504 2103 640 2130 amicitia}.
656 2102 756 2130 Rerum
776 2110 840 2137 ergo
860 2103 1065 2137 propositarum

282 2149 445 2175 sententiam
461 2152 536 2176 recte
555 2148 689 2183 imprimis
703 2148 875 2182 explanatam
904 2155 965 2175 esse
986 2153 1063 2183 puto.

1124 1600 1287 1636 προστρέχει
1297 1601 1325 1627 δὲ
1334 1601 1393 1627 λίαν
1406 1601 1526 1632 εὐπετῶς
1538 1601 1576 1636 τῷ
1589 1601 1658 1627 κατὰ
1670 1601 1778 1636 πνεῦμα
1790 1601 1909 1636 νυμφίῳ·

1122 1644 1201 1672 τοῦτο
1213 1645 1267 1681 γὰρ
1282 1643 1316 1680 ἦν
1337 1645 1420 1676 ὅντως
1437 1645 1539 1672 δίκαιον
1555 1653 1583 1671 τε
1602 1646 1649 1671 καὶ
1673 1645 1909 1680 πρεπωδέστερον.

1128 1689 1157 1715 '0
1168 1690 1222 1726 γὰρ
1239 1690 1307 1725 ἔχων
1320 1691 1370 1725 τὴν
1388 1690 1508 1726 νύμφην,
1526 1690 1643 1725 νυμφίος
1656 1691 1729 1716 ἐστί·
1748 1689 1822 1716 τοῦτ’
1842 1690 1909 1720 ἐστι,

1124 1734 1162 1770 μὴ
1175 1735 1204 1762 ὲν
1228 1735 1289 1770 ἐμοὶ
1304 1735 1409 1770 ζητεῖτε
1425 1736 1472 1763 τοῦ
1495 1736 1611 1771 νυμφίου
1636 1735 1680 1762 τὸν
1699 1736 1842 1770 στέφανον,
1861 1736 1910 1762 οὐκ

1122 1781 1183 1816 ἐμοὶ
1196 1781 1303 1816 χορεύει
1319 1781 1405 1816 λέγων
1417 1782 1431 1808 ὁ
1445 1781 1580 1817 Μελῳόός’
1599 1781 1757 1811 «Ἄκουσον.
1777 1781 1908 1817 θύγατερ,

1121 1826 1168 1851 καὶ
1197 1825 1244 1857 ῐδε,
1267 1827 1314 1853 καὶ
1338 1825 1427 1854 κλῖνον
1442 1827 1472 1854 τὸ
1494 1825 1539 1859 οὖς
1564 1835 1628 1860 σου,
1651 1826 1700 1853 καὶ
1713 1826 1843 1853 ἐπιλάθου
1863 1826 1909 1852 τοῦ

1120 1871 1185 1898 λαοῦ
1198 1880 1255 1902 σου,
1271 1873 1318 1899 καὶ
1331 1873 1378 1899 τοῦ
1408 1873 1482 1900 οῐκου
1496 1872 1542 1900 τοῦ
1559 1873 1661 1908 πατρός
1678 1881 1737 1904 σου,
1753 1873 1794 1898 ὅτι
1810 1872 1909 1899 ἐπεθύ-

1121 1925 1207 1952 μησεν
1222 1918 1236 1943 ὁ
1250 1917 1376 1953 βασιλεὺς
1392 1919 1439 1945 τοῦ
1461 1919 1574 1950 κάλλους
1599 1927 1658 1945 oou'
1671 1928 1680 1944 ι
1699 1919 1758 1945 οὐδὲ
1777 1919 1823 1945 τὸν
1842 1919 1910 1954 ἐμὸν

1119 1960 1237 1997 ζητοῦσα
1252 1963 1397 1999 θάλαμονὴ
1412 1963 1504 1999 νύμφη
1520 1964 1617 1999 φησίν·
1636 1973 1645 1989 ‹
1657 1963 1839 1998 Ἀπάγγειλόν
1851 1972 1908 1999 μοι.

1119 2007 1148 2035 ὃν
1164 2009 1306 2045 ἠγάπησεν
1321 2010 1337 2045 ἡ
1351 2010 1423 2045 ψυχή
1442 2019 1492 2045 μου
1503 2030 1509 2042 ,
1526 2009 1578 2036 ποῦ
1596 2010 1749 2043 κοιτάζεις,
1775 2010 1829 2037 ποῦ
1846 2019 1909 2037 πο(-

1119 2053 1224 2087 μαίνεις
1238 2055 1267 2079 ἐν
1284 2055 1451 2090 μεσημϐρίᾳ.
1471 2064 1480 2080 ι
1500 2055 1577 2090 Ἔχει
1596 2055 1641 2081 τὸν
1655 2055 1683 2088 ἐξ
1703 2054 1821 2090 οὐρανοῦ
1839 2064 1909 2090 νυμ-

1118 2099 1196 2133 φίον·
1217 2099 1272 2134 ὲγὼ
1286 2100 1315 2127 δὲ
1335 2101 1488 2136 ἡσθήσομαι
1506 2102 1552 2128 καὶ
1567 2101 1615 2136 τὴν
1637 2100 1722 2136 δούλῳ
1742 2101 1909 2136 πρέπουσαν

1116 2145 1294 2181 ἀναπηδήσας
1310 2146 1403 2182 τιμὴν,
1421 2147 1449 2173 ὲν
1464 2147 1502 2182 τῷ
1514 2147 1564 2181 τῆς
1580 2147 1670 2181 φιλίας
1686 2147 1798 2181 ὀνόματί
1813 2155 1843 2173 τε
1858 2149 1908 2174 καὶ

281 2193 349 2220 Cum
368 2201 434 2221 vero
450 2194 483 2221 de
499 2194 670 2229 spiritalibus
690 2194 793 2228 nuptiis
814 2194 922 2222 abunde
935 2193 993 2229 jam
1006 2195 1064 2223 dis-

1124 2192 1269 2228 κράγματι.
1290 2192 1345 2228 Τὴν
1366 2192 1415 2228 μὲν
1433 2190 1479 2219 οὖν
1495 2192 1549 2219 τῶν
1573 2193 1761 2228 προκειμένων
1782 2192 1906 2219 διάνοιαν

281 2238 429 2271 seruerim,
447 2240 520 2266 ultra
535 2239 569 2267 de
589 2239 657 2274 ipsis
669 2241 792 2268 scribere
809 2240 951 2268 molestum
985 2245 1061 2276 puto.

315 2370 358 2403 lll,
377 2370 423 2398 50.
436 2369 522 2398 Illum
542 2376 643 2406 oportet
658 2380 783 2405 crescere,
797 2382 837 2401 me
855 2379 942 2402 autem
955 2376 1060 2404 minui.‘

313 2414 470 2451 Discipulos
481 2417 669 2452 reprehendit,
689 2419 765 2454 quasi
783 2420 876 2454 parvis
899 2421 980 2450 rebus
1000 2427 1059 2449 tur-

278 2460 386 2494 bentur,
401 2466 429 2490 et
447 2463 548 2498 quibus
568 2463 681 2491 minimc
697 2472 745 2499 par
770 2469 822 2497 est,
840 2472 1002 2501 praemature
1017 2468 1059 2496 of-

277 2505 434 2540 l'eudantur,
457 2508 503 2541 qui
530 2507 646 2534 necdum
663 2513 791 2537 accurate
820 2510 919 2543 sciant,
946 2512 1010 2547 quis
1031 2517 1058 2540 et

276 2549 413 2578 undenam
427 2551 463 2579 sit
475 2551 644 2581 Emmanuel.
658 2553 716 2581 Non
727 2555 799 2581 cnim
812 2561 925 2584 eatenus
938 2561 1055 2591 tantum,

276 2594 372 2629 inquit,
389 2595 563 2624 admirationi
578 2598 640 2631 erit,
656 2606 708 2626 nec
725 2600 854 2634 quoniam
869 2602 961 2636 plures
974 2603 1008 2630 ab
1023 2611 1056 2630 eo

275 2640 460 2675 baptizantur,
477 2650 537 2671 eam
549 2644 585 2672 ob
599 2651 655 2672 rem
668 2646 801 2673 duntaxat
817 2647 950 2674 honorem
963 2656 1053 2677 meum

272 2686 395 2719 excedet,
412 2688 460 2716 sed
480 2688 507 2716 in
533 2693 640 2717 tantum
668 2691 761 2726 gloria:
783 2692 892 2720 modum
910 2693 1052 2728 evehetur,

272 2735 391 2767 quantus
407 2731 491 2761 Deum
514 2734 601 2763 decet.
617 2734 729 2772 Oportet
750 2737 822 2764 enim
843 2738 932 2773 ipsum
958 2739 1050 2774 gloriae

305 2822 328 2839 ³⁸
345 2821 416 2851 Psal.
431 2831 503 2857 μιν,
520 2824 562 2857 Η,
579 2824 621 2851 12.
660 2826 681 2841 ²’
695 2824 777 2852 Cant.
795 2833 814 2859 ι,
828 2826 855 2854 6.

1115 2236 1192 2274 οἶμαι
1202 2237 1233 2273 δὴ
1248 2239 1295 2265 καὶ
1309 2239 1381 2274 μάλα
1391 2238 1616 2275 διερμηνεύεσϐαι
1626 2237 1729 2270 καλῶς·
1744 2237 1906 2273 ἀρκούντως

1114 2284 1142 2311 δὲ
1158 2284 1208 2320 ήδη
1223 2285 1287 2320 περὶ
1303 2285 1348 2312 τοῦ
1366 2286 1552 2320 πνευματικοῦ
1568 2284 1713 2321 διειληφὼς
1734 2284 1842 2319 γάμου,
1873 2283 1906 2310 τὸ

1113 2330 1229 2366 γράφειν
1244 2330 1284 2357 ἔτι
1297 2331 1361 2366 περὶ
1378 2330 1459 2357 αὐτοῦ
1478 2331 1605 2366 φορτικὸν
1624 2330 1757 2366 ἡγοῦμαι.

1153 2375 1287 2403 Ἐκεῖνον
1298 2376 1346 2403 δεῖ
1358 2376 1511 2409 αὐξάνειν,
1527 2375 1579 2411 ἐμὲ
1589 2377 1623 2403 δὲ
1633 2376 1846 2403 ἐλαττοῦσθαι.

1155 2421 1199 2454 Ὠς
1215 2422 1261 2449 ἐπὶ
1276 2424 1383 2458 μικροῖς
1397 2424 1449 2459 ἠδη
1466 2423 1682 2459 θορυϐουμένους
1704 2422 1811 2457 ἐλέγχει
1835 2423 1903 2453 τοὺς

1114 2467 1256 2503 μαθητὰς,
1282 2469 1330 2495 καὶ
1348 2469 1473 2504 πρόωρω
1498 2469 1547 2504 μὲν
1574 2469 1616 2503 ἐφ’
1638 2465 1679 2500 οἷς
1699 2469 1800 2504 ἥκιστα
1829 2468 1904 2503 χρῆν

1111 2513 1310 2548 ὑπομείναντας
1329 2514 1489 2546 σκάνδαλον.
1509 2514 1586 2542 οὔπω
1598 2515 1626 2541 δὲ
1643 2515 1745 2545 εἰδότας
1762 2514 1900 2550 ἀκριϐῶς,

1109 2559 1150 2591 τίς
1168 2568 1196 2586 τε
1211 2559 1258 2586 καὶ
1273 2560 1355 2587 πόθεν
1369 2560 1443 2587 ἐστὶν
1457 2561 1471 2587 ὁ
1491 2561 1676 2596 Ἐμμανουήλ.
1689 2560 1727 2587 Οὐ
1741 2561 1796 2596 γὰρ
1814 2560 1902 2595 μέχρι

1107 2605 1220 2637 τούτων,
1237 2606 1313 2641 φησὶ,
1331 2606 1367 2633 τὰ
1380 2606 1422 2633 ἐπ’
1436 2606 1510 2642 αὐτῷ
1530 2606 1762 2642 θαυμασθήσεται,
1777 2605 1839 2632 οὐδὲ
1856 2604 1902 2631 ὅτι

1107 2649 1215 2681 πλείους
1228 2650 1402 2685 βαπτίζονται
1421 2651 1486 2687 παρ’
1507 2651 1597 2678 αὐτῶν
1624 2650 1680 2686 [)p.
1700 2648 1825 2686 c.3106],
1852 2649 1901 2676 διὰ

1106 2695 1185 2722 τοῦτο
1208 2697 1254 2722 καὶ
1274 2697 1353 2732 μόνον
1368 2696 1418 2733 τὴν
1437 2697 1506 2732 ἐμὴν
1531 2696 1709 2733 ὑπεραλεῖται
1724 2696 1820 2731 τιμὴν,
1836 2693 1902 2721 ἀλλ’

1107 2741 1146 2772 είς
1171 2740 1268 2776 μέτρον
1292 2743 1459 2778 ἀναϐήσεται
1488 2743 1567 2778 δόξης
1600 2742 1743 2774 τοσοῦτον,
1771 2742 1834 2768 ὅσον
1865 2739 1901 2767 ἂν
