2028 3118
136 150 193 178 9.65

687 148 719 176 IN
729 148 873 177 JOANNIS
892 146 1115 176 EVANGELIUM
1138 148 1203 176 LIB.
1221 147 1252 176 ΙΙ.

1722 151 1775 178 ⁸266

138 207 243 242 πρέποι
254 207 315 242 Θεῷ
325 215 331 222 ·
347 206 387 233 δεῖ
400 206 453 241 γὰρ
465 206 546 233 αὑτδν
563 206 612 241 μὲν
623 207 663 238 εἰς
675 206 789 242 αὔξησιν
806 208 931 239 εὐκλείας

987 207 1185 233 incrementum
1205 214 1314 242 capere.
1331 212 1355 235 el
1385 207 1553 243 quotidianis
1579 207 1775 236 miraculorum

140 254 221 285 ἱέναι,
239 253 286 279 καὶ
304 253 364 283 ταῖς
387 252 447 278 καθ’
462 252 569 288 ἡμέραν
586 253 640 278 τῶν
665 253 787 288 σημείων
810 254 931 289 προσθή-

139 308 202 331 καις
217 299 262 326 ἀεὶ
273 299 341 334 πρὸς
355 298 386 325 τὸ
401 298 492 333 μὲῐζον
512 299 665 334 ἁναπηδᾷν,
679 299 727 325 καὶ
741 299 932 335 λαμπρότερον

139 345 339 379 ἀναξραίνεσθοιι
363 344 402 380 τῷ
422 345 536 380 κόσμῳ·
563 346 613 380 ἐμὲ
626 345 654 371 δὲ
668 345 864 377 ἐλαττοῦσθαι,
884 346 932 381 μὲ-

139 400 220 419 νςντα
239 391 288 426 μὲν
304 391 332 417 ἐν
355 388 395 422 οἷς
417 392 546 426 ὑπάρχων
567 391 693 427 όρῶμαι,
718 391 764 418 καὶ
788 392 842 418 τῶν
860 392 934 424 ἅπαξ

139 437 271 464 δοθέντων
286 436 335 471 οὐχ
350 435 514 471 ὒφιζόινοντα
528 437 644 472 μέτρων,
662 437 708 464 τοῦ
723 437 751 464 δὲ
770 438 838 473 πρὸς
848 437 933 474 αὔξην

141 483 333 515 ἀναϐαίνοντος
350 482 429 517 δόξης
452 483 510 514 ἀεὶ,
535 483 662 510 τοσοῦτον
680 483 835 519 ἡττώμενον
846 504 853 517 ,
871 484 933 511 ὅσον

141 529 174 556 ἂν
190 529 276 564 τρέχῃ
290 528 337 556 καὶ
353 529 480 564 φέρηται.
494 529 549 556 Καὶ
563 528 649 556 ταῦτα
667 529 715 565 μὲν
734 530 802 565 ἡμῖν
816 531 830 556 ὸ
847 531 934 565 μακά-

143 583 199 609 ριος
215 574 391 609 διερμηνεύει
411 574 578 609 Βαπτιστὴς·
602 574 661 610 ἡξει
682 574 709 600 δὲ
729 574 871 609 χρησίμως
890 575 934 602 διὰ

121 647 124 652 ,
141 620 372 656 παραδειγμάτων
384 621 398 646 ὁ
412 620 500 654 λόγος,
513 621 714 656 ἐναργεστέραν
730 621 865 657 παριστὰς
879 621 933 648 τῶν

141 667 294 702 εἰρημένων
322 666 371 701 τὴν
400 666 526 701 δύναμιν·
562 667 667 702 Δίπηχυ
700 667 781 702 τυχὸν
810 668 856 693 ἐπὶ
883 669 933 703 γῆς

140 712 247 739 ἑστάτω
263 711 352 745 ξύλον.
370 711 540 748 Περικείσθω
560 712 588 738 δὲ
612 713 658 738 καὶ
681 713 780 746 φυτὸν,
796 713 858 749 ἄρτι
884 714 933 748 μὲν

140 759 193 793 γῆς
204 758 387 794 ὑπερκύπτον,
400 758 520 794 χλωροὺς
532 759 561 785 δὲ
572 759 710 786 ἀνατεῖνον
721 760 783 792 τοὺς
795 759 931 795 ὄρπηκας,

142 807 190 834 καὶ
204 808 254 842 τῆς
269 806 322 833 ἀπὸ
338 806 415 842 ῥίζης
431 806 472 833 ἔτι
484 806 559 842 ὥρας
574 807 618 832 ἀεὶ
635 806 702 841 πρὸς
718 806 785 841 ὕψος
797 807 828 833 τὸ
841 807 933 842 μεῖζον

140 852 343 888 ἀνωθούμενον·
356 850 400 888 ἆρ’
411 849 458 879 οὖν
471 853 547 884 εἴτις
559 852 682 888 περιθείη
696 852 734 888 τῷ
746 853 815 888 ξύλῳ
829 853 931 888 φωνὴν,

139 898 198 926 εἶτα
217 900 296 926 τοῦτο
311 899 387 933 λέγοι
414 899 477 935 περί
492 907 521 925 τε
535 898 633 926 ἑαυτοῦ
649 899 696 925 καὶ
711 899 796 933 φυτοῦ
809 900 856 926 τοῦ
874 901 932 935 γεί-

139 955 225 979 τονος,
244 955 252 971 ι
273 945 359 973 Τοῦτο
383 946 422 972 δεῖ
441 945 568 977 αὐξάνειν
582 965 588 976 ,
607 945 658 980 ἐμὲ
673 945 701 971 δὲ
718 945 906 978 ἐλαττοῦσθαι,
922 956 930 972 ι

139 994 190 1020 οὐκ
205 993 238 1020 ἂν
262 993 376 1024 είκότως
395 993 481 1018 νοοῖτο
499 991 597 1027 βλάϐος
621 993 670 1027 μέν
692 1001 718 1019 τι
740 993 769 1019 ὲν
793 994 849 1024 τοῖς
873 993 933 1020 καθ’

140 1038 220 1065 ἑαυτὸ
236 1038 380 1072 σημαίνειν
402 1037 489 1068 οὐδὲν.
511 1038 568 1064 ἀλλ’
590 1038 651 1065 οὐδὲ
677 1039 717 1070 εἰς
733 1038 883 1065 κολόεὶωσιν
904 1039 934 1065 τὸ

139 1083 214 1118 αὐτῷ
243 1083 344 1118 προσὸν
369 1083 527 1118 οἰχήσεσθαι
554 1084 671 1118 μέτρον,
698 1084 874 1111 ἐλαττοῦσθαι
905 1085 933 1111 δὲ

139 1131 211 1158 κατὰ
227 1131 306 1157 τοῦτο
329 1130 409 1166 μόνον
421 1130 636 1166 διισχυρίζεσθαι
650 1130 680 1157 τὺ
693 1129 773 1162 εἶδος,
785 1131 847 1157 καθ’
861 1131 874 1165 ὃ
886 1131 933 1158 τοῦ

140 1178 208 1213 πρὸς
224 1177 339 1211 αὔξησιν
358 1177 440 1208 ἰόντος
465 1177 507 1202 ἀεὶ
529 1177 559 1202 τὸ
578 1177 652 1212 μεῖον
669 1176 729 1211 ἕχον
756 1177 933 1213 εὑρίσκεται;

140 1223 281 1257 Συγγενὲς
299 1222 327 1248 δὲ
344 1222 429 1257 τούτῳ
443 1222 517 1259 λήψῃ
532 1222 612 1249 πάλιν
626 1224 802 1259 παράδειγμα
812 1245 819 1256 ,
836 1223 882 1250 καὶ
904 1223 935 1249 τὸ

139 1269 193 1295 τῶν
206 1269 329 1304 ἀστέρων
351 1268 563 1304 ἐπισημότατον,
579 1268 644 1304 περὶ
658 1269 705 1296 τοῦ
722 1269 800 1304 ἡλίου
819 1268 935 1304 λέγοντα

142 1315 216 1349 βοᾷν·
237 1323 246 1339 ε
276 1314 394 1341 Ἐκεῖνον
407 1314 448 1340 δεῖ
464 1313 600 1346 αὐξάνειν,
614 1314 664 1349 ἐμὲ
680 1313 708 1340 δὲ
720 1314 908 1341 ἐλαττοῦσθαι.
925 1324 933 1339 ι

144 1361 216 1393 Ἕως
230 1361 279 1396 μὲν
288 1361 342 1396 γὰρ
350 1361 382 1395 τῇ
389 1361 438 1396 τῆς
450 1361 546 1391 νυκτὸς
555 1359 635 1396 ᾱχλὺῖ
645 1361 674 1387 τὸ
687 1360 807 1396 αἰθέριον
816 1367 937 1396 καταμε-

139 1407 260 1434 λαίνεται
275 1407 366 1442 βάθος,
381 1407 486 1442 χρυσῆν
497 1407 728 1443 ἁπαστράπτοντα
740 1407 785 1434 τὸν
798 1407 935 1443 ἑωσφόρον

138 1454 239 1489 αὐγὴν,
255 1454 303 1480 καὶ
322 1453 461 1488 ὁλοκλήρῳ
476 1453 662 1487 διαπρέποντα
675 1452 748 1489 δόξῃ,
764 1453 931 1488 Θαυμάσειεν

139 1499 172 1526 ἄν
189 1509 232 1532 τις
247 1500 375 1532 εἰκότως·
394 1499 469 1534 ἡλίου
481 1499 509 1525 δὲ
526 1498 646 1534 ἀνίσχειν
660 1499 856 1534 ἀπειλήσαντος
869 1500 933 1535 ἤδη,

985 252 1193 279 accessionibus
1214 260 1324 288 semper
1341 255 1367 280 in
1384 254 1473 288 majus
1497 254 1598 286 ell'erri,
1631 259 1657 283 et
1673 256 1776 283 mundo

984 299 1130 326 clariorem
1148 306 1292 334 apparere,
1318 307 1360 326 me
1383 305 1473 328 autem
1503 302 1601 333 minui,
1620 307 1775 330 manentem

985 344 1077 378 inquo
1091 351 1165 370 nunc
1180 350 1280 371 eernor
1303 347 1387 376 statu,
1409 353 1458 372 nec
1475 346 1546 373 infra
1580 351 1681 374 sortem
1709 348 1776 375 mihi

985 390 1068 416 semel
1086 389 1177 417 datam
1195 390 1397 422 subsidentem,
1411 391 1457 417 illo
1473 391 1505 418 ad
1517 392 1649 426 majorem
1660 393 1776 428 glorianti

985 444 1094 472 semper
1126 442 1280 469 crescente,
1311 441 1390 464 tanto
1419 437 1568 470 minorem.
1596 444 1700 474 quanto
1732 440 1777 467 ille

985 486 1147 518 prazcurret.
1162 483 1251 518 Atque
1269 483 1326 510 haec
1341 483 1452 518 quidem
1476 484 1556 511 nobis
1575 484 1696 519 Baptista
1711 486 1777 513 bea—

985 533 1031 557 tus
1044 529 1168 564 exponit.
1187 529 1239 556 Sed
1256 529 1380 564 exempla
1392 536 1443 556 nos
1458 530 1562 557 utiliter
1574 530 1775 562 adhibebimus,

985 575 1086 610 quibus
1105 574 1242 602 dictorum
1267 575 1323 602 vim
1355 578 1382 602 et
1413 576 1579 602 sententiam
1603 575 1707 603 clarius
1743 577 1778 603 oh

985 622 1080 649 oculos
1111 629 1257 657 ponamus.
1288 621 1443 649 Bieubitale
1482 622 1508 648 in
1539 626 1639 649 terram
1680 623 1779 657 ﬁgatur

985 669 1087 703 lignum
1102 676 1107 694 :
1123 668 1200 703 juxta
1219 668 1252 695 sit
1271 668 1363 703 planta
1380 675 1478 696 recens
1494 671 1586 699 enata,
1598 675 1659 703 quae
1674 669 1777 696 virides

984 722 1076 742 ramos
1093 715 1240 750 expandat,
1258 718 1285 741 et
1302 714 1391 741 adhuc
1411 721 1426 741 a
1447 714 1539 741 radice
1556 715 1582 741 in
1601 714 1774 742 altitudinem

986 761 1115 796 majorem
1133 760 1324 788 subvehatur:
1342 767 1375 787 an
1389 768 1454 795 ergo
1473 761 1496 787 si
1515 761 1577 795 quis
1593 760 1666 796 ligno
1683 767 1777 788 vocem

986 806 1130 838 amnxerit,
1149 811 1206 833 tum
1233 806 1267 833 de
1285 807 1376 842 seipso
1393 811 1420 834 et
1447 806 1538 834 vicina
1574 806 1664 841 planta
1693 806 1776 838 dir-at,

988 864 997 880 ‹
1012 853 1088 881 llanc
1110 858 1216 889 oportet
1232 861 1367 886 crescere,
1383 860 1426 882 me
1454 858 1547 881 autem
1562 853 1660 885 minui,
1680 863 1688 878 )
1723 861 1777 880 non

983 900 1045 935 jure
1055 903 1216 927 censeretur
1227 899 1385 934 signiﬁcare
1395 899 1446 927 sibi
1462 899 1528 926 nihil
1542 898 1697 926 detrimenti
1710 899 1780 929 fore.

984 946 1030 974 sed
1041 954 1091 972 nec
1104 954 1262 973 mensuram
1278 953 1355 973 suam
1367 946 1523 973 mutilatum
1538 946 1582 978 iri,
1593 945 1640 973 sed
1654 953 1779 974 asserere

984 1001 1014 1021 se
1034 993 1118 1019 minui
1140 994 1233 1028 specie
1249 994 1308 1020 sola
1330 997 1421 1025 tenus,
1446 998 1583 1028 quatenus
1605 992 1698 1027 planta
1715 1000 1778 1020 crc~

984 1044 1078 1067 scente
1093 1040 1183 1066 minus
1200 1047 1308 1075 semper
1325 1047 1386 1068 esse
1406 1040 1586 1074 comperitur.
1606 1039 1675 1066 lluic
1698 1039 1778 1066 aliine

983 1093 1093 1113 rursum
1111 1085 1183 1113 aliud
1200 1086 1356 1120 exemplum
1376 1086 1478 1120 capite.
1502 1085 1587 1119 Finge
1613 1085 1661 1112 tibi
1692 1090 1778 1112 unum

984 1132 1057 1159 inter
1073 1137 1146 1159 astra
1165 1132 1366 1159 lucidissimum
1394 1133 1427 1159 de
1445 1132 1503 1159 sole
1537 1132 1646 1159 dicere:
1668 1141 1677 1158 ι
1697 1131 1777 1159 Illum

983 1184 1091 1215 oportet
1107 1186 1245 1211 crescere,
1260 1186 1303 1206 me
1319 1183 1410 1206 autem
1426 1177 1541 1206 minui.»
1557 1177 1684 1211 Quandiu
1703 1178 1776 1205 enim

984 1224 1074 1251 noctis
1096 1224 1219 1251 tenebris
1234 1227 1330 1251 vastus
1347 1231 1394 1250 aer
1421 1223 1598 1254 obscuratur,
1630 1223 1776 1250 luciferum

985 1278 1068 1298 aureo
1085 1270 1189 1306 fulgore
1207 1271 1344 1297 lucentem
1370 1275 1398 1297 et
1422 1270 1496 1296 omni
1518 1277 1549 1296 ex
1570 1273 1646 1305 parte
1669 1270 1779 1304 conspi-

984 1317 1141 1352 cuumju-re
1166 1317 1293 1344 mireris:
1311 1324 1406 1344 verum
1437 1315 1483 1343 ubi
1511 1316 1551 1344 sol
1576 1319 1667 1342 ortum
1697 1323 1778 1343 suutn

985 1364 1064 1399 161
1077 1362 1231 1395 denuntiat,
1246 1367 1272 1390 et
1285 1362 1391 1390 modica
1407 1362 1467 1390 luce
1478 1362 1611 1389 mundum
1627 1361 1779 1397 aspergit,a

983 1410 1089 1443 majore
1103 1409 1235 1442 vincitur,
1252 1412 1279 1436 et
1292 1408 1477 1443 praestantiori
1499 1408 1601 1435 sensim
1620 1407 1719 1435 lucifer
1733 1414 1778 1435 ce-

985 1454 1035 1487 dit,
1064 1462 1152 1490 eaque
1170 1454 1284 1482 Joannis
1312 1454 1405 1482 rerba‘
1421 1454 1483 1489 jure
1510 1454 1697 1489 usurpaVet-it,
1716 1458 1779 1482 cum

988 1500 1106 1536 idipsum
1119 1502 1192 1536 quod
1211 1501 1256 1529 illc
1272 1501 1401 1535 patiatur.

139 1546 187 1573 καὶ
201 1546 306 1582 μετρίῳ
317 1546 361 1572 τὸν
374 1545 476 1578 κόσμον
488 1546 558 1580 φωτὶ
571 1546 809 1582 καταρῤαίνοντος,
839 1547 948 1574 νικᾶται
988 1548 1026 1584 τῷ
1054 1549 1174 1584 μείζονι,
1200 1549 1247 1575 καὶ
1279 1549 1440 1584 παραχωρεῖ
1471 1547 1676 1575 πλεονεκτοῦντι
1709 1547 1780 1574 κατὰ

141 1593 239 1631 βραχύ.
257 1593 338 1628 Λέγοι
354 1593 376 1620 δ’
398 1594 431 1620 ἂν
454 1594 501 1620 καὶ
517 1593 597 1624 αὐτὸς
611 1593 723 1626 εἰκότως
741 1594 790 1629 τὴν
811 1594 935 1622 Ἰωάννου
955 1595 1058 1631 φωνὴν,
1076 1595 1142 1622 αὐτὸ
1158 1595 1191 1632 δὴ
1214 1594 1293 1622 τοῦτο
1309 1594 1414 1626 παθὼν,
1441 1595 1509 1630 ὅπερ
1530 1595 1632 1627 ἐκεῖνος
1665 1593 1780 1629 ὑπομεί-

140 1650 189 1673 νας
204 1642 296 1677 φησίν.

449 1689 572 1716 ΚΕΦΛΔ.
593 1689 631 1716 B'.

142 1733 208 1760 ὀτι
216 1734 272 1761 οὐκ
281 1734 316 1761 ἐν
328 1733 387 1765 τοῖς
397 1734 534 1768 γενητοῖς
544 1733 630 1760 ἐστιν
640 1733 656 1759 ὁ
671 1733 747 1765 Υἱὸς,
756 1731 825 1760 ἀλλ’
835 1730 936 1760 ἐπάνω

330 1769 510 1802 πάντωι·,ὠς
526 1770 597 1801 Θεὸς
611 1769 646 1795 ἐκ
661 1769 747 1796 Θεοῦ.

182 1816 215 1842 '0
227 1815 343 1843 ἄνωθεν
351 1815 523 1850 ἐρχόμενος,
537 1815 637 1842 ἐπάνω
654 1815 776 1842 πάντων
786 1814 882 1841 ἐστίν.

178 1860 217 1886 Οὐ
242 1860 324 1894 μέγα,
348 1859 440 1894 φησὶν,
463 1858 523 1884 οὐδὲ.
543 1857 602 1884 λίαν
619 1859 692 1884 ἐστὶν
709 1858 882 1892 ἀξιάγαστον,
913 1858 936 1883 εἰ

142 1906 192 1942 τὴν
215 1906 266 1941 τῆς
286 1905 495 1941 ἀνθρωπότητος
516 1905 595 1937 δόξαν
619 1904 783 1940 ὐπερτρέχει
807 1904 935 1939 Χριστός·

141 1953 173 1979 οὐ
186 1952 242 1988 γὰρ
254 1952 334 1987 μέχρι
347 1951 450 1978 τούτων
464 1952 526 1983 τοὺς
541 1952 589 1986 τῆς
604 1951 672 1983 ἰδίας
685 1950 809 1982 εὐκλείας
830 1950 937 1985 ἵστησιν

142 1998 233 2034 ὄρους,
249 1998 296 2024 ἐπὶ
307 1999 396 2025 πᾶσαν
411 1997 438 2024 δέ
451 1999 508 2025 ἐστι
520 1998 570 2033 τὴν
581 1998 678 2030 κτίσιν,
696 1997 732 2028 ὡς
747 1997 824 2029 Θεδς,
845 1996 938 2023 ἐπάνω

144 2046 255 2071 πάντων
269 2044 326 2070 ἐστὶ
341 2044 396 2070 τῶν
411 2044 615 2080 πεποιημένων,
631 2043 680 2079 οὐχ
694 2043 732 2075 ὡς
748 2044 778 2070 ὲν
787 2044 854 2069 πᾶσι
870 2051 936 2069 κοιτ-

143 2090 357 2126 αριθμούμενος,
388 2091 446 2117 ἀλλ’
461 2091 498 2122 ὡς
514 2090 560 2117 καὶ
571 2090 679 2117 πάντων
690 2089 857 2125 ἐξῃρημένος
867 2110 873 2120 ,
891 2088 939 2115 καὶ

143 2139 201 2166 τοῖς
218 2138 284 2164 πᾶσι
305 2136 465 2172 Θεοπρεπῶς
480 2137 673 2172 ἐποχούμενος,
696 2136 832 2170 Ἐπιλέγει
847 2136 874 2162 δὲ
889 2135 938 2170 τὴν

143 2183 248 2215 αἰτίαν,
261 2182 305 2210 τόν
321 2183 504 2210 ἀντιτείνοντα
521 2183 667 2215 δυσωπῶν,
684 2183 731 2210 καὶ
745 2181 939 2216 κατασιγάζων

144 2230 192 2256 τὸν
214 2229 419 2265 ἀνθιστάμενον.
446 2239 455 2255 ι
484 2230 513 2256 '0
527 2229 631 2256 ἄνωθεν
659 2229 815 2265 ἐρχόμενος,
829 2239 838 2255 ι
861 2229 937 2264 φησὶ,

145 2274 220 2302 τοῦτ’
243 2275 333 2308 ἔστιν,
359 2277 374 2302 ὁ
394 2275 445 2311 τῆς
467 2275 571 2303 ἄνωθεν
594 2275 672 2312 ῥίζης
696 2275 869 2310 ὲκπεφυκὼς,
890 2275 939 2310 τὴν

146 2319 278 2356 πατρῴαν
293 2321 335 2355 ἐφ’
357 2320 446 2356 ἐαυτῷ
462 2320 586 2355 φυσικῶς
600 2319 751 2351 ἀποσώζων
768 2320 893 2354 εὐφυΐαν,
909 2319 940 2346 τὸ

1321 1682 1398 1711 CAl'.
1419 1680 1451 1710 ll.

989 1731 1065 1765 Quod
1088 1727 1116 1758 in
1138 1735 1323 1758 creaturarum
1350 1738 1458 1757 numero
1483 1738 1535 1757 non
1556 1731 1591 1757 sit
1616 1729 1716 1765 Filius,
1737 1733 1783 1760 sed

1165 1774 1245 1801 supra
1256 1774 1355 1798 omnes,
1365 1770 1395 1792 ut
1406 1765 1477 1792 Deus
1493 1765 1525 1792 de
1539 1765 1603 1793 Deo.

1024 1812 1067 1845 Ill,
1081 1813 1124 1841 5i.
1141 1813 1192 1845 Qui
1206 1812 1345 1839 desursum
1360 1812 1440 1842 venit.
1457 1820 1537 1846 super
1550 1821 1639 1840 omnes
1654 1817 1704 1840 est.

1024 1858 1097 1885 Nihil
1113 1859 1203 1893 magni
1224 1863 1277 1890 est,
1294 1864 1340 1884 aut
1357 1857 1472 1884 multum
1488 1858 1628 1893 stupendi,
1642 1857 1740 1893 inquit,
1757 1858 1782 1885 si

989 1903 1169 1931 humanitatis
1195 1904 1308 1938 gloriam
1334 1903 1463 1930 Christus
1487 1903 1604 1931 excedit.
1623 1903 1682 1930 Non
1708 1904 1782 1931 enim

984 1954 1104 1977 eatenus
1122 1948 1182 1984 ejus
1196 1949 1284 1984 gloria
1306 1949 1480 1981 terminatur,
1497 1949 1544 1976 sed
1565 1956 1648 1984 supra
1669 1949 1781 1977 univer-

989 2003 1048 2023 sam
1077 1998 1232 2022 creaturam
1260 1998 1313 2026 CSI,
1339 1998 1369 2021 ut
1396 1993 1479 2027 DEIIS,
1508 2001 1591 2029 supra
1616 2002 1660 2022 I'CS
1686 2002 1782 2023 omnes

989 2045 1106 2074 creatas,
1119 2044 1173 2069 nOn
1195 2047 1224 2068 ut
1237 2041 1265 2067 in
1279 2040 1401 2067 omnium
1417 2047 1533 2067 numero
1555 2041 1782 2075 comprehensus,

988 2089 1035 2116 sed
1051 2092 1080 2115 ut
1099 2088 1133 2115 ab
1150 2087 1279 2114 erunibus
1294 2090 1448 2121 exemptus,
1465 2090 1492 2114 et
1505 2086 1596 2113 divina
1614 2087 1721 2114 ratione
1737 2095 1782 2114 se-

989 2136 1057 2163 dens
1078 2141 1160 2169 supra
1177 2134 1315 2161 universa.
1338 2133 1455 2161 Causam
1473 2132 1576 2165 subdit,
1592 2141 1645 2167 qua
1663 2133 1783 2160 confun-

990 2182 1030 2209 dit
1043 2181 1243 2213 adversarium,
1263 2183 1290 2208 et
1310 2180 1343 2207 ad
1365 2179 1505 2207 silentium
1521 2179 1615 2214 adigit.
1633 2187 1643 2205 ι
1659 2178 1711 2212 Qui
1734 2179 1783 2206 de-

991 2236 1103 2257 sursum
1126 2227 1212 2260 venit,
1236 2237 1245 2253 »
1266 2226 1368 2261 inquit,
1390 2226 1443 2253 hoc
1462 2230 1515 2258 est,
1534 2226 1581 2261 qui
1603 2226 1636 2253 de
1664 2233 1784 2261 superna

991 2273 1084 2301 radice
1104 2272 1216 2308 prodiit,
1229 2276 1371 2307 paternam
1386 2271 1413 2298 in
1426 2271 1518 2306 seipso
1534 2271 1697 2298 naturaliter
1716 2279 1783 2298 cou-

992 2327 1107 2347 servans
1139 2318 1326 2350 nobilitatem,
1351 2325 1433 2352 supra
1468 2325 1565 2345 omnes
1599 2319 1653 2346 erit
1686 2319 1783 2353 procul

145 2367 242 2394 ἐπάνω
259 2367 367 2395 πάντων
383 2367 516 2403 ὑπάρχειν
526 2367 750 2403 ὁμολογουμένως
764 2368 936 2402 κεκτήσεται·

992 2366 1086 2393 dubio.
1104 2365 1160 2393 Nec
1175 2366 1247 2392 enim
1271 2365 1327 2392 fieri
1348 2372 1465 2398 usquam
1493 2369 1580 2399 potest
1595 2370 1624 2391 ut
1642 2373 1697 2392 non
1721 2366 1784 2393 talis

146 2411 181 2449 ἦν
197 2413 250 2449 γὰρ
267 2413 299 2448 δὴ
314 2414 362 2440 καὶ
379 2414 531 2449 ἀμήχανον,
555 2414 591 2449 μὴ
613 2414 674 2448 οὺχὶ
694 2413 804 2444 πάντως
819 2412 940 2439 τοιοῦτον

147 2461 264 2496 ὁρᾶσθαι
275 2461 321 2487 τὸν
334 2460 407 2493 nm,
426 2461 516 2492 ὁποῖός
532 2469 585 2496 περ
600 2460 639 2494 ἂν,
650 2461 735 2486 νοοῖτο
750 2460 797 2485 καὶ
813 2459 882 2486 κατὰ
894 2460 942 2495 τὴν

148 2507 230 2540 ἀξίαν
244 2508 258 2533 ὁ
276 2507 410 2542 γεννήσας
431 2507 520 2533 αὐτόν.
548 2507 576 2532 '0
597 2506 650 2542 γὰρ
673 2506 705 2542 τῇ
730 2506 874 2541 ταυτότητι
894 2506 942 2540 τῆς

147 2553 258 2587 φύσεως
281 2553 440 2588 διαπρέπων
459 2553 534 2584 Υἱὸς,
554 2553 584 2579 τὸ
605 2552 776 2587 ἀπαύγασμα
798 2552 845 2578 καὶ
861 2553 875 2579 ὀ
895 2560 943 2587 χαι

151 2600 259 2636 ρακτὴρ
273 2599 320 2626 τοῦ
337 2599 454 2635 Πατρδς,
472 2599 531 2631 πῶς
545 2599 577 2626 ἂν
593 2599 698 2633 γένοιτο
711 2599 783 2626 κατὰ
800 2600 848 2634 τὴν
864 2598 943 2631 δόξαν

150 2646 270 2673 ἐλάττων
292 2646 394 2678 abeo-3;
410 2647 444 2672 Ἣ
461 2646 515 2681 γὰρ
538 2646 588 2672 οὐκ
603 2647 631 2672 ὲν
648 2646 700 2681 ﬁt?)
723 2645 753 2672 τὸ
769 2645 816 2671 τοῦ
837 2645 944 2681 [ἰατρὸς

151 2693 216 2720 ἴδιον
227 2693 456 2729 ἀτιμασθήσεται,
470 2692 516 2719 καὶ
536 2692 582 2720 τὸν
595 2692 642 2719 τοῦ
655 2692 782 2723 τεκόντος
795 2691 945 2727 ὑδριοῦμεν

151 2740 324 2775 χαρακτῆρα,
340 2741 368 2766 ἐν
379 2740 503 2766 ἐλάττοσι
515 2738 634 2771 τιθέντες
646 2739 744 2772 αὐτόν;
763 2738 844 2770 Ἀλλ’,
857 2737 946 2774 οἶμαι,

152 2787 234 2813 πᾶσιν
251 2786 330 2813 ἔσται
343 2785 423 2812 τοῦτο
437 2785 592 2821 καταφανές
606 2794 612 2800 ·
628 2785 672 2812 διά
685 2794 725 2812 τοι
740 2785 818 2812 τοῦτο
840 2785 888 2812 καὶ
901 2784 948 2819 γέ-

150 2840 284 2868 γραπται·
300 2832 378 2859 «Ἵνα
388 2831 488 2864 πάντες
495 2832 594 2867 τιμῶσι
602 2832 646 2858 τὸν
660 2831 732 2863 Υἱὺν,
743 2832 832 2863 καθὼς
843 2831 944 2867 τιμῶσι

185 2890 206 2906 ⁸³
220 2889 305 2917 Joan.
322 2897 348 2920 ν,
363 2889 410 2916 95.

317 2936 454 2966 Ρλτιωι..
476 2936 532 2964 Gn.
554 2935 683 2965 LXXIII.

991 2417 1123 2448 appareat
1146 2411 1242 2445 Filius,
1264 2411 1352 2446 qualis
1374 2415 1502 2438 censetur
1521 2419 1592 2443 esse,
1610 2411 1692 2446 idque
1722 2412 1785 2446 jure

990 2459 1100 2491 merito,
1115 2458 1161 2493 qui
1177 2458 1267 2494 ipsum
1281 2457 1385 2493 genuit.
1402 2457 1489 2485 Filius
1506 2458 1607 2493 quippe
1621 2458 1666 2485 ille
1683 2458 1784 2485 identi-

991 2511 1046 2534 tate
1082 2511 1186 2533 natura:
1218 2505 1395 2539 conspicuus,
1427 2505 1556 2539 splendor
1587 2509 1614 2531 et
1641 2503 1786 2531 character

992 2551 1093 2585 Patris,
1105 2550 1244 2586 quomodo
1261 2549 1347 2585 gloria
1363 2549 1452 2576 minor
1470 2549 1570 2576 fuerit?
1586 2550 1626 2576 An
1640 2558 1694 2577 non
1712 2550 1786 2578 enim

992 2598 1020 2624 in
1045 2597 1114 2624 Filio
1138 2596 1229 2624 Patris
1256 2597 1409 2631 proprietas
1429 2595 1652 2628 dedccorahitur,
1672 2601 1699 2623 et
1720 2596 1787 2624 cha-

993 2643 1094 2671 racteri
1108 2643 1240 2679 genitoris
1259 2642 1390 2677 injuriam
1406 2641 1553 2673 faciemus,
1568 2642 1590 2669 si
1617 2650 1680 2670 eum
1698 2643 1788 2670 mino-

994 2698 1053 2718 rem
1072 2689 1242 2718 statuamus‘!
1256 2689 1290 2715 At
1304 2687 1418 2720 nemini,
1437 2692 1466 2714 ut
1495 2696 1568 2721 reor,
1584 2689 1697 2716 dubium
1714 2689 1787 2716 istud

996 2739 1048 2764 est.
1073 2735 1176 2763 Idcirco
1204 2734 1337 2769 scriptum
1371 2741 1482 2768 quoque
1510 2738 1552 2761 est
1575 2743 1582 2761 :
1606 2744 1613 2759 ι
1634 2733 1669 2761 Ut
1691 2742 1788 2761 omnes

996 2783 1177 2811 honoriﬁcent
1192 2782 1300 2814 Filium,
1310 2781 1382 2809 sicut
1396 2781 1580 2809 honoriﬁcam
1596 2781 1722 2813 l‘atrem;
1741 2782 1787 2816 qui

999 2838 1054 2859 non
1068 2829 1230 2858 lionoriﬁcat
1244 2828 1356 2862 Filium,
1367 2836 1421 2855 non
1436 2828 1600 2856 honorilicat
1616 2827 1762 2854 Patrem“.
1777 2836 1786 2851 ι

1530 2935 1546 2962 9
