2028 3118
277 146 329 174 267

774 143 802 171 S.
824 143 962 172 CYRILLI
982 142 1218 172 ALEXANDRINI
1236 144 1398 172 ABCIIIEP.

1855 141 1910 169 268

275 201 328 237 Qui
342 206 433 230 autem
450 201 599 237 :equalibus
613 201 766 228 honoribus
780 209 843 228 cum
859 201 914 230 Deo
932 209 965 230 ac
980 201 1062 230 Patre

1116 203 1157 230 τὸν
1172 202 1281 237 Πατέρα
1296 210 1304 218 ⁸
1320 202 1335 229 ὁ
1346 201 1386 237 μὴ
1396 202 1484 237 τιμῶν
1507 201 1552 228 τὸν
1568 200 1644 233 Υίὺν,
1655 180 1722 227 ὀὐδὲ
1737 200 1782 227 τὸν
1796 200 1910 236 Πατέρα

274 247 419 284 gloriatur,
434 251 579 282 propterea
604 246 678 282 quod
698 254 733 278 ex
760 247 821 282 ipso
843 252 887 275 est
912 247 1064 276 secundum

275 299 414 328 naturam,
436 292 573 329 quomodo
591 301 645 321 non
665 293 826 322 censebitur
840 293 950 322 domum
972 301 1064 321 rerum

274 344 432 368 creatarum
448 339 581 367 excedere
597 335 807 368 substantiam?
819 339 871 366 hoc
890 339 963 366 enim
981 339 1066 374 signi-

277 386 358 414 ﬁcant
382 385 429 412 illa
459 385 554 418 verba,
585 395 594 412 ι
618 393 700 420 super
725 393 824 413 omnes
853 389 905 414 est.
926 395 935 412 ι
965 384 1065 413 Verum

275 433 366 462 sentio
391 439 489 460 rursus
511 431 623 460 minime
649 431 793 467 quieturos
816 430 919 459 Christi
945 431 1064 459 hostium

275 479 394 511 animos,
410 477 457 506 sed
471 485 518 506 ore
529 478 638 513 procaci
651 482 678 505 et
691 477 823 506 eﬂrenato
836 478 959 507 dicturos
973 485 980 505 :
997 478 1066 506 Cum

275 525 373 552 beatus
394 524 519 559 Baptista
545 524 691 552 desursum
717 524 809 552 venire
825 523 926 552 Filium
949 528 1065 557 asserat,

276 578 401 605 quaenam
426 570 495 596 ratio
510 577 561 597 nos
585 569 677 604 adiget
697 573 727 596 ut
745 577 779 597 ex
799 569 952 597 substantia
978 569 1066 597 Patris

277 615 366 650 ipsqu
392 615 488 643 venire
515 614 698 649 suspicemur.
719 619 831 650 propter
855 614 921 642 illud
942 624 951 640 ι
970 615 1066 643 desur—

277 670 350 693 sum,
363 671 371 686 ι
389 669 422 688 ac
433 669 487 688 non
505 661 596 696 potius
612 669 627 688 e
641 660 729 694 cmlis,
743 664 791 688 aut
804 660 885 688 etiam
901 668 933 688 ex
952 660 997 688 illa
1013 668 1067 696 qua

278 712 389 743 praestat
406 715 489 742 supra
506 714 603 735 omnes
631 707 791 740 eminentia,
819 711 850 734 ut
876 707 937 735 ideo
957 715 1067 742 quoque

278 762 359 789 supra
375 753 467 780 omnia
482 753 652 788 intelligatur
668 760 731 780 esse
750 760 781 780 ac
799 753 878 789 162
896 753 1023 781 dicatur?
1039 753 1066 781 Si

277 800 389 836 quando
403 807 453 827 nos
466 799 548 834 igitur
560 798 720 826 istiusmodi
736 799 911 827 sermonibus
927 802 1066 834 appetant,

279 847 313 873 iis
333 853 494 880 reponemus
516 854 522 871 :
540 843 599 872 Non
625 852 724 880 sequar
749 845 940 880 putidissimas
961 849 1067 873 vestras

280 892 410 923 rationes,
429 899 446 918 ο
473 891 551 922 boni,
564 891 613 918 sed
630 890 751 918 divinam
772 890 864 926 potius
885 890 1065 925 Scripturam.

278 938 405 972 solasque
420 944 514 964 sacras
529 936 658 964 Litteras.
675 936 861 964 Scrutandnm
877 941 920 964 est
938 937 1020 971 igitur
1039 936 1068 963 in

278 984 351 1016 illis,
375 991 430 1018 quo
457 987 537 1018 pacto
561 983 615 1010 vim
646 983 727 1017 hujus
749 983 824 1010 vocis
857 991 866 1008 ι
888 983 1034 1010 desursum
1056 993 1065 1009 ι

276 1029 424 1063 accipiant.
440 1028 563 1056 Audiam
580 1028 673 1063 itaque
689 1035 774 1056 unum
790 1035 823 1055 ex
841 1027 896 1055 illis
912 1028 1012 1064 spiritu
1026 1028 1068 1055 af-

276 1074 349 1102 ﬂatis
372 1074 506 1110 apostolis
527 1074 690 1102 clamantem
714 1084 720 1101 :
741 1083 750 1099 ι
772 1073 861 1102 Omne
882 1075 976 1102 datum
997 1075 1069 1111 opti-

277 1125 397 1155 mum.ct
412 1129 493 1149 omne
508 1121 611 1149 donum
623 1122 775 1157 perfectum
789 1121 934 1150 desursum
948 1127 1005 1155 est,
1021 1123 1069 1151 de-

279 1167 417 1195 scendens
428 1175 443 1195 a
452 1167 674 1194 Patreluminum
685 1167 718 1195 ³¹.
731 1177 741 1194 i
752 1167 823 1195 Ecce
831 1171 925 1202 aperte
933 1167 998 1195 illud
1011 1168 1068 1196 rde-

277 1221 387 1241 sursum
400 1223 409 1239 ›
428 1213 547 1248 explicat
563 1212 715 1248 Scriptura,
736 1223 745 1239 ι
758 1221 772 1240 a
785 1212 892 1241 Patre.»
912 1213 980 1240 Cum
995 1214 1067 1241 enim

277 1259 361 1286 sciret
372 1259 439 1286 nihil
448 1258 522 1286 aliud
536 1265 580 1286 res
591 1262 698 1286 creatas
709 1257 842 1286 excedere
857 1262 955 1293 praeter
972 1258 1068 1286 inetia-

278 1304 358 1332 bilem
375 1304 448 1331 illam
461 1304 508 1332 Dei
523 1299 661 1337 naturam,
677 1303 782 1331 idcirco
798 1304 824 1332 ei
843 1304 953 1339 proprie
973 1311 1068 1332 vocem

278 1351 350 1377 hanc
380 1361 389 1376 ι
409 1350 554 1378 desursum
572 1360 581 1376 ι
604 1350 741 1377 attribuit.
763 1350 823 1376 Alia
847 1351 948 1386 quippe
975 1350 1067 1378 omnia

277 1397 418 1424 servitutis
441 1397 508 1431 jugo
529 1396 653 1430 subjecta
668 1400 730 1423 sunt
747 1403 754 1427 ;
771 1395 846 1423 solus
860 1398 950 1422 autem
964 1394 1068 1423 servire

277 1443 378 1474 nesrit.
397 1447 425 1470 et
451 1447 547 1477 regnat
579 1442 661 1474 Deus,
678 1441 750 1468 unde
778 1442 838 1476 ipse
862 1449 958 1469 revera
984 1448 1067 1476 supra

277 1497 372 1516 ournes
387 1496 495 1523 quoque
514 1491 566 1514 est.
586 1486 656 1515 Deus
678 1491 779 1518 autem,
794 1491 822 1514 et
839 1495 871 1514 ex
890 1487 945 1514 Deo
968 1495 1067 1515 secun-

276 1534 342 1561 dum
369 1538 496 1560 naturam
525 1539 587 1559 cum
611 1532 646 1559 sit
669 1531 765 1564 Filius,
789 1532 958 1567 ejuscemodi
980 1533 1066 1568 gloria

1116 251 1193 285 τιμᾷ.
1203 259 1212 275 ι
1233 249 1261 276 ’0
1271 249 1298 275 δὲ
1321 249 1484 284 ίσομιτροις,
1502 247 1541 280 ὡς
1556 247 1623 284 πρὸς
1636 246 1703 273 Θεδν
1723 247 1770 274 καὶ
1783 247 1908 283 Πατέρα,

1115 296 1208 330 τιμαῖς
1225 294 1467 330 ὲπαγλαῖζόμενος,
1485 292 1528 321 διὰ
1541 293 1572 320 τὺ
1588 293 1618 325 ἐξ
1630 292 1714 320 αὐτοῦ
1737 293 1810 320 κατὰ
1827 293 1909 328 φύσιν

1117 340 1261 375 ὑπάρχειν,
1273 340 1333 372 πῶς
1345 341 1395 367 οὐκ
1407 341 1440 367 ἂν
1454 341 1540 368 νοοῖτο
1549 339 1642 366 λοιπὸν
1654 339 1704 374 τὴν
1715 338 1770 365 τῶν
1785 339 1909 374 γενητῶν

1115 386 1272 414 ἀναϐαίνειν
1287 386 1398 418 οὒσίανς
1420 385 1500 413 τοῦτο
1515 386 1570 421 γὰρ
1583 385 1630 418 τὸ,
1647 394 1657 412 ι
1678 385 1787 413 Ἐπάνω
1798 385 1911 412 πάντων

1116 432 1200 459 ἐστίν.
1223 441 1232 458 ι
1259 431 1330 458 Ἀλλ’
1350 431 1514 467 αἰσθάνομαι
1542 431 1634 464 πάλιν,
1653 431 1692 463 ὼς
1707 431 1845 467 ἡρεμήσει
1860 430 1910 465 μὲν

1117 478 1241 514 οὐδαμῶς
1251 478 1306 506 τῶν
1317 478 1515 515 Χριστομάχων
1524 478 1538 504 ὁ
1547 478 1618 510 νοῦς,
1625 478 1719 513 ἥξουσι
1729 478 1763 511 δ’,
1773 477 1812 509 ὥς
1823 477 1909 509 εικὸς,

1116 524 1375 560 ἁθυροστομοῦντες,
1395 525 1443 551 καὶ
1465 524 1600 559 λέγοντες·
1624 525 1709 551 Ὀταν
1729 524 1744 550 ό
1772 523 1911 559 μακάριος

1117 570 1270 606 Βαπτιστὴς
1284 570 1387 598 ἄνωθεν
1403 570 1540 606 ὁρμᾶσθαι
1556 570 1625 606 λέγῃ
1637 570 1682 596 τὸν
1703 569 1814 605 Κύριον,
1834 571 1910 600 ποῖος

1118 617 1191 651 ἡμᾶς
1212 616 1362 650 ἀναγκάσει
1384 616 1461 650 λόγος
1481 617 1514 643 ὲκ
1540 617 1591 652 τῆς
1612 616 1658 642 τοῦ
1687 616 1794 651 Πατρδς
1816 616 1912 646 οὐσίας

1117 662 1195 696 ἥκειν
1214 662 1294 689 αὐτὸν
1323 662 1495 697 ὑποτοπῆσαι
1522 663 1568 689 διὰ.
1599 662 1630 689 τὸ
1652 672 1661 688 ι
1679 661 1794 693 ἄνωθεν,
1828 671 1838 687 ι
1864 661 1912 688 καὶ

1117 707 1177 742 οὐχὶ
1192 707 1292 742 μᾶλλον
1307 708 1337 740 ἐξ
1350 708 1483 744 οὐρανῶν,
1500 708 1516 744 ἢ
1530 708 1577 735 καὶ
1587 709 1620 735 ὲκ
1641 709 1690 743 τῆς
1707 707 1822 742 ἐνούσης
1835 707 1912 741 αὑτῷ

1118 752 1190 779 κατὰ
1203 754 1311 780 πάντων
1331 753 1476 789 ὑπεροχῆς,
1493 753 1530 785 ὡς
1553 754 1597 780 διὰ
1607 753 1686 780 τοῦτο
1699 754 1746 780 καὶ
1761 753 1808 779 ἐπὶ
1822 752 1915 779 πάντα

1118 799 1212 831 νοοῖτο,
1225 800 1272 825 καὶ
1285 799 1405 834 λέγοιτο;
1418 799 1502 826 Ὅταν
1516 799 1604 826 τοίνυν
1618 800 1692 834 ἡμᾶς
1705 800 1760 830 τοῖς
1777 798 1912 830 τοιούτοις

1119 845 1684 880 κατασφενδονῶσινλόγοις,ἀντακούσονται
1697 845 1776 872 πάλιν
1786 853 1792 859 ”
1804 845 1843 872 ob
1856 846 1912 875 τοῖι¹

1120 893 1185 927 παρ’
1200 892 1264 927 ὑμῖν
1276 892 1462 928 σαθροτάτοις,
1477 889 1500 918 ὦ
1516 892 1661 928 βέλτιστοι,
1676 892 1830 926 λογισμοῖς,
1845 891 1912 918 ἀλλὰ

1121 938 1219 973 μᾶλλον
1229 940 1262 974 τῇ
1278 938 1339 974 θείᾳ
1348 938 1444 975 Γραφῇ
1459 939 1506 966 καὶ
1524 939 1616 974 μόνοις
1626 939 1682 970 τοῖς
1698 938 1781 973 ίεροῖς
1802 937 1913 964 ἀκολου-

1119 984 1240 1019 οήσομεν
1251 984 1428 1020 Γράμμασιν.
1450 984 1625 1020 Ἑρευνητέον
1636 984 1668 1019 δὴ
1678 982 1724 1011 οὖν
1737 985 1766 1010 ἐν
1784 984 1912 1014 ἐκείνοις,

1119 1031 1193 1062 ὅπως
1208 1031 1275 1066 ἡμῖν
1294 1030 1344 1066 τὴν
1370 1031 1418 1058 τοῦ
1438 1040 1448 1057 ι
1470 1031 1574 1058 ἄνωθεν
1590 1040 1600 1057 ι
1622 1030 1758 1066 ὁρίζονται
1784 1029 1911 1064 δύναμιν.

1126 1075 1311 1103 Ἀκουέτωσαν
1325 1076 1416 1103 τοίνυν
1430 1076 1650 1111 ἀνακεκραγότος
1667 1075 1740 1107 τινος
1754 1075 1811 1101 τῶν
1829 1083 1913 1100 πνευ-

1121 1121 1292 1157 ματοφόρων“
1310 1131 1320 1148 ι
1345 1123 1423 1149 Πᾶσα
1439 1121 1513 1154 δόσις
1529 1122 1630 1157 ἀγαθὴ,
1651 1122 1700 1148 καὶ
1720 1122 1775 1148 πᾶν
1795 1121 1914 1155 δώρημα

1118 1166 1230 1199 τέλειον,
1247 1167 1351 1195 ἄνωθέν
1371 1169 1428 1194 ἐστι
1443 1167 1607 1195 καταϐαῖνον
1621 1169 1652 1194 ὲκ
1668 1167 1716 1194 τοῦ
1736 1167 1843 1203 [ἰατρὸς
1858 1167 1912 1193 τῶν

1120 1212 1227 1247 φώτων·
1253 1223 1262 1239 ι
1284 1205 1339 1240 Maii
1357 1214 1505 1250 διαρρήδην
1525 1207 1556 1241 τί)
1582 1223 1591 1240 ι
1612 1214 1726 1247 ἄνωθεν,
1746 1222 1756 1240 ι
1776 1221 1785 1239 ι
1806 1214 1840 1240 ὲκ
1865 1212 1912 1240 τοῦ

1120 1259 1226 1295 Πατρὸς
1246 1269 1254 1285 ι
1270 1259 1340 1287 εἷναί
1355 1269 1447 1296 φησιν’
1463 1261 1556 1296 ἕτερον
1570 1261 1624 1296 γὰρ
1643 1261 1719 1287 οὐδὲν
1731 1259 1912 1296 ὑπερκεῖσθαι

1119 1304 1262 1338 γινώσκων
1275 1305 1309 1332 τὰ
1324 1305 1425 1341 γενητὰ
1439 1306 1514 1341 παρὰ
1529 1306 1578 1341 τὴν
1587 1306 1706 1342 ἄρρητον
1719 1305 1766 1333 τοῦ
1776 1305 1846 1332 Θεοῦ
1863 1304 1913 1339 φὺ-

1120 1358 1172 1383 σιν,
1191 1350 1260 1386 αὐτῇ
1279 1351 1382 1386 κυρίως
1403 1352 1527 1387 προσῆψε
1549 1351 1579 1378 τὸ
1601 1361 1611 1378 ι
1634 1351 1746 1378 ἄνωθεν.
1771 1361 1781 1378 ι
1799 1351 1841 1378 Τὰ
1862 1351 1913 1385 μὲν

1119 1395 1173 1431 γὰρ
1183 1395 1250 1422 ἄλλα
1266 1396 1410 1432 σύμπαντα
1418 1397 1456 1433 τῷ
1464 1397 1514 1432 τῆς
1525 1396 1647 1429 δουλείας
1661 1397 1810 1424 ὑποπίπτει
1822 1396 1912 1432 ζυγῷ,

1121 1442 1200 1477 μήνος
1223 1442 1251 1468 δὲ
1272 1442 1328 1470 ἄνω
1351 1443 1398 1470 τοῦ
1422 1443 1580 1478 κρατεῖσθαι
1607 1443 1681 1478 πηδᾷ
1702 1443 1749 1470 καὶ
1773 1442 1911 1477 βασιλεύει

1119 1488 1196 1520 Θεὸς⁸
1213 1488 1273 1515 ὃοεν
1288 1489 1396 1524 atque;
1421 1490 1503 1521 αὐτὸς
1528 1490 1575 1516 καὶ
1595 1489 1688 1516 ἐπάνω
1707 1490 1816 1517 πάντων
1842 1489 1909 1515 ἐστί.

1121 1533 1186 1565 Θεὸς
1200 1534 1227 1560 δὲ
1240 1535 1285 1560 καὶ
1294 1535 1326 1562 ἐκ
1337 1535 1405 1561 Θεοῦ
1423 1536 1493 1562 κατὰ
1505 1535 1584 1570 φύσιν
1599 1536 1730 1572 ὑπάρχων
1739 1537 1752 1562 ὁ
1769 1535 1844 1567 Υίδς,
1861 1535 1910 1570 τῆς

276 1587 332 1607 non
355 1571 526 1606 excludetur.
544 1577 621 1612 Quod
645 1577 667 1605 si
691 1578 757 1604 illud
773 1588 782 1604 ι
799 1579 946 1606 desursum
966 1587 975 1603 ι
996 1579 1064 1606 acci-

1120 1564 1276 1615 931710619
1301 1581 1492 1616 λαμπρότητος
1510 1564 1564 1609 οὐκ
1580 1564 1746 1610 ἐκκείισῑεται.
1764 1581 1796 1609 Εἰ

276 1625 406 1660 piendum
427 1624 529 1658 putatis
546 1631 595 1658 pro
614 1633 624 1649 ‹
643 1623 764 1655 caelitus,
789 1634 798 1650 ι
815 1624 935 1660 idipsum
957 1632 1068 1660 quoque

276 1671 311 1699 de
340 1670 439 1706 quovis
468 1669 565 1705 angelo
603 1673 631 1697 et
659 1669 788 1697 rationali
818 1671 921 1698 virtute
947 1670 1065 1698 dicatur.

276 1716 397 1744 Veniunt
411 1715 484 1743 enim
503 1715 536 1742 ad
553 1723 602 1743 nos
617 1715 651 1743 de
665 1715 756 1747 caelis,
773 1720 800 1743 et
814 1717 968 1743 ascendunt
983 1721 1067 1752 atque

276 1762 458 1793 descendunt,
472 1765 500 1788 ut
525 1761 626 1790 alicubi
648 1761 685 1788 ait
700 1769 707 1788 :
724 1770 733 1787 ι
758 1760 847 1796 Supra
865 1761 962 1789 Filium
977 1763 1064 1789 homi-

277 1809 321 1835 nis
332 1807 365 1835 ³¹.
388 1816 397 1832 ι
419 1807 489 1840 Quid
517 1814 583 1842 ergo
603 1806 712 1834 beatum
738 1806 888 1842 Baptistam
913 1808 1066 1843 impulith

275 1853 349 1889 quod
376 1861 462 1888 penes
479 1854 580 1881 multos
602 1857 654 1885 est,
673 1853 742 1881 illud
765 1853 841 1881 velut
857 1853 988 1881 eximium
1013 1854 1064 1882 soli

275 1899 345 1927 Filio
360 1899 473 1930 tribuat,
483 1906 515 1925 ac
529 1904 658 1933 tanquam
670 1899 704 1926 de
721 1899 802 1926 unico
815 1907 934 1934 superne
948 1900 1064 1928 descen-

275 1944 356 1972 dente
382 1944 457 1971 dieat
483 1953 489 1970 :
516 1953 524 1969 ι
542 1943 592 1977 Qui
608 1944 756 1971 desursum
785 1944 876 1971 venit?
896 1954 905 1970 ι
925 1944 1063 1972 Honorem

275 1991 375 2026 quippe
399 1990 474 2016 illum
495 1997 667 2016 communem
688 1989 750 2016 aliis
775 1989 866 2017 facere
894 1998 942 2024 par
964 1995 1060 2018 esset:

278 2046 287 2062 ι
310 2036 362 2069 Qui
375 2035 525 2063 desursum
538 2035 662 2075 veniunt,
677 2043 761 2070 super
777 2043 873 2062 omnes
886 2039 960 2062 sunt.
977 2046 986 2062 ι
1007 2035 1062 2063 Sed

274 2081 350 2109 novit
376 2080 424 2108 uni
448 2080 518 2108 Filio
537 2087 630 2107 vocem
653 2080 726 2108 illam
751 2080 856 2112 deberi,
875 2085 1005 2115 tanquam
1028 2090 1061 2109 ex

275 2132 401 2161 suprema
414 2126 505 2153 radice
526 2125 609 2152 edito.
620 2124 678 2152 Non
699 2133 764 2160 ergo
784 2125 850 2152 illud
868 2135 877 2150 ι
890 2125 1033 2153 desursum
1049 2136 1060 2154 ι

274 2171 412 2206 significat
436 2179 445 2195 ι
463 2171 589 2202 caelitus,
611 2180 620 2196 ι
643 2170 690 2197 sed
718 2170 798 2197 modo
825 2177 880 2205 quo
907 2170 962 2205 jam
987 2171 1061 2198 dixi-

1122 1635 1131 1650 ι
1152 1625 1254 1652 ἄνωθεν
1274 1636 1283 1652 ι
1301 1627 1389 1653 οἴεσθε
1404 1627 1458 1653 δεῖν
1477 1637 1486 1652 ι
1503 1627 1532 1660 ἐξ
1549 1628 1664 1663 οὐρανοῦ
1683 1637 1693 1655 ι
1710 1627 1909 1663 λαμϐάνεσοαι,

1118 1669 1238 1704 λεγέσθω
1255 1671 1301 1698 καὶ
1325 1672 1371 1698 ἐπὶ
1387 1672 1486 1704 παντὸς
1509 1673 1625 1708 ἀγγέλου
1642 1674 1689 1701 καὶ
1705 1674 1849 1709 δυνάμεως
1868 1673 1911 1700 λο-

1117 1718 1198 1752 γικῆς
1216 1718 1232 1753 ὴ
1254 1718 1338 1751 λέξιςο
1361 1719 1486 1754 ἔρχονται
1506 1720 1561 1756 γὰρ
1584 1721 1622 1752 ὡς
1637 1721 1712 1756 ἡμᾶς
1725 1720 1755 1752 ὲξ
1776 1720 1909 1755 οὐρανῶν,

1117 1763 1164 1790 καὶ
1175 1764 1361 1795 ἀναϐαίνουσι,
1380 1767 1428 1792 καὶ
1448 1766 1671 1798 καταϐαίνουσιν,
1689 1766 1727 1798 ῶς
1749 1766 1800 1792 πού
1816 1774 1909 1801 φησιν·

1136 1818 1145 1834 r
1168 1810 1230 1836 Ἐπὶ
1251 1810 1297 1836 τὸν
1318 1811 1381 1837 Υἱὺν
1396 1811 1442 1838 τοῦ
1462 1811 1617 1848 ἀνθρώπου.
1635 1822 1644 1838 ι
1665 1813 1697 1839 Τί
1713 1811 1759 1839 οὖν
1780 1813 1836 1848 ἄρα
1854 1813 1911 1839 ἐστὶ

1115 1855 1146 1881 τὸ
1171 1856 1216 1882 τὸν
1240 1857 1373 1892 μακάριον
1402 1857 1558 1894 Βαπτιστὴν
1585 1858 1729 1890 πεπεικδς,
1752 1859 1783 1885 τδ
1802 1859 1911 1891 πολλοῖς

1115 1901 1223 1937 ἕτοιμον
1257 1904 1296 1934 εἰς
1325 1903 1449 1936 ἐξουσίαν
1476 1905 1615 1932 ἀναθεῖναι
1644 1906 1717 1941 μόνῳ
1743 1905 1806 1932 κατ’
1835 1905 1910 1939 ἐξαί-

1115 1955 1193 1982 ρετον
1216 1947 1254 1982 τῷ
1276 1948 1342 1983 Υίῷ,
1365 1949 1412 1975 καὶ
1434 1949 1471 1981 ὡς
1487 1951 1529 1984 ἐφ’
1559 1951 1618 1982 ἑνὸς
1637 1950 1684 1977 τοῦ
1707 1951 1814 1978 ἄνωθεν
1826 1959 1909 1977 κατα-

1114 1992 1251 2025 ϐαίνοντος
1263 1994 1360 2026 εἰπεῖν,
1376 2003 1385 2019 ι
1407 1995 1435 2021 ’0
1446 1995 1546 2022 ἄνωθεν
1562 1995 1724 2032 ἐρχόμενος
1742 2005 1751 2022 ι
1767 1997 1846 2031 Χρῆν
1856 1997 1910 2032 γὰρ

1113 2039 1199 2074 δήπου
1213 2041 1422 2068 κοινοποιεῖσϐαι
1434 2043 1489 2074 τοῖς
1502 2042 1591 2074 ἄλλοις
1603 2043 1633 2069 τὸ
1646 2042 1753 2078 ἀξίωμα
1765 2063 1772 2076 ,
1783 2042 1907 2077 λέγονταο

1116 2095 1126 2111 ι
1146 2087 1177 2112 0i
1195 2086 1298 2113 ἄνωθεν
1310 2088 1464 2123 ἐρχόμενοι,
1480 2089 1572 2115 ἐπάνω
1585 2088 1695 2116 πάντων
1709 2088 1788 2116 είσίν.
1806 2098 1816 2115 ι
1838 2089 1908 2115 ’Δλλ”

1112 2130 1185 2159 οἶδεν
1208 2133 1247 2160 ἑνὶ
1263 2133 1301 2168 τῷ
1318 2133 1375 2169 Υίῷ
1387 2134 1418 2160 τὸ
1442 2135 1517 2170 ῥῆμα
1534 2135 1771 2171 χρεωστούμενον,
1797 2135 1837 2167 ὠς
1860 2136 1909 2167 τῆς

1111 2177 1243 2205 ἀνωτάτω
1261 2178 1339 2214 ῥίζης
1355 2179 1532 2214 ἐκπεφυκότι.
1550 2181 1608 2207 Οὐκ
1627 2181 1681 2216 ἄρα
1699 2179 1730 2207 τὺ
1747 2189 1757 2206 ι
1776 2180 1882 2207 ἄνωθεν
1896 2189 1905 2205 ι

273 2225 334 2245 mus
352 2216 395 2252 pie
410 2221 438 2244 et
458 2225 522 2245 vcre
545 2216 678 2251 capietur.
696 2215 842 2249 Quomodo
857 2216 940 2248 enim,
957 2224 1059 2252 quaeso,

1116 2223 1241 2258 σημαίνει
1255 2223 1285 2250 τὸ
1303 2233 1312 2249 ι
1331 2223 1361 2256 ἐξ
1375 2224 1500 2259 οὐρανοῦ·
1525 2234 1536 2251 ι
1552 2215 1714 2260 νοηθήσεται
1727 2225 1766 2258 δὲ,
1781 2224 1908 2260 καθάπερ

272 2262 325 2289 erit
346 2269 429 2296 super
456 2268 564 2294 omnes,
585 2262 607 2289 si
632 2268 685 2288 non
711 2261 755 2287 illa
777 2269 828 2288 vox
849 2270 858 2286 ι
880 2261 1026 2290 desursum
1048 2272 1058 2289 ι

273 2306 422 2341 signiticet,
439 2313 453 2332 a
471 2306 560 2338 Patre,
578 2305 625 2333 sed
641 2306 731 2340 potius
747 2306 780 2333 de
798 2306 886 2333 cmlo?
900 2305 968 2334 Nam
984 2308 1005 2335 si
1025 2308 1061 2336 ita

271 2359 317 2379 res
333 2355 385 2383 est,
401 2351 454 2379 erit
481 2353 562 2379 ctiam
589 2351 749 2386 angelorum
768 2351 886 2387 quisque
901 2359 984 2388 super
999 2361 1061 2381 om-

273 2397 329 2430 nia,
346 2401 441 2432 utpote
460 2404 523 2424 cum
547 2396 609 2424 inde
624 2397 726 2424 veniat.
743 2396 772 2424 Si
789 2405 854 2424 vero
872 2399 1062 2435 unusquisque

273 2442 464 2471 universorum
493 2449 607 2469 numero
641 2450 697 2469 non
727 2443 994 2478 comprehendatur,
1027 2453 1060 2473 ex

272 2490 437 2524 quibusnam
467 2489 576 2516 demum
612 2489 676 2516 illud
708 2497 717 2514 ι
745 2490 836 2516 omnia
855 2500 864 2516 ι
896 2491 1065 2527 colligetur?

272 2540 320 2563 aut
340 2535 479 2571 quomodo
501 2543 552 2562 vox
573 2535 618 2562 illa
636 2544 645 2561 ι
663 2536 753 2563 omnia
766 2545 775 2562 ι
796 2537 899 2572 integra
921 2545 1064 2572 permane-

272 2583 322 2614 bit,
336 2589 451 2610 servans
465 2587 564 2609 exacte
588 2590 666 2609 suum
682 2583 876 2618 significatum,
893 2592 956 2612 cum
976 2593 1060 2620 ange-

272 2629 362 2655 lorum
390 2631 465 2655 tanta
489 2628 637 2656 multitudo
660 2629 834 2662 excludatur,
848 2635 875 2658 et
900 2631 955 2658 vim
979 2632 1061 2667 huius

271 2675 347 2703 vocis
364 2684 373 2701 ι
388 2675 480 2702 omnia
498 2684 508 2701 ι
524 2675 646 2703 evertat?
658 2675 716 2703 Non
733 2677 806 2705 enim
827 2677 946 2713 amplius
967 2679 1061 2706 omnia

272 2723 347 2752 sunt,
361 2720 384 2747 si
397 2724 476 2747 extra
494 2724 621 2748 maneant
637 2721 655 2748 ii
668 2722 714 2757 qui
731 2726 809 2750 erant
825 2723 851 2750 in
867 2723 989 2751 omnium
1008 2732 1060 2751 nu-

271 2774 356 2794 mero.
377 2766 492 2795 Verbum
521 2772 611 2795 autem
629 2769 702 2804 quod
731 2769 861 2797 ineffabili
891 2771 999 2798 ratione
1024 2779 1058 2799 ex

309 2855 329 2870 "
345 2854 401 2882 lac.
422 2865 440 2887 t,
458 2857 499 2885 l7.
540 2857 560 2873 "
579 2856 655 2883 Joan.
673 2858 749 2889 M51.

1113 2268 1163 2303 ἤδη
1182 2269 1358 2304 προείπομεν,
1376 2270 1496 2303 εὐσεϐῶς
1507 2279 1536 2297 τε
1558 2271 1605 2298 καὶ
1625 2271 1742 2307 ἀληθῶς.
1769 2271 1832 2303 Πῶς
1854 2271 1907 2306 γὰρ

1112 2314 1180 2346 ὅλως
1197 2314 1273 2342 ἔσται
1287 2316 1334 2343 καὶ
1347 2317 1440 2343 ἐπάνω
1459 2317 1580 2350 πάντων,
1595 2317 1619 2344 εί
1639 2317 1676 2352 μὴ
1695 2315 1725 2343 τὸ
1746 2317 1779 2343 ἐκ
1799 2317 1906 2352 Πατρὸς

1113 2360 1240 2395 σημαίνει
1255 2361 1286 2387 τὺ
1304 2369 1314 2387 ι
1337 2362 1450 2395 ἄνωθεν,
1466 2371 1475 2388 ι
1492 2362 1562 2390 ἀλλὰ
1573 2363 1674 2398 μᾶλλον
1682 2362 1714 2389 τὸ
1723 2362 1753 2395 ἐξ
1769 2362 1905 2398 οὐρανοῦ;

1115 2406 1211 2433 Ἔσται
1227 2406 1291 2442 γὰρ,
1306 2407 1339 2435 ἂν
1351 2408 1437 2440 οὕτως
1450 2409 1508 2445 ἔχῃ,
1521 2409 1567 2436 καὶ
1583 2409 1698 2441 ἕκαστος
1711 2409 1766 2436 τῶν
1780 2409 1905 2443 ἀγγέλων

1114 2452 1208 2479 ἐπάνω
1231 2453 1350 2485 πάντων,
1371 2454 1409 2486 ὡς
1431 2454 1536 2482 ἐκεῖθεν
1558 2455 1714 2490 ἐρχόμενος·
1740 2454 1858 2481 ἑκάστου
1877 2454 1904 2481 δὲ

1112 2498 1303 2533 διαφεύγοντος
1329 2500 1359 2527 τὸ
1387 2501 1593 2537 ὲναριθμεῖσθαι
1624 2503 1680 2534 τοῖς
1712 2503 1818 2534 πᾶσιν,
1851 2501 1907 2528 ἀπὸ

1112 2544 1192 2572 τίνων
1207 2545 1248 2572 ἐτι
1265 2545 1295 2572 τὸ
1315 2556 1324 2572 ι
1341 2547 1430 2574 πάντα
1451 2557 1460 2571 ι
1484 2548 1680 2584 συναχθήσεται
1694 2557 1701 2581 ;
1713 2549 1753 2575 Ἢ
1764 2547 1831 2580 ,πῶς
1843 2549 1876 2574 ἂν
1891 2548 1904 2572 ό

1111 2590 1158 2616 τοῦ
1172 2600 1181 2616 ι
1200 2591 1289 2619 πάντα
1307 2601 1317 2618 ι
1340 2592 1418 2626 λόγος
1442 2594 1571 2630 ἀκέραιος
1586 2594 1740 2630 διαμείναι,
1762 2593 1907 2625 διασώζιίν

1110 2637 1243 2672 ἀκριὸὦς.
1263 2638 1278 2664 ὃ
1297 2639 1441 2674 σημαίνειν
1461 2640 1597 2675 βούλεται,
1621 2639 1756 2675 τοσαύτης
1781 2639 1905 2673 ἀγγέλου

1111 2682 1303 2719 ἀποφοιτώσης
1319 2684 1450 2720 πληθύος,
1466 2686 1512 2712 καὶ
1526 2686 1719 2721 παραλυούσης
1735 2684 1783 2711 τοῦ
1805 2693 1815 2710 ι
1838 2684 1902 2710 πάν-

1110 2735 1143 2753 τα
1161 2737 1169 2754 ι
1191 2728 1237 2754 τὸν
1252 2729 1331 2764 ὃρον;
1347 2730 1446 2757 Οὐκέτι
1459 2731 1512 2766 γὰρ
1540 2731 1639 2763 πάντα,
1659 2731 1795 2766 μενόντων
1813 2729 1900 2756 ὲκτδς.

1109 2772 1189 2807 οἵπερ
1207 2770 1276 2808 ἦσαν
1293 2774 1322 2800 ἐν
1346 2776 1438 2802 πᾶσιν.
1471 2775 1499 2802 '0
1524 2776 1550 2802 δέ
1575 2784 1606 2810 γε
1629 2776 1756 2811 ἀρρήτως
1781 2775 1815 2802 ἐκ
1835 2772 1902 2801 θεοῦ
