2028 3118
167 142 222 172 269

710 142 742 170 ΙΝ
755 142 898 172 JOANNIS
911 141 1130 171 EVANGELIUM
1149 143 1213 170 Lllt.
1235 142 1266 171 ll.

1749 148 1801 177 270

168 201 277 237 Πατρδς
297 201 451 238 διαλάμψας
467 202 556 236 λόγος,
573 201 728 234 ἰδιάζουσαν
743 202 812 237 ἔχων
827 202 875 237 τὴν
888 201 953 229 ἅνω·

1014 201 1068 229 Deo
1080 201 1158 228 Patre
1171 201 1283 235 ctl'ulsit,
1293 202 1458 237 peculiarem
1473 202 1579 232 habens
1595 203 1668 232 illam
1684 213 1801 240 superne

168 247 215 274 θεν
234 247 374 284 γέννησιν,
391 248 438 275 καὶ
453 248 580 284 καθάπερ
600 248 654 275 ἀπὸ
671 248 760 284 πηγῆς
775 248 824 283 τῆς
839 248 886 274 τοῦ
905 248 961 274 Πομ

167 293 233 328 τρὸς
268 293 363 325 οὐσίας
395 293 539 330 ὑπάρχων,
567 293 716 329 ἐρχόμενος
749 293 799 319 οὐκ
837 293 961 328 ἀδικήσει

166 339 207 371 τὸ,
226 339 328 372 πάντα,
338 339 369 365 τὺ
381 339 410 366 ὲν
421 341 503 366 πᾶσιν
512 339 550 372 ὡς
566 339 649 375 μέρος
662 339 791 374 τετάχθαι
805 338 943 374 διαφυγών
952 346 959 353 ⁶

167 383 245 410 ἔσται
273 383 302 410 δὲ
325 384 426 419 μᾶλλον
452 384 544 411 ἐπάνω
570 385 689 416 πάντων,
717 385 754 416 ὡς
775 384 868 420 ἕτερος
895 383 961 419 παρ’

166 430 248 462 αὐτὰ,
265 431 314 457 καὶ
335 430 426 465 φύσει,
446 431 493 457 καὶ
515 429 629 465 δυνάμει
648 430 805 465 θεοπρεπεῖ,
831 431 879 457 καὶ
904 431 961 461 τοῖς

166 477 258 510 ἄλλοις
269 478 316 504 τοῦ
332 479 510 514 γεννήσαντος
522 477 674 513 ἰδιώμασιν.
683 477 753 504 Ἀλλ’
762 477 854 513 ἐροῦσι
867 477 958 512 τυχὸν,

165 523 216 555 τὰς
234 525 266 551 ἐκ
288 525 338 559 τῆς
359 523 474 559 ἐρεύνης
495 524 610 555 ἀτοπίας
624 524 839 559 δυσωπούμενοι·
861 524 892 551 Et
910 533 958 558 ση-

167 569 259 605 μαίνει
270 570 302 596 τὸ
316 579 325 595 ι
345 569 448 597 ἀνωθεν
472 580 481 596 ι
503 570 533 597 τὸ
550 570 581 602 ἐξ
597 570 730 606 οὐρανῶν,
742 570 795 597 ἀπὸ
818 570 868 604 τῆς
883 570 959 596 ἐνού-

167 625 219 652 σης
231 616 305 652 αὐτῷ
315 616 384 643 κατὰ
401 616 510 644 πάντων
525 617 673 652 ὑπεροχῆς.
684 616 752 653 Φέρε
766 616 798 652 δὴ
809 614 865 649 οὖν,
878 617 958 652 ἀκρι-

166 661 297 697 ϐέστερον
319 661 513 696 βασανίζοντες
538 661 586 688 τοῦ
601 661 750 697 λεγομένου
765 661 815 696 τὴν
834 661 958 696 δύναμιν,

167 707 266 742 ἴδωμεν
282 707 362 733 πάλιν
379 708 418 739 είς
433 708 509 734 ποῖον
524 707 616 739 αὐτοῖς
637 707 817 743 καταστρέψει
838 707 915 739 τέλος
927 706 958 733 τὸ

165 752 331 788 ἐγχείρημα.
346 752 458 788 Πρῶτον
469 753 518 788 μὲν
526 750 572 779 οὖν
582 752 689 788 ἀμαθές
702 761 731 779 τε
739 752 787 779 καὶ
800 752 958 787 ἀδιανόητον

165 798 274 833 κομιδῇ,
297 798 328 825 τὸ
351 798 431 825 αὑτὸν
454 799 486 825 ὲκ
508 798 555 825 τοῦ
570 798 672 825 οἰκείου
692 797 782 832 λέγειν
803 797 958 833 ἀξιώματος

166 844 294 879 ἔρχεσθαι
309 844 355 871 τὸν
366 844 439 877 Υίδν,
456 845 503 871 καὶ
515 844 611 881 ὥσπερ
621 844 676 872 ἀπό
689 853 762 876 τινος
773 844 868 877 τόπου,
882 844 899 880 ἥ
911 845 958 872 καὶ

1014 247 1233 282 generationem,
1246 251 1274 275 et
1288 255 1320 275 ex
1337 247 1428 277 Patris
1447 249 1600 279 substantia
1621 254 1751 287 tanquam
1767 261 1799 280 ex

1013 293 1087 320 fonte
1110 300 1236 326 manans,
1251 293 1319 321 nihil
1334 294 1490 326 detrimenti
1519 297 1597 334 163
1614 298 1743 327 omnibus
1759 300 1800 326 aL

1013 339 1090 372 feret,
1109 347 1173 367 cum
1189 340 1216 367 in
1236 339 1360 368 omnium
1389 349 1504 370 numero
1522 347 1652 379 tanquam
1674 352 1737 380 pars
1753 353 1800 373 eo-

1012 391 1073 411 rum
1093 392 1156 412 esse
1180 389 1319 419 nequeat:
1335 385 1381 413 sed
1401 386 1454 414 erit
1473 387 1564 422 potius
1583 395 1666 423 supra
1694 397 1797 423 omnia,

1011 434 1141 467 tanquam
1167 431 1240 459 aliud
1264 432 1298 460 ab
1313 431 1392 467 ipsis,
1409 440 1470 460 cum
1494 438 1602 466 natura,
1619 440 1675 462 tum
1697 437 1798 464 virtute

1011 475 1114 510 divina,
1125 476 1243 512 aliisque
1256 477 1390 512 genitoris
1401 478 1625 514 proprietatibus.
1636 479 1689 509 Sed
1702 489 1797 511 earum

1011 522 1212 550 absurditatum
1232 523 1338 558 pudore
1358 524 1468 552 contusi
1485 524 1578 552 forsan
1598 526 1729 560 objicient
1746 538 1752 555 :
1769 528 1796 555 Si

1013 577 1022 593 ι
1042 566 1189 595 desursum
1208 576 1217 593 ι
1238 567 1309 596 idem
1335 573 1378 597 est
1400 576 1432 596 ac
1458 570 1490 597 de
1516 570 1602 603 caelo,
1620 578 1651 597 ex
1676 579 1709 598 eo
1725 573 1797 606 quod

1010 613 1146 641 universis
1162 613 1359 648 supereminet,
1378 615 1405 641 id
1422 615 1568 650 signiﬁcat.
1588 615 1710 651 Agedum
1730 626 1798 653 ergo

1009 659 1064 686 vim
1090 658 1164 687 illius
1187 659 1252 686 dicti
1279 661 1436 688 accuratius
1461 662 1671 696 perpendentes,
1688 671 1797 691 rursum

1008 705 1152 733 videamus
1171 713 1252 740 quem
1277 706 1380 733 exitum
1409 707 1528 734 habituri
1551 708 1606 736 sint
1632 716 1727 736 eorum
1749 718 1797 736 co-

1008 754 1101 778 natus.
1118 750 1241 778 Primum
1256 751 1483 787 itaqueimperiti
1507 761 1539 780 ae
1561 755 1641 789 plane
1663 756 1797 783 dementis

1008 800 1050 824 est
1067 797 1168 830 dicere,
1187 796 1287 824 Filium
1304 798 1393 833 ipsum
1411 806 1426 826 a
1445 806 1493 826 sua
1510 800 1643 835 dignitate
1657 802 1756 834 venire,
1770 807 1797 829 et

1008 842 1084 870 velut
1100 849 1134 870 ex
1149 842 1241 877 aliquo
1252 843 1324 876 loco,
1338 843 1396 871 sive
1411 844 1493 871 etiam
1506 845 1578 872 velut
1593 853 1625 872 ex
1642 854 1696 872 uno
1711 855 1795 873 unum

165 889 203 920 ὡς
216 889 245 922 ἐξ
256 889 325 921 ὲνδς,
337 889 385 916 ἕνα
398 889 444 916 τὸν
458 890 540 916 αὑτὸν
554 890 586 916 ὲκ
600 889 650 925 τῆς
673 889 741 921 ἰδίας
758 889 895 925 ὑπεροχῆς
917 890 953 921 εἰς

1008 887 1134 915 eumdem
1163 895 1197 915 ex
1221 895 1271 915 sua
1300 888 1449 916 eminentia
1468 890 1572 922 venire,
1593 897 1621 918 ut
1648 892 1684 918 sit
1712 900 1795 927 supra

163 935 194 961 τὺ
209 936 303 962 ἐπάνω
319 935 427 962 πάντων
440 933 509 962 εἶναι
536 935 665 971 βαδίζειν.
687 935 760 971 Πρὸς
772 935 800 961 δέ
819 944 852 970 γε
868 935 955 970 τούτῳ

164 979 242 1014 κάγὼ
263 979 400 1015 πυθοίμην
430 979 462 1007 ἂν
488 980 584 1016 ἥδιστα
607 980 667 1007 λίαν
685 980 785 1013 αὐτῶν,
806 980 855 1016 τὴν
885 980 955 1007 κατά

168 1027 278 1053 πάντων
296 1026 433 1062 ὑπεροχὴν
446 1045 454 1057 ,
470 1026 585 1062 πότερόν
604 1035 669 1053 ποτε
691 1026 822 1054 δώσουσιν
839 1026 953 1062 οὐσιώδη

163 1071 211 1097 καὶ
238 1071 424 1106 ἀναφαίρετον
455 1070 494 1105 τῷ
520 1070 598 1106 Υίῷ,
630 1072 647 1106 ἢ
677 1071 955 1106 προσπεπορισμένην

162 1116 262 1149 εξωθεν
275 1117 346 1143 κατὰ
370 1117 449 1151 λόγον
471 1116 518 1143 τοῦ
543 1116 756 1152 συμϐεϐηκότος.
778 1118 809 1144 Εἰ
837 1117 886 1152 μὲν
908 1115 954 1144 οὖν

162 1163 310 1199 ἐπίκτητον
331 1163 404 1199 ἔχειν
428 1163 536 1199 ἐροῦσιν
555 1163 636 1190 αὐτὸν
665 1163 714 1198 τὴν
739 1163 886 1200 ὑπεροχὴν,
907 1165 954 1191 καὶ

161 1209 292 1241 ἐπακτοῖς
323 1209 550 1245 ἔπισεμνύνεσθαι
573 1210 630 1241 τοῖς
660 1208 823 1245 ἀξιώμασιν,
846 1209 953 1243 ἀνάγκη

161 1255 375 1290 προσομολογείν
388 1255 491 1291 ἔρημόν
505 1264 570 1281 ποτε
586 1255 665 1289 δόξης
681 1254 748 1281 εἶναι
764 1254 893 1281 δύνασθαι
908 1255 953 1281 τὸν

160 1301 313 1335 Μονογενῆ,
339 1301 387 1327 καὶ
408 1302 458 1337 τὴν
477 1301 636 1336 ἐπίκτητον,
666 1301 703 1332 ὠς
729 1300 828 1327 ἐκεῖνοί
858 1309 951 1336 φασιν,

159 1346 346 1374 ἀποδύσασθαι
359 1347 449 1383 χάριν,
462 1347 509 1373 καὶ
524 1347 555 1373 τὸ
575 1346 668 1373 ἐπάνω
688 1347 795 1374 πάντων
813 1343 882 1373 εἶναι
906 1346 953 1382 ζη-

161 1392 310 1427 μιωθέντα,
336 1392 480 1427 φαίνεσθαι
495 1392 596 1428 γυμνὸν
610 1387 652 1427 ’ἦς
680 1392 741 1427 ἄρτι
767 1391 952 1428 θαυμάζουσιν

160 1438 307 1473 ὑπεροχῆς,
320 1439 399 1474 εἴπερ
418 1439 477 1464 ἐστὶ
491 1438 521 1464 τὸ
544 1438 717 1473 συμϐεϐηκὸς
729 1438 892 1472 ἀπόϐλητον,
908 1438 951 1464 ὅτε

160 1483 200 1519 μὴ
207 1483 256 1518 τῆς
262 1483 357 1515 οὐσίας
367 1483 482 1509 ἅπτεται
491 1483 537 1509 τοῦ
546 1483 837 1517 ὑποκειμένου·Ἔσται
843 1490 951 1517 τοιγαρ-

159 1529 208 1555 οῦν
223 1528 362 1564 μεταϐολὴ
383 1529 431 1555 καὶ
450 1528 594 1560 ἀλλοίωσις
605 1528 669 1563 περὶ
685 1527 730 1554 τὸν
741 1528 814 1554 Υίόν·
830 1527 878 1554 καὶ
894 1527 951 1553 δια-

157 1562 289 1608 ψεύσεται
312 1562 361 1608 μὲν
378 1573 492 1604 δικαίοις
513 1572 595 1600 αὑτὸν
618 1562 782 1607 ἀναμέλπων
803 1573 922 1608 ῥήμασιν
936 1572 950 1597 ὁ
963 1562 985 1590 C

160 1619 297 1652 Μελῳδός·
315 1629 324 1645 ι
337 1617 369 1645 Οἱ
380 1619 491 1654 οὐρανοὶ
510 1618 682 1650 ἀπολοῦνται,
703 1618 735 1645 σὺ
746 1618 774 1644 δὲ
800 1617 947 1653 διαμένεις,

159 1665 208 1692 καὶ
228 1665 329 1697 πάντες
353 1665 390 1696 ὡς
412 1665 517 1700 ἱμάτιον
543 1664 790 1700 παλαιωθήσονται,
815 1665 861 1691 καὶ
884 1664 950 1690 ὡσεὶ

159 1708 332 1744 περιὸόλαιον
355 1709 451 1742 ἑλίξεις
472 1709 580 1740 αὐτοὺς,
604 1709 651 1735 καὶ
677 1710 875 1744 ἀλλαγήσονται
893 1719 901 1725 ο
918 1710 949 1736 σὺ

157 1755 188 1781 δὲ
203 1756 218 1782 ὁ
230 1756 312 1787 αὐτὸς
326 1754 359 1787 εί,
374 1757 421 1782 καὶ
435 1755 470 1782 τὰ
492 1755 539 1790 ἔτη
555 1765 602 1782 σου
618 1756 667 1782 οὐκ
680 1755 841 1790 ἐκλείιᾷουσι.
867 1765 876 1782 ι
894 1756 948 1782 Ποῦ

158 1801 214 1836 γὰρ
228 1802 243 1826 ὁ
256 1801 346 1833 αὐτὸς,
367 1802 390 1827 εί
405 1801 569 1835 μεταπίπτει
586 1801 634 1826 σὺν
647 1801 723 1835 ἡμῖν,
736 1800 783 1826 καὶ
799 1800 876 1826 τοῦτο
889 1801 949 1831 ταῖς

159 1847 201 1877 εἰς
227 1846 261 1872 τὰ
278 1846 363 1881 χείρω
384 1846 544 1880 μεταϐολαῖς
561 1855 567 1878 ;
585 1846 682 1882 Μάτην
700 1846 739 1877 δὲ,
755 1846 792 1877 ὼς
804 1846 885 1878 εἰκὸς.
902 1846 949 1872 καὶ

158 1891 242 1921 αὐτὸς
263 1891 304 1925 ἐφ’
330 1890 418 1924 ἑαυτῴ
439 1891 675 1925 κατασεμνύνεται
700 1890 796 1924 λέγων·
826 1901 834 1916 ι
852 1890 946 1922 Ἴδετε,

159 1936 240 1967 ἴδετε,
253 1936 294 1962 ὅτι
309 1935 364 1970 ἐγώ
373 1936 441 1970 ειμι,
461 1936 507 1963 καὶ
527 1937 576 1963 οὐκ
589 1936 646 1963 ἐστι
663 1936 728 1968 Θεὸς
750 1936 817 1971 πλὴν
836 1935 913 1970 ἐμοῦ.
936 1945 944 1960 r

159 1982 222 2013 [16);
241 1982 269 2008 δὲ
287 1983 348 2018 οὐχὶ
361 1983 409 2008 καὶ
429 1983 468 2014 είς
493 1983 574 2010 αὐτὸν
594 1983 760 2019 ἀναϐήσεται
778 1983 824 2010 τὸν
841 1983 949 2019 Πατέρα

157 2029 195 2055 τὰ
208 2029 255 2056 τοῦ
270 2029 441 2064 Γεννήματος
461 2029 547 2064 πάοη,
573 2031 718 2065 χαρακτὴρ
736 2030 815 2065 εἴπερ
827 2029 885 2055 ἐστὶ
902 2029 948 2056 καὶ

157 2075 242 2102 εἰκὼν
260 2075 469 2111 ἀπαράλλακτος
485 2076 568 2102 αὐτοῦ
581 2084 588 2108 ;
616 2077 712 2102 Ἔσται
728 2075 760 2110 δὴ
779 2073 825 2101 οὖν
837 2075 950 2101 ἀλλοιω-

156 2121 204 2152 τὸς
223 2121 272 2156 μὲν
285 2122 351 2156 ἡμῖν
371 2123 385 2148 ό
398 2121 464 2153 Θεὸς
489 2123 535 2148 καὶ
563 2121 667 2156 Πατὴρ,
679 2121 735 2156 ἔχει
750 2121 778 2147 δὲ
798 2128 950 2156 προσγεγο-

158 2169 244 2199 νὸτως
271 2169 321 2203 τὴν
342 2168 412 2195 κατὰ
430 2168 539 2195 πάντων
560 2167 706 2203 ὑπεροχὴν,
727 2167 774 2194 καὶ
800 2166 895 2194 σιωπῶ
919 2166 950 2192 τὸ

158 2215 330 2249 λειπόμενον.
346 2214 523 2241 Οὶκειώσεται
550 2214 606 2249 γὰρ
621 2213 659 2245 ὡς
678 2214 708 2246 ἐξ
722 2213 845 2248 ἀνάγκης
870 2213 904 2239 τὰ
919 2213 947 2238 ὲν
963 2227 986 2255 D

157 2260 193 2294 τῇ
214 2259 299 2286 εἰκόνι
325 2259 356 2285 τὸ
376 2259 539 2294 ἀρχέτυπον.
564 2257 633 2284 Ἀλλ’
656 2257 804 2292 ἐπίκτητον
828 2257 877 2292 μὲν
898 2255 949 2282 οὐκ

159 2305 270 2341 ἐροῦσιν
283 2305 355 2340 ἔχειν
367 2305 447 2332 αὑτὸν
463 2305 512 2341 τὴν
525 2303 663 2339 ὑπεροχὴν
675 2303 743 2338 πρὸς
757 2302 807 2334 τὰς
822 2301 949 2333 τοιαύτας

157 2350 214 2378 τῶν
241 2350 379 2386 λογισμῶν
405 2350 564 2386 δυσχερείας
593 2357 624 2376 τε
651 2348 719 2384 ὁμοῦ
755 2347 802 2374 καὶ
833 2347 950 2377 ἀτοπίας

157 2397 382 2433 ἀποφρίττοντες,
399 2397 515 2431 οὑσιώδη
527 2396 555 2423 δὲ
576 2395 676 2431 μᾶλλον
693 2394 740 2421 καὶ
758 2393 947 2428 ἀναφαίρετον.

159 2441 227 2470 Εἶτα
238 2443 328 2474 πάλιν,
339 2439 361 2469 ὦ
377 2442 520 2478 βέλτιστοι,
537 2441 594 2473 πῶς
608 2442 674 2477 ἡμῖν
687 2441 718 2466 οὐ
735 2440 882 2474 συνερεῖτε,
899 2437 948 2464 καὶ

159 2489 283 2521 ἄκοντες,
295 2489 335 2515 ὅτι
347 2488 413 2520 Θεὸς
430 2488 500 2514 κατὰ
513 2488 594 2522 φύσιν
604 2487 732 2522 ὑπάρχων
743 2486 757 2512 ὁ
773 2485 836 2516 Υἱὸς
855 2483 947 2510 ἐπάνω

159 2536 269 2562 πάντων
282 2535 352 2566 ἐστὶ,
367 2534 410 2561 διὰ
419 2534 498 2560 τοῦτο
510 2533 558 2560 καὶ
572 2534 603 2559 ὲκ
620 2532 702 2567 μόνης
718 2531 825 2566 ἔρχεται
838 2529 888 2564 τῆς
900 2529 947 2555 οὐ-

160 2581 221 2612 σίας
237 2580 284 2606 τοῦ
295 2580 362 2606 θεοῦ
387 2580 434 2606 καὶ
448 2579 554 2614 Πατρός
569 2586 576 2610 ;
593 2578 624 2604 Εἰ
645 2578 699 2612 γὰρ
713 2577 788 2604 οὐδέν
812 2577 869 2602 ἐστι
892 2575 947 2601 τῶν

158 2626 293 2661 γενητῶν,
304 2626 362 2661 ὃμὴ
372 2627 404 2661 τῇ
415 2625 461 2652 τοῦ
474 2625 573 2655 παντὸς
583 2624 695 2659 δυνάμει
706 2621 944 2658 περισχοινίζεται,

159 2674 253 2700 ἐπάνω
267 2673 295 2700 δὲ
319 2673 426 2699 πάντων
445 2672 518 2698 ἐστὶν
543 2671 557 2697 ὸ
569 2671 642 2703 Υἱὸς,
662 2671 700 2701 ὡς
723 2670 816 2704 ἕτερος
828 2667 947 2704 δηλονότι

159 2719 235 2755 παρά
254 2719 356 2751 πάντα,
378 2719 424 2745 καὶ
449 2717 564 2752 οὑσιώδη
584 2717 654 2743 κατὰ
675 2716 783 2743 πάντων
807 2715 876 2750 ἔχων
898 2713 947 2749 τὴν

159 2766 311 2802 ὑπεροχὴν,
327 2766 372 2792 καὶ
388 2765 436 2799 οὐχ
449 2766 462 2791 ὁ
472 2763 552 2795 αὐτὸς
566 2762 636 2790 κατὰ
649 2763 731 2796 φύσιν
741 2762 870 2796 ὑπάρχων
891 2759 947 2790 τοίς

195 2859 220 2874 ³³
233 2856 308 2884 Psal.
325 2863 362 2888 cr,
379 2855 424 2888 97,
441 2855 486 2881 28.
536 2855 558 2870 ³⁸
571 2854 624 2881 lsa.
638 2861 697 2886 τιν,
710 2854 735 2880 5.

779 2852 801 2868 "‘
815 2851 823 2878 Ι
839 2851 902 2877 Cor.
921 2858 959 2881 τι,
977 2851 1003 2875 7.

1006 934 1109 961 omnia.
1125 933 1257 961 Praeterea
1269 942 1319 970 ego
1337 927 1436 962 lubens
1452 936 1486 962 ab
1499 936 1564 971 ipsis
1581 938 1685 972 petiero
1703 943 1794 965 utrum

1007 976 1083 1004 illam
1110 985 1195 1013 supra
1224 979 1316 1005 omnia
1333 979 1509 1006 eminentiam
1525 981 1615 1008 daturi
1644 982 1700 1008 siut
1728 984 1795 1010 sul)—

1006 1023 1174 1054 stantialem.
1194 1028 1219 1050 et
1240 1031 1301 1058 qua:
1330 1024 1429 1052 auferri
1461 1033 1514 1052 non
1543 1027 1629 1060 possit
1652 1026 1732 1059 Filio.
1759 1036 1793 1054 au

1005 1068 1093 1096 instar
1120 1069 1269 1097 accidentis
1298 1071 1472 1098 extrinsecus
1503 1072 1649 1099 invectam.
1673 1072 1702 1100 Si
1729 1081 1794 1109 ergo

1005 1114 1122 1141 aseititia
1138 1114 1281 1149 praeditum
1297 1116 1386 1150 ipsum
1408 1123 1469 1143 esse
1483 1116 1577 1144 dicent
1593 1117 1753 1151 eminentia,
1767 1123 1794 1146 ct

1004 1159 1162 1187 adventiliis
1186 1160 1338 1188 honoribus
1357 1161 1481 1196 gloriari,
1498 1169 1612 1190 necesse
1637 1163 1692 1191 erit
1713 1172 1794 1199 porro

1004 1203 1083 1232 fateri
1101 1204 1279 1240 Unigenitum
1310 1207 1396 1241 gloria
1411 1208 1576 1243 quandoque
1591 1217 1672 1244 posse
1686 1217 1792 1241 carere,

1003 1254 1030 1277 et
1047 1251 1221 1285 acquisitam,
1240 1255 1270 1278 ut
1288 1252 1340 1287 ipsi
1366 1253 1529 1287 loquuntur,
1544 1261 1647 1282 exuere
1662 1256 1791 1291 gratiam,

1002 1300 1030 1323 et
1048 1296 1092 1323 illa
1112 1297 1272 1324 excellentia
1290 1305 1373 1332 supra
1390 1306 1432 1326 res
1451 1306 1546 1327 omnes
1573 1300 1711 1332 orbatum,
1730 1309 1794 1335 spo-

1004 1342 1063 1369 liari
1075 1349 1107 1370 ea
1123 1350 1203 1377 quam
1218 1343 1298 1370 modo
1318 1344 1454 1371 mirantur
1471 1346 1792 1381 excellentia,siquidem

1003 1388 1132 1416 accidens
1149 1389 1238 1415 amitti
1263 1393 1352 1423 potest
1371 1390 1482 1424 quando
1498 1397 1513 1417 e
1531 1391 1648 1426 subjecti
1675 1400 1727 1419 non
1744 1392 1792 1419 dc-

1003 1433 1103 1469 pendet
1120 1435 1250 1461 essentia.
1274 1434 1388 1461 Mutatio
1409 1434 1494 1469 igitur
1516 1439 1544 1462 et
1569 1436 1696 1463 alteratio
1712 1437 1792 1464 cadet

1003 1480 1030 1507 in
1054 1478 1162 1512 Filium,
1180 1483 1206 1506 et
1228 1480 1359 1507 mentitur
1371 1479 1518 1507 Psalmista
1540 1481 1605 1508 dum
1629 1483 1706 1509 vanis
1729 1491 1791 1510 eum

1003 1530 1085 1553 ornat
1102 1525 1229 1552 laudibus
1242 1527 1268 1552 in
1291 1525 1364 1552 hunc
1383 1525 1492 1552 modum
1510 1535 1516 1553 :
1537 1536 1545 1551 ι
1567 1527 1635 1553 (".(nli
1652 1528 1789 1562 peribunt,

1003 1576 1031 1598 tu
1052 1576 1142 1598 autem
1161 1579 1316 1606 pcrmancs,
1337 1575 1363 1598 et.
1382 1579 1478 1599 omnes
1503 1572 1575 1598 sicut
1597 1574 1790 1600 vestimentum

1003 1621 1186 1650 velerasceut,
1201 1621 1228 1644 et
1241 1618 1314 1644 sicut
1326 1617 1496 1652 opertorium
1509 1617 1602 1645 volves
1619 1625 1677 1650 eos,
1689 1623 1714 1645 et
1729 1626 1790 1645 mu-

1002 1664 1134 1690 tabuntur
1150 1673 1156 1692 :
1172 1668 1200 1690 tu
1222 1667 1313 1690 autem
1330 1663 1400 1690 idem
1417 1671 1458 1700 es.
1474 1668 1500 1690 et
1516 1665 1580 1691 anni
1598 1664 1636 1691 tui
1654 1673 1708 1691 non
1721 1665 1789 1692 dcti-

1001 1710 1074 1737 cieut
1093 1710 1124 1737 ".
1144 1720 1153 1736 »
1176 1709 1320 1743 Quomodo
1345 1710 1417 1736 enim
1442 1709 1512 1736 idem
1534 1710 1597 1742 erit,
1621 1709 1644 1736 si
1670 1710 1791 1736 concidit

1003 1756 1156 1785 nobiscum.
1170 1756 1252 1790 idque
1267 1755 1468 1782 mutationibus
1486 1755 1512 1781 iu
1524 1755 1665 1782 deterius?
1676 1754 1789 1783 Frustra

1001 1805 1105 1833 autem,
1120 1805 1148 1827 ut
1165 1805 1287 1835 apparet,
1308 1801 1341 1827 de
1363 1808 1391 1827 se
1406 1801 1488 1826 etiam
1509 1800 1566 1834 ipsc
1585 1800 1729 1834 gloriatur,
1746 1801 1789 1828 di-

1001 1855 1068 1874 cens
1083 1857 1089 1873 :
1107 1857 1115 1872 ι
1136 1846 1240 1879 Videte,
1263 1846 1364 1878 videte,
1380 1846 1442 1880 quia
1465 1854 1516 1881 ego
1540 1853 1612 1879 sum,
1631 1850 1658 1873 et
1675 1854 1729 1873 nou
1747 1850 1789 1873 est

1003 1892 1074 1920 Deus
1088 1896 1186 1926 prmter
1198 1900 1240 1919 me
1251 1892 1283 1918 ³⁸.
1306 1902 1315 1918 ›
1333 1891 1479 1924 Quomodo
1497 1899 1562 1918 vero
1579 1899 1630 1918 non
1647 1893 1678 1917 ad
1698 1892 1787 1926 ipsum

1002 1946 1111 1974 quoque
1125 1937 1232 1964 Patrem
1247 1937 1310 1964 Filii
1327 1937 1494 1964 mutationes
1507 1937 1692 1971 pertinebunt,
1703 1937 1788 1970 siqui—

1001 1985 1062 2011 dem
1085 1989 1126 2010 est
1138 1983 1281 2010 character
1293 1987 1319 2010 et
1336 1982 1426 2016 imago
1445 1981 1505 2015 ejus
1529 1989 1578 2016 per
1596 1982 1687 2008 omnia
1711 1983 1788 2008 simi-

1001 2029 1035 2057 lis
1049 2029 1091 2056 "?
1103 2028 1160 2055 Erit
1178 2028 1263 2062 igitur
1278 2027 1420 2054 mutabilis
1432 2027 1511 2054 nobis
1530 2026 1599 2054 Deus
1612 2034 1642 2054 ac
1656 2026 1745 2058 Pater,
1761 2030 1788 2052 et.

1001 2075 1176 2103 adventitiam
1189 2073 1301 2101 habebit
1316 2081 1398 2108 supra
1410 2080 1454 2100 res
1467 2080 1562 2100 omnes
1574 2073 1763 2100 excellentiam
1779 2082 1786 2099 :

1001 2122 1106 2156 reliqua
1121 2125 1210 2148 taceo.
1223 2119 1367 2154 Exemplar
1380 2119 1480 2152 quippe
1495 2118 1546 2145 sibi
1563 2125 1622 2152 quae
1637 2121 1701 2144 sunt
1717 2117 1787 2143 ima-

1001 2166 1072 2202 ginis
1088 2165 1245 2193 necessario
1267 2163 1429 2190 vindicabit.
1444 2162 1496 2189 Sed
1515 2166 1651 2188 tantarum
1669 2162 1788 2195 indigni—

1001 2216 1087 2239 tatum
1105 2215 1131 2238 et
1146 2209 1347 2237 absurditatum
1365 2208 1479 2234 horrore
1500 2206 1564 2232 tacti
1583 2204 1786 2239 respmidebuut

1000 2257 1146 2285 ascititiam
1160 2255 1184 2282 ei
1204 2262 1257 2282 non
1277 2261 1339 2281 esse
1354 2252 1542 2283 eminentiam,
1557 2251 1604 2277 sed
1616 2250 1785 2278 substantia-

998 2302 1050 2329 lem
1081 2301 1185 2336 potius,
1198 2307 1260 2334 qua:
1280 2297 1381 2325 auferri
1408 2300 1536 2331 nequeat.
1554 2295 1664 2324 Verum,
1678 2301 1694 2320 ο
1711 2294 1783 2325 Ιιοιιί,

998 2347 1136 2382 quomodo
1151 2345 1296 2372 nobiseum
1310 2344 1350 2371 vel
1367 2343 1447 2379 164,
1461 2342 1537 2369 inviti
1549 2348 1603 2368 non
1620 2337 1784 2371 ίιιιυιὶίιιιίιιὶ,

998 2393 1110 2425 Filium,
1124 2400 1187 2419 cum
1212 2391 1284 2418 Deus
1308 2390 1344 2417 sit
1368 2388 1519 2416 secundum
1539 2391 1675 2418 naturam,
1701 2393 1785 2419 supra

1000 2440 1092 2468 omnia
1116 2446 1189 2470 esse,
1213 2437 1329 2471 ideoque
1353 2443 1385 2462 ex
1410 2434 1468 2462 sola
1487 2433 1532 2460 llei
1557 2440 1589 2460 ac
1615 2431 1705 2458 Patris
1722 2432 1787 2458 sub-

1001 2486 1101 2514 stantia
1118 2482 1285 2519 procedere?
1298 2481 1364 2508 Nam
1379 2481 1401 2508 si
1419 2479 1488 2507 nihil
1509 2483 1551 2506 est
1564 2481 1688 2505 creatum
1712 2476 1786 2511 quod

1001 2532 1122 2560 universi
1138 2531 1247 2558 ratione
1264 2532 1291 2556 et
1314 2528 1470 2563 signiﬁcatu
1493 2534 1548 2553 non
1568 2525 1785 2558 constringatur,

1000 2584 1082 2612 supra
1102 2575 1229 2603 universa
1245 2577 1335 2600 autem
1352 2578 1394 2600 est
1409 2571 1506 2602 Filius,
1526 2574 1555 2597 ut
1571 2570 1641 2597 alius
1657 2569 1785 2596 nimirum

1001 2622 1036 2649 ab
1053 2619 1187 2648 universis
1206 2622 1232 2645 et
1252 2617 1427 2645 substantiali
1454 2622 1536 2650 supra
1563 2614 1690 2640 universa
1716 2612 1785 2638 etui-

1001 2666 1093 2694 nentia
1123 2664 1263 2700 praeditus,
1291 2669 1341 2690 nec
1365 2662 1436 2688 idem
1467 2659 1605 2688 exsistens
1634 2657 1785 2685 secundum

1000 2715 1126 2738 naturam
1143 2717 1205 2738 cum
1221 2707 1369 2740 universis,
1384 2705 1523 2742 quomodo
1539 2712 1594 2731 non
1610 2703 1662 2731 erit
1675 2701 1785 2728 tandem

1001 2758 1074 2786 Deus
1095 2756 1191 2785 verus?
1206 2754 1258 2788 Qui
1273 2754 1345 2781 enim
1361 2756 1438 2780 extra
1454 2755 1643 2779 creaturarum
1661 2745 1786 2775 multitu-
