2028 3118
255 129 304 157 271

753 124 782 151 S.
799 122 934 151 οῖιιιῐιιι
953 121 1188 151 ΑιΕΧΑΝοιιιΝι
1208 122 1367 150 ARCIIIEP.

1836 123 1890 152 273

255 184 347 211 dinem
371 181 589 210 substantialiter
610 185 651 208 est
668 181 787 216 positus,
804 189 855 209 nec
877 185 972 208 natura
995 187 1041 208 sua

1097 181 1174 213 πᾶσι,
1192 181 1249 214 πῶς
1261 181 1312 208 οὐκ
1329 181 1362 208 ἂν
1376 181 1417 217 εῐη
1439 181 1531 209 λοιπὸν
1543 181 1609 214 Θεὸς
1629 182 1773 218 άληθινόςς
1791 183 1822 211 '0
1834 184 1891 219 γὰρ

255 233 346 266 potest
367 229 394 256 in
411 235 505 256 earum
528 227 625 255 ordine
651 228 794 261 collocari,
810 227 940 263 quidnam
970 226 1043 254 aliud

255 277 365 304 demum
389 276 441 302 erit
462 274 514 302 nisi
535 273 623 301 Deus?
643 273 716 301 Nihil
740 273 842 309 quippe
870 273 1044 307 interiectum

255 323 390 354 videmus,
408 324 541 356 quantum
558 320 590 347 ad
618 319 795 348 subsistentis
814 319 943 348 essentia:
959 319 1045 346 ratio-

256 377 318 399 nem
343 368 450 396 attinet.
463 366 595 394 Creatura
619 366 692 393 enim
712 366 827 401 imperio
845 366 980 401 subjacet,
998 373 1044 394 su-

255 423 358 452 praque
390 422 450 442 eam
476 413 584 449 positus
611 412 684 440 Deus
711 411 883 447 intelligitur.
906 411 992 446 Igitur
1020 409 1044 437 si

255 463 327 490 Deus
345 460 499 490 secundum
520 465 648 487 naturam
668 462 710 487 est
726 456 825 490 FiliuS,
844 461 871 483 et
890 464 922 484 ex
942 456 996 484 Deo
1013 463 1044 483 ac

255 508 336 538 Patre
364 506 539 534 inel‘fabiliter
566 509 607 533 est
623 504 744 540 genitus,
767 502 901 539 genitoris
917 506 1042 529 naturam

255 554 302 582 illa
327 561 380 581 vox
404 561 414 578 ι
436 552 582 580 desursum
603 560 612 576 ι
635 549 787 585 signiﬁcat,
817 548 933 582 ideoque
962 553 1044 581 supra

255 599 383 627 universa
399 602 442 626 est
455 597 628 633 Unigenitus,
642 595 759 622 maxime
774 601 836 622 cum
854 601 887 621 ex
907 592 967 628 ipsa
984 599 1045 619 esse

255 645 390 672 videatur.

291 690 335 723 lll,
354 691 398 718 5i.
419 689 469 722 Qui
481 693 519 716 eu
536 688 568 716 de
584 692 666 720 terra,
683 686 714 714 de
729 691 800 713 terra
817 690 868 718 est,
882 690 906 713 et
923 685 955 712 de
973 690 1043 712 terra

212 735 216 741 ”
253 737 380 772 loquitur.

289 782 350 810 Non
369 781 464 809 eadem
479 784 522 809 est
537 778 721 816 persuadendi
733 779 776 806 vis
789 782 817 806 et
830 777 947 806 facultas
962 776 1043 804 terri-

253 837 341 866 genae,
359 835 420 868 qua:
439 834 568 863 supremo
583 826 705 854 universi
727 825 793 853 Deo.
809 824 944 860 Laquitur
969 824 1041 851 enim

254 877 288 904 de
305 879 388 909 terra,
403 882 456 910 qua
475 874 568 906 homo,
584 877 612 901 et
636 871 802 900 consultoris
825 871 918 898 locum
934 873 1040 897 tantum

254 922 370 955 obtinet,
395 924 467 948 totas
485 919 616 948 credendi
641 919 763 946 habenas
780 916 954 945 auditoribus
978 923 1041 951 per-

254 969 389 996 mittens:
406 967 454 995 sed
470 966 518 1001 qui
545 973 664 1001 superne
684 964 760 992 venit
787 967 818 991 ut
842 961 925 994 Deus.
947 961 1041 989 divina

257 1015 375 1051 quadam
393 1019 420 1041 et
434 1012 564 1041 inetl'abili
581 1012 669 1048 gratia
687 1011 803 1038 tinctum
828 1015 981 1037 sermonem
1000 1007 1042 1035 di-

254 1061 425 1096 scipulorum
448 1059 561 1087 auribus
580 1057 679 1092 injicit.
691 1057 799 1090 Quanto
815 1062 881 1084 vero
895 1055 986 1090 potior
1001 1057 1042 1081 est

254 1111 365 1139 natura,
388 1109 466 1134 tanto
490 1108 564 1132 certe
585 1104 640 1132 erit
658 1102 805 1131 elIicacior.
820 1101 974 1130 Admodum
993 1106 1042 1126 au-

253 1159 308 1182 tem
334 1153 440 1181 utiliter
460 1153 559 1181 beatus
578 1151 702 1186 Baptista
727 1150 785 1178 suis
810 1148 956 1184 discipulis
984 1148 1041 1176 haec

253 1200 382 1228 inculcat.
408 1199 475 1227 Nam
510 1206 574 1226 cum
609 1197 734 1225 viderent
765 1197 855 1231 ipsum
891 1194 1041 1222 Salvatoris

252 1246 347 1281 gloriae
363 1245 470 1277 cedere,
486 1251 574 1282 e0que
597 1244 709 1272 nomine
732 1249 786 1270 non
802 1249 897 1277 parum
917 1240 1039 1268 oﬂ‘ende-

254 1296 361 1324 rentur,
392 1292 508 1326 ideoque
538 1290 679 1318 venissent
716 1288 749 1316 ad
783 1295 857 1320 eum,
891 1287 1039 1315 dicentes:

257 1348 266 1365 ι
288 1338 386 1370 Rabbi,
400 1337 446 1372 qui
467 1340 527 1365 erat
548 1340 640 1364 tecum
660 1339 737 1367 trans
762 1333 920 1366 Iordanem,
943 1333 988 1361 cui
1011 1338 1040 1360 tu

253 1384 444 1413 testimonium
478 1381 655 1418 perhibuisti,
682 1388 757 1413 ecce,
786 1380 832 1408 hic
857 1379 992 1415 baptizat,
1013 1383 1040 1407 et

253 1438 350 1459 omnes
365 1430 479 1458 veniunt
501 1429 534 1456 ad
550 1435 614 1456 eum
625 1428 663 1461 ³⁶;
685 1437 694 1453 ι
711 1426 870 1454 necessario
884 1427 927 1453 vir
946 1425 1040 1453 divino

256 1477 360 1512 Spiritu
376 1475 485 1503 amatus
497 1474 676 1502 oﬂ‘ensionem
695 1476 812 1504 amovet,
827 1472 942 1508 suisque
954 1471 1038 1500 disci-

252 1521 324 1557 pulis
339 1527 431 1547 rerum
445 1518 667 1546 necessariarum
690 1516 886 1552 cogitationem
902 1515 1039 1549 injiciens,
1054 1526 1078 1557 ο

252 1566 363 1602 exponit
380 1565 491 1601 quidem
505 1564 656 1591 Salvatoris
669 1570 752 1598 supra
771 1562 900 1590 universa
915 1563 1041 1590 eminen-

253 1613 330 1644 tiam,
352 1611 531 1639 nihilominus
553 1617 619 1637 vero
646 1616 759 1637 causam
784 1608 880 1636 edocet
900 1608 936 1636 ob
959 1616 1041 1644 quam

253 1658 288 1686 ad
306 1658 382 1685 illum
399 1657 454 1691 jam
469 1663 565 1684 omnes
579 1654 759 1687 conﬂuerent,
772 1658 799 1682 et
814 1662 891 1690 aqua:
906 1655 1042 1690 baptismo

253 1703 348 1730 relicto
375 1702 409 1729 ad
439 1701 602 1729 diviniorem
630 1705 657 1729 et
687 1701 892 1736 perfectiorem,
918 1701 965 1736 qui
993 1708 1043 1736 per

252 1748 384 1784 Spiritum
400 1753 526 1776 sanctum
544 1747 625 1775 ﬁebat
642 1747 783 1781 nimirum,
796 1755 826 1776 se
840 1747 1005 1782 reciperent.

285 1878 368 1914 .165
387 1877 418 1904 lll
433 1899 439 1911 ,
466 1878 511 1906 5i.
539 1877 591 1911 Qui
614 1878 645 1905 (le
664 1877 728 1906 caelo
752 1878 819 1905 venit
832 1899 838 1911 ,
859 1886 937 1913 super
953 1887 1042 1907 omnes

251 1929 300 1952 εει.

288 1968 344 1996 Hoc
359 1973 489 2001 testatur,
512 1969 616 2004 inquit,
636 1970 769 2004 plurimos
786 1974 813 1997 et
830 1970 1041 2006 incomparabili

252 2014 398 2043 intervallo
416 2018 549 2042 terrenos
569 2015 694 2042 homines
715 2023 728 2041 a
756 2014 812 2042 Deo
839 2014 947 2047 Verbo.
969 2015 1042 2050 quod

252 2068 371 2096 superne
390 2063 418 2088 et
434 2061 544 2088 cmlitus
568 2060 723 2092 descendit,
750 2061 886 2096 superari.
902 2061 952 2088 Cui
973 2069 1042 2088 con-

253 2106 385 2134 lirmando
400 2107 453 2134 nisi
469 2106 520 2133 sim
537 2106 663 2138 idoneus,
682 2111 709 2133 et
725 2107 747 2134 si
766 2115 827 2140 qua:
843 2107 967 2136 dicturus
980 2115 1040 2136 sum

253 2152 310 2179 sola
325 2158 380 2178 non
398 2151 548 2183 sulliciant,
572 2151 632 2185 ipse
657 2151 736 2178 testis
752 2151 863 2179 accedet
888 2151 991 2185 Filius,
1013 2157 1041 2180 et

1095 227 1144 262 τῆς
1160 227 1214 254 τῶν
1237 227 1401 263 ποιημάτων
1428 227 1547 264 πληθύος
1563 228 1698 260 οὺσιωδῶς
1717 229 1890 265 ἐκκείμενος,

1095 273 1142 300 καὶ
1161 274 1192 300 τι
1208 274 1237 300 ἐν
1250 275 1376 310 γενητοῖς
1390 275 1520 309 τετάχθαι
1544 274 1614 302 κατὰ
1629 274 1710 309 φύσιν
1729 275 1892 312 ἐκδραμὼν.

1095 317 1121 343 τί
1138 317 1170 344 ἂν
1185 318 1277 353 ἕτερον
1297 318 1339 354 είη
1355 319 1458 352 λοιπὸν,
1485 319 1502 355 ἢ
1525 319 1615 354 Θεός;
1636 320 1811 348 Μεσολαϐοὗν
1835 322 1896 356 γὰρ

1095 363 1201 399 ὁρῶμεν
1214 364 1299 397 οὐδὲν,
1317 365 1379 392 ὅσον
1389 363 1455 401 ἧκεν
1468 367 1508 397 είς
1520 366 1612 398 οὐσίας
1623 366 1783 403 ὑφεστώσης
1797 367 1887 402 λόγον.

1094 410 1191 442 Κτίσις
1218 411 1272 446 γὰρ
1302 411 1540 448 ἠβασιλευομένη,
1558 413 1605 440 καὶ
1621 413 1665 439 ἐπ’
1691 413 1760 449 αὐτῇ
1787 415 1888 441 νοεῖται

1095 456 1170 488 Θεός.
1192 457 1295 484 Οὐκοῦν
1306 459 1330 484 εἰ
1345 458 1410 490 Θεὸς
1425 459 1495 485 κατὰ
1517 459 1597 493 φύσιν
1612 460 1684 486 ἐστὶν
1697 460 1711 486 ὸ
1722 460 1797 492 Υἱὸς,
1810 461 1889 494 ἐγεν-

1095 502 1162 538 νήθη
1177 502 1206 529 δὲ
1232 503 1360 539 ἀρῤήτως
1378 504 1410 530 ἐκ
1425 504 1473 531 τοῦ
1491 504 1558 531 Θεοῦ
1576 505 1624 532 καὶ
1645 506 1760 541 Πατρὸς,
1776 506 1826 542 τὴν
1841 506 1888 532 τοῦ

1096 549 1273 583 γεννήσαντος
1289 549 1368 583 φύσιν
1382 550 1412 576 τδ
1430 559 1438 576 ι
1454 551 1556 578 ἄνωθεν
1569 560 1578 577 ι
1598 552 1733 587 σημαίνει,
1751 553 1795 579 διὰ
1809 552 1890 579 τοῦτό

1094 602 1124 620 τε
1141 595 1233 621 ἐπάνω
1251 595 1359 622 πάντων
1375 596 1448 623 ἐστὶν
1467 597 1482 623 ὁ
1500 597 1671 634 Μονογενὴς,
1691 598 1739 625 ἆτε
1752 599 1784 634 δὴ
1799 599 1848 626 καὶ
1860 600 1889 632 ἐξ

1094 639 1180 674 αὐτῆς
1190 639 1384 676 ὁρ[μ]ὡμενος.

1136 685 1167 711 '0
1183 683 1225 711 ὢν
1238 685 1272 712 ἐκ
1287 686 1342 720 τῆς
1358 686 1424 721 γῆς,
1437 687 1470 714 ἐκ
1483 687 1538 722 τῆς
1554 687 1609 723 γῆς
1623 689 1699 722 ἐστι,
1715 689 1763 716 καὶ
1780 689 1815 717 ἐκ
1833 689 1889 723 τῆς

1094 728 1150 765 γῆς
1161 731 1258 758 λαλεῖ.

1129 777 1185 804 Οὐκ
1204 777 1353 814 ίσομέτρως
1370 779 1529 815 ἐνεργῆσαι.
1547 781 1642 814 φησὶν,
1659 782 1699 813 εἰς
1711 782 1740 808 τὺ
1754 782 1885 810 δύνασθαι

1094 822 1198 849 πείθειν
1219 824 1233 850 ό
1249 824 1368 860 γηγενὴς
1395 824 1434 859 τῷ
1453 825 1499 851 ἐπὶ
1522 825 1626 858 πάντας
1653 827 1710 853 ὄντι
1733 827 1802 863 Θεῷ.
1831 829 1888 855 Acr

1093 869 1170 904 λήσει
1198 869 1247 904 μὲν
1261 869 1315 906 γὰρ
1339 871 1376 902 ὡς
1398 870 1542 907 ἄνθρωπος
1569 871 1625 898 ἀπὸ
1649 872 1698 908 τῆς
1711 874 1774 908 γῆς,
1798 874 1846 900 καὶ
1859 875 1889 900 ἐν

1095 915 1163 951 μόνῃ
1180 915 1332 950 συμϐούλου
1348 916 1467 944 κείσεται
1477 917 1563 950 τάξει,
1581 917 1644 950 ὅλας
1653 920 1710 950 τοῖς
1723 919 1889 954 παιδευομέ-

1092 970 1148 994 νοις
1163 961 1313 997 ἐπιτρέψας
1322 962 1372 994 re;
1382 963 1429 990 τοῦ
1457 963 1598 998 βούλεσθαι
1622 965 1779 992 πιστεύσειν
1796 966 1886 1001 ἡνίας·

1092 1009 1107 1035 ὁ
1117 1008 1145 1035 δέ
1157 1008 1259 1036 ἄνωθεν
1272 1009 1427 1045 ἐρχόμενος,
1439 1010 1477 1042 ὠς
1490 1009 1567 1043 Θεὸς,
1583 1011 1703 1047 θείᾳτινὶ
1715 1011 1761 1038 καὶ
1772 1012 1888 1047 ἀρρήτῳ

1092 1054 1184 1090 χάριτι
1201 1054 1381 1090 καταχρώσας
1394 1055 1440 1083 τδν
1456 1056 1534 1090 λόγον
1545 1076 1552 1089 ,
1564 1058 1624 1088 ταῖς
1638 1057 1692 1083 τῶν
1718 1057 1888 1093 προσιόντων

1093 1101 1196 1136 ἐνίησιν
1213 1101 1318 1133 ἀκοαῖς.
1336 1102 1411 1137 ’Ὀσῳ
1435 1102 1463 1129 δὲ
1478 1103 1597 1139 ἀμείνων
1613 1103 1673 1129 ἐστὶ
1693 1104 1764 1130 κατὰ
1790 1104 1886 1138 φύσιν,

1093 1147 1211 1182 τοσούτῳ
1224 1147 1257 1182 δὴ
1273 1147 1380 1180 πάντως
1393 1149 1534 1185 ἐνεργήσει
1546 1149 1721 1184 γοργότερον.
1735 1150 1888 1185 Χρησίμως

1092 1191 1120 1219 δὲ
1135 1192 1194 1219 λίαν
1208 1193 1222 1219 ό
1238 1194 1372 1230 μακάριος
1383 1195 1539 1230 Βαπτιστὴς
1555 1195 1624 1230 πρὸς
1635 1196 1698 1228 τοὺς
1713 1196 1810 1223 ἑαυτοῦ
1833 1205 1888 1230 μα-

1092 1237 1176 1274 θητὰς
1190 1238 1224 1265 τὰ
1239 1239 1352 1267 τοιαῦτά
1366 1248 1457 1276 φησιν.
1479 1240 1587 1276 Ἐπειδὴ
1612 1241 1666 1277 γὰρ
1681 1242 1761 1269 αὐτὸν
1775 1243 1825 1277 τῆς
1839 1242 1888 1269 τοῦ

1091 1283 1217 1320 Σωτῆρος
1238 1285 1318 1321 δόξης
1337 1286 1471 1321 ἐθεώρουν
1488 1287 1653 1323 ἡττώμενον,
1678 1289 1724 1315 ἐπί
1746 1298 1775 1316 τε
1799 1289 1889 1324 τούτῳ

1091 1329 1185 1357 λοιπὸν
1206 1330 1236 1357 οὐ
1252 1332 1369 1368 μετρίως
1380 1333 1613 1366 ἐσκανδαλίζοντο,
1630 1334 1680 1370 (διὸ
1694 1335 1725 1369 δὴ
1742 1335 1788 1362 καὶ
1803 1344 1889 1370 προσ-

1091 1375 1174 1411 ῄεσαν
1199 1375 1323 1411 λέγοντες
1334 1386 1340 1393 ·
1359 1387 1368 1404 ι
1393 1378 1499 1412 Ῥαὸὗὶ,
1517 1380 1546 1412 ὃς
1556 1378 1590 1416 ἦν
1601 1381 1672 1416 μετὰ
1687 1381 1733 1408 σοῦ
1746 1382 1775 1408 ἐν
1785 1382 1826 1417 τῷ
1839 1383 1890 1408 πέ-

1094 1429 1143 1457 ραν
1170 1422 1217 1449 τοῦ
1240 1423 1384 1460 Ἰορδάνου,
1407 1422 1429 1459 ᾧ
1458 1425 1490 1452 σὺ
1507 1427 1732 1462 μεμαρτύρηκας,
1751 1428 1788 1454 ῐδε
1808 1425 1889 1460 οὗτος

1092 1467 1242 1502 βαπτίζει,
1269 1470 1317 1497 καὶ
1344 1471 1446 1503 πάντες
1472 1472 1599 1508 ἔρχονται
1626 1473 1694 1509 πρὸς
1723 1474 1804 1502 αὐτόν
1837 1484 1846 1500 ι
1866 1476 1886 1509 )·

1093 1513 1250 1548 ἀναγκαίως
1260 1516 1274 1542 ό
1285 1517 1521 1553 πνευματοφόρος,
1537 1518 1567 1545 τὸ
1577 1518 1625 1545 τοῦ
1638 1519 1786 1546 σκανδάλου
1799 1520 1888 1552 πάθος

1093 1560 1321 1596 ὑποτεμνόμενος,
1340 1562 1405 1597 ὑγιᾶ
1430 1572 1460 1590 τε
1482 1566 1538 1596 τοῖς
1555 1564 1653 1592 ἑαυτοῦ
1684 1566 1820 1601 μαθηταῖς
1838 1567 1888 1601 τὴν

1092 1606 1138 1632 ἐπὶ
1154 1607 1212 1638 τοῖς
1232 1607 1458 1641 ἀναγκαιοτάτοις
1470 1609 1596 1646 διάληψιν
1616 1611 1889 1647 ἐντιθεὶς,ὲξηγεῖται

1093 1651 1144 1687 μὲν
1161 1651 1208 1679 τοῦ
1223 1652 1348 1689 Σωτῆρος
1371 1654 1421 1689 τὴν
1434 1655 1505 1682 κατὰ
1520 1656 1629 1683 πάντων
1647 1658 1795 1694 ὑπεροχὴν,
1813 1659 1888 1686 διδά-

1093 1702 1152 1721 σκει
1169 1695 1197 1721 δέ
1222 1696 1298 1723 οὐδὲν
1320 1695 1402 1733 ἧττον
1422 1699 1472 1734 τὴν
1486 1700 1585 1732 αἰτίαν,
1602 1701 1635 1728 δι’
1657 1702 1690 1738 ἢν
1712 1703 1761 1738 ἤδη
1785 1704 1889 1735 πάντες

1092 1739 1136 1765 ἐπ’
1151 1740 1253 1768 ἐκεῖνον
1267 1741 1402 1775 ἐϐάδιζον,
1419 1744 1467 1771 καὶ
1482 1745 1511 1771 τὸ
1522 1745 1556 1772 δι’
1581 1746 1678 1778 ὓδατος
1694 1747 1775 1782 μόνου
1794 1757 1887 1784 παραη

1092 1785 1235 1821 τρέχοντες
1260 1787 1412 1824 βάπτισμα,
1440 1790 1478 1825 τῷ
1506 1791 1634 1828 θειοτέρῳ
1650 1793 1697 1819 καὶ
1728 1793 1890 1829 τελειοτὲρῳ

1094 1831 1260 1867 προσῄεσαν,
1276 1833 1315 1869 τῷ
1333 1834 1377 1861 διὰ
1391 1836 1549 1871 Πνεύματος
1562 1837 1639 1871 ἁγίου
1654 1838 1765 1875 δηλαδή.

1133 1876 1165 1902 '0
1181 1877 1215 1904 ἐκ
1236 1879 1288 1906 τοῦ
1305 1880 1436 1914 οὐρανοῦ
1455 1881 1628 1917 ἐρχόμενος,
1648 1884 1747 1911 ἐπάνω
1765 1885 1889 1913 πάντων

1093 1922 1189 1950 ἐστίν.

1129 1967 1213 1995 Τοῦτο
1228 1973 1371 2006 μαρτυρεῖ,
1386 1971 1426 1998 ὅτι
1439 1972 1562 2009 πλείστη,
1581 1975 1671 2010 φησὶν,
1691 1977 1736 2002 καὶ
1750 1976 1882 2013 ἀσύγκρι-

1092 2015 1168 2049 τοςή
1187 2014 1303 2051 διαφορὰ
1328 2018 1384 2048 τοῖς
1404 2019 1457 2045 ἀπὸ
1479 2020 1529 2055 τῆς
1552 2021 1602 2055 γῆς
1625 2022 1692 2056 πρὸς
1715 2023 1761 2050 τὸν
1783 2024 1888 2051 ἀνωθεν

1094 2060 1140 2085 καὶ
1152 2059 1181 2092 ἐξ
1195 2061 1309 2095 οὐρανοῦ
1328 2063 1530 2092 καταϐαίνοντα
1545 2066 1611 2093 Θεὸν
1625 2068 1720 2102 Λόγον.
1747 2069 1777 2096 Ει
1793 2070 1832 2105 μὴ
1848 2071 1886 2097 δι-

1092 2104 1201 2133 δάσκειν
1219 2107 1369 2142 ἀξιόχρεως
1386 2110 1440 2143 ἐγὼ
1453 2132 1460 2144 ,
1483 2111 1530 2138 καὶ
1554 2112 1578 2138 εἰ
1604 2113 1682 2148 μόνος
1703 2115 1767 2149 ὑμῖν
1791 2116 1805 2141 ὁ
1821 2104 1887 2150 ἐμὸς

1093 2151 1143 2177 οὐχ
1155 2151 1298 2188 ἐξαρκέσει
1310 2153 1388 2188 λόγος
1398 2175 1405 2187 ,
1432 2156 1513 2189 αὐτὸς
1527 2157 1719 2186 ἐπιϐεϐαιώσει
1737 2162 1887 2196 μαρτυρῶν

253 2196 523 2232 incomprehensibili
544 2196 634 2231 spatio
660 2197 764 2224 distare
791 2200 928 2224 terrenum
945 2198 1041 2225 abillo

1093 2197 1107 2223 ὁ
1123 2197 1198 2229 Υἱὸς,
1211 2199 1395 2236 ἀκαταλήπτῳ
1406 2202 1498 2238 μέτρῳ
1511 2203 1647 2232 διεστᾶναι
1664 2205 1694 2232 τδ
1710 2207 1827 2241 γηγενὲς
1838 2207 1887 2242 τῆς

252 2251 360 2272 summo
387 2251 477 2270 rerum
497 2243 620 2270 omnium
642 2242 766 2276 principe
795 2242 913 2269 docebit.
933 2243 1040 2278 Quippe

251 2289 353 2316 alicubi
372 2288 497 2316 Salvator
515 2289 613 2323 impios
636 2287 745 2315 Judaeos
768 2288 911 2323 alloquens
930 2298 937 2317 :
956 2299 964 2315 ι
985 2289 1039 2318 Vos

251 2335 285 2363 de
299 2335 428 2363 deorsum
447 2335 525 2367 estis,
542 2342 593 2369 ego
606 2334 639 2361 de
655 2334 782 2369 supernis
802 2342 862 2361 sum
873 2335 906 2362 ³⁷,
921 2344 930 2360 ι
953 2335 1038 2362 Deor-

253 2389 315 2409 sum
332 2381 410 2409 enim
437 2389 528 2408 rerum
557 2385 713 2407 creatarum
740 2385 868 2407 naturam
897 2381 935 2408 ait
960 2389 1036 2414 esse,

253 2430 283 2454 ut
307 2426 476 2461 subjectam,
490 2430 518 2452 ct
534 2429 563 2452 ut
584 2432 616 2451 ex
648 2425 812 2452 necessitate
837 2424 891 2453 Deo
921 2426 955 2453 ad
977 2435 1038 2455 esse

252 2473 362 2500 vocanti
376 2472 551 2500 servientem.
572 2470 688 2498 Sursum
704 2478 781 2504 vero,
796 2470 917 2499 divinam
933 2477 960 2500 et
971 2474 1040 2500 inef-

254 2519 362 2546 fabilem
378 2518 590 2546 dominatriccm
613 2517 688 2544 illam
707 2521 845 2551 naturam,
859 2522 954 2554 utpote
978 2528 1040 2555 qum

254 2573 298 2593 res
317 2568 425 2592 creatas
452 2564 566 2599 pedibus
590 2564 650 2591 suis
670 2564 809 2599 subjectas
824 2564 923 2598 habet,
939 2570 966 2593 et
989 2573 1040 2601 po-

253 2611 362 2639 testatis
378 2617 436 2637 suae
450 2609 518 2644 jngo
531 2609 666 2637 subditas.
680 2609 739 2637 Non
755 2610 857 2639 frustra
874 2617 964 2639 autem
981 2613 1039 2640 haec

254 2655 349 2682 beatus
365 2654 486 2688 Baptista
501 2654 691 2689 superioribus
706 2654 816 2690 adjecit.
836 2654 876 2684 Ne
890 2657 948 2684 suis
966 2657 1039 2684 enim

254 2699 397 2733 discipulis
406 2707 490 2726 vanas
501 2700 621 2727 rationes
641 2699 742 2736 lingere
759 2705 914 2735 putaretur,
932 2707 957 2730 et
970 2710 1039 2737 qua~

255 2746 278 2773 si
296 2745 410 2780 puderet
436 2745 496 2774 sine
517 2753 600 2774 causa
623 2745 732 2775 Christo
752 2747 912 2775 inferiorem
938 2749 1036 2783 videri,

292 2831 314 2848 “
328 2831 406 2859 Joan.
428 2841 467 2865 Ill,
485 2833 530 2862 26.
569 2835 589 2850 ³⁷
609 2834 763 2867 Joan.vnl,
784 2834 829 2862 25.

1092 2244 1185 2271 ἐπάνω
1199 2245 1308 2273 πάντων
1321 2248 1408 2283 ἀρχῆς
1418 2257 1426 2265 ·
1441 2249 1630 2285 διαλεγόμενος
1640 2252 1668 2278 δέ
1678 2260 1729 2278 που
1744 2252 1812 2288 πρὸς
1823 2254 1886 2286 τοὺς

1093 2289 1216 2322 ἀνοσίους
1238 2291 1391 2326 Ἰουδαίους,
1415 2293 1535 2329 ἔφασκεν
1550 2297 1686 2333 ὁΣωτήρ-
1711 2307 1720 2324 ι
1742 2298 1839 2334 Ὑμεῖς
1855 2301 1887 2326 ἐκ

1091 2334 1146 2362 τῶν
1162 2336 1238 2363 κάτω
1254 2338 1317 2364 ἐστέ
1329 2347 1336 2353 ι
1355 2339 1411 2374 ἐγὼ
1430 2341 1462 2367 ἐκ
1484 2341 1538 2367 τῶν
1546 2342 1609 2369 ἀνω
1625 2344 1692 2378 εἰμί.
1707 2353 1715 2370 ι
1731 2345 1816 2372 Κάτω
1837 2346 1887 2381 μὲν

1091 2381 1145 2417 γὰρ
1160 2382 1209 2418 τὴν
1221 2383 1276 2409 τῶν
1290 2385 1411 2419 γενητῶν
1428 2385 1506 2421 φύσιν
1522 2385 1591 2414 εἷναί
1611 2397 1710 2424 φησιν,
1726 2390 1764 2422 ὠς
1775 2391 1888 2418 ὑποκει-

1095 2427 1179 2463 μένην
1199 2429 1246 2455 καὶ
1262 2429 1300 2462 ὡς
1321 2430 1350 2462 ἐξ
1364 2431 1487 2467 ἀνάγκης
1509 2433 1687 2468 δουλεύουσαν
1707 2426 1748 2471 τῷ
1763 2437 1834 2471 πρὸς
1855 2438 1886 2464 τὺ

1093 2471 1162 2500 εἶναι
1175 2474 1301 2502 καλοῦντι
1317 2475 1377 2511 Θεῷ
1387 2483 1393 2490 ’
1407 2477 1462 2504 ἄνω
1481 2479 1509 2505 δὲ
1523 2480 1602 2506 πάλιν
1614 2481 1662 2516 τὴν
1677 2481 1751 2509 θείαν
1775 2483 1822 2509 καὶ
1838 2484 1887 2519 ἄῤ-

1095 2519 1174 2552 ῥητον
1191 2518 1372 2551 δεσπόζουσαν
1389 2521 1480 2556 φύσιν,
1492 2523 1529 2554 ὡς
1544 2525 1633 2552 πάντα
1650 2526 1702 2552 ὑπὸ
1714 2527 1797 2558 πόδας
1811 2518 1887 2563 ἐχου-

1094 2572 1143 2591 σαν
1153 2564 1187 2590 τὰ
1201 2566 1311 2600 γενητὰ,
1321 2567 1367 2593 καὶ
1379 2567 1418 2603 τῷ
1430 2569 1477 2603 τῆς
1500 2570 1623 2602 ἐξουσίας
1637 2571 1785 2599 ὑποθεῖσαν
1801 2574 1885 2609 ζυγῷ.

1095 2610 1132 2636 Οὐ
1148 2611 1235 2645 μάτην
1243 2612 1269 2638 δὲ
1284 2613 1370 2640 ταῦτα
1382 2615 1438 2646 τοῖς
1452 2615 1581 2652 ἀνωτέρω
1594 2618 1788 2653 προστέθεικεν
1802 2621 1818 2647 ό
1837 2629 1887 2655 μα-

1094 2657 1190 2692 κάριος
1204 2657 1374 2694 Βαπτιστήςο
1398 2660 1442 2686 ἵνα
1457 2660 1510 2696 γὰρ
1527 2661 1564 2698 μὴ
1582 2663 1725 2699 νομίζηται
1741 2666 1818 2701 παρὰ
1831 2667 1887 2698 τοῖς

1095 2703 1191 2729 ἑαυτοῦ
1205 2703 1349 2739 μαθηταῖς,
1363 2706 1484 2738 εἰκαίους
1496 2708 1712 2736 ἀναπλάττεσθαι
1726 2710 1885 2747 λογισμοὺς,

1095 2749 1164 2775 αἰδοῖ
1184 2749 1211 2775 δὲ
1236 2750 1283 2776 τοῦ
1301 2751 1338 2786 μὴ
1362 2751 1449 2779 δοκεῖν
1470 2753 1586 2788 εὐλόγως
1607 2755 1738 2790 ἡττῆσθαι
1753 2756 1886 2792 Χριστοῦ,
