2028 3118
139 218 194 246 273

675 217 708 244 IN
720 216 862 245 JOANNIS
881 216 1106 246 EVANGELIUM
1125 218 1189 246 LIB.
1211 218 1243 246 ll.

1725 219 1778 248 ἳτά

141 274 254 311 μείζονα
271 275 323 311 μὲν
337 275 426 310 λέγειν
445 275 492 302 καὶ
509 275 611 302 ἀνωθεν
626 276 716 307 αὑτὸν,
729 275 825 302 ἑαυτὸν
841 275 869 301 δὲ
884 275 935 302 κά-

991 276 1078 310 ipsum
1112 276 1245 311 majorem
1281 279 1308 302 et
1339 275 1486 304 desursum
1516 275 1627 308 dicere,
1657 284 1688 305 se
1712 286 1777 306 vero

140 322 225 348 τωθεν
257 322 306 349 καὶ
322 321 376 348 ἀπὸ
391 321 439 356 τῆς
458 321 525 355 γῆς·
546 321 704 356 ἀναγκαίως
723 322 770 356 ἀφ’
789 318 826 348 ὧν
853 320 934 353 αὐτὸς

141 368 261 403 ἔφασκεν
275 369 290 394 6
309 368 405 404 Σωτὴρ
415 389 421 401 ,
437 368 486 404 τὴν
501 367 556 394 τῶν
572 368 726 404 εἰρημένων
742 368 936 404 ἐπισφραγὶζει

140 414 266 449 δύναμιν,
277 415 325 441 καὶ
338 414 475 449 πρόφασιν
488 414 547 449 μὲν,
559 414 590 440 οὺ
602 414 729 450 καθάπερ
744 413 826 449 ᾧοντο
842 413 935 449 κενὴν,

142 460 270 495 ἀληθείας
287 461 316 488 δὲ
343 460 443 497 μᾶλλον
468 459 604 492 ἀπόδειξιν
617 480 624 492 ,
650 460 812 487 ἐπιδεικνύει
828 460 878 496 τὴν
894 459 938 492 ἐξ.

143 508 252 541 ἡγησιν.
285 505 396 541 Ἐπειδὴ
411 505 440 532 δὲ
461 506 508 532 καὶ¹
526 505 607 541 ἑτέρα
624 505 748 540 φαίνεται
774 504 821 532 τοῦ
844 505 936 540 στίχου

143 553 236 588 γραφή
254 561 262 568 ”

180 599 212 625 ‘0
227 599 284 634 γὰρ
300 599 425 634 ἑώρακε,
449 599 515 635 φησὶ
525 619 532 632 ,
549 598 598 626 καὶ
612 598 728 633 ἢκουσε
738 619 745 632 ,
767 598 855 626 τοῦτο
864 607 938 633 μαρ-

142 654 223 679 τινρει
234 653 240 659 ·

177 692 247 726 Φέρε
262 691 310 718 καὶ
331 692 371 722 εἰς
396 691 481 726 αὐτὴν
495 690 575 725 ὀλίγα
596 689 785 725 διαλεξόμεθα.
816 689 871 721 Τὰς
896 690 939 724 ἐφ’

143 739 252 773 ἑκάστῳ
261 738 317 764 τῶν
328 737 498 773 πραγμάτων
505 737 703 772 πληροφορίας,
712 736 755 763 διὰ
765 736 811 763 δύο
821 736 939 771 μάλιστα

143 785 198 812 τῶν
212 784 387 820 κυριωτέρων
403 783 555 819 αἰσθήσεων
575 782 723 818 λαμϐάνειν
735 782 898 817 πεφύκαμεν
909 791 938 809 τε

145 831 192 857 καὶ
209 829 420 864 κατειθίσμεθα,
437 828 524 862 ὅψεως
542 827 574 857 δὴ
589 827 661 862 λέγω
682 827 730 854 καὶ
744 826 834 861 ἀκοῆς
845 834 851 841 ·
874 826 939 853 αὺτ-

143 875 223 910 ἠκοοί
238 884 268 901 τε
287 874 342 909 γὰρ
362 873 409 900 καὶ
426 873 622 900 αὑτεπίσκοποι
645 871 825 907 γεγενημένοι
846 872 938 903 τινῶν,

143 922 190 948 ἐπὶ
212 920 244 947 τὸ
266 920 356 954 λέγειν
378 919 573 950 ἀνενδοιάστως
598 919 662 954 περὶ
680 918 769 945 αὐτῶν
793 917 937 953 ἐρχόμεθα.

150 951 317 992 ’Δναπείθων
334 963 478 1000 τοιγαροῦν
490 983 496 994 ,
512 951 650 999 δρομαὶως
664 962 764 994 αὐτοὺς
784 951 874 989 ent-:6
893 972 939 989 πι-
955 951 976 979 Β

146 1012 253 1038 στεύειν
279 1011 346 1038 ἰέναι
379 1011 419 1045 τῷ
443 1011 564 1046 Χριστῷ,
592 1009 667 1036 λαλεῖ
683 1009 755 1044 γὰρ,
780 1010 848 1045 ὅπερ
873 1007 937 1042 οἶδε,

144 1059 240 1094 φησὶν,
255 1058 391 1094 ἀκριϐῶς·
411 1057 544 1092 λαμϐάνει
562 1057 590 1083 δὲ
608 1056 694 1083 πάλιν
712 1057 750 1088 ὡς
764 1057 794 1089 ὲξ
811 1057 939 1092 ὁμοιότη-

143 1114 190 1136 τος
204 1104 254 1139 τῆς
265 1104 327 1130 καθ’
343 1105 416 1139 ἡμᾶς
427 1125 434 1135 ,
450 1103 494 1130 ἳνα
508 1103 614 1138 νοῶμεν
626 1102 873 1140 θεοπρεπέστερον,
891 1104 939 1130 καί

144 1158 241 1186 φησιν·
259 1160 268 1175 ‹
287 1151 318 1176 '0
333 1149 438 1185 ἑώρακε
462 1149 508 1176 καὶ
526 1149 637 1183 ἢκουσε,
650 1148 729 1175 τοῦτο
745 1150 886 1184 μαρτυρεῖ.
903 1159 912 1174 ι

185 1197 238 1224 Kal
250 1197 307 1231 τὴν
316 1197 482 1230 μαρτυρίαν
495 1195 588 1222 αὐτοῦ
605 1195 704 1228 οὐδεὶς
712 1195 867 1230 λαμϐάνει.

181 1244 239 1278 Οὐχ
252 1243 290 1274 ὡς
306 1242 420 1277 μηδενὸς
435 1241 581 1276 δεχομένου
597 1240 647 1275 τὴν
662 1241 815 1276 μαρτυρίαν
837 1240 889 1275 (ὅτι
906 1240 938 1275 δὴ

146 1289 195 1315 καὶ
216 1288 283 1319 Θεὸς
302 1288 373 1314 κατὰ
388 1287 470 1322 φύσιν
496 1287 613 1323 ὑπάρχει
629 1287 763 1323 Χριστὸς,
787 1286 890 1314 ἀνωθεν
909 1295 939 1312 τε

144 1333 194 1359 καὶ
209 1334 243 1359 ὲκ
266 1333 372 1367 Πατρὸς
384 1331 544 1367 ὁρμώμενος
554 1352 561 1364 ,
578 1332 671 1359 ὲπάνω
686 1331 794 1359 πάντων
812 1332 890 1365 ἐστὶ),
905 1331 940 1358 τὰ

144 1378 259 1405 τοιαῦτά
279 1387 361 1414 φησιν
381 1379 395 1405 ὁ
420 1378 554 1414 μακάριος
575 1379 731 1413 Βαπτιστὴς
759 1377 870 1413 (πολλοὶ
885 1378 940 1414 γὰρ

146 1425 272 1458 ἐδέξαντο
292 1425 337 1452 καὶ
361 1425 579 1456 πεπισκεὺκασι,
602 1425 650 1451 καὶ
667 1425 719 1460 πρό
742 1432 774 1459 γε
797 1424 906 1451 πάντων
926 1425 940 1451 ὁ

147 1472 262 1507 Πέτρος,
281 1471 376 1498 εἰπών·
399 1481 407 1497 ι
428 1472 462 1498 Σὺ
485 1470 510 1498 εἷ
530 1473 545 1498 6
560 1472 675 1506 Χριστὸς
697 1473 712 1498 ὁ
730 1472 793 1503 Υἱὸς
808 1471 854 1498 τοῦ
871 1472 940 1498 Θεοῦ

145 1518 196 1544 τοῦ
212 1518 313 1550 ζῶντος
326 1527 335 1543 ι
349 1518 369 1553 )·
384 1518 441 1544 ἀλλ’
459 1518 496 1549 ὡς
510 1517 563 1544 τῶν
584 1517 710 1544 ἁπάντων
725 1517 807 1549 αὐτὸς
828 1517 941 1552 ἀκριϐέ-

147 1573 246 1600 στερον
259 1564 289 1591 τὸ
305 1565 376 1600 μέγα
393 1564 439 1590 τοῦ
455 1563 599 1595 λαλοῦντος
612 1564 741 1599 ἐννοήσας
753 1563 859 1598 ἀξίωμα
869 1584 876 1596 ,
892 1573 940 1598 μο-

986 322 1132 354 deorsum,
1159 325 1186 349 et
1212 322 1245 349 de
1268 325 1360 355 terra,
1386 322 1544 350 necessario
1566 330 1597 350 ex
1625 322 1777 352 Salvatoris

987 367 1076 402 ipsius
1098 368 1192 396 verbis
1204 368 1342 396 dictorum
1362 368 1527 395 sententiam
1541 370 1723 404 comprobat,
1751 375 1778 397 et

987 413 1106 442 ostendit
1120 422 1180 441 eam
1199 413 1402 450 expositionem
1420 421 1476 440 non
1494 421 1573 447 esse,
1589 418 1620 441 ut
1632 415 1778 443 existima-

987 462 1064 494 bant,
1079 461 1201 492 inanem,
1216 461 1265 489 sed
1279 461 1385 488 claram
1406 459 1498 495 potius
1513 459 1777 488 demonstrationem

987 507 1123 535 veritatis.
1143 507 1280 540 Quoniam
1302 511 1394 535 autem
1410 507 1439 534 in
1459 501 1597 534 versiculo
1612 506 1693 534 aliter
1708 516 1778 543 quo-

988 561 1041 589 que
1055 554 1190 588 scriptum
1206 554 1314 581 videtur
1327 563 1334 581 :

1024 599 1071 631 lll,
1085 599 1131 627 52.
1152 599 1230 633 Quod
1246 599 1315 627 enim
1331 599 1406 632 vidit,
1423 598 1523 634 inquit,
1541 603 1566 626 ιιι
1597 598 1710 632 audivit,
1731 599 1779 626 hoc

990 650 1120 678 testatur;

1029 692 1148 727 Agedum
1166 692 1383 728 paucaquzedam
1398 691 1426 719 in
1444 691 1512 719 illud
1523 691 1706 720 disseramus.
1722 689 1780 717 Duo

989 738 1073 765 nobis
1093 741 1158 765 sunt
1183 745 1295 771 sensus.
1326 738 1428 773 quibus
1453 738 1630 773 potissimum
1656 737 1779 765 solemus

990 784 1023 812 de
1036 785 1261 813 rerum‘veritate
1286 784 1343 811 ﬁeri
1370 784 1524 814 certiores,
1542 784 1620 811 visus
1644 783 1777 810 nimirum

990 833 1017 857 et
1031 829 1153 857 auditus.
1172 829 1238 863 Quae
1252 830 1326 857 enim
1348 829 1506 856 audivimus
1522 829 1585 864 ipsi,
1602 836 1634 856 ac
1649 828 1778 861 vidimus,

991 874 1025 902 de
1050 874 1086 903 iis
1103 879 1180 903 certo
1191 879 1219 904 et
1244 875 1398 903 indubitate
1424 875 1574 910 loquimur.
1603 874 1669 902 Cum
1697 874 1780 910 igitur

991 929 1039 949 eos
1057 921 1091 948 ad
1116 920 1219 950 Christi
1240 921 1321 949 ﬁdem
1341 922 1527 957 arripiendam
1553 921 1722 952 hortaretur,
1740 920 1781 947 lo-

990 968 1086 1002 quitur
1104 967 1190 999 enim,
1209 968 1316 1002 inquit,
1330 967 1402 1002 quod
1420 967 1544 1003 apprime
1559 966 1645 994 novit.
1657 966 1780 993 Rursum

990 1021 1005 1040 a
1022 1014 1103 1041 nobis
1120 1013 1330 1042 similitudinem
1348 1013 1434 1046 ducit,
1454 1016 1483 1040 ut
1505 1013 1581 1048 quod
1598 1011 1723 1039 divinum
1737 1015 1780 1038 est

991 1060 1186 1095 intelligamus,
1203 1063 1229 1087 et
1239 1060 1278 1087 ait
1297 1069 1304 1087 :
1323 1069 1332 1085 ι
1356 1059 1433 1092 Quod
1450 1059 1519 1086 vidit
1540 1062 1567 1086 ct
1587 1058 1709 1090 audivit,
1726 1057 1778 1084 hoc

991 1110 1118 1134 testatur.
1145 1116 1154 1132 ι

1026 1197 1070 1228 lll,
1088 1196 1131 1224 52.
1154 1196 1187 1223 Et
1197 1197 1372 1224 testimonium
1385 1197 1441 1231 ejus
1451 1204 1524 1224 nemo
1537 1197 1642 1232 accipit.

1026 1243 1086 1270 Non
1096 1243 1153 1270 haec
1168 1243 1206 1270 ait
1223 1244 1318 1271 beatus
1338 1243 1461 1278 Baptista
1474 1264 1480 1275 ,
1494 1243 1575 1276 quasi
1598 1250 1680 1271 nemo
1702 1243 1778 1270 testi-

992 1290 1112 1317 monium
1125 1289 1191 1316 illud
1208 1289 1337 1324 accipiat,
1355 1289 1427 1324 quod
1442 1289 1572 1317 Christus
1597 1289 1727 1316 nimirum
1743 1289 1779 1317 sit

992 1336 1064 1363 Deus
1079 1335 1231 1363 secundum
1249 1339 1386 1368 naturam,
1403 1338 1430 1362 et
1447 1342 1570 1370 superne
1586 1338 1669 1370 atque
1682 1342 1716 1362 ex
1727 1333 1778 1361 Pa-

991 1387 1033 1410 tre
1065 1382 1195 1416 delapsus
1213 1389 1298 1416 super
1313 1381 1405 1408 omnia
1424 1381 1460 1409 sit
1473 1381 1644 1408 constitutus
1662 1390 1669 1408 :
1697 1381 1776 1407 multi

991 1427 1063 1456 enim
1089 1427 1169 1463 166
1186 1431 1383 1462 susceperunt,
1410 1432 1438 1454 et
1456 1426 1644 1460 crediderunt,
1669 1431 1697 1454 et
1719 1426 1778 1461 ipse

991 1474 1127 1509 imprimis
1152 1473 1268 1507 Petrus,
1296 1481 1357 1501 cum
1376 1473 1447 1501 dixit
1465 1483 1472 1501 :
1493 1481 1503 1499 ί
1519 1472 1562 1500 Tu
1586 1481 1616 1501 es
1649 1473 1777 1501 Christus

990 1520 1076 1549 Filius
1093 1520 1139 1548 Dei
1152 1520 1206 1547 vivi
1216 1520 1258 1547 ³⁸ε
1279 1529 1288 1546 ι
1310 1519 1358 1547 sed
1373 1527 1435 1547 cum
1453 1519 1512 1554 ipse
1526 1519 1686 1547 accuratius
1696 1526 1777 1554 quam

991 1566 1083 1595 ca‘teri
1098 1574 1195 1595 omnes
1209 1573 1335 1602 magnam
1349 1566 1487 1600 loquentis
1510 1565 1671 1600 dignitatem
1688 1565 1779 1592 animo

146 1611 255 1646 νονουχὶ
271 1611 435 1642 κατασείσας
455 1612 504 1645 τὴν
519 1611 640 1646 κεφαλὴν
650 1631 656 1642 ,
671 1611 719 1636 καὶ
736 1610 815 1646 μηρῷ
829 1610 877 1645 τὴν
893 1610 936 1637 δε-

991 1613 1174 1648 concepisset.
1204 1616 1311 1640 tantum
1328 1620 1383 1639 non
1411 1616 1487 1639 moto
1501 1611 1602 1646 capite,
1624 1614 1652 1638 et
1671 1610 1776 1638 femore

148 1657 210 1689 ξιὰν
238 1657 439 1692 ἐπικρατήσας,
464 1656 650 1692 ἀποθαυμάζει
678 1657 732 1684 τῶν
756 1657 941 1684 ἀπειθούντων

148 1705 224 1740 αὐτῷ
236 1705 286 1741 τὴν
300 1706 439 1732 ἀπόνοιαν.

455 1772 582 1799 ΚΕΦΑΛ.
601 1773 638 1800 Γ¹.

149 1818 211 1844 ’Ὁτι
233 1818 315 1851 Θεὸς,
338 1818 385 1845 καὶ
404 1819 438 1846 ἐκ
456 1818 531 1846 Θεοῦ
543 1818 619 1846 κατὰ
630 1818 725 1853 φύσιν
739 1820 756 1846 ό
769 1819 905 1853 Χριστός.

194 1886 221 1910 '0
233 1886 393 1920 λαμϐάνων
405 1887 498 1914 αὑτοῦ
509 1886 567 1921 τὴν
575 1887 751 1921 μαρτυρίαν,
759 1886 944 1922 ἐσφράγισεν

148 1931 195 1958 ὅτι
214 1933 230 1958 ὀ
248 1932 320 1965 Θεδς
332 1932 448 1965 ἀληθής
463 1933 557 1959 ἐστιν.

187 1978 244 2012 Οὐχ
272 1978 373 2013 ἑτέρως
397 1977 431 2014 ἦν
452 1979 583 2011 ἐπιδεῖξαι
604 1978 654 2013 τὴν
679 1977 734 2006 τῶν
757 1979 944 2008 ἀπειθούντων

150 2024 292 2056 ἀσέὄειαν,
309 2026 333 2051 εἱ
349 2025 385 2061 μὴ
404 2025 457 2052 τῶν
470 2026 653 2053 πιστευόντων
665 2026 696 2053 τὸ
708 2026 835 2062 λαμπρὸν
849 2027 944 2060 ἐξεκα-

151 2070 242 2106 λύφθη
262 2071 428 2106 κατόρθωμα
441 2079 449 2086 ·
472 2073 505 2108 τῇ
527 2071 582 2106 γὰρ
597 2071 652 2098 τῶν
668 2073 779 2107 ἀγαθῶν
794 2074 945 2109 ἀντιπαρα-

151 2116 225 2143 θέσει
247 2117 277 2143 τὸ
301 2117 402 2151 φαῦλον
426 2118 544 2150 εὐκόλως
567 2119 794 2153 διαγινώσκεται,
823 2119 944 2146 καὶτῶν

148 2163 301 2197 ἀμεινόνων
314 2164 330 2198 ἠ
345 2164 446 2198 γνῶσις
456 2164 562 2200 ἐλέγχει
575 2165 610 2191 τὰ
630 2166 768 2201 αἰσχίονα.
794 2165 869 2198 Εἴτις
881 2163 942 2199 οὖν,

150 2210 228 2243 φησὶ,
237 2207 293 2241 τοῖς
300 2210 347 2236 τοῦ
361 2210 463 2237 ἄνωθεν
472 2210 586 2246 ἥκοντος
596 2211 749 2238 ὲπινεύσειε
760 2211 860 2246 λόγοις,
877 2220 946 2238 κατ-

149 2256 301 2290 εσφράγισέ
311 2265 340 2282 τε
353 2257 397 2283 καὶ
404 2256 604 2291 ἐξησφαλίσατο
610 2257 654 2283 διὰ
662 2258 713 2292 τῆς
723 2257 939 2294 συν[αιν]ἐσεως,

992 1657 1088 1686 dextra
1103 1664 1248 1693 percusso,
1267 1664 1362 1685 eorum
1389 1656 1542 1684 demiratur
1568 1655 1713 1683 amentiam
1733 1655 1780 1690 qui

993 1704 1018 1732 ei
1033 1711 1088 1732 non
1098 1704 1224 1732 credunt.

1388 1790 1395 1797 .
1410 1770 1453 1797 Ill.

995 1817 1070 1851 Quod
1082 1817 1163 1847 Deus.
1175 1822 1239 1844 alea:
1250 1815 1306 1844 Dea
1314 1770 1456 1844 ἓῗιῖιίίνηι
1465 1820 1588 1842 naturam
1599 1815 1635 1842 sit
1649 1814 1779 1842 Christus.

1028 1887 1073 1915 Ill.
1095 1888 1140 1915 55.
1167 1887 1220 1920 Qui
1247 1887 1342 1921 accipit
1365 1886 1425 1920 ejus
1451 1885 1643 1917 testimonium,
1669 1884 1781 1919 signauit

994 1934 1057 1969 quia
1067 1933 1137 1960 Deus
1157 1940 1237 1960 uerax
1249 1937 1299 1959 est.

1029 1978 1089 2006 Non
1109 1979 1189 2006 aliter
1208 1977 1354 2006 ostendere
1372 1980 1482 2013 poterat
1503 1976 1712 2004 incredulorum
1728 1976 1780 2003 im-

995 2025 1135 2061 pietatem,
1150 2024 1204 2052 nisi
1222 2023 1396 2051 credentium
1414 2023 1575 2058 prteclaram
1591 2022 1722 2051 virtutem
1733 2030 1782 2058 pa-

994 2071 1049 2098 lam
1073 2071 1185 2098 t'aceret.
1216 2069 1354 2097 Bonorum
1383 2069 1484 2097 etenim
1512 2068 1659 2097 collatione
1684 2069 1782 2096 vitium

995 2115 1076 2144 facile
1101 2115 1290 2151 dignoscitur,
1313 2119 1340 2143 et
1365 2114 1476 2142 honesti
1503 2113 1662 2149 cognitione
1692 2114 1782 2149 turpia

995 2163 1160 2198 produntur.
1178 2161 1206 2188 Si
1225 2161 1289 2196 quis
1304 2169 1370 2196 ergo
1381 2181 1389 2194 ,
1412 2161 1515 2196 inquit,
1528 2161 1589 2196 ejus
1605 2161 1650 2196 qui
1663 2168 1782 2195 superne

995 2210 1231 2237 venitsermonem
1240 2208 1403 2243 susceperit,
1410 2207 1577 2243 obsignavit,
1590 2210 1616 2235 et
1625 2205 1782 2242 cognitione

996 2257 1042 2284 illa
1064 2256 1272 2292 comprobavit,
1294 2259 1423 2283 naturam
1449 2254 1571 2282 divinam
1596 2261 1612 2280 a
1638 2253 1781 2281 mendacio

149 2301 191 2327 ὅτι
207 2302 238 2327 τὸ
254 2301 379 2336 ἀψευδεῖν
393 2302 438 2328 ἀεὶ
502 2302 561 2337 θείᾳ
575 2302 692 2338 σύνηθές
707 2311 737 2329 τε
752 2303 799 2329 καὶ
815 2303 940 2338 φιλαίτα-

995 2303 1156 2331 abhorrere.
1182 2301 1252 2329 Hinc
1275 2305 1349 2337 patet
1373 2301 1484 2329 demum
1509 2300 1689 2327 contrarium.
1712 2297 1780 2325 Nam

148 2355 197 2372 τον
209 2347 299 2381 φύσει.
317 2347 384 2374 Ἀπὸ
396 2348 428 2383 δὴ
440 2347 534 2374 τούτου
544 2348 676 2384 πρόδηλον
689 2348 782 2375 λοιπὸν
792 2350 848 2380 τοῖς
857 2349 942 2385 ὁρῶσι

149 2394 180 2420 τὸ
191 2393 312 2419 ἐναντίον
326 2402 332 2408 ·
351 2395 595 2429 καταμαρτυρήσει
611 2393 666 2430 γὰρ
685 2394 793 2427 πάντως
808 2395 822 2421 6
835 2396 885 2431 τὴν
899 2396 945 2423 πί-

150 2446 210 2464 στιν
227 2439 462 2474 ἀποκρουόμενος,
485 2440 526 2466 ὅτι
540 2441 554 2466 6
568 2440 633 2471 Θεὸς
656 2440 716 2466 οὐκ“
733 2440 807 2468 ἔστιν
828 2441 942 2477 ἀληθής.

156 2484 352 2520 Ἐπιτηρητέον
369 2485 396 2511 δὲ
410 2485 501 2518 πάλιν,
513 2486 554 2512 ὅτι
571 2486 620 2521 τῆς
634 2486 701 2521 πρὸς
716 2487 766 2521 τὴν
779 2486 867 2514 κτίσιν
876 2487 942 2523 ὁμο-

148 2531 305 2565 ουσιότητος
321 2531 425 2564 ἐξέλκει
446 2532 490 2558 ¹τὸν
514 2532 599 2565 Υίὸν,
625 2532 672 2559 καὶ
698 2533 764 2560 Θεὸν
778 2533 843 2559 ὄντα
871 2533 942 2560 κατὰ

150 2578 231 2611 φύσιν
244 2577 289 2604 διὰ
310 2577 364 2603 τῶν
380 2578 533 2613 εἰρημένων
549 2579 723 2607 ἐπιδεικνύει.
746 2581 778 2607 Εἰ
789 2580 842 2615 γὰρ
857 2581 871 2606 6
887 2580 942 2611 τοῖς

148 2619 214 2658 παρ’
227 2623 310 2649 αὑτοῦ
323 2623 499 2658 λαλουμένοις
511 2625 681 2660 πειθόμενος,
694 2625 838 2661 δεχόμενος
853 2625 880 2652 δὲ
892 2626 942 2660 τὴν

149 2668 322 2704 μαρτυρίαν,
354 2669 443 2705 ἥνπερ
466 2669 499 2696 ἂν
521 2670 601 2703 αὐτὸς
623 2673 726 2698 ποιοῖτο
747 2672 810 2706 περὶ
831 2671 939 2704 ἑαυτοῦ,

149 2715 355 2750 κατεσφράγισέ
371 2724 400 2742 τε
418 2717 464 2743 καὶ
488 2717 676 2753 ὲπεψηῳὶσατο
691 2719 795 2750 καλῶς,
821 2719 861 2745 ὅτι
881 2718 912 2754 δὴ
927 2718 941 2744 ὁ

147 2761 214 2792 Θεὸς
238 2762 343 2797 ἀληθής
358 2763 434 2789 ἐστι·
457 2763 515 2795 πῶς
536 2765 585 2791 οὐκ
609 2765 642 2792 ἂν
659 2767 743 2792 νοοῖτο
767 2766 838 2792 κατὰ
859 2766 941 2801 φύσιν

148 2806 215 2837 Θεὸς
227 2806 241 2832 ὁ
255 2806 389 2841 Χριστὸς,
413 2808 427 2833 6
441 2810 486 2835 καὶ
499 2809 541 2835 διὰ
562 2810 611 2844 τῆς
627 2811 743 2843 πίστεως
763 2812 816 2838 τῶν
828 2811 940 2847 ἔναγχος

149 2852 303 2887 εἰρημένων
329 2852 430 2889 ἁλτθὴς
452 2856 738 2892 ἐπιμαρτυρούμενοῃ
771 2857 806 2884 Ἢ
838 2857 940 2891 λεγέτω

185 2941 206 2954 "
226 2940 320 2967 Matth.
341 2949 395 2974 xw,
414 2942 454 2969 16.

993 2349 1122 2386 quisquis
1141 2348 1205 2376 tidei
1235 2347 1367 2375 nuntium
1396 2346 1518 2379 remisit,
1549 2349 1666 2373 testatur
1687 2345 1783 2378 utique

994 2395 1080 2423 Deum
1096 2402 1225 2423 veracem
1239 2401 1294 2421 non
1310 2401 1384 2421 esse.
1402 2392 1610 2421 Observandum
1635 2395 1726 2418 autem
1739 2393 1781 2417 est

995 2449 1097 2476 porro,
1111 2441 1156 2469 his
1185 2440 1278 2468 verbis
1292 2448 1307 2467 a
1325 2438 1617 2467 consubstantialitate
1646 2440 1781 2464 creatura:

996 2487 1096 2515 Filium
1113 2486 1256 2519 rem0veri,
1269 2491 1295 2514 et
1311 2485 1395 2513 Deum
1413 2484 1564 2512 secundum
1581 2486 1708 2510 naturam
1719 2489 1782 2510 esse

997 2532 1117 2562 ostendi.
1134 2532 1164 2559 Si
1188 2531 1261 2559 enim
1285 2531 1331 2566 qui
1351 2530 1413 2565 ejus
1435 2529 1609 2557 sermonibus
1634 2528 1731 2559 credit,
1755 2531 1782 2554 et
1829 2547 1831 2550 ‹

994 2579 1181 2608 testimonium
1196 2577 1269 2613 quod
1283 2577 1342 2612 ipse
1364 2576 1398 2603 de
1415 2576 1507 2610 seipse
1521 2574 1645 2609 perhibet
1668 2573 1780 2608 accipit,

995 2626 1113 2662 signavit
1136 2632 1168 2652 ac
1197 2624 1283 2659 probe
1310 2621 1483 2649 conﬁrmavit
1510 2620 1582 2654 quod
1602 2619 1672 2646 Deus
1698 2627 1779 2646 verax

994 2677 1047 2706 est,
1063 2670 1202 2707 quomodo
1219 2669 1346 2697 Christus
1364 2674 1418 2694 non
1438 2666 1605 2701 intelligetur
1630 2664 1780 2693 secundum

991 2723 1119 2746 naturam
1135 2717 1224 2746 Deus,
1241 2714 1289 2750 qui
1311 2721 1406 2741 eorum
1431 2720 1491 2748 qua:
1513 2712 1594 2747 paulo
1618 2715 1681 2739 ante
1709 2711 1780 2738 dicta

991 2769 1055 2792 sunt
1076 2763 1240 2791 auctoritate
1264 2768 1346 2789 verax
1363 2767 1425 2787 esse
1441 2758 1655 2793 comprobatur?
1669 2757 1779 2792 Alioqui

993 2812 1067 2839 dicat
1089 2817 1199 2837 rursum
1214 2807 1294 2835 nobis
1320 2806 1497 2834 adversarius
1525 2803 1663 2840 quomodo
1683 2806 1779 2829 natura

995 2856 1086 2884 dixiua
1113 2856 1264 2882 honoratur
1299 2856 1328 2880 ut
1356 2859 1438 2879 verax
1469 2854 1600 2885 suscepto
1629 2847 1779 2876 Salvatoris
