2028 3118
247 191 300 219 275

742 187 771 214 S.
792 186 931 215 ςγιιιιω
951 186 1184 215 ALEXANDRINI
1203 184 1363 214 AllClllEP.

1821 193 1876 220 276

243 249 332 275 nostri
347 245 515 273 testimonio.
538 245 567 272 Si
583 245 657 272 enim
677 244 756 280 plane
772 245 924 272 secundum
949 250 1031 273 natu-

1090 246 1163 273 πάλιν
1178 247 1243 280 ἡμῖν
1258 246 1312 272 ὁδι¹
1326 246 1460 277 ἐναντίας,
1477 246 1534 278 πῶς
1549 246 1566 278 ἡ
1578 246 1636 274 θεία
1653 250 1765 284 τιμᾶται
1781 251 1875 284 φύσις,

242 299 302 320 ram
318 299 371 318 non
388 296 429 318 est
446 290 528 322 Deus,
545 290 695 325 religiosus
711 298 765 317 non
787 291 839 318 erit
862 298 927 326 erga
950 295 1032 317 natu-

244 345 302 365 ram
317 337 436 364 divinam
460 337 484 363 is
498 336 543 371 qni
564 336 662 369 credit,
689 341 720 363 ut
735 337 836 368 veraci,
867 336 914 363 sed
941 337 1032 371 potius

243 391 307 418 erga
321 387 476 410 creaturam
494 390 586 414 unam,
600 386 629 409 ut
649 381 688 409 illi
707 382 812 415 volunt,
831 382 1031 417 praestantissi-

245 434 328 454 Inaut.
343 427 411 453 Cum
430 430 520 455 autem
547 426 718 455 asscrcratio
740 427 786 454 illa
813 427 973 455 veracitatis
999 427 1033 454 ad

246 474 330 501 Deum
357 473 505 508 pertineat,
526 475 637 510 quando
657 474 724 503 lides
748 473 858 502 Christo
876 477 1033 509 przestatur,

247 521 340 554 utique
361 519 536 548 manifestum
554 526 595 548 est
619 520 693 556 quod
719 528 802 548 verus
823 519 962 548 cxsistens
980 527 1034 547 non

247 566 308 593 falsi
324 566 444 593 nominis
463 565 535 593 Deus
561 566 618 600 ipse
644 566 695 594 sibi
720 564 852 593 honorem
876 565 951 593 illum
975 573 1035 593 cre-

245 613 370 639 dentium
389 617 511 646 arrogat.
542 610 596 639 Sed
623 619 678 639 non
706 611 914 646 astipulabitur,
931 616 960 638 ut
987 619 1031 646 ap-

246 662 338 693 paret,
359 657 423 683 huic
463 661 563 683 nostra:
597 657 743 684 sententia:
783 657 909 684 veritatis
941 655 1033 683 inimi-

245 711 313 736 cus;
346 702 469 737 quiuiuto
505 702 590 729 Deum
623 701 776 729 secundum
807 706 935 729 naturam
970 710 1031 729 esse

247 749 325 777 fateri
348 750 456 781 nolens,
478 756 560 782 supra
583 748 693 775 modum
715 756 815 783 procax
840 756 891 776 nos
921 756 1030 775 rursum

247 797 290 823 his
302 796 394 823 verbis
409 796 581 831 aggredictur
593 805 598 822 :
612 795 792 827 Cavillaris,o
808 795 926 828 hone,'ct
938 803 1033 822 versu-

245 845 335 868 tarum
375 842 510 868 rationum
550 841 678 875 Stropbas
707 841 936 870 (-muminisccris.
957 839 1034 875 167

246 887 401 921 simplicem
433 886 638 921 quodammodo
673 891 698 912 et
728 890 833 912 rectam
869 887 1036 917 sententiam

1085 292 1123 323 ὡς
1140 291 1325 327 ἀληθεύουσα,
1349 292 1399 327 τῆς
1420 292 1467 319 τοῦ
1483 293 1607 328 Σωτῆρος
1628 295 1707 329 ἡμῶν
1723 297 1878 332 μαρτυρίας

1087 337 1337 374 παραδεδεγμένης.
1356 338 1387 364 Εἰ
1410 338 1464 374 γὰρ
1479 338 1547 369 ὅλως
1567 339 1639 366 κατὰ
1655 339 1735 374 φύσιν
1754 342 1804 368 οὐκ
1821 342 1878 370 ἔστι

1085 382 1166 415 Θεὸς,
1184 383 1234 410 οὒκ
1246 384 1286 415 εἰς
1296 384 1346 419 τὴν
1363 384 1440 411 θείαν
1456 384 1600 420 εὐσεϐήσει
1611 385 1691 420 φύσιν
1703 387 1717 413 ὁ
1730 387 1878 419 πιστεύων,

1085 430 1123 462 ὡς
1137 430 1306 465 ἀληθεύοντι,
1322 430 1421 465 μᾶλλον
1436 431 1464 458 δὲ
1482 431 1522 463 είς
1536 431 1565 458 ἓν
1576 431 1630 458 τῶν
1647 433 1806 467 κτισμάτων
1818 433 1878 460 κατ’

1086 473 1206 504 ἐκείνους
1223 473 1254 500 τὸ
1277 473 1431 501 κάλλιστον.
1459 475 1567 510 Ἐπειδὴ
1589 475 1618 503 δὲ
1632 476 1680 503 τοῦ
1701 477 1846 512 ἀληθεύειν
1859 479 1876 513 ἡ

1085 519 1175 553 ψῆφος
1194 518 1234 550 εἰς
1254 516 1321 544 Θεὸν
1340 518 1510 546 ἀνατείνεται
1526 520 1720 556 πιστευομένου
1745 522 1878 557 Χριστοῦ,

1087 564 1220 600 πρνῑδηλον
1236 565 1324 602 δήπου
1345 566 1453 598 πάντως
1466 566 1539 593 ἐστὶν
1549 587 1557 599 ,
1583 566 1624 594 ὅτι
1642 566 1710 599 Θεὸς
1726 568 1878 603 ὑπάρχων,

1087 610 1117 636 οὐ
1137 610 1312 646 ψευδώνυμος
1330 611 1411 643 αὐτὸς
1431 611 1472 646 ἐφ’
1489 611 1577 646 ἑαυτῷ
1597 611 1646 648 τὴν
1660 612 1715 639 ἀπὸ
1739 613 1795 640 τῶν
1816 621 1878 640 συν-

1088 655 1235 682 αινούντων
1253 655 1372 692 ἁρπάζει
1395 657 1488 692 τιμήν.
1512 657 1581 683 Ἀλλ’
1593 658 1623 684 οὺ
1637 658 1800 692 συνθήσεται
1817 659 1877 694 μὲν,

1091 702 1159 726 κατὰ
1173 701 1202 727 τὸ
1214 703 1297 735 εἰκὸς,
1306 701 1412 734 τούτοις
1423 703 1488 738 ἡμῖν
1500 705 1557 735 τοῖς
1567 703 1655 738 λόγοις
1667 705 1681 731 ὸ
1690 705 1739 740 τῆς
1749 704 1880 740 ἀληθείας

1090 746 1196 781 ἐχθρός
1214 748 1408 783 ἁνασκιρτὴσει
1417 748 1444 774 δὲ
1462 748 1543 783 μέγα,
1556 748 1621 775 Θεὸν
1629 747 1700 776 εἶναι.
1712 750 1785 776 κατὰ
1797 750 1880 784 φύειν

1090 792 1119 818 οὺ
1134 793 1352 828 παραδεχόμενος
1364 793 1409 820 τὸν
1422 794 1494 820 Υἰὸν.
1505 794 1577 830 Ἑρεί
1585 794 1613 821 δὲ
1627 794 1659 830 δὴ
1675 794 1757 822 πάλιν
1766 804 1772 810 ·
1787 795 1880 821 Κατα-

1090 839 1187 876 σοφίζῃ
1204 840 1249 866 τὸν
1269 839 1362 874 λόγον,
1384 837 1406 867 ὦ
1429 837 1524 872 οὗτος,
1552 841 1598 867 καὶ
1623 841 1744 876 στροφὰς
1761 842 1879 872 ἐπινοεῖς

1089 885 1267 912 πολυπλόκων
1284 885 1485 920 Θεωρημάτων,
1513 885 1562 921 τὴν
1585 886 1675 922 ἁπλῆν
1699 886 1801 921 τρόπον
1818 886 1881 912 τινὰ

228 933 390 959 \amolieus.
407 933 475 959 Cum
494 933 566 960 enim
584 932 694 960 caelitus
714 932 759 959 Dei
779 931 899 960 Verbum
916 932 1031 959 desecu~

1090 930 1134 957 καὶ
1151 930 1256 958 εὐθεῖαν
1268 931 1311 958 ἀεὶ
1322 932 1441 959 διάνοιαν
1453 931 1678 967 παραιτούμενος.
1703 932 1812 968 Ἐπειδὴ
1827 932 1881 966 γὶιρ

246 978 329 1010 derit,
353 979 610 1013 aperte'clamans:
627 987 636 1004 ι
652 978 689 1005 Ex
715 979 823 1013 meipso
850 986 904 1005 non
924 977 1034 1012 loquor.

247 1024 293 1052 sed
312 1025 358 1058 qui
379 1024 454 1051 misit
473 1032 516 1051 me
530 1024 624 1055 Pater,
638 1024 698 1059 ipse
721 1024 787 1050 mihi
810 1024 971 1050 mandatqu
989 1023 1036 1050 de-

249 1072 289 1098 dit
317 1071 383 1106 quid
406 1071 495 1097 dicam
523 1074 550 1097 et
575 1070 642 1105 quid
670 1070 767 1105 loquar
779 1069 843 1102 ”;t
864 1074 893 1097 et
918 1077 1034 1096 rursus:

249 1125 259 1142 α
276 1115 376 1143 Omnia
396 1124 572 1150 quascunque
590 1116 683 1143 audivi
705 1123 719 1142 a
739 1114 820 1142 Patre
834 1119 898 1141 nota
918 1114 969 1141 feri
988 1122 1035 1141 vo-

246 1163 291 1190 bis
301 1163 323 1178 “'
339 1170 344 1187 :
361 1172 370 1187 ι
387 1162 508 1194 tauwtsi,
531 1166 561 1188 ut
579 1162 640 1196 ipse
661 1161 688 1187 in
712 1160 894 1194 sequentibus
922 1164 1036 1187 sanctus

246 1208 369 1242 Baptista
388 1211 526 1233 testatur:
541 1215 550 1231 ι
571 1207 659 1238 Quem
671 1206 744 1232 enim
761 1206 836 1233 misit
855 1204 940 1237 Deus,
954 1205 1036 1232 verba

248 1254 293 1280 hei
309 1253 446 1288 loquitur;
460 1253 481 1268 “
497 1262 505 1278 ›
517 1252 623 1279 idcirco
639 1252 672 1279 dc
688 1259 723 1279 eo
737 1251 804 1279 dicit
822 1259 850 1277 ε(
867 1250 919 1284 Qui
935 1250 1036 1285 accipit

246 1300 307 1331 ejus
324 1298 528 1328 testimonium.
546 1297 666 1332 signavit
684 1298 749 1332 quia
767 1297 838 1324 licus
851 1304 932 1324 verax
949 1300 991 1323 est
1000 1296 1034 1322 δ’.

248 1344 337 1370 Verax
354 1344 428 1370 enim
446 1347 489 1370 est
501 1342 572 1369 Deus
587 1350 619 1369 ac
634 1342 715 1369 Pater
734 1351 741 1369 :
759 1346 788 1369 ιιι
808 1350 874 1369 vero
892 1342 920 1368 in
938 1341 1036 1368 Filium

247 1389 394 1417 deﬂectere
410 1388 520 1416 conaris
539 1387 613 1422 quod
633 1387 715 1415 alteri
740 1387 866 1415 debetur.
889 1387 959 1420 Quid
986 1387 1037 1423 igi-

248 1442 293 1462 tur
309 1436 341 1462 λιι
363 1435 421 1462 lucc
439 1440 490 1462 nos
506 1442 616 1468 lutoque
643 1433 891 1468 respondebimus?
908 1433 948 1460 An
971 1440 1037 1467 ergo

248 1483 319 1508 inter
332 1481 481 1516 prophetas
492 1480 672 1514 Unigcttitum
690 1479 877 1514 ministerium
893 1478 1037 1514 prophetis

247 1527 414 1554 conveniens
444 1526 574 1560 implere,
605 1525 728 1558 nihilque
756 1529 855 1560 prtcter
882 1524 935 1552 hoc
963 1524 1037 1551 aliud

249 1574 339 1600 facere
363 1572 509 1599 dicemus?
533 1571 601 1605 Quis
627 1571 699 1598 enim
722 1578 777 1598 non
808 1571 887 1606 plane
918 1570 1038 1598 fateatur

1090 974 1119 1008 ἐξ
1132 976 1247 1011 οὐρανοῦ
1261 976 1445 1011 καταϐέϐηκεν
1462 977 1477 1003 ό
1487 977 1534 1003 τοῦ
1547 977 1614 1003 Θεοῦ
1627 977 1722 1012 Λόγος,
1732 977 1882 1013 διαρρήδην

1090 1022 1211 1049 ἀναϐοῶν
1221 1042 1229 1055 ,
1248 1031 1256 1047 ι
1276 1023 1335 1049 Ἀπ’
1352 1023 1470 1058 ἐμαυτοῦ
1483 1024 1515 1050 οὐ
1528 1023 1611 1056 λαλῶ,
1627 1023 1683 1051 ἀλλ’
1698 1025 1713 1051 ὁ
1724 1024 1837 1058 πέμψας
1847 1033 1880 1058 με

1091 1067 1194 1104 Πατὴρ,
1222 1068 1303 1100 αὐτὸς
1327 1077 1371 1104 μοι
1387 1069 1495 1105 ἐντολὴν
1516 1069 1615 1096 δέδωκε
1640 1070 1665 1096 τί
1680 1070 1766 1103 εἴπω,
1788 1071 1836 1096 καὶ
1855 1070 1881 1096 τί

1090 1113 1198 1149 λαλήσω
1211 1123 1218 1129 ·
1235 1124 1244 1140 ι
1262 1115 1309 1141 καὶ
1325 1114 1405 1141 πάλιν
1417 1135 1424 1147 ,
1445 1125 1454 1140 ι
1468 1115 1561 1141 Πάντα
1577 1115 1595 1142 ἃ
1611 1115 1716 1150 ηκουσα
1741 1115 1815 1149 παρὰ
1832 1115 1879 1140 τοῦ

1091 1159 1207 1195 Πατρός,
1225 1160 1376 1194 ἀπαγγελῶ
1389 1160 1398 1192 Ῐ
1409 1160 1478 1196 vulg.
1497 1159 1650 1196 ἐγνώρισα]
1668 1160 1742 1195 ὑμῖν,
1757 1170 1766 1186 ι
1783 1161 1808 1187 εἱ
1821 1160 1881 1186 καὶ.

1090 1205 1128 1236 ὡς
1142 1205 1222 1237 αὐτὸς
1235 1206 1264 1232 ὲν
1278 1207 1333 1237 τοῖς
1344 1205 1443 1241 ἐφεξῆς
1453 1206 1466 1232 ὁ
1477 1205 1554 1240 ἅγιος
1565 1205 1767 1241 διεμαρτύρατο
1779 1205 1880 1232 [laxu-

1092 1252 1157 1286 στής
1171 1259 1178 1266 ·
1198 1260 1208 1277 ‹
1226 1252 1274 1278 “Ov
1288 1251 1343 1287 γὰρ
1361 1251 1522 1279 ἀπέστειλεν
1538 1253 1552 1278 ὁ
1567 1251 1643 1284 Θεὸς,
1658 1251 1691 1277 τὰ
1706 1251 1818 1287 ῥήματα
1832 1250 1880 1276 τοῦ

1090 1297 1159 1324 Θεοῦ
1177 1297 1267 1324 λαλεῖ·
1281 1307 1290 1324 ι
1308 1298 1352 1325 διὰ
1362 1297 1442 1325 τοῦτο
1458 1297 1531 1332 λέγει
1542 1298 1605 1334 περὶ
1618 1297 1712 1324 αὐτοῦ’
1730 1307 1739 1322 ι
1761 1297 1792 1323 Ὀ
1807 1297 1880 1331 λαμ-

1091 1343 1180 1371 ϐάνων
1196 1343 1280 1370 αὑτοῦ
1296 1344 1346 1379 τὴν
1364 1344 1527 1380 μαρτυρίαν,
1543 1344 1717 1379 ἐστρὰγισεν,
1734 1344 1774 1370 ὅτι
1789 1343 1802 1369 ό
1813 1343 1881 1374 θεδς

1091 1391 1194 1427 ἀληθής
1207 1393 1280 1418 ἐστιν
1292 1400 1298 1406 ·
1315 1401 1323 1417 ι
1339 1391 1442 1427 ἀληθὴς
1449 1391 1504 1427 γάρ
1520 1392 1592 1418 ἐστιν
1606 1392 1620 1418 ὁ
1629 1391 1695 1422 Θεὸς
1707 1390 1754 1416 καὶ
1767 1391 1879 1425 Πατήρ·

1092 1438 1124 1464 σὺ
1137 1438 1165 1464 δὲ
1179 1439 1246 1473 ἡμῖν
1261 1439 1302 1470 είς
1316 1437 1362 1464 τὸν
1377 1437 1439 1465 Υἱον
1461 1438 1636 1474 περιτρέπειν
1651 1438 1732 1472 πειρᾷ
1749 1437 1779 1463 τὸ
1793 1436 1882 1471 ἑτέρῳ

1091 1484 1324 1520 χρεωστούμενον.
1357 1485 1389 1511 Τί
1409 1482 1455 1512 οὖν
1476 1485 1545 1520 πρὸς
1559 1485 1646 1511 ταῦτα
1662 1485 1707 1511 καὶ
1721 1483 1786 1519 παρ’
1800 1483 1882 1518 ἡμῶν

1091 1530 1230 1566 είρήσεται
1245 1538 1252 1563 ;
1269 1527 1332 1565 Ἆρ’
1343 1527 1390 1556 οὗν
1404 1531 1432 1556 ὲν
1446 1530 1597 1565 προφήταις
1615 1530 1679 1564 ἡμῖν
1695 1530 1709 1555 ὁ
1725 1528 1883 1562 Μονογενὴς

1091 1576 1242 1609 τετάξεται,
1255 1576 1304 1612 τὴν
1318 1576 1470 1612 προφήταις
1487 1576 1645 1610 πρέπουσαν
1658 1575 1794 1601 διακονίαν
1811 1575 1882 1600 ἀπο-

251 1618 297 1644 υιιὶ
326 1618 359 1644 ad
389 1625 440 1644 nos
456 1624 538 1644 voces
566 1617 715 1652 prophetas
735 1616 892 1643 detulisse?
915 1616 949 1642 At
974 1615 1036 1651 quid

1092 1623 1214 1658 πληρῶν,
1228 1624 1275 1649 καὶ
1290 1623 1383 1658 ἕτερον
1402 1623 1448 1649 ἐπὶ
1462 1623 1549 1657 τούτῳ
1564 1622 1691 1657 πράττων
1708 1620 1784 1647 οὐδέν
1797 1629 1804 1652 ;
1821 1620 1882 1646 Τίνι

248 1665 342 1692 eximii
360 1664 442 1691 habet
468 1663 566 1695 Filius,
587 1663 611 1690 ιι
637 1664 689 1690 hoc
718 1662 808 1698 ipsum
827 1661 962 1690 duntaxat
986 1662 1039 1688 itu-

251 1711 342 1746 pleat?
360 1710 506 1743 Quomodo
518 1718 584 1737 vero
599 1717 684 1744 supra
704 1717 800 1736 omnes
815 1714 868 1740 cst,
885 1709 909 1736 si
922 1708 1039 1744 prophe—

249 1763 340 1784 tarum
359 1758 385 1783 in
400 1757 497 1783 ordine
511 1760 653 1787 censetur,
670 1760 698 1783 et
717 1755 811 1783 servili
822 1754 982 1782 conditione
997 1759 1039 1782 est

250 1803 400 1838 prscditus?
423 1801 563 1837 quomodo
578 1809 628 1829 ceu
648 1801 703 1829 illis
717 1801 805 1836 gloria
822 1801 998 1835 praestantior
1011 1801 1037 1827 in

250 1850 405 1883 Evangeliis
422 1850 459 1875 ait
474 1858 480 1875 τ
500 1858 509 1874 ι
527 1849 556 1875 Si
574 1848 638 1875 illos
661 1847 731 1874 dixit
745 1847 822 1879 deos,
837 1846 870 1874 ad
885 1853 955 1881 quos
979 1853 1038 1873 scr-

250 1904 294 1923 mo
312 1895 357 1922 Dei
378 1896 467 1922 fartus
480 1899 534 1925 est.
554 1898 582 1921 ct
596 1901 650 1920 non
675 1896 766 1928 potest
787 1893 856 1920 solvi
877 1892 1038 1928 Scriptura;

249 1950 330 1977 quem
350 1943 433 1969 Pater
443 1941 639 1973 sauctilicavit,
657 1944 684 1968 et
701 1940 776 1967 misit
789 1940 817 1967 in
832 1939 977 1971 mundum,
990 1946 1039 1966 vos

249 1989 344 2015 dicitis
367 1988 431 2022 quia
459 1987 635 2022 blasphemas
665 1994 671 2012 :
699 1987 763 2021 quia
785 1986 854 2018 dixi,
876 1985 964 2012 Filius
992 1985 1038 2012 Dci

250 2035 363 2062 sum”?
376 2034 444 2061 Illis
461 2033 647 2061 enitn'verhls
665 2037 760 2067 aperte
777 2031 899 2066 seipsum
914 2031 1009 2058 eximit
1024 2038 1040 2057 ιι

251 2081 448 2114 prophetarum
472 2086 564 2113 grege.
584 2086 688 2112 eosque
709 2077 777 2104 deos
787 2080 901 2103 vocatos
918 2074 1038 2103 esse.di-

250 2126 298 2156 cit,
316 2128 459 2159 propterea
475 2123 546 2158 quod
564 2123 655 2150 factus
664 2127 705 2149 est
721 2122 754 2148 ad
771 2121 847 2155 ipsos
861 2121 908 2149 Dci
925 2128 1018 2148 sermo
1032 2129 1038 2146 :

250 2172 373 2206 seipsurn
390 2178 455 2197 vero
467 2169 513 2197 Dei
528 2169 628 2197 Filium
650 2169 760 2197 asserit.
774 2168 842 2195 Nam
858 2167 964 2195 sanctis
978 2175 1041 2202 pro-

249 2219 341 2254 phetis
368 2216 550 2252 particularis
566 2217 690 2250 quzedam
719 2223 766 2250 per
785 2215 920 2250 Spiritum
940 2215 1039 2242 collata

251 2269 293 2292 est
307 2264 392 2299 gratia
406 2271 413 2288 τ
430 2264 456 2290 in
472 2262 584 2290 Christo
601 2269 665 2289 vero
683 2261 836 2294 Salvatore,
854 2261 958 2296 placuit
976 2269 1035 2288 om-

250 2317 313 2338 nem
337 2309 537 2344 plenitudinem
556 2308 671 2336 dcitatis
695 2308 821 2335 habitare
843 2307 1036 2343 corporaliter,

251 2362 280 2384 ut
294 2356 394 2383 Paulus
407 2355 445 2382 ait
456 2357 488 2383 δ’.
503 2355 623 2390 Ideoque
633 2353 666 2382 de
681 2353 854 2390 plenitudine
868 2354 929 2390 ejus
942 2362 1039 2383 omnes

252 2402 420 2436 accepimus.
434 2406 461 2428 ut
473 2400 594 2428 Joannes
610 2401 781 2428 asseruit”.
794 2396 939 2434 Qdomodo
956 2401 1040 2437 igitur

251 2447 367 2483 aequalis
385 2449 438 2475 erit
466 2447 667 2482 accipientibus
689 2447 815 2482 largitor,
833 2453 880 2474 aut
901 2447 1038 2483 quomodo

251 2495 279 2521 in
297 2494 396 2521 ordine
423 2493 543 2521 ministri
567 2493 620 2521 crit
643 2493 756 2521 dcitatis
785 2493 946 2529 plenitudo?
970 2492 1039 2522 Hinc

251 2548 315 2574 ergo
331 2540 552 2568 animadvertant
563 2542 666 2574 quanta
680 2547 710 2566 se
724 2539 900 2575 obstringunt
910 2539 1037 2575 blasphe-

253 2584 306 2610 mia
326 2585 485 2619 quirunque
500 2585 552 2611 ista
569 2585 730 2619 loquuntur.
747 2585 808 2617 Quo
830 2590 911 2620 pacto
923 2593 987 2613 vero
1003 2586 1037 2612 sit

251 2630 460 2664 intelligendum
478 2629 545 2657 illud
562 2639 567 2656 :
582 2640 591 2656 ι
612 2630 650 2658 Ex
667 2631 771 2666 meipso
786 2640 840 2659 non
860 2633 970 2668 loquor,
990 2633 1037 2661 scd

252 2676 296 2710 qui
318 2676 395 2702 misit
417 2684 459 2703 nte
480 2675 570 2707 Pater.
591 2677 652 2712 ipsc
678 2678 745 2704 mihi
775 2678 935 2705 mandatum
963 2679 1040 2706 dedit

251 2722 316 2757 quid
341 2722 442 2754 dicam.
459 2728 506 2750 aut.
529 2723 594 2758 quid
612 2724 708 2758 loquar
720 2724 753 2755 “,
768 2734 777 2750 ι
799 2732 850 2752 suo
867 2729 990 2759 tempore
1009 2733 1040 2752 ac

253 2767 316 2794 loco
344 2767 434 2795 fusius
449 2769 657 2804 explicabitur?
680 2769 920 2804 luprmsentiarum
948 2776 1039 2798 autem

253 2812 372 2840 arbitror
401 2814 622 2842 adversariorum
649 2808 820 2850 ohjertioncs
848 2815 879 2841 ad
909 2816 1038 2850 pietatem

253 2905 256 2908 .
290 2871 312 2908 ⁸ῗ
328 2871 405 2900 .lnan.
429 2875 529 2905 quf).

253 2905 284 2920 “'
300 2905 376 2936 Jouu.
396 2918 413 2939 ι,
435 2910 473 2936 16Δ

570 2874 591 2890 ⁵ο
605 2874 684 2901 Joztu.
706 2882 758 2901 xv.
778 2874 819 2900 if}.

515 2911 534 2925 5’
554 2909 631 2936 δίιιιιιι.
651 2917 707 2942 xu,
725 2909 769 2935 49.

864 2875 880 2887 "'
900 2874 977 2902 Junn.
998 2883 1024 2901 ιιι
1039 2895 1045 2903 ,
1063 2876 1078 2899 fl

1090 1667 1143 1704 γὰρ
1158 1668 1212 1694 τῶν
1233 1668 1318 1695 ὄντων
1342 1670 1392 1694 οὐκ
1414 1668 1608 1699 ἀνενδοιάστως
1632 1666 1817 1702 παραδεκτὸν,
1840 1666 1883 1692 ὃτι

1089 1713 1138 1745 τὰς
1159 1713 1250 1739 θεόθεν
1267 1713 1305 1745 ὡς
1325 1713 1398 1748 ἡμᾶς
1409 1712 1562 1747 διεκόμιζον
1577 1713 1601 1738 οἱ
1616 1711 1752 1746 προφῆται
1769 1710 1882 1744 φωνὰς;

1090 1758 1156 1786 Εἶτα
1171 1760 1197 1785 τί
1221 1759 1252 1786 τὺ
1273 1759 1410 1794 ἐξαίρετον
1426 1759 1454 1784 ὲν
1469 1757 1535 1792 Υἱῷ,
1555 1757 1634 1784 τοῦτο
1654 1757 1718 1784 αὐτὸ
1731 1756 1882 1791 πληροῦντι

1092 1807 1190 1841 μόνον;
1217 1805 1278 1837 Πῶς
1292 1805 1320 1832 δὲ
1344 1805 1437 1832 ἐπάνω
1454 1805 1562 1831 πάντων
1573 1804 1661 1835 ἐστὶν,
1687 1804 1712 1830 εἰ
1726 1803 1884 1838 προφήταις

1090 1852 1130 1878 ἔτι
1149 1852 1343 1882 συντάττεται,
1359 1852 1405 1878 καὶ
1426 1850 1606 1886 δουλοπρεπεῖ
1619 1849 1816 1885 περιϐέϐληται
1833 1848 1882 1883 μὲ-

1090 1907 1166 1933 τρῳ;
1193 1897 1253 1929 πῶς
1273 1897 1302 1924 δὲ
1326 1897 1363 1928 ὡς
1389 1896 1508 1928 ὲκεὲνους
1529 1897 1558 1922 ὲν
1581 1895 1643 1930 δόξῃ
1657 1894 1838 1926 πλεονεκτῶν,
1854 1895 1883 1920 ἐν

1091 1943 1267 1978 Εὑαγγελίοις
1282 1943 1365 1978 φησὶν
1377 1963 1384 1974 ,
1409 1951 1418 1967 ‹
1436 1943 1466 1968 Εἰ
1481 1942 1600 1972 ἐκείνους
1620 1938 1679 1966 εἷπε
1696 1939 1789 1971 θεοὺς,
1814 1938 1882 1974 πρὸς

1090 1990 1163 2022 οῦςό
1175 1989 1252 2024 λόγος
1267 1989 1313 2015 τοῦ
1327 1988 1394 2016 Θεοῦ
1410 1989 1527 2022 ἐγένετο,
1543 1988 1589 2014 καὶ
1600 1987 1630 2013 οὐ
1643 1986 1754 2013 δύναται
1767 1985 1883 2020 λυθῆναι

1091 2037 1107 2072 ἡ
1124 2036 1230 2071 Γραφὴ,
1247 2035 1276 2061 δν
1295 2036 1309 2062 ὁ
1321 2035 1414 2070 Πατὴρ
1427 2034 1534 2070 ἡγίασε,
1550 2033 1595 2060 καὶ
1612 2032 1770 2059 ἀπέστειλεν
1782 2032 1822 2063 είς
1839 2031 1883 2057 τὸν

1091 2083 1203 2118 κόσμον,
1213 2083 1292 2116 ὑμεῖς
1299 2081 1402 2115 λέγετε,
1413 2081 1453 2107 ὃτι
1467 2080 1650 2114 Βλασφημεῖς,
1661 2080 1702 2106 ὅτι
1711 2077 1804 2104 εἷπον·
1819 2078 1882 2109 Υἱός

1091 2129 1149 2163 ειμι
1162 2127 1209 2154 τοῦ
1221 2127 1287 2154 Θεοῦ
1302 2136 1309 2160 ;
1330 2137 1338 2153 ι
1357 2126 1468 2154 Ἑαυτὸν
1486 2126 1540 2161 γὰρ
1556 2127 1584 2152 ὲν
1595 2126 1700 2156 τούτοις
1714 2124 1883 2160 ἁποδιορίζει

1093 2173 1187 2209 σαφῶς
1208 2174 1258 2208 τῆς
1276 2173 1330 2200 τῶν
1353 2172 1501 2208 προφητῶν
1523 2172 1640 2207 ἀγέλης,
1657 2171 1704 2198 καὶ
1727 2170 1805 2202 θεοὺς
1834 2170 1883 2204 μὲν

1093 2220 1191 2251 αὐτοὺς
1206 2218 1417 2254 κατωνομάσθαι
1441 2218 1525 2253 φησι,
1548 2217 1591 2244 διὰ
1607 2217 1638 2243 τὸ
1661 2216 1787 2251 γενέσθαι
1815 2215 1883 2251 πρὸς

1093 2264 1191 2296 αὐτοὺς
1204 2263 1250 2290 τὸν
1260 2263 1306 2290 τοῦ
1314 2263 1381 2289 Θεοῦ
1392 2263 1468 2297 λόγον
1478 2284 1485 2295 ,
1497 2263 1591 2290 ἑαυτὸν
1600 2263 1627 2289 δὲ
1638 2262 1701 2289 Υίὸν
1711 2261 1781 2288 Θεοῦ
1797 2261 1880 2295 λέγει.

1093 2309 1155 2341 Τοῖς
1171 2309 1220 2345 μὲν
1235 2309 1289 2345 γὰρ
1303 2309 1388 2344 ἁγίοις
1407 2309 1561 2344 προφήταις
1572 2308 1672 2344 μερικὴ
1684 2307 1728 2334 διὰ
1740 2307 1786 2334 τοῦ
1799 2307 1884 2334 Ilvati-

1095 2365 1180 2392 ματος
1205 2355 1352 2391 διενεμήθη
1369 2356 1448 2390 χάρις
1461 2364 1470 2371 ⁸
1495 2355 1524 2381 ὲν
1543 2355 1571 2381 δὲ
1596 2354 1634 2389 τῷ
1652 2355 1757 2390 Σωτῆρι
1772 2353 1883 2389 Χριστῷ

1093 2403 1146 2430 πᾶν
1163 2402 1193 2429 τὸ
1212 2402 1349 2438 πλήρωμα
1367 2403 1417 2437 τῆς
1435 2401 1561 2437 θεότητος
1576 2401 1705 2436 εὐδόκησε
1721 2399 1882 2434 κατοικῆσαι

1094 2449 1273 2484 σωματικῶς,
1291 2448 1328 2480 ὼς
1343 2449 1357 2474 ὁ
1370 2447 1476 2480 Παῦλός
1493 2457 1558 2483 φησι
1571 2457 1578 2464 ι
1593 2447 1633 2474 διὸ
1649 2448 1696 2474 καὶ
1709 2448 1741 2474 ὲκ
1751 2446 1798 2473 τοῦ
1813 2446 1882 2481 πλη-

1093 2494 1219 2530 ρώματος
1241 2493 1323 2521 αὑτοῦ
1347 2494 1448 2525 πάντες
1468 2493 1615 2528 ἐλάϐομεν,
1639 2493 1676 2524 ὡς
1696 2493 1824 2528 Ἰωάννης
1845 2493 1883 2519 δι-

1093 2541 1259 2577 ισχυρίσᾱτο.
1286 2540 1348 2572 Πῶς
1362 2538 1409 2568 οὖν
1431 2542 1459 2567 ὲν
1479 2540 1614 2575 ίσομέτρῳ
1628 2541 1683 2572 τοῖς
1698 2539 1882 2574 λαμϐάνουσιν

1089 2588 1213 2620 ὁδιδούς;
1229 2588 1245 2622 ἦ
1257 2587 1315 2619 πῶς
1329 2587 1358 2613 ἐν
1369 2589 1401 2623 τῇ
1417 2588 1462 2614 τοῦ
1476 2587 1662 2618 διακονοῦντος
1671 2587 1882 2620 κατατετάξεται

1092 2632 1173 2668 μοίρᾳ.
1194 2632 1295 2666 τὸξτῆς
1316 2632 1443 2667 Θεότητος
1464 2632 1619 2667 πλήρωμα;
1643 2631 1882 2667 Περιαθρείτωσαν

1089 2678 1179 2705 τοίνυν
1193 2678 1327 2711 ἐντεῦθεν,
1345 2679 1384 2709 εἰς
1396 2678 1461 2713 ὅσην
1475 2678 1567 2709 αὐτοῖς
1584 2677 1807 2704 ἀποκινδυνεύσει
1822 2677 1883 2704 δυσ-

1092 2723 1198 2758 φημίαν
1208 2725 1221 2750 ό
1233 2724 1312 2756 λόγος
1323 2744 1330 2755 ,
1349 2724 1394 2750 καὶ
1409 2723 1471 2749 τίνα
1486 2723 1534 2757 μὲν
1549 2722 1651 2758 τρόπον
1667 2722 1803 2757 προσήκει
1817 2723 1882 2748 νοεῖ-

1092 2769 1208 2802 σθαιτδ,
1228 2779 1236 2794 ι
1261 2771 1321 2796 Ἀπ’
1336 2769 1455 2804 ἐμαυτοῦ
1470 2769 1500 2796 οὐ
1513 2769 1597 2800 λαλῶ,
1614 2768 1672 2795 ἀλλ’
1691 2769 1705 2794 ό
1721 2764 1841 2804 πέμψας
1851 2776 1883 2803 με

1094 2816 1198 2852 Πατὴρ,
1216 2817 1295 2846 αὑτός
1313 2824 1356 2850 μοι
1374 2816 1480 2851 ἐντολὴν
1493 2816 1589 2842 δέδωκε
1606 2815 1631 2841 τί
1645 2815 1728 2847 εἴπω,
1742 2814 1789 2840 καὶ
1801 2815 1828 2840 τί
1840 2814 1882 2841 λα-

1087 2876 1106 2902 l.
1146 2875 1166 2890 ”
1184 2875 1250 2904 li-id.
1282 2876 1324 2901 5".
1365 2876 1387 2890 “
1403 2874 1481 2902 Joan.
1499 2883 1531 2906 x,
1550 2874 1595 2906 55,
1611 2874 1654 2901 Ξιῦ.
1696 2873 1716 2888 "'
1732 2873 1788 2899 (Tol.
1809 2881 1836 2903 ιι,
1855 2874 1882 2899 ει.
