2028 3118
150 199 201 226 277

688 199 720 226 IN
740 198 882 227 .IOANNIS
896 199 1125 229 EVANGELIUM
1140 199 1204 229 LIB.
1221 201 1252 230 II.

1727 207 1779 236 278

150 260 235 295 λῆσω,
252 269 261 285 ι
280 258 448 295 πλατύτερον
462 259 492 286 ὲν
506 258 564 293 ίδίῳ
577 257 666 294 καιρῷ
683 260 730 285 καὶ
744 259 820 295 τόπῳ
835 259 944 294 διερμη-

996 267 1058 288 esse
1082 260 1303 293 transferendas,
1323 267 1351 300 et
1371 270 1403 290 ex
1424 263 1504 299 168
1520 264 1553 293 iis
1578 273 1640 301 quae
1665 265 1704 294 illi
1726 271 1783 294 sta-

150 305 322 340 νευϐήσεται.
337 304 445 340 Χρῆναι
457 304 486 331 δὲ
497 304 572 340 οἶμαι
587 304 657 340 πρὸς
666 305 695 331 τὸ
707 304 804 340 παρὸν,
816 304 945 331 ὑπόθεσιν

151 351 292 383 εὐσεϐείας
309 351 344 378 τὰ
366 351 422 378 τῶν
441 351 570 378 ἐναντίων
589 351 725 378 ποιεῖσθαι
748 350 943 387 προϐλήματα,

151 397 198 422 καὶ
214 396 245 429 ἐξ
259 393 298 423 ὧν
311 396 410 423 ἐκεῖνοι
422 396 619 432 πρεσϐεύουσι,
638 398 696 428 τοῖς
706 397 757 432 τῆς
778 397 944 433 Ἐκκλησίας

150 442 376 476 ὲπαγωνίσασθαι
387 442 529 478 δόγμασιν.
554 441 659 469 Οὐκοῦν
676 443 787 475 ἐντολὰς
801 443 852 479 μὲν
869 443 944 478 εἱλη-

150 488 230 522 φέναι
243 489 319 524 παρὰ
330 488 376 515 τοῦ
385 488 502 524 Πατρδς,
518 487 566 514 καὶ
581 488 672 514 λαλεῖν
682 488 727 522 ἀφ’
740 487 838 515 ἑαυτοῦ
850 488 943 524 μηδὲν.

149 533 364 568 διισχυρίζονται
381 533 428 561 τὸν
444 533 509 560 Υίόν
519 541 526 549 ·
548 534 598 560 ὅσα
612 534 640 560 δὲ
655 534 772 569 ἤκουσεν
783 554 791 568 ,
811 533 849 566 ὡς
864 534 945 566 αὑτός

150 579 202 606 πού
215 588 294 615 φησι,
310 580 396 608 ταῦτα
406 580 454 608 καὶ
466 581 535 615 ἡμῖν
546 580 703 614 ἐπείγεσθαι
718 580 817 614 λέγειν.
835 580 944 612 Καλῶς,

149 625 238 660 ὲχέτω
253 626 300 652 καὶ
313 625 378 661 τῇδε
392 634 399 641 ·
415 621 677 661 συνθησόμεθαγὰρ,
690 625 767 652 οὐδὲν
777 625 944 658 ἀδικοῦντος,

149 671 222 698 κατά
236 679 268 705 γε
283 671 330 698 τὸν
339 671 387 698 τοῦ
402 671 461 703 πῶς
477 669 546 698 εῖναι
555 671 644 706 λόγον,
660 670 707 698 τοῦ
724 671 886 706 πράγματος
899 671 945 698 τὸν

150 717 228 750 Υίὸν,
251 717 397 753 καλλίστην
411 718 440 744 δὲ
453 718 552 753 μᾶλλον
566 717 613 744 ἐπὶ
622 716 670 744 τοῦ
682 718 817 753 παρόντος
830 717 947 753 μάλιστα

149 763 199 798 τὴν
214 763 371 799 οἰκονομίαν
393 764 559 798 είαάγοντος.
586 764 709 797 Οὐκοῦν,
734 764 798 791 ὅταν
821 764 946 799 λέγοντος

149 808 305 835 ἀκούσωσιν
319 808 401 836 αὑτοῦ
411 818 417 824 ·
433 819 443 836 ι
463 809 534 845 Ἐγὼ
550 810 597 837 καὶ
609 810 623 837 ό
640 809 734 846 Πατὴρ
746 809 775 837 ἓν
789 811 872 846 ἐσμεν
887 819 893 825 '
916 811 946 837 '0

150 853 283 888 ἑωρακὼς
307 853 374 889 ἐμὲ,
395 853 500 890 ἑώρακε
529 856 574 882 τὸν
598 855 723 891 Πατέρα·
757 856 827 890 Ἐγὼ
853 857 882 882 ὲν
905 856 944 891 τῷ

150 898 255 932 Πατρὶ,
279 899 326 924 καὶ
344 899 358 925 ό
375 899 470 934 Πατὴρ
485 900 514 926 ὲν
529 901 591 935 ἐμοί
604 909 610 915 ·
627 910 636 926 ι
657 900 870 936 λαμϐανέτωσαν
894 900 944 936 τὴν

997 310 1090 339 tuunt,
1108 307 1340 342 patrocinandum
1355 307 1486 337 Ecclesiae
1498 310 1683 347 dogmatibus.
1700 311 1784 348 Igitur

997 351 1127 379 mandata
1155 351 1266 388 quidem
1291 354 1433 388 accepisse
1456 362 1471 381 a
1497 355 1588 390 Patre,
1606 362 1634 386 ct
1655 366 1669 385 a
1694 359 1784 395 seipse

997 396 1071 432 loqui
1090 397 1159 425 nihil
1175 397 1275 426 Filium
1293 404 1423 427 asserunt
1442 409 1634 438 :quzecnnqne
1650 412 1715 432 vero
1732 413 1784 432 au-

995 443 1057 475 diit,
1074 449 1103 471 ut
1121 444 1180 479 ipse
1197 445 1298 473 alicubi
1320 445 1371 479 ait,
1397 446 1456 474 haec
1475 448 1556 476 nobis
1571 450 1654 477 etiam
1678 452 1783 487 eloqui.

996 489 1070 518 Bene
1085 489 1168 518 habet
1184 498 1190 517 :
1208 491 1394 520 assentiemur
1410 492 1496 526 enim,
1514 501 1576 520 cum
1599 494 1671 522 istud
1693 500 1783 532 quoad

996 535 1160 564 substantiae
1177 536 1288 564 modum
1311 537 1381 566 Filio
1399 537 1591 571 nihilolliciat,
1609 540 1655 567 sed
1672 544 1785 576 praecla-

996 589 1053 609 ram
1078 582 1170 617 potius
1188 583 1268 610 nobis
1282 583 1368 611 divini
1399 584 1510 612 consilii
1531 585 1666 613 rationem
1686 587 1789 622 inprae—

997 629 1149 656 sentiarum
1176 629 1324 664 signiticet.
1352 630 1448 667 Igitur,
1465 639 1528 659 cum
1554 632 1668 660 audiant
1695 633 1784 667 ipsum

996 673 1134 701 dicentem
1152 682 1158 700 :
1178 683 1188 700 ι
1209 673 1266 709 Ego
1289 678 1316 703 et
1343 675 1425 704 Pater
1443 684 1529 704 unum
1551 685 1649 706 sumus
1670 677 1712 704 "z
1733 677 1784 710 Qui

997 718 1066 745 vidit
1081 726 1136 752 me,
1155 719 1225 747 vidit
1241 724 1268 747 et
1279 720 1387 748 Patrem
1400 721 1421 737 ⁸⁷
1441 731 1447 748 :
1462 722 1521 758 Ego
1536 722 1562 750 in
1579 722 1670 756 Patre,
1686 728 1714 751 et
1732 723 1784 750 Pa-

997 767 1038 791 ter
1055 763 1082 790 in
1096 772 1140 792 me
1149 765 1187 798 ua;
1204 775 1213 792 ι
1228 765 1369 801 accipiant
1383 766 1445 802 ejus
1457 767 1658 801 testimonium,
1675 769 1785 803 signent

994 809 1081 836 'Dcum
1099 814 1126 837 et
1146 810 1254 839 Patrem
1269 819 1332 839 esse
1345 819 1484 846 veraeem,
1501 817 1528 841 et
1547 813 1620 849 quod
1639 822 1703 842 vere
1719 813 1783 845 scit,

998 855 1024 882 id
1042 856 1111 883 velle
1127 856 1202 891 loqui
1222 856 1335 891 Fillum,
1358 866 1392 886 ne
1405 858 1529 887 dillidant
1549 859 1642 888 verbis
1661 860 1786 887 Salvato-

998 901 1048 934 ris,
1067 901 1115 936 qui
1131 909 1193 936 quae
1208 906 1273 928 sunt
1293 910 1307 929 a
1324 902 1406 930 Patre
1423 904 1504 933 nobis
1521 905 1644 939 exponit.

151 944 306 977 μαρτυρίαν
328 943 421 976 αὑτοῦ,
444 945 686 979 σφραγιξέτωσαν,
704 946 746 972 ὃτι
766 945 780 972 ό
802 946 869 978 Θεὸς
895 946 942 972 καὶ
960 946 1055 981 Πατὴρ
1069 946 1173 982 ἀληθής
1187 947 1276 980 ἐστιν,
1297 948 1365 983 ὅπερ
1377 946 1447 975 οἶδεν
1479 949 1602 984 ἀκριϐῶς
1632 949 1785 977 ἀναπείθων

149 987 242 1015 λαλεῖν
254 989 300 1016 τὸν
315 989 380 1016 Υίόν
393 999 400 1005 ·
418 990 455 1026 μὴ
470 991 670 1018 ἀπιστείτωσαν
683 993 740 1023 τοῖς
755 991 803 1018 τοῦ
820 992 943 1027 Σωτῆρος
963 993 1084 1028 ῥήμασι,
1101 993 1136 1019 τὰ
1149 993 1224 1028 παρὰ
1240 993 1287 1021 τοῦ
1305 994 1410 1030 Πατρὸς
1425 995 1492 1030 ἡμῖν
1507 994 1712 1031 ἐρμηνεύοντος.

185 1037 237 1062 "0r
247 1037 302 1072 γὰρ
313 1037 493 1065 ἀπέστειλεν
503 1039 519 1066 ό
529 1039 601 1072 Θεὸς
609 1059 617 1072 ,
631 1039 667 1067 τὰ
673 1039 792 1073 ῥήματα
806 1040 859 1067 τοῦ
869 1041 944 1068 Θεοῦ

1031 1040 1075 1072 ΙΙΙ,
1091 1040 1136 1067 54.
1161 1039 1245 1074 Quem
1264 1042 1333 1068 enim
1356 1042 1428 1070 misit
1452 1042 1536 1074 Deus,
1565 1041 1643 1069 verba
1670 1042 1720 1070 Dei
1744 1042 1784 1069 ιο-

148 1081 248 1108 λαλεῖ.

186 1126 264 1154 Οἶδεν
279 1125 325 1155 οὖν
340 1129 394 1164 ἄρα
407 1130 478 1157 κατὰ
490 1130 570 1164 φύσιν
587 1131 650 1158 ὄντα
673 1133 754 1160 αὑτὸν
769 1133 783 1159 ὁ
806 1131 900 1167 Πατὴρ
914 1132 943 1158 ἐν

148 1174 241 1209 ἐαυτῷ
248 1174 294 1200 τὸν
306 1174 371 1201 ίδιον
378 1175 451 1202 Υίόν·
460 1176 539 1203 τοῦτο
548 1177 601 1213 γὰρ
611 1176 689 1213 οἶμαι
700 1178 740 1209 τὺ,
752 1178 918 1213 «Ἕνὲσμεν,
931 1188 940 1204 ι

149 1221 200 1247 καὶ
213 1221 264 1256 οὺχ
283 1221 376 1256 ἕτερόν
389 1231 415 1248 τι
439 1223 668 1258 κατασημαίνῖιν,
683 1224 747 1250 Υίὺν
763 1225 838 1255 ὄντα,
854 1224 900 1250 καὶ
912 1224 943 1251 οὐ

148 1266 258 1301 ποίημα
276 1267 422 1302 γινώσκει·
445 1268 506 1294 Υίὸν
522 1268 550 1295 δέ
567 1277 654 1303 φημι,
677 1269 724 1296 τὸν
738 1270 770 1295 ὲκ
785 1269 835 1304 τῆς
850 1269 943 1301 οὐσίας

148 1313 233 1339 αὐτοῦ
245 1335 252 1346 ,
274 1313 322 1340 καὶ
336 1314 367 1340 οὑ
385 1313 456 1349 ψιλῷ
477 1315 526 1350 τῆς
544 1315 667 1350 νεότητος
689 1315 870 1350 τετιμημένον
884 1315 944 1341 ὀνό-

151 1367 234 1394 ματι·
258 1357 328 1386 οἶδεν
344 1359 407 1386 ὅντα
427 1361 477 1396 τῆς
500 1360 567 1392 ἰδίας
590 1361 720 1396 ἰδιότητος
735 1360 943 1395 ἀπαράλλακτον

149 1405 245 1432 εἰκόνα
255 1413 261 1421 ·
278 1405 315 1437 ὡς
330 1406 444 1441 ὁρᾶσθαι
457 1406 506 1440 μὲν
521 1406 631 1438 τελείως
645 1408 674 1433 ὲν
690 1406 776 1442 αὐτῷ,
787 1406 943 1441 ζωγραφεῖν

149 1451 179 1478 δὲ
194 1452 223 1477 ὲν
239 1451 328 1486 ἐαυτῷ
346 1451 393 1478 τὸν
415 1452 444 1485 ἐξ
462 1452 545 1479 αὑτοῦ
571 1452 642 1479 κατὰ
658 1452 738 1486 φύσιν
756 1452 883 1488 ἀρρήτως
895 1453 942 1478 ὲκ-

128 1497 131 1500 ’
149 1497 297 1532 λάμψαντα
308 1506 314 1512 ·
341 1498 387 1524 καὶ
404 1497 477 1532 ἔχειν
498 1499 547 1533 μὲν
567 1500 595 1524 ἐν
612 1498 701 1533 ἑαυτῷ
711 1498 757 1525 τὸν
771 1497 849 1530 Υἱδν,
874 1495 943 1524 εἶναι

149 1543 180 1570 δὲ
192 1541 226 1570 αὖ
241 1544 320 1570 πάλιν
337 1545 365 1570 ὲν
379 1543 452 1579 Υἰῷ,
478 1544 522 1570 διὰ
542 1544 591 1579 τὴν
605 1543 655 1579 τῆς
673 1544 766 1576 οὐσίας
780 1543 942 1579 ταυτότητα.

151 1589 248 1616 Ταῦτα
263 1590 415 1625 φρονήσας,
436 1590 556 1626 αἱρετικὲ
567 1609 574 1621 ,
594 1590 693 1626 πικροῦ
712 1591 760 1625 μὲν
775 1589 873 1616 σαυτὸν
891 1590 945 1616 ἀπ-

150 1634 279 1667 αλλάξεις
301 1635 471 1670 νοσήματος,
488 1635 586 1670 τριϐῆς
598 1635 626 1662 δὲ
650 1636 722 1670 ἡμᾶς
740 1636 789 1671 τῆς
811 1637 839 1662 ἐν
855 1635 944 1670 λόγοις

152 1681 202 1707 καὶ
215 1681 380 1716 ζητήμασιν.
400 1690 408 1707 ι
425 1681 472 1707 Ὃν
487 1680 541 1716 γὰρ
554 1681 712 1708 ἀπέστειλεν
728 1683 742 1708 ὁ
756 1682 831 1714 Θεὸς,
845 1681 880 1708 τὰ
895 1682 944 1717 ρή-

152 1735 229 1762 ματα
243 1715 292 1753 τοδί
303 1727 370 1753 Θεοῦ
387 1726 472 1753 λαλεῖ.
484 1736 493 1752 ι
509 1715 594 1753 Ὅταν
610 1728 642 1753 ὲκ
656 1726 703 1754 τοῦ
720 1727 865 1763 προχείρου
876 1715 939 1763 vei);
957 1715 979 1744 θ

149 1781 199 1798 ται
221 1772 253 1798 τὺ
273 1773 472 1808 προκείμενον,
492 1772 519 1799 τί
537 1773 618 1800 πάλιν
643 1774 718 1800 ἔσται
739 1773 894 1808 θαυμαστὸν
915 1775 944 1800 ἐν

151 1818 212 1854 Υἱῷ
226 1827 233 1851 ;
257 1820 292 1845 Ἦ
311 1819 366 1856 γὰρ
385 1819 446 1854 οὐχὶ
463 1819 510 1846 καὶ
535 1818 591 1845 τῶν
608 1819 693 1852 ἁγίων
705 1819 820 1851 ἕκαστος
835 1827 943 1855 repetor].

151 1865 224 1898 τῶν,
251 1865 297 1892 καὶ
317 1865 497 1892 ἀπεστέλλετο
522 1866 599 1900 παρὰ
614 1865 701 1897 Θεοῦ,
728 1865 774 1892 καὶ
796 1866 859 1897 τοὺς
878 1865 944 1900 παρ’

151 1910 236 1937 αὑτοῦ
245 1910 409 1947 διήγγελ[λ]ε
418 1911 527 1946 λόγουςς
541 1911 594 1937 Καὶ
603 1910 668 1945 γοῦν
678 1910 747 1946 πρὸς
759 1910 808 1946 μὲν
815 1910 860 1936 τὸν
873 1912 945 1946 ἱερο-

154 1956 260 1992 φάντην
283 1957 383 1984 Μωσέα
405 1957 511 1992 εἴρηταί
528 1965 591 1984 ποι·
610 1967 619 1983 ι
640 1957 696 1984 Καὶ
710 1957 757 1984 νῦν
778 1956 857 1992 δεῦρο
878 1957 945 1984 ἀπο-

151 2002 251 2029 στείλω
260 2011 289 2029 σε
307 2004 345 2034 είς
358 2003 505 2037 Αἴγυπτον,
515 2004 562 2030 καὶ
574 2004 646 2038 ἐρεῖς
658 2003 728 2039 πρὸς
740 2003 839 2040 Φαραώ
850 2011 857 2018 ·
873 2003 944 2029 Τάδε

150 2048 226 2083 λέγει
239 2049 350 2084 Κύριος·
363 2059 372 2075 ι
394 2050 462 2084 προς
477 2050 612 2086 Ἱερεμίαν
628 2049 657 2076 δέ
673 2058 705 2084 γε
718 2050 763 2076 τδν
779 2049 926 2084 ἱερώτατρν
936 2057 943 2065 ·

154 2104 164 2120 ι
178 2095 224 2130 Μὴ
238 2094 312 2129 λέγε,
329 2095 373 2122 ὅτι.
385 2095 525 2132 Νεώτερος
538 2095 593 2131 ἐγώ
609 2096 677 2131 ειμι·
688 2096 730 2122 ὅτι
745 2095 814 2131 πρὸς
828 2095 944 2129 πάντας,

150 2140 198 2172 οὓς
214 2141 262 2167 ἐὰν
274 2141 456 2173 ὲξαποστείλω
468 2150 513 2174 σε,
535 2142 672 2177 πορεύσῃ,
690 2143 737 2168 καὶ
756 2143 826 2168 κατὰ
841 2140 943 2173 πάντα,

150 2187 202 2214 ὅσα
220 2186 267 2212 ἐὰν
288 2187 448 2222 ἐντείλωμαί
466 2196 524 2221 σοι,
548 2187 685 2223 λαλήσεις.
702 2197 711 2213 ι
729 2188 761 2214 Τί
780 2185 826 2214 οὖν
843 2188 896 2222 ἄρα
912 2187 944 2214 τὸ

152 2231 246 2258 πλεῖον
263 2233 293 2258 ἐν
303 2232 340 2268 τῷ
354 2232 424 2259 κατὰ
441 2232 522 2267 φύσιν
538 2233 611 2268 Υίῷ,
623 2233 746 2259 λαλοῦντι
759 2234 792 2260 τὰ
808 2233 855 2260 τοῦ
875 2233 942 2260 Θεοῦ

151 2278 264 2313 ῥήματα
274 2299 281 2310 ,
302 2278 345 2304 διὰ
358 2278 388 2305 τὸ
400 2278 568 2305 ἀπεστάλθαι
586 2279 650 2314 παρ’
667 2279 750 2306 αὐτοῦ
764 2287 770 2311 ;
796 2279 943 2315 Προφήτης

150 2324 228 2358 ἡμῖν,
247 2324 284 2355 ὡς
297 2324 385 2351 ἔοικεν
395 2346 402 2356 ,
428 2325 654 2360 ἀναδειχθήσεται
667 2324 748 2351 πάλιν
758 2345 766 2357 ,
787 2326 834 2352 καὶ
850 2325 942 2360 ἓτερον

150 2370 239 2402 οὐδὲν,
254 2370 316 2396 ὅσον
330 2367 397 2406 ἧκεν
405 2371 492 2397 είπεῖν
505 2371 544 2402 είς
557 2370 603 2397 τὸν
615 2371 664 2406 τῆς
682 2371 821 2402 διακονίας
831 2371 941 2406 τρόπον.
955 2388 981 2419 D

150 2415 258 2441 Οὐκοῦν
273 2415 302 2441 τὸ
321 2424 331 2440 ι
349 2415 491 2442 ἀπέστειλε
509 2425 518 2441 ι
536 2417 643 2451 νοήσεις
658 2417 687 2442 ὲν
698 2415 816 2448 τούτοις,
837 2415 853 2450 ῆ
870 2415 941 2443 κατὰ

149 2460 196 2486 τὸν
212 2460 261 2495 τῆς
279 2459 511 2496 ὲνανορωπήσεως
524 2461 603 2495 λόγον
613 2480 620 2493 ,
645 2462 692 2488 καὶ
704 2462 753 2496 τὴν
772 2461 800 2487 ὲν
814 2461 881 2497 τῷδε
902 2461 941 2497 τῷ

151 2503 247 2538 κόσμῳ
270 2504 340 2538 μετὰ
362 2505 464 2540 σαρκὸς
484 2505 669 2540 ἐπιφοίτησιψ
699 2506 715 2542 ἢ
733 2506 813 2533 πάλιν
834 2506 940 2542 ὲκλήψῃ

150 2549 385 2585 θεοπρεπέστερον
408 2551 455 2577 καὶ
474 2550 693 2587 ἀξιολογώτερον.
719 2552 757 2578 Οὐ
781 2552 835 2587 γὰρ
855 2551 940 2587 ἔκρυ-

149 2595 201 2629 ψεν
219 2596 248 2622 ὲν
268 2595 359 2631 ἑαυτῷ
381 2595 427 2622 τὸν
441 2596 504 2623 Υίὺν
524 2598 538 2624 ὸ
555 2597 665 2633 Πατὴρ,
686 2597 743 2624 ἀλλ’
756 2599 788 2625 ὲκ
807 2599 857 2633 τῆς
875 2598 942 2630 ἰδίας

150 2641 290 2678 ἐξέλαμψε
305 2642 429 2677 φύσεως,
454 2643 493 2674 ὡς
513 2645 544 2670 ὲκ
560 2645 649 2679 φωτὸς
668 2644 855 2680 ἀπαύγασμα,
872 2644 943 2671 κατὰ

149 2690 196 2716 τὸν
208 2690 350 2724 ἄφραστον
362 2699 391 2717 τε
407 2691 453 2717 καὶ
463 2691 629 2726 ἀνεξήγητον
642 2691 691 2726 τῆς
706 2691 781 2722 θείας
790 2691 944 2726 γεννήσεως

149 2736 271 2770 τρόπον·
299 2736 314 2762 ὁ
337 2736 370 2771 δὴ
393 2736 441 2763 καὶ
463 2737 545 2768 αὐτὸς
569 2738 636 2772 ἡμῖν
663 2737 786 2772 διεσάφει
814 2737 903 2771 λέγων
928 2737 943 2763 ὁ

150 2782 328 2816 Μονογενής·
356 2791 365 2808 1
390 2781 461 2816 Ἐγὼ
485 2783 517 2809 ὲκ
537 2783 586 2809 τοῦ
610 2783 716 2818 Πατρὺς
739 2783 867 2818 ἐξῆλθον.
896 2782 943 2808 καὶ

151 2827 219 2862 ήκω.
243 2837 253 2853 ι
282 2827 440 2863 Ἐξελήλυοε
462 2829 515 2864 γὰρ
540 2829 573 2855 ὲκ
599 2829 645 2856 τοῦ
675 2829 781 2864 Harpe;
804 2829 844 2860 είς
874 2828 942 2855 ἰδίαν

185 2915 207 2931 ⁸ο
229 2914 310 2943 Joan.
325 2924 352 2946 v.
365 2915 411 2943 50.
449 2916 470 2931 ”
484 2915 562 2945 Ioan.
582 2925 625 2944 xtv
639 2937 645 2949 ,
662 2918 688 2945 9.

994 1085 1094 1119 quitur.

1030 1129 1111 1158 Novit
1133 1131 1229 1166 itaque
1242 1130 1325 1160 Pater
1341 1131 1370 1159 in
1384 1131 1477 1167 seipso
1491 1132 1643 1160 secundum
1657 1136 1783 1160 naturam

994 1176 1127 1203 exsistere
1152 1175 1253 1204 Filium
1274 1185 1372 1210 suum;
1386 1177 1439 1206 hoc
1460 1178 1551 1212 enim,
1568 1179 1678 1214 opinor,
1702 1179 1783 1210 illud,

997 1230 1006 1246 ε
1024 1220 1112 1248 υιιιιιιι
1126 1229 1234 1255 sumus,
1251 1232 1260 1248 ι
1276 1222 1437 1258 signiﬁcare
1451 1223 1552 1251 Filium
1569 1231 1643 1258 esse,
1659 1231 1715 1252 non
1735 1232 1784 1252 au-

994 1271 1048 1294 tem
1063 1264 1233 1301 creaturam,
1251 1268 1390 1302 agnoscit.
1412 1267 1512 1296 Filium
1530 1273 1622 1298 autem
1635 1269 1712 1302 .dico,
1736 1271 1784 1305 qui

994 1320 1027 1339 ex
1047 1312 1108 1347 ejus
1123 1318 1166 1340 est
1179 1313 1348 1347 substantia,
1359 1321 1414 1341 non
1430 1314 1506 1342 nudo
1519 1314 1659 1342 liliationis
1675 1315 1785 1342 nomine

994 1361 1119 1384 ornatus.
1139 1355 1199 1384 Scit
1221 1365 1285 1386 esse
1300 1365 1358 1386 sua
1375 1359 1556 1394 proprietatis
1574 1359 1720 1394 imaginem
1736 1367 1785 1395 per

994 1403 1086 1430 omnia
1104 1404 1233 1436 similem,
1251 1403 1289 1431 ita
1305 1407 1334 1431 ut
1349 1404 1472 1438 perfecte
1487 1404 1597 1439 quidem
1615 1408 1746 1433 cernatur
1755 1406 1783 1433 in

995 1449 1064 1484 ipso,
1086 1449 1144 1484 ipse
1170 1457 1235 1478 vero
1255 1449 1283 1477 in
1309 1450 1401 1485 seipso
1427 1450 1556 1485 depingat
1582 1458 1645 1479 eum
1673 1451 1720 1486 qui
1749 1459 1783 1478 ex

994 1493 1054 1529 ipso
1074 1495 1229 1522 secundum
1259 1499 1386 1522 naturam
1413 1495 1589 1523 ineﬁabiliter
1615 1496 1728 1528 ell'ulsil,
1756 1502 1783 1525 et

995 1541 1095 1568 habeat
1120 1541 1231 1577 quidem
1248 1541 1274 1568 in
1297 1542 1391 1576 seipso
1415 1541 1526 1575 Filium,
1548 1542 1641 1577 sitque
1661 1543 1782 1571 vicissim

995 1586 1022 1612 in
1041 1585 1122 1619 Filio,
1142 1591 1255 1622 propter
1276 1587 1450 1615 identitatem
1474 1587 1647 1616 substantiae.
1672 1588 1734 1616 Ilaec
1759 1590 1783 1617 si

995 1632 1111 1664 sentias,
1132 1632 1279 1665 haeretice.
1305 1638 1333 1661 et
1353 1634 1472 1669 teipsum
1488 1634 1584 1662 morbo
1604 1636 1782 1670 gravissimo,

994 1682 1022 1705 et
1050 1687 1102 1706 nos
1130 1679 1290 1714 disputandi
1317 1679 1441 1707 molestia
1470 1680 1642 1708 liberaveris.
1663 1689 1672 1706 α
1696 1681 1782 1714 Quem

996 1724 1069 1750 enim
1086 1724 1162 1752 misit
1179 1724 1264 1756 Deus,
1281 1725 1364 1752 verba
1377 1724 1426 1752 Dei
1441 1725 1573 1760 loquitur.
1592 1735 1602 1752 ι
1618 1725 1645 1752 Si
1666 1730 1696 1753 ut
1708 1726 1783 1760 jacet

996 1768 1101 1796 dictum
1120 1770 1187 1797 illud
1213 1770 1375 1805 accipiatur,
1403 1770 1470 1805 quid
1499 1771 1591 1805 magni
1620 1771 1730 1799 demum
1757 1777 1784 1799 et

995 1815 1167 1842 admirabilis
1183 1816 1236 1843 crit
1255 1816 1282 1842 in
1304 1815 1393 1842 Filio?
1409 1816 1450 1842 An
1463 1823 1518 1843 non
1531 1816 1604 1844 enim
1620 1821 1783 1844 sanctorum

995 1860 1190 1895 prophetarum
1202 1861 1320 1896 quilibet
1333 1862 1416 1889 etiam
1433 1862 1536 1890 missus
1549 1866 1592 1890 est
1605 1869 1621 1889 a
1632 1861 1698 1895 Deo,
1711 1863 1784 1897 ejus-

995 1914 1050 1941 que
1068 1907 1151 1934 rerba
1169 1908 1318 1935 manifesta
1342 1907 1425 1935 fecit?
1453 1908 1486 1935 Et
1512 1912 1587 1936 certe
1611 1909 1712 1936 alicubi
1739 1909 1783 1936 di-

996 1957 1071 1980 ctum
1093 1958 1136 1980 est
1154 1954 1188 1980 ad
1208 1953 1320 1989 Moysen
1339 1961 1483 1981 sacrorum
1509 1955 1685 1989 lnterprelem
1704 1962 1710 1980 ε
1728 1965 1736 1980 ι
1753 1954 1784 1981 Et

997 2007 1070 2027 nunc
1087 2000 1192 2026 mittam
1205 2003 1232 2027 te
1245 1999 1274 2027 in
1291 1999 1455 2035 IEgyptum,
1473 2004 1501 2028 et
1513 2000 1589 2028 dices
1609 2000 1640 2027 ad
1659 1999 1783 2027 Pharao-

996 2053 1057 2073 nem
1072 2054 1079 2072 :
1095 2044 1156 2073 llaec
1170 2046 1237 2073 dicit
1249 2046 1381 2073 Dominus
1394 2045 1428 2073 ".
1447 2055 1457 2071 ι
1475 2046 1514 2074 Ad
1531 2045 1679 2073 Jeremiam
1691 2050 1782 2074 autem

995 2091 1201 2120 sanctissimum
1215 2099 1221 2117 :
1235 2100 1244 2117 ι
1262 2091 1322 2119 Νοιὶ
1337 2091 1427 2120 dicere
1449 2091 1520 2125 Quia
1536 2092 1630 2128 junior
1642 2100 1693 2127 ego
1709 2100 1782 2124 sum,

995 2138 1060 2173 quia
1075 2137 1109 2165 ad
1126 2146 1222 2166 omnes
1245 2138 1280 2165 ad
1305 2145 1376 2174 quos
1398 2138 1504 2167 misero
1512 2139 1559 2172 ‘te,
1576 2138 1640 2171 ibis,
1654 2142 1682 2166 et
1704 2138 1783 2174 juxta

995 2185 1087 2211 omnia
1107 2192 1282 2220 qumcunquc
1310 2185 1478 2212 mandavero
1499 2185 1568 2217 tibi,
1589 2183 1754 2220 loqueris".
1771 2193 1781 2209 ι

995 2230 1067 2263 Quid
1081 2238 1147 2266 ergo
1161 2231 1222 2264 plus
1241 2235 1282 2259 est
1299 2230 1327 2258 in
1343 2230 1414 2258 Filio
1427 2231 1549 2258 naturali
1571 2230 1620 2266 qui
1633 2230 1681 2258 Dei
1699 2230 1782 2257 verba

995 2276 1128 2311 loquitur,
1137 2284 1172 2304 ex
1180 2276 1293 2312 eoquod
1306 2279 1408 2306 missus
1427 2282 1470 2305 est
1479 2278 1514 2305 ab
1526 2277 1608 2312 ipso?
1619 2276 1693 2304 Nihil
1707 2275 1782 2303 aliud

995 2329 1105 2355 rursus,
1120 2325 1151 2349 ut
1165 2322 1284 2355 videtur,
1300 2330 1383 2358 quam
1393 2322 1527 2358 propheta
1539 2330 1601 2351 esse
1615 2323 1696 2351 nobis
1706 2326 1781 2358 pate-

995 2368 1044 2400 bit,
1058 2368 1082 2395 si
1099 2368 1133 2396 dc
1147 2368 1295 2396 ministerii
1312 2369 1418 2396 ratione
1431 2369 1589 2404 loquamur.
1604 2369 1685 2404 169
1699 2368 1784 2404 Igitur

995 2414 1040 2442 hic
1057 2423 1067 2440 ι
1084 2413 1170 2447 misit,
1185 2423 1194 2440 ι
1206 2418 1254 2441 aut
1270 2414 1377 2442 ratione
1388 2414 1589 2443 incarnationis
1604 2417 1632 2442 et
1645 2415 1783 2443 adventus

994 2461 1022 2488 in
1040 2460 1113 2488 hunc
1133 2459 1266 2487 mundum
1284 2467 1347 2487 cum
1371 2467 1465 2494 carne,
1486 2463 1534 2488 aut
1549 2460 1679 2488 diviniori
1693 2466 1719 2488 et
1729 2466 1783 2488 ‘su-

994 2505 1115 2533 blimiori
1130 2505 1249 2541 quadam
1267 2506 1374 2533 ratione
1400 2505 1532 2540 accipies.
1558 2503 1618 2533 Non
1649 2505 1722 2534 enim
1753 2506 1781 2534 in

995 2551 1088 2587 seipso
1103 2551 1202 2578 Filium
1224 2550 1305 2578 Pater
1316 2551 1476 2584 occultavit,
1493 2550 1542 2579 sed
1559 2558 1593 2579 ex
1613 2558 1665 2579 sna
1680 2555 1781 2579 natura

994 2598 1100 2631 eluxit,
1117 2601 1147 2625 ut
1167 2605 1201 2625 ex
1229 2597 1290 2624 luce
1309 2596 1442 2632 splendor
1469 2597 1572 2625 emicat
1602 2597 1733 2626 ineﬂ‘abili
1756 2602 1783 2626 et

997 2643 1176 2672 inenarrabili
1191 2643 1290 2670 divinae
1310 2643 1497 2678 generationis
1512 2643 1606 2671 modo.
1627 2643 1706 2676 Quod
1723 2644 1783 2679 ipse

996 2697 1108 2725 quoque
1127 2689 1208 2718 nobis
1223 2689 1352 2725 exposuit
1368 2689 1545 2726 Unigenitus,
1562 2689 1680 2719 dicens:
1698 2699 1708 2717 ι
1724 2690 1782 2726 Ego

996 2744 1029 2764 ex
1043 2736 1124 2763 Patre
1141 2735 1225 2768 exivi,
1238 2739 1266 2764 et
1280 2736 1360 2764 venio
1371 2736 1407 2765 “.
1422 2746 1432 2762 ι
1452 2737 1544 2764 Exivit
1566 2737 1639 2764 enim
1653 2745 1687 2765 ex
1703 2737 1783 2764 Patre

996 2782 1024 2809 in
1039 2782 1179 2816 propriam
1191 2782 1362 2818 hypostasim
1375 2781 1471 2815 Filius,
1484 2782 1547 2810 licet
1562 2783 1590 2810 in
1608 2783 1667 2818 ipso
1685 2783 1720 2810 sit
1737 2790 1782 2810 se-

996 2827 1116 2854 cundum
1135 2833 1281 2854 naturam:
1298 2830 1326 2854 et
1348 2826 1422 2862 quod
1442 2827 1477 2854 ibi
1493 2835 1503 2852 ‹
1518 2827 1605 2857 cxirc.
1626 2837 1634 2853 ι
1651 2827 1780 2861 idipsum,

729 2917 749 2933 ""
767 2917 846 2950 Iliid.,
868 2917 909 2944 ΙΙ.

995 2914 1072 2942 Sxod.
1093 2923 1132 2947 ιιι,
1153 2915 1194 2942 10.
1234 2914 1256 2930 ⁸⁰
1273 2914 1371 2943 Jt-rem.
1390 2923 1408 2946 ι,
1427 2914 1453 2941 7.
1493 2913 1513 2929 ⁸¹
1531 2913 1609 2940 Joan.
1628 2921 1681 2944 xvt,
1702 2913 1745 2940 28.
