2028 3118
223 170 291 197 ⁷279

739 174 768 203 S.
785 175 923 204 CYIULH
946 177 1186 219 ALEXANDlHNl
1203 179 1363 208 AliClllEP.

1826 179 1880 210 280

239 228 283 255 hic
299 228 435 258 «nussum
450 239 523 263 esse.
539 242 546 258 ι
562 233 708 268 signiﬁcat.
722 233 844 262 Verbum
861 236 944 270 igitur
956 237 1028 271 quod

1083 236 1200 273 ὓπαρξιν
1213 239 1226 264 6
1245 239 1313 271 ι’ἰὸς,
1327 241 1351 266 εἰ
1363 240 1410 268 καὶ
1420 242 1450 267 ὲν
1464 240 1539 275 αὐτῷ
1551 241 1622 268 κατὰ
1636 241 1718 276 φύσιν
1734 240 1793 268 ἐστί
1804 249 1811 255 ·
1831 242 1881 269 καὶ

239 283 272 302 ex
290 275 371 304 Patre
387 277 490 305 eﬂ'ulsit
506 283 532 306 et
549 279 673 311 emicuit,
692 285 757 315 puta
773 290 835 310 cum
856 283 928 310 Deus
946 285 981 310 sit
998 283 1031 310 de

240 320 306 352 Deo,
321 321 375 350 Deo
389 325 622 353 convenientibus
640 327 755 356 vocibus
769 333 880 356 utetur:
899 329 953 356 Deo
979 336 1029 356 an-

240 372 295 394 tem
318 370 487 398 conveniunt
502 379 562 406 qua:
579 381 650 400 verte
664 378 730 401 sunt
749 381 843 407 voces,
861 378 889 402 et
904 375 939 402 ab
955 376 1030 402 omni

240 413 377 441 mendacii
396 415 458 444 labe
471 421 538 446 sunt
553 417 702 447 immunes.
719 419 856 452 Quocirca
875 429 883 445 ι
905 421 953 455 ιιιιί
970 420 1032 447 Salv

242 459 348 488 vatoris
360 461 552 489 testimonium
563 464 676 500 accipit,
690 464 810 500 signavit
826 466 890 500 quia
902 466 974 495 Deus
985 474 1031 494 ve-

241 513 288 532 rax
299 510 351 534 est.
366 517 375 533 ι
387 507 435 536 Est
448 509 628 544 enituit-even
640 511 794 543 secundum
806 515 933 540 naturam
948 512 1029 540 Deus.

1084 284 1152 320 ὅπερ
1176 286 1242 320 ἡμῖν
1265 288 1293 312 ἐν
1313 287 1412 322 ἐκείνῳ
1435 287 1465 313 τὸ
1489 287 1607 320 ἐξελθεῖν
1634 287 1773 323 σημαίνει,
1798 287 1880 314 τοῦτο

1085 330 1166 357 πάλιν
1193 331 1310 359 ἐνταῦθα
1339 333 1369 359 τὸ
1397 333 1565 360 ἀπεστάλθαι
1596 332 1681 368 δηλοῖ.
1720 334 1750 360 '0
1777 333 1878 367 τοίνυν,

1084 377 1184 412 φησὶν,
1211 378 1244 404 ἐκ
1266 379 1372 414 Πατρὸς
1394 379 1523 414 πεφηνώς
1541 387 1571 405 τε
1601 379 1649 405 καὶ
1671 379 1881 415 ἀπαστραφθεὶς

1084 423 1178 457 Δόγος,
1205 423 1252 450 ἅτε
1265 424 1297 460 δὴ
1312 424 1378 456 Θεὸς
1392 425 1524 460 ὑπάρχων
1536 425 1569 451 ἐκ
1585 424 1674 459 8206,!
1686 426 1743 456 τοῖς
1763 425 1804 460 τῷ
1819 425 1880 460 Θεῷ

1085 468 1220 503 πρέπουσι
1237 470 1401 505 κεχρήσεται
1422 470 1528 504 λόγοις·
1547 470 1621 504 λόγοι
1644 470 1672 497 δὲ
1694 471 1727 498 ἂν
1748 469 1804 498 εἷεν
1820 471 1881 506 Θεῷ

1084 514 1235 550 πρέποντες
1249 515 1272 542 οἱ
1284 515 1405 550 ἀληθεῖς,
1428 516 1475 546 καὶ
1484 517 1534 551 τὴν
1543 515 1598 543 ἀπὸ
1611 516 1658 543 τοῦ
1672 517 1817 551 ψεύδεσθαι
1833 525 1881 551 κη-

239 551 298 578 λῖδα
317 562 326 578 ι
344 555 565 591 παραιτούμενοι.
592 557 696 583 Οὐκοῦν
712 566 721 582 ι
743 558 757 583 6
769 557 915 592 λαμϐάνων
931 557 979 585 τοῦ
997 557 1123 593 Σωτῆρος
1139 559 1188 595 τήν
1209 560 1380 596 μαρτυρίαν,
1409 562 1589 597 ἐσφράγισεν,
1611 561 1653 588 ὅτι
1667 563 1680 588 6
1696 561 1761 594 Θεὸς
1775 561 1880 597 ἀληθής

240 601 313 628 ἐστιν
327 610 333 616 ·
351 612 360 628 ι
375 602 431 630 ἔστι
446 604 500 640 γὰρ
514 604 598 636 ὅντως
613 605 683 632 κατὰ
696 605 776 640 φύσιν
787 606 861 639 Θεός.

276 649 318 682 ιιι,
335 649 378 678 54.
399 649 460 678 Non
483 652 551 681 enim
568 651 602 679 ad
630 660 781 682 mensuram
809 653 855 681 dat
881 653 951 681 Deus
968 653 1030 688 Spi-

239 697 331 724 ritum.

274 744 324 771 [lie
342 745 542 774 attentissitnas
556 755 638 774 aures
651 747 759 779 adhibe,
770 756 875 784 qmcso.
893 751 921 775 ut
933 747 1028 774 nobis-

238 798 300 820 cum
316 797 413 819 rursus
439 797 599 820 sanctorum
625 794 736 822 mireris
766 795 940 831 sapientiam.
956 793 1029 821 Dixit

239 836 350 870 Filium,
367 846 428 865 omn
449 847 463 865 a
478 838 533 866 Deo
562 841 675 868 missum
703 849 774 872 esse,
807 846 863 868 tum
885 841 931 868 Dei
950 841 1030 868 verba

1121 655 1162 680 Οὐ
1176 653 1231 688 γὰρ
1245 653 1278 679 ἐκ
1289 653 1400 688 μέτρου
1415 654 1520 682 δίδωσι
1535 654 1568 682 τὸ
1584 655 1715 690 Πνεῦμα.

1122 701 1226 734 Ὀξεῖαν
1252 701 1369 736 ὑπόσχες
1392 701 1450 728 νυνὶ
1476 701 1508 736 δὴ
1535 701 1653 737 μάλιστα
1674 702 1723 738 τὴν
1744 702 1844 737 ἀκοὴν,
1859 698 1881 728 ὦ

1083 747 1200 780 γενναῖε,
1214 745 1257 772 ἵνα.
1271 745 1303 781 δὴ
1322 745 1402 772 πάλιν
1419 746 1485 780 ἡμῖν
1504 745 1704 781 συνθαυμάσεις
1717 746 1771 772 τῶν
1792 745 1878 778 ἁγίων

1083 793 1132 828 τὴν
1146 792 1235 827 νῆψιν·
1255 792 1326 828 Ἔφη
1343 791 1388 818 τὸν
1408 792 1470 818 Υἱὸν
1490 791 1537 818 καὶ
1559 792 1728 819 ἀπεστάλθαι
1744 791 1818 826 παρὰ
1832 790 1878 816 το]

1084 841 1162 872 θεοῦ,
1175 841 1221 866 καὶ
1236 841 1270 867 τὰ
1287 840 1333 866 τοῦ
1347 839 1413 866 Θεοῦ
1427 840 1536 874 ῥήματα
1549 838 1638 865 λαλεῖν
1648 846 1654 853 ⁶
1669 837 1726 864 ἀλλ’
1743 836 1882 863 ὑπαισθάι-

240 884 322 918 loqui.
340 883 374 910 At
388 884 411 912 si
428 885 516 919 pritna
530 885 619 914 fronte
632 887 685 914 vim
696 894 791 914 eorum
811 887 960 914 verborum
969 887 1028 921 quis

1084 887 1158 914 νεταί
1181 895 1248 919 πως,
1271 887 1332 913 ὅσον
1356 883 1423 921 ἧκεν
1447 886 1486 916 εἰς
1504 885 1552 919 τὴν
1574 884 1716 919 πρόχειρον
1732 883 1780 909 τοῦ
1798 882 1881 916 λόγου

238 928 403 962 consideret,
422 929 637 958 videntur'eum
662 931 689 958 in
713 931 911 967 prophetarum
932 932 1030 959 ordine

238 974 441 1007 quodaminodo
458 979 591 1007 statuere,
615 977 846 1012 quemadmodum
871 978 954 1013 paulo
968 981 1030 1004 ante

238 1020 369 1050 diximus.
386 1019 439 1048 Per
453 1021 510 1048 haec
525 1023 609 1057 igitur
628 1023 718 1058 ipsum
739 1030 913 1058 nequaquam
936 1031 1029 1058 parem

239 1066 274 1094 iis
291 1074 353 1094 esse
375 1067 506 1098 ostendit.
525 1073 551 1096 ct
570 1077 625 1095 uno
643 1069 695 1096 hoc
717 1069 797 1104 signo
814 1069 894 1096 docet
915 1069 1030 1096 multum

237 1115 265 1141 et
278 1112 535 1147 incomparabiliter
550 1114 584 1141 ab
601 1114 636 1141 iis
655 1114 768 1142 distare.
787 1114 858 1142 Fieri
885 1114 958 1142 cnim
976 1123 1030 1142 non

239 1163 338 1192 potest,
357 1159 456 1194 inquit,
473 1164 502 1186 ut
517 1160 562 1194 qui
584 1160 617 1187 ad
635 1165 740 1188 eertum
768 1161 878 1188 modum
898 1160 1030 1195 Spiritum

239 1205 389 1240 accipiunt,
402 1213 465 1232 eum
479 1206 557 1233 alteri
572 1214 681 1242 quoque
696 1207 788 1241 largiri
807 1207 923 1240 possint.
956 1205 1030 1232 Nus~

238 1260 320 1286 quam
338 1253 410 1280 enim
425 1258 539 1282 sanctus
555 1259 652 1282 saneto
679 1253 799 1289 Spiritus
814 1254 902 1281 sancti
918 1253 1031 1288 largitor

240 1299 310 1326 luit:
327 1299 375 1326 sed
388 1307 450 1326 eum
465 1299 594 1327 omnibus
609 1300 642 1328 de
660 1307 710 1327 sua
726 1299 898 1335 plenitudine
916 1300 1030 1334 largitur

239 1343 325 1373 Filius
336 1346 368 1371 ".
389 1345 482 1380 Itaque
501 1353 556 1373 ιιοιι
576 1346 609 1373 ad
633 1354 790 1379 mensuram
808 1346 866 1377 dat.
895 1354 983 1380 neque
1001 1349 1030 1372 ut

240 1392 288 1423 illi,
300 1396 404 1426 partem
423 1392 571 1426 quamdam
589 1392 715 1427 exiguam
732 1393 855 1428 Spiritus
874 1392 965 1425 habet,
987 1392 1030 1419 id-

239 1444 291 1471 que
309 1444 357 1471 per
375 1437 615 1472 participationem
630 1447 636 1464 :
654 1438 702 1465 sed
723 1445 787 1464 cum
804 1438 841 1466 sit
862 1439 945 1464 etiam
973 1438 1030 1472 ipse

239 1483 365 1518 largitor,
385 1483 479 1518 utique
492 1483 668 1511 manifestum
682 1487 723 1512 est
738 1485 815 1511 illum
829 1489 916 1512 totum
929 1484 1030 1511 habere

240 1529 460 1557 substantialiter
479 1530 506 1557 in
531 1529 633 1565 seipsoi
657 1529 744 1565 Igitur
759 1530 805 1564 qui
824 1535 929 1557 tantam
948 1530 1031 1558 habet

1081 933 1205 967 δύναμιν,
1226 933 1394 968 προφητικὸν
1408 930 1484 966 αὐτῷ
1503 930 1626 966 περιθεὶς
1646 930 1677 956 τὸ
1694 929 1804 965 μέτρον,
1826 927 1881 954 ὣσ-

1081 988 1133 1015 περ
1151 977 1197 1006 οὖν
1213 978 1260 1006 καὶ
1277 978 1475 1014 ὁιελαλήσαμεν
1497 977 1608 1013 ἀρτίως.
1631 975 1771 1010 ’Δναφέρει
1787 975 1880 1001 τοίνυν

1080 1026 1160 1053 αὐτὸν
1176 1026 1225 1061 τῆς
1247 1025 1316 1061 πρὸς
1338 1024 1459 1056 ἐκείνους
1481 1024 1605 1058 ἰσότητος
1625 1022 1670 1049 διὰ
1693 1022 1807 1053 τούτων,
1831 1022 1880 1047 καὶ

1080 1072 1113 1099 δι’
1126 1072 1184 1104 ἐνὸς
1197 1071 1229 1106 δὴ
1244 1071 1338 1098 τούτου
1356 1070 1470 1105 σημείου
1485 1070 1576 1096 δίδωσι
1598 1069 1678 1099 νοεῖν,
1691 1067 1729 1099 ὡς
1747 1067 1833 1101 πολλὴ
1846 1066 1878 1100 δή

1080 1118 1121 1148 τις
1137 1118 1206 1149 ἐστι,
1224 1117 1324 1152 μᾶλλον
1341 1116 1367 1143 δὲ
1387 1115 1439 1151 ήδη
1463 1115 1509 1142 καὶ
1529 1114 1694 1150 ἀσύγκριτος
1714 1114 1730 1148 ὴ
1747 1112 1878 1147 διαφορά.

1087 1162 1238 1196 Ἀμήχανον
1256 1160 1320 1196 γὰρ,
1334 1161 1411 1196 φησὶ,
1435 1161 1499 1191 τοὺς
1518 1157 1725 1195 μεμετρημένον
1743 1157 1879 1191 λαχόντας

1080 1207 1110 1233 τὸ
1127 1207 1248 1241 Πνεῦμα,
1272 1207 1319 1233 καὶ
1335 1206 1422 1242 ἑτέρῳ
1444 1205 1575 1232 δύνασθαι
1600 1203 1680 1230 τοῦτο
1703 1201 1878 1238 χαρίζεσθαι·

1080 1253 1110 1279 οὐ
1130 1253 1183 1288 γὰρ
1205 1253 1281 1286 ἅγιος
1305 1252 1375 1288 ἁγίῳ
1399 1252 1465 1279 ποτε
1489 1250 1648 1286 [Ινεύματος
1677 1250 1754 1284 ἁγίου
1781 1248 1880 1282 γέγονε

1080 1299 1206 1334 χορηγός·
1231 1299 1344 1334 χορηγεῖ
1363 1298 1392 1325 δὲ
1413 1298 1496 1324 πᾶσιν
1507 1298 1521 1324 6
1538 1297 1612 1328 Υἱὸς,
1630 1296 1667 1327 ὡς
1681 1295 1710 1329 ἐξ
1729 1295 1794 1322 ἰδίου
1809 1295 1881 1330 πλη-

1082 1345 1216 1381 ρώματος.
1231 1344 1334 1371 Οὐκοῦν
1352 1345 1403 1370 οὐκ
1427 1345 1460 1370 ὲκ
1481 1343 1582 1378 μέτρου
1605 1343 1725 1373 δίδωσιν,
1742 1341 1803 1368 οὐδὲ
1822 1341 1879 1368 ὦσ-

1081 1400 1133 1426 περ
1146 1392 1253 1423 ἐκεῖνοι,
1269 1391 1369 1426 μικράν
1385 1399 1445 1417 τινα
1459 1391 1555 1425 μοῖραν
1571 1389 1626 1424 ἔχει
1641 1388 1688 1415 τοῦ
1705 1389 1878 1423 Πνεῦματος,

1081 1440 1126 1465 καὶ
1150 1437 1229 1464 τοῦτο
1256 1435 1452 1472 μεταληπτῶς’
1478 1436 1536 1462 ἀλλ’
1561 1435 1711 1470 ἐπειδήπερ
1733 1434 1879 1469 ἀνεδείχθη

1081 1484 1127 1510 καὶ
1143 1482 1271 1518 χορηγὸς,
1286 1482 1364 1517 δῆλος
1388 1481 1421 1508 ἂν
1443 1481 1487 1516 εἴη
1511 1481 1646 1516 δήπουθεν
1667 1480 1727 1507 ὅλον
1747 1481 1817 1514 ἔχων
1831 1481 1879 1506 οῦ-

1082 1529 1185 1560 σιωδῶς
1209 1530 1237 1555 ὲν
1260 1527 1358 1563 ἐαυτῷ.
1387 1527 1493 1554 Οὐκοῦν
1516 1529 1530 1554 ὁ
1553 1523 1686 1561 τοπαῦτην
1709 1526 1779 1562 ἔχων
1808 1526 1881 1561 πρὸς

239 1583 295 1609 νινε
309 1576 363 1603 illis
377 1576 579 1608 excellentiam,
595 1583 648 1603 non
665 1580 795 1611 tanquam
817 1584 888 1604 unus
917 1585 951 1604 ex
975 1577 1028 1605 illis

1082 1575 1201 1606 ἐκείνους
1216 1574 1264 1610 τὴν
1281 1573 1427 1609 ὑπεροχὴν,
1443 1573 1492 1608 οὐχ
1506 1573 1544 1604 ὡς
1560 1570 1602 1604 εἷς
1623 1573 1652 1605 ἐξ
1672 1573 1783 1599 ἐκείνων
1797 1572 1881 1606 λαλή-

240 1623 367 1656 loquetur
392 1629 453 1656 qua:
480 1621 526 1649 Dei
552 1628 626 1655 sunt,
646 1624 694 1650 sed
709 1627 738 1650 ut
755 1622 826 1650 Deus
843 1623 980 1651 exsistens
995 1631 1029 1651 ex

241 1667 306 1700 Deo,
329 1669 523 1696 convenientes
553 1668 608 1696 Deo
636 1677 778 1698 sermones
798 1669 930 1705 proferet.
954 1669 1030 1698 Nihil

240 1718 330 1741 autem
358 1719 458 1742 nostra
479 1715 613 1743 doctrinae
635 1715 734 1743 olliciet
755 1715 828 1750 quod
859 1723 907 1750 per
931 1723 1029 1742 manus

241 1760 425 1794 apostolorum
435 1760 528 1788 datum
539 1768 602 1788 esse
617 1761 758 1788 nonnullis
770 1760 902 1796 Spiritum
916 1761 1028 1796 quidam

239 1804 412 1832 existimant:
426 1805 544 1840 Spiritus
556 1806 629 1833 enim
642 1806 817 1834 invocatorcs
833 1806 925 1841 potius
944 1814 1026 1841 quam

241 1850 360 1886 Spiritus
384 1851 473 1878 sancti
501 1852 581 1887 17o
603 1852 749 1887 largitores
773 1852 848 1887 ipsos
865 1853 1026 1880 credimus:

240 1904 303 1924 nam
315 1900 342 1925 et
362 1897 458 1925 beatus
472 1898 530 1932 ipse
545 1897 652 1934 Moyses
673 1905 846 1933 nequaquam
858 1898 892 1924 de
907 1906 958 1925 suo
972 1898 1027 1932 spi-

239 1944 292 1970 ritu
309 1943 418 1970 aul'erre
432 1943 528 1978 jussus
546 1949 598 1975 est.
617 1943 663 1971 sed
682 1952 739 1972 sua:
762 1945 888 1980 potestati
910 1944 1029 1972 servavit

239 1988 313 2016 istud
337 1988 419 2021 Deus,
450 1990 496 2024 qui
526 1990 649 2024 praecipit
673 1990 783 2024 quidem
812 1991 902 2025 ipsum
928 1990 1029 2018 addere

239 2035 413 2071 septuaginta
430 2035 514 2069 viros,
531 2028 694 2070 promittens
706 2044 736 2064 se
747 2036 903 2064 ablaturum
918 2036 953 2063 de
966 2035 1028 2070 ejus

240 2083 347 2117 spiritu.
365 2085 392 2109 et
406 2082 598 2117 impositurum
612 2083 652 2110 eis
666 2083 698 2109 ⁸³.
712 2083 796 2110 Norat
814 2083 886 2110 enim
907 2082 954 2109 uni
973 2081 1028 2110 Deo

239 2132 394 2163 competere
425 2136 522 2156 comm
553 2128 742 2157 faciendorum
775 2132 936 2163 potestatem
967 2136 1028 2164 qua:

242 2174 325 2201 neum
340 2174 447 2203 decent.

566 2229 641 2258 CAP.
662 2230 706 2257 IV.

240 2287 316 2321 Quod
331 2296 380 2314 non
399 2296 443 2321 per
459 2288 687 2322 participationem
706 2287 758 2314 sint
776 2287 801 2313 in
820 2287 887 2313 Filio
905 2295 963 2321 qua!
981 2286 1027 2313 Dei

274 2331 306 2350 ac
325 2323 414 2350 Patris
432 2328 492 2350 sunt
508 2324 632 2357 propria,
649 2323 694 2350 sed
710 2322 933 2354 subslantialiter,
951 2327 976 2349 el
987 2331 1027 2349 se-

273 2358 387 2385 cundum
404 2364 538 2385 naturam.

273 2405 318 2436 lll,
339 2405 383 2432 55.
399 2405 479 2432 Pater
497 2405 582 2440 diligit
607 2404 723 2436 Filium,
744 2410 767 2431 ct
794 2405 884 2431 munia
907 2405 979 2432 dedit
1000 2405 1026 2432 in

239 2458 319 2477 manu
329 2450 397 2485 ejus.

274 2497 342 2523 Cum
361 2495 434 2523 enim
453 2495 554 2523 dixerit
581 2496 664 2523 Deum
696 2495 794 2523 Filium
823 2495 869 2531 qui
895 2504 926 2523 ex
949 2495 1029 2523 Patre

239 2542 342 2570 elfulsit
355 2549 409 2569 non
427 2549 508 2576 posse
525 2541 587 2569 aliis
599 2542 638 2569 uti
655 2543 746 2570 verbis
762 2550 844 2577 quam
858 2543 959 2577 quibus
974 2541 1026 2569 Pa-

239 2593 280 2615 tcr
303 2592 408 2619 utatur.
436 2588 509 2614 veris
536 2588 686 2615 nimirum:
712 2598 721 2614 ι
750 2588 836 2621 Quem
852 2589 924 2616 enim
954 2588 1028 2615 misit

239 2633 322 2664 Deus,
334 2633 416 2660 verba
432 2632 480 2660 Dei
492 2633 614 2668 loquitur
624 2634 656 2666 ⁸⁵,
678 2643 686 2658 ι
704 2634 807 2668 inquit;
827 2633 984 2662 necessario
998 2633 1024 2660 id

240 2679 330 2707 fusius
346 2679 470 2713 exponit,
488 2683 514 2706 et
531 2680 587 2707 ait:
624 2691 633 2706 ι
656 2681 736 2708 Pater
755 2681 845 2716 diligit
871 2681 983 2708 Filium.
1015 2690 1026 2705 ι

240 2723 300 2751 Non
318 2723 498 2756 olfendemus,
510 2725 607 2760 inquit.
620 2725 703 2753 Deum
719 2730 746 2753 et
762 2725 881 2757 Patrem,
901 2725 922 2752 si
935 2733 1029 2760 requa-

241 2770 292 2796 lcm
307 2768 366 2803 ejus
380 2768 449 2796 Filio
463 2771 592 2798 honorem
607 2771 788 2799 exhibeamus
804 2780 810 2798 :
832 2779 885 2797 non
905 2771 1026 2797 oll'emle-

241 2822 313 2847 mus,
325 2815 347 2842 si
367 2815 475 2848 Filium,
492 2816 539 2852 qui
555 2817 687 2845 bonorum
705 2817 793 2844 Patris
809 2817 1024 2845 substantialitcr

277 2903 299 2920 "
314 2901 390 2933 Joan.
408 2912 426 2938 ι,
446 2903 484 2932 ιο.
525 2906 547 2921 ⁸³
564 2903 643 2933 Nam.
661 2914 698 2937 xi,
721 2906 759 2932 l7.

801 2906 821 2919 "‘
840 2905 919 2933 .loan.
941 2914 979 2936 ιιι,
996 2906 1041 2935 ’.Ξ-ί.

1084 1630 1125 1648 σει
1144 1621 1179 1648 τὰ
1199 1621 1274 1656 παρὰ
1289 1620 1368 1651 Θεοῦ,
1388 1619 1445 1646 ἀλλ’
1465 1619 1503 1650 ὡς
1522 1619 1587 1650 Θεὸς
1602 1619 1730 1654 ὑπάρχων
1746 1619 1778 1644 ἐκ
1795 1618 1878 1651 Θεοῦ,

1083 1669 1145 1700 τοὺς
1161 1667 1220 1702 Θεῷ
1243 1669 1395 1703 πρέποντας
1419 1666 1594 1701 ἁνερεύξεται
1617 1665 1722 1700 λόγους.
1743 1665 1879 1692 Ἀντικεί-

1083 1724 1159 1742 σεται
1184 1715 1211 1741 δὲ
1235 1716 1290 1746 τοῖς
1318 1714 1473 1750 εἰρημένοις
1497 1714 1632 1749 οὐδαμῶς,
1656 1714 1685 1740 τὸ
1709 1714 1752 1740 διὰ
1777 1715 1881 1749 χειρῶν

1083 1760 1270 1788 ἀποστολικών
1281 1760 1400 1787 δεδόσθαι
1413 1760 1444 1786 τὸ
1456 1759 1569 1795 Πνεῦμα
1584 1768 1655 1786 τισιν
1668 1759 1774 1786 οἴεσθαί
1788 1769 1878 1792 τινας·

1083 1807 1355 1842 πνευματοκλήτορας
1369 1806 1433 1841 γὰρ,
1453 1806 1524 1841 ήπερ
1541 1805 1625 1837 ὅντως
1647 1806 1694 1832 τοῦ
1716 1806 1879 1840 Πνεῦματος

1083 1853 1216 1887 χορηγοὺς
1227 1852 1273 1879 τοῦ
1289 1853 1367 1886 ἁγίου
1383 1850 1452 1878 εἶναι
1467 1851 1663 1888 πιστεύσομεν·
1678 1852 1738 1879 ἐπεὶ
1752 1853 1799 1879 καὶ
1815 1853 1880 1879 Μω-

1083 1901 1133 1935 σῆς
1149 1901 1162 1926 6
1180 1899 1325 1935 μακάριος,
1345 1899 1394 1925 οὐκ
1418 1898 1499 1930 αὐτὸς
1523 1898 1632 1933 ἀφελεῖν
1652 1899 1706 1926 ἀπὸ
1727 1898 1774 1925 τοῦ
1799 1899 1878 1930 liv—to;

1083 1946 1125 1972 ἐπ’
1140 1946 1215 1981 αὑτῷ
1230 1945 1383 1980 πνεύματος
1400 1945 1607 1980 προσετάττετο,
1621 1945 1689 1980 μόνῃ
1710 1945 1738 1971 δὲ
1762 1946 1796 1980 τῇ
1824 1945 1878 1980 ἰδίᾳ

1082 1993 1232 2028 τετήρηκεν
1244 1992 1353 2026 ἐξουσίᾳ
1369 1992 1415 2018 καὶ
1431 1991 1509 2018 τοῦτο
1521 1991 1597 2022 Θεὸς,
1614 1990 1710 2027 χρῆναι
1731 1991 1781 2026 μὲν
1794 1991 1878 2017 αὑτὸν

1083 2038 1282 2074 προσῦαλέσθαι
1307 2039 1369 2070 τοὺς
1390 2038 1575 2074 ἐϐδομήκοντα
1592 2038 1693 2072 λέγων,
1717 2038 1829 2071 ἀφελεῖν
1848 2037 1878 2064 δὲ

1082 2083 1135 2110 ἀπὸ
1147 2083 1193 2110 τοῦ
1214 2083 1368 2118 πνεύματός
1383 2082 1431 2109 τοῦ
1446 2084 1488 2109 ἐπ’
1503 2083 1587 2118 αὐτῷ,
1606 2083 1652 2109 καὶ
1673 2083 1814 2118 ἐπιθήσειν
1832 2082 1876 2108 ἐπ’

1082 2129 1173 2160 αὐτοῖς
1190 2127 1413 2163 ὑπισχνούμενος.
1429 2129 1507 2164 ⁸ᾘδει
1520 2128 1575 2163 γὰρ
1592 2128 1664 2163 μόνῳ
1681 2127 1797 2162 πρέπειν
1813 2128 1876 2153 ἐπι-

1082 2174 1167 2202 τελεῖν
1182 2174 1221 2209 τῷ
1237 2174 1297 2209 Θεῷ
1313 2174 1347 2200 τὰ
1366 2174 1517 2209 θεοπρεπῆ.

1389 2231 1514 2258 ΚΕΦΛΛ.
1532 2232 1568 2258 Δ’.

1084 2289 1141 2314 ’Ὁτι
1159 2288 1194 2314 οὐ
1211 2287 1407 2322 μεταιίηπτῶς
1424 2288 1458 2314 ἐν
1471 2288 1524 2320 ΥΙῷ
1538 2289 1573 2314 τὰ
1593 2288 1642 2314 τοῦ
1659 2288 1733 2314 Θεοῦ
1751 2287 1799 2314 καὶ
1815 2290 1876 2315 Πα-

1167 2332 1194 2356 t;
1202 2323 1235 2355 ὸς
1249 2323 1319 2354 Ῐδια,
1338 2323 1407 2350 ἀλλ’
1420 2322 1573 2356 οὐσιωδῶς
1591 2324 1666 2350 κατὰ
1683 2323 1787 2357 φύσιν.

1122 2370 1149 2396 '0
1166 2369 1267 2404 Πατὴρ
1282 2368 1383 2404 ἀγαπᾷ
1397 2369 1451 2396 τὸν
1469 2369 1547 2402 Υὶύν,
1565 2369 1615 2396 καὶ
1631 2369 1728 2396 πάντα
1743 2369 1877 2396 δέδωκεν

1078 2405 1113 2431 ἐν
1125 2405 1161 2439 τῇ
1178 2407 1251 2439 χειρὶ
1265 2405 1369 2432 αὐτοῦ.

1114 2451 1223 2486 Ἐπειδὴ
1239 2451 1292 2486 γὰρ
1306 2450 1427 2485 εἴρηκεν,
1449 2451 1485 2482 ὡς
1511 2451 1543 2477 ἐκ
1567 2450 1634 2477 Θεοῦ
1652 2451 1793 2485 πεφηνότα
1808 2451 1875 2477 Θεὸν

1077 2497 1122 2524 τὸν
1138 2497 1200 2523 Υἱὸν
1216 2496 1252 2532 μὴ
1275 2495 1378 2531 ἑτέροις
1391 2495 1520 2522 δύνασθαι
1534 2496 1652 2530 χρῆσθαι
1669 2495 1770 2529 λόγοις,
1787 2496 1803 2531 ἦ
1822 2494 1875 2522 οἷσι

1077 2551 1130 2578 περ
1145 2542 1178 2569 ἂν
1194 2542 1326 2577 χρήσαιτο
1349 2542 1396 2568 καὶ
1414 2543 1428 2568 ὁ
1446 2542 1580 2576 γεννήσας
1594 2541 1684 2572 αὑτὸν,
1702 2540 1817 2576 ἀληθέσι
1831 2542 1876 2576 δη-

1080 2588 1146 2623 λαδὴ
1164 2588 1193 2623 (ι
1214 2589 1262 2613 Ὃν
1277 2586 1331 2622 γὰρ
1342 2586 1501 2614 ἀπέστειλεν
1521 2588 1535 2614 6
1557 2587 1634 2618 Θεὸς,
1653 2587 1688 2613 τὰ
1703 2588 1814 2622 ῥήματα
1828 2587 1874 2614 τοῦ

1080 2633 1148 2661 Θεοῦ
1160 2633 1245 2665 λαλεῖ,
1262 2642 1270 2658 ι
1288 2632 1397 2668 φησίν)·
1412 2633 1568 2667 ἀναγκαίως
1587 2632 1632 2660 διὰ
1655 2633 1708 2659 τῶν
1727 2634 1875 2668 προκειμέ-

1081 2689 1132 2707 νων
1157 2679 1378 2715 ὲπεξεργάζεται,
1405 2679 1451 2705 καί
1473 2687 1565 2714 φησιν⁸
1584 2688 1593 2704 ι
1613 2679 1642 2705 ’0
1661 2678 1756 2714 Πατὴρ
1778 2679 1875 2713 ἀγαπᾷ

1080 2728 1125 2754 τὸν
1140 2727 1214 2754 Υίόν.
1228 2737 1236 2752 ι
1253 2727 1311 2753 υὺκ
1330 2727 1488 2761 ἀνιάσομεν,
1505 2726 1584 2761 φησί,
1604 2725 1650 2753 τὸν
1669 2725 1736 2752 Θεὸν
1752 2726 1801 2752 καὶ
1819 2726 1874 2752 Πα-

1082 2774 1157 2810 τέρα,
1173 2773 1222 2808 τὴν
1238 2774 1298 2808 ἴσην
1317 2772 1355 2807 τῷ
1369 2772 1399 2804 ἐξ
1413 2772 1494 2799 αὐτοῦ
1514 2772 1671 2806 γεννηθέντι
1687 2771 1873 2806 περιτιθέντες

1080 2822 1171 2855 τιμήνσ
1184 2819 1213 2847 οὑ
1230 2818 1453 2854 προσκρούσομεν
1470 2819 1501 2853 τῇ
1515 2818 1662 2853 θεοπρεπεῖ
1678 2817 1875 2852 στεφανοῦντες
