2028 3118
107 193 154 220 ⁸381

645 202 678 229 l.\‘
700 202 1080 237 JOANNISEVANGELIUM
1098 210 1160 239 LIB.
1183 213 1215 241 11.

1695 221 1748 249 282

107 251 169 286 δόξῃ
186 251 234 278 τὸν
257 254 312 280 τῶν
331 254 377 281 τοῦ
402 255 508 290 Ποιτρὺς
527 257 638 290 ἀγαθῶν
663 260 801 294 οὐσιωδῶς
815 263 898 299 κληρο

107 298 199 312 ,τλημη
221 309 228 312 .
256 300 363 312 ‘l..__:2
379 302 429 312 αι.
454 301 476 312 ,1
514 303 560 312 νυ
632 306 663 312 ι..
706 307 717 311 -
758 308 764 312 .
831 309 838 312 .

961 273 1003 294 est
1014 268 1205 301 haeres,diviua
1214 271 1300 306 glut‘la
1309 278 1490 302 coronamus:
1502 286 1510 301 ι
1526 275 1617 312 Diligit
1624 277 1695 304 enim
1703 276 1749 304 Fi-

107 298 199 332 νόμον·
219 309 228 324 ι
256 300 364 336 Ἀγαπᾷ
378 302 431 336 γὰρ
451 301 496 328 τὸν
514 303 586 330 Υἱόν.
603 314 612 329 ι
630 306 735 333 Οὐκοῦν
756 298 907 345 ἐφησθήσε-

107 352 150 370 ται
166 345 220 392 μὲν
229 345 402 392 δοξαζομένῳ
421 349 474 384 πρὸ
495 349 551 384 [ΊῬ.
568 351 647 388 πρὸς]
666 353 755 388 ἡμῶν,
772 355 907 392 βαρυνθή-

108 398 184 416 σεται
199 390 229 417 δὲ
246 391 316 426 πρὸς
327 391 357 418 τὸ
374 393 495 420 ἐναντίην
506 403 512 409 ⁸
533 395 580 422 καὶ
595 398 675 432 μήτις
690 399 796 431 οἰέσθω,
813 390 905 436 φησὶν,

106 436 143 467 ὡς
157 437 219 469 ἑνὸς
233 438 265 474 δὴ
280 438 376 465 τούτου
400 441 448 467 καὶ
468 441 548 476 μόνου
569 443 736 480 θεοπρεποῦς
751 447 907 483 ἀξιώματος

107 482 278 518 κληρονόμον
298 485 354 520 ἔχει
377 486 423 512 τὸν
447 486 511 514 ῑδιον
530 488 602 516 Υἱόν.
617 500 626 516 ι
644 491 736 519 Πάντα
759 493 814 529 γὰρ
823 482 907 522 δέδω-

108 537 155 555 κεν
176 531 205 556 ἐν
227 532 260 566 τῇ
286 533 358 567 χειρὶ
378 533 474 560 αὑτοῦ·
494 544 504 561 ι
521 536 594 562 τοῦτ’
612 537 669 564 ἐστι
693 539 821 576 σύμπαν,
844 542 906 569 ὅσον

107 576 183 602 ἐπὶν
213 577 352 610 οὺαιωδῶς
379 580 480 614 ἀγαθὸν
507 582 537 608 ὲν
563 584 668 620 Πατρὶ,
689 586 768 613 τοῦτο
797 588 905 621 πάντως

107 622 184 648 ἐστὶν
203 623 234 650 ἐν
260 624 372 660 δυνάμει
402 627 448 653 τοῦ
473 627 549 656 Υἰοῦ.
575 630 662 666 Χεῖρα
682 631 736 668 γὰρ
752 634 782 659 ὲν
801 634 906 667 τούτοις

107 669 242 716 ὀνομάζει
258 670 309 706 τὴν
324 672 450 708 δύναμιν,
466 673 558 711 ὥσπερ
572 676 636 704 ὅταν
650 677 684 704 δι’
700 678 759 710 ἑνός
772 688 824 706 που
838 689 905 716 προ-

109 715 196 748 φήτου
211 715 292 753 λέγῃ·
309 728 317 743 ι
337 719 369 745 'H
383 720 443 755 χείρ
461 730 513 756 μου
525 723 675 758 ὲστερὲωσε
691 725 737 751 τὸν
750 715 873 761 οὐρανὸν,
892 737 900 753 t

107 761 168 807 αντὶ
180 761 228 807 τοῦ
245 764 261 797 ἡ
277 763 402 800 δύναμις.
420 767 499 802 Ἔχει
511 768 539 794 δὲ
551 769 662 804 σύμπαν
673 771 702 798 ὲν
716 772 805 807 ἑαυτῷ
814 773 843 799 τὸ
856 774 903 800 τοῦ

108 805 215 841 Ιιατρὸς
241 807 316 840 ἴδιον,
329 810 358 836 οὺ
378 811 569 847 μεταληπτῶς,
589 815 613 840 εἰ
635 815 682 841 καὶ
699 805 842 844 δεδωκέναι
857 817 901 844 λέ-

107 860 186 885 γεται
205 854 220 879 ὁ
243 854 352 891 Πατὴρ¹
414 858 468 893 γὰρ
494 859 527 885 ἂν
549 860 695 896 ἐπίκτητον
717 862 783 898 ἔχοι,
803 865 849 891 καὶ
870 865 901 891 οὺ

106 899 225 946 ιρ-υσικὴν
238 901 287 936 τὴν
304 901 429 938 θεότητα)
442 912 448 918 “
469 904 560 932 δίδωσι
575 906 603 933 δὲ
613 907 709 940 ιοῦτως
726 909 741 934 ό
753 910 848 946 Πατὴρ
863 911 901 946 τῷ

960 313 1039 341 lium.
1047 324 1055 340 I
1070 315 1155 348 Igitur
1164 316 1346 345 oblectabitur
1354 326 1416 347 cum
1427 328 1442 347 a
1450 321 1530 349 nobis
1543 322 1588 349 ille
1596 323 1709 357 gloriam
1720 328 1748 351 ct

960 360 1066 389 laudem
1079 362 1213 397 accipiet;
1230 370 1311 391 secus
1327 372 1402 398 vero,
1416 366 1578 394 olIendetur.
1592 367 1625 396 Et
1638 377 1672 396 ne
1684 369 1748 404 quis

959 407 1119 440 arbitretur,
1135 409 1234 444 inquit,
1257 409 1356 437 Filium
1373 410 1448 438 Patri
1470 419 1532 439 esse
1557 415 1636 448 quasi
1665 415 1748 443 unius

958 454 1044 490 hujus
1058 462 1090 482 ac
1106 455 1193 484 solius
1211 456 1311 483 divina:
1326 457 1470 491 dignitatis
1487 458 1631 486 han-edem.
1653 470 1661 486 ι
1680 460 1747 488 0m-

957 501 1003 528 nia
1015 501 1087 529 enim
1102 502 1177 529 dedit
1199 501 1226 529 in
1242 510 1325 529 manu
1342 503 1414 538 ejus,
1441 513 1450 528 ι
1470 503 1522 531 hoc
1538 509 1590 538 est,
1614 506 1747 541 quidquid

958 547 1025 575 boni
1041 551 1083 576 est
1099 548 1126 575 in
1140 547 1224 575 Patre
1238 548 1470 581 substantialiter,
1485 550 1538 577 hoc
1554 551 1648 585 utique
1662 556 1704 579 est
1720 552 1748 579 in

957 598 1094 628 potestate
1109 593 1181 621 Filii.
1193 594 1301 622 Manum
1311 595 1412 622 etenim
1426 595 1470 623 hic
1482 600 1645 630 potestatem
1656 602 1746 631 vocat,

957 645 986 667 ut
1000 648 1062 667 cum
1077 649 1126 675 per
1142 649 1226 668 unum
1248 641 1408 676 prophetam
1424 641 1463 668 ait
1482 642 1602 670 alicubi:
1622 652 1631 668 ί
1651 642 1747 670 Manus

955 693 1016 713 mea
1032 686 1152 714 ﬁrmavit
1165 687 1265 714 coelum
1277 687 1311 719 ⁸⁵,
1332 696 1340 712 ι
1355 687 1383 715 id
1401 691 1452 719 est,
1470 687 1557 716 virtus
1573 695 1643 715 mea.
1662 688 1747 716 Habet

956 736 1048 759 autem
1065 731 1153 760 Filius
1171 734 1198 760 in
1225 733 1316 768 seipso
1341 734 1474 768 quidquid
1497 737 1541 762 est
1570 734 1660 762 Patris
1680 743 1746 769 pro-

954 778 1055 812 prium,
1084 786 1138 805 non
1164 786 1212 813 per
1234 779 1483 814 participationem,
1515 781 1623 806 tametsi
1657 780 1740 807 Pater

954 823 1064 850 dedisse
1086 831 1196 858 quoque
1217 824 1318 851 dicitur
1345 825 1467 859 (alioqui
1497 825 1569 852 enim
1597 825 1744 852 ascititiam

954 869 1077 901 haberet,
1094 877 1149 896 non
1164 874 1255 897 autem
1274 870 1426 897 naturalem
1451 870 1621 905 deitatem);
1642 872 1688 898 sed
1708 871 1744 898 ita

954 913 1047 940 omnia
1067 920 1116 940 sua
1137 913 1183 941 dat
1203 913 1272 941 Filio
1296 913 1389 947 Pater,
1413 915 1644 950 quemadmodum
1661 915 1743 942 etiam

107 943 163 997 1Ϋῷ
180 945 270 972 πάντα
285 947 319 974 τὰ
341 948 449 981 ἑαυτοῦ,
467 950 622 986 ὡσπερανεὶ
643 954 690 980 καὶ
706 942 849 991 ἄνθρωπός
862 942 898 992 τῷ

954 960 1036 987 homo
1051 961 1145 995 genito
1157 968 1189 987 ex
1205 968 1234 988 se
1252 961 1308 988 tilio
1326 942 1447 988 tribucre
1461 965 1590 988 censetur
1608 961 1743 997 quidquid

105 990 135 1024 ἐξ
148 992 231 1018 αὐτοῦ
246 993 325 1028 φῦντι
338 995 414 1023 παιδὶ
434 996 533 1024 διδόναι
552 1000 637 1026 νοοῖτο
653 1000 687 1027 τὰ
701 1001 751 1036 τῆς
761 990 902 1038 ιὶνθρωττόζ

103 1045 184 1072 τητος
210 1038 263 1066 ἴδια
291 1040 307 1075 ἢ
330 1040 487 1077 ὡσπερανεὶ
511 1044 558 1071 καὶ
582 1045 612 1072 τὸ
635 1046 691 1082 πῦρ
709 1049 742 1083 τῇ
762 1048 792 1081 ἐξ
818 1050 900 1076 αὑτοῦ

103 1084 164 1129 κατ’
178 1084 320 1120 ἐνέργειαν
343 1087 475 1124 προῖούσῃ
501 1089 648 1127 θερμότητι
673 1092 771 1120 διδόναι
795 1095 900 1129 λέγοιτο

101 1128 152 1163 τῆς
169 1129 237 1162 ἰδίας
257 1131 363 1165 φύσεως
387 1134 417 1160 τὸ
439 1134 546 1171 ἰδίωμα.
566 1137 609 1163 Ἐν
633 1138 662 1165 δὲ
679 1140 736 1171 τοῖς
758 1128 898 1174 τοιούτοις,

102 1174 149 1201 καὶ
160 1175 194 1223 τὸ
211 1180 361 1214 παρασχεῖν
383 1181 441 1211 τοῖς
462 1182 628 1218 παρέχουσιν
643 1184 758 1220 ἀζήμιον
772 1195 778 1201 ·
791 1187 821 1213 οὺ
845 1188 900 1223 γὰρ

102 1221 174 1248 κατὰ
194 1224 328 1258 μερισμὸν
352 1225 368 1260 ἢ
390 1226 534 1263 ἀποκοπὴν
557 1228 612 1256 τῶν
637 1231 804 1267 παρέχεσθαι
825 1221 898 1260 νόου)

102 1267 222 1303 μένωνὴ
240 1270 316 1302 ὁδός⁴
345 1273 390 1298 καὶ
415 1273 481 1300 αὐτὸ
504 1274 533 1301 δὲ
560 1275 591 1302 τὸ
612 1276 686 1310 δόξαι
709 1277 818 1312 λαϐεῖν,
842 1281 899 1312 τοῖς

101 1313 233 1342 λαὸοὖσιν
251 1317 469 1354 ἀκατηγόρητον.
484 1320 534 1347 Διὰ
553 1321 608 1358 γὰρ
624 1322 704 1357 μόνον
717 1325 747 1351 τὸ
762 1324 797 1357 ἐξ
813 1323 849 1353 οὗ
864 1327 898 1354 τὰ

100 1360 215 1388 τοιαῦτα
237 1362 355 1397 λέγεται,
376 1365 423 1391 καὶ
449 1367 551 1403 φυσική
572 1377 625 1402 τις,
651 1369 684 1395 ἵν’
709 1370 797 1403 οὕτως
816 1371 896 1404 εἴπω,

100 1406 213 1442 ποιότης
236 1408 290 1435 τῶν
310 1410 466 1444 γεννώντων
488 1415 587 1440 νοεῖται
613 1415 647 1442 τὰ
673 1416 843 1452 γεννώμενα,
867 1419 898 1445 τὸ

100 1453 126 1478 τί
140 1453 200 1480 ἐστι
215 1456 276 1482 κατ’
289 1456 383 1484 οὐσίαν
401 1458 432 1484 τὸ
444 1459 546 1493 γεννῶν
560 1461 733 1496 ὲκφαίνοντα,
749 1464 795 1491 καὶ
812 1474 896 1492 κατα-

100 1498 296 1534 λαμπρύνοντα
306 1502 357 1538 τῆς
372 1503 475 1536 οἰκείας
488 1505 579 1541 πηγῆς
598 1506 648 1542 τὴν
672 1508 741 1535 κατὰ
762 1510 844 1544 φύσιν
856 1512 897 1537 ὲν-

101 1545 224 1581 ἐργειαν.
238 1548 293 1574 Καὶ
306 1549 392 1576 ταῦτα
405 1551 455 1585 μὲν
473 1551 565 1584 πάλιν,
582 1553 621 1585 ὡς
641 1554 687 1580 ἐπὶ
711 1556 896 1593 παραδειγμά-

99 1600 165 1623 των,
179 1593 307 1629 ἀνωτέρω
322 1594 349 1621 δὲ
365 1595 467 1623 τούτων
483 1597 602 1633 δηλονότι
618 1599 694 1633 Θεός,
705 1602 755 1628 Διά
765 1611 805 1629 τοι
817 1603 896 1631 τοῦτο

99 1638 131 1664 τὸ
151 1639 334 1685 ανθρὼπινον,
353 1641 518 1670 ἀσθενοῦντα
538 1644 617 1679 λόγον
632 1647 682 1673 οὐκ
702 1648 891 1685 αἰτιασόμεθα.

102 1692 111 1708 α
133 1684 212 1732 Δόξαγ
225 1685 280 1722 γὰρ
300 1687 402 1722 Κυρίου
427 1689 544 1724 κρύπτει
570 1691 659 1726 λόγον,
677 1703 686 1719 ι
708 1694 778 1722 καθὰ
796 1695 894 1732 γέγρα-

99 1738 178 1757 πται.
192 1731 247 1758 Καὶ
261 1732 286 1758 εί
306 1732 441 1769 βλέπομεν
452 1735 485 1762 δι’
499 1736 633 1773 ἐσόπτρου
657 1739 705 1765 καὶ
720 1731 892 1776 αἰνίγματος,

100 1777 145 1802 καὶ
161 1777 276 1812 νοοῦμεν
291 1779 322 1805 ἐκ
339 1780 448 1815 μέρους,
465 1781 523 1814 πῶς
536 1783 569 1810 ἂν
591 1784 651 1819 οὐχὶ
676 1785 765 1822 πολλῷ
783 1787 815 1823 δὴ
833 1796 893 1822 μει-

100 1823 187 1854 ζόνως
202 1825 260 1855 τοῖς
271 1824 315 1851 διὰ
325 1825 448 1861 γλώττης
465 1828 592 1863 ἁτονήται
598 1838 649 1864 μεν
666 1831 803 1866 ρήμασιν;
821 1833 894 1869 Νοή-

99 1876 156 1900 σεις
170 1870 314 1905 τοιγαροῦν
330 1871 460 1905 εὐσεῦῶς,
486 1873 502 1909 ἢ
528 1876 597 1902 κατὰ
616 1876 710 1903 τοῦτον
733 1879 778 1905 τὸν
792 1879 893 1914 τρόπον

98 1915 128 1941 τὸ
145 1916 236 1942 πάντα
250 1917 372 1944 δεδόσθαι
397 1921 472 1955 παρὰ
494 1921 600 1958 Πατρὸς
625 1924 664 1959 τῷ
685 1924 785 1960 Υἰῷ·ῆ
809 1934 894 1960 παραο

98 1961 174 1997 λήψῃ
190 1962 271 1989 πάλιν
284 1963 334 1999 τῆς
351 1966 420 1999 μετὰ
444 1968 542 2003 σαρκὸς
565 1969 721 2006 οἰκονομίας
736 1971 781 1998 τὸν
804 1972 892 2006 λόγον,

98 2007 192 2035 οὐκέτι
220 2009 251 2035 τὸ
275 2010 387 2044 δοῦναι,
410 2014 457 2039 καὶ
482 2014 590 2048 λαϐεῖν,
617 2016 663 2043 ἐπὶ
688 2017 743 2043 τῶν
770 2018 893 2053 φυσικῶν

953 1006 1096 1041 proprium
1108 1010 1150 1033 est
1165 1010 1271 1033 naturae
1289 1006 1430 1039 humanae,
1445 1010 1493 1033 aut
1520 1007 1593 1034 sicut
1614 1007 1685 1041 ignis
1697 1014 1743 1033 co-

952 1051 1003 1078 lori
1019 1058 1052 1079 ex
1066 1058 1096 1078 se
1114 1055 1178 1078 actu
1195 1052 1354 1086 procedenti
1371 1059 1403 1079 ea
1416 1059 1477 1087 qua:
1493 1055 1597 1079 naturae
1609 1059 1664 1080 sua:
1679 1060 1743 1086 pro-

951 1098 1011 1132 pria
1026 1101 1091 1125 sunt
1107 1097 1228 1125 tribuere
1239 1097 1350 1126 dicitur.
1364 1098 1393 1125 In
1410 1098 1454 1126 his
1465 1103 1567 1132 autem,
1585 1099 1654 1126 dare
1665 1098 1741 1125 danti

951 1144 1019 1171 nihil
1033 1145 1129 1172 obest:
1149 1152 1200 1172 nec
1220 1145 1293 1172 enim
1317 1144 1482 1172 divisionem
1513 1149 1560 1172 aut
1585 1142 1736 1172 sectionem

951 1191 997 1218 hic
1013 1192 1157 1226 patiuntur
1171 1200 1204 1219 ea
1222 1200 1283 1227 qua:
1301 1193 1458 1224 traduntur,
1478 1196 1505 1219 et
1524 1191 1598 1226 quod
1617 1191 1741 1226 accipere

950 1237 1071 1269 videtur,
1088 1238 1289 1273 accipientibus
1306 1237 1434 1265 dedecori
1461 1237 1529 1265 verti
1549 1237 1654 1272 nequit.
1679 1237 1741 1264 Haec

950 1284 1022 1312 enim
1039 1284 1108 1311 nihil
1123 1284 1197 1311 aliud
1214 1291 1296 1318 quam
1313 1291 1345 1311 ex
1361 1283 1438 1318 171
1457 1291 1512 1317 quo
1535 1283 1700 1318 signiﬁcant,
1715 1288 1741 1310 et

949 1329 1096 1361 naturalis,
1114 1332 1145 1356 ut
1161 1329 1200 1356 ita
1216 1328 1317 1360 dicam,
1334 1329 1525 1364 generantium
1542 1328 1661 1362 qualitas
1674 1335 1740 1354 cen-

948 1379 1045 1404 sentur
1060 1381 1123 1402 esse
1140 1381 1172 1401 ea
1188 1381 1249 1408 quae
1260 1373 1423 1409 gignuntur,
1440 1380 1502 1400 cum
1520 1373 1660 1408 explicent
1674 1371 1739 1407 quid

949 1423 1099 1450 secundum
1112 1423 1298 1450 substantiam
1311 1422 1346 1450 sit
1358 1422 1385 1449 id
1398 1411 1472 1457 quod
1497 1421 1631 1457 gignitur,
1652 1425 1679 1448 et
1696 1420 1738 1447 sui

950 1468 1033 1496 fontis
1045 1469 1200 1496 naturalem
1213 1468 1401 1504 operationem
1417 1468 1564 1495 illustrem.
1579 1467 1667 1502 Atque
1681 1467 1739 1493 haec

948 1514 1030 1542 ducta
1046 1515 1157 1550 quidem
1181 1515 1216 1543 ab
1240 1514 1373 1549 exemplis
1400 1513 1601 1541 similitudine:
1629 1513 1677 1541 sed
1694 1512 1738 1541 his

947 1561 1038 1596 major
1050 1565 1094 1588 est
1117 1560 1191 1588 Deus
1207 1561 1322 1588 scilicet.
1340 1560 1396 1588 Nec
1425 1560 1527 1588 idcirco
1553 1559 1667 1587 rationis
1686 1559 1739 1586 hu-

909 1618 931 1647 c
948 1615 1037 1634 mana:
1061 1606 1219 1635 accusanda
1248 1612 1291 1635 est
1307 1607 1483 1634 imbecillitas
1499 1616 1505 1633 ε
1525 1616 1533 1632 ‹
1554 1606 1647 1633 Gloria
1665 1605 1736 1632 enim

948 1653 1057 1681 Domini
1074 1653 1145 1681 celat
1163 1653 1288 1686 verbum,
1319 1662 1328 1679 ι
1351 1657 1382 1680 ιιι
1410 1653 1542 1688 scriptum
1558 1653 1643 1680 est".
1660 1651 1738 1684 Quod

947 1700 972 1728 si
991 1707 1039 1735 per
1061 1699 1203 1734 speculqu
1220 1698 1347 1726 videmus
1363 1703 1391 1726 et
1403 1698 1529 1733 aenigma,
1548 1701 1576 1724 et
1594 1695 1738 1732 cognosci-

947 1753 1008 1773 mus
1024 1753 1057 1772 ex
1071 1749 1158 1780 parte,
1173 1741 1312 1780 quomodo
1327 1751 1380 1771 non
1396 1743 1482 1771 multo
1494 1742 1581 1778 magis
1597 1749 1646 1770 nos
1656 1741 1737 1769 verba

947 1791 1096 1819 deﬁcient?
1112 1792 1166 1818 Aut
1181 1791 1265 1827 igitur
1284 1790 1328 1825 pie
1339 1790 1475 1825 intelliges
1490 1789 1542 1816 hac
1554 1789 1662 1816 ratione
1675 1787 1737 1814 data

946 1844 1008 1865 esse
1025 1845 1040 1864 a
1057 1836 1138 1864 Patre
1153 1840 1253 1863 cuncta
1274 1835 1344 1862 Filio
1367 1844 1374 1862 :
1396 1838 1443 1862 aut
1459 1834 1492 1861 ad
1519 1833 1737 1861 incarnationem

947 1883 1021 1911 istud
1035 1881 1149 1915 referes,
1165 1882 1203 1908 ita
1219 1885 1319 1920 ut'non
1344 1879 1401 1914 jam
1419 1879 1494 1910 dare,
1518 1883 1544 1904 et
1561 1877 1686 1910 accipere,
1705 1875 1738 1902 de

948 1929 1122 1957 naturalibus
1156 1927 1373 1963 proprietatibus
1404 1925 1596 1959 intelligatur,
1623 1922 1670 1950 sed
1703 1921 1738 1948 de

947 1983 1054 2003 summa
1073 1975 1120 2002 illa
1139 1974 1201 2001 Filii
1214 1981 1298 2009 supra
1315 1977 1458 2000 creaturas
1470 1977 1567 1998 omnes
1576 1967 1736 2001 eminentia,

948 2025 978 2047 ut
994 2027 1103 2047 rursum
1119 2019 1224 2054 aliquid
1238 2017 1395 2046 istiusmodi
1410 2021 1500 2044 mente
1515 2015 1619 2050 capias.

100 2056 254 2091 ἰδιωμάτων
267 2057 436 2093 εἰσφέροντα,
449 2060 507 2087 ἀλλ’
517 2062 564 2088 ἐπὶ.
577 2063 610 2098 τῇ
627 2063 697 2090 κατὰ
715 2065 824 2092 πάντων
836 2066 890 2092 τῶν
908 2066 1030 2102 γενητῶν
1045 2066 1154 2101 ἐξουσίᾳ
1167 2065 1277 2092 τιθέντα
1288 2064 1334 2091 τὸν
1346 2063 1421 2096 Υἱὺν,
1439 2063 1483 2089 ἵνα
1504 2061 1584 2089 πάλιν
1616 2060 1680 2095 νοῇς
1709 2059 1740 2086 τὸ

97 2111 230 2129 τοιουτου.

140 2149 168 2175 '0
183 2149 285 2184 Πατὴρ
303 2151 403 2185 ἀγαπᾲ
421 2153 474 2180 τὸν
491 2154 569 2187 Υίὸν,
586 2155 634 2183 καὶ
652 2156 748 2184 πάντα
763 2157 893 2186 δέδωκεν

97 2194 133 2221 ἐν
151 2194 189 2228 τῇ
203 2196 277 2229 χειρὶ
292 2197 395 2226 αὐτοῦ.

133 2241 181 2276 Μὴ
196 2242 432 2275 ἀπαυθαδιζέσθω,
445 2245 538 2280 φησὶν,
555 2247 569 2271 ὁ
590 2247 729 2283 δυσὴκοος,
751 2249 893 2286 ἄνθρωπον

99 2287 172 2322 ὀρῶν
189 2287 235 2314 τὸν
249 2287 375 2315 ἁπάντων
396 2290 489 2325 κύριον
499 2311 505 2323 ,
522 2291 590 2326 μηδὲ
603 2292 736 2328 νομιζέτω
748 2294 893 2328 ψεύδεσθαι

98 2333 149 2369 τὴν
164 2333 306 2369 ἀλήθειαν,
327 2334 358 2361 τὺ
381 2337 479 2372 χρῆναι
496 2337 633 2366 πιστεύειν
654 2340 692 2371 ὡς
708 2340 768 2376 Θεῴ
784 2341 827 2367 διὰ
844 2341 893 2377 τὴν

100 2379 192 2414 σάρκα
201 2379 425 2416 παραιτούμενος.
440 2383 564 2417 Δεχέσθω
576 2385 625 2419 τὴν
640 2386 791 2421 μαρτυρίαν
801 2387 894 2420 αὐτοῦ,

101 2426 349 2461 κατασφραγιζέτω
374 2427 403 2454 δὲ
430 2428 587 2464 προθύμως,
603 2430 644 2456 ὅτι
668 2432 681 2457 ό
707 2431 773 2463 Θεὸς
792 2432 895 2468 ἀληθής

99 2471 186 2504 ἐστιν,
204 2471 248 2498 ἵνα
270 2472 307 2507 μὴ
335 2473 406 2509 λυπῇ
428 2474 474 2500 τὸν
496 2475 524 2500 ἐν
547 2476 603 2507 τοῖς
626 2476 750 2511 οὐρανοῖς
776 2478 894 2514 Πατέρα.

106 2517 217 2553 Ἀγαπᾷ
236 2518 293 2553 γὰρ
313 2518 358 2545 τὸν
383 2519 446 2547 ἴδιον
468 2521 547 2548 Υἱόν·
574 2522 710 2555 ἀπόδειξις
733 2524 761 2550 δὲ
788 2524 836 2560 τῆς
856 2525 896 2556 εἰς

100 2564 183 2591 αὐτὸν
202 2564 324 2601 ἀγάπης,
344 2566 376 2593 τὸ
397 2567 505 2595 πάντων
526 2568 600 2605 αὑτῷ
622 2569 738 2597 δίδοσθαι
754 2571 803 2606 τὴν
825 2572 898 2605 ἐξου-

103 2611 174 2637 σίαν.
192 2612 226 2637 Ὃ
241 2611 273 2646 δὴ
299 2612 347 2638 καὶ
371 2613 452 2645 αὐτὸς
473 2613 591 2648 ἔφασκεν
612 2617 626 2642 ό
645 2616 756 2653 Σωτήρ·
775 2626 784 2642 ι
806 2617 897 2644 Πάντα

104 2665 148 2691 μοι
176 2657 315 2693 παρεδόθη
337 2658 389 2684 ὑπὸ
413 2659 460 2686 τοῦ
485 2660 592 2696 Πατρός
615 2670 675 2697 μου.
697 2672 706 2688 ι
722 2663 775 2690 Καὶ
800 2664 895 2691 πάλιν

105 2712 114 2727 ι
139 2703 234 2738 Ἐδόθη
259 2712 305 2739 μοι
323 2705 398 2731 πᾶσα
419 2704 537 2739 ἐξουσία,
555 2707 583 2735 έν
606 2716 636 2734 τε
658 2709 775 2745 οὐρανῷ,
791 2711 837 2737 καὶ
852 2711 899 2738 ἐπὶ

102 2749 153 2783 τῆς
169 2749 232 2784 γῆς.
255 2759 264 2775 ι
278 2751 333 2776 Καὶ
347 2751 377 2777 οὺ
389 2751 476 2786 δήπου
492 2752 536 2779 διὰ
550 2754 579 2780 τὸ
595 2754 669 2788 δόξαι
687 2755 779 2782 λαϐεῖν
796 2757 810 2782 ό
824 2756 896 2789 Υἱὸς,

104 2795 223 2829 εὐλόγως
242 2795 274 2823 ἂν
297 2797 334 2828 ὡς
359 2797 478 2825 ἐλάττων
497 2799 549 2825 ὑπό
573 2808 619 2826 του
643 2803 835 2836 κατηγοροῖτο¹
853 2803 899 2828 καὶ

104 2842 194 2872 διατί;
222 2843 362 2878 Λαμΰάνει
390 2843 453 2879 γὰρ,
481 2845 523 2870 ὅτε
552 2846 661 2880 γέγονεν
688 2847 838 2883 ἄνθρωπος,
855 2848 898 2874 ὅτε

139 2939 161 2954 ⁵⁵
179 2939 253 2967 Psal.
274 2947 360 2972 xxx",
377 2940 402 2966 ‘2.
443 2940 464 2955 Μ
481 2941 558 2968 Pror.
580 2949 643 2972 xxv,
659 2942 684 2968 2.

984 2157 1067 2184 Pater
1093 2155 1181 2190 diligit
1205 2152 1317 2186 Filium,
1341 2156 1367 2179 et
1390 2151 1480 2179 omnia
1503 2149 1574 2178 dedit
1599 2149 1626 2176 in
1656 2156 1737 2176 manu

945 2204 1013 2239 ejus.

982 2249 1022 2277 Ne
1050 2254 1197 2276 comumax
1221 2247 1257 2274 sit
1286 2245 1458 2276 incredulus,
1486 2243 1587 2278 inquit,
1616 2241 1736 2270 universi

947 2296 1088 2324 dominum
1104 2294 1244 2321 hominem
1265 2293 1360 2320 videns
1371 2312 1378 2325 ,
1395 2289 1556 2325 neque‘sibi
1575 2287 1738 2324 persuadeat

948 2343 1061 2371 mentiri
1073 2341 1228 2373 veritatem,
1240 2340 1338 2367 nolens
1351 2339 1376 2365 ei
1394 2342 1424 2365 ut
1437 2337 1491 2364 Deo
1504 2335 1614 2363 credere
1626 2338 1738 2370 propter

948 2396 1072 2417 carnem.
1103 2387 1229 2422 Accipiat
1254 2386 1316 2421 ejus
1348 2383 1556 2415 testimonium,
1582 2385 1610 2409 et
1634 2380 1736 2408 lubenti

949 2435 1041 2461 animo
1063 2433 1191 2469 obsignet
1211 2432 1294 2459 Deum
1323 2438 1387 2458 esse
1415 2436 1551 2459 veracem,
1575 2435 1609 2455 ne
1629 2427 1736 2453 Patrem

949 2481 1069 2508 olfendat
1097 2480 1143 2515 qui
1172 2480 1198 2507 in
1226 2478 1305 2506 cmlis
1340 2481 1393 2505 est.
1422 2475 1514 2510 Diligit
1543 2475 1614 2502 enim
1637 2473 1737 2500 Filium

950 2535 1039 2555 suum.
1070 2526 1156 2562 Cujus
1181 2524 1338 2553 dilectionis
1367 2526 1556 2558 argumentum
1587 2525 1639 2552 est,
1666 2518 1737 2554 quod

951 2579 1041 2599 rerum
1056 2572 1178 2599 omnium
1196 2575 1320 2606 potestas
1337 2569 1361 2596 ei
1378 2569 1440 2596 data
1455 2571 1515 2601 cst;
1533 2566 1605 2602 quod
1628 2565 1737 2601 quidem

953 2617 1080 2645 Salvator
1098 2618 1154 2653 ipse
1168 2617 1295 2644 dicebat:
1318 2626 1326 2641 ι
1350 2615 1447 2643 Omnia
1466 2614 1532 2641 mihi
1557 2612 1657 2640 tradita
1675 2615 1738 2639 sunt

951 2672 966 2691 ο
982 2663 1062 2691 Patre
1079 2663 1181 2690 meo".
1202 2672 1211 2687 ι
1242 2661 1307 2689 ltem
1325 2671 1331 2688 :
1371 2671 1380 2686 (
1402 2661 1469 2688 Data
1499 2663 1542 2688 est
1563 2659 1632 2686 mihi
1648 2658 1738 2686 omnis

950 2714 1075 2746 potestas
1090 2730 1097 2742 ,
1112 2709 1140 2736 in
1156 2709 1226 2736 cwlo
1246 2712 1273 2735 et
1289 2707 1316 2734 in
1335 2712 1407 2735 terra
1420 2707 1453 2733 ⁵⁸.
1483 2716 1491 2732 ι
1511 2706 1605 2741 Neque
1622 2712 1688 2733 vero
1705 2712 1737 2731 ex

950 2765 983 2785 eo
1001 2757 1074 2792 quod
1099 2757 1223 2792 accipere
1243 2755 1329 2783 Filius
1352 2754 1471 2787 videtur,
1495 2753 1557 2788 jure
1581 2752 1685 2780 idcirco
1710 2755 1737 2777 ut

951 2802 1086 2830 minorem
1115 2801 1190 2828 illum
1207 2799 1399 2835 arguas.Quid
1429 2799 1483 2826 ita?
1508 2799 1623 2833 Accepit
1650 2797 1734 2828 enim,

953 2856 1015 2876 cum
1043 2848 1133 2875 factus
1149 2851 1191 2874 est
1213 2847 1305 2878 homo,
1328 2854 1390 2873 cum
1410 2846 1527 2880 seipsum
1549 2848 1660 2880 propter
1689 2848 1738 2869 nos

725 2943 745 2957 ⁵⁷
766 2942 863 2970 Matth.
881 2950 917 2974 χι,
934 2941 978 2968 27.
1019 2941 1042 2956 εδδ
1061 2940 1155 2967 Matth.
1176 2947 1270 2972 xxvm,
1288 2938 1330 2965 IS.
