2028 3118
277 201 330 229 283

772 195 802 222 S.
820 193 959 223 CYRILLI
977 191 1212 221 ALEXANDRINI
1232 191 1391 220 ARCHIEP.

1849 188 1904 217 εει

278 255 438 288 exinanivit,
450 261 512 282 cum
525 260 624 282 servus
635 257 748 281 vocatus
759 253 844 285 est",
854 252 902 287 qni
914 251 1062 279 Dominus:

1119 251 1312 278 τεταπείνωκεν
1329 250 1422 277 ἑαυτὸν
1438 248 1471 275 δι’
1485 248 1568 284 ἡμᾶς,
1583 244 1627 274 ὅτε
1641 246 1730 279 δοῦλος
1753 247 1903 282 ἐχρημάτι-

279 309 341 328 cum
369 302 440 329 inter
472 300 591 328 famulos
611 301 750 334 ascriptus
774 303 835 331 est,
852 299 899 333 qui
928 298 996 325 liber
1022 301 1064 324 est

280 347 377 375 Filius.
393 347 514 382 Alioqui,
529 345 669 382 quomodo
686 345 842 372 humiliavit
862 344 994 379 seipsutn,
1018 347 1066 370 aut

279 394 417 428 quomodo
432 401 465 421 ex
482 393 640 429 aequalitate
657 400 719 420 cum
743 391 798 418 Deo
814 395 840 418 et
856 390 938 418 Patre
952 391 1066 418 descen-

279 439 353 467 disse
390 440 511 467 dicitur?
536 439 635 466 Annon
659 434 734 465 enim
760 437 836 465 vides
864 437 892 464 in
921 437 964 464 his
993 436 1066 464 hunc

279 486 390 520 quidem
405 486 458 513 dici
475 485 584 513 tradere
599 484 679 512 modo
702 483 758 512 Deo
781 483 964 515 convenienti,
990 482 1066 509 illum

281 536 371 559 autem
389 531 510 558 hominis
527 539 558 558 ac
575 531 648 558 servi
666 529 771 557 ratione
788 529 915 563 accipere
928 535 990 564 qua!
1014 528 1064 555 ha-

280 576 362 602 bebat
382 580 411 602 ut
427 575 498 603 Deus
509 575 588 602 ?Non
604 578 646 602 est
660 579 752 602 autem
765 576 874 610 proprie
887 575 1000 602 denatio
1020 574 1065 602 illa

280 630 342 656 quae
355 621 424 648 Filio
438 622 545 648 initium
569 621 729 648 dominandi
759 620 841 647 rebus
873 620 1001 647 omnibus
1018 620 1067 646 tri-

281 668 355 698 buat,
373 667 420 695 sed
449 667 572 701 repetitio
588 667 677 701 potius
706 673 737 693 ac
762 666 883 693 reversio
900 666 981 692 etiam
1004 673 1065 692 cum

280 721 364 741 carne
379 714 412 740 ad
431 717 593 747 potestatem
611 719 664 746 qua
691 710 821 745 praaditus
839 714 900 737 erat
923 714 986 738 ante
1006 717 1067 737 car-

282 768 353 786 nem.
368 758 427 785 Non
447 759 517 785 enim
539 765 600 784 cum
619 757 708 783 factus
723 760 765 784 est
780 756 874 786 homo,
899 759 965 782 tunc
991 762 1068 782 crea-

281 809 350 832 turae
381 804 525 838 imperium
547 803 626 837 1'72
645 802 774 837 capessit.
797 803 933 834 Quantam
961 801 988 828 in
1018 801 1066 828 de-

282 851 451 885 prcssionent
463 850 536 877 enim
551 848 728 875 descendisse
741 848 859 878 dicetur,
873 847 895 874 si
907 855 967 874 cum
980 846 1067 873 factus

282 899 324 922 est
337 895 426 926 homo,
443 899 508 921 tunc
523 894 605 928 empit
619 902 680 920 esse
695 893 844 920 Dominus?
864 893 916 919 Ant
931 891 1068 926 quomodo

282 942 308 968 in
327 941 397 967 servi
415 940 500 967 [oi-ma
521 940 672 974 apparebit,
691 940 736 974 qui
757 944 822 966 tunc
839 944 914 966 certe
942 939 1065 965 onmium

282 986 373 1013 factus
388 990 430 1013 est
445 986 600 1013 Dominus?
619 985 718 1012 Procul
734 985 769 1012 sit
787 985 840 1012 ista
864 986 998 1012 rationum
1017 984 1065 1011 ab-

282 1031 421 1063 surditas;
449 1031 496 1058 sed
512 1038 576 1058 cum
605 1030 694 1057 factus
718 1034 760 1058 est
784 1030 877 1062 homo,
899 1034 965 1056 tunc
981 1029 1065 1056 etiam

282 1076 335 1103 hoc
351 1081 431 1111 pacto
445 1076 580 1103 dominari
596 1076 690 1111 coepit,
706 1076 743 1102 ita
760 1082 850 1102 tamen
863 1081 892 1102 ut
908 1075 1066 1110 dignitatem

282 1123 403 1149 divinam
418 1126 528 1157 propter
545 1129 654 1149 carnem
671 1129 724 1148 non
741 1122 876 1152 amiserit,
894 1121 942 1148 sed
957 1128 1066 1147 rursum

283 1168 316 1194 ad
332 1168 358 1194 id
374 1168 446 1202 quod
459 1172 518 1195 erat
539 1168 629 1199 initio,
644 1175 706 1194 cum
716 1175 799 1193 carne
814 1175 925 1201 quoque
944 1166 1065 1193 redierit.

283 1214 360 1246 Quod
378 1220 468 1241 autent
489 1214 612 1248 priorum
627 1214 683 1240 sint
700 1214 826 1247 repetitio
843 1221 903 1247 qua:
913 1212 947 1239 de
957 1212 1067 1239 Christo

283 1261 418 1291 feruntur,
433 1260 528 1294 probat
547 1261 605 1294 ipse
624 1260 720 1288 dicens
734 1269 740 1286 :
759 1269 767 1285 ι
783 1259 874 1290 Pater,
888 1258 1007 1286 clarillca
1024 1266 1066 1286 me

284 1306 330 1333 illa
361 1307 485 1334 claritate
519 1314 601 1340 quatit
636 1306 719 1333 habui
753 1306 914 1340 priusquam
949 1304 1068 1331 mundus

283 1355 357 1379 esset
372 1351 443 1386 apud
473 1355 499 1378 te
509 1351 541 1376 °°.
562 1360 571 1376 ι
606 1350 688 1378 Vides
709 1358 762 1384 quo
780 1355 861 1384 pacto
887 1358 941 1376 non
961 1350 1068 1377 initium

283 1398 388 1432 gloriae,
403 1398 448 1425 sed
469 1398 675 1424 renovationcm
688 1396 748 1431 ejus
760 1397 832 1430 quod
845 1396 923 1431 prius
939 1395 1068 1427 habebat,

283 1445 414 1478 postulet,
432 1444 513 1478 idque
534 1443 620 1474 dicat,
639 1447 668 1469 ut
685 1443 785 1470 homo?
807 1441 954 1474 Prmtcrea,
977 1442 1069 1469 omnia

284 1490 346 1516 data
367 1497 429 1517 esse
445 1489 641 1516 incarnationis
658 1495 742 1516 causa
753 1487 831 1520 Filio,
848 1487 973 1515 studioso
988 1487 1068 1514 undi-

284 1543 339 1569 qttc.
356 1536 483 1569 colligere
495 1539 522 1562 et
541 1535 694 1569 intelligere
703 1534 814 1569 quidem
831 1534 935 1565 licebit,
953 1533 1070 1561 maxime

286 1586 376 1607 tamen
386 1588 418 1607 ex
430 1580 474 1606 illa
484 1579 606 1607 horribili
619 1579 725 1607 visione
734 1579 852 1607 Danielis
862 1579 895 1612 “,
904 1579 938 1612 in
948 1586 1002 1614 qua
1011 1579 1068 1606 An-

287 1625 393 1659 tiquum
402 1625 509 1652 dierum
521 1625 630 1660 quidem
640 1630 779 1660 spectasse
788 1624 826 1651 ait
837 1624 976 1652 sedentem
987 1631 1070 1658 super

286 1671 395 1703 throno,
407 1676 435 1698 et
443 1672 515 1700 mille
523 1672 618 1705 millia,
628 1679 659 1698 ac
669 1672 737 1698 dena
746 1671 830 1698 millia
839 1671 940 1698 denunt
951 1670 1065 1697 millium

285 1717 385 1751 partim
399 1717 423 1744 ei
441 1717 610 1750 ministrare,
630 1717 730 1752 partim
751 1721 843 1744 astare
864 1715 971 1744 asserit.
987 1716 1068 1744 Addit

286 1767 376 1789 autem
393 1771 400 1789 :
424 1772 433 1788 ι
451 1764 481 1790 Et
496 1771 558 1790 ecce
573 1771 635 1791 cum
663 1763 784 1790 nubibus
801 1763 861 1790 cmli
889 1763 967 1798 quasi
984 1762 1070 1791 Filius

286 1807 406 1834 hominis
425 1808 554 1835 veniens:
571 1812 598 1835 et
626 1816 714 1843 usque
741 1808 774 1835 ad
791 1808 943 1843 Antiquum
962 1808 1069 1835 dierum

286 1852 420 1886 pervertit,
443 1858 471 1880 et
486 1853 512 1880 in
529 1857 680 1888 conspectu
695 1854 755 1888 ejus
770 1853 927 1881 obtulerunt
944 1861 1018 1882 eum.
1039 1854 1070 1882 Et

285 1897 366 1926 datus
381 1902 423 1926 est
437 1899 489 1934 ipsi
504 1899 687 1934 principatus,
700 1904 727 1926 et
740 1899 837 1931 honor,
853 1904 879 1926 et
892 1908 1006 1934 regnum
1020 1909 1026 1926 :
1043 1903 1070 1927 et

285 1952 381 1984 omnes
402 1946 505 1981 populi,
527 1946 616 1977 tribns
639 1949 665 1974 et
687 1946 785 1981 linguae
808 1945 858 1980 ipsi
877 1946 997 1973 servient
1008 1946 1040 1972 θ’.
1058 1955 1067 1971 ι

287 1988 369 2017 Vides
385 1991 523 2025 quomodo
538 1991 583 2030 hic
601 1995 686 2018 totum
699 1992 778 2018 nobis
797 1996 926 2018 accurate
939 1992 1070 2018 incarna-

286 2036 370 2063 tionis
381 2037 541 2071 mysterium
555 2038 690 2071 delineet;
702 2038 777 2065 vides
793 2046 847 2073 quo
864 2042 944 2073 pacto
956 2045 1068 2071 regnum

286 2087 300 2106 a
316 2080 397 2106 Patre
423 2082 578 2116 suscepisse
606 2083 713 2109 dicatur
731 2082 830 2110 Filius.
846 2082 904 2109 Non
931 2087 973 2110 est
999 2082 1070 2109 nuda

287 2129 424 2161 propheta:
439 2128 538 2160 oratio,
563 2129 610 2156 sed
628 2138 637 2154 ι
664 2129 744 2163 quasi
762 2128 849 2156 Filius
881 2128 1001 2156 hominis
1020 2135 1070 2163 ap-

286 2180 396 2207 parens,
414 2183 422 2199 l
444 2173 544 2209 inquit.
565 2184 573 2200 ι
595 2174 755 2201 Htmtiliavit
778 2174 850 2201 enim
866 2174 1019 2208 seipsum,»
1041 2178 1070 2201 ut

288 2219 421 2253 scriptum
446 2224 498 2252 est,
522 2229 532 2245 ι
553 2219 647 2247 habitu
678 2223 790 2255 propter
820 2227 870 2246 nos
888 2219 1014 2246 inventus
1040 2223 1070 2246 ut

1118 307 1164 324 σεν
1178 298 1192 324 6
1207 297 1353 332 Δεσπότης,
1368 296 1412 323 ὅτε
1437 295 1547 330 γέγονεν
1567 295 1596 321 ὲν
1615 294 1734 326 οἰκέταις
1759 295 1774 320 6
1796 293 1904 320 ἐλεύθε-

1119 353 1163 380 ρος
1179 344 1259 375 Υἱός·
1277 342 1336 370 ἐπεὶ
1349 342 1418 369 κατὰ
1430 341 1492 368 τίνα
1511 340 1612 377 τρόπον
1628 339 1827 366 τεταπείνωκεν
1839 340 1903 366 ἑαυ-

1116 391 1172 422 τὸν,
1188 390 1204 425 ἢ
1222 389 1281 419 πῶς
1297 388 1327 420 ἐξ
1342 388 1463 422 ἰσότητος
1479 387 1528 421 τῆς
1545 386 1613 422 πρὸς
1632 385 1678 412 τὸν
1700 385 1766 412 Θεὸν
1788 385 1835 411 καὶ
1848 385 1904 411 Πα-

1116 436 1183 471 τέρα
1203 433 1420 468 καταόεόηκέναι
1441 432 1568 466 its-(erat;
1589 431 1625 457 Ἦ
1642 430 1694 466 γὰρ
1717 430 1766 465 οὐχ
1791 430 1858 465 ὁρᾷς
1876 430 1904 456 ἐν

1116 483 1232 516 τούτοις,
1240 481 1285 508 τὸν
1295 481 1344 516 μὲν
1350 480 1454 507 διδόντα
1461 478 1630 514 θεοπρεπῶς,
1638 478 1684 504 τὸν
1690 477 1717 504 δὲ
1726 476 1774 504 ἀνθ
1779 476 1904 512 ρωπῑνως

1116 537 1146 556 τε
1158 528 1204 556 καὶ
1213 527 1355 559 οίκετικῶς
1369 525 1518 562 λαμϐάνειν
1529 524 1683 559 λεγόμενον,
1699 523 1771 558 ἅπερ
1780 520 1852 557 εἶχεν
1867 522 1905 553 ὡς

1117 574 1198 607 Θεός;
1209 574 1246 600 Οὺ
1256 573 1327 604 δόσις
1336 572 1364 599 δὲ
1379 571 1480 607 κυρίως
1491 570 1565 596 ἐστὶν
1575 570 1591 604 ἡ
1603 568 1678 604 παρά
1692 567 1795 603 [lat-pb;
1804 568 1846 599 είς
1855 568 1906 602 ἀρ-

1117 621 1167 656 χὴν
1176 620 1280 647 τιθεῖσα
1288 619 1337 654 τῆς
1343 619 1414 645 κατὰ
1423 618 1530 645 πάντων
1539 616 1699 651 κυριότητος
1705 615 1751 641 τὸν
1761 614 1825 641 Υῑόν
1834 622 1841 629 ι
1858 615 1906 640 ἐπ-

1117 666 1256 701 αναδρομὴ
1277 664 1305 692 δὲ
1321 664 1429 700 μᾶλλον,
1443 663 1490 690 καὶ
1504 661 1683 696 ἐπανάληψις,
1696 661 1744 688 καὶ
1756 660 1825 696 μετὰ
1839 668 1907 693 σαβ-

1118 712 1164 744 κδς
1181 713 1220 744 εις
1234 712 1283 748 τὴν
1296 711 1348 747 πρὸ
1362 711 1461 745 σαρκὸς
1473 709 1594 743 ἐξουσίαν
1604 718 1611 725 ·
1627 709 1657 735 οὐ
1673 708 1726 743 γὰρ
1737 708 1781 734 ὅτε
1794 707 1907 741 γέγονεν

1117 758 1269 793 ἄνθρωπος,
1285 758 1344 784 τότε
1361 757 1410 791 τῆς
1427 756 1541 787 κτίσεως
1560 754 1672 791 ἄρχεται
1685 754 1807 788 κρατεῖν.
1829 753 1908 780 Ἐπεὶ

1117 805 1185 839 πρὸς
1198 805 1276 830 ποίαν
1286 804 1343 839 ὲρεῖ
1354 812 1395 834 τις
1410 802 1490 829 αὐτὸν
1503 800 1719 836 κατασεὸηκέναι
1730 799 1906 830 ταπείνωσιν,

1118 852 1196 885 εἴπερ
1223 851 1267 877 ὅτε
1291 850 1400 883 γέγονεν
1425 847 1577 883 ἄνθρωπος,
1607 847 1667 874 τότε
1693 846 1741 873 τοῦ
1769 845 1908 881 κυριεύειν

1119 897 1250 932 ἄρχεται;
1267 896 1301 922 Ἢ
1318 895 1377 927 πῶς
1398 896 1427 921 ἑν
1440 896 1473 930 τῇ
1492 894 1538 921 τοῦ
1553 894 1646 921 δούλου
1663 894 1786 929 φανεῖται
1803 893 1906 928 μορφῇ.

1117 931 1179 968 τότε
1203 941 1235 976 δὴ
1259 941 1305 966 καὶ
1325 940 1401 975 μόλις
1425 939 1552 966 ἁπάντων
1573 938 1794 973 ἀναδεδειγμένος
1810 937 1910 963 Δεσπά

1115 994 1182 1022 της;
1202 986 1309 1019 ’Δπαγε
1326 985 1375 1020 τῆς
1387 986 1416 1011 ὲν
1431 985 1535 1016 τούτοις
1551 983 1664 1015 ἀτοπίας
1682 983 1736 1010 τῶν
1750 981 1907 1017 λογισμῶνι

1117 1032 1172 1059 ἀλλ’
1187 1031 1300 1066 ἐπείπερ
1318 1030 1459 1065 ἅνθρωπος
1481 1029 1586 1063 γέγονε,
1603 1029 1663 1056 τότε
1689 1029 1736 1055 καὶ
1755 1028 1844 1059 οὓτως
1861 1028 1909 1062 ἆρ-

1116 1087 1193 1114 χεται
1207 1077 1328 1113 κρατεῖν,
1340 1077 1390 1102 οὐκ
1409 1075 1553 1102 ἀποϐαλὼν
1573 1075 1604 1101 τὸ
1626 1074 1778 1109 θεοπρεπὲς
1800 1073 1910 1107 ἀξίωμα

1116 1123 1160 1150 διὰ
1171 1123 1222 1159 τὴν
1232 1122 1332 1157 σάρκα,
1343 1120 1496 1148 ἀναϐαίνων
1505 1120 1534 1147 δὲ
1548 1118 1636 1151 αὖθις,
1655 1120 1701 1146 καὶ
1715 1118 1784 1154 μετὰ
1796 1117 1909 1153 σαρκὸς,

1117 1167 1159 1201 ἐφ’
1172 1167 1241 1202 ὅπερ
1255 1164 1288 1201 ἦν
1309 1166 1337 1199 ἐξ
1355 1165 1450 1201 ἀρχῆς.
1471 1165 1532 1191 Ὅτι
1546 1165 1575 1191 δὲ
1588 1164 1641 1191 τῶν
1655 1164 1844 1200 ἀρχαιοτέρων
1862 1164 1912 1188 ἐπ-

1118 1211 1251 1246 ανάληψις
1263 1209 1297 1246 ἦν
1312 1211 1346 1237 τὰ
1360 1211 1407 1237 ἐπὶ
1422 1209 1539 1245 Χριστοῦ
1557 1209 1753 1245 Θρυλλούμενα,
1772 1209 1911 1244 πληροφο-

1119 1260 1196 1294 ρήσει
1211 1257 1296 1291 λέγων
1313 1257 1394 1288 αὑτός
1407 1264 1414 1272 ”
1431 1265 1440 1282 ι
1463 1256 1552 1291 Πάτερ
1574 1255 1684 1288 δόξασόν
1705 1264 1738 1290 με
1751 1256 1785 1290 τῇ
1800 1254 1878 1291 δόξῃ,

1118 1302 1191 1338 εἶχον
1213 1303 1265 1337 πρὸ
1278 1303 1325 1329 τοῦ
1351 1303 1396 1330 τὸν
1414 1303 1515 1339 κόσμον
1539 1301 1608 1330 εἶναι
1630 1303 1705 1338 παρὰ
1722 1303 1773 1329 σοί.
1797 1312 1808 1329 ι
1831 1303 1912 1337 Ὁρᾷς

1119 1351 1203 1382 ὅπως,
1221 1350 1250 1376 οὺ
1269 1349 1348 1384 δόξης
1369 1349 1465 1384 ἀρχὴν,
1483 1350 1541 1375 ἀλλ’
1555 1350 1738 1376 ὲπανανέωσιν
1751 1350 1801 1383 τὴν
1823 1349 1865 1379 είς
1884 1348 1912 1374 τὸ

1119 1397 1230 1431 ἀρχαῖον
1250 1396 1329 1428 αἰτεῖ,
1346 1396 1392 1422 καὶ
1415 1395 1493 1422 τοῦτο
1515 1396 1601 1430 λέγων
1618 1396 1834 1431 ὠς²ἀνορωπος;
1850 1395 1911 1421 Ὀτι

1119 1441 1147 1468 δὲ
1162 1441 1243 1467 πάλιν
1262 1440 1306 1467 διὰ
1324 1441 1374 1476 τὴν
1395 1441 1443 1476 τῆς
1461 1442 1669 1478 ἀνθρωπότητος
1683 1442 1774 1468 αἰτίαν
1789 1441 1911 1468 δεδόσθαι

1120 1488 1230 1523 λέγεται
1242 1489 1276 1516 τὰ
1290 1489 1377 1516 πάντα
1392 1489 1431 1524 τῷ
1446 1489 1513 1524 Υἱῷ,
1526 1489 1692 1524 πανταχόθεν
1708 1489 1757 1524 μὲν
1771 1489 1786 1515 6
1799 1488 1912 1523 φιλομα-

1121 1531 1170 1567 θὴς
1196 1533 1375 1567 ὲπισωρεύσει
1400 1534 1504 1568 σοφῶς,
1533 1534 1580 1560 καὶ
1612 1533 1730 1560 συνιέναι
1753 1533 1910 1566 δυνήσεται,

1083 1597 1106 1628 c
1123 1578 1239 1612 μάλιστα
1258 1578 1287 1605 δὲ
1308 1579 1341 1613 δι’
1357 1579 1465 1614 ἐκείνης
1478 1579 1528 1614 τῆς
1547 1578 1594 1605 τοῦ
1617 1578 1715 1614 Δανιὴλ
1729 1578 1912 1614 φρικωδεστά-

1120 1632 1170 1659 της
1193 1624 1335 1656 ὀπτασίας,
1349 1625 1378 1651 ὲν
1446 1625 1491 1652 τδν
1515 1625 1564 1660 μὲν
1577 1625 1693 1651 Παλαιὸν
1712 1625 1767 1651 τῶν
1792 1625 1907 1660 ἡμερῶν

1120 1669 1264 1697 τεθεᾶσθαι
1278 1679 1361 1706 φησιν
1377 1671 1519 1706 ίδρυμένον
1532 1671 1578 1698 ἐπὶ
1594 1671 1641 1698 τοῦ
1661 1671 1766 1707 θρόνου,
1778 1671 1870 1706 χιλίας
1884 1671 1912 1698 δὲ

1120 1715 1252 1750 χιλιάδας,
1266 1717 1313 1742 καὶ
1328 1717 1429 1752 μυρίας
1442 1717 1584 1753 μυριάδας,
1601 1718 1651 1748 τὰς
1667 1717 1716 1752 μὲν
1734 1717 1911 1752 λειτουργεῖν,

1119 1761 1169 1793 τὰς
1183 1762 1211 1788 δὲ
1227 1763 1394 1797 παρεστᾶναι
1410 1763 1616 1798 διισχυρίζεται.
1636 1763 1796 1799 Προσετίθει
1813 1763 1842 1790 δὲ
1856 1764 1913 1790 τού-

1120 1816 1176 1839 τοις
1189 1808 1230 1839 16.
1246 1817 1256 1834 ι
1276 1808 1330 1835 Καὶ
1353 1808 1406 1835 ῑδοὺ
1428 1809 1497 1843 μετά
1513 1809 1566 1835 τῶν
1590 1809 1709 1844 νεφελῶν
1725 1809 1772 1835 τοῦ
1785 1809 1911 1845 οὐρανοῦ,

1120 1853 1158 1884 ὡς
1172 1853 1236 1884 Υἱὸς
1253 1853 1395 1889 ἀνθρώπου
1418 1854 1564 1889 ἐρχόμενος
1586 1852 1630 1889 ἦν,
1657 1855 1703 1881 καὶ
1727 1854 1780 1886 ἕως
1798 1855 1847 1881 τοῦ
1863 1855 1913 1881 Παο

1120 1899 1197 1927 λαιοῦ
1210 1899 1264 1926 τῶν
1274 1899 1387 1935 ἡμερῶν
1401 1899 1528 1934 ἔφθασεν,
1540 1900 1586 1926 καὶ
1607 1900 1721 1927 ἐνώπιον
1735 1900 1820 1927 αὐτοῦ
1834 1909 1914 1936 προσ-

1120 1945 1232 1981 ηνέχθη,
1251 1946 1297 1972 καὶ
1312 1946 1379 1981 αὐτῇ
1401 1946 1479 1982 ἐδόθη
1500 1947 1516 1981 ὴ
1538 1946 1619 1981 ἀρχὴ,
1638 1947 1685 1973 καὶ
1704 1947 1720 1982 ή
1743 1946 1820 1982 τιμὴ,
1837 1947 1913 1982 καὶὴ

1121 1990 1256 2024 βασιλεία,
1271 1991 1319 2017 καὶ
1332 1990 1432 2022 πάντες
1448 1991 1473 2017 οἱ
1498 1991 1567 2022 λαοὶ,
1585 1991 1677 2025 φυλαὶ,
1692 1991 1814 2025 γλῶσσαι
1839 1991 1914 2026 αὐτῷ

1120 2035 1314 2062 δουλεύσουσιν.
1337 2045 1346 2062 ι
1369 2036 1448 2072 Ὁρᾷς
1479 2037 1538 2068 πῶς
1563 2038 1591 2062 ἐν
1618 2037 1733 2069 τούτοις,
1761 2037 1823 2064 ὅλον
1850 2038 1914 2072 ἡμῖν

1120 2081 1241 2117 ἀκριϐῶς
1258 2082 1464 2117 καταγράφεται
1487 2083 1536 2117 τῆς
1561 2082 1793 2118 ἐνανθρωπήσεως
1809 2082 1841 2109 τὸ
1866 2092 1914 2117 μυ-

1121 2128 1246 2163 στήριον
1261 2128 1326 2162 ὁρᾷς
1337 2128 1410 2159 ὅπως
1422 2127 1572 2163 λαμϐάνειν
1592 2128 1699 2162 λέγεται
1710 2129 1759 2163 τὴν
1773 2128 1915 2163 βασιλείαν

1121 2173 1195 2208 παρά
1212 2173 1318 2208 Πατρὺς
1337 2173 1351 2199 6
1364 2173 1428 2205 Υίός
1439 2181 1446 2188 ·
1464 2174 1495 2199 οὐ
1510 2173 1613 2209 γυμνὸς
1625 2173 1665 2209 τῷ
1681 2174 1808 2209 προφήτῃ
1826 2174 1913 2208 λόγος,

1121 2218 1178 2245 ἀλλ’
1200 2219 1237 2250 ὡς
1255 2218 1318 2249 Υἱὸς
1338 2218 1481 2254 ἀνθρώπου
1500 2220 1676 2255 φαινόμενοςο
1705 2228 1715 2245 t
1733 2220 1916 2247 Ἐταπείνωσε

287 2264 369 2291 homo
380 2265 412 2298 ⁸⁸,
432 2274 441 2290 ι
461 2270 489 2292 ιιι
505 2266 610 2300 primus
623 2273 733 2300 quoque
752 2265 785 2292 ad
809 2273 924 2300 regnum
941 2272 1068 2293 reversus

1123 2262 1178 2300 γὰρ
1195 2264 1316 2295 ἑαυτὸν,»
1331 2263 1400 2290 καθὰ
1411 2264 1577 2300 γέγραπται,
1589 2266 1723 2300 (σχήματι
1734 2265 1768 2291 δι’
1780 2267 1856 2300 ἡμᾶς
1871 2266 1916 2291 εὖ-

288 2310 397 2337 initium
412 2311 493 2339 nobis
516 2316 544 2338 et
558 2312 601 2338 via
625 2312 719 2346 gloriae
739 2310 839 2345 regalis
856 2310 1014 2338 exsisteret.
1039 2311 1072 2338 Et

287 2355 516 2390 quemadmodum
540 2356 593 2382 vita
609 2363 671 2382 cum
698 2355 733 2382 sit
758 2355 908 2382 secundum
934 2359 1072 2388 naturam,

287 2402 428 2429 descendit
441 2408 553 2437 propter
568 2410 619 2429 nos
639 2402 672 2429 ad
687 2406 802 2428 mortem
815 2402 908 2430 carnis
919 2409 968 2437 pro
983 2403 1073 2430 omnl-

287 2447 351 2480 bus,
382 2452 411 2475 ut
435 2455 485 2475 nos
516 2455 531 2474 a
557 2451 644 2475 morte
672 2451 700 2474 et
720 2448 898 2482 corruptione
929 2447 1072 2481 eximeret,

288 2497 399 2529 propter
415 2493 623 2521 similitudinem
639 2501 720 2528 quam
740 2493 821 2521 habet
836 2494 979 2522 nobiseum
993 2494 1073 2522 nobis

289 2539 410 2573 seipsum
426 2538 631 2574 quodammodo
650 2539 829 2573 permiscens,
842 2544 869 2567 et
884 2540 946 2568 vitae
963 2545 1074 2569 aeternae.

291 2585 438 2620 participes
452 2584 594 2612 etiiciens:
618 2585 659 2612 sic
676 2586 802 2620 quamvis
818 2587 912 2622 gloria:
928 2587 963 2614 sit
979 2586 1073 2614 Domi-

291 2639 356 2661 nus.
374 2635 404 2658 ut
418 2630 500 2662 Deus.
524 2632 628 2660 nostris
655 2636 744 2660 tamen
763 2633 945 2661 dedecoribus
961 2632 1074 2661 confor-

291 2682 389 2709 matur,
403 2680 473 2703 utet
489 2676 523 2704 ad
540 2678 643 2713 regium
661 2678 793 2706 honorem
812 2678 932 2706 hominis
947 2682 1073 2705 naturam

290 2721 412 2749 redueat.
436 2722 544 2751 Primus
559 2724 631 2751 enim
649 2723 740 2752 factus
771 2728 813 2752 est
830 2724 859 2751 in
885 2724 1026 2756 omnibus,
1044 2729 1073 2752 ut

289 2767 390 2796 Paulus
409 2768 448 2796 ait
461 2769 495 2802 ⁸⁸,
508 2774 535 2797 et
548 2769 603 2803 via,
620 2774 648 2798 et
663 2770 761 2805 ianua,
774 2774 800 2797 et
817 2769 945 2804 primitiae
959 2772 1070 2797 nostro-

291 2821 351 2841 rum
371 2816 517 2850 bonorum,
536 2823 551 2843 a
569 2820 658 2844 mortc
681 2816 715 2843 ad
731 2816 825 2848 vitam,
846 2815 924 2851 173
944 2823 959 2843 a
975 2823 1074 2843 corru-

1125 2310 1213 2347 ρεοεὶς
1225 2311 1263 2342 ὡς
1278 2311 1418 2346 ἄνθρωπος
1431 2319 1437 2325 ’
1450 2320 1460 2336 ι
1480 2311 1522 2337 ἵνα
1536 2311 1582 2338 καὶ
1598 2312 1705 2346 πρῶτος
1720 2312 1760 2343 είς
1777 2312 1918 2347 βασιλείαν

1124 2355 1287 2391 ἀνενεχθεὶς,
1304 2356 1374 2391 ἀρχὴ
1393 2356 1474 2383 πάλιν
1488 2356 1553 2391 ἡμῖν
1566 2357 1613 2383 καὶ
1634 2357 1693 2389 ὁδὸς
1715 2357 1764 2392 τῆς
1785 2358 1827 2389 εἰς
1843 2357 1917 2392 βασι·

1124 2401 1197 2428 λείαν
1221 2401 1299 2436 δόξης
1321 2401 1477 2437 ἁναδειχθῇ.
1500 2402 1555 2428 Καὶ
1580 2402 1674 2438 ὥσπερ
1696 2403 1828 2438 ὑπάρχων
1847 2403 1917 2430 κατὰ

1125 2446 1205 2481 φύσιν
1220 2446 1289 2482 ζωὴ.
1301 2446 1472 2481 καταὸέϐηκε
1485 2447 1518 2473 δι’
1528 2448 1603 2482 ἡμᾶς
1614 2449 1653 2479 εἰς
1665 2447 1710 2474 τὸν
1722 2448 1792 2483 ὑπὲρ
1806 2449 1917 2475 πάντων

1125 2493 1196 2519 κατὰ
1210 2492 1299 2527 σάρκα
1319 2491 1442 2524 θάνατον,
1455 2492 1498 2518 ἵνα
1510 2492 1583 2527 ἡμᾶς
1603 2493 1651 2519 καὶ
1663 2492 1779 2519 θανάτου
1792 2493 1842 2519 καὶ
1851 2492 1917 2527 φθο-

1126 2540 1175 2575 ρᾶς
1194 2538 1332 2573 ἐξέληται,
1352 2538 1396 2564 διὰ
1417 2537 1468 2572 τῆς
1495 2538 1564 2573 πρὸς
1586 2539 1659 2573 ἡμᾶς
1681 2537 1840 2573 ὁμοιώσεως
1862 2536 1916 2565 οἷον

1124 2584 1257 2619 ἀναμίξας
1282 2583 1394 2615 ἑαυτὸν,
1416 2584 1463 2610 καὶ
1493 2583 1566 2618 ζωῆς
1584 2584 1633 2618 τῆς
1654 2584 1763 2610 αἰωνίου
1785 2583 1917 2619 μετόχους

1125 2630 1368 2666 ἀπεργασάμενος·
1392 2629 1461 2656 οὓτω
1483 2630 1529 2656 καὶ
1554 2630 1614 2661 ταῖς
1633 2629 1781 2664 ἡμετέραις
1801 2630 1916 2664 ὀλιγοτι-

1127 2677 1201 2713 μίαις
1225 2676 1465 2712 συσχηματίζεται,
1478 2675 1579 2711 Κύριος
1601 2675 1650 2710 τῆς
1671 2675 1748 2710 6651",;
1773 2675 1915 2711 ὑπάρχων,

1125 2724 1164 2755 ὡς
1175 2723 1252 2756 Θεὸς,
1266 2721 1309 2748 ἵνα
1325 2722 1371 2748 καὶ
1383 2723 1423 2753 εἰς
1437 2721 1485 2757 τὴν
1498 2721 1620 2756 βασιλίδα
1630 2721 1712 2757 τιμὴν
1723 2721 1853 2758 ἀναγάγῃ
1868 2721 1916 2756 τὴν

1125 2769 1268 2804 ἀνθρώπου
1285 2768 1376 2803 φύσιν.
1399 2768 1495 2802 Γέγονε
1516 2768 1570 2802 γὰρ
1590 2769 1619 2794 ὲν
1635 2768 1717 2794 πᾶσιν
1733 2767 1815 2799 αὐτὸς
1841 2776 1916 2803 πρω-

1128 2815 1222 2848 τεύων,
1235 2814 1272 2846 ὡς
1285 2815 1299 2840 6
1308 2813 1413 2845 Παῦλός
1422 2821 1513 2848 φησιν,
1527 2813 1573 2840 καὶ
1583 2813 1652 2846 ὁδὸς,
1662 2815 1710 2839 καὶ
1717 2812 1799 2848 Θύρα,
1812 2813 1861 2839 καὶ
1870 2813 1917 2840 ἀπ-

328 2910 350 2925 ⁵⁹
367 2909 466 2945 Philip.
488 2918 518 2943 II,
535 2910 561 2936 7.
600 2910 621 2925 ⁶⁴¹
636 2908 715 2937 Joan.
733 2917 799 2943 xvn,
816 2909 841 2936 5.
881 2908 902 2925 οι
922 2908 990 2935 Dan.
1007 2916 1054 2941 vn,

1120 2908 1160 2936 Η).
1201 2908 1220 2922 ⁵³
1238 2906 1319 2939 lbitl.,
1337 2907 1378 2938 15,
1399 2907 1440 2933 ll.
1478 2907 1499 2921 ”
1517 2905 1613 2940 l‘hilip.
1632 2914 1660 2938 tt,
1675 2906 1699 2932 7.
1736 2906 1756 2920 θλ
1772 2905 1914 2938 (ἶοὶ.ι,18.
