  <div class='ocr_page' id='page_1' title='image "/cluster/home/n/w/nwhite01/storage/ocr_20150623/73/njp.32101077772760/160.png"; bbox 0 0 2028 3118; ppageno 0'>
   <div class='ocr_carea' id='block_1_1' title="bbox 114 215 166 245">
    <p class='ocr_par' dir='ltr' id='par_1_1' title="bbox 114 215 166 245">
     <span class='ocr_line' id='line_1_1' title="bbox 114 215 166 245; baseline -0.038 0"><span class='ocrx_word' id='word_1_1' title='bbox 114 215 166 245; x_wconf 78' lang='grc'><strong>285</strong></span> 
     </span>
    </p>
   </div>
   <div class='ocr_carea' id='block_1_2' title="bbox 643 220 1214 250">
    <p class='ocr_par' dir='ltr' id='par_1_2' title="bbox 643 220 1214 250">
     <span class='ocr_line' id='line_1_2' title="bbox 643 220 1214 250; baseline 0.007 -4"><span class='ocrx_word' id='word_1_2' title='bbox 643 220 676 247; x_wconf 83' lang='grc' dir='ltr'><strong>ΙΝ</strong></span> <span class='ocrx_word' id='word_1_3' title='bbox 693 220 836 249; x_wconf 81' lang='lat' dir='ltr'><strong>JOANNIS</strong></span> <span class='ocrx_word' id='word_1_4' title='bbox 853 220 1077 249; x_wconf 75' lang='lat' dir='ltr'><strong>EVANGELIUH</strong></span> <span class='ocrx_word' id='word_1_5' title='bbox 1102 220 1166 249; x_wconf 78' lang='lat' dir='ltr'><strong>LIB.</strong></span> <span class='ocrx_word' id='word_1_6' title='bbox 1184 221 1214 250; x_wconf 93' lang='lat' dir='ltr'><strong>ll.</strong></span> 
     </span>
    </p>
   </div>
   <div class='ocr_carea' id='block_1_3' title="bbox 1689 221 1743 250">
    <p class='ocr_par' dir='ltr' id='par_1_3' title="bbox 1689 221 1743 250">
     <span class='ocr_line' id='line_1_3' title="bbox 1689 221 1743 250; baseline 0 -1"><span class='ocrx_word' id='word_1_7' title='bbox 1689 221 1743 250; x_wconf 63' lang='grc'><strong>286</strong></span> 
     </span>
    </p>
   </div>
   <div class='ocr_carea' id='block_1_4' title="bbox 113 274 906 315">
    <p class='ocr_par' dir='ltr' id='par_1_4' title="bbox 113 274 906 315">
     <span class='ocr_line' id='line_1_4' title="bbox 113 274 906 315; baseline 0.006 -13"><span class='ocrx_word' id='word_1_8' title='bbox 113 274 186 310; x_wconf 84' lang='grc' dir='ltr'>αρχὴ</span> <span class='ocrx_word' id='word_1_9' title='bbox 202 274 257 301; x_wconf 84' lang='grc' dir='ltr'><strong>τῶν</strong></span> <span class='ocrx_word' id='word_1_10' title='bbox 268 275 317 310; x_wconf 80' lang='grc' dir='ltr'><strong>τῆς</strong></span> <span class='ocrx_word' id='word_1_11' title='bbox 328 276 534 312; x_wconf 79' lang='grc' dir='ltr'>ἀνθρωπότητος</span> <span class='ocrx_word' id='word_1_12' title='bbox 543 277 663 312; x_wconf 82' lang='grc' dir='ltr'><strong>ἀγαθῶν,</strong></span> <span class='ocrx_word' id='word_1_13' title='bbox 672 281 704 306; x_wconf 70' lang='grc' dir='ltr'>ἐκ</span> <span class='ocrx_word' id='word_1_14' title='bbox 714 278 830 306; x_wconf 81' lang='grc' dir='ltr'><strong>Θανάτου</strong></span> <span class='ocrx_word' id='word_1_15' title='bbox 841 279 906 315; x_wconf 78' lang='grc' dir='ltr'>πρὸς</span> 
     </span>
    </p>
   </div>
   <div class='ocr_carea' id='block_1_5' title="bbox 958 274 1745 315">
    <p class='ocr_par' dir='ltr' id='par_1_5' title="bbox 960 277 1745 314">
     <span class='ocr_line' id='line_1_5' title="bbox 960 277 1745 314; baseline 0 -9"><span class='ocrx_word' id='word_1_16' title='bbox 960 278 1053 314; x_wconf 89' lang='lat' dir='ltr'><strong>plione</strong></span> <span class='ocrx_word' id='word_1_17' title='bbox 1069 277 1103 305; x_wconf 88' lang='lat' dir='ltr'><strong>ad</strong></span> <span class='ocrx_word' id='word_1_18' title='bbox 1119 278 1364 313; x_wconf 69' lang='lat' dir='ltr'><strong>incorruptionem,</strong></span> <span class='ocrx_word' id='word_1_19' title='bbox 1381 279 1415 306; x_wconf 88' lang='lat' dir='ltr'><strong>ab</strong></span> <span class='ocrx_word' id='word_1_20' title='bbox 1435 278 1623 306; x_wconf 86' lang='lat' dir='ltr'><strong>imbecillitate</strong></span> <span class='ocrx_word' id='word_1_21' title='bbox 1640 278 1674 306; x_wconf 84' lang='lat' dir='ltr'><strong>ad</strong></span> <span class='ocrx_word' id='word_1_22' title='bbox 1689 279 1745 306; x_wconf 88' lang='lat' dir='ltr'><strong>vir-</strong></span> 
     </span>
    </p>
   </div>
   <div class='ocr_carea' id='block_1_6' title="bbox 114 320 906 358">
    <p class='ocr_par' dir='ltr' id='par_1_6' title="bbox 114 320 906 358">
     <span class='ocr_line' id='line_1_6' title="bbox 114 320 906 358; baseline 0.009 -12"><span class='ocrx_word' id='word_1_23' title='bbox 114 320 197 355; x_wconf 84' lang='grc' dir='ltr'>ζωὴν.</span> <span class='ocrx_word' id='word_1_24' title='bbox 209 321 241 347; x_wconf 82' lang='grc' dir='ltr'>ὲκ</span> <span class='ocrx_word' id='word_1_25' title='bbox 250 321 354 356; x_wconf 76' lang='grc' dir='ltr'>φθορᾶς</span> <span class='ocrx_word' id='word_1_26' title='bbox 365 323 405 354; x_wconf 82' lang='grc' dir='ltr'>εὶς</span> <span class='ocrx_word' id='word_1_27' title='bbox 416 323 579 358; x_wconf 78' lang='grc' dir='ltr'><strong>ἀφθαρσίαν,</strong></span> <span class='ocrx_word' id='word_1_28' title='bbox 589 324 619 356; x_wconf 74' lang='grc' dir='ltr'><strong>ἐξ</strong></span> <span class='ocrx_word' id='word_1_29' title='bbox 627 325 768 357; x_wconf 80' lang='grc' dir='ltr'><strong>ἀσθενείας</strong></span> <span class='ocrx_word' id='word_1_30' title='bbox 782 327 822 357; x_wconf 78' lang='grc' dir='ltr'>εις</span> <span class='ocrx_word' id='word_1_31' title='bbox 830 325 906 352; x_wconf 85' lang='grc' dir='ltr'>δύνα-</span> 
     </span>
    </p>
   </div>
   <div class='ocr_carea' id='block_1_7' title="bbox 117 368 906 405">
    <p class='ocr_par' dir='ltr' id='par_1_7' title="bbox 117 368 906 405">
     <span class='ocr_line' id='line_1_7' title="bbox 117 368 906 405; baseline 0.006 -12"><span class='ocrx_word' id='word_1_32' title='bbox 117 376 171 402; x_wconf 87' lang='grc' dir='ltr'>μιν,</span> <span class='ocrx_word' id='word_1_33' title='bbox 184 369 216 394; x_wconf 81' lang='grc' dir='ltr'>ὲκ</span> <span class='ocrx_word' id='word_1_34' title='bbox 227 368 350 400; x_wconf 77' lang='grc' dir='ltr'><strong>δουλείας</strong></span> <span class='ocrx_word' id='word_1_35' title='bbox 362 369 402 400; x_wconf 83' lang='grc' dir='ltr'>εἰς</span> <span class='ocrx_word' id='word_1_36' title='bbox 417 369 562 402; x_wconf 72' lang='grc' dir='ltr'>υἱοθεσίαν,</span> <span class='ocrx_word' id='word_1_37' title='bbox 574 369 604 402; x_wconf 69' lang='grc' dir='ltr'><strong>ἐξ</strong></span> <span class='ocrx_word' id='word_1_38' title='bbox 615 370 726 404; x_wconf 75' lang='grc' dir='ltr'><strong>ἀτιμίας</strong></span> <span class='ocrx_word' id='word_1_39' title='bbox 741 371 788 398; x_wconf 74' lang='grc' dir='ltr'>καὶ</span> <span class='ocrx_word' id='word_1_40' title='bbox 800 371 906 405; x_wconf 78' lang='grc' dir='ltr'><strong>ἀδοξίας</strong></span> 
     </span>
    </p>
   </div>
   <div class='ocr_carea' id='block_1_8' title="bbox 114 413 906 452">
    <p class='ocr_par' dir='ltr' id='par_1_8' title="bbox 114 413 906 452">
     <span class='ocr_line' id='line_1_8' title="bbox 114 413 906 452; baseline 0.005 -12"><span class='ocrx_word' id='word_1_41' title='bbox 114 414 155 446; x_wconf 79' lang='grc' dir='ltr'><strong>είς</strong></span> <span class='ocrx_word' id='word_1_42' title='bbox 166 413 251 449; x_wconf 87' lang='grc' dir='ltr'>τιμὴν</span> <span class='ocrx_word' id='word_1_43' title='bbox 267 415 314 441; x_wconf 80' lang='grc' dir='ltr'>καὶ</span> <span class='ocrx_word' id='word_1_44' title='bbox 325 415 403 447; x_wconf 78' lang='grc' dir='ltr'>δόξαν</span> <span class='ocrx_word' id='word_1_45' title='bbox 417 415 466 450; x_wconf 78' lang='grc' dir='ltr'>τὴν</span> <span class='ocrx_word' id='word_1_46' title='bbox 479 415 631 450; x_wconf 83' lang='grc' dir='ltr'>βασιλικήν.</span> <span class='ocrx_word' id='word_1_47' title='bbox 646 417 751 443; x_wconf 83' lang='grc' dir='ltr'>Οὐκοῦν</span> <span class='ocrx_word' id='word_1_48' title='bbox 767 417 830 444; x_wconf 80' lang='grc' dir='ltr'>ὃταν</span> <span class='ocrx_word' id='word_1_49' title='bbox 845 417 906 452; x_wconf 85' lang='grc' dir='ltr'>φαί-</span> 
     </span>
    </p>
   </div>
   <div class='ocr_carea' id='block_1_9' title="bbox 115 460 906 499">
    <p class='ocr_par' dir='ltr' id='par_1_9' title="bbox 115 460 906 499">
     <span class='ocr_line' id='line_1_9' title="bbox 115 460 906 499; baseline 0.006 -14"><span class='ocrx_word' id='word_1_50' title='bbox 115 469 194 494; x_wconf 87' lang='grc' dir='ltr'>νηται</span> <span class='ocrx_word' id='word_1_51' title='bbox 213 460 361 495; x_wconf 75' lang='grc' dir='ltr'>λαμϐάνων</span> <span class='ocrx_word' id='word_1_52' title='bbox 382 461 420 492; x_wconf 85' lang='grc' dir='ltr'>ὼς</span> <span class='ocrx_word' id='word_1_53' title='bbox 429 461 572 498; x_wconf 76' lang='grc' dir='ltr'>ἄνθρωπος</span> <span class='ocrx_word' id='word_1_54' title='bbox 586 463 600 489; x_wconf 81' lang='grc' dir='ltr'>ὁ</span> <span class='ocrx_word' id='word_1_55' title='bbox 614 463 687 495; x_wconf 83' lang='grc' dir='ltr'>Υἱὸς,</span> <span class='ocrx_word' id='word_1_56' title='bbox 701 463 769 499; x_wconf 82' lang='grc' dir='ltr'>ὅπερ</span> <span class='ocrx_word' id='word_1_57' title='bbox 784 462 855 499; x_wconf 83' lang='grc' dir='ltr'>εἶχεν</span> <span class='ocrx_word' id='word_1_58' title='bbox 869 464 906 497; x_wconf 84' lang='grc' dir='ltr'>ὡς</span> 
     </span>
    </p>
   </div>
   <div class='ocr_carea' id='block_1_10' title="bbox 114 505 906 544">
    <p class='ocr_par' dir='ltr' id='par_1_10' title="bbox 114 505 906 544">
     <span class='ocr_line' id='line_1_10' title="bbox 114 505 906 544; baseline 0.005 -12"><span class='ocrx_word' id='word_1_59' title='bbox 114 505 196 537; x_wconf 78' lang='grc' dir='ltr'>Θεὸς,</span> <span class='ocrx_word' id='word_1_60' title='bbox 225 507 467 542; x_wconf 81' lang='grc' dir='ltr'>σκανδαλιζώμεϐα</span> <span class='ocrx_word' id='word_1_61' title='bbox 490 508 540 543; x_wconf 82' lang='grc' dir='ltr'>μὲν</span> <span class='ocrx_word' id='word_1_62' title='bbox 567 509 708 544; x_wconf 75' lang='grc' dir='ltr'><strong>μηδαμῶς,</strong></span> <span class='ocrx_word' id='word_1_63' title='bbox 726 509 860 544; x_wconf 74' lang='grc' dir='ltr'><strong>ἐννοῶμεν</strong></span> <span class='ocrx_word' id='word_1_64' title='bbox 878 509 906 536; x_wconf 81' lang='grc' dir='ltr'><strong>δὲ</strong></span> 
     </span>
    </p>
   </div>
   <div class='ocr_carea' id='block_1_11' title="bbox 115 552 907 590">
    <p class='ocr_par' dir='ltr' id='par_1_11' title="bbox 115 552 907 590">
     <span class='ocr_line' id='line_1_11' title="bbox 115 552 907 590; baseline 0.006 -13"><span class='ocrx_word' id='word_1_65' title='bbox 115 552 217 586; x_wconf 75' lang='grc' dir='ltr'>μᾶλλον</span> <span class='ocrx_word' id='word_1_66' title='bbox 232 553 282 587; x_wconf 85' lang='grc' dir='ltr'>τῆς</span> <span class='ocrx_word' id='word_1_67' title='bbox 292 553 325 579; x_wconf 85' lang='grc' dir='ltr'><strong>δι’</strong></span> <span class='ocrx_word' id='word_1_68' title='bbox 338 554 412 588; x_wconf 82' lang='grc' dir='ltr'>ἡμᾶς</span> <span class='ocrx_word' id='word_1_69' title='bbox 435 554 482 580; x_wconf 78' lang='grc' dir='ltr'>καὶ</span> <span class='ocrx_word' id='word_1_70' title='bbox 505 554 575 589; x_wconf 84' lang='grc' dir='ltr'>ὑπὲρ</span> <span class='ocrx_word' id='word_1_71' title='bbox 597 555 676 590; x_wconf 82' lang='grc' dir='ltr'>ἡμῶν</span> <span class='ocrx_word' id='word_1_72' title='bbox 690 555 845 590; x_wconf 79' lang='grc' dir='ltr'>οἰκονομίας</span> <span class='ocrx_word' id='word_1_73' title='bbox 861 555 907 582; x_wconf 79' lang='grc' dir='ltr'>τὸν</span> 
     </span>
    </p>
   </div>
   <div class='ocr_carea' id='block_1_12' title="bbox 114 598 908 637">
    <p class='ocr_par' dir='ltr' id='par_1_12' title="bbox 114 598 908 637">
     <span class='ocr_line' id='line_1_12' title="bbox 114 598 908 637; baseline 0.006 -14"><span class='ocrx_word' id='word_1_74' title='bbox 114 598 225 633; x_wconf 70' lang='grc' dir='ltr'>τρόπον.</span> <span class='ocrx_word' id='word_1_75' title='bbox 242 598 321 626; x_wconf 82' lang='grc' dir='ltr'>Οὖτω</span> <span class='ocrx_word' id='word_1_76' title='bbox 334 600 388 635; x_wconf 83' lang='grc' dir='ltr'>γὰρ</span> <span class='ocrx_word' id='word_1_77' title='bbox 405 600 524 634; x_wconf 80' lang='grc' dir='ltr'>ἄτρωτόν</span> <span class='ocrx_word' id='word_1_78' title='bbox 537 609 567 627; x_wconf 82' lang='grc' dir='ltr'><strong>τε</strong></span> <span class='ocrx_word' id='word_1_79' title='bbox 582 601 628 628; x_wconf 76' lang='grc' dir='ltr'>καὶ</span> <span class='ocrx_word' id='word_1_80' title='bbox 641 602 756 637; x_wconf 76' lang='grc' dir='ltr'>ἀζήμιον</span> <span class='ocrx_word' id='word_1_81' title='bbox 777 602 823 628; x_wconf 80' lang='grc' dir='ltr'><strong>τὸν</strong></span> <span class='ocrx_word' id='word_1_82' title='bbox 843 602 908 629; x_wconf 76' lang='grc' dir='ltr'>ἑαυ-</span> 
     </span>
    </p>
   </div>
   <div class='ocr_carea' id='block_1_13' title="bbox 113 644 468 681">
    <p class='ocr_par' dir='ltr' id='par_1_13' title="bbox 113 644 468 681">
     <span class='ocr_line' id='line_1_13' title="bbox 113 644 468 681; baseline 0.008 -11"><span class='ocrx_word' id='word_1_83' title='bbox 113 644 167 670; x_wconf 74' lang='grc' dir='ltr'>τῶν</span> <span class='ocrx_word' id='word_1_84' title='bbox 181 645 384 681; x_wconf 74' lang='grc' dir='ltr'>δια-τηρήσομεν</span> <span class='ocrx_word' id='word_1_85' title='bbox 396 646 468 673; x_wconf 82' lang='grc' dir='ltr'>νοῦν.</span> 
     </span>
    </p>
   </div>
   <div class='ocr_carea' id='block_1_14' title="bbox 156 690 904 728">
    <p class='ocr_par' dir='ltr' id='par_1_14' title="bbox 156 690 904 728">
     <span class='ocr_line' id='line_1_14' title="bbox 156 690 904 728; baseline 0.005 -12"><span class='ocrx_word' id='word_1_86' title='bbox 156 690 188 716; x_wconf 91' lang='lat'><strong>&#39;0</strong></span> <span class='ocrx_word' id='word_1_87' title='bbox 204 692 356 718; x_wconf 81' lang='grc' dir='ltr'><strong>πιστεύων</strong></span> <span class='ocrx_word' id='word_1_88' title='bbox 373 693 416 725; x_wconf 83' lang='grc' dir='ltr'><strong>εις</strong></span> <span class='ocrx_word' id='word_1_89' title='bbox 437 693 491 719; x_wconf 76' lang='grc' dir='ltr'><strong>τὸν</strong></span> <span class='ocrx_word' id='word_1_90' title='bbox 519 693 596 727; x_wconf 83' lang='grc' dir='ltr'>Υιὸν,</span> <span class='ocrx_word' id='word_1_91' title='bbox 610 694 673 728; x_wconf 71' lang='grc' dir='ltr'>ἔχει</span> <span class='ocrx_word' id='word_1_92' title='bbox 685 693 762 727; x_wconf 60' lang='lat' dir='ltr'><strong>(why</strong></span> <span class='ocrx_word' id='word_1_93' title='bbox 775 693 904 721; x_wconf 71' lang='grc' dir='ltr'>αἰώνιον.</span> 
     </span>
    </p>
   </div>
   <div class='ocr_carea' id='block_1_15' title="bbox 150 736 907 773">
    <p class='ocr_par' dir='ltr' id='par_1_15' title="bbox 150 736 907 773">
     <span class='ocr_line' id='line_1_15' title="bbox 150 736 907 773; baseline 0.004 -11"><span class='ocrx_word' id='word_1_94' title='bbox 150 737 208 770; x_wconf 76' lang='grc' dir='ltr'><strong>Οὐχ</strong></span> <span class='ocrx_word' id='word_1_95' title='bbox 222 736 326 768; x_wconf 81' lang='grc' dir='ltr'>ἁπλῶς,</span> <span class='ocrx_word' id='word_1_96' title='bbox 342 738 402 764; x_wconf 82' lang='grc' dir='ltr'><strong>οὐδὲ</strong></span> <span class='ocrx_word' id='word_1_97' title='bbox 428 738 572 773; x_wconf 78' lang='grc' dir='ltr'>ἀζητήτως</span> <span class='ocrx_word' id='word_1_98' title='bbox 596 740 653 770; x_wconf 82' lang='grc' dir='ltr'>τοῖς</span> <span class='ocrx_word' id='word_1_99' title='bbox 675 738 848 766; x_wconf 78' lang='grc' dir='ltr'><strong>πιστεύουσιν</strong></span> <span class='ocrx_word' id='word_1_100' title='bbox 867 740 907 770; x_wconf 86' lang='grc' dir='ltr'>εἰς</span> 
     </span>
    </p>
   </div>
   <div class='ocr_carea' id='block_1_16' title="bbox 114 782 907 819">
    <p class='ocr_par' dir='ltr' id='par_1_16' title="bbox 114 782 907 819">
     <span class='ocr_line' id='line_1_16' title="bbox 114 782 907 819; baseline 0.003 -11"><span class='ocrx_word' id='word_1_101' title='bbox 114 783 233 816; x_wconf 67' lang='grc' dir='ltr'>Χριστὸν</span> <span class='ocrx_word' id='word_1_102' title='bbox 263 782 335 818; x_wconf 80' lang='grc' dir='ltr'>ζωὴν</span> <span class='ocrx_word' id='word_1_103' title='bbox 360 783 521 818; x_wconf 79' lang='grc' dir='ltr'>προκεῖσθαι</span> <span class='ocrx_word' id='word_1_104' title='bbox 547 784 578 810; x_wconf 79' lang='grc' dir='ltr'>τὸ</span> <span class='ocrx_word' id='word_1_105' title='bbox 603 784 686 819; x_wconf 78' lang='grc' dir='ltr'>γέρας</span> <span class='ocrx_word' id='word_1_106' title='bbox 711 785 726 811; x_wconf 83' lang='grc' dir='ltr'><strong>ό</strong></span> <span class='ocrx_word' id='word_1_107' title='bbox 753 784 907 818; x_wconf 84' lang='grc' dir='ltr'>σοφώτατος</span> 
     </span>
    </p>
   </div>
   <div class='ocr_carea' id='block_1_17' title="bbox 113 828 907 864">
    <p class='ocr_par' dir='ltr' id='par_1_17' title="bbox 113 828 907 864">
     <span class='ocr_line' id='line_1_17' title="bbox 113 828 907 864; baseline 0 -10"><span class='ocrx_word' id='word_1_108' title='bbox 113 828 300 863; x_wconf 74' lang='grc' dir='ltr'>ἐπιμαρτυρεί</span> <span class='ocrx_word' id='word_1_109' title='bbox 332 828 498 864; x_wconf 85' lang='grc' dir='ltr'>Βαπτιστὴς,</span> <span class='ocrx_word' id='word_1_110' title='bbox 525 828 583 855; x_wconf 79' lang='grc' dir='ltr'>ἀλλ’</span> <span class='ocrx_word' id='word_1_111' title='bbox 613 829 642 862; x_wconf 75' lang='grc' dir='ltr'><strong>ἐξ</strong></span> <span class='ocrx_word' id='word_1_112' title='bbox 670 829 754 864; x_wconf 82' lang='grc' dir='ltr'>αὐτῆς</span> <span class='ocrx_word' id='word_1_113' title='bbox 775 829 851 864; x_wconf 79' lang='grc' dir='ltr'>ἡμῖν,</span> <span class='ocrx_word' id='word_1_114' title='bbox 874 829 907 855; x_wconf 84' lang='grc' dir='ltr'><strong>ἵν’</strong></span> 
     </span>
    </p>
   </div>
   <div class='ocr_carea' id='block_1_18' title="bbox 112 873 907 910">
    <p class='ocr_par' dir='ltr' id='par_1_18' title="bbox 112 873 907 910">
     <span class='ocr_line' id='line_1_18' title="bbox 112 873 907 910; baseline 0.001 -11"><span class='ocrx_word' id='word_1_115' title='bbox 112 873 200 904; x_wconf 75' lang='grc' dir='ltr'>οὕτως</span> <span class='ocrx_word' id='word_1_116' title='bbox 213 874 293 906; x_wconf 83' lang='grc' dir='ltr'>εἴπω,</span> <span class='ocrx_word' id='word_1_117' title='bbox 306 874 355 908; x_wconf 81' lang='grc' dir='ltr'>τῆς</span> <span class='ocrx_word' id='word_1_118' title='bbox 368 874 422 901; x_wconf 86' lang='grc' dir='ltr'>τῶν</span> <span class='ocrx_word' id='word_1_119' title='bbox 431 874 600 910; x_wconf 79' lang='grc' dir='ltr'><strong>πραγμάτων</strong></span> <span class='ocrx_word' id='word_1_120' title='bbox 611 875 751 910; x_wconf 83' lang='grc' dir='ltr'><strong>ποιότητος</strong></span> <span class='ocrx_word' id='word_1_121' title='bbox 757 873 907 909; x_wconf 72' lang='grc' dir='ltr'><strong>εἰσκομίζει</strong></span> 
     </span>
    </p>
   </div>
   <div class='ocr_carea' id='block_1_19' title="bbox 113 917 908 955">
    <p class='ocr_par' dir='ltr' id='par_1_19' title="bbox 113 917 908 955">
     <span class='ocr_line' id='line_1_19' title="bbox 113 917 908 955; baseline 0.004 -12"><span class='ocrx_word' id='word_1_122' title='bbox 113 917 162 953; x_wconf 82' lang='grc' dir='ltr'>τὴν</span> <span class='ocrx_word' id='word_1_123' title='bbox 187 919 341 951; x_wconf 77' lang='grc' dir='ltr'>ἀπόδειξιν·</span> <span class='ocrx_word' id='word_1_124' title='bbox 361 919 417 954; x_wconf 82' lang='grc' dir='ltr'><strong>ζωὴ</strong></span> <span class='ocrx_word' id='word_1_125' title='bbox 437 920 488 953; x_wconf 85' lang='grc' dir='ltr'>μὲν</span> <span class='ocrx_word' id='word_1_126' title='bbox 513 920 567 955; x_wconf 80' lang='grc' dir='ltr'><strong>γὰρ</strong></span> <span class='ocrx_word' id='word_1_127' title='bbox 599 921 669 947; x_wconf 77' lang='grc' dir='ltr'>κατὰ</span> <span class='ocrx_word' id='word_1_128' title='bbox 690 920 771 954; x_wconf 80' lang='grc' dir='ltr'>φύσιν</span> <span class='ocrx_word' id='word_1_129' title='bbox 794 921 868 946; x_wconf 72' lang='grc' dir='ltr'>ἐστὶν</span> <span class='ocrx_word' id='word_1_130' title='bbox 893 921 908 946; x_wconf 86' lang='grc' dir='ltr'>ὁ</span> 
     </span>
    </p>
   </div>
   <div class='ocr_carea' id='block_1_20' title="bbox 957 323 1742 358">
    <p class='ocr_par' dir='ltr' id='par_1_20' title="bbox 957 323 1742 358">
     <span class='ocr_line' id='line_1_20' title="bbox 957 323 1742 358; baseline 0 -7"><span class='ocrx_word' id='word_1_131' title='bbox 957 328 1054 357; x_wconf 88' lang='lat' dir='ltr'><strong>tutcm,</strong></span> <span class='ocrx_word' id='word_1_132' title='bbox 1068 331 1083 351; x_wconf 85' lang='lat' dir='ltr'><strong>a</strong></span> <span class='ocrx_word' id='word_1_133' title='bbox 1095 323 1226 352; x_wconf 85' lang='lat' dir='ltr'><strong>servitute</strong></span> <span class='ocrx_word' id='word_1_134' title='bbox 1242 323 1269 350; x_wconf 93' lang='lat' dir='ltr'><strong>in</strong></span> <span class='ocrx_word' id='word_1_135' title='bbox 1285 323 1458 358; x_wconf 81' lang='lat' dir='ltr'><strong>adoptionem</strong></span> <span class='ocrx_word' id='word_1_136' title='bbox 1483 325 1600 352; x_wconf 80' lang='lat' dir='ltr'><strong>ﬁliorum</strong></span> <span class='ocrx_word' id='word_1_137' title='bbox 1619 324 1666 351; x_wconf 88' lang='lat' dir='ltr'><strong>Dei</strong></span> <span class='ocrx_word' id='word_1_138' title='bbox 1676 325 1710 355; x_wconf 78' lang='lat'><strong>&quot;,</strong></span> <span class='ocrx_word' id='word_1_139' title='bbox 1726 331 1742 351; x_wconf 85' lang='lat' dir='ltr'><strong>a</strong></span> 
     </span>
    </p>
   </div>
   <div class='ocr_carea' id='block_1_21' title="bbox 956 369 1743 405">
    <p class='ocr_par' dir='ltr' id='par_1_21' title="bbox 956 369 1743 405">
     <span class='ocr_line' id='line_1_21' title="bbox 956 369 1743 405; baseline -0.001 -7"><span class='ocrx_word' id='word_1_140' title='bbox 956 370 1090 398; x_wconf 84' lang='lat' dir='ltr'><strong>dedecore</strong></span> <span class='ocrx_word' id='word_1_141' title='bbox 1107 373 1134 397; x_wconf 85' lang='lat' dir='ltr'><strong>et</strong></span> <span class='ocrx_word' id='word_1_142' title='bbox 1149 369 1300 405; x_wconf 77' lang='lat' dir='ltr'><strong>ignominia</strong></span> <span class='ocrx_word' id='word_1_143' title='bbox 1314 369 1347 395; x_wconf 84' lang='lat' dir='ltr'><strong>ad</strong></span> <span class='ocrx_word' id='word_1_144' title='bbox 1365 369 1496 397; x_wconf 83' lang='lat' dir='ltr'><strong>honorem</strong></span> <span class='ocrx_word' id='word_1_145' title='bbox 1512 375 1539 398; x_wconf 92' lang='lat' dir='ltr'><strong>et</strong></span> <span class='ocrx_word' id='word_1_146' title='bbox 1563 370 1676 405; x_wconf 80' lang='lat' dir='ltr'><strong>gloriam</strong></span> <span class='ocrx_word' id='word_1_147' title='bbox 1701 378 1743 397; x_wconf 83' lang='lat' dir='ltr'><strong>re-</strong></span> 
     </span>
    </p>
   </div>
   <div class='ocr_carea' id='block_1_22' title="bbox 956 415 1742 452">
    <p class='ocr_par' dir='ltr' id='par_1_22' title="bbox 956 415 1742 452">
     <span class='ocr_line' id='line_1_22' title="bbox 956 415 1742 452; baseline -0.001 -9"><span class='ocrx_word' id='word_1_148' title='bbox 956 417 1056 452; x_wconf 77' lang='lat' dir='ltr'><strong>galem.</strong></span> <span class='ocrx_word' id='word_1_149' title='bbox 1071 415 1164 450; x_wconf 84' lang='lat' dir='ltr'><strong>Itaque</strong></span> <span class='ocrx_word' id='word_1_150' title='bbox 1177 422 1240 442; x_wconf 89' lang='lat' dir='ltr'><strong>cum</strong></span> <span class='ocrx_word' id='word_1_151' title='bbox 1256 415 1369 442; x_wconf 86' lang='lat' dir='ltr'><strong>videtur</strong></span> <span class='ocrx_word' id='word_1_152' title='bbox 1380 416 1506 450; x_wconf 86' lang='lat' dir='ltr'><strong>accipere</strong></span> <span class='ocrx_word' id='word_1_153' title='bbox 1517 419 1546 443; x_wconf 95' lang='lat' dir='ltr'><strong>ut</strong></span> <span class='ocrx_word' id='word_1_154' title='bbox 1562 416 1643 443; x_wconf 90' lang='lat' dir='ltr'><strong>homo</strong></span> <span class='ocrx_word' id='word_1_155' title='bbox 1657 416 1742 442; x_wconf 84' lang='lat' dir='ltr'><strong>Filius</strong></span> 
     </span>
    </p>
   </div>
   <div class='ocr_carea' id='block_1_23' title="bbox 957 460 1744 497">
    <p class='ocr_par' dir='ltr' id='par_1_23' title="bbox 957 460 1744 497">
     <span class='ocr_line' id='line_1_23' title="bbox 957 460 1744 497; baseline -0.003 -7"><span class='ocrx_word' id='word_1_156' title='bbox 957 470 988 490; x_wconf 84' lang='lat' dir='ltr'><strong>ea</strong></span> <span class='ocrx_word' id='word_1_157' title='bbox 1003 470 1064 497; x_wconf 67' lang='lat' dir='ltr'><strong>quae</strong></span> <span class='ocrx_word' id='word_1_158' title='bbox 1079 461 1198 489; x_wconf 83' lang='lat' dir='ltr'><strong>habebat</strong></span> <span class='ocrx_word' id='word_1_159' title='bbox 1211 466 1241 488; x_wconf 91' lang='lat' dir='ltr'><strong>ut</strong></span> <span class='ocrx_word' id='word_1_160' title='bbox 1255 460 1338 493; x_wconf 83' lang='lat' dir='ltr'><strong>Deus.</strong></span> <span class='ocrx_word' id='word_1_161' title='bbox 1354 469 1418 488; x_wconf 91' lang='lat' dir='ltr'><strong>non-</strong></span> <span class='ocrx_word' id='word_1_162' title='bbox 1430 460 1613 493; x_wconf 76' lang='lat' dir='ltr'><strong>oll‘eudamur,</strong></span> <span class='ocrx_word' id='word_1_163' title='bbox 1631 462 1678 489; x_wconf 87' lang='lat' dir='ltr'><strong>sed</strong></span> <span class='ocrx_word' id='word_1_164' title='bbox 1698 469 1744 488; x_wconf 89' lang='lat' dir='ltr'><strong>ra-</strong></span> 
     </span>
    </p>
   </div>
   <div class='ocr_carea' id='block_1_24' title="bbox 958 507 1746 543">
    <p class='ocr_par' dir='ltr' id='par_1_24' title="bbox 958 507 1746 543">
     <span class='ocr_line' id='line_1_24' title="bbox 958 507 1746 543; baseline -0.004 -7"><span class='ocrx_word' id='word_1_165' title='bbox 958 509 1059 536; x_wconf 86' lang='lat' dir='ltr'><strong>tionem</strong></span> <span class='ocrx_word' id='word_1_166' title='bbox 1078 507 1296 543; x_wconf 75' lang='lat' dir='ltr'><strong>dispensationis</strong></span> <span class='ocrx_word' id='word_1_167' title='bbox 1312 515 1374 542; x_wconf 65' lang='lat' dir='ltr'><strong>quae</strong></span> <span class='ocrx_word' id='word_1_168' title='bbox 1388 507 1475 534; x_wconf 86' lang='lat' dir='ltr'><strong>nostri</strong></span> <span class='ocrx_word' id='word_1_169' title='bbox 1489 514 1573 534; x_wconf 85' lang='lat' dir='ltr'><strong>causa</strong></span> <span class='ocrx_word' id='word_1_170' title='bbox 1591 511 1617 534; x_wconf 86' lang='lat' dir='ltr'><strong>et</strong></span> <span class='ocrx_word' id='word_1_171' title='bbox 1631 515 1679 542; x_wconf 86' lang='lat' dir='ltr'><strong>pro</strong></span> <span class='ocrx_word' id='word_1_172' title='bbox 1694 515 1746 534; x_wconf 80' lang='lat' dir='ltr'><strong>uo—</strong></span> 
     </span>
    </p>
   </div>
   <div class='ocr_carea' id='block_1_25' title="bbox 957 550 1744 589">
    <p class='ocr_par' dir='ltr' id='par_1_25' title="bbox 957 550 1744 589">
     <span class='ocr_line' id='line_1_25' title="bbox 957 550 1744 589; baseline -0.008 -7"><span class='ocrx_word' id='word_1_173' title='bbox 957 555 1000 583; x_wconf 90' lang='lat' dir='ltr'><strong>bis</strong></span> <span class='ocrx_word' id='word_1_174' title='bbox 1019 554 1090 582; x_wconf 78' lang='lat' dir='ltr'><strong>facta</strong></span> <span class='ocrx_word' id='word_1_175' title='bbox 1105 559 1147 582; x_wconf 90' lang='lat' dir='ltr'><strong>est</strong></span> <span class='ocrx_word' id='word_1_176' title='bbox 1161 555 1254 581; x_wconf 91' lang='lat' dir='ltr'><strong>animo</strong></span> <span class='ocrx_word' id='word_1_177' title='bbox 1273 554 1368 589; x_wconf 80' lang='lat' dir='ltr'><strong>potius</strong></span> <span class='ocrx_word' id='word_1_178' title='bbox 1384 554 1598 589; x_wconf 82' lang='lat' dir='ltr'><strong>perpendamus.</strong></span> <span class='ocrx_word' id='word_1_179' title='bbox 1614 552 1660 579; x_wconf 87' lang='lat' dir='ltr'><strong>Sic</strong></span> <span class='ocrx_word' id='word_1_180' title='bbox 1671 550 1744 579; x_wconf 85' lang='lat' dir='ltr'><strong>enim</strong></span> 
     </span>
    </p>
   </div>
   <div class='ocr_carea' id='block_1_26' title="bbox 958 600 1746 628">
    <p class='ocr_par' dir='ltr' id='par_1_26' title="bbox 958 600 1746 628">
     <span class='ocr_line' id='line_1_26' title="bbox 958 600 1746 628; baseline -0.003 0"><span class='ocrx_word' id='word_1_181' title='bbox 958 601 1187 628; x_wconf 80' lang='lat' dir='ltr'><strong>invulnerabilem</strong></span> <span class='ocrx_word' id='word_1_182' title='bbox 1201 605 1228 628; x_wconf 89' lang='lat' dir='ltr'><strong>et</strong></span> <span class='ocrx_word' id='word_1_183' title='bbox 1243 600 1378 627; x_wconf 87' lang='lat' dir='ltr'><strong>illibatam</strong></span> <span class='ocrx_word' id='word_1_184' title='bbox 1394 604 1513 628; x_wconf 83' lang='lat' dir='ltr'><strong>mentem</strong></span> <span class='ocrx_word' id='word_1_185' title='bbox 1537 603 1662 627; x_wconf 86' lang='lat' dir='ltr'><strong>nostram</strong></span> <span class='ocrx_word' id='word_1_186' title='bbox 1687 607 1746 627; x_wconf 85' lang='lat' dir='ltr'><strong>ser-</strong></span> 
     </span>
    </p>
   </div>
   <div class='ocr_carea' id='block_1_27' title="bbox 957 645 1295 674">
    <p class='ocr_par' dir='ltr' id='par_1_27' title="bbox 957 645 1295 674">
     <span class='ocr_line' id='line_1_27' title="bbox 957 645 1295 674; baseline -0.003 0"><span class='ocrx_word' id='word_1_187' title='bbox 957 647 1094 674; x_wconf 86' lang='lat' dir='ltr'><strong>vabimus.</strong></span> <span class='ocrx_word' id='word_1_188' title='bbox 1284 645 1295 654; x_wconf 85' lang='lat'><strong>‘</strong></span> 
     </span>
    </p>
   </div>
   <div class='ocr_carea' id='block_1_28' title="bbox 957 691 1743 725">
    <p class='ocr_par' dir='ltr' id='par_1_28' title="bbox 957 691 1743 725">
     <span class='ocr_line' id='line_1_28' title="bbox 957 691 1743 725; baseline -0.001 -6"><span class='ocrx_word' id='word_1_189' title='bbox 957 693 992 720; x_wconf 84' lang='lat' dir='ltr'><strong>ill</strong></span> <span class='ocrx_word' id='word_1_190' title='bbox 1003 713 1010 724; x_wconf 82' lang='lat'><strong>,</strong></span> <span class='ocrx_word' id='word_1_191' title='bbox 1031 693 1075 720; x_wconf 78' lang='grc'><strong>⁸56.</strong></span> <span class='ocrx_word' id='word_1_192' title='bbox 1098 692 1150 725; x_wconf 77' lang='lat' dir='ltr'><strong>Qui</strong></span> <span class='ocrx_word' id='word_1_193' title='bbox 1160 692 1242 719; x_wconf 78' lang='lat' dir='ltr'><strong>credit</strong></span> <span class='ocrx_word' id='word_1_194' title='bbox 1256 692 1282 719; x_wconf 83' lang='lat' dir='ltr'><strong>in</strong></span> <span class='ocrx_word' id='word_1_195' title='bbox 1298 691 1414 725; x_wconf 84' lang='lat' dir='ltr'><strong>Filium,</strong></span> <span class='ocrx_word' id='word_1_196' title='bbox 1426 691 1502 719; x_wconf 80' lang='lat' dir='ltr'><strong>habet</strong></span> <span class='ocrx_word' id='word_1_197' title='bbox 1514 692 1594 718; x_wconf 83' lang='lat' dir='ltr'><strong>vitam</strong></span> <span class='ocrx_word' id='word_1_198' title='bbox 1606 696 1743 718; x_wconf 79' lang='lat' dir='ltr'><strong>a-ternam.</strong></span> 
     </span>
    </p>
   </div>
   <div class='ocr_carea' id='block_1_29' title="bbox 993 735 1745 772">
    <p class='ocr_par' dir='ltr' id='par_1_29' title="bbox 993 735 1745 772">
     <span class='ocr_line' id='line_1_29' title="bbox 993 735 1745 772; baseline -0.004 -8"><span class='ocrx_word' id='word_1_199' title='bbox 993 737 1053 764; x_wconf 74' lang='lat' dir='ltr'><strong>Non</strong></span> <span class='ocrx_word' id='word_1_200' title='bbox 1073 737 1240 772; x_wconf 86' lang='lat' dir='ltr'><strong>simpliciter</strong></span> <span class='ocrx_word' id='word_1_201' title='bbox 1258 744 1312 764; x_wconf 87' lang='lat' dir='ltr'><strong>nec</strong></span> <span class='ocrx_word' id='word_1_202' title='bbox 1337 737 1495 763; x_wconf 73' lang='lat' dir='ltr'><strong>indiscussa</strong></span> <span class='ocrx_word' id='word_1_203' title='bbox 1520 735 1697 763; x_wconf 83' lang='lat' dir='ltr'><strong>credentibus</strong></span> <span class='ocrx_word' id='word_1_204' title='bbox 1718 735 1745 761; x_wconf 91' lang='lat' dir='ltr'><strong>iu</strong></span> 
     </span>
    </p>
   </div>
   <div class='ocr_carea' id='block_1_30' title="bbox 957 781 1746 816">
    <p class='ocr_par' dir='ltr' id='par_1_30' title="bbox 957 781 1746 816">
     <span class='ocr_line' id='line_1_30' title="bbox 957 781 1746 816; baseline -0.004 -7"><span class='ocrx_word' id='word_1_205' title='bbox 957 782 1099 809; x_wconf 84' lang='lat' dir='ltr'><strong>Christum</strong></span> <span class='ocrx_word' id='word_1_206' title='bbox 1120 782 1203 808; x_wconf 89' lang='lat' dir='ltr'><strong>vitam</strong></span> <span class='ocrx_word' id='word_1_207' title='bbox 1222 781 1393 816; x_wconf 84' lang='lat' dir='ltr'><strong>propositam</strong></span> <span class='ocrx_word' id='word_1_208' title='bbox 1411 789 1474 809; x_wconf 86' lang='lat' dir='ltr'><strong>esse</strong></span> <span class='ocrx_word' id='word_1_209' title='bbox 1491 782 1520 808; x_wconf 89' lang='lat' dir='ltr'><strong>in</strong></span> <span class='ocrx_word' id='word_1_210' title='bbox 1539 781 1681 816; x_wconf 62' lang='lat' dir='ltr'><strong>praemium</strong></span> <span class='ocrx_word' id='word_1_211' title='bbox 1699 788 1746 807; x_wconf 83' lang='lat' dir='ltr'><strong>sa-</strong></span> 
     </span>
    </p>
   </div>
   <div class='ocr_carea' id='block_1_31' title="bbox 958 826 1746 863">
    <p class='ocr_par' dir='ltr' id='par_1_31' title="bbox 958 826 1746 863">
     <span class='ocr_line' id='line_1_31' title="bbox 958 826 1746 863; baseline -0.001 -10"><span class='ocrx_word' id='word_1_212' title='bbox 958 828 1149 863; x_wconf 82' lang='lat' dir='ltr'><strong>pientissimus</strong></span> <span class='ocrx_word' id='word_1_213' title='bbox 1165 827 1289 863; x_wconf 78' lang='lat' dir='ltr'><strong>Baptista</strong></span> <span class='ocrx_word' id='word_1_214' title='bbox 1305 832 1435 861; x_wconf 83' lang='lat' dir='ltr'><strong>testatur,</strong></span> <span class='ocrx_word' id='word_1_215' title='bbox 1454 827 1501 856; x_wconf 86' lang='lat' dir='ltr'><strong>sed</strong></span> <span class='ocrx_word' id='word_1_216' title='bbox 1517 835 1550 854; x_wconf 83' lang='lat' dir='ltr'><strong>ex</strong></span> <span class='ocrx_word' id='word_1_217' title='bbox 1567 827 1625 862; x_wconf 81' lang='lat' dir='ltr'><strong>ipsa</strong></span> <span class='ocrx_word' id='word_1_218' title='bbox 1636 848 1644 860; x_wconf 86' lang='lat'>,</span> <span class='ocrx_word' id='word_1_219' title='bbox 1662 830 1692 852; x_wconf 93' lang='lat' dir='ltr'><strong>ut</strong></span> <span class='ocrx_word' id='word_1_220' title='bbox 1709 826 1746 853; x_wconf 87' lang='lat' dir='ltr'><strong>ita</strong></span> 
     </span>
    </p>
   </div>
   <div class='ocr_carea' id='block_1_32' title="bbox 958 871 1745 907">
    <p class='ocr_par' dir='ltr' id='par_1_32' title="bbox 958 871 1745 907">
     <span class='ocr_line' id='line_1_32' title="bbox 958 871 1745 907; baseline -0.001 -8"><span class='ocrx_word' id='word_1_221' title='bbox 958 872 1068 906; x_wconf 87' lang='lat' dir='ltr'><strong>dicam,</strong></span> <span class='ocrx_word' id='word_1_222' title='bbox 1099 880 1189 900; x_wconf 87' lang='lat' dir='ltr'><strong>rerum</strong></span> <span class='ocrx_word' id='word_1_223' title='bbox 1211 873 1345 907; x_wconf 87' lang='lat' dir='ltr'><strong>qualitate</strong></span> <span class='ocrx_word' id='word_1_224' title='bbox 1364 873 1628 901; x_wconf 85' lang='lat' dir='ltr'><strong>demonstrationem</strong></span> <span class='ocrx_word' id='word_1_225' title='bbox 1650 871 1745 899; x_wconf 82' lang='lat' dir='ltr'><strong>infert.</strong></span> 
     </span>
    </p>
   </div>
   <div class='ocr_carea' id='block_1_33' title="bbox 961 917 1746 954">
    <p class='ocr_par' dir='ltr' id='par_1_33' title="bbox 961 917 1746 954">
     <span class='ocr_line' id='line_1_33' title="bbox 961 917 1746 954; baseline -0.001 -8"><span class='ocrx_word' id='word_1_226' title='bbox 961 918 1020 946; x_wconf 69' lang='lat' dir='ltr'><strong>Vita</strong></span> <span class='ocrx_word' id='word_1_227' title='bbox 1035 920 1107 947; x_wconf 92' lang='lat' dir='ltr'><strong>enim</strong></span> <span class='ocrx_word' id='word_1_228' title='bbox 1126 919 1279 947; x_wconf 85' lang='lat' dir='ltr'><strong>secundum</strong></span> <span class='ocrx_word' id='word_1_229' title='bbox 1296 924 1423 947; x_wconf 87' lang='lat' dir='ltr'><strong>naturam</strong></span> <span class='ocrx_word' id='word_1_230' title='bbox 1438 923 1480 947; x_wconf 88' lang='lat' dir='ltr'><strong>est</strong></span> <span class='ocrx_word' id='word_1_231' title='bbox 1498 919 1676 954; x_wconf 80' lang='lat' dir='ltr'><strong>Unigenitus.</strong></span> <span class='ocrx_word' id='word_1_232' title='bbox 1694 926 1702 942; x_wconf 80' lang='grc' dir='ltr'><strong>ι</strong></span> <span class='ocrx_word' id='word_1_233' title='bbox 1717 917 1746 943; x_wconf 91' lang='lat' dir='ltr'><strong>lu</strong></span> 
     </span>
    </p>
   </div>
   <div class='ocr_carea' id='block_1_34' title="bbox 113 961 906 1002">
    <p class='ocr_par' dir='ltr' id='par_1_34' title="bbox 113 965 905 1002">
     <span class='ocr_line' id='line_1_34' title="bbox 113 965 905 1002; baseline 0.003 -12"><span class='ocrx_word' id='word_1_234' title='bbox 113 965 271 999; x_wconf 81' lang='grc' dir='ltr'>Μονογενής</span> <span class='ocrx_word' id='word_1_235' title='bbox 283 973 289 980; x_wconf 90' lang='grc'><strong>·</strong></span> <span class='ocrx_word' id='word_1_236' title='bbox 309 974 318 990; x_wconf 81' lang='grc' dir='ltr'><strong>ι</strong></span> <span class='ocrx_word' id='word_1_237' title='bbox 337 965 382 991; x_wconf 82' lang='grc' dir='ltr'>Ἐν</span> <span class='ocrx_word' id='word_1_238' title='bbox 396 965 470 1000; x_wconf 83' lang='grc' dir='ltr'><strong>αὑτῷ</strong></span> <span class='ocrx_word' id='word_1_239' title='bbox 485 965 539 1002; x_wconf 78' lang='grc' dir='ltr'><strong>γὰρ</strong></span> <span class='ocrx_word' id='word_1_240' title='bbox 555 966 656 1001; x_wconf 84' lang='grc' dir='ltr'>ζῶμεν,</span> <span class='ocrx_word' id='word_1_241' title='bbox 680 967 726 993; x_wconf 79' lang='grc' dir='ltr'>καὶ</span> <span class='ocrx_word' id='word_1_242' title='bbox 749 966 905 1002; x_wconf 84' lang='grc' dir='ltr'>κινούμεθα,</span> 
     </span>
    </p>
   </div>
   <div class='ocr_carea' id='block_1_35' title="bbox 958 961 1747 1002">
    <p class='ocr_par' dir='ltr' id='par_1_35' title="bbox 959 964 1747 1000">
     <span class='ocr_line' id='line_1_35' title="bbox 959 964 1747 1000; baseline -0.004 -8"><span class='ocrx_word' id='word_1_243' title='bbox 959 966 1019 1000; x_wconf 86' lang='lat' dir='ltr'><strong>ipso</strong></span> <span class='ocrx_word' id='word_1_244' title='bbox 1038 966 1140 1000; x_wconf 80' lang='lat' dir='ltr'><strong>quippe</strong></span> <span class='ocrx_word' id='word_1_245' title='bbox 1156 966 1273 993; x_wconf 85' lang='lat' dir='ltr'><strong>vivimus</strong></span> <span class='ocrx_word' id='word_1_246' title='bbox 1285 985 1292 998; x_wconf 92' lang='lat'><strong><em>,</em></strong></span> <span class='ocrx_word' id='word_1_247' title='bbox 1314 973 1468 998; x_wconf 84' lang='lat' dir='ltr'><strong>mevemur,</strong></span> <span class='ocrx_word' id='word_1_248' title='bbox 1485 970 1512 993; x_wconf 89' lang='lat' dir='ltr'><strong>et</strong></span> <span class='ocrx_word' id='word_1_249' title='bbox 1530 972 1627 992; x_wconf 89' lang='lat' dir='ltr'><strong>sumus</strong></span> <span class='ocrx_word' id='word_1_250' title='bbox 1645 964 1677 990; x_wconf 75' lang='grc'><strong>⁸⁸.</strong></span> <span class='ocrx_word' id='word_1_251' title='bbox 1692 974 1701 989; x_wconf 76' lang='grc' dir='ltr'><strong>ν</strong></span> <span class='ocrx_word' id='word_1_252' title='bbox 1718 964 1747 990; x_wconf 86' lang='grc' dir='ltr'>1η</span> 
     </span>
    </p>
   </div>
   <div class='ocr_carea' id='block_1_36' title="bbox 114 1010 908 1046">
    <p class='ocr_par' dir='ltr' id='par_1_36' title="bbox 114 1010 908 1046">
     <span class='ocr_line' id='line_1_36' title="bbox 114 1010 908 1046; baseline 0.003 -10"><span class='ocrx_word' id='word_1_253' title='bbox 114 1010 162 1036; x_wconf 75' lang='grc' dir='ltr'>καὶ</span> <span class='ocrx_word' id='word_1_254' title='bbox 175 1011 270 1044; x_wconf 80' lang='grc' dir='ltr'>ἐσμέν.</span> <span class='ocrx_word' id='word_1_255' title='bbox 291 1020 299 1036; x_wconf 75' lang='grc' dir='ltr'><strong>ι</strong></span> <span class='ocrx_word' id='word_1_256' title='bbox 318 1010 501 1042; x_wconf 75' lang='grc' dir='ltr'>Εἰσοικεζεται</span> <span class='ocrx_word' id='word_1_257' title='bbox 525 1011 554 1037; x_wconf 80' lang='grc' dir='ltr'><strong>δὲ</strong></span> <span class='ocrx_word' id='word_1_258' title='bbox 582 1011 691 1043; x_wconf 83' lang='grc' dir='ltr'>πάντως</span> <span class='ocrx_word' id='word_1_259' title='bbox 711 1012 776 1046; x_wconf 84' lang='grc' dir='ltr'>ἡμῖν</span> <span class='ocrx_word' id='word_1_260' title='bbox 797 1011 842 1038; x_wconf 72' lang='grc' dir='ltr'>διὰ</span> <span class='ocrx_word' id='word_1_261' title='bbox 857 1012 908 1046; x_wconf 75' lang='grc' dir='ltr'>τῆς</span> 
     </span>
    </p>
   </div>
   <div class='ocr_carea' id='block_1_37' title="bbox 113 1055 909 1091">
    <p class='ocr_par' dir='ltr' id='par_1_37' title="bbox 113 1055 909 1091">
     <span class='ocr_line' id='line_1_37' title="bbox 113 1055 909 1091; baseline 0.001 -10"><span class='ocrx_word' id='word_1_262' title='bbox 113 1055 242 1086; x_wconf 81' lang='grc' dir='ltr'>πίστεως,</span> <span class='ocrx_word' id='word_1_263' title='bbox 256 1056 303 1082; x_wconf 80' lang='grc' dir='ltr'>καὶ</span> <span class='ocrx_word' id='word_1_264' title='bbox 319 1057 443 1082; x_wconf 82' lang='grc' dir='ltr'>κατοικεῖ</span> <span class='ocrx_word' id='word_1_265' title='bbox 455 1055 500 1082; x_wconf 80' lang='grc' dir='ltr'><strong>διὰ</strong></span> <span class='ocrx_word' id='word_1_266' title='bbox 512 1055 558 1082; x_wconf 82' lang='grc' dir='ltr'>τοῦ</span> <span class='ocrx_word' id='word_1_267' title='bbox 575 1057 654 1090; x_wconf 82' lang='grc' dir='ltr'>ἁγίου</span> <span class='ocrx_word' id='word_1_268' title='bbox 670 1056 740 1083; x_wconf 86' lang='grc' dir='ltr'>Πνεύ</span> <span class='ocrx_word' id='word_1_269' title='bbox 745 1065 829 1091; x_wconf 84' lang='grc' dir='ltr'>ματος</span> <span class='ocrx_word' id='word_1_270' title='bbox 841 1064 847 1071; x_wconf 89' lang='grc'>·</span> <span class='ocrx_word' id='word_1_271' title='bbox 863 1057 909 1082; x_wconf 81' lang='grc' dir='ltr'>καὶ</span> 
     </span>
    </p>
   </div>
   <div class='ocr_carea' id='block_1_38' title="bbox 114 1101 909 1137">
    <p class='ocr_par' dir='ltr' id='par_1_38' title="bbox 114 1101 909 1137">
     <span class='ocr_line' id='line_1_38' title="bbox 114 1101 909 1137; baseline 0.001 -10"><span class='ocrx_word' id='word_1_272' title='bbox 114 1102 287 1136; x_wconf 74' lang='grc' dir='ltr'>μαρτυρήσει</span> <span class='ocrx_word' id='word_1_273' title='bbox 308 1101 394 1135; x_wconf 80' lang='grc' dir='ltr'>λέγων</span> <span class='ocrx_word' id='word_1_274' title='bbox 420 1103 435 1128; x_wconf 80' lang='grc' dir='ltr'>ὁ</span> <span class='ocrx_word' id='word_1_275' title='bbox 453 1101 650 1137; x_wconf 78' lang='grc' dir='ltr'>εὐαγγελιστὴς</span> <span class='ocrx_word' id='word_1_276' title='bbox 679 1102 805 1137; x_wconf 82' lang='grc' dir='ltr'><strong>Ἰωάννης</strong></span> <span class='ocrx_word' id='word_1_277' title='bbox 825 1103 854 1128; x_wconf 84' lang='grc' dir='ltr'>ὲν</span> <span class='ocrx_word' id='word_1_278' title='bbox 873 1102 909 1128; x_wconf 85' lang='lat' dir='ltr'><strong>ol-</strong></span> 
     </span>
    </p>
   </div>
   <div class='ocr_carea' id='block_1_39' title="bbox 113 1147 909 1183">
    <p class='ocr_par' dir='ltr' id='par_1_39' title="bbox 113 1147 909 1183">
     <span class='ocr_line' id='line_1_39' title="bbox 113 1147 909 1183; baseline 0.001 -10"><span class='ocrx_word' id='word_1_279' title='bbox 113 1148 202 1179; x_wconf 84' lang='grc' dir='ltr'>κείαις</span> <span class='ocrx_word' id='word_1_280' title='bbox 225 1148 398 1179; x_wconf 76' lang='grc' dir='ltr'>Ἐπιστολαῖς</span> <span class='ocrx_word' id='word_1_281' title='bbox 409 1157 416 1163; x_wconf 83' lang='grc'><em>’</em></span> <span class='ocrx_word' id='word_1_282' title='bbox 436 1158 444 1174; x_wconf 82' lang='grc' dir='ltr'><strong>ι</strong></span> <span class='ocrx_word' id='word_1_283' title='bbox 470 1149 515 1175; x_wconf 84' lang='grc' dir='ltr'>Ἑν</span> <span class='ocrx_word' id='word_1_284' title='bbox 525 1148 613 1183; x_wconf 82' lang='grc' dir='ltr'>τούτῳ</span> <span class='ocrx_word' id='word_1_285' title='bbox 623 1147 805 1183; x_wconf 78' lang='grc' dir='ltr'>γινώσκομεν,</span> <span class='ocrx_word' id='word_1_286' title='bbox 820 1149 860 1174; x_wconf 85' lang='grc' dir='ltr'>ὄτι</span> <span class='ocrx_word' id='word_1_287' title='bbox 880 1149 909 1174; x_wconf 67' lang='grc' dir='ltr'>ἐν</span> 
     </span>
    </p>
   </div>
   <div class='ocr_carea' id='block_1_40' title="bbox 112 1193 905 1229">
    <p class='ocr_par' dir='ltr' id='par_1_40' title="bbox 112 1193 905 1229">
     <span class='ocr_line' id='line_1_40' title="bbox 112 1193 905 1229; baseline 0.003 -10"><span class='ocrx_word' id='word_1_288' title='bbox 112 1195 177 1228; x_wconf 74' lang='grc' dir='ltr'>ἡμῖι</span> <span class='ocrx_word' id='word_1_289' title='bbox 190 1195 277 1227; x_wconf 76' lang='grc' dir='ltr'>ἐστιν,</span> <span class='ocrx_word' id='word_1_290' title='bbox 292 1195 332 1220; x_wconf 75' lang='grc' dir='ltr'>ὅτι</span> <span class='ocrx_word' id='word_1_291' title='bbox 343 1195 375 1220; x_wconf 79' lang='grc' dir='ltr'>ἐκ</span> <span class='ocrx_word' id='word_1_292' title='bbox 386 1193 434 1220; x_wconf 79' lang='grc' dir='ltr'>τοῦ</span> <span class='ocrx_word' id='word_1_293' title='bbox 448 1194 605 1229; x_wconf 83' lang='grc' dir='ltr'>Πνεύματος</span> <span class='ocrx_word' id='word_1_294' title='bbox 611 1193 695 1221; x_wconf 79' lang='grc' dir='ltr'>αὐτοῦ</span> <span class='ocrx_word' id='word_1_295' title='bbox 706 1194 806 1221; x_wconf 73' lang='grc' dir='ltr'>ἔδωκεν</span> <span class='ocrx_word' id='word_1_296' title='bbox 815 1195 905 1229; x_wconf 75' lang='grc' dir='ltr'>ἡμῖν.»</span> 
     </span>
    </p>
   </div>
   <div class='ocr_carea' id='block_1_41' title="bbox 111 1239 908 1275">
    <p class='ocr_par' dir='ltr' id='par_1_41' title="bbox 111 1239 908 1275">
     <span class='ocr_line' id='line_1_41' title="bbox 111 1239 908 1275; baseline 0.003 -10"><span class='ocrx_word' id='word_1_297' title='bbox 111 1240 279 1274; x_wconf 75' lang='grc' dir='ltr'>Ζωοποιήσει</span> <span class='ocrx_word' id='word_1_298' title='bbox 301 1239 444 1275; x_wconf 79' lang='grc' dir='ltr'>τοιγαροῦν</span> <span class='ocrx_word' id='word_1_299' title='bbox 471 1241 484 1266; x_wconf 84' lang='grc' dir='ltr'>ὁ</span> <span class='ocrx_word' id='word_1_300' title='bbox 508 1240 625 1275; x_wconf 79' lang='grc' dir='ltr'>Χριστὸς</span> <span class='ocrx_word' id='word_1_301' title='bbox 646 1240 710 1272; x_wconf 86' lang='grc' dir='ltr'>τοὺς</span> <span class='ocrx_word' id='word_1_302' title='bbox 731 1240 908 1272; x_wconf 78' lang='grc' dir='ltr'>πιστεύοντας</span> 
     </span>
    </p>
   </div>
   <div class='ocr_carea' id='block_1_42' title="bbox 112 1286 909 1322">
    <p class='ocr_par' dir='ltr' id='par_1_42' title="bbox 112 1286 909 1322">
     <span class='ocr_line' id='line_1_42' title="bbox 112 1286 909 1322; baseline 0.001 -10"><span class='ocrx_word' id='word_1_303' title='bbox 112 1286 152 1316; x_wconf 75' lang='grc' dir='ltr'>εἰς</span> <span class='ocrx_word' id='word_1_304' title='bbox 162 1287 257 1317; x_wconf 70' lang='grc' dir='ltr'>αὑτὸν,</span> <span class='ocrx_word' id='word_1_305' title='bbox 275 1287 311 1318; x_wconf 82' lang='grc' dir='ltr'>ὡς</span> <span class='ocrx_word' id='word_1_306' title='bbox 329 1287 409 1318; x_wconf 73' lang='grc' dir='ltr'>αὐτὸς</span> <span class='ocrx_word' id='word_1_307' title='bbox 436 1288 567 1322; x_wconf 81' lang='grc' dir='ltr'>ὑπάρχων</span> <span class='ocrx_word' id='word_1_308' title='bbox 588 1287 659 1314; x_wconf 83' lang='grc' dir='ltr'>κατὰ</span> <span class='ocrx_word' id='word_1_309' title='bbox 685 1286 766 1321; x_wconf 81' lang='grc' dir='ltr'>φύσιν</span> <span class='ocrx_word' id='word_1_310' title='bbox 779 1287 846 1322; x_wconf 79' lang='grc' dir='ltr'>ζωὴ,</span> <span class='ocrx_word' id='word_1_311' title='bbox 862 1287 909 1313; x_wconf 76' lang='grc' dir='ltr'>καὶ</span> 
     </span>
    </p>
   </div>
   <div class='ocr_carea' id='block_1_43' title="bbox 111 1332 908 1368">
    <p class='ocr_par' dir='ltr' id='par_1_43' title="bbox 111 1332 908 1368">
     <span class='ocr_line' id='line_1_43' title="bbox 111 1332 908 1368; baseline 0.001 -10"><span class='ocrx_word' id='word_1_312' title='bbox 111 1332 205 1359; x_wconf 70' lang='grc' dir='ltr'>λοιπὸν</span> <span class='ocrx_word' id='word_1_313' title='bbox 226 1333 362 1359; x_wconf 78' lang='grc' dir='ltr'>κατοικῶν</span> <span class='ocrx_word' id='word_1_314' title='bbox 377 1334 405 1359; x_wconf 77' lang='grc' dir='ltr'>ἐν</span> <span class='ocrx_word' id='word_1_315' title='bbox 422 1333 523 1365; x_wconf 78' lang='grc' dir='ltr'>αὐτοῖς.</span> <span class='ocrx_word' id='word_1_316' title='bbox 541 1333 602 1360; x_wconf 73' lang='lat' dir='ltr'><strong>&quot;Ott</strong></span> <span class='ocrx_word' id='word_1_317' title='bbox 624 1333 652 1359; x_wconf 80' lang='grc' dir='ltr'>δὲ</span> <span class='ocrx_word' id='word_1_318' title='bbox 666 1333 711 1360; x_wconf 80' lang='grc' dir='ltr'>διὰ</span> <span class='ocrx_word' id='word_1_319' title='bbox 724 1334 774 1368; x_wconf 85' lang='grc' dir='ltr'>τῆς</span> <span class='ocrx_word' id='word_1_320' title='bbox 789 1333 908 1364; x_wconf 84' lang='grc' dir='ltr'>πίστεως</span> 
     </span>
    </p>
   </div>
   <div class='ocr_carea' id='block_1_44' title="bbox 111 1377 906 1414">
    <p class='ocr_par' dir='ltr' id='par_1_44' title="bbox 111 1377 906 1414">
     <span class='ocr_line' id='line_1_44' title="bbox 111 1377 906 1414; baseline 0 -10"><span class='ocrx_word' id='word_1_321' title='bbox 111 1379 126 1404; x_wconf 83' lang='grc' dir='ltr'><strong><em>ὁ</em></strong></span> <span class='ocrx_word' id='word_1_322' title='bbox 143 1378 205 1409; x_wconf 68' lang='grc' dir='ltr'>Υἱὸς</span> <span class='ocrx_word' id='word_1_323' title='bbox 225 1378 374 1410; x_wconf 75' lang='grc' dir='ltr'>αὐλίζεται,</span> <span class='ocrx_word' id='word_1_324' title='bbox 405 1378 608 1414; x_wconf 77' lang='grc' dir='ltr'>πληροφορήσει</span> <span class='ocrx_word' id='word_1_325' title='bbox 637 1378 724 1412; x_wconf 80' lang='grc' dir='ltr'>λέγων</span> <span class='ocrx_word' id='word_1_326' title='bbox 749 1379 764 1405; x_wconf 83' lang='grc' dir='ltr'><strong>ό</strong></span> <span class='ocrx_word' id='word_1_327' title='bbox 785 1377 906 1410; x_wconf 78' lang='grc' dir='ltr'>Παῦλος¹</span> 
     </span>
    </p>
   </div>
   <div class='ocr_carea' id='block_1_45' title="bbox 115 1424 907 1460">
    <p class='ocr_par' dir='ltr' id='par_1_45' title="bbox 115 1424 907 1460">
     <span class='ocr_line' id='line_1_45' title="bbox 115 1424 907 1460; baseline 0 -10"><span class='ocrx_word' id='word_1_328' title='bbox 115 1435 125 1450; x_wconf 73' lang='grc' dir='ltr'><strong>ι</strong></span> <span class='ocrx_word' id='word_1_329' title='bbox 140 1424 242 1450; x_wconf 70' lang='grc' dir='ltr'>Τοῦτυυ</span> <span class='ocrx_word' id='word_1_330' title='bbox 272 1425 352 1459; x_wconf 77' lang='grc' dir='ltr'>χάριν</span> <span class='ocrx_word' id='word_1_331' title='bbox 383 1425 500 1459; x_wconf 76' lang='grc' dir='ltr'>κάμπτω</span> <span class='ocrx_word' id='word_1_332' title='bbox 519 1425 552 1450; x_wconf 75' lang='grc' dir='ltr'><strong>τὰ</strong></span> <span class='ocrx_word' id='word_1_333' title='bbox 577 1425 679 1458; x_wconf 86' lang='grc' dir='ltr'>γόνατά</span> <span class='ocrx_word' id='word_1_334' title='bbox 703 1433 752 1459; x_wconf 90' lang='grc' dir='ltr'><strong>μου</strong></span> <span class='ocrx_word' id='word_1_335' title='bbox 773 1424 842 1460; x_wconf 74' lang='grc' dir='ltr'>πρὸς</span> <span class='ocrx_word' id='word_1_336' title='bbox 862 1424 907 1450; x_wconf 82' lang='grc' dir='ltr'>τὸν</span> 
     </span>
    </p>
   </div>
   <div class='ocr_carea' id='block_1_46' title="bbox 112 1468 908 1506">
    <p class='ocr_par' dir='ltr' id='par_1_46' title="bbox 112 1468 908 1506">
     <span class='ocr_line' id='line_1_46' title="bbox 112 1468 908 1506; baseline -0.001 -9"><span class='ocrx_word' id='word_1_337' title='bbox 112 1471 236 1506; x_wconf 79' lang='grc' dir='ltr'>Πατέρα,</span> <span class='ocrx_word' id='word_1_338' title='bbox 255 1470 285 1502; x_wconf 78' lang='grc' dir='ltr'><strong>ἐξ</strong></span> <span class='ocrx_word' id='word_1_339' title='bbox 306 1468 337 1498; x_wconf 74' lang='grc' dir='ltr'>οὗ</span> <span class='ocrx_word' id='word_1_340' title='bbox 363 1472 436 1498; x_wconf 78' lang='grc' dir='ltr'>πᾶσα</span> <span class='ocrx_word' id='word_1_341' title='bbox 455 1471 557 1506; x_wconf 78' lang='grc' dir='ltr'>πατριὰ</span> <span class='ocrx_word' id='word_1_342' title='bbox 575 1471 603 1497; x_wconf 78' lang='grc' dir='ltr'>ἐν</span> <span class='ocrx_word' id='word_1_343' title='bbox 617 1480 646 1497; x_wconf 85' lang='grc' dir='ltr'><strong>τε</strong></span> <span class='ocrx_word' id='word_1_344' title='bbox 661 1470 770 1506; x_wconf 81' lang='grc' dir='ltr'>οὐρανῷ</span> <span class='ocrx_word' id='word_1_345' title='bbox 796 1471 844 1497; x_wconf 77' lang='grc' dir='ltr'>καὶ</span> <span class='ocrx_word' id='word_1_346' title='bbox 861 1470 908 1496; x_wconf 74' lang='grc' dir='ltr'>ἐπὶ</span> 
     </span>
    </p>
   </div>
   <div class='ocr_carea' id='block_1_47' title="bbox 112 1516 907 1553">
    <p class='ocr_par' dir='ltr' id='par_1_47' title="bbox 112 1516 907 1553">
     <span class='ocr_line' id='line_1_47' title="bbox 112 1516 907 1553; baseline 0 -10"><span class='ocrx_word' id='word_1_347' title='bbox 112 1517 163 1552; x_wconf 75' lang='grc' dir='ltr'>τῆς</span> <span class='ocrx_word' id='word_1_348' title='bbox 177 1519 228 1553; x_wconf 83' lang='grc' dir='ltr'>γῆς</span> <span class='ocrx_word' id='word_1_349' title='bbox 241 1518 417 1552; x_wconf 76' lang='grc' dir='ltr'>ὀνομάζεται·</span> <span class='ocrx_word' id='word_1_350' title='bbox 433 1519 476 1545; x_wconf 83' lang='grc' dir='ltr'><strong>ἴνα</strong></span> <span class='ocrx_word' id='word_1_351' title='bbox 501 1518 537 1553; x_wconf 87' lang='grc' dir='ltr'><strong>δῷ</strong></span> <span class='ocrx_word' id='word_1_352' title='bbox 559 1518 626 1553; x_wconf 82' lang='grc' dir='ltr'>ὑμῖν</span> <span class='ocrx_word' id='word_1_353' title='bbox 637 1518 708 1544; x_wconf 80' lang='grc' dir='ltr'>κατὰ</span> <span class='ocrx_word' id='word_1_354' title='bbox 726 1517 771 1544; x_wconf 77' lang='grc' dir='ltr'>τὸν</span> <span class='ocrx_word' id='word_1_355' title='bbox 792 1516 907 1544; x_wconf 83' lang='grc' dir='ltr'>πλοῦτον</span> 
     </span>
    </p>
   </div>
   <div class='ocr_carea' id='block_1_48' title="bbox 112 1563 908 1599">
    <p class='ocr_par' dir='ltr' id='par_1_48' title="bbox 112 1563 908 1599">
     <span class='ocr_line' id='line_1_48' title="bbox 112 1563 908 1599; baseline 0.001 -10"><span class='ocrx_word' id='word_1_356' title='bbox 112 1564 162 1598; x_wconf 81' lang='grc' dir='ltr'>τῆς</span> <span class='ocrx_word' id='word_1_357' title='bbox 177 1564 359 1599; x_wconf 81' lang='grc' dir='ltr'>χρηστότητος</span> <span class='ocrx_word' id='word_1_358' title='bbox 384 1564 477 1595; x_wconf 82' lang='grc' dir='ltr'>αὑτοῦ,</span> <span class='ocrx_word' id='word_1_359' title='bbox 503 1564 615 1599; x_wconf 83' lang='grc' dir='ltr'>δυνάμει</span> <span class='ocrx_word' id='word_1_360' title='bbox 643 1563 850 1599; x_wconf 78' lang='grc' dir='ltr'>κραταιωθῆναι</span> <span class='ocrx_word' id='word_1_361' title='bbox 864 1563 908 1590; x_wconf 74' lang='grc' dir='ltr'>διὰ</span> 
     </span>
    </p>
   </div>
   <div class='ocr_carea' id='block_1_49' title="bbox 113 1609 907 1646">
    <p class='ocr_par' dir='ltr' id='par_1_49' title="bbox 113 1609 907 1646">
     <span class='ocr_line' id='line_1_49' title="bbox 113 1609 907 1646; baseline 0 -10"><span class='ocrx_word' id='word_1_362' title='bbox 113 1610 160 1636; x_wconf 79' lang='grc' dir='ltr'>τοῦ</span> <span class='ocrx_word' id='word_1_363' title='bbox 177 1610 333 1645; x_wconf 81' lang='grc' dir='ltr'>Πνεύματος</span> <span class='ocrx_word' id='word_1_364' title='bbox 356 1610 436 1645; x_wconf 69' lang='grc' dir='ltr'>αὑτοῦ</span> <span class='ocrx_word' id='word_1_365' title='bbox 459 1609 538 1646; x_wconf 66' lang='lat' dir='ltr'><strong>[vulg].</strong></span> <span class='ocrx_word' id='word_1_366' title='bbox 557 1610 642 1637; x_wconf 75' lang='lat' dir='ltr'><strong>addit.</strong></span> <span class='ocrx_word' id='word_1_367' title='bbox 670 1611 709 1642; x_wconf 84' lang='grc' dir='ltr'><strong>είς</strong></span> <span class='ocrx_word' id='word_1_368' title='bbox 730 1610 776 1637; x_wconf 82' lang='grc' dir='ltr'><strong>τὸν</strong></span> <span class='ocrx_word' id='word_1_369' title='bbox 791 1609 845 1637; x_wconf 69' lang='grc' dir='ltr'>ἔσω</span> <span class='ocrx_word' id='word_1_370' title='bbox 861 1609 907 1637; x_wconf 81' lang='grc' dir='ltr'>ἄν·</span> 
     </span>
    </p>
   </div>
   <div class='ocr_carea' id='block_1_50' title="bbox 114 1656 906 1692">
    <p class='ocr_par' dir='ltr' id='par_1_50' title="bbox 114 1656 906 1692">
     <span class='ocr_line' id='line_1_50' title="bbox 114 1656 906 1692; baseline 0.001 -10"><span class='ocrx_word' id='word_1_371' title='bbox 114 1656 237 1692; x_wconf 80' lang='grc' dir='ltr'>ορωπον]</span> <span class='ocrx_word' id='word_1_372' title='bbox 256 1657 417 1692; x_wconf 78' lang='grc' dir='ltr'>κατοικῆσαι</span> <span class='ocrx_word' id='word_1_373' title='bbox 436 1657 481 1684; x_wconf 85' lang='grc' dir='ltr'>τὸν</span> <span class='ocrx_word' id='word_1_374' title='bbox 502 1657 619 1692; x_wconf 81' lang='grc' dir='ltr'>Χριστὸν</span> <span class='ocrx_word' id='word_1_375' title='bbox 644 1657 673 1683; x_wconf 85' lang='grc' dir='ltr'>ὲν</span> <span class='ocrx_word' id='word_1_376' title='bbox 698 1657 757 1688; x_wconf 80' lang='grc' dir='ltr'>ταῖς</span> <span class='ocrx_word' id='word_1_377' title='bbox 780 1656 906 1692; x_wconf 82' lang='grc' dir='ltr'>καρδίαις</span> 
     </span>
    </p>
   </div>
   <div class='ocr_carea' id='block_1_51' title="bbox 114 1701 906 1738">
    <p class='ocr_par' dir='ltr' id='par_1_51' title="bbox 114 1701 906 1738">
     <span class='ocr_line' id='line_1_51' title="bbox 114 1701 906 1738; baseline 0.001 -11"><span class='ocrx_word' id='word_1_378' title='bbox 114 1701 192 1736; x_wconf 82' lang='grc' dir='ltr'>ὑμῶν</span> <span class='ocrx_word' id='word_1_379' title='bbox 203 1702 248 1728; x_wconf 70' lang='grc' dir='ltr'><strong>διὰ</strong></span> <span class='ocrx_word' id='word_1_380' title='bbox 262 1702 311 1736; x_wconf 80' lang='grc' dir='ltr'>τῆς</span> <span class='ocrx_word' id='word_1_381' title='bbox 321 1701 447 1732; x_wconf 71' lang='grc' dir='ltr'>πίστεως.</span> <span class='ocrx_word' id='word_1_382' title='bbox 462 1711 472 1727; x_wconf 88' lang='grc'><strong>›</strong></span> <span class='ocrx_word' id='word_1_383' title='bbox 488 1702 551 1728; x_wconf 82' lang='grc' dir='ltr'>Ὀτε</span> <span class='ocrx_word' id='word_1_384' title='bbox 564 1702 653 1728; x_wconf 85' lang='grc' dir='ltr'>τοίνυν</span> <span class='ocrx_word' id='word_1_385' title='bbox 671 1702 715 1728; x_wconf 80' lang='grc' dir='ltr'>διὰ</span> <span class='ocrx_word' id='word_1_386' title='bbox 728 1702 777 1738; x_wconf 83' lang='grc' dir='ltr'>τῆς</span> <span class='ocrx_word' id='word_1_387' title='bbox 789 1702 906 1734; x_wconf 83' lang='grc' dir='ltr'>πίστεως</span> 
     </span>
    </p>
   </div>
   <div class='ocr_carea' id='block_1_52' title="bbox 113 1746 907 1784">
    <p class='ocr_par' dir='ltr' id='par_1_52' title="bbox 113 1746 907 1784">
     <span class='ocr_line' id='line_1_52' title="bbox 113 1746 907 1784; baseline 0 -10"><span class='ocrx_word' id='word_1_388' title='bbox 113 1746 131 1780; x_wconf 76' lang='grc' dir='ltr'>ἡ</span> <span class='ocrx_word' id='word_1_389' title='bbox 149 1747 220 1774; x_wconf 71' lang='grc' dir='ltr'>κατὰ</span> <span class='ocrx_word' id='word_1_390' title='bbox 235 1747 314 1782; x_wconf 76' lang='grc' dir='ltr'>φύσιν</span> <span class='ocrx_word' id='word_1_391' title='bbox 328 1748 394 1783; x_wconf 81' lang='grc' dir='ltr'>ἡμῖν</span> <span class='ocrx_word' id='word_1_392' title='bbox 407 1748 607 1782; x_wconf 71' lang='grc' dir='ltr'>ὲπεισκρῐνεται</span> <span class='ocrx_word' id='word_1_393' title='bbox 622 1747 690 1783; x_wconf 82' lang='grc' dir='ltr'>ζωὴ,</span> <span class='ocrx_word' id='word_1_394' title='bbox 709 1747 766 1780; x_wconf 83' lang='grc' dir='ltr'>πῶς</span> <span class='ocrx_word' id='word_1_395' title='bbox 777 1749 826 1774; x_wconf 77' lang='grc' dir='ltr'>οὐκ</span> <span class='ocrx_word' id='word_1_396' title='bbox 840 1749 907 1784; x_wconf 82' lang='grc' dir='ltr'>ἀλη-</span> 
     </span>
    </p>
   </div>
   <div class='ocr_carea' id='block_1_53' title="bbox 961 1011 1747 1047">
    <p class='ocr_par' dir='ltr' id='par_1_53' title="bbox 961 1011 1747 1047">
     <span class='ocr_line' id='line_1_53' title="bbox 961 1011 1747 1047; baseline -0.004 -9"><span class='ocrx_word' id='word_1_397' title='bbox 961 1012 1041 1039; x_wconf 86' lang='lat' dir='ltr'><strong>nobis</strong></span> <span class='ocrx_word' id='word_1_398' title='bbox 1055 1015 1146 1039; x_wconf 86' lang='lat' dir='ltr'><strong>autem</strong></span> <span class='ocrx_word' id='word_1_399' title='bbox 1162 1012 1352 1040; x_wconf 87' lang='lat' dir='ltr'><strong>introducitur</strong></span> <span class='ocrx_word' id='word_1_400' title='bbox 1363 1020 1412 1047; x_wconf 87' lang='lat' dir='ltr'><strong>per</strong></span> <span class='ocrx_word' id='word_1_401' title='bbox 1424 1012 1502 1039; x_wconf 78' lang='lat' dir='ltr'><strong>(idem</strong></span> <span class='ocrx_word' id='word_1_402' title='bbox 1515 1031 1522 1044; x_wconf 86' lang='lat'><strong><em>,</em></strong></span> <span class='ocrx_word' id='word_1_403' title='bbox 1537 1016 1564 1039; x_wconf 89' lang='lat' dir='ltr'><strong>et</strong></span> <span class='ocrx_word' id='word_1_404' title='bbox 1581 1011 1686 1038; x_wconf 78' lang='lat' dir='ltr'><strong>habitat</strong></span> <span class='ocrx_word' id='word_1_405' title='bbox 1699 1017 1747 1044; x_wconf 80' lang='lat' dir='ltr'><strong>per</strong></span> 
     </span>
    </p>
   </div>
   <div class='ocr_carea' id='block_1_54' title="bbox 960 1057 1748 1093">
    <p class='ocr_par' dir='ltr' id='par_1_54' title="bbox 960 1057 1748 1093">
     <span class='ocr_line' id='line_1_54' title="bbox 960 1057 1748 1093; baseline -0.001 -9"><span class='ocrx_word' id='word_1_406' title='bbox 960 1062 1087 1085; x_wconf 85' lang='lat' dir='ltr'><strong>sanctum</strong></span> <span class='ocrx_word' id='word_1_407' title='bbox 1104 1057 1248 1092; x_wconf 84' lang='lat' dir='ltr'><strong>Spiritum.</strong></span> <span class='ocrx_word' id='word_1_408' title='bbox 1259 1058 1344 1093; x_wconf 88' lang='lat' dir='ltr'><strong>quue</strong></span> <span class='ocrx_word' id='word_1_409' title='bbox 1358 1057 1480 1085; x_wconf 78' lang='lat' dir='ltr'><strong>Joannes</strong></span> <span class='ocrx_word' id='word_1_410' title='bbox 1495 1058 1521 1084; x_wconf 90' lang='lat' dir='ltr'><strong>in</strong></span> <span class='ocrx_word' id='word_1_411' title='bbox 1539 1058 1598 1085; x_wconf 90' lang='lat' dir='ltr'><strong>suis</strong></span> <span class='ocrx_word' id='word_1_412' title='bbox 1615 1057 1748 1091; x_wconf 85' lang='lat' dir='ltr'><strong>Epistolis</strong></span> 
     </span>
    </p>
   </div>
   <div class='ocr_carea' id='block_1_55' title="bbox 960 1103 1748 1140">
    <p class='ocr_par' dir='ltr' id='par_1_55' title="bbox 960 1103 1748 1140">
     <span class='ocr_line' id='line_1_55' title="bbox 960 1103 1748 1140; baseline -0.003 -9"><span class='ocrx_word' id='word_1_413' title='bbox 960 1107 1079 1131; x_wconf 87' lang='lat' dir='ltr'><strong>testatur</strong></span> <span class='ocrx_word' id='word_1_414' title='bbox 1098 1103 1193 1132; x_wconf 87' lang='lat' dir='ltr'><strong>dicens</strong></span> <span class='ocrx_word' id='word_1_415' title='bbox 1207 1113 1213 1131; x_wconf 91' lang='lat'><strong>:</strong></span> <span class='ocrx_word' id='word_1_416' title='bbox 1228 1113 1237 1129; x_wconf 76' lang='grc' dir='ltr'><strong>ι</strong></span> <span class='ocrx_word' id='word_1_417' title='bbox 1251 1104 1278 1130; x_wconf 83' lang='grc' dir='ltr'>1η</span> <span class='ocrx_word' id='word_1_418' title='bbox 1295 1104 1346 1131; x_wconf 90' lang='lat' dir='ltr'><strong>hoc</strong></span> <span class='ocrx_word' id='word_1_419' title='bbox 1365 1104 1560 1140; x_wconf 82' lang='lat' dir='ltr'><strong>cognoscimus</strong></span> <span class='ocrx_word' id='word_1_420' title='bbox 1574 1104 1638 1138; x_wconf 87' lang='lat' dir='ltr'><strong>quia</strong></span> <span class='ocrx_word' id='word_1_421' title='bbox 1657 1103 1683 1130; x_wconf 91' lang='lat' dir='ltr'><strong>in</strong></span> <span class='ocrx_word' id='word_1_422' title='bbox 1699 1111 1748 1130; x_wconf 64' lang='lat' dir='ltr'><strong>nov</strong></span> 
     </span>
    </p>
   </div>
   <div class='ocr_carea' id='block_1_56' title="bbox 948 1148 1745 1184">
    <p class='ocr_par' dir='ltr' id='par_1_56' title="bbox 948 1148 1745 1184">
     <span class='ocr_line' id='line_1_56' title="bbox 948 1148 1745 1184; baseline -0.001 -8"><span class='ocrx_word' id='word_1_423' title='bbox 948 1148 1002 1176; x_wconf 79' lang='lat' dir='ltr'><strong>&#39;bis</strong></span> <span class='ocrx_word' id='word_1_424' title='bbox 1019 1153 1077 1181; x_wconf 86' lang='lat' dir='ltr'><strong>est,</strong></span> <span class='ocrx_word' id='word_1_425' title='bbox 1098 1150 1228 1184; x_wconf 64' lang='lat' dir='ltr'><strong>ququam</strong></span> <span class='ocrx_word' id='word_1_426' title='bbox 1247 1150 1282 1176; x_wconf 89' lang='lat' dir='ltr'><strong>de</strong></span> <span class='ocrx_word' id='word_1_427' title='bbox 1299 1150 1400 1184; x_wconf 91' lang='lat' dir='ltr'><strong>spiritu</strong></span> <span class='ocrx_word' id='word_1_428' title='bbox 1418 1157 1471 1177; x_wconf 89' lang='lat' dir='ltr'><strong>suo</strong></span> <span class='ocrx_word' id='word_1_429' title='bbox 1491 1149 1566 1176; x_wconf 88' lang='lat' dir='ltr'><strong>dedit</strong></span> <span class='ocrx_word' id='word_1_430' title='bbox 1586 1149 1665 1176; x_wconf 89' lang='lat' dir='ltr'><strong>nobis</strong></span> <span class='ocrx_word' id='word_1_431' title='bbox 1683 1149 1715 1175; x_wconf 83' lang='lat'><strong>&quot;.</strong></span> <span class='ocrx_word' id='word_1_432' title='bbox 1736 1157 1745 1174; x_wconf 74' lang='grc' dir='ltr'><strong>ι</strong></span> 
     </span>
    </p>
   </div>
   <div class='ocr_carea' id='block_1_57' title="bbox 960 1194 1748 1230">
    <p class='ocr_par' dir='ltr' id='par_1_57' title="bbox 960 1194 1748 1230">
     <span class='ocr_line' id='line_1_57' title="bbox 960 1194 1748 1230; baseline -0.004 -8"><span class='ocrx_word' id='word_1_433' title='bbox 960 1194 1087 1222; x_wconf 76' lang='lat' dir='ltr'><strong>Vivitieat</strong></span> <span class='ocrx_word' id='word_1_434' title='bbox 1103 1195 1188 1230; x_wconf 78' lang='lat' dir='ltr'><strong>igitur</strong></span> <span class='ocrx_word' id='word_1_435' title='bbox 1201 1195 1331 1222; x_wconf 81' lang='lat' dir='ltr'><strong>Christus</strong></span> <span class='ocrx_word' id='word_1_436' title='bbox 1347 1195 1491 1223; x_wconf 85' lang='lat' dir='ltr'><strong>credentes</strong></span> <span class='ocrx_word' id='word_1_437' title='bbox 1507 1195 1534 1222; x_wconf 93' lang='lat' dir='ltr'><strong>in</strong></span> <span class='ocrx_word' id='word_1_438' title='bbox 1549 1202 1589 1226; x_wconf 89' lang='lat' dir='ltr'><strong>se,</strong></span> <span class='ocrx_word' id='word_1_439' title='bbox 1607 1197 1671 1229; x_wconf 86' lang='lat' dir='ltr'><strong>puta</strong></span> <span class='ocrx_word' id='word_1_440' title='bbox 1685 1201 1748 1221; x_wconf 90' lang='lat' dir='ltr'><strong>cum</strong></span> 
     </span>
    </p>
   </div>
   <div class='ocr_carea' id='block_1_58' title="bbox 959 1240 1750 1276">
    <p class='ocr_par' dir='ltr' id='par_1_58' title="bbox 959 1240 1750 1276">
     <span class='ocr_line' id='line_1_58' title="bbox 959 1240 1750 1276; baseline -0.004 -7"><span class='ocrx_word' id='word_1_441' title='bbox 959 1242 995 1270; x_wconf 86' lang='lat' dir='ltr'><strong>sit</strong></span> <span class='ocrx_word' id='word_1_442' title='bbox 1009 1241 1067 1276; x_wconf 85' lang='lat' dir='ltr'><strong>ipse</strong></span> <span class='ocrx_word' id='word_1_443' title='bbox 1081 1241 1233 1269; x_wconf 89' lang='lat' dir='ltr'><strong>secundum</strong></span> <span class='ocrx_word' id='word_1_444' title='bbox 1248 1247 1375 1268; x_wconf 84' lang='lat' dir='ltr'><strong>naturam</strong></span> <span class='ocrx_word' id='word_1_445' title='bbox 1390 1243 1455 1274; x_wconf 82' lang='lat' dir='ltr'><strong>vita,</strong></span> <span class='ocrx_word' id='word_1_446' title='bbox 1470 1249 1502 1268; x_wconf 80' lang='lat' dir='ltr'><strong>ac</strong></span> <span class='ocrx_word' id='word_1_447' title='bbox 1517 1241 1628 1268; x_wconf 90' lang='lat' dir='ltr'><strong>demum</strong></span> <span class='ocrx_word' id='word_1_448' title='bbox 1645 1240 1750 1267; x_wconf 77' lang='lat' dir='ltr'><strong>habitet</strong></span> 
     </span>
    </p>
   </div>
   <div class='ocr_carea' id='block_1_59' title="bbox 959 1286 1748 1322">
    <p class='ocr_par' dir='ltr' id='par_1_59' title="bbox 959 1286 1748 1322">
     <span class='ocr_line' id='line_1_59' title="bbox 959 1286 1748 1322; baseline -0.001 -9"><span class='ocrx_word' id='word_1_449' title='bbox 959 1287 986 1314; x_wconf 92' lang='lat' dir='ltr'><strong>in</strong></span> <span class='ocrx_word' id='word_1_450' title='bbox 1003 1287 1081 1322; x_wconf 83' lang='lat' dir='ltr'><strong>ipsis.</strong></span> <span class='ocrx_word' id='word_1_451' title='bbox 1101 1286 1181 1320; x_wconf 83' lang='lat' dir='ltr'><strong>Quod</strong></span> <span class='ocrx_word' id='word_1_452' title='bbox 1202 1293 1293 1314; x_wconf 87' lang='lat' dir='ltr'><strong>autem</strong></span> <span class='ocrx_word' id='word_1_453' title='bbox 1313 1295 1363 1322; x_wconf 80' lang='lat' dir='ltr'><strong>per</strong></span> <span class='ocrx_word' id='word_1_454' title='bbox 1383 1288 1463 1314; x_wconf 84' lang='lat' dir='ltr'><strong>[idem</strong></span> <span class='ocrx_word' id='word_1_455' title='bbox 1485 1287 1573 1314; x_wconf 84' lang='lat' dir='ltr'><strong>Filius</strong></span> <span class='ocrx_word' id='word_1_456' title='bbox 1594 1286 1748 1317; x_wconf 80' lang='lat' dir='ltr'><strong>inhabitet,</strong></span> 
     </span>
    </p>
   </div>
   <div class='ocr_carea' id='block_1_60' title="bbox 959 1331 1749 1366">
    <p class='ocr_par' dir='ltr' id='par_1_60' title="bbox 959 1331 1749 1366">
     <span class='ocr_line' id='line_1_60' title="bbox 959 1331 1749 1366; baseline 0 -6"><span class='ocrx_word' id='word_1_457' title='bbox 959 1332 1062 1361; x_wconf 84' lang='lat' dir='ltr'><strong>Paulus</strong></span> <span class='ocrx_word' id='word_1_458' title='bbox 1078 1338 1158 1360; x_wconf 83' lang='lat' dir='ltr'><strong>certo</strong></span> <span class='ocrx_word' id='word_1_459' title='bbox 1175 1333 1258 1361; x_wconf 87' lang='lat' dir='ltr'><strong>nobis</strong></span> <span class='ocrx_word' id='word_1_460' title='bbox 1273 1334 1495 1365; x_wconf 86' lang='lat' dir='ltr'><strong>demonstrabit,</strong></span> <span class='ocrx_word' id='word_1_461' title='bbox 1512 1333 1607 1360; x_wconf 84' lang='lat' dir='ltr'><strong>dicens</strong></span> <span class='ocrx_word' id='word_1_462' title='bbox 1620 1341 1626 1358; x_wconf 81' lang='lat' dir='ltr'><strong>z</strong></span> <span class='ocrx_word' id='word_1_463' title='bbox 1638 1341 1647 1357; x_wconf 77' lang='grc' dir='ltr'><strong>ι</strong></span> <span class='ocrx_word' id='word_1_464' title='bbox 1661 1331 1749 1366; x_wconf 86' lang='lat' dir='ltr'><strong>Hujus</strong></span> 
     </span>
    </p>
   </div>
   <div class='ocr_carea' id='block_1_61' title="bbox 959 1378 1751 1414">
    <p class='ocr_par' dir='ltr' id='par_1_61' title="bbox 959 1378 1751 1414">
     <span class='ocr_line' id='line_1_61' title="bbox 959 1378 1751 1414; baseline -0.004 -8"><span class='ocrx_word' id='word_1_465' title='bbox 959 1379 997 1406; x_wconf 90' lang='lat' dir='ltr'><strong>rei</strong></span> <span class='ocrx_word' id='word_1_466' title='bbox 1012 1379 1101 1414; x_wconf 78' lang='lat' dir='ltr'><strong>gratia</strong></span> <span class='ocrx_word' id='word_1_467' title='bbox 1116 1379 1196 1406; x_wconf 82' lang='lat' dir='ltr'><strong>ﬂecto</strong></span> <span class='ocrx_word' id='word_1_468' title='bbox 1212 1386 1301 1414; x_wconf 78' lang='lat' dir='ltr'><strong>genua</strong></span> <span class='ocrx_word' id='word_1_469' title='bbox 1316 1386 1376 1406; x_wconf 87' lang='lat' dir='ltr'><strong>mea</strong></span> <span class='ocrx_word' id='word_1_470' title='bbox 1392 1379 1425 1406; x_wconf 90' lang='lat' dir='ltr'><strong>ad</strong></span> <span class='ocrx_word' id='word_1_471' title='bbox 1439 1378 1548 1405; x_wconf 88' lang='lat' dir='ltr'><strong>Patrem</strong></span> <span class='ocrx_word' id='word_1_472' title='bbox 1560 1397 1568 1409; x_wconf 82' lang='grc'><strong>,</strong></span> <span class='ocrx_word' id='word_1_473' title='bbox 1578 1385 1611 1404; x_wconf 85' lang='lat' dir='ltr'><strong>ex</strong></span> <span class='ocrx_word' id='word_1_474' title='bbox 1625 1385 1680 1412; x_wconf 90' lang='lat' dir='ltr'><strong>quo</strong></span> <span class='ocrx_word' id='word_1_475' title='bbox 1695 1384 1751 1404; x_wconf 87' lang='lat' dir='ltr'><strong>om-</strong></span> 
     </span>
    </p>
   </div>
   <div class='ocr_carea' id='block_1_62' title="bbox 959 1423 1751 1460">
    <p class='ocr_par' dir='ltr' id='par_1_62' title="bbox 959 1423 1751 1460">
     <span class='ocr_line' id='line_1_62' title="bbox 959 1423 1751 1460; baseline -0.004 -8"><span class='ocrx_word' id='word_1_476' title='bbox 959 1426 1002 1453; x_wconf 86' lang='lat' dir='ltr'><strong>nis</strong></span> <span class='ocrx_word' id='word_1_477' title='bbox 1023 1426 1179 1460; x_wconf 86' lang='lat' dir='ltr'><strong>paternitas</strong></span> <span class='ocrx_word' id='word_1_478' title='bbox 1199 1425 1226 1452; x_wconf 90' lang='lat' dir='ltr'><strong>iu</strong></span> <span class='ocrx_word' id='word_1_479' title='bbox 1247 1425 1320 1452; x_wconf 83' lang='lat' dir='ltr'><strong>ccclo</strong></span> <span class='ocrx_word' id='word_1_480' title='bbox 1339 1429 1367 1452; x_wconf 91' lang='lat' dir='ltr'><strong>et</strong></span> <span class='ocrx_word' id='word_1_481' title='bbox 1386 1425 1413 1451; x_wconf 90' lang='lat' dir='ltr'><strong>in</strong></span> <span class='ocrx_word' id='word_1_482' title='bbox 1430 1428 1504 1451; x_wconf 85' lang='lat' dir='ltr'><strong>terra</strong></span> <span class='ocrx_word' id='word_1_483' title='bbox 1522 1423 1700 1450; x_wconf 86' lang='lat' dir='ltr'><strong>nominatur:</strong></span> <span class='ocrx_word' id='word_1_484' title='bbox 1720 1425 1751 1449; x_wconf 90' lang='lat' dir='ltr'><strong>ut</strong></span> 
     </span>
    </p>
   </div>
   <div class='ocr_carea' id='block_1_63' title="bbox 959 1469 1750 1506">
    <p class='ocr_par' dir='ltr' id='par_1_63' title="bbox 959 1469 1750 1506">
     <span class='ocr_line' id='line_1_63' title="bbox 959 1469 1750 1506; baseline -0.006 -7"><span class='ocrx_word' id='word_1_485' title='bbox 959 1472 1005 1499; x_wconf 88' lang='lat' dir='ltr'><strong>det</strong></span> <span class='ocrx_word' id='word_1_486' title='bbox 1028 1472 1107 1499; x_wconf 81' lang='lat' dir='ltr'><strong>vobis</strong></span> <span class='ocrx_word' id='word_1_487' title='bbox 1129 1471 1283 1499; x_wconf 82' lang='lat' dir='ltr'><strong>secundum</strong></span> <span class='ocrx_word' id='word_1_488' title='bbox 1304 1471 1416 1498; x_wconf 87' lang='lat' dir='ltr'><strong>divitias</strong></span> <span class='ocrx_word' id='word_1_489' title='bbox 1436 1471 1531 1506; x_wconf 62' lang='lat' dir='ltr'><strong>gloriae</strong></span> <span class='ocrx_word' id='word_1_490' title='bbox 1551 1477 1624 1500; x_wconf 66' lang='lat' dir='ltr'><strong>sum,</strong></span> <span class='ocrx_word' id='word_1_491' title='bbox 1647 1469 1750 1495; x_wconf 83' lang='lat' dir='ltr'><strong>virtute</strong></span> 
     </span>
    </p>
   </div>
   <div class='ocr_carea' id='block_1_64' title="bbox 958 1514 1750 1553">
    <p class='ocr_par' dir='ltr' id='par_1_64' title="bbox 958 1514 1750 1553">
     <span class='ocr_line' id='line_1_64' title="bbox 958 1514 1750 1553; baseline -0.006 -8"><span class='ocrx_word' id='word_1_492' title='bbox 958 1519 1135 1546; x_wconf 81' lang='lat' dir='ltr'><strong>corroborari</strong></span> <span class='ocrx_word' id='word_1_493' title='bbox 1158 1526 1206 1553; x_wconf 89' lang='lat' dir='ltr'><strong>per</strong></span> <span class='ocrx_word' id='word_1_494' title='bbox 1227 1517 1361 1552; x_wconf 87' lang='lat' dir='ltr'><strong>Spiritum</strong></span> <span class='ocrx_word' id='word_1_495' title='bbox 1382 1518 1443 1552; x_wconf 83' lang='lat' dir='ltr'><strong>ejus</strong></span> <span class='ocrx_word' id='word_1_496' title='bbox 1462 1516 1602 1543; x_wconf 87' lang='lat' dir='ltr'><strong>Christum</strong></span> <span class='ocrx_word' id='word_1_497' title='bbox 1624 1514 1750 1541; x_wconf 81' lang='lat' dir='ltr'><strong>habitare</strong></span> 
     </span>
    </p>
   </div>
   <div class='ocr_carea' id='block_1_65' title="bbox 958 1563 1750 1600">
    <p class='ocr_par' dir='ltr' id='par_1_65' title="bbox 958 1563 1750 1600">
     <span class='ocr_line' id='line_1_65' title="bbox 958 1563 1750 1600; baseline -0.006 -8"><span class='ocrx_word' id='word_1_498' title='bbox 958 1572 1006 1600; x_wconf 89' lang='lat' dir='ltr'><strong>per</strong></span> <span class='ocrx_word' id='word_1_499' title='bbox 1024 1565 1104 1593; x_wconf 79' lang='lat' dir='ltr'><strong>(idem</strong></span> <span class='ocrx_word' id='word_1_500' title='bbox 1126 1566 1154 1592; x_wconf 91' lang='lat' dir='ltr'><strong>in</strong></span> <span class='ocrx_word' id='word_1_501' title='bbox 1176 1564 1310 1592; x_wconf 81' lang='lat' dir='ltr'><strong>cordibus</strong></span> <span class='ocrx_word' id='word_1_502' title='bbox 1325 1564 1424 1592; x_wconf 74' lang='lat' dir='ltr'><strong>vestris</strong></span> <span class='ocrx_word' id='word_1_503' title='bbox 1440 1563 1473 1592; x_wconf 73' lang='lat'><strong>“.</strong></span> <span class='ocrx_word' id='word_1_504' title='bbox 1488 1573 1497 1589; x_wconf 74' lang='grc' dir='ltr'><strong>ι</strong></span> <span class='ocrx_word' id='word_1_505' title='bbox 1513 1563 1580 1590; x_wconf 89' lang='lat' dir='ltr'><strong>Cum</strong></span> <span class='ocrx_word' id='word_1_506' title='bbox 1607 1569 1673 1596; x_wconf 79' lang='lat' dir='ltr'><strong>ergo</strong></span> <span class='ocrx_word' id='word_1_507' title='bbox 1701 1568 1750 1595; x_wconf 80' lang='lat' dir='ltr'><strong>per</strong></span> 
     </span>
    </p>
   </div>
   <div class='ocr_carea' id='block_1_66' title="bbox 959 1607 1749 1639">
    <p class='ocr_par' dir='ltr' id='par_1_66' title="bbox 959 1607 1749 1639">
     <span class='ocr_line' id='line_1_66' title="bbox 959 1607 1749 1639; baseline -0.006 -1"><span class='ocrx_word' id='word_1_508' title='bbox 959 1611 1040 1639; x_wconf 83' lang='lat' dir='ltr'><strong>ﬁdem</strong></span> <span class='ocrx_word' id='word_1_509' title='bbox 1057 1611 1112 1638; x_wconf 88' lang='lat' dir='ltr'><strong>vita</strong></span> <span class='ocrx_word' id='word_1_510' title='bbox 1135 1611 1182 1638; x_wconf 83' lang='lat' dir='ltr'><strong>illa</strong></span> <span class='ocrx_word' id='word_1_511' title='bbox 1200 1610 1354 1638; x_wconf 86' lang='lat' dir='ltr'><strong>secundum</strong></span> <span class='ocrx_word' id='word_1_512' title='bbox 1373 1614 1499 1637; x_wconf 87' lang='lat' dir='ltr'><strong>naturam</strong></span> <span class='ocrx_word' id='word_1_513' title='bbox 1520 1609 1547 1635; x_wconf 88' lang='lat' dir='ltr'><strong>in</strong></span> <span class='ocrx_word' id='word_1_514' title='bbox 1568 1615 1619 1636; x_wconf 89' lang='lat' dir='ltr'><strong>nos</strong></span> <span class='ocrx_word' id='word_1_515' title='bbox 1635 1607 1749 1638; x_wconf 87' lang='lat' dir='ltr'><strong>subeat,</strong></span> 
     </span>
    </p>
   </div>
   <div class='ocr_carea' id='block_1_67' title="bbox 957 1653 1749 1692">
    <p class='ocr_par' dir='ltr' id='par_1_67' title="bbox 957 1653 1749 1692">
     <span class='ocr_line' id='line_1_67' title="bbox 957 1653 1749 1692; baseline -0.006 -8"><span class='ocrx_word' id='word_1_516' title='bbox 957 1656 1097 1692; x_wconf 89' lang='lat' dir='ltr'><strong>quomodo</strong></span> <span class='ocrx_word' id='word_1_517' title='bbox 1119 1663 1201 1684; x_wconf 80' lang='lat' dir='ltr'><strong>verax</strong></span> <span class='ocrx_word' id='word_1_518' title='bbox 1217 1664 1273 1683; x_wconf 87' lang='lat' dir='ltr'><strong>non</strong></span> <span class='ocrx_word' id='word_1_519' title='bbox 1289 1661 1329 1683; x_wconf 90' lang='lat' dir='ltr'><strong>est</strong></span> <span class='ocrx_word' id='word_1_520' title='bbox 1352 1657 1397 1691; x_wconf 86' lang='lat' dir='ltr'><strong>qui</strong></span> <span class='ocrx_word' id='word_1_521' title='bbox 1422 1655 1508 1683; x_wconf 77' lang='lat' dir='ltr'><strong>dicit:</strong></span> <span class='ocrx_word' id='word_1_522' title='bbox 1525 1665 1534 1680; x_wconf 78' lang='grc' dir='ltr'><strong>ι</strong></span> <span class='ocrx_word' id='word_1_523' title='bbox 1550 1654 1602 1688; x_wconf 79' lang='lat' dir='ltr'><strong>Qui</strong></span> <span class='ocrx_word' id='word_1_524' title='bbox 1619 1653 1706 1681; x_wconf 82' lang='lat' dir='ltr'><strong>credit</strong></span> <span class='ocrx_word' id='word_1_525' title='bbox 1722 1653 1749 1679; x_wconf 92' lang='lat' dir='ltr'><strong>in</strong></span> 
     </span>
    </p>
   </div>
   <div class='ocr_carea' id='block_1_68' title="bbox 960 1699 1751 1736">
    <p class='ocr_par' dir='ltr' id='par_1_68' title="bbox 960 1699 1751 1736">
     <span class='ocr_line' id='line_1_68' title="bbox 960 1699 1751 1736; baseline -0.005 -7"><span class='ocrx_word' id='word_1_526' title='bbox 960 1702 1076 1735; x_wconf 83' lang='lat' dir='ltr'><strong>Filium,</strong></span> <span class='ocrx_word' id='word_1_527' title='bbox 1100 1702 1180 1729; x_wconf 87' lang='lat' dir='ltr'><strong>habet</strong></span> <span class='ocrx_word' id='word_1_528' title='bbox 1203 1702 1286 1729; x_wconf 86' lang='lat' dir='ltr'><strong>vitam</strong></span> <span class='ocrx_word' id='word_1_529' title='bbox 1308 1706 1438 1728; x_wconf 76' lang='lat' dir='ltr'><strong>a-ternam</strong></span> <span class='ocrx_word' id='word_1_530' title='bbox 1462 1710 1494 1728; x_wconf 75' lang='grc' dir='ltr'><strong>ε»</strong></span> <span class='ocrx_word' id='word_1_531' title='bbox 1509 1701 1597 1736; x_wconf 88' lang='lat' dir='ltr'><strong>ipsum</strong></span> <span class='ocrx_word' id='word_1_532' title='bbox 1621 1699 1751 1727; x_wconf 80' lang='lat' dir='ltr'><strong>videlicet</strong></span> 
     </span>
    </p>
   </div>
   <div class='ocr_carea' id='block_1_69' title="bbox 962 1747 1608 1782">
    <p class='ocr_par' dir='ltr' id='par_1_69' title="bbox 962 1747 1608 1782">
     <span class='ocr_line' id='line_1_69' title="bbox 962 1747 1608 1782; baseline -0.005 -7"><span class='ocrx_word' id='word_1_533' title='bbox 962 1748 1062 1781; x_wconf 81' lang='lat' dir='ltr'><strong>Filium</strong></span> <span class='ocrx_word' id='word_1_534' title='bbox 1074 1768 1081 1779; x_wconf 85' lang='grc'><strong>,</strong></span> <span class='ocrx_word' id='word_1_535' title='bbox 1099 1756 1155 1775; x_wconf 92' lang='lat' dir='ltr'><strong>non</strong></span> <span class='ocrx_word' id='word_1_536' title='bbox 1175 1751 1266 1776; x_wconf 90' lang='lat' dir='ltr'><strong>autem</strong></span> <span class='ocrx_word' id='word_1_537' title='bbox 1283 1747 1418 1774; x_wconf 78' lang='lat' dir='ltr'><strong>aliam&#39;ab</strong></span> <span class='ocrx_word' id='word_1_538' title='bbox 1434 1747 1495 1782; x_wconf 81' lang='lat' dir='ltr'><strong>ipso</strong></span> <span class='ocrx_word' id='word_1_539' title='bbox 1513 1748 1608 1773; x_wconf 83' lang='lat' dir='ltr'><strong>vitam.</strong></span> 
     </span>
    </p>
   </div>
   <div class='ocr_carea' id='block_1_70' title="bbox 113 1791 1751 1831">
    <p class='ocr_par' dir='ltr' id='par_1_70' title="bbox 113 1791 1751 1831">
     <span class='ocr_line' id='line_1_70' title="bbox 113 1791 1751 1831; baseline -0.003 -10"><span class='ocrx_word' id='word_1_540' title='bbox 113 1795 164 1830; x_wconf 73' lang='grc' dir='ltr'><strong>θὴς</strong></span> <span class='ocrx_word' id='word_1_541' title='bbox 179 1796 193 1821; x_wconf 88' lang='grc' dir='ltr'><strong>ό</strong></span> <span class='ocrx_word' id='word_1_542' title='bbox 208 1795 306 1829; x_wconf 81' lang='grc' dir='ltr'>λέγων,</span> <span class='ocrx_word' id='word_1_543' title='bbox 325 1806 334 1822; x_wconf 88' lang='grc'><strong>‹</strong></span> <span class='ocrx_word' id='word_1_544' title='bbox 361 1796 390 1821; x_wconf 88' lang='grc'><strong>’0</strong></span> <span class='ocrx_word' id='word_1_545' title='bbox 402 1795 536 1821; x_wconf 78' lang='grc' dir='ltr'>πιστεύων</span> <span class='ocrx_word' id='word_1_546' title='bbox 557 1795 596 1826; x_wconf 83' lang='grc' dir='ltr'><strong>είς</strong></span> <span class='ocrx_word' id='word_1_547' title='bbox 607 1796 653 1822; x_wconf 74' lang='grc' dir='ltr'>τὸν</span> <span class='ocrx_word' id='word_1_548' title='bbox 667 1795 740 1828; x_wconf 67' lang='grc' dir='ltr'>Υίὺν,</span> <span class='ocrx_word' id='word_1_549' title='bbox 759 1795 817 1831; x_wconf 79' lang='grc' dir='ltr'>ἔχει</span> <span class='ocrx_word' id='word_1_550' title='bbox 838 1796 911 1831; x_wconf 77' lang='grc' dir='ltr'>ζωὴν</span> <span class='ocrx_word' id='word_1_551' title='bbox 930 1795 1055 1829; x_wconf 83' lang='grc' dir='ltr'>αἰώνιον;</span> <span class='ocrx_word' id='word_1_552' title='bbox 1073 1804 1082 1821; x_wconf 73' lang='grc' dir='ltr'><strong>ι</strong></span> <span class='ocrx_word' id='word_1_553' title='bbox 1105 1795 1187 1822; x_wconf 78' lang='grc' dir='ltr'>αὑτὸν</span> <span class='ocrx_word' id='word_1_554' title='bbox 1217 1794 1337 1830; x_wconf 78' lang='grc' dir='ltr'>δηλονότι</span> <span class='ocrx_word' id='word_1_555' title='bbox 1352 1794 1398 1820; x_wconf 75' lang='grc' dir='ltr'>τὸν</span> <span class='ocrx_word' id='word_1_556' title='bbox 1415 1793 1489 1826; x_wconf 80' lang='grc' dir='ltr'>Υἱὺν,</span> <span class='ocrx_word' id='word_1_557' title='bbox 1513 1793 1560 1819; x_wconf 75' lang='grc' dir='ltr'>καὶ</span> <span class='ocrx_word' id='word_1_558' title='bbox 1578 1792 1627 1827; x_wconf 76' lang='grc' dir='ltr'>οὐχ</span> <span class='ocrx_word' id='word_1_559' title='bbox 1654 1791 1751 1826; x_wconf 76' lang='grc' dir='ltr'>ἑτέραν</span> 
     </span>
    </p>
   </div>
   <div class='ocr_carea' id='block_1_71' title="bbox 110 1840 606 1876">
    <p class='ocr_par' dir='ltr' id='par_1_71' title="bbox 110 1840 606 1876">
     <span class='ocr_line' id='line_1_71' title="bbox 110 1840 606 1876; baseline 0 -9"><span class='ocrx_word' id='word_1_560' title='bbox 110 1842 175 1868; x_wconf 64' lang='grc' dir='ltr'>τινὰ</span> <span class='ocrx_word' id='word_1_561' title='bbox 190 1843 254 1876; x_wconf 74' lang='grc' dir='ltr'>παρ’</span> <span class='ocrx_word' id='word_1_562' title='bbox 266 1843 348 1868; x_wconf 79' lang='grc' dir='ltr'>αὑτὸν</span> <span class='ocrx_word' id='word_1_563' title='bbox 360 1841 506 1876; x_wconf 72' lang='grc' dir='ltr'>νοουμένην</span> <span class='ocrx_word' id='word_1_564' title='bbox 523 1840 606 1876; x_wconf 84' lang='grc' dir='ltr'>ζωήν.</span> 
     </span>
    </p>
   </div>
   <div class='ocr_carea' id='block_1_72' title="bbox 153 1887 900 1922">
    <p class='ocr_par' dir='ltr' id='par_1_72' title="bbox 153 1887 900 1922">
     <span class='ocr_line' id='line_1_72' title="bbox 153 1887 900 1922; baseline -0.003 -6"><span class='ocrx_word' id='word_1_565' title='bbox 153 1890 188 1916; x_wconf 81' lang='lat' dir='ltr'><strong>‘U</strong></span> <span class='ocrx_word' id='word_1_566' title='bbox 207 1889 242 1916; x_wconf 73' lang='grc' dir='ltr'><strong>δὲ</strong></span> <span class='ocrx_word' id='word_1_567' title='bbox 262 1888 391 1916; x_wconf 77' lang='grc' dir='ltr'>ἀπειθῶν</span> <span class='ocrx_word' id='word_1_568' title='bbox 410 1889 449 1921; x_wconf 86' lang='grc' dir='ltr'>τῷ</span> <span class='ocrx_word' id='word_1_569' title='bbox 466 1887 531 1920; x_wconf 78' lang='grc' dir='ltr'>Υίῷ,</span> <span class='ocrx_word' id='word_1_570' title='bbox 544 1889 599 1915; x_wconf 80' lang='grc' dir='ltr'>οὐκ</span> <span class='ocrx_word' id='word_1_571' title='bbox 622 1888 727 1922; x_wconf 72' lang='grc' dir='ltr'>ὄψεται</span> <span class='ocrx_word' id='word_1_572' title='bbox 744 1888 801 1921; x_wconf 74' lang='grc' dir='ltr'>τὴν</span> <span class='ocrx_word' id='word_1_573' title='bbox 816 1887 900 1920; x_wconf 80' lang='grc' dir='ltr'><strong>ζωήν.</strong></span> 
     </span>
    </p>
   </div>
   <div class='ocr_carea' id='block_1_73' title="bbox 146 1978 904 2017">
    <p class='ocr_par' dir='ltr' id='par_1_73' title="bbox 146 1978 904 2017">
     <span class='ocr_line' id='line_1_73' title="bbox 146 1978 904 2017; baseline -0.004 -9"><span class='ocrx_word' id='word_1_574' title='bbox 146 1982 215 2017; x_wconf 76' lang='grc' dir='ltr'><strong>’Λρ“</strong></span> <span class='ocrx_word' id='word_1_575' title='bbox 229 1978 287 2012; x_wconf 74' lang='grc' dir='ltr'>οὖν,</span> <span class='ocrx_word' id='word_1_576' title='bbox 307 1981 365 2016; x_wconf 86' lang='grc' dir='ltr'><strong>ὲρεί</strong></span> <span class='ocrx_word' id='word_1_577' title='bbox 384 1989 426 2012; x_wconf 84' lang='grc' dir='ltr'><strong>τις</strong></span> <span class='ocrx_word' id='word_1_578' title='bbox 444 1980 534 2015; x_wconf 75' lang='grc' dir='ltr'>τυχὸν,</span> <span class='ocrx_word' id='word_1_579' title='bbox 553 1979 650 2015; x_wconf 74' lang='grc' dir='ltr'>ἑτέραν</span> <span class='ocrx_word' id='word_1_580' title='bbox 669 1980 736 2014; x_wconf 81' lang='grc' dir='ltr'>ἡμῖν</span> <span class='ocrx_word' id='word_1_581' title='bbox 757 1979 904 2014; x_wconf 82' lang='grc' dir='ltr'>πρεσῦεύει</span> 
     </span>
    </p>
   </div>
   <div class='ocr_carea' id='block_1_74' title="bbox 112 2026 906 2062">
    <p class='ocr_par' dir='ltr' id='par_1_74' title="bbox 112 2026 906 2062">
     <span class='ocr_line' id='line_1_74' title="bbox 112 2026 906 2062; baseline -0.005 -7"><span class='ocrx_word' id='word_1_582' title='bbox 112 2029 196 2061; x_wconf 61' lang='grc' dir='ltr'>δόξαν</span> <span class='ocrx_word' id='word_1_583' title='bbox 211 2029 225 2054; x_wconf 83' lang='grc' dir='ltr'>ὁ</span> <span class='ocrx_word' id='word_1_584' title='bbox 249 2028 414 2062; x_wconf 72' lang='grc' dir='ltr'>Βαπτιστὴς,</span> <span class='ocrx_word' id='word_1_585' title='bbox 439 2026 484 2053; x_wconf 71' lang='grc' dir='ltr'>καὶ</span> <span class='ocrx_word' id='word_1_586' title='bbox 498 2026 543 2053; x_wconf 74' lang='grc' dir='ltr'><strong>τὸν</strong></span> <span class='ocrx_word' id='word_1_587' title='bbox 559 2026 609 2060; x_wconf 83' lang='grc' dir='ltr'>τῆς</span> <span class='ocrx_word' id='word_1_588' title='bbox 627 2026 800 2057; x_wconf 74' lang='grc' dir='ltr'>ἀναστάσεως</span> <span class='ocrx_word' id='word_1_589' title='bbox 817 2034 906 2061; x_wconf 83' lang='grc' dir='ltr'>παρα-</span> 
     </span>
    </p>
   </div>
   <div class='ocr_carea' id='block_1_75' title="bbox 113 2071 907 2108">
    <p class='ocr_par' dir='ltr' id='par_1_75' title="bbox 113 2071 907 2108">
     <span class='ocr_line' id='line_1_75' title="bbox 113 2071 907 2108; baseline -0.003 -8"><span class='ocrx_word' id='word_1_590' title='bbox 113 2074 222 2108; x_wconf 70' lang='grc' dir='ltr'>φθείρει</span> <span class='ocrx_word' id='word_1_591' title='bbox 236 2074 323 2108; x_wconf 67' lang='grc' dir='ltr'>λόγον,</span> <span class='ocrx_word' id='word_1_592' title='bbox 338 2073 589 2108; x_wconf 77' lang='grc' dir='ltr'>ζωοποιηθήσεσθαι</span> <span class='ocrx_word' id='word_1_593' title='bbox 615 2072 664 2107; x_wconf 80' lang='grc' dir='ltr'>μὲν</span> <span class='ocrx_word' id='word_1_594' title='bbox 682 2073 727 2098; x_wconf 81' lang='grc' dir='ltr'>τὸν</span> <span class='ocrx_word' id='word_1_595' title='bbox 746 2071 907 2098; x_wconf 79' lang='grc' dir='ltr'>πιστεύοντα</span> 
     </span>
    </p>
   </div>
   <div class='ocr_carea' id='block_1_76' title="bbox 112 2117 907 2154">
    <p class='ocr_par' dir='ltr' id='par_1_76' title="bbox 112 2117 907 2154">
     <span class='ocr_line' id='line_1_76' title="bbox 112 2117 907 2154; baseline -0.001 -9"><span class='ocrx_word' id='word_1_596' title='bbox 112 2119 214 2154; x_wconf 72' lang='grc' dir='ltr'>λέγων,</span> <span class='ocrx_word' id='word_1_597' title='bbox 228 2119 274 2146; x_wconf 71' lang='grc' dir='ltr'>τδν</span> <span class='ocrx_word' id='word_1_598' title='bbox 289 2119 318 2145; x_wconf 84' lang='grc' dir='ltr'><strong>δὲ</strong></span> <span class='ocrx_word' id='word_1_599' title='bbox 332 2119 369 2154; x_wconf 85' lang='grc' dir='ltr'>μὴ</span> <span class='ocrx_word' id='word_1_600' title='bbox 395 2118 516 2154; x_wconf 68' lang='grc' dir='ltr'>τοιοῦτον</span> <span class='ocrx_word' id='word_1_601' title='bbox 540 2119 590 2145; x_wconf 80' lang='grc' dir='ltr'>οὐκ</span> <span class='ocrx_word' id='word_1_602' title='bbox 616 2118 728 2153; x_wconf 72' lang='grc' dir='ltr'>ὄψεσθαι</span> <span class='ocrx_word' id='word_1_603' title='bbox 747 2118 819 2152; x_wconf 76' lang='grc' dir='ltr'>ζωὴν</span> <span class='ocrx_word' id='word_1_604' title='bbox 839 2117 907 2150; x_wconf 82' lang='grc' dir='ltr'>ὅλως</span> 
     </span>
    </p>
   </div>
   <div class='ocr_carea' id='block_1_77' title="bbox 113 2163 905 2200">
    <p class='ocr_par' dir='ltr' id='par_1_77' title="bbox 113 2163 905 2200">
     <span class='ocr_line' id='line_1_77' title="bbox 113 2163 905 2200; baseline -0.001 -9"><span class='ocrx_word' id='word_1_605' title='bbox 113 2165 373 2200; x_wconf 68' lang='grc' dir='ltr'>διαϐεϐαιούμενοςς</span> <span class='ocrx_word' id='word_1_606' title='bbox 395 2164 615 2200; x_wconf 80' lang='grc' dir='ltr'>Ἐγερῡησόμεθα</span> <span class='ocrx_word' id='word_1_607' title='bbox 631 2165 671 2197; x_wconf 79' lang='grc' dir='ltr'><strong>δὲ,</strong></span> <span class='ocrx_word' id='word_1_608' title='bbox 686 2164 757 2191; x_wconf 76' lang='grc' dir='ltr'>κατὰ</span> <span class='ocrx_word' id='word_1_609' title='bbox 772 2164 801 2190; x_wconf 71' lang='grc' dir='ltr'>τὸ</span> <span class='ocrx_word' id='word_1_610' title='bbox 822 2163 905 2196; x_wconf 74' lang='grc' dir='ltr'>εἰκὸς,</span> 
     </span>
    </p>
   </div>
   <div class='ocr_carea' id='block_1_78' title="bbox 113 2208 905 2245">
    <p class='ocr_par' dir='ltr' id='par_1_78' title="bbox 113 2208 905 2245">
     <span class='ocr_line' id='line_1_78' title="bbox 113 2208 905 2245; baseline -0.003 -8"><span class='ocrx_word' id='word_1_611' title='bbox 113 2211 144 2237; x_wconf 76' lang='grc' dir='ltr'>οὐ</span> <span class='ocrx_word' id='word_1_612' title='bbox 166 2210 278 2242; x_wconf 67' lang='grc' dir='ltr'>πάντες,</span> <span class='ocrx_word' id='word_1_613' title='bbox 299 2210 400 2245; x_wconf 86' lang='grc' dir='ltr'>ταύτην</span> <span class='ocrx_word' id='word_1_614' title='bbox 425 2211 490 2244; x_wconf 82' lang='grc' dir='ltr'>ἡμῖν</span> <span class='ocrx_word' id='word_1_615' title='bbox 513 2209 734 2245; x_wconf 84' lang='grc' dir='ltr'>εἱσκεκομικότος</span> <span class='ocrx_word' id='word_1_616' title='bbox 757 2208 804 2235; x_wconf 84' lang='grc' dir='ltr'>τοῦ</span> <span class='ocrx_word' id='word_1_617' title='bbox 827 2209 905 2243; x_wconf 86' lang='grc' dir='ltr'>λόγου</span> 
     </span>
    </p>
   </div>
   <div class='ocr_carea' id='block_1_79' title="bbox 113 2253 905 2292">
    <p class='ocr_par' dir='ltr' id='par_1_79' title="bbox 113 2253 905 2292">
     <span class='ocr_line' id='line_1_79' title="bbox 113 2253 905 2292; baseline 0 -10"><span class='ocrx_word' id='word_1_618' title='bbox 113 2256 164 2292; x_wconf 70' lang='grc' dir='ltr'>τὴν</span> <span class='ocrx_word' id='word_1_619' title='bbox 179 2256 325 2291; x_wconf 81' lang='grc' dir='ltr'>διαφοράν·</span> <span class='ocrx_word' id='word_1_620' title='bbox 346 2253 406 2281; x_wconf 77' lang='grc' dir='ltr'>εἶτα</span> <span class='ocrx_word' id='word_1_621' title='bbox 425 2257 472 2281; x_wconf 85' lang='grc' dir='ltr'>ποῖ</span> <span class='ocrx_word' id='word_1_622' title='bbox 491 2264 555 2282; x_wconf 83' lang='grc' dir='ltr'>ποτε</span> <span class='ocrx_word' id='word_1_623' title='bbox 571 2255 692 2291; x_wconf 77' lang='grc' dir='ltr'>χωρήσει</span> <span class='ocrx_word' id='word_1_624' title='bbox 711 2255 741 2281; x_wconf 77' lang='grc' dir='ltr'>τὸ</span> <span class='ocrx_word' id='word_1_625' title='bbox 764 2255 905 2286; x_wconf 79' lang='grc' dir='ltr'>ἀπολύτως</span> 
     </span>
    </p>
   </div>
   <div class='ocr_carea' id='block_1_80' title="bbox 114 2301 904 2337">
    <p class='ocr_par' dir='ltr' id='par_1_80' title="bbox 114 2301 904 2337">
     <span class='ocr_line' id='line_1_80' title="bbox 114 2301 904 2337; baseline -0.001 -9"><span class='ocrx_word' id='word_1_626' title='bbox 114 2303 163 2328; x_wconf 75' lang='grc' dir='ltr'>καὶ</span> <span class='ocrx_word' id='word_1_627' title='bbox 179 2302 218 2333; x_wconf 78' lang='grc' dir='ltr'><strong>ὡς</strong></span> <span class='ocrx_word' id='word_1_628' title='bbox 231 2302 273 2336; x_wconf 80' lang='grc' dir='ltr'><strong>ἐφ’</strong></span> <span class='ocrx_word' id='word_1_629' title='bbox 287 2302 389 2328; x_wconf 81' lang='grc' dir='ltr'>ἅπασιν</span> <span class='ocrx_word' id='word_1_630' title='bbox 403 2301 556 2337; x_wconf 77' lang='grc' dir='ltr'>εἰρημένον,</span> <span class='ocrx_word' id='word_1_631' title='bbox 574 2310 582 2327; x_wconf 83' lang='grc' dir='ltr'><strong>ι</strong></span> <span class='ocrx_word' id='word_1_632' title='bbox 595 2302 805 2337; x_wconf 79' lang='grc' dir='ltr'>’Λναστήσονται</span> <span class='ocrx_word' id='word_1_633' title='bbox 820 2302 844 2328; x_wconf 81' lang='grc' dir='ltr'>οἱ</span> <span class='ocrx_word' id='word_1_634' title='bbox 860 2310 904 2328; x_wconf 89' lang='grc' dir='ltr'>νε-</span> 
     </span>
    </p>
   </div>
   <div class='ocr_carea' id='block_1_81' title="bbox 993 1884 1750 1920">
    <p class='ocr_par' dir='ltr' id='par_1_81' title="bbox 993 1884 1750 1920">
     <span class='ocr_line' id='line_1_81' title="bbox 993 1884 1750 1920; baseline -0.003 -7"><span class='ocrx_word' id='word_1_635' title='bbox 993 1887 1043 1919; x_wconf 84' lang='lat' dir='ltr'><strong>Ill,</strong></span> <span class='ocrx_word' id='word_1_636' title='bbox 1058 1887 1102 1914; x_wconf 82' lang='grc'><strong>56.</strong></span> <span class='ocrx_word' id='word_1_637' title='bbox 1119 1886 1270 1920; x_wconf 81' lang='lat' dir='ltr'><strong>Quiautcm</strong></span> <span class='ocrx_word' id='word_1_638' title='bbox 1291 1885 1442 1912; x_wconf 80' lang='lat' dir='ltr'><strong>incredulus</strong></span> <span class='ocrx_word' id='word_1_639' title='bbox 1463 1889 1502 1912; x_wconf 69' lang='lat' dir='ltr'><strong>est</strong></span> <span class='ocrx_word' id='word_1_640' title='bbox 1525 1884 1615 1918; x_wconf 83' lang='lat' dir='ltr'><strong>Filio,</strong></span> <span class='ocrx_word' id='word_1_641' title='bbox 1640 1893 1690 1911; x_wconf 84' lang='lat' dir='ltr'><strong>non</strong></span> <span class='ocrx_word' id='word_1_642' title='bbox 1711 1885 1750 1911; x_wconf 76' lang='lat' dir='ltr'><strong>vi-</strong></span> 
     </span>
    </p>
   </div>
   <div class='ocr_carea' id='block_1_82' title="bbox 958 1928 1138 1959">
    <p class='ocr_par' dir='ltr' id='par_1_82' title="bbox 958 1928 1138 1959">
     <span class='ocr_line' id='line_1_82' title="bbox 958 1928 1138 1959; baseline 0 -1"><span class='ocrx_word' id='word_1_643' title='bbox 958 1928 1030 1959; x_wconf 79' lang='lat' dir='ltr'><strong>debit</strong></span> <span class='ocrx_word' id='word_1_644' title='bbox 1045 1933 1138 1959; x_wconf 73' lang='lat' dir='ltr'><strong>vitam.</strong></span> 
     </span>
    </p>
   </div>
   <div class='ocr_carea' id='block_1_83' title="bbox 994 1977 1751 2013">
    <p class='ocr_par' dir='ltr' id='par_1_83' title="bbox 994 1977 1751 2013">
     <span class='ocr_line' id='line_1_83' title="bbox 994 1977 1751 2013; baseline -0.001 -8"><span class='ocrx_word' id='word_1_645' title='bbox 994 1979 1035 2005; x_wconf 80' lang='lat' dir='ltr'><strong>An</strong></span> <span class='ocrx_word' id='word_1_646' title='bbox 1052 1979 1147 2013; x_wconf 81' lang='lat' dir='ltr'><strong>igitur,</strong></span> <span class='ocrx_word' id='word_1_647' title='bbox 1167 1978 1274 2013; x_wconf 87' lang='lat' dir='ltr'><strong>inquiet</strong></span> <span class='ocrx_word' id='word_1_648' title='bbox 1291 1977 1385 2004; x_wconf 80' lang='lat' dir='ltr'><strong>forsan</strong></span> <span class='ocrx_word' id='word_1_649' title='bbox 1403 1977 1503 2012; x_wconf 88' lang='lat' dir='ltr'><strong>aliquis</strong></span> <span class='ocrx_word' id='word_1_650' title='bbox 1516 1998 1524 2010; x_wconf 94' lang='lat'>,</span> <span class='ocrx_word' id='word_1_651' title='bbox 1542 1977 1681 2005; x_wconf 83' lang='lat' dir='ltr'><strong>diversam</strong></span> <span class='ocrx_word' id='word_1_652' title='bbox 1701 1984 1751 2004; x_wconf 89' lang='lat' dir='ltr'><strong>no-</strong></span> 
     </span>
    </p>
   </div>
   <div class='ocr_carea' id='block_1_84' title="bbox 960 2023 1751 2060">
    <p class='ocr_par' dir='ltr' id='par_1_84' title="bbox 960 2023 1751 2060">
     <span class='ocr_line' id='line_1_84' title="bbox 960 2023 1751 2060; baseline -0.003 -8"><span class='ocrx_word' id='word_1_653' title='bbox 960 2025 1003 2053; x_wconf 89' lang='lat' dir='ltr'><strong>bis</strong></span> <span class='ocrx_word' id='word_1_654' title='bbox 1021 2025 1144 2060; x_wconf 82' lang='lat' dir='ltr'><strong>Baptista</strong></span> <span class='ocrx_word' id='word_1_655' title='bbox 1164 2024 1280 2060; x_wconf 82' lang='lat' dir='ltr'><strong>gloriam</strong></span> <span class='ocrx_word' id='word_1_656' title='bbox 1301 2023 1463 2055; x_wconf 89' lang='lat' dir='ltr'><strong>constituit,</strong></span> <span class='ocrx_word' id='word_1_657' title='bbox 1485 2027 1511 2050; x_wconf 89' lang='lat' dir='ltr'><strong>ct</strong></span> <span class='ocrx_word' id='word_1_658' title='bbox 1537 2023 1751 2050; x_wconf 85' lang='lat' dir='ltr'><strong>resurrectionis</strong></span> 
     </span>
    </p>
   </div>
   <div class='ocr_carea' id='block_1_85' title="bbox 960 2068 1749 2105">
    <p class='ocr_par' dir='ltr' id='par_1_85' title="bbox 960 2068 1749 2105">
     <span class='ocr_line' id='line_1_85' title="bbox 960 2068 1749 2105; baseline -0.001 -8"><span class='ocrx_word' id='word_1_659' title='bbox 960 2071 1094 2098; x_wconf 88' lang='lat' dir='ltr'><strong>rationem</strong></span> <span class='ocrx_word' id='word_1_660' title='bbox 1115 2070 1289 2105; x_wconf 87' lang='lat' dir='ltr'><strong>corrumpit,</strong></span> <span class='ocrx_word' id='word_1_661' title='bbox 1310 2069 1429 2097; x_wconf 87' lang='lat' dir='ltr'><strong>dicendo</strong></span> <span class='ocrx_word' id='word_1_662' title='bbox 1448 2068 1619 2095; x_wconf 80' lang='lat' dir='ltr'><strong>viviticatum</strong></span> <span class='ocrx_word' id='word_1_663' title='bbox 1640 2068 1749 2103; x_wconf 86' lang='lat' dir='ltr'><strong>quidem</strong></span> 
     </span>
    </p>
   </div>
   <div class='ocr_carea' id='block_1_86' title="bbox 957 2113 1751 2150">
    <p class='ocr_par' dir='ltr' id='par_1_86' title="bbox 957 2113 1751 2150">
     <span class='ocr_line' id='line_1_86' title="bbox 957 2113 1751 2150; baseline -0.005 -6"><span class='ocrx_word' id='word_1_664' title='bbox 957 2117 990 2144; x_wconf 90' lang='lat' dir='ltr'><strong>iri</strong></span> <span class='ocrx_word' id='word_1_665' title='bbox 1010 2116 1171 2149; x_wconf 85' lang='lat' dir='ltr'><strong>credentes,</strong></span> <span class='ocrx_word' id='word_1_666' title='bbox 1193 2115 1354 2143; x_wconf 83' lang='lat' dir='ltr'><strong>incredulos</strong></span> <span class='ocrx_word' id='word_1_667' title='bbox 1368 2122 1434 2142; x_wconf 88' lang='lat' dir='ltr'><strong>vero</strong></span> <span class='ocrx_word' id='word_1_668' title='bbox 1448 2122 1623 2150; x_wconf 86' lang='lat' dir='ltr'><strong>nequaquam</strong></span> <span class='ocrx_word' id='word_1_669' title='bbox 1639 2113 1751 2141; x_wconf 73' lang='lat' dir='ltr'><strong>visuros</strong></span> 
     </span>
    </p>
   </div>
   <div class='ocr_carea' id='block_1_87' title="bbox 959 2161 1748 2193">
    <p class='ocr_par' dir='ltr' id='par_1_87' title="bbox 959 2161 1748 2193">
     <span class='ocr_line' id='line_1_87' title="bbox 959 2161 1748 2193; baseline -0.006 -2"><span class='ocrx_word' id='word_1_670' title='bbox 959 2164 1044 2192; x_wconf 90' lang='lat' dir='ltr'><strong>vitam</strong></span> <span class='ocrx_word' id='word_1_671' title='bbox 1064 2162 1238 2190; x_wconf 78' lang='lat' dir='ltr'><strong>asserenda?</strong></span> <span class='ocrx_word' id='word_1_672' title='bbox 1256 2162 1446 2189; x_wconf 80' lang='lat' dir='ltr'><strong>Excitabimur</strong></span> <span class='ocrx_word' id='word_1_673' title='bbox 1466 2169 1549 2193; x_wconf 87' lang='lat' dir='ltr'><strong>vero,</strong></span> <span class='ocrx_word' id='word_1_674' title='bbox 1574 2165 1603 2188; x_wconf 91' lang='lat' dir='ltr'><strong>ut</strong></span> <span class='ocrx_word' id='word_1_675' title='bbox 1631 2161 1748 2192; x_wconf 82' lang='lat' dir='ltr'><strong>videtur,</strong></span> 
     </span>
    </p>
   </div>
   <div class='ocr_carea' id='block_1_88' title="bbox 958 2207 1750 2243">
    <p class='ocr_par' dir='ltr' id='par_1_88' title="bbox 958 2207 1750 2243">
     <span class='ocr_line' id='line_1_88' title="bbox 958 2207 1750 2243; baseline -0.005 -5"><span class='ocrx_word' id='word_1_676' title='bbox 958 2218 1012 2238; x_wconf 91' lang='lat' dir='ltr'><strong>non</strong></span> <span class='ocrx_word' id='word_1_677' title='bbox 1038 2218 1152 2243; x_wconf 84' lang='lat' dir='ltr'><strong>omnes,</strong></span> <span class='ocrx_word' id='word_1_678' title='bbox 1180 2210 1252 2237; x_wconf 88' lang='lat' dir='ltr'><strong>inter</strong></span> <span class='ocrx_word' id='word_1_679' title='bbox 1280 2217 1330 2236; x_wconf 91' lang='lat' dir='ltr'><strong>nos</strong></span> <span class='ocrx_word' id='word_1_680' title='bbox 1352 2209 1425 2237; x_wconf 90' lang='lat' dir='ltr'><strong>istud</strong></span> <span class='ocrx_word' id='word_1_681' title='bbox 1456 2207 1626 2236; x_wconf 84' lang='lat' dir='ltr'><strong>intercedere</strong></span> <span class='ocrx_word' id='word_1_682' title='bbox 1652 2207 1750 2234; x_wconf 84' lang='lat' dir='ltr'><strong>discri-</strong></span> 
     </span>
    </p>
   </div>
   <div class='ocr_carea' id='block_1_89' title="bbox 959 2254 1750 2290">
    <p class='ocr_par' dir='ltr' id='par_1_89' title="bbox 959 2254 1750 2290">
     <span class='ocr_line' id='line_1_89' title="bbox 959 2254 1750 2290; baseline -0.005 -6"><span class='ocrx_word' id='word_1_683' title='bbox 959 2257 1043 2284; x_wconf 84' lang='lat' dir='ltr'><strong>minis</strong></span> <span class='ocrx_word' id='word_1_684' title='bbox 1063 2256 1166 2283; x_wconf 89' lang='lat' dir='ltr'><strong>dictum</strong></span> <span class='ocrx_word' id='word_1_685' title='bbox 1185 2255 1253 2282; x_wconf 85' lang='lat' dir='ltr'><strong>illud</strong></span> <span class='ocrx_word' id='word_1_686' title='bbox 1270 2255 1417 2290; x_wconf 78' lang='lat' dir='ltr'><strong>signiticet.</strong></span> <span class='ocrx_word' id='word_1_687' title='bbox 1438 2255 1472 2282; x_wconf 80' lang='lat' dir='ltr'><strong>At</strong></span> <span class='ocrx_word' id='word_1_688' title='bbox 1498 2262 1617 2289; x_wconf 88' lang='lat' dir='ltr'><strong>quonam</strong></span> <span class='ocrx_word' id='word_1_689' title='bbox 1640 2254 1750 2281; x_wconf 88' lang='lat' dir='ltr'><strong>demum</strong></span> 
     </span>
    </p>
   </div>
   <div class='ocr_carea' id='block_1_90' title="bbox 960 2299 1752 2335">
    <p class='ocr_par' dir='ltr' id='par_1_90' title="bbox 960 2299 1752 2335">
     <span class='ocr_line' id='line_1_90' title="bbox 960 2299 1752 2335; baseline -0.005 -6"><span class='ocrx_word' id='word_1_690' title='bbox 960 2302 1044 2329; x_wconf 85' lang='lat' dir='ltr'><strong>abibit</strong></span> <span class='ocrx_word' id='word_1_691' title='bbox 1060 2302 1126 2328; x_wconf 90' lang='lat' dir='ltr'><strong>illud</strong></span> <span class='ocrx_word' id='word_1_692' title='bbox 1145 2301 1274 2328; x_wconf 87' lang='lat' dir='ltr'><strong>absolute</strong></span> <span class='ocrx_word' id='word_1_693' title='bbox 1294 2304 1321 2328; x_wconf 90' lang='lat' dir='ltr'><strong>et</strong></span> <span class='ocrx_word' id='word_1_694' title='bbox 1345 2303 1475 2335; x_wconf 84' lang='lat' dir='ltr'><strong>tanquam</strong></span> <span class='ocrx_word' id='word_1_695' title='bbox 1497 2299 1531 2327; x_wconf 90' lang='lat' dir='ltr'><strong>dc</strong></span> <span class='ocrx_word' id='word_1_696' title='bbox 1555 2299 1684 2326; x_wconf 88' lang='lat' dir='ltr'><strong>omnibus</strong></span> <span class='ocrx_word' id='word_1_697' title='bbox 1708 2299 1752 2325; x_wconf 86' lang='lat' dir='ltr'><strong>di-</strong></span> 
     </span>
    </p>
   </div>
   <div class='ocr_carea' id='block_1_91' title="bbox 114 2344 906 2384">
    <p class='ocr_par' dir='ltr' id='par_1_91' title="bbox 114 2347 906 2384">
     <span class='ocr_line' id='line_1_91' title="bbox 114 2347 906 2384; baseline 0 -10"><span class='ocrx_word' id='word_1_698' title='bbox 114 2348 178 2384; x_wconf 65' lang='lat' dir='ltr'><strong>xpoi</strong></span> <span class='ocrx_word' id='word_1_699' title='bbox 192 2357 199 2381; x_wconf 86' lang='lat'><strong>;</strong></span> <span class='ocrx_word' id='word_1_700' title='bbox 222 2358 231 2373; x_wconf 69' lang='grc' dir='ltr'><strong>ο</strong></span> <span class='ocrx_word' id='word_1_701' title='bbox 244 2348 277 2374; x_wconf 88' lang='grc' dir='ltr'>Τί</span> <span class='ocrx_word' id='word_1_702' title='bbox 293 2347 314 2375; x_wconf 73' lang='grc' dir='ltr'><strong>δ’</strong></span> <span class='ocrx_word' id='word_1_703' title='bbox 338 2348 370 2375; x_wconf 81' lang='grc' dir='ltr'>ἂν</span> <span class='ocrx_word' id='word_1_704' title='bbox 385 2348 431 2374; x_wconf 78' lang='grc' dir='ltr'>καὶ</span> <span class='ocrx_word' id='word_1_705' title='bbox 455 2348 528 2383; x_wconf 84' lang='grc' dir='ltr'>δρῴη</span> <span class='ocrx_word' id='word_1_706' title='bbox 545 2347 633 2381; x_wconf 82' lang='grc' dir='ltr'>λέγων</span> <span class='ocrx_word' id='word_1_707' title='bbox 649 2349 664 2374; x_wconf 80' lang='grc' dir='ltr'>ὁ</span> <span class='ocrx_word' id='word_1_708' title='bbox 682 2347 797 2380; x_wconf 74' lang='grc' dir='ltr'>Παῦλος,</span> <span class='ocrx_word' id='word_1_709' title='bbox 813 2357 823 2372; x_wconf 80' lang='grc' dir='ltr'><strong>ι</strong></span> <span class='ocrx_word' id='word_1_710' title='bbox 839 2348 906 2379; x_wconf 79' lang='grc' dir='ltr'>Τοὺς</span> 
     </span>
    </p>
   </div>
   <div class='ocr_carea' id='block_1_92' title="bbox 958 2344 1751 2384">
    <p class='ocr_par' dir='ltr' id='par_1_92' title="bbox 959 2344 1751 2382">
     <span class='ocr_line' id='line_1_92' title="bbox 959 2344 1751 2382; baseline -0.006 -7"><span class='ocrx_word' id='word_1_711' title='bbox 959 2351 1034 2375; x_wconf 90' lang='lat' dir='ltr'><strong>ctum</strong></span> <span class='ocrx_word' id='word_1_712' title='bbox 1046 2368 1053 2380; x_wconf 85' lang='lat'><em>,</em></span> <span class='ocrx_word' id='word_1_713' title='bbox 1070 2357 1079 2373; x_wconf 75' lang='grc' dir='ltr'><strong>ι</strong></span> <span class='ocrx_word' id='word_1_714' title='bbox 1096 2348 1252 2382; x_wconf 75' lang='lat' dir='ltr'><strong>Resurgent</strong></span> <span class='ocrx_word' id='word_1_715' title='bbox 1278 2346 1378 2374; x_wconf 90' lang='lat' dir='ltr'><strong>mortui</strong></span> <span class='ocrx_word' id='word_1_716' title='bbox 1392 2346 1436 2372; x_wconf 70' lang='lat'><strong>&quot;&#39;2</strong></span> <span class='ocrx_word' id='word_1_717' title='bbox 1452 2355 1460 2371; x_wconf 77' lang='grc' dir='ltr'><strong>ι</strong></span> <span class='ocrx_word' id='word_1_718' title='bbox 1475 2345 1545 2377; x_wconf 81' lang='lat' dir='ltr'><strong>Quid</strong></span> <span class='ocrx_word' id='word_1_719' title='bbox 1579 2353 1645 2372; x_wconf 79' lang='lat' dir='ltr'><strong>vero</strong></span> <span class='ocrx_word' id='word_1_720' title='bbox 1670 2344 1751 2371; x_wconf 80' lang='lat' dir='ltr'><strong>faciat</strong></span> 
     </span>
    </p>
   </div>
   <div class='ocr_carea' id='block_1_93' title="bbox 114 2393 904 2430">
    <p class='ocr_par' dir='ltr' id='par_1_93' title="bbox 114 2393 904 2430">
     <span class='ocr_line' id='line_1_93' title="bbox 114 2393 904 2430; baseline -0.001 -9"><span class='ocrx_word' id='word_1_721' title='bbox 114 2395 171 2430; x_wconf 76' lang='grc' dir='ltr'><strong>γὰρ</strong></span> <span class='ocrx_word' id='word_1_722' title='bbox 188 2395 290 2426; x_wconf 80' lang='grc' dir='ltr'>πάντας</span> <span class='ocrx_word' id='word_1_723' title='bbox 315 2395 387 2429; x_wconf 80' lang='grc' dir='ltr'>ἡμᾶς</span> <span class='ocrx_word' id='word_1_724' title='bbox 415 2394 454 2420; x_wconf 85' lang='grc' dir='ltr'><strong>δεῖ</strong></span> <span class='ocrx_word' id='word_1_725' title='bbox 481 2393 670 2429; x_wconf 75' lang='grc' dir='ltr'>φανερωθῆναι</span> <span class='ocrx_word' id='word_1_726' title='bbox 689 2393 844 2428; x_wconf 71' lang='grc' dir='ltr'>ἔμπροσθεν</span> <span class='ocrx_word' id='word_1_727' title='bbox 858 2393 904 2420; x_wconf 78' lang='grc' dir='ltr'>τοῦ</span> 
     </span>
    </p>
   </div>
   <div class='ocr_carea' id='block_1_94' title="bbox 115 2438 905 2475">
    <p class='ocr_par' dir='ltr' id='par_1_94' title="bbox 115 2438 905 2475">
     <span class='ocr_line' id='line_1_94' title="bbox 115 2438 905 2475; baseline -0.001 -9"><span class='ocrx_word' id='word_1_728' title='bbox 115 2441 240 2475; x_wconf 75' lang='grc' dir='ltr'>βήματος</span> <span class='ocrx_word' id='word_1_729' title='bbox 255 2439 302 2465; x_wconf 75' lang='grc' dir='ltr'>τοῦ</span> <span class='ocrx_word' id='word_1_730' title='bbox 318 2438 447 2474; x_wconf 73' lang='grc' dir='ltr'>Χριστοῦ,</span> <span class='ocrx_word' id='word_1_731' title='bbox 459 2438 502 2465; x_wconf 82' lang='grc' dir='ltr'><strong>ἴνα</strong></span> <span class='ocrx_word' id='word_1_732' title='bbox 521 2438 668 2474; x_wconf 78' lang='grc' dir='ltr'>κομίσηται</span> <span class='ocrx_word' id='word_1_733' title='bbox 683 2438 796 2470; x_wconf 72' lang='grc' dir='ltr'>ἕκαστος</span> <span class='ocrx_word' id='word_1_734' title='bbox 809 2439 843 2465; x_wconf 74' lang='grc' dir='ltr'><strong>τὰ</strong></span> <span class='ocrx_word' id='word_1_735' title='bbox 861 2438 905 2465; x_wconf 72' lang='grc' dir='ltr'><strong>διὰ</strong></span> 
     </span>
    </p>
   </div>
   <div class='ocr_carea' id='block_1_95' title="bbox 113 2484 905 2521">
    <p class='ocr_par' dir='ltr' id='par_1_95' title="bbox 113 2484 905 2521">
     <span class='ocr_line' id='line_1_95' title="bbox 113 2484 905 2521; baseline -0.001 -9"><span class='ocrx_word' id='word_1_736' title='bbox 113 2487 162 2513; x_wconf 75' lang='grc' dir='ltr'>τοῦ</span> <span class='ocrx_word' id='word_1_737' title='bbox 188 2485 313 2521; x_wconf 81' lang='grc' dir='ltr'>σώματος</span> <span class='ocrx_word' id='word_1_738' title='bbox 330 2485 398 2521; x_wconf 62' lang='grc' dir='ltr'>πρὸς</span> <span class='ocrx_word' id='word_1_739' title='bbox 417 2485 434 2512; x_wconf 76' lang='grc' dir='ltr'>ἃ</span> <span class='ocrx_word' id='word_1_740' title='bbox 456 2484 589 2519; x_wconf 75' lang='grc' dir='ltr'>ἔπραξεν,</span> <span class='ocrx_word' id='word_1_741' title='bbox 620 2485 675 2511; x_wconf 78' lang='grc' dir='ltr'>εἴτε</span> <span class='ocrx_word' id='word_1_742' title='bbox 706 2485 824 2519; x_wconf 75' lang='grc' dir='ltr'>ἀγαθὸν,</span> <span class='ocrx_word' id='word_1_743' title='bbox 851 2485 905 2511; x_wconf 76' lang='grc' dir='ltr'>εἴτε</span> 
     </span>
    </p>
   </div>
   <div class='ocr_carea' id='block_1_96' title="bbox 114 2529 906 2566">
    <p class='ocr_par' dir='ltr' id='par_1_96' title="bbox 114 2529 906 2566">
     <span class='ocr_line' id='line_1_96' title="bbox 114 2529 906 2566; baseline -0.001 -9"><span class='ocrx_word' id='word_1_744' title='bbox 114 2531 240 2566; x_wconf 72' lang='grc' dir='ltr'>φαῦλονς</span> <span class='ocrx_word' id='word_1_745' title='bbox 261 2541 269 2556; x_wconf 78' lang='grc' dir='ltr'><strong>ι</strong></span> <span class='ocrx_word' id='word_1_746' title='bbox 294 2531 480 2557; x_wconf 74' lang='grc' dir='ltr'>Ἐπαινεῖσοαι</span> <span class='ocrx_word' id='word_1_747' title='bbox 500 2531 549 2566; x_wconf 80' lang='grc' dir='ltr'>μὲν</span> <span class='ocrx_word' id='word_1_748' title='bbox 566 2529 612 2558; x_wconf 75' lang='grc' dir='ltr'>οὖν</span> <span class='ocrx_word' id='word_1_749' title='bbox 639 2531 767 2566; x_wconf 75' lang='grc' dir='ltr'>οἰήσομαι</span> <span class='ocrx_word' id='word_1_750' title='bbox 788 2530 842 2558; x_wconf 84' lang='grc' dir='ltr'>δεῖν</span> <span class='ocrx_word' id='word_1_751' title='bbox 860 2530 906 2557; x_wconf 81' lang='grc' dir='ltr'>τὸν</span> 
     </span>
    </p>
   </div>
   <div class='ocr_carea' id='block_1_97' title="bbox 116 2575 907 2611">
    <p class='ocr_par' dir='ltr' id='par_1_97' title="bbox 116 2575 907 2611">
     <span class='ocr_line' id='line_1_97' title="bbox 116 2575 907 2611; baseline 0 -9"><span class='ocrx_word' id='word_1_752' title='bbox 116 2576 264 2611; x_wconf 64' lang='grc' dir='ltr'>ιριὶομαοῆ,</span> <span class='ocrx_word' id='word_1_753' title='bbox 281 2575 378 2611; x_wconf 80' lang='grc' dir='ltr'>χρῆναι</span> <span class='ocrx_word' id='word_1_754' title='bbox 395 2576 422 2602; x_wconf 82' lang='grc' dir='ltr'><strong>δὲ</strong></span> <span class='ocrx_word' id='word_1_755' title='bbox 450 2576 525 2611; x_wconf 75' lang='grc' dir='ltr'>ὅμως</span> <span class='ocrx_word' id='word_1_756' title='bbox 544 2576 744 2611; x_wconf 77' lang='grc' dir='ltr'>ἀκριϐεστάτην</span> <span class='ocrx_word' id='word_1_757' title='bbox 757 2577 852 2607; x_wconf 78' lang='grc' dir='ltr'>ἐντοῖς</span> <span class='ocrx_word' id='word_1_758' title='bbox 870 2576 907 2602; x_wconf 83' lang='grc' dir='ltr'>ἱε-</span> 
     </span>
    </p>
   </div>
   <div class='ocr_carea' id='block_1_98' title="bbox 116 2621 906 2658">
    <p class='ocr_par' dir='ltr' id='par_1_98' title="bbox 116 2621 906 2658">
     <span class='ocr_line' id='line_1_98' title="bbox 116 2621 906 2658; baseline 0 -10"><span class='ocrx_word' id='word_1_759' title='bbox 116 2623 174 2658; x_wconf 73' lang='grc' dir='ltr'>ροῖς</span> <span class='ocrx_word' id='word_1_760' title='bbox 197 2622 346 2657; x_wconf 72' lang='grc' dir='ltr'>Γράμμασι</span> <span class='ocrx_word' id='word_1_761' title='bbox 373 2622 508 2648; x_wconf 66' lang='grc' dir='ltr'>ποιεῖσθαι</span> <span class='ocrx_word' id='word_1_762' title='bbox 531 2621 580 2657; x_wconf 84' lang='grc' dir='ltr'>τὴν</span> <span class='ocrx_word' id='word_1_763' title='bbox 607 2621 734 2656; x_wconf 68' lang='grc' dir='ltr'>βάσανον.</span> <span class='ocrx_word' id='word_1_764' title='bbox 758 2622 828 2656; x_wconf 72' lang='grc' dir='ltr'><strong>Ὅρα</strong></span> <span class='ocrx_word' id='word_1_765' title='bbox 852 2621 906 2657; x_wconf 76' lang='grc' dir='ltr'><strong>γάρ</strong></span> 
     </span>
    </p>
   </div>
   <div class='ocr_carea' id='block_1_99' title="bbox 116 2667 907 2703">
    <p class='ocr_par' dir='ltr' id='par_1_99' title="bbox 116 2667 907 2703">
     <span class='ocr_line' id='line_1_99' title="bbox 116 2667 907 2703; baseline -0.001 -9"><span class='ocrx_word' id='word_1_766' title='bbox 116 2677 162 2703; x_wconf 80' lang='grc' dir='ltr'><strong>μοι</strong></span> <span class='ocrx_word' id='word_1_767' title='bbox 180 2669 272 2702; x_wconf 62' lang='grc' dir='ltr'>σαφῶς</span> <span class='ocrx_word' id='word_1_768' title='bbox 286 2667 336 2703; x_wconf 81' lang='grc' dir='ltr'>τὴν</span> <span class='ocrx_word' id='word_1_769' title='bbox 360 2668 413 2694; x_wconf 84' lang='grc' dir='ltr'>τῶν</span> <span class='ocrx_word' id='word_1_770' title='bbox 434 2668 586 2703; x_wconf 71' lang='grc' dir='ltr'>εἰρημένων</span> <span class='ocrx_word' id='word_1_771' title='bbox 608 2668 758 2703; x_wconf 64' lang='grc' dir='ltr'>διαστολὴν.</span> <span class='ocrx_word' id='word_1_772' title='bbox 773 2668 840 2703; x_wconf 77' lang='grc' dir='ltr'>Περὶ</span> <span class='ocrx_word' id='word_1_773' title='bbox 858 2667 907 2702; x_wconf 83' lang='grc' dir='ltr'>μὲν</span> 
     </span>
    </p>
   </div>
   <div class='ocr_carea' id='block_1_100' title="bbox 115 2713 907 2749">
    <p class='ocr_par' dir='ltr' id='par_1_100' title="bbox 115 2713 907 2749">
     <span class='ocr_line' id='line_1_100' title="bbox 115 2713 907 2749; baseline 0 -9"><span class='ocrx_word' id='word_1_774' title='bbox 115 2715 170 2749; x_wconf 74' lang='grc' dir='ltr'><strong>γὰρ</strong></span> <span class='ocrx_word' id='word_1_775' title='bbox 186 2713 234 2740; x_wconf 80' lang='grc' dir='ltr'>τοῦ</span> <span class='ocrx_word' id='word_1_776' title='bbox 252 2714 427 2746; x_wconf 77' lang='grc' dir='ltr'>πιστεύοντός</span> <span class='ocrx_word' id='word_1_777' title='bbox 444 2723 535 2749; x_wconf 78' lang='grc' dir='ltr'>φησιν,</span> <span class='ocrx_word' id='word_1_778' title='bbox 556 2715 597 2741; x_wconf 78' lang='grc' dir='ltr'>ὅτι</span> <span class='ocrx_word' id='word_1_779' title='bbox 615 2714 686 2749; x_wconf 83' lang='grc' dir='ltr'>ζωὴν</span> <span class='ocrx_word' id='word_1_780' title='bbox 699 2714 754 2747; x_wconf 72' lang='grc' dir='ltr'>ἕξει</span> <span class='ocrx_word' id='word_1_781' title='bbox 772 2715 822 2749; x_wconf 82' lang='grc' dir='ltr'>τὴν</span> <span class='ocrx_word' id='word_1_782' title='bbox 845 2714 907 2740; x_wconf 74' lang='grc' dir='ltr'>αἰώ-</span> 
     </span>
    </p>
   </div>
   <div class='ocr_carea' id='block_1_101' title="bbox 114 2760 907 2796">
    <p class='ocr_par' dir='ltr' id='par_1_101' title="bbox 114 2760 907 2796">
     <span class='ocr_line' id='line_1_101' title="bbox 114 2760 907 2796; baseline 0 -10"><span class='ocrx_word' id='word_1_783' title='bbox 114 2769 181 2787; x_wconf 79' lang='grc' dir='ltr'>νιον.</span> <span class='ocrx_word' id='word_1_784' title='bbox 197 2760 267 2795; x_wconf 78' lang='grc' dir='ltr'>Περὶ</span> <span class='ocrx_word' id='word_1_785' title='bbox 278 2760 308 2786; x_wconf 72' lang='grc' dir='ltr'><strong>δὲ</strong></span> <span class='ocrx_word' id='word_1_786' title='bbox 326 2760 373 2786; x_wconf 84' lang='grc' dir='ltr'>τοῦ</span> <span class='ocrx_word' id='word_1_787' title='bbox 387 2761 596 2796; x_wconf 75' lang='grc' dir='ltr'>ἀπειθήσαντος,</span> <span class='ocrx_word' id='word_1_788' title='bbox 612 2761 707 2796; x_wconf 76' lang='grc' dir='ltr'>ἑτέραν</span> <span class='ocrx_word' id='word_1_789' title='bbox 724 2762 738 2787; x_wconf 83' lang='grc' dir='ltr'>ὁ</span> <span class='ocrx_word' id='word_1_790' title='bbox 755 2760 835 2794; x_wconf 73' lang='grc' dir='ltr'>λόγος</span> <span class='ocrx_word' id='word_1_791' title='bbox 850 2760 907 2795; x_wconf 79' lang='grc' dir='ltr'>ἕχει</span> 
     </span>
    </p>
   </div>
   <div class='ocr_carea' id='block_1_102' title="bbox 113 2805 906 2843">
    <p class='ocr_par' dir='ltr' id='par_1_102' title="bbox 113 2805 906 2843">
     <span class='ocr_line' id='line_1_102' title="bbox 113 2805 906 2843; baseline 0.001 -12"><span class='ocrx_word' id='word_1_792' title='bbox 113 2806 163 2840; x_wconf 76' lang='grc' dir='ltr'>τὴν</span> <span class='ocrx_word' id='word_1_793' title='bbox 190 2805 321 2841; x_wconf 74' lang='grc' dir='ltr'>ἔμφασιν.</span> <span class='ocrx_word' id='word_1_794' title='bbox 353 2807 390 2833; x_wconf 90' lang='grc' dir='ltr'><strong>Οὐ</strong></span> <span class='ocrx_word' id='word_1_795' title='bbox 418 2807 472 2842; x_wconf 80' lang='grc' dir='ltr'><strong>γὰρ</strong></span> <span class='ocrx_word' id='word_1_796' title='bbox 497 2807 548 2843; x_wconf 68' lang='grc' dir='ltr'>ἔφη</span> <span class='ocrx_word' id='word_1_797' title='bbox 567 2807 640 2843; x_wconf 82' lang='grc' dir='ltr'>ζωὴν</span> <span class='ocrx_word' id='word_1_798' title='bbox 658 2807 707 2842; x_wconf 81' lang='grc' dir='ltr'>οὐχ</span> <span class='ocrx_word' id='word_1_799' title='bbox 722 2807 795 2839; x_wconf 74' lang='grc' dir='ltr'>ἕξειν</span> <span class='ocrx_word' id='word_1_800' title='bbox 810 2807 906 2834; x_wconf 72' lang='grc' dir='ltr'>αὐτόν·</span> 
     </span>
    </p>
   </div>
   <div class='ocr_carea' id='block_1_103' title="bbox 113 2853 906 2889">
    <p class='ocr_par' dir='ltr' id='par_1_103' title="bbox 113 2853 906 2889">
     <span class='ocr_line' id='line_1_103' title="bbox 113 2853 906 2889; baseline 0 -12"><span class='ocrx_word' id='word_1_801' title='bbox 113 2853 295 2887; x_wconf 72' lang='grc' dir='ltr'>ἐγερθήσεται</span> <span class='ocrx_word' id='word_1_802' title='bbox 317 2853 372 2888; x_wconf 70' lang='grc' dir='ltr'><strong>γὰρ</strong></span> <span class='ocrx_word' id='word_1_803' title='bbox 402 2853 440 2888; x_wconf 76' lang='grc' dir='ltr'><strong>τῷ</strong></span> <span class='ocrx_word' id='word_1_804' title='bbox 463 2853 544 2889; x_wconf 80' lang='grc' dir='ltr'>κοινῷ</span> <span class='ocrx_word' id='word_1_805' title='bbox 558 2854 606 2888; x_wconf 77' lang='grc' dir='ltr'>τῆς</span> <span class='ocrx_word' id='word_1_806' title='bbox 621 2854 795 2884; x_wconf 74' lang='grc' dir='ltr'>ἀναστάσεως</span> <span class='ocrx_word' id='word_1_807' title='bbox 810 2853 883 2887; x_wconf 59' lang='grc' dir='ltr'>νόμῳ</span> <span class='ocrx_word' id='word_1_808' title='bbox 900 2861 906 2867; x_wconf 73' lang='lat'><strong>~</strong></span> 
     </span>
    </p>
   </div>
   <div class='ocr_carea' id='block_1_104' title="bbox 150 2910 426 2939">
    <p class='ocr_par' dir='ltr' id='par_1_104' title="bbox 150 2910 426 2939">
     <span class='ocr_line' id='line_1_104' title="bbox 150 2910 426 2939; baseline 0.007 -4"><span class='ocrx_word' id='word_1_809' title='bbox 150 2910 172 2926; x_wconf 83' lang='grc'><strong>⁵⁵</strong></span> <span class='ocrx_word' id='word_1_810' title='bbox 189 2910 268 2936; x_wconf 70' lang='lat' dir='ltr'><strong>lium.</strong></span> <span class='ocrx_word' id='word_1_811' title='bbox 296 2918 363 2939; x_wconf 73' lang='lat' dir='ltr'><strong>wn.</strong></span> <span class='ocrx_word' id='word_1_812' title='bbox 388 2912 426 2937; x_wconf 52' lang='lat' dir='ltr'><strong>lii.</strong></span> 
     </span>
    </p>
   </div>
   <div class='ocr_carea' id='block_1_105' title="bbox 115 2945 363 2977">
    <p class='ocr_par' dir='ltr' id='par_1_105' title="bbox 115 2945 363 2977">
     <span class='ocr_line' id='line_1_105' title="bbox 115 2945 363 2977; baseline -0.012 -4"><span class='ocrx_word' id='word_1_813' title='bbox 115 2946 137 2960; x_wconf 77' lang='lat'>&quot;</span> <span class='ocrx_word' id='word_1_814' title='bbox 149 2945 168 2973; x_wconf 84' lang='lat' dir='ltr'><strong>il</strong></span> <span class='ocrx_word' id='word_1_815' title='bbox 185 2948 250 2973; x_wconf 76' lang='lat' dir='ltr'><strong>Cor.</strong></span> <span class='ocrx_word' id='word_1_816' title='bbox 272 2954 298 2977; x_wconf 74' lang='grc' dir='ltr'>γ,</span> <span class='ocrx_word' id='word_1_817' title='bbox 323 2946 363 2971; x_wconf 72' lang='lat' dir='ltr'><strong>l0.</strong></span> 
     </span>
    </p>
   </div>
   <div class='ocr_carea' id='block_1_106' title="bbox 467 2913 750 2940">
    <p class='ocr_par' dir='ltr' id='par_1_106' title="bbox 467 2913 750 2940">
     <span class='ocr_line' id='line_1_106' title="bbox 467 2913 750 2940; baseline -0.004 -2"><span class='ocrx_word' id='word_1_818' title='bbox 467 2914 486 2927; x_wconf 78' lang='lat'><strong>&quot;&quot;</strong></span> <span class='ocrx_word' id='word_1_819' title='bbox 513 2915 569 2938; x_wconf 72' lang='lat' dir='ltr'><strong>Art.</strong></span> <span class='ocrx_word' id='word_1_820' title='bbox 603 2921 674 2940; x_wconf 69' lang='lat' dir='ltr'><strong>xvn.</strong></span> <span class='ocrx_word' id='word_1_821' title='bbox 708 2913 750 2938; x_wconf 71' lang='lat'><strong>28.</strong></span> 
     </span>
    </p>
   </div>
   <div class='ocr_carea' id='block_1_107' title="bbox 800 2912 1074 2946">
    <p class='ocr_par' dir='ltr' id='par_1_107' title="bbox 800 2912 1074 2946">
     <span class='ocr_line' id='line_1_107' title="bbox 800 2912 1074 2946; baseline 0.007 -8"><span class='ocrx_word' id='word_1_822' title='bbox 800 2912 820 2928; x_wconf 68' lang='grc' dir='ltr'>ετ</span> <span class='ocrx_word' id='word_1_823' title='bbox 838 2912 845 2937; x_wconf 95' lang='lat' dir='ltr'><strong>l</strong></span> <span class='ocrx_word' id='word_1_824' title='bbox 861 2912 938 2939; x_wconf 72' lang='lat' dir='ltr'><strong>Jozln.</strong></span> <span class='ocrx_word' id='word_1_825' title='bbox 959 2922 1002 2946; x_wconf 68' lang='grc' dir='ltr'><strong>ιν,</strong></span> <span class='ocrx_word' id='word_1_826' title='bbox 1036 2914 1074 2940; x_wconf 74' lang='grc'><strong>15,</strong></span> 
     </span>
    </p>
   </div>
   <div class='ocr_carea' id='block_1_108' title="bbox 959 2389 1751 2426">
    <p class='ocr_par' dir='ltr' id='par_1_108' title="bbox 959 2389 1751 2426">
     <span class='ocr_line' id='line_1_108' title="bbox 959 2389 1751 2426; baseline -0.005 -7"><span class='ocrx_word' id='word_1_827' title='bbox 959 2392 1061 2420; x_wconf 82' lang='lat' dir='ltr'><strong>Paulus</strong></span> <span class='ocrx_word' id='word_1_828' title='bbox 1087 2392 1182 2420; x_wconf 89' lang='lat' dir='ltr'><strong>dicens</strong></span> <span class='ocrx_word' id='word_1_829' title='bbox 1199 2401 1206 2420; x_wconf 87' lang='lat'><strong>:</strong></span> <span class='ocrx_word' id='word_1_830' title='bbox 1221 2402 1229 2418; x_wconf 80' lang='grc' dir='ltr'><strong>ι</strong></span> <span class='ocrx_word' id='word_1_831' title='bbox 1243 2392 1345 2420; x_wconf 82' lang='lat' dir='ltr'><strong>Omnes</strong></span> <span class='ocrx_word' id='word_1_832' title='bbox 1367 2391 1441 2418; x_wconf 90' lang='lat' dir='ltr'><strong>enim</strong></span> <span class='ocrx_word' id='word_1_833' title='bbox 1465 2398 1516 2418; x_wconf 89' lang='lat' dir='ltr'><strong>nos</strong></span> <span class='ocrx_word' id='word_1_834' title='bbox 1538 2390 1619 2426; x_wconf 68' lang='grc'><strong>174</strong></span> <span class='ocrx_word' id='word_1_835' title='bbox 1636 2389 1751 2416; x_wconf 83' lang='lat' dir='ltr'><strong>manife-</strong></span> 
     </span>
    </p>
   </div>
   <div class='ocr_carea' id='block_1_109' title="bbox 959 2436 1751 2474">
    <p class='ocr_par' dir='ltr' id='par_1_109' title="bbox 959 2436 1751 2474">
     <span class='ocr_line' id='line_1_109' title="bbox 959 2436 1751 2474; baseline -0.004 -8"><span class='ocrx_word' id='word_1_836' title='bbox 959 2440 1027 2467; x_wconf 88' lang='lat' dir='ltr'><strong>stari</strong></span> <span class='ocrx_word' id='word_1_837' title='bbox 1057 2442 1165 2474; x_wconf 85' lang='lat' dir='ltr'><strong>oportet</strong></span> <span class='ocrx_word' id='word_1_838' title='bbox 1193 2445 1258 2467; x_wconf 88' lang='lat' dir='ltr'><strong>ante</strong></span> <span class='ocrx_word' id='word_1_839' title='bbox 1289 2438 1412 2466; x_wconf 85' lang='lat' dir='ltr'><strong>tribunal</strong></span> <span class='ocrx_word' id='word_1_840' title='bbox 1441 2438 1562 2470; x_wconf 88' lang='lat' dir='ltr'><strong>Christi,</strong></span> <span class='ocrx_word' id='word_1_841' title='bbox 1593 2442 1622 2464; x_wconf 91' lang='lat' dir='ltr'><strong>ut</strong></span> <span class='ocrx_word' id='word_1_842' title='bbox 1649 2436 1751 2464; x_wconf 78' lang='lat' dir='ltr'><strong>referat</strong></span> 
     </span>
    </p>
   </div>
   <div class='ocr_carea' id='block_1_110' title="bbox 961 2482 1751 2521">
    <p class='ocr_par' dir='ltr' id='par_1_110' title="bbox 961 2482 1751 2521">
     <span class='ocr_line' id='line_1_110' title="bbox 961 2482 1751 2521; baseline -0.005 -8"><span class='ocrx_word' id='word_1_843' title='bbox 961 2486 1151 2521; x_wconf 85' lang='lat' dir='ltr'><strong>unusquisque</strong></span> <span class='ocrx_word' id='word_1_844' title='bbox 1178 2485 1288 2521; x_wconf 86' lang='lat' dir='ltr'><strong>propria</strong></span> <span class='ocrx_word' id='word_1_845' title='bbox 1304 2485 1442 2520; x_wconf 89' lang='lat' dir='ltr'><strong>corporis,</strong></span> <span class='ocrx_word' id='word_1_846' title='bbox 1460 2489 1542 2519; x_wconf 90' lang='lat' dir='ltr'><strong>prout</strong></span> <span class='ocrx_word' id='word_1_847' title='bbox 1565 2483 1669 2519; x_wconf 74' lang='lat' dir='ltr'><strong>gessit,</strong></span> <span class='ocrx_word' id='word_1_848' title='bbox 1693 2482 1751 2509; x_wconf 87' lang='lat' dir='ltr'><strong>sive</strong></span> 
     </span>
    </p>
   </div>
   <div class='ocr_carea' id='block_1_111' title="bbox 961 2529 1750 2565">
    <p class='ocr_par' dir='ltr' id='par_1_111' title="bbox 961 2529 1750 2565">
     <span class='ocr_line' id='line_1_111' title="bbox 961 2529 1750 2565; baseline -0.005 -6"><span class='ocrx_word' id='word_1_849' title='bbox 961 2533 1062 2559; x_wconf 90' lang='lat' dir='ltr'><strong>bonum</strong></span> <span class='ocrx_word' id='word_1_850' title='bbox 1073 2553 1080 2565; x_wconf 88' lang='lat'>,</span> <span class='ocrx_word' id='word_1_851' title='bbox 1097 2532 1155 2559; x_wconf 81' lang='lat' dir='ltr'><strong>sive</strong></span> <span class='ocrx_word' id='word_1_852' title='bbox 1172 2532 1273 2558; x_wconf 90' lang='lat' dir='ltr'><strong>malum</strong></span> <span class='ocrx_word' id='word_1_853' title='bbox 1288 2532 1332 2558; x_wconf 68' lang='grc' dir='ltr'><strong>ὀἳ</strong></span> <span class='ocrx_word' id='word_1_854' title='bbox 1348 2541 1357 2557; x_wconf 72' lang='grc' dir='ltr'><strong>ι</strong></span> <span class='ocrx_word' id='word_1_855' title='bbox 1371 2530 1552 2558; x_wconf 83' lang='lat' dir='ltr'><strong>Laudanduiu</strong></span> <span class='ocrx_word' id='word_1_856' title='bbox 1567 2530 1652 2564; x_wconf 81' lang='lat' dir='ltr'><strong>igitur</strong></span> <span class='ocrx_word' id='word_1_857' title='bbox 1674 2529 1750 2556; x_wconf 83' lang='lat' dir='ltr'><strong>arbi-</strong></span> 
     </span>
    </p>
   </div>
   <div class='ocr_carea' id='block_1_112' title="bbox 962 2576 1748 2613">
    <p class='ocr_par' dir='ltr' id='par_1_112' title="bbox 962 2576 1748 2613">
     <span class='ocr_line' id='line_1_112' title="bbox 962 2576 1748 2613; baseline -0.004 -8"><span class='ocrx_word' id='word_1_858' title='bbox 962 2582 1020 2605; x_wconf 89' lang='lat' dir='ltr'><strong>tror</strong></span> <span class='ocrx_word' id='word_1_859' title='bbox 1051 2578 1146 2609; x_wconf 83' lang='lat' dir='ltr'><strong>illum,</strong></span> <span class='ocrx_word' id='word_1_860' title='bbox 1175 2577 1304 2613; x_wconf 88' lang='lat' dir='ltr'><strong>quisquis</strong></span> <span class='ocrx_word' id='word_1_861' title='bbox 1329 2582 1387 2610; x_wconf 84' lang='lat' dir='ltr'><strong>est,</strong></span> <span class='ocrx_word' id='word_1_862' title='bbox 1419 2577 1543 2605; x_wconf 83' lang='lat' dir='ltr'><strong>discendi</strong></span> <span class='ocrx_word' id='word_1_863' title='bbox 1573 2576 1748 2607; x_wconf 82' lang='lat' dir='ltr'><strong>studiosum.</strong></span> 
     </span>
    </p>
   </div>
   <div class='ocr_carea' id='block_1_113' title="bbox 961 2622 1750 2652">
    <p class='ocr_par' dir='ltr' id='par_1_113' title="bbox 961 2622 1750 2652">
     <span class='ocr_line' id='line_1_113' title="bbox 961 2622 1750 2652; baseline -0.004 -1"><span class='ocrx_word' id='word_1_864' title='bbox 961 2628 1085 2652; x_wconf 84' lang='lat' dir='ltr'><strong>attamen</strong></span> <span class='ocrx_word' id='word_1_865' title='bbox 1101 2623 1310 2651; x_wconf 82' lang='lat' dir='ltr'><strong>accuratissime</strong></span> <span class='ocrx_word' id='word_1_866' title='bbox 1325 2624 1349 2651; x_wconf 91' lang='lat' dir='ltr'><strong>ei</strong></span> <span class='ocrx_word' id='word_1_867' title='bbox 1363 2631 1459 2651; x_wconf 85' lang='lat' dir='ltr'><strong>sacras</strong></span> <span class='ocrx_word' id='word_1_868' title='bbox 1473 2623 1592 2650; x_wconf 87' lang='lat' dir='ltr'><strong>Litteras</strong></span> <span class='ocrx_word' id='word_1_869' title='bbox 1609 2622 1750 2649; x_wconf 85' lang='lat' dir='ltr'><strong>rimandas</strong></span> 
     </span>
    </p>
   </div>
   <div class='ocr_carea' id='block_1_114' title="bbox 960 2669 1748 2704">
    <p class='ocr_par' dir='ltr' id='par_1_114' title="bbox 960 2669 1748 2704">
     <span class='ocr_line' id='line_1_114' title="bbox 960 2669 1748 2704; baseline -0.006 -5"><span class='ocrx_word' id='word_1_870' title='bbox 960 2679 1022 2699; x_wconf 86' lang='lat' dir='ltr'><strong>esse</strong></span> <span class='ocrx_word' id='word_1_871' title='bbox 1043 2678 1116 2698; x_wconf 87' lang='lat' dir='ltr'><strong>reor.</strong></span> <span class='ocrx_word' id='word_1_872' title='bbox 1140 2669 1209 2697; x_wconf 86' lang='lat' dir='ltr'><strong>Vide</strong></span> <span class='ocrx_word' id='word_1_873' title='bbox 1234 2669 1326 2701; x_wconf 87' lang='lat' dir='ltr'><strong>enim,</strong></span> <span class='ocrx_word' id='word_1_874' title='bbox 1354 2677 1464 2704; x_wconf 67' lang='lat' dir='ltr'><strong>quasso,</strong></span> <span class='ocrx_word' id='word_1_875' title='bbox 1496 2669 1572 2696; x_wconf 86' lang='lat' dir='ltr'><strong>clare</strong></span> <span class='ocrx_word' id='word_1_876' title='bbox 1603 2669 1748 2696; x_wconf 88' lang='lat' dir='ltr'><strong>verborum</strong></span> 
     </span>
    </p>
   </div>
   <div class='ocr_carea' id='block_1_115' title="bbox 958 2714 1747 2750">
    <p class='ocr_par' dir='ltr' id='par_1_115' title="bbox 958 2714 1747 2750">
     <span class='ocr_line' id='line_1_115' title="bbox 958 2714 1747 2750; baseline -0.004 -6"><span class='ocrx_word' id='word_1_877' title='bbox 958 2717 1069 2744; x_wconf 87' lang='lat' dir='ltr'><strong>illorum</strong></span> <span class='ocrx_word' id='word_1_878' title='bbox 1086 2715 1299 2744; x_wconf 89' lang='lat' dir='ltr'><strong>distinctionem.</strong></span> <span class='ocrx_word' id='word_1_879' title='bbox 1322 2714 1358 2741; x_wconf 88' lang='lat' dir='ltr'><strong>De</strong></span> <span class='ocrx_word' id='word_1_880' title='bbox 1375 2722 1408 2742; x_wconf 88' lang='lat' dir='ltr'><strong>eo</strong></span> <span class='ocrx_word' id='word_1_881' title='bbox 1423 2714 1495 2742; x_wconf 88' lang='lat' dir='ltr'><strong>enim</strong></span> <span class='ocrx_word' id='word_1_882' title='bbox 1516 2715 1563 2750; x_wconf 93' lang='lat' dir='ltr'><strong>qui</strong></span> <span class='ocrx_word' id='word_1_883' title='bbox 1581 2714 1747 2745; x_wconf 83' lang='lat' dir='ltr'><strong>crediderit.</strong></span> 
     </span>
    </p>
   </div>
   <div class='ocr_carea' id='block_1_116' title="bbox 957 2761 1749 2790">
    <p class='ocr_par' dir='ltr' id='par_1_116' title="bbox 957 2761 1749 2790">
     <span class='ocr_line' id='line_1_116' title="bbox 957 2761 1749 2790; baseline -0.001 -2"><span class='ocrx_word' id='word_1_884' title='bbox 957 2763 997 2790; x_wconf 90' lang='lat' dir='ltr'><strong>ait</strong></span> <span class='ocrx_word' id='word_1_885' title='bbox 1028 2763 1110 2789; x_wconf 82' lang='lat' dir='ltr'><strong>vitam</strong></span> <span class='ocrx_word' id='word_1_886' title='bbox 1145 2761 1301 2789; x_wconf 84' lang='lat' dir='ltr'><strong>habiturum</strong></span> <span class='ocrx_word' id='word_1_887' title='bbox 1335 2765 1464 2788; x_wconf 61' lang='grc' dir='ltr'>αξιοι-ηοω</span> <span class='ocrx_word' id='word_1_888' title='bbox 1495 2770 1502 2788; x_wconf 84' lang='grc'>;</span> <span class='ocrx_word' id='word_1_889' title='bbox 1532 2761 1566 2788; x_wconf 89' lang='lat' dir='ltr'><strong>de</strong></span> <span class='ocrx_word' id='word_1_890' title='bbox 1598 2769 1630 2788; x_wconf 87' lang='lat' dir='ltr'><strong>eo</strong></span> <span class='ocrx_word' id='word_1_891' title='bbox 1658 2765 1749 2787; x_wconf 84' lang='lat' dir='ltr'><strong>autem</strong></span> 
     </span>
    </p>
   </div>
   <div class='ocr_carea' id='block_1_117' title="bbox 957 2807 1749 2844">
    <p class='ocr_par' dir='ltr' id='par_1_117' title="bbox 957 2807 1749 2844">
     <span class='ocr_line' id='line_1_117' title="bbox 957 2807 1749 2844; baseline -0.004 -9"><span class='ocrx_word' id='word_1_892' title='bbox 957 2809 1005 2844; x_wconf 92' lang='lat' dir='ltr'><strong>qui</strong></span> <span class='ocrx_word' id='word_1_893' title='bbox 1024 2817 1077 2837; x_wconf 91' lang='lat' dir='ltr'><strong>non</strong></span> <span class='ocrx_word' id='word_1_894' title='bbox 1096 2807 1260 2839; x_wconf 81' lang='lat' dir='ltr'><strong>crediderit.</strong></span> <span class='ocrx_word' id='word_1_895' title='bbox 1286 2807 1370 2835; x_wconf 85' lang='lat' dir='ltr'><strong>alium</strong></span> <span class='ocrx_word' id='word_1_896' title='bbox 1396 2807 1566 2835; x_wconf 81' lang='lat' dir='ltr'><strong>intellectum</strong></span> <span class='ocrx_word' id='word_1_897' title='bbox 1586 2807 1667 2834; x_wconf 87' lang='lat' dir='ltr'><strong>habet</strong></span> <span class='ocrx_word' id='word_1_898' title='bbox 1687 2813 1749 2833; x_wconf 82' lang='lat' dir='ltr'><strong>ora-</strong></span> 
     </span>
    </p>
   </div>
   <div class='ocr_carea' id='block_1_118' title="bbox 958 2853 1748 2890">
    <p class='ocr_par' dir='ltr' id='par_1_118' title="bbox 958 2853 1748 2890">
     <span class='ocr_line' id='line_1_118' title="bbox 958 2853 1748 2890; baseline -0.008 -7"><span class='ocrx_word' id='word_1_899' title='bbox 958 2856 1007 2883; x_wconf 88' lang='lat' dir='ltr'><strong>tio.</strong></span> <span class='ocrx_word' id='word_1_900' title='bbox 1024 2855 1084 2883; x_wconf 80' lang='lat' dir='ltr'><strong>Nun</strong></span> <span class='ocrx_word' id='word_1_901' title='bbox 1106 2855 1179 2883; x_wconf 81' lang='lat' dir='ltr'><strong>enim</strong></span> <span class='ocrx_word' id='word_1_902' title='bbox 1202 2853 1272 2881; x_wconf 78' lang='lat' dir='ltr'><strong>dixit</strong></span> <span class='ocrx_word' id='word_1_903' title='bbox 1301 2854 1390 2890; x_wconf 85' lang='lat' dir='ltr'><strong>ipsum</strong></span> <span class='ocrx_word' id='word_1_904' title='bbox 1419 2853 1502 2880; x_wconf 79' lang='lat' dir='ltr'><strong>vitam</strong></span> <span class='ocrx_word' id='word_1_905' title='bbox 1515 2861 1569 2880; x_wconf 91' lang='lat' dir='ltr'><strong>non</strong></span> <span class='ocrx_word' id='word_1_906' title='bbox 1591 2853 1748 2879; x_wconf 82' lang='lat' dir='ltr'><strong>habiturum</strong></span> 
     </span>
    </p>
   </div>
   <div class='ocr_carea' id='block_1_119' title="bbox 1356 2910 1445 2936">
    <p class='ocr_par' dir='ltr' id='par_1_119' title="bbox 1356 2910 1445 2936">
     <span class='ocr_line' id='line_1_119' title="bbox 1356 2910 1445 2936; baseline 0 0"><span class='ocrx_word' id='word_1_907' title='bbox 1356 2910 1445 2936; x_wconf 81' lang='lat' dir='ltr'><strong>li—l&#39;7.</strong></span> 
     </span>
    </p>
   </div>
   <div class='ocr_carea' id='block_1_120' title="bbox 1123 2908 1748 2945">
    <p class='ocr_par' dir='ltr' id='par_1_120' title="bbox 1123 2908 1748 2945">
     <span class='ocr_line' id='line_1_120' title="bbox 1123 2908 1748 2945; baseline -0.006 -8"><span class='ocrx_word' id='word_1_908' title='bbox 1123 2913 1144 2927; x_wconf 75' lang='lat'><strong>&quot;&quot;</strong></span> <span class='ocrx_word' id='word_1_909' title='bbox 1160 2911 1256 2945; x_wconf 68' lang='lat' dir='ltr'><strong>l&#39;lplics.</strong></span> <span class='ocrx_word' id='word_1_910' title='bbox 1274 2919 1321 2943; x_wconf 80' lang='grc' dir='ltr'>ιιι,</span> <span class='ocrx_word' id='word_1_911' title='bbox 1356 2910 1445 2936; x_wconf 81' lang='lat' dir='ltr'><strong>li—l&#39;7.</strong></span> <span class='ocrx_word' id='word_1_912' title='bbox 1487 2910 1508 2925; x_wconf 68' lang='grc'><strong>⁸⁸</strong></span> <span class='ocrx_word' id='word_1_913' title='bbox 1525 2909 1534 2935; x_wconf 90' lang='grc'><strong>1</strong></span> <span class='ocrx_word' id='word_1_914' title='bbox 1549 2910 1611 2937; x_wconf 71' lang='lat' dir='ltr'><strong>Cor,</strong></span> <span class='ocrx_word' id='word_1_915' title='bbox 1637 2917 1685 2939; x_wconf 79' lang='lat' dir='ltr'><strong>xv,</strong></span> <span class='ocrx_word' id='word_1_916' title='bbox 1702 2908 1748 2934; x_wconf 72' lang='lat'><strong>5&#39;2.</strong></span> 
     </span>
    </p>
   </div>
  </div>
