2028 3118
284 193 336 221 287

776 195 806 223 S.
826 195 965 224 αγιιιιιι
980 196 1218 238 ALEXANDRINl
1237 197 1399 226 ARCHIEP.

1862 196 1916 224 ⁴388

283 254 419 288 (resurget
437 251 509 279 enim
525 252 665 280 communi
681 255 898 282 resurrectionis
915 255 1006 291 lege),
1023 256 1068 283 sed

1123 256 1189 283 ἀλλὰ
1203 257 1276 292 ζωὴν
1285 256 1334 283 οὐκ
1349 256 1461 292 δψεσθαί
1482 265 1573 292 φησιν,
1595 256 1666 284 τοῦτ’
1690 256 1763 282 ἔστιν
1786 255 1842 281 οὐδ’
1856 255 1916 281 Εσον

284 300 367 325 vitam
385 306 438 325 non
455 298 578 326 visurum
594 299 650 332 ait,
664 300 717 327 hoc
731 305 773 328 est
787 308 821 328 ne
835 305 947 336 aspectu
962 302 1073 336 quidem

283 344 343 372 solo
368 348 528 372 sanctorum
550 345 634 372 vitam
656 351 852 381 consequetur,
877 355 933 374 non
958 349 1074 383 attinget

284 390 392 418 il'orum
408 390 569 418 felicitatem
581 411 589 423 ,
606 399 661 419 non
677 392 800 428 gustabit
815 393 900 420 vitam
916 394 991 421 illam
1006 401 1073 429 gau-

281 435 329 463 dio
344 437 462 471 plenam.
478 436 540 464 Vita
555 438 628 465 enim
644 442 686 465 est
711 438 758 465 illa
781 437 907 473 profecto
922 449 929 466 :
953 439 981 466 in
1005 447 1072 474 sup-

284 482 375 517 pliciis
390 490 455 510 vero
471 483 599 518 spiritum
617 483 736 516 ducere,
754 485 852 519 quavis
869 488 911 512 est
929 490 1017 513 morte
1030 489 1073 512 to-

283 529 371 563 trius,
387 537 450 556 cum
466 529 499 556 ad
516 530 604 557 solum
620 530 753 557 malorum
768 538 882 558 sensum
898 531 989 558 anima
1005 531 1072 558 reti-

283 578 381 601 neatur
398 575 424 601 in
441 582 566 608 corpore.
584 573 758 608 Ejusccmodi
777 575 939 601 nonnullam
957 582 1072 610 quoque

282 619 385 647 Paulus
401 620 461 647 vita:
477 620 660 648 dill'erentiam
680 620 787 648 statuit.
803 620 875 648 Audi
889 620 955 655 quid
974 620 1006 647 ad
1023 628 1071 648 eos

283 665 361 692 dit-at
376 667 423 700 qui
441 671 555 700 peccato
576 667 679 694 mortui
704 671 769 694 sunt
787 671 900 702 propter
916 666 1069 695 Christum.

286 721 295 736 ι
312 711 413 739 Mortui
429 712 502 738 enim
520 712 604 743 estis.
623 715 650 740 et
666 712 723 740 vita
737 717 830 740 vestra
846 713 1008 740 abscondita
1027 717 1070 740 est

282 767 344 785 rum
360 758 471 786 Christo
487 759 513 785 in
533 758 596 785 Deo.
612 758 680 786 Cum
696 758 824 786 Christus
837 760 998 794 apparuerit
1013 760 1069 787 vita

284 809 390 835 vestra,
407 809 473 831 ιιιιιο
495 809 522 831 et
545 812 594 832 vos
613 806 783 840 apparebitis
798 813 861 832 eum
880 806 941 841 ipso
963 806 990 833 in
1011 806 1069 841 glo-

282 850 321 877 riu
339 851 371 877 '“.
388 861 397 876 ι
415 850 495 878 Vides
513 851 652 885 quomodo
670 851 753 878 vitam
772 855 932 878 sanctorum
951 852 1069 887 appellet

283 892 537 920 manifestutionem
567 894 641 921 illam
672 895 698 921 in
726 895 814 929 gloria
842 904 904 923 cum
935 896 1070 924 Christo?

1123 303 1163 334 εἰς
1180 302 1297 338 θεωρίαν
1309 302 1388 338 ψιλὴν
1405 302 1455 338 τῆς
1467 302 1522 330 τῶν
1535 303 1620 337 ἁγίων
1631 302 1753 336 ἐφίξεται
1766 301 1850 335 ζωῆς,
1868 301 1915 336 οὐχ

1122 348 1221 383 ᾰψεται
1235 349 1284 384 τῆς
1303 348 1415 375 ἐκείνων
1428 349 1638 385 μακαριότητος,
1650 348 1782 382 ἄγευστος
1793 348 1915 381 διαμενεί

1122 395 1171 429 τῆς
1186 396 1216 422 ἐν
1228 394 1382 432 εὐφροσύνῃ
1395 395 1546 430 διαγωγῆς’
1558 394 1616 430 ζωὴ
1630 394 1683 429 γὰρ
1696 393 1782 422 ὅντως
1799 392 1893 428 ἐκείνη
1906 401 1912 408 ι

1122 439 1152 466 τὸ
1163 439 1191 466 δέ
1202 439 1232 465 ὲν
1248 439 1390 466 κολάσεσιν
1402 441 1542 472 ἀναπνεῖν,
1558 439 1674 467 Θανάτου
1685 439 1785 470 παντὸς
1798 438 1915 474 ἀνιαρῶ-

1121 494 1210 521 τερον.
1226 485 1273 511 ἐπὶ
1290 485 1356 520 μόνῃ
1371 487 1404 520 τῇ
1418 485 1472 512 τῶν
1487 485 1580 512 κακῶν
1597 485 1722 519 αἰσθήσει
1743 484 1835 519 ψυχὴν
1852 492 1913 510 συν-

1119 531 1182 563 έχον
1199 531 1227 556 ἐν
1242 530 1358 566 σώματι.
1378 531 1513 565 Τοιαύτην
1541 531 1602 558 τινὰ
1618 530 1663 557 καὶ
1678 531 1692 557 ὁ
1707 530 1812 561 Παῦλος
1841 529 1912 564 ζωῆς

1117 575 1242 610 είσφέρει
1252 575 1497 610 διαφοράν.¹Ακουε
1510 575 1536 602 τί
1551 584 1617 610 φησι
1631 575 1698 610 πρὸς
1711 575 1773 606 τοὺς
1786 575 1816 600 ἐν
1829 574 1914 609 κακίᾳ

1120 621 1339 655 νενεκρωμένους
1354 620 1399 647 διὰ
1421 620 1549 656 Χριστόν
1566 630 1575 646 ι
1602 620 1763 647 Ἀπεθὰνετε
1782 619 1848 653 γὰρ,
1866 619 1913 645 καὶ

1119 668 1136 702 ὴ
1152 666 1208 702 ζωὴ
1223 666 1300 702 ὑμῶν
1323 666 1476 702 κέκρυπται
1500 668 1548 694 σὺν
1566 666 1605 701 τῷ
1620 665 1730 702 Χριστῷ
1745 667 1774 692 ἐν
1787 665 1828 700 τῷ
1840 664 1909 699 Θεῷ·

1120 712 1183 739 ὃταν
1205 713 1219 738 ὁ
1242 712 1358 748 Χριστὸς
1383 712 1528 748 φανερωθῇ
1552 713 1569 748 ἡ
1593 711 1649 747 ζωὴ
1669 711 1756 746 ὑμῶν,
1779 711 1842 737 1M5
1867 711 1913 736 καὶ

1123 758 1204 793 ὑμεῖς
1217 759 1264 785 σὺν
1277 758 1350 793 αύτῷ
1362 758 1587 794 φανερωθήσεσθε
1603 759 1630 784 ἐν
1643 757 1714 793 δόξῃ.
1731 766 1740 782 ι
1758 757 1842 792 Ὁρᾷς
1854 756 1912 788 πῶς

1119 805 1150 830 τὸ
1161 805 1190 830 ἐν
1201 804 1262 840 δόξῃ
1275 804 1464 840 φανερωθῆναι
1480 804 1549 839 μετὰ
1564 803 1682 840 Χριστοῦ
1698 803 1747 838 τὴν
1758 803 1815 829 τῶν
1825 803 1912 836 ἁγίων

1119 850 1245 886 ὀνομάζει
1268 850 1362 885 ζωήν;
1381 849 1413 876 Τί
1434 850 1472 883 δὲ,
1502 850 1566 876 ὅταν
1589 850 1655 884 ἡμῖν
1676 848 1912 883 καὶὸΨαλμῳδὸς

1120 896 1263 931 ἁναμέλπῃ
1272 896 1374 930 λέγων’
1388 905 1397 921 ι
1411 896 1459 928 Τίς
1469 896 1543 922 ἐστιν
1554 895 1697 931 ἄνθρωπος
1707 896 1720 921 ὁ
1732 894 1819 921 θέλων
1827 894 1911 929 ζωὴν,

282 937 353 970 Quid
371 945 436 965 vero
461 946 523 965 cum
549 939 630 966 nobis
653 940 737 967 etiam
761 940 910 969 Psalmista
931 942 1006 968 canit
1026 941 1068 969 di-

1121 929 1235 976 ἀγαττῶν
1248 929 1352 977 ἧμέρας
1369 941 1432 968 ιδεῖν
1444 941 1568 974 ἀγαθάςς
1590 929 1696 967 Παῦσον
1717 940 1766 975 τὴν
1785 939 1912 974 γλῶσσάν

281 991 348 1011 cens
362 995 369 1011 :
387 994 396 1010 ι
411 984 478 1017 Quis
494 990 537 1012 est
554 986 635 1012 homo
650 986 698 1020 qui
716 987 774 1013 vult
790 987 888 1020 vitam,
903 988 994 1023 diligit
1011 987 1070 1016 dies

282 1030 375 1058 Videre
393 1032 478 1058 bonos
490 1031 501 1058 ?
515 1032 634 1060 Contine
652 1033 773 1068 linguam
792 1037 868 1060 tuam
885 1041 899 1060 ει
919 1035 990 1061 malo
1011 1035 1044 1060 ".
1058 1044 1067 1060 ι

284 1076 378 1103 Nonne
393 1082 553 1104 sanctorum
575 1079 658 1105 vitam
677 1079 720 1106 his
741 1080 834 1106 verbis
858 1079 1007 1114 significari
1029 1080 1071 1107 di-

283 1123 399 1151 cemus?
420 1124 454 1150 At
475 1124 580 1155 cuivis,
604 1124 713 1159 opinor,
739 1125 917 1152 manifestum
938 1129 989 1152 est.
1015 1125 1070 1153 Nec

282 1169 353 1195 enim
373 1177 388 1195 a
406 1170 485 1196 malis
503 1170 644 1197 abstinere
664 1171 799 1204 quosdam
821 1170 917 1205 jubet,
940 1175 971 1197 ut
994 1175 1070 1198 certe

283 1214 517 1241 resurrectionem
537 1216 633 1242 carnis
652 1216 798 1243 obtineant
814 1217 980 1251 (resurgant
996 1216 1068 1244 enim

281 1259 391 1286 etiamsi
408 1267 460 1286 non
476 1260 648 1288 cessaverint
662 1268 677 1288 a
693 1261 784 1294 malo)
798 1281 805 1294 ,
819 1261 866 1288 sed
881 1261 914 1288 ad
929 1262 1003 1288 illam
1020 1270 1070 1297 po-

282 1304 337 1330 tius
352 1305 435 1330 vitam
462 1305 596 1340 instigat,
624 1306 652 1333 in
671 1314 724 1341 qua
749 1306 816 1333 licet
841 1307 955 1334 omnino
980 1308 1071 1336 videre

281 1349 342 1376 dies
366 1349 473 1383 bonos,
501 1350 528 1378 in
556 1351 690 1380 felicitate
709 1356 736 1379 et
755 1352 843 1388 gloria
870 1357 1000 1380 aeternam
1022 1354 1070 1381 de-

280 1399 376 1430 gentes
395 1396 489 1422 vitam.

317 1441 367 1473 Ill,
384 1442 428 1470 56.
446 1442 497 1470 Sed
515 1443 556 1470 ira
571 1443 619 1471 Dei
635 1445 750 1471 manebit
767 1453 845 1479 super
860 1454 929 1473 eum.

316 1530 446 1564 Aperlius
460 1531 513 1557 hac
531 1531 656 1558 illatione
673 1532 772 1559 beatus
790 1532 911 1567 Baptista
930 1534 1070 1562 dictorum

280 1583 396 1604 suorum
427 1584 540 1611 scopum
569 1578 703 1605 ostendit.
730 1578 825 1605 Discat
853 1584 945 1606 autem
973 1588 1069 1609 rursus

279 1621 441 1649 sciscitandi
455 1622 573 1657 cupidus
589 1622 642 1649 vim
658 1623 733 1650 illius
746 1625 900 1652 sententitn.
918 1634 926 1650 ι
941 1625 993 1658 Qui
1015 1633 1069 1653 nou

279 1667 383 1700 credit,
401 1667 512 1702 inquit,
528 1667 617 1700 Filio,
635 1676 689 1696 non
708 1669 812 1697 videbit
832 1670 917 1696 vitam
929 1692 936 1703 ,
960 1671 1008 1698 sed
1029 1672 1068 1698 ira

280 1711 329 1738 Dei
345 1712 470 1739 manebit
487 1721 570 1747 super
585 1721 660 1740 eum:
676 1724 686 1740 ι
704 1714 788 1748 Atqui
813 1714 835 1741 si
860 1714 1068 1750 intelligendum

279 1761 355 1784 esset
374 1757 546 1785 incredulqu
567 1759 624 1786 vita
649 1766 785 1794 corporea
810 1767 906 1787 revera
930 1761 1068 1795 privatum

279 1802 330 1835 iri,
343 1803 436 1830 statim
450 1804 544 1838 utique
560 1805 713 1838 intulisset,
731 1806 780 1833 sed
793 1813 869 1834 mors
883 1807 1008 1834 manebit
1024 1815 1070 1835 su-

279 1857 327 1884 per
342 1857 415 1876 eum.
433 1850 503 1877 Cum
522 1855 612 1878 autem
632 1852 700 1878 iram
719 1851 766 1879 Dei
787 1853 931 1886 nominet,
949 1854 1068 1882 manife-

279 1900 352 1923 stum
385 1896 463 1931 175
491 1900 534 1924 est
558 1901 719 1924 sanctorum
748 1897 874 1926 felicitati
901 1900 1068 1935 supplicium

279 1942 426 1976 impiorum
448 1950 608 1979 opponere,
636 1948 664 1972 et
688 1944 773 1971 vitam
799 1952 901 1972 vocare
924 1952 983 1972 eam
1008 1954 1070 1981 qua:

279 1994 343 2013 vere
356 1991 400 2014 est
416 1988 470 2014 vita
484 2007 491 2019 .
510 1988 538 2024 in.
553 1989 641 2023 gloria
667 1997 729 2016 eum
756 1988 870 2016 Christo
885 1998 892 2016 :
921 1990 1068 2024 impiorum

279 2039 345 2059 vero
368 2033 528 2066 cruciatus,
554 2034 622 2061 iram
647 2034 703 2062 Dei.
731 2035 811 2068 Quod
838 2039 931 2063 autem
956 2035 996 2063 ira
1019 2043 1068 2071 pro

279 2078 425 2113 punitione
447 2080 548 2115 schius
572 2080 646 2116 apud
672 2081 834 2116 Scripturas
858 2082 969 2110 divinas
995 2083 1069 2110 acci-

279 2124 380 2159 piatur.
402 2125 474 2153 duos
501 2130 588 2154 testes
613 2127 765 2160 adducam,
794 2127 909 2155 Paulum
935 2132 963 2156 et
988 2128 1069 2157 Ioan-

279 2178 352 2197 nem.
368 2171 416 2199 Ille
431 2172 505 2199 enim
521 2173 555 2200 ad
572 2181 620 2200 eos
637 2174 683 2208 qui
700 2174 827 2201 conversi
851 2179 932 2201 erant
951 2183 985 2202 ex
999 2183 1068 2210 gen-

279 2218 371 2245 tibus:
386 2228 395 2244 ι
412 2218 446 2246 Et
460 2227 585 2252 eminus,
604 2220 710 2254 inquit,
727 2220 774 2247 ﬁlii
795 2220 842 2248 ira:
861 2225 978 2255 natura,
997 2223 1070 2250 sicut

1122 995 1170 1013 σου
1183 987 1237 1014 ἀπὸ
1249 987 1334 1014 κακοῦ
1346 996 1352 1002 ·
1373 997 1382 1013 ι
1398 985 1442 1022 ἆρ’
1455 987 1514 1022 οὐχὶ
1529 987 1578 1022 τὴν
1593 987 1647 1013 τῶν
1662 986 1746 1020 ἁγίων
1765 987 1794 1012 ἐν
1807 985 1912 1017 τούτοις

1121 1032 1237 1069 ἐροῦμεν
1248 1033 1502 1067 κατασημαίνεσθαι
1517 1032 1610 1073 ζωήνς
1634 1033 1702 1059 Ἀλλ’
1718 1032 1802 1062 ἐστιν.
1824 1030 1910 1066 οἶμαι,

1122 1080 1188 1106 πᾶσι
1209 1078 1375 1114 καταφανές.
1405 1079 1441 1104 οὺ
1460 1078 1514 1114 γὰρ
1530 1078 1615 1113 δήπου
1634 1077 1688 1104 τῶν
1710 1077 1820 1112 φαύλων
1845 1077 1911 1102 ἀπο-

1122 1124 1234 1159 σχέσθαι
1247 1124 1354 1150 κελεύει
1381 1123 1467 1156 τινὰς,
1490 1124 1533 1150 ἴνα
1546 1124 1578 1159 δὴ
1599 1123 1706 1158 τύχοιεν
1723 1123 1774 1158 τῆς
1789 1121 1912 1153 εἰσαῦθις

1121 1171 1292 1202 ἀναδιώσεως
1314 1171 1362 1205 τῆς
1390 1170 1490 1205 σαρκδς
1512 1171 1520 1205 (
1536 1170 1734 1204 ἀναστήσονται
1754 1167 1811 1204 γὰρ
1826 1167 1875 1195 καὶ
1889 1168 1911 1193 εί

1122 1216 1159 1251 μὴ
1176 1216 1355 1242 πεπαύσοιντο
1368 1215 1414 1242 τοῦ
1425 1215 1533 1251 κακοῦ)”
1549 1215 1618 1251 πρὸς
1637 1215 1742 1250 ἐκείνην
1764 1215 1793 1240 δὲ
1812 1213 1912 1248 μᾶλλον

1120 1262 1236 1297 ἐρεθίςει
1251 1261 1299 1297 τὴν
1315 1262 1399 1297 ζωὴν,
1425 1258 1480 1298 ἐνῇ
1504 1261 1614 1293 πάντως
1629 1261 1702 1288 ἔστιν
1722 1261 1787 1287 ίδεῖν
1804 1260 1912 1295 ἡμέρας

1120 1307 1235 1341 ἀγαθὰς,
1263 1308 1291 1333 ἐν
1323 1307 1502 1342 μακαριότητι
1523 1308 1570 1334 καὶ
1586 1307 1651 1343 δόξῃ
1674 1307 1720 1333 τὸν
1746 1305 1912 1342 μακραίωνα

1120 1353 1261 1388 τρίϐοντας
1275 1353 1341 1388 βίον.

1163 1441 1244 1468 Ἀλλ’
1264 1441 1337 1476 ὀργὴ
1356 1441 1410 1469 τοῦ
1437 1441 1512 1469 Θεοῦ
1534 1441 1622 1477 μενεῖ
1654 1441 1734 1478 [vulg.
1756 1441 1846 1476 μένει]
1868 1441 1912 1467 ἐπ’

1121 1488 1222 1515 αὐτόν.

1157 1534 1327 1569 Γυμνότερον
1340 1534 1406 1570 ἡμῖν
1425 1534 1468 1562 διὰ
1481 1534 1532 1569 τῆς
1542 1536 1571 1561 ἐν
1583 1533 1688 1566 τούτοις
1704 1535 1855 1568 ἐπαγωγῆς
1869 1533 1912 1559 τὸν

1121 1579 1175 1605 τῶν
1192 1579 1344 1614 εἰρημένων
1360 1580 1461 1606 σκοπὸν
1471 1579 1627 1616 ὁμακάριος
1643 1579 1727 1612 ἔδειξε
1742 1580 1910 1614 Βαπτιστής.

1120 1625 1306 1660 Περιαθρείτω
1319 1625 1348 1651 δέ
1367 1625 1447 1652 πάλιν
1463 1626 1478 1652 ό
1490 1625 1670 1661 φιλοζητητὴς
1682 1626 1730 1661 τὴν
1744 1625 1793 1652 τοῦ
1807 1626 1912 1660 νοήμα-

1119 1678 1163 1701 τος
1175 1669 1299 1704 δύναμιν.
1312 1679 1321 1695 t
1342 1670 1372 1696 '0
1384 1669 1514 1702 ἀπειθῶν,
1526 1671 1602 1705 φησὶ,
1614 1670 1654 1705 τῷ
1670 1670 1736 1705 Υίῷ,
1751 1671 1803 1697 ούκ
1816 1670 1913 1704 ὁψεται

1119 1714 1168 1750 τὴν
1184 1713 1266 1750 ζωὴν,
1281 1714 1338 1741 ἀλλ’
1355 1715 1372 1749 ὴ
1385 1715 1455 1750 ὀργὴ
1473 1715 1520 1741 τοῦ
1541 1715 1609 1742 Θεοῦ
1628 1716 1704 1750 μενεῖ
1726 1715 1769 1741 ἐπ’
1790 1715 1884 1742 αὐτόν.
1902 1725 1910 1740 ι

1126 1760 1195 1787 Ἀλλ’
1205 1761 1284 1796 εἴπερ
1297 1758 1332 1796 ἧν
1348 1760 1431 1792 δντως
1447 1759 1550 1795 ἔρημον
1566 1760 1678 1786 ἔσεσθαι
1695 1760 1744 1795 τῆς
1757 1761 1787 1786 ἐν
1804 1759 1913 1795 σώματι

1120 1803 1192 1841 ζωῆς
1203 1806 1329 1841 ἐννοῆσαι
1339 1805 1386 1832 τὸν
1394 1805 1594 1841 ἁπειθήσαντα,
1604 1806 1712 1837 πάντως
1721 1806 1913 1840 ἂνέπήνεγκεν

1120 1850 1200 1882 εὐθύς
1211 1859 1218 1866 ·
1240 1851 1308 1878 Ἀλλ’
1325 1852 1339 1878 ὁ
1354 1851 1468 1883 θάνατος
1491 1853 1567 1887 μενεῖ
1582 1852 1625 1878 ἐπ’
1640 1852 1734 1878 αὐτόν.
1757 1851 1870 1886 Ἐπειδὴ
1885 1851 1913 1877 δὲ

1119 1896 1202 1932 ὀργὴν
1216 1896 1342 1932 ὀνομάζει
1353 1897 1433 1930 Θεοῦ,
1455 1897 1534 1932 δῆλον
1551 1897 1585 1923 ἂν
1600 1897 1644 1932 εἴη
1662 1897 1754 1922 λοιπὸν
1775 1897 1838 1928 ταῖς
1859 1896 1913 1922 τῶν

1120 1942 1204 1976 ἁγίων
1216 1942 1356 1978 εὐθυμίαις
1373 1943 1422 1978 τὴν
1433 1942 1486 1969 τῶν
1502 1942 1608 1970 ἀσεϐῶν
1629 1941 1856 1971 ἀντιδιαστέλλων
1868 1942 1913 1968 κό-

1119 1988 1205 2021 λασιν,
1225 1989 1272 2015 καὶ
1297 1988 1369 2024 ζωὴν
1389 1989 1438 2024 μὲν
1459 1989 1605 2016 ἀποκαλῶν
1622 1990 1672 2025 τὴν
1695 1989 1780 2020 ὅντως
1793 1987 1869 2023 ζωὴν
1884 1989 1912 2014 ἐν

1119 2034 1180 2069 δόξῃ
1195 2035 1263 2070 μετὰ
1279 2035 1408 2070 Χριστοῦ,
1423 2035 1471 2066 τὰς
1484 2035 1512 2061 δὲ
1525 2035 1572 2061 ἐπὶ
1581 2035 1636 2066 τοῖς
1648 2034 1792 2060 ἀσεῦοὐσιν
1807 2033 1911 2065 αἰκίας,

1119 2081 1204 2115 ὀργὴν
1219 2080 1265 2106 τοῦ
1282 2079 1349 2106 Θεοῦ
1361 2087 1369 2094 ⁵
1400 2081 1441 2106 ὃτι
1472 2080 1501 2106 δὲ
1531 2080 1600 2116 ὀργὴ
1618 2079 1747 2110 πολλάκις
1765 2080 1782 2114 ἡ
1799 2079 1911 2110 κόλασις

1119 2127 1226 2160 εἴρηται
1241 2126 1317 2161 παρὰ
1327 2127 1386 2157 ταῖς
1399 2126 1485 2158 θείαις
1500 2127 1632 2161 Γραφαῖς,
1648 2125 1694 2152 ὁὋο
1707 2125 1834 2160 παροίσω
1849 2126 1911 2155 τοὺς

1122 2171 1274 2207 μάρτυρας,
1292 2171 1396 2198 Παῦλόν
1409 2180 1438 2198 τε
1461 2172 1507 2198 καὶ
1531 2172 1657 2206 Ἰωάννην
1671 2179 1677 2186 ·
1695 2172 1709 2197 ὁ
1733 2171 1783 2206 μέν
1795 2170 1909 2205 γὰρέφη

1120 2217 1187 2252 πρὸς
1210 2218 1273 2249 τοὺς
1289 2217 1317 2250 ἐξ
1347 2217 1432 2244 ἐθνῶν
1465 2217 1699 2252 ἐπιστρέφοντας·
1723 2227 1731 2243 ι
1762 2217 1817 2243 Καὶ
1841 2215 1911 2251 ἦμεν

277 2268 305 2291 et
321 2266 412 2292 czeteri
427 2266 470 2298 ⁷³;
488 2276 497 2292 ι
513 2267 557 2293 hic
572 2266 605 2293 ad
624 2266 778 2295 Pliarismos
791 2273 818 2295 et
839 2267 953 2295 Scribas
967 2278 974 2296 :
989 2278 998 2294 ι
1012 2268 1066 2296 Ge-

1119 2263 1200 2290 τὲκνα
1225 2263 1309 2298 ὀργῆς
1336 2263 1426 2297 φύσει,
1451 2263 1489 2295 ὡς
1516 2264 1563 2290 καὶ
1585 2263 1609 2289 οἱ
1626 2263 1730 2289 λοιποί’
1752 2273 1761 2288 ι
1779 2263 1793 2288 ὁ
1808 2262 1837 2288 δὲ
1857 2263 1911 2293 τοῖς

278 2310 382 2337 uimina
401 2311 570 2346 viperarum,
599 2313 663 2348 quis
688 2313 808 2340 ostendit
833 2314 910 2341 vobis
937 2314 1031 2349 fugere
1047 2322 1063 2342 a

278 2359 393 2381 ventura
411 2355 452 2381 ira
467 2356 489 2372 ⁷⁸
503 2357 514 2382 ?
528 2366 537 2382 ι

313 2400 357 2430 ιν,
376 2401 431 2428 1-5.
455 2401 487 2428 ιιι
500 2410 559 2437 ergo
573 2403 690 2436 cogitarit
706 2403 832 2432 Dominus
847 2406 908 2439 quia
923 2406 1066 2433 audierunt

278 2447 420 2480 Plini-imi,
437 2448 505 2482 quod
526 2448 603 2474 Iesus
615 2449 703 2483 plures
722 2450 866 2484 discipulos
882 2452 959 2486 facit,
978 2459 1000 2479 et
1019 2453 1066 2480 ba-

277 2493 373 2526 ptizat,
390 2501 468 2528 quant
484 2492 600 2520 Joannes
616 2499 777 2529 (quanquam
786 2495 863 2523 Jews
877 2505 929 2524 non
943 2499 1065 2532 baptiza-

278 2542 327 2569 rel,
356 2537 401 2564 sed
426 2538 550 2572 discipuli
570 2538 649 2574 ejus),
667 2540 772 2574 reliquit
795 2540 930 2574 Juda’am,
948 2547 972 2569 et
999 2543 1066 2570 abiit

278 2581 371 2609 iterum
394 2583 421 2609 in
441 2582 592 2611 Calilwam.

312 2667 455 2696 Undeuam
483 2669 536 2698 huc
563 2673 727 2706 processerit
749 2674 849 2707 oratio,
883 2680 929 2702 aut
955 2684 1009 2710 quo
1032 2685 1064 2704 ex

277 2713 368 2748 capite
382 2715 548 2743 narrationis
562 2717 658 2744 ordine
675 2718 727 2745 huc
748 2719 880 2753 perducto
901 2722 1063 2756 cognovisse

279 2757 410 2787 Dominus
425 2759 534 2788 dicatur
555 2770 616 2797 quae
630 2762 760 2791 Pharisaei
777 2765 937 2798 audierant.
953 2774 1006 2793 non
1026 2767 1065 2794 in-

279 2804 383 2832 sulsum
399 2806 460 2838 erit,
478 2807 585 2841 opinor,
597 2808 697 2836 dicere.
710 2808 776 2836 Illud
793 2810 864 2837 enim
878 2812 1061 2846 cvangelistm,

313 2893 555 2929 ⁷³(ἷιι1.ιιι,ῖῖ,1.
597 2899 617 2914 ⁷²
635 2899 704 2925 l‘sul.
724 2907 826 2928 uult.
845 2900 884 2933 15,
907 2900 946 2927 ll.

986 2902 1007 2914 η
1026 2901 1125 2936 Ephcs.
1148 2911 1178 2932 ιι,
1199 2903 1214 2927 3

1119 2309 1315 2345 Γραμματεῦσι
1329 2309 1375 2335 καὶ
1390 2309 1557 2344 Φαρισαίοις,
1579 2319 1588 2335 ι
1606 2309 1766 2344 Γεννήματα
1786 2307 1910 2343 ἐχιδνῶν,

1119 2355 1160 2388 τίς
1171 2355 1310 2388 ὑπέδειξεν
1323 2356 1388 2391 ύμῖν
1403 2356 1499 2389 φυγεῖν
1515 2355 1569 2381 ἀπὸ
1578 2354 1628 2390 τῆς
1643 2354 1792 2390 μελλούσης
1804 2354 1890 2389 ὀργῆς
1902 2363 1910 2386 ;

1162 2402 1210 2434 Ὠς
1226 2400 1282 2428 οὖν
1298 2401 1374 2436 ἔγνω
1389 2403 1405 2428 d
1420 2401 1538 2435 Κύριος,
1556 2400 1601 2427 ὅτι
1622 2400 1761 2434 ἥκουσαν
1780 2401 1807 2426 cl
1826 2401 1911 2433 Φαρι-

1117 2447 1208 2479 σαῖοι,
1231 2447 1275 2473 ὅτι
1305 2446 1419 2478 Ἰησοῦς
1443 2446 1589 2478 πλείονας
1604 2446 1738 2480 μαθητὰς
1755 2445 1838 2471 ποιεῖ
1862 2445 1910 2471 καὶ

1113 2493 1259 2524 βαπτίζει,
1286 2492 1306 2526 ἢ
1334 2492 1471 2525 Ἰωάννης
1489 2492 1595 2526 (καίτοι
1620 2500 1652 2525 γε
1675 2490 1767 2523 αὐτὸς
1790 2490 1910 2524 Ἰησοῦς

1116 2539 1171 2564 οὐκ
1201 2537 1362 2569 ἐϐάπτιζεν,
1385 2538 1453 2564 ἀλλ’
1481 2539 1507 2563 οι
1527 2537 1655 2572 μαθηταὶ
1675 2536 1793 2571 αὑτοῦ),
1811 2536 1910 2571 ἀρῆκε

1117 2585 1174 2619 τὴν
1200 2584 1364 2617 Ἰουδαίαν,
1380 2583 1427 2610 καὶ
1445 2583 1563 2617 ἀπῆλθε
1577 2583 1670 2610 πάλιν
1683 2584 1725 2616 εἰς
1743 2583 1801 2617 τὴν
1822 2585 1910 2610 Γαλι-

1118 2631 1218 2657 λαίαν.

1154 2676 1238 2702 Πόθεν
1255 2677 1320 2711 ἡμῖν
1335 2677 1373 2707 εἰς
1394 2675 1471 2702 τοῦτο
1487 2676 1608 2711 πρόεισιν
1627 2676 1641 2702 ὁ
1652 2675 1740 2710 λόγος,
1756 2675 1773 2710 ἧ
1786 2677 1820 2702 ἐκ
1831 2675 1909 2706 ποίας

1117 2722 1202 2757 ἀρχῆς
1219 2722 1291 2757 ήτοῦ
1303 2722 1469 2757 διηγήματος
1485 2722 1659 2757 καθέρπούσα
1672 2721 1759 2754 τάξις,
1770 2721 1909 2754 ἐγνωκότα

1116 2769 1162 2794 τὸν
1179 2769 1280 2804 Κύριον
1297 2769 1488 2804 εἰσφέρειτοὺς
1504 2769 1676 2804 Φαρισαίους,
1694 2768 1766 2803 ἅπερ
1779 2768 1909 2794 ἐπύθοντο

1120 2813 1224 2847 μαθεῖν,
1235 2815 1284 2840 οὐκ
1298 2813 1429 2848 ἄκομψον,
1440 2814 1476 2845 ὡς
1490 2813 1586 2846 ἔοικεν,
1604 2814 1699 2840 εἰπεῖν.
1711 2812 1747 2839 Τὸ
1761 2813 1829 2847 γὰρ,
1845 2821 1854 2838 ‹
1865 2812 1908 2843 Ὠς

1265 2904 1285 2918 7"
1304 2902 1370 2930 Luc.
1392 2910 1432 2935 ιιι,
1458 2903 1482 2931 ’1.
