2028 3118
116 125 169 153 289

638 128 671 156 IN
685 127 828 156 JOANNIS
841 128 1066 156 EVANGELIUM
1082 129 1148 163 ¹[ΑΒ.
1172 129 1205 157 ll.

1690 131 1743 160 290

114 179 160 210 οὖν
177 181 249 215 ἔγνω
263 182 277 208 ὁ
293 181 404 217 Κύριος,
420 191 433 207 ι
449 182 537 216 λέγειν
553 182 600 210 τὸν
609 183 686 217 ἅγιον
699 183 902 219 εὐαγγελιστὴν,

959 193 968 208 ι
988 184 1022 211 Ut
1042 192 1108 219 ergo
1123 185 1249 220 cognovit
1266 185 1408 218 Dominus.
1426 197 1435 213 ι
1461 188 1626 223 ρηειεγίιοιη
1645 197 1743 224 quam-

113 229 232 263 ἔμφασίν
248 237 310 255 τινα
337 230 570 264 προῦποκειμένου
590 230 749 265 πράγματος
767 230 905 257 ἀνατίκτει

113 273 209 308 σαφῶς
222 283 229 289 ·
250 274 339 300 πάντα
358 273 406 308 μὲν
431 274 494 310 γὰρ,
508 274 613 306 οὐδενός
632 284 657 302 τι
675 275 904 310 καταμηνὺοντος,

113 319 276 354 αὐτομάτως
299 318 380 351 οἶδεν,
409 320 446 351 ὡς
476 320 553 353 Θεὸς,
582 321 630 347 καὶ
657 321 705 356 οὐχ
720 322 764 348 ὅτε
782 322 904 357 γίγνεται

113 365 241 400 πρώτως,
258 365 327 392 ἀλλὰ
343 367 391 392 καὶ
406 367 471 401 πρὶν
490 366 623 400 γενέσεως
639 367 738 401 αὐτῶν,
753 369 791 401 ὡς
806 370 820 396 ὁ
838 377 905 404 προ·

113 412 202 446 φήτης
216 411 428 447 διεμαρτύρατο.
451 412 597 447 Περιμένει
616 413 644 439 δὲ
659 415 721 445 τοὺς
735 415 778 449 ἐφ’
797 415 904 450 ἑκάστῳ

113 457 237 492 καιροὺς,
253 457 300 483 καὶ
314 459 373 488 ταῖς
389 457 443 484 τῶν
457 459 627 494 πραγμάτων
644 459 824 494 ἀκολουθίαις,
837 460 855 495 ἢ
871 462 903 496 τῇ

112 502 278 537 προγνώσει,
296 503 395 538 μᾶλλον
415 504 568 531 ἐνδίδωσιν
586 503 620 540 ἦν
631 505 685 540 γὰρ
700 506 731 540 δὴ
757 506 804 532 καὶ
826 506 905 532 τοῦτο

112 547 284 583 θεοπρεποῦς
310 549 466 584 οἰκονομίας
489 550 574 583 ἄξιον.
592 551 736 586 Ζητήσεως
761 552 904 587 τοιγαροῦν

111 595 263 630 γενομένης
277 595 310 622 ὲκ
331 595 384 622 τῶν
402 596 530 631 μαθητῶν
551 597 672 624 Ἰωάννου
693 597 761 632 μετὰ
779 597 903 624 Ἰουδαίου

112 641 178 676 περὶ
194 641 379 677 καθαρισμοῦ,
409 642 492 674 πολὺς
509 643 576 677 παρ’
605 643 706 678 ἀμφοῖν
723 641 756 678 ἦν
777 644 791 669 ὁ
806 644 883 678 λόγος
896 652 902 658 ·

111 686 135 712 οἱ
146 686 198 720 μὲν
210 686 267 722 γὰρ
283 686 321 721 τῷ
337 686 429 722 οἰκείῳ
443 686 593 722 διδασκάλῳ
607 688 841 723 συναγορεύοντες,
851 688 904 716 τῶν

112 732 234 767 νομικῶν
249 733 496 769 περιρραντηρίων,
510 734 556 760 καὶ
569 734 623 762 τῶν
647 735 712 770 παρ’
728 735 843 767 ἐκείνοις
855 744 902 762 τυ-

111 778 200 804 πικῶν
217 779 398 814 καθαρισμῶν
422 780 451 805 ὲν
474 779 613 815 ἀμείνοσιν
632 780 681 816 ἤδη
703 781 810 816 μέτροις
824 781 855 807 τὸ
869 782 902 808 δι’

111 824 194 850 αῢτοῦ
206 824 332 857 γενέσθαι
350 824 509 852 διετείνοντο
533 826 684 861 βάπτισμα.
707 827 761 854 Καὶ
772 828 815 863 δὴ,
831 828 902 855 κατὰ

954 229 1015 256 dam
1030 237 1086 257 rem
1101 231 1246 259 manifeste
1255 232 1387 261 declarat.
1403 233 1538 261 Universa
1552 236 1654 270 quippe
1670 238 1743 263 nullo

955 280 1126 303 monstrante
1151 277 1209 310 ipse
1225 285 1275 312 per
1292 285 1323 305 se
1345 279 1431 311 novit,
1453 285 1482 307 ut
1504 280 1586 313 Deus,
1611 289 1663 308 non
1681 289 1743 308 cmn

955 321 1071 356 primum
1085 323 1164 354 ﬁunt,
1181 323 1227 350 sed
1241 323 1322 351 etiam
1335 330 1478 360 antequam
1495 327 1570 359 ﬁant,
1587 331 1617 354 ut
1629 331 1744 355 testatus

954 371 996 395 est
1024 370 1156 403 propheta
1168 369 1212 396 ⁷⁸“.
1232 369 1378 406 Exspectat
1402 377 1491 400 autem
1524 375 1743 410 uniuscujusque

954 416 1088 448 tempora.
1101 420 1128 441 et
1144 422 1234 442 rerum
1251 417 1449 444 consecutione
1465 418 1557 452 potius
1574 427 1657 453 quam
1670 428 1738 454 pne-

955 459 1065 487 notione
1077 459 1171 487 deﬁnit
1186 470 1192 487 :
1210 466 1251 488 est
1263 461 1334 488 enim
1353 462 1418 489 illud
1435 470 1545 497 quoque
1561 464 1652 490 divina
1667 470 1743 492 certe

954 503 1160 538 dispensatione
1176 505 1298 540 dignum.
1316 506 1473 539 Qua-stione
1490 508 1573 542 igitur
1595 517 1610 535 a
1627 510 1744 540 Joannis

954 548 1096 583 discipulis
1110 555 1168 576 orta
1185 558 1247 577 cutn
1261 549 1355 578 Iudaeo
1370 552 1404 579 de
1428 553 1628 586 purificatione,
1644 562 1742 588 magno

954 596 1066 630 utrique
1084 596 1175 623 studio
1200 604 1277 624 suam
1297 597 1453 631 opinionem
1480 597 1672 625 defendebant.
1700 599 1741 625 Illi

954 641 1025 668 enim
1047 648 1127 668 suum
1157 642 1320 676 magistrum
1347 646 1467 675 tuentes,
1484 642 1545 677 ejus
1575 643 1740 677 baptismum

953 686 1086 720 legalibus
1101 686 1309 720 aspersionibus
1328 691 1355 714 et
1375 688 1475 722 typieis
1501 688 1741 722 puriﬁeationibus

954 735 1085 765 prmstare
1102 732 1315 759 contendel‘mnt.
1333 732 1372 758 Ad
1396 733 1468 767 quod
1490 733 1660 767 probandum
1674 733 1740 760 απε-

953 778 1059 809 rebant,
1078 778 1179 804 multos
1192 778 1292 813 priscis
1308 778 1406 806 ritibus
1427 779 1531 806 relictis
1547 779 1578 805 ad
1592 787 1653 806 eum
1669 779 1741 805 ultro

953 830 983 850 se
997 822 1134 850 conferre.
1152 822 1184 849 Hi
1199 827 1301 855 autem,
1317 832 1379 850 cum
1398 824 1618 851 adversariorum
1633 831 1739 851 sermo-

113 870 142 896 t’)
157 870 244 903 εἰκὸς,
259 871 299 902 είς
323 871 458 903 ἀπόδειξιν
472 871 610 899 ἐποιοῦντο
621 872 668 899 τοῦ
682 873 853 909 πράγματος,
870 875 901 902 τὺ

953 867 1034 895 nibus
1052 868 1078 895 in
1102 876 1224 903 praeceps
1248 873 1421 904 raperentur,
1446 873 1473 896 et
1495 869 1620 896 veritatis
1637 871 1662 895 vi
1689 877 1739 896 cett

112 915 227 947 πὶλλοὺς
241 916 290 951 μὲν
304 916 371 943 ίέναι
390 917 458 952 πρὸς
479 918 570 949 αὑτὸν,
590 918 645 945 τῶν
663 919 691 945 δὲ
717 920 902 956 ἀρχαιοτέρων

112 962 159 991 aut
170 962 274 989 ἄνωθεν
296 963 365 989 ἐθῶν
387 963 485 997 ἥδιστα
517 964 575 991 λίαν
589 965 747 1001 ἀποφοιτᾷν.
765 967 796 993 Οἱ
818 967 846 993 δὲ
867 965 900 994 αὖ

112 1005 204 1038 πάλιν,
239 1006 354 1041 ἐπείπερ
379 1008 435 1039 τοῖς
449 1007 497 1034 ,δι’
516 1008 639 1044 ἐναντίας
659 1010 673 1036 ό
687 1010 765 1044 λόγος
790 1011 902 1047 ἐφέρετο

112 1050 183 1077 κατὰ
198 1051 331 1086 πρανοῦς,
347 1051 393 1078 καὶ
409 1051 513 1079 ὑδάτων
528 1052 606 1088 δίκην
623 1055 839 1090 καταρροίζουσα
852 1056 902 1092 τῆς

111 1095 271 1132 ἀληθείαςὴ
293 1096 416 1132 δύναμις,
440 1097 486 1124 τὸν
499 1097 600 1134 ἀδρανῆ
625 1098 679 1126 τῶν
698 1099 902 1136 ἀνθεστηκότων

112 1142 244 1174 ὲὸάπτιζε
269 1142 341 1174 νοῦν,
362 1143 409 1169 ἐπὶ
438 1143 468 1170 τὸ
488 1144 564 1179 παρὰ
586 1145 698 1180 γνώμην
711 1147 840 1181 χωροῦσι,
856 1148 903 1174 καὶ

111 1187 235 1220 ἄκοντες,
244 1187 311 1214 πολὺ
323 1187 354 1224 δὴ
364 1188 471 1216 κάλλιον
481 1188 550 1216 εἶναι
561 1190 719 1224 λέγοντεςτδ
729 1191 773 1219 διὰ
783 1193 901 1228 Χριστοῦ

111 1232 259 1268 λεγόμενον
271 1233 423 1270 βάπτισμα·
436 1235 483 1261 καὶ
502 1236 685 1271 κατεκράτουν
694 1238 754 1274 ἥδη,
768 1241 824 1271 τοῖς
835 1240 901 1272 ι’σοις

110 1279 152 1310 είς
163 1279 301 1312 ἀπόδειξιν
315 1280 537 1316 ἀποχρησάμενοι
555 1281 704 1318 λογισμοῖς,
722 1284 769 1311 καὶ
791 1285 835 1311 διὰ
848 1285 902 1312 τῶν

111 1324 203 1351 αὐτῶν
211 1324 410 1360 ἐνθυμημάτων
420 1327 476 1358 τοῖς
485 1328 657 1362 νενικηκόσιν
666 1329 883 1365 ἀντεγειρόμενοι
892 1340 899 1347 ο

111 1369 204 1404 πολλῷ
214 1370 270 1405 γὰρ
283 1370 398 1404 ὁρᾶσθαι
411 1371 520 1404 πλείους
531 1372 728 1409 διισχυρίζοντο
739 1376 802 1407 τοὺς
816 1385 901 1412 προσ-

113 1416 204 1447 ιόντας
231 1415 350 1452 Χριστῷ,
378 1417 426 1443 καὶ
449 1417 552 1450 πάντας
575 1419 672 1454 ἐκείνῳ
697 1421 808 1456 μᾶλλον,
830 1423 901 1458 ἥπερ

118 1459 231 1495 Ἰωάννῃ
256 1461 452 1496 προστρέχειν·
479 1462 540 1489 ὅθεν
567 1461 643 1498 οῐμαι
673 1466 719 1492 καὶ
743 1467 783 1498 εἰς
814 1467 902 1503 λύπην

111 1505 318 1538 ἀνακαυθέντας
335 1507 398 1538 τοὺς
416 1507 539 1534 Ἰωάννου
554 1509 691 1544 μαθητὰς,
703 1511 742 1546 τῷ
755 1512 846 1547 οἰκείῳ
861 1513 901 1540 δι-

110 1550 239 1586 δασκάλῳ
254 1551 412 1586 προσελθεῖν
425 1552 552 1587 λέγοντας
563 1562 570 1569 ο
588 1564 597 1579 ι
622 1555 726 1588 Ῥα66ὶ,
742 1557 771 1588 ὃς
781 1555 815 1592 ἦν
833 1558 901 1593 μετὰ

951 914 1068 950 quodam
1084 922 1217 948 aquarum
1234 915 1417 942 obruerentur
1433 915 1547 949 impetu,
1565 918 1665 949 praeter
1679 922 1740 942 seu.

951 960 1065 988 tentiam
1095 964 1177 995 atque
1205 960 1282 987 inviti
1310 961 1388 988 fateri
1414 964 1551 995 coguntur
1576 960 1654 995 longe
1673 968 1740 995 prm-

952 1005 1070 1033 stantius
1087 1013 1150 1033 esse
1167 1005 1271 1033 Chriéti
1295 1006 1443 1040 baptisma,
1461 1005 1676 1039 obtinebantque
1691 1006 1739 1033 dc-

952 1058 1025 1078 mum
1045 1051 1141 1078 iisdem
1157 1055 1264 1079 utentes
1279 1052 1311 1078 ad
1326 1051 1351 1078 id
1366 1051 1611 1079 demonstrandum
1627 1052 1740 1079 rationi-

951 1097 1014 1130 bus,
1031 1101 1058 1124 et
1079 1097 1217 1125 similibus
1233 1098 1402 1132 argumentis
1419 1098 1445 1124 in
1462 1097 1579 1124 victores
1597 1098 1677 1133 176
1698 1098 1740 1125 in-

952 1142 1108 1178 surgebaut;
1123 1142 1209 1169 multo
1221 1142 1312 1176 plures
1328 1141 1399 1168 enim
1413 1142 1445 1168 ad
1458 1142 1595 1168 Christum
1610 1150 1692 1177 quant
1705 1142 1740 1169 ad

952 1187 1081 1216 Joannem
1098 1187 1239 1219 accedere,
1254 1188 1309 1214 imo
1319 1196 1382 1215 vero
1396 1192 1511 1215 cunctos
1523 1195 1667 1215 accurrere
1681 1188 1738 1215 aie-

951 1233 1026 1261 bant.
1044 1233 1112 1261 llinc
1126 1234 1224 1268 opinor
1241 1234 1370 1261 incensos
1395 1233 1510 1261 Joannis
1530 1234 1681 1268 discipulos
1705 1234 1739 1261 ad

952 1278 1110 1313 magistrum
1136 1286 1216 1306 suum
1244 1279 1363 1311 venisse,
1379 1279 1500 1306 dicentes
1522 1287 1529 1305 :
1551 1288 1559 1304 ι
1578 1279 1674 1311 Rabbi,
1691 1279 1738 1313 qui

952 1330 1008 1352 erat
1019 1328 1108 1352 tecum
1123 1328 1199 1351 trans
1209 1323 1366 1356 Iordanem,
1378 1324 1422 1351 cui
1436 1328 1464 1350 tu
1479 1325 1664 1351 testimonium
1678 1331 1740 1358 per-

952 1369 1075 1403 hibuisti,
1091 1378 1166 1402 ecce.
1187 1370 1232 1397 hic
1256 1370 1389 1404 baptizat,
1418 1374 1445 1397 et
1467 1377 1562 1397 omnes
1578 1370 1690 1397 veniunt
1705 1369 1739 1396 ad

951 1423 1012 1444 eum
1027 1417 1060 1443 τδ.
1082 1426 1091 1441 ν
1111 1415 1267 1444 Judzcorum
1286 1416 1386 1450 quippe
1404 1416 1591 1443 contentiosas
1614 1415 1739 1450 proposi-

952 1463 1039 1489 tiones
1065 1462 1123 1490 sive
1150 1462 1270 1489 rationes
1294 1460 1526 1488 demonstrativas
1554 1459 1739 1495 interrogandi

952 1508 1033 1534 modo
1057 1505 1298 1542 prol'erunt.'Hinc
1321 1514 1386 1541 ergo
1406 1505 1574 1540 evangelista
1595 1505 1739 1532 Dominum

952 1551 990 1579 ait
1005 1553 1178 1587 cognovisse,
1209 1551 1282 1586 quod
1304 1551 1446 1578 audierant
1475 1550 1616 1582 Pharisaei,
1646 1549 1738 1578 Jesum

113 1597 161 1642 σοῦ
175 1597 261 1632 πέραν
290 1598 337 1624 τοῦ
359 1598 501 1634 Ἰορδάνου,
523 1596 545 1634 ᾧ
563 1601 596 1627 σὺ
619 1602 846 1639 μεμαρτύρηκας,
863 1605 901 1631 ἴδε

953 1615 1050 1642 nempe
1069 1607 1162 1642 plures
1190 1607 1342 1642 discipulos
1371 1607 1462 1634 facere
1487 1614 1568 1641 quam
1593 1605 1737 1633 Joannem.

109 1638 191 1673 eine;
203 1642 337 1677 βαπτίζει,
350 1644 397 1670 καὶ¹
409 1644 508 1676 πάντες
520 1645 643 1680 ἔρχονται
657 1648 725 1682 πρὸς
742 1638 833 1676 αὐτόν.
846 1650 902 1682 Τὰς

953 1653 1013 1680 Mox
1030 1661 1124 1681 eorum
1146 1654 1283 1688 ingentem
1296 1653 1386 1680 vitans
1404 1652 1548 1684 invidiam,
1565 1656 1592 1679 et
1608 1659 1658 1680 suo
1671 1655 1739 1679 tem-

111 1688 167 1722 γὰρ
180 1688 209 1721 ἐξ
222 1687 310 1723 ἔριδος
323 1689 378 1715 τῶν
397 1690 529 1718 Ἰουδαίων
549 1692 703 1726 προτάσεις,
721 1694 781 1729 ἤτοι
807 1695 902 1730 λόγους

953 1699 1013 1734 pori
1031 1699 1187 1734 passionem
1207 1706 1366 1730 reservans,
1390 1707 1423 1726 ex
1444 1698 1601 1726 Judaaorum
1627 1698 1739 1733 regione

111 1733 330 1767 ἀποδεικτικοὺς,
339 1735 377 1767 ὡς
386 1737 414 1763 ἐν
423 1736 555 1772 ἐρωτήσει
569 1739 753 1774 προΐσχονται.
763 1741 902 1769 Ἐντεῦθεν

954 1751 983 1772 se
1000 1745 1138 1778 subducit,
1160 1753 1326 1780 rursumque
1340 1745 1488 1772 revertitur
1509 1745 1536 1772 in
1552 1744 1702 1771 Galilaeam.

111 1779 257 1815 1ιιιιγαροῦν
271 1781 420 1814 ἐγνωκέναι
443 1782 524 1817 φησὶν
541 1783 555 1808 ό
570 1783 764 1820 εὐαγγελιστὴς
778 1786 824 1813 τὸν
841 1787 952 1823 Κύριον,
969 1789 1008 1815 ὅτι
1022 1790 1139 1824 ἥκουσαν
1175 1791 1199 1816 ot
1232 1779 1383 1824 Φαρισαῖοι,
1401 1790 1441 1816 ὅτι
1480 1788 1582 1822 Ἰησοῦς
1614 1789 1738 1820 πλείονας

113 1827 240 1862 μαθητὰς
254 1828 365 1863 ποιεῖ,ῆ
387 1829 524 1864 Ἰωάννης.
539 1828 605 1857 Εἶτα
618 1831 663 1857 τὸν
675 1831 792 1865 ἐξαίσιον
826 1835 915 1861 αὐτῶν
951 1837 1167 1872 παραιτούμενος
1193 1837 1305 1872 φθόνον,
1330 1837 1377 1863 καὶ
1398 1836 1485 1872 καιρῷ
1512 1836 1652 1871 φυλάττων
1682 1837 1740 1868 ἰδίιῳ

111 1876 143 1903 eo
165 1875 272 1907 παθεῖν,
301 1876 350 1911 τῆς
365 1877 413 1911 μὲν
429 1877 487 1903 τῶν
506 1878 639 1905 Ἰουδαίων
658 1879 782 1912 ὑπέξεισι
796 1881 898 1917 χώρας,
918 1883 1054 1920 ἀναχωρεῖ
1068 1884 1095 1910 δὲ,
1106 1884 1187 1911 πάλιν
1197 1885 1237 1916 είς
1256 1884 1304 1920 τὴν
1320 1884 1473 1910 Γαλιλαίαν.

149 1922 228 1948 Ἔδει
246 1922 281 1948 δὲ
299 1922 393 1949 αὑτὸν
407 1923 577 1957 διέρχεσθαι
594 1924 644 1951 διὰ
654 1924 710 1960 τῆς
720 1927 901 1961 Σαμαρείας·

992 1929 1035 1962 IV,
1053 1930 1080 1962 4,
1097 1931 1123 1957 5.
1147 1929 1291 1963 Oportebat
1311 1935 1398 1956 autem
1412 1938 1470 1956 eum
1486 1929 1600 1956 transire
1621 1937 1667 1963 per
1684 1928 1740 1956 Sa-

112 1968 231 2002 ἕρχεται
251 1967 358 2001 οὖνεις
376 1969 466 1995 πόλιν
480 1969 536 2004 τῆς
548 1971 713 2005 Σαμαρείας
735 1973 902 2008 λεγομένην

955 1976 1079 2002 marium.
1098 1975 1171 2002 Venit
1187 1983 1248 2010 ergo
1262 1976 1289 2002 in
1304 1976 1436 2002 civitatem
1453 1975 1585 2002 Samaria
1599 1983 1657 2010 quae
1675 1975 1737 2002 dici-

111 2013 233 2047 Συχὰρ,
263 2014 397 2047 πλησίοι·
422 2014 475 2042 τοῦ
499 2016 618 2050 χωρίου,
637 2017 653 2044 ὃ
672 2017 783 2046 ἔδωκεν
803 2019 902 2047 Ἰακὼϐ

954 2025 997 2046 tur
1011 2019 1118 2053 Sichar,
1133 2019 1209 2052 iuxta
1222 2019 1351 2053 pra'dium
1370 2018 1437 2053 quod
1456 2018 1528 2045 dedit
1541 2017 1624 2045 Jacob
1640 2017 1738 2052 Ioseph

119 2057 227 2092 Ἰωσὴφ
243 2058 283 2090 τῷ
293 2057 347 2090 υίῷ
365 2060 469 2087 αὑτοῦ.

151 2104 184 2129 Ὢ
198 2104 299 2139 πολλῆς
315 2104 464 2138 ἀγχινοίας,
480 2107 526 2134 καὶ
539 2108 658 2143 ἀκράτου
671 2109 777 2146 νήψεως
787 2111 793 2138 ι
805 2111 900 2146 φθάνει

953 2066 1010 2101 ﬁlio
1029 2074 1086 2093 suo.

989 2112 1011 2139 0
1026 2112 1121 2139 miram
1134 2111 1238 2147 ingenii
1254 2111 1445 2143 acrimoniam,
1461 2117 1494 2137 ac
1511 2108 1670 2137 defaecatatn
1691 2117 1738 2137 so-

111 2150 173 2180 ταῖς
188 2148 345 2182 ἀπολογίαις
361 2149 394 2175 τὰ
417 2149 582 2186 ζητήσεσθαι
599 2154 827 2190 προσδοκώμενα·
840 2154 900 2184 εἷπε

953 2158 1060 2186 leniam
1077 2159 1083 2185 l
1097 2158 1285 2192 respondendo
1301 2157 1431 2194 praevenit
1441 2164 1502 2192 quae
1517 2164 1579 2184 mox
1592 2156 1738 2191 qmerenda

113 2196 168 2230 γὰρ
181 2194 214 2221 ἄν
227 2203 269 2226 τις
281 2195 373 2228 εὐθὺς,
384 2197 401 2232 ἦ
421 2197 507 2232 ἑτέρῳ
529 2198 698 2233 προσλαλῶν,
717 2200 733 2235 ἢ
752 2200 901 2236 λεληθότως

955 2205 1109 2233 veniebant.
1136 2205 1252 2233 Dixisset
1270 2193 1341 2232 enim
1363 2205 1455 2232 statim
1480 2204 1590 2238 aliquis,
1614 2208 1661 2230 aut
1675 2211 1736 2230 cum

112 2239 352 2276 διενθυμούμενος·
367 2242 420 2268 Τοῦ
437 2242 467 2276 δὴ
481 2243 562 2278 χάριν
573 2245 587 2270 ὁ
597 2245 698 2280 Κύριος
710 2246 786 2281 ἡμῶν
799 2248 902 2283 Ἰησοῦς

113 2284 243 2320 Χριστὸς,
259 2287 308 2313 οὐκ
321 2287 441 2323 ὲνκαιρῷ
451 2287 490 2323 τῷ
502 2290 647 2325 καθήκοντι
660 2292 713 2319 τῶν
724 2293 901 2329 Σαμαρειτῶν

113 2331 265 2366 ἐποιήσατο
279 2335 418 2368 φωτισμόν
430 2343 438 2367 ;
454 2335 594 2369 Προσῆλοε
610 2336 660 2371 μὲν
674 2337 728 2373 γὰρ
741 2339 757 2374 ὴ
774 2339 903 2374 Συροφοι-

113 2375 225 2403 νίκισσά
238 2385 312 2409 ποτε,
327 2378 371 2404 τὸν
383 2380 429 2405 ἐπὶ
453 2381 486 2414 τῇ
511 2381 676 2416 ταλαιπώρῳ
702 2383 818 2418 θυγατρὶ
834 2385 902 2418 μετὰ

113 2421 242 2457 δακρύων
257 2423 331 2450 ἔλεον
345 2424 498 2459 ὲξαιτοῦσα,
509 2427 555 2453 καὶ
566 2427 591 2453 τί
610 2428 677 2463 πρὸς
691 2429 774 2464 αὐτὴν
791 2431 804 2456 ὁ
814 2430 902 2464 φιλοι-

115 2467 261 2502 κτίρμων;
276 2477 285 2493 ι
307 2470 343 2495 Οὐ
366 2470 455 2503 καλὸν,
480 2471 557 2506 φησὶ,
572 2471 662 2499 λαϐεῖν
679 2473 723 2499 τὸν
748 2475 829 2508 ἄρτον
849 2474 903 2501 τῶν

114 2512 232 2544 τέκνων,
247 2514 294 2539 καὶ
308 2513 398 2548 βαλεῖν
419 2516 476 2546 τοῖς
498 2517 652 2552 κυναρίοις·
668 2527 678 2542 ι
691 2518 721 2544 οὺ
738 2518 801 2553 γὰρ,
814 2517 902 2554 οἶμαι,

114 2557 338 2593 δεῐνὲδοκίμαςε,
357 2559 482 2595 πρὸωρον
508 2562 563 2593 τοῖς
588 2561 617 2594 ἐξ
643 2562 726 2589 ὲθνῶν
740 2563 789 2598 τὴν
803 2565 859 2595 τοῖς
874 2563 904 2596 ἐξ

121 2603 231 2639 Ἰσραὴλ
261 2606 481 2641 ἀπονεμηθεῖσαν
508 2607 744 2643 ὲπιδαψιλεύεσθαι
766 2610 866 2645 χάριν·
889 2610 904 2636 ὃ

114 2649 147 2684 δὴ
158 2650 205 2676 καὶ
218 2651 386 2686 σαφέστερον
394 2652 474 2683 αὐτὸς
484 2653 570 2679 ἐποίει
581 2653 666 2688 λέγων
674 2663 680 2670 ⁸
695 2664 704 2680 1
719 2656 775 2682 Οὐκ
786 2656 904 2683 ἀπεστά-

115 2695 175 2731 λην,
206 2697 231 2722 εἰ
259 2697 298 2732 μὴ
320 2698 360 2728 είς
383 2698 418 2724 τὰ
439 2698 561 2732 πρόὅατα
583 2700 616 2727 τὰ
637 2701 794 2728 ἀπολωλότα
828 2703 902 2729 οἴκου

122 2742 239 2778 Ἰσραήλ.
259 2752 267 2769 ι
286 2743 349 2775 Πῶς
368 2742 414 2770 οὖν
435 2744 498 2779 ἄρα,
513 2747 623 2781 φήσειεκ
636 2747 667 2774 ἄν
684 2757 735 2782 τις,
749 2750 762 2774 ό
775 2749 842 2784 πρὸς
857 2750 903 2784 μό-

955 2251 1009 2278 alio
1025 2251 1192 2286 colloquens,
1212 2256 1258 2278 aut
1276 2251 1346 2278 clam
1361 2250 1432 2286 apud
1449 2258 1477 2278 se
1488 2251 1632 2285 cogitans:
1651 2250 1738 2283 Quam

955 2297 1062 2325 demum
1083 2298 1117 2324 ob
1133 2304 1242 2324 causam
1264 2297 1395 2324 Dominus
1412 2300 1504 2323 noster
1521 2296 1599 2323 Jesus
1610 2296 1739 2327 Christus

955 2351 1010 2370 non
1036 2350 1157 2378 congruo
1189 2346 1310 2377 tempore
1337 2343 1525 2369 Samaritanos
1554 2342 1740 2368 illuminavit?

953 2388 1075 2416 Accessit
1088 2388 1160 2415 enim
1177 2387 1324 2422 aliquando
1338 2387 1548 2423 Syrophoanissa
1559 2387 1666 2414 miserze
1677 2387 1739 2413 (ilhc

954 2433 1169 2460 misericordiam
1200 2433 1314 2468 supplex
1333 2438 1428 2467 petens
1457 2439 1520 2459 eum
1541 2431 1680 2467 lacrymis.
1707 2431 1740 2458 Et

954 2480 1017 2514 quid
1036 2480 1068 2506 ad
1093 2487 1152 2507 eam
1177 2479 1222 2506 ille
1247 2479 1421 2507 misericors?
1438 2487 1447 2504 (
1465 2478 1524 2505 Non
1549 2482 1590 2505 est
1619 2478 1737 2509 bonum,
1769 2491 1772 2492 ν

955 2526 1053 2561 inquit,
1077 2526 1201 2560 accipere
1223 2532 1319 2559 panem
1338 2524 1466 2555 ﬁliorum,
1493 2527 1520 2550 et
1537 2524 1645 2550 mittere
1662 2524 1739 2550 cani-

955 2568 1007 2596 bus
1024 2569 1057 2596 ".
1077 2579 1085 2594 ι
1103 2568 1161 2596 Non
1184 2569 1256 2596 enim
1271 2568 1406 2603 placebat,
1426 2571 1454 2594 ut
1469 2575 1543 2599 reor.
1567 2567 1683 2602 gratiam
1701 2567 1739 2594 ls-

956 2614 1059 2642 raelitis
1083 2615 1250 2649 assignatam
1269 2616 1432 2648 praemature
1453 2613 1600 2648 gentilibus
1617 2613 1737 2648 elargiri.

957 2660 1034 2693 Quod
1061 2660 1119 2695 ipse
1145 2660 1255 2695 quidem
1289 2661 1377 2694 palam
1408 2659 1525 2686 faciebat
1553 2659 1595 2686 his
1623 2658 1738 2686 verbis:

959 2716 969 2732 ι
990 2706 1049 2734 Non
1079 2714 1138 2734 sum
1160 2707 1261 2733 missus
1287 2705 1339 2733 nisi
1369 2705 1401 2732 ad
1429 2712 1492 2732 oves
1516 2713 1577 2740 quae
1601 2705 1739 2739 perierunt

957 2751 1055 2778 domus
1070 2751 1150 2778 Israel
1164 2752 1213 2778 ”⁷.ι
1234 2750 1376 2783 Quomodo
1393 2751 1485 2786 igitur,
1504 2751 1610 2786 inquiet
1623 2750 1737 2785 aliquis,

152 2830 184 2847 ’⁸⁸
202 2830 268 2858 Dan.
287 2839 349 2863 xui,
363 2831 411 2860 at.
433 2832 457 2848 ⁷⁸
472 2831 550 2860 Joan.
571 2842 610 2866 in,
628 2835 673 2863 9.6.
714 2836 736 2851 7"
753 2835 847 2863 Matth.
865 2845 898 2864 vv

953 2839 967 2866 ἰ.
1005 2839 1026 2854 ⁷⁷
1043 2839 1109 2866 ibid.
1125 2839 1171 2866 ‘24.
