  <div class='ocr_page' id='page_1' title='image "/cluster/home/n/w/nwhite01/storage/ocr_20150623/73/njp.32101077772760/164.png"; bbox 0 0 2028 3118; ppageno 0'>
   <div class='ocr_carea' id='block_1_1' title="bbox 141 193 193 220">
    <p class='ocr_par' dir='ltr' id='par_1_1' title="bbox 141 193 193 220">
     <span class='ocr_line' id='line_1_1' title="bbox 141 193 193 220; baseline -0.019 0"><span class='ocrx_word' id='word_1_1' title='bbox 141 193 193 220; x_wconf 68' lang='lat'>297</span> 
     </span>
    </p>
   </div>
   <div class='ocr_carea' id='block_1_2' title="bbox 639 191 1217 237">
    <p class='ocr_par' dir='ltr' id='par_1_2' title="bbox 639 191 1217 237">
     <span class='ocr_line' id='line_1_2' title="bbox 639 191 1217 237; baseline 0.005 -19"><span class='ocrx_word' id='word_1_2' title='bbox 639 192 671 218; x_wconf 85' lang='lat' dir='ltr'>IN</span> <span class='ocrx_word' id='word_1_3' title='bbox 689 191 834 220; x_wconf 83' lang='lat' dir='ltr'>JOANNIS</span> <span class='ocrx_word' id='word_1_4' title='bbox 849 191 1079 237; x_wconf 55' lang='grc' dir='ltr'>ΕνΑινοΕιιιυΜ</span> <span class='ocrx_word' id='word_1_5' title='bbox 1098 193 1162 221; x_wconf 84' lang='lat' dir='ltr'>LIB.</span> <span class='ocrx_word' id='word_1_6' title='bbox 1184 193 1217 222; x_wconf 87' lang='lat' dir='ltr'>Il.</span> 
     </span>
    </p>
   </div>
   <div class='ocr_carea' id='block_1_3' title="bbox 1710 199 1765 228">
    <p class='ocr_par' dir='ltr' id='par_1_3' title="bbox 1710 199 1765 228">
     <span class='ocr_line' id='line_1_3' title="bbox 1710 199 1765 228; baseline 0.036 -2"><span class='ocrx_word' id='word_1_7' title='bbox 1710 199 1765 228; x_wconf 69' lang='lat'>308</span> 
     </span>
    </p>
   </div>
   <div class='ocr_carea' id='block_1_4' title="bbox 139 245 934 291">
    <p class='ocr_par' dir='ltr' id='par_1_4' title="bbox 139 245 930 291">
     <span class='ocr_line' id='line_1_4' title="bbox 139 245 930 291; baseline -0.001 -14"><span class='ocrx_word' id='word_1_8' title='bbox 139 251 186 277; x_wconf 69' lang='lat' dir='ltr'><strong>uad.</strong></span> <span class='ocrx_word' id='word_1_9' title='bbox 205 245 247 281; x_wconf 77' lang='grc' dir='ltr'>τῖς</span> <span class='ocrx_word' id='word_1_10' title='bbox 265 248 340 274; x_wconf 79' lang='grc' dir='ltr'>ἐστιν</span> <span class='ocrx_word' id='word_1_11' title='bbox 353 247 367 274; x_wconf 78' lang='grc' dir='ltr'><strong>ὁ</strong></span> <span class='ocrx_word' id='word_1_12' title='bbox 380 247 466 281; x_wconf 88' lang='grc' dir='ltr'>λέγων</span> <span class='ocrx_word' id='word_1_13' title='bbox 484 255 535 280; x_wconf 89' lang='grc' dir='ltr'>σοι,</span> <span class='ocrx_word' id='word_1_14' title='bbox 547 247 580 274; x_wconf 86' lang='grc' dir='ltr'>σὺ</span> <span class='ocrx_word' id='word_1_15' title='bbox 594 247 628 273; x_wconf 85' lang='grc' dir='ltr'>ἂν</span> <span class='ocrx_word' id='word_1_16' title='bbox 643 247 748 283; x_wconf 73' lang='grc' dir='ltr'>ᾔτησας</span> <span class='ocrx_word' id='word_1_17' title='bbox 761 247 842 291; x_wconf 77' lang='grc' dir='ltr'>αὐτόν</span> <span class='ocrx_word' id='word_1_18' title='bbox 857 256 862 262; x_wconf 93' lang='grc'><strong>·</strong></span> <span class='ocrx_word' id='word_1_19' title='bbox 878 249 930 276; x_wconf 87' lang='grc' dir='ltr'>τίνι</span> 
     </span>
    </p>
   </div>
   <div class='ocr_carea' id='block_1_5' title="bbox 985 245 1765 291">
    <p class='ocr_par' dir='ltr' id='par_1_5' title="bbox 985 249 1765 291">
     <span class='ocr_line' id='line_1_5' title="bbox 985 249 1765 291; baseline 0.01 -16"><span class='ocrx_word' id='word_1_20' title='bbox 985 253 1011 276; x_wconf 91' lang='grc' dir='ltr'>ιιι</span> <span class='ocrx_word' id='word_1_21' title='bbox 1028 249 1144 284; x_wconf 78' lang='lat' dir='ltr'>petisses</span> <span class='ocrx_word' id='word_1_22' title='bbox 1158 250 1243 277; x_wconf 87' lang='lat' dir='ltr'><strong>abeo.</strong></span> <span class='ocrx_word' id='word_1_23' title='bbox 1257 250 1306 278; x_wconf 88' lang='lat' dir='ltr'><strong>Cui</strong></span> <span class='ocrx_word' id='word_1_24' title='bbox 1316 251 1388 279; x_wconf 92' lang='lat' dir='ltr'><strong>enim</strong></span> <span class='ocrx_word' id='word_1_25' title='bbox 1404 253 1533 284; x_wconf 75' lang='lat' dir='ltr'><strong>convenit</strong></span> <span class='ocrx_word' id='word_1_26' title='bbox 1546 260 1577 281; x_wconf 90' lang='lat' dir='ltr'>ea</span> <span class='ocrx_word' id='word_1_27' title='bbox 1592 253 1684 290; x_wconf 82' lang='lat' dir='ltr'><strong>largiri</strong></span> <span class='ocrx_word' id='word_1_28' title='bbox 1703 264 1765 291; x_wconf 60' lang='lat' dir='ltr'><strong>quae</strong></span> 
     </span>
    </p>
   </div>
   <div class='ocr_carea' id='block_1_6' title="bbox 139 286 929 329">
    <p class='ocr_par' dir='ltr' id='par_1_6' title="bbox 139 286 929 329">
     <span class='ocr_line' id='line_1_6' title="bbox 139 286 929 329; baseline -0.003 -7"><span class='ocrx_word' id='word_1_29' title='bbox 139 295 161 322; x_wconf 83' lang='grc' dir='ltr'>δ’</span> <span class='ocrx_word' id='word_1_30' title='bbox 180 295 212 322; x_wconf 84' lang='grc' dir='ltr'>ἂν</span> <span class='ocrx_word' id='word_1_31' title='bbox 236 294 284 320; x_wconf 76' lang='grc' dir='ltr'>καὶ</span> <span class='ocrx_word' id='word_1_32' title='bbox 311 293 410 329; x_wconf 81' lang='grc' dir='ltr'>πρέποι</span> <span class='ocrx_word' id='word_1_33' title='bbox 431 292 461 319; x_wconf 68' lang='grc' dir='ltr'>τὸ</span> <span class='ocrx_word' id='word_1_34' title='bbox 484 292 643 328; x_wconf 76' lang='grc' dir='ltr'>χαρίζεσθαι</span> <span class='ocrx_word' id='word_1_35' title='bbox 668 293 703 319; x_wconf 81' lang='grc' dir='ltr'>τὰ.</span> <span class='ocrx_word' id='word_1_36' title='bbox 717 286 867 326; x_wconf 82' lang='grc' dir='ltr'>τοῦ’Θεοῦ;</span> <span class='ocrx_word' id='word_1_37' title='bbox 882 293 929 328; x_wconf 87' lang='grc' dir='ltr'>Μὴ</span> 
     </span>
    </p>
   </div>
   <div class='ocr_carea' id='block_1_7' title="bbox 139 338 930 377">
    <p class='ocr_par' dir='ltr' id='par_1_7' title="bbox 139 338 930 377">
     <span class='ocr_line' id='line_1_7' title="bbox 139 338 930 377; baseline -0.004 -8"><span class='ocrx_word' id='word_1_38' title='bbox 139 341 200 377; x_wconf 72' lang='grc' dir='ltr'>οὐχὶ</span> <span class='ocrx_word' id='word_1_39' title='bbox 211 340 284 368; x_wconf 83' lang='grc' dir='ltr'>κατὰ</span> <span class='ocrx_word' id='word_1_40' title='bbox 303 339 383 374; x_wconf 80' lang='grc' dir='ltr'>φύσιν</span> <span class='ocrx_word' id='word_1_41' title='bbox 399 338 524 374; x_wconf 80' lang='grc' dir='ltr'>ὅντιΘεῷ</span> <span class='ocrx_word' id='word_1_42' title='bbox 538 347 545 371; x_wconf 88' lang='lat'><strong>;</strong></span> <span class='ocrx_word' id='word_1_43' title='bbox 564 339 656 374; x_wconf 85' lang='grc' dir='ltr'>’Ὺδωρ</span> <span class='ocrx_word' id='word_1_44' title='bbox 679 339 707 366; x_wconf 74' lang='grc' dir='ltr'>δὲ</span> <span class='ocrx_word' id='word_1_45' title='bbox 720 338 774 371; x_wconf 84' lang='grc' dir='ltr'>ζῶν</span> <span class='ocrx_word' id='word_1_46' title='bbox 796 339 930 366; x_wconf 84' lang='grc' dir='ltr'>ἀποκαλεῖ</span> 
     </span>
    </p>
   </div>
   <div class='ocr_carea' id='block_1_8' title="bbox 139 381 929 420">
    <p class='ocr_par' dir='ltr' id='par_1_8' title="bbox 139 381 929 420">
     <span class='ocr_line' id='line_1_8' title="bbox 139 381 929 420; baseline -0.001 -8"><span class='ocrx_word' id='word_1_47' title='bbox 139 385 190 420; x_wconf 82' lang='grc' dir='ltr'>τὴν</span> <span class='ocrx_word' id='word_1_48' title='bbox 204 383 337 417; x_wconf 80' lang='grc' dir='ltr'>ζωοποιὺν</span> <span class='ocrx_word' id='word_1_49' title='bbox 350 382 396 409; x_wconf 85' lang='grc' dir='ltr'>τοῦ</span> <span class='ocrx_word' id='word_1_50' title='bbox 409 382 565 417; x_wconf 86' lang='grc' dir='ltr'>Πνεύματος</span> <span class='ocrx_word' id='word_1_51' title='bbox 578 383 663 417; x_wconf 88' lang='grc' dir='ltr'>δόσιν,</span> <span class='ocrx_word' id='word_1_52' title='bbox 676 383 712 410; x_wconf 89' lang='grc' dir='ltr'>δι’</span> <span class='ocrx_word' id='word_1_53' title='bbox 733 381 768 419; x_wconf 82' lang='grc' dir='ltr'>ἦς</span> <span class='ocrx_word' id='word_1_54' title='bbox 782 384 829 410; x_wconf 76' lang='grc' dir='ltr'>καὶ</span> <span class='ocrx_word' id='word_1_55' title='bbox 846 384 929 420; x_wconf 87' lang='grc' dir='ltr'>μόνης</span> 
     </span>
    </p>
   </div>
   <div class='ocr_carea' id='block_1_9' title="bbox 141 424 931 466">
    <p class='ocr_par' dir='ltr' id='par_1_9' title="bbox 141 424 931 466">
     <span class='ocr_line' id='line_1_9' title="bbox 141 424 931 466; baseline -0.001 -9"><span class='ocrx_word' id='word_1_56' title='bbox 141 432 156 466; x_wconf 73' lang='grc' dir='ltr'>ὴ</span> <span class='ocrx_word' id='word_1_57' title='bbox 172 428 363 465; x_wconf 86' lang='grc' dir='ltr'>ἀνθρωπότης,</span> <span class='ocrx_word' id='word_1_58' title='bbox 382 428 470 454; x_wconf 83' lang='grc' dir='ltr'>καίτοι</span> <span class='ocrx_word' id='word_1_59' title='bbox 480 429 537 459; x_wconf 84' lang='grc' dir='ltr'>τοῖς</span> <span class='ocrx_word' id='word_1_60' title='bbox 547 428 575 454; x_wconf 79' lang='grc' dir='ltr'>ὲν</span> <span class='ocrx_word' id='word_1_61' title='bbox 588 424 664 464; x_wconf 72' lang='grc' dir='ltr'>ὄρεσι</span> <span class='ocrx_word' id='word_1_62' title='bbox 681 428 813 464; x_wconf 79' lang='grc' dir='ltr'>πρέμνοις</span> <span class='ocrx_word' id='word_1_63' title='bbox 826 429 931 456; x_wconf 87' lang='grc' dir='ltr'>ἀναινο-</span> 
     </span>
    </p>
   </div>
   <div class='ocr_carea' id='block_1_10' title="bbox 142 473 930 512">
    <p class='ocr_par' dir='ltr' id='par_1_10' title="bbox 142 473 930 512">
     <span class='ocr_line' id='line_1_10' title="bbox 142 473 930 512; baseline -0.001 -9"><span class='ocrx_word' id='word_1_64' title='bbox 142 476 210 512; x_wconf 89' lang='grc' dir='ltr'>μένη</span> <span class='ocrx_word' id='word_1_65' title='bbox 227 474 438 511; x_wconf 77' lang='grc' dir='ltr'>παραπλησίως,</span> <span class='ocrx_word' id='word_1_66' title='bbox 452 473 522 510; x_wconf 81' lang='grc' dir='ltr'>ξηρά</span> <span class='ocrx_word' id='word_1_67' title='bbox 534 483 564 500; x_wconf 84' lang='grc' dir='ltr'>τε</span> <span class='ocrx_word' id='word_1_68' title='bbox 576 474 638 509; x_wconf 79' lang='grc' dir='ltr'>ἤδη,</span> <span class='ocrx_word' id='word_1_69' title='bbox 655 475 702 501; x_wconf 73' lang='grc' dir='ltr'>καὶ</span> <span class='ocrx_word' id='word_1_70' title='bbox 723 475 813 511; x_wconf 78' lang='grc' dir='ltr'>πάσης</span> <span class='ocrx_word' id='word_1_71' title='bbox 834 475 930 509; x_wconf 80' lang='grc' dir='ltr'>ἄγονος</span> 
     </span>
    </p>
   </div>
   <div class='ocr_carea' id='block_1_11' title="bbox 141 519 932 558">
    <p class='ocr_par' dir='ltr' id='par_1_11' title="bbox 141 519 932 558">
     <span class='ocr_line' id='line_1_11' title="bbox 141 519 932 558; baseline -0.003 -9"><span class='ocrx_word' id='word_1_72' title='bbox 141 523 241 558; x_wconf 84' lang='grc' dir='ltr'>ἀρετῆς</span> <span class='ocrx_word' id='word_1_73' title='bbox 277 522 337 552; x_wconf 85' lang='grc' dir='ltr'>ταῖς</span> <span class='ocrx_word' id='word_1_74' title='bbox 368 519 415 546; x_wconf 82' lang='grc' dir='ltr'>τοῦ</span> <span class='ocrx_word' id='word_1_75' title='bbox 438 519 560 546; x_wconf 76' lang='grc' dir='ltr'>διαϐόλου</span> <span class='ocrx_word' id='word_1_76' title='bbox 578 521 755 555; x_wconf 82' lang='grc' dir='ltr'>κακουργίαις</span> <span class='ocrx_word' id='word_1_77' title='bbox 783 521 932 555; x_wconf 83' lang='grc' dir='ltr'>ἀναδεδειγ-</span> 
     </span>
    </p>
   </div>
   <div class='ocr_carea' id='block_1_12' title="bbox 142 565 931 604">
    <p class='ocr_par' dir='ltr' id='par_1_12' title="bbox 142 565 931 604">
     <span class='ocr_line' id='line_1_12' title="bbox 142 565 931 604; baseline -0.001 -10"><span class='ocrx_word' id='word_1_78' title='bbox 142 568 223 604; x_wconf 82' lang='grc' dir='ltr'>μένη.</span> <span class='ocrx_word' id='word_1_79' title='bbox 239 566 308 603; x_wconf 82' lang='grc' dir='ltr'>πρὸς</span> <span class='ocrx_word' id='word_1_80' title='bbox 324 566 354 593; x_wconf 72' lang='grc' dir='ltr'>τὸ</span> <span class='ocrx_word' id='word_1_81' title='bbox 368 566 481 602; x_wconf 89' lang='grc' dir='ltr'>ἀρχαῖον</span> <span class='ocrx_word' id='word_1_82' title='bbox 497 565 640 601; x_wconf 76' lang='grc' dir='ltr'>ἀνατρέχει</span> <span class='ocrx_word' id='word_1_83' title='bbox 666 566 714 601; x_wconf 82' lang='grc' dir='ltr'>τῆς</span> <span class='ocrx_word' id='word_1_84' title='bbox 735 565 843 600; x_wconf 87' lang='grc' dir='ltr'>φύσεως</span> <span class='ocrx_word' id='word_1_85' title='bbox 867 566 931 593; x_wconf 88' lang='grc' dir='ltr'>κάλ-</span> 
     </span>
    </p>
   </div>
   <div class='ocr_carea' id='block_1_13' title="bbox 141 609 931 646">
    <p class='ocr_par' dir='ltr' id='par_1_13' title="bbox 141 609 931 646">
     <span class='ocr_line' id='line_1_13' title="bbox 141 609 931 646; baseline -0.003 -7"><span class='ocrx_word' id='word_1_86' title='bbox 141 612 195 644; x_wconf 87' lang='grc' dir='ltr'>λος,</span> <span class='ocrx_word' id='word_1_87' title='bbox 212 612 260 638; x_wconf 79' lang='grc' dir='ltr'>καὶ</span> <span class='ocrx_word' id='word_1_88' title='bbox 284 610 332 646; x_wconf 82' lang='grc' dir='ltr'>τὴν</span> <span class='ocrx_word' id='word_1_89' title='bbox 356 609 489 642; x_wconf 82' lang='grc' dir='ltr'>ζωοποιὺν</span> <span class='ocrx_word' id='word_1_90' title='bbox 513 609 662 636; x_wconf 69' lang='grc' dir='ltr'>ἐκτείνουσα</span> <span class='ocrx_word' id='word_1_91' title='bbox 689 610 779 646; x_wconf 83' lang='grc' dir='ltr'>χάριν,</span> <span class='ocrx_word' id='word_1_92' title='bbox 798 610 931 646; x_wconf 88' lang='grc' dir='ltr'>πολυτρό-</span> 
     </span>
    </p>
   </div>
   <div class='ocr_carea' id='block_1_14' title="bbox 141 655 931 691">
    <p class='ocr_par' dir='ltr' id='par_1_14' title="bbox 141 655 931 691">
     <span class='ocr_line' id='line_1_14' title="bbox 141 655 931 691; baseline -0.003 -7"><span class='ocrx_word' id='word_1_93' title='bbox 141 666 203 689; x_wconf 85' lang='grc' dir='ltr'>ποις</span> <span class='ocrx_word' id='word_1_94' title='bbox 231 656 340 691; x_wconf 81' lang='grc' dir='ltr'>ἀγαθῶν</span> <span class='ocrx_word' id='word_1_95' title='bbox 371 656 454 688; x_wconf 83' lang='grc' dir='ltr'>ίδέαις</span> <span class='ocrx_word' id='word_1_96' title='bbox 479 655 700 690; x_wconf 80' lang='grc' dir='ltr'>περιανθὶζεται,</span> <span class='ocrx_word' id='word_1_97' title='bbox 733 656 781 683; x_wconf 79' lang='grc' dir='ltr'>καὶ</span> <span class='ocrx_word' id='word_1_98' title='bbox 812 658 853 688; x_wconf 81' lang='grc' dir='ltr'>είς</span> <span class='ocrx_word' id='word_1_99' title='bbox 875 655 931 689; x_wconf 74' lang='grc' dir='ltr'>ἕξιν</span> 
     </span>
    </p>
   </div>
   <div class='ocr_carea' id='block_1_15' title="bbox 142 702 931 738">
    <p class='ocr_par' dir='ltr' id='par_1_15' title="bbox 142 702 931 738">
     <span class='ocr_line' id='line_1_15' title="bbox 142 702 931 738; baseline -0.001 -8"><span class='ocrx_word' id='word_1_100' title='bbox 142 703 340 731; x_wconf 75' lang='grc' dir='ltr'>ἀναϐλαστῶσα</span> <span class='ocrx_word' id='word_1_101' title='bbox 351 703 400 738; x_wconf 81' lang='grc' dir='ltr'>τὴν</span> <span class='ocrx_word' id='word_1_102' title='bbox 416 702 571 738; x_wconf 84' lang='grc' dir='ltr'>φιλάρετον,</span> <span class='ocrx_word' id='word_1_103' title='bbox 583 703 817 738; x_wconf 82' lang='grc' dir='ltr'>εὐτραφεστάτους</span> <span class='ocrx_word' id='word_1_104' title='bbox 828 703 878 738; x_wconf 81' lang='grc' dir='ltr'>τῆς</span> <span class='ocrx_word' id='word_1_105' title='bbox 892 704 931 736; x_wconf 82' lang='grc' dir='ltr'>είς</span> 
     </span>
    </p>
   </div>
   <div class='ocr_carea' id='block_1_16' title="bbox 142 748 931 784">
    <p class='ocr_par' dir='ltr' id='par_1_16' title="bbox 142 748 931 784">
     <span class='ocr_line' id='line_1_16' title="bbox 142 748 931 784; baseline -0.001 -8"><span class='ocrx_word' id='word_1_106' title='bbox 142 749 209 776; x_wconf 76' lang='grc' dir='ltr'>Θεὸν</span> <span class='ocrx_word' id='word_1_107' title='bbox 228 749 339 784; x_wconf 78' lang='grc' dir='ltr'>ἀγάπης</span> <span class='ocrx_word' id='word_1_108' title='bbox 347 748 438 784; x_wconf 79' lang='grc' dir='ltr'>ἀνίησι</span> <span class='ocrx_word' id='word_1_109' title='bbox 454 748 569 779; x_wconf 82' lang='grc' dir='ltr'>κλῶνας.</span> <span class='ocrx_word' id='word_1_110' title='bbox 587 748 714 774; x_wconf 83' lang='grc' dir='ltr'>Τοιοῦτον</span> <span class='ocrx_word' id='word_1_111' title='bbox 730 749 758 774; x_wconf 88' lang='grc' dir='ltr'>δέ</span> <span class='ocrx_word' id='word_1_112' title='bbox 775 757 811 782; x_wconf 89' lang='grc' dir='ltr'>τι,</span> <span class='ocrx_word' id='word_1_113' title='bbox 827 750 875 776; x_wconf 71' lang='grc' dir='ltr'>καὶ</span> <span class='ocrx_word' id='word_1_114' title='bbox 888 749 931 776; x_wconf 83' lang='grc' dir='ltr'>διὰ</span> 
     </span>
    </p>
   </div>
   <div class='ocr_carea' id='block_1_17' title="bbox 142 793 930 830">
    <p class='ocr_par' dir='ltr' id='par_1_17' title="bbox 142 793 930 830">
     <span class='ocr_line' id='line_1_17' title="bbox 142 793 930 830; baseline 0 -10"><span class='ocrx_word' id='word_1_115' title='bbox 142 794 189 821; x_wconf 77' lang='grc' dir='ltr'>τοῦ</span> <span class='ocrx_word' id='word_1_116' title='bbox 220 795 360 830; x_wconf 75' lang='grc' dir='ltr'>προφήτου</span> <span class='ocrx_word' id='word_1_117' title='bbox 389 794 471 829; x_wconf 69' lang='grc' dir='ltr'>φησιν</span> <span class='ocrx_word' id='word_1_118' title='bbox 495 793 604 820; x_wconf 82' lang='grc' dir='ltr'>Ἡσαΐου</span> <span class='ocrx_word' id='word_1_119' title='bbox 630 794 698 829; x_wconf 71' lang='grc' dir='ltr'>πρὸς</span> <span class='ocrx_word' id='word_1_120' title='bbox 723 795 798 829; x_wconf 81' lang='grc' dir='ltr'>ἡμᾶς</span> <span class='ocrx_word' id='word_1_121' title='bbox 818 795 832 820; x_wconf 84' lang='grc' dir='ltr'>ὁ</span> <span class='ocrx_word' id='word_1_122' title='bbox 854 794 930 826; x_wconf 72' lang='grc' dir='ltr'>Θεόςσ</span> 
     </span>
    </p>
   </div>
   <div class='ocr_carea' id='block_1_18' title="bbox 145 838 932 875">
    <p class='ocr_par' dir='ltr' id='par_1_18' title="bbox 145 838 932 875">
     <span class='ocr_line' id='line_1_18' title="bbox 145 838 932 875; baseline 0 -9"><span class='ocrx_word' id='word_1_123' title='bbox 145 849 155 866; x_wconf 77' lang='grc' dir='ltr'>ι</span> <span class='ocrx_word' id='word_1_124' title='bbox 172 839 322 875; x_wconf 82' lang='grc' dir='ltr'>Εὑλογήσει</span> <span class='ocrx_word' id='word_1_125' title='bbox 340 847 374 874; x_wconf 90' lang='grc' dir='ltr'>με</span> <span class='ocrx_word' id='word_1_126' title='bbox 388 838 420 865; x_wconf 80' lang='grc' dir='ltr'>τὰ</span> <span class='ocrx_word' id='word_1_127' title='bbox 435 838 517 874; x_wconf 83' lang='grc' dir='ltr'>θηρία</span> <span class='ocrx_word' id='word_1_128' title='bbox 536 839 582 865; x_wconf 80' lang='grc' dir='ltr'>τοῦ</span> <span class='ocrx_word' id='word_1_129' title='bbox 601 838 698 874; x_wconf 75' lang='grc' dir='ltr'>ἀγροῦ,</span> <span class='ocrx_word' id='word_1_130' title='bbox 726 839 862 875; x_wconf 83' lang='grc' dir='ltr'>σειρῆνες,</span> <span class='ocrx_word' id='word_1_131' title='bbox 883 840 932 867; x_wconf 73' lang='grc' dir='ltr'>καὶ</span> 
     </span>
    </p>
   </div>
   <div class='ocr_carea' id='block_1_19' title="bbox 143 884 930 921">
    <p class='ocr_par' dir='ltr' id='par_1_19' title="bbox 143 884 930 921">
     <span class='ocr_line' id='line_1_19' title="bbox 143 884 930 921; baseline 0 -9"><span class='ocrx_word' id='word_1_132' title='bbox 143 885 295 920; x_wconf 78' lang='grc' dir='ltr'>Θυγατέρες</span> <span class='ocrx_word' id='word_1_133' title='bbox 313 884 461 920; x_wconf 85' lang='grc' dir='ltr'>στρουθῶν,</span> <span class='ocrx_word' id='word_1_134' title='bbox 475 885 516 911; x_wconf 80' lang='grc' dir='ltr'>ὅτι</span> <span class='ocrx_word' id='word_1_135' title='bbox 536 884 624 911; x_wconf 75' lang='grc' dir='ltr'>ἔδωκα</span> <span class='ocrx_word' id='word_1_136' title='bbox 643 885 673 912; x_wconf 85' lang='grc' dir='ltr'>ἐν</span> <span class='ocrx_word' id='word_1_137' title='bbox 691 886 723 921; x_wconf 87' lang='grc' dir='ltr'>τῇ</span> <span class='ocrx_word' id='word_1_138' title='bbox 740 886 836 921; x_wconf 87' lang='grc' dir='ltr'>ὲρήμῳ</span> <span class='ocrx_word' id='word_1_139' title='bbox 848 885 930 920; x_wconf 79' lang='grc' dir='ltr'>ὕδωρ,</span> 
     </span>
    </p>
   </div>
   <div class='ocr_carea' id='block_1_20' title="bbox 981 293 1764 331">
    <p class='ocr_par' dir='ltr' id='par_1_20' title="bbox 981 293 1764 331">
     <span class='ocr_line' id='line_1_20' title="bbox 981 293 1764 331; baseline 0.009 -10"><span class='ocrx_word' id='word_1_140' title='bbox 981 293 1030 321; x_wconf 86' lang='lat' dir='ltr'>Dei</span> <span class='ocrx_word' id='word_1_141' title='bbox 1046 295 1130 322; x_wconf 80' lang='lat' dir='ltr'><strong>sunt?</strong></span> <span class='ocrx_word' id='word_1_142' title='bbox 1144 295 1185 322; x_wconf 89' lang='lat' dir='ltr'><strong>An</strong></span> <span class='ocrx_word' id='word_1_143' title='bbox 1203 303 1258 323; x_wconf 92' lang='lat' dir='ltr'><strong>non</strong></span> <span class='ocrx_word' id='word_1_144' title='bbox 1273 297 1297 323; x_wconf 91' lang='lat' dir='ltr'><strong>ei</strong></span> <span class='ocrx_word' id='word_1_145' title='bbox 1314 297 1360 331; x_wconf 87' lang='lat' dir='ltr'><strong>qui</strong></span> <span class='ocrx_word' id='word_1_146' title='bbox 1381 299 1530 326; x_wconf 86' lang='lat' dir='ltr'><strong>secundum</strong></span> <span class='ocrx_word' id='word_1_147' title='bbox 1546 304 1672 327; x_wconf 86' lang='lat' dir='ltr'><strong>naturam</strong></span> <span class='ocrx_word' id='word_1_148' title='bbox 1691 300 1764 328; x_wconf 88' lang='lat' dir='ltr'><strong>Deus</strong></span> 
     </span>
    </p>
   </div>
   <div class='ocr_carea' id='block_1_21' title="bbox 981 340 1764 378">
    <p class='ocr_par' dir='ltr' id='par_1_21' title="bbox 981 340 1764 378">
     <span class='ocr_line' id='line_1_21' title="bbox 981 340 1764 378; baseline 0.009 -11"><span class='ocrx_word' id='word_1_149' title='bbox 981 340 1042 368; x_wconf 78' lang='lat' dir='ltr'><strong>est?</strong></span> <span class='ocrx_word' id='word_1_150' title='bbox 1057 340 1161 375; x_wconf 80' lang='lat' dir='ltr'><strong>Aquam</strong></span> <span class='ocrx_word' id='word_1_151' title='bbox 1184 344 1274 368; x_wconf 87' lang='lat' dir='ltr'><strong>autem</strong></span> <span class='ocrx_word' id='word_1_152' title='bbox 1290 342 1377 369; x_wconf 85' lang='lat' dir='ltr'><strong>vivam</strong></span> <span class='ocrx_word' id='word_1_153' title='bbox 1394 344 1512 378; x_wconf 84' lang='lat' dir='ltr'><strong>appellat</strong></span> <span class='ocrx_word' id='word_1_154' title='bbox 1537 345 1674 373; x_wconf 84' lang='lat' dir='ltr'><strong>viviﬁcum</strong></span> <span class='ocrx_word' id='word_1_155' title='bbox 1697 346 1764 374; x_wconf 86' lang='lat' dir='ltr'><strong>illud</strong></span> 
     </span>
    </p>
   </div>
   <div class='ocr_carea' id='block_1_22' title="bbox 983 386 1765 428">
    <p class='ocr_par' dir='ltr' id='par_1_22' title="bbox 983 386 1765 428">
     <span class='ocr_line' id='line_1_22' title="bbox 983 386 1765 428; baseline 0.01 -16"><span class='ocrx_word' id='word_1_156' title='bbox 983 386 1104 421; x_wconf 83' lang='lat' dir='ltr'>Spiritus</span> <span class='ocrx_word' id='word_1_157' title='bbox 1115 387 1228 420; x_wconf 91' lang='lat' dir='ltr'>donum,</span> <span class='ocrx_word' id='word_1_158' title='bbox 1241 395 1289 423; x_wconf 89' lang='lat' dir='ltr'><strong>per</strong></span> <span class='ocrx_word' id='word_1_159' title='bbox 1304 388 1377 423; x_wconf 86' lang='lat' dir='ltr'><strong>quod</strong></span> <span class='ocrx_word' id='word_1_160' title='bbox 1392 390 1480 417; x_wconf 87' lang='lat' dir='ltr'><strong>solum</strong></span> <span class='ocrx_word' id='word_1_161' title='bbox 1496 391 1652 420; x_wconf 85' lang='lat' dir='ltr'><strong>humanitas</strong></span> <span class='ocrx_word' id='word_1_162' title='bbox 1668 400 1765 428; x_wconf 85' lang='lat' dir='ltr'><strong>quam-</strong></span> 
     </span>
    </p>
   </div>
   <div class='ocr_carea' id='block_1_23' title="bbox 981 432 1766 470">
    <p class='ocr_par' dir='ltr' id='par_1_23' title="bbox 981 432 1766 470">
     <span class='ocr_line' id='line_1_23' title="bbox 981 432 1766 470; baseline 0.01 -11"><span class='ocrx_word' id='word_1_163' title='bbox 981 432 1024 460; x_wconf 92' lang='lat' dir='ltr'><strong>vis</strong></span> <span class='ocrx_word' id='word_1_164' title='bbox 1044 432 1157 468; x_wconf 83' lang='lat' dir='ltr'>perinde</span> <span class='ocrx_word' id='word_1_165' title='bbox 1182 440 1214 460; x_wconf 85' lang='lat' dir='ltr'><strong>ac</strong></span> <span class='ocrx_word' id='word_1_166' title='bbox 1239 435 1361 462; x_wconf 89' lang='lat' dir='ltr'><strong>montani</strong></span> <span class='ocrx_word' id='word_1_167' title='bbox 1379 435 1487 469; x_wconf 88' lang='lat' dir='ltr'><strong>stipites</strong></span> <span class='ocrx_word' id='word_1_168' title='bbox 1506 444 1621 470; x_wconf 87' lang='lat' dir='ltr'><strong>prorsus</strong></span> <span class='ocrx_word' id='word_1_169' title='bbox 1645 439 1766 466; x_wconf 76' lang='lat' dir='ltr'><strong>arefacta</strong></span> 
     </span>
    </p>
   </div>
   <div class='ocr_carea' id='block_1_24' title="bbox 981 476 1766 514">
    <p class='ocr_par' dir='ltr' id='par_1_24' title="bbox 981 476 1766 514">
     <span class='ocr_line' id='line_1_24' title="bbox 981 476 1766 514; baseline 0.011 -11"><span class='ocrx_word' id='word_1_170' title='bbox 981 482 1008 504; x_wconf 88' lang='lat' dir='ltr'><strong>et</strong></span> <span class='ocrx_word' id='word_1_171' title='bbox 1019 478 1108 505; x_wconf 89' lang='lat' dir='ltr'><strong>omnis</strong></span> <span class='ocrx_word' id='word_1_172' title='bbox 1125 476 1230 506; x_wconf 81' lang='lat' dir='ltr'><strong>fructus</strong></span> <span class='ocrx_word' id='word_1_173' title='bbox 1254 486 1352 514; x_wconf 76' lang='lat' dir='ltr'><strong>expers</strong></span> <span class='ocrx_word' id='word_1_174' title='bbox 1373 478 1475 508; x_wconf 89' lang='lat' dir='ltr'><strong>diaboli</strong></span> <span class='ocrx_word' id='word_1_175' title='bbox 1493 481 1590 510; x_wconf 78' lang='lat' dir='ltr'><strong>fraude</strong></span> <span class='ocrx_word' id='word_1_176' title='bbox 1611 484 1717 511; x_wconf 87' lang='lat' dir='ltr'><strong>reddita</strong></span> <span class='ocrx_word' id='word_1_177' title='bbox 1732 485 1766 512; x_wconf 86' lang='lat' dir='ltr'>ad</span> 
     </span>
    </p>
   </div>
   <div class='ocr_carea' id='block_1_25' title="bbox 982 526 1767 562">
    <p class='ocr_par' dir='ltr' id='par_1_25' title="bbox 982 526 1767 562">
     <span class='ocr_line' id='line_1_25' title="bbox 982 526 1767 562; baseline 0.009 -12"><span class='ocrx_word' id='word_1_178' title='bbox 982 527 1102 552; x_wconf 89' lang='lat' dir='ltr'><strong>veterem</strong></span> <span class='ocrx_word' id='word_1_179' title='bbox 1118 528 1224 552; x_wconf 68' lang='lat' dir='ltr'><strong>natura:</strong></span> <span class='ocrx_word' id='word_1_180' title='bbox 1240 526 1472 560; x_wconf 85' lang='lat' dir='ltr'><strong>pulchritudinem</strong></span> <span class='ocrx_word' id='word_1_181' title='bbox 1490 533 1645 562; x_wconf 75' lang='lat' dir='ltr'><strong>revocatur,</strong></span> <span class='ocrx_word' id='word_1_182' title='bbox 1658 535 1684 557; x_wconf 91' lang='lat' dir='ltr'>et</span> <span class='ocrx_word' id='word_1_183' title='bbox 1699 531 1767 557; x_wconf 90' lang='lat' dir='ltr'><strong>vivi-</strong></span> 
     </span>
    </p>
   </div>
   <div class='ocr_carea' id='block_1_26' title="bbox 983 568 1772 609">
    <p class='ocr_par' dir='ltr' id='par_1_26' title="bbox 983 568 1772 609">
     <span class='ocr_line' id='line_1_26' title="bbox 983 568 1772 609; baseline 0.01 -14"><span class='ocrx_word' id='word_1_184' title='bbox 983 568 1061 596; x_wconf 87' lang='lat' dir='ltr'><strong>ﬁcam</strong></span> <span class='ocrx_word' id='word_1_185' title='bbox 1086 570 1203 609; x_wconf 77' lang='lat' dir='ltr'><strong>gratiam</strong></span> <span class='ocrx_word' id='word_1_186' title='bbox 1224 571 1337 599; x_wconf 88' lang='lat' dir='ltr'><strong>ebibens</strong></span> <span class='ocrx_word' id='word_1_187' title='bbox 1359 572 1444 600; x_wconf 87' lang='lat' dir='ltr'><strong>variis</strong></span> <span class='ocrx_word' id='word_1_188' title='bbox 1466 572 1598 600; x_wconf 88' lang='lat' dir='ltr'><strong>bonorum</strong></span> <span class='ocrx_word' id='word_1_189' title='bbox 1619 577 1772 609; x_wconf 80' lang='lat' dir='ltr'><strong>generibus.</strong></span> 
     </span>
    </p>
   </div>
   <div class='ocr_carea' id='block_1_27' title="bbox 982 605 1769 654">
    <p class='ocr_par' dir='ltr' id='par_1_27' title="bbox 982 605 1769 654">
     <span class='ocr_line' id='line_1_27' title="bbox 982 605 1769 654; baseline 0.01 -13"><span class='ocrx_word' id='word_1_190' title='bbox 982 615 1138 649; x_wconf 85' lang='lat' dir='ltr'><strong>redimitur,</strong></span> <span class='ocrx_word' id='word_1_191' title='bbox 1150 605 1177 643; x_wconf 43' lang='lat' dir='ltr'><strong>e‘t</strong></span> <span class='ocrx_word' id='word_1_192' title='bbox 1194 616 1227 644; x_wconf 89' lang='lat' dir='ltr'><strong>ad</strong></span> <span class='ocrx_word' id='word_1_193' title='bbox 1240 617 1350 645; x_wconf 84' lang='lat' dir='ltr'><strong>virtutis</strong></span> <span class='ocrx_word' id='word_1_194' title='bbox 1365 618 1486 646; x_wconf 83' lang='lat' dir='ltr'><strong>studium</strong></span> <span class='ocrx_word' id='word_1_195' title='bbox 1500 605 1670 654; x_wconf 70' lang='lat' dir='ltr'><strong>repullulans</strong></span> <span class='ocrx_word' id='word_1_196' title='bbox 1688 622 1769 649; x_wconf 84' lang='lat' dir='ltr'><strong>uber-</strong></span> 
     </span>
    </p>
   </div>
   <div class='ocr_carea' id='block_1_28' title="bbox 982 661 1769 701">
    <p class='ocr_par' dir='ltr' id='par_1_28' title="bbox 982 661 1769 701">
     <span class='ocr_line' id='line_1_28' title="bbox 982 661 1769 701; baseline 0.008 -14"><span class='ocrx_word' id='word_1_197' title='bbox 982 661 1069 688; x_wconf 85' lang='lat' dir='ltr'><strong>rimos</strong></span> <span class='ocrx_word' id='word_1_198' title='bbox 1084 661 1239 690; x_wconf 82' lang='lat' dir='ltr'>dilectionis</span> <span class='ocrx_word' id='word_1_199' title='bbox 1255 661 1302 690; x_wconf 88' lang='lat' dir='ltr'>Dei</span> <span class='ocrx_word' id='word_1_200' title='bbox 1327 671 1419 691; x_wconf 88' lang='lat' dir='ltr'><strong>ramos</strong></span> <span class='ocrx_word' id='word_1_201' title='bbox 1434 664 1499 691; x_wconf 81' lang='lat' dir='ltr'><strong>edit.</strong></span> <span class='ocrx_word' id='word_1_202' title='bbox 1516 664 1582 692; x_wconf 85' lang='lat' dir='ltr'><strong>Tale</strong></span> <span class='ocrx_word' id='word_1_203' title='bbox 1608 673 1672 692; x_wconf 79' lang='lat' dir='ltr'><strong>vero</strong></span> <span class='ocrx_word' id='word_1_204' title='bbox 1688 666 1769 701; x_wconf 87' lang='lat' dir='ltr'><strong>quid-</strong></span> 
     </span>
    </p>
   </div>
   <div class='ocr_carea' id='block_1_29' title="bbox 983 705 1767 745">
    <p class='ocr_par' dir='ltr' id='par_1_29' title="bbox 983 705 1767 745">
     <span class='ocr_line' id='line_1_29' title="bbox 983 705 1767 745; baseline 0.005 -13"><span class='ocrx_word' id='word_1_205' title='bbox 983 705 1044 732; x_wconf 88' lang='lat' dir='ltr'><strong>dam</strong></span> <span class='ocrx_word' id='word_1_206' title='bbox 1071 706 1151 734; x_wconf 89' lang='lat' dir='ltr'><strong>nobis</strong></span> <span class='ocrx_word' id='word_1_207' title='bbox 1175 715 1285 743; x_wconf 89' lang='lat' dir='ltr'><strong>quoque</strong></span> <span class='ocrx_word' id='word_1_208' title='bbox 1310 707 1384 736; x_wconf 83' lang='lat' dir='ltr'><strong>Deus</strong></span> <span class='ocrx_word' id='word_1_209' title='bbox 1407 716 1456 743; x_wconf 92' lang='lat' dir='ltr'><strong>per</strong></span> <span class='ocrx_word' id='word_1_210' title='bbox 1483 709 1581 736; x_wconf 80' lang='lat' dir='ltr'><strong>lsaiam</strong></span> <span class='ocrx_word' id='word_1_211' title='bbox 1608 711 1767 745; x_wconf 86' lang='lat' dir='ltr'><strong>prophetam</strong></span> 
     </span>
    </p>
   </div>
   <div class='ocr_carea' id='block_1_30' title="bbox 983 750 1770 790">
    <p class='ocr_par' dir='ltr' id='par_1_30' title="bbox 983 750 1770 790">
     <span class='ocr_line' id='line_1_30' title="bbox 983 750 1770 790; baseline 0.009 -14"><span class='ocrx_word' id='word_1_212' title='bbox 983 750 1021 776; x_wconf 87' lang='lat' dir='ltr'>ait</span> <span class='ocrx_word' id='word_1_213' title='bbox 1040 759 1046 777; x_wconf 73' lang='grc' dir='ltr'>ε</span> <span class='ocrx_word' id='word_1_214' title='bbox 1069 760 1077 776; x_wconf 86' lang='grc' dir='ltr'>ι</span> <span class='ocrx_word' id='word_1_215' title='bbox 1099 750 1298 779; x_wconf 85' lang='lat' dir='ltr'><strong>Glorilicabunt</strong></span> <span class='ocrx_word' id='word_1_216' title='bbox 1326 760 1369 780; x_wconf 91' lang='lat' dir='ltr'>me</span> <span class='ocrx_word' id='word_1_217' title='bbox 1387 754 1484 781; x_wconf 69' lang='lat' dir='ltr'><strong>bestia:</strong></span> <span class='ocrx_word' id='word_1_218' title='bbox 1507 754 1575 790; x_wconf 82' lang='lat' dir='ltr'><strong>agri,</strong></span> <span class='ocrx_word' id='word_1_219' title='bbox 1602 755 1719 788; x_wconf 78' lang='lat' dir='ltr'><strong>Sirenes,</strong></span> <span class='ocrx_word' id='word_1_220' title='bbox 1742 762 1770 783; x_wconf 85' lang='lat' dir='ltr'><strong>et</strong></span> 
     </span>
    </p>
   </div>
   <div class='ocr_carea' id='block_1_31' title="bbox 983 795 1771 836">
    <p class='ocr_par' dir='ltr' id='par_1_31' title="bbox 983 795 1771 836">
     <span class='ocr_line' id='line_1_31' title="bbox 983 795 1771 836; baseline 0.008 -15"><span class='ocrx_word' id='word_1_221' title='bbox 983 795 1044 822; x_wconf 64' lang='lat' dir='ltr'><strong>ﬁlia:</strong></span> <span class='ocrx_word' id='word_1_222' title='bbox 1060 797 1259 830; x_wconf 84' lang='lat' dir='ltr'><strong>struthionum,</strong></span> <span class='ocrx_word' id='word_1_223' title='bbox 1276 797 1340 833; x_wconf 85' lang='lat' dir='ltr'>quia</span> <span class='ocrx_word' id='word_1_224' title='bbox 1372 798 1433 826; x_wconf 88' lang='lat' dir='ltr'><strong>dedi</strong></span> <span class='ocrx_word' id='word_1_225' title='bbox 1459 799 1486 826; x_wconf 91' lang='lat' dir='ltr'><strong>in</strong></span> <span class='ocrx_word' id='word_1_226' title='bbox 1510 800 1619 828; x_wconf 90' lang='lat' dir='ltr'><strong>deserto</strong></span> <span class='ocrx_word' id='word_1_227' title='bbox 1643 809 1729 836; x_wconf 85' lang='lat' dir='ltr'><strong>aquas</strong></span> <span class='ocrx_word' id='word_1_228' title='bbox 1743 806 1771 828; x_wconf 88' lang='lat' dir='ltr'><strong>et</strong></span> 
     </span>
    </p>
   </div>
   <div class='ocr_carea' id='block_1_32' title="bbox 983 841 1769 881">
    <p class='ocr_par' dir='ltr' id='par_1_32' title="bbox 983 841 1769 881">
     <span class='ocr_line' id='line_1_32' title="bbox 983 841 1769 881; baseline 0.01 -14"><span class='ocrx_word' id='word_1_229' title='bbox 983 841 1095 868; x_wconf 80' lang='lat' dir='ltr'><strong>[lumina</strong></span> <span class='ocrx_word' id='word_1_230' title='bbox 1111 843 1138 869; x_wconf 93' lang='lat' dir='ltr'><strong>in</strong></span> <span class='ocrx_word' id='word_1_231' title='bbox 1153 842 1339 878; x_wconf 85' lang='lat' dir='ltr'><strong>inaquoso,ut</strong></span> <span class='ocrx_word' id='word_1_232' title='bbox 1352 844 1448 872; x_wconf 85' lang='lat' dir='ltr'><strong>bibere</strong></span> <span class='ocrx_word' id='word_1_233' title='bbox 1463 845 1562 873; x_wconf 81' lang='lat' dir='ltr'><strong>faciam</strong></span> <span class='ocrx_word' id='word_1_234' title='bbox 1577 854 1663 881; x_wconf 80' lang='lat' dir='ltr'><strong>genus</strong></span> <span class='ocrx_word' id='word_1_235' title='bbox 1679 855 1769 875; x_wconf 90' lang='lat' dir='ltr'><strong>meum</strong></span> 
     </span>
    </p>
   </div>
   <div class='ocr_carea' id='block_1_33' title="bbox 982 888 1770 927">
    <p class='ocr_par' dir='ltr' id='par_1_33' title="bbox 982 888 1770 927">
     <span class='ocr_line' id='line_1_33' title="bbox 982 888 1770 927; baseline 0.008 -13"><span class='ocrx_word' id='word_1_236' title='bbox 982 888 1117 923; x_wconf 89' lang='lat' dir='ltr'><strong>electum;</strong></span> <span class='ocrx_word' id='word_1_237' title='bbox 1139 889 1270 924; x_wconf 89' lang='lat' dir='ltr'>populum</span> <span class='ocrx_word' id='word_1_238' title='bbox 1288 897 1379 918; x_wconf 90' lang='lat' dir='ltr'><strong>meum</strong></span> <span class='ocrx_word' id='word_1_239' title='bbox 1400 899 1481 926; x_wconf 92' lang='lat' dir='ltr'><strong>quem</strong></span> <span class='ocrx_word' id='word_1_240' title='bbox 1505 893 1650 927; x_wconf 86' lang='lat' dir='ltr'><strong>acquisivi,</strong></span> <span class='ocrx_word' id='word_1_241' title='bbox 1664 897 1693 920; x_wconf 94' lang='lat' dir='ltr'><strong>ut</strong></span> <span class='ocrx_word' id='word_1_242' title='bbox 1711 893 1770 920; x_wconf 85' lang='lat' dir='ltr'><strong>vir-</strong></span> 
     </span>
    </p>
   </div>
   <div class='ocr_carea' id='block_1_34' title="bbox 142 930 934 972">
    <p class='ocr_par' dir='ltr' id='par_1_34' title="bbox 142 930 930 966">
     <span class='ocr_line' id='line_1_34' title="bbox 142 930 930 966; baseline 0.001 -9"><span class='ocrx_word' id='word_1_243' title='bbox 142 932 190 958; x_wconf 68' lang='grc' dir='ltr'>καὶ</span> <span class='ocrx_word' id='word_1_244' title='bbox 207 930 345 966; x_wconf 77' lang='grc' dir='ltr'>ποταμοὺς</span> <span class='ocrx_word' id='word_1_245' title='bbox 360 931 390 957; x_wconf 86' lang='grc' dir='ltr'>ὲν</span> <span class='ocrx_word' id='word_1_246' title='bbox 404 931 436 966; x_wconf 85' lang='grc' dir='ltr'>τῇ</span> <span class='ocrx_word' id='word_1_247' title='bbox 460 930 576 966; x_wconf 80' lang='grc' dir='ltr'>ἀνύδρῳ,</span> <span class='ocrx_word' id='word_1_248' title='bbox 594 930 704 957; x_wconf 84' lang='grc' dir='ltr'>ποτίσαι</span> <span class='ocrx_word' id='word_1_249' title='bbox 728 930 758 957; x_wconf 82' lang='grc' dir='ltr'>τὸ</span> <span class='ocrx_word' id='word_1_250' title='bbox 779 931 857 965; x_wconf 90' lang='grc' dir='ltr'>γένος</span> <span class='ocrx_word' id='word_1_251' title='bbox 881 940 930 966; x_wconf 85' lang='grc' dir='ltr'>μου</span> 
     </span>
    </p>
   </div>
   <div class='ocr_carea' id='block_1_35' title="bbox 985 930 1771 972">
    <p class='ocr_par' dir='ltr' id='par_1_35' title="bbox 985 935 1771 972">
     <span class='ocr_line' id='line_1_35' title="bbox 985 935 1771 972; baseline 0.009 -12"><span class='ocrx_word' id='word_1_252' title='bbox 985 937 1055 962; x_wconf 89' lang='lat' dir='ltr'><strong>tutes</strong></span> <span class='ocrx_word' id='word_1_253' title='bbox 1074 942 1148 962; x_wconf 89' lang='lat' dir='ltr'><strong>meas</strong></span> <span class='ocrx_word' id='word_1_254' title='bbox 1174 939 1268 963; x_wconf 83' lang='lat' dir='ltr'><strong>narret</strong></span> <span class='ocrx_word' id='word_1_255' title='bbox 1284 936 1317 964; x_wconf 80' lang='grc'>⁸¹.</span> <span class='ocrx_word' id='word_1_256' title='bbox 1338 945 1347 962; x_wconf 74' lang='grc' dir='ltr'>ι</span> <span class='ocrx_word' id='word_1_257' title='bbox 1365 935 1435 965; x_wconf 80' lang='lat' dir='ltr'><strong>Justi</strong></span> <span class='ocrx_word' id='word_1_258' title='bbox 1457 945 1539 972; x_wconf 89' lang='lat' dir='ltr'><strong>porro</strong></span> <span class='ocrx_word' id='word_1_259' title='bbox 1567 939 1686 966; x_wconf 86' lang='lat' dir='ltr'><strong>animam</strong></span> <span class='ocrx_word' id='word_1_260' title='bbox 1711 939 1771 967; x_wconf 81' lang='lat' dir='ltr'><strong>fore</strong></span> 
     </span>
    </p>
   </div>
   <div class='ocr_carea' id='block_1_36' title="bbox 142 975 932 1012">
    <p class='ocr_par' dir='ltr' id='par_1_36' title="bbox 142 975 932 1012">
     <span class='ocr_line' id='line_1_36' title="bbox 142 975 932 1012; baseline -0.001 -8"><span class='ocrx_word' id='word_1_261' title='bbox 142 977 173 1004; x_wconf 83' lang='grc' dir='ltr'>τὺ</span> <span class='ocrx_word' id='word_1_262' title='bbox 181 977 317 1007; x_wconf 74' lang='grc' dir='ltr'>ἐκλεκτὸν,</span> <span class='ocrx_word' id='word_1_263' title='bbox 330 975 393 1003; x_wconf 86' lang='grc' dir='ltr'>λαόν</span> <span class='ocrx_word' id='word_1_264' title='bbox 407 985 456 1012; x_wconf 87' lang='grc' dir='ltr'>μου</span> <span class='ocrx_word' id='word_1_265' title='bbox 474 976 503 1002; x_wconf 85' lang='grc' dir='ltr'>ὃν</span> <span class='ocrx_word' id='word_1_266' title='bbox 515 976 753 1012; x_wconf 85' lang='grc' dir='ltr'>περιεποιησάμην</span> <span class='ocrx_word' id='word_1_267' title='bbox 766 977 816 1008; x_wconf 85' lang='grc' dir='ltr'>τὰς</span> <span class='ocrx_word' id='word_1_268' title='bbox 831 977 932 1012; x_wconf 86' lang='grc' dir='ltr'>ἀρετάς</span> 
     </span>
    </p>
   </div>
   <div class='ocr_carea' id='block_1_37' title="bbox 144 1022 930 1058">
    <p class='ocr_par' dir='ltr' id='par_1_37' title="bbox 144 1022 930 1058">
     <span class='ocr_line' id='line_1_37' title="bbox 144 1022 930 1058; baseline 0 -9"><span class='ocrx_word' id='word_1_269' title='bbox 144 1031 195 1058; x_wconf 78' lang='grc' dir='ltr'>μου</span> <span class='ocrx_word' id='word_1_270' title='bbox 209 1022 372 1058; x_wconf 80' lang='grc' dir='ltr'>διηγεῖσθαι.</span> <span class='ocrx_word' id='word_1_271' title='bbox 391 1032 400 1047; x_wconf 79' lang='grc' dir='ltr'>ι</span> <span class='ocrx_word' id='word_1_272' title='bbox 420 1022 549 1057; x_wconf 76' lang='grc' dir='ltr'>Ἔσεσθαι</span> <span class='ocrx_word' id='word_1_273' title='bbox 560 1023 589 1049; x_wconf 82' lang='grc' dir='ltr'>δὲ</span> <span class='ocrx_word' id='word_1_274' title='bbox 615 1023 662 1050; x_wconf 78' lang='grc' dir='ltr'>καὶ</span> <span class='ocrx_word' id='word_1_275' title='bbox 681 1023 730 1058; x_wconf 86' lang='grc' dir='ltr'>τὴν</span> <span class='ocrx_word' id='word_1_276' title='bbox 756 1023 803 1050; x_wconf 85' lang='grc' dir='ltr'>τοῦ</span> <span class='ocrx_word' id='word_1_277' title='bbox 823 1023 930 1050; x_wconf 85' lang='grc' dir='ltr'>δικαίου</span> 
     </span>
    </p>
   </div>
   <div class='ocr_carea' id='block_1_38' title="bbox 142 1067 931 1105">
    <p class='ocr_par' dir='ltr' id='par_1_38' title="bbox 142 1067 931 1105">
     <span class='ocr_line' id='line_1_38' title="bbox 142 1067 931 1105; baseline 0 -10"><span class='ocrx_word' id='word_1_278' title='bbox 142 1069 242 1104; x_wconf 79' lang='grc' dir='ltr'>ψυχὴν,</span> <span class='ocrx_word' id='word_1_279' title='bbox 259 1068 297 1100; x_wconf 84' lang='grc' dir='ltr'>ὡς</span> <span class='ocrx_word' id='word_1_280' title='bbox 315 1067 392 1101; x_wconf 79' lang='grc' dir='ltr'>ξύλον</span> <span class='ocrx_word' id='word_1_281' title='bbox 406 1067 555 1104; x_wconf 81' lang='grc' dir='ltr'>ἔγκαρπον,</span> <span class='ocrx_word' id='word_1_282' title='bbox 569 1068 663 1105; x_wconf 73' lang='grc' dir='ltr'>ἕτερός</span> <span class='ocrx_word' id='word_1_283' title='bbox 676 1077 743 1104; x_wconf 86' lang='grc' dir='ltr'>φησι</span> <span class='ocrx_word' id='word_1_284' title='bbox 765 1069 820 1095; x_wconf 87' lang='grc' dir='ltr'>τῶν</span> <span class='ocrx_word' id='word_1_285' title='bbox 835 1069 931 1103; x_wconf 86' lang='grc' dir='ltr'>ἁγίων,</span> 
     </span>
    </p>
   </div>
   <div class='ocr_carea' id='block_1_39' title="bbox 142 1114 930 1150">
    <p class='ocr_par' dir='ltr' id='par_1_39' title="bbox 142 1114 930 1150">
     <span class='ocr_line' id='line_1_39' title="bbox 142 1114 930 1150; baseline 0.003 -10"><span class='ocrx_word' id='word_1_286' title='bbox 142 1115 190 1141; x_wconf 76' lang='grc' dir='ltr'>καὶ</span> <span class='ocrx_word' id='word_1_287' title='bbox 212 1114 352 1141; x_wconf 87' lang='grc' dir='ltr'>ἁνατελεῖν</span> <span class='ocrx_word' id='word_1_288' title='bbox 377 1114 436 1149; x_wconf 79' lang='grc' dir='ltr'>μὲν,</span> <span class='ocrx_word' id='word_1_289' title='bbox 461 1114 526 1140; x_wconf 74' lang='grc' dir='ltr'>ὡσεὶ</span> <span class='ocrx_word' id='word_1_290' title='bbox 545 1114 641 1150; x_wconf 80' lang='grc' dir='ltr'>χόρτον</span> <span class='ocrx_word' id='word_1_291' title='bbox 665 1114 803 1149; x_wconf 82' lang='grc' dir='ltr'>ἀναμέσον</span> <span class='ocrx_word' id='word_1_292' title='bbox 825 1114 930 1147; x_wconf 75' lang='grc' dir='ltr'>ὕδατος,</span> 
     </span>
    </p>
   </div>
   <div class='ocr_carea' id='block_1_40' title="bbox 142 1151 933 1196">
    <p class='ocr_par' dir='ltr' id='par_1_40' title="bbox 142 1151 933 1196">
     <span class='ocr_line' id='line_1_40' title="bbox 142 1151 933 1196; baseline 0.003 -10"><span class='ocrx_word' id='word_1_293' title='bbox 142 1151 311 1195; x_wconf 68' lang='grc' dir='ltr'>ὀςρθήσεσθαι</span> <span class='ocrx_word' id='word_1_294' title='bbox 332 1160 359 1186; x_wconf 79' lang='grc' dir='ltr'>δὲ</span> <span class='ocrx_word' id='word_1_295' title='bbox 372 1160 410 1191; x_wconf 86' lang='grc' dir='ltr'>ὠς</span> <span class='ocrx_word' id='word_1_296' title='bbox 428 1159 502 1186; x_wconf 83' lang='grc' dir='ltr'>ίτέαν</span> <span class='ocrx_word' id='word_1_297' title='bbox 519 1161 565 1186; x_wconf 73' lang='grc' dir='ltr'>ἐπὶ</span> <span class='ocrx_word' id='word_1_298' title='bbox 579 1159 737 1196; x_wconf 74' lang='grc' dir='ltr'>παραρρέον</span> <span class='ocrx_word' id='word_1_299' title='bbox 748 1159 832 1196; x_wconf 73' lang='grc' dir='ltr'>ὕδωρ.</span> <span class='ocrx_word' id='word_1_300' title='bbox 848 1162 933 1188; x_wconf 86' lang='grc' dir='ltr'>Δυνα-</span> 
     </span>
    </p>
   </div>
   <div class='ocr_carea' id='block_1_41' title="bbox 142 1204 933 1243">
    <p class='ocr_par' dir='ltr' id='par_1_41' title="bbox 142 1204 933 1243">
     <span class='ocr_line' id='line_1_41' title="bbox 142 1204 933 1243; baseline 0.001 -11"><span class='ocrx_word' id='word_1_301' title='bbox 142 1206 189 1233; x_wconf 79' lang='grc' dir='ltr'>τὸν</span> <span class='ocrx_word' id='word_1_302' title='bbox 205 1206 255 1241; x_wconf 82' lang='grc' dir='ltr'>μὲν</span> <span class='ocrx_word' id='word_1_303' title='bbox 268 1204 315 1232; x_wconf 80' lang='grc' dir='ltr'>οὖν</span> <span class='ocrx_word' id='word_1_304' title='bbox 335 1206 392 1238; x_wconf 88' lang='grc' dir='ltr'>τοῖς</span> <span class='ocrx_word' id='word_1_305' title='bbox 409 1206 565 1241; x_wconf 79' lang='grc' dir='ltr'>εἰρημένοις</span> <span class='ocrx_word' id='word_1_306' title='bbox 592 1206 640 1232; x_wconf 71' lang='grc' dir='ltr'>καὶ</span> <span class='ocrx_word' id='word_1_307' title='bbox 660 1206 756 1243; x_wconf 77' lang='grc' dir='ltr'>ἐτέρας</span> <span class='ocrx_word' id='word_1_308' title='bbox 778 1207 852 1242; x_wconf 80' lang='grc' dir='ltr'>ἡμᾶς</span> <span class='ocrx_word' id='word_1_309' title='bbox 871 1208 933 1233; x_wconf 84' lang='grc' dir='ltr'>ὲπι-</span> 
     </span>
    </p>
   </div>
   <div class='ocr_carea' id='block_1_42' title="bbox 144 1250 932 1288">
    <p class='ocr_par' dir='ltr' id='par_1_42' title="bbox 144 1250 932 1288">
     <span class='ocr_line' id='line_1_42' title="bbox 144 1250 932 1288; baseline 0.001 -10"><span class='ocrx_word' id='word_1_310' title='bbox 144 1252 276 1287; x_wconf 82' lang='grc' dir='ltr'>σωρεύειν</span> <span class='ocrx_word' id='word_1_311' title='bbox 289 1251 339 1283; x_wconf 76' lang='grc' dir='ltr'>τὰς</span> <span class='ocrx_word' id='word_1_312' title='bbox 349 1251 402 1278; x_wconf 79' lang='grc' dir='ltr'>ἀπὸ</span> <span class='ocrx_word' id='word_1_313' title='bbox 413 1251 464 1286; x_wconf 84' lang='grc' dir='ltr'>τῆς</span> <span class='ocrx_word' id='word_1_314' title='bbox 487 1252 562 1284; x_wconf 88' lang='grc' dir='ltr'>θείας</span> <span class='ocrx_word' id='word_1_315' title='bbox 583 1253 694 1288; x_wconf 86' lang='grc' dir='ltr'>Γραφῆς</span> <span class='ocrx_word' id='word_1_316' title='bbox 714 1252 880 1288; x_wconf 82' lang='grc' dir='ltr'>μαρτυρίας,</span> <span class='ocrx_word' id='word_1_317' title='bbox 899 1250 932 1279; x_wconf 79' lang='grc' dir='ltr'>δι’</span> 
     </span>
    </p>
   </div>
   <div class='ocr_carea' id='block_1_43' title="bbox 143 1293 934 1334">
    <p class='ocr_par' dir='ltr' id='par_1_43' title="bbox 143 1293 934 1334">
     <span class='ocr_line' id='line_1_43' title="bbox 143 1293 934 1334; baseline 0.001 -10"><span class='ocrx_word' id='word_1_318' title='bbox 143 1293 182 1324; x_wconf 80' lang='grc' dir='ltr'>ὧν</span> <span class='ocrx_word' id='word_1_319' title='bbox 203 1295 238 1333; x_wconf 84' lang='grc' dir='ltr'>ἦν</span> <span class='ocrx_word' id='word_1_320' title='bbox 263 1297 310 1325; x_wconf 74' lang='grc' dir='ltr'>καὶ</span> <span class='ocrx_word' id='word_1_321' title='bbox 330 1297 403 1332; x_wconf 84' lang='grc' dir='ltr'>μάλα</span> <span class='ocrx_word' id='word_1_322' title='bbox 413 1298 509 1334; x_wconf 79' lang='grc' dir='ltr'>ῥᾳδίως</span> <span class='ocrx_word' id='word_1_323' title='bbox 532 1297 723 1330; x_wconf 75' lang='grc' dir='ltr'>ἐπιδεικνύειν,</span> <span class='ocrx_word' id='word_1_324' title='bbox 739 1297 776 1329; x_wconf 81' lang='grc' dir='ltr'>ὡς</span> <span class='ocrx_word' id='word_1_325' title='bbox 793 1298 823 1324; x_wconf 77' lang='grc' dir='ltr'>ὲν</span> <span class='ocrx_word' id='word_1_326' title='bbox 838 1296 934 1331; x_wconf 77' lang='grc' dir='ltr'>ὕδατος</span> 
     </span>
    </p>
   </div>
   <div class='ocr_carea' id='block_1_44' title="bbox 143 1343 934 1379">
    <p class='ocr_par' dir='ltr' id='par_1_44' title="bbox 143 1343 934 1379">
     <span class='ocr_line' id='line_1_44' title="bbox 143 1343 934 1379; baseline 0 -9"><span class='ocrx_word' id='word_1_327' title='bbox 143 1343 315 1379; x_wconf 77' lang='grc' dir='ltr'>προσηγορίᾳ</span> <span class='ocrx_word' id='word_1_328' title='bbox 329 1343 359 1370; x_wconf 82' lang='grc' dir='ltr'>τὸ</span> <span class='ocrx_word' id='word_1_329' title='bbox 372 1343 443 1370; x_wconf 86' lang='grc' dir='ltr'>θεῖον</span> <span class='ocrx_word' id='word_1_330' title='bbox 464 1343 593 1375; x_wconf 79' lang='grc' dir='ltr'>πολλάκις</span> <span class='ocrx_word' id='word_1_331' title='bbox 614 1343 830 1379; x_wconf 80' lang='grc' dir='ltr'>,κατωνόμασται</span> <span class='ocrx_word' id='word_1_332' title='bbox 850 1344 934 1370; x_wconf 86' lang='grc' dir='ltr'>πνεῦ-</span> 
     </span>
    </p>
   </div>
   <div class='ocr_carea' id='block_1_45' title="bbox 984 980 1768 1019">
    <p class='ocr_par' dir='ltr' id='par_1_45' title="bbox 984 980 1768 1019">
     <span class='ocr_line' id='line_1_45' title="bbox 984 980 1768 1019; baseline 0.009 -14"><span class='ocrx_word' id='word_1_333' title='bbox 984 983 1112 1014; x_wconf 87' lang='lat' dir='ltr'><strong>tauquam</strong></span> <span class='ocrx_word' id='word_1_334' title='bbox 1145 980 1248 1015; x_wconf 83' lang='lat' dir='ltr'><strong>lignum</strong></span> <span class='ocrx_word' id='word_1_335' title='bbox 1280 980 1453 1009; x_wconf 85' lang='lat' dir='ltr'><strong>fructiferum</strong></span> <span class='ocrx_word' id='word_1_336' title='bbox 1482 983 1551 1010; x_wconf 82' lang='lat' dir='ltr'><strong>alter</strong></span> <span class='ocrx_word' id='word_1_337' title='bbox 1583 983 1664 1012; x_wconf 84' lang='lat' dir='ltr'><strong>nobis</strong></span> <span class='ocrx_word' id='word_1_338' title='bbox 1689 984 1768 1019; x_wconf 76' lang='lat'>181</span> 
     </span>
    </p>
   </div>
   <div class='ocr_carea' id='block_1_46' title="bbox 982 1026 1771 1058">
    <p class='ocr_par' dir='ltr' id='par_1_46' title="bbox 982 1026 1771 1058">
     <span class='ocr_line' id='line_1_46' title="bbox 982 1026 1771 1058; baseline 0.005 -5"><span class='ocrx_word' id='word_1_339' title='bbox 982 1029 1096 1053; x_wconf 85' lang='lat' dir='ltr'><strong>sanctus</strong></span> <span class='ocrx_word' id='word_1_340' title='bbox 1114 1026 1198 1058; x_wconf 85' lang='lat' dir='ltr'><strong>canit,</strong></span> <span class='ocrx_word' id='word_1_341' title='bbox 1220 1029 1247 1053; x_wconf 90' lang='lat' dir='ltr'><strong>et</strong></span> <span class='ocrx_word' id='word_1_342' title='bbox 1264 1027 1396 1055; x_wconf 86' lang='lat' dir='ltr'><strong>orituram</strong></span> <span class='ocrx_word' id='word_1_343' title='bbox 1420 1027 1492 1056; x_wconf 87' lang='lat' dir='ltr'><strong>sicut</strong></span> <span class='ocrx_word' id='word_1_344' title='bbox 1518 1028 1609 1056; x_wconf 83' lang='lat' dir='ltr'><strong>fenum</strong></span> <span class='ocrx_word' id='word_1_345' title='bbox 1634 1028 1663 1057; x_wconf 94' lang='lat' dir='ltr'><strong>in</strong></span> <span class='ocrx_word' id='word_1_346' title='bbox 1679 1030 1771 1058; x_wconf 90' lang='lat' dir='ltr'><strong>medio</strong></span> 
     </span>
    </p>
   </div>
   <div class='ocr_carea' id='block_1_47' title="bbox 983 1071 1770 1110">
    <p class='ocr_par' dir='ltr' id='par_1_47' title="bbox 983 1071 1770 1110">
     <span class='ocr_line' id='line_1_47' title="bbox 983 1071 1770 1110; baseline 0.006 -13"><span class='ocrx_word' id='word_1_347' title='bbox 983 1078 1078 1106; x_wconf 65' lang='lat' dir='ltr'><strong>aquae,</strong></span> <span class='ocrx_word' id='word_1_348' title='bbox 1102 1075 1130 1099; x_wconf 89' lang='lat' dir='ltr'><strong>et</strong></span> <span class='ocrx_word' id='word_1_349' title='bbox 1166 1071 1239 1099; x_wconf 85' lang='lat' dir='ltr'><strong>sicut</strong></span> <span class='ocrx_word' id='word_1_350' title='bbox 1277 1073 1388 1101; x_wconf 84' lang='lat' dir='ltr'><strong>salieem</strong></span> <span class='ocrx_word' id='word_1_351' title='bbox 1419 1082 1503 1109; x_wconf 86' lang='lat' dir='ltr'><strong>super</strong></span> <span class='ocrx_word' id='word_1_352' title='bbox 1541 1073 1770 1110; x_wconf 66' lang='lat' dir='ltr'><strong>prmterﬂuentem</strong></span> 
     </span>
    </p>
   </div>
   <div class='ocr_carea' id='block_1_48' title="bbox 984 1116 1771 1155">
    <p class='ocr_par' dir='ltr' id='par_1_48' title="bbox 984 1116 1771 1155">
     <span class='ocr_line' id='line_1_48' title="bbox 984 1116 1771 1155; baseline 0.006 -11"><span class='ocrx_word' id='word_1_353' title='bbox 984 1124 1082 1152; x_wconf 82' lang='lat' dir='ltr'><strong>aquam</strong></span> <span class='ocrx_word' id='word_1_354' title='bbox 1091 1116 1124 1145; x_wconf 80' lang='grc'>⁸³.</span> <span class='ocrx_word' id='word_1_355' title='bbox 1133 1117 1244 1145; x_wconf 85' lang='lat' dir='ltr'><strong>Possem</strong></span> <span class='ocrx_word' id='word_1_356' title='bbox 1255 1118 1297 1146; x_wconf 85' lang='lat' dir='ltr'><strong>his</strong></span> <span class='ocrx_word' id='word_1_357' title='bbox 1310 1119 1361 1146; x_wconf 85' lang='lat' dir='ltr'><strong>alia</strong></span> <span class='ocrx_word' id='word_1_358' title='bbox 1373 1120 1514 1155; x_wconf 83' lang='lat' dir='ltr'><strong>complura</strong></span> <span class='ocrx_word' id='word_1_359' title='bbox 1528 1121 1684 1149; x_wconf 86' lang='lat' dir='ltr'><strong>testimonia</strong></span> <span class='ocrx_word' id='word_1_360' title='bbox 1693 1120 1771 1149; x_wconf 84' lang='lat' dir='ltr'><strong>Scri-</strong></span> 
     </span>
    </p>
   </div>
   <div class='ocr_carea' id='block_1_49' title="bbox 984 1163 1772 1200">
    <p class='ocr_par' dir='ltr' id='par_1_49' title="bbox 984 1163 1772 1200">
     <span class='ocr_line' id='line_1_49' title="bbox 984 1163 1772 1200; baseline 0.008 -10"><span class='ocrx_word' id='word_1_361' title='bbox 984 1167 1073 1197; x_wconf 77' lang='lat' dir='ltr'><strong>ptura:</strong></span> <span class='ocrx_word' id='word_1_362' title='bbox 1083 1163 1242 1200; x_wconf 73' lang='lat' dir='ltr'><strong>adiungere,</strong></span> <span class='ocrx_word' id='word_1_363' title='bbox 1255 1166 1356 1199; x_wconf 86' lang='lat' dir='ltr'><strong>quibus</strong></span> <span class='ocrx_word' id='word_1_364' title='bbox 1367 1166 1527 1194; x_wconf 81' lang='lat' dir='ltr'><strong>facillimum</strong></span> <span class='ocrx_word' id='word_1_365' title='bbox 1543 1171 1616 1195; x_wconf 85' lang='lat' dir='ltr'><strong>esset</strong></span> <span class='ocrx_word' id='word_1_366' title='bbox 1625 1167 1772 1196; x_wconf 83' lang='lat' dir='ltr'><strong>ostendere</strong></span> 
     </span>
    </p>
   </div>
   <div class='ocr_carea' id='block_1_50' title="bbox 981 1209 1772 1245">
    <p class='ocr_par' dir='ltr' id='par_1_50' title="bbox 981 1209 1772 1245">
     <span class='ocr_line' id='line_1_50' title="bbox 981 1209 1772 1245; baseline 0.004 -11"><span class='ocrx_word' id='word_1_367' title='bbox 981 1214 1059 1243; x_wconf 76' lang='lat' dir='ltr'><strong>aqua:</strong></span> <span class='ocrx_word' id='word_1_368' title='bbox 1076 1209 1209 1236; x_wconf 90' lang='lat' dir='ltr'><strong>vocabulo</strong></span> <span class='ocrx_word' id='word_1_369' title='bbox 1223 1209 1384 1245; x_wconf 89' lang='lat' dir='ltr'><strong>plerumque</strong></span> <span class='ocrx_word' id='word_1_370' title='bbox 1408 1209 1530 1237; x_wconf 90' lang='lat' dir='ltr'><strong>divinum</strong></span> <span class='ocrx_word' id='word_1_371' title='bbox 1556 1210 1683 1245; x_wconf 88' lang='lat' dir='ltr'><strong>spiritum</strong></span> <span class='ocrx_word' id='word_1_372' title='bbox 1700 1218 1772 1238; x_wconf 91' lang='lat' dir='ltr'><strong>nun-</strong></span> 
     </span>
    </p>
   </div>
   <div class='ocr_carea' id='block_1_51' title="bbox 981 1253 1769 1290">
    <p class='ocr_par' dir='ltr' id='par_1_51' title="bbox 981 1253 1769 1290">
     <span class='ocr_line' id='line_1_51' title="bbox 981 1253 1769 1290; baseline 0.004 -10"><span class='ocrx_word' id='word_1_373' title='bbox 981 1253 1085 1289; x_wconf 83' lang='lat' dir='ltr'><strong>cupari.</strong></span> <span class='ocrx_word' id='word_1_374' title='bbox 1108 1253 1160 1282; x_wconf 88' lang='lat' dir='ltr'>Sed</span> <span class='ocrx_word' id='word_1_375' title='bbox 1185 1259 1294 1290; x_wconf 91' lang='lat' dir='ltr'><strong>tempus</strong></span> <span class='ocrx_word' id='word_1_376' title='bbox 1318 1263 1373 1289; x_wconf 78' lang='lat' dir='ltr'><strong>non</strong></span> <span class='ocrx_word' id='word_1_377' title='bbox 1398 1260 1439 1283; x_wconf 85' lang='lat' dir='ltr'>est</span> <span class='ocrx_word' id='word_1_378' title='bbox 1466 1255 1493 1283; x_wconf 88' lang='lat' dir='ltr'>in</span> <span class='ocrx_word' id='word_1_379' title='bbox 1515 1256 1557 1283; x_wconf 88' lang='lat' dir='ltr'><strong>his</strong></span> <span class='ocrx_word' id='word_1_380' title='bbox 1579 1257 1744 1283; x_wconf 87' lang='lat' dir='ltr'><strong>immorandi</strong></span> <span class='ocrx_word' id='word_1_381' title='bbox 1763 1265 1769 1282; x_wconf 93' lang='lat'><strong>:</strong></span> 
     </span>
    </p>
   </div>
   <div class='ocr_carea' id='block_1_52' title="bbox 982 1300 1772 1337">
    <p class='ocr_par' dir='ltr' id='par_1_52' title="bbox 982 1300 1772 1337">
     <span class='ocr_line' id='line_1_52' title="bbox 982 1300 1772 1337; baseline 0.003 -11"><span class='ocrx_word' id='word_1_382' title='bbox 982 1300 1097 1334; x_wconf 84' lang='lat' dir='ltr'><strong>proinde</strong></span> <span class='ocrx_word' id='word_1_383' title='bbox 1120 1308 1230 1328; x_wconf 88' lang='lat' dir='ltr'><strong>rursum</strong></span> <span class='ocrx_word' id='word_1_384' title='bbox 1255 1301 1282 1328; x_wconf 94' lang='lat' dir='ltr'><strong>in</strong></span> <span class='ocrx_word' id='word_1_385' title='bbox 1306 1305 1414 1329; x_wconf 85' lang='lat' dir='ltr'><strong>vastum</strong></span> <span class='ocrx_word' id='word_1_386' title='bbox 1429 1301 1496 1329; x_wconf 78' lang='lat' dir='ltr'><strong>illud</strong></span> <span class='ocrx_word' id='word_1_387' title='bbox 1520 1306 1547 1329; x_wconf 91' lang='lat' dir='ltr'><strong>et</strong></span> <span class='ocrx_word' id='word_1_388' title='bbox 1560 1302 1681 1337; x_wconf 91' lang='lat' dir='ltr'><strong>amplum</strong></span> <span class='ocrx_word' id='word_1_389' title='bbox 1702 1302 1772 1329; x_wconf 86' lang='lat' dir='ltr'><strong>divi-</strong></span> 
     </span>
    </p>
   </div>
   <div class='ocr_carea' id='block_1_53' title="bbox 982 1347 1683 1383">
    <p class='ocr_par' dir='ltr' id='par_1_53' title="bbox 982 1347 1683 1383">
     <span class='ocr_line' id='line_1_53' title="bbox 982 1347 1683 1383; baseline 0.004 -12"><span class='ocrx_word' id='word_1_390' title='bbox 982 1353 1081 1373; x_wconf 85' lang='lat' dir='ltr'><strong>narum</strong></span> <span class='ocrx_word' id='word_1_391' title='bbox 1095 1347 1358 1382; x_wconf 86' lang='lat' dir='ltr'><strong>contemplationum</strong></span> <span class='ocrx_word' id='word_1_392' title='bbox 1375 1347 1486 1383; x_wconf 78' lang='lat' dir='ltr'><strong>pelagus</strong></span> <span class='ocrx_word' id='word_1_393' title='bbox 1499 1348 1683 1375; x_wconf 87' lang='lat' dir='ltr'><strong>enatabimus.</strong></span> 
     </span>
    </p>
   </div>
   <div class='ocr_carea' id='block_1_54' title="bbox 145 1390 1773 1430">
    <p class='ocr_par' dir='ltr' id='par_1_54' title="bbox 145 1390 1773 1430">
     <span class='ocr_line' id='line_1_54' title="bbox 145 1390 1773 1430; baseline 0.001 -12"><span class='ocrx_word' id='word_1_394' title='bbox 145 1390 259 1426; x_wconf 82' lang='grc' dir='ltr'>μα.Τοῦ</span> <span class='ocrx_word' id='word_1_395' title='bbox 273 1390 428 1422; x_wconf 80' lang='grc' dir='ltr'>δὲ.τούτοις</span> <span class='ocrx_word' id='word_1_396' title='bbox 448 1391 523 1426; x_wconf 82' lang='grc' dir='ltr'>ἡμᾶς</span> <span class='ocrx_word' id='word_1_397' title='bbox 544 1390 740 1426; x_wconf 84' lang='grc' dir='ltr'>ὲμφιλοχωρεῖν</span> <span class='ocrx_word' id='word_1_398' title='bbox 763 1391 793 1417; x_wconf 70' lang='grc' dir='ltr'>οὐ</span> <span class='ocrx_word' id='word_1_399' title='bbox 812 1391 926 1427; x_wconf 86' lang='grc' dir='ltr'>καιρός·</span> <span class='ocrx_word' id='word_1_400' title='bbox 947 1391 986 1418; x_wconf 86' lang='grc' dir='ltr'>διδ</span> <span class='ocrx_word' id='word_1_401' title='bbox 1010 1392 1041 1429; x_wconf 87' lang='grc' dir='ltr'>δὴ</span> <span class='ocrx_word' id='word_1_402' title='bbox 1066 1393 1146 1421; x_wconf 87' lang='grc' dir='ltr'>πάλιν</span> <span class='ocrx_word' id='word_1_403' title='bbox 1174 1394 1276 1430; x_wconf 79' lang='grc' dir='ltr'>ἑτέροις</span> <span class='ocrx_word' id='word_1_404' title='bbox 1289 1393 1472 1430; x_wconf 81' lang='grc' dir='ltr'>ὲπινηξόμεθα</span> <span class='ocrx_word' id='word_1_405' title='bbox 1490 1394 1558 1429; x_wconf 81' lang='grc' dir='ltr'>πρὸς</span> <span class='ocrx_word' id='word_1_406' title='bbox 1577 1393 1607 1420; x_wconf 85' lang='grc' dir='ltr'>τὸ</span> <span class='ocrx_word' id='word_1_407' title='bbox 1630 1393 1702 1430; x_wconf 83' lang='grc' dir='ltr'>μέγα</span> <span class='ocrx_word' id='word_1_408' title='bbox 1725 1395 1773 1422; x_wconf 82' lang='grc' dir='ltr'>καὶ</span> 
     </span>
    </p>
   </div>
   <div class='ocr_carea' id='block_1_55' title="bbox 142 1438 930 1474">
    <p class='ocr_par' dir='ltr' id='par_1_55' title="bbox 142 1438 930 1474">
     <span class='ocr_line' id='line_1_55' title="bbox 142 1438 930 1474; baseline -0.001 -7"><span class='ocrx_word' id='word_1_409' title='bbox 142 1440 232 1467; x_wconf 77' lang='grc' dir='ltr'>πλατὺ</span> <span class='ocrx_word' id='word_1_410' title='bbox 246 1439 300 1466; x_wconf 85' lang='grc' dir='ltr'>τῶν</span> <span class='ocrx_word' id='word_1_411' title='bbox 318 1439 397 1466; x_wconf 82' lang='grc' dir='ltr'>θείων</span> <span class='ocrx_word' id='word_1_412' title='bbox 413 1438 596 1474; x_wconf 76' lang='grc' dir='ltr'>θεωρημάτων</span> <span class='ocrx_word' id='word_1_413' title='bbox 618 1439 788 1474; x_wconf 77' lang='grc' dir='ltr'>ἐπειγόμενοι</span> <span class='ocrx_word' id='word_1_414' title='bbox 803 1440 930 1473; x_wconf 86' lang='grc' dir='ltr'>πέλαγος.</span> 
     </span>
    </p>
   </div>
   <div class='ocr_carea' id='block_1_56' title="bbox 181 1483 931 1520">
    <p class='ocr_par' dir='ltr' id='par_1_56' title="bbox 181 1483 931 1520">
     <span class='ocr_line' id='line_1_56' title="bbox 181 1483 931 1520; baseline 0 -9"><span class='ocrx_word' id='word_1_415' title='bbox 181 1485 279 1520; x_wconf 80' lang='grc' dir='ltr'>Κύριε,</span> <span class='ocrx_word' id='word_1_416' title='bbox 295 1484 364 1511; x_wconf 83' lang='grc' dir='ltr'>οὔτε</span> <span class='ocrx_word' id='word_1_417' title='bbox 380 1484 518 1519; x_wconf 72' lang='grc' dir='ltr'>ἄντλημα</span> <span class='ocrx_word' id='word_1_418' title='bbox 535 1483 626 1518; x_wconf 79' lang='grc' dir='ltr'>ἔχεις,</span> <span class='ocrx_word' id='word_1_419' title='bbox 646 1484 695 1510; x_wconf 80' lang='grc' dir='ltr'>καὶ</span> <span class='ocrx_word' id='word_1_420' title='bbox 708 1484 740 1511; x_wconf 88' lang='grc' dir='ltr'>τὸ</span> <span class='ocrx_word' id='word_1_421' title='bbox 753 1483 846 1519; x_wconf 73' lang='grc' dir='ltr'>φρέαρ</span> <span class='ocrx_word' id='word_1_422' title='bbox 864 1484 931 1511; x_wconf 75' lang='grc' dir='ltr'>ἐστὶ</span> 
     </span>
    </p>
   </div>
   <div class='ocr_carea' id='block_1_57' title="bbox 143 1528 780 1565">
    <p class='ocr_par' dir='ltr' id='par_1_57' title="bbox 143 1528 780 1565">
     <span class='ocr_line' id='line_1_57' title="bbox 143 1528 780 1565; baseline -0.005 -7"><span class='ocrx_word' id='word_1_423' title='bbox 143 1531 225 1565; x_wconf 84' lang='grc' dir='ltr'>βαθύ</span> <span class='ocrx_word' id='word_1_424' title='bbox 241 1539 248 1546; x_wconf 78' lang='grc'><strong>”</strong></span> <span class='ocrx_word' id='word_1_425' title='bbox 263 1531 355 1558; x_wconf 84' lang='grc' dir='ltr'>πόθεν</span> <span class='ocrx_word' id='word_1_426' title='bbox 365 1528 422 1557; x_wconf 76' lang='grc' dir='ltr'>οὖν</span> <span class='ocrx_word' id='word_1_427' title='bbox 438 1530 518 1564; x_wconf 75' lang='grc' dir='ltr'>ἔχεις</span> <span class='ocrx_word' id='word_1_428' title='bbox 527 1529 561 1556; x_wconf 83' lang='grc' dir='ltr'>τὸ</span> <span class='ocrx_word' id='word_1_429' title='bbox 572 1530 651 1564; x_wconf 81' lang='grc' dir='ltr'>ὕδωρ</span> <span class='ocrx_word' id='word_1_430' title='bbox 666 1530 698 1557; x_wconf 86' lang='grc' dir='ltr'>τὸ</span> <span class='ocrx_word' id='word_1_431' title='bbox 707 1529 780 1561; x_wconf 81' lang='grc' dir='ltr'>ζών;</span> 
     </span>
    </p>
   </div>
   <div class='ocr_carea' id='block_1_58' title="bbox 1021 1482 1773 1523">
    <p class='ocr_par' dir='ltr' id='par_1_58' title="bbox 1021 1482 1773 1523">
     <span class='ocr_line' id='line_1_58' title="bbox 1021 1482 1773 1523; baseline 0.001 -12"><span class='ocrx_word' id='word_1_432' title='bbox 1021 1482 1066 1516; x_wconf 78' lang='grc' dir='ltr'>ιν,</span> <span class='ocrx_word' id='word_1_433' title='bbox 1081 1483 1133 1523; x_wconf 33' lang='lat' dir='ltr'>.H.</span> <span class='ocrx_word' id='word_1_434' title='bbox 1154 1483 1277 1515; x_wconf 84' lang='lat' dir='ltr'>Domine,</span> <span class='ocrx_word' id='word_1_435' title='bbox 1297 1491 1377 1518; x_wconf 82' lang='lat' dir='ltr'><strong>neque</strong></span> <span class='ocrx_word' id='word_1_436' title='bbox 1392 1483 1419 1510; x_wconf 77' lang='lat' dir='ltr'><strong>in</strong></span> <span class='ocrx_word' id='word_1_437' title='bbox 1437 1491 1488 1518; x_wconf 82' lang='lat' dir='ltr'><strong>qua</strong></span> <span class='ocrx_word' id='word_1_438' title='bbox 1506 1483 1616 1511; x_wconf 81' lang='lat' dir='ltr'><strong>haurias</strong></span> <span class='ocrx_word' id='word_1_439' title='bbox 1639 1484 1730 1516; x_wconf 81' lang='lat' dir='ltr'><strong>habes,</strong></span> <span class='ocrx_word' id='word_1_440' title='bbox 1747 1489 1773 1512; x_wconf 78' lang='lat' dir='ltr'>ct</span> 
     </span>
    </p>
   </div>
   <div class='ocr_carea' id='block_1_59' title="bbox 984 1528 1722 1564">
    <p class='ocr_par' dir='ltr' id='par_1_59' title="bbox 984 1528 1722 1564">
     <span class='ocr_line' id='line_1_59' title="bbox 984 1528 1722 1564; baseline 0 -8"><span class='ocrx_word' id='word_1_441' title='bbox 984 1534 1076 1563; x_wconf 77' lang='lat' dir='ltr'><strong>puteus</strong></span> <span class='ocrx_word' id='word_1_442' title='bbox 1090 1529 1160 1556; x_wconf 69' lang='lat' dir='ltr'><strong>allus</strong></span> <span class='ocrx_word' id='word_1_443' title='bbox 1173 1533 1212 1555; x_wconf 79' lang='lat' dir='ltr'><strong>est</strong></span> <span class='ocrx_word' id='word_1_444' title='bbox 1228 1536 1237 1556; x_wconf 91' lang='lat'><em>:</em></span> <span class='ocrx_word' id='word_1_445' title='bbox 1251 1528 1319 1555; x_wconf 85' lang='lat' dir='ltr'><strong>unde</strong></span> <span class='ocrx_word' id='word_1_446' title='bbox 1332 1537 1392 1563; x_wconf 85' lang='lat' dir='ltr'><strong>ergo</strong></span> <span class='ocrx_word' id='word_1_447' title='bbox 1405 1529 1485 1556; x_wconf 78' lang='lat' dir='ltr'><strong>habes</strong></span> <span class='ocrx_word' id='word_1_448' title='bbox 1501 1538 1596 1564; x_wconf 84' lang='lat' dir='ltr'><strong>aquam</strong></span> <span class='ocrx_word' id='word_1_449' title='bbox 1616 1530 1722 1556; x_wconf 80' lang='lat' dir='ltr'>vivam?</span> 
     </span>
    </p>
   </div>
   <div class='ocr_carea' id='block_1_60' title="bbox 182 1575 934 1620">
    <p class='ocr_par' dir='ltr' id='par_1_60' title="bbox 182 1575 931 1612">
     <span class='ocr_line' id='line_1_60' title="bbox 182 1575 931 1612; baseline -0.001 -9"><span class='ocrx_word' id='word_1_450' title='bbox 182 1577 266 1604; x_wconf 77' lang='grc' dir='ltr'>Οὐδὲν</span> <span class='ocrx_word' id='word_1_451' title='bbox 280 1576 334 1603; x_wconf 82' lang='grc' dir='ltr'>τῶν</span> <span class='ocrx_word' id='word_1_452' title='bbox 351 1578 379 1603; x_wconf 76' lang='grc' dir='ltr'>ἐν</span> <span class='ocrx_word' id='word_1_453' title='bbox 392 1575 521 1612; x_wconf 78' lang='grc' dir='ltr'>συνηθείᾳ</span> <span class='ocrx_word' id='word_1_454' title='bbox 539 1575 618 1602; x_wconf 82' lang='grc' dir='ltr'>πλέον</span> <span class='ocrx_word' id='word_1_455' title='bbox 638 1576 655 1611; x_wconf 87' lang='grc' dir='ltr'>ἡ</span> <span class='ocrx_word' id='word_1_456' title='bbox 670 1575 738 1612; x_wconf 83' lang='grc' dir='ltr'>γυνὴ</span> <span class='ocrx_word' id='word_1_457' title='bbox 756 1575 931 1610; x_wconf 80' lang='grc' dir='ltr'>φαντάζεται,</span> 
     </span>
    </p>
   </div>
   <div class='ocr_carea' id='block_1_61' title="bbox 985 1575 1774 1620">
    <p class='ocr_par' dir='ltr' id='par_1_61' title="bbox 1019 1575 1774 1611">
     <span class='ocr_line' id='line_1_61' title="bbox 1019 1575 1774 1611; baseline 0.003 -9"><span class='ocrx_word' id='word_1_458' title='bbox 1019 1575 1093 1602; x_wconf 84' lang='lat' dir='ltr'><strong>Nihil</strong></span> <span class='ocrx_word' id='word_1_459' title='bbox 1117 1575 1170 1603; x_wconf 83' lang='lat' dir='ltr'><strong>nisi</strong></span> <span class='ocrx_word' id='word_1_460' title='bbox 1195 1575 1307 1610; x_wconf 76' lang='lat' dir='ltr'><strong>vulgare</strong></span> <span class='ocrx_word' id='word_1_461' title='bbox 1327 1575 1425 1603; x_wconf 91' lang='lat' dir='ltr'><strong>mulier</strong></span> <span class='ocrx_word' id='word_1_462' title='bbox 1445 1575 1497 1603; x_wconf 86' lang='lat' dir='ltr'><strong>sibi</strong></span> <span class='ocrx_word' id='word_1_463' title='bbox 1519 1576 1659 1610; x_wconf 81' lang='lat' dir='ltr'><strong>proponit,</strong></span> <span class='ocrx_word' id='word_1_464' title='bbox 1685 1584 1774 1611; x_wconf 86' lang='lat' dir='ltr'><strong>neque</strong></span> 
     </span>
    </p>
   </div>
   <div class='ocr_carea' id='block_1_62' title="bbox 146 1620 933 1658">
    <p class='ocr_par' dir='ltr' id='par_1_62' title="bbox 146 1620 933 1658">
     <span class='ocr_line' id='line_1_62' title="bbox 146 1620 933 1658; baseline -0.004 -8"><span class='ocrx_word' id='word_1_465' title='bbox 146 1623 196 1650; x_wconf 74' lang='grc' dir='ltr'>καὶ</span> <span class='ocrx_word' id='word_1_466' title='bbox 213 1622 319 1658; x_wconf 85' lang='grc' dir='ltr'>συνίησι</span> <span class='ocrx_word' id='word_1_467' title='bbox 338 1621 387 1657; x_wconf 80' lang='grc' dir='ltr'>μὲν</span> <span class='ocrx_word' id='word_1_468' title='bbox 400 1621 525 1657; x_wconf 73' lang='grc' dir='ltr'>οὐδαμῶς</span> <span class='ocrx_word' id='word_1_469' title='bbox 541 1620 595 1647; x_wconf 77' lang='grc' dir='ltr'>τῶν</span> <span class='ocrx_word' id='word_1_470' title='bbox 606 1621 758 1657; x_wconf 80' lang='grc' dir='ltr'>εἰρημένων</span> <span class='ocrx_word' id='word_1_471' title='bbox 781 1620 829 1656; x_wconf 84' lang='grc' dir='ltr'>τὴν</span> <span class='ocrx_word' id='word_1_472' title='bbox 853 1620 933 1647; x_wconf 84' lang='grc' dir='ltr'>δύνα-</span> 
     </span>
    </p>
   </div>
   <div class='ocr_carea' id='block_1_63' title="bbox 148 1665 936 1704">
    <p class='ocr_par' dir='ltr' id='par_1_63' title="bbox 148 1665 936 1704">
     <span class='ocr_line' id='line_1_63' title="bbox 148 1665 936 1704; baseline -0.003 -10"><span class='ocrx_word' id='word_1_473' title='bbox 148 1677 207 1704; x_wconf 88' lang='grc' dir='ltr'>μιν,</span> <span class='ocrx_word' id='word_1_474' title='bbox 223 1668 308 1694; x_wconf 73' lang='grc' dir='ltr'>οἴεται</span> <span class='ocrx_word' id='word_1_475' title='bbox 327 1668 356 1694; x_wconf 82' lang='grc' dir='ltr'>δὲ</span> <span class='ocrx_word' id='word_1_476' title='bbox 369 1667 410 1694; x_wconf 82' lang='grc' dir='ltr'>ὅτι</span> <span class='ocrx_word' id='word_1_477' title='bbox 423 1666 494 1693; x_wconf 85' lang='grc' dir='ltr'>κατά</span> <span class='ocrx_word' id='word_1_478' title='bbox 514 1674 590 1698; x_wconf 85' lang='grc' dir='ltr'>τινας</span> <span class='ocrx_word' id='word_1_479' title='bbox 608 1666 662 1693; x_wconf 86' lang='grc' dir='ltr'>τῶν</span> <span class='ocrx_word' id='word_1_480' title='bbox 684 1666 714 1699; x_wconf 72' lang='grc' dir='ltr'><strong>ἐξ</strong></span> <span class='ocrx_word' id='word_1_481' title='bbox 742 1666 860 1702; x_wconf 79' lang='grc' dir='ltr'>ἐπῳδῆς,</span> <span class='ocrx_word' id='word_1_482' title='bbox 887 1665 936 1692; x_wconf 74' lang='grc' dir='ltr'>καὶ</span> 
     </span>
    </p>
   </div>
   <div class='ocr_carea' id='block_1_64' title="bbox 145 1712 935 1750">
    <p class='ocr_par' dir='ltr' id='par_1_64' title="bbox 145 1712 935 1750">
     <span class='ocr_line' id='line_1_64' title="bbox 145 1712 935 1750; baseline -0.004 -9"><span class='ocrx_word' id='word_1_483' title='bbox 145 1713 340 1750; x_wconf 82' lang='grc' dir='ltr'>δαιμονιώδους</span> <span class='ocrx_word' id='word_1_484' title='bbox 355 1712 463 1747; x_wconf 83' lang='grc' dir='ltr'>ἀπάτης</span> <span class='ocrx_word' id='word_1_485' title='bbox 477 1712 695 1748; x_wconf 85' lang='grc' dir='ltr'>θαυματουργεῖν</span> <span class='ocrx_word' id='word_1_486' title='bbox 709 1712 853 1744; x_wconf 80' lang='grc' dir='ltr'>εἰωθότων,</span> <span class='ocrx_word' id='word_1_487' title='bbox 864 1720 935 1747; x_wconf 83' lang='grc' dir='ltr'>σχοι-</span> 
     </span>
    </p>
   </div>
   <div class='ocr_carea' id='block_1_65' title="bbox 146 1758 935 1796">
    <p class='ocr_par' dir='ltr' id='par_1_65' title="bbox 146 1758 935 1796">
     <span class='ocr_line' id='line_1_65' title="bbox 146 1758 935 1796; baseline -0.003 -10"><span class='ocrx_word' id='word_1_488' title='bbox 146 1759 206 1786; x_wconf 83' lang='grc' dir='ltr'>νίου</span> <span class='ocrx_word' id='word_1_489' title='bbox 220 1768 250 1785; x_wconf 86' lang='grc' dir='ltr'>τε</span> <span class='ocrx_word' id='word_1_490' title='bbox 261 1759 331 1794; x_wconf 89' lang='grc' dir='ltr'>δίχα,</span> <span class='ocrx_word' id='word_1_491' title='bbox 359 1758 405 1785; x_wconf 85' lang='grc' dir='ltr'>καί</span> <span class='ocrx_word' id='word_1_492' title='bbox 416 1767 486 1790; x_wconf 86' lang='grc' dir='ltr'>τινος</span> <span class='ocrx_word' id='word_1_493' title='bbox 505 1758 600 1794; x_wconf 82' lang='grc' dir='ltr'>ἐτέρας</span> <span class='ocrx_word' id='word_1_494' title='bbox 622 1758 756 1796; x_wconf 85' lang='grc' dir='ltr'>μηχανῆς,</span> <span class='ocrx_word' id='word_1_495' title='bbox 785 1758 935 1793; x_wconf 77' lang='grc' dir='ltr'>αὐτόματον</span> 
     </span>
    </p>
   </div>
   <div class='ocr_carea' id='block_1_66' title="bbox 146 1804 933 1841">
    <p class='ocr_par' dir='ltr' id='par_1_66' title="bbox 146 1804 933 1841">
     <span class='ocr_line' id='line_1_66' title="bbox 146 1804 933 1841; baseline -0.003 -9"><span class='ocrx_word' id='word_1_496' title='bbox 146 1806 219 1841; x_wconf 75' lang='grc' dir='ltr'>αὐτῇ</span> <span class='ocrx_word' id='word_1_497' title='bbox 233 1806 262 1832; x_wconf 80' lang='grc' dir='ltr'>τὺ</span> <span class='ocrx_word' id='word_1_498' title='bbox 273 1805 345 1840; x_wconf 78' lang='grc' dir='ltr'>ὕδωρ</span> <span class='ocrx_word' id='word_1_499' title='bbox 362 1805 394 1831; x_wconf 82' lang='grc' dir='ltr'>ὲκ</span> <span class='ocrx_word' id='word_1_500' title='bbox 409 1804 464 1831; x_wconf 82' lang='grc' dir='ltr'>τῶν</span> <span class='ocrx_word' id='word_1_501' title='bbox 481 1804 632 1840; x_wconf 84' lang='grc' dir='ltr'>φρεατείων</span> <span class='ocrx_word' id='word_1_502' title='bbox 654 1805 754 1831; x_wconf 81' lang='grc' dir='ltr'>ἀνοίσει</span> <span class='ocrx_word' id='word_1_503' title='bbox 771 1804 916 1839; x_wconf 79' lang='grc' dir='ltr'>πυθμένων</span> <span class='ocrx_word' id='word_1_504' title='bbox 927 1811 933 1817; x_wconf 94' lang='grc'><strong>·</strong></span> 
     </span>
    </p>
   </div>
   <div class='ocr_carea' id='block_1_67' title="bbox 148 1849 935 1886">
    <p class='ocr_par' dir='ltr' id='par_1_67' title="bbox 148 1849 935 1886">
     <span class='ocr_line' id='line_1_67' title="bbox 148 1849 935 1886; baseline 0 -10"><span class='ocrx_word' id='word_1_505' title='bbox 148 1850 223 1886; x_wconf 69' lang='grc' dir='ltr'>ὕδωρ</span> <span class='ocrx_word' id='word_1_506' title='bbox 234 1851 262 1878; x_wconf 80' lang='grc' dir='ltr'>δὲ</span> <span class='ocrx_word' id='word_1_507' title='bbox 279 1850 343 1883; x_wconf 81' lang='grc' dir='ltr'>ζῶν,</span> <span class='ocrx_word' id='word_1_508' title='bbox 356 1849 392 1882; x_wconf 86' lang='grc' dir='ltr'>ὼς</span> <span class='ocrx_word' id='word_1_509' title='bbox 406 1850 473 1886; x_wconf 72' lang='grc' dir='ltr'>πρὸς</span> <span class='ocrx_word' id='word_1_510' title='bbox 489 1850 533 1876; x_wconf 82' lang='grc' dir='ltr'>τὸν</span> <span class='ocrx_word' id='word_1_511' title='bbox 546 1850 646 1876; x_wconf 75' lang='grc' dir='ltr'>οἰκεῖον</span> <span class='ocrx_word' id='word_1_512' title='bbox 668 1849 794 1886; x_wconf 80' lang='grc' dir='ltr'>ὀνομάζει</span> <span class='ocrx_word' id='word_1_513' title='bbox 824 1849 935 1882; x_wconf 78' lang='grc' dir='ltr'>σκοπὸν,</span> 
     </span>
    </p>
   </div>
   <div class='ocr_carea' id='block_1_68' title="bbox 146 1887 846 1931">
    <p class='ocr_par' dir='ltr' id='par_1_68' title="bbox 146 1887 846 1931">
     <span class='ocr_line' id='line_1_68' title="bbox 146 1887 846 1931; baseline -0.003 -7"><span class='ocrx_word' id='word_1_514' title='bbox 146 1898 180 1924; x_wconf 74' lang='grc' dir='ltr'>τὸ</span> <span class='ocrx_word' id='word_1_515' title='bbox 191 1897 289 1923; x_wconf 77' lang='grc' dir='ltr'>νεωστὶ</span> <span class='ocrx_word' id='word_1_516' title='bbox 305 1896 359 1923; x_wconf 85' lang='grc' dir='ltr'>τῶν</span> <span class='ocrx_word' id='word_1_517' title='bbox 390 1887 516 1931; x_wconf 69' lang='grc' dir='ltr'>πηγαίων</span> <span class='ocrx_word' id='word_1_518' title='bbox 530 1895 705 1931; x_wconf 80' lang='grc' dir='ltr'>άνομϐρῆσαν</span> <span class='ocrx_word' id='word_1_519' title='bbox 726 1895 846 1930; x_wconf 83' lang='grc' dir='ltr'>μαστῶν.</span> 
     </span>
    </p>
   </div>
   <div class='ocr_carea' id='block_1_69' title="bbox 184 1939 937 1977">
    <p class='ocr_par' dir='ltr' id='par_1_69' title="bbox 184 1939 937 1977">
     <span class='ocr_line' id='line_1_69' title="bbox 184 1939 937 1977; baseline -0.003 -8"><span class='ocrx_word' id='word_1_520' title='bbox 184 1942 235 1976; x_wconf 82' lang='grc' dir='ltr'>Μὴ</span> <span class='ocrx_word' id='word_1_521' title='bbox 252 1941 292 1968; x_wconf 81' lang='grc' dir='ltr'>σὺ</span> <span class='ocrx_word' id='word_1_522' title='bbox 301 1941 407 1977; x_wconf 82' lang='grc' dir='ltr'>μείζων</span> <span class='ocrx_word' id='word_1_523' title='bbox 423 1939 450 1968; x_wconf 80' lang='lat' dir='ltr'>sl</span> <span class='ocrx_word' id='word_1_524' title='bbox 459 1941 512 1968; x_wconf 87' lang='grc' dir='ltr'>τοῦ</span> <span class='ocrx_word' id='word_1_525' title='bbox 535 1941 649 1975; x_wconf 84' lang='grc' dir='ltr'>πατρὸς</span> <span class='ocrx_word' id='word_1_526' title='bbox 669 1940 753 1975; x_wconf 76' lang='grc' dir='ltr'>ἡμῶν</span> <span class='ocrx_word' id='word_1_527' title='bbox 770 1940 883 1973; x_wconf 81' lang='grc' dir='ltr'>Ἰακὼϐ,</span> <span class='ocrx_word' id='word_1_528' title='bbox 903 1941 937 1974; x_wconf 84' lang='grc' dir='ltr'>ὃς</span> 
     </span>
    </p>
   </div>
   <div class='ocr_carea' id='block_1_70' title="bbox 147 1986 937 2022">
    <p class='ocr_par' dir='ltr' id='par_1_70' title="bbox 147 1986 937 2022">
     <span class='ocr_line' id='line_1_70' title="bbox 147 1986 937 2022; baseline -0.001 -7"><span class='ocrx_word' id='word_1_529' title='bbox 147 1987 263 2015; x_wconf 79' lang='grc' dir='ltr'>ἔδωκεν</span> <span class='ocrx_word' id='word_1_530' title='bbox 278 1987 349 2022; x_wconf 69' lang='grc' dir='ltr'>’ἡμῖν</span> <span class='ocrx_word' id='word_1_531' title='bbox 362 1987 394 2013; x_wconf 87' lang='grc' dir='ltr'>τὸ</span> <span class='ocrx_word' id='word_1_532' title='bbox 409 1986 502 2022; x_wconf 70' lang='grc' dir='ltr'>φρέαρ</span> <span class='ocrx_word' id='word_1_533' title='bbox 511 1986 610 2020; x_wconf 86' lang='grc' dir='ltr'>τοῦτο,</span> <span class='ocrx_word' id='word_1_534' title='bbox 625 1987 674 2014; x_wconf 75' lang='grc' dir='ltr'>καὶ</span> <span class='ocrx_word' id='word_1_535' title='bbox 688 1987 779 2020; x_wconf 82' lang='grc' dir='ltr'>αὐτὸς</span> <span class='ocrx_word' id='word_1_536' title='bbox 797 1987 831 2019; x_wconf 82' lang='grc' dir='ltr'>ἐξ</span> <span class='ocrx_word' id='word_1_537' title='bbox 844 1987 937 2014; x_wconf 81' lang='grc' dir='ltr'>αὐτοῦ</span> 
     </span>
    </p>
   </div>
   <div class='ocr_carea' id='block_1_71' title="bbox 147 2025 936 2067">
    <p class='ocr_par' dir='ltr' id='par_1_71' title="bbox 147 2025 936 2067">
     <span class='ocr_line' id='line_1_71' title="bbox 147 2025 936 2067; baseline 0 -7"><span class='ocrx_word' id='word_1_538' title='bbox 147 2034 226 2067; x_wconf 73' lang='grc' dir='ltr'>ἔπιε,</span> <span class='ocrx_word' id='word_1_539' title='bbox 243 2033 293 2059; x_wconf 76' lang='grc' dir='ltr'>καὶ</span> <span class='ocrx_word' id='word_1_540' title='bbox 308 2034 334 2059; x_wconf 81' lang='lat' dir='ltr'>al</span> <span class='ocrx_word' id='word_1_541' title='bbox 345 2032 404 2059; x_wconf 74' lang='grc' dir='ltr'>υἱοὶ</span> <span class='ocrx_word' id='word_1_542' title='bbox 424 2025 527 2065; x_wconf 68' lang='grc' dir='ltr'>αὑτοῦ,</span> <span class='ocrx_word' id='word_1_543' title='bbox 541 2031 591 2058; x_wconf 78' lang='grc' dir='ltr'>καὶ</span> <span class='ocrx_word' id='word_1_544' title='bbox 607 2032 643 2058; x_wconf 77' lang='grc' dir='ltr'>τὰ</span> <span class='ocrx_word' id='word_1_545' title='bbox 655 2031 803 2067; x_wconf 78' lang='grc' dir='ltr'>θρέμματα</span> <span class='ocrx_word' id='word_1_546' title='bbox 821 2032 914 2060; x_wconf 84' lang='grc' dir='ltr'>αὑτοῦ</span> <span class='ocrx_word' id='word_1_547' title='bbox 927 2039 936 2063; x_wconf 90' lang='lat'><strong>,&#39;</strong></span> 
     </span>
    </p>
   </div>
   <div class='ocr_carea' id='block_1_72' title="bbox 149 2075 708 2113">
    <p class='ocr_par' dir='ltr' id='par_1_72' title="bbox 149 2075 708 2113">
     <span class='ocr_line' id='line_1_72' title="bbox 149 2075 708 2113; baseline -0.002 -7"><span class='ocrx_word' id='word_1_548' title='bbox 149 2079 308 2113; x_wconf 81' lang='grc' dir='ltr'>Ἀπεκρίθη</span> <span class='ocrx_word' id='word_1_549' title='bbox 328 2078 452 2111; x_wconf 84' lang='grc' dir='ltr'>Ἰησοῦς,</span> <span class='ocrx_word' id='word_1_550' title='bbox 464 2077 513 2104; x_wconf 77' lang='grc' dir='ltr'>καὶ</span> <span class='ocrx_word' id='word_1_551' title='bbox 526 2075 610 2104; x_wconf 77' lang='grc' dir='ltr'>εἶπεν</span> <span class='ocrx_word' id='word_1_552' title='bbox 621 2077 708 2111; x_wconf 77' lang='grc' dir='ltr'>αὐτῇ.</span> 
     </span>
    </p>
   </div>
   <div class='ocr_carea' id='block_1_73' title="bbox 190 2118 938 2160">
    <p class='ocr_par' dir='ltr' id='par_1_73' title="bbox 190 2118 938 2160">
     <span class='ocr_line' id='line_1_73' title="bbox 190 2118 938 2160; baseline -0.003 -9"><span class='ocrx_word' id='word_1_553' title='bbox 190 2125 306 2160; x_wconf 81' lang='grc' dir='ltr'>Ἐαυτῆς</span> <span class='ocrx_word' id='word_1_554' title='bbox 317 2123 540 2159; x_wconf 76' lang='grc' dir='ltr'>ἐπιλαμϐάνεται,</span> <span class='ocrx_word' id='word_1_555' title='bbox 556 2123 603 2149; x_wconf 79' lang='grc' dir='ltr'>καὶ</span> <span class='ocrx_word' id='word_1_556' title='bbox 628 2118 730 2157; x_wconf 64' lang='grc' dir='ltr'>σῷόδρα</span> <span class='ocrx_word' id='word_1_557' title='bbox 742 2122 791 2157; x_wconf 84' lang='grc' dir='ltr'>τὴν</span> <span class='ocrx_word' id='word_1_558' title='bbox 808 2122 938 2158; x_wconf 80' lang='grc' dir='ltr'>ταχίστην</span> 
     </span>
    </p>
   </div>
   <div class='ocr_carea' id='block_1_74' title="bbox 149 2168 940 2206">
    <p class='ocr_par' dir='ltr' id='par_1_74' title="bbox 149 2168 940 2206">
     <span class='ocr_line' id='line_1_74' title="bbox 149 2168 940 2206; baseline -0.001 -10"><span class='ocrx_word' id='word_1_559' title='bbox 149 2172 167 2206; x_wconf 86' lang='grc' dir='ltr'>ἡ</span> <span class='ocrx_word' id='word_1_560' title='bbox 186 2170 266 2205; x_wconf 82' lang='grc' dir='ltr'>γυνὴ,</span> <span class='ocrx_word' id='word_1_561' title='bbox 287 2170 385 2205; x_wconf 85' lang='grc' dir='ltr'>συνορᾷ</span> <span class='ocrx_word' id='word_1_562' title='bbox 401 2169 430 2196; x_wconf 86' lang='grc' dir='ltr'>δὲ</span> <span class='ocrx_word' id='word_1_563' title='bbox 445 2169 494 2204; x_wconf 69' lang='grc' dir='ltr'>οὐχ</span> <span class='ocrx_word' id='word_1_564' title='bbox 507 2168 598 2200; x_wconf 81' lang='grc' dir='ltr'>ὁσίως,</span> <span class='ocrx_word' id='word_1_565' title='bbox 617 2168 677 2195; x_wconf 73' lang='grc' dir='ltr'>οὐδὲ</span> <span class='ocrx_word' id='word_1_566' title='bbox 698 2168 806 2200; x_wconf 82' lang='grc' dir='ltr'>πάντως</span> <span class='ocrx_word' id='word_1_567' title='bbox 829 2168 940 2204; x_wconf 84' lang='grc' dir='ltr'>ἀληθεῖς</span> 
     </span>
    </p>
   </div>
   <div class='ocr_carea' id='block_1_75' title="bbox 148 2212 938 2250">
    <p class='ocr_par' dir='ltr' id='par_1_75' title="bbox 148 2212 938 2250">
     <span class='ocr_line' id='line_1_75' title="bbox 148 2212 938 2250; baseline -0.003 -8"><span class='ocrx_word' id='word_1_568' title='bbox 148 2215 272 2242; x_wconf 74' lang='grc' dir='ltr'>λαϐοῦσα</span> <span class='ocrx_word' id='word_1_569' title='bbox 293 2215 343 2247; x_wconf 87' lang='grc' dir='ltr'>τὰς</span> <span class='ocrx_word' id='word_1_570' title='bbox 372 2214 498 2246; x_wconf 81' lang='grc' dir='ltr'>ὑπονοίας</span> <span class='ocrx_word' id='word_1_571' title='bbox 522 2214 585 2249; x_wconf 77' lang='grc' dir='ltr'>περὶ</span> <span class='ocrx_word' id='word_1_572' title='bbox 604 2213 707 2240; x_wconf 77' lang='grc' dir='ltr'>αὐτοῦ’</span> <span class='ocrx_word' id='word_1_573' title='bbox 732 2214 761 2240; x_wconf 82' lang='grc' dir='ltr'>οὐ</span> <span class='ocrx_word' id='word_1_574' title='bbox 785 2214 838 2250; x_wconf 84' lang='grc' dir='ltr'>γὰρ</span> <span class='ocrx_word' id='word_1_575' title='bbox 854 2212 938 2250; x_wconf 80' lang='grc' dir='ltr'>ἦνμὴ</span> 
     </span>
    </p>
   </div>
   <div class='ocr_carea' id='block_1_76' title="bbox 985 1621 1774 1657">
    <p class='ocr_par' dir='ltr' id='par_1_76' title="bbox 985 1621 1774 1657">
     <span class='ocr_line' id='line_1_76' title="bbox 985 1621 1774 1657; baseline 0 -7"><span class='ocrx_word' id='word_1_576' title='bbox 985 1622 1122 1650; x_wconf 89' lang='lat' dir='ltr'><strong>dictorum</strong></span> <span class='ocrx_word' id='word_1_577' title='bbox 1136 1623 1189 1649; x_wconf 89' lang='lat' dir='ltr'><strong>vim</strong></span> <span class='ocrx_word' id='word_1_578' title='bbox 1204 1622 1289 1657; x_wconf 89' lang='lat' dir='ltr'><strong>capit,</strong></span> <span class='ocrx_word' id='word_1_579' title='bbox 1306 1622 1353 1649; x_wconf 90' lang='lat' dir='ltr'>sed</span> <span class='ocrx_word' id='word_1_580' title='bbox 1371 1621 1511 1649; x_wconf 82' lang='lat' dir='ltr'><strong>existimat</strong></span> <span class='ocrx_word' id='word_1_581' title='bbox 1526 1625 1639 1657; x_wconf 90' lang='lat' dir='ltr'><strong>repente</strong></span> <span class='ocrx_word' id='word_1_582' title='bbox 1655 1622 1745 1657; x_wconf 89' lang='lat' dir='ltr'><strong>ipsum</strong></span> <span class='ocrx_word' id='word_1_583' title='bbox 1758 1631 1774 1650; x_wconf 88' lang='lat' dir='ltr'>e</span> 
     </span>
    </p>
   </div>
   <div class='ocr_carea' id='block_1_77' title="bbox 986 1667 1775 1703">
    <p class='ocr_par' dir='ltr' id='par_1_77' title="bbox 986 1667 1775 1703">
     <span class='ocr_line' id='line_1_77' title="bbox 986 1667 1775 1703; baseline 0.001 -8"><span class='ocrx_word' id='word_1_584' title='bbox 986 1669 1060 1703; x_wconf 90' lang='lat' dir='ltr'><strong>putei</strong></span> <span class='ocrx_word' id='word_1_585' title='bbox 1073 1667 1158 1695; x_wconf 85' lang='lat' dir='ltr'><strong>fundo</strong></span> <span class='ocrx_word' id='word_1_586' title='bbox 1168 1675 1265 1702; x_wconf 87' lang='lat' dir='ltr'><strong>aquam</strong></span> <span class='ocrx_word' id='word_1_587' title='bbox 1282 1667 1542 1701; x_wconf 83' lang='lat' dir='ltr'><strong>deducturum,non</strong></span> <span class='ocrx_word' id='word_1_588' title='bbox 1560 1675 1639 1696; x_wconf 85' lang='lat' dir='ltr'><strong>secus</strong></span> <span class='ocrx_word' id='word_1_589' title='bbox 1651 1669 1710 1696; x_wconf 90' lang='lat' dir='ltr'><strong>acii</strong></span> <span class='ocrx_word' id='word_1_590' title='bbox 1727 1669 1775 1703; x_wconf 85' lang='lat' dir='ltr'><strong>qui</strong></span> 
     </span>
    </p>
   </div>
   <div class='ocr_carea' id='block_1_78' title="bbox 987 1713 1774 1749">
    <p class='ocr_par' dir='ltr' id='par_1_78' title="bbox 987 1713 1774 1749">
     <span class='ocr_line' id='line_1_78' title="bbox 987 1713 1774 1749; baseline 0 -8"><span class='ocrx_word' id='word_1_591' title='bbox 987 1714 1101 1749; x_wconf 81' lang='lat' dir='ltr'><strong>magicis</strong></span> <span class='ocrx_word' id='word_1_592' title='bbox 1115 1714 1286 1741; x_wconf 82' lang='lat' dir='ltr'><strong>carminibus</strong></span> <span class='ocrx_word' id='word_1_593' title='bbox 1300 1721 1332 1740; x_wconf 84' lang='lat' dir='ltr'>ac</span> <span class='ocrx_word' id='word_1_594' title='bbox 1353 1713 1508 1741; x_wconf 85' lang='lat' dir='ltr'><strong>daemonum</strong></span> <span class='ocrx_word' id='word_1_595' title='bbox 1525 1713 1621 1741; x_wconf 79' lang='lat' dir='ltr'><strong>fraude</strong></span> <span class='ocrx_word' id='word_1_596' title='bbox 1637 1715 1774 1742; x_wconf 87' lang='lat' dir='ltr'><strong>mirabilia</strong></span> 
     </span>
    </p>
   </div>
   <div class='ocr_carea' id='block_1_79' title="bbox 986 1759 1774 1795">
    <p class='ocr_par' dir='ltr' id='par_1_79' title="bbox 986 1759 1774 1795">
     <span class='ocr_line' id='line_1_79' title="bbox 986 1759 1774 1795; baseline 0 -8"><span class='ocrx_word' id='word_1_597' title='bbox 986 1765 1096 1795; x_wconf 86' lang='lat' dir='ltr'><strong>patrare</strong></span> <span class='ocrx_word' id='word_1_598' title='bbox 1118 1760 1220 1788; x_wconf 89' lang='lat' dir='ltr'><strong>solent.</strong></span> <span class='ocrx_word' id='word_1_599' title='bbox 1237 1759 1342 1794; x_wconf 82' lang='lat' dir='ltr'><strong>Aquam</strong></span> <span class='ocrx_word' id='word_1_600' title='bbox 1362 1760 1462 1793; x_wconf 87' lang='lat' dir='ltr'><strong>vivam,</strong></span> <span class='ocrx_word' id='word_1_601' title='bbox 1479 1767 1512 1787; x_wconf 84' lang='lat' dir='ltr'><strong>ex</strong></span> <span class='ocrx_word' id='word_1_602' title='bbox 1534 1768 1584 1788; x_wconf 90' lang='lat' dir='ltr'><strong>sua</strong></span> <span class='ocrx_word' id='word_1_603' title='bbox 1609 1764 1702 1788; x_wconf 87' lang='lat' dir='ltr'><strong>mente</strong></span> <span class='ocrx_word' id='word_1_604' title='bbox 1723 1767 1774 1788; x_wconf 89' lang='lat' dir='ltr'><strong>no-</strong></span> 
     </span>
    </p>
   </div>
   <div class='ocr_carea' id='block_1_80' title="bbox 987 1805 1775 1840">
    <p class='ocr_par' dir='ltr' id='par_1_80' title="bbox 987 1805 1775 1840">
     <span class='ocr_line' id='line_1_80' title="bbox 987 1805 1775 1840; baseline 0.001 -8"><span class='ocrx_word' id='word_1_605' title='bbox 987 1806 1085 1838; x_wconf 88' lang='lat' dir='ltr'><strong>minat,</strong></span> <span class='ocrx_word' id='word_1_606' title='bbox 1109 1812 1206 1840; x_wconf 88' lang='lat' dir='ltr'><strong>nempe</strong></span> <span class='ocrx_word' id='word_1_607' title='bbox 1222 1813 1284 1840; x_wconf 78' lang='lat' dir='ltr'><strong>quae</strong></span> <span class='ocrx_word' id='word_1_608' title='bbox 1308 1813 1340 1833; x_wconf 82' lang='lat' dir='ltr'><strong>ex</strong></span> <span class='ocrx_word' id='word_1_609' title='bbox 1357 1805 1440 1833; x_wconf 81' lang='lat' dir='ltr'><strong>fontis</strong></span> <span class='ocrx_word' id='word_1_610' title='bbox 1460 1805 1594 1833; x_wconf 87' lang='lat' dir='ltr'><strong>uberibus</strong></span> <span class='ocrx_word' id='word_1_611' title='bbox 1613 1812 1711 1834; x_wconf 87' lang='lat' dir='ltr'><strong>recens</strong></span> <span class='ocrx_word' id='word_1_612' title='bbox 1733 1805 1775 1834; x_wconf 77' lang='lat' dir='ltr'>et-</span> 
     </span>
    </p>
   </div>
   <div class='ocr_carea' id='block_1_81' title="bbox 986 1850 1073 1878">
    <p class='ocr_par' dir='ltr' id='par_1_81' title="bbox 986 1850 1073 1878">
     <span class='ocr_line' id='line_1_81' title="bbox 986 1850 1073 1878; baseline 0 -1"><span class='ocrx_word' id='word_1_613' title='bbox 986 1850 1073 1878; x_wconf 80' lang='lat' dir='ltr'><strong>ﬂuxit.</strong></span> 
     </span>
    </p>
   </div>
   <div class='ocr_carea' id='block_1_82' title="bbox 1024 1938 1774 1974">
    <p class='ocr_par' dir='ltr' id='par_1_82' title="bbox 1024 1938 1774 1974">
     <span class='ocr_line' id='line_1_82' title="bbox 1024 1938 1774 1974; baseline -0.003 -7"><span class='ocrx_word' id='word_1_614' title='bbox 1024 1939 1068 1971; x_wconf 88' lang='lat' dir='ltr'>IV,</span> <span class='ocrx_word' id='word_1_615' title='bbox 1081 1939 1124 1966; x_wconf 76' lang='grc'>12.</span> <span class='ocrx_word' id='word_1_616' title='bbox 1148 1939 1285 1974; x_wconf 82' lang='lat' dir='ltr'>Numquid</span> <span class='ocrx_word' id='word_1_617' title='bbox 1302 1943 1329 1965; x_wconf 87' lang='lat' dir='ltr'><strong>tu</strong></span> <span class='ocrx_word' id='word_1_618' title='bbox 1345 1938 1432 1973; x_wconf 82' lang='lat' dir='ltr'><strong>major</strong></span> <span class='ocrx_word' id='word_1_619' title='bbox 1446 1947 1472 1966; x_wconf 82' lang='lat' dir='ltr'>es</span> <span class='ocrx_word' id='word_1_620' title='bbox 1483 1944 1558 1973; x_wconf 82' lang='lat' dir='ltr'><strong>patre</strong></span> <span class='ocrx_word' id='word_1_621' title='bbox 1574 1943 1664 1966; x_wconf 77' lang='lat' dir='ltr'><strong>nostro</strong></span> <span class='ocrx_word' id='word_1_622' title='bbox 1678 1939 1774 1973; x_wconf 71' lang='lat' dir='ltr'>Iacob,</span> 
     </span>
    </p>
   </div>
   <div class='ocr_carea' id='block_1_83' title="bbox 988 1985 1774 2020">
    <p class='ocr_par' dir='ltr' id='par_1_83' title="bbox 988 1985 1774 2020">
     <span class='ocr_line' id='line_1_83' title="bbox 988 1985 1774 2020; baseline 0 -8"><span class='ocrx_word' id='word_1_623' title='bbox 988 1986 1034 2020; x_wconf 80' lang='lat' dir='ltr'><strong>qui</strong></span> <span class='ocrx_word' id='word_1_624' title='bbox 1044 1985 1115 2013; x_wconf 85' lang='lat' dir='ltr'><strong>dedit</strong></span> <span class='ocrx_word' id='word_1_625' title='bbox 1133 1986 1207 2017; x_wconf 78' lang='lat' dir='ltr'><strong>nobis</strong></span> <span class='ocrx_word' id='word_1_626' title='bbox 1223 1990 1329 2020; x_wconf 76' lang='lat' dir='ltr'><strong>puteum</strong></span> <span class='ocrx_word' id='word_1_627' title='bbox 1356 1985 1435 2017; x_wconf 81' lang='lat' dir='ltr'><strong>hunc,</strong></span> <span class='ocrx_word' id='word_1_628' title='bbox 1447 1991 1471 2012; x_wconf 82' lang='lat' dir='ltr'><strong>et</strong></span> <span class='ocrx_word' id='word_1_629' title='bbox 1485 1985 1539 2019; x_wconf 77' lang='lat' dir='ltr'><strong>ipse</strong></span> <span class='ocrx_word' id='word_1_630' title='bbox 1555 1993 1588 2012; x_wconf 73' lang='lat' dir='ltr'>ea:</span> <span class='ocrx_word' id='word_1_631' title='bbox 1602 1993 1631 2013; x_wconf 89' lang='lat' dir='ltr'><strong>eo</strong></span> <span class='ocrx_word' id='word_1_632' title='bbox 1650 1985 1726 2019; x_wconf 73' lang='lat' dir='ltr'><strong>bibit,</strong></span> <span class='ocrx_word' id='word_1_633' title='bbox 1749 1989 1774 2013; x_wconf 84' lang='lat' dir='ltr'><strong>et</strong></span> 
     </span>
    </p>
   </div>
   <div class='ocr_carea' id='block_1_84' title="bbox 988 2029 1774 2065">
    <p class='ocr_par' dir='ltr' id='par_1_84' title="bbox 988 2029 1774 2065">
     <span class='ocr_line' id='line_1_84' title="bbox 988 2029 1774 2065; baseline 0.003 -9"><span class='ocrx_word' id='word_1_634' title='bbox 988 2029 1041 2064; x_wconf 82' lang='lat' dir='ltr'>ﬁlii</span> <span class='ocrx_word' id='word_1_635' title='bbox 1065 2029 1138 2064; x_wconf 80' lang='lat' dir='ltr'><strong>ejus,</strong></span> <span class='ocrx_word' id='word_1_636' title='bbox 1161 2033 1186 2056; x_wconf 86' lang='lat' dir='ltr'><strong>et</strong></span> <span class='ocrx_word' id='word_1_637' title='bbox 1216 2037 1311 2064; x_wconf 84' lang='lat' dir='ltr'><strong>pecora</strong></span> <span class='ocrx_word' id='word_1_638' title='bbox 1345 2029 1422 2064; x_wconf 73' lang='lat' dir='ltr'><strong>ejus?</strong></span> <span class='ocrx_word' id='word_1_639' title='bbox 1451 2029 1593 2065; x_wconf 77' lang='lat' dir='ltr'><strong>Respondit</strong></span> <span class='ocrx_word' id='word_1_640' title='bbox 1625 2029 1722 2064; x_wconf 77' lang='lat' dir='ltr'><strong>Jews,</strong></span> <span class='ocrx_word' id='word_1_641' title='bbox 1749 2035 1774 2058; x_wconf 82' lang='lat' dir='ltr'><strong>et</strong></span> 
     </span>
    </p>
   </div>
   <div class='ocr_carea' id='block_1_85' title="bbox 989 2075 1106 2103">
    <p class='ocr_par' dir='ltr' id='par_1_85' title="bbox 989 2075 1106 2103">
     <span class='ocr_line' id='line_1_85' title="bbox 989 2075 1106 2103; baseline 0 -1"><span class='ocrx_word' id='word_1_642' title='bbox 989 2075 1057 2102; x_wconf 67' lang='lat' dir='ltr'><strong>dixit</strong></span> <span class='ocrx_word' id='word_1_643' title='bbox 1072 2076 1106 2103; x_wconf 81' lang='lat' dir='ltr'>ei.</span> 
     </span>
    </p>
   </div>
   <div class='ocr_carea' id='block_1_86' title="bbox 1024 2121 1776 2158">
    <p class='ocr_par' dir='ltr' id='par_1_86' title="bbox 1024 2121 1776 2158">
     <span class='ocr_line' id='line_1_86' title="bbox 1024 2121 1776 2158; baseline 0.001 -9"><span class='ocrx_word' id='word_1_644' title='bbox 1024 2121 1123 2150; x_wconf 84' lang='lat' dir='ltr'><strong>Mulier</strong></span> <span class='ocrx_word' id='word_1_645' title='bbox 1140 2122 1196 2150; x_wconf 90' lang='lat' dir='ltr'><strong>cito</strong></span> <span class='ocrx_word' id='word_1_646' title='bbox 1216 2122 1337 2157; x_wconf 89' lang='lat' dir='ltr'><strong>seipsam</strong></span> <span class='ocrx_word' id='word_1_647' title='bbox 1351 2122 1481 2158; x_wconf 77' lang='lat' dir='ltr'><strong>castigat,</strong></span> <span class='ocrx_word' id='word_1_648' title='bbox 1496 2122 1633 2158; x_wconf 88' lang='lat' dir='ltr'><strong>simulque</strong></span> <span class='ocrx_word' id='word_1_649' title='bbox 1651 2123 1776 2151; x_wconf 84' lang='lat' dir='ltr'><strong>animad-</strong></span> 
     </span>
    </p>
   </div>
   <div class='ocr_carea' id='block_1_87' title="bbox 989 2168 1775 2203">
    <p class='ocr_par' dir='ltr' id='par_1_87' title="bbox 989 2168 1775 2203">
     <span class='ocr_line' id='line_1_87' title="bbox 989 2168 1775 2203; baseline -0.001 -7"><span class='ocrx_word' id='word_1_650' title='bbox 989 2169 1071 2197; x_wconf 80' lang='lat' dir='ltr'><strong>vertit</strong></span> <span class='ocrx_word' id='word_1_651' title='bbox 1090 2176 1119 2197; x_wconf 90' lang='lat' dir='ltr'><strong>se</strong></span> <span class='ocrx_word' id='word_1_652' title='bbox 1134 2176 1188 2196; x_wconf 92' lang='lat' dir='ltr'><strong>non</strong></span> <span class='ocrx_word' id='word_1_653' title='bbox 1204 2169 1247 2203; x_wconf 88' lang='lat' dir='ltr'>pie</span> <span class='ocrx_word' id='word_1_654' title='bbox 1267 2172 1294 2195; x_wconf 88' lang='lat' dir='ltr'><strong>et</strong></span> <span class='ocrx_word' id='word_1_655' title='bbox 1307 2175 1371 2196; x_wconf 87' lang='lat' dir='ltr'><strong>vere</strong></span> <span class='ocrx_word' id='word_1_656' title='bbox 1387 2168 1421 2196; x_wconf 92' lang='lat' dir='ltr'><strong>de</strong></span> <span class='ocrx_word' id='word_1_657' title='bbox 1443 2169 1490 2196; x_wconf 91' lang='lat' dir='ltr'><strong>illo</strong></span> <span class='ocrx_word' id='word_1_658' title='bbox 1505 2169 1616 2196; x_wconf 86' lang='lat' dir='ltr'><strong>sentire.</strong></span> <span class='ocrx_word' id='word_1_659' title='bbox 1630 2168 1686 2197; x_wconf 87' lang='lat' dir='ltr'>Nec</span> <span class='ocrx_word' id='word_1_660' title='bbox 1702 2169 1775 2197; x_wconf 91' lang='lat' dir='ltr'><strong>enim</strong></span> 
     </span>
    </p>
   </div>
   <div class='ocr_carea' id='block_1_88' title="bbox 990 2211 1774 2249">
    <p class='ocr_par' dir='ltr' id='par_1_88' title="bbox 990 2211 1774 2249">
     <span class='ocr_line' id='line_1_88' title="bbox 990 2211 1774 2249; baseline 0.001 -10"><span class='ocrx_word' id='word_1_661' title='bbox 990 2211 1015 2239; x_wconf 83' lang='lat' dir='ltr'><strong>ei</strong></span> <span class='ocrx_word' id='word_1_662' title='bbox 1030 2212 1111 2246; x_wconf 88' lang='lat' dir='ltr'><strong>plane</strong></span> <span class='ocrx_word' id='word_1_663' title='bbox 1126 2211 1223 2240; x_wconf 88' lang='lat' dir='ltr'><strong>deesse</strong></span> <span class='ocrx_word' id='word_1_664' title='bbox 1237 2216 1344 2247; x_wconf 90' lang='lat' dir='ltr'><strong>poterat</strong></span> <span class='ocrx_word' id='word_1_665' title='bbox 1360 2213 1492 2240; x_wconf 88' lang='lat' dir='ltr'><strong>auxilium</strong></span> <span class='ocrx_word' id='word_1_666' title='bbox 1511 2212 1544 2240; x_wconf 84' lang='lat' dir='ltr'>ad</span> <span class='ocrx_word' id='word_1_667' title='bbox 1558 2213 1774 2249; x_wconf 78' lang='lat' dir='ltr'><strong>intelligendum,</strong></span> 
     </span>
    </p>
   </div>
   <div class='ocr_carea' id='block_1_89' title="bbox 150 2257 934 2295">
    <p class='ocr_par' dir='ltr' id='par_1_89' title="bbox 150 2258 934 2295">
     <span class='ocr_line' id='line_1_89' title="bbox 150 2258 934 2295; baseline -0.004 -7"><span class='ocrx_word' id='word_1_668' title='bbox 150 2261 262 2292; x_wconf 72' lang='grc' dir='ltr'>πάντως</span> <span class='ocrx_word' id='word_1_669' title='bbox 277 2260 439 2295; x_wconf 81' lang='grc' dir='ltr'>ὡφελεῖσθαι</span> <span class='ocrx_word' id='word_1_670' title='bbox 452 2259 520 2294; x_wconf 83' lang='grc' dir='ltr'>πρὸς</span> <span class='ocrx_word' id='word_1_671' title='bbox 536 2259 628 2293; x_wconf 79' lang='grc' dir='ltr'>νῆψιν,</span> <span class='ocrx_word' id='word_1_672' title='bbox 642 2258 692 2293; x_wconf 85' lang='grc' dir='ltr'>τὴν</span> <span class='ocrx_word' id='word_1_673' title='bbox 711 2259 778 2290; x_wconf 82' lang='grc' dir='ltr'>ὅλως</span> <span class='ocrx_word' id='word_1_674' title='bbox 788 2258 842 2285; x_wconf 84' lang='grc' dir='ltr'>τῶν</span> <span class='ocrx_word' id='word_1_675' title='bbox 858 2258 934 2285; x_wconf 82' lang='grc' dir='ltr'>θείων</span> 
     </span>
    </p>
   </div>
   <div class='ocr_carea' id='block_1_90' title="bbox 985 2257 1777 2295">
    <p class='ocr_par' dir='ltr' id='par_1_90' title="bbox 991 2257 1777 2293">
     <span class='ocr_line' id='line_1_90' title="bbox 991 2257 1777 2293; baseline 0.003 -9"><span class='ocrx_word' id='word_1_676' title='bbox 991 2257 1092 2293; x_wconf 88' lang='lat' dir='ltr'><strong>quippe</strong></span> <span class='ocrx_word' id='word_1_677' title='bbox 1114 2265 1174 2292; x_wconf 70' lang='lat' dir='ltr'><strong>quae</strong></span> <span class='ocrx_word' id='word_1_678' title='bbox 1195 2258 1297 2286; x_wconf 89' lang='lat' dir='ltr'><strong>divinis</strong></span> <span class='ocrx_word' id='word_1_679' title='bbox 1323 2258 1497 2287; x_wconf 85' lang='lat' dir='ltr'><strong>sermonibus</strong></span> <span class='ocrx_word' id='word_1_680' title='bbox 1526 2258 1674 2287; x_wconf 83' lang='lat' dir='ltr'><strong>frueretur.</strong></span> <span class='ocrx_word' id='word_1_681' title='bbox 1691 2258 1777 2292; x_wconf 83' lang='lat' dir='ltr'><strong>Quasi</strong></span> 
     </span>
    </p>
   </div>
   <div class='ocr_carea' id='block_1_91' title="bbox 150 2304 936 2340">
    <p class='ocr_par' dir='ltr' id='par_1_91' title="bbox 150 2304 936 2340">
     <span class='ocr_line' id='line_1_91' title="bbox 150 2304 936 2340; baseline -0.004 -6"><span class='ocrx_word' id='word_1_682' title='bbox 150 2306 339 2334; x_wconf 83' lang='grc' dir='ltr'>ἀπολαύουσαν</span> <span class='ocrx_word' id='word_1_683' title='bbox 352 2305 449 2339; x_wconf 91' lang='grc' dir='ltr'>λόγων.</span> <span class='ocrx_word' id='word_1_684' title='bbox 468 2305 512 2336; x_wconf 84' lang='grc' dir='ltr'>Ὡς</span> <span class='ocrx_word' id='word_1_685' title='bbox 521 2304 694 2339; x_wconf 76' lang='grc' dir='ltr'>ἐνδεχομένου</span> <span class='ocrx_word' id='word_1_686' title='bbox 703 2304 846 2339; x_wconf 82' lang='grc' dir='ltr'>τοιγαροῦν</span> <span class='ocrx_word' id='word_1_687' title='bbox 863 2306 936 2340; x_wconf 77' lang='grc' dir='ltr'>ἐπῳ-</span> 
     </span>
    </p>
   </div>
   <div class='ocr_carea' id='block_1_92' title="bbox 149 2349 937 2388">
    <p class='ocr_par' dir='ltr' id='par_1_92' title="bbox 149 2349 937 2388">
     <span class='ocr_line' id='line_1_92' title="bbox 149 2349 937 2388; baseline -0.005 -8"><span class='ocrx_word' id='word_1_688' title='bbox 149 2353 196 2380; x_wconf 79' lang='grc' dir='ltr'>δὸν</span> <span class='ocrx_word' id='word_1_689' title='bbox 212 2352 262 2388; x_wconf 83' lang='grc' dir='ltr'>μὲν</span> <span class='ocrx_word' id='word_1_690' title='bbox 278 2352 328 2379; x_wconf 75' lang='grc' dir='ltr'>οὐκ</span> <span class='ocrx_word' id='word_1_691' title='bbox 338 2349 407 2378; x_wconf 70' lang='grc' dir='ltr'>εἶναι</span> <span class='ocrx_word' id='word_1_692' title='bbox 419 2350 465 2377; x_wconf 82' lang='grc' dir='ltr'>τὸν</span> <span class='ocrx_word' id='word_1_693' title='bbox 478 2349 608 2384; x_wconf 86' lang='grc' dir='ltr'>λέγοντα,</span> <span class='ocrx_word' id='word_1_694' title='bbox 623 2349 765 2385; x_wconf 76' lang='grc' dir='ltr'>προφήτην</span> <span class='ocrx_word' id='word_1_695' title='bbox 780 2349 808 2376; x_wconf 84' lang='grc' dir='ltr'>δὲ</span> <span class='ocrx_word' id='word_1_696' title='bbox 839 2350 937 2385; x_wconf 84' lang='grc' dir='ltr'>μᾶλλον</span> 
     </span>
    </p>
   </div>
   <div class='ocr_carea' id='block_1_93' title="bbox 150 2394 937 2432">
    <p class='ocr_par' dir='ltr' id='par_1_93' title="bbox 150 2394 937 2432">
     <span class='ocr_line' id='line_1_93' title="bbox 150 2394 937 2432; baseline -0.004 -6"><span class='ocrx_word' id='word_1_697' title='bbox 150 2400 200 2426; x_wconf 71' lang='grc' dir='ltr'>καὶ</span> <span class='ocrx_word' id='word_1_698' title='bbox 218 2398 272 2425; x_wconf 81' lang='grc' dir='ltr'>τῶν</span> <span class='ocrx_word' id='word_1_699' title='bbox 291 2398 320 2424; x_wconf 82' lang='grc' dir='ltr'>ὲν</span> <span class='ocrx_word' id='word_1_700' title='bbox 337 2396 464 2432; x_wconf 77' lang='grc' dir='ltr'>ἁγιασμῷ</span> <span class='ocrx_word' id='word_1_701' title='bbox 476 2395 634 2432; x_wconf 80' lang='grc' dir='ltr'>διαπρέπων</span> <span class='ocrx_word' id='word_1_702' title='bbox 646 2394 937 2432; x_wconf 74' lang='grc' dir='ltr'>[ῖσ.διαπρεπόντων],</span> 
     </span>
    </p>
   </div>
   <div class='ocr_carea' id='block_1_94' title="bbox 149 2441 938 2478">
    <p class='ocr_par' dir='ltr' id='par_1_94' title="bbox 149 2441 938 2478">
     <span class='ocr_line' id='line_1_94' title="bbox 149 2441 938 2478; baseline -0.004 -6"><span class='ocrx_word' id='word_1_703' title='bbox 149 2445 197 2472; x_wconf 84' lang='grc' dir='ltr'>ὂιά</span> <span class='ocrx_word' id='word_1_704' title='bbox 219 2453 248 2471; x_wconf 89' lang='grc' dir='ltr'>τε</span> <span class='ocrx_word' id='word_1_705' title='bbox 274 2443 353 2470; x_wconf 80' lang='grc' dir='ltr'>τοῦτο</span> <span class='ocrx_word' id='word_1_706' title='bbox 380 2442 508 2478; x_wconf 81' lang='grc' dir='ltr'>παρέξειν</span> <span class='ocrx_word' id='word_1_707' title='bbox 529 2442 597 2477; x_wconf 86' lang='grc' dir='ltr'>αὐτῇ</span> <span class='ocrx_word' id='word_1_708' title='bbox 613 2443 643 2468; x_wconf 70' lang='grc' dir='ltr'>τὸ</span> <span class='ocrx_word' id='word_1_709' title='bbox 667 2441 737 2477; x_wconf 77' lang='grc' dir='ltr'>ὕδωρ</span> <span class='ocrx_word' id='word_1_710' title='bbox 750 2442 779 2468; x_wconf 78' lang='grc' dir='ltr'>τὸ</span> <span class='ocrx_word' id='word_1_711' title='bbox 801 2441 855 2473; x_wconf 83' lang='grc' dir='ltr'>ζῶν</span> <span class='ocrx_word' id='word_1_712' title='bbox 871 2451 938 2469; x_wconf 85' lang='grc' dir='ltr'>κατ-</span> 
     </span>
    </p>
   </div>
   <div class='ocr_carea' id='block_1_95' title="bbox 151 2487 940 2525">
    <p class='ocr_par' dir='ltr' id='par_1_95' title="bbox 151 2487 940 2525">
     <span class='ocr_line' id='line_1_95' title="bbox 151 2487 940 2525; baseline -0.005 -8"><span class='ocrx_word' id='word_1_713' title='bbox 151 2489 379 2525; x_wconf 75' lang='grc' dir='ltr'>επαγγέλλεσθαι,</span> <span class='ocrx_word' id='word_1_714' title='bbox 397 2488 444 2515; x_wconf 80' lang='grc' dir='ltr'>καὶ</span> <span class='ocrx_word' id='word_1_715' title='bbox 457 2487 517 2523; x_wconf 86' lang='grc' dir='ltr'>δίχα</span> <span class='ocrx_word' id='word_1_716' title='bbox 534 2487 588 2514; x_wconf 84' lang='grc' dir='ltr'>τῶν</span> <span class='ocrx_word' id='word_1_717' title='bbox 601 2487 670 2513; x_wconf 86' lang='grc' dir='ltr'>κατὰ</span> <span class='ocrx_word' id='word_1_718' title='bbox 686 2487 829 2522; x_wconf 83' lang='grc' dir='ltr'>συνήθειαν</span> <span class='ocrx_word' id='word_1_719' title='bbox 843 2488 940 2524; x_wconf 80' lang='grc' dir='ltr'>ἀντλη-</span> 
     </span>
    </p>
   </div>
   <div class='ocr_carea' id='block_1_96' title="bbox 153 2533 939 2572">
    <p class='ocr_par' dir='ltr' id='par_1_96' title="bbox 153 2533 939 2572">
     <span class='ocr_line' id='line_1_96' title="bbox 153 2533 939 2572; baseline -0.001 -10"><span class='ocrx_word' id='word_1_720' title='bbox 153 2537 258 2572; x_wconf 83' lang='grc' dir='ltr'>μάτων,</span> <span class='ocrx_word' id='word_1_721' title='bbox 277 2535 294 2570; x_wconf 84' lang='grc' dir='ltr'>ἢ</span> <span class='ocrx_word' id='word_1_722' title='bbox 318 2535 385 2561; x_wconf 82' lang='grc' dir='ltr'>πολὺ</span> <span class='ocrx_word' id='word_1_723' title='bbox 410 2534 477 2570; x_wconf 72' lang='grc' dir='ltr'>πρὸς</span> <span class='ocrx_word' id='word_1_724' title='bbox 503 2533 602 2569; x_wconf 85' lang='grc' dir='ltr'>χρῆσιν</span> <span class='ocrx_word' id='word_1_725' title='bbox 624 2533 654 2559; x_wconf 80' lang='grc' dir='ltr'>τὸ</span> <span class='ocrx_word' id='word_1_726' title='bbox 673 2533 782 2568; x_wconf 79' lang='grc' dir='ltr'>ἄμεινον</span> <span class='ocrx_word' id='word_1_727' title='bbox 798 2533 829 2566; x_wconf 76' lang='grc' dir='ltr'>ἐξ</span> <span class='ocrx_word' id='word_1_728' title='bbox 843 2534 939 2570; x_wconf 75' lang='grc' dir='ltr'>ἐτέρας</span> 
     </span>
    </p>
   </div>
   <div class='ocr_carea' id='block_1_97' title="bbox 150 2579 939 2617">
    <p class='ocr_par' dir='ltr' id='par_1_97' title="bbox 150 2579 939 2617">
     <span class='ocr_line' id='line_1_97' title="bbox 150 2579 939 2617; baseline -0.003 -8"><span class='ocrx_word' id='word_1_729' title='bbox 150 2581 349 2617; x_wconf 84' lang='grc' dir='ltr'>ἀνευρίσκοντα</span> <span class='ocrx_word' id='word_1_730' title='bbox 382 2580 485 2615; x_wconf 82' lang='grc' dir='ltr'>πηγῆς,</span> <span class='ocrx_word' id='word_1_731' title='bbox 515 2579 675 2615; x_wconf 84' lang='grc' dir='ltr'>μετατίθησι</span> <span class='ocrx_word' id='word_1_732' title='bbox 697 2579 743 2606; x_wconf 77' lang='grc' dir='ltr'>τὸν</span> <span class='ocrx_word' id='word_1_733' title='bbox 763 2579 841 2614; x_wconf 87' lang='grc' dir='ltr'>λόγον</span> <span class='ocrx_word' id='word_1_734' title='bbox 858 2580 939 2613; x_wconf 77' lang='grc' dir='ltr'>εὐθὺς</span> 
     </span>
    </p>
   </div>
   <div class='ocr_carea' id='block_1_98' title="bbox 150 2625 939 2662">
    <p class='ocr_par' dir='ltr' id='par_1_98' title="bbox 150 2625 939 2662">
     <span class='ocr_line' id='line_1_98' title="bbox 150 2625 939 2662; baseline 0 -8"><span class='ocrx_word' id='word_1_735' title='bbox 150 2628 198 2654; x_wconf 71' lang='grc' dir='ltr'>ἐπὶ</span> <span class='ocrx_word' id='word_1_736' title='bbox 214 2627 244 2653; x_wconf 75' lang='grc' dir='ltr'>τὸ</span> <span class='ocrx_word' id='word_1_737' title='bbox 260 2626 488 2662; x_wconf 78' lang='grc' dir='ltr'>σωφρονέστερον,</span> <span class='ocrx_word' id='word_1_738' title='bbox 508 2625 555 2652; x_wconf 72' lang='grc' dir='ltr'>καὶ</span> <span class='ocrx_word' id='word_1_739' title='bbox 566 2625 603 2657; x_wconf 85' lang='grc' dir='ltr'>ὠς</span> <span class='ocrx_word' id='word_1_740' title='bbox 618 2625 694 2660; x_wconf 72' lang='grc' dir='ltr'>ἅγιον</span> <span class='ocrx_word' id='word_1_741' title='bbox 713 2626 783 2662; x_wconf 81' lang='grc' dir='ltr'>ἁγίῳ</span> <span class='ocrx_word' id='word_1_742' title='bbox 799 2627 939 2662; x_wconf 85' lang='grc' dir='ltr'>συγκρίνει</span> 
     </span>
    </p>
   </div>
   <div class='ocr_carea' id='block_1_99' title="bbox 150 2669 940 2708">
    <p class='ocr_par' dir='ltr' id='par_1_99' title="bbox 150 2669 940 2708">
     <span class='ocr_line' id='line_1_99' title="bbox 150 2669 940 2708; baseline 0.001 -9"><span class='ocrx_word' id='word_1_743' title='bbox 150 2673 278 2708; x_wconf 79' lang='grc' dir='ltr'>λέγουσα,</span> <span class='ocrx_word' id='word_1_744' title='bbox 296 2682 305 2698; x_wconf 82' lang='grc' dir='ltr'>ι</span> <span class='ocrx_word' id='word_1_745' title='bbox 323 2672 368 2706; x_wconf 85' lang='grc' dir='ltr'>Μὴ</span> <span class='ocrx_word' id='word_1_746' title='bbox 379 2672 411 2698; x_wconf 79' lang='grc' dir='ltr'>σὺ</span> <span class='ocrx_word' id='word_1_747' title='bbox 425 2671 524 2707; x_wconf 80' lang='grc' dir='ltr'>μείζων</span> <span class='ocrx_word' id='word_1_748' title='bbox 535 2669 612 2698; x_wconf 77' lang='grc' dir='ltr'>εἶτοῦ</span> <span class='ocrx_word' id='word_1_749' title='bbox 629 2672 817 2708; x_wconf 78' lang='grc' dir='ltr'>πατρὸςὴμῶν</span> <span class='ocrx_word' id='word_1_750' title='bbox 833 2673 940 2706; x_wconf 84' lang='grc' dir='ltr'>Ἰακὼϐ,</span> 
     </span>
    </p>
   </div>
   <div class='ocr_carea' id='block_1_100' title="bbox 150 2717 942 2754">
    <p class='ocr_par' dir='ltr' id='par_1_100' title="bbox 150 2717 942 2754">
     <span class='ocr_line' id='line_1_100' title="bbox 150 2717 942 2754; baseline 0.003 -10"><span class='ocrx_word' id='word_1_751' title='bbox 150 2719 181 2750; x_wconf 82' lang='grc' dir='ltr'>ὂς</span> <span class='ocrx_word' id='word_1_752' title='bbox 196 2718 296 2745; x_wconf 70' lang='grc' dir='ltr'>ἔδωκεν</span> <span class='ocrx_word' id='word_1_753' title='bbox 310 2718 376 2753; x_wconf 82' lang='grc' dir='ltr'>ἡμῖν</span> <span class='ocrx_word' id='word_1_754' title='bbox 390 2717 421 2743; x_wconf 78' lang='grc' dir='ltr'>τὺ</span> <span class='ocrx_word' id='word_1_755' title='bbox 438 2717 527 2752; x_wconf 83' lang='grc' dir='ltr'>φρέαρ</span> <span class='ocrx_word' id='word_1_756' title='bbox 541 2717 636 2749; x_wconf 84' lang='grc' dir='ltr'>τοῦτο;</span> <span class='ocrx_word' id='word_1_757' title='bbox 651 2727 661 2744; x_wconf 79' lang='grc' dir='ltr'>ι</span> <span class='ocrx_word' id='word_1_758' title='bbox 675 2719 759 2753; x_wconf 85' lang='grc' dir='ltr'>Δέχου</span> <span class='ocrx_word' id='word_1_759' title='bbox 776 2718 822 2745; x_wconf 83' lang='grc' dir='ltr'>τοῦ</span> <span class='ocrx_word' id='word_1_760' title='bbox 839 2720 942 2754; x_wconf 85' lang='grc' dir='ltr'>νοήμα-</span> 
     </span>
    </p>
   </div>
   <div class='ocr_carea' id='block_1_101' title="bbox 151 2762 940 2801">
    <p class='ocr_par' dir='ltr' id='par_1_101' title="bbox 151 2762 940 2801">
     <span class='ocr_line' id='line_1_101' title="bbox 151 2762 940 2801; baseline 0 -10"><span class='ocrx_word' id='word_1_761' title='bbox 151 2772 198 2795; x_wconf 88' lang='grc' dir='ltr'>τος</span> <span class='ocrx_word' id='word_1_762' title='bbox 209 2763 258 2799; x_wconf 85' lang='grc' dir='ltr'>τὴν</span> <span class='ocrx_word' id='word_1_763' title='bbox 271 2763 421 2798; x_wconf 83' lang='grc' dir='ltr'>περίνοιαν,</span> <span class='ocrx_word' id='word_1_764' title='bbox 439 2763 471 2788; x_wconf 80' lang='grc' dir='ltr'>ὲκ</span> <span class='ocrx_word' id='word_1_765' title='bbox 492 2762 538 2789; x_wconf 79' lang='grc' dir='ltr'>τοῦ</span> <span class='ocrx_word' id='word_1_766' title='bbox 561 2763 660 2798; x_wconf 88' lang='grc' dir='ltr'>μηκέτι</span> <span class='ocrx_word' id='word_1_767' title='bbox 675 2763 825 2799; x_wconf 78' lang='grc' dir='ltr'>θαυμάζειν</span> <span class='ocrx_word' id='word_1_768' title='bbox 844 2765 940 2801; x_wconf 82' lang='grc' dir='ltr'>αὐτὴν,</span> 
     </span>
    </p>
   </div>
   <div class='ocr_carea' id='block_1_102' title="bbox 151 2806 941 2844">
    <p class='ocr_par' dir='ltr' id='par_1_102' title="bbox 151 2806 941 2844">
     <span class='ocr_line' id='line_1_102' title="bbox 151 2806 941 2844; baseline 0.001 -9"><span class='ocrx_word' id='word_1_769' title='bbox 151 2809 176 2836; x_wconf 82' lang='grc' dir='ltr'>εί</span> <span class='ocrx_word' id='word_1_770' title='bbox 194 2808 311 2844; x_wconf 87' lang='grc' dir='ltr'>σχοινίον</span> <span class='ocrx_word' id='word_1_771' title='bbox 325 2807 374 2834; x_wconf 75' lang='grc' dir='ltr'>οὐκ</span> <span class='ocrx_word' id='word_1_772' title='bbox 388 2806 460 2842; x_wconf 76' lang='grc' dir='ltr'>ἔχων</span> <span class='ocrx_word' id='word_1_773' title='bbox 471 2807 501 2833; x_wconf 80' lang='grc' dir='ltr'>τὸ</span> <span class='ocrx_word' id='word_1_774' title='bbox 517 2806 588 2842; x_wconf 78' lang='grc' dir='ltr'>ὕδωρ</span> <span class='ocrx_word' id='word_1_775' title='bbox 613 2807 819 2842; x_wconf 74' lang='grc' dir='ltr'>ἐπαγγέλλεται,</span> <span class='ocrx_word' id='word_1_776' title='bbox 842 2808 892 2844; x_wconf 85' lang='grc' dir='ltr'>τῆς</span> <span class='ocrx_word' id='word_1_777' title='bbox 913 2809 941 2836; x_wconf 76' lang='grc' dir='ltr'>δέ</span> 
     </span>
    </p>
   </div>
   <div class='ocr_carea' id='block_1_103' title="bbox 173 2890 758 2926">
    <p class='ocr_par' dir='ltr' id='par_1_103' title="bbox 173 2890 758 2926">
     <span class='ocr_line' id='line_1_103' title="bbox 173 2890 758 2926; baseline -0.002 -3"><span class='ocrx_word' id='word_1_778' title='bbox 173 2890 208 2912; x_wconf 66' lang='grc' dir='ltr'>ν⁶¹</span> <span class='ocrx_word' id='word_1_779' title='bbox 230 2896 282 2923; x_wconf 83' lang='lat' dir='ltr'><strong>lsn.</strong></span> <span class='ocrx_word' id='word_1_780' title='bbox 300 2901 377 2923; x_wconf 81' lang='lat' dir='ltr'>mu.</span> <span class='ocrx_word' id='word_1_781' title='bbox 394 2893 439 2925; x_wconf 73' lang='lat'>20,</span> <span class='ocrx_word' id='word_1_782' title='bbox 452 2893 496 2919; x_wconf 68' lang='lat'>2|.</span> <span class='ocrx_word' id='word_1_783' title='bbox 535 2893 557 2908; x_wconf 84' lang='lat'><strong><em>“</em></strong></span> <span class='ocrx_word' id='word_1_784' title='bbox 572 2892 623 2920; x_wconf 83' lang='lat' dir='ltr'><strong>lsa.</strong></span> <span class='ocrx_word' id='word_1_785' title='bbox 644 2901 715 2926; x_wconf 78' lang='lat' dir='ltr'><strong>xmv,</strong></span> <span class='ocrx_word' id='word_1_786' title='bbox 732 2895 758 2922; x_wconf 49' lang='grc' dir='ltr'>ιι.</span> 
     </span>
    </p>
   </div>
   <div class='ocr_carea' id='block_1_104' title="bbox 320 2940 686 2972">
    <p class='ocr_par' dir='ltr' id='par_1_104' title="bbox 320 2940 686 2972">
     <span class='ocr_line' id='line_1_104' title="bbox 320 2940 686 2972; baseline 0.005 -2"><span class='ocrx_word' id='word_1_787' title='bbox 320 2941 455 2970; x_wconf 56' lang='grc' dir='ltr'>Ρλτερι.</span> <span class='ocrx_word' id='word_1_788' title='bbox 476 2940 686 2972; x_wconf 67' lang='lat' dir='ltr'>Gn.LXX1il.</span> 
     </span>
    </p>
   </div>
   <div class='ocr_carea' id='block_1_105' title="bbox 991 2303 1778 2339">
    <p class='ocr_par' dir='ltr' id='par_1_105' title="bbox 991 2303 1778 2339">
     <span class='ocr_line' id='line_1_105' title="bbox 991 2303 1778 2339; baseline 0 -8"><span class='ocrx_word' id='word_1_789' title='bbox 991 2311 1056 2338; x_wconf 81' lang='lat' dir='ltr'><strong>ergo</strong></span> <span class='ocrx_word' id='word_1_790' title='bbox 1073 2303 1131 2330; x_wconf 83' lang='lat' dir='ltr'><strong>ﬁeri</strong></span> <span class='ocrx_word' id='word_1_791' title='bbox 1148 2311 1203 2330; x_wconf 92' lang='lat' dir='ltr'><strong>non</strong></span> <span class='ocrx_word' id='word_1_792' title='bbox 1225 2307 1319 2338; x_wconf 88' lang='lat' dir='ltr'><strong>posset</strong></span> <span class='ocrx_word' id='word_1_793' title='bbox 1339 2308 1370 2331; x_wconf 86' lang='lat' dir='ltr'><strong>ut</strong></span> <span class='ocrx_word' id='word_1_794' title='bbox 1391 2303 1415 2332; x_wconf 94' lang='lat' dir='ltr'>is</span> <span class='ocrx_word' id='word_1_795' title='bbox 1430 2304 1477 2339; x_wconf 92' lang='lat' dir='ltr'>qui</span> <span class='ocrx_word' id='word_1_796' title='bbox 1502 2304 1667 2339; x_wconf 86' lang='lat' dir='ltr'><strong>loquebatur</strong></span> <span class='ocrx_word' id='word_1_797' title='bbox 1681 2305 1778 2332; x_wconf 87' lang='lat' dir='ltr'><strong>incan-</strong></span> 
     </span>
    </p>
   </div>
   <div class='ocr_carea' id='block_1_106' title="bbox 992 2349 1776 2386">
    <p class='ocr_par' dir='ltr' id='par_1_106' title="bbox 992 2349 1776 2386">
     <span class='ocr_line' id='line_1_106' title="bbox 992 2349 1776 2386; baseline 0.003 -10"><span class='ocrx_word' id='word_1_798' title='bbox 992 2353 1065 2376; x_wconf 86' lang='lat' dir='ltr'><strong>tator</strong></span> <span class='ocrx_word' id='word_1_799' title='bbox 1077 2353 1160 2382; x_wconf 85' lang='lat' dir='ltr'><strong>esset.</strong></span> <span class='ocrx_word' id='word_1_800' title='bbox 1177 2349 1225 2377; x_wconf 89' lang='lat' dir='ltr'><strong>sed</strong></span> <span class='ocrx_word' id='word_1_801' title='bbox 1248 2350 1381 2386; x_wconf 78' lang='lat' dir='ltr'><strong>propheta</strong></span> <span class='ocrx_word' id='word_1_802' title='bbox 1395 2350 1498 2385; x_wconf 86' lang='lat' dir='ltr'><strong>potius,</strong></span> <span class='ocrx_word' id='word_1_803' title='bbox 1513 2355 1540 2378; x_wconf 90' lang='lat' dir='ltr'><strong>et</strong></span> <span class='ocrx_word' id='word_1_804' title='bbox 1562 2358 1596 2378; x_wconf 82' lang='lat' dir='ltr'>ex</span> <span class='ocrx_word' id='word_1_805' title='bbox 1615 2357 1711 2378; x_wconf 88' lang='lat' dir='ltr'><strong>eorum</strong></span> <span class='ocrx_word' id='word_1_806' title='bbox 1724 2359 1776 2377; x_wconf 93' lang='lat' dir='ltr'>nu-</span> 
     </span>
    </p>
   </div>
   <div class='ocr_carea' id='block_1_107' title="bbox 993 2395 1776 2431">
    <p class='ocr_par' dir='ltr' id='par_1_107' title="bbox 993 2395 1776 2431">
     <span class='ocr_line' id='line_1_107' title="bbox 993 2395 1776 2431; baseline 0.001 -9"><span class='ocrx_word' id='word_1_807' title='bbox 993 2403 1068 2423; x_wconf 92' lang='lat' dir='ltr'><strong>mero</strong></span> <span class='ocrx_word' id='word_1_808' title='bbox 1093 2395 1141 2430; x_wconf 92' lang='lat' dir='ltr'><strong>qui</strong></span> <span class='ocrx_word' id='word_1_809' title='bbox 1164 2396 1310 2424; x_wconf 88' lang='lat' dir='ltr'><strong>sanctitate</strong></span> <span class='ocrx_word' id='word_1_810' title='bbox 1338 2396 1481 2431; x_wconf 88' lang='lat' dir='ltr'><strong>conspicui</strong></span> <span class='ocrx_word' id='word_1_811' title='bbox 1509 2401 1585 2430; x_wconf 89' lang='lat' dir='ltr'><strong>sunt,</strong></span> <span class='ocrx_word' id='word_1_812' title='bbox 1608 2399 1636 2424; x_wconf 86' lang='lat' dir='ltr'>et</span> <span class='ocrx_word' id='word_1_813' title='bbox 1661 2396 1776 2431; x_wconf 87' lang='lat' dir='ltr'><strong>proinde</strong></span> 
     </span>
    </p>
   </div>
   <div class='ocr_carea' id='block_1_108' title="bbox 993 2440 1777 2476">
    <p class='ocr_par' dir='ltr' id='par_1_108' title="bbox 993 2440 1777 2476">
     <span class='ocr_line' id='line_1_108' title="bbox 993 2440 1777 2476; baseline 0.003 -10"><span class='ocrx_word' id='word_1_814' title='bbox 993 2440 1172 2475; x_wconf 62' lang='lat' dir='ltr'><strong>praebiturum</strong></span> <span class='ocrx_word' id='word_1_815' title='bbox 1187 2448 1216 2468; x_wconf 89' lang='lat' dir='ltr'>se</span> <span class='ocrx_word' id='word_1_816' title='bbox 1231 2441 1256 2468; x_wconf 92' lang='lat' dir='ltr'>ei</span> <span class='ocrx_word' id='word_1_817' title='bbox 1268 2448 1365 2476; x_wconf 87' lang='lat' dir='ltr'><strong>aquam</strong></span> <span class='ocrx_word' id='word_1_818' title='bbox 1383 2441 1471 2469; x_wconf 86' lang='lat' dir='ltr'><strong>vivam</strong></span> <span class='ocrx_word' id='word_1_819' title='bbox 1487 2441 1674 2476; x_wconf 81' lang='lat' dir='ltr'><strong>polliceretur,</strong></span> <span class='ocrx_word' id='word_1_820' title='bbox 1694 2441 1777 2476; x_wconf 85' lang='lat' dir='ltr'><strong>idque</strong></span> 
     </span>
    </p>
   </div>
   <div class='ocr_carea' id='block_1_109' title="bbox 991 2485 1775 2521">
    <p class='ocr_par' dir='ltr' id='par_1_109' title="bbox 991 2485 1775 2521">
     <span class='ocr_line' id='line_1_109' title="bbox 991 2485 1775 2521; baseline -0.001 -8"><span class='ocrx_word' id='word_1_821' title='bbox 991 2485 1051 2513; x_wconf 86' lang='lat' dir='ltr'><strong>sine</strong></span> <span class='ocrx_word' id='word_1_822' title='bbox 1069 2486 1228 2520; x_wconf 79' lang='lat' dir='ltr'><strong>vulgaribus</strong></span> <span class='ocrx_word' id='word_1_823' title='bbox 1252 2486 1383 2519; x_wconf 83' lang='lat' dir='ltr'><strong>haustris,</strong></span> <span class='ocrx_word' id='word_1_824' title='bbox 1398 2491 1445 2514; x_wconf 87' lang='lat' dir='ltr'><strong>aut</strong></span> <span class='ocrx_word' id='word_1_825' title='bbox 1469 2486 1503 2514; x_wconf 85' lang='lat' dir='ltr'>ad</span> <span class='ocrx_word' id='word_1_826' title='bbox 1517 2494 1597 2513; x_wconf 91' lang='lat' dir='ltr'><strong>usum</strong></span> <span class='ocrx_word' id='word_1_827' title='bbox 1623 2486 1703 2521; x_wconf 84' lang='lat' dir='ltr'><strong>longe</strong></span> <span class='ocrx_word' id='word_1_828' title='bbox 1718 2494 1775 2513; x_wconf 91' lang='lat' dir='ltr'>me-</span> 
     </span>
    </p>
   </div>
   <div class='ocr_carea' id='block_1_110' title="bbox 992 2532 1776 2567">
    <p class='ocr_par' dir='ltr' id='par_1_110' title="bbox 992 2532 1776 2567">
     <span class='ocr_line' id='line_1_110' title="bbox 992 2532 1776 2567; baseline -0.001 -8"><span class='ocrx_word' id='word_1_829' title='bbox 992 2532 1101 2564; x_wconf 88' lang='lat' dir='ltr'><strong>liorem,</strong></span> <span class='ocrx_word' id='word_1_830' title='bbox 1116 2539 1148 2559; x_wconf 81' lang='lat' dir='ltr'><strong>ex</strong></span> <span class='ocrx_word' id='word_1_831' title='bbox 1167 2532 1222 2559; x_wconf 85' lang='lat' dir='ltr'><strong>alio</strong></span> <span class='ocrx_word' id='word_1_832' title='bbox 1241 2533 1372 2560; x_wconf 89' lang='lat' dir='ltr'><strong>nimirum</strong></span> <span class='ocrx_word' id='word_1_833' title='bbox 1388 2532 1462 2560; x_wconf 79' lang='lat' dir='ltr'><strong>fonte</strong></span> <span class='ocrx_word' id='word_1_834' title='bbox 1483 2536 1631 2567; x_wconf 80' lang='lat' dir='ltr'><strong>repertam,</strong></span> <span class='ocrx_word' id='word_1_835' title='bbox 1647 2532 1776 2560; x_wconf 83' lang='lat' dir='ltr'><strong>emendat</strong></span> 
     </span>
    </p>
   </div>
   <div class='ocr_carea' id='block_1_111' title="bbox 992 2578 1775 2613">
    <p class='ocr_par' dir='ltr' id='par_1_111' title="bbox 992 2578 1775 2613">
     <span class='ocr_line' id='line_1_111' title="bbox 992 2578 1775 2613; baseline -0.001 -9"><span class='ocrx_word' id='word_1_836' title='bbox 992 2578 1085 2605; x_wconf 91' lang='lat' dir='ltr'><strong>statim</strong></span> <span class='ocrx_word' id='word_1_837' title='bbox 1101 2578 1173 2612; x_wconf 90' lang='lat' dir='ltr'><strong>quod</strong></span> <span class='ocrx_word' id='word_1_838' title='bbox 1189 2578 1307 2610; x_wconf 76' lang='lat' dir='ltr'><strong>dixerat,</strong></span> <span class='ocrx_word' id='word_1_839' title='bbox 1321 2582 1348 2605; x_wconf 90' lang='lat' dir='ltr'><strong>et</strong></span> <span class='ocrx_word' id='word_1_840' title='bbox 1363 2578 1439 2613; x_wconf 84' lang='lat' dir='ltr'><strong>quasi</strong></span> <span class='ocrx_word' id='word_1_841' title='bbox 1462 2581 1588 2605; x_wconf 86' lang='lat' dir='ltr'><strong>sanctum</strong></span> <span class='ocrx_word' id='word_1_842' title='bbox 1603 2584 1663 2604; x_wconf 89' lang='lat' dir='ltr'><strong>cum</strong></span> <span class='ocrx_word' id='word_1_843' title='bbox 1679 2581 1775 2604; x_wconf 75' lang='lat' dir='ltr'><strong>saneto</strong></span> 
     </span>
    </p>
   </div>
   <div class='ocr_carea' id='block_1_112' title="bbox 991 2623 1776 2660">
    <p class='ocr_par' dir='ltr' id='par_1_112' title="bbox 991 2623 1776 2660">
     <span class='ocr_line' id='line_1_112' title="bbox 991 2623 1776 2660; baseline -0.003 -9"><span class='ocrx_word' id='word_1_844' title='bbox 991 2629 1140 2660; x_wconf 82' lang='lat' dir='ltr'><strong>comparat,</strong></span> <span class='ocrx_word' id='word_1_845' title='bbox 1161 2624 1255 2652; x_wconf 88' lang='lat' dir='ltr'><strong>dicens</strong></span> <span class='ocrx_word' id='word_1_846' title='bbox 1271 2633 1277 2651; x_wconf 86' lang='lat'>:</span> <span class='ocrx_word' id='word_1_847' title='bbox 1295 2634 1303 2650; x_wconf 86' lang='grc' dir='ltr'>ι</span> <span class='ocrx_word' id='word_1_848' title='bbox 1321 2624 1456 2659; x_wconf 85' lang='lat' dir='ltr'><strong>Numquid</strong></span> <span class='ocrx_word' id='word_1_849' title='bbox 1479 2627 1507 2651; x_wconf 89' lang='lat' dir='ltr'><strong>tu</strong></span> <span class='ocrx_word' id='word_1_850' title='bbox 1533 2623 1620 2658; x_wconf 89' lang='lat' dir='ltr'><strong>major</strong></span> <span class='ocrx_word' id='word_1_851' title='bbox 1641 2631 1670 2651; x_wconf 88' lang='lat' dir='ltr'><strong>es</strong></span> <span class='ocrx_word' id='word_1_852' title='bbox 1700 2627 1776 2658; x_wconf 84' lang='lat' dir='ltr'><strong>patre</strong></span> 
     </span>
    </p>
   </div>
   <div class='ocr_carea' id='block_1_113' title="bbox 990 2668 1775 2705">
    <p class='ocr_par' dir='ltr' id='par_1_113' title="bbox 990 2668 1775 2705">
     <span class='ocr_line' id='line_1_113' title="bbox 990 2668 1775 2705; baseline -0.004 -8"><span class='ocrx_word' id='word_1_853' title='bbox 990 2674 1086 2698; x_wconf 88' lang='lat' dir='ltr'><strong>nostro</strong></span> <span class='ocrx_word' id='word_1_854' title='bbox 1105 2668 1199 2703; x_wconf 77' lang='lat' dir='ltr'><strong>Iacob,</strong></span> <span class='ocrx_word' id='word_1_855' title='bbox 1212 2671 1259 2705; x_wconf 89' lang='lat' dir='ltr'><strong>qui</strong></span> <span class='ocrx_word' id='word_1_856' title='bbox 1276 2670 1350 2698; x_wconf 89' lang='lat' dir='ltr'><strong>dedit</strong></span> <span class='ocrx_word' id='word_1_857' title='bbox 1363 2670 1445 2697; x_wconf 82' lang='lat' dir='ltr'><strong>nobis</strong></span> <span class='ocrx_word' id='word_1_858' title='bbox 1460 2673 1570 2704; x_wconf 89' lang='lat' dir='ltr'><strong>puteum</strong></span> <span class='ocrx_word' id='word_1_859' title='bbox 1586 2668 1676 2696; x_wconf 89' lang='lat' dir='ltr'><strong>hunc?</strong></span> <span class='ocrx_word' id='word_1_860' title='bbox 1691 2678 1700 2693; x_wconf 77' lang='grc' dir='ltr'>ι</span> <span class='ocrx_word' id='word_1_861' title='bbox 1715 2668 1775 2695; x_wconf 82' lang='lat' dir='ltr'><strong>Vim</strong></span> 
     </span>
    </p>
   </div>
   <div class='ocr_carea' id='block_1_114' title="bbox 991 2714 1775 2752">
    <p class='ocr_par' dir='ltr' id='par_1_114' title="bbox 991 2714 1775 2752">
     <span class='ocr_line' id='line_1_114' title="bbox 991 2714 1775 2752; baseline -0.003 -9"><span class='ocrx_word' id='word_1_862' title='bbox 991 2716 1074 2751; x_wconf 86' lang='lat' dir='ltr'><strong>hujus</strong></span> <span class='ocrx_word' id='word_1_863' title='bbox 1092 2717 1157 2743; x_wconf 87' lang='lat' dir='ltr'><strong>dicti</strong></span> <span class='ocrx_word' id='word_1_864' title='bbox 1181 2717 1275 2752; x_wconf 86' lang='lat' dir='ltr'><strong>accipe</strong></span> <span class='ocrx_word' id='word_1_865' title='bbox 1299 2724 1335 2743; x_wconf 76' lang='lat' dir='ltr'><strong>ex</strong></span> <span class='ocrx_word' id='word_1_866' title='bbox 1359 2723 1392 2744; x_wconf 89' lang='lat' dir='ltr'><strong>eo</strong></span> <span class='ocrx_word' id='word_1_867' title='bbox 1407 2716 1479 2751; x_wconf 90' lang='lat' dir='ltr'><strong>quod</strong></span> <span class='ocrx_word' id='word_1_868' title='bbox 1507 2716 1565 2751; x_wconf 84' lang='lat' dir='ltr'><strong>ipsa</strong></span> <span class='ocrx_word' id='word_1_869' title='bbox 1584 2722 1638 2742; x_wconf 88' lang='lat' dir='ltr'><strong>non</strong></span> <span class='ocrx_word' id='word_1_870' title='bbox 1656 2714 1775 2749; x_wconf 84' lang='lat' dir='ltr'><strong>amplius</strong></span> 
     </span>
    </p>
   </div>
   <div class='ocr_carea' id='block_1_115' title="bbox 990 2758 1776 2796">
    <p class='ocr_par' dir='ltr' id='par_1_115' title="bbox 990 2758 1776 2796">
     <span class='ocr_line' id='line_1_115' title="bbox 990 2758 1776 2796; baseline -0.005 -8"><span class='ocrx_word' id='word_1_871' title='bbox 990 2762 1105 2788; x_wconf 90' lang='lat' dir='ltr'><strong>miratur</strong></span> <span class='ocrx_word' id='word_1_872' title='bbox 1119 2762 1192 2796; x_wconf 90' lang='lat' dir='ltr'><strong>quod</strong></span> <span class='ocrx_word' id='word_1_873' title='bbox 1210 2761 1274 2789; x_wconf 77' lang='lat' dir='ltr'><strong>fune</strong></span> <span class='ocrx_word' id='word_1_874' title='bbox 1298 2761 1446 2788; x_wconf 84' lang='lat' dir='ltr'><strong>destitutus</strong></span> <span class='ocrx_word' id='word_1_875' title='bbox 1471 2767 1570 2794; x_wconf 90' lang='lat' dir='ltr'><strong>aquam</strong></span> <span class='ocrx_word' id='word_1_876' title='bbox 1597 2758 1776 2786; x_wconf 84' lang='lat' dir='ltr'><strong>nihilominus</strong></span> 
     </span>
    </p>
   </div>
   <div class='ocr_carea' id='block_1_116' title="bbox 991 2804 1776 2843">
    <p class='ocr_par' dir='ltr' id='par_1_116' title="bbox 991 2804 1776 2843">
     <span class='ocr_line' id='line_1_116' title="bbox 991 2804 1776 2843; baseline -0.005 -9"><span class='ocrx_word' id='word_1_877' title='bbox 991 2807 1162 2842; x_wconf 77' lang='lat' dir='ltr'><strong>pollicentur,</strong></span> <span class='ocrx_word' id='word_1_878' title='bbox 1180 2807 1227 2835; x_wconf 87' lang='lat' dir='ltr'>sed</span> <span class='ocrx_word' id='word_1_879' title='bbox 1257 2807 1291 2836; x_wconf 91' lang='lat' dir='ltr'>de</span> <span class='ocrx_word' id='word_1_880' title='bbox 1315 2807 1375 2843; x_wconf 85' lang='lat' dir='ltr'><strong>ejus</strong></span> <span class='ocrx_word' id='word_1_881' title='bbox 1401 2806 1534 2843; x_wconf 84' lang='lat' dir='ltr'><strong>qualitate</strong></span> <span class='ocrx_word' id='word_1_882' title='bbox 1558 2804 1686 2841; x_wconf 77' lang='lat' dir='ltr'><strong>gustabili</strong></span> <span class='ocrx_word' id='word_1_883' title='bbox 1705 2804 1776 2832; x_wconf 66' lang='grc' dir='ltr'>(ιιιιμ</span> 
     </span>
    </p>
   </div>
   <div class='ocr_carea' id='block_1_117' title="bbox 1580 2934 1613 2966">
    <p class='ocr_par' dir='ltr' id='par_1_117' title="bbox 1580 2934 1613 2966">
     <span class='ocr_line' id='line_1_117' title="bbox 1580 2934 1613 2966; baseline -0.03 0"><span class='ocrx_word' id='word_1_884' title='bbox 1580 2934 1613 2966; x_wconf 85' lang='grc'>10</span> 
     </span>
    </p>
   </div>
  </div>
