2028 3118
199 199 202 202 ’
232 204 283 233 299

709 192 736 221 S.
752 191 894 220 CYRILLI
911 187 1146 216 ΔιιςλΑΝυκιΝι
1167 185 1327 214 ABGHIEP.

1808 180 1858 212 $00

231 262 308 288 taxat
343 255 478 291 loquitur.
511 251 679 280 Samaritani
713 251 805 286 itaque
842 247 1019 282 alienigenae,

1078 245 1143 272 κατὰ
1156 244 1251 279 γεῦσιν
1266 243 1409 279 ποιότητος
1423 242 1486 279 πέρι
1503 241 1674 276 διαλέγεσθαι
1700 239 1796 276 μόνης,
1815 242 1861 269 Σα-

231 307 332 342 quippe
356 302 404 338 qui
431 299 642 336 Babyloniorum
666 297 774 326 colonia
801 299 890 324 erant.
911 293 1018 321 Patrem

232 339 322 379 autem
348 349 399 385 ipsi
427 353 538 382 quoque
567 344 654 373 Jacob
677 343 831 373 venditant.
849 339 953 376 duplici
973 346 1020 367 ra-

232 399 308 426 tione
326 405 333 423 :
351 402 414 423 cum
426 393 502 422 enim
518 392 662 420 ﬁnitimam
677 394 704 418 et
724 390 842 417 vicinam
863 387 1020 415 Iudaeorum

232 444 372 479 regionem
388 440 558 471 habitarent,
579 438 659 473 182
677 436 803 464 nonnihil
821 435 850 462 in
873 441 904 462 se
920 440 954 460 ex
975 439 1022 460 eo-

232 477 295 517 rum
309 488 385 516 cultu
399 486 599 522 exprimebant,
611 488 638 511 et
653 482 757 510 Judaais
770 480 896 517 patribus
910 477 1022 515 gloriari

233 536 406 564 nitebantur.
427 533 489 561 Alia
514 531 597 565 ratio,
619 537 707 565 eaque
728 527 873 556 verissima
890 526 948 554 haec
969 529 1021 557 est,

234 582 306 618 quod
323 581 447 617 plerique
466 586 562 607 eorum
582 577 629 614 qui
647 576 801 604 Samariam
819 573 978 608 incolebant
1007 578 1022 598 a

234 627 321 656 Jacob
337 634 424 662 genus
440 624 589 653 ducebant.
605 622 752 651 Jeroboam
770 621 873 656 quippe
888 620 960 647 [ilius
978 618 1024 645 ille

236 673 335 705 Nabal,
351 672 525 707 congregatis
541 670 636 697 decem
664 667 775 697 lsraelis
789 667 918 694 tribubus
933 669 961 693 et
979 664 1023 691 di-

238 719 321 748 midia
332 721 408 754 parte
421 717 512 744 tribus
522 715 664 751 Ephraim,
673 713 813 749 profectus
827 709 1024 746 Hierosolymis

238 768 368 802 regnante
385 763 508 792 Roboam
534 762 588 790 tilio
614 760 780 793 Salomonis,
795 758 949 787 Samariam
977 764 1025 784 oe-

237 810 358 846 cupavit,
373 810 401 837 in
416 815 503 844 eaque
519 807 617 835 domos
633 810 661 834 et
674 805 758 834 urbes
771 804 917 833 exstruxit.

270 898 316 931 IV,
338 897 432 926 15-14.
453 896 546 924 Omnis
569 895 614 931 qui
636 894 700 922 bibit
724 902 756 922 ea;
783 902 853 928 aqua
876 892 937 926 hac,
954 893 1025 920 sitiet

1073 290 1200 328 μαρεῖται
1216 292 1266 327 μὲν
1283 288 1329 318 οὖν
1342 290 1505 324 ἀλλογενεϊς,
1521 288 1699 315 Βαὸυλωνίων
1712 289 1767 324 γὰρ
1782 288 1861 316 ἄποι-

1071 347 1123 365 κοι.
1144 338 1253 374 Πατέρα
1267 337 1295 364 δὲ
1317 337 1363 363 καὶ
1376 336 1454 363 αὐτοὶ
1475 335 1520 362 τὸν
1545 334 1643 362 Ἰακὼὸ
1663 335 1859 370 ἐπιγράφονται

1072 384 1143 411 κατὰ
1169 375 1215 410 δύο
1241 383 1358 419 τρόπους
1371 390 1377 396 ·
1391 381 1429 414 ὡς
1457 381 1509 417 γὰρ
1525 380 1625 416 ὅμορόν
1644 389 1673 407 τε
1690 380 1737 407 καὶ
1755 381 1863 415 γείτονα

1071 429 1120 465 τὴν
1143 429 1277 456 Ἰουδαίων
1301 428 1438 460 οἰκοῦντες
1464 427 1566 463 χώραν,
1592 426 1671 461 ὀλίγα
1683 428 1732 463 τῆς
1751 427 1863 454 ἐκείνων

1073 476 1200 511 λατρείας
1217 476 1257 507 είς
1271 475 1384 506 ἑαυτοὺς
1397 474 1590 510 ἀνεμάττοντο,
1603 472 1714 505 καὶτοῖς
1731 472 1863 499 Ἰουδαίων

1074 521 1210 557 πατράσιν
1226 521 1355 556 ἐπαυχεῖν
1372 519 1519 555 ἐμελέτων.
1531 518 1636 550 Ἀλλως
1655 526 1696 550 τε,
1715 518 1761 545 καὶ
1775 515 1810 554 ἦν
1820 518 1864 545 δν-

1073 576 1127 600 τως
1145 567 1254 603 ἀληθὲς,
1283 567 1325 594 ὅτι
1352 567 1402 602 τῆς
1428 565 1525 593 Ἰακὼὸ
1556 565 1690 600 ὲξέφυσαν
1717 564 1795 600 ῥίζης
1810 564 1864 591 τῶν

1074 614 1124 650 τὴν
1153 614 1311 650 Σαμάρειαν
1331 612 1478 639 οἰκούντων
1505 612 1530 637 οἱ
1556 611 1674 642 πλείους.
1696 610 1725 637 '0
1746 610 1802 645 γὰρ
1817 609 1864 636 τοῦ

1075 659 1170 686 Ναῦὰτ
1191 658 1342 694 Ἱεροϐοάμ,
1360 658 1427 684 δέκα
1445 657 1492 684 τοῦ
1514 656 1622 693 Ἰσραὴλ
1640 656 1803 692 συναγείρας
1814 665 1863 691 φυ-

1075 706 1135 739 λὰς,
1152 707 1199 732 καὶ
1215 705 1245 732 τὸ
1258 706 1344 741 ἥμισυ
1357 704 1443 740 φυλῆς
1466 703 1595 740 Ἐφραῒμ,
1625 703 1737 739 ἀπαίρει
1755 703 1806 738 μὲν
1819 703 1865 737 τῆς

1081 750 1258 787 Ἰερουσαλὴμ.
1285 750 1355 777 κατὰ
1385 749 1482 785 καιρὸν
1505 748 1554 784 τῆς
1582 748 1700 784 Ἱόὃοὲμ
1715 746 1865 783 βασιλείας,

1076 797 1135 824 υίοῦ
1155 797 1321 832 Σολομῶνος,
1336 794 1498 823 καταλαϐὼν
1516 795 1544 822 δὲ
1564 794 1614 830 τὴν
1639 794 1806 830 Σαμάρειαν,
1821 793 1867 820 καὶ

1076 840 1167 873 οἴκους
1178 842 1206 867 ὲν
1218 841 1298 876 αὐτῇ,
1313 840 1359 867 καὶ
1375 839 1467 871 πόλεις
1483 839 1621 875 ἐδείματο.

1112 885 1175 920 Πᾶς
1191 888 1208 914 d
1231 887 1327 913 πίνων
1350 886 1384 912 ἐκ
1402 884 1456 912 τοῦ
1478 885 1589 918 ὓδατος
1602 886 1721 918 τούτου,
1742 884 1867 920 διψήσει

236 947 330 973 iterum
347 952 355 971 :
371 944 415 986 qui
438 948 525 970 autent
540 928 635 968 biberit
653 949 685 968 ea:
702 949 771 976 aqua
788 948 868 975 quam
892 947 938 973 ego
955 938 1024 965 dabo

1078 932 1180 960 πάλιν·
1197 932 1231 966 ὃς
1246 931 1272 959 δ’
1291 931 1329 959 ἂν
1348 932 1401 966 πίῃ
1412 931 1447 958 ἐκ
1463 931 1516 958 τοῦ
1528 930 1647 964 ὕδατος,
1663 928 1699 959 οὗ
1709 930 1766 966 ἐγὼ
1783 929 1868 958 δώσω

235 992 270 1026 ei,
284 1000 336 1018 non
352 984 422 1017 sitiet
439 990 466 1017 in
488 993 627 1020 (etei-num,
641 987 686 1015 sed
705 984 775 1023 aqtta
800 994 880 1021 quam
895 993 941 1021 ego
957 984 1025 1011 dabo

235 1038 271 1069 ei,
289 1037 333 1071 fiet
349 1036 377 1063 in
391 1044 420 1063 eo
436 1035 495 1070 fons
517 1041 592 1069 aqua:
612 1033 734 1060 salientis
748 1033 775 1058 in
791 1032 872 1059 vitam
888 1035 1025 1058 meritam.

239 1082 308 1109 Dicit
323 1082 358 1108 ad
369 1089 428 1108 eum
444 1079 548 1107 mulier.

272 1175 446 1204 Samaritana
463 1173 590 1202 eximiam
616 1171 700 1199 veluti
724 1169 872 1206 quamdam
892 1172 919 1197 et
942 1175 1027 1203 expu-

237 1226 322 1258 gnatu
346 1220 483 1249 diliieilem
502 1217 686 1253 objectionem
710 1218 901 1252 proponente:
920 1223 929 1240 ι
944 1212 1028 1241 Num-

237 1267 302 1302 quid
329 1270 358 1293 tu
374 1265 463 1300 major
477 1271 506 1292 es
528 1267 605 1298 patre
622 1265 720 1289 nostro
741 1259 838 1293 Jacob,
858 1269 868 1286 ι
886 1259 955 1287 scite
980 1258 1028 1286 ad-

238 1311 350 1339 modum
371 1317 471 1338 rursus
487 1309 614 1336 Salvator
628 1306 843 1335 ostentationem
864 1305 945 1341 fugit,
962 1305 1027 1332 dum

238 1366 268 1386 se
281 1365 334 1386 non
350 1357 483 1392 majorem
500 1355 610 1390 quidem
625 1361 687 1382 esse
704 1357 798 1388 aperte
810 1352 964 1387 proﬁtetur,
980 1351 1028 1379 sed

238 1412 270 1432 cx
287 1404 369 1432 rebus
393 1402 461 1438 ipsis
490 1401 590 1429 suadet
604 1399 772 1434 expendere,
787 1401 848 1425 uter
870 1397 1027 1425 antecellat.

238 1451 346 1478 Idcirco
370 1447 614 1483 incomparabilem
642 1446 715 1473 inter
734 1443 874 1479 spiritales
892 1450 979 1478 aquas
1001 1446 1029 1469 et

239 1495 385 1524 scnsibiles
405 1501 436 1520 ac
453 1483 767 1520 terrenas'intercedere
784 1487 965 1516 differentiam
982 1495 1029 1515 os-

239 1542 326 1570 tendit
348 1540 444 1568 dicens
466 1547 472 1566 :
499 1547 508 1564 (
529 1536 626 1565 Omnis
650 1536 697 1571 qui
719 1534 787 1562 bibit
816 1541 850 1562 ex
873 1534 924 1561 hac
944 1541 1027 1569 aqua,

240 1589 315 1616 sitict
333 1587 443 1614 itcrum.
465 1594 474 1611 ι
493 1583 545 1617 Qui
560 1589 638 1614 vero,
662 1581 762 1616 inquit,
778 1580 846 1608 meis
871 1580 951 1615 aquis
975 1580 1025 1607 im-

240 1636 330 1670 pletus
349 1632 440 1665 fuerit,
458 1637 512 1658 non
530 1629 611 1657 modo
636 1635 778 1663 nunquam
800 1627 884 1660 sitiet,
900 1627 948 1655 sed
967 1626 1029 1653 fon-

240 1687 294 1709 tcm
318 1680 346 1708 in
372 1679 463 1714 seipso
484 1676 608 1710 habebit,
624 1674 670 1711 qui
698 1674 786 1709 possit
812 1681 876 1701 eum
895 1673 928 1700 ad
945 1673 1028 1700 vitam

240 1728 361 1754 educare
377 1725 580 1760 sempiternam.
597 1722 684 1758 Igitur
704 1720 751 1756 qui
779 1719 884 1756 majora
904 1719 1028 1755 largitur,

242 1772 327 1806 major
339 1771 434 1805 utique
445 1769 498 1798 erit
512 1776 545 1797 eo
557 1768 603 1804 qui
620 1768 712 1795 minus
729 1767 822 1800 habet,
838 1773 927 1802 neque
939 1766 1029 1793 victus

241 1817 365 1846 eamdem
385 1823 468 1852 quam
498 1816 587 1842 victor
612 1814 728 1849 gloriam
756 1816 949 1849 reportaturus
977 1815 1029 1839 est.

242 1863 391 1891 Sciendum
412 1861 456 1889 hic
478 1861 569 1889 denuo
591 1860 762 1887 Salratorem
783 1866 891 1894 aquam.
908 1857 1030 1894 Spiritus

241 1909 330 1938 sancti
354 1908 470 1944 gratiam
489 1907 636 1942 appellare,
656 1906 737 1941 cujus
761 1905 786 1934 si
810 1906 873 1941 quis
891 1903 1029 1940 particeps

241 1955 390 1988 exstiterit,
400 1953 594 1982 scaturientem
607 1953 716 1981 habebit
729 1953 756 1979 in
770 1953 861 1987 seipso
874 1952 1029 1980 divinarum

242 2001 430 2030 doctrinarum
446 1999 500 2027 vim
513 2003 549 2031 ¹ιιι
563 1999 620 2035 jam
640 1999 756 2027 aliorum
771 1998 883 2025 monitis
891 2005 946 2025 non
957 1997 1029 2024 indi-

243 2051 317 2082 geat,
326 2046 374 2074 sed
386 2045 465 2073 facile
475 2045 563 2081 possit
572 2052 621 2073 eos
634 2045 740 2072 hortari
749 2044 850 2080 quibus
862 2043 986 2070 divinum
997 2049 1030 2069 ac

243 2094 355 2122 cmleste
371 2092 486 2120 verbum
511 2091 589 2119 sitire
611 2091 726 2126 contigit
743 2099 750 2117 :
769 2089 925 2125 cujusmodi
951 2092 1031 2116 erant

244 2139 271 2165 in
287 2138 337 2165 hac
350 2137 407 2165 vita
421 2141 448 2164 et
464 2136 492 2163 in
504 2136 585 2164 terris
599 2135 690 2162 adhuc
704 2135 843 2171 degentes
855 2133 942 2162 sancti
966 2140 1030 2169 pro-

243 2183 340 2218 phetae,
368 2185 450 2217 atque
476 2181 603 2216 apostoli,
628 2185 655 2208 et
687 2181 733 2214 qui
762 2186 938 2210 successores
966 2181 1030 2206 sunt

243 2235 340 2256 eorum
366 2225 524 2259 ministerii,
538 2226 573 2253 de
592 2226 694 2260 quibus
724 2225 858 2259 scriptum
876 2229 918 2251 est
940 2233 946 2251 ε
969 2233 978 2249 ι
998 2223 1031 2250 Et

245 2273 378 2301 hauriatis
394 2270 488 2307 'aquas
503 2279 566 2299 cum
591 2271 692 2307 gaudio
715 2271 749 2299 de
780 2270 902 2298 fontibus
927 2270 1031 2297 saluta-
1049 2286 1071 2313 Β

245 2320 285 2347 ris
300 2319 332 2346 ".
359 2328 368 2345 ι

280 2451 328 2485 ιν,
349 2451 391 2480 15.
409 2451 452 2479 Da
465 2451 528 2478 mihi
539 2451 607 2478 hanc
618 2457 725 2485 aquam,
737 2454 765 2476 ut
778 2457 829 2476 non
841 2448 942 2480 sitiam,
953 2455 1033 2482 neque

246 2498 347 2525 ueniam
362 2497 411 2524 huc
422 2497 539 2524 haurire.
555 2496 628 2523 Dicit
643 2496 666 2524 ei
679 2494 769 2523 Iesus.

283 2543 362 2578 183
374 2543 512 2570 Consueta
531 2549 629 2571 rursus
644 2545 749 2569 tantum
773 2540 893 2576 loquitur
919 2543 945 2567 et
961 2539 1031 2567 ima-

245 2590 366 2625 ginatur,
386 2588 455 2616 nihil
472 2592 562 2616 autem
580 2595 674 2616 eorum
691 2594 752 2623 quae
767 2587 898 2614 dicuntur
918 2593 1033 2621 prorsus

246 2635 386 2671 intelligit,
402 2634 450 2662 sed
464 2635 556 2670 erigui
574 2634 677 2662 laboris
694 2634 877 2662 allevamento
893 2632 1033 2661 existimat

246 2689 276 2710 se
291 2686 375 2709 totam
394 2680 546 2708 Salvatoris
558 2680 748 2708 liberalitatem
763 2679 982 2716 complexuram,
1006 2681 1033 2706 et

246 2727 309 2755 sitis
325 2726 510 2755 exstinctionc
539 2727 634 2762 gratia:
657 2725 756 2753 divinae
772 2726 884 2753 modum
912 2724 1033 2751 circum-

247 2773 360 2807 scribit;
385 2777 492 2800 tantum
519 2773 596 2801 abest
625 2777 654 2801 ut
677 2772 772 2802 subtili
799 2771 964 2808 cogitatione
989 2777 1034 2800 res

246 2819 486 2856 supramundanas
503 2820 603 2856 capiat.

283 2911 306 2926 "
322 2911 372 2937 lsa.
394 2917 443 2942 nt.
458 2910 485 2938 3.

1078 978 1168 1011 αὐτῷ,
1186 980 1222 1006 οὐ
1234 977 1277 1013 μὴ
1285 977 1409 1012 διψήσει
1424 978 1468 1010 εἰς
1479 977 1531 1003 τὸν
1541 975 1643 1008 αἰῶνα,
1656 976 1737 1004 ἀλλὰ
1749 976 1781 1003 τὸ
1792 976 1869 1010 ὕδωρ

1078 1025 1094 1053 ὃ
1106 1024 1192 1052 δώσω
1219 1024 1311 1057 αὐτῷ,
1338 1023 1497 1059 γενήσεται
1518 1023 1554 1050 ἐν
1566 1022 1647 1056 αὐτῷ
1666 1022 1747 1058 πηγὴ
1762 1022 1870 1055 ὕδατος

1078 1068 1248 1104 ἁλλομένου
1270 1069 1314 1102 εἰς
1337 1067 1413 1102 ζωὴν
1429 1067 1558 1095 αἰώνιον.
1583 1067 1668 1103 Λέγει
1688 1067 1763 1103 πρὸς
1777 1068 1870 1096 αὐτὸν

1078 1115 1097 1148 ἡ
1114 1114 1203 1150 γυνή-

1117 1171 1126 1187 ι
1146 1161 1192 1197 Μὴ
1207 1161 1239 1187 σὺ
1257 1160 1358 1197 μείζων
1380 1158 1405 1187 ei
1431 1159 1478 1187 τοῦ
1511 1159 1612 1194 πατρὸς
1630 1159 1707 1195 ἡμῶν
1731 1159 1841 1192 Ἰακὼϐ,
1860 1170 1870 1186 ο

1079 1207 1174 1243 ὥσπερ
1203 1216 1230 1233 τι
1255 1206 1338 1242 μέγα,
1361 1207 1410 1233 καὶ
1437 1205 1691 1240 δυσκαταγώνιστον
1725 1205 1873 1241 πρόῦλημα

1079 1252 1274 1289 προτεινούσης
1301 1252 1350 1287 τῆς
1369 1251 1575 1288 Σαμαρείτιδος,
1601 1250 1772 1285 εὐφυέστατα
1793 1250 1872 1277 πάλιν

1079 1301 1093 1327 ὁ
1110 1299 1204 1336 Σωτὴρ
1221 1300 1395 1334 παραιτεῖται
1409 1298 1458 1333 μὲν
1475 1297 1520 1324 τὸν
1534 1297 1564 1324 έν
1581 1297 1685 1333 ῥήμασι
1702 1296 1820 1331 κόμπον,
1831 1296 1872 1322 ὅτι

1080 1346 1182 1382 μείζων
1195 1345 1324 1380 ὑπάρχει,
1348 1344 1443 1379 σαφῶς
1467 1344 1517 1370 οὐκ
1531 1342 1627 1376 εἰπὼν,
1639 1342 1694 1370 ἀπὸ
1713 1342 1740 1369 δὲ
1752 1342 1804 1377 τῆς
1818 1342 1872 1370 τῶν

1080 1392 1250 1428 πραγμάτων
1281 1391 1423 1426 ποιότητος
1452 1389 1610 1425 δοκιμάζειν
1646 1389 1790 1416 ἀναπείθει
1828 1389 1874 1416 τὸν

1079 1438 1245 1474 προῦχοντα.
1264 1437 1355 1464 Διάτοι
1372 1436 1462 1469 τοῦτο,
1480 1436 1527 1463 καὶ
1546 1435 1711 1471 ἀσύγκριτον
1726 1433 1808 1462 οὖσαν
1819 1435 1874 1461 τῶν

1079 1484 1183 1520 νοητῶν
1191 1484 1295 1511 ὑδάτων
1307 1483 1374 1518 πρὸς
1388 1482 1422 1509 τὰ
1439 1484 1468 1509 ἐν
1490 1481 1615 1517 αἰσθήσει
1638 1481 1684 1508 καὶ
1703 1481 1875 1516 γεωδέστερα

1079 1531 1129 1566 τὴν
1150 1530 1282 1566 διαφορὰν
1300 1529 1464 1556 ἐπιδεικνύει
1487 1529 1573 1563 λέγων
1585 1537 1591 1544 ·
1607 1538 1616 1555 ι
1632 1529 1690 1559 Πᾶς
1707 1529 1721 1555 ὀ
1742 1529 1828 1556 πίνων
1842 1529 1873 1555 ἐκ

1080 1577 1127 1603 τοῦ
1143 1575 1238 1608 ὓδατος
1265 1575 1374 1608 τούτου,
1384 1575 1492 1610 διψήσει
1520 1575 1610 1607 πάλιν,
1627 1584 1636 1601 ι
1650 1574 1664 1600 ὁ
1682 1574 1710 1601 δὲ
1720 1575 1776 1602 τῶν
1787 1574 1874 1609 ἐμῶν,

1043 1609 1064 1639 c
1077 1624 1175 1662 φησιν,
1194 1622 1297 1649 ὑδάτων
1312 1609 1551 1657 ὲμφορήσάμενος,
1568 1621 1617 1656 οὐχ
1632 1621 1707 1653 ὅπως
1723 1620 1770 1647 τοῦ
1793 1620 1873 1657 διψῇν

1081 1669 1122 1696 ἔτι
1154 1668 1285 1704 κρείττων
1314 1667 1546 1703 ὰποφανθήσεται,
1581 1666 1639 1693 ἀλλ’
1655 1665 1710 1698 ἕξει
1738 1666 1831 1702 πηγὴν
1847 1667 1875 1692 ὲν

1081 1713 1170 1750 ἑαυτῷ
1180 1714 1247 1748 πρὸς
1259 1713 1331 1750 ζωὴν
1346 1713 1454 1740 αἰώνιον
1467 1712 1630 1748 ἀποτρέψειν
1641 1712 1795 1748 ἰσχύουσαν.
1804 1713 1875 1740 Οὐκ-

1080 1761 1128 1788 οῦν
1144 1762 1158 1787 ὁ
1176 1761 1210 1788 τὰ
1232 1759 1318 1796 μείζω
1339 1759 1510 1796 δωρούμενος
1527 1760 1556 1785 ὲν
1569 1759 1690 1795 μείζοσιν
1698 1759 1785 1793 ἔσται,
1795 1761 1873 1796 φησὶ,

1081 1807 1128 1834 τοῦ
1145 1807 1175 1834 τὸ
1190 1806 1299 1834 ἔλαττον
1311 1806 1419 1842 ἔχοντος
1439 1806 1486 1833 καὶ
1500 1805 1552 1841 τὴν
1564 1805 1648 1841 αὐτὴν
1664 1805 1714 1833 οὐκ
1730 1806 1874 1833 ἀποίσεται

1080 1853 1160 1887 δόξαν
1177 1852 1216 1888 τῷ
1231 1853 1341 1880 νικῶντι
1367 1852 1398 1879 τὺ
1422 1852 1594 1887 ὴττώμενον”
1623 1851 1709 1879 ἰστέον
1731 1852 1760 1879 δὲ
1780 1853 1874 1886 πάλιν,

1081 1900 1119 1932 ὡς
1131 1900 1202 1936 ὕδωρ
1213 1900 1241 1926 ὲν
1257 1899 1361 1931 τούτοις
1376 1899 1425 1935 τὴν
1438 1897 1486 1925 τοῦ
1500 1898 1579 1932 ἁγίου
1594 1897 1754 1933 Πνεῦματος
1768 1899 1850 1936 χάριν
1861 1901 1875 1926 ὁ

1082 1945 1177 1981 Σωτὴρ
1191 1945 1334 1977 ἀποκαλεῖ,
1351 1942 1384 1980 ἧς
1402 1945 1480 1980 εῐπερ
1493 1952 1534 1976 τις
1552 1943 1656 1977 γένοιτο
1670 1944 1794 1980 μέτοχος,
1810 1945 1877 1971 ἀνα-

1082 1992 1256 2027 πηγάζουσαν
1272 1990 1328 2024 ἕξει
1343 1990 1435 2017 λοιπὸν
1453 1991 1482 2017 έν
1496 1989 1584 2025 ἑαυτῷ
1604 1989 1657 2016 τῶν
1680 1989 1760 2016 θείων
1785 1990 1875 2026 μαθη-

1084 2039 1176 2074 μάτων
1192 2038 1241 2073 τὴν
1255 2037 1398 2073 χορηγίαν,
1409 2036 1447 2068 ὡς
1464 2036 1562 2072 μηκέτι
1580 2035 1629 2071 μὲν
1654 2035 1727 2071 αὺτῷ
1745 2036 1796 2072 τῆς
1810 2037 1877 2073 παρ’

1081 2083 1330 2120 ἔτέρωννουθεσίας
1351 2083 1447 2113 ἐνδεῖν.
1470 2082 1596 2119 ἐξαρκεῖν
1613 2083 1642 2110 δὲ
1668 2083 1769 2119 μᾶλλον
1790 2085 1830 2116 εἰς
1845 2085 1875 2111 τὸ

1081 2129 1211 2156 δύνασθαι
1226 2128 1322 2165 ῥᾳδίως
1339 2129 1519 2165 παρακαλεῖν,
1532 2129 1594 2161 τοὺς
1605 2127 1703 2166 οἷσπερ
1719 2129 1752 2156 ἂν
1766 2129 1876 2164 γένοιτο

1082 2175 1162 2211 διψῆν
1176 2175 1220 2202 τὸν
1239 2175 1310 2202 θεῖόν
1337 2183 1366 2202 τε
1382 2175 1428 2202 καὶ
1448 2175 1574 2211 οὐράνιον
1586 2175 1675 2210 λόγον,
1693 2176 1780 2202 ὁποῖοί
1802 2184 1875 2207 τινες

1082 2219 1152 2257 ἦσαν
1167 2221 1237 2248 κατὰ
1252 2221 1298 2248 τὸν
1322 2221 1444 2255 παρόντα
1466 2221 1534 2256 βίον,
1549 2221 1597 2248 καὶ
1619 2221 1666 2248 ἐπὶ
1679 2222 1729 2257 γῆς
1746 2222 1786 2248 ἔτι
1799 2221 1874 2248 πολι-

1083 2268 1233 2303 τευόμενοι,
1247 2267 1319 2301 ἆγιοί
1337 2276 1366 2294 τε
1382 2268 1532 2304 προφῆται,
1551 2268 1597 2295 καὶ
1617 2268 1770 2299 ἀπόστολοι,
1786 2269 1834 2296 καὶ
1851 2270 1875 2295 οἰ

1085 2315 1135 2350 τῆς
1147 2314 1259 2341 ἐκείνων
1273 2313 1434 2348 κληρονόμοι
1448 2313 1629 2349 λειτουργίας,
1647 2315 1711 2350 περὶ
1723 2311 1761 2341 ὧν
1775 2315 1876 2350 γέγρα-

1086 2370 1152 2388 πται
1166 2370 1172 2376 ·
1191 2370 1200 2386 ι
1212 2360 1267 2387 Καὶ
1281 2360 1431 2395 ἀντλήσατε
1444 2359 1517 2396 ὕδωρ
1526 2361 1584 2397 μετ’
1597 2361 1765 2397 εὐφροσύνης
1773 2363 1806 2389 ὲκ
1820 2362 1875 2388 τῶν

1086 2406 1183 2442 πηγῶν
1195 2406 1243 2433 τοῦ
1257 2405 1406 2441 Σωτηρίου.
1420 2415 1429 2431 ι

1121 2453 1176 2486 Δός
1189 2460 1241 2487 μοι
1255 2451 1343 2478 τοῦτο
1357 2451 1389 2477 τὸ
1403 2450 1492 2485 ὕδωρ,
1507 2450 1609 2486 ἵναμὴ
1627 2450 1716 2486 διψῶ,
1737 2451 1817 2486 μηδὲ
1830 2452 1876 2486 ἐρ-

1088 2507 1181 2534 χωμαι
1209 2496 1315 2524 ἐνθάδε
1343 2495 1476 2524 ἀντλεῖν.
1509 2496 1594 2531 Λέγει
1609 2496 1686 2530 αὐτῇ
1701 2497 1716 2524 d
1740 2495 1873 2529 Ἰησοῦς.

1121 2544 1198 2572 Move.
1213 2543 1292 2570 πάλιν
1306 2541 1341 2569 τὰ
1356 2541 1458 2577 συνήθη
1476 2542 1523 2568 καὶ
1538 2541 1613 2569 λαλεί
1629 2542 1676 2568 καὶ
1696 2542 1874 2576 φαντάζεται,

1088 2591 1193 2625 συνίησι
1219 2589 1247 2616 δὲ
1269 2589 1336 2620 ὅλως
1361 2588 1416 2615 τῶν
1440 2587 1593 2623 λεγομένων
1616 2588 1709 2615 οὐδέν·
1737 2589 1767 2614 ἐν
1787 2587 1816 2614 δὲ
1837 2587 1876 2623 τῷ

1089 2636 1193 2673 μικρῶν
1206 2634 1427 2662 ἀπαλλάττεσθαι
1444 2634 1544 2667 πόνων,
1557 2633 1621 2669 ὅλην
1643 2633 1713 2665 ἕξειν
1727 2633 1815 2660 οἴεται
1827 2631 1874 2659 τοῦ

1086 2684 1210 2719 Σωτῆρος
1230 2681 1279 2716 τὴν
1303 2680 1471 2716 φιλοτιμίαν,
1499 2680 1546 2706 καὶ
1569 2680 1596 2706 ὲν
1618 2679 1657 2714 τῷ
1675 2678 1774 2715 μηκέτι
1794 2679 1875 2714 atth

1084 2732 1133 2767 τῆς
1163 2729 1211 2756 τοῦ
1231 2728 1298 2755 Θεοῦ
1320 2728 1430 2764 χάριτος
1453 2727 1538 2763 ὁρίζει
1559 2725 1590 2752 τδ
1612 2726 1721 2761 μέτρον,
1740 2724 1795 2752 οὐδ“
1812 2725 1876 2753 ὅσον

1084 2777 1199 2808 ἐννοίαις
1213 2775 1303 2810 ψιλαῖς
1319 2773 1450 2810 δεχομένη
1467 2773 1500 2800 τὰ
1520 2771 1703 2808 ὑπερκόσμια.
