2028 3118
176 217 224 246 301

671 215 703 243 lN
726 215 868 244 JOANNIS
882 215 1107 244 EVANGELIUM
1125 215 1189 242 LlB.
1209 214 1240 242 ιι.

1751 214 1803 242 502

212 272 344 307 ’Υπαγε,
367 270 510 306 φώνησον
534 268 587 296 τὸν
610 269 704 304 ἄνδρα
729 278 805 304 σου,
829 271 877 297 καί
896 269 966 297 ἐλθὲ

1053 268 1098 302 ιν,
1116 269 1159 297 16.
1178 269 1261 302 Vade,
1279 276 1342 296 voca
1360 269 1535 303 virumtuum,
1547 274 1571 298 et
1589 270 1645 298 ostii
1660 270 1719 297 huc.

175 319 293 346 ἐνθάδε.

210 362 265 392 τΗν
278 365 333 400 ἄρα
347 362 436 395 καλῶς
454 371 483 389 τε
499 362 545 390 καὶ
558 362 608 390 οὐκ
624 363 797 398 ἐψευσμένως
812 364 910 396 εἰπεῖν,
926 363 966 390 ὅτι

176 411 282 448 θήλειαι
306 410 365 442 πώς
387 410 440 436 εισι
464 409 579 442 θηλειῶν
595 410 623 436 αί
647 409 754 446 φρένες,
778 410 826 438 καὶ
849 410 968 446 μαλακὸς

177 457 321 492 ὲνῴκισται
336 456 398 487 νοῦς
413 455 704 491 γυναιξὶν..οὐδαμόθεν
717 456 787 491 ἔχων
797 456 827 483 τὺ
838 455 968 483 δύνασθαί

176 511 203 530 τι
219 502 337 529 συνιέναι
358 502 476 537 γοργῶς.
493 501 688 537 Εὑμαθεστέρα
711 502 738 528 δέ
758 510 816 534 πως
830 502 847 537 ἡ
864 501 968 537 ἀνδρῶν

176 550 236 576 ἐστι
250 549 340 584 φύσις,
358 548 404 575 καὶ
418 548 486 574 πολὺ
509 546 577 582 πρὸς
600 547 696 582 λόγους
723 548 884 583 ἑτοιμοτέρα
896 569 903 581 ,
929 547 969 574 δι-

177 595 366 631 εγηγερμένον
380 595 420 626 εἰς
435 594 528 629 νῆψιν,
541 595 599 626 καὶ,
621 593 655 620 ἵν’
670 593 757 625 οὕτως
772 594 852 625 εἴπω,
868 593 969 628 θερμόν

176 651 208 668 τε
221 642 268 668 καὶ
282 640 513 676 ἀπηρσενωμένον
528 639 628 674 ἔχουσα
641 640 687 666 τὸν
698 639 771 666 νοῦν.
787 640 836 666 Διὰ
855 639 968 673 ταύτην,

177 685 272 723 οἶμαι,
295 686 345 722 τὴν
370 686 480 718 αἰτίαν,
506 686 552 712 τὸν
582 685 665 721 ἄνδρα
689 685 783 712 καλεῖν
807 685 844 720 τῷ
867 684 970 719 γυναίῳ

178 731 377 768 παρεκελεύετο
397 731 549 766 λεληθότως
572 731 701 766 ἐλέγχων,
719 731 756 763 ὡς
778 730 970 766 ἀμαθεστάτην

179 777 230 813 μὲν
255 778 310 813 ἔχοι
331 777 381 813 τὴν
399 777 529 812 καρδίαν,
559 778 616 808 τοῖς
640 777 668 803 δὲ
696 778 736 809 είς
761 776 856 812 σοφίαν
881 776 970 810 λόγοις

177 824 414 859 ἀμεταχείριστον,
440 822 508 857 ὀμοῦ
531 822 559 849 δέ
584 830 611 848 τι
635 822 682 848 καὶ
703 823 795 858 ἕτερον
819 822 866 848 ἐπὶ
884 821 971 857 τούτῳ

178 870 321 902 κάλλιστον
334 869 493 904 οἰκονομῶν.

213 905 300 940 Λέγει
319 904 400 937 αὐτῷ
418 902 437 937 ἡ
457 903 533 938 γυνή
546 912 553 920 ·
579 903 691 938 ’Ἄνδρα
713 904 769 930 οὐκ
787 904 856 938 ἔχω.
884 902 970 938 Λέγει

1052 357 1125 386 Bene
1141 358 1235 393 utique
1253 365 1304 386 nec
1319 357 1389 385 falso
1410 357 1464 385 dici
1483 361 1582 392 potest,
1600 358 1803 393 quodammodo

1019 403 1151 432 femineos
1169 411 1232 431 esse
1249 403 1413 431 feminarum
1429 403 1545 436 animos,
1564 405 1730 440 mollemque
1743 412 1803 431 mu-

1018 450 1133 478 lieribus
1160 451 1252 478 inesse
1281 453 1411 482 mentem,
1436 457 1497 484 quae
1513 450 1589 477 nullo
1614 451 1694 478 modo
1716 451 1804 486 possit

1019 497 1123 532 aliquid
1158 500 1239 524 acute
1267 496 1458 532 sagaciterque
1491 496 1648 531 concipere.
1683 496 1805 523 Docilior

1019 546 1110 570 autem
1125 546 1167 570 est
1181 543 1303 569 virorum
1319 547 1426 573 natttra,
1440 546 1467 569 et
1485 540 1519 568 ad
1542 548 1653 568 omnem
1668 541 1803 569 rationem

1020 588 1166 620 solertior,
1178 588 1298 615 excitata
1318 587 1351 614 ad
1371 587 1590 623 intelligendum,
1609 590 1646 619 et,
1664 590 1695 614 ut
1707 587 1748 614 ita
1764 587 1805 615 di-

1019 642 1090 667 cam,
1116 635 1238 662 mascula
1268 638 1360 662 mente
1384 634 1507 669 praedita.
1527 632 1616 665 llanc,
1641 633 1749 668 opinor,
1772 634 1806 660 ob

1020 688 1143 714 causam,
1159 681 1247 708 virum
1266 688 1346 708 suum
1377 687 1520 707 arcessere
1545 679 1629 714 jussit
1651 678 1805 711 mulierem,

1020 727 1137 755 obscure
1154 727 1355 763 quodannnodo
1370 734 1430 754 eam
1445 729 1476 753 ut
1491 725 1586 754 rudem
1603 725 1767 760 increpans,‘
1779 729 1807 752 et

1021 775 1055 802 ad
1087 776 1284 811 capessendam
1313 775 1456 811 sapientia:
1484 775 1639 802 doctrinam
1670 774 1805 806 hebetem,

1020 821 1158 857 simulque
1173 822 1246 849 aliud
1261 821 1391 857 quiddam
1411 821 1628 857 pulcherrimum
1645 819 1805 848 instituens.

1057 910 1102 941 ιν,
1123 911 1166 942 l7,
1185 910 1229 938 l8.
1250 910 1318 936 Dicit
1332 909 1356 936 ei
1373 909 1489 936 mulier:
1508 909 1602 936 Virum
1631 917 1683 936 non
1711 908 1807 936 habeo.

178 950 258 985 αὐτῇ
280 952 296 977 ό
327 949 457 984 Ἰησοῦς·
473 949 579 983 Καλῶς
605 948 703 982 eluso,
730 949 775 976 ὅτι
801 949 896 983 ἄνδρα
912 949 968 975 οὐκ

1025 956 1093 983 Dicit
1110 957 1134 983 ei
1150 955 1228 984 Iesus
1239 965 1248 983 :
1262 957 1330 983 Bene
1340 956 1446 987 dixisti,
1463 956 1525 991 quia
1542 964 1593 982 non
1609 955 1692 981 habeo
1704 956 1804 983 virum:

178 997 238 1031 ἔχω
251 1005 258 1012 ·
287 996 377 1023 πέντε
397 995 452 1031 γὰρ
476 996 577 1030 ἔσχες,
600 996 648 1023 καὶ
670 996 728 1022 νῦν
749 995 785 1021 ὃν
804 994 895 1029 ἔχεις,
914 994 970 1020 οὐκ

178 1044 244 1070 ἔστι
269 1050 328 1069 σου
354 1042 442 1076 ἀνήρ.
473 1042 564 1070 Τοῦτο
589 1041 701 1076 ἀληθὲς
730 1041 864 1076 εῐρηκας,
889 1039 972 1074 λέγει

178 1088 260 1122 αὐτῷ
278 1089 297 1122 ἡ
315 1088 403 1123 γυνή.

214 1136 271 1162 Καὶ
288 1135 341 1161 τίνι
364 1134 456 1161 λοιπὸν
482 1134 532 1161 οὐκ
557 1133 590 1161 ἂν
613 1133 654 1168 εῐη
677 1131 842 1166 καταφανὲς,
868 1131 906 1163 ὡς
921 1130 972 1158 οὒκ

178 1181 271 1216 ἠγνόει
298 1181 348 1216 μὲν
373 1182 387 1208 ό
401 1179 495 1216 Σωτὴρ
514 1179 562 1207 τοῦ
580 1179 651 1206 κατὰ
674 1179 756 1214 νόμον
780 1176 974 1213 κατῳκηκότας

179 1228 284 1264 ἔρημον
295 1227 430 1262 ὑπάρχειν
439 1226 534 1262 αὐτὴν,
550 1225 687 1261 πρόφασιν
698 1225 727 1250 δὲ
741 1223 790 1250 τοῦ
801 1222 973 1257 ἅνακαλύψαι

179 1274 214 1300 τὰ
237 1273 422 1309 κεκρυμμένα
441 1272 490 1308 τὴν
504 1271 552 1298 τοῦ
569 1272 665 1308 ἀνδρὸς
677 1271 824 1305 ἐποιήσατο
839 1270 973 1305 Chr-qam

179 1318 235 1347 Ἦν
251 1320 306 1355 γὰρ
321 1319 393 1346 οὕτω
415 1319 492 1354 μόλις
516 1318 656 1353 ὠφελῆσαι
674 1316 866 1352 θαυμάζουσαν
883 1315 974 1343 οὐκέτι

180 1367 274 1393 λοιπὸν
297 1367 335 1397 ὠς
360 1366 408 1392 ἕνα
432 1365 488 1392 τῶν
516 1364 577 1392 καθ’
593 1365 677 1400 ἡμᾶς,
699 1363 756 1390 ἀλλ’
784 1363 822 1394 ὡς
843 1362 913 1398 ὑπὲρ
929 1362 975 1389 ἄν·

181 1412 292 1448 θρωπον
306 1412 358 1447 ἢδη
374 1410 418 1437 διὰ
431 1411 478 1438 τοῦ
500 1409 659 1445 παραδόξως
673 1409 773 1436 ειδέναι
794 1408 828 1435 τὰ
848 1409 876 1435 ὲν
894 1408 973 1443 αὐτῇ,

182 1457 347 1492 ἀποδέχεται
362 1456 390 1483 δὲ
414 1456 557 1492 χρησίμως
574 1455 657 1491 ἄνδρα
680 1455 811 1489 λέγουσαν
826 1455 877 1481 οὑκ
891 1453 973 1489 ἔχειν,

183 1491 425 1534 καίτοιίτοσοὺτοις
435 1491 679 1538 νσυνεφθαρμένην.
699 1501 735 1527 Οὐ
750 1501 804 1536 γὰρ
820 1500 928 1532 σύνοδος
942 1501 975 1527 ἐκ

183 1549 348 1585 φιληδονίας,
373 1548 429 1575 ἀλλ’
445 1550 462 1584 ὴ
475 1549 545 1575 κατὰ
562 1548 644 1583 νόμον
669 1547 831 1579 συναίνεσις,
849 1547 897 1574 καὶ
912 1546 975 1573 σύν-

182 1595 281 1631 δεσμος
294 1595 324 1628 ἐξ
339 1595 449 1631 ἀγάπης
462 1595 586 1630 καθαρᾶς
597 1594 642 1621 τὸν
655 1594 862 1630 ἀκατηγόρητον
875 1594 976 1620 ἀποτε-

182 1640 260 1667 λοῦσι
273 1641 372 1675 γάμον.

217 1688 317 1721 Κύριε,
333 1686 429 1721 θεωρῶ
444 1686 488 1713 ὅτι
504 1685 662 1720 προφήτης
676 1684 704 1713 εἶ
722 1685 773 1712 σύ.

217 1733 305 1765 Μόλις
329 1733 484 1768 ἀναλάμπει
510 1732 578 1768 πρὸς
602 1732 699 1767 νῆψιν,
724 1731 771 1758 καὶ
797 1730 876 1758 πάλιν
899 1728 975 1756 οὔπω

182 1780 300 1808 τελείαν.
333 1780 478 1815 Προφήτην
503 1779 558 1814 γὰρ
582 1778 622 1804 ἔτι
652 1778 730 1805 καλεῖ
755 1777 802 1804 τὸν
829 1774 975 1812 προφητῶν

184 1826 323 1862 Δεσπότην
335 1834 341 1840 ·
357 1825 427 1860 πλὴν
438 1825 557 1861 ἀμείνων
574 1824 591 1859 ἢ
610 1825 743 1859 πρότερον
755 1821 895 1857 ἀνεδείχθη
907 1820 977 1847 κατὰ

185 1872 285 1908 βραχὺ,
302 1872 361 1898 κατ’
375 1871 470 1898 οὐδένα
489 1871 538 1906 μὲν
552 1871 652 1905 τρόπον
677 1869 746 1905 πρὸς
766 1869 829 1900 τοὺς
851 1867 976 1902 ἐλέγχους

186 1919 368 1955 ἀσχάλλουσα,
391 1918 440 1952 τὴν
464 1917 493 1944 δὲ
517 1917 571 1944 ἀπὸ
595 1917 642 1943 τοῦ
670 1915 783 1951 σημείου
803 1914 919 1949 δύναμιν
937 1913 978 1944 εἰς

185 1965 319 1999 ὠφέλειαν
337 1964 509 2000 ἁρπάζουσα,
525 1964 574 1990 καὶ
601 1962 725 1998 μαλακῆς
751 1961 801 1996 μὲν
822 1959 908 1991 οὕτως
929 1958 977 1984 ὲκ-

185 2010 318 2037 6αινουσα
334 2009 442 2044 φρενὸς,
460 2008 578 2044 μετρίως
594 2016 626 2042 γε
645 2007 698 2042 μὴν
715 2007 754 2044 είς
773 2004 896 2033 νεανικὸν
910 2004 977 2030 ἁνα-

186 2055 316 2082 σαίνουσα
339 2039 483 2087 νὸῡνζᾷιάι
500 2039 549 2088 si];
711 2039 755 2077 τόν
781 2049 918 2085 ὀφθαλμὸν
938 2048 978 2079 είς

186 2101 258 2138 ἀήθη
285 2100 455 2138 πραγμάτων
482 2098 598 2135 θεωρίαν
626 2097 791 2124 ἐκτείνουσα.
823 2095 881 2130 Ἐφ’
902 2091 924 2129 ᾧ
945 2094 978 2129 δὴ

188 2148 306 2183 μάλιστα
336 2147 486 2182 θαυμάζειν
514 2144 660 2173 ἀκόλουθον
691 2143 740 2179 τὴν
769 2142 818 2169 τοῦ
852 2141 978 2177 Σωτῆρος

186 2193 267 2229 ἡμῶν
290 2192 466 2225 ἀνεξικακίαν
490 2199 520 2218 τε
541 2190 622 2226 ὁμοῦ,
646 2189 694 2216 καὶ
714 2189 839 2223 δύναμιν,
864 2186 980 2217 καὶτὰς

186 2240 367 2271 ἀπαιδεύτους
388 2238 506 2270 διανοίας
530 2237 570 2269 είς
594 2236 758 2271 ἀξιάγαστον
778 2233 836 2268 ἕξιν
858 2233 978 2264 εὐκόλως

187 2285 307 2321 μεταρυθ
313 2285 445 2321 μίζοντος.

225 2332 257 2359 οι
271 2330 396 2365 πατέρες
408 2330 492 2364 ἡμῶν
501 2330 537 2357 ἐν
550 2329 591 2362 τῷ
605 2328 666 2362 ὄρει
680 2327 774 2360 τούτῳ
788 2325 977 2360 προσεκύνη-

186 2385 263 2405 σαν·
280 2377 329 2404 καὶ
344 2376 428 2411 ὑμεῖς
440 2375 542 2411 λέγετε
555 2375 598 2401 ὅτι
610 2374 645 2401 ὲν
662 2372 881 2407 Ἰεροσολύμοις
892 2370 979 2397 ἐστὶν

187 2425 204 2450 ὀ
229 2424 338 2456 τόπος,
365 2422 442 2450 ὅπου
467 2420 651 2457 προσκυνεῖν
675 2419 730 2446 δεῖ.
754 2418 839 2453 Λέγει
860 2416 937 2452 αὐτῇ
962 2417 979 2443 ό

195 2467 321 2502 Ἰησοῦς.

223 2514 370 2550 Προφήτην
383 2513 468 2544 ὅντως
482 2512 626 2548 ὑπάρχειν,
645 2510 692 2538 καὶ
713 2509 839 2537 Ἰουδαῖον
856 2508 978 2543 οἰηθεῖσαι

186 2561 233 2588 τὸν
260 2560 377 2596 Κύριον,
402 2561 457 2592 τοῖς
482 2558 639 2593 ἐπιχωρίοις
664 2556 737 2583 ἔθεσι
768 2555 834 2582 πολὺ
860 2554 893 2590 δὴ
917 2553 977 2580 λίαν

187 2605 385 2642 ἐναϐρύνεται,
412 2605 459 2632 καὶ
483 2606 532 2641 τῆς
559 2602 693 2631 Ἰουδαίων
722 2601 851 2633 ὑπονοίας
882 2599 977 2635 βεϐου-

186 2651 300 2678 λεῦσθαι
319 2651 354 2678 τὰ
371 2650 486 2686 κρείττω
501 2651 563 2681 τοὺς
581 2648 754 2685 Σαμαρείτας
770 2645 976 2682 διῖσχυριζεται.

190 2693 316 2725 ἰουδαῖοι
332 2697 381 2732 μὲν
394 2698 448 2732 γὰρ
462 2696 618 2732 παχυτέρας
631 2695 670 2722 ἔτι
687 2694 736 2726 τὰς
754 2694 817 2730 περὶ
834 2693 884 2728 τῆς
902 2692 978 2724 θείας

187 2754 217 2772 τε
237 2745 284 2772 καὶ
301 2744 447 2779 ἀσωμάτου
471 2743 577 2777 φύσεως
603 2741 744 2777 διαλήψεις
766 2740 924 2776 δεχόμενοι,
947 2740 976 2765 ὲν

189 2791 280 2827 μόνοις
304 2792 360 2821 τοῖς
380 2789 592 2825 Ἰεροσολύμοις,
619 2788 680 2824 ἤτοι
708 2787 777 2814 Σιὼν
804 2788 837 2821 τῇ
865 2786 976 2820 γείτονι,

187 2836 288 2872 χρῆναι
313 2835 520 2871 προσκυνεῖσθαι
542 2834 587 2860 τὸν
609 2833 654 2860 ἐπὶ
675 2833 777 2863 πάντας
798 2831 864 2858 Θεὸν
880 2830 977 2857 διετεί-

187 2889 274 2912 νοντο,
290 2881 328 2912 ὡς
343 2880 407 2915 ὅλης
425 2880 497 2913 ἅπαξ
513 2879 562 2915 τῆς
578 2879 696 2915 ἀρρήτου
722 2877 768 2904 καλ¹
783 2876 976 2912 ἁκαταλήπτου

188 2926 296 2963 φύσεως
311 2926 499 2960 καταλυούσης
518 2926 616 2957 ἐκεῖσε,
634 2924 680 2951 καὶ
708 2923 906 2959 χειροποιήτοις
932 2923 977 2949 ιν-

1022 1003 1138 1037 ᾳαίιιᾳιιεη
1156 1003 1226 1029 enim
1249 1004 1318 1030 viros
1343 1003 1470 1035 habuisti,
1488 1007 1512 1030 et
1531 1010 1600 1030 nunc
1619 1011 1694 1038 quem
1716 1002 1806 1034 habes,

1022 1056 1073 1075 non
1085 1052 1123 1075 est
1136 1053 1196 1076 tuus
1211 1048 1260 1077 vir.
1281 1048 1339 1076 Hoc
1353 1057 1410 1076 vere
1420 1049 1524 1082 dixisti,
1540 1049 1605 1075 dicit
1619 1049 1643 1075 ei
1657 1048 1760 1075 mulier.

1057 1133 1108 1162 Cui
1123 1143 1188 1163 vero
1202 1143 1257 1163 non
1274 1135 1451 1164 manifestum
1469 1137 1504 1163 sit
1518 1136 1627 1164 demum
1639 1135 1807 1164 Salvatorem

1023 1187 1079 1208 non
1104 1180 1246 1216 ignorasse
1276 1181 1398 1216 legitimo
1424 1189 1484 1209 eam
1501 1181 1602 1209 marito
1627 1188 1732 1215 carere,
1760 1182 1808 1210 sed

1024 1227 1212 1262 percontando
1229 1227 1263 1255 de
1279 1228 1349 1260 viro,
1372 1228 1549 1256 occasionem
1568 1229 1675 1264 cepisse
1700 1229 1808 1257 occulta

1023 1273 1185 1301 rerelandi?
1201 1273 1264 1301 Haec
1281 1274 1354 1301 enim
1367 1281 1422 1301 una
1445 1274 1517 1302 ratio
1531 1274 1730 1310 propemodum
1751 1279 1809 1302 erat

1025 1319 1098 1348 illius
1114 1320 1253 1355 iuvandae,
1266 1321 1289 1348 si
1307 1328 1364 1348 non
1377 1321 1432 1356 jam
1461 1329 1523 1349 eum
1537 1327 1566 1350 ut
1593 1330 1698 1350 merum
1721 1322 1809 1350 homi-

1024 1372 1097 1398 nem,
1113 1364 1162 1393 sed
1179 1371 1208 1392 ut
1224 1366 1334 1393 homine
1343 1367 1512 1402 superiorem
1535 1367 1729 1400 admiraretur,
1746 1372 1809 1402 puta

1025 1411 1069 1438 cui
1085 1410 1210 1438 inaudito
1229 1411 1312 1439 modo
1342 1420 1390 1440 sua
1420 1420 1522 1439 arcana
1548 1417 1683 1448 paterent;
1707 1414 1810 1441 utiliter

1025 1462 1117 1485 autem
1133 1466 1298 1493 responsum
1315 1459 1376 1493 ejus
1391 1459 1489 1493 probat
1520 1467 1575 1494 quo
1594 1459 1663 1487 dixit
1677 1460 1765 1487 virum
1782 1468 1810 1488 se

1026 1512 1080 1531 non
1097 1505 1209 1537 habere,
1224 1505 1331 1533 tametsi
1348 1513 1363 1532 a
1379 1509 1432 1532 tam
1450 1506 1543 1533 multis
1560 1505 1647 1533 fuerat
1672 1510 1810 1542 corrupta;

1025 1557 1079 1578 non
1089 1551 1160 1577 enim
1170 1551 1216 1585 qui
1225 1559 1255 1577 ex
1268 1551 1406 1585 voluptate
1413 1551 1547 1585 ﬁtcoilns,
1555 1552 1600 1578 sed
1608 1551 1652 1585 qui
1661 1552 1810 1579 secundum

1027 1596 1112 1632 legem
1127 1600 1170 1623 est
1184 1604 1350 1629 consensus,
1365 1600 1391 1624 et
1404 1604 1465 1632 qua:
1489 1605 1521 1624 ex
1536 1601 1614 1624 casto
1636 1604 1732 1626 amore
1747 1605 1810 1626 con-

1024 1643 1133 1679 junctio
1147 1644 1267 1672 exsistit.
1285 1643 1442 1678 inculpatas
1459 1643 1570 1679 nuptias
1585 1643 1716 1672 emciunt.

1060 1688 1107 1721 IV,
1123 1690 1166 1717 l9.
1189 1689 1310 1722 Domine,
1328 1689 1401 1716 video
1415 1690 1478 1725 quia
1489 1690 1614 1724 propheta
1623 1698 1650 1718 es
1662 1695 1700 1718 tu.

1061 1735 1183 1764 Tandem
1201 1736 1234 1764 ad
1251 1736 1436 1772 cognitionem
1465 1735 1576 1769 emicat,
1594 1736 1642 1764 sed
1658 1743 1719 1764 eam
1746 1744 1809 1765 non-

1026 1783 1091 1810 dum
1110 1782 1268 1818 perfectam.
1286 1782 1452 1818 Prophetam
1468 1782 1569 1810 etenim
1590 1782 1682 1810 adhuc
1697 1783 1812 1818 appellat

1027 1828 1224 1863 prophetarum
1239 1827 1401 1855 Dominum:
1414 1827 1512 1855 melior
1523 1832 1614 1855 tamen
1629 1828 1731 1855 sensim
1744 1827 1813 1856 iacta

1027 1877 1068 1900 est
1086 1879 1168 1908 quam
1183 1873 1272 1907 prius,
1284 1872 1362 1899 nullo
1371 1871 1480 1906 quidem
1493 1871 1574 1899 utodo
1585 1871 1813 1906 reprehensiones

1027 1926 1098 1954 aegre
1113 1917 1215 1950 ferens,
1232 1917 1278 1945 sed
1295 1917 1420 1944 miraculi
1437 1917 1491 1944 vim
1507 1917 1611 1944 utiliter
1625 1916 1773 1952 arripiens,
1788 1921 1813 1945 et

1027 1971 1090 1991 cum
1110 1963 1161 1990 hac
1174 1963 1283 1989 ratione
1306 1962 1415 1988 mollem
1432 1961 1555 1989 animum
1578 1961 1712 1994 excutiat,
1738 1961 1816 1990 tarde

1028 2009 1209 2037 nihilominus
1225 2007 1306 2044 184
1319 2007 1353 2035 ad
1376 2007 1505 2035 virtutem
1525 2008 1660 2042 ascendit,
1676 2014 1703 2037 et
1722 2008 1815 2037 cordis

1027 2056 1137 2084 oculum
1154 2056 1186 2083 ad
1199 2056 1362 2083 inusitatum
1378 2062 1471 2082 rerum
1483 2055 1672 2090 spectaculum
1685 2056 1813 2084 intendit.

1027 2102 1057 2130 In
1077 2109 1131 2137 quo
1149 2101 1245 2129 mirari
1264 2101 1359 2136 utique
1381 2100 1461 2128 decet
1479 2098 1631 2129 Salvatoris
1647 2101 1735 2129 nostri
1758 2102 1814 2129 cle-

1027 2148 1156 2176 mentiam
1173 2147 1255 2175 simul
1276 2150 1304 2175 et
1320 2147 1460 2179 virtutem,
1477 2145 1524 2181 qui
1554 2145 1638 2174 rudes
1654 2148 1762 2175 animos
1785 2149 1814 2175 in

1028 2194 1215 2223 admirabilem
1236 2198 1338 2221 statum
1353 2192 1433 2221 facile
1445 2191 1634 2221 transformat.

1064 2326 1111 2359 IV,
1122 2327 1168 2354 20.
1184 2325 1281 2353 Patres
1300 2325 1385 2353 nostri
1404 2325 1431 2352 in
1448 2329 1536 2352 monte
1558 2324 1608 2351 Itoc
1625 2325 1813 2360 adoraverunt,

1029 2378 1054 2401 et
1079 2381 1122 2400 vos
1144 2372 1253 2404 dicitis,
1281 2372 1344 2406 quia
1368 2370 1562 2405 Hierosolymis
1594 2375 1633 2398 est
1657 2371 1748 2405 locus,
1771 2374 1815 2400 ubi

1029 2420 1142 2448 adorare
1154 2423 1265 2453 oportet.
1279 2418 1350 2445 Dicit
1366 2418 1391 2445 ei
1409 2416 1498 2445 Iesus.

1064 2507 1132 2535 Cum
1153 2506 1299 2534 Dominum
1319 2513 1415 2532 revera
1431 2505 1594 2541 prophetam
1610 2513 1682 2538 esse,
1697 2513 1816 2542 eumque

1028 2550 1155 2578 Judaeum
1175 2549 1324 2583 existimet,
1340 2549 1438 2583 patriis
1454 2549 1553 2577 ritibus
1567 2549 1667 2577 mirum
1683 2555 1815 2586 quantum

1029 2597 1174 2634 gloriatur,
1199 2601 1226 2624 et
1258 2595 1448 2624 Samaritanus
1473 2596 1574 2624 asserit
1601 2597 1682 2633 longe
1709 2599 1815 2633 potiora

1031 2644 1162 2672 statuisse
1174 2650 1256 2678 quam
1276 2641 1398 2670 Juda'os.
1414 2641 1501 2670 Judaei
1517 2643 1619 2678 quippe
1633 2645 1815 2673 crassioribus

1030 2689 1065 2717 de
1077 2688 1168 2716 divina
1185 2687 1364 2722 corporisque
1391 2692 1501 2722 experte
1527 2694 1626 2716 natura
1641 2690 1816 2723 opinionibus

1029 2736 1129 2764 imbuti
1145 2734 1343 2769 Hierosolymis
1358 2733 1502 2765 duntaxat,
1520 2738 1568 2761 aut
1597 2735 1625 2762 in
1644 2735 1731 2763 vicina
1749 2736 1814 2764 Sion

1030 2781 1201 2811 adorandum
1224 2788 1286 2808 esse
1314 2783 1475 2815 supremam
1497 2782 1617 2809 universi
1637 2781 1722 2810 Deum
1748 2789 1816 2810 con-

1030 2827 1280 2863 tendebant,quasi
1297 2831 1353 2854 tota
1371 2834 1486 2862 prorsus
1500 2827 1536 2854 ibi
1553 2827 1701 2856 ineﬂ‘abilis
1724 2831 1751 2855 et
1774 2828 1816 2855 in-

1031 2873 1287 2911 comprehensibilis
1305 2877 1403 2900 natura
1425 2873 1573 2907 habitaret,
1590 2878 1618 2902 et
1648 2873 1816 2902 manul'actis

1032 2922 1140 2957 templis
1169 2920 1274 2948 inclusa
1295 2919 1376 2948 foret.
1407 2920 1592 2953 Quamobrem
1622 2928 1688 2949 voce
1706 2918 1815 2955 quoque
