2028 3118
199 160 253 188 305

720 160 753 188 IN
768 159 910 188 JOANNIS
930 159 1153 209 EVANCELIIJM
1176 159 1240 188 LIB.
1257 160 1288 187 ll.

1769 157 1820 186 5οῦ

199 222 230 249 τὸ
248 217 318 248 εῖναι
334 220 410 252 Θεὸς,
433 220 478 248 καὶ
497 220 608 258 Κύριος,
627 221 674 248 καὶ
691 222 886 257 προσκυνητός.
904 222 988 249 Μένει

1049 229 1131 254 ιοιηο,
1145 225 1172 249 et
1187 221 1288 257 ubique
1300 221 1514 257 dispensationis
1531 227 1593 249 cum
1609 227 1691 248 carne
1709 227 1822 248 servans

198 267 254 303 γὰρ
268 268 282 294 6
295 267 375 298 αὐτὸς
391 267 416 293 εί
430 267 477 294 καὶ
492 267 603 302 γέγονεν
626 267 777 303 ἄνθρωπος,
795 267 944 299 ἀποσὼξων
959 267 987 293 δὲ
1014 267 1023 275 ’

200 312 324 347 πανταχῆ
337 312 388 347 τῆς
401 312 468 347 μετὰ
482 312 581 348 σαρκὸς
594 312 750 348 οἰκονομίας
762 312 807 340 τὸν
823 313 901 348 λόγον
911 321 917 327 ·
937 312 988 339 κᾶν

202 357 323 392 μεγάλην
341 357 408 394 Γδῃς,
427 358 474 384 καὶ
488 358 615 394 ὑπερφυᾶ
630 358 679 394 τὴν
694 358 866 392 ταπείνωσιν,
881 359 987 394 θαυμα-

201 403 266 438 στὴς
290 403 430 439 είσέρχου,
462 404 499 440 μὴ
527 405 693 442 κατήγορος,
721 406 758 440 μὴ
783 404 987 441 φιλεγκλήμων,

203 449 302 485 μᾶλλον
332 450 360 476 δὲ
391 449 520 485 μιμητής.
561 449 706 481 Τοιούτους
738 451 753 477 6
779 450 885 482 Παῦλος
916 451 989 486 ἡμᾶς

201 491 316 530 δρᾶσθαι
339 494 462 530 βούλεται
481 495 568 530 λέγων
589 503 597 510 ·
633 505 642 521 ε
659 495 752 531 Τούτῳ
777 496 908 531 φρονείτω
929 496 987 532 [πί.

200 540 280 566 τοῦτο
292 540 425 576 φρονεῖτε]
449 541 563 580 ἕκαστος
587 542 616 568 ἐν
638 542 701 577 ὑμῖν
729 542 830 574 αὐτοῖς,
853 542 867 568 ὃ
889 543 935 569 καὶ
959 543 989 568 ὲν

201 585 312 621 Χριστῷ
344 585 447 620 Ἰησοῦ,
472 585 501 618 ὃς
525 587 554 612 ὲν
578 587 667 622 μορφῇ
691 585 760 613 Θεοῦ
790 587 920 623 ὑπάρχων
940 587 989 623 οὑχ

201 630 348 666 ἁρπαγμὸν
368 630 491 665 ἡγήσατο
510 630 541 657 τὺ
563 630 632 658 εἶναι
654 631 699 659 ίσα
719 632 794 667 Θεῷ,
817 632 875 659 ἀλλ’
893 633 989 660 ἑαυτὸν

201 674 320 701 ὲκένωσε
343 675 448 711 μορφὴν
465 675 558 702 δούλου
579 676 683 710 λαϐὼν,
712 678 741 704 ὲν
762 677 917 713 ὁμοιώματι
941 678 989 705 ἁν-

202 719 319 755 θρώπων
333 721 486 756 γενόμενος,
503 721 549 748 καὶ
562 722 680 757 σχήματι
691 720 818 758 ἐὑρεθεὶς
830 723 868 756 ὡς
883 722 988 759 ἄνθρω-

203 774 270 798 πος,
295 767 476 794 ἐταπείνωσεν
496 769 602 796 ἑαυτόν.
623 778 647 802 ι,
671 769 751 805 Ὁρᾷς
771 769 846 801 ὅπως
865 778 988 796 ταπεινο-

202 812 338 847 φροσύνης
352 813 502 849 ὑπόδειγμα
517 815 627 849 γέγονεν
646 815 713 850 ἡμῖν
727 816 741 842 6
757 815 821 847 Υἰδς
840 816 869 842 ὲν
887 815 989 850 ἰσότητι

203 858 254 892 μὲν
273 858 403 894 ὑπάρχων
419 859 465 885 τοῦ
483 860 600 895 Πατρὸς,
624 860 672 887 καὶ
692 861 721 887 ὲν
736 861 828 897 μορφῇ
851 860 923 888 καθὰ
943 860 989 895 γέ-

201 912 341 939 γραπται,
367 905 565 940 καταϐεϐηκὼς
588 905 616 932 δὲ
638 905 671 932 δι’
701 907 774 942 ἡμᾶς
801 907 841 938 είς
866 906 989 934 ἑκούσιον

202 949 341 985 ὑπακοὴν,
365 950 411 976 καὶ
431 951 616 984 ταπείνωσινς
649 951 713 983 Πῶς
739 949 785 978 οὖν
812 952 864 988 ἄρα
887 951 918 978 τὺ
940 952 990 987 τῆς

201 995 337 1030 ὑπακοῆς,
347 995 406 1028 πῶς
422 995 449 1023 δὲ
464 996 494 1023 τὺ
507 996 558 1031 τῆς
571 996 762 1029 ταπεινώσεως
778 997 831 1023 ἔδει
847 996 990 1032 φαίνεσθαι

202 1041 306 1076 σχῆμα.
324 1041 340 1076 ἢ
356 1041 476 1077 δηλονότι
488 1043 502 1069 6
516 1042 560 1069 διὰ
572 1042 626 1069 τῶν
643 1043 824 1078 πραγμάτων,
842 1044 889 1070 καὶ
904 1043 991 1077 λόγων

201 1087 251 1122 τῆς
265 1087 433 1123 θεοπρεποῦς
449 1088 527 1122 ἀξίας
548 1088 772 1124 ὑποὸεῆηκότων,
797 1088 843 1116 καὶ
869 1088 936 1115 πολὺ
961 1087 992 1115 τὺ

202 1133 313 1160 ἔλαττον
328 1133 455 1168 ἐχόντων,
475 1135 491 1170 ἦ
508 1135 538 1161 ὲν
559 1133 657 1170 οἷσπερ
679 1132 713 1170 ἦν
728 1134 831 1170 γυμνὸς
854 1134 894 1161 ἔτι
914 1134 992 1170 παρὰ

204 1179 292 1214 Πατρὶ
307 1179 402 1213 Λόγος,
417 1179 462 1211 κα)ι
478 1179 652 1215 ὰσύμπλοκος
671 1180 721 1214 τῆς
741 1179 788 1207 τοῦ
809 1179 904 1207 δούλου
924 1187 992 1216 μορο

204 1226 276 1260 φῆς;
300 1225 355 1251 Ποῦ
370 1225 425 1261 γὰρ
437 1225 506 1257 ὅλως
523 1225 604 1252 αὺτδν
624 1224 842 1261 καταϐεϐηκέναι
857 1225 991 1260 φήσομεν,

204 1271 229 1298 εί
244 1271 280 1306 μή
306 1280 331 1298 τι
349 1271 397 1298 καὶ
421 1271 476 1299 τῶν
498 1272 562 1307 παρ’
577 1270 656 1304 ἀξίαν
683 1271 826 1306 ὑπομεῖναι
850 1270 993 1306 δώσομενς

206 1318 303 1352 Γέγονε
327 1316 385 1349 πῶς
401 1317 430 1344 ὲν
447 1317 597 1353 ἀνθρώπων
618 1317 772 1353 ὁμοιώματι
794 1317 866 1344 κατὰ
881 1317 930 1353 τὴν
946 1317 993 1345 τοῦ

207 1363 314 1390 Παύλου
329 1363 430 1399 φωνὴν,
447 1364 472 1390 εί
490 1364 527 1400 μὴ
550 1364 580 1390 τὸ
598 1363 752 1399 ἀνθρώποις
764 1363 870 1400 πρέπον
890 1364 994 1399 ἐμιμή-

207 1417 292 1442 σατο;
325 1409 444 1445 Πρᾶγμα
477 1409 509 1437 δὲ
538 1409 693 1446 ἀνθρώποις
721 1410 946 1446 πρεπωδέστατον
976 1410 992 1446 ὴ

206 1454 400 1491 προσκύνησις,
416 1455 454 1487 ὡς
468 1456 497 1483 ὲν
511 1455 666 1492 ὀφλήματος
676 1455 752 1489 τάξει
768 1455 949 1492 κατατιομὲνη
964 1464 994 1482 τε

206 1502 255 1527 καὶ
282 1501 476 1537 προσαγομένη
509 1502 577 1537 παρ’
602 1501 681 1537 ήμῶν
712 1501 753 1537 τῷ
783 1501 853 1537 Θεῷ.
889 1501 994 1529 Οὐκοῦν

1038 269 1171 296 rationem
1190 277 1196 295 :
1215 271 1258 302 at,
1289 268 1311 296 si
1346 272 1374 296 tu
1395 268 1522 296 eximiam
1545 271 1574 295 et
1587 265 1821 302 supernaturalem
1865 299 1868 302 .

1039 314 1220 341 humilitatem
1245 313 1356 345 videris,
1378 314 1595 342 admirabundus
1615 313 1687 344 subi.
1704 320 1758 340 non
1776 319 1824 338 ac-

1038 363 1160 392 cusator,
1173 367 1226 389 non
1238 359 1431 391 calumniator,
1450 360 1499 387 sed
1518 361 1652 387 imitator.
1674 359 1754 386 Tales
1773 365 1823 385 nos

1039 405 1125 433 videri
1148 405 1207 432 vult
1224 404 1338 437 Paulus,
1358 405 1472 432 dicens:
1497 414 1508 430 (
1540 404 1598 432 Hoc
1621 405 1693 432 enim
1725 404 1824 432 sentite

1040 451 1228 485 unusquisque
1245 450 1272 477 in
1286 449 1378 482 vobis,
1390 449 1464 484 quod
1473 453 1499 476 el
1509 449 1536 476 in
1549 448 1660 476 Christo
1676 449 1758 477 .lcsu:
1775 449 1824 482 qui

1039 505 1100 526 cum
1117 496 1204 524 l‘orma
1220 495 1266 523 Dei
1287 499 1370 528 esset,
1392 502 1447 522 non
1463 494 1587 529 rapinam
1611 494 1761 521 arbitratus
1783 497 1839 521 est-

1039 551 1101 572 esse
1115 550 1144 571 se
1155 542 1286 578 aequalem
1309 541 1374 573 Deo,
1401 541 1448 569 sed
1466 541 1643 575 semetipsum
1663 540 1824 571 erinanivit,

1040 590 1155 618 formam
1172 589 1244 617 servi
1256 587 1406 623 accipiens.
1417 587 1445 614 in
1460 586 1668 614 similitudinem
1685 586 1826 613 hominum

1040 635 1187 669 factusket
1207 634 1317 662 habitus
1331 633 1457 661 inventus
1488 636 1518 660 ut
1543 632 1641 665 homo,
1671 631 1828 658 humiliavit

1040 680 1218 716 semetipsum
1230 680 1263 707 ".
1283 688 1292 705 ι
1312 679 1393 714 186
1410 678 1490 706 Vides
1502 681 1532 705 ut
1553 678 1718 705 humilitatis
1733 685 1826 704 exem-

1039 726 1114 761 plum
1126 725 1206 753 nobis
1218 725 1307 753 factus
1323 726 1357 753 sit
1374 724 1471 757 Filius,
1488 723 1613 761 quamvis
1629 723 1655 750 in
1671 723 1827 758 aequalitate

1040 771 1076 799 sit
1092 770 1193 802 Patris,
1211 775 1237 798 et
1254 770 1351 802 forma,
1376 774 1406 797 ut
1423 770 1557 805 scriptum
1573 772 1626 802 est,
1652 769 1698 796 sed
1717 772 1828 804 propter

1040 824 1091 844 nos
1117 816 1145 843 in
1172 815 1356 843 voluntariam
1383 815 1567 843 obedientiam
1591 819 1618 843 et
1646 814 1828 842 humilitatem

1040 861 1232 890 deseenderit?
1243 861 1387 894 Quomodo
1402 861 1486 896 igitur
1497 860 1661 887 obedientize
1678 862 1725 886 aut
1740 858 1830 885 humi-

1040 907 1127 935 litatis
1142 907 1252 934 habitus
1269 907 1347 934 aliter
1363 911 1523 942 appareret,
1541 913 1623 941 quam
1637 913 1670 933 ex
1691 905 1775 932 rebus
1797 912 1830 931 ae

1041 953 1214 982 sermonibus
1230 952 1321 980 divina
1336 952 1469 988 dignitate
1484 952 1672 983 inferioribus,
1696 951 1829 986 longeque

1041 999 1196 1026 minoribus
1212 1005 1295 1033 quam
1311 996 1402 1025 Verbo
1415 997 1489 1024 nudo
1507 997 1597 1024 adhuc
1622 996 1829 1024 necdum‘servi

1042 1045 1137 1072 formae
1162 1044 1311 1079 coniuncto
1327 1043 1512 1071 conveniant?
1530 1042 1673 1076 Quomodo
1691 1042 1764 1070 enim
1783 1042 1831 1070 de-

1042 1089 1183 1118 scendisse
1197 1097 1260 1117 eum
1274 1089 1409 1121 dicemus,
1427 1089 1481 1116 nisi
1507 1088 1637 1124 quiddam
1663 1096 1724 1116 eum
1739 1095 1754 1115 a
1779 1095 1830 1116 sua

1042 1134 1174 1170 dignitate
1203 1133 1323 1161 alienum
1350 1133 1602 1168 pati'falebimur?
1629 1132 1774 1166 Quomodo
1802 1134 1829 1160 in

1042 1180 1252 1208 similitudinem
1279 1179 1420 1207 hominum
1451 1179 1542 1207 factus
1561 1184 1615 1213 est,
1644 1180 1724 1215 juxta
1752 1179 1830 1206 Pauli

1043 1227 1218 1258 sententiam,
1245 1224 1358 1260 siquod
1383 1225 1541 1253 hominibus
1563 1225 1691 1260 congruit
1711 1232 1766 1253 non
1795 1225 1831 1253 sit

1043 1271 1190 1299 imitatus?
1213 1270 1482 1299 Convenientissima
1499 1278 1565 1298 vero
1583 1278 1627 1298 res
1643 1275 1686 1298 est
1712 1271 1832 1298 homini-

1044 1317 1107 1350 bus,
1128 1317 1279 1360 adoratio,'
1292 1323 1372 1351 quam
1392 1323 1444 1343 nos
1471 1315 1527 1344 Deo
1553 1320 1683 1352 tanquam
1710 1316 1830 1344 debitam

1044 1362 1194 1391 deferimus
1207 1367 1288 1398 atque
1302 1361 1489 1398 rependimns.
1502 1361 1595 1397 Itaque
1610 1362 1708 1390 adorat
1722 1362 1831 1397 quidem

1044 1410 1074 1436 ut
1090 1409 1181 1442 homo,
1196 1408 1416 1444 quandoquidem
1433 1408 1521 1436 factus
1531 1413 1572 1436 est
1587 1408 1687 1441 homo;
1700 1409 1831 1435 adoratur

1044 1461 1110 1482 vero
1137 1462 1247 1490 semper
1265 1461 1327 1481 cum
1345 1453 1437 1487 Patre,
1468 1453 1533 1489 quia
1562 1453 1634 1482 Deus
1653 1458 1693 1481 est
1724 1454 1832 1489 eritque

1046 1501 1197 1529 secundum
1227 1504 1366 1533 naturam,
1384 1507 1415 1528 ac
1431 1507 1524 1528 verus.
1552 1498 1607 1527 Sed
1639 1507 1693 1527 non
1721 1500 1747 1526 id
1765 1500 1833 1527 feret

207 1548 356 1583 προσκυνεῖ
370 1548 418 1583 μὲν
431 1548 469 1580 ὡς
489 1548 640 1584 ἄνθρωπος,
657 1548 702 1575 bu
714 1548 825 1583 γέγονεν
841 1548 994 1584 ἄνθρωπος,

1047 1546 1137 1574 denuo
1154 1545 1339 1577 adversarius,
1352 1552 1447 1572 verum
1465 1544 1491 1571 in
1507 1552 1558 1572 nos
1574 1544 1616 1572 his
1632 1544 1724 1572 verbis
1740 1545 1834 1571 insur-

207 1594 400 1629 προσκυνεῖται
416 1592 444 1620 δὲ
455 1593 498 1626 tisi.
513 1593 582 1628 μετὰ
597 1593 713 1629 Πατρὺς,
730 1593 791 1620 ἐπεὶ
805 1593 871 1624 Θεός
888 1593 947 1620 ἐστί
963 1602 994 1620 τε

206 1640 254 1666 καὶ
284 1639 360 1666 ἔσται
386 1640 457 1666 κατὰ
486 1640 583 1675 φύσιν,
606 1640 654 1667 καὶ
677 1639 813 1676 ἀληθινός.
853 1639 922 1666 Ἀλλ’
945 1640 996 1666 οὐκ

207 1684 332 1717 ἀνέξεται
351 1686 431 1713 πάλιν
445 1686 460 1713 6
475 1686 508 1712 δι’
524 1685 658 1718 ἐναντίας,
679 1686 767 1713 ἐκεῖνο
779 1685 807 1712 δὲ
821 1685 909 1720 λέγων
929 1686 996 1713 ἀνα-

209 1731 359 1766 στήσεταιθ
385 1732 430 1768 Μὴ
455 1732 558 1765 ξενίζου
582 1732 744 1768 προσκυνεῖν
768 1732 812 1759 ὅτε
836 1732 928 1768 φαμὲν
951 1732 996 1759 τὸν

209 1777 284 1805 Υἱόν.
306 1779 343 1805 Οὑ
359 1779 414 1815 γὰρ
426 1778 512 1812 οὕτως
527 1779 638 1815 οἰόμεθα
653 1779 751 1814 χρῆναι
767 1770 930 1815 προσκυνεῖν
946 1778 993 1805 αὑ-

207 1824 253 1850 τὸν
275 1823 316 1860 τῷ
340 1825 437 1860 Πατρὶ,
459 1825 553 1861 ὥσπερ
571 1823 617 1852 οὖν
633 1824 729 1860 ἀμέλει
750 1824 797 1851 καλ⁴
811 1824 896 1860 ἡμᾶς,
914 1823 931 1858 ἢ
951 1824 998 1851 καὶ

208 1867 342 1902 ἀγγέλους
350 1868 440 1903 τυχὸν,
453 1868 510 1895 ἀλλ’
521 1867 657 1904 ἐξαίρετός
668 1867 710 1900 τίς
724 1867 797 1894 ἐστιν
809 1868 826 1903 ἡ
844 1867 998 1903 προσκύνη-

209 1919 263 1943 σις,
288 1911 335 1939 καὶ
358 1911 424 1939 πολὺ
440 1912 490 1947 τῆς
507 1913 573 1948 παρ’
593 1912 672 1948 ἡμῶν
693 1913 722 1939 ὲν
736 1911 871 1947 ἀμείνοσι.
896 1911 930 1938 Τί
952 1908 998 1938 οὖν

208 1955 277 1991 πρὸς
289 1955 374 1982 ταῦτα
385 1955 466 1983 πάλιν
476 1957 591 1992 ἐροῦμεν
601 1957 680 1992 ἡμεῖς
691 1965 697 1989 ;
717 1957 761 1988 Ὣς
772 1955 998 1991 ἀξιολογωτάτην,

208 1999 348 2035 ἄνθρωπε,
367 1999 515 2035 περιτιθεὶς
530 2000 570 2035 τῷ
582 2000 732 2034 Μονογενεῖ
746 2000 795 2036 τὴν
809 1999 940 2033 δουλείαν,
952 2000 999 2027 καὶ

209 2044 346 2072 οἰκετικὸν
360 2044 468 2080 ἀξίωμα
483 2045 539 2077 τοῖς
552 2045 582 2077 ἐξ
598 2044 706 2082 ἀπάτης
723 2044 939 2081 καταχρυσώσας
954 2044 1000 2071 λό-

209 2096 269 2122 γοις
285 2089 365 2122 τισὶν,
382 2089 432 2115 οῐει
447 2089 695 2125 παρακρουόμενος.
716 2089 824 2116 Παῦσαι
838 2088 956 2121 δοξάζων
970 2089 999 2115 ἐν

210 2133 308 2168 ἀτιμίᾳ
336 2133 381 2160 τὸν
405 2133 485 2164 Υίδν,
511 2134 555 2160 ῖνα
582 2133 675 2169 μείνῃς
697 2133 785 2168 τιμῶν
806 2133 851 2160 τὸν
871 2132 992 2168 Πατέρα.

214 2185 223 2202 ι
235 2176 265 2202 '0
277 2176 331 2212 γὰρ
345 2175 483 2212 μὴ·τιμῶν
497 2176 543 2204 τὸν
555 2176 630 2209 Υιὺν,
645 2177 706 2204 οὐδὲ
717 2177 763 2204 τὸν
778 2176 888 2212 Πατέρα
898 2177 976 2212 τιμᾷ,
987 2185 997 2203 ι

210 2220 303 2252 καθὼς
315 2220 479 2256 γέγραπται.
492 2221 525 2248 Τί
537 2221 603 2257 γὰρ,
618 2222 678 2248 εἰπέ
694 2230 747 2256 μοι,
765 2221 833 2257 πρὸς
846 2221 1000 2257 ἐλευθερίαν

210 2265 304 2299 ὀνήσει
327 2265 372 2291 τὸν
398 2265 546 2301 Μονογενῆ,
571 2265 601 2292 τδ
622 2264 759 2300 ἐξαίρετον
774 2265 910 2292 ποιεῖσθαι
931 2265 998 2301 παρ’

212 2309 288 2343 ἡμᾶς
318 2309 368 2344 τὴν
402 2308 605 2344 προσκύνησινς
641 2309 713 2340 Ἐως
743 2309 798 2345 γὰρ
830 2308 863 2336 ἂν
890 2309 919 2336 ἐν
944 2309 1000 2341 τοῖς

213 2353 410 2388 προσκυνοῦσιν
452 2353 630 2389 εὑρίσκηται,
659 2352 751 2384 δοῦλος
780 2353 856 2380 ἔσται
880 2352 999 2386 πάντως,

213 2396 261 2422 καὶ
282 2396 306 2422 εί
320 2398 405 2423 νοοῖτο
415 2396 605 2432 προσκυνητὴς
618 2396 764 2432 ἐξαίρετος,
787 2397 880 2423 διοίσει
899 2397 927 2423 δὲ
945 2395 1000 2423 τῶν

213 2440 372 2476 κτισμάτων
400 2440 471 2467 κατὰ
503 2440 552 2476 μὲν
579 2440 609 2466 τὸ
627 2437 696 2467 εἶναι
727 2440 840 2475 γενητὸς
866 2439 1000 2475 οὐδαμῶς,

215 2486 362 2521 ὑπεροχαῖς
375 2485 403 2511 δὲ
425 2485 504 2520 μόνον
516 2486 575 2516 ταῖς
591 2485 694 2516 ἄλλαις,
712 2484 806 2520 ὥσπερ
821 2484 973 2520 ἀνθρώπων
987 2485 1002 2511 ὁ

214 2529 336 2565 Μιχαὴλ,
361 2529 377 2564 ἢ
401 2529 448 2555 καὶ
472 2529 552 2564 ἑτέρα
573 2537 614 2561 τις
639 2529 693 2556 τῶν
717 2528 814 2564 ἁγίων,
836 2529 883 2555 καὶ
907 2528 1002 2564 λογικὴ

214 2574 342 2608 δύναμις,
354 2570 411 2610 ᾖτδ
423 2573 472 2608 μὲν
484 2572 583 2608 προῦχε
589 2582 612 2600 ιν
622 2573 675 2600 τῶν
686 2573 731 2600 ἐπὶ
743 2573 793 2608 τῆς
804 2572 856 2608 γῆς
867 2571 1002 2604 οὑσιωδῶς

217 2619 314 2654 ὁρᾶται
327 2618 530 2653 προσπεφυκός,
541 2618 558 2653 ἢ
571 2618 640 2644 κατὰ
651 2617 696 2644 τὸν
706 2617 755 2652 τῆς
766 2616 907 2651 ἁγιότητος
917 2615 995 2650 λόγον
1003 2633 1011 2647 ,

215 2661 235 2697 ἦ
260 2662 307 2688 καί
331 2670 384 2688 τινι
403 2661 481 2696 δόξης
501 2660 671 2696 πλεονασμῷ,
695 2660 773 2693 δόξαν
788 2660 859 2687 οὕτω
882 2659 920 2695 τῷ
939 2659 1009 2687 πάν-

217 2715 273 2733 των
296 2705 491 2742 ὰριστοτὲχνῃ,
516 2706 575 2732 τότε
603 2705 657 2740 μὴν
687 2707 743 2742 τοῖς
766 2706 888 2740 γενητοῖς
915 2712 1005 2731 συντε·

218 2750 329 2785 τάχθαι,
342 2749 412 2776 κατὰ
421 2741 466 2775 τὸν
477 2749 522 2775 τοῦ
537 2748 699 2783 πεποιῆσθαι
714 2741 802 2782 λ’ὀγον,
818 2749 884 2784 πρὸς
895 2748 929 2775 τὰ
940 2747 1009 2775 ἄλλα

220 2796 321 2823 κοινόν.
333 2795 437 2822 Οὐκοῦν
450 2794 597 2830 οὐδαμόθεν
612 2794 641 2821 τὸ
657 2792 727 2822 εἶναι
738 2795 851 2830 γενητὸς
870 2795 898 2823 ἐν
910 2794 1008 2830 Πατρὶ,

252 2887 276 2903 ⁸⁴
294 2885 412 2920 Philipp.
428 2893 458 2919 ιι,
476 2884 502 2918 7,
514 2885 540 2913 8.
579 2885 599 2901 ⁸⁷
614 2884 693 2912 Joau.
707 2892 732 2918 ν,
750 2884 790 2911 ‘25.

1047 1597 1108 1629 get:
1119 1592 1194 1620 «Noli
1203 1592 1370 1621 commoveri
1377 1599 1439 1619 cum
1449 1591 1549 1618 Filium
1557 1587 1672 1618 adorare
1680 1590 1808 1618 dicimus.
1821 1600 1831 1617 ι

1047 1638 1103 1666 Nec
1124 1637 1198 1665 enim
1222 1636 1390 1664 arbitramur
1404 1636 1494 1670 ipsum
1518 1635 1635 1663 adorare
1656 1633 1765 1662 Patrem
1784 1635 1834 1662 (ιε.

1048 1685 1113 1712 bere
1128 1683 1225 1712 eodem
1241 1682 1323 1710 modo
1340 1689 1394 1717 quo
1409 1685 1456 1709 aut
1469 1681 1551 1709 etiam
1567 1681 1655 1716 angeli
1671 1680 1751 1708 verbi
1772 1687 1835 1716 gra-

1047 1730 1106 1764 tia;
1122 1730 1169 1758 sed
1193 1728 1322 1758 eximiam
1343 1727 1488 1763 quamdam
1513 1726 1701 1754 adorationem
1718 1734 1789 1758 esse,
1808 1731 1836 1754 et

1047 1781 1142 1806 nostra
1159 1777 1239 1811 longe
1254 1775 1482 1811 praestantiorem.
1498 1773 1569 1806 Quid
1599 1772 1683 1807 igitur
1712 1772 1745 1798 ad
1775 1773 1834 1800 haec

1049 1829 1158 1850 rursum
1169 1820 1315 1849 dicemus?
1330 1818 1443 1854 Nempe,
1459 1826 1476 1846 ο
1496 1817 1624 1853 quisquis
1638 1824 1679 1850 es,
1707 1817 1835 1852 imposita

1048 1867 1195 1902 Unigenito
1212 1866 1354 1897 servitute,
1373 1867 1401 1892 et
1416 1863 1537 1892 versutis
1552 1862 1727 1890 sermonibus
1745 1862 1835 1897 digni-

1050 1917 1106 1941 tate
1123 1912 1218 1940 famuli
1232 1912 1364 1939 deaurata
1387 1917 1485 1946 speras
1500 1913 1527 1936 te
1554 1916 1604 1935 nos
1619 1907 1833 1935 ludiﬁcaturum.

1049 1959 1149 1987 Desine
1163 1958 1262 1986 Filium
1277 1956 1428 1994 ignominia
1449 1955 1593 1987 decorare,
1614 1957 1644 1980 ut
1658 1953 1770 1980 Patrem
1787 1952 1837 1980 ho-

1050 2013 1149 2034 norare
1163 2011 1279 2040 pergas:
1299 2013 1309 2030 ι
1325 2003 1378 2037 Qui
1392 2002 1465 2030 enim
1477 2009 1534 2029 non
1544 1999 1708 2028 honoriﬁcat
1723 1999 1835 2031 Filium,

1050 2051 1253 2088 nequePatrem
1266 2049 1440 2082 honoriﬁcat,
1457 2057 1466 2074 ι
1481 2052 1510 2075 ιιι
1521 2047 1653 2082 scriptum
1664 2051 1706 2074 cst
1716 2046 1750 2075 ³⁷.
1767 2046 1838 2079 Quid

1050 2099 1135 2132 enim,
1150 2104 1254 2133 quaeso,
1275 2097 1308 2124 ad
1334 2096 1488 2123 libertatem
1517 2092 1640 2129 proderit
1666 2091 1748 2125 Filio,
1766 2092 1838 2127 quod

1051 2151 1113 2173 eum
1130 2142 1230 2171 eximia
1250 2142 1369 2178 quadam
1386 2140 1496 2168 ratione
1520 2137 1692 2166 adoramus?
1712 2137 1838 2170 Quandiu

1052 2189 1125 2218 enim
1141 2189 1213 2216 inter
1242 2187 1404 2216 adoratores
1429 2185 1593 2221 reperietur,
1619 2184 1716 2220 utique
1743 2178 1840 2211 servus

1016 2235 1114 2271 Derit,
1135 2235 1199 2262 licet
1215 2233 1336 2262 eximius
1365 2232 1494 2260 adorator
1523 2238 1585 2259 esse
1601 2234 1764 2257 censeatur:
1791 2236 1841 2256 nc-

1054 2288 1191 2318 quaquam
1205 2284 1297 2308 autem
1317 2278 1453 2306 creaturis
1476 2277 1618 2313 praestabit
1647 2283 1701 2311 qua
1729 2278 1840 2303 creatus

1053 2332 1104 2360 est,
1125 2327 1172 2355 sed
1188 2327 1241 2353 alia
1261 2326 1396 2353 duntaxat
1422 2324 1596 2355 excellentia,
1610 2321 1839 2357 quemadmodum

1055 2373 1214 2401 hominibus
1229 2371 1354 2403 Michael,
1372 2375 1419 2398 aut
1434 2370 1488 2397 alia
1503 2368 1626 2404 quaedam
1645 2371 1739 2394 sancta
1754 2370 1779 2393 et
1797 2365 1840 2392 in-

1055 2419 1218 2448 tellectualis
1229 2418 1328 2451 virtus,
1344 2424 1405 2452 quae
1429 2420 1529 2444 natura
1545 2421 1594 2442 sua
1612 2413 1774 2440 mortalibus
1789 2419 1840 2439 an-

1056 2466 1169 2498 tecellit,
1185 2469 1233 2492 aut
1248 2465 1356 2492 ratione
1369 2462 1536 2495 sanctitatis,
1557 2463 1604 2488 aut
1617 2459 1736 2495 quadam
1751 2458 1840 2486 abun-

1055 2512 1147 2540 dantia
1174 2511 1277 2547 glorise,
1306 2511 1343 2538 ita
1370 2509 1478 2537 volente
1507 2505 1696 2535 universitatis
1719 2504 1838 2540 opiﬁce:

1056 2562 1244 2587 verumtamen
1260 2561 1397 2592 quatenus
1425 2558 1517 2582 creata
1536 2557 1594 2585 est,
1618 2552 1646 2580 id
1673 2551 1755 2578 habet
1779 2558 1842 2577 eum

1056 2605 1165 2635 caeteris
1184 2611 1340 2636 commune,
1356 2606 1385 2629 ut
1401 2601 1427 2628 in
1444 2604 1632 2628 creaturarum
1654 2598 1750 2625 ordine
1766 2604 1846 2631 repo-

1058 2650 1242 2686 natur.lgitur
1254 2649 1310 2677 ﬁeri
1321 2656 1374 2676 non
1386 2651 1475 2683 potest
1486 2649 1515 2673 ut
1523 2644 1643 2672 Verbum
1656 2651 1709 2671 non
1722 2643 1756 2670 sit
1768 2649 1844 2669 crea-

1059 2704 1116 2727 tum
1129 2699 1156 2726 in
1164 2698 1245 2724 Patre
1256 2700 1282 2724 et
1291 2703 1323 2723 ex
1335 2695 1415 2722 Patre
1425 2691 1591 2720 naturaliter
1604 2689 1766 2725 procedens,
1781 2688 1845 2715 licet

1060 2745 1198 2782 praecipuo
1220 2743 1294 2778 [87
1317 2739 1435 2777 quodam
1463 2737 1545 2765 modo
1577 2737 1692 2764 adorare
1724 2734 1844 2762 dicatur.

1063 2793 1096 2820 At
1104 2789 1243 2828 quomodo
1258 2784 1450 2824 res‘producla
1458 2784 1545 2813 Filius
1559 2790 1618 2812 esse
1628 2784 1726 2818 potest,
1737 2783 1852 2814 autquo
