2028 3118
285 205 337 233 287

777 207 807 235 S.
827 207 966 235 CYlllLLl
981 207 1220 249 ALEXANDRINI
1238 209 1399 237 ARCHIEP.

1862 207 1915 235 388

285 266 420 300 (resurget
437 264 510 291 enim
526 265 666 292 communi
683 267 899 294 resurrectionis
916 267 1008 303 lege),
1024 268 1071 295 sed

1124 268 1191 294 ἀλλὰ
1204 268 1277 304 ζωὴν
1287 268 1336 295 οὐκ
1350 267 1462 303 ὄψεσθαί
1483 276 1575 303 φησιν,
1597 266 1668 294 τοῦτ’
1691 267 1764 293 ἐστιν
1788 265 1842 292 οὐδ’
1856 266 1916 292 ὅσον

285 313 368 338 vitam
386 319 440 338 non
456 311 580 338 visurum
595 311 634 338 ait
644 332 651 344 ,
665 312 718 339 hoc
732 317 774 340 est
789 320 822 340 ne
836 318 949 348 aspectu
963 314 1074 348 quidem

284 357 344 384 solo
369 361 530 384 sanctorum
551 357 636 384 vitam
657 363 854 393 consequetur,
879 367 935 386 non
960 360 1076 395 attinget

286 403 393 430 illorum
410 402 571 430 felicitatem
583 423 590 435 ,
607 411 663 431 non
679 405 802 439 gustabit
816 405 902 432 vitam
918 406 993 433 illam
1008 413 1075 441 gau—

283 448 330 476 dio
345 449 463 483 plenam.
479 448 542 476 Vita
556 450 629 477 enim
646 454 688 477 est
712 450 760 477 illa
783 450 909 485 profecto
925 460 931 478 :
954 450 982 478 in
1007 459 1074 486 sup-

285 495 376 530 pliciis
392 503 457 522 vero
473 495 601 530 spiritum
620 495 738 528 ducere,
756 497 854 531 quavis
871 500 913 524 est
931 501 1019 524 morte
1032 501 1074 524 te-

284 542 373 575 trius,
389 549 452 568 cum
468 541 501 568 ad
518 542 607 569 solum
622 542 754 569 malorum
770 550 884 570 sensum
901 543 991 570 anima
1007 543 1074 570 reti-

285 591 383 614 neatur
400 587 426 614 in
443 594 568 620 corpore.
585 585 760 620 Ejuscemodi
779 587 941 613 nonnullam
958 593 1073 622 quoque

284 631 387 660 Paulus
403 633 463 659 vita:
479 631 662 660 dill‘erentiam
682 632 789 660 statuit.
805 632 877 660 Audi
891 632 957 667 quid
975 632 1008 659 ad
1025 640 1073 660 eos

286 678 363 705 dicat
378 680 425 713 qui
443 683 557 712 peccato
578 678 682 706 mortui
706 683 771 706 sunt
789 682 902 714 propter
919 678 1070 706 Christum.

288 733 297 749 ι
315 724 415 751 Morini
432 725 503 751 enim
522 724 605 755 estis,
625 727 653 752 et
669 724 726 751 vita
740 729 832 752 vestra
848 724 1010 752 abscondita
1029 728 1072 752 est

284 779 346 797 cum
363 770 473 798 Christo
489 771 515 797 in
535 770 598 798 Deo.
614 771 682 798 Cum
698 770 826 798 Christus
839 772 1000 806 apparuerit
1016 771 1071 798 vita

286 821 392 847 wstrn,
409 821 475 843 tunc
498 821 524 844 et
548 825 596 844 vos
615 817 785 852 apparebitis
800 825 863 844 cum
883 818 943 852 ipso
965 818 992 844 in
1013 818 1071 852 glo-

284 862 324 889 ria
341 863 374 889 ⁷⁸,
391 873 399 888 ν
417 862 498 889 Vides
515 863 654 897 quomodo
672 863 756 890 vitam
774 867 934 890 sanctorum
953 863 1071 898 appellet

285 905 539 932 manifestatiouem
569 906 644 932 illam
674 906 700 933 in
729 907 816 941 gloria
845 915 907 934 cum
938 907 1072 935 Christo?

1125 314 1165 346 είς
1182 313 1298 349 θεωρίαν
1310 313 1389 349 ψιλὴν
1406 314 1456 349 τῆς
1468 314 1524 340 τῶν
1537 313 1622 348 ἁγίων
1632 313 1755 347 ἐφίξεται
1767 311 1851 346 ζωῆς,
1869 312 1915 347 οὐχ

1124 359 1223 395 ᾰψεται
1236 360 1285 395 τῆς
1305 359 1416 386 ἐκείνων
1430 360 1639 396 μακαριότητος,
1652 359 1784 393 ἄγευστος
1795 359 1916 392 διαμενεί

1124 407 1173 441 τῆς
1188 407 1217 433 ὲν
1229 405 1383 443 εὐφροσύνῃ
1397 406 1547 441 διαγωγῆς·
1560 405 1618 441 ζωὴ
1631 405 1685 439 γὰρ
1699 404 1784 433 ὅντως
1800 403 1894 438 ἐκείνη
1907 412 1913 418 ·

1124 451 1154 477 τὸ
1166 451 1193 477 δὲ
1204 451 1233 477 ὲν
1249 450 1392 477 κολάσεσιν
1404 451 1543 483 ἀναπνεῖν,
1560 450 1675 477 θανάτου
1688 449 1787 480 παντὸς
1801 448 1915 485 ἀνιαρῶ-

1123 505 1212 532 τερον.
1228 496 1275 522 ἐπὶ
1291 496 1358 532 μόνῃ
1373 498 1406 531 τῇ
1419 496 1474 523 τῶν
1489 496 1582 523 κακῶν
1600 495 1724 530 αἰσθήσει
1746 495 1837 530 ψυχὴν
1854 503 1914 521 συν-

1121 542 1184 574 έχον
1200 543 1229 568 ὲν
1244 541 1359 577 σώματι.
1380 541 1515 576 Τοιαύτην
1543 542 1604 568 τινὰ
1620 541 1666 568 καὶ
1680 543 1694 568 ὁ
1709 541 1814 572 Παῦλος
1842 540 1913 575 ζωῆς

1119 586 1244 621 είσφέρει
1254 586 1499 621 διαφοράν.⁹Λκουε
1512 586 1538 612 τί
1553 595 1619 621 φησι
1633 586 1700 621 πρὸς
1713 586 1774 616 τοὺς
1789 586 1818 611 ὲν
1831 585 1915 619 κακίᾳ

1122 631 1340 666 νενεκρωμένους
1356 631 1400 658 διὰ
1423 631 1550 667 Χριστόν·
1568 641 1577 657 ι
1604 631 1765 658 Ἀπεθάνετε
1784 629 1850 663 γὰρ,
1868 629 1914 655 καὶ

1121 679 1138 714 ὴ
1154 678 1210 713 ζωὴ
1225 678 1302 713 ὑμῶν
1324 677 1478 713 κέκρυπται
1502 679 1550 704 σὺν
1568 677 1607 712 τῷ
1622 676 1731 712 Χριστῷ
1747 677 1776 702 ὲν
1790 675 1830 710 τῷ
1842 674 1911 710 Θεῷν

1121 723 1184 750 ὅταν
1206 725 1221 750 ὀ
1244 723 1360 759 Χριστος
1385 723 1530 759 φανερωθῇ
1554 724 1571 758 ἡ
1595 722 1652 757 ζωὴ
1671 722 1759 757 ὑμῶν,
1781 721 1844 747 τότε
1869 721 1914 747 καὶ

1125 769 1206 804 ὑμεῖς
1219 769 1266 796 σὺν
1278 769 1352 804 αὐτῷ
1364 769 1589 805 φανερωθήσεσθε
1605 769 1633 795 ὲν
1645 768 1716 803 δόξῃ.
1733 777 1742 793 ι
1761 767 1844 802 Ὁρᾷς
1857 766 1914 798 πῶς

1121 815 1152 842 τὸ
1164 816 1191 842 ὲν
1203 815 1264 851 δόξῃ
1277 815 1466 850 φανερωθῆναι
1482 815 1551 850 μετὰ
1566 814 1684 850 Χριστοῦ
1700 814 1749 849 τὴν
1760 813 1817 840 τῶν
1827 813 1914 847 ἁγίων

1121 861 1247 897 ὀνομάζει
1270 861 1365 896 ζωήν;
1383 860 1415 887 Τί
1436 860 1475 893 δὲ,
1504 861 1568 887 ὅταν
1591 861 1656 895 ἡμῖν
1678 858 1915 894 καὶὸΨαλμῳδδς

1122 907 1266 942 ἀναμέλπῃ
1274 907 1361 941 λέγων
1371 915 1376 922 ·
1390 915 1399 932 ι
1413 907 1461 938 Τίς
1472 907 1545 933 ἐστιν
1556 905 1604 933 ἄνθ
1609 914 1699 942 ρωπος
1709 906 1723 932 ὁ
1735 904 1821 932 θέλων
1830 904 1913 939 ζωὴν,

285 950 355 982 Quid
374 958 438 977 vero
464 958 525 977 cum
552 951 632 978 nobis
656 952 739 979 etiam
763 951 912 980 Psalmista
934 953 1009 980 canit
1029 953 1071 980 di-

1123 952 1238 986 ἀγαπῶν
1250 941 1354 988 ήμέρας
1371 952 1434 979 ἰδεῖν
1446 951 1570 986 ἀγαθάς;
1592 941 1699 978 Παῦσον
1720 951 1769 986 τὴν
1788 949 1915 984 γλῶσσάν

283 1004 371 1023 cens:
389 1006 398 1022 ι
413 996 480 1029 Quis
497 1001 540 1024 est
557 997 637 1024 homo
652 998 700 1032 qui
719 998 776 1024 vult
793 999 891 1031 vitam,
905 999 996 1034 diligit
1013 999 1072 1027 dies

285 1042 378 1070 Videre
395 1043 503 1070 benos?
519 1043 636 1071 Contine
655 1045 776 1079 linguam
795 1049 870 1072 tuam
888 1052 902 1071 a
921 1046 992 1072 malo
1013 1046 1046 1072 ".
1060 1055 1069 1071 ι

286 1088 380 1116 Nonne
396 1093 555 1116 sanctorum
577 1090 660 1117 vitam
679 1090 722 1118 llis
743 1091 836 1118 verbis
861 1091 1010 1125 signiﬁcari
1031 1091 1073 1118 di-

285 1135 402 1163 remus?
423 1136 457 1162 At
478 1136 582 1167 cuivis,
607 1136 716 1170 opinor,
742 1136 920 1164 manifestum
941 1141 992 1163 est.
1018 1136 1074 1164 Nec

284 1181 355 1207 enim
376 1189 390 1207 a
409 1182 488 1208 malis
506 1182 647 1209 abstinere
667 1183 802 1216 quosdam
824 1182 920 1216 jubet,
943 1187 974 1208 ut
997 1187 1073 1210 certe

286 1226 520 1253 resurrectionem
539 1227 636 1253 carnis
655 1227 801 1254 obtineant
817 1228 983 1262 (resurgent
999 1228 1071 1255 enim

284 1271 393 1298 rtiamsi
411 1280 463 1298 non
479 1272 651 1299 cessaverint
665 1280 680 1299 a
695 1273 786 1306 malo)
801 1293 808 1306 ,
823 1273 868 1300 scd
883 1273 917 1300 ad
932 1273 1006 1300 illam
1023 1281 1073 1308 po-

285 1316 339 1342 tius
355 1317 437 1342 vitam
465 1317 599 1352 instigat,
627 1318 655 1344 in
674 1326 726 1352 qua
752 1318 819 1346 licet
844 1319 958 1346 omnino
983 1319 1074 1347 videre

284 1361 345 1388 dies
369 1362 475 1395 bonos,
503 1362 531 1389 in
559 1363 692 1392 felicitate
712 1368 739 1391 et
758 1364 846 1400 gloria
873 1368 1003 1392 aeternam
1025 1365 1074 1393 de-

283 1411 379 1442 gentes
397 1408 492 1435 vitam.

320 1453 352 1480 Ill
364 1475 370 1485 ,
387 1454 430 1482 56.
449 1455 500 1482 Sed
519 1455 559 1482 ira
575 1455 622 1483 Dei
638 1456 754 1483 manebit
771 1465 848 1491 super
863 1465 932 1484 eum.

319 1542 449 1576 Aperlius
463 1543 515 1569 hac
535 1543 659 1570 illalione
677 1544 775 1571 beatus
794 1543 914 1579 Baptista
934 1545 1073 1573 dictorum

283 1595 399 1616 suorqu
430 1595 544 1623 scopum
573 1589 707 1616 ostendit.
734 1589 828 1617 Discat
857 1595 948 1618 autem
976 1599 1073 1620 rursus

283 1633 444 1661 sciscitandi
458 1634 576 1669 cupidus
592 1634 646 1661 vim
662 1634 737 1662 illius
749 1636 903 1663 sententiae.
922 1645 930 1661 ι
945 1636 997 1669 Qui
1018 1645 1072 1664 non

283 1680 387 1712 credit,
405 1680 515 1714 inquit,
531 1679 620 1712 Filio,
639 1688 693 1708 non
711 1680 815 1708 videbit
836 1682 940 1714 vitam,
964 1682 1012 1709 sed
1032 1683 1071 1710 ira

283 1723 332 1751 Dei
349 1724 472 1751 manebit
490 1733 574 1759 super
588 1733 663 1753 eum:
681 1735 689 1752 ι
707 1726 792 1760 Atqui
816 1726 839 1753 si
864 1726 1071 1762 intelligendum

282 1773 358 1796 esset
377 1769 550 1797 incredulum
571 1772 627 1798 vita
653 1778 789 1805 carporea
814 1778 909 1798 revera
933 1773 1071 1807 privatum

283 1815 333 1847 iri,
347 1816 440 1842 statim
454 1817 547 1850 utique
564 1816 717 1850 intulisset,
735 1817 783 1845 sed
797 1825 873 1846 mors
887 1818 1012 1846 manebit
1027 1827 1073 1846 su-

283 1870 331 1896 per
346 1869 419 1889 eum.
437 1862 506 1889 Cum
525 1867 616 1890 autem
636 1864 704 1890 iram
723 1863 770 1891 Dei
791 1864 934 1898 nominet,
953 1865 1072 1893 manife-

283 1913 356 1935 stum
388 1908 467 1943 175
495 1913 538 1936 est
562 1913 723 1937 sanctorum
752 1909 878 1938 felicitati
905 1911 1072 1946 supplicium

283 1954 429 1989 impiorum
452 1962 612 1991 opponere,
640 1960 667 1984 et
692 1957 777 1983 vitam
803 1964 904 1984 vocare
927 1964 987 1984 eam
1012 1966 1073 1992 qua:

283 2006 347 2026 vere
361 2004 403 2026 est
421 2000 474 2026 vita
488 2020 495 2031 .
513 2000 540 2027 in
557 2001 645 2035 gloria
671 2009 733 2028 cum
760 2001 873 2028 Christo
888 2010 896 2028 :
924 2001 1072 2036 impiorum

283 2051 348 2072 vero
372 2045 532 2078 cruciatus,
558 2037 626 2073 iram
650 2046 707 2074 Dei.
735 2046 814 2080 Quod
842 2051 935 2074 autem
959 2047 999 2074 ira
1022 2055 1072 2082 pro

283 2090 429 2125 punitione
451 2092 552 2127 srepius
576 2092 650 2128 apud
676 2093 838 2128 Scripturas
862 2093 973 2122 divinas
999 2094 1073 2121 acci-

283 2137 384 2171 piatur,
406 2137 478 2165 duos
504 2142 592 2166 testes
617 2139 769 2172 adducam,
798 2139 913 2167 Paulum
939 2144 967 2168 et
992 2139 1073 2168 Ioan-

284 2191 355 2210 nem.
372 2183 420 2211 llle
435 2185 509 2211 enim
525 2185 559 2212 ad
577 2193 624 2212 eos
641 2186 687 2220 qui
703 2186 831 2213 conversi
856 2190 935 2213 crant
955 2194 988 2214 ex
1004 2195 1072 2221 gen-

283 2230 375 2257 tibus:
391 2240 399 2256 ι
416 2231 451 2258 Ει
465 2239 589 2264 eramus,
608 2233 713 2267 inquit,
731 2233 779 2260 ﬁlii
799 2233 846 2260 ira:
865 2237 963 2260 natura
975 2254 982 2266 ,
1001 2234 1074 2262 sicut

1125 1006 1172 1024 σου
1186 998 1239 1025 ἀπὸ
1251 998 1336 1024 κακοῦ
1348 1007 1354 1013 ·
1375 1008 1384 1024 ι
1400 996 1444 1033 ἆρ’
1457 998 1517 1033 οὐχὶ
1531 997 1580 1033 τὴν
1595 997 1649 1024 τῶν
1664 997 1749 1031 ἁγίων
1767 998 1796 1023 ὲν
1809 996 1914 1027 τούτοις

1124 1044 1239 1080 ἐροῦμεν
1251 1043 1504 1079 κατασημαίνεσθαι
1520 1043 1612 1084 ζωήνς
1637 1043 1705 1069 Ἀλλ’
1720 1043 1805 1074 ἐστιν,
1826 1041 1913 1076 οἶμαι,

1124 1091 1190 1117 πᾶσι
1212 1089 1377 1124 καταφανές.
1407 1089 1444 1115 Οὐ
1462 1089 1516 1124 γὰρ
1533 1089 1618 1123 δήπου
1637 1088 1691 1115 τῶν
1713 1087 1823 1122 φαύλων
1848 1088 1914 1113 ἀπο-

1124 1135 1236 1171 σχέσθαι
1250 1135 1356 1162 κελεύει
1383 1135 1469 1167 τινὰς,
1492 1135 1536 1161 ἵνα
1549 1134 1580 1170 δὴ
1602 1134 1708 1169 τύχοιεν
1725 1134 1777 1168 τῆς
1792 1132 1915 1163 εἰσαῦθις

1123 1182 1295 1213 ἀναϐιώσεως
1316 1182 1365 1216 τῆς
1393 1181 1493 1216 σαρκὸς
1514 1181 1523 1216 (
1539 1181 1737 1215 ἀναστήσονται
1757 1178 1813 1214 γὰρ
1829 1178 1878 1205 καὶ
1892 1178 1915 1203 εί

1125 1227 1162 1262 μὴ
1179 1228 1357 1254 πεπαύσοιντο
1370 1226 1416 1253 τοῦ
1427 1226 1535 1261 κακοῦ)·
1552 1226 1620 1262 πρὸς
1639 1226 1745 1261 ἐκείνην
1767 1225 1796 1251 δὲ
1815 1223 1916 1259 μᾶλλον

1123 1273 1238 1309 ὲρεοίζει
1253 1273 1302 1308 τὴν
1318 1273 1402 1308 ζωὴν,
1427 1269 1483 1309 ὲνῇ
1507 1272 1616 1303 πάντως
1632 1271 1705 1299 ἐστιν
1726 1271 1790 1298 ἰδεῖν
1806 1270 1917 1306 ἡμέρας

1123 1319 1238 1353 ἀγαθὰς,
1265 1319 1293 1344 ὲν
1326 1318 1504 1353 μακαριότητι
1526 1318 1573 1345 καὶ
1589 1318 1653 1354 δόξῃ
1677 1317 1722 1344 τὸν
1749 1316 1917 1352 μακραίωνα

1123 1364 1264 1400 τρίεοντας
1278 1364 1344 1399 βίον.

1166 1452 1246 1480 Ἀλλ’
1267 1452 1339 1487 ὀργὴ
1360 1453 1412 1480 τοῦ
1440 1452 1515 1480 Θεοῦ
1537 1451 1625 1488 μενεῖ
1657 1451 1737 1488 [υιιίθ.
1759 1451 1850 1487 μένει]
1871 1451 1917 1478 ἐπ’

1124 1500 1226 1526 αὐτόν.

1160 1545 1330 1580 Γυμνότερον
1343 1546 1409 1580 ἡμῖν
1427 1545 1471 1572 διὰ
1484 1545 1535 1580 τῆς
1545 1546 1574 1572 ὲν
1586 1544 1691 1577 τούτοις
1708 1546 1858 1578 ἐπαγωγῆς
1872 1544 1918 1570 τὸν

1124 1590 1178 1616 τῶν
1195 1590 1347 1625 εἰρημένων
1363 1590 1631 1627 σκοπδνὸμακάριος
1646 1590 1730 1623 ἔδειξε
1745 1590 1916 1624 Βαπτιστής.

1124 1636 1309 1671 Περιαθρείτω
1322 1636 1350 1662 δὲ
1370 1636 1450 1663 πάλιν
1467 1637 1481 1662 ὁ
1493 1636 1674 1671 φιλοζητητὴς
1685 1636 1734 1672 τὴν
1748 1635 1796 1663 τοῦ
1810 1636 1917 1670 νοήμα-

1122 1689 1166 1712 τος
1179 1680 1302 1715 δύναμιν.
1315 1690 1324 1706 ι
1345 1681 1374 1707 Ὀ
1388 1680 1517 1712 ἀπειθῶν,
1529 1681 1605 1716 φησὶ,
1618 1681 1657 1716 τῷ
1673 1681 1740 1716 Υἱῴ,
1755 1681 1806 1707 οὐκ
1818 1680 1918 1715 ὂψεται

1123 1725 1172 1761 τὴν
1187 1725 1270 1761 ζωὴν,
1284 1725 1342 1752 ἀλλ’
1359 1727 1375 1760 ἠ
1389 1726 1458 1761 ὀργὴ
1476 1726 1523 1752 τοῦ
1545 1725 1612 1752 Θεοῦ
1632 1727 1707 1761 μενεῖ
1729 1725 1772 1752 ἐπ’
1793 1725 1888 1752 αὐτόν.
1905 1735 1914 1750 ι

1129 1771 1198 1798 Ἀλλ’
1208 1771 1287 1807 εἴπερ
1300 1769 1335 1806 ἦν
1351 1772 1434 1803 ὅντως
1450 1771 1553 1806 ἔρημον
1569 1770 1681 1797 ἔσεσθαι
1699 1771 1748 1806 τῆς
1761 1771 1790 1797 ἐν
1807 1770 1917 1805 σώματι

1123 1815 1195 1852 ζωῆς
1207 1817 1333 1852 ὶννοῆσαι
1343 1816 1389 1843 τὸν
1398 1816 1598 1852 ἀπειθήσαντα,
1608 1816 1716 1848 πάντως
1725 1815 1917 1851 ἂνὲπήνεγχεν

1124 1861 1204 1894 εὐθύς
1215 1870 1222 1876 ·
1243 1862 1312 1889 Ἀλλ’
1328 1863 1342 1890 ὁ
1357 1862 1472 1894 θάνατος
1495 1864 1570 1898 μενεῖ
1585 1862 1628 1888 ἐπ’
1644 1863 1738 1889 αὐτόν.
1761 1861 1873 1896 Ἐπειδὴ
1888 1861 1917 1887 δὲ

1122 1907 1206 1943 ὀργὴν
1220 1907 1346 1944 ὀνομάζει
1357 1908 1436 1940 Θεοῦ,
1457 1908 1537 1943 δῆλον
1555 1907 1588 1934 ἂν
1603 1907 1647 1942 εἴη
1666 1907 1758 1933 λοιπὸν
1778 1907 1841 1938 ταῖς
1863 1907 1917 1933 τῶν

1124 1953 1208 1987 ἁγίων
1220 1953 1359 1988 εὐθυμίαις
1376 1954 1425 1989 τὴν
1437 1953 1490 1980 τῶν
1505 1953 1612 1980 ἀσεϐῶν
1633 1952 1860 1981 ἀντιδιαστέλλων
1871 1952 1917 1979 κό-

1123 1999 1209 2032 λασιν,
1229 2000 1275 2026 καὶ
1301 1999 1373 2035 ζωὴν
1392 2000 1441 2034 μὲν
1463 1999 1609 2026 ἀποκαλῶν
1625 2001 1675 2036 τὴν
1700 1999 1784 2030 ὅντως
1797 1998 1872 2034 ζωὴν
1888 1999 1916 2025 ἐν

1123 2045 1184 2081 δόξῃ
1199 2046 1266 2081 μετὰ
1282 2045 1411 2080 Χριστοῦ,
1426 2045 1474 2077 τὶς
1488 2045 1516 2072 δὲ
1529 2046 1575 2071 ἐπὶ
1585 2046 1640 2076 τοῖς
1652 2044 1796 2071 ἀσεϐοῦσιν
1811 2041 1916 2076 αἰκίας,

1123 2092 1208 2126 ὀργὴν
1224 2091 1268 2117 τοῦ
1286 2090 1353 2117 Θεοῦ
1365 2098 1372 2105 ·
1404 2091 1444 2117 ὅτι
1476 2091 1504 2117 δὲ
1535 2091 1604 2127 ὀργὴ
1623 2090 1751 2121 πολλάκις
1769 2091 1785 2125 ἡ
1803 2089 1916 2120 κόλασις

1124 2138 1230 2171 εἴρηται
1245 2137 1321 2172 παρὰ
1331 2137 1390 2168 ταῖς
1403 2136 1489 2168 θείαις
1504 2137 1637 2171 Γραφαῖς,
1652 2136 1698 2162 Wo
1711 2135 1837 2170 παροίσω
1853 2136 1916 2165 τοὺς

1126 2183 1277 2218 μάρτυρας,
1296 2182 1400 2209 Παῦλόν
1412 2191 1442 2209 τε
1465 2183 1512 2209 καὶ
1535 2182 1661 2216 Ἰωάννην
1675 2190 1681 2196 ·
1699 2182 1714 2208 ὁ
1737 2181 1786 2216 μὲν
1799 2181 1855 2215 γὰρ
1864 2180 1914 2214 ἔφη

1124 2229 1192 2264 πρὸς
1215 2230 1276 2260 τοὺς
1293 2228 1321 2261 ἐξ
1350 2228 1435 2255 ἐθνῶν
1469 2228 1682 2263 ἐπιστρέφοντας
1696 2237 1703 2243 ·
1726 2237 1735 2253 ι
1765 2227 1821 2253 Καὶ
1844 2225 1915 2262 ἦμεν

282 2281 309 2303 et
325 2277 417 2304 czeteri
431 2278 474 2311 ⁷³;
492 2288 501 2304 ι
517 2279 562 2306 hic
576 2279 609 2306 ad
628 2278 782 2306 Pharisaws
796 2284 822 2307 et
843 2279 956 2307 Scribas
971 2289 978 2307 :
993 2289 1001 2305 ι
1016 2279 1070 2307 Ge-

1123 2275 1204 2301 τέκνα
1229 2274 1313 2310 ὀργῆς
1339 2274 1430 2308 φύσει,
1455 2274 1493 2305 ὼς
1520 2274 1567 2300 καὶ
1589 2274 1613 2300 οἱ
1631 2273 1734 2300 λοιποί·
1756 2283 1765 2298 ›
1783 2274 1797 2299 ὁ
1812 2273 1840 2298 δὲ
1860 2274 1915 2303 τοῖς

282 2322 386 2349 nimina
406 2323 573 2358 viperarum,
603 2325 666 2360 quis
692 2325 812 2352 ostendit
837 2325 914 2353 vobis
941 2325 1035 2361 fugere
1051 2334 1067 2354 a

282 2371 398 2394 ventura
416 2367 456 2394 ira
471 2368 493 2384 ⁷⁵
507 2369 519 2395 ‘!
533 2378 542 2394 ι

318 2412 361 2442 ιν,
380 2413 435 2441 1-5.
459 2413 492 2440 Ut
505 2423 564 2449 ergo
577 2415 694 2448 cognovit
709 2414 836 2443 Dominus
851 2417 913 2451 quia
928 2417 1070 2444 audierunt

282 2458 424 2492 lerixwi,
441 2461 510 2495 quod
530 2460 608 2487 .Icsus
619 2461 707 2495 plures
727 2461 870 2496 discipulos
887 2463 963 2497 facit,
982 2470 1005 2490 et
1024 2465 1071 2491 ba-

281 2505 377 2538 ptizat,
394 2514 473 2540 quam
488 2505 604 2532 Joannes
620 2510 782 2540 (quanquam
790 2506 868 2534 Iesus
882 2516 933 2535 non
948 2510 1070 2543 baptiza-

282 2555 331 2580 νει,
361 2549 405 2576 sed
430 2549 554 2584 discipuli
574 2550 653 2586 ejus),
671 2551 776 2585 reliquit
800 2552 935 2586 Judwam,
953 2558 976 2580 et
1004 2555 1070 2581 abiit

282 2593 375 2621 iterum
398 2595 428 2622 in-
445 2594 596 2622 Galilaeam.

317 2680 459 2708 Undenam
487 2681 540 2709 huc
568 2684 732 2718 processerit
754 2686 853 2718 oratio,
887 2691 934 2714 aut
959 2695 1014 2722 quo
1037 2695 1069 2715 ex

282 2726 372 2760 capite
386 2727 552 2755 narrationis
567 2728 663 2756 ordine
680 2730 732 2757 huc
753 2731 884 2765 perducto
906 2733 1068 2767 cognovisse

283 2770 414 2800 Dominus
430 2772 538 2800 dicatur
560 2782 621 2809 quae
634 2774 764 2802 Pharisrei
782 2776 943 2809 audierant,
958 2785 1011 2804 non
1031 2778 1070 2804 in-

283 2817 387 2845 sulsum
404 2818 465 2851 erit,
482 2819 590 2854 opinor,
601 2820 702 2848 dicere.
715 2820 781 2848 illud
798 2822 870 2848 enim
883 2823 1066 2857 evangelistm,

318 2906 339 2922 "
356 2908 411 2934 (Iul.
430 2917 474 2939 Ill,
488 2909 518 2941 ὖ,
537 2910 560 2936 4.
601 2912 622 2926 ⁷³
639 2910 709 2937 Psal.
729 2918 832 2940 un".
850 2911 890 2944 15,
912 2911 951 2938 Η.

992 2914 1012 2925 "‘
1031 2912 1130 2947 Ephcs.
1153 2922 1183 2943 ll,
1204 2914 1219 2939 3

1123 2321 1319 2356 Γραμματεῦσι
1332 2320 1378 2346 καὶ
1394 2320 1561 2355 Φαρισαίοις,
1584 2329 1592 2345 ι
1610 2320 1770 2354 Γεννήματα
1791 2318 1913 2353 ἐχιδνῶν,

1124 2367 1164 2399 τίς
1176 2366 1314 2399 ὑπέδειξεν
1327 2367 1392 2402 ὑμῖν
1406 2367 1503 2400 φυγεῖν
1519 2365 1573 2392 ἀπὸ
1582 2365 1632 2400 τῆς
1648 2364 1797 2400 μελλούσης
1808 2365 1894 2399 ὀργῆς
1906 2373 1913 2396 ;

1166 2413 1214 2445 Ὠς
1230 2411 1286 2439 οὖν
1302 2412 1378 2446 ἔγνω
1393 2414 1409 2438 ὁ
1424 2411 1542 2446 Κύριος,
1560 2411 1604 2438 ὅτι
1626 2411 1765 2444 ἥκουσαν
1784 2411 1811 2436 cl
1829 2412 1914 2443 Φαρι-

1122 2458 1212 2490 σαῖοι,
1235 2458 1278 2484 ὅτι
1309 2457 1423 2489 Ἰησοῦς
1447 2457 1593 2488 πλείονας
1609 2456 1743 2490 μαθητὰς
1759 2455 1841 2481 ποιεῖ
1865 2455 1914 2481 καὶ

1118 2503 1263 2535 βαπτίζει,
1291 2503 1309 2537 ἢ
1339 2502 1475 2536 Ἰωάννης
1493 2502 1600 2537 (καίτοι
1625 2510 1656 2536 γε
1680 2501 1771 2533 αὐτὸς
1794 2501 1914 2534 Ἰησοῦς

1120 2550 1175 2576 οὐκ
1205 2548 1366 2580 ἐϐάπτιζεν,
1390 2549 1458 2575 ἀλλ’
1486 2549 1512 2574 οἱ
1532 2547 1659 2582 μαθηταὶ
1680 2547 1798 2581 αὐτοῦ),
1815 2546 1915 2581 ἀφῆκε

1122 2596 1178 2630 τὴν
1204 2595 1368 2628 Ἰουδαίαν,
1384 2594 1432 2621 καὶ
1449 2594 1567 2628 ἀπῆλθε
1582 2593 1674 2620 πάλιν
1687 2594 1730 2626 εἰς
1748 2593 1805 2627 τὴν
1825 2595 1915 2620 Γαλι-

1123 2642 1223 2668 λαίαν.

1159 2687 1243 2713 Πόοεν
1260 2688 1325 2722 ἡμῖν
1339 2687 1378 2718 εἰς
1398 2686 1476 2713 τοῦτο
1491 2686 1613 2721 πρόεισιν
1632 2687 1646 2712 ό
1657 2686 1745 2720 λόγος,
1761 2686 1777 2721 ἤ
1791 2687 1824 2713 ἐκ
1835 2686 1914 2716 ποίας

1122 2733 1207 2768 ἀρχῆς
1223 2734 1239 2768 ἡ
1250 2732 1295 2759 τοῦ
1307 2733 1473 2768 διηγήματος
1490 2733 1664 2768 καθέρπουσα
1677 2731 1764 2764 τάξις,
1774 2731 1915 2765 ἐγνωκότα

1121 2779 1166 2806 τὸν
1183 2779 1284 2815 Κύριον
1302 2780 1493 2814 εἰσφέρειτοὺς
1509 2779 1681 2814 Φαρισαίους,
1699 2779 1771 2814 ἅπερ
1783 2778 1914 2804 ἐπύθοντο

1125 2824 1228 2859 μαθεῖν,
1239 2825 1288 2851 οὐκ
1303 2824 1434 2859 ἄκομψον,
1445 2824 1481 2855 ὡς
1494 2823 1591 2857 ἔοικεν,
1609 2825 1704 2850 εἰπεῖν.
1715 2823 1752 2849 Τὸ
1766 2823 1832 2858 γὰρ,
1849 2832 1858 2848 ι
1870 2822 1913 2853 Ὠς

1269 2914 1290 2929 ⁷⁵
1309 2913 1375 2940 an.
1397 2921 1436 2945 In,
1463 2913 1486 2942 7.
