2028 3118
117 124 170 152 289

639 124 671 152 IN
685 124 828 152 JOANNIS
841 123 1067 151 EVANGELIUM
1083 123 1149 158 LIB.
1172 123 1206 151 ll.

1690 122 1743 151 290

115 178 161 209 οὖν
178 179 250 214 ἔγνω
264 181 278 206 ὁ
293 179 405 215 Κύριος,
421 188 434 205 ι»
450 180 538 214 λέγειν
554 179 600 206 τὸν
610 180 688 214 ἆγιον
700 179 902 214 εὐαγγελιστὴν,

961 188 969 203 ι
989 179 1023 206 Ut
1043 186 1108 213 ergo
1123 179 1250 214 cognovit
1267 179 1409 211 Dominus.
1427 190 1436 206 ι
1462 180 1627 216 praeteritam
1646 189 1744 216 quam-

114 227 233 262 ἒμφασίν
249 235 311 254 τινα
338 227 572 262 προῡποκειμὲνου
591 227 750 261 πράγματος
768 226 906 253 ἀνατίκτει

115 272 210 307 σαφῶς
224 281 230 287 ·
251 272 340 299 πάντα
359 271 408 306 μὲν
432 272 496 307 γὰρ,
510 271 615 303 οὐδενός
633 280 658 298 τι
676 270 905 306 καταμηνύοντος,

115 318 278 353 αὐτομάτως
301 316 382 349 οἶδεν,
410 318 448 348 ὡς
478 317 554 350 Θεὸς,
584 318 631 344 καὶ
658 317 708 352 οὐχ
721 318 765 344 ὅτε
783 318 906 352 γίγνεται

115 363 243 398 πρώτως,
261 363 329 391 ἀλλὰ
345 364 393 390 καὶ
408 365 473 398 πρὶν
492 363 625 397 γενέσεως
641 364 739 397 αὐτῶν,
756 365 793 396 ὡς
808 365 821 391 ὁ
840 373 907 400 προ-

116 411 204 445 φήτης
218 409 430 446 διεμαρτύρατο.
453 410 599 445 Περιμὲνει
618 410 647 436 δὲ
661 411 723 442 τοὺς
737 410 780 444 ἐφ’
799 410 907 445 ἑκάστῳ

115 455 239 491 καιροὺς,
255 456 302 482 καὶ
317 456 376 486 ταῖς
391 455 446 482 τῶν
459 456 630 491 πραγμάτων
646 455 826 489 ἀκολουθίαις,
840 456 857 491 ἢ
873 457 905 492 τῇ

115 500 282 536 προγνώσει,
299 501 398 536 μᾶλλον
418 501 570 529 ἐνδίδωσιν·
589 500 623 536 ἦν
634 501 687 537 γὰρ
702 501 734 537 δὴ
760 502 806 528 καὶ
828 501 907 528 τοῦτο

115 546 287 582 θεοπρεποῦς
313 547 468 582 οἰκονομίας
493 547 577 580 ἄξιον.
595 548 739 582 Ζητήσεως
764 547 907 582 τοιγαροῦν

115 593 266 629 γενομένης
281 594 314 620 ὲκ
333 593 388 620 τῶν
405 593 534 629 μαθητῶν
554 593 676 620 Ἰωάννου
696 594 764 628 μετὰ
781 593 906 620 Ἰουδαίου

117 641 182 676 περὶ
199 639 382 675 καθαρισμοῦ,
413 640 496 671 πολὺς
513 640 579 674 παρ’
609 640 710 674 ἀμφοῖν
726 637 759 674 ἦν
780 640 794 665 ὁ
809 639 886 674 λόγος
899 648 905 654 ⁸

115 685 140 711 οἱ
152 685 203 720 μὲν
215 685 270 720 γὰρ
286 684 325 719 τῷ
341 684 432 719 οἰκείῳ
447 684 597 718 διδασκάλῳ
611 684 844 720 συναγορεύοντες,
854 683 907 711 τῶν

117 731 238 766 νομικῶν
253 731 500 766 περιρραντηρίων,
514 731 560 757 καὶ
573 730 627 758 τῶν
651 731 716 766 παρ’
733 731 847 762 ἐκείνοις
859 739 906 757 τυ-

116 778 206 804 πικῶν
222 777 402 812 καθαρισμῶν
426 777 454 804 ὲν
478 777 617 812 ἀμείνοσιν
636 777 685 812 ἤδη
707 777 814 812 μέτροις
828 777 859 803 τὸ
873 777 907 803 δι’

116 823 199 850 αὒτοῦ
211 823 336 856 γενέσθαι
354 823 514 849 διετείνοντο
537 823 688 858 βάπτισμα.
711 823 765 850 Καὶ
776 823 820 858 δὴ,
836 823 906 850 κατὰ

956 224 1017 251 (lam
1032 232 1086 252 rem
1103 225 1247 253 manifeste
1256 226 1388 254 declarat.
1404 226 1539 254 Uuirersa
1553 228 1655 262 quippe
1672 229 1744 254 nullo

956 274 1127 297 monstrante
1152 271 1210 305 ipse
1227 278 1276 305 per
1294 279 1324 298 se
1346 273 1432 304 novit,
1454 278 1483 299 ut
1506 273 1587 305 Deus,
1612 281 1664 300 non
1683 280 1745 299 eum

956 316 1073 351 primum
1087 317 1165 348 fiunt,
1183 317 1229 344 sed
1243 317 1324 344 etiam
1337 323 1479 353 antequam
1496 319 1571 351 fiant,
1589 323 1618 346 ut
1631 323 1746 346 testatus

956 366 998 390 est
1026 364 1158 398 propheta
1170 363 1214 390 ⁷⁸⁵.
1234 363 1380 399 Exspectat
1403 369 1494 392 autem
1527 367 1745 401 uniuscujusque

956 411 1090 443 tempora,
1103 414 1130 436 et
1146 416 1236 436 rerum
1254 410 1451 438 consecutione
1467 411 1559 444 potius
1576 419 1659 445 quam
1672 420 1740 446 prtu-

957 453 1067 481 notione
1079 453 1174 481 definit
1189 464 1195 481 2
1212 459 1254 482 est
1265 455 1337 482 enim
1356 455 1420 482 illud
1437 463 1547 490 quoque
1564 456 1654 483 divina
1669 461 1745 483 certe

957 497 1163 533 dispensatione
1178 499 1301 534 dignum.
1318 499 1475 532 Qua-stione
1493 501 1575 535 igitur
1598 509 1612 528 a
1629 501 1746 530 Joannis

957 543 1100 578 discipulis
1113 549 1171 570 orta
1188 552 1249 571 cum
1264 543 1357 571 Judaeo
1373 545 1406 572 (Ie
1431 545 1631 579 puriﬁcatione,
1647 554 1745 580 magno

957 591 1069 624 utriqua
1087 590 1178 618 studio
1203 598 1281 617 suam
1300 590 1456 625 opinionem
1484 590 1675 617 defendebant.
1703 591 1744 616 llli

957 635 1029 663 enim
1050 643 1130 663 suum
1159 635 1323 670 magistrum
1350 639 1470 667 tuentes,
1487 634 1548 669 ejus
1579 635 1744 669 baptismum

957 680 1089 716 legalibus
1105 680 1313 715 aspcrsionibus
1331 684 1358 707 et
1379 680 1479 715 typicis
1505 679 1744 714 puriﬁcationibus

958 730 1088 760 praestare
1106 725 1319 753 contendebant.
1337 725 1375 751 Ad
1400 725 1471 759 quod
1493 725 1663 760 probandum
1678 724 1744 751 alle-

957 773 1062 804 rebant,
1082 772 1184 798 multos
1196 772 1296 806 priscis
1312 771 1410 798 ritibus
1431 771 1535 798 relictis
1550 771 1582 797 ad
1596 778 1657 797 eum
1673 770 1745 796 ultro

957 825 987 845 se
1001 817 1138 845 conferre.
1156 816 1188 843 Hi
1203 821 1306 848 autem,
1321 825 1383 844 cum
1402 816 1622 843 adversariorum
1637 823 1743 843 sermo-

118 870 148 896 15
163 870 248 901 εἰκὸς,
264 869 304 901 εἰς
326 869 463 901 ἀπόδειξιν
476 868 615 895 ἐποιοῦντο
627 869 672 895 τοῦ
687 868 858 905 πράγματος,
875 871 906 897 τὸ

961 862 1038 890 nibus
1056 863 1083 889 in
1107 870 1228 898 praeceps
1252 866 1426 897 raperentur,
1450 865 1478 889 et
1500 861 1625 888 veritatis
1641 862 1666 887 vi
1693 867 1744 887 ceu

118 915 233 946 πιλλοὺς
246 915 295 950 μὲν
308 915 376 941 ίέναι
395 915 463 950 πρὸς
484 915 575 945 αὑτὸν,
595 915 650 941 τῶν
668 915 696 942 δὲ
722 916 906 952 ἀρχαιοτέρων

118 962 166 990 κιὶ
177 961 279 988 ἄνωθεν
301 961 370 987 ὲθῶν
392 961 490 996 ἥδιστα
522 961 580 988 λίαν
594 961 752 997 ἀποφοιτᾷν.
770 963 801 989 Οί
824 962 852 989 δὲ
872 960 905 989 αὖ

117 1004 211 1037 πάλιν,
244 1004 359 1040 ἐπείπερ
384 1005 440 1036 τοῖς
454 1004 502 1031 .δι’
520 1005 644 1040 ἐναντίας
665 1007 679 1032 ὁ
693 1005 771 1040 λόγος
795 1007 907 1042 ἐφέρετο

117 1049 191 1076 κατὰ
206 1049 337 1085 πρανοῦς,
353 1049 399 1076 καὶ
415 1049 518 1076 ὑδάτων
534 1049 611 1085 δίκην
628 1051 845 1086 καταρροίζουσα
858 1051 908 1087 τῆς

118 1095 277 1130 ἁληθείαςή
299 1095 422 1129 δύναμις,
446 1095 491 1121 τὸν
504 1094 606 1131 ἀδρανῆ
630 1095 685 1122 τῶν
704 1095 908 1131 ἀνθεστηκότων

118 1141 251 1173 ὲϐάτπιζε
275 1141 347 1173 νοῦν,
368 1141 415 1167 ἐπὶ
444 1141 475 1167 τὸ
494 1141 570 1176 παρὰ
592 1141 704 1177 γνώμην
717 1143 846 1178 χωροῦσι,
861 1143 909 1170 καὶ

118 1187 241 1219 ἄκοντες,
250 1186 317 1213 πολὺ
329 1186 361 1222 δὴ
370 1185 478 1213 κάλλιον
488 1186 556 1214 εἶναι
567 1187 690 1221 λέγοντες
696 1187 726 1214 τὸ
736 1187 779 1215 διὰ
789 1188 907 1223 Χριστοῦ

119 1231 266 1268 λεγόμενον
278 1231 429 1268 βάπτισμα⁹
442 1233 490 1259 καὶ
507 1233 692 1268 κατεκράτουν
701 1234 761 1270 ἤδη,
775 1236 830 1267 τοῖς
842 1235 908 1268 ἴσοις

118 1278 159 1309 εἰς
171 1278 308 1310 ἀπόδειξιν
322 1278 543 1314 ἀποχρησάμενοι
562 1278 711 1314 λογισμοῖς,
729 1280 776 1306 καὶ
798 1280 842 1307 διὰ
855 1281 909 1307 τῶν

119 1323 211 1350 αὐτῶν
218 1322 418 1359 ἐνθυμημάτων
427 1325 483 1355 τοῖς
492 1325 664 1359 νενικηκόσιν
674 1325 891 1361 ἁντεγειρόμενοι
899 1335 906 1342 ο

119 1368 212 1403 πολλῷ
222 1369 277 1404 γὰρ
290 1369 405 1403 ὁρᾶσθαι
419 1369 527 1401 πλείους
538 1369 735 1406 διισχυρίζοντο
746 1372 809 1403 τοὺς
823 1381 908 1408 προσ-

121 1416 212 1446 ιόντας
239 1414 357 1450 Χριστῷ,
386 1415 433 1441 καὶ
456 1415 560 1447 πάντας
583 1416 679 1451 ἐκείνῳ
705 1417 816 1452 μᾶλλον,
837 1419 908 1454 ἥπερ

126 1458 238 1494 Ἰωάννῃ
264 1459 460 1494 προστρέχειν·
487 1460 548 1487 ὅθεν
575 1458 651 1495 οἶμαι
681 1462 727 1488 καὶ
750 1463 791 1493 είς
821 1463 909 1498 λύπην

119 1504 326 1536 ἀνακαυθέντας
343 1505 406 1536 τοὺς
424 1505 547 1532 Ἰωάννου
561 1506 699 1541 μαθητὰς,
711 1507 750 1543 τῷ
763 1507 854 1543 οίκείῳ
869 1509 909 1535 διο

118 1549 247 1584 διο-κάλῳ
262 1550 420 1585 προσελθεῖν
433 1550 560 1584 λέγοντας
572 1559 578 1566 ’
596 1561 605 1576 ι
631 1551 735 1584 Ῥα66ὶ,
750 1553 780 1584 ὃς
790 1551 823 1588 ἦν
842 1554 909 1588 μετὰ

121 1596 170 1622 σοῦ
184 1595 269 1631 πέραν
299 1596 345 1623 τοῦ
367 1596 510 1631 Ἰορδάνου,
532 1593 554 1631 ᾧ
572 1598 604 1624 σὺ
627 1598 854 1635 μεμαρτύρηκας,
871 1600 910 1626 ι’δε

117 1637 199 1672 οὗτος
211 1641 346 1675 βαπτίζει,
359 1642 406 1668 καὶ
417 1642 517 1673 πάντες
529 1641 652 1678 ἔρχονται
666 1643 733 1678 πρὸς
751 1644 841 1671 αὐτόν.
855 1645 911 1677 Τὰς

120 1687 176 1721 τὰρ
189 1687 218 1720 ἐξ
232 1687 319 1722 ἔριδος
332 1688 386 1714 τῶν
405 1687 538 1715 Ἰουδαίων
558 1689 712 1723 προτάσεις,
731 1690 790 1726 ἢτοι
815 1691 911 1726 λόγους

120 1733 340 1766 ἀποδεικτικοὺς,
348 1734 386 1765 ὡς
395 1734 424 1761 ὲν
432 1734 564 1770 ἐρωτήσει
578 1735 762 1770 προΐσχονται.
772 1737 912 1764 Ἐντεῦθεν

955 908 1073 944 quodam
1089 916 1222 943 aquarum
1239 908 1422 935 obruerentur
1438 907 1551 941 impetu.
1570 909 1669 941 praeter
1683 913 1745 933 seu.

957 955 1070 982 tentiam
1100 958 1182 989 atque
1210 954 1286 981 inviti
1315 953 1393 981 fateri
1419 956 1556 987 coguntur
1581 952 1659 986 longe
1678 959 1745 986 pra:-

957 1001 1076 1028 stantius
1093 1007 1156 1027 esse
1172 999 1276 1026 Christi
1300 999 1448 1034 baptisma,
1466 997 1681 1031 obtinebantqne
1696 997 1744 1023 (IC-

957 1053 1031 1072 mum
1051 1045 1146 1073 iisdem
1162 1048 1269 1072 utentes
1285 1045 1317 1071 ad
1331 1045 1357 1071 id
1372 1043 1616 1072 demonstrandum
1633 1043 1745 1070 rationi-

957 1092 1020 1125 bus,
1037 1095 1063 1119 et
1085 1091 1222 1119 similibus
1239 1091 1408 1125 argumentis
1424 1090 1451 1117 in
1467 1090 1585 1116 victores
1603 1089 1682 1124 176
1703 1089 1746 1116 in-

958 1137 1114 1172 surgebant;
1129 1137 1214 1162 multo
1226 1136 1318 1170 plures
1333 1135 1405 1162 enim
1419 1135 1451 1161 ad
1463 1134 1601 1160 Christum
1616 1141 1698 1168 quam
1711 1133 1747 1160 ad

958 1182 1088 1210 Joannem
1104 1181 1245 1213 accedere,
1260 1181 1315 1208 imo
1324 1189 1388 1208 vero
1403 1184 1517 1208 cunctos
1529 1187 1673 1207 accurrere
1687 1179 1744 1206 aie-

957 1228 1032 1256 bant.
1050 1227 1118 1255 llinc
1132 1227 1230 1262 opinor
1248 1227 1376 1254 incensos
1402 1225 1517 1253 Joannis
1536 1226 1687 1260 discipulos
1711 1225 1744 1252 ad

959 1273 1117 1308 magistrum
1143 1280 1222 1299 suum
1251 1272 1370 1304 venisse,
1386 1271 1506 1298 dicentes
1528 1279 1535 1297 :
1557 1280 1566 1296 ι
1584 1270 1680 1302 Rabbi,
1698 1270 1745 1304 qui

959 1324 1015 1347 erat
1026 1322 1115 1346 tecum
1129 1322 1206 1345 trans
1216 1317 1373 1349 Iordanem,
1385 1317 1428 1344 cui
1443 1320 1471 1343 tu
1486 1317 1671 1344 testimonium
1684 1323 1746 1350 per-

959 1365 1082 1397 hibuisti,
1099 1372 1173 1396 ecce,
1194 1363 1238 1390 hic
1263 1363 1396 1398 baptizat.
1425 1366 1452 1390 et
1474 1369 1569 1389 omnes
1585 1362 1696 1389 veniunt
1712 1361 1746 1388 ad

959 1419 1019 1438 eutn
1035 1411 1067 1438 ⁷⁵.
1090 1420 1098 1436 ι
1119 1410 1274 1437 Judazorum
1293 1409 1394 1443 quippe
1412 1408 1598 1435 eonteutiosas
1621 1407 1746 1442 proposi-

960 1457 1047 1484 tiones
1073 1456 1131 1483 sive
1157 1456 1277 1482 rationes
1302 1453 1533 1481 demonstrativas
1561 1451 1746 1486 interrogandi

959 1502 1041 1528 modo
1065 1501 1217 1536 proferunt.
1235 1499 1306 1527 Hine
1329 1507 1394 1534 ergo
1414 1497 1581 1533 evangelista
1603 1497 1747 1524 Dominum

960 1547 999 1573 ait
1013 1547 1186 1581 cognovisse,
1217 1544 1290 1580 quod
1312 1544 1454 1571 audierant
1482 1542 1623 1573 Pharisaei,
1653 1541 1746 1569 .Icsum

960 1609 1058 1637 nempe
1077 1601 1171 1636 plures
1199 1600 1350 1636 discipulos
1379 1599 1470 1627 facere
1495 1605 1576 1634 quam
1601 1597 1745 1624 Joannem.

961 1648 1022 1675 Mox
1039 1655 1133 1675 eorum
1154 1648 1292 1682 ingentem
1304 1646 1395 1673 vitans
1413 1645 1556 1676 invidiam,
1573 1648 1600 1671 et
1616 1650 1667 1672 suo
1679 1647 1747 1670 tem-

962 1694 1022 1729 pori
1040 1693 1196 1728 passionem
1216 1699 1375 1722 reservans,
1399 1699 1432 1719 ex
1453 1691 1610 1718 Judaaorum
1636 1689 1747 1724 regione

963 1747 992 1766 se
1009 1739 1147 1772 subducit,
1168 1746 1335 1773 rursumque
1350 1737 1496 1765 revertitur
1518 1737 1545 1764 in
1561 1735 1711 1763 Galilaeam.

120 1778 266 1814 τοιγαροῦν
281 1779 429 1813 ἐγνωκέναι
452 1780 533 1814 φησὶν
551 1780 564 1805 ὁ
579 1780 773 1816 εὐαγγελιστὴς
788 1781 834 1808 τὴν
850 1782 962 1818 Κύριον,
978 1783 1018 1810 ὃτι
1031 1784 1149 1819 ἥκουσαν
1184 1785 1208 1810 οἱ
1241 1783 1393 1817 Φαρισαῖοι,
1410 1782 1450 1808 ὅτι
1489 1780 1591 1814 Ἰησοῦς
1623 1780 1747 1811 πλείονας

123 1827 249 1862 μαθητὰς
263 1827 345 1859 ποιεῖ,
358 1827 375 1861 ἢ
397 1827 533 1862 Ἰωάννης.
549 1825 614 1854 Εἶτα
628 1827 673 1854 τὸν
684 1827 802 1861 ἐξαίσιον
835 1830 924 1856 αὐτῶν
961 1831 1176 1865 παραιτούμενος
1203 1830 1315 1865 φθόνον,
1339 1830 1386 1856 καὶ
1407 1829 1495 1864 καιρῷ
1521 1828 1661 1863 φυλάττων
1691 1829 1749 1860 ῐδὲῳ

121 1875 154 1902 τὸ
176 1874 282 1906 παθεῖν,
311 1875 360 1909 τῆς
375 1875 423 1909 μὲν
439 1875 497 1901 τῶν
516 1875 648 1902 Ἰουδαίων
668 1876 792 1908 ὑπέξεισι
806 1876 909 1912 χώρας⁷
928 1878 1064 1914 ἀναχωρεῖ
1077 1878 1104 1904 δὲ
1116 1878 1196 1904 πάλιν
1207 1878 1247 1909 είς
1265 1877 1314 1912 τὴν
1330 1876 1483 1903 Γαλιλαίαν.

160 1921 238 1947 Ἔδει
256 1920 291 1946 δὲ
309 1920 403 1947 αὐτὸν
417 1920 587 1954 διέρχεσθαι
604 1921 654 1948 διὰ
664 1921 720 1956 τῆς
730 1923 911 1957 Σαμαρείας·

122 1967 242 2001 ἔρχεται
262 1965 370 1999 οὗν-εις
387 1967 477 1993 πόλιν
491 1966 546 2001 τῆς
558 1968 724 2002 Σαμαρείας
746 1968 913 2003 λεγομένην

122 2012 244 2046 Συχὰρ,
274 2012 407 2045 πλησίον
432 2012 486 2039 τοῦ
510 2013 628 2047 χωρίου,
648 2014 664 2040 ὃ
683 2013 794 2042 ἔδωκεν
813 2014 914 2042 Ἰακὼϐ

130 2057 238 2090 Ἰωσὴφ
254 2056 294 2089 τῷ
305 2055 359 2088 υἱῷ
377 2057 480 2084 αὑτοῦ.

163 2103 196 2128 Ὢ
209 2103 311 2137 πολλῆς
326 2103 475 2137 ἀγχινοίας,
491 2105 538 2130 καὶ
549 2105 670 2140 ἀκράτου
683 2105 788 2142 νήψεως
798 2107 804 2134 ί
816 2107 911 2141 φθάνει

123 2149 185 2179 ταῖς
199 2147 357 2180 ἀπολογίαις
374 2147 405 2173 τὰ
428 2147 594 2183 ζητήσεσθαι
610 2150 838 2186 προσδοκώμενα·
851 2149 911 2178 εἶπε

125 2195 180 2228 γὰρ
193 2193 226 2219 ἄν
239 2201 282 2224 τις
293 2193 413 2230 εὐθὺς,ῆ
432 2194 518 2230 ἑτέρῳ
541 2195 710 2230 προσλαλῶν,
729 2196 744 2232 ἥ
764 2196 913 2232 λεληθότως
929 2188 951 2216 D

125 2238 365 2274 διενθυμούμενος·
380 2239 432 2266 Τοῦ
448 2240 479 2274 δὴ
493 2240 573 2275 χάριν
584 2242 598 2267 ὁ
609 2241 710 2277 Κύριος
722 2242 798 2277 ἡμῶν
811 2243 914 2278 Ἰησοῦς

126 2284 256 2319 Χριστὸς,
271 2285 321 2311 οὐκ
333 2286 362 2312 ὲν
368 2285 453 2321 καιρῷ
463 2285 502 2321 τῷ
514 2287 659 2322 καθήκοντι
672 2287 725 2315 τῶν
737 2289 913 2325 Σαμαρειτῶν

126 2330 278 2365 ἐποιήσατο
293 2332 450 2366 φωτισμόν;
467 2332 606 2366 Προσῆλθε
623 2333 672 2368 μὲν
687 2334 740 2369 γὰρ
754 2334 770 2369 ἠ
787 2335 915 2370 Συροφοι-

126 2375 238 2402 νίκισσά
251 2384 326 2407 ποτε,
340 2377 384 2402 τὸν
397 2377 441 2403 ἐπὶ
466 2378 498 2412 τῇ
523 2377 689 2414 ταλαιπώρῳ
715 2378 830 2414 θυγατρὶ
847 2379 915 2413 μετὰ

127 2421 256 2456 δακρύων
270 2422 344 2448 ἔλεον
359 2422 511 2457 ὲξαιτοῦσα,
522 2424 568 2451 καὶ
579 2424 604 2450 τί
623 2425 690 2459 πρὸς
704 2425 788 2460 αὐτὴν
804 2427 818 2452 ὁ
827 2426 915 2459 φιλοι-

129 2466 275 2501 κτίρμων;
291 2476 299 2491 ι
321 2468 357 2493 Ub
380 2468 469 2500 καλὸν,
493 2469 570 2504 φησὶ,
585 2468 676 2495 λαϐεῖν
692 2469 736 2495 τὸν
762 2470 842 2504 ἄρτον
862 2469 916 2496 τῶν

128 2511 246 2542 τέκνων,
260 2512 308 2537 καὶ
322 2512 412 2546 βαλεῖν
433 2514 490 2544 τοῖς
511 2513 666 2549 κυναρίοις’
682 2523 691 2539 ι
705 2514 734 2540 οὐ
751 2514 815 2549 γὰρ,
827 2512 916 2549 οἶμαι,

128 2556 184 2583 δεῖν
195 2557 353 2592 ἐδοκίμαζε,
371 2557 495 2593 πρὸωρον
521 2559 577 2590 τοῖς
601 2558 631 2590 ἐξ
657 2559 740 2586 ὲθνῶν
753 2559 803 2593 τὴν
817 2560 873 2590 τοῖς
888 2558 918 2591 ἐξ

136 2603 246 2638 Ἰσραὴλ
276 2603 494 2638 ἀπονεμηθεῖσαν
522 2604 758 2639 ὲπιδαψιλεύεσθαι
780 2605 879 2640 χάριν·
903 2605 918 2631 ὃ

129 2648 162 2684 δὴ
172 2649 219 2675 κάι
233 2649 400 2684 σαφέστερον
409 2650 488 2681 αὐτὸς
499 2650 584 2676 ἐποίει
595 2650 680 2685 λέγων
688 2659 695 2666 ·
709 2659 718 2676 ι
733 2651 789 2677 Οὐκ
801 2651 919 2678 ἀπεστά-

130 2695 190 2730 λην,
221 2695 246 2721 εί
275 2695 313 2730 μὴ
335 2696 374 2726 εἰς
398 2696 433 2722 τὰ
454 2695 576 2729 πρόῧατα
598 2696 631 2724 τὰ
652 2697 808 2724 ἀπολωλότα
843 2698 917 2725 οἴκου

137 2741 255 2777 Ἰσραήλ.
274 2751 284 2767 ι
303 2741 364 2773 Πῶς
383 2740 428 2768 οὖν
449 2742 513 2778 ἄρα,
527 2743 638 2778 φήσειε)
651 2743 682 2770 ἄν
699 2753 750 2777 τις,
763 2745 777 2770 ό
790 2745 857 2780 πρὸς
873 2745 918 2779 μό-

1002 1923 1045 1957 IV,
1063 1924 1090 1956 4,
1107 1924 1133 1951 5.
1157 1923 1300 1957 Oportebat
1322 1928 1408 1950 autent
1423 1930 1481 1948 eum
1496 1922 1610 1949 transire
1632 1930 1677 1956 per
1693 1921 1749 1949 Sa-

965 1971 1089 1997 mariam.
1109 1969 1181 1996 Venit
1198 1977 1258 2003 ergo
1273 1969 1300 1994 in
1315 1969 1446 1995 civitatem
1464 1967 1596 1994 Samaria
1610 1975 1667 2002 qua:
1686 1967 1748 1994 dici-

965 2019 1008 2041 tur
1022 2013 1129 2046 Sichar,
1143 2013 1219 2046 iuxta
1232 2012 1361 2046 pra‘dium
1380 2010 1448 2045 quod
1467 2010 1539 2037 dedit
1551 2009 1634 2037 Iacob
1651 2009 1748 2044 Ioseph

964 2061 1020 2096 ﬁlio
1039 2068 1097 2087 suo.

1000 2106 1022 2133 0
1036 2107 1132 2133 miram
1146 2105 1249 2140 ingenii
1265 2102 1456 2135 acrimoniam,
1473 2109 1504 2129 ac
1523 2100 1681 2128 defaecatam
1701 2109 1749 2129 so-

964 2152 1071 2181 lertiam
1088 2153 1094 2179 l
1108 2151 1297 2186 respondendo
1312 2149 1443 2186 przcvenit
1453 2156 1513 2183 qum
1528 2155 1590 2175 mox
1604 2148 1749 2182 quzerenda

966 2199 1121 2227 veniebant.
1148 2199 1264 2226 Dixisset
1281 2199 1352 2225 enim
1375 2197 1467 2224 statim
1492 2195 1602 2229 aliquis,
1625 2198 1672 2220 aut
1687 2202 1748 2221 cum

966 2245 1021 2273 alio
1037 2245 1204 2280 colloquens,
1225 2249 1271 2271 aut
1288 2243 1358 2271 clam
1373 2242 1444 2278 apud
1461 2249 1490 2270 se
1500 2242 1644 2277 cogitans:
1662 2240 1749 2273 Quam

967 2292 1074 2319 demum
1095 2292 1129 2318 ob
1145 2298 1255 2318 causam
1276 2289 1408 2316 Dominus
1424 2292 1517 2315 noster
1533 2287 1611 2315 Jesus
1627 2287 1751 2314 Christus

967 2345 1022 2365 non
1049 2344 1170 2372 congruo
1201 2340 1323 2370 tempore
1349 2335 1537 2362 Samaritauos
1567 2332 1752 2360 illuminavit?

966 2383 1088 2410 Accessit
1101 2382 1173 2409 enim
1190 2380 1337 2416 aliquando
1351 2380 1561 2415 Syropbwnissa
1572 2378 1678 2405 misera:
1689 2377 1751 2404 filiae

967 2427 1182 2455 miscricordiam
1213 2426 1327 2461 supplex
1346 2430 1441 2460 petens
1471 2431 1533 2451 cum
1553 2422 1692 2458 lacrymis.
1720 2422 1752 2448 Et

967 2474 1030 2509 quid
1050 2474 1081 2500 ad
1107 2481 1166 2501 eam
1191 2473 1236 2500 ille
1261 2471 1434 2500 misericors?
1451 2479 1460 2496 ι
1478 2470 1537 2497 Non
1562 2473 1604 2496 est
1631 2469 1750 2500 bonum,

969 2520 1067 2554 inquit,
1091 2520 1215 2553 accipere
1238 2525 1333 2553 panem
1351 2517 1480 2548 filiorum,
1507 2519 1534 2542 et
1549 2515 1658 2542 mittere
1675 2514 1752 2541 cani-

969 2563 1021 2590 bus
1038 2563 1071 2590 ".
1091 2572 1100 2588 ι
1117 2562 1175 2589 Non
1198 2562 1271 2589 enim
1286 2561 1420 2596 placebat,
1439 2564 1468 2587 ut
1483 2567 1557 2591 reor,
1580 2558 1696 2594 gratiam
1714 2558 1752 2584 ls-

970 2609 1074 2636 raelitis
1098 2609 1265 2643 assignatam
1284 2609 1446 2641 praemature
1468 2605 1613 2640 gentilibus
1631 2604 1751 2638 elargiri.

972 2654 1049 2688 Quod
1076 2655 1134 2689 ipse
1160 2653 1270 2688 quidem
1304 2654 1392 2687 palam
1423 2652 1540 2679 faciebat
1567 2651 1609 2677 bis
1637 2649 1751 2677 verbis:

974 2710 984 2726 ι
1005 2700 1064 2728 Νοιι
1093 2708 1153 2728 sum
1176 2700 1276 2726 missus
1302 2698 1354 2726 nisi
1384 2698 1416 2725 ad
1443 2705 1508 2725 ores
1532 2704 1591 2732 quae
1615 2696 1753 2731 perierunt

973 2745 1070 2772 domus
1085 2745 1165 2772 Israel
1180 2745 1228 2771 ".I
1248 2743 1391 2776 Quomodo
1408 2743 1500 2779 igitur,
1519 2742 1625 2778 inquiet
1638 2741 1752 2776 aliquis.

166 2829 199 2846 “‘
217 2829 286 2856 han.
305 2837 365 2861 xm,
379 2829 426 2858 at.
448 2830 472 2846 ⁷⁵
487 2829 566 2857 Joan.
586 2839 625 2864 ιιι,
644 2831 688 2859 26.
729 2832 751 2847 ⁷³³
768 2831 863 2859 hlattb.
880 2840 910 2859 xv

961 2833 982 2860 5.
1020 2834 1042 2848 ⁷⁷
1059 2833 1124 2860 ibid.
1141 2833 1186 2859 (³2.4.
