2028 3118
298 125 348 155 9-91

792 102 825 154 5.,
842 125 985 154 CYRILLI
1000 125 1233 153 ALEXANDRiNl
1252 126 1412 154 ARCHIEP.

1871 128 1919 156 992

298 184 345 218 qui
358 182 393 210 ad
407 182 495 210 solum
512 173 614 210 missus
629 187 671 210 est
692 181 832 215 lsraelem,
851 182 1081 209 Samaritanorum

1139 191 1185 209 νον
1196 183 1399 218 ἀπεσταλμένος
1413 183 1458 210 τὸν
1478 184 1585 220 Ἰσραὴλ
1607 185 1637 211 τὸ
1656 185 1834 220 Σαμαρειτῶν
1846 187 1918 216 ὲπσί-

298 236 386 264 genus
399 228 541 260 edocebat,
560 228 688 263 quamvis
713 227 796 255 Israel
819 228 935 264 gratiam
965 227 1085 254 nondum

298 281 413 308 prorsus
436 273 626 300 excussisset?
648 273 865 308 Responsionem
881 274 914 300 ad
934 273 990 300 hac
1009 272 1087 300 affert

297 321 479 357 probabilem,
501 321 582 355 idque
597 328 659 348 cum
675 322 842 349 auctoritate
857 321 986 356 quadam,
1005 320 1087 348 nimi-

298 375 370 399 rum,
391 376 400 393 ι
421 366 570 401 Oportebat
586 370 675 394 autem
694 374 757 394 eum
783 367 903 394 transire
919 373 966 401 per
988 365 1086 393 Sama-

298 414 378 440 riam.
399 423 408 439 ι
426 412 486 452 Non
498 413 571 440 enim
587 419 646 440 eam
661 413 747 440 solam
762 413 798 440 ob
816 420 928 441 causam
945 413 972 440 in
988 412 1086 439 Sama-

297 460 366 487 riam
380 460 455 488 venit
470 464 499 486 ut
513 459 548 486 ibi
562 459 723 494 przedicaret
732 460 858 492 verbum,
873 463 900 487 et
909 463 994 486 totam
1006 459 1086 494 plane

297 506 330 532 ad
348 513 395 532 eos
410 505 573 532 transferret
591 504 700 532 lsraelis
713 505 944 538 benedictionem,
961 505 1007 532 sed
1017 512 1085 539 quo-

296 551 369 578 niam
396 551 458 578 illac
481 551 679 579 transeundum
704 554 774 583 erat,
791 551 904 578 'idcirco
923 551 1014 582 docet,
1040 558 1084 578 sa-

297 597 408 631 pientia:
425 604 495 631 opus
509 604 652 631 peragens.
663 595 902 629 Quemadmodum
917 597 994 631 177
1011 595 1083 624 cnim

297 643 367 676 ignis
394 642 546 669 naturalem
576 642 674 669 urendi
706 642 760 668 vim
786 641 887 669 habere
906 645 1084 674 non-cessat,

296 688 337 715 sic
361 689 442 714 etiam
461 688 541 722 plane
560 688 617 715 fieri
642 696 695 715 non
718 696 801 723 posso
827 693 950 720 autumo,
971 693 1000 715 ut
1024 689 1084 715 uni-

296 733 367 760 versi
386 732 524 767 Sapientia
536 733 608 767 quod
623 734 764 768 sapientia:
779 734 909 761 convenit
925 740 978 760 non
990 733 1082 761 faciat.

298 780 330 806 Et
341 779 569 814 quemadmodum
583 779 690 806 tametsi
707 779 811 806 diceret
822 787 876 807 non
890 779 973 807 licere
984 787 1081 814 panetn

296 825 415 852 filiorutn
449 825 556 852 mittere
589 825 722 857 canibus,
751 825 917 852 mulierculae
946 830 1037 852 tamen
1055 825 1083 852 in

1137 227 1198 254 δευε
1212 228 1300 263 γένος,
1316 229 1404 256 καίτοι
1424 229 1471 256 τοῦ
1496 231 1603 267 Ἰσραὴλ
1617 230 1693 258 οὔπω
1714 233 1854 265 παντελῶς
1874 235 1920 270 τὴν

1137 274 1216 309 χάριν
1226 275 1457 307 ὰπολακτίσαντος
1471 284 1477 308 ;
1496 277 1567 312 Πρὸς
1577 277 1608 312 δὴ
1620 277 1654 304 τὰ
1671 278 1794 310 τοιαῦτα,
1809 279 1919 315 πιθανὴν

1138 319 1197 354 μετ’
1211 319 1335 352 ἐξουσίας
1346 321 1395 355 τὴν
1409 321 1558 355 ἀπολογίαν
1581 323 1703 358 εἰσφέρει
1720 323 1759 356 τὸ,
1777 333 1786 348 ι
1807 324 1879 350 Ἔδει
1895 325 1920 351 δὲ

1136 365 1218 391 αὐτὸν
1241 365 1395 400 διέρχεσθαι
1414 366 1459 393 διὰ
1475 368 1524 403 τῆς
1547 368 1704 403 Σαμαρείας
1719 377 1726 384 ·
1744 378 1752 394 ι
1767 370 1799 395 οὐ
1823 369 1877 405 γὰρ
1891 370 1920 405 δὴ

1135 409 1230 436 τούτου
1251 418 1283 445 γε
1310 411 1391 437 ἕνεκα
1414 412 1460 438 καὶ
1483 412 1565 447 μόνου
1590 412 1640 447 τὴν
1665 413 1733 449 πρὸς
1751 414 1920 450 Σαμαρείτας

1135 455 1291 491 ἀποδημίαν
1311 457 1459 489 ἐστείλατο,
1490 458 1532 492 ἐφ’
1550 455 1601 492 ᾧτε
1628 458 1744 494 κηρύξαι
1757 460 1822 495 παρ’
1835 460 1920 491 αὐτοῖς

1134 504 1180 530 τὸν
1196 503 1285 537 λόγον,
1298 504 1345 530 καὶ
1356 503 1422 539 ὃλην
1437 503 1466 537 ἐξ
1480 504 1541 530 ὂλου
1557 505 1726 540 μεταστῆσαι
1741 505 1789 540 τὴν
1800 506 1920 539 εὐλογίαν

1134 550 1182 576 τοῦ
1198 550 1307 585 Ἰσραήλ
1316 558 1322 565 ·
1331 549 1389 576 ἀλλ’
1400 550 1517 585 ἐπείπερ
1527 549 1580 577 ἔδει
1589 550 1785 586 παρέρχεσθαι,
1793 551 1838 577 διὰ
1846 551 1919 578 τοῦτο

1134 595 1268 628 διδάσκει,
1281 596 1311 622 τὸ
1326 596 1423 630 σοφίας
1438 596 1519 631 ἔργον
1531 597 1679 623 ἀποτελῶν.
1691 597 1797 632 Ὠσπερ
1807 597 1862 632 γὰρ
1874 598 1920 624 οὐκ

1135 641 1168 668 ἄν
1185 650 1249 668 ποτε
1272 642 1320 677 τῆς
1345 642 1458 677 ἐνούσης
1483 642 1556 678 αὐτῷ
1579 644 1650 669 κατὰ
1668 643 1748 678 φύσιν
1773 644 1920 679 καυστικῆς

1134 688 1274 723 ἐνεργείας
1288 688 1439 724 καταλῆξαι
1461 690 1491 715 τὺ
1510 689 1576 724 πῦρ,
1594 689 1682 721 οὕτως
1705 687 1784 725 οἶμαι
1799 691 1871 716 κατὰ
1892 691 1920 716 τὸ

1134 734 1264 765 παντελὲς
1281 734 1414 769 ὑπάρχειν
1442 735 1593 771 ἀμήχανον,
1609 736 1659 770 τὴν
1675 736 1729 762 τῶν
1743 737 1812 762 ὅλων
1828 737 1919 770 σοφίαν

1135 778 1172 814 μὴ
1186 779 1247 814 οὐχὶ
1261 779 1291 805 τὸ
1307 779 1388 814 σοφίᾳ.
1415 780 1519 815 πρέπον
1538 781 1661 815 ἐνεργεῖν
1672 789 1679 795 ”
1701 781 1746 806 καὶ
1762 779 1858 815 ὥσπερ
1873 780 1919 806 οὐκ

1133 823 1233 855 ἐξεῖναι
1252 823 1338 857 λέγων
1367 823 1458 850 λαὸεῐν
1482 824 1528 851 τὸν
1557 825 1639 860 ἄρτον
1664 825 1849 857 τῶντέκνων,
1875 826 1920 851 καὶ

296 872 430 906 lacrymas
457 871 550 898 eflusze
569 876 596 898 ct
621 872 715 898 multis
744 873 834 899 verbis
865 872 1081 899 misericordiam

1135 869 1225 904 βαλεῖν
1234 872 1290 901 τοῖς
1301 871 1450 906 κυναρίοις,
1461 871 1685 906 δακρυρροοῦντι,
1697 872 1743 898 καὶ
1758 871 1866 903 πολλοῖς
1882 873 1919 903 εἰς

295 917 382 943 oranti
397 922 478 951 atque
489 917 638 944 obtestanti
651 918 766 952 gratiam
784 918 887 952 injecit,
901 925 955 945 non
973 917 1082 944 aliunde

296 963 448 997 praestituto
473 963 554 990 dandi
583 967 718 998 tempore,
737 964 784 991 sed
814 963 879 990 illud
911 971 972 990 cum
1002 963 1083 990 Patre

294 1009 352 1043 ipse
371 1008 513 1040 definiens,
528 1015 554 1036 ut
569 1008 667 1041 Filius,
679 1014 706 1036 et
725 1009 808 1042 Deus,
822 1017 854 1037 ac
869 1009 999 1037 Dominus
1017 1019 1024 1037 :
1041 1010 1082 1037 sic

293 1055 376 1081 etiam
398 1055 546 1082 miseratus
561 1060 603 1082 est
621 1054 822 1087 Samaritanos,
836 1060 863 1083 et
887 1055 986 1083 divinae
1005 1060 1081 1090 pote-

294 1101 374 1127 statis
391 1099 554 1127 ineffabilem
581 1101 635 1127 vim
658 1109 794 1132 reserans,
816 1103 972 1129 universam
994 1101 1082 1136 regio-

293 1153 355 1173 ncm
385 1146 412 1173 in
440 1147 490 1173 vite
517 1151 677 1174 transcursu
704 1147 886 1174 illuminabat.
913 1147 982 1180 Quid
1009 1148 1080 1182 quod

295 1194 386 1219 minus
402 1197 618 1219 consentaneum
635 1197 693 1219 erat
708 1193 834 1220 Israclem
852 1193 906 1227 jam
926 1194 952 1220 in
977 1194 1080 1220 rabiem

293 1241 384 1263 actum
415 1242 443 1264 et
477 1238 578 1264 caedem
613 1237 720 1264 Domini
755 1238 932 1265 meditantem
961 1238 1082 1273 perfecte

293 1282 393 1317 diligi;
412 1282 458 1310 sed
477 1291 536 1310 cum
556 1283 676 1310 nomium
696 1284 760 1310 totis
783 1284 892 1316 animis,
909 1292 1003 1311 rerum
1019 1292 1080 1310 eum

293 1329 480 1356 moderatione
496 1330 612 1364 quadam
631 1335 855 1364 persequeretur,
872 1331 975 1358 idcirco
991 1330 1081 1357 Domi-

292 1381 345 1400 nus
377 1378 471 1401 noster
501 1373 582 1401 Jesus
605 1375 730 1403 Christus
758 1376 872 1403 necdum
902 1384 964 1403 eum
993 1377 1080 1411 gratia

293 1426 406 1455 prorsus
423 1420 508 1451 exuit,
522 1424 710 1448 verumtamen
722 1422 754 1447 ad
769 1421 837 1448 alios
853 1422 983 1456 paulatim
999 1421 1081 1448 bene-

292 1465 440 1492 dictionem
457 1473 534 1492 suant
550 1466 677 1493 traducit.
699 1467 776 1500 Quod
789 1472 879 1495 atttem
897 1476 912 1495 c
923 1467 1078 1495 Juclzeorum

293 1511 405 1546 regione
416 1519 529 1546 prorsus
540 1512 682 1544 excedere,
693 1517 718 1539 et
735 1513 768 1540 ad
782 1514 949 1548 alienigenas
961 1515 1079 1549 migrare

293 1565 349 1592 prae
370 1565 399 1585 se
424 1558 476 1585 fert
497 1562 608 1593 propter
632 1559 829 1587 immanitatem
846 1561 1078 1596 persoqnentium,

294 1604 380 1638 figura
395 1604 518 1638 quaedam
534 1608 575 1631 est
591 1612 643 1639 qua
663 1605 832 1634 interminari
853 1607 972 1638 videtur,
988 1607 1080 1643 gratia:

290 1648 428 1682 iacturam
449 1650 558 1684 penitus
588 1651 720 1684 facturos,
743 1657 769 1679 ct
792 1660 870 1679 suum
890 1653 1005 1685 bonum,
1029 1654 1080 1681 hoc

293 1701 336 1722 est
349 1695 487 1723 Christum
506 1697 531 1723 in
548 1697 616 1724 alios
639 1698 813 1725 amandatum
836 1699 883 1732 iri,
902 1700 953 1727 nisi
970 1707 984 1726 ο
1000 1705 1079 1735 petu-

295 1740 377 1767 lantia
396 1749 442 1767 sua
462 1741 488 1767 in
507 1743 595 1776 ipsum
612 1743 778 1771 abstineant.

330 1873 373 1905 ιν,
386 1874 411 1901 6.
435 1873 500 1900 Erat
517 1879 604 1901 autem
622 1874 658 1901 ibi
672 1874 731 1909 fons
747 1874 848 1907 Iacob;
864 1874 943 1902 Iesus
959 1883 1020 1911 ergo
1035 1877 1077 1911 fa-

294 1921 392 1954 tigams
411 1927 443 1946 ex
458 1920 562 1951 itinere,
577 1919 682 1947 sedebat
698 1921 736 1947 sit:
750 1928 832 1954 supra
847 1921 954 1954 fantem.

328 2009 462 2043 Egressus
477 2016 510 2039 ex
521 2007 622 2035 Judata:
635 2008 747 2040 finibus,
764 2016 881 2043 cumque
895 2009 966 2044 apud
983 2010 1079 2037 alieni-

295 2055 443 2090 genasjam
467 2058 540 2081 esset
562 2046 698 2086 Salvator,
720 2058 905 2080 commoratur
921 2054 953 2081 ad
976 2054 1076 2082 fontem

293 2101 378 2128 Jacob
399 2110 405 2127 :
427 2101 516 2136 typice
544 2100 624 2127 nobis
648 2103 675 2126 et
699 2099 868 2134 aanigmatice
895 2100 1076 2133 subinnuens,

295 2147 358 2174 licet
376 2146 533 2181 evangelica
555 2145 712 2180 pradicatio
727 2137 875 2172 excessum
891 2149 964 2171 esset
980 2145 1077 2172 llicro-

294 2192 419 2227 solymis,
430 2195 457 2218 et
472 2192 504 2218 ad
515 2195 608 2226 gentes
619 2198 709 2218 sermo
720 2190 828 2218 divinus
840 2190 968 2224 deinceps
980 2190 1075 2223 abiret,
1093 2210 1114 2237 Β

295 2245 349 2265 non
366 2242 456 2263 tamen
471 2243 526 2262 una
545 2243 607 2262 cum
623 2234 725 2262 lsracle
750 2235 900 2269 perituram
915 2243 976 2262 esse
1002 2236 1076 2262 illam

295 2284 323 2309 in
336 2282 432 2309 Patres
453 2281 638 2313 dilectionem,
654 2281 702 2308 sed
724 2287 772 2308 eos
789 2288 898 2308 rursum
917 2281 944 2308 in
964 2281 1078 2316 gratiam

295 2328 436 2355 Christum
467 2331 656 2362 recepturum,
686 2330 714 2354 et
742 2326 813 2361 apud
839 2334 885 2354 eos
911 2331 941 2354 ut
967 2332 1078 2355 sanctos

297 2375 425 2401 nimirum
440 2381 539 2400 rursus
553 2376 788 2400 commoraturum
803 2372 917 2407 pristina
934 2373 977 2399 illa
993 2373 1077 2406 gratia

296 2419 562 2449 immarccscibiliter
575 2418 617 2445 eis
636 2422 752 2446 servata.
768 2418 894 2446 Libenter
910 2424 1001 2446 autem
1017 2427 1078 2447 rer-

296 2470 373 2493 satur
384 2466 412 2493 in
424 2469 581 2492 sanctorum
591 2465 730 2496 memoria,
741 2469 770 2492 ut
778 2465 898 2500 seipsutn
909 2466 988 2493 nobis
995 2467 1076 2493 etiam

295 2511 348 2538 hac
372 2511 477 2538 ratione
495 2511 649 2546 exemplum
670 2511 804 2546 praebeat.
818 2516 845 2539 et
861 2513 897 2540 sit
916 2513 1023 2540 initium
1044 2521 1076 2540 ac

294 2557 379 2591 ianua
393 2556 504 2584 honoris
519 2557 676 2591 parentibus
690 2556 844 2584 exhibendi.
862 2556 973 2585 Rcsedit
987 2563 1077 2585 autetn

300 2602 392 2629 lassus
407 2601 503 2633 devia,
513 2606 542 2628 ιιι
553 2602 684 2636 scriptum
701 2607 753 2634 est,
767 2602 847 2630 utltic
860 2611 968 2638 quoque
983 2604 1078 2638 impie-

296 2651 380 2675 tatem
397 2655 491 2674 eornm
507 2655 590 2682 aquo
612 2649 706 2682 pulsus
730 2654 771 2676 est
796 2650 979 2685 redargueret.
1009 2650 1077 2677 Nam

296 2701 359 2721 cum
385 2693 465 2728 178
482 2693 564 2729 justis
592 2694 742 2722 honoribus
764 2703 826 2722 cum
856 2696 908 2723 sibi
931 2696 1078 2724 conciliare

295 2738 437 2772 deberent,
456 2742 482 2766 et
504 2739 652 2767 reverentia
669 2747 700 2766 ac
718 2745 790 2767 metu
806 2748 855 2767 ceu
876 2741 1077 2770 benefactorcm

296 2793 376 2813 suum
391 2784 490 2817 fovere,
512 2785 611 2812 sudore
630 2788 656 2812 et
680 2785 819 2813 laboribus
846 2786 989 2814 Dominum
1015 2795 1079 2814 cru-

295 2831 380 2864 ciant,
398 2836 427 2859 ut
443 2839 534 2859 rerum
564 2832 598 2859 sit
617 2831 689 2866 quod
707 2831 740 2858 dc
758 2831 823 2866 ipsis
838 2832 940 2860 dicitur
958 2834 986 2860 in
1007 2833 1078 2860 libro

1133 916 1207 942 ἔλεον
1233 916 1424 952 ὲκλιπαροῦντι
1438 916 1537 951 λόγοις,
1572 918 1739 953 προσέρῤιψε
1759 917 1798 952 τῷ
1819 918 1919 952 γυναίῳ

1132 962 1181 996 τὴν
1193 963 1283 998 χάριν,
1302 963 1333 988 οὺ
1348 963 1413 997 παρ’
1443 963 1541 998 ἑτέρου
1571 963 1800 998 νομοθετούμενος
1820 963 1868 1002 τὸν
1876 962 1920 989 τοῦ

1131 1008 1230 1035 διδόναι
1250 1008 1356 1044 καιρὸν,
1386 1009 1443 1035 ἀλλ’
1464 1009 1545 1040 αὐτὸς
1567 1009 1697 1044 ὑπάρχων
1727 1009 1796 1044 μετὰ
1817 1009 1919 1044 Πατρδς

1131 1054 1252 1090 ὁριστὴς,
1279 1054 1317 1086 ὡς
1339 1054 1413 1086 Υἱὸς,
1434 1055 1480 1082 καὶ
1492 1055 1568 1086 Θεὸς,
1583 1055 1630 1082 καὶ
1647 1055 1767 1090 Κύριος*
1789 1054 1861 1081 οὕτω
1875 1055 1919 1081 καὶ

1132 1099 1303 1134 Σαμαρείτας
1318 1099 1401 1134 ἠλέει,
1422 1101 1469 1127 καὶ
1482 1101 1531 1135 τῆς
1543 1100 1710 1136 θεοπρεποῦς
1729 1100 1854 1133 ἐξουσίας
1872 1100 1919 1135 τὴν

1132 1146 1270 1181 ἄφραστον
1281 1146 1480 1173 ἀνακαλύπτων
1491 1145 1615 1181 δύναμιν,
1633 1145 1693 1172 ὁδοῦ
1708 1146 1846 1181 πάρεργον
1866 1146 1918 1181 χώ-

1133 1200 1181 1226 ρας
1194 1191 1257 1226 ὅλης
1277 1192 1396 1217 ἐποιεῖτο
1417 1191 1463 1217 τὸν
1487 1191 1637 1225 φωτισμόν.
1648 1188 1703 1217 Ἦν
1718 1191 1746 1217 δὲ
1758 1191 1804 1217 καὶ
1818 1191 1920 1226 ἑτέρως

1130 1235 1240 1267 ἄτοπον,
1257 1236 1306 1271 ήδη
1317 1237 1377 1266 ταῖς
1386 1235 1524 1266 ἀπονοίαις
1531 1235 1722 1268 λελυττηκότα,
1738 1236 1785 1262 καὶ
1797 1235 1919 1269 φονῶντα

1131 1282 1202 1308 κατὰ
1216 1282 1263 1308 τοῦ
1292 1282 1394 1317 Κυρίου
1421 1282 1466 1308 τὸν
1496 1281 1603 1317 Ἰσραὴλ
1623 1282 1781 1316 ἀγαπᾶσθαι
1797 1282 1918 1313 τελείως.

1136 1327 1244 1362 Ἐπειδὴ
1267 1327 1296 1354 δὲ
1310 1328 1387 1354 οΰπω
1412 1328 1460 1362 μὲν
1477 1327 1617 1359 ὁλοτελῶς,
1635 1327 1727 1354 διώκει
1741 1328 1763 1353 δ’
1783 1326 1829 1354 οὖν
1845 1328 1920 1362 ὅμως

1130 1372 1170 1398 ἔτι
1189 1373 1370 1408 συμμέτρως,
1381 1373 1424 1400 διὰ
1438 1373 1519 1399 τοῦτο
1531 1374 1597 1400 καὶό
1608 1373 1709 1408 Κύριος
1723 1374 1800 1408 ήμῶν
1815 1374 1919 1408 Ἰησοῦς

1130 1419 1144 1443 ὁ
1168 1419 1296 1452 Χριστὸς,
1314 1419 1391 1445 οῠπω
1405 1419 1455 1454 μὲν
1479 1419 1559 1445 αὑτὸν
1584 1418 1738 1454 ὁλοκλήρως
1763 1420 1921 1454 ἀπογυμνοῖ

1130 1464 1178 1498 τῆς
1192 1463 1312 1499 χάριτος,
1338 1463 1442 1496 ἑξέλκει
1471 1464 1494 1490 δ’
1511 1462 1559 1491 οὖν
1587 1464 1660 1499 ὅμως
1685 1465 1723 1496 εἰς
1744 1464 1854 1500 ἑτέρους
1872 1465 1920 1499 τὴν

1130 1510 1256 1543 εὐλογίαν
1275 1511 1345 1536 κατὰ
1371 1509 1467 1544 βραχύ.
1501 1510 1538 1536 Τὸ
1565 1510 1593 1536 δὲ
1614 1510 1682 1541 ὅλως
1707 1510 1756 1546 τῆς
1786 1510 1920 1537 Ἰουδαίων

1131 1555 1330 1582 ἀπανίστασθαι
1356 1555 1458 1590 χώρας,
1490 1556 1537 1582 καὶ
1557 1556 1597 1588 εἰς
1617 1555 1666 1591 τὴν
1688 1555 1742 1582 τῶν
1766 1555 1919 1590 ἀλλογενῶν

1132 1600 1290 1632 σπουδάζειν
1307 1601 1385 1631 ἰέναι,
1401 1601 1444 1627 διὰ
1467 1600 1516 1635 τὴν
1538 1600 1592 1627 τῶν
1607 1600 1758 1627 διωκόντων
1773 1601 1920 1636 ἀπανθρω-

1130 1645 1206 1677 πίαν,
1218 1645 1316 1680 ἀπειλὴ
1329 1654 1371 1676 τις
1378 1643 1423 1681 ἦν,
1436 1646 1562 1681 καθάπερ
1571 1647 1599 1672 ὲν
1608 1645 1686 1680 τύπῳ
1700 1645 1920 1681 ζωγραφουμένη

1130 1692 1162 1725 τῇ
1176 1690 1223 1716 τοῦ
1244 1691 1405 1726 πράγματος
1419 1691 1508 1725 φύσει,
1523 1691 1561 1722 ὼς
1575 1690 1721 1726 ὁλόκληρον
1736 1691 1786 1726 ἤδη
1801 1691 1851 1726 τῆς
1867 1691 1919 1726 χὰ-

1131 1744 1204 1771 ριτος
1224 1737 1389 1771 ὑπομενοῦσι
1403 1736 1523 1772 ζημίαν,
1544 1738 1592 1763 καὶ
1618 1737 1851 1772 παραπέμψουσιν
1879 1738 1919 1769 είς

1130 1782 1238 1817 ἑτέρους
1259 1782 1288 1809 τὸ
1304 1783 1401 1808 οἰκεῖον
1425 1782 1538 1816 ἀγαθὸν,
1561 1782 1634 1809 τοῦτ’
1652 1783 1708 1809 ἔστι
1727 1783 1772 1810 τὸν
1788 1783 1918 1818 Χριστὸν,

1129 1828 1153 1853 εἰ
1168 1828 1204 1863 μὴ
1217 1828 1266 1863 τῆς
1283 1829 1322 1860 εἰς
1334 1829 1414 1855 αὐτὸν
1431 1828 1573 1863 παροινίας
1580 1829 1749 1863 ἀπόσχοιντο.

1164 1871 1219 1901 Ἦν
1234 1874 1269 1901 δὲ
1287 1875 1350 1901 ἐκεῖ
1362 1873 1442 1909 πηγὴ
1467 1874 1520 1900 τοῦ
1549 1875 1668 1902 Ἰακώϐ·
1685 1877 1701 1902 6
1715 1873 1771 1903 οὖν
1795 1875 1921 1909 Ἰησοῦς

1129 1919 1311 1952 κεκοπιακὼς
1323 1920 1357 1947 ἐκ
1379 1920 1434 1954 τῆς
1457 1919 1637 1954 ὁδοιπορίας.
1650 1920 1802 1951 ἐκαθέζετο
1825 1922 1921 1953 οὕτως

1127 1965 1176 1991 ἐπὶ
1195 1965 1232 2000 τῇ
1252 1965 1344 2000 πηγῇ.

1163 2011 1232 2042 Τοὺς
1245 2011 1300 2037 τῶν
1325 2011 1458 2037 Ἰουδαίων
1479 2011 1559 2046 ὅρους
1580 2011 1745 2045 ὲκϐεὸηκὼς,
1768 2011 1816 2037 καὶ
1843 2011 1920 2046 παρὰ

1127 2057 1182 2088 τοῖς
1201 2057 1371 2091 ἀλλογενέσιν
1386 2057 1434 2092 ἤδη
1446 2057 1565 2091 γεγονὼς
1581 2058 1595 2083 ό
1608 2058 1712 2093 Σωτὴρ,
1730 2058 1776 2084 ἐπὶ
1791 2059 1826 2093 τῇ
1841 2059 1919 2093 πηγῇ

1128 2101 1256 2128 καταλύει
1269 2101 1315 2128 τοῦ
1337 2102 1432 2128 Ἰακώϐ
1444 2111 1451 2117 ·
1466 2103 1502 2134 ὡς
1517 2103 1547 2130 ὲν
1561 2103 1638 2138 τύπῳ
1654 2102 1733 2130 πάλιν
1747 2104 1815 2137 ἡμῖν
1826 2104 1875 2129 καὶ
1887 2103 1920 2129 δι’

1127 2145 1286 2180 αἰνίγματος
1303 2145 1471 2179 ὑποδεικνὺς,
1486 2147 1527 2173 ὄτι
1544 2147 1597 2173 κᾶν
1616 2147 1666 2181 τῆς
1691 2147 1874 2182 Ἰερουσαλὴμ
1891 2147 1921 2173 τὸ

1128 2191 1306 2225 εὐαγγελικδν
1325 2192 1474 2228 ὲκφοιτήσῃ
1497 2193 1644 2228 κήρυγμα,
1657 2193 1703 2220 καὶ
1726 2193 1766 2224 εἰς
1782 2193 1848 2228 ἔθνη
1864 2194 1921 2219 λοι-

1130 2237 1178 2264 πὸν
1190 2237 1204 2262 ὁ
1217 2237 1287 2269 θεῖος
1297 2237 1427 2273 ὲκδράμοι
1444 2239 1532 2272 λόγος,
1547 2239 1578 2265 οὐ
1597 2238 1868 2274 συναποὸληθήσεται
1881 2238 1920 2273 τῷ

1134 2282 1241 2318 Ἰσραὴλ
1259 2283 1276 2318 ἡ
1294 2283 1333 2314 εἰς
1347 2284 1408 2314 τοὺς
1430 2283 1550 2318 πατέρας
1562 2283 1666 2318 ἀγάπη.
1680 2283 1747 2309 ἀλλὰ
1772 2283 1855 2310 πάλιν
1871 2284 1921 2309 αἰδ-

1127 2329 1181 2355 τῶν
1213 2329 1352 2362 ἀνθέξεται
1378 2329 1512 2364 Χριστὸς,
1531 2330 1578 2356 καὶ
1604 2330 1846 2361 ἐπαναπαύσεται,
1873 2331 1921 2356 καὶ

1128 2374 1275 2400 καταλύσει
1301 2374 1381 2401 πάλιν
1403 2375 1441 2406 ὡς
1461 2375 1489 2401 ἐν
1513 2375 1617 2408 ἁγίοις,
1643 2376 1800 2410 ἀμάραντον
1826 2376 1922 2407 αὐτοῖς

1127 2420 1177 2455 τὴν
1187 2421 1216 2447 ἐν
1228 2421 1325 2456 ἀρχαῖς
1338 2420 1488 2452 ἀποσώζων
1499 2421 1588 2456 χάριν.
1606 2421 1804 2458 Ἐμφιλοχωρεί
1815 2423 1844 2449 δὲ
1857 2425 1921 2454 ταῖς

1127 2466 1181 2493 τῶν
1191 2467 1277 2500 ἁγίων
1292 2467 1423 2502 μνήμαις,
1433 2468 1476 2493 ἵνα
1486 2467 1571 2494 τύπον
1582 2468 1647 2503 ἡμῖν
1661 2468 1757 2494 ἑαυτὸν
1769 2469 1820 2495 κὰν
1829 2469 1921 2504 τούτῳ

1129 2512 1275 2547 παράσχοι,
1289 2512 1334 2539 καὶ
1350 2512 1421 2548 ἀρχὴ
1446 2514 1492 2539 καὶ
1505 2513 1575 2549 θύρα
1590 2514 1638 2549 τῆς
1655 2515 1696 2545 είς
1715 2515 1779 2547 τοὺς
1795 2515 1924 2550 πατέρας

1128 2558 1233 2592 γένοιτο
1247 2559 1339 2593 τιμῆς.
1354 2559 1491 2586 Καταλύει
1506 2559 1534 2585 δὲ
1553 2560 1725 2591 κεκοπιακὼς
1740 2561 1772 2587 ὲκ
1786 2561 1838 2597 τῆς
1851 2562 1923 2588 660t-

1128 2604 1236 2640 πυρίας,
1252 2603 1289 2635 ὡς
1301 2604 1465 2639 γέγραπται,
1485 2604 1528 2631 ἵνα
1545 2605 1597 2631 κάν
1611 2605 1698 2641 τούτῳ
1712 2606 1761 2641 τῆς
1777 2607 1832 2633 τῶν
1842 2607 1918 2633 ὲλαυ-

1129 2650 1226 2676 νόντων
1241 2650 1322 2676 αὑτὸν
1340 2650 1465 2682 ἀσεϐείας
1480 2653 1631 2687 κατηγορῇ.
1651 2651 1715 2679 Δέον
1729 2652 1784 2687 γὰρ
1799 2655 1862 2685 ταῖς
1877 2653 1923 2679 εὑ-

1128 2694 1265 2730 γνώμοσιν
1287 2695 1454 2723 ἀνακτᾶσθαι
1476 2697 1589 2730 τιμαῖς,
1615 2697 1684 2723 αἰδοῖ
1708 2706 1739 2724 τε
1762 2698 1810 2724 καὶ
1843 2698 1922 2733 φόσιρ

1129 2741 1315 2776 περιθὰλπειν,
1330 2741 1368 2773 ὡς
1389 2742 1547 2777 εὐεργέτην,
1565 2742 1656 2778 ἱδρῶτι
1672 2743 1719 2770 καὶ
1732 2744 1826 2776 πόνοις
1851 2752 1921 2771 κατ-

1129 2786 1277 2819 αικίζονται
1290 2787 1335 2814 τὸν
1354 2787 1466 2823 Κύριον,
1483 2789 1528 2815 ἵνα
1545 2789 1591 2815 καὶ
1608 2789 1727 2826 ἀληθεύῃ
1746 2790 1835 2824 λέγων
1855 2790 1923 2825 περὶ

1130 2833 1218 2860 αὐτῶν
1231 2834 1259 2859 ὲν
1274 2833 1357 2868 βίϐλῳ
1376 2834 1513 2869 Ψαλμῶν
1533 2845 1541 2861 ι
1561 2837 1615 2862 Καὶ
1634 2836 1846 2864 ἀνταπεδίδοσάν
1875 2845 1923 2872 μοι
