2028 3118
110 126 162 154 295

108 229 206 264 ὁρᾶται
231 227 261 254 τδ
283 227 392 263 θράσος.
416 227 448 253 Τί
469 226 505 261 δὲ,
520 226 573 261 ἄρα
596 227 712 262 φήσουσι
738 226 805 261 πρὸς
827 226 905 252 τοῦτο

109 275 193 302 πάλιν
217 275 294 309 ἡμῖν,
312 273 361 300 καὶ
377 274 402 300 ot
423 273 472 308 τῆς
497 273 608 300 ἐκείνων
635 271 762 304 ἀπονοίας
786 271 905 305 γείτονες

116 321 261 356 Ἀρειανοὶ,
284 319 384 355 μᾶλλον
407 319 436 346 δὲ
453 319 521 354 πρὸς
546 319 593 350 οὒς
608 317 641 345 ἂν
655 317 760 352 λέγοιτο
776 316 902 349 δικαίως,

117 366 279 401 Ἐδικαιώθη
293 366 398 401 Σόδομα
412 367 443 392 ὲκ
456 365 502 392 σοῦ
515 375 522 398 ;
539 367 572 392 Οἱ
592 365 642 401 μὲν
654 365 707 401 γὰρ
727 364 797 391 κατὰ
815 364 904 400 σάρκα

110 413 259 449 σταυροῦσι
274 413 401 449 Χριστὸν,
409 413 434 439 οἱ
445 412 473 438 δὲ
494 413 533 444 εἰς
545 412 629 448 αὐτὴν
645 411 840 447 ἐμπαροινοῦσι
854 411 904 446 τὴν

109 460 229 495 ἄρρητον
250 458 297 486 τοῦ
315 459 402 492 Λόγου
425 457 516 492 φύσιν.
533 458 598 484 Ἰδοὺ
623 457 786 484 κεκοπίακεν
809 458 841 483 ὲκ
855 456 905 491 τῆς

109 505 277 540 ὁδοιπορίας,
299 504 342 535 τίς
367 504 382 529 ὁ
402 502 483 530 τοῦτο
506 502 613 534 παθών;
639 499 712 537 *Δρα
741 501 788 528 καὶ
813 500 904 535 ἰσχύος

111 552 175 585 ἡμῖν
189 550 287 577 ἐπιδεᾶ
299 550 345 577 τὸν
357 549 410 576 τῶν
424 549 566 583 δυνάμεων
580 548 712 574 εἰσοίσετε
728 547 842 582 Κύριον,
857 546 904 573 καὶ

110 596 186 631 αὐτῷ
196 596 237 631 τῷ
253 596 286 623 ἐκ
299 595 405 630 Πατρὸς
417 595 565 629 Μονογενεῖ
578 594 624 620 τὸν
640 595 672 620 ὲκ
684 593 734 628 τῆς
750 592 903 628 ὁδοιπορίας

111 642 263 678 ἁναθήσετε
282 642 361 668 πόνον
373 662 380 674 ,
397 641 441 668 ἵνα
466 640 512 667 καὶ
530 640 651 676 παθητὸς
670 639 765 674 νοῆται
785 638 877 665 λοιπὸν
890 639 904 665 ὁ

111 689 209 715 παθεῖν
229 689 279 715 οὐχ
294 687 387 720 είδώςς
406 688 441 714 Ἦ
462 687 569 722 φρονεῖν
590 686 639 721 μὲν
651 685 721 712 οὕτω
735 686 905 721 παραιτήσε-

111 734 158 761 alia
178 734 321 765 ποιοῦντες
335 732 432 768 ὀρθῶς,
449 732 517 767 μόνῃ
535 731 563 758 δὲ
577 733 609 767 τῇ
621 730 668 757 τοῦ
684 730 809 766 σώματος
824 730 903 764 φύσει

111 780 277 815 περιθήσετε
295 779 329 807 τὰ
343 779 390 806 ἐπὶ
405 779 509 810 τούτοις
524 778 694 812 ἐγκλήματα,
713 776 813 812 μᾶλλον
829 776 857 803 δὲ
870 777 902 811 τῇ

110 826 303 862 ἁνθρωπότητι
314 825 430 861 πρέπειν
443 826 530 860 ἐρεῖτε
543 823 587 850 τὸν
601 823 690 856 πόνον,
699 823 772 858 ἥπερ
782 823 838 849 δντι
856 822 903 848 καὶ

642 122 675 150 ΙΝ
695 121 839 150 JOANNIS
852 122 1078 151 I‘JVANGELIUM
1097 123 1161 151 LIB.
1176 123 1197 151 Il

109 181 218 217 πονηρὰ
234 180 292 208 ἀντ’
306 180 426 216 ἀγαθῶν.
445 190 453 207 ι
474 179 608 206 Ἰουδαίων
627 180 676 214 μὲν
692 178 738 206 οὖν
755 180 784 206 ὲν
800 179 905 211 τούτοις
917 188 937 217 Α
958 180 1129 208 Psalmorum
1151 190 1159 208 :

1687 125 1739 153 294

1194 190 1202 207 ι
1228 180 1260 207 Ει
1292 181 1478 208 rctribuehant
1499 181 1564 209 mibi
1592 182 1661 209 mala
1693 191 1741 217 pro

958 225 1036 253 bonis
1057 225 1089 252 ".
1115 236 1124 251 ι
1148 226 1175 253 lu
1203 227 1246 254 his
1271 234 1337 262 ergo
1368 227 1523 255 Iudaeorum
1550 230 1741 256 manifestatur

956 271 1082 299 audacia.
1109 272 1178 305 Quid
1196 280 1260 299 vero
1274 273 1373 300 dicturi
1400 281 1464 302 sunt
1490 275 1521 301 ad
1548 275 1605 302 haec
1629 283 1741 302 rursum

955 318 1036 346 nobis
1053 319 1159 345 illorum
1176 319 1320 346 dementiae
1334 319 1416 347 vicini
1430 321 1535 352 Ariani.
1551 321 1577 348 in
1590 322 1741 357 quos-illud

952 363 1016 398 jure
1040 364 1094 392 dici
1116 365 1222 400 possit:
1238 364 1392 392 Justiﬁcata
1416 370 1457 393 est
1478 366 1595 395 Sodoma
1612 376 1644 395 ex
1662 373 1688 395 te
1699 368 1743 396 "’l

955 409 997 437 llli
1009 410 1082 438 enim
1099 410 1239 439 Christum
1256 411 1407 438 secundum
1428 419 1539 440 carnem
1554 415 1718 450 crucifigunt
1734 425 1741 442 :

955 455 982 483 hi
999 461 1093 484 contra
1109 456 1275 484 ineffabilem
1289 457 1370 485 Verbi
1387 461 1512 485 naturam
1526 459 1740 490 debacchantnr.

955 503 1025 531 Ecce
1045 504 1136 532 lassus
1155 509 1197 532 cst
1220 504 1253 531 de
1271 505 1324 531 via.
1353 504 1421 538 Quis
1445 505 1489 532 ille
1507 506 1554 540 qui
1578 507 1630 533 hoc
1646 515 1742 542 passus

954 549 1015 576 est?
1029 550 1070 576 An
1096 551 1225 577 virtutum
1243 550 1387 577 Dominum
1404 551 1508 578 viribus
1527 551 1661 579 defectum
1688 558 1744 579 sta-

954 595 1051 627 tneris,
1066 600 1093 623 et
1108 596 1159 631 ipsi
1181 604 1212 624 ex
1236 596 1315 624 Patre
1332 597 1480 632 Unigenito
1502 597 1620 625 laborem
1636 598 1742 626 itineris

955 640 1100 676 aliingctis,
1120 647 1151 669 nt
1170 647 1197 669 et
1225 642 1347 677 patibilis
1363 647 1510 670 censeatur
1535 650 1596 672 esse
1621 643 1741 677 demtum,

954 687 1001 722 qui
1017 687 1071 721 pati
1092 689 1200 715 nescit?
1229 689 1270 715 An
1290 689 1408 723 rejecta,
1428 693 1457 716 ut
1477 697 1526 724 par
1540 694 1599 722 est,
1620 698 1651 717 ea
1678 699 1743 718 sen-

955 733 1057 765 tentia,
1094 733 1144 760 soli
1181 734 1305 769 corporis
1340 739 1457 761 naturaa‘
1485 735 1533 762 has
1569 735 1743 764 infirmitates

955 778 1094 811 tribuetis,
1108 784 1136 806 et
1153 779 1317 807 humanitati
1343 780 1464 808 laborem
1490 781 1577 816 magis
1596 783 1762 822 εοιινοιιῑιῑιχ

955 823 1052 851 dicetis
1074 832 1155 858 quam
1180 824 1254 852 nudo
1268 829 1296 852 et
1315 826 1341 853 in
1361 833 1391 853 se
1406 826 1550 854 exsistcnti
1566 828 1616 855 soli
1637 827 1744 855 Verbo?

111 871 251 906 νοουμένῳ
268 870 363 905 γυμνῷ
379 870 424 896 καὶ
446 869 507 896 καθ’
524 867 618 895 ἑαυτὸν
636 867 674 902 τῷ
689 867 769 902 Λόγῳ
782 876 790 900 ;
803 867 906 901 Ὅνπερ

958 867 1193 900 Quemadmodum
1207 877 1272 904 ergo
1287 878 1348 898 cum
1365 875 1464 898 natura
1480 880 1529 899 sua
1540 872 1630 900 omnia
1646 874 1743 907 possit.

109 915 157 943 οὖν
174 917 273 952 τρόπον
288 917 317 943 ὲν
333 915 386 951 ἰδίᾳ
408 914 488 950 φύσει
503 914 533 940 τὸ
548 913 637 940 πάντα
657 912 785 940 δύνασθαι
807 920 906 946 κεκτη-

112 963 204 998 μένος,
221 962 269 989 κα).
285 961 366 994 αὐτὸς
382 961 511 996 ὑπάρχων
527 961 543 995 ἡ
560 959 668 986 πάντων
685 959 762 993 ἰσχὺς
775 967 906 984 κεκοπια-

110 1011 190 1038 κὲναι
211 1009 322 1042 λέγεται
347 1007 398 1043 (μὴ
420 1007 475 1042 γάρ
502 1014 547 1041 μοι
562 1005 652 1041 διέλῃς
673 1005 713 1035 είς
733 1004 799 1031 υἱῶν
824 1003 906 1030 δυάδα

110 1057 156 1083 τὸν
177 1056 225 1082 ἕνα
240 1053 381 1090 Χριστόν),
398 1052 490 1080 καὶτὰ
506 1052 555 1086 τῆς
567 1050 775 1087 ἀνθρωπότητος
789 1051 828 1081 εἰς
845 1049 907 1075 ἐαυ-

109 1102 157 1128 τὸν
175 1100 323 1128 οἰκειοῦται
350 1097 424 1133 πάθη
434 1118 442 1130 ,
455 1097 545 1124 καίτοι
560 1096 648 1132 μένων
661 1095 780 1130 ἀπαθὴς,
792 1094 907 1129 ἐπείπερ

110 1147 255 1182 ἄνθρωπος
268 1146 390 1180 γέγονεν,
406 1144 420 1170 ὁ
434 1143 533 1178 κοπιᾷν
557 1142 594 1177 μὴ
610 1141 749 1176 πεφυκώς.
775 1141 868 1171 Οὕτως
882 1139 909 1166 sl

110 1202 136 1219 τι
155 1192 204 1219 καὶ
219 1192 294 1224 λέγοι
317 1190 372 1217 τῶν
390 1190 440 1216 ὃσα
459 1189 491 1224 δὴ
512 1189 627 1224 πρέπειν
653 1186 789 1223 ἀνθρώπῳ
807 1186 906 1221 μᾶλλον

110 1238 264 1274 οἰησόμεθα
285 1237 350 1269 δεῖν,
366 1236 414 1263 καὶ
439 1236 488 1262 οὐκ
510 1235 564 1270 ἄρα
580 1234 621 1270 τῷ
637 1233 695 1268 Θεῷ
706 1253 712 1264 ,
731 1233 768 1268 μὴ
784 1231 907 1267 λεξειθη-

113 1285 208 1320 ρῶμεν
229 1282 286 1320 [αι.
308 1279 507 1317 λεξιθηρῶμεν]
523 1279 620 1311 εὐθὺς,
637 1278 703 1314 μηδὲ
723 1278 767 1304 ὅτε
791 1277 907 1312 μάλιστα

110 1331 210 1366 τέχνης
227 1330 292 1365 ἡμῖν
309 1328 359 1364 τῆς
378 1329 418 1360 είς
443 1326 584 1353 εὐσέϐειαν
601 1325 657 1357 δεῖ,
675 1324 735 1350 τότε
757 1323 789 1358 δὴ
813 1323 907 1357 διαφε-

113 1378 217 1412 ρόντως
234 1375 432 1411 ἀμαθαίνοντες
451 1371 638 1408 ἁλισκώμεθα,
648 1371 693 1397 τὸν
710 1370 759 1406 μὲν
772 1371 821 1405 τῆς
837 1368 907 1405 μετὰ

113 1422 216 1457 σαρκος
231 1420 386 1455 οἰκονομίας
399 1420 436 1452 ὡς
456 1418 625 1455 πορρωτάτω
639 1416 796 1452 ποιούμενοι
815 1415 906 1449 λόγον,

112 1472 158 1498 ἐπ’
173 1471 258 1506 αὐτὴν
285 1469 313 1495 δὲ
331 1468 439 1503 θερμῶς
463 1466 655 1497 ἀναϐαίνοντες
681 1466 731 1500 τὴν
753 1465 800 1491 τοῦ
818 1464 906 1498 Λόγου

112 1516 241 1551 θεότητα,
255 1515 302 1542 καὶ
316 1514 369 1540 τῶν
386 1514 456 1549 ὑπὲρ
480 1513 554 1548 ἡμᾶς
569 1511 739 1548 πραγμάτων
755 1512 786 1538 ὲκ
806 1511 906 1547 πολλῆς

111 1563 164 1597 τῆς
182 1561 301 1597 ἀμαθίας
318 1560 473 1596 ἁπτόμενοι.
493 1559 524 1586 El
539 1558 588 1594 μὲν
605 1558 659 1593 γὰρ
676 1558 744 1589 ὅλως
758 1558 788 1584 οὐ
805 1566 906 1593 κεχρη-

84 1602 86 1604 ’
114 1608 231 1642 μάτικεν
255 1607 409 1643 ἅνθρωπος,
430 1607 454 1632 εἰ
481 1605 518 1641 μὴ
539 1605 650 1639 γέγονεν
661 1604 690 1630 ὲν
707 1605 739 1639 τῇ
754 1603 800 1630 τοῦ
814 1603 907 1630 δούλου

115 1655 220 1689 μορφῇ,
237 1653 408 1689 θορυϐεῖσθαι
427 1652 539 1683 δίκαιον,
556 1651 620 1677 ὅταν
635 1659 661 1677 τι
679 1649 746 1685 λέγῃ
760 1649 907 1684 δουλοπρε-

113 1699 164 1732 πές
175 1708 182 1714 ·
195 1699 363 1736 ἀπαιτείσθω
374 1699 402 1725 δὲ
414 1698 513 1733 μᾶλλον
526 1696 614 1723 πάντα
628 1695 699 1722 κατὰ
712 1694 758 1721 τὸν
769 1695 908 1731 πρέποντα

112 1746 152 1780 τῷ
165 1744 226 1780 θεῷ
238 1745 326 1778 λόγον.
345 1744 376 1770 Et
390 1743 418 1769 δὲ
434 1741 586 1776 σωζόμενον
602 1742 631 1768 ὲν
642 1740 733 1766 πίστει
746 1739 852 1775 βεϐαίᾳ,
861 1740 908 1765 καὶ

114 1790 310 1821 ἀνενόοιάστως
325 1789 546 1824 τεθαρσήκαμεν,
565 1787 605 1813 ὃτι
623 1785 695 1813 κατὰ
711 1786 761 1820 τὴν
785 1785 907 1812 Ἰωάννου

115 1837 220 1873 φωνὴν,
239 1845 248 1861 ί
269 1836 297 1862 ’0
314 1835 392 1870 λόγος
407 1834 475 1870 σὰρξ
499 1832 621 1868 ἐγένετο,
634 1831 682 1858 καὶ
702 1831 857 1866 ἐσκήνωσεν
879 1831 908 1857 ὲν

114 1885 193 1919 ἡμῖν,
211 1893 220 1908 ι
236 1883 300 1909 ὅταν
318 1881 385 1917 ἴδῃς,
408 1881 446 1912 ὼς
463 1879 552 1915 σάρκα
566 1878 699 1905 λαλοῦντα
713 1897 720 1909 ,
732 1876 806 1903 τοῦτ’
823 1876 908 1908 ἔστιν,

113 1929 153 1961 ὠς
178 1929 332 1964 ἄνθρωπον,
347 1927 426 1962 δέχου
449 1926 517 1962 πρὸς
531 1923 681 1960 ἀσφάλειαν
698 1923 745 1950 τοῦ
764 1922 910 1957 κηρύγμα-

113 1984 161 2007 τος
175 1975 221 2000 τὸν
235 1974 370 2009 ἀνθρώπῳ
383 1973 522 2009 πρέποντα
538 1971 628 2005 λόγον.
644 1970 681 1997 Οὐ
693 1967 791 2005 γὰρῆν
808 1967 909 2004 ἑτέρως

115 2021 268 2055 ἐπιγνῶναι.
292 2019 396 2053 σαφῶς,
415 2019 455 2044 ὅτι
478 2017 545 2048 Θεὸς
566 2016 604 2042 ὢν
617 2015 664 2042 καὶ
680 2015 776 2049 Λόγος,
799 2015 909 2048 γέγονεν

114 2067 270 2102 ἄνθρωπος,
287 2067 310 2091 εἰ
324 2065 361 2100 μή
376 2073 402 2091 τι
420 2064 466 2090 καὶ
488 2062 584 2089 παθεῖν
601 2062 614 2087 ὁ
629 2060 748 2096 ἀπαθὴς,
768 2060 814 2087 καὶ
829 2059 910 2094 λαλῆ-

115 2110 162 2136 σαί
181 2118 207 2136 τι
219 2109 346 2135 ταπεινὸν
356 2110 370 2135 ὁ
386 2107 486 2143 ὑψηλὸς
499 2106 697 2142 ἁνεγέγραπτο.

153 2178 228 2212 Ὥρα
238 2176 278 2213 ἦν
287 2177 358 2204 ὡσεὶ
368 2177 449 2211 ἕκτη.

152 2245 325 2281 Εὑαφόρμως
348 2245 394 2272 ἐπὶ
407 2246 439 2281 τῇ
553 2243 722 2270 καταλύοντα
735 2241 850 2270 δεικνύει
861 2241 906 2268 τὸν

115 2292 234 2328 Ἰησοῦν.
256 2292 348 2319 Ἠλίου
361 2291 416 2327 γὰρ
426 2289 614 2326 ἀκμαιοτάτην
627 2289 680 2316 ἀπὸ
700 2288 791 2324 μέσων
806 2288 906 2322 ἀψίδων

114 2341 172 2372 τοῖς
189 2339 235 2365 ἐπὶ
254 2339 302 2374 τῆς
318 2338 370 2373 γῆς
389 2338 438 2372 τὴν
449 2337 545 2363 ἀκτῖνα
556 2334 746 2371 καταχέοντος,
764 2334 811 2360 καὶ
822 2334 908 2370 ἀκρά-

113 2395 173 2418 τοις
198 2385 358 2419 τὰσώματα
381 2382 598 2417 καταφλέγοντος
620 2381 719 2416 βολαῖς,
737 2380 767 2406 τὸ
794 2380 842 2415 μὲν
867 2378 907 2406 ἔτι

113 2433 212 2467 πρόσω
222 2431 338 2467 βαδίζειν
350 2431 399 2456 οὐκ
412 2429 539 2464 ἀζήμιον,
548 2428 579 2454 τὸ
593 2427 621 2453 δὲ
631 2425 799 2453 ἀναπνεῦσαι
809 2425 906 2461 βραχὺ,

116 2479 220 2514 μᾶλλον
243 2476 277 2513 ἦν
292 2476 519 2509 ἀκολουθότερον,
539 2474 584 2500 ὅτε
608 2473 640 2507 δὴ
665 2473 780 2508 μάλιστα
795 2469 843 2498 καί
860 2471 907 2505 τὴν

114 2525 161 2551 ἐπὶ
178 2524 296 2559 τρυφαῖς
307 2522 396 2549 αἰτίαν
416 2520 514 2558 ῥᾳδίως
535 2519 567 2546 ἂν
583 2517 783 2553 ἀπεκρούσατο,
810 2515 907 2552 καιροῦ

113 2571 162 2598 τοῦ
180 2570 333 2606 πρέποντος
348 2566 561 2601 συνηγοροῦντος
572 2564 610 2600 τῷ
628 2563 782 2599 πράγματι.
805 2562 907 2596 ’Έκτην

113 2616 136 2643 δ’
156 2615 207 2642 οὐκ
224 2613 358 2650 ἀκριὸὦς,
376 2611 433 2638 ἀλλ’
449 2611 486 2641 ὡς
500 2610 584 2645 ἕκτην
604 2607 673 2635 εἶναι
690 2607 739 2642 τὴν
758 2607 832 2643 ὤραν
856 2615 908 2642 φη-

115 2663 169 2694 σὶν,
183 2662 228 2688 ἵνα
245 2660 294 2687 καὶ
306 2660 386 2694 ἡμεῖς
409 2657 587 2693 μανθάνωμεν
607 2655 674 2690 μηδὲ
687 2654 715 2680 ὲν
736 2654 793 2684 τοῖς
818 2651 908 2686 ἐλαχί-

115 2716 190 2738 στοις
206 2705 376 2740 ἀόιαφορείν,
402 2701 548 2737 πειρᾶσθαι
572 2701 599 2726 δὲ
624 2699 723 2735 μᾶλλον
741 2698 788 2725 καὶ
808 2698 856 2733 τὴν
879 2697 908 2723 ὲν

113 2755 169 2784 τοῖς
185 2751 314 2787 τυχοῦσιν
330 2748 498 2783 ἐπιτηδεύειν
512 2746 651 2781 ἀλήθειαν.

957 917 984 939 ct
998 913 1056 947 ipse
1074 914 1196 941 omnium
1216 915 1252 942 sit
1267 916 1366 949 virtus,
1384 917 1549 952 defatigatus
1564 926 1627 946 esse
1642 919 1742 945 dicitur

957 959 1120 994 (caveenim
1135 960 1161 987 in
1174 961 1242 989 duos
1254 961 1324 989 filios
1338 971 1420 990 unum
1434 963 1574 991 Christum
1586 964 1725 1000 dividere)
1735 985 1742 997 .

957 1008 983 1031 et
998 1005 1141 1039 passiones
1162 1005 1342 1035 humanitatis
1365 1007 1392 1035 in
1417 1016 1448 1036 se
1473 1008 1601 1043 suscipit,
1618 1010 1744 1044 quamvis

957 1056 1097 1077 remaneat
1129 1051 1305 1086 impatibilis,
1333 1054 1554 1088 quandoquidem
1585 1055 1674 1083 factus
1702 1060 1746 1083 est

957 1095 1040 1124 homo
1054 1097 1101 1132 qui
1120 1097 1245 1126 laborare
1269 1101 1357 1126 nescit
1373 1109 1379 1127 :
1395 1100 1432 1127 ita
1448 1100 1512 1128 licet
1531 1101 1634 1136 aliquid
1659 1101 1743 1134 dicat,

958 1142 1029 1176 quod
1047 1142 1151 1170 homini
1163 1145 1308 1172 convenire
1317 1146 1408 1180 potius
1418 1153 1499 1181 quam
1514 1146 1568 1174 Deo
1577 1147 1745 1182 putabimus,

957 1197 993 1217 ne
1007 1190 1138 1218 continuo
1152 1199 1184 1218 ex
1195 1191 1309 1219 vocibus
1326 1193 1396 1220 male
1407 1193 1555 1222 intellectis
1572 1195 1744 1222 occasionem

958 1239 1101 1270 captemus
1131 1236 1203 1263 male
1232 1237 1385 1269 sentiendi,
1411 1246 1501 1274 neque
1535 1247 1597 1266 cum
1628 1240 1746 1267 maxime

957 1279 1104 1315 disciplina
1121 1281 1232 1315 pietatis
1247 1282 1411 1318 indigemus,
1427 1288 1493 1310 tunc
1509 1283 1746 1318 deprehendamur

958 1326 1105 1362 insigniter
1117 1327 1248 1363 imperiti,
1260 1329 1308 1363 qui
1324 1329 1523 1357 incarnationis
1535 1330 1640 1358 ratione
1651 1330 1747 1365 procul

958 1373 1115 1405 amandata,
1126 1373 1158 1400 ad
1171 1374 1258 1408 ipsam
1271 1375 1402 1402 continuo
1413 1372 1495 1403 Verbi
1511 1375 1637 1403 deitatem
1654 1383 1747 1404 ascen-

958 1417 1066 1450 damus,
1088 1421 1115 1445 et
1132 1425 1180 1454 per
1205 1426 1340 1446 summam
1366 1419 1502 1447 inscitiam
1526 1427 1571 1447 res
1594 1427 1677 1454 supra
1696 1427 1747 1448 nos

958 1465 1062 1500 positas
1074 1465 1249 1500 attingamus.
1263 1464 1292 1492 Si
1301 1466 1375 1493 enim
1388 1466 1471 1492 homo
1483 1470 1658 1501 nuncupatus
1668 1466 1748 1501 plane

958 1518 1014 1538 non
1028 1515 1087 1544 est,
1101 1511 1124 1539 si
1141 1519 1195 1538 non
1217 1511 1308 1538 factus
1322 1516 1363 1539 est
1378 1512 1405 1538 in
1420 1512 1508 1539 forma
1529 1512 1601 1540 servi
1614 1533 1622 1545 ,
1638 1516 1681 1540 est
1697 1520 1748 1540 cur

957 1557 1019 1592 jure
1033 1558 1184 1590 turbcmur,
1198 1565 1259 1584 cum
1276 1557 1344 1585 dicit
1360 1558 1463 1593 aliquid
1477 1565 1556 1586 servo
1569 1558 1747 1590 conveniens,

959 1603 1106 1639 omniaque
1119 1604 1285 1639 requirenda
1301 1608 1365 1631 sunt
1377 1603 1431 1632 Deo
1446 1607 1577 1640 congrua.
1595 1603 1643 1632 Sin
1655 1609 1748 1632 autem

959 1649 1036 1676 firma
1051 1653 1078 1677 et
1094 1649 1248 1677 indubitata
1260 1650 1312 1677 fide
1324 1650 1463 1677 credimus
1473 1650 1560 1685 quod,
1573 1650 1651 1686 juxta
1665 1649 1748 1678 Joan-

958 1697 1003 1724 nis
1024 1703 1130 1728 vocem,
1147 1696 1282 1724 «Verbum
1297 1703 1362 1723 caro
1380 1696 1480 1723 factum
1497 1701 1550 1727 est.
1570 1700 1598 1724 et
1617 1697 1748 1723 habitarit

959 1742 987 1769 in
1008 1742 1089 1770 nobis
1100 1742 1136 1776 ³ο,
1156 1752 1165 1769 ι
1180 1750 1243 1770 cum
1261 1741 1366 1770 videris
1382 1742 1472 1777 ipsum
1487 1743 1561 1777 loqui
1579 1747 1609 1769 ut
1624 1750 1748 1774 carnem,

959 1789 986 1818 id
999 1793 1054 1821 est,
1072 1793 1103 1816 ut
1119 1788 1271 1820 hominem,
1286 1795 1441 1816 sermonem
1464 1788 1567 1815 homini
1583 1788 1749 1816 convenien-

959 1839 1014 1863 tem
1027 1835 1061 1863 ad
1073 1834 1248 1862 asset‘endam
1261 1833 1483 1869 prmdicationem
1499 1833 1599 1861 factum
1616 1834 1745 1869 intelligo.

959 1881 1019 1908 Non
1033 1881 1104 1908 enim
1122 1881 1202 1907 aliter
1216 1881 1289 1907 clare
1305 1884 1394 1915 potest
1406 1879 1520 1914 intelligi
1536 1879 1654 1907 Verbum
1664 1899 1670 1911 ,
1685 1887 1747 1906 cum

960 1926 1033 1953 Deus
1059 1926 1095 1954 sit
1119 1925 1233 1956 factum.
1250 1932 1313 1952 esse
1342 1925 1492 1957 hominem,
1513 1924 1564 1952 nisi
1587 1929 1615 1951 et
1636 1931 1747 1959 passum

961 1971 1063 2006 aliquid
1084 1978 1146 1999 eum
1165 1970 1212 2004 qui
1230 1974 1272 1997 est
1289 1969 1462 2004 impatibilis,
1479 1973 1507 1997 et
1527 1969 1631 2004 aliquid
1647 1969 1749 1996 humile

961 2018 1064 2045 dixisse
1081 2017 1128 2052 qui
1144 2016 1270 2044 sublimis
1288 2019 1340 2048 est,
1358 2015 1490 2050 scripturn
1507 2019 1590 2043 esset.

999 2176 1079 2211 179
1095 2175 1167 2202 Hora
1181 2178 1239 2201 erat
1251 2173 1328 2208 quasi
1342 2176 1428 2199 sexta.

995 2243 1154 2279 Opportune
1178 2241 1272 2269 Jesnm
1297 2240 1331 2267 ad
1359 2238 1458 2266 fontem
1476 2235 1599 2264 residere
1618 2234 1749 2263 ostendit.

961 2289 1024 2318 Sole
1039 2289 1111 2317 enim
1130 2287 1242 2315 meridie
1258 2284 1458 2313 intcnsissimos
1474 2283 1566 2310 radios
1589 2281 1750 2309 mortalibus

960 2336 1135 2366 immittente,
1157 2337 1184 2361 et
1205 2331 1352 2360 immodico
1371 2334 1439 2357 aestu
1465 2328 1596 2355 adurente
1622 2333 1750 2361 corpora,

960 2381 1020 2409 sine
1035 2381 1136 2407 damno
1156 2378 1282 2414 progredi
1303 2385 1357 2404 non
1374 2379 1481 2411 poterat
1497 2373 1621 2405 ulterius,
1639 2372 1685 2400 sed
1705 2379 1750 2398 sa-

961 2427 1015 2454 tius
1030 2430 1089 2454 erat
1109 2425 1245 2459 respirare
1261 2423 1405 2457 tantisper,
1419 2429 1479 2449 cum
1495 2419 1645 2455 praesertim
1670 2417 1746 2444 voln-

960 2472 1045 2508 ptatis
1066 2478 1177 2498 causam
1197 2477 1212 2495 a
1228 2476 1258 2496 se
1274 2468 1353 2495 facile
1370 2465 1526 2497 removerit,
1542 2470 1665 2498 congruo
1681 2466 1748 2488 tem-

961 2507 1026 2553 pore
1047 2517 1086 2544 rei
1105 2515 1281 2549 sulfraganle.
1300 2512 1411 2539 Sextam
1427 2518 1492 2538 vero
1508 2518 1561 2536 non
1578 2507 1750 2543 simpliciter,

961 2563 1011 2591 sed
1032 2561 1112 2597 quasi
1134 2563 1238 2588 sextam
1256 2558 1362 2589 horam,
1377 2564 1437 2584 esse
1454 2556 1531 2587 dicit,
1546 2559 1575 2581 ut
1595 2558 1621 2581 et
1638 2561 1688 2580 nos
1708 2553 1749 2578 di-

961 2614 1071 2636 scamus
1089 2613 1123 2633 ne
1150 2612 1194 2632 res
1212 2603 1339 2631 minimas
1359 2601 1468 2636 quidem
1493 2600 1569 2626 nullo
1590 2597 1752 2626 discrimine

962 2653 1072 2684 habere,
1084 2652 1130 2680 sed
1144 2651 1170 2678 in
1186 2649 1329 2686 quibusvis
1344 2648 1425 2675 rebus
1439 2646 1580 2674 veritatem
1594 2645 1694 2672 colere.

151 2844 175 2861 "
191 2842 266 2870 Psal.
289 2847 395 2872 xxxv“,
409 2838 454 2865 “ll.
493 2837 516 2853 ⁷⁹
529 2836 624 2864 Matth.
641 2843 678 2868 ιιι,
692 2835 740 2862 9.4.
778 2834 801 2850 ⁸ο
817 2831 896 2860 Joan.
915 2838 934 2864 ι,
953 2829 997 2857 14.
