2028 3118
145 165 197 193 297

641 163 673 190 IN
691 163 836 192 JOANNIS
851 163 1081 208 EVANGELIUM
1101 164 1164 192 LIB.
1185 165 1218 194 Il.

1712 170 1766 199 298

143 223 190 249 καὶ
208 218 250 252 τίς
268 219 341 246 ἐστιν
354 219 369 245 ὁ
382 218 467 253 λέγων
486 227 537 251 σοι,
549 218 582 245 σὺ
596 218 629 245 ἂν
645 219 750 255 ᾔτησας
763 219 844 262 αὐτόν
859 227 865 234 '
880 220 932 247 τίνι

988 224 1013 247 tu
1029 220 1146 256 petisses
1160 221 1195 248 ab
1203 229 1245 248 eo.
1259 221 1307 249 Cui
1318 222 1390 250 enim
1406 224 1534 252 convenit
1548 232 1579 252 ea
1594 225 1686 262 largiri
1705 235 1767 262 quae

142 267 164 294 δ’
183 267 215 293 ἂν
239 266 287 292 καὶ
313 264 412 300 πρέποι
433 264 462 290 τδ
486 263 645 301 χαρίζεσθαι
670 264 704 290 τὰ
719 258 869 298 τοῧ’Θεοῦ;
884 265 930 300 Μὴ

142 313 203 348 οὐχὶ
214 311 286 339 κατὰ
305 311 385 346 φύσιν
401 310 526 345 ὅντιΘεῷ
540 319 547 343 ;
566 310 658 346 Ὗδωρ
680 311 709 337 δὲ
722 310 776 343 ζῶν
798 310 932 338 ἀποκαλεῖ

142 357 192 392 τὴν
207 355 338 388 ζωοποιὸν
352 354 399 381 τοῦ
411 354 567 389 Πνεύματος
580 354 665 388 δόσιν,
678 354 714 382 δι’
736 353 770 391 ἧς
784 356 830 382 καὶ
848 356 931 392 μόνης

144 403 159 438 ἡ
175 400 364 437 ἀνθρωπότης,
383 400 472 426 καίτοι
482 400 539 431 τοῖς
548 400 577 426 ὲν
590 396 666 435 ὄρεσι
683 400 815 436 πρέμνοις
828 401 933 428 ἀναινο-

145 447 212 484 μένη
230 446 440 482 παραπλησίως,
454 445 524 481 ξηρά
536 454 565 472 τε
578 446 640 481 ἤδη,
657 446 704 473 καὶ
725 447 815 482 πάσης
836 447 932 481 ἄγονος

143 494 242 530 ἀρετῆς
278 494 339 524 ταῖς
370 491 416 518 τοῦ
440 491 562 518 διαϐόλου
580 492 757 527 κακουργίαις
785 492 934 527 ἀναδεδειγ-

144 540 226 575 μένη,
240 538 310 574 πρὸς
326 538 356 564 τὸ
370 538 483 574 ἀρχαῖον
500 536 642 572 ἀνατρέχει
668 537 716 572 τῆς
737 537 845 572 φύσεως
869 537 933 565 κάλ-

143 584 198 616 λος,
214 584 262 610 καὶ
286 582 334 618 τὴν
359 581 491 614 ζωοποιὺν
515 581 664 608 ἐκτείνουσα
691 581 781 618 χάριν,
800 582 932 618 πολυτρό-

143 638 205 661 ποις
233 628 342 663 ἀγαθῶν
373 627 456 659 ίδέαις
482 627 702 662 περιανθίζεται,
736 628 783 654 καὶ
814 629 854 660 εἰς
877 626 933 660 ἕξιν

144 675 342 703 ἀνοιῆλαστῶσα
354 675 402 710 τὴν
418 674 573 710 φιλάρετον,
585 674 818 710 εὐτραφεστάτους
830 675 880 710 τῆς
894 675 933 708 είς

144 721 211 748 Θεὸν
231 720 341 755 ἀγάπης
349 720 440 755 ἀνίησι
456 719 570 751 κλῶνας.
589 719 716 746 Τοιοῦτον
732 720 760 746 δέ
777 729 813 754 τι,
829 722 877 747 καὶ
889 720 934 747 διὰ

145 766 191 792 τοῦ
222 766 362 802 προφήτου
391 766 473 800 φησὶν
497 765 606 792 Ἡσαΐου
632 765 700 801 πρὸς
725 766 800 801 ἡμᾶς
820 767 834 792 ὁ
856 766 931 798 Θεός·

148 821 158 838 ‹
175 811 324 846 Εὑλογήσει
342 819 376 846 με
390 810 423 837 τὰ
437 810 519 846 θηρία
538 810 584 837 τοῦ
603 810 701 846 ἀγροῦ,
728 811 864 847 σειρῆνες,
885 811 934 838 καὶ

146 857 297 892 θυγατέρες
315 856 463 892 στρουθῶν,
477 856 518 882 ὅτι
538 855 626 883 ἔδωκα
645 857 675 883 ἐν
693 858 726 892 τῇ
742 857 838 892 ἐρήμῳ
851 856 932 892 ὕδωρ,

983 265 1032 293 Dei
1048 267 1132 293 sunt?
1146 266 1187 294 An
1204 275 1260 294 non
1274 268 1299 294 ei
1316 268 1363 302 qui
1383 270 1532 297 secundum
1548 275 1673 298 naturam
1694 271 1767 299 Deus

983 312 1044 339 est?
1059 311 1163 347 Aquam
1186 316 1276 340 autem
1291 313 1380 341 vivam
1396 315 1514 350 appellat
1538 317 1676 344 viviﬁcum
1699 317 1766 345 illud

985 357 1105 392 Spiritus
1117 358 1229 391 donum,
1243 367 1291 394 per
1306 359 1379 394 quod
1394 361 1482 389 solum
1498 362 1654 391 humanitas
1670 372 1768 399 quam-

983 403 1026 431 vis
1045 403 1159 439 perinde
1184 412 1216 432 ac
1241 406 1363 433 montani
1381 406 1489 441 stipites
1508 415 1623 442 prorsus
1647 410 1767 438 arefacta

983 453 1010 476 et
1021 449 1110 476 omnis
1126 448 1232 478 fructus
1256 458 1354 485 expers
1375 449 1478 479 diaboli
1494 452 1591 482 fraude
1612 455 1719 482 reddita
1734 457 1769 483 ad

983 498 1104 523 veterem
1120 500 1226 524 naturae
1241 497 1474 532 pulchritudinem
1492 504 1647 533 revocatur,
1660 506 1686 528 et
1701 502 1769 528 vivi-

985 539 1063 567 ﬁcam
1088 541 1205 581 gratiam
1226 542 1339 571 ebibens
1361 543 1446 571 variis
1468 544 1600 571 bonorum
1622 547 1773 581 generibus

984 586 1140 621 redimitur,
1152 577 1179 615 δι
1195 587 1230 615 ad
1242 589 1352 617 virtutis
1367 590 1488 618 studium
1502 577 1672 625 repullulans
1690 593 1770 620 uber-

984 632 1071 660 rimos
1086 633 1241 661 dilectionis
1258 633 1304 661 Dei
1329 642 1421 662 ramos
1437 635 1502 663 edit.
1519 635 1584 664 Tale
1609 645 1674 664 vero
1690 638 1771 672 quid-

984 676 1046 704 dam
1073 678 1153 705 nobis
1177 686 1287 714 quoque
1312 678 1387 707 Deus
1410 688 1458 714 per
1485 680 1583 708 lsaiam
1610 682 1769 716 prophetam

985 721 1023 748 ait
1043 731 1048 748 :
1071 731 1080 748 ι
1101 722 1300 750 Gloriticabunt
1328 732 1371 752 me
1389 725 1486 752 bestia:
1509 725 1577 761 agri,
1604 727 1721 759 sirenes,
1745 733 1772 754 ct

985 766 1046 794 ﬁliae
1062 768 1261 801 struthionum,
1279 769 1343 804 quia
1374 770 1435 797 dedi
1460 771 1488 798 in
1512 771 1621 799 deserto
1645 780 1731 808 aquas
1745 777 1773 800 et

985 812 1097 840 [lumina
1113 814 1140 841 in
1155 814 1301 850 inaquoso,
1311 821 1341 842 ut
1354 815 1450 844 bibere
1465 816 1564 844 faciam
1579 825 1665 853 genus
1681 827 1770 846 meum

984 860 1119 895 electum;
1141 861 1272 896 populum
1290 869 1381 890 meum
1402 870 1483 898 quem
1507 864 1652 898 acquisivi,
1666 868 1695 891 ut
1713 864 1772 892 vir-

146 903 193 930 xal.
209 902 347 937 ποταμοὺς
363 903 392 928 έν
406 903 439 938 τῇ
462 901 579 938 ἀνύδρῳ,
596 902 705 929 ποτίσαι
730 902 760 929 τὺ
781 902 858 936 γένος
883 911 933 938 μου

988 909 1058 933 tutes
1076 913 1150 934 meas
1175 911 1270 934 narret
1285 907 1319 934 ⁸¹.
1340 917 1349 934 ι
1367 907 1438 936 Justi
1459 916 1542 944 porro
1569 910 1688 938 animam
1714 910 1773 938 fore

145 948 176 976 τὸ
184 948 319 979 ἐκλεκτὸν,
332 948 395 975 λαόν
409 956 459 983 μου
476 947 505 974 ὃν
517 948 755 984 περιεποιησάμην
767 949 818 980 τὰς
833 949 934 984 ἀρετάς

147 1003 197 1030 μου
212 994 374 1030 διηγεῖσθαι.
394 1003 402 1018 ι
422 994 591 1029 Ἔσεσθαιδὲ
617 994 664 1021 καὶ
683 995 733 1030 τὴν
758 994 805 1021 τοῦ
826 994 932 1022 δικαίου

145 1040 245 1076 ψυχὴν,
261 1040 299 1071 ὠς
317 1039 394 1073 ξύλον
408 1039 557 1075 ἔγκαρπον,
572 1039 665 1076 ἕτερός
678 1049 745 1075 φησι
767 1040 822 1067 τῶν
837 1041 933 1074 ἁγίων,

145 1087 193 1113 καὶ
215 1086 354 1112 ἁνατελεῖν
380 1086 438 1121 μὲν,
463 1086 529 1112 ὡσεὶ
547 1086 643 1121 χόρτον
667 1085 805 1121 ἀναμέσον
828 1086 932 1119 ὓδατος,

145 1123 313 1166 ὀφθήσεσθαι
333 1131 362 1158 δὲ
375 1132 412 1162 ὠς
431 1131 504 1158 ἰτέαν
521 1132 567 1158 ἐπὶ
582 1131 739 1168 παραρρέον
750 1131 834 1168 ὕδωρ.
850 1133 935 1159 Δυνα-

145 1177 192 1205 τὸν
208 1178 258 1213 μὲν
271 1175 317 1204 οὖν
337 1178 394 1210 τοῖς
411 1177 567 1213 είρημένοις
595 1178 642 1204 καὶ
662 1177 758 1214 ἑτέρας
780 1178 854 1214 ἡμᾶς
873 1179 935 1205 ὲπι-

147 1223 278 1259 σωρεύειν
292 1223 341 1255 τὰς
351 1223 405 1250 άπὸ
416 1223 466 1258 τῆς
489 1223 564 1256 θείας
585 1224 696 1260 Γραφῆς
716 1223 882 1259 μαρτυρίας,
901 1222 935 1251 δι’

146 1265 185 1296 ὧν
205 1267 240 1305 ἦν
265 1269 312 1296 καὶ
333 1269 406 1304 μάλα
415 1270 512 1306 ῥᾳδίως
535 1269 725 1302 ἐπιδεικνύειν,
742 1269 779 1301 ὡς
795 1269 825 1296 ὲν
840 1268 936 1302 ὕδατος

147 1315 318 1351 προσηγορίᾳ
331 1315 362 1342 τὸ
374 1315 445 1342 θεῖον
467 1314 603 1346 πολλάκις
615 1315 832 1350 ,κατωνόμασται
853 1315 936 1342 πνεῦ-

985 955 1115 986 tanquam
1146 951 1250 987 lignum
1282 951 1455 980 fruetil‘crum
1483 955 1553 981 alter
1585 955 1666 984 nobis
1691 955 1769 990 18],

985 1000 1098 1025 sanctus
1117 997 1201 1030 canit,
1222 1001 1249 1025 et
1266 998 1397 1026 orituram
1422 999 1494 1027 sicut
1520 1000 1612 1027 fenum
1637 1000 1665 1028 in
1682 1001 1773 1029 medio

985 1049 1080 1077 aquae,
1104 1047 1133 1070 et
1168 1043 1242 1071 sicut
1279 1045 1390 1072 salicem
1421 1053 1505 1080 super
1543 1045 1772 1081 praeterﬂuentem

986 1095 1084 1123 aquam
1093 1088 1127 1117 ⁸³.
1135 1089 1247 1117 Possem
1257 1090 1300 1118 his
1313 1091 1363 1118 alia
1375 1092 1517 1126 complura
1530 1091 1686 1120 testimonia
1695 1091 1774 1120 Scri-

987 1138 1075 1169 ptura:
1085 1135 1244 1171 adiungere,
1257 1137 1358 1171 quibus
1369 1137 1529 1165 facillimum
1545 1142 1618 1167 esset
1627 1139 1774 1167 ostendere

983 1185 1062 1214 aqua:
1078 1180 1211 1208 vocabulo
1226 1181 1386 1216 plerumque
1410 1180 1533 1208 divinum
1558 1182 1685 1217 spiritum
1702 1189 1774 1209 nun-

983 1223 1087 1260 cupari.
1110 1225 1162 1253 Sed
1188 1231 1296 1262 tempus
1321 1235 1375 1261 non
1400 1231 1441 1255 est
1468 1227 1495 1254 in
1517 1228 1560 1255 his
1581 1228 1745 1255 immorandi
1764 1235 1771 1254 :

984 1271 1100 1306 proinde
1122 1279 1232 1300 rursum
1257 1273 1285 1300 in
1308 1277 1416 1301 vastum
1431 1273 1498 1300 i'llud
1522 1278 1549 1300 et
1562 1274 1683 1308 amplum
1704 1273 1774 1300 divi-

984 1324 1082 1344 narum
1098 1319 1360 1353 contemplationum
1377 1319 1488 1354 pelagus
1501 1319 1685 1346 enalabimus.

148 1362 262 1398 μα.Τοῦ
276 1361 430 1394 sereni-tot;
451 1363 526 1398 ἡμᾶς
547 1361 743 1398 ἐμφιλοχωρεῖν
765 1362 795 1389 οὐ
814 1363 929 1398 καιρός·
950 1362 989 1389 διὸ
1012 1363 1043 1400 δὴ
1068 1364 1148 1392 πάλιν
1176 1365 1279 1402 ἑτέροις
1292 1365 1474 1401 ὲπινηξόμεθα
1493 1365 1561 1401 πρὸς
1579 1365 1609 1391 τὸ
1631 1365 1704 1402 μέγα
1727 1366 1775 1394 καὶ

146 1412 235 1439 πλατὺ
248 1410 303 1437 τῶν
320 1410 399 1437 Θείων
416 1410 599 1446 θεωρημάτων
620 1410 790 1446 ἐπειγόμενοι
805 1411 932 1445 πέλαγος.

183 1457 281 1491 Κύριε,
298 1456 366 1483 οὔτε
383 1456 520 1490 ἄντλημα
538 1455 628 1490 ἕκσις,
649 1455 743 1482 καὶτὸ
755 1455 848 1491 φρέαρ
859 1455 933 1496 ,ἐστὶ

147 1503 227 1536 βαθύ
243 1511 251 1518 ο
266 1503 358 1530 πόθεν
367 1500 425 1529 οὖν
440 1502 520 1536 ἔχεις
530 1500 563 1528 τὸ
575 1501 653 1536 ὕδωρ
668 1501 700 1528 τὸ
710 1501 783 1532 ζῶν;

1023 1454 1068 1488 ιν,
1083 1455 1136 1495 ‘H.
1157 1454 1279 1486 Domine,
1299 1462 1380 1489 neque
1395 1455 1422 1481 in
1439 1463 1490 1490 quo
1508 1455 1618 1482 haurias
1642 1455 1732 1487 habes,
1750 1460 1776 1483 ct

987 1506 1079 1534 puteus
1092 1500 1162 1528 altus
1175 1505 1214 1527 est
1230 1508 1239 1527 :
1254 1500 1322 1527 unde
1334 1508 1395 1534 ergo
1407 1500 1487 1527 habet
1503 1509 1599 1535 aquam
1618 1501 1702 1528 vivam
1711 1501 1724 1528 ξ’

185 1548 268 1575 Οὐδὲν
283 1548 336 1574 τῶν
353 1549 381 1575 ὲν
395 1547 523 1583 συνηθείᾳ
542 1547 620 1574 πλέον
641 1548 657 1582 ὴ
673 1547 740 1583 γυνὴ
759 1547 933 1582 φαντάζεται,

1022 1547 1095 1574 Nihil
1119 1547 1172 1574 nisi
1197 1547 1310 1581 vulgare
1330 1546 1428 1574 mulier
1448 1546 1499 1574 sibi
1521 1547 1661 1582 proponit,
1687 1555 1776 1582 neque

149 1595 197 1622 καὶ
215 1594 322 1629 συνίησι
341 1593 389 1629 μὲν
403 1593 527 1628 οὐδαμῶς
544 1592 598 1619 τῶν
608 1592 761 1628 εἰρημένων
783 1591 831 1627 τὴν
855 1591 936 1619 δύνα-

151 1648 209 1675 μιν,
226 1640 311 1666 οἴεται
330 1639 358 1666 δὲ
372 1639 412 1665 ὅτι
425 1638 496 1665 κατά
517 1646 592 1670 τινας
611 1637 665 1665 τῶν
686 1637 717 1670 ἐξ
744 1638 863 1673 ἐπῳδῆς,
890 1636 938 1664 καὶ

149 1685 343 1721 δαιμονιώδους
357 1684 466 1719 ἀπάτης
479 1683 697 1719 θαυματουργεῖν
712 1683 856 1716 εἰωθότων,
866 1691 938 1718 σχοι-

149 1731 208 1758 νίου
223 1739 253 1757 τε
264 1730 334 1766 δίχα,
361 1730 407 1756 καί
419 1738 488 1761 τινος
508 1729 603 1765 ἑτέρας
625 1729 758 1766 μηχανῆς,
788 1729 938 1765 αὐτόματον

150 1777 221 1813 αὐτῇ
235 1777 264 1803 τὺ
276 1777 348 1812 ὕδωρ
364 1777 396 1802 ὲκ
412 1775 466 1802 τῶν
484 1775 634 1812 φρεατείων
656 1776 757 1803 ἀνοίσει
774 1775 919 1810 πυθμένων
930 1783 936 1788 ·

152 1822 226 1858 ὕδωρ
236 1822 265 1849 δὲ
281 1822 346 1854 ζῶν,
358 1821 395 1854 ὡς
409 1822 476 1857 πρὸς
491 1821 536 1848 τὸν
549 1822 649 1848 οἰκεῖον
670 1821 797 1857 ὀνομάζει
827 1820 937 1854 σκοπὸν,

150 1869 183 1896 τὸ
193 1869 292 1895 νεωστὶ
308 1867 361 1894 τῶν
393 1858 519 1903 πηγαίων
532 1867 708 1903 ἀνομϐρῆσαν
729 1867 848 1902 μαστῶν.

187 1914 237 1947 Μὴ
255 1913 295 1940 σὺ
304 1912 410 1948 μείζων
425 1911 453 1939 εἷ
462 1912 514 1939 τοῦ
538 1912 652 1946 πατρὸς
671 1911 755 1947 ἡμῶν
773 1911 886 1944 Ἰακὼϐ,
906 1912 939 1945 ὃς

151 1959 266 1987 ἔδωκεν
281 1959 351 1994 ἡμῖν
364 1958 397 1985 τὸ
412 1958 504 1993 φρέαρ
514 1958 613 1991 τοῦτο,
628 1958 676 1986 καὶ
690 1958 782 1991 αὐτὸς
799 1959 833 1991 ἐξ
847 1959 940 1986 αὑτοῦ

151 2005 229 2038 ἔπιε,
246 2005 295 2031 καὶ
311 2006 337 2031 οἱ
348 2004 407 2031 υἱοὶ
427 1997 530 2036 αὐτοῦ,
544 2003 594 2030 καὶ
609 2003 645 2030 τὰ
657 2003 806 2038 θρέμματα
824 2004 917 2031 αὐτοῦ
930 2011 939 2035 ;

152 2051 310 2085 Ἀπεκρίθη
330 2049 455 2082 Ἰησοῦς,
467 2048 516 2076 καὶ
529 2047 612 2075 εἶπεν
624 2048 711 2083 αὐτῇ.

193 2096 309 2131 Ἐαυτῆς
320 2095 543 2130 ἐπιλαμϐάνεται,
559 2094 606 2121 καὶ
631 2090 733 2129 σξρόδρα
745 2094 794 2128 τὴν
810 2094 941 2130 ταχίστην

153 2144 170 2178 ὴ
189 2142 269 2177 γυνὴ,
290 2141 388 2176 συνορᾷ
404 2141 433 2167 δὲ
447 2141 497 2176 οὐχ
510 2140 601 2172 ὁσίως,
620 2140 680 2166 οὐδὲ
701 2140 809 2172 πάντως
832 2140 942 2176 ἀληθεῖς

152 2187 275 2214 λαϐοῦσα
296 2187 346 2218 τὰς
375 2186 501 2218 ὑπονοίας
524 2186 588 2220 περὶ
607 2184 689 2212 αὐτοῦ
702 2192 709 2201 '
735 2186 764 2212 οὺ
787 2186 841 2221 γὰρ
856 2184 941 2221 ἦνμὴ

987 1594 1124 1621 dictorum
1139 1593 1191 1620 vim
1206 1594 1291 1628 capit,
1308 1593 1356 1621 sed
1373 1593 1513 1621 existimat
1529 1597 1641 1628 repente
1657 1593 1747 1629 ipsum
1760 1602 1777 1621 e

988 1640 1062 1675 putei
1075 1639 1160 1666 fundo
1170 1647 1268 1674 aquam
1284 1639 1480 1672 deducturum,
1490 1646 1545 1666 non
1562 1647 1641 1668 secus
1653 1639 1713 1667 acii
1729 1640 1777 1674 qui

989 1686 1104 1721 magicis
1117 1685 1288 1713 carminibus
1302 1692 1334 1712 ac
1355 1685 1510 1712 daemonum
1527 1684 1623 1713 fraude
1639 1686 1777 1713 mirabilia

989 1737 1099 1767 patrare
1120 1731 1221 1759 solent.
1239 1731 1344 1765 Aquam
1364 1731 1465 1764 vivam,
1481 1739 1514 1758 ex
1536 1739 1586 1759 sua
1611 1735 1704 1759 mente
1725 1739 1777 1759 no-

989 1777 1087 1810 minat,
1111 1784 1209 1812 nempe
1224 1785 1286 1812 quae
1310 1784 1343 1804 ex
1360 1776 1442 1804 fontis
1463 1777 1597 1804 uberibus
1616 1783 1713 1805 recens
1735 1776 1778 1805 ef—

989 1821 1076 1849 ﬂuxit.

1026 1910 1071 1942 ιν,
1083 1910 1127 1937 12.
1151 1910 1288 1946 Numquid
1304 1914 1331 1937 tu
1348 1909 1434 1944 major
1448 1919 1474 1937 es
1486 1915 1561 1944 patre
1576 1915 1666 1938 nostro
1681 1910 1776 1944 Jacob,

990 1957 1036 1992 qui
1046 1957 1118 1984 dedit
1135 1957 1210 1988 nobis
1225 1961 1332 1992 puteum
1358 1957 1437 1989 hunc,
1449 1962 1473 1983 et
1487 1957 1542 1991 ipse
1558 1964 1590 1983 ea:
1605 1965 1634 1984 eo
1653 1957 1729 1990 bibit,
1751 1961 1777 1984 et

991 2001 1043 2035 ﬁlii
1067 2001 1141 2035 ejus,
1164 2005 1189 2028 et
1219 2009 1314 2036 pecora
1347 2001 1424 2036 ejus?
1454 2000 1596 2036 Respondit
1628 2001 1724 2035 Iesus,
1752 2006 1777 2029 et

991 2047 1059 2074 dixit
1075 2048 1109 2074 ei.

1026 2093 1125 2121 Mulier
1142 2093 1198 2121 cito
1219 2093 1340 2129 seipsam
1354 2094 1483 2129 castigat,
1499 2094 1636 2129 simulque
1654 2095 1778 2123 animad-

992 2141 1074 2168 vertit
1093 2147 1122 2168 se
1136 2148 1191 2168 non
1206 2140 1250 2175 pie
1269 2143 1297 2167 et
1309 2147 1373 2168 vere
1390 2139 1424 2167 de
1446 2140 1492 2167 illo
1508 2140 1619 2168 sentire.
1633 2139 1687 2168 Nec
1704 2140 1778 2168 enim

993 2183 1018 2210 ei
1033 2184 1114 2218 plane
1129 2183 1226 2212 deesse
1239 2188 1347 2219 poterat
1363 2184 1495 2211 auxilium
1513 2183 1546 2211 ad
1560 2184 1777 2220 intelligendum,

154 2233 265 2264 πάντως
279 2231 442 2267 ὡφελεῖσθαι
455 2231 522 2266 πρὸς
539 2230 630 2265 νῆψιν,
645 2230 695 2266 τὴν
714 2230 781 2262 ὅλως
791 2230 845 2256 τῶν
861 2230 936 2257 θείων

994 2229 1094 2264 quippe
1117 2237 1176 2264 qua:
1198 2229 1300 2257 divinis
1326 2230 1499 2258 sermonibus
1528 2229 1677 2258 frueretur.
1693 2229 1779 2264 Quasi

153 2277 343 2305 ἀπολαύουσαν
355 2277 452 2311 λόγων.
471 2276 515 2308 Ὠς
524 2276 697 2311 ἐνδεχομένου
706 2275 848 2311 τοιγαροῦν
866 2277 939 2312 ἐπῳ-

153 2325 199 2352 δὸν
215 2324 266 2359 μὲν
281 2324 331 2350 οὐκ
341 2320 410 2349 εἶναι
423 2322 468 2349 τὸν
481 2321 611 2356 λέγοντα,
626 2321 768 2356 προφήτην
783 2321 811 2347 δὲ
842 2321 940 2356 μᾶλλον

153 2371 203 2398 καὶ
221 2369 275 2397 τῶν
294 2370 323 2396 ὲν
339 2367 467 2403 ἁγιασμῷ
479 2367 637 2403 διαπρέπων
649 2366 703 2403 [ἴον.
713 2367 939 2404 διαπρεπόντων],

153 2417 200 2444 διά
222 2424 251 2442 τε
277 2415 356 2442 τοῦτο
383 2413 511 2450 παρέξειν
532 2413 600 2448 αὐτῇ
616 2414 646 2439 το
670 2412 740 2448 ὕδωρ
753 2413 782 2440 τὸ
804 2413 857 2445 ζῶν
874 2423 941 2440 κατ-

154 2460 382 2496 επαγγέλλεσθαι,
400 2460 447 2486 καὶ
459 2459 520 2495 δίχα
537 2458 591 2486 τῶν
604 2459 673 2485 κατὰ
689 2459 832 2493 συνήθειαν
846 2459 943 2495 ἀντλη-

156 2508 261 2544 μάτων,
280 2506 297 2542 ἢ
321 2507 388 2532 πολὺ
412 2505 480 2541 πρὸς
506 2505 605 2540 χρῆσιν
627 2504 656 2531 τὺ
676 2505 785 2539 ἄμεινον
801 2505 832 2537 ἐξ
846 2505 942 2541 ἐτέρας

153 2553 352 2588 ἀνευρίσκοντα
385 2552 488 2586 πηγῆς,
518 2551 678 2586 μετατίθησι
701 2551 746 2578 τὸν
766 2551 844 2586 λόγον
862 2552 942 2585 εὐθὺς

153 2599 202 2626 ἐπὶ
217 2599 248 2625 τὸ
263 2597 491 2633 σωφρονέστερον,
511 2597 558 2623 καὶ
569 2596 606 2629 ὡς
620 2596 698 2631 ἅγιον
716 2597 786 2633 ἁγίῳ
802 2598 942 2634 συγκρίνει

153 2644 281 2679 λέγουσα,
299 2653 308 2669 ι
326 2644 371 2678 Μὴ
383 2644 414 2670 σὺ
428 2643 527 2678 μείζων
538 2641 616 2669 εῐτοῢ
633 2643 820 2679 πατρδςὴμῶν
835 2644 942 2677 Ἰακὼϐ,

152 2690 184 2722 ὃς
200 2689 299 2716 ἔδωκεν
313 2690 379 2724 ἡμῖν
393 2689 424 2715 τὸ
440 2689 530 2724 φρέαρ
544 2689 640 2721 τοῦτο;
654 2698 664 2715 ι
678 2690 762 2724 Δέχου
779 2690 825 2716 τοῦ
841 2691 945 2726 νοήμα-

153 2743 200 2767 τος
212 2735 261 2771 τὴν
274 2734 424 2770 περίνοιαν,
442 2735 474 2760 ὲκ
494 2734 541 2760 τοῦ
564 2734 662 2770 μηκέτι
678 2734 828 2770 θαυμάζειν
848 2736 942 2772 αὐτὴν,

154 2781 179 2808 εί
198 2780 314 2816 σχοινίον
328 2779 377 2805 οὐκ
391 2778 463 2814 ἔχων
474 2778 504 2804 τὸ
520 2777 592 2814 ὕδωρ
616 2778 822 2813 ἐπαγγέλλεται,
845 2779 895 2815 τῆς
916 2780 944 2807 δέ

176 2861 211 2884 ’⁸¹
232 2867 284 2895 lsa.
302 2873 380 2895 mn,
397 2864 442 2896 20,
455 2864 499 2891 2|.
538 2863 560 2880 "
575 2863 627 2891 lsa.
647 2873 718 2897 xmv,
735 2866 762 2893 4.

323 2913 458 2942 Parnm.
479 2911 536 2942 Gn.
553 2912 689 2943 LXXI“.

994 2282 1058 2309 ergo
1076 2274 1134 2302 ﬁeri
1151 2282 1205 2302 non
1228 2278 1321 2310 posset
1342 2279 1372 2302 ut
1394 2274 1417 2303 is
1433 2275 1480 2310 qui
1506 2275 1669 2311 loquebatur
1684 2276 1780 2303 incan-

995 2324 1068 2348 tator
1080 2325 1163 2353 esset,
1179 2321 1227 2349 sed
1250 2321 1384 2358 propheta
1398 2322 1500 2357 potius,
1516 2326 1543 2349 et
1565 2329 1598 2349 ex
1618 2328 1713 2349 eorum
1726 2330 1779 2349 nu-

996 2374 1071 2394 mero
1095 2367 1144 2402 qui
1167 2367 1313 2395 sanctitate
1340 2368 1483 2402 conspicui
1512 2372 1588 2401 sunt,
1611 2371 1638 2395 et
1664 2367 1779 2402 proinde

996 2411 1174 2446 pmbiturum
1190 2419 1219 2439 se
1234 2412 1259 2440 ei
1271 2419 1368 2447 aquam
1385 2412 1473 2440 vivam
1489 2413 1677 2448 polliceretur,
1696 2412 1779 2448 idque

993 2457 1054 2485 sine
1072 2457 1231 2492 vulgaribus
1256 2458 1386 2490 haustris,
1401 2463 1447 2485 aut
1472 2458 1506 2485 ad
1520 2466 1600 2485 usum
1626 2458 1706 2493 longe
1721 2465 1778 2484 me-

995 2503 1104 2536 liorem,
1119 2511 1150 2530 ex
1170 2504 1225 2530 alio
1244 2504 1375 2531 nimirum
1391 2503 1465 2532 fonte
1486 2507 1634 2538 repertam,
1650 2504 1778 2531 emendat

995 2550 1088 2577 statim
1104 2549 1176 2584 quod
1192 2549 1309 2582 dixerat,
1324 2553 1350 2576 et
1365 2549 1442 2584 quasi
1464 2552 1591 2577 sanctum
1606 2556 1666 2576 cum
1682 2552 1778 2576 sancto

994 2601 1143 2631 comparat,
1163 2596 1280 2624 dicens:
1297 2605 1306 2621 ‹
1324 2595 1459 2631 Numquid
1482 2599 1510 2622 tu
1535 2595 1622 2630 major
1643 2602 1673 2622 cs
1703 2598 1779 2629 patre

993 2645 1090 2669 nostro
1108 2639 1202 2674 Iacob,
1215 2642 1262 2676 qui
1279 2641 1353 2669 dedit
1366 2641 1447 2669 nobis
1463 2645 1573 2676 puteum
1589 2640 1679 2667 hunc?
1693 2649 1703 2665 ι
1718 2639 1778 2666 Vim

994 2688 1077 2723 hujus
1095 2688 1161 2715 dicti
1184 2689 1278 2724 accipe
1302 2696 1336 2715 ex
1362 2695 1394 2716 eo
1409 2688 1482 2722 quod
1510 2688 1568 2722 ipsa
1586 2694 1641 2714 non
1659 2686 1778 2721 amplius

993 2733 1107 2759 miratur
1123 2733 1194 2767 quod
1213 2733 1277 2761 fune
1301 2733 1449 2760 destitutus
1466 2738 1573 2766 .aquam
1600 2729 1779 2757 nihilominus

993 2778 1164 2814 polliceatur,
1183 2778 1230 2807 sed
1260 2778 1294 2807 de
1318 2778 1378 2815 ejus
1404 2778 1537 2814 qualitate
1561 2776 1689 2812 gustahili
1708 2775 1779 2803 du...

1582 2906 1616 2937 10
