2028 3118
207 196 210 197 ν
240 201 291 229 29⁵)

716 188 744 217 S.
760 187 902 216 CYRILIJ
919 184 1155 213 ALEXANDRINI
1175 182 1335 211 ARCHIEP.

1815 177 1866 209 $00

239 259 316 284 taxat
351 251 486 287 loquitur.
519 247 687 275 Samaritani
720 247 813 282 itaque
850 244 1027 278 alienigenae,

1085 242 1151 269 κατὰ
1164 240 1259 276 γεῦσιν
1274 240 1417 276 ποιότητος
1431 239 1493 275 πὲρι
1511 238 1682 272 διαλέγεσθαι
1708 237 1803 273 μόνης,
1823 239 1870 266 Σα-

239 302 339 338 quippe
364 298 411 334 qui
439 295 650 332 Babyloniorum
673 293 782 322 colonia
809 295 898 320 erant.
918 290 1026 317 Patrem

240 336 330 375 autem
356 345 407 381 ipsi
436 350 546 379 quoque
575 340 662 369 Jacob
685 339 839 369 venditant.
856 336 961 372 duplici
981 343 1028 363 ra-

240 395 316 421 tione
334 401 341 420 :
359 398 421 420 cum
435 389 510 418 enim
526 388 670 416 linitimam
685 390 712 414 et
732 386 850 414 vicinam
871 383 1028 412 Judaeorum

240 440 380 474 regionem
396 436 566 467 habitarent,
587 434 667 469 182
685 432 811 460 nonnihil
829 431 858 458 in
881 438 912 458 se
928 437 963 457 ex
983 435 1029 456 eo-

240 494 303 513 rum
317 484 393 512 cultu
407 482 607 518 exprimebant.
619 484 646 508 et
661 479 764 507 Judaeis
777 477 904 514 patribus
917 474 1029 511 gloriari

241 532 413 560 nitebantur.
435 529 497 557 Alia
522 528 605 561 ratio,
628 533 714 561 eaque
736 524 881 553 verissima
898 523 955 550 haec
977 525 1028 554 est,

242 578 314 614 quod
330 577 455 613 plerique
474 582 569 604 eorum
590 574 637 610 qui
655 572 809 601 Samariam
826 570 986 605 iwolebant
1015 575 1030 595 a

242 624 329 652 Jacob
345 630 432 658 genus
448 620 597 649 ducebant.
612 619 760 647 Jeroboam
778 617 880 652 quippe
895 616 968 643 [ilius
986 614 1032 642 ille

244 669 343 702 Nabal,
359 667 533 704 congregatis
548 666 644 693 decem
671 664 783 692 lsraelis
796 663 926 690 tribubus
940 666 969 689 et
986 660 1031 688 di-

245 715 329 744 midia
340 717 416 750 parte
429 713 520 740 tribus
531 711 672 747 Ephraim,
680 709 821 745 profectus
835 706 1032 743 Hierosolymis

245 765 376 798 regnante
393 759 515 788 Roboam
541 758 595 785 ﬁlio
621 757 787 789 Salomonis,
803 754 956 783 Samariam
984 760 1033 780 oc—

245 806 365 842 cupavit,
380 806 408 833 in
424 811 510 840 eaque
526 804 624 831 domos
641 807 668 830 et
681 801 765 830 urbes
778 800 924 829 exstruxit.

278 894 324 928 IV,
346 894 439 922 13-”.
461 892 553 920 Omnis
576 891 622 927 qui
643 891 707 918 bibit
731 898 763 918 ea:
790 898 860 924 aqua
883 889 944 923 hac,
961 889 1032 916 sitiet

1081 287 1208 324 μαρεῖται
1224 289 1274 323 μὲν
1290 285 1337 315 οὖν
1350 287 1513 321 ἀλλογενεῖς,
1528 285 1707 312 Βαδυλωνίων
1721 285 1775 322 γὰρ
1791 285 1869 313 ἄποι-

1079 343 1131 361 κοι.
1152 334 1261 371 Πατέρα
1275 334 1302 360 δὲ
1325 333 1371 360 καὶ
1384 333 1462 360 αὐτοὶ
1484 332 1528 360 τὸν
1554 331 1650 359 Ἰακὼϐ
1671 332 1868 368 ἐπιγράφονται

1079 380 1152 407 κατὰ
1177 372 1223 407 aiio
1249 379 1384 416 τρόπους·
1398 378 1436 411 ὡς
1465 378 1517 413 γὰρ
1533 377 1632 413 ὅμορόν
1651 386 1680 404 τε
1698 377 1745 404 καὶ
1763 377 1872 412 γείτονα

1079 426 1128 462 τὴν
1151 426 1285 453 Ἰουδαίων
1309 425 1446 457 οἰκοῦντες
1472 424 1574 460 χώραν,
1600 423 1678 458 ὀλίγα
1691 424 1740 459 τῆς
1760 423 1872 450 ἐκείνων

1080 472 1208 508 λατρείας
1225 473 1265 503 είς
1279 472 1391 503 ἑαυτοὺς
1405 471 1597 506 ἀνεμάττοντο,
1611 469 1722 502 καὶτοῖς
1739 469 1872 497 Ἰουδαίων

1082 517 1218 554 πατράσιν
1234 518 1363 553 ἐπαυχεῖν
1380 516 1526 552 ἐμελέτων.
1539 515 1644 547 ’Λλλως
1663 524 1704 548 τε,
1722 515 1769 542 καὶ
1783 512 1818 551 ἦν
1828 515 1872 541 δν-

1080 573 1135 597 τως
1153 563 1262 599 ἀληθὲς,
1290 564 1333 591 ὅτι
1359 563 1410 598 τῆς
1435 562 1533 590 Ἰακὼὸ
1564 562 1698 597 ὲξέφυσαν
1725 561 1803 597 ῥίζης
1819 561 1874 588 τῶν

1081 611 1132 646 τὴν
1161 611 1319 646 Σαμάρειαν
1339 609 1485 636 οἰκούντων
1513 608 1538 634 οἱ
1564 607 1682 639 πλείους.
1704 607 1733 634 '0
1754 607 1810 642 γὰρ
1825 606 1874 633 τοῦ

1083 655 1178 682 Ναῦὰτ
1199 654 1350 690 Ἰεροσοὰμ,
1368 654 1434 681 δέκα
1453 654 1499 681 τοῦ
1522 653 1630 690 Ἰσραὴλ
1647 653 1811 689 συναγείρας
1822 662 1873 688 φυ-

1082 703 1142 735 λὰς,
1159 703 1207 729 καὶ
1222 702 1253 728 τὸ
1265 702 1351 738 ἣμισυ
1365 701 1451 736 φυλῆς
1474 700 1603 736 Ἐφραῒμ,
1633 700 1745 736 ἀπαίρει
1763 699 1813 736 μὲν
1827 700 1875 734 τῆς

1089 747 1266 783 Ἰερουσαλὴμ
1293 746 1363 774 κατὰ
1393 745 1489 782 καιρὸν
1512 745 1562 780 τῆς
1589 745 1707 781 Ῥοϐοάμ
1723 743 1874 780 βασιλείας,

1084 793 1142 821 υίοῦ
1162 793 1329 829 Σολομῶνος,
1344 791 1505 819 καταλαϐὼν
1523 792 1552 818 δὲ
1572 791 1622 827 τὴν
1646 791 1814 826 Σαμάρειαν,
1829 789 1877 817 καὶ

1083 837 1174 869 οἴκους
1186 839 1214 864 ὲν
1225 838 1305 873 αὐτῇ,
1320 836 1367 864 καὶ
1383 836 1474 868 πόλεις
1491 836 1628 872 ἐδείματο.

1120 882 1183 916 Πᾶς
1199 884 1216 910 d
1238 883 1335 910 πίνων
1357 883 1391 909 ἐκ
1410 881 1463 909 τοῦ
1486 882 1596 915 ὓδατος
1610 883 1728 915 τούτου,
1749 881 1876 916 διψήσει

244 943 338 969 iterum
354 949 363 968 :
379 940 423 981 qui
445 944 532 966 autem
548 925 643 964 biberit
660 945 693 964 ea;
709 945 778 972 aqua
795 945 875 972 quam
899 943 945 970 ego
962 935 1031 962 dabo

1085 929 1188 956 πάλινο
1204 928 1238 962 ὃς
1253 928 1279 955 δ’
1299 928 1337 956 ἂν
1355 929 1409 963 πίῃ
1420 928 1454 954 ἐκ
1471 928 1524 955 τοῦ
1536 927 1655 961 ὓδατος,
1671 925 1706 956 οὗ
1717 927 1773 962 ἐγὼ
1790 926 1877 955 δώσω

243 988 278 1022 ei,
291 995 343 1014 non
360 987 430 1013 sitiet
446 986 473 1012 in
495 989 634 1016 (uernum,
648 983 693 1011 sed
712 980 782 1019 aqua
808 991 887 1018 quam
902 990 949 1017 ego
965 981 1033 1008 dabo

243 1033 278 1065 ei,
296 1033 340 1067 ﬁet
356 1032 384 1059 in
398 1040 427 1059 eo
443 1031 502 1066 {om
524 1037 600 1065 aqua:
619 1029 741 1056 salientis
755 1028 782 1055 in
798 1028 879 1055 vitam
895 1032 1032 1054 retentam.

246 1078 315 1105 Dicit
331 1078 365 1104 ad
377 1085 435 1104 eum
451 1075 555 1103 mulier.

279 1171 453 1199 Samaritana
470 1169 597 1198 eximiam
623 1167 708 1195 veluti
732 1165 879 1202 quamdam
899 1168 926 1193 et
949 1171 1034 1200 expu-

244 1222 329 1254 gnatu
353 1216 490 1245 diiiicilem
509 1213 693 1249 objectionem
717 1214 908 1248 proponente:
927 1219 936 1236 ι
951 1209 1035 1238 Num-

245 1263 310 1298 quid
335 1266 364 1289 tu
381 1261 470 1296 major
484 1268 514 1288 es
535 1263 612 1294 patre
629 1261 728 1286 nostro
748 1256 845 1289 Jacob,
865 1265 875 1282 ι
893 1255 961 1284 scite
986 1254 1036 1282 ad-

245 1307 356 1335 modum
379 1313 478 1334 rursus
494 1304 621 1333 Salvator
635 1302 850 1331 ostentationem
872 1301 952 1337 fugit,
969 1301 1034 1329 dum

245 1362 275 1382 se
288 1362 341 1382 non
357 1353 490 1389 majorem
507 1351 617 1387 quidem
632 1357 694 1378 esse
712 1353 805 1385 aperte
817 1348 971 1383 proﬁtetur,
987 1347 1035 1376 sed

244 1409 277 1428 cx
294 1400 376 1428 rebus
399 1398 468 1434 ipsis
497 1397 597 1425 suadet
611 1395 779 1431 expendere,
794 1397 855 1421 uter
877 1393 1034 1421 antecellat.

245 1447 353 1475 Idcirco
377 1443 622 1480 incomparabilem
649 1442 722 1469 inter
741 1440 881 1476 spiritales
899 1447 986 1474 aquas
1008 1442 1036 1466 ct

247 1492 392 1521 scnsibiles
412 1497 443 1517 ac
459 1480 774 1516 terrenas‘intercederc
791 1483 972 1512 dill‘erentiam
989 1492 1036 1512 os-

246 1539 333 1566 tendit
356 1537 450 1564 dicens
473 1543 479 1562 :
506 1544 515 1560 ι
536 1532 633 1561 Omnis
657 1531 704 1568 qui
726 1530 794 1559 bibit
823 1538 857 1558 ex
880 1530 931 1558 bac
951 1537 1034 1566 aqua,

247 1585 322 1613 sitiet
340 1584 450 1611 iterum.
472 1590 481 1607 ›
500 1580 551 1614 Qui
567 1586 645 1610 vero.
669 1577 769 1613 inquit,
785 1576 853 1604 meis
877 1576 958 1611 aquis
981 1577 1032 1603 im-

247 1633 337 1666 pletus
355 1628 447 1661 fuerit,
464 1634 519 1654 non
537 1625 618 1653 modo
643 1631 785 1660 nunquam
807 1624 892 1657 sitiet,
907 1624 954 1651 sed
974 1622 1036 1650 fon-

248 1683 301 1705 tem
325 1676 353 1704 in
379 1675 470 1710 seipse
491 1672 614 1706 habebit,
631 1671 677 1707 qui
705 1670 792 1706 possit
819 1677 882 1697 eum
902 1669 934 1697 ad
952 1669 1035 1696 vitam

247 1725 368 1750 educare
384 1721 587 1756 sempiternam.
603 1718 691 1753 igitur
711 1717 758 1752 qui
785 1716 891 1752 majora
911 1715 1035 1751 largitur,

249 1768 334 1802 major
346 1767 441 1802 utique
452 1765 504 1793 erit
519 1773 552 1793 eo
563 1764 610 1800 qui
626 1764 719 1791 minus
735 1763 829 1796 habet,
845 1770 934 1798 neque
946 1763 1036 1789 victus

248 1813 372 1841 eamdem
392 1819 475 1848 quam
505 1812 593 1838 victor
618 1810 735 1846 gloriam
763 1813 955 1845 reportaturus
983 1811 1036 1836 est.

249 1859 398 1888 Sciendum
419 1857 463 1885 hic
484 1857 576 1885 denuo
597 1856 769 1884 Salvatorem
790 1863 899 1890 aquam.
915 1854 1036 1890 Spiritus

249 1905 338 1933 sancti
361 1904 477 1940 gratiam
496 1903 643 1938 appellare,
663 1903 744 1937 cujus
768 1902 792 1930 si
817 1902 880 1937 quis
897 1900 1036 1937 particeps

248 1951 397 1984 exstiterit,
407 1950 601 1979 scaturientem
613 1949 723 1977 habebit
736 1949 763 1976 in
777 1949 869 1984 seipso
881 1948 1035 1976 divinarum

249 1997 437 2026 doctrinarum
453 1996 508 2023 vim
526 2000 556 2029 ut
570 1996 627 2031 jam
647 1996 763 2023 aliorum
777 1995 890 2022 monitis
898 2002 953 2021 non
963 1993 1036 2021 indic

250 2047 323 2078 geat,
333 2041 382 2070 sed
392 2041 471 2069 facile
482 2041 569 2077 possit
579 2049 628 2069 eos
641 2041 747 2068 hortari
756 2041 857 2076 quibus
869 2039 992 2067 divinqu
1004 2046 1037 2066 ac

249 2090 362 2118 caeleste
378 2088 492 2116 verbum
518 2088 596 2116 sitire
619 2087 733 2123 contigit
750 2096 756 2114 :
776 2086 932 2121 cujusmodi
958 2089 1037 2113 erant

251 2135 278 2161 in
294 2134 344 2161 hac
357 2133 414 2161 vita
428 2137 455 2161 et
471 2133 498 2160 in
510 2132 592 2161 terris
605 2132 697 2159 adhuc
710 2131 850 2168 degentes~
861 2130 949 2159 sancti
974 2137 1037 2165 pro-

250 2179 346 2214 phetae,
374 2181 457 2213 atque
483 2177 609 2212 apostoli,
635 2182 662 2204 et
693 2177 739 2210 qui
768 2183 945 2207 successores
972 2178 1036 2203 sunt

250 2231 347 2252 eorum
373 2223 531 2256 ministerii,
545 2223 580 2250 de
599 2223 701 2258 quibus
730 2222 864 2256 scriptum
882 2225 924 2248 est
947 2229 953 2247 :
975 2229 984 2246 ι
1005 2220 1037 2247 Ει

251 2269 385 2297 liauriatis
401 2267 495 2304 aquas
510 2276 572 2296 cum
598 2269 699 2304 gaudio
721 2268 755 2295 de
787 2267 909 2295 fontibus
934 2267 1038 2294 saluta-
1055 2283 1077 2310 Β

252 2316 292 2343 ris
306 2316 339 2342 ⁸³.
365 2325 375 2342 ›

287 2448 334 2482 ιν,
355 2448 398 2476 l5.
417 2447 458 2475 Da
472 2447 535 2474 mihi
545 2447 614 2474 hanc
625 2453 732 2482 aquam,
744 2450 772 2472 ut
784 2453 835 2472 non
847 2445 949 2476 sitiam,
960 2451 1040 2478 neque

253 2495 354 2521 ueniam
368 2494 418 2521 huc
429 2493 546 2521 haurire.
563 2491 635 2519 Dicit
649 2492 673 2519 ei
686 2491 775 2519 Iesus.

289 2539 369 2575 183
381 2539 519 2567 Consueta
538 2546 636 2567 rursus
650 2542 755 2565 tantum
779 2537 900 2572 loquitur
925 2540 951 2565 et
967 2536 1038 2564 ima-

252 2586 373 2621 ginatur,
393 2585 462 2612 nihil
478 2589 568 2612 autem
587 2591 681 2612 eorum
698 2591 758 2619 qua:
773 2583 904 2610 dicuntur
924 2589 1039 2618 prorsus

253 2632 393 2667 intelligit,
408 2630 457 2658 sed
471 2630 563 2666 exigui
580 2630 684 2658 laboris
701 2631 883 2658 allevamento
900 2629 1039 2658 existimat

254 2685 283 2705 se
298 2681 382 2705 totam
401 2676 552 2704 Salvatoris
564 2676 755 2705 liberalitatem
770 2676 987 2712 complexuram,
1012 2679 1039 2703 et

254 2723 316 2750 sitis
333 2722 516 2751 exstinctione
546 2723 641 2758 gratia:
663 2721 763 2750 divinae
778 2723 890 2750 modum
919 2720 1039 2748 circum-

253 2769 367 2802 scribit;
392 2772 499 2797 tantum
525 2769 603 2798 abest
631 2774 661 2797 ut
683 2769 778 2798 subtili
805 2767 971 2804 cogitatione
995 2775 1040 2796 res

253 2815 492 2851 suprainundanas
509 2817 610 2852 capiat.
689 2810 693 2811 ν

291 2905 313 2921 ⁸⁵
330 2906 380 2933 lsa.
401 2913 450 2938 rit.
464 2906 492 2933 ὃ.

1085 974 1176 1008 αὐτῷ,
1193 976 1229 1003 οὐ
1242 974 1285 1010 μὴ
1292 973 1417 1009 διψήσει
1431 974 1476 1007 εἰς
1487 974 1539 1000 τὸν
1549 972 1650 1005 ultima,
1663 972 1744 1001 ἀλλὰ
1755 973 1787 1000 τὸ
1799 973 1878 1008 ὕδωρ

1085 1022 1101 1049 ὃ
1113 1021 1199 1049 δώσω
1227 1020 1318 1054 αὐτῷ,
1346 1019 1505 1055 γενήσεται
1525 1019 1561 1047 ὲν
1574 1019 1654 1053 αὐτῷ
1673 1019 1755 1055 πηγὴ
1769 1019 1879 1052 ὕδατος

1085 1065 1255 1100 ἁλλομένου
1277 1066 1322 1098 εὶς
1344 1064 1421 1099 ζωὴν
1437 1064 1565 1092 αιώνιον.
1591 1064 1675 1100 Λέγει
1695 1065 1770 1099 πρὸς
1783 1065 1879 1092 αὑτὸν

1085 1111 1104 1145 ἡ
1121 1111 1210 1147 γυνή-

1124 1168 1133 1184 ι
1153 1158 1199 1194 Μὴ
1215 1158 1246 1184 σὺ
1264 1156 1365 1193 μείζων
1388 1154 1413 1184 εἷ
1438 1156 1485 1183 τοῦ
1518 1156 1619 1191 πατρὸς
1637 1156 1715 1192 ἡμῶν
1738 1155 1848 1189 Ὶακὼὸ,
1868 1167 1878 1182 ι

1087 1204 1182 1240 ὥσπερ
1211 1212 1237 1230 τι
1263 1202 1345 1239 μέγα,
1369 1203 1418 1230 καὶ
1445 1202 1698 1237 δυσκαταγώνιστον
1733 1202 1881 1238 πρόὸλημα

1086 1249 1281 1285 προτεινούσης
1308 1248 1357 1284 τῆς
1376 1248 1583 1284 Σαμαρείτιδος,
1608 1248 1779 1282 εὐφυέστατα
1800 1247 1880 1275 πάλιν

1086 1298 1100 1323 ὁ
1117 1296 1211 1332 Σωτὴρ
1228 1297 1402 1332 παραιτεῖται
1417 1295 1466 1329 μὲν
1482 1294 1527 1321 τὸν
1541 1295 1571 1321 ὲν
1588 1294 1692 1329 ῥήμασι
1709 1293 1828 1328 κόμπον,
1838 1293 1881 1319 ὅτι

1087 1342 1189 1378 μείζων
1202 1342 1331 1377 ὑπάρχει,
1355 1341 1450 1376 σαφῶς
1475 1340 1524 1367 οὐκ
1538 1339 1634 1372 είπὼν,
1647 1339 1700 1366 ἀπὸ
1719 1339 1747 1366 δὲ
1759 1339 1811 1375 τῆς
1825 1339 1881 1367 τῶν

1087 1388 1257 1425 πραγμάτων
1287 1388 1430 1423 ποιότητος
1460 1385 1617 1422 δοκιμάζειν
1654 1385 1796 1413 ἀναπείθει
1834 1386 1882 1413 τὸν

1086 1435 1252 1471 προῦχοντα.
1271 1434 1362 1461 Διάτοι
1379 1433 1469 1466 τοῦτο,
1487 1433 1535 1460 καὶ
1553 1432 1718 1469 ἀσύγκριτον
1733 1431 1816 1459 οὖσαν
1826 1432 1882 1458 τῶν

1086 1481 1189 1516 νοητῶν
1198 1480 1302 1507 ὑδάτων
1314 1480 1382 1515 πρὸς
1395 1479 1429 1506 τά
1446 1480 1475 1506 ἐν
1497 1479 1622 1514 αἰσθήσει
1646 1478 1691 1505 καὶ
1711 1478 1883 1513 γεωδέστερα

1085 1527 1136 1563 τὴν
1157 1527 1289 1562 διαφορὰν
1307 1526 1471 1553 ἐπιδεικνύει
1494 1526 1581 1560 λέγων
1592 1533 1598 1541 ·
1614 1535 1623 1552 ι
1639 1525 1697 1556 Πᾶς
1714 1526 1728 1552 ὁ
1749 1525 1835 1553 πίνων
1849 1527 1881 1552 ὲκ

1087 1573 1133 1599 τοῦ
1150 1572 1244 1604 ὓδατος
1272 1572 1500 1607 τούτου,διψήσει
1527 1571 1617 1605 πάλιν,
1635 1581 1643 1598 i
1657 1571 1671 1597 ὁ
1689 1571 1717 1598 δὲ
1727 1572 1782 1599 τῶν
1794 1571 1881 1607 ἐμῶν,

1050 1606 1071 1635 c
1084 1621 1182 1659 φησιν,
1201 1618 1304 1646 ὑδάτων
1319 1606 1558 1654 ἐμφορησάμενος,
1575 1618 1625 1652 οὐχ
1639 1618 1714 1649 ὃπως
1730 1617 1777 1644 τοῦ
1800 1618 1881 1654 διψῆν

1089 1666 1129 1692 ἔτι
1161 1665 1292 1700 κρείττων
1320 1663 1553 1699 ἀποφανθήσεται,
1588 1663 1646 1689 ἀλλ’
1662 1662 1716 1695 ἔξει
1745 1663 1837 1698 πηγὴν
1853 1664 1882 1689 ὲν

1087 1710 1177 1746 ἐαυτῷ
1187 1710 1254 1745 πρὸς
1266 1709 1338 1746 ζωὴν
1352 1710 1460 1737 αἰώνιον
1473 1709 1637 1745 ἀποτρέφειν
1648 1708 1882 1745 ίσχύουσαν.οὺκ-

1087 1757 1134 1784 οὖν
1151 1758 1165 1784 ὁ
1183 1757 1217 1785 τὰ
1239 1756 1325 1793 μείζω
1346 1756 1517 1793 δωρούμενος
1534 1757 1563 1782 ὲν
1576 1756 1696 1792 μείζοσιν
1705 1756 1881 1793 ἔσται,φησὶ,

1087 1803 1135 1830 τοῦ
1151 1803 1181 1830 τὺ
1197 1803 1306 1830 ἔλαττον
1318 1803 1426 1838 ἔχοντος
1446 1803 1493 1830 καὶ
1507 1802 1559 1838 τὴν
1571 1802 1655 1838 αὐτὴν
1671 1802 1721 1830 οὐκ
1737 1803 1880 1830 ἀποίσεται

1087 1850 1166 1883 δόξαν
1183 1849 1222 1885 τῷ
1238 1849 1348 1876 νικῶντι
1374 1849 1405 1876 τὸ
1428 1849 1600 1884 ἡττώμενον
1630 1848 1716 1876 ίστέον
1738 1849 1767 1876 δὲ
1786 1850 1881 1883 πάλιν,

1088 1897 1125 1929 ὡς
1138 1896 1208 1933 ὕδωρ
1219 1897 1247 1922 ὲν
1264 1896 1368 1928 τούτοις
1382 1895 1432 1932 τὴν
1445 1895 1493 1922 τοῦ
1507 1895 1586 1929 ἁγίου
1600 1894 1761 1930 Πνεύματος
1775 1896 1856 1932 χάριν
1868 1898 1882 1923 ὁ

1089 1942 1184 1978 Σωτὴρ
1198 1942 1340 1974 ἀποκαλεῖ,
1357 1939 1390 1977 ἧς
1409 1941 1487 1976 εῑπερ
1499 1949 1541 1973 τις
1559 1940 1663 1974 γένοιτο
1677 1941 1801 1977 μέτοχος,
1817 1942 1884 1969 ἀνα-

1088 1989 1263 2024 ηγάζουσαν
1279 1987 1334 2021 ἕξει
1350 1987 1442 2014 λοιπὸν
1460 1988 1489 2013 ὲν
1503 1986 1591 2022 ἑαυτῷ
1610 1986 1664 2013 τῶν
1686 1987 1767 2014 θείων
1791 1987 1882 2023 μαθη-

1090 2036 1183 2071 μάτων
1198 2035 1247 2070 τὴν
1262 2033 1404 2070 χορηγίαν,
1415 2033 1453 2065 ὡς
1470 2033 1569 2069 μηκέτι
1586 2032 1636 2069 μὲν
1661 2032 1733 2068 αὐτῷ
1751 2033 1803 2069 τῆς
1816 2034 1883 2070 παρ’

1088 2080 1336 2117 ὲτέρωννουθεσίας
1357 2079 1454 2110 ἐνδεῖν,
1476 2079 1603 2116 ἐξαρκεῖν
1620 2080 1649 2107 δὲ
1675 2080 1775 2116 μᾶλλον
1796 2082 1836 2113 είς
1851 2082 1881 2108 τὸ

1088 2126 1218 2153 δύνασθαι
1232 2125 1329 2162 ῥᾳδίως
1345 2126 1525 2162 παρακαλεῖν,
1538 2126 1601 2158 τοὺς
1612 2124 1710 2163 οἵσπερ
1725 2127 1758 2154 ἃν
1772 2127 1882 2161 γένοιτο

1088 2172 1168 2208 διψῇν
1182 2172 1226 2199 τὸν
1246 2172 1316 2198 θεῖόν
1343 2181 1372 2199 τε
1388 2173 1435 2199 καὶ
1454 2173 1580 2208 οὐράνιον
1593 2172 1682 2207 λόγον,
1700 2172 1786 2199 ὁποῖοί
1808 2181 1880 2205 τινες

1088 2216 1158 2254 ἦσαν
1173 2218 1244 2245 κατὰ
1258 2218 1304 2244 τὸν
1329 2218 1450 2252 παρόντα
1473 2217 1541 2254 βίον,
1556 2218 1603 2245 καὶ
1626 2219 1672 2245 ἐπὶ
1686 2219 1736 2254 γῆς
1753 2219 1792 2245 ἔτι
1805 2218 1879 2246 πολι-

1089 2265 1239 2300 τευόμενοι,
1254 2263 1326 2298 ἅγιοί
1344 2273 1372 2290 τε
1389 2265 1538 2300 προφῆται,
1558 2266 1603 2292 καὶ
1623 2265 1777 2296 ἀπόστολοι,
1792 2267 1840 2293 καὶ
1856 2267 1879 2293 oi

1091 2312 1142 2346 τῆς
1153 2311 1265 2338 ἐκείνων
1279 2309 1441 2345 κληρονόμοι
1455 2310 1636 2346 λειτουργίας,
1654 2312 1718 2347 περὶ
1729 2308 1767 2338 ὧν
1782 2312 1880 2347 γέγρα-

1093 2367 1158 2385 πται
1172 2367 1178 2373 ν
1197 2367 1206 2383 α
1218 2357 1273 2384 Καὶ
1287 2357 1437 2392 ἀντλήσατε
1450 2356 1523 2393 ὕδωρ
1533 2358 1590 2394 μετ’
1603 2358 1771 2394 εὐφροσύνης
1779 2360 1813 2386 ὲκ
1826 2359 1879 2386 τῶν

1093 2403 1189 2439 πηγῶν
1202 2403 1249 2430 τοῦ
1264 2401 1413 2438 Σωτηρίου,
1427 2411 1435 2428 ι

1127 2450 1182 2483 Δός
1195 2457 1247 2484 μοι
1261 2448 1349 2475 τοῦτο
1363 2448 1395 2474 τὸ
1410 2447 1498 2482 ὕδωρ,
1513 2447 1563 2474 ἵνα
1571 2447 1614 2483 μὴ
1633 2447 1722 2483 διψῶ,
1743 2448 1823 2483 μηδὲ
1836 2449 1880 2482 ἔρ-

1094 2504 1188 2530 χωμια
1215 2493 1322 2522 ἐνθάδε
1350 2492 1483 2521 ἀντλεῖν.
1515 2493 1600 2528 Λέγει
1615 2493 1692 2527 αὐτῇ
1707 2494 1723 2521 ό
1746 2492 1877 2526 Ἰησοῦς.

1128 2541 1204 2568 Μὸνα
1220 2540 1298 2568 πάλιν
1312 2539 1347 2566 τά
1363 2539 1464 2574 συνήθη
1482 2539 1529 2565 καὶ
1544 2538 1620 2566 λαλεῖ
1635 2539 1682 2566 καὶ
1702 2538 1879 2574 φαντάζεται,

1094 2587 1200 2622 συνίησι
1225 2586 1254 2613 δὲ
1275 2586 1342 2618 ὅλως
1367 2585 1421 2612 τῶν
1447 2585 1599 2620 λεγομένων
1622 2585 1715 2612 οὐδέν·
1743 2587 1773 2612 ἐν
1792 2585 1822 2612 δὲ
1843 2583 1880 2620 τῷ

1095 2633 1199 2670 μικρῶν
1213 2631 1433 2659 ἀπαλλάττεσθαι
1451 2631 1550 2664 πόνων,
1564 2630 1627 2666 ὃλην
1649 2630 1719 2662 ἕξειν
1733 2630 1821 2656 οἴεται
1833 2628 1879 2657 τοῦ

1092 2680 1217 2715 Σωτῆρος
1237 2677 1286 2713 τὴν
1309 2677 1478 2712 φιλοτιμίαν,
1505 2677 1552 2703 καὶ⁸
1575 2677 1602 2703 ὲν
1624 2676 1664 2712 τῷ
1681 2675 1780 2712 μηκέτι
1800 2675 1880 2711 διψῇν

1090 2729 1139 2764 τῆς
1169 2725 1217 2753 τοῦ
1237 2724 1304 2752 θεοῦ
1327 2724 1436 2760 Χάριτος
1459 2724 1544 2760 ὁρίζει
1565 2722 1596 2749 τὸ
1618 2723 1727 2758 μέτρον,
1745 2722 1801 2749 οὐδ’
1818 2721 1880 2750 δσον

1090 2773 1205 2805 ἐννοίαις
1219 2771 1310 2807 ψιλαῖς
1325 2770 1456 2806 δεχομένη
1473 2770 1507 2797 τὰ
1526 2769 1709 2805 ὑπερκόσμια.
