2028 3118
191 193 239 222 301

686 191 718 218 ΙΝ
741 191 882 220 JOANNIS
897 190 1122 220 EVANGELIUM
1141 190 1204 218 LIB.
1225 190 1255 218 ll.

1766 189 1818 218 302

228 248 358 282 't‘zare,
381 245 526 281 φώνησον
549 244 603 272 τὸν
625 245 720 280 ἄνδρα
745 253 820 279 σου,
844 246 892 273 καί
911 245 981 273 ἐλθὲ

1068 244 1114 278 ιν,
1131 245 1174 272 16.
1193 244 1276 277 Vade,
1295 251 1357 271 voca
1376 245 1550 278 virumtuum,
1562 250 1586 273 et
1604 245 1660 273 oeni
1675 245 1734 273 huc.

190 294 307 322 ἐνθάδε.

225 338 280 367 την
293 340 348 375 ἄρα
362 338 451 371 καλῶς
469 347 498 365 τε
514 338 561 365 καὶ
574 338 623 366 οὐκ
639 339 812 374 ἐψευσμένως
828 340 925 371 εἰπεῖν,
941 339 982 365 ὅτι

191 387 297 424 θήλειαι
321 385 380 418 πῶς
402 386 456 412 είσι
479 384 594 418 θηλειῶν
611 386 638 412 αἱ
663 385 770 422 φρένες,
793 386 841 413 καὶ
864 386 983 422 μαλακὸς

191 432 336 468 ὲνῴκισται
350 431 413 463 νοῦς
428 431 720 467 γυναιξὶννοὺδαμόθεν
733 431 802 467 ἔχων
812 432 842 459 τὸ
854 431 983 459 δύνασθαί

191 488 217 506 τι
234 479 352 505 συνιέναι
372 477 491 513 γοργίῖκ.
508 477 704 513 Εὑμαθεστέρα
726 477 754 504 δέ
774 486 831 509 πως
846 478 862 513 ἡ
879 477 984 513 ἀνδρῶν

191 526 251 552 ἐστι
265 525 356 560 φύσις,
373 525 419 550 καὶ
434 524 501 550 πολὺ
525 522 592 558 πρὸς
616 524 712 558 λόγους
738 524 899 559 ἐτοιμοτέρα
911 544 918 557 ,
933 523 985 549 ’δι-

192 571 381 607 εγηγερμένον
395 571 435 602 εἰς
450 571 543 605 νῆψιν,
557 571 614 602 καὶ,
636 569 670 596 ἵν’
685 569 772 601 οὕτως
788 570 867 600 εἴπω,
884 569 984 604 θερμόν

191 626 223 644 τε
236 618 283 644 καὶ
297 616 528 651 ἀπηρσενωμένον
543 615 644 650 ἔχουσα
656 616 703 642 τὸν
714 615 786 642 νοῦν.
802 616 851 642 Διὰ
871 615 983 649 ταύτην,

192 661 288 698 οἶμαι,
310 662 360 698 τὴν
385 662 495 694 αἰτίαν,
521 662 567 688 τδν
597 661 681 697 ἄνδρα
705 661 799 688 καλεῖν
822 660 860 696 τῷ
883 660 986 695 γυναίῳ

194 707 392 744 παρεκελεύετο
412 707 564 742 λεληθότως
588 707 717 742 ἐλέγχων,
734 707 771 739 ὡς
794 706 985 742 ἀμαθεστάτην

194 753 245 789 μὲν
270 753 325 789 ἔχοι
346 753 396 789 τὴν
415 753 545 788 καρδίαν,
575 754 631 784 τοῖς
656 753 684 779 δὲ
711 754 752 784 είς
777 752 871 787 σοφίαν
896 752 986 786 λόγοις

193 799 429 835 ἁμεταχείριστον,
455 798 523 833 ὁμοῦ
546 798 574 825 δέ
599 807 627 824 τι
651 798 697 824 καὶ
719 798 811 834 ἕτερον
835 798 882 824 ἐπὶ
900 797 986 832 τούτῳ

193 846 337 878 κάλλιστον
350 845 509 878 οἰκονομῶν.

228 881 315 915 Λέτει
335 879 415 913 αὐτῷ
434 878 452 912 ἠ
472 879 548 915 γυνή
561 888 568 896 ·
595 879 706 914 Ἄνδρα
729 880 785 906 οὐκ
802 879 872 914 ἔχω.
899 878 986 914 Λέγει

1067 333 1141 362 Bene
1156 333 1250 369 utique
1269 341 1318 361 nec
1334 332 1404 361 falso
1426 333 1479 360 dici
1498 337 1597 368 potest,
1615 334 1818 368 quodammodo

1035 379 1166 408 femineos
1185 386 1247 407 esse
1264 379 1428 407 feminarum
1444 378 1561 411 animos,
1579 380 1745 415 mollemque
1758 387 1818 407 mu-

1034 426 1149 454 lieribus
1175 426 1267 454 inesse
1295 429 1426 457 mentem,
1451 433 1512 460 quae
1528 425 1604 452 nullo
1629 426 1709 454 modo
1731 426 1819 461 possit

1034 473 1138 508 aliquid
1173 476 1255 500 acute
1282 472 1474 507 sagaciterque
1507 471 1663 506 concipere.
1699 471 1820 499 Docilior

1035 522 1126 546 autem
1140 521 1182 545 est
1197 517 1318 545 virorum
1333 522 1441 549 natura,
1455 521 1483 544 et
1501 515 1535 543 ad
1557 523 1668 544 onmem
1683 516 1818 544 rationem

1036 564 1181 596 solertior.
1194 563 1313 591 excitata
1333 563 1367 590 ad
1386 562 1605 598 intelligendum,
1624 566 1661 594 et,
1679 566 1711 590 ut
1722 562 1763 589 ita
1779 562 1821 590 di-

1034 617 1106 643 cam,
1131 610 1254 637 mascula
1283 613 1375 637 mente
1400 609 1523 644 praedita.
1543 608 1632 641 lianc,
1657 608 1764 643 opinor,
1787 609 1822 635 ob

1035 664 1159 689 causam,
1173 656 1262 683 virum
1282 663 1362 684 suum
1393 662 1535 683 arcessere
1561 655 1644 689 jussit
1666 654 1820 686 mulierem,

1035 702 1153 730 obscure
1170 702 1371 738 quodammodo
1386 709 1446 729 eam
1461 705 1491 729 ut
1506 701 1602 729 rudem
1619 700 1782 735 increpans,‘
1794 703 1822 728 et

1037 751 1070 778 ad
1103 751 1300 786 capessendam
1329 751 1472 786 sapientiae
1500 750 1654 778 doctrinam
1686 749 1821 781 hebetem,

1036 797 1174 833 simulque
1188 797 1261 825 aliud
1277 797 1407 832 quiddam
1427 796 1644 832 pulcherrimum
1661 795 1820 823 instituens.

1072 885 1118 917 ιν,
1138 886 1181 918 l7,
1201 886 1244 913 18.
1266 884 1334 912 Dicit
1347 885 1371 911 ei
1389 885 1505 912 mulier:
1524 884 1617 911 Virum
1647 892 1698 910 non
1726 883 1822 911 habeo.

193 926 273 961 αὐτῇ
296 928 312 953 ό
342 925 473 959 Ἰησοῦς·
489 925 594 959 Καλῶς
620 924 719 958 εἶπες,
746 925 791 952 ὅτι
817 925 911 959 ἄνδρα
928 925 984 951 οὐκ

1041 932 1109 958 Dicit
1125 932 1149 959 ei
1165 931 1263 959 Jews:
1278 932 1346 959 Bene
1356 931 1461 962 dixisti,
1479 931 1541 967 quia
1558 939 1609 957 non
1625 930 1707 957 habeo
1720 931 1819 958 virum:

193 973 273 1007 ἔχω·
303 972 393 999 πέντε
412 971 468 1007 γὰρ
492 972 593 1006 ἔσχες,
615 972 664 998 καὶ
685 971 744 998 νῦν
764 970 800 997 ὃν
820 970 911 1005 ἔχεις,
929 970 986 996 οὐκ

194 1020 260 1046 ἐστι
285 1026 344 1045 σου
370 1018 457 1052 ἀνήρ.
489 1018 579 1045 Τοῦτο
605 1017 717 1052 ἀληθὲς
746 1017 879 1051 εἴρηκας,
905 1014 987 1050 λέγει

193 1064 276 1097 αὐτῷ
294 1066 312 1098 ἡ
331 1064 419 1099 γυνή.

230 1112 287 1138 Καὶ
304 1111 357 1137 τίνι
379 1110 472 1137 λοιπὸν
498 1110 548 1136 οὐκ
573 1109 606 1137 ἂν
629 1109 670 1144 εἵη
692 1107 858 1142 καταφανὲς,
884 1107 921 1138 ὡς
937 1106 988 1133 οὐκ

194 1158 287 1192 ἠγνόει
314 1157 364 1192 μὲν
389 1157 402 1184 ὁ
417 1155 510 1191 Σωτὴρ
530 1155 577 1183 τοῦ
595 1155 667 1182 κατὰ
690 1154 772 1190 νόμον
796 1152 989 1188 κατῳκηκὸτος

195 1204 300 1239 ἔρημον
311 1203 446 1238 ὑπάρχειν
455 1202 550 1237 αὐτὴν,
566 1201 703 1236 πρόφασιν
714 1200 742 1226 δὲ
757 1199 805 1226 τοῦ
817 1197 989 1233 ἁνακαλύψαι

195 1250 231 1276 τὰ
253 1249 437 1285 κεκρυμμένα
456 1248 506 1284 τὴν
520 1247 567 1274 τοῦ
585 1248 681 1283 ἀνδρὸς
693 1247 840 1281 ἐποιήσατο
855 1245 988 1280 ζήτησινς

195 1294 252 1323 Ἦν
267 1295 322 1332 γὰρ
337 1295 408 1322 οὕτω
431 1295 507 1330 μόλις
532 1294 672 1329 ὠφελῆσαι
690 1293 882 1328 θαυμάζουσαν
898 1291 989 1318 οὐκέτι

197 1342 290 1369 λοιπὸν
313 1343 351 1373 ὡς
376 1342 423 1368 ἕνα
449 1341 503 1368 τῶν
532 1340 593 1367 καθ’
608 1341 693 1375 ἡμᾶς,
715 1339 772 1366 ἀλλ’
800 1339 838 1370 ὡς
859 1337 929 1374 ὑπὲρ
944 1337 991 1365 ἄν·

198 1388 307 1424 θρωπον
322 1387 373 1422 ’ήδη
390 1386 433 1413 διὰ
447 1387 493 1414 τοῦ
516 1385 675 1421 παραδόξως
689 1385 789 1411 ειδέναι
810 1383 844 1411 τὰ
863 1385 892 1410 ὲν
909 1383 988 1418 αὐτῇ,

198 1433 363 1468 ἀποδέχεται
378 1432 406 1468 δὲ
429 1432 572 1468 χρησίμως
590 1431 673 1466 ἄνδρα
695 1430 827 1465 λέγουσαν
843 1431 893 1456 οὐκ
907 1429 989 1465 ἔχειν,

199 1479 289 1506 καίτοι
303 1467 442 1510 τοσούτοις
459 1477 695 1513 συνεφθαρμένην.
715 1477 751 1503 Οὐ
766 1477 820 1512 γὰρ
836 1476 944 1508 σύνοδος
958 1476 991 1502 ὲκ

199 1525 364 1560 φιληδονίας,
389 1524 445 1551 ἀλλ’
461 1525 478 1560 ὴ
491 1524 561 1551 κατὰ
578 1523 660 1559 νόμον
685 1523 847 1554 συναίνεσις,
865 1523 913 1549 καὶ
928 1522 991 1549 σύν-

198 1572 297 1607 δεσμος
309 1571 340 1603 ἐξ
355 1571 466 1607 ἀγάπης
478 1570 602 1606 καθαρᾶς
613 1570 658 1597 τὸν
671 1569 878 1605 ἀκατηγόρητον
892 1569 992 1596 ἀποτε-

198 1616 276 1643 λοῦσι
289 1617 388 1652 γάμον.

233 1663 333 1697 Κύριε,
349 1662 446 1696 θεωρῶ
460 1662 504 1689 ὅτι
520 1661 677 1696 προφήτης
692 1659 720 1688 sl
738 1661 789 1688 σύ.

233 1709 320 1741 Μόλις
345 1709 500 1744 ἀναλάμπει
526 1708 594 1744 πρὸς
618 1708 716 1743 νῆψιν,
740 1707 787 1734 καὶ
813 1706 892 1734 πάλιν
915 1703 992 1732 οὔπω

198 1756 316 1784 τελείαν.
350 1756 495 1791 Προφήτην
520 1755 574 1789 γὰρ
598 1753 638 1780 ἔτι
668 1753 746 1781 καλεῖ
772 1753 818 1779 τὸν
845 1750 991 1787 προφητῶν

200 1802 340 1838 Δεσπότην
351 1810 357 1816 ·
373 1801 443 1836 πλὴν
454 1800 573 1836 ἀμείνων
590 1800 607 1835 ἢ
626 1800 759 1835 πρότερον
770 1797 911 1832 ἀνεδείχθη
923 1795 993 1823 κατὰ

201 1848 300 1884 βραχὺ,
318 1848 377 1874 κατ’
392 1847 486 1874 οὐδένα
505 1846 555 1882 μὲν
568 1846 668 1881 τρόπον
694 1845 762 1881 πρὸς
782 1844 845 1876 τοὺς
867 1843 993 1877 ἐλέγχους

202 1894 384 1931 ὰσχάλλουσα,
407 1894 456 1928 τὴν
481 1893 509 1920 δὲ
533 1893 587 1920 ἀπὸ
611 1892 658 1919 τοῦ
686 1891 799 1927 σημείου
820 1889 935 1924 δύναμιν
954 1888 994 1919 εἰς

201 1941 335 1976 ὠφέλειαν
352 1940 525 1975 ἁρπάζουσα,
542 1940 590 1966 καὶ
617 1938 741 1973 μαλακῆς
768 1936 817 1972 μὲν
838 1934 925 1967 οὕτως
945 1934 993 1960 ὲκ-

202 1986 334 2013 6αινουσα
349 1984 458 2020 φρενὸς,
476 1984 594 2020 μετρίως
610 1992 642 2018 γε
661 1983 714 2018 μὴν
731 1983 770 2020 είς
789 1980 913 2008 νεανικὸν
926 1980 993 2006 ἀνα-

202 2031 332 2058 δαίνουσα
355 2014 499 2063 λῦῃ-καὶ
516 2014 566 2064 si};
727 2014 772 2053 τδν
797 2025 934 2060 ὀφθαλμὸν
954 2024 995 2055 εἰς

202 2077 274 2114 ἀήθη
301 2076 471 2113 πραγμάτων
499 2074 615 2111 θεωρίαν
642 2073 807 2100 ἐκτείνουσα.
839 2071 897 2105 Ἐφ’
918 2067 940 2105 ᾧ
962 2069 994 2104 δὴ

205 2124 322 2159 μάλιστα
352 2123 502 2158 θαυμάζειν
531 2120 677 2148 ἀκόλουθον
707 2119 757 2154 τὴν
786 2118 835 2145 τοῦ
869 2116 994 2152 Σωτῆρος

203 2169 283 2205 ἡμῶν
307 2168 482 2201 ἀνεξικακίαν
506 2175 536 2194 τε
558 2165 638 2202 1Ξομοῦ,
663 2165 711 2192 καὶ
731 2164 855 2199 δύναμιν,
881 2162 996 2193 καὶτὰς

202 2216 383 2247 ἀπαιδεύτους
404 2214 523 2246 διανοίας
547 2213 587 2244 εἱς
611 2212 775 2246 ἀξιάγαστον
795 2209 852 2243 ἕξιν
875 2209 994 2240 εὐκόλως

203 2261 324 2297 μεταρυο
329 2261 462 2297 μίζοντος.

241 2308 274 2335 οι
287 2306 413 2341 πατέρες
424 2305 509 2341 ἡμῶν·
518 2306 554 2333 ἐν
566 2305 607 2338 τῷ
622 2304 683 2338 ὄρει
697 2303 791 2336 τούτῳ
804 2301 994 2336 προσεκύνη-

202 2361 279 2381 σαν·
296 2353 345 2380 καὶ
360 2352 444 2387 ὑμεῖς
456 2351 559 2387 λέγετε
572 2351 615 2378 ὅτι
627 2350 662 2377 ἐν
679 2348 898 2383 Ἱεροσολύμοις
909 2346 996 2373 ἐστὶν

203 2401 220 2426 ό
245 2400 355 2432 τόπος,
382 2398 458 2426 ὅπου
484 2396 668 2432 προσκυνεῖν
692 2395 746 2422 δεῖ.
770 2394 855 2429 Λέγει
877 2391 954 2427 αὐτῇ
979 2393 996 2419 ὁ

210 2443 338 2479 Ἰησοῦς.

239 2490 387 2526 Προφήτην
400 2488 484 2520 ὅντως
499 2488 643 2524 ὑπάρχειν,
662 2486 709 2513 καὶ
729 2485 856 2512 Ἰουδαῖον
872 2483 995 2519 οῐηθεῖσα

202 2537 250 2564 τὸν
276 2536 394 2572 Κύριον,
418 2536 473 2568 τοῖς
499 2534 656 2569 ἐπιχωρίοις
680 2532 753 2559 ἔθεσι
784 2531 851 2558 πολὺ
877 2530 910 2566 δὴ
934 2529 994 2556 λίαν

203 2582 402 2618 ἐναϐρύνεται,
429 2581 476 2608 καὶ
500 2581 549 2617 τῆς
576 2579 710 2607 Ἰουδαίων
739 2577 867 2608 ὑπονοίας
899 2575 994 2611 βεϐου-

202 2627 316 2654 λεῦσθαι
336 2627 371 2654 τὰ
388 2626 503 2662 κρείττω
519 2626 580 2657 τοὺς
598 2624 771 2660 Σαμαρείτας
787 2621 993 2658 διῖσχυρίζεται.

206 2669 333 2702 ἰουδαῖοι
349 2674 398 2709 μὲν
411 2674 465 2708 γὰρ
479 2672 635 2708 παχυτέρας
648 2671 686 2698 ἔτι
704 2671 753 2702 τὰς
771 2670 834 2706 περὶ
851 2669 901 2704 τῆς
919 2668 995 2700 θείας

202 2730 234 2748 τε
255 2721 302 2748 καὶ
318 2720 465 2755 ἀσωμάτου
488 2719 594 2753 φύσεως
620 2717 761 2753 διαλήψεις
783 2716 941 2752 δεχόμενοι,
964 2715 993 2741 ὲν

204 2767 298 2803 μόνοις
321 2768 378 2798 τοῖς
397 2765 609 2801 Ἱεροσολύμοις,
635 2764 697 2799 ἢτοι
725 2763 794 2789 Σιὼν
821 2763 854 2797 τῇ
882 2761 993 2796 γείτονι,

203 2812 305 2848 χρῆναι
329 2810 537 2846 προσκυνεῖσθαι
559 2810 604 2836 τὸν
625 2809 671 2836 ἐπὶ
692 2809 794 2840 πάντας
815 2807 881 2834 Θεὸν
897 2806 994 2833 διετεί-

203 2865 292 2887 νοντο,
308 2857 345 2888 ὡς
361 2855 424 2891 ὅλης
443 2855 515 2888 ama
531 2855 580 2890 τῆς
596 2855 713 2890 ἀρρήτου
739 2853 785 2879 καὶ
801 2852 993 2887 ἀκαταλήπτου

204 2902 314 2939 φύσεως
328 2901 517 2935 καταλυούσης
535 2901 633 2933 ἐκεῖσε,
651 2899 697 2926 καὶ
726 2899 923 2935 χειροποιήτοις
948 2899 993 2925 ὲν-

1038 979 1154 1013 quinque
1172 979 1241 1005 enim
1265 980 1333 1006 uiros
1358 979 1486 1010 habuisti,
1504 983 1529 1005 et
1547 985 1616 1005 nunc
1635 986 1710 1013 quem
1732 977 1822 1009 habes,

1038 1031 1089 1050 non
1101 1028 1139 1051 est
1152 1029 1212 1051 mus
1226 1024 1276 1053 vir.
1298 1024 1355 1051 Hoc
1369 1033 1426 1052 uere
1436 1024 1540 1056 dixisti,
1555 1024 1620 1050 dicit
1635 1024 1659 1050 ei
1672 1023 1776 1050 mulier.

1073 1109 1124 1138 Cui
1138 1118 1204 1139 vero
1218 1119 1273 1139 non
1290 1111 1467 1139 manifestum
1485 1111 1520 1139 sit
1533 1111 1642 1139 demum
1655 1110 1822 1139 Salvatorem

1038 1163 1095 1183 non
1120 1156 1262 1192 ignorasse
1292 1157 1414 1192 legitimo
1440 1164 1499 1184 eam
1517 1157 1618 1184 marito
1643 1164 1747 1190 carere,
1764 1157 1823 1185 sed

1039 1203 1227 1237 percontando
1245 1203 1279 1230 de
1295 1203 1365 1236 viro,
1387 1204 1564 1231 occasionem
1584 1203 1691 1239 cepisse
1716 1204 1824 1232 occulta

1039 1248 1201 1276 revelandi?
1216 1248 1280 1276 Haec
1297 1249 1369 1277 enim
1383 1257 1438 1276 una
1460 1249 1533 1277 ratio
1546 1249 1746 1285 propemodum
1766 1254 1825 1277 erat

1040 1295 1114 1323 illius
1130 1296 1269 1331 iuvandae,
1282 1297 1305 1324 si
1323 1304 1379 1324 non
1392 1296 1447 1331 jam
1477 1304 1539 1324 eum
1552 1301 1582 1325 ut
1609 1305 1713 1325 merum
1737 1298 1824 1325 homi-

1040 1348 1113 1374 nem,
1129 1340 1178 1368 sed
1194 1346 1224 1368 ut
1240 1341 1350 1369 homine
1359 1342 1528 1377 superiorem
1551 1342 1745 1375 admiraretur,
1762 1347 1825 1378 puta

1041 1387 1084 1414 cui
1101 1386 1226 1414 inaudito
1245 1387 1328 1414 modo
1357 1395 1406 1415 sua
1435 1395 1537 1415 arcana
1564 1392 1699 1423 paterent;
1724 1389 1826 1417 utiliter

1042 1437 1133 1461 autem
1149 1441 1314 1468 responsum
1331 1434 1391 1469 ejus
1406 1434 1505 1469 probat
1536 1442 1591 1470 quo
1610 1435 1679 1462 dixit
1693 1435 1781 1462 virum
1798 1443 1826 1463 se

1041 1487 1096 1507 non
1113 1480 1224 1512 habere,
1239 1481 1347 1508 tametsi
1364 1489 1378 1508 a
1395 1485 1448 1508 tam
1466 1481 1559 1509 multis
1576 1481 1663 1509 fuerat
1688 1485 1826 1517 corrupta;

1041 1533 1095 1553 non
1105 1527 1176 1553 enim
1186 1527 1232 1560 qui
1241 1534 1271 1552 ex
1284 1526 1422 1561 voluptate
1429 1526 1563 1559 litcoilus,
1571 1527 1616 1554 sed
1625 1526 1669 1560 qui
1678 1527 1826 1554 secundum

1043 1572 1128 1607 legem
1143 1575 1186 1599 est
1201 1579 1366 1604 consensus,
1381 1575 1407 1599 et
1420 1579 1480 1607 qua!
1505 1580 1538 1600 ex
1553 1576 1630 1600 casto
1653 1579 1748 1602 amore
1763 1581 1826 1601 con—

1040 1619 1149 1655 junctio
1163 1619 1283 1648 exsistit.
1301 1619 1458 1653 inculpatas
1475 1619 1586 1654 nuptias
1601 1619 1732 1647 emciunt.

1077 1664 1123 1697 IV,
1139 1665 1182 1692 i9.
1205 1665 1326 1698 Domine,
1344 1665 1417 1692 video
1431 1665 1494 1701 quia
1505 1665 1629 1699 propheta
1639 1673 1666 1693 es
1678 1671 1716 1693 tu.

1077 1711 1199 1739 Tandem
1217 1712 1251 1740 ad
1267 1712 1452 1748 cognitionem
1481 1711 1592 1745 emicat,
1610 1711 1658 1739 sed
1674 1719 1735 1740 eam
1762 1719 1826 1740 non-

1042 1758 1107 1786 dum
1126 1757 1284 1794 perfectam.
1302 1757 1468 1794 Prophetam
1484 1757 1585 1785 etenim
1606 1757 1698 1786 adhuc
1713 1758 1828 1793 appellat

1043 1804 1240 1838 prophetarum
1255 1802 1417 1830 Dominum:
1431 1803 1527 1830 melior
1539 1807 1630 1830 tamen
1646 1803 1747 1830 sensim
1760 1803 1830 1830 facta

1043 1852 1085 1876 est
1103 1856 1184 1883 quam
1199 1848 1288 1883 prius,
1300 1847 1378 1875 nullo
1387 1847 1496 1881 quidem
1509 1847 1590 1874 utodo
1602 1847 1829 1882 reprehensiones

1043 1901 1114 1929 aegre
1129 1893 1232 1925 ferens,
1248 1893 1295 1920 sed
1311 1892 1436 1920 miraculi
1453 1893 1508 1920 vim
1523 1892 1627 1919 utiliter
1641 1892 1789 1927 arripiens,
1804 1897 1830 1920 et

1044 1947 1106 1967 cum
1126 1938 1177 1966 hac
1191 1938 1299 1965 ratione
1322 1937 1431 1964 mollem
1449 1937 1571 1964 animum
1594 1937 1728 1969 excutiat,
1754 1937 1832 1965 tardo

1044 1984 1225 2013 nihilominus
1241 1983 1322 2020 184
1336 1983 1369 2010 ad
1392 1983 1521 2011 virtutem
1541 1983 1677 2017 ascendit,
1692 1989 1719 2013 et
1738 1984 1831 2013 cordis

1043 2032 1154 2060 oculum
1170 2031 1203 2059 ad
1215 2031 1379 2059 inusitatum
1395 2037 1487 2058 rerum
1499 2031 1689 2066 spectaculum
1701 2031 1830 2059 intendit.

1044 2078 1073 2106 In
1093 2085 1148 2113 quo
1166 2077 1262 2104 mirari
1280 2077 1376 2111 utique
1397 2076 1477 2103 decet
1496 2073 1647 2105 Salinatoris
1663 2077 1751 2104 nostri
1774 2077 1830 2105 cle-

1044 2124 1173 2151 mentiam
1189 2122 1272 2150 simul
1293 2125 1320 2150 et
1336 2122 1476 2154 virtutem,
1494 2121 1540 2156 qui
1571 2121 1654 2149 rudes
1671 2123 1778 2150 animos
1802 2124 1831 2150 in

1045 2169 1231 2198 admirabilem
1252 2173 1354 2197 statum
1370 2167 1450 2196 facile
1462 2166 1650 2196 transformat.

1080 2302 1128 2335 IV,
1139 2302 1185 2330 20.
1201 2301 1298 2329 Patres
1316 2301 1402 2328 nostri
1421 2300 1448 2327 in
1465 2304 1553 2327 monte
1575 2299 1624 2327 hac
1641 2300 1830 2335 adoraverunt,

1046 2354 1071 2377 et
1095 2357 1139 2376 vos
1161 2347 1270 2380 divitis,
1297 2347 1360 2382 quia
1385 2345 1578 2381 Hierosolymis
1610 2350 1650 2374 est
1674 2345 1765 2381 locus,
1787 2349 1832 2375 ubi

1046 2396 1159 2424 adorare
1171 2399 1282 2429 oportet.
1296 2393 1367 2420 Dicit
1383 2393 1407 2420 ei
1426 2392 1515 2420 Iesus.

1081 2483 1149 2512 Cum
1170 2482 1316 2510 Dominum
1336 2488 1432 2508 revera
1447 2480 1610 2516 prophetam
1627 2488 1698 2513 esse,
1714 2488 1833 2517 eumque

1045 2526 1172 2554 Judaeum
1192 2525 1341 2558 existimet,
1357 2524 1454 2559 patriis
1471 2525 1570 2552 ritibus
1584 2525 1683 2552 mirum
1699 2530 1832 2561 quantum

1047 2573 1191 2610 gloriatur,
1215 2576 1243 2599 et
1275 2571 1465 2599 Samaritanos
1489 2571 1590 2599 asserit
1617 2572 1699 2608 longe
1726 2574 1832 2608 potiora

1048 2620 1179 2648 statuisse
1191 2625 1273 2654 quam
1293 2617 1415 2645 Iuda-os.
1431 2617 1518 2645 Judaei
1534 2618 1636 2653 quippe
1649 2619 1833 2648 crassioribus

1047 2665 1082 2693 de
1094 2664 1186 2692 divina
1203 2663 1381 2697 corporisque
1407 2667 1518 2698 experte
1544 2669 1642 2691 natura
1658 2665 1833 2698 opinionibus

1046 2711 1146 2740 imbuti
1162 2709 1360 2744 Hierosolymis
1375 2709 1519 2740 duntaxat,
1537 2714 1584 2736 aut
1614 2710 1642 2738 in
1660 2711 1748 2738 vicina
1765 2711 1831 2739 Sion

1046 2757 1217 2786 adorandum
1241 2763 1303 2783 esse
1331 2758 1492 2790 supremum
1513 2757 1633 2784 universi
1654 2756 1739 2785 Deum
1765 2765 1833 2785 cou-

1046 2804 1205 2836 tendebant,
1216 2803 1297 2838 quasi
1314 2806 1370 2829 tota
1388 2809 1502 2836 prorsus
1517 2802 1553 2829 ibi
1570 2803 1718 2831 ineﬂ'abilis
1741 2807 1768 2830 et
1791 2803 1832 2830 in-

1047 2849 1304 2886 comprehensibilis
1321 2853 1420 2875 natura
1442 2848 1590 2882 habitaret,
1607 2853 1635 2878 et
1665 2848 1833 2877 manufactis

1048 2897 1157 2932 templis
1186 2895 1291 2923 inclusa
1312 2894 1392 2923 foret.
1424 2895 1609 2928 Quamobrem
1638 2903 1705 2924 voce
1723 2902 1832 2930 quoque
