2028 3118
178 183 282 222 _303

721 183 748 210 S.
761 183 899 212 CYRILLI
917 184 1151 214 ALEXANDRINI
1165 186 1324 216 ARCHIEP.

1793 188 1843 216 501

228 239 421 275 prophetarum
433 238 537 274 supina:
548 239 598 266 hac
611 239 638 266 in
649 247 679 267 re
691 239 807 268 inscitia:
816 242 999 277 arguebantur

1063 243 1290 280 αποκλεισθείσης
1306 245 1389 277 ναοῖς.
1407 244 1452 271 Διὸ
1465 245 1508 281 δὴ,
1522 244 1569 272 καὶ
1581 244 1642 272 λίαν
1654 244 1844 277 ἀσυνετοῦντες

226 287 333 313 dicente
349 285 421 313 Deo:
438 294 447 310 ι
466 285 573 316 Caelum
590 285 707 313 thronus
722 294 809 320 meus,
829 291 899 314 terra
920 291 1010 315 autem

226 332 376 360 scabellum
391 331 488 367 pedum
517 339 652 359 meorum.
671 332 783 365 Qualem
799 333 909 360 domum
925 333 1010 360 aediﬁ-

225 378 323 404 cabitis
342 377 418 408 mihi,
433 377 500 404 dicit
511 377 665 404 Dominus?
681 377 722 405 vel
734 377 797 412 quis
812 378 889 406 locus
904 379 1010 414 requie-

225 423 261 450 tis
277 429 342 449 meae
351 421 396 449 “‘2
422 432 432 448 ›
454 421 619 450 Samaritani
633 430 699 450 vero
720 431 826 456 rursus,
839 424 878 451 uti
895 425 957 452 loco
983 429 1010 453 et

223 467 347 502 regione,
364 467 404 495 sic
417 468 501 495 etiam
516 468 626 495 inscitia
640 472 668 495 et
682 468 820 504 imperitia
830 468 932 498 Judzeis
949 470 1009 498 ﬁni—

223 513 294 546 limi,
316 513 344 541 in
364 517 468 546 monte,
499 514 547 549 qui
578 513 689 542 Garizin
708 514 862 547 dicebatur,
890 523 951 543 cum
982 520 1009 544 et

222 559 357 586 orandum
380 563 408 587 et
435 559 604 586 adorandum
632 563 771 594 putarent,
797 561 896 589 merito
919 561 1006 590 risum

222 611 276 632 non
289 603 435 640 emugiunt.
452 603 483 631 Ei
499 608 589 632 autem
606 605 731 632 stultitim
748 606 920 633 occasionem
940 615 1008 642 pra:-

220 650 281 678 buit
297 651 340 678 illa
356 651 521 683 benedictio,
537 658 618 686 quam
631 651 658 678 in
674 656 767 679 monte
782 651 895 680 Garizin
906 653 1007 681 iactam

219 698 247 724 in
265 697 478 724 Deuteronomio
501 697 628 732 legimus.
652 697 729 726 lianc
750 700 850 727 mulier
869 700 1007 729 Salvatori

219 742 396 778 qua-stionem
416 750 466 770 ceu
484 750 609 778 magnam
625 743 769 778 quamdam
782 749 808 772 et
821 745 1006 774 difﬁcillimam

218 789 402 824 obiectionem
422 789 563 824 proponit,
580 789 693 818 dicens:
713 799 723 816 ι
752 789 849 819 Patres
863 792 949 820 nostri
977 792 1006 820 in

219 839 311 863 monte
332 835 383 863 hoc
398 835 594 869 adoraverunt,
615 845 624 861 ι
642 839 697 864 etc.

251 976 296 1010 IV,
310 977 354 1004 2|.
370 976 452 1004 Crede
463 977 538 1011 mihi,
555 978 660 1009 mulier,
676 978 740 1013 quia
752 978 819 1006 venit
833 978 908 1012 liora,
920 988 1003 1015 quan-

215 1025 249 1050 do
265 1031 346 1058 neque
364 1024 391 1049 in
406 1023 599 1059 Hierosolymis
610 1044 617 1058 ,
634 1032 715 1060 neque
730 1025 758 1052 in
772 1030 860 1054 monte
876 1026 924 1053 hoc
936 1026 1003 1054 ado-

215 1069 312 1096 rabitis
330 1069 449 1096 Patrem.
880 1096 883 1099 .

249 1111 376 1140 Omnium
391 1113 528 1147 inscitiam
543 1114 626 1142 simul
648 1116 825 1150 condemnat,
843 1125 906 1144 cum
935 1117 1001 1146 ado-

215 1158 293 1185 randi
316 1158 438 1190 modum,
456 1159 503 1194 qui
518 1160 592 1194 apud
615 1165 748 1196 utrosque
767 1162 936 1194 obtinuerat.
968 1164 1002 1191 ad

215 1204 348 1232 veriorem
368 1205 531 1233 translatum
548 1206 583 1233 iri
609 1207 659 1234 ait.
688 1206 749 1235 Non
777 1209 850 1235 enim
866 1214 1002 1244 quaeretur

213 1250 333 1285 amplius
346 1251 434 1283 locus,
455 1251 556 1287 inquit,
575 1253 602 1280 in
619 1260 674 1288 quo
695 1255 807 1289 proprie
822 1254 907 1283 Deum
922 1256 1002 1284 babi-

213 1301 272 1322 tare
298 1295 466 1328 existiment,
483 1297 531 1324 sed
556 1302 586 1324 ut
606 1298 653 1333 qui
681 1299 809 1328 universa
836 1300 946 1335 impleat
974 1305 1001 1330 et

213 1341 356 1369 continere
370 1341 459 1369 valeat
477 1341 634 1376 Dominum,
655 1344 734 1379 185
747 1344 902 1374 adorabunt
914 1355 1000 1376 unus-

212 1381 387 1422 quisque-de
416 1387 477 1415 loco
503 1395 564 1421 suo,
594 1389 666 1417 sicut
696 1390 807 1425 quidam
840 1396 999 1421 sanctorum

212 1433 408 1467 prophetarum
426 1433 476 1460 ait.
494 1432 594 1460 Horam
616 1439 708 1462 autem
725 1440 752 1463 et
765 1440 875 1472 tempus
893 1437 1000 1472 ejusce—

213 1477 286 1504 modi
304 1478 404 1506 rituum
434 1479 655 1514 abrogandorum
688 1488 768 1508 suum
785 1481 814 1508 in
832 1482 906 1510 hunc
921 1491 1001 1510 mun-

212 1523 276 1550 dum
291 1531 353 1551 cum
371 1531 486 1559 corpore
516 1524 663 1552 adventum
693 1526 741 1554 ait.
757 1526 878 1555 Observa
909 1534 999 1557 autem

212 1576 266 1604 quo
290 1573 371 1604 pacto
399 1570 518 1605 eleganti
548 1578 664 1605 prorsus
693 1572 800 1600 ratione
829 1573 999 1602 muliercula:

211 1618 330 1641 mentem
353 1614 387 1642 ad
415 1615 626 1650 intelligentiam
653 1616 714 1644 Filii
740 1617 869 1651 deducat,
888 1619 994 1648 Patrem

212 1658 295 1685 Deum
315 1658 452 1686 vocando:
463 1660 601 1694 quomodo
617 1661 701 1693 enim,
717 1669 819 1697 quaeso,
833 1663 999 1700 intelligere-

210 1707 256 1731 tur
272 1703 363 1737 Pater,
379 1712 434 1732 non
447 1706 594 1733 cxsistente
606 1705 676 1734 Filio
688 1707 700 1733 ?

536 1762 614 1790 CAP.
632 1762 665 1790 ν.

210 1805 288 1846 Quod
304 1806 393 1834 Filius
409 1815 460 1846 non
473 1808 508 1834 sit
522 1808 591 1846 inter
602 1809 744 1846 adorantes
761 1816 890 1846 quatenus
930 1812 996 1840 Ver-

245 1841 306 1868 bum
318 1847 357 1869 est
375 1850 405 1869 ac
425 1842 505 1876 Deus,
522 1844 566 1870 sed
583 1852 643 1871 cum
657 1845 738 1873 Patre
753 1841 840 1881 potius
862 1847 996 1877 adoretur.

244 1929 289 1961 ιν,
305 1929 363 1976 22..
375 1930 424 1957 Vos
442 1930 561 1958 adoratis
571 1932 639 1968 quod
655 1934 777 1962 nescilis:
792 1944 838 1963 nos
855 1936 997 1966 adoramus

208 1976 276 2012 quod
293 1977 402 2010 scimus,
418 1977 480 2012 quia
491 1978 564 2005 salus
576 1986 609 2006 ex
619 1977 722 2007 luditis
736 1986 785 2008 est.

243 2063 377 2099 Loquitur
391 2064 481 2092 denuo
494 2069 523 2092 ut
536 2064 647 2094 Iudaeus
661 2070 699 2094 et
723 2067 816 2100 homo,
841 2069 881 2096 rei
900 2070 996 2098 ordine

209 2110 280 2138 hunc
293 2111 374 2138 etiam
391 2111 518 2146 loquendi
536 2112 646 2140 modum
663 2114 832 2148 postulante;
859 2123 910 2142 nec
923 2117 995 2144 enim

207 2157 333 2185 Christus
364 2165 379 2184 a
407 2158 507 2186 decoro
537 2162 564 2186 et
594 2160 798 2193 opportunitate
819 2161 995 2190 aberraverit.

207 2203 316 2231 Tribuit
338 2208 429 2231 autem
454 2205 515 2240 plus
531 2205 633 2240 aliquid
655 2206 822 2240 cognitionis
838 2206 994 2236 Judaaorum

207 2251 303 2277 cultui.
317 2250 481 2277 Samaritani
499 2251 632 2285 siquidem
650 2251 768 2287 simplici
788 2256 815 2280 et
840 2253 994 2282 inconsulta
1011 2273 1031 2301 υ

207 2297 313 2323 ratione
326 2295 409 2323 Deum
434 2296 559 2329 adorant;
586 2295 671 2323 Judai
688 2304 752 2324 vero
779 2305 827 2332 per
854 2299 939 2335 legem
968 2304 995 2328 et

205 2343 354 2377 pmphetas
378 2341 434 2369 veri
453 2341 500 2368 Dei
521 2342 679 2376 cognitione
701 2347 833 2377 quantum
851 2344 878 2371 in
901 2352 930 2372 se
954 2349 996 2373 est

206 2392 325 2423 accepta.
338 2387 454 2422 Ideoque
465 2386 571 2414 nescire
579 2386 766 2416 Samaritanos
773 2389 819 2422 ait,
832 2389 877 2417 sed
886 2388 994 2418 Iudaeos

206 2433 277 2460 scire
295 2431 507 2468 quodammodo.
523 2439 557 2459 ex
578 2432 679 2467 quibus
699 2434 780 2461 etiam
799 2435 931 2462 orituram
949 2443 994 2464 sa-

206 2478 289 2506 lutem
301 2478 428 2509 aﬂirmat,
444 2482 567 2504 nostram
596 2478 733 2506 videlicet.
762 2478 891 2507 Christus
918 2481 991 2508 cnim

204 2527 295 2553 estex
320 2524 423 2551 semine
439 2523 560 2555 Davidis,
577 2523 652 2558 quod
670 2524 704 2551 ad
737 2532 847 2552 carnem
875 2526 990 2555 attinet:

204 2569 289 2597 David
297 2573 387 2596 autem
403 2576 436 2596 ex
455 2568 528 2596 tribu
547 2568 619 2596 Juda
636 2571 770 2599 oriundus
795 2577 847 2599 est.
865 2571 991 2607 Seipsum

203 2622 286 2650 porro
304 2615 375 2642 inter
398 2614 558 2643 adoratores
587 2616 721 2649 collocat,
738 2621 768 2644 ut
781 2617 874 2651 homo,
897 2619 920 2646 is
944 2619 990 2654 qui

202 2668 264 2687 cum
281 2659 336 2686 Deo
353 2663 379 2686 et
395 2659 486 2693 Patre,
503 2668 564 2687 cum
576 2667 591 2687 a
605 2661 697 2695 nobis,
714 2666 801 2691 tum.a
816 2663 921 2690 sanctis
939 2671 989 2690 an-

202 2706 269 2740 gelis
284 2705 426 2732 adoratur.
441 2705 557 2738 Quando
571 2707 644 2734 enim
663 2707 790 2735 servilem
811 2707 926 2735 formam
945 2715 989 2736 as-

201 2752 327 2786 sumpsit,
360 2752 527 2780 conveniens
559 2761 669 2789 quoque
697 2761 777 2782 servo
804 2753 986 2781 ministerium

200 2796 300 2830 explet,
312 2804 483 2832 nequaquam
495 2797 623 2826 desinens
635 2806 697 2826 esse
709 2798 790 2832 Deus,
803 2806 835 2826 ac
846 2799 986 2832 Dominus,

200 2845 228 2869 ct
244 2841 409 2870 adorandus.
430 2843 521 2872 Manet
537 2844 608 2872 enim
634 2843 719 2877 idem,
747 2844 811 2872 licet
836 2844 925 2873 factus
951 2845 986 2873 sit

235 2930 258 2946 "
275 2930 326 2959 lsa.
342 2939 418 2965 vat,
435 2932 461 2959 i.‘
502 2963 510 2974 ⁵

1061 290 1108 316 ἐπὶ
1121 290 1207 326 τούτῳ
1224 290 1268 317 διὰ
1289 291 1338 327 τῆς
1350 291 1403 318 τῶν
1417 290 1564 327 προφητῶν
1584 290 1728 326 ἠλέγχοντο
1742 291 1843 326 φωνῆς,
1855 297 1858 301 ’

1060 335 1107 362 τοῦ
1121 335 1188 362 Θεοῦ
1201 336 1325 371 λέγοντος
1337 345 1345 353 ·
1372 346 1381 363 ι
1393 337 1421 364 '0
1432 337 1544 373 οὐρανός
1559 345 1603 372 μοι
1619 336 1722 372 θρόνος,
1737 337 1754 371 ἡ
1766 336 1795 363 δὲ
1808 337 1843 371 γῆ

1061 381 1204 408 ὑποπόδιον
1218 382 1271 408 τῶν
1288 382 1376 409 ποδῶν
1398 391 1458 418 μου.
1473 383 1552 408 Ποῖον
1569 380 1641 408 οἷκον
1654 381 1844 416 οἰκοδομήσετέ

1062 435 1117 462 μοι,
1143 427 1216 462 λέγει
1238 428 1350 464 Κύριος,
1370 429 1386 464 ἢ
1406 429 1448 460 τίς
1466 428 1548 460 τόπος
1569 428 1618 463 τῆς
1644 427 1843 459 καταπαύσεώς

1061 481 1112 508 μου
1125 481 1134 507 ;
1149 483 1157 499 I
1169 474 1335 510 Σαμαρεῖται
1347 474 1375 501 δὲ
1389 474 1479 506 πάλιν,
1495 473 1525 500 οὒ
1544 473 1638 509 πόρῤω
1652 473 1700 508 τῆς
1712 471 1843 498 Ἰουδαίων

1059 519 1178 555 ἀμαθίας
1195 521 1328 554 κείμενοι,
1345 520 1436 556 χώραν
1459 528 1487 547 τε
1509 519 1576 555 ὁμοῦ
1598 519 1646 546 καὶ
1666 518 1844 546 ἀπαιδευσίαν

1058 565 1158 601 ὅμορον
1179 565 1303 601 ἔχοντες,
1327 566 1356 593 ὲν
1380 565 1438 601 ὄρει
1461 565 1500 600 τῷ
1517 564 1642 600 Γαρίζειν
1658 563 1729 590 οὕτω
1745 563 1842 589 καλου-

1059 611 1142 647 μένῳ,
1160 612 1205 638 καὶ
1226 611 1422 647 προσεύχεσθαι
1446 610 1511 643 δεῖν,
1537 611 1584 637 καὶ
1606 611 1768 646 προσκυνεῖν
1788 610 1842 636 οἰό-

1059 665 1144 692 μενοι,
1156 657 1187 684 τὸ
1196 657 1326 692 γελᾶσθαι
1339 657 1449 688 δικαίως
1466 656 1496 683 οὐ
1509 655 1694 691 διαφεύγουσι.
1707 656 1802 689 Γέγονε
1815 655 1842 681 δὲ

1057 702 1104 728 καὶ
1118 701 1202 737 αὐτῆς
1218 702 1267 737 τῆς
1288 701 1380 733 ἀνοίας
1398 702 1414 737 ὴ
1430 701 1577 737 πρόφασις,
1600 700 1631 727 τὸ
1653 699 1775 727 δεδόσθαι
1793 699 1842 735 τὴν

1057 747 1181 782 εὐλογίαν
1191 748 1219 775 ὲν
1231 747 1289 783 ὄρει
1298 747 1433 783 Γαρίςειν,
1441 746 1532 778 καθὼς
1548 747 1577 773 ὲν
1590 745 1628 781 τῷ
1642 745 1843 781 Δευτερονομίῳ

1055 793 1248 828 γεγραμμένον
1263 793 1435 828 εὑρίσκομεν.
1451 791 1559 827 Ταύτην
1573 792 1590 827 ἡ
1607 791 1675 827 γυνὴ
1687 790 1726 826 τῷ
1735 790 1842 825 Σωτῆρι

1055 839 1104 875 τὴν
1121 838 1243 874 ζήτησιν,
1268 838 1306 871 ὣς
1321 848 1347 866 τι
1368 838 1438 874 μέγα
1471 838 1518 865 καὶ
1534 836 1757 872 δυσκατάληπτον
1776 836 1843 872 πρό-

1057 884 1149 920 δλημα
1160 885 1319 920 προϊσχεται
1330 884 1445 919 λέγουσα
1457 891 1464 900 ·
1483 893 1492 910 ‹
1502 884 1533 910 Οἱ
1544 884 1661 919 πατέρες
1674 883 1751 918 ἡμῶν
1763 883 1791 909 ὲν
1803 882 1842 917 τῷ

1020 922 1041 952 Β
1056 930 1112 966 δρει
1126 930 1214 965 τούτῳ
1230 929 1446 965 προσεκύνησαν,
1463 939 1472 956 ›
1491 929 1537 956 καὶ
1551 929 1586 956 τὰ
1599 929 1673 964 ἑξῆς.

1011 1600 1032 1629 C

1089 976 1217 1004 Πίστευέ
1231 985 1293 1011 μοι,
1307 977 1406 1011 γύναι,
1422 976 1468 1003 ὅτι
1481 975 1598 1010 ἔρχεται
1614 975 1684 1010 ὥρα,
1706 975 1756 1003 ὅτε
1772 976 1843 1003 οὔτε

1052 1022 1087 1049 ἐν
1108 1022 1340 1057 Ἱεροσολύμοις,
1363 1022 1432 1049 οὔτε
1456 1021 1490 1048 ἐν
1502 1021 1542 1054 τῷ
1564 1021 1625 1056 ὄρει
1644 1021 1737 1055 τούτῳ
1749 1028 1843 1055 προσ-

1053 1069 1204 1103 κυνήσετε
1218 1068 1258 1102 τῷ
1271 1069 1373 1103 Πατρί.

1100 1116 1184 1152 Ὁμοῦ
1213 1117 1263 1152 τῆς
1293 1116 1422 1143 ἁπάντων
1451 1113 1571 1149 ἀμαθίας
1607 1113 1840 1150 καταψηφίζεται,

1054 1161 1286 1197 μετατεθήσεσθαι
1304 1160 1391 1194 λέγων
1406 1159 1453 1186 ἐπὶ
1464 1160 1494 1187 τὸ
1510 1158 1692 1194 ἀληθέστερον
1708 1159 1759 1194 τῆς
1775 1159 1841 1194 παρ’

1051 1207 1152 1242 ἀμφοῖν
1164 1206 1290 1242 λατρείας
1307 1205 1337 1232 τὸ
1349 1205 1451 1241 σχῆμα.
1473 1205 1511 1232 Οὐ
1527 1205 1581 1241 γὰρ
1594 1204 1644 1236 ἔτι,
1659 1205 1736 1240 φησὶ,
1754 1203 1841 1240 ζητη-

1052 1254 1163 1289 θήσεται
1186 1253 1277 1285 τόπος,
1295 1254 1324 1280 ὲν
1337 1249 1359 1287 ᾧ
1379 1252 1411 1288 δὴ
1433 1252 1535 1287 κυρίως
1550 1252 1687 1287 οἰήσονται
1702 1252 1840 1278 κατοικεῖν

1051 1300 1096 1326 τὸν
1108 1299 1184 1330 Θεὸν.
1209 1299 1266 1326 ἀλλ’
1279 1298 1316 1330 ὡς
1328 1297 1363 1325 τὰ
1379 1297 1467 1325 πάντα
1487 1296 1635 1332 πληροῦντι
1654 1297 1701 1324 καὶ
1717 1296 1845 1332 συνέχειν

1053 1345 1171 1381 ἰσχύοντι
1186 1344 1405 1380 προσκυνήσουσι
1429 1343 1468 1379 τῷ
1490 1342 1595 1378 Κυρίῳ,
1619 1342 1732 1374 ἕκαστος
1745 1343 1777 1369 ὲκ
1791 1341 1840 1369 τοῦ

1050 1391 1132 1418 τόπου
1150 1390 1241 1422 αὐτοῦ,
1264 1389 1391 1426 καθάπερ
1404 1390 1447 1421 τίς
1469 1398 1536 1424 φησι
1552 1389 1606 1415 τῶν
1623 1388 1708 1422 ἁγίων
1730 1397 1839 1423 προφη-

1049 1437 1113 1464 τῶν.
1131 1437 1215 1472 Ὥραν
1239 1436 1268 1463 δὲ
1291 1436 1339 1463 καὶ
1363 1435 1459 1471 καιρὸν
1480 1435 1530 1470 τῆς
1551 1434 1605 1462 τῶν
1621 1433 1747 1461 τοιούτων
1768 1434 1841 1461 ἐθῶν

1051 1483 1254 1518 μεταστάσεως,
1279 1482 1328 1517 τὴν
1343 1480 1439 1508 ἑαυτοῦ
1458 1481 1526 1516 μετὰ
1546 1480 1671 1516 σώματος
1691 1479 1840 1515 ἐπιδημίαν

1049 1529 1078 1555 ὲν
1090 1529 1184 1564 κόσμῳ
1199 1528 1292 1563 φησίν.
1321 1528 1460 1563 Ἐπιτήρει
1476 1527 1504 1554 δὲ
1524 1527 1599 1558 ὅπως
1616 1525 1776 1562 ἁστειοτάτῃ
1789 1526 1839 1552 τοῦ

1050 1573 1127 1608 λόγου
1152 1575 1326 1609 χρησάμενος
1352 1574 1445 1609 ἀγωγῇ
1475 1573 1543 1608 πρὸς
1569 1572 1674 1605 ἐννοίας
1695 1573 1744 1604 τὰς
1772 1573 1839 1608 περὶ

1049 1620 1114 1647 Υἱοῦ
1138 1620 1250 1656 ποδηγεῖ
1272 1619 1318 1646 τοῦ
1335 1619 1445 1654 γυναίου
1466 1619 1512 1646 τὸν
1533 1618 1606 1650 νοῦν,
1622 1619 1732 1655 Πατέρα
1746 1618 1839 1645 καλῶν

1047 1666 1093 1693 τὸν
1106 1666 1172 1694 Θεόν
1186 1674 1193 1682 ·
1215 1665 1274 1698 πῶς
1289 1666 1344 1701 γὰρ
1357 1665 1390 1692 ἂν
1406 1664 1474 1697 ὅλως
1487 1666 1574 1692 νοοῖτο
1587 1665 1681 1700 Πατὴρ
1693 1665 1743 1692 οὐκ
1760 1665 1839 1697 ὄντος

1049 1712 1131 1744 Υίοῦ;

1343 1767 1471 1794 ΚΕΦΑΛ.
1491 1767 1530 1794 E'.

1049 1814 1114 1841 "Ott
1127 1813 1183 1841 οὐκ
1198 1813 1233 1849 ἐν
1250 1812 1565 1849 γτοῒςλπροσκυνοῦσίν
1586 1812 1708 1849 ἑστιν-κο
1731 1813 1798 1849 [hic
1816 1799 1851 1849 15‘

1083 1849 1178 1883 Λόγος
1191 1848 1257 1875 ἐστὶ
1279 1847 1328 1875 καὶ
1342 1848 1425 1880 Θεὸς,
1445 1847 1657 1882 προσκυνεῖται
1672 1848 1706 1875 δὲ
1713 1847 1838 1883 pri/1.105-

1081 1883 1155 1918 μετὰ
1174 1883 1298 1917 Πατρός.

1089 1929 1186 1965 Ὑμεῖς
1206 1928 1402 1964 προσκυνεῖτε
1413 1927 1428 1955 ὃ
1438 1928 1494 1955 οὐκ
1511 1927 1620 1961 οιδατε,
1639 1928 1723 1964 ἡμεῖς
1738 1937 1836 1964 προσ·-

1047 1975 1214 2009 κυνοῦμεν,
1239 1974 1254 2001 ὃ
1281 1974 1414 2009 οἴδαμεν,
1450 1974 1494 2000 ὅτι
1519 1973 1538 2007 ἠ
1563 1975 1693 2009 σωτηρία
1715 1975 1750 2002 ἐκ
1774 1975 1837 2002 τῶν

1053 2021 1204 2050 Ἰουδαίων
1215 2021 1311 2048 ἐστίν.

1081 2068 1164 2095 Λαλεί
1177 2068 1225 2103 μὲν
1238 2066 1317 2093 τξὰλιν
1329 2067 1366 2098 ὡς
1381 2065 1505 2097 Ἰουδαῖος
1516 2066 1563 2092 καὶ
1575 2065 1727 2101 ἄνθρωπος,
1739 2066 1835 2094 τοῦτον

1046 2113 1093 2139 καὶ
1108 2113 1155 2139 νῦν
1171 2111 1338 2146 ἀπαιτούσης
1358 2110 1403 2137 τὸν
1418 2110 1517 2146 τρόπον
1538 2111 1587 2146 τῆς
1610 2110 1656 2137 τοῦ
1672 2111 1836 2147 πράγματος

1046 2157 1201 2193 οἰκονομίας
1215 2166 1222 2172 ·
1247 2156 1308 2183 οὐδὲ
1329 2155 1382 2191 γὰρ
1402 2155 1434 2182 ἂν
1450 2155 1546 2191 καιροῦ
1567 2163 1596 2181 τε
1613 2155 1660 2183 καὶ
1680 2156 1835 2191 πρέποντος

1045 2204 1189 2238 ἀπεσφάλη
1213 2202 1338 2238 Χριστός.
1366 2201 1508 2236 Ἀπονέμει
1527 2201 1556 2228 δέ
1572 2210 1597 2228 τι
1620 2201 1667 2228 καὶ
1688 2201 1770 2228 πλέον
1793 2203 1835 2234 εἰς

1047 2250 1152 2277 σύνεσιν
1173 2250 1232 2281 ταῖς
1259 2247 1392 2275 Ἰουδαίων
1413 2247 1565 2283 λατρείαις.
1590 2247 1756 2282 Σαμαρεῖται
1782 2248 1834 2283 μὲν

1045 2295 1154 2331 γὰρ,ὼς
1169 2296 1198 2322 ὲν
1214 2294 1291 2329 ἁπλῷ
1301 2303 1330 2320 τε
1347 2294 1392 2320 καὶ
1405 2293 1533 2328 ἀζητήτῳ
1549 2292 1631 2328 λόγῳ,
1649 2293 1833 2328 προσκυνοῦσι

1044 2341 1089 2369 τὸν
1103 2340 1169 2367 Θεὸν
1179 2348 1187 2357 ·
1203 2340 1323 2368 Ἰουδαῖοι
1339 2339 1378 2370 δὲ,
1395 2339 1438 2366 διὰ
1452 2339 1534 2374 νόμου
1551 2339 1597 2365 καὶ
1610 2339 1766 2374 προφητῶν,
1782 2339 1833 2374 τὴν

1043 2387 1089 2414 τοῦ
1103 2387 1177 2418 δντος
1193 2386 1292 2420 γνῶσιν
1316 2385 1386 2412 κατά
1405 2385 1436 2412 τὸ
1450 2384 1586 2420 ἐγχωροῦν
1607 2384 1754 2420 δεχόμενοι.
1781 2386 1833 2413 Διὰ

1042 2433 1121 2460 τοῦτο
1145 2432 1315 2466 Σαμαρείτας
1341 2431 1390 2466 μὲν
1411 2431 1462 2457 οὐκ
1485 2430 1583 2458 εἰδέναι
1612 2431 1710 2466 φησιν,
1737 2430 1831 2464 ὲξεπί-

1043 2478 1158 2505 στασθαι
1172 2477 1200 2504 δέ
1218 2486 1276 2509 πως
1292 2477 1355 2508 τοὺς
1377 2476 1528 2508 Ἰουδαίους,
1544 2476 1574 2509 ἐξ
1588 2473 1624 2503 ὧν
1645 2477 1691 2504 καὶ
1705 2477 1832 2512 ἀναδειχ-

1044 2523 1173 2559 θήσεσθαι
1193 2521 1242 2557 τὴν
1269 2521 1416 2557 σωτηρίαν,
1440 2521 1545 2548 ἑαυτῶν
1565 2521 1685 2556 δηλονότι
1700 2522 1831 2558 διῐσχυρί-

1043 2569 1129 2602 ζεται.
1160 2568 1226 2595 Ἀπὸ
1249 2568 1303 2603 γὰρ
1328 2567 1483 2602 σπέρματος
1503 2567 1584 2594 Δασὶδ
1605 2567 1635 2594 τὺ
1652 2567 1722 2594 κατὰ
1742 2568 1833 2605 σάρκα

1043 2613 1170 2650 Χριστὸς,
1186 2613 1271 2648 φυλῆς
1284 2613 1312 2639 δὲ
1327 2612 1375 2648 τῆς
1399 2612 1483 2640 Ἰούδα
1505 2612 1618 2647 γέγονεν
1636 2614 1650 2640 ὸ
1672 2613 1764 2640 Δαϐίδ.
1786 2614 1832 2641 Ἐν

1042 2661 1071 2687 δὲ
1086 2661 1143 2692 τοῖς
1167 2658 1366 2694 προσκυνοῦσιν
1386 2658 1481 2685 ἑαυτὸν
1505 2659 1667 2686 κατατάττει
1689 2659 1770 2686 πάλιν
1792 2659 1832 2690 ὡς

1042 2706 1194 2742 ἄνθρωπος,
1219 2705 1232 2731 ὁ
1249 2705 1319 2740 μετὰ
1333 2705 1399 2732 Θεοῦ
1416 2705 1463 2732 καὶ
1483 2705 1600 2740 Πατρὸς,
1619 2705 1688 2740 πρός
1707 2714 1736 2732 τε
1751 2705 1831 2740 ἡμῶν

1041 2753 1088 2779 καὶ
1108 2751 1162 2778 τῶν
1187 2751 1271 2786 ἁγίων
1295 2751 1417 2785 ἀγγέλων
1442 2751 1686 2787 προσκυνούμενος.
1719 2751 1830 2787 Ἐπειδὴ

1041 2798 1095 2833 γὰρ
1119 2796 1150 2823 τὸ
1171 2796 1304 2822 οἰκετικὸν
1335 2796 1527 2832 περιεῦάλ).ετο
1549 2797 1640 2832 σχῆμα
1659 2797 1709 2832 τὴν
1734 2797 1830 2832 οἰκέτῃ

1040 2837 1374 2879 πρέπουσανὰποπληροϊ
1397 2842 1581 2880 λειτουργίαν,
1618 2843 1669 2870 οὐκ
1693 2838 1832 2875 ἀπολέσας
