2028 3118
186 172 239 200 305

706 172 739 200 ΙΝ
754 171 896 200 JOANNIS
916 171 1139 221 EVANCELlIiM
1162 171 1226 200 LIB.
1243 173 1274 200 ll.

1755 168 1806 198 506

184 233 216 260 τὸ
235 227 304 259 εἷναι
321 232 397 264 Θεὸς,
419 232 464 260 καὶ
483 232 594 269 Κύριος,
613 233 660 260 καὶ
677 234 872 269 προσκυνητός.
890 233 973 261 Μένει

1031 240 1117 266 Itomo,
1130 237 1157 261 et
1173 234 1274 269 ubique
1286 233 1500 270 dispensationis
1517 240 1579 262 eum
1594 240 1677 261 carne
1695 240 1809 261 servans

185 278 240 314 γὰρ
254 279 268 305 ὁ
281 278 362 310 αὐτὸς
378 279 402 304 εί
416 279 463 305 καὶ
478 278 589 313 γέγονεν
612 279 764 315 ἄνθρωπος,
781 279 929 311 ἀποσώζων
945 279 973 305 δὲ

186 323 311 358 πανταχῆ
323 323 374 358 τῆς
387 324 454 359 μετὰ
468 323 567 359 σαρκὸς
580 323 735 360 οἰκονομίας
748 324 793 352 τὸν
809 325 887 360 λόγον
897 333 903 339 ·
923 323 974 352 κᾶν

188 368 309 404 μεγάλην
327 368 394 405 ἴδῃς,
413 370 459 396 καλ
474 369 601 405 ὑπερφυᾶ
616 370 665 405 τὴν
680 370 853 403 ταπείνωσιν,
867 371 973 406 θαυμα-

187 415 252 450 στὴς
276 415 417 450 εἰσέρχου,
448 416 485 451 μὴ
513 416 678 453 κατήγορος,
707 417 744 452 μὴ
769 416 973 453 φιλεγκλήμων,

189 461 288 496 μᾶλλον
318 461 346 487 δὲ
377 461 506 496 μιμητής.
547 460 692 493 Τοιούτους
724 462 738 488 ὁ
765 461 871 493 Παῦλος
902 462 974 497 ἡμᾶς

186 502 302 542 δρᾶσθαι
325 506 448 542 βούλεται
467 506 554 541 λέγων
575 515 583 522 ·
618 516 627 533 ι
645 507 738 543 Τούτῳ
763 508 894 542 φρονείτω
916 508 973 544 [ιιι.

186 551 265 578 τοῦτο
277 552 411 587 φρονεῖτε]
435 552 549 590 ἕκαστος
572 553 601 580 ὲν
624 553 687 588 ὑμῖν
714 554 816 586 αὐτοῖς,
838 554 853 580 ὂ
875 554 921 581 καὶ
945 554 975 580 ὲν

187 596 298 632 Χριστῷ
329 596 433 631 Ἰησοῦ,
458 597 487 629 ὓς
511 598 539 624 ἐν
563 599 653 633 μορφῇ
677 597 746 625 Θεοῦ
775 599 906 634 ὑπάρχων
925 599 975 635 οὐχ

187 641 334 677 ἁρπαγμὸν
354 641 476 677 ἡγήσατο
495 642 527 669 τὸ
549 641 618 669 εἶναι
640 643 685 671 ῐσα
705 643 780 679 Θεῷ,
803 644 862 671 ἀλλ’
879 645 974 671 ἑαυτὸν

187 686 305 712 ὲκένωσε
329 686 434 722 μορφὴν
451 687 544 714 δούλου
565 687 669 721 λαϐὼν,
698 690 727 716 ὲν
748 689 902 724 ὁμοιώματι
926 690 974 717 ἀν-

187 731 305 766 θρώπων
318 732 472 767 γενόμενος,
489 733 534 760 καὶ
548 733 666 769 σχήματι
676 731 803 770 εὑρεθεὶς
815 735 854 767 ὡς
869 734 974 771 ἄνθρω-

188 786 256 809 πος,
281 778 461 806 ἐταπείνωσεν
483 780 588 808 ἑαυτόν.
609 789 633 814 r_
657 781 737 816 Ὁρᾷς
757 781 831 813 ὅπως
851 789 974 808 ταπεινο-

187 823 324 859 φροσύνης
337 824 488 861 ὑπόδειγμα
502 826 613 860 γέγονεν
632 827 699 862 ἡμῖν
713 827 726 854 ὁ
742 827 806 859 Υἱὸς
826 827 855 853 ἐν
872 827 974 862 ἰσότητι

188 869 239 904 μὲν
259 869 388 906 ὑπάρχων
404 871 450 896 τοῦ
469 871 585 906 Πατρὸς,
610 871 658 898 καὶ
678 873 707 899 ὲν
722 873 813 909 μορφῇ
837 872 908 899 καθὰ
929 872 974 907 γέ-

186 923 326 951 γραπται,
353 916 550 952 καταϐεϐηκὼς
574 917 602 944 δὲ
624 917 658 944 δι’
687 918 760 954 ἡμᾶς
786 919 826 950 εἰς
852 918 974 946 ἑκούσιον

187 961 326 996 ὑπακοὴν,
350 962 396 988 καὶ
417 962 602 996 ταπείνωσιν;
635 962 698 995 Πῶς
725 961 771 990 οὖν
797 964 849 1000 ἄρα
873 963 904 990 τὸ
925 964 975 999 τῆς

186 1006 322 1041 ὑπακοῆς,
332 1007 391 1039 πῶς
407 1007 434 1034 δὲ
449 1007 480 1034 τὸ
493 1007 543 1042 τῆς
557 1004 748 1040 ταπεινώσεως
763 1008 816 1035 ἔδει
833 1008 976 1043 φαίνεσθαι

187 1052 291 1087 σχῆμα,
309 1052 325 1087 ἢ
341 1053 488 1088 δηλονότιό
501 1053 546 1080 διὰ
557 1053 612 1080 τῶν
628 1054 809 1090 πραγμάτων,
828 1055 875 1081 καὶ
889 1054 977 1088 λόγων

186 1098 236 1133 τῆς
251 1098 418 1134 θεοπρεποῦς
434 1099 512 1134 ἀξίας
533 1100 758 1136 ὑποὸεὸηκότων,
783 1100 829 1127 καὶ
855 1099 921 1126 πολὺ
946 1099 977 1126 τὺ

187 1144 298 1171 ἔλαττον
313 1145 440 1180 ἐχόντων,
460 1146 477 1181 ἢ
493 1147 523 1172 ὲν
544 1145 642 1182 οἷσπερ
664 1144 699 1181 ἦν
714 1146 817 1181 γυμνὸς
839 1146 880 1172 ἔτι
900 1146 977 1181 παρὰ

189 1190 277 1225 Πατρὶ
292 1191 387 1224 Λόγος,
402 1191 448 1223 καὶ
463 1191 637 1226 άσύμπλοκος
656 1191 707 1226 τῆς
726 1190 774 1218 τοῦ
794 1190 889 1218 δούλου
910 1199 977 1227 μορ-

189 1237 261 1271 φῆ;;
285 1235 341 1263 Ποῦ
355 1237 410 1272 γὰρ
422 1237 491 1269 ὅλως
507 1236 589 1264 αὑτὸν
610 1236 828 1272 καταὸεὸηκέναι
843 1237 976 1272 φήσομεν,

189 1283 214 1309 εί
229 1282 266 1318 μή
291 1291 317 1309 τι
334 1282 382 1309 καὶ
407 1282 461 1310 τῶν
483 1283 547 1319 παρ’
563 1282 641 1316 ἀξίαν
668 1283 812 1318 ὑπομεῖναι
836 1281 978 1318 δώσομενς

190 1329 289 1363 Γέγονε
312 1328 370 1360 πῶς
386 1329 416 1355 ὲν
432 1329 582 1364 ἀνθρώπων
603 1329 757 1365 ὁμοιώματι
780 1329 851 1356 κατὰ
867 1329 915 1365 τὴν
931 1329 979 1356 τοῦ

191 1375 299 1402 Παύλου
314 1375 415 1411 φωνὴν,
433 1376 457 1402 εἰ
475 1375 512 1411 μὴ
535 1375 565 1402 τὸ
584 1374 737 1410 ἀνθρώποις
750 1375 855 1411 πρέπον
875 1375 979 1411 ἐμιμή-

192 1429 277 1454 σατο;
310 1421 429 1456 Πρᾶγμα
463 1421 494 1448 δὲ
523 1421 678 1457 ἀνθρώποις
705 1422 931 1457 πρεπωδέστατον
961 1422 978 1458 ὴ

191 1466 386 1503 προσκύνησις,
401 1466 439 1499 ὡς
454 1467 483 1494 ὲν
496 1467 652 1503 ὀφλήματος
661 1467 736 1501 τάξει
753 1467 934 1503 κατατιομένη
949 1476 980 1494 τε

191 1513 240 1538 καὶ
267 1513 461 1548 προσαγομένη
494 1513 562 1549 παρ’
587 1513 666 1549 ήμῶν
697 1513 737 1549 τῷ
768 1512 838 1549 Θεῷ.
874 1512 979 1540 Οὐκοῦν

1024 281 1157 308 rationem
1176 289 1182 308 :
1201 284 1244 314 at,
1274 281 1297 308 si
1332 284 1360 308 tu
1381 281 1508 308 eximiam
1531 284 1559 308 et
1574 278 1807 315 supernaluralem
1851 312 1854 315 '

1024 326 1206 353 humilitatem
1231 325 1342 357 videris,
1364 326 1580 354 admirabundus
1600 326 1672 357 subi,
1690 333 1744 352 non
1761 331 1809 351 ac-

1024 376 1146 404 cusator,
1159 379 1212 401 non
1223 371 1417 404 calumniator,
1436 373 1484 399 sed
1504 373 1638 399 imitator.
1660 371 1740 399 Tales
1758 375 1808 398 nos

1024 417 1111 445 videri
1134 417 1192 444 vult
1211 416 1323 449 Paulus,
1344 417 1457 444 dicens:
1483 426 1493 443 (
1526 417 1583 445 Hoc
1606 418 1679 445 enim
1711 417 1810 444 sentite

1026 463 1214 498 unusquisque
1231 462 1258 489 in
1272 461 1364 494 vobis,
1375 461 1485 496 quodet
1495 462 1522 488 in
1535 461 1646 489 Christo
1662 462 1744 489 Jesu:
1761 462 1809 495 qui

1024 517 1086 537 cum
1103 508 1190 536 forma
1206 507 1252 535 Dei
1273 511 1356 540 esset,
1378 515 1432 534 non
1449 506 1573 541 rapinam
1597 507 1746 534 arbitratus
1769 510 1825 534 esti

1025 563 1087 584 esse
1101 562 1130 583 se
1141 555 1272 589 aequalem
1294 553 1360 586 Deo,
1386 552 1433 581 sed
1452 553 1628 587 semetipsum
1649 552 1810 584 exinanivit,

1025 601 1141 630 formam
1158 601 1229 629 servi
1242 600 1392 635 accipiens.
1403 600 1430 626 in
1446 598 1654 627 similitudinem
1671 598 1811 626 hominum

1026 646 1172 681 factusket
1193 646 1303 674 habitus
1316 646 1443 673 iuventus
1474 648 1503 672 ut
1529 644 1627 677 homo,
1657 643 1814 671 humiliavit

1025 692 1204 728 semetipsum
1216 692 1249 719 ⁸⁸.
1269 701 1278 717 ι
1297 691 1379 726 186
1395 691 1476 718 Vides
1488 693 1518 718 ut
1539 690 1703 717 humilitatis
1719 697 1812 717 exem-

1025 738 1099 773 plum
1112 737 1191 765 nobis
1203 737 1293 765 factus
1308 738 1343 765 sit
1359 736 1457 769 Filius,
1474 736 1598 773 quamvis
1614 735 1640 763 in
1657 735 1813 770 aequalitate

1025 783 1061 811 sit
1078 782 1179 815 Patris,
1196 787 1223 810 et
1239 782 1337 814 forma,
1362 786 1392 809 ut
1409 782 1542 817 scriptum
1559 785 1612 814 est,
1638 781 1684 808 sed
1703 785 1814 816 propter

1026 836 1076 856 nos
1103 828 1130 855 in
1158 825 1342 855 voluntariam
1369 827 1552 855 obedientiam
1576 832 1604 855 et
1631 826 1814 854 humilitatem

1025 873 1217 901 descenderit?
1228 873 1372 906 Quomodo
1387 872 1472 908 igitur
1483 872 1646 900 obedientiae
1663 874 1710 898 aut
1725 871 1815 898 humi-

1026 919 1112 947 litatis
1128 919 1238 947 babitus
1254 918 1333 946 aliter
1349 923 1508 954 appareret,
1527 925 1608 953 quam
1623 925 1655 945 ex
1677 917 1760 944 rebus
1783 924 1814 944 ac

1027 965 1200 994 sermonibus
1215 964 1307 992 divina
1321 964 1455 1000 dignitate
1470 964 1658 995 inferioribus,
1681 963 1814 998 longeque

1027 1011 1181 1038 minoribus
1197 1017 1280 1045 quam
1296 1008 1387 1037 Verbo
1401 1009 1474 1036 nudo
1493 1009 1582 1036 adhuc
1607 1009 1815 1037 necdum'servi

1027 1056 1122 1084 formae
1147 1056 1296 1091 coniuncto
1312 1055 1497 1083 conveniant?
1516 1055 1659 1088 Quomodo
1676 1055 1749 1082 enim
1768 1054 1816 1083 de-

1027 1101 1169 1130 scendisse
1182 1109 1245 1129 eum
1260 1101 1394 1133 dicemus,
1412 1101 1466 1128 nisi
1492 1100 1622 1136 quiddam
1648 1108 1710 1128 eum
1724 1108 1740 1128 a
1765 1107 1815 1128 sua

1028 1146 1160 1181 dignitate
1188 1145 1308 1174 alienum
1335 1145 1587 1180 pati’fatehimur?
1615 1144 1759 1178 Quomodo
1787 1146 1814 1172 in

1028 1191 1237 1220 similitudinem
1264 1191 1405 1219 hominum
1436 1191 1527 1220 factus
1546 1197 1601 1225 est,
1629 1192 1709 1227 juxta
1737 1191 1815 1219 Pauli

1028 1238 1202 1270 sententiam,
1229 1237 1253 1265 si
1270 1237 1343 1272 quod
1368 1236 1526 1265 hominibus
1548 1237 1677 1272 congruit
1695 1244 1751 1265 non
1780 1237 1816 1265 sit

1029 1283 1176 1311 imitatus?
1199 1282 1468 1311 Convenientissima
1485 1290 1550 1310 vero
1568 1290 1613 1310 res
1628 1287 1671 1311 est
1697 1283 1817 1310 homini-

1029 1329 1092 1361 bus,
1113 1329 1265 1373 adoratiou
1278 1335 1357 1363 quam
1378 1335 1428 1356 nos
1457 1327 1512 1355 Deo
1538 1333 1668 1364 tanquam
1695 1328 1815 1356 debitam

1029 1373 1179 1402 deferimus
1192 1379 1273 1410 atque
1286 1373 1474 1409 rependimus.
1487 1373 1581 1409 Itaque
1595 1375 1693 1402 adorat
1707 1375 1816 1410 quidem

1029 1422 1060 1448 ut
1076 1420 1167 1454 homo,
1181 1420 1401 1456 quandoquidem
1418 1420 1506 1448 factus
1516 1426 1557 1448 est
1572 1420 1672 1453 homo;
1685 1421 1816 1448 adoratur

1029 1473 1096 1493 vero
1122 1473 1232 1502 semper
1250 1473 1312 1493 eum
1330 1465 1422 1499 Patre,
1453 1466 1518 1501 quia
1547 1465 1618 1494 Deus
1638 1469 1678 1494 est
1709 1467 1817 1501 eritque

1031 1513 1182 1541 secundum
1212 1516 1351 1545 naturam,
1368 1519 1400 1539 ae
1416 1519 1510 1540 verus.
1537 1510 1591 1539 Sed
1624 1519 1678 1539 non
1707 1513 1732 1539 id
1749 1512 1818 1539 feret

192 1560 342 1594 προσκυνεῖ
355 1560 404 1595 μὲν
417 1559 454 1591 ὡς
474 1559 625 1595 ἄνθρωπος,
643 1559 688 1586 ὅτε
699 1560 810 1595 γέγονεν
826 1559 978 1595 ἄνθρωπος,

1032 1558 1123 1586 denuo
1139 1557 1324 1589 adversarius,
1337 1564 1432 1584 verum
1449 1556 1476 1583 in
1492 1564 1543 1584 nos
1559 1556 1601 1584 his
1617 1556 1709 1584 verbis
1725 1557 1819 1584 insur-

192 1606 385 1640 προσκυνεῖται
401 1604 430 1632 δὲ
440 1605 483 1638 ἀεὶ
499 1604 567 1640 μετὰ
583 1605 698 1640 Πατρὸς,
715 1605 777 1632 ἐπεὶ
790 1605 856 1636 Θεός
873 1605 932 1632 ἐστί
949 1613 979 1631 τε

191 1651 239 1677 καὶ
269 1650 345 1677 ἔσται
371 1651 442 1678 κατὰ
471 1651 569 1686 φύσιν,
590 1652 639 1678 καὶ
663 1651 798 1687 ἀληθινός.
837 1651 907 1678 Ἀλλ’
931 1651 981 1678 οὐκ

192 1695 317 1729 ἀνέξεται
335 1698 416 1724 πάλιν
431 1698 445 1724 ὁ
460 1697 493 1724 δι’
509 1697 643 1730 ἐναντίας,
664 1698 752 1724 ἐκεῖνο
764 1697 793 1724 δὲ
806 1697 894 1732 λέγων
914 1698 981 1724 άνα-

194 1743 323 1778 στήσεται
337 1751 344 1759 ³
369 1744 415 1779 Μὴ
440 1743 543 1777 ξενίζου
567 1744 729 1779 προσκυνεῖν
753 1744 797 1770 ὅτε
821 1744 913 1779 φαμὲν
936 1744 981 1770 τὸν

194 1789 269 1816 Υίόν.
291 1790 328 1817 Οὐ
344 1790 399 1826 γὰρ
411 1790 497 1823 οὕτως
511 1790 623 1826 οἰόμεθα
638 1790 736 1826 χρῆναι
751 1780 915 1826 προσκυνεῖν
931 1790 978 1817 αὺ-

192 1835 239 1862 τὸν
260 1835 300 1871 τῷ
325 1836 422 1871 Πατρὶ,
444 1836 538 1872 ὥσπερ
556 1834 602 1863 οὖν
618 1836 713 1871 ἀμέλει
735 1835 782 1862 καὶ
797 1836 880 1871 ἡμᾶς,
898 1835 916 1870 ἢ
936 1835 983 1862 καὶ

194 1879 326 1913 ἀγγέλους
335 1879 425 1914 τυχὸν,
438 1879 494 1906 ἀλλ’
506 1879 641 1916 ἐξαίρετός
653 1879 695 1911 τίς
708 1879 782 1906 ἐστιν
794 1880 811 1914 ἡ
828 1879 984 1914 προσκύνη-

195 1931 248 1954 σις,
273 1923 320 1950 καὶ
343 1923 409 1951 πολὺ
425 1923 475 1959 τῆς
492 1924 557 1960 παρ’
578 1923 657 1960 ἡμῶν
678 1924 706 1950 ὲν
721 1923 856 1959 ἀμείνοσι.
881 1923 914 1949 Τί
937 1920 983 1950 οὖν

194 1967 263 2002 πρὸς
274 1966 359 1993 ταῦτα
370 1967 450 1995 πάλιν
461 1968 576 2004 ἐροῦμεν
586 1969 665 2003 ἡμεῖς
675 1976 682 2000 ;
701 1968 746 1999 Ὠς
757 1967 983 2003 ἀξιολογωτάτην,

194 2010 333 2046 ἄνθρωπε,
351 2011 500 2046 περιτιθεὶς
515 2011 554 2047 τῷ
567 2012 717 2046 Μονογενεῖ
730 2012 780 2048 τὴν
794 2011 925 2044 δουλείαν,
937 2012 984 2039 καὶ

194 2055 330 2083 οἰκετικὸν
345 2055 453 2091 ἀξίωμα
468 2057 524 2088 τοῖς
537 2056 567 2089 ἐξ
583 2056 691 2094 ἀπάτης
708 2056 924 2092 καταχρυσώσας
939 2056 985 2083 λό-

195 2107 254 2133 γοις
269 2100 351 2133 τισὶν,
367 2101 417 2127 οἴει
432 2100 680 2136 παρακρουόμενος.
701 2101 808 2127 Παῦσαι
822 2100 940 2133 δοξάζων
955 2100 984 2127 ἐν

195 2144 293 2180 ἀτιμίᾳ
321 2145 366 2171 τὸν
390 2144 470 2175 Υίδν,
496 2145 539 2171 ἵνα
566 2145 660 2181 μείνῃς
681 2144 769 2180 τιμῶν
790 2144 836 2171 τὸν
856 2144 976 2180 Πατέρα.

199 2197 208 2213 ι
220 2188 250 2213 Ὀ
262 2187 316 2224 γὰρ
329 2187 468 2224 μὴ-τιμῶν
482 2188 527 2215 τὸν
540 2188 614 2220 Υίδν,
629 2189 691 2215 οὐδὲ
702 2189 748 2215 τὸν
763 2187 872 2224 Πατέρα
882 2189 961 2224 τιμᾷ,
972 2197 981 2214 ι

196 2231 288 2264 καθὼς
300 2232 464 2267 γέγραπται,
477 2233 510 2259 Τί
522 2233 588 2269 γὰρ,
603 2233 663 2259 εἱπέ
679 2242 732 2268 μοι,
750 2233 818 2268 πρὸς
831 2233 985 2269 ἐλευθερίαν

196 2276 289 2311 ὀνήσει
312 2276 358 2302 τὸν
383 2277 531 2312 Μονογενῆ,
555 2277 586 2303 τὸ
606 2276 744 2312 ἐξαίρετον
759 2277 894 2303 ποιεῖσθαι
916 2277 982 2313 παρ’

197 2320 273 2354 ἡμᾶς
303 2321 353 2355 τὴν
387 2320 590 2356 προσκύνησιν;
625 2320 698 2352 Ἕως
728 2320 782 2356 γὰρ
814 2320 847 2348 ἂν
874 2321 903 2348 ὲν
928 2322 984 2353 τοῖς

198 2364 395 2399 προσκυνοῦσιν
436 2364 614 2400 εὑρίσκηται,
643 2364 736 2396 δοῦλος
765 2364 841 2391 ἔσται
865 2364 983 2398 πάντως,

198 2408 245 2434 καὶ¹
267 2408 291 2434 εί
305 2409 390 2434 νοοῖτο
400 2408 590 2444 προσκυνητὴς
602 2408 749 2444 ἐξαίρετος,
772 2408 865 2436 διοίσει
884 2409 912 2435 δὲ
930 2408 984 2435 τῶν

198 2451 356 2487 κτισμάτων
385 2452 455 2479 κατᾶ
487 2451 536 2487 μὲν
563 2452 594 2478 τὸ
612 2449 681 2479 εἶναι
712 2451 824 2487 γενητὸς
850 2451 985 2487 οὐδαμῶς,

200 2497 347 2532 ὑπεροχαῖς
359 2497 388 2523 δὲ
410 2497 488 2531 μόνον
500 2497 560 2528 ταῖς
575 2496 679 2528 άλλαις,
696 2496 790 2532 ὥσπερ
806 2496 957 2532 ἀνθρώπων
971 2497 986 2523 ὁ

200 2540 321 2576 Μιχαὴλ,
346 2540 362 2575 ἢ
386 2541 432 2567 καὶ
456 2541 536 2576 ἑτέρα
557 2549 599 2573 τις
624 2541 677 2567 τῶν
702 2540 799 2576 ἁγίων,
820 2541 868 2567 καὶ
891 2540 986 2576 λογικὴ

200 2585 327 2620 δύναμις,
339 2582 396 2622 ᾖτὸ
408 2585 456 2619 μὲν
468 2583 596 2620 προῦχειν
607 2585 660 2612 τῶν
671 2585 716 2612 ἐπὶ
728 2585 777 2620 τῆς
789 2584 840 2620 γῆς
852 2584 987 2616 οὐσιωδῶς

202 2630 299 2665 ὁρᾶται
313 2629 514 2664 προσπεφυκος,
526 2629 542 2664 ἢ
555 2629 625 2656 κατὰ
635 2629 680 2655 τὸν
691 2629 740 2663 τῆς
751 2628 891 2662 ἁγιότητος
901 2627 979 2662 λόγον
987 2645 995 2659 ,

201 2673 220 2708 ἣ
245 2673 292 2700 καί
316 2682 369 2700 τινι
388 2672 465 2708 δόξης
486 2672 656 2708 πλεονασμῷ,
680 2672 758 2704 δόξαν
772 2672 844 2699 οὕτω
866 2671 904 2707 τῷ
923 2671 993 2699 πάν-

203 2726 258 2744 των
281 2717 476 2754 άριστοτέχνῃ,
500 2718 560 2743 τότε
588 2717 642 2752 μὴν
671 2718 727 2754 τοῖς
750 2717 873 2752 γενητοῖς
900 2724 989 2743 συντε⁴

203 2761 314 2796 τάχθαι,
327 2761 396 2787 κατὰ
406 2761 450 2787 τὸν
462 2761 507 2787 τοῦ
521 2760 684 2795 πεποιῆσθαι
699 2753 787 2794 λῖγον,
802 2761 868 2796 πρὸς
879 2760 913 2787 τά
924 2760 992 2787 ἄλλα

205 2807 305 2835 κοινόν.
319 2807 422 2833 Οὐκοῦν
435 2806 581 2842 οὐδαμόθεν
596 2806 626 2832 τὸ
642 2803 712 2834 εἶναι
723 2807 836 2842 γενητὸς
854 2808 882 2834 ὲν
895 2806 992 2842 Πατρὶ,

238 2898 260 2914 ⁸⁵
279 2896 397 2932 Philipp.
413 2904 443 2930 tt,
461 2896 486 2929 7,
499 2897 525 2924 8.
564 2897 584 2912 ⁸⁷
599 2896 678 2923 hau.
692 2904 716 2929 ν,
734 2895 775 2922 ‘25.

1033 1609 1093 1641 get:
1104 1604 1179 1632 «Noli
1188 1604 1355 1632 commoveri
1362 1611 1424 1631 cum
1434 1602 1534 1630 Filium
1542 1603 1657 1630 adorare
1665 1602 1793 1631 dicimus.
1806 1612 1816 1629 ι

1032 1649 1088 1678 Nec
1109 1649 1183 1677 enim
1206 1647 1374 1676 arbitramur
1389 1648 1479 1682 ipsum
1503 1647 1620 1675 adorare
1641 1645 1750 1674 Patrem
1769 1647 1819 1674 de-

1033 1696 1098 1724 bere
1114 1695 1209 1723 eodem
1226 1693 1308 1722 modo
1325 1701 1379 1729 quo
1393 1697 1441 1721 aut
1454 1693 1536 1721 etiam
1552 1693 1640 1728 angeli
1656 1692 1736 1721 verbi
1757 1700 1820 1728 gra-

1032 1742 1091 1776 tia;
1107 1741 1154 1770 sed
1179 1740 1307 1769 eximiam
1328 1739 1473 1775 quamdam
1498 1738 1686 1766 adorationem
1703 1746 1775 1770 esse,
1793 1743 1821 1766 et

1032 1792 1127 1817 nostra
1144 1788 1224 1823 longe
1239 1787 1466 1822 praestantiorem.
1482 1785 1554 1818 Quid
1584 1784 1668 1819 igitur
1697 1783 1730 1811 ad
1761 1785 1818 1812 haec

1033 1841 1143 1862 rursum
1154 1832 1300 1860 dicemus?
1315 1830 1428 1866 Nempe.
1444 1838 1461 1858 ο
1481 1829 1608 1865 quisquis
1622 1837 1664 1862 es,
1692 1829 1820 1864 imposita

1033 1878 1180 1914 Unigenito
1197 1877 1339 1909 servitute,
1358 1880 1386 1904 et
1401 1875 1522 1904 versutis
1536 1874 1712 1902 sermonibus
1730 1874 1820 1909 digni-

1034 1929 1091 1952 tate
1108 1924 1203 1952 famuli
1217 1924 1349 1951 deaurata
1372 1929 1470 1958 speras
1485 1926 1512 1949 te
1539 1928 1588 1948 nos
1604 1920 1818 1947 ludiﬁcaturum.

1034 1971 1134 1999 Desine
1148 1969 1247 1998 Filium
1262 1969 1413 2006 ignominia
1434 1967 1578 1999 decorare,
1599 1969 1629 1993 ut
1643 1965 1755 1993 Patrem
1771 1965 1821 1992 ho-

1035 2025 1133 2046 norare
1148 2024 1264 2052 pergas:
1284 2026 1294 2043 ι
1310 2015 1363 2050 Qui
1377 2014 1450 2042 enim
1462 2022 1518 2041 non
1529 2012 1693 2040 honoriﬁeat
1708 2012 1820 2044 Filium,

1035 2063 1238 2100 nequePatrem
1251 2061 1424 2094 hanorilicat,
1441 2069 1451 2087 ι
1465 2064 1495 2088 ut
1505 2059 1637 2094 scriptum
1649 2063 1691 2087 est
1701 2058 1735 2087 ⁵⁷.
1751 2058 1823 2091 Quid

1035 2111 1120 2144 enim,
1135 2117 1239 2146 quaeso,
1259 2109 1293 2136 ad
1319 2108 1473 2136 libertatem
1501 2105 1625 2142 proderit
1651 2104 1732 2137 Filio,
1750 2105 1823 2139 quod

1036 2163 1097 2185 eum
1115 2155 1214 2183 eximia
1235 2153 1353 2190 quadam
1371 2153 1481 2180 ratione
1505 2150 1676 2179 adoramus?
1696 2149 1823 2183 Quandiu

1036 2201 1110 2230 enim
1127 2201 1198 2229 inter
1227 2200 1388 2228 adoratores
1414 2198 1578 2233 reperietur,
1604 2196 1700 2232 utique
1727 2190 1825 2224 servus

1000 2248 1099 2284 perit,
1120 2247 1184 2275 licet
1200 2246 1320 2274 eximius
1349 2245 1479 2272 adorator
1507 2250 1569 2271 esse
1585 2246 1748 2270 censeatur:
1776 2249 1826 2268 ne-

1038 2300 1175 2329 quaquam
1189 2296 1282 2320 autem
1301 2290 1437 2319 creaturis
1461 2289 1602 2325 praestabit
1631 2296 1686 2324 qua
1714 2291 1825 2315 creatus

1038 2344 1088 2372 est,
1109 2339 1156 2367 sed
1172 2339 1225 2366 alia
1246 2338 1380 2366 duntaxat
1407 2336 1580 2368 excellentia,
1595 2333 1824 2370 quemadmodum

1040 2385 1199 2413 hominibus
1214 2383 1339 2415 Michael,
1356 2387 1403 2410 aut
1418 2382 1472 2409 alia
1487 2380 1610 2416 quredam
1629 2383 1724 2407 sancta
1738 2382 1764 2406 et
1781 2378 1824 2405 in-

1039 2431 1202 2460 tellectualis
1213 2430 1313 2463 virtus,
1329 2436 1390 2464 quae
1414 2432 1513 2456 natura
1529 2434 1579 2455 sua
1596 2425 1758 2453 mortalibus
1774 2432 1824 2451 an-

1041 2478 1153 2510 tecellit,
1170 2482 1218 2505 aut
1233 2477 1341 2504 ratione
1353 2475 1520 2507 sanctitatis,
1542 2475 1589 2500 aut
1602 2471 1721 2507 quadam
1736 2470 1824 2498 abun-

1040 2525 1132 2552 dantia
1158 2523 1262 2559 gloriae,
1290 2523 1328 2549 ita
1354 2521 1462 2549 volente
1491 2518 1681 2547 universitatis
1704 2516 1823 2552 opiﬁce:

1040 2574 1228 2599 verumtamen
1244 2573 1381 2604 quatenus
1410 2570 1501 2594 creata
1520 2569 1578 2597 est,
1603 2564 1630 2592 id
1658 2563 1740 2591 habet
1763 2570 1826 2589 cum

1041 2617 1150 2647 caeteris
1168 2623 1324 2648 commune,
1340 2618 1370 2641 ut
1385 2613 1412 2640 in
1428 2606 1617 2640 creaturarum
1638 2610 1734 2638 ordine
1750 2616 1830 2644 repo-

1042 2662 1226 2697 naturJgitur
1238 2661 1295 2689 fieri
1306 2668 1359 2687 non
1370 2663 1459 2695 potest
1470 2661 1499 2685 ut
1508 2657 1627 2685 Verbum
1640 2663 1694 2683 non
1706 2656 1741 2683 sit
1752 2662 1829 2682 crea-

1043 2716 1100 2739 tum
1113 2711 1140 2738 in
1148 2709 1229 2736 Patre
1240 2712 1266 2736 et
1275 2716 1307 2736 ex
1320 2707 1400 2734 Patre
1409 2703 1575 2732 naturaliter
1589 2701 1751 2737 procedens,
1766 2700 1829 2728 licet

1043 2757 1182 2794 praecipuo
1204 2755 1278 2790 [87
1301 2752 1419 2789 quodam
1447 2750 1529 2777 modo
1562 2749 1677 2776 adorare
1708 2746 1828 2774 dicatur.

1047 2805 1080 2832 At
1088 2801 1228 2840 quomodo
1243 2797 1434 2836 res'producla
1443 2796 1529 2826 Filius
1543 2802 1603 2824 esse
1612 2797 1710 2831 potest,
1722 2794 1768 2821 aut
1777 2797 1836 2826 quo
