2028 3118
206 141 259 169 507

691 135 719 164 S.
734 134 875 164 CYlilLLl
889 131 1124 161 ALEXANDRINI
1140 132 1300 161 ARCHIEP.

1781 136 1834 164 308

208 203 290 235 pacto
305 198 437 227 Dominus
453 197 526 229 erit,
549 196 597 232 qui
616 202 715 223 servus
737 199 764 222 et
782 194 914 222 adorator
928 192 995 221 est?

1111 191 1143 239 ἐκ
1164 192 1272 239 Πατρδς
1292 195 1414 229 φυσικῶς
1432 195 1602 231 διαφεύξεται
1622 197 1637 223 6
1662 197 1759 239 Λόγος.
1784 197 1836 224 κᾶν

207 245 275 273 Nam
290 253 350 273 mea
372 244 485 280 quidem
507 242 645 271 sententia
669 241 743 277 rogis
768 249 800 268 ac
821 240 928 269 domini
953 238 1018 267 di-.

207 293 297 328 gnilas
319 292 346 320 in
363 299 395 319 eo
412 291 512 322 elucet,
537 289 611 325 quod
636 289 699 324 quis
719 289 871 321 adoratur;
899 285 995 314 famuli

208 346 273 367 vero
288 345 320 366 ac
334 337 405 366 servi
424 336 564 370 conditio,
582 336 610 363 in
629 343 661 364 eo
677 334 751 370 quod
769 335 834 370 quis
853 332 995 361 adoratio-

207 393 269 413 nem
286 389 313 412 et
328 384 434 411 cultum
451 383 533 412 alicui
548 382 646 410 defert.
662 377 882 409 Existimandum
895 379 996 415 quippe

209 431 289 459 nobis
310 434 352 458 est
376 436 512 457 summam
538 429 612 456 illam
635 432 662 457 et
689 434 846 463 supremam
874 426 995 453 omnium

209 481 336 505 naturam
354 475 467 505 subdito
485 476 602 504 similem
620 475 690 503 fore.
702 474 836 508 Quocirca
846 471 947 508 Moysis
965 470 997 498 il—

209 524 262 552 lius
275 522 474 559 sapientissimi
489 530 536 550 ore
551 522 656 549 dictum
671 525 713 549 est
731 524 868 548 creatura:
884 518 996 545 univer-

209 577 268 598 sae:
284 578 293 595 ι
311 569 459 596 Dominum
475 568 559 595 Deum
575 572 652 595 tuum
668 567 798 595 adorabis
809 586 816 598 ,
828 570 859 596 .et
875 565 927 600 ipsi
944 563 996 592 soli

209 616 314 644 servies
338 616 372 642 ⁸⁵.
388 624 398 641 ›
413 615 530 649 Ideoque
547 613 732 650 quodcunque
754 619 864 640 servum
888 615 930 638 est
947 617 996 637 na-

209 669 271 691 tura
292 667 321 690 et
341 662 453 690 deitatis
475 661 541 696 jugo
561 659 701 691 subditur,
717 659 781 686 huic
799 656 933 685 adorandi
949 655 996 682 Dei

209 709 364 737 necessitas
379 707 532 739 incumbit,
550 710 577 733 et
591 705 748 733 adoratoris
763 711 907 740 personam
924 702 952 729 in
968 710 996 730 se

209 753 388 789 suscipiendi.
399 753 466 780 Nam
481 761 543 780 cum
560 752 666 788 Moyses
683 751 828 780 Dominum
837 749 905 777 dicit
915 769 923 782 ,
937 756 996 776 scr-

209 809 273 828 vum
290 800 441 833 discernit,
458 804 485 827 et
506 804 678 832 creaturam,
700 805 762 825 cum
785 796 881 824 Deum.
909 794 996 822 Simul

208 845 514 882 enim‘quodammodo
541 845 745 879 intelliguntur,
766 842 885 870 invicem
910 848 995 876 oppo—

209 878 312 919 nuntur
338 890 456 918 naturali
483 889 600 917 Domino
624 889 736 925 quidem
763 895 882 921 servus,
905 891 936 915 et
955 887 996 913 in-

209 941 309 964 creatae
325 935 440 966 deitati,
458 943 501 962 res
527 938 629 962 creata.
650 933 738 961 Filius
755 937 865 966 autem,
883 939 946 960 cum
963 931 997 958 ab

208 987 312 1010 aeterno
323 981 362 1010 sit
374 981 401 1008 in
414 980 506 1013 Patre,
525 986 553 1008 et
566 980 697 1008 Dominus
712 980 841 1013 exsistat,
858 983 888 1006 ut
908 979 996 1009 Deus,

208 1027 348 1057 undenam
364 1027 483 1055 adorare
502 1026 618 1058 debeat,
642 1034 695 1061 ego
717 1026 826 1061 quidem
850 1024 998 1053 ostendere

209 1083 265 1102 non
282 1081 407 1110 possum.
422 1072 476 1101 Sed
492 1072 582 1100 denuo
598 1080 688 1107 nugas
707 1079 773 1099 suas
791 1071 832 1098 illi
845 1070 996 1106 proferant.

208 1118 344 1148 Adorabit
354 1137 362 1150 ,
377 1117 525 1153 inquiunt,
540 1117 648 1144 Patrem
663 1117 829 1152 Unigenitus
842 1137 849 1148 ,
865 1123 954 1151 neque
969 1119 998 1142 ut

209 1172 323 1198 servus,
341 1171 431 1200 neque
447 1167 477 1190 ut
493 1166 623 1190 creatura
638 1171 645 1190 :
665 1163 712 1190 sed
738 1166 768 1189 ut
792 1162 864 1189 ﬁlius
892 1161 998 1196 genito-

208 1216 267 1240 rem
285 1218 378 1240 suum.
394 1209 487 1238 Posita
503 1213 547 1237 est
563 1209 649 1244 igitur
662 1208 688 1235 in
706 1208 837 1235 ﬁliatione
854 1206 998 1234 adorantis

212 1257 305 1291 ratio;
326 1256 497 1291 omninoque
518 1255 643 1283 dicemus
660 1254 829 1282 adorandqu
844 1261 907 1281 esse
927 1252 998 1280 Filio

212 1303 321 1330 Patrem
332 1322 340 1334 ,
357 1305 386 1329 ut
402 1301 449 1336 qui
470 1301 498 1328 in
519 1300 572 1328 boc
589 1308 652 1328 esse
673 1305 770 1327 nactus
785 1300 838 1330 sit.
854 1298 936 1326 sieuti
953 1305 1000 1325 no-

210 1349 255 1377 bis
271 1356 381 1384 quoque
396 1347 569 1375 adorandum
589 1346 726 1374 incumbit
743 1347 776 1373 et
795 1352 827 1373 eo
844 1345 917 1380 quod
939 1344 999 1371 ani-

211 1395 292 1422 malia
309 1402 406 1422 sumus
423 1394 531 1421 ratione
549 1392 696 1428 praedicta,
715 1395 742 1419 et
760 1391 886 1418 mortalia
897 1410 904 1422 ,
921 1397 997 1417 men-

212 1441 248 1468 tis
262 1444 290 1467 et
305 1439 461 1476 disciplina:
485 1438 616 1474 capacia,
641 1438 734 1474 potius
755 1445 838 1472 quam
861 1437 945 1464 animi
967 1444 999 1464 ac

213 1486 363 1514 voluntatis
386 1489 473 1512 motu.
499 1483 567 1511 Nam
596 1484 618 1511 si
649 1488 748 1511 natura
774 1483 938 1518 Unigenitus
966 1490 998 1510 ac

1012 868 1033 896 B

1047 236 1194 273 ἐξαιρέτως
1217 238 1330 275 λέγηται
1354 243 1525 276 προσκυνεῖν.
1551 240 1618 269 Εἶτα
1644 242 1703 273 πῶς
1717 236 1780 274 Yth;
1794 241 1835 269 ἔτι

1046 284 1076 310 τὸ
1090 284 1212 320 ποιηθὲν,
1227 286 1244 322 ἢ
1260 286 1318 319 πῶς
1331 287 1371 314 ἔτι
1390 288 1492 324 Κύριος
1506 290 1520 316 ὁ
1532 289 1633 321 δοῦλος,
1649 290 1696 316 καὶ
1711 289 1813 324 λάτρης
1826 298 1834 322 ;

1047 327 1131 366 Οἶμαι
1146 331 1200 368 γὰρ
1212 331 1300 367 ἔγωγε
1311 334 1342 360 τὸ
1357 334 1407 370 μὲν
1419 335 1558 370 βασιλικόν
1569 344 1599 362 τε
1617 335 1665 362 καὶ
1675 334 1835 362 δεσποτικὸν

1047 377 1076 403 ὲν
1098 377 1136 413 τῷ
1162 381 1376 414 προσκυνεῖσθαι
1406 381 1570 417 διαλάμπειν
1600 381 1725 418 ἀξίωμα·
1750 381 1781 408 τὸ
1807 381 1836 409 δὶ

1047 423 1181 450 οἰκετικόν
1207 433 1237 451 τε
1264 426 1311 453 καὶ
1335 426 1534 462 δουλοπρεπὲς,
1564 427 1592 454 ὲν
1609 426 1647 462 τῷ
1673 427 1836 462 προσκυνεῖν

1047 469 1187 505 ὁρίζεσθαι
1199 472 1308 508 μέτρον.
1324 472 1370 508 Τῷ
1382 472 1437 509 γὰρ
1450 473 1629 500 ὑποπίπτοντι
1644 473 1719 508 ἡμᾶς
1732 472 1836 499 οἴεσθαι

1033 516 1088 549 Εδεῖ
1102 517 1152 553 τὴν
1172 517 1374 555 ὑπερκειμένην
1390 520 1438 547 καὶ
1454 520 1546 547 ἐπάνω
1564 519 1673 546 πάντων
1689 520 1836 554 ὁμολογου-

1049 563 1133 599 μένην
1156 564 1246 599 ιρύσιν.
1266 565 1411 601 Τοιγάρτοι
1427 566 1473 593 καὶ
1487 566 1561 602 πάσῃ
1574 567 1607 602 τῇ
1622 565 1708 592 κτίσει
1728 565 1773 592 διὰ
1787 563 1836 592 τοῦ

1047 610 1187 644 πανσόφου
1203 614 1403 646 προσεφωνεῖτο
1413 612 1543 645 Μωσέως,
1562 622 1571 638 ι
1588 611 1691 647 Κύριον
1706 611 1753 638 τὸν
1768 611 1835 638 Θεόν

1048 665 1095 683 σου
1111 658 1327 692 προσκυνήσεις,
1354 659 1401 684 καὶ
1422 658 1497 694 αὐτῷ
1521 658 1595 694 μόνῳ
1624 658 1803 694 λατρεύσειςθ
1823 667 1832 684 ι

1047 698 1187 739 ὥστέὃτῳ
1204 704 1275 730 κατὰ
1291 704 1371 739 φύσιν
1388 705 1461 732 ἐστὶν
1486 706 1502 740 ὴ
1524 705 1640 737 δουλεία,
1657 705 1705 732 καὶ
1723 705 1775 732 ὑπὸ
1788 704 1836 731 τὸν

1047 751 1096 785 τῆς
1112 750 1237 786 θεότητος
1256 750 1351 777 πίπτει
1366 751 1465 785 ζυγὸν,
1486 751 1567 777 τοῦτο
1590 751 1622 787 δὴ
1647 751 1772 783 πάντως,
1788 751 1837 777 καὶ

1048 796 1154 831 ἀνάγκη
1170 799 1342 832 προσκυνεῖν,
1357 797 1454 832 καὶτῷ
1468 797 1518 832 τῆς
1537 797 1664 832 λατρείας
1676 796 1836 824 ὑποκεῖσθαι

1049 843 1180 877 σχήματι.
1205 843 1248 869 Ἑν
1262 843 1312 878 μὲν
1329 843 1382 879 γὰρ
1399 843 1438 879 τῷ
1453 844 1540 870 εἰπεῖν
1554 843 1666 880 Κύριον,
1682 843 1794 879 διορίζει
1807 844 1837 870 τὸ

1047 887 1150 920 δοῦλον,
1166 888 1194 914 ὲν
1213 887 1242 915 δὲ
1256 887 1294 923 τῷ
1313 888 1389 921 Θεὸν,
1410 889 1440 915 τὸ
1458 888 1650 923 πεποιημένον.
1667 888 1838 915 Συνεπινοεῖ-

1047 943 1092 961 ται
1111 935 1165 970 γάρ
1189 943 1248 966 πως
1269 934 1317 960 καὶ
1345 934 1609 966 ἀντιδιαστέλλεται,
1628 934 1667 970 τῷ
1689 934 1739 970 μὲν
1766 934 1838 961 κατὰ

1049 977 1129 1012 φύσιν
1146 978 1242 1014 Κυρίῳ
1262 978 1294 1004 τὸ
1313 978 1421 1011 δοῦλον,
1444 979 1478 1014 τῇ
1495 978 1523 1005 δὲ
1544 979 1669 1014 ἀγενήτῳ
1686 979 1793 1015 θεότητι
1807 978 1838 1005 τὸ

1049 1024 1189 1059 παραχθὲν
1223 1025 1264 1056 είς
1292 1024 1408 1059 γένεσιν.
1436 1024 1464 1051 '0
1486 1024 1515 1051 δὲ
1538 1025 1602 1057 Υἱὸς
1629 1026 1720 1057 ἀϊδίως
1746 1024 1784 1052 ὢν
1808 1026 1838 1052 ὲν

1047 1071 1145 1106 Πατρὶ,
1166 1071 1212 1097 κα)⁸
1229 1070 1331 1106 Κύριός
1355 1079 1386 1097 τε
1415 1071 1546 1108 ὑπάρχων
1567 1072 1604 1104 ὡς
1619 1071 1701 1103 Θεὸς,
1728 1071 1789 1098 ὅθεν
1805 1071 1838 1098 ἂν

1048 1113 1169 1148 φαίνοιτο
1187 1114 1217 1141 τὸ
1234 1116 1399 1150 προσκυνεῖν
1412 1115 1573 1150 ὲποφείλων,
1591 1116 1687 1152 ἀπορῶ
1709 1116 1758 1152 μὲν
1775 1117 1837 1143 ὲπι-

1047 1158 1179 1186 δεικνύειν
1193 1159 1258 1194 ὲγώ’
1276 1160 1469 1196 φλυαρούντων
1487 1160 1515 1187 δὲ
1528 1161 1608 1188 πάλιν
1625 1161 1733 1187 ἐκεῖνοι.
1746 1161 1837 1196 Προσ-

1048 1205 1179 1240 κυνήσει,
1205 1205 1303 1241 φησιν,
1323 1207 1337 1233 6
1360 1207 1516 1242 Μονογενὴς
1533 1206 1571 1242 τῷ
1591 1207 1677 1241 Πατρὶ
1690 1227 1697 1238 ,
1720 1206 1782 1233 οὔτε
1799 1206 1837 1238 ὡς

1047 1250 1139 1282 δοῦλος
1151 1271 1158 1284 ,
1180 1251 1242 1278 οὗτε
1258 1251 1296 1284 ὡς
1316 1253 1439 1288 ποίημα,
1464 1253 1522 1279 ἀλλ’
1540 1253 1578 1285 ὡς
1600 1253 1664 1284 Υἱὸς
1684 1252 1723 1288 τῷ
1740 1253 1838 1287 γεννή-

1049 1305 1136 1324 σαντι.
1150 1297 1348 1333 Παραληπτέον
1360 1297 1406 1326 οὖν
1421 1300 1476 1335 ἄρα
1490 1299 1539 1335 τὴν
1553 1299 1738 1335 προσκύνησιν
1756 1300 1785 1326 ἐν
1798 1299 1838 1334 τῷ

1047 1344 1097 1378 τῆς
1113 1344 1237 1379 υἱότητος
1253 1345 1307 1380 ὅρῳ
1317 1366 1324 1378 ,
1348 1346 1395 1372 καὶ
1419 1346 1515 1381 χρῆναι
1530 1346 1639 1378 πάντως
1653 1346 1770 1382 ἐροῦμεν
1791 1346 1838 1373 τὸν

1048 1390 1113 1417 Υἰὸν
1130 1392 1292 1426 προσκυνεῖν
1309 1391 1348 1426 τῷ
1364 1391 1470 1427 Πατρὶ,
1495 1391 1533 1423 ὡς
1558 1393 1586 1419 ὲν
1612 1392 1699 1428 τούτῳ
1722 1392 1752 1418 τὸ
1768 1390 1838 1419 εἶναι

1049 1437 1175 1472 λαχόντα,
1191 1437 1316 1473 καθάπερ
1329 1435 1374 1464 οὖν
1390 1439 1436 1464 καὶ
1451 1439 1530 1473 ἡμεῖς
1548 1438 1576 1465 ὲν
1587 1437 1625 1473 τῷ
1637 1436 1708 1464 εἶναι
1724 1437 1780 1470 ζῶα
1794 1438 1839 1464 λο-

1049 1484 1125 1518 γικὰ,
1143 1484 1190 1510 καὶ
1206 1484 1301 1519 θνητὰ,
1317 1483 1363 1510 νοῦ
1381 1485 1427 1510 καὶ
1444 1485 1599 1520 ἐπιστήμης
1613 1484 1734 1517 δεκτικὰ,
1751 1485 1839 1521 ἢτοῖς

211 1532 286 1560 velut
303 1539 337 1560 ex
353 1532 519 1559 necessitate
543 1530 660 1566 quadam
685 1531 801 1558 adorare
826 1530 923 1562 debet.
947 1530 997 1557 ita-

1049 1530 1147 1564 ἐξωθεν
1161 1531 1232 1557 κατὰ
1245 1530 1307 1558 νοῦν
1323 1531 1464 1566 κινήμασι,
1488 1531 1535 1558 καὶ
1556 1532 1615 1563 ταῖς
1630 1533 1662 1558 ὲκ
1677 1531 1839 1567 θελημάτων

212 1584 267 1613 que
297 1577 337 1604 illi
371 1576 494 1604 sentiunt
524 1582 557 1602 ac
584 1575 756 1610 pradicant:
779 1574 918 1610 quomodo
942 1582 998 1601 non

213 1627 307 1659 aperte
335 1623 362 1649 in
396 1622 487 1657 ipsum
517 1620 627 1649 Patrem
654 1628 769 1656 peccare
794 1620 999 1656 deprehenden-

214 1667 280 1695 tur‘i
295 1666 414 1695 Omnino
430 1666 503 1694 enim
520 1672 633 1693 necesse
654 1670 696 1693 est
718 1665 806 1700 ipsum
830 1673 940 1700 quoque
958 1669 998 1692 ta-

209 1713 267 1741 Jem
281 1711 390 1740 censeri
401 1731 409 1744 ,
427 1710 650 1746 quandoquidem
672 1710 733 1745 ejus
754 1710 845 1744 imago
859 1715 887 1737 et
900 1710 1000 1736 chara-

214 1762 273 1787 cter
287 1762 329 1786 est
344 1756 432 1785 Filius
453 1757 486 1790 ",
513 1760 539 1783 et
554 1763 725 1791 quacunque
749 1756 874 1782 eamdem
900 1759 927 1783 et
950 1763 1000 1790 per

214 1803 307 1832 omnia
337 1803 472 1838 aequalem
500 1802 706 1829 similitudinem
740 1801 860 1834 habent,
885 1808 917 1828 ea
948 1801 1000 1828 uti-

213 1858 267 1886 que
283 1851 359 1878 nullo
373 1849 453 1877 modo
467 1848 608 1876 differunt.
632 1847 710 1881 Quod
732 1847 755 1875 si
775 1847 803 1874 in
827 1847 886 1875 sola
902 1847 998 1875 volun-

216 1902 270 1924 tate
285 1895 343 1923 Filii
360 1896 481 1932 positum
498 1902 562 1922 esse
583 1895 696 1926 dicunt,
718 1893 792 1928 quod
821 1893 929 1921 Patrem
951 1893 1000 1921 ad-

215 1946 274 1969 oret
285 1962 292 1974 ,
310 1940 477 1976 conjecturis
494 1945 638 1967 moventur
650 1939 742 1974 potius
749 1946 829 1974 quam
843 1939 999 1967 rationibus

216 1989 300 2016 reris.
313 1987 348 2014 At
363 1987 428 2022 quid
445 1986 563 2026 vetuerit
579 1987 728 2021 quominus
745 1985 792 2012 alii
811 1985 999 2012 inconsidera-

215 2042 270 2063 tam
287 2041 343 2070 prte
368 2041 397 2061 se
413 2032 532 2060 ferentes
548 2032 675 2068 pietatem
697 2032 806 2063 dicant.
825 2030 933 2059 Patrem
953 2031 1001 2058 ad-

215 2088 296 2109 orare
319 2079 388 2107 velle
404 2078 518 2110 Filium,
534 2078 660 2113 quamvis
689 2078 841 2106 secundum
871 2083 999 2105 naturam

215 2134 293 2156 suam
311 2133 367 2154 non
384 2126 421 2153 sit
446 2124 600 2152 adorator?
625 2123 678 2152 Sed
701 2127 916 2152 consentaneum
941 2129 998 2157 est,

216 2173 324 2209 inquit,
343 2176 374 2199 ut
390 2178 511 2207 persona
527 2170 618 2197 Patris
629 2169 664 2197 ab
679 2169 840 2198 adoratione
850 2170 998 2203 eximatur,

215 2208 302 2247 Filius
325 2221 418 2245 autem
434 2217 459 2244 ei
474 2215 630 2243 adorationi
648 2216 683 2243 sit
701 2216 835 2244 obnoxius
850 2216 929 2251 eique
945 2224 998 2244 non
1017 2208 1038 2236 Ῑ)

213 2264 296 2298 juvit.
311 2262 383 2296 Quid
398 2262 439 2289 ais
450 2281 457 2293 ,
472 2269 489 2288 o
502 2261 594 2289 bone?
606 2260 683 2288 Tune
699 2268 808 2289 rursum
822 2262 902 2290 nobis
919 2263 1001 2299 188

217 2314 346 2343 tanquam
361 2315 394 2336 ex
411 2307 500 2343 adytis
522 2311 570 2335 aut
586 2306 743 2333 Graecorum
765 2307 870 2342 tripode
892 2309 1000 2342 profers

216 2354 346 2386 oracula,
371 2357 418 2382 aut
439 2353 566 2389 exemplo
587 2351 692 2379 Sameze
719 2352 794 2380 illius
819 2353 942 2382 Elamita‘:
967 2355 1001 2383 de

217 2399 300 2428 corde
316 2404 365 2427 tuo
379 2400 502 2431 eructas,
522 2406 576 2426 non
592 2405 626 2426 ex
641 2405 688 2425 ore
706 2397 832 2425 Domini?
849 2399 880 2426 Et
896 2400 941 2428 hic
956 2409 1002 2429 no-

218 2446 260 2473 bis
275 2449 491 2473 consentaneum
514 2444 582 2471 illud
609 2451 747 2478 opponere
768 2444 842 2472 velut
868 2445 999 2474 invictum

218 2491 348 2527 quiddam
362 2497 417 2518 non
430 2489 591 2517 erubescis?
604 2489 741 2524 Numquid
762 2491 834 2518 enim
852 2497 1001 2520 consenta-

219 2543 301 2564 neum
327 2542 388 2563 esse
414 2533 544 2569 putabis,
571 2537 601 2561 ut
624 2533 671 2568 qui
696 2534 845 2562 secundum
872 2541 1001 2564 naturam

219 2582 290 2610 Deus
304 2584 364 2615 est,
381 2580 466 2607 Deum
482 2579 581 2608 habeat
595 2578 713 2607 Verbum
728 2588 759 2608 ex
776 2589 805 2609 se
819 2582 940 2617 genitum
951 2603 958 2614 ,
975 2587 1003 2610 et

219 2628 243 2656 is
269 2634 349 2662 quem
373 2625 470 2653 adorat
491 2625 582 2653 omnis
609 2631 736 2653 creatura
763 2627 912 2655 adorabilis
941 2627 1003 2657 Filii

220 2681 275 2700 non
290 2670 428 2698 adorantis
447 2669 527 2697 Pater
542 2674 655 2698 vocetur
670 2675 697 2698 et
719 2672 756 2698 sit
775 2672 896 2699 natura?
918 2672 1001 2707 Atqui

220 2722 248 2745 te
266 2716 334 2744 nihil
354 2715 526 2751 sapientibus
543 2716 750 2745 dissentanenm
766 2717 904 2745 dicturum
922 2723 998 2753 puto.

220 2761 362 2796 Quomodo
376 2769 459 2797 porro
471 2766 626 2792 statuemus
641 2767 856 2790 consentaneum
872 2771 952 2797 esse,
971 2770 1001 2792 ut

256 2855 279 2872 "
293 2855 373 2885 Deut.
389 2864 428 2890 νι,
445 2855 604 2891 15-,Mattb.
622 2862 660 2888 tv,
681 2855 724 2885 l0.
759 2855 780 2871 "
798 2855 857 2883 Col.
874 2861 897 2889 ι,
914 2855 958 2883 l5.

1050 1578 1146 1612 ῥοπαῖς
1160 1577 1353 1612 ἐπιτρέψομεν.
1377 1578 1408 1604 Et
1426 1577 1475 1613 μὲν
1498 1577 1552 1612 γὰρ
1579 1577 1745 1614 ὲνέσπαρται
1767 1578 1839 1605 κατὰ

1049 1623 1129 1658 φύσιν
1144 1623 1183 1659 τῷ
1197 1625 1345 1657 Μονογενεῖ
1365 1623 1396 1650 τὸ
1418 1623 1516 1659 χρῆναι
1541 1624 1662 1656 πάντως,
1688 1626 1735 1651 καὶ
1749 1625 1787 1656 ὡς
1809 1624 1840 1658 ἐξ

1049 1668 1171 1703 ἀνάγκης
1187 1669 1349 1703 προσκυνεῖν
1360 1688 1369 1701 ,
1388 1668 1460 1695 οὕτω
1474 1677 1503 1695 τε
1521 1669 1611 1695 νοοῦσι
1641 1670 1689 1696 καὶ
1715 1670 1838 1704 λέγουσι,

1050 1713 1107 1745 πῶς
1128 1714 1158 1740 οὐ
1182 1713 1294 1748 γυμνῶς
1311 1714 1352 1745 εις
1375 1713 1456 1740 αὑτὸν
1475 1713 1667 1746 δυσσεϐοὖντες
1689 1715 1840 1742 ἁλώσονται

1048 1759 1094 1786 τὸν
1112 1759 1240 1795 Πατέρα,
1262 1760 1339 1787 Πᾶσα
1354 1759 1408 1795 γὰρ
1425 1760 1473 1786 καὶ
1494 1760 1574 1786 αὑτὸν
1599 1760 1705 1796 ἀνάγκη
1718 1762 1842 1789 νοεῖσθαι

1049 1805 1183 1838 τοιοῦτον,
1206 1806 1322 1842 ἐπείπερ
1338 1807 1384 1833 καὶ
1406 1806 1488 1834 εἰκὼν
1506 1806 1606 1839 αὐτοῦ,
1623 1807 1670 1834 καὶ
1692 1809 1840 1844 χαρακτήρ

1050 1851 1122 1878 ἐστιν
1138 1852 1152 1877 6
1169 1851 1244 1883 Υἱὸς,
1259 1853 1306 1878 καὶ
1320 1853 1425 1887 ὅσαπερ
1442 1852 1475 1879 ἂν
1491 1854 1520 1879 ὲν
1539 1853 1760 1888 ἀπαραλλάκτως
1784 1854 1839 1880 ὑπ’

1050 1898 1128 1933 άρχοι
1142 1899 1198 1930 τοῖς
1212 1898 1375 1933 ὁμοιώμασι,
1399 1899 1485 1926 ταῦτα
1513 1900 1545 1936 δὴ
1562 1901 1667 1932 πάντως
1682 1901 1742 1927 κατ’
1762 1900 1840 1928 οῦδὲν

1049 1943 1154 1970 διοίσει.
1170 1943 1202 1969 Εἰ
1218 1943 1246 1970 δὲ
1261 1945 1289 1970 ὲν
1304 1945 1377 1979 μόνῳ
1399 1945 1505 1972 κεῖσθαί
1520 1954 1586 1980 φασι
1608 1946 1646 1981 τῷ
1667 1946 1779 1981 θελῆσαι
1793 1946 1840 1973 τὸν

1051 1987 1115 2014 Υίὸν
1134 1988 1280 2023 προσάγειν
1294 1989 1332 2024 τῷ
1350 1990 1436 2025 Πατρὶ
1453 1991 1502 2022 τὴν
1525 1991 1717 2026 προσκύνησιν,
1740 2000 1837 2027 στοχα-

1051 2033 1112 2060 σταὶ
1125 2033 1224 2068 μᾶλλόν
1238 2035 1322 2066 εἰσιν,
1339 2034 1355 2069 ἥ
1377 2035 1428 2069 τῆς
1448 2036 1574 2070 ἀληθείας
1597 2033 1785 2071 ἐπιστήμονες.
1804 2037 1837 2062 Τί

1050 2078 1072 2105 δ’
1086 2078 1118 2105 ἂν
1133 2080 1180 2106 καὶ
1199 2079 1308 2116 ἑτέρους
1323 2080 1444 2107 κωλύσαι
1459 2082 1555 2114 εἰπεῖν,
1578 2082 1762 2117 ριψοκίνδυνόν
1775 2091 1837 2109 τινα

1051 2123 1251 2160 πλαττομένους
1264 2126 1416 2159 εὐλάὸειαν,
1431 2128 1472 2154 ὅτι
1481 2127 1591 2161 θελητὸν
1604 2128 1642 2163 τῷ
1652 2129 1738 2164 Πατρὶ
1753 2137 1839 2164 προσ-

1051 2173 1142 2198 κυνεῖν
1161 2171 1200 2207 τῷ
1218 2171 1289 2207 Υίῷ,
1311 2173 1399 2199 καίτοι
1420 2174 1494 2207 κατὰ,
1509 2174 1590 2208 φύσιν
1609 2175 1658 2201 οὐκ
1679 2174 1735 2202 ὄντι
1755 2184 1840 2210 προσ-

1052 2217 1176 2252 κυνητῇ;
1206 2217 1275 2244 Ἀλλ’
1296 2218 1371 2250 αὐτὸ,
1397 2219 1474 2252 φησὶ,
1487 2219 1518 2245 τὸ
1538 2220 1653 2255 πρέπον,
1676 2220 1706 2246 τὸ
1724 2221 1773 2256 μὲν
1792 2220 1840 2247 τοῦ

1054 2263 1160 2298 nam;
1190 2262 1361 2295 ὑπεξελεῖται
1391 2264 1557 2298 πρόσωπον,
1584 2265 1716 2301 ὑποθήσει
1744 2266 1772 2293 δὲ
1801 2267 1840 2302 τῷ

1053 2308 1197 2344 πράγματι
1216 2309 1262 2335 τὸν
1274 2309 1348 2342 Υίὸν,
1361 2310 1411 2336 οὐκ
1428 2310 1576 2345 άῦούλητον
1595 2310 1691 2345 ἔχοντα
1706 2311 1735 2337 τὸ
1752 2321 1838 2348 προσ-

1053 2356 1143 2381 κυνεῖν
1166 2354 1206 2390 τῷ
1229 2355 1327 2391 Πατρί.
1349 2355 1382 2382 Τί
1408 2356 1477 2391 φῂς.
1502 2352 1525 2383 ὧ
1547 2354 1637 2388 οὗτος;
1663 2357 1747 2384 Πάλιν
1773 2358 1839 2393 ἡμῖν

1052 2401 1089 2433 ὡς
1105 2400 1134 2433 ἐξ
1150 2401 1264 2435 ἀδύτων,
1284 2402 1343 2437 ἤτοι
1359 2403 1493 2437 τριπόδων
1513 2403 1677 2439 Ἑλληνικῶν
1692 2404 1839 2438 ἀναφέρεις

1053 2447 1102 2478 τὰς
1123 2447 1267 2482 μαντείας,
1285 2447 1302 2483 ἦ
1324 2449 1385 2475 κατ’
1406 2449 1508 2476 ἐκεῖνον
1531 2449 1597 2486 ἔρχῃ
1621 2450 1666 2476 τὸν
1691 2450 1838 2485 Ἐλαμίτην

1052 2492 1162 2527 Σημέαν
1175 2492 1210 2519 τὰ
1232 2493 1285 2519 ἀπὸ
1306 2493 1417 2529 καρδίας
1431 2495 1624 2530 ὲρευγόμενος,
1644 2496 1691 2522 καὶ
1711 2496 1760 2522 οὐκ
1785 2496 1839 2523 ἀπὸ

1052 2537 1185 2572 στόματος
1195 2538 1313 2573 Κυρίου;
1334 2538 1370 2566 Τὸ
1382 2539 1410 2565 δὲ
1430 2540 1533 2575 πρέπον
1545 2541 1619 2576 ἡμῖν,
1635 2541 1673 2572 ὡς
1692 2542 1838 2576 ἀκαταγὼ-

1052 2592 1141 2612 νιστον
1153 2585 1183 2610 ὲν
1201 2583 1305 2616 τούτοις
1319 2585 1476 2620 ἀντεξάγων
1491 2586 1541 2613 οὐκ
1563 2586 1709 2622 ὲρυθριᾷς;
1728 2587 1763 2613 ’Ἠ
1785 2587 1839 2622 γὰρ

1053 2631 1102 2657 οὐκ
1115 2632 1200 2672 ὀἰήσῃ
1215 2631 1330 2667 πρέπειν
1352 2633 1397 2659 τὸν
1417 2633 1481 2660 ὄντα
1496 2633 1568 2660 κατὰ
1589 2633 1670 2668 φύσιν
1682 2633 1758 2666 Θεὸν,
1773 2633 1839 2659 Θεὸν

1054 2676 1125 2712 ἔχειν
1146 2677 1191 2703 τὸν
1214 2677 1243 2710 ἐξ
1265 2678 1348 2705 αὑτοῦ
1371 2679 1535 2714 γεννηθέντα
1548 2679 1654 2714 Λόγον,
1681 2680 1730 2706 καὶ
1753 2679 1798 2705 τὸν
1817 2676 1839 2712 ᾧ

1054 2723 1200 2757 προσκυνεῖ
1223 2724 1298 2750 πᾶσα
1322 2725 1338 2759 ἡ
1355 2724 1454 2757 κτίσις,
1471 2724 1708 2760 προσκυνουμένου
1726 2724 1838 2760 μᾶλλον,

1053 2767 1072 2803 ἣ
1087 2769 1302 2803 προσκυνοῦντος
1326 2770 1436 2806 Πατέρα
1458 2771 1615 2804 καλεῖσθαι,
1645 2770 1692 2798 καὶ
1713 2768 1783 2798 εἶναι
1807 2771 1839 2807 τῇ
