2028 3118
174 157 227 186 509

703 150 736 179 ΙΝ
751 149 897 178 JUANNIS
908 144 1134 179 EVANGELIUM
1153 150 1217 178 LIB.
1250 149 1282 178 li.

1743 150 1796 179 510

174 214 273 248 iptio“;
297 211 366 239 Ἀλλ’
383 208 459 246 οἶμαι
478 210 533 241 τοῖς
552 208 635 241 ὅντως
647 209 740 242 σοφοῖς
755 208 806 234 οὐκ
825 207 961 243 ἀπᾴδοντα

1019 215 1028 234 ι
1049 214 1100 235 suo
1121 208 1258 243 genimine
1278 206 1357 234 Pater
1373 206 1514 239 adoretur,
1529 214 1591 234 cum
1609 206 1656 234 illa
1671 206 1705 235 de
1719 212 1798 236 utra-

175 260 276 295 λέγειν.
293 257 355 290 Πῶς
369 257 398 284 δὲ
425 256 472 284 καὶ
495 255 612 291 πρέπειν
628 253 776 290 ὁριούμεθα
800 253 962 288 προσκυνεῖ-

175 305 238 333 σθαι
257 303 332 340 παρὰ
346 301 394 330 τοῦ
420 301 484 329 ἰδίου
499 301 666 337 γεννήματος
681 299 724 327 τὸν
734 299 854 335 Πατέρα,
869 298 962 326 couti-

174 359 225 386 την
236 348 426 385 ὑπομενούσης
440 347 540 383 ζημίαν
552 347 599 382 τῆς
616 347 660 373 ἐπ’
672 346 772 382 ἀμφοῖν
785 345 960 381 ὑπολήψεωςς

177 396 289 431 Πρῶτον
307 395 357 431 μὲν
371 395 425 430 γὰρ
441 393 503 420 οὕτε
520 394 548 420 ὲν
566 392 669 427 ἰσότητι
687 392 738 427 τῆς
753 391 841 424 ἀξίας,
857 390 920 418 οὗτε
933 391 962 418 ὲν

175 441 381 478 ἀπαραλλάκτῳ
389 441 437 476 τῆς
452 440 559 475 φύσεως
572 438 656 466 εικόνι
664 438 703 474 τῷ
714 439 752 475 μὴ
767 437 962 474 προσκυνοῦντι

176 489 309 515 κείσεται.
326 487 478 523 Προσκυνεῖ
501 485 555 521 γὰρ
574 484 611 516 ὡς
623 484 752 517 ἐλάττων,
769 483 816 510 καὶ
837 483 868 510 οὐ
883 483 964 510 ποσό·

175 541 238 568 τητι
251 532 394 568 μετρητὸς,
409 532 442 566 τῇ
465 530 537 557 κατά
551 538 577 556 τι
594 529 648 556 τῶν
668 528 900 565 προσπεφυκότων
910 537 917 545 ·
932 528 962 555 οὐ

176 581 231 617 γὰρ
259 580 378 607 ἐλάττων
394 578 471 605 ἔσται
489 577 555 609 Θεὸς
566 597 574 611 ,
601 576 618 612 ἢ
634 576 734 612 Κύριος
747 584 754 591 ·
776 575 833 603 ἀλλ’
850 576 888 607 ὡς
909 575 964 610 ὅρῳ

176 626 315 662 διαφέρων
333 624 373 660 τῷ
396 624 466 651 κατὰ
486 623 532 650 τὸν
548 623 595 649 τοῦ
615 621 675 654 πῶς
697 620 766 648 εἶναι
788 620 875 655 λόγον.
898 619 964 648 Εἶτα

179 671 237 704 πῶς
251 670 354 706 ἀληθὴς
368 670 545 705 ἀναφανεῖται
559 668 661 702 λέγων,
679 677 689 693 ι
711 667 740 694 ’0
756 666 886 702 ἑωρακὼς
902 666 963 700 ἐμὲ,

177 716 285 752 ἑώρακε
314 716 360 743 τὸν
385 714 503 751 Πατέρα.
525 724 535 740 ι
555 713 617 745 Πῶς
647 713 675 740 δὲ
706 715 802 749 χρῆναι
834 713 965 748 τιμᾶσθαί

178 771 262 798 φησιν
279 762 374 789 ἑαυτὸν
389 762 439 788 οὐκ
459 761 488 787 ὲν
507 760 626 788 ἐλάττονι
643 759 724 796 μοίρᾳ.
745 759 792 786 τοῦ
811 759 917 795 Πατρὸς
935 759 966 786 τὸ

178 807 238 836 ἶσον
261 809 312 835 οὐκ
337 807 406 842 ἔχων
430 807 459 834 ὲν
475 806 538 842 δόξῃ
561 806 632 833 κατά
650 814 680 840 γε
705 805 749 832 τὸν
773 804 818 831 τοῦ
844 813 965 840 προσκυ-

179 853 288 885 νοῦντος
303 854 402 888 λόγον;
420 850 487 881 Εἶτα
505 853 573 888 πρὸς
586 852 683 887 τούτῳ,
708 851 754 878 καὶ
770 850 850 883 αὐτὸς
869 851 935 886 ἡμῖν
952 852 966 877 ὁ

1011 259 1066 288 que
1091 253 1185 288 opinio
1208 257 1315 280 tantum
1336 252 1492 281 detrimenti
1510 253 1653 290 patiatur?
1671 252 1797 282 Primum

1012 299 1084 327 enim
1094 318 1102 331 ,
1117 306 1168 326 nec
1181 298 1315 334 dignitate
1328 299 1440 334 aequalis
1449 319 1457 332 ,
1471 307 1521 328 nec
1537 300 1627 336 imago
1640 307 1689 335 per
1702 301 1795 329 omnia

1013 343 1113 371 similis
1125 343 1178 370 erit
1192 350 1246 370 non
1261 344 1397 371 adoranti.
1410 344 1514 372 Adorat
1527 345 1601 373 enim
1613 365 1621 379 ,
1636 350 1666 373 ut
1684 346 1772 374 minor
1787 357 1794 374 :

1013 388 1095 424 idque
1111 397 1166 416 non
1186 389 1349 424 quantitatis
1367 389 1559 418 accidentarize
1575 399 1705 420 mensura
1725 394 1796 428 (nec

1013 435 1087 462 enim
1103 435 1194 462 minor
1209 443 1271 463 esse
1286 440 1376 470 potest
1400 443 1522 471 unquam
1541 436 1613 464 Deus
1636 443 1684 466 aut
1705 438 1797 467 Domi-

1014 483 1088 518 nus),
1107 483 1155 510 sed
1171 483 1314 511 essentiali
1330 482 1494 511 diiierentia.
1512 484 1546 510 At
1560 485 1698 519 quomodo
1713 494 1796 514 verax

1013 528 1066 556 erit
1080 528 1176 557 dicens
1188 539 1195 557 :
1209 539 1218 555 ι
1233 529 1285 563 Qui
1294 529 1363 557 vidit
1380 537 1432 562 me,
1449 529 1517 556 vidit
1534 535 1561 558 et
1575 529 1684 558 Patrem
1699 530 1768 560 '°'“.
1786 541 1794 557 I

1015 574 1048 602 Et
1072 575 1210 610 quomodo
1231 576 1353 611 seipsum
1379 575 1571 603 honorandum
1595 583 1657 604 esse
1672 575 1727 609 ait,
1743 584 1798 605 non

1015 621 1105 649 minus
1120 629 1201 656 quam
1218 621 1328 649 Patrem
1340 643 1347 654 ,
1364 621 1411 657 qui
1428 621 1522 657 gloria:
1541 621 1721 656 aqualitatem
1744 629 1798 650 non

1016 666 1114 697 habet,
1129 667 1202 702 quod
1218 666 1252 694 ad
1270 668 1405 695 rationein
1429 667 1571 696 adorantis
1593 667 1712 695 attinet?
1727 667 1801 696 Pre—

1016 716 1091 740 terea
1102 734 1108 746 ,
1127 713 1187 748 ipse
1208 713 1290 741 Pater
1312 722 1366 741 non
1390 714 1447 742 leve
1464 713 1584 742 dedecus
1599 714 1742 742 incurrere
1758 715 1799 741 vi-

1016 756 1133 784 debitur.
1145 757 1238 784 Gloria
1251 758 1350 793 quippe
1363 758 1387 785 ei
1400 763 1442 786 est
1456 758 1535 786 talem
1550 760 1678 794 genuisse
1687 779 1694 791 ,
1707 759 1799 794 qualis
1820 751 1822 753 ’

1015 801 1051 829 sit
1066 801 1125 836 ipse
1138 807 1237 829 natura
1251 814 1257 830 :
1274 806 1371 830 contra
1389 811 1454 831 vero
1469 803 1587 832 dedecus
1598 812 1651 832 non
1668 812 1798 839 parvum,

1016 847 1132 876 alterius
1158 853 1264 875 natura:
1291 848 1390 876 Filium
1419 849 1536 882 habere,
1561 853 1589 878 et
1616 850 1668 878 tale
1695 850 1799 885 aliquid

180 898 274 934 Πατὴρ
285 897 315 924 οὐ
330 896 379 932 τῆς
390 896 668 932 τυχούηςιὰκοσμίας
680 895 745 922 εῐσω
758 893 876 929 γεγονὼς
886 893 966 928 ὀφθή-

1019 894 1087 929 pati,
1105 894 1187 929 quale
1212 903 1246 922 ne
1268 894 1327 930 ipsa
1349 895 1460 930 quidem
1484 899 1676 923 creaturarum
1702 900 1800 924 natura

180 951 267 970 σεται.
291 943 360 976 Δόξα
386 942 436 978 μὲν
453 942 507 978 γὰρ
532 941 606 977 αὐτῷ
628 941 659 968 τὺ
683 940 812 976 γεννῆσαι
836 940 964 971 τοιοῦτον,
979 964 986 969 ,

179 989 271 1020 ὁποῖός
287 997 341 1024 περ
368 988 401 1015 ἂν
430 987 548 1023 ὑπάρχοι
570 987 641 1014 κατὰ
670 986 750 1022 φύσιν
773 986 869 1017 αὐτός·
885 986 917 1012 ὲκ
938 985 967 1011 δὲ

178 1033 235 1060 τῶν
254 1032 382 1060 ἐναντίων
408 1030 501 1068 αἶσχος
520 1033 551 1059 οὐ
573 1032 669 1068 μικρὸν
694 1030 837 1068 ἑτερογενῆ
859 1039 889 1056 τε
920 1031 967 1057 καὶ

181 1077 297 1114 ἔκφυλον
311 1078 383 1114 ἔχειν
399 1078 444 1105 τὸν
459 1077 489 1110 ἐξ
503 1077 598 1110 αὑτοῦ,
617 1077 664 1104 καὶ
680 1076 777 1103 παθεῖν
794 1085 819 1102 τι
835 1075 965 1108 τοιοῦτον,

179 1124 195 1150 δ
216 1125 264 1150 καὶ
288 1123 356 1159 αὑτὴ
382 1123 435 1150 τῶν
460 1122 581 1158 γενητῶν
610 1122 801 1157 ἅπενάρκησεν
828 1122 844 1156 ἡ
875 1120 965 1155 φύσις.

180 1170 274 1197 Τίκτει
299 1170 354 1206 γὰρ
378 1169 481 1196 ἑαυτῶν
505 1169 555 1196 οὐκ
587 1168 711 1203 αίσχιονα
735 1167 770 1195 τὰ
788 1167 836 1194 τοῦ
865 1167 967 1194 τίκτειν

180 1214 295 1249 λαχόντα
310 1214 359 1250 τὴν
373 1214 498 1249 δύναμιν,
515 1213 571 1248 ὅρῳ
586 1213 633 1240 καὶ
653 1211 778 1248 βουλήσει
797 1211 844 1238 τοῦ
859 1212 967 1239 πάντων

181 1260 365 1295 Δημωυργοῦ.
384 1270 393 1286 ι
417 1259 601 1294 Ἐξενεγκάτω
616 1259 669 1294 γὰρ
681 1279 689 1290 ,
716 1267 726 1285 ι
747 1258 847 1295 φησὶν,
872 1267 881 1284 ι
899 1259 915 1293 ἡ
932 1258 966 1294 γῆ

182 1305 297 1341 βοτάνην
321 1306 435 1342 χόρτου,
463 1305 511 1332 καὶ
536 1305 591 1332 πᾶν
617 1305 694 1338 ξύλον
720 1304 859 1340 κάρπιμον
886 1304 967 1339 φέρον

182 1351 294 1387 σπέρμα
307 1351 379 1378 κατὰ
390 1351 479 1386 γένος,
493 1351 540 1378 καὶ
555 1350 616 1378 καθ’
639 1350 778 1386 ὁμοίωσιν,
797 1360 807 1376 ι
825 1349 928 1377 Οὐκοῦν
939 1351 968 1377 ὲν

181 1396 319 1432 δευτέροις
342 1397 390 1432 μὲν
409 1397 464 1424 τῶν
487 1397 607 1432 γενητῶν
630 1396 706 1423 ἔσται
725 1397 755 1422 τὸ
773 1396 861 1429 θεῖον,
889 1396 968 1432 εἴπερ

181 1443 273 1470 ἐκεῖνα
289 1444 338 1479 μὲν
350 1444 381 1470 ὲν
398 1443 513 1476 τούτοις,
529 1442 560 1470 τὸ
577 1443 606 1470 δὲ
626 1442 752 1477 οὐδαμῶς
766 1451 772 1458 ·
787 1442 802 1468 ὃ
813 1442 845 1485 δὲ,
853 1443 968 1478 πρέπειν

182 1497 212 1515 τε
231 1488 309 1524 ὁμοῦ,
324 1490 370 1516 καὶ
381 1489 521 1524 διωρίσθαι
535 1488 625 1520 καλῶς
640 1487 687 1514 ἐπὶ
699 1489 759 1519 ταῖς
774 1489 806 1515 ὲκ
818 1487 872 1515 τῶν
884 1488 967 1515 ὄντων

182 1533 319 1569 διαδοχαῖς
334 1533 532 1569 ἐπεψηφίζετο,
555 1532 651 1560 τούτου
670 1532 719 1567 δὴ,
734 1532 782 1559 καὶ
799 1531 878 1567 μόνος
895 1531 966 1558 ἀλώ-

184 1588 260 1606 σεται
270 1579 438 1615 διαμαρτών.
452 1579 501 1610 Τίς
517 1579 549 1606 ἂν
562 1576 619 1611 οὖν,
633 1575 656 1604 ὦ
675 1577 817 1613 βέλτιστοι,
834 1576 967 1611 λεγόντων

184 1625 344 1661 ἀνάσχοιτο,
365 1626 480 1662 πρέπειν
502 1625 540 1660 τῷ
561 1625 618 1660 ἰδίῳ
639 1624 781 1660 γεννήτορι
807 1624 968 1659 προσκυνεῖν

183 1672 229 1699 τὸν
243 1672 322 1706 Υίόν;
343 1672 452 1708 Ἐπειδὴ
471 1672 499 1699 δὲ
521 1672 578 1703 τοῖς
597 1671 663 1706 παρ’
677 1669 754 1705 ὑμῶν
779 1669 968 1705 προστέθειται

1017 939 1096 967 ferat.
1113 939 1170 968 Nec
1184 940 1257 968 enim
1275 941 1415 969 deteriora
1437 948 1467 969 se
1488 942 1616 977 pariunt,
1634 950 1695 978 qua
1712 943 1801 970 facul-

1017 990 1072 1013 tate
1086 986 1209 1021 pariendi
1224 991 1288 1014 sunt
1302 987 1415 1022 praedita
1426 1007 1433 1020 ,
1447 988 1488 1015 sic
1500 988 1607 1016 volente
1619 996 1651 1016 ac
1664 993 1803 1017 statuente

1017 1032 1139 1060 universi
1155 1032 1269 1067 Opiﬁce.
1285 1042 1294 1059 ι
1309 1032 1452 1061 Germinet
1474 1034 1547 1061 enim
1574 1038 1664 1067 terra,
1691 1034 1799 1070 inquit,

1018 1077 1130 1106 herbam
1145 1078 1256 1112 pabuli,
1270 1083 1297 1106 et
1313 1079 1417 1114 lignum
1433 1079 1603 1108 fructiferum
1619 1089 1681 1108 cum
1696 1080 1801 1109 habens

1017 1131 1110 1152 semen
1126 1124 1187 1159 ejus
1202 1125 1238 1153 sit
1257 1125 1285 1152 in
1304 1133 1336 1153 eo
1353 1126 1506 1154 secundum
1522 1134 1610 1162 genus
1626 1131 1653 1154 et
1671 1126 1802 1155 similitu-

1017 1170 1108 1197 dinem
1124 1170 1158 1198 ".
1178 1180 1187 1196 ι
1201 1170 1287 1206 igitur
1301 1173 1438 1199 creaturis
1457 1172 1530 1200 Deus
1546 1172 1598 1200 erit
1623 1171 1749 1205 inferior,
1765 1173 1802 1201 si-

1017 1216 1128 1251 quidem
1149 1216 1203 1244 illae
1217 1223 1282 1244 sum
1304 1217 1480 1251 istiusmodi,
1494 1218 1540 1246 hic
1562 1227 1616 1246 non
1642 1219 1730 1247 item:
1754 1219 1802 1247 sed

1017 1261 1091 1297 quod
1113 1255 1146 1290 ad
1168 1269 1260 1290 rerum
1278 1263 1485 1292 vicissitudines
1501 1268 1575 1292 recte
1590 1265 1802 1293 convenienter-

1017 1314 1072 1342 que
1093 1307 1207 1340 statuit,
1226 1315 1258 1335 eo
1280 1312 1355 1336 certe
1370 1309 1447 1337 solus
1464 1310 1523 1345 ipse
1539 1310 1654 1338 carebit.
1670 1310 1737 1343 Quis
1754 1317 1803 1339 vos

1017 1354 1103 1388 igitur
1116 1352 1185 1381 ferat
1200 1353 1341 1387 dicentes,
1365 1361 1381 1382 o
1403 1355 1485 1388 boni,
1508 1355 1657 1383 convenire
1679 1355 1750 1382 Filio
1774 1359 1804 1383 ut

1017 1398 1112 1426 adoret
1125 1398 1282 1427 Genitorem
1295 1400 1306 1427 ἳ
1321 1399 1388 1427 Cum
1401 1404 1493 1428 autem
1506 1400 1667 1429 addideritis
1677 1421 1685 1435 ,
1699 1401 1726 1428 id
1741 1400 1805 1429 Uni-

1017 1445 1111 1480 genito
1128 1450 1227 1480 praeter
1242 1446 1410 1474 voluntatem
1432 1455 1487 1474 non
1502 1447 1680 1483 contingere,
1704 1451 1731 1475 et
1752 1447 1804 1475 hoc

1017 1490 1098 1518 nobis
1110 1494 1240 1526 tanquam
1253 1491 1497 1521 indemonslrabile
1506 1497 1697 1529 argumentum
1714 1501 1728 1520 τι
1744 1492 1804 1520 solo

1018 1535 1119 1563 decoro
1143 1535 1318 1572 desumptum
1349 1538 1509 1572 opponatis,
1533 1538 1649 1574 agedum
1675 1546 1690 1566 e
1718 1538 1804 1566 sacris

1018 1587 1128 1616 quoque
1150 1580 1262 1610 Litteris
1285 1582 1359 1610 istud
1382 1590 1480 1611 rursus
1501 1583 1705 1619 expendamus,
1732 1583 1806 1611 unde

1019 1625 1189 1660 singularum
1206 1634 1298 1654 rerum
1311 1635 1371 1662 qua:
1383 1628 1412 1656 in
1430 1628 1610 1663 quaestionem
1624 1630 1738 1656 veniunt
1756 1629 1804 1656 de-

1021 1672 1248 1700 monstrationem
1264 1673 1357 1701 venari
1374 1674 1548 1709 potissimum
1563 1675 1706 1703 debemus.

184 1718 284 1752 λόγοις,
298 1719 336 1751 ῶς
346 1719 406 1746 οὐδὲ
416 1717 575 1753 ἀνεθέλητον
589 1716 627 1752 τῷ
645 1717 793 1751 Μονογενεῖ
824 1716 854 1742 τὸ
889 1716 1004 1752 πρᾶγμά
1021 1718 1091 1751 ἐστι,
1107 1718 1155 1745 καὶ
1167 1718 1268 1755 ταύτην
1279 1720 1345 1755 ἡμῖν
1361 1720 1540 1756 ὲπιτειχίζετε
1555 1720 1604 1757 τὴν
1615 1721 1806 1748 ἀναπόδεικτον

183 1763 326 1799 ἀφορμὴν.
342 1763 395 1790 ἀπὸ
410 1763 491 1798 μόνον
506 1762 634 1794 λαϐόντες
667 1761 714 1788 τοῦ
746 1761 915 1797 πρέποντος,
935 1761 1001 1797 φέρε
1021 1762 1101 1790 πάλιν
1121 1764 1154 1790 ἐκ
1174 1763 1228 1791 τῶν
1255 1765 1337 1800 ιερῶν
1361 1765 1547 1802 Γραμμάτων,
1571 1767 1619 1793 καὶ
1641 1766 1720 1794 τοῦτο
1755 1777 1805 1795 κα-

183 1809 391 1845 τασκεψώμεθα.
421 1809 501 1836 Ὀθεν
523 1806 600 1844 οἶμαι
634 1807 752 1843 μάλιστα
784 1807 932 1842 προσήκειν
952 1807 1085 1843 θηρᾶσθαι
1106 1809 1266 1842 σπουδάζειν
1282 1810 1331 1846 τὴν
1353 1811 1396 1846 ἐφ’
1420 1811 1528 1847 ἑκάστῳ
1551 1811 1606 1840 τῶν
1632 1812 1806 1848 ζητουμένων

184 1856 333 1889 ἀπόδειξιν.

220 1902 353 1930 οὐκοῦνό
375 1902 425 1937 μὲν
444 1901 524 1938 νόμος
553 1901 736 1929 συντελεῖσθαι
766 1901 830 1936 παρ’
854 1901 969 1928 ἑκάστου

184 1949 241 1976 τῶν
261 1948 396 1975 Ἰουδαίων
422 1947 461 1984 τῷ
487 1947 534 1974 ἐπὶ
551 1947 653 1979 πάντας
676 1947 733 1974 ὄντι
749 1946 808 1983 Θεῷ
832 1946 863 1973 τδ
883 1947 970 1982 ἥμισυ

185 1994 234 2021 τοῦ
256 1993 405 2030 διδράχμου
424 1993 617 2028 προσέταττεν,
633 1993 684 2020 οὐκ
697 1992 896 2028 ἀργυρολογίας
912 1992 972 2018 ἐπι-

185 2041 287 2075 νοήσας
302 2039 421 2076 εὕρεσιν,
441 2039 502 2066 οὐδὲ
518 2038 667 2074 χρημάτων
690 2038 792 2065 εἰκαῖον
812 2037 970 2073 ἐρανισμδν,

185 2086 255 2114 ἀλλὰ
265 2085 403 2113 παίδευσιν
413 2093 474 2112 τινα
488 2085 521 2112 δι’
529 2084 735 2121 ὲναργεστάτων
748 2083 971 2120 ὑπεμφαίνουσαν

185 2132 298 2159 τύπων·
316 2131 425 2167 πρῶτον
443 2131 510 2166 μὲν,
535 2131 577 2158 ὃτι
604 2130 697 2166 κύριος
719 2129 806 2162 οὐδεὶς
829 2131 880 2166 τῆς
903 2129 971 2161 ιδίας

185 2180 246 2206 ἔστι
265 2178 398 2214 κεφαλῆς,
416 2178 463 2204 ἕνα
482 2177 510 2204 δὲ
526 2177 552 2204 οι
570 2177 670 2209 πάντες
687 2176 845 2212 κεκτήμεθα
864 2177 897 2212 τῇ
916 2175 970 2202 τῶν

185 2225 362 2260 τελεσμάτων
389 2223 533 2260 καταθήκῃ
561 2223 629 2258 πρὸς
653 2222 774 2250 δουλείαν
796 2222 970 2259 καταγραφό-

1057 1899 1229 1936 189lgitur
1244 1900 1285 1928 lex
1294 1902 1316 1917 "
1327 1901 1361 1929 ab
1374 1906 1490 1938 utroque
1499 1902 1594 1931 Iudaeo
1605 1903 1748 1933 dimidium
1763 1906 1806 1934 di-

1020 1945 1141 1973 drachmi
1151 1953 1277 1981 supremo
1284 1948 1339 1974 Deo
1345 1948 1466 1982 persolvi
1471 1948 1594 1983 iubebat,
1605 1957 1658 1977 non
1666 1951 1738 1986 quod
1747 1951 1806 1979 exi-

1019 1991 1113 2026 gendae
1124 1994 1171 2018 aut
1186 1993 1362 2028 corrogandte
1373 1994 1496 2028 pecuniae
1511 1995 1645 2023 rationem
1660 1997 1806 2031 quamdam

1024 2036 1183 2069 invenisset,
1191 2036 1239 2064 sed
1248 2037 1321 2073 quod
1332 2037 1564 2067 manifestissimis
1574 2040 1669 2075 liguris
1680 2049 1730 2069 nos
1743 2043 1808 2070 edo-
1846 2071 1849 2073 ,

1024 2086 1108 2115 ceret,
1130 2083 1247 2118 primum
1273 2083 1382 2118 quidem
1404 2084 1541 2113 neminem
1558 2086 1603 2113 sui
1626 2087 1725 2121 capitis
1746 2095 1808 2116 esse

1024 2127 1176 2159 dominum.
1191 2127 1239 2155 sed
1252 2128 1331 2157 nobis
1352 2129 1479 2158 omnibus
1501 2138 1586 2158 unum
1609 2138 1680 2164 esse,
1694 2131 1740 2167 qui
1759 2133 1808 2160 tri.

1024 2173 1151 2201 butorum
1169 2173 1314 2202 collatione
1327 2175 1355 2202 in
1374 2175 1534 2203 servitutem
1559 2177 1671 2212 ascripti
1692 2185 1807 2213 sumus;

1023 2220 1121 2248 deinde
1134 2220 1209 2255 quod
1230 2219 1426 2248 fecunditatem
1446 2221 1658 2250 intellectualem
1672 2230 1704 2250 ac
1728 2224 1807 2259 spiri-

188 2256 283 2306 uevot“
299 2268 359 2297 εἶτα
374 2269 443 2305 πρὸς
457 2256 561 2300 τούτοις
576 2256 624 2301 τὰς
637 2270 669 2295 ὲκ
680 2268 726 2295 νοῦ
739 2277 769 2295 τε
785 2269 833 2296 καὶ
849 2256 968 2304 πνευμα-

1024 2266 1104 2293 talem
1115 2266 1188 2294 velut
1202 2267 1230 2294 in
1243 2266 1346 2295 rudiori
1359 2267 1451 2295 tabula
1459 2268 1625 2303 depingeret.
1641 2279 1650 2295 ι
1662 2256 1780 2304 Honora,
1797 2280 1806 2296 ι

186 2316 266 2348 τικὰς
284 2316 488 2352 καρποφορίας,
507 2315 545 2347 ὡς
563 2315 592 2342 ἐν
611 2314 756 2350 παχυτέρῳ
771 2314 851 2342 πάλιν
866 2314 972 2350 ζωγρα-

187 2362 292 2396 φοῦσαν
315 2360 458 2397 γράμματι
480 2369 510 2387 τε
530 2360 577 2387 καὶ
602 2360 756 2396 πράγματι.
783 2369 792 2386 ι
810 2359 882 2396 Τίμα
906 2360 970 2395 γὰρ,

187 2407 275 2442 φησὶ,
299 2407 346 2433 τὸν
368 2406 470 2441 Κύριον
491 2405 545 2432 ἀπὸ
573 2405 627 2432 σῶν
655 2405 766 2432 δικαίων
792 2405 900 2439 πόνων,
925 2406 972 2433 καὶ

187 2452 314 2488 ἀπάρχου
329 2451 403 2487 αὐτῷ
418 2451 472 2479 ἀπὸ
488 2451 542 2479 σῶν
568 2452 681 2488 καρπῶν
697 2452 870 2488 δικαιοσύνης
892 2459 898 2466 ·
921 2460 931 2477 ι
958 2451 972 2478 ὃ

159 2491 162 2493 Δ
186 2497 221 2534 δὴ
247 2498 295 2525 καὶ
319 2499 446 2532 γενέσθαι
472 2498 628 2534 ωμὸέὸηκε
652 2498 696 2526 διὰ
717 2499 767 2534 τῆς
792 2498 972 2534 εὐαγγελικῆς

187 2545 378 2578 διδασκαλίας,
409 2546 457 2581 τῆς
477 2546 547 2573 κατὰ
568 2545 650 2580 νόμον
673 2545 724 2582 ἤδη
754 2545 881 2581 λατρείας
912 2552 974 2571 συν-

188 2590 369 2626 εσταλμένης.
393 2591 431 2618 Οὐ
459 2592 512 2628 γὰρ
533 2592 573 2620 ἐτι
598 2594 657 2624 ταῖς
675 2591 774 2625 ἔξωθεν
796 2590 974 2626 δωροφορίαις

188 2636 353 2672 θεραπεύειν
365 2636 476 2672 οἰόμεθα
492 2637 546 2664 δεῖν
559 2637 604 2666 τὸν
624 2638 751 2664 ἁπάντων
770 2635 883 2671 Κύριον,
898 2635 929 2661 τὺ
944 2634 973 2667 ἐξ

189 2683 257 2718 ὕλης
288 2683 411 2718 φθαρτῆς
447 2683 583 2710 συντελεῖν
608 2683 779 2718 ἐπειγόμενοι
807 2681 973 2716 δίδραχμον·

189 2728 314 2764 ἀληθινοὶ
339 2728 369 2755 δὲ
393 2728 468 2760 ιντες
489 2729 693 2764 προσκυνηταὶ,
717 2726 921 2763 προσκυνοῦμεν
945 2726 974 2751 ἐν

189 2774 326 2810 πνεύματι
358 2775 404 2802 καὶ
420 2775 531 2812 ἀληθείᾳ
553 2775 591 2811 τῷ
609 2775 668 2811 Θεῷ
687 2775 733 2803 καὶ
751 2774 847 2810 Πατρί.
866 2772 974 2807 Ταύτην

1024 2311 1108 2344 enim,
1127 2311 1227 2347 inquit,
1246 2322 1254 2338 ι
1275 2312 1419 2340 Dominum
1438 2312 1470 2340 de
1484 2314 1540 2340 tuis
1554 2313 1637 2348 justis
1660 2314 1808 2349 laboribus,

1023 2360 1050 2384 et
1067 2357 1204 2392 primitias
1216 2359 1240 2386 ei
1253 2357 1353 2387 oﬂcras
1369 2358 1402 2386 de
1414 2359 1467 2387 tuis
1481 2358 1738 2394 fructibusjustitize
1748 2361 1781 2388 ⁸⁷.
1797 2371 1806 2387 ι

1025 2404 1102 2436 Quod
1119 2408 1193 2432 certe
1210 2412 1319 2440 quoque
1334 2405 1459 2441 contigit,
1473 2405 1547 2433 cultu
1562 2405 1641 2441 legali
1659 2414 1707 2441 per
1727 2415 1809 2436 evan-

1025 2450 1139 2485 gelicam
1173 2450 1327 2478 doctrinam
1355 2451 1465 2478 tandem
1485 2459 1621 2486 represso.
1648 2451 1707 2480 Non
1737 2453 1809 2481 enim

1025 2497 1147 2524 externis
1160 2497 1320 2525 muneribus
1335 2497 1452 2532 amplius
1479 2498 1621 2525 colendum
1639 2506 1701 2526 esse
1730 2504 1808 2534 puta-

1026 2550 1088 2571 mus
1103 2543 1222 2571 universi
1235 2543 1331 2577 Deum,
1344 2543 1532 2571 didrachmum
1549 2552 1564 2572 e
1575 2545 1744 2580 corruptibili
1754 2553 1810 2573 ma-
1842 2571 1846 2575 .

1027 2589 1095 2617 teria
1113 2589 1229 2624 pendere
1240 2590 1345 2617 coacti:
1362 2590 1410 2617 sed
1421 2597 1483 2617 cum
1501 2590 1589 2618 simus‘
1604 2592 1660 2619 veri
1681 2591 1809 2619 adorato-

1029 2643 1083 2668 res,
1096 2636 1245 2663 adoramus
1259 2635 1286 2663 in
1305 2635 1404 2671 spiritu
1426 2640 1452 2663 et
1470 2636 1587 2664 veritate
1602 2637 1686 2665 Deum
1704 2645 1737 2665 ac
1760 2638 1809 2666 Pa-

1028 2685 1107 2709 trem.
1124 2680 1200 2708 llanc
1219 2682 1247 2709 in
1262 2681 1352 2709 littera
1370 2681 1449 2717 legali
1463 2683 1627 2710 sententiam
1644 2683 1730 2711 latere
1743 2691 1809 2711 ceu-

1025 2728 1139 2756 sendum
1154 2731 1205 2756 est.
1221 2727 1289 2755 Cum
1308 2728 1391 2763 igitur
1408 2727 1540 2756 Dominus
1559 2733 1633 2757 esset
1653 2728 1810 2764 Hierosoly-

1027 2774 1089 2807 mis,
1104 2777 1245 2802 exactores
1264 2773 1418 2802 didrachmi
1439 2773 1549 2802 Petrum
1578 2775 1810 2810 percontabantur

227 2860 377 2890 "'"Joan.
397 2870 452 2898 xiv,
468 2862 496 2890 9.
534 2863 556 2878 "
571 2862 639 2891 Gen.
659 2870 681 2898 ι,
702 2862 743 2890 ii.
783 2863 805 2879 "
819 2861 906 2890 Exod.
925 2870 990 2896 xxx,
1007 2861 1117 2898 passim.
1156 2861 1176 2878 "
1195 2858 1275 2889 Prov.
1289 2867 1330 2896 In,
1345 2860 1371 2888 9.

433 2900 453 2926 Ι
