2028 3118
239 152 286 179 311

737 153 766 180 S.
779 152 820 180 Ci’
827 152 923 179 RILLI’
933 151 1167 179 ALEXANDRINI
1179 151 1338 180 ARCHIEP.

1814 153 1866 181 312

238 214 284 243 his
294 213 403 243 verbis:
419 222 429 239 ι
454 211 583 247 Magister
605 214 696 238 vester
719 218 774 238 non
798 211 879 238 solvit
896 210 1025 238 didrach-

1078 209 1265 245 ὲγκεκρύφθαι
1299 209 1338 245 τῷ
1368 209 1474 245 νομικῷ
1506 202 1649 246 γράμματι
1673 209 1723 246 τὴν
1749 209 1866 238 διάνοιαν

239 269 313 288 mum
325 260 357 287 ".
374 269 383 285 ι
398 259 478 286 Jesus
491 261 579 285 autem
591 257 679 292 ipsum
690 257 718 284 in
731 257 802 285 aedes
815 256 1023 292 ingredientem,

239 308 269 332 ut
286 304 420 340 scriptum
435 307 486 334 est.
501 302 632 338 praevenit
645 301 740 330 dicens
754 311 760 329 :
782 311 791 328 ι
812 303 901 337 Reges
917 307 996 329 teme
1010 308 1025 328 a

238 352 339 388 quibus
356 350 495 386 accipiunt
523 349 668 380 tributum,
689 353 737 376 aut
761 349 898 376 censum?
921 349 942 375 Α
963 348 1026 377 ﬁliis

179 397 184 402 ’
239 398 308 430 suis,
332 405 366 424 an
387 397 421 424 ab
440 395 591 424 alienis"?
609 405 618 421 ι
641 395 709 422 Cum
727 395 936 430 respondisset:
956 405 964 421 ι
991 395 1026 422 ab

240 442 348 474 alienis,
362 441 433 469 dixit
446 440 525 469 Iesus
539 450 546 467 :
563 439 657 468 Liberi
678 448 743 476 ergo
760 444 825 468 sunt
845 440 903 467 ﬁlii.
921 439 974 468 Sed
992 447 1026 467 ne

239 486 460 515 scandalizemus
485 493 551 518 eos,
568 476 693 515 [vadens
720 485 754 513 ad
787 493 863 514 mare
889 485 950 521 jace
977 486 1025 513 ha-

239 541 325 565 mum,
342 537 372 561 et
397 533 516 568 primum
536 533 582 569 qui
608 532 762 561 ascenderit
782 532 884 567 piscem
899 532 980 564 tolle;
999 537 1026 560 et

239 580 366 614 aperiens
384 586 416 606 os
433 579 494 613 ejus
514 579 636 606 invenies
654 582 796 610 staterem,
818 585 899 613 quem
925 578 959 606 da
977 585 1026 613 pro

239 633 282 652 me
297 629 325 652 et
345 628 370 652 te
382 625 403 651 ¹.
420 634 430 650 ι
445 625 542 652 Cernis
556 623 655 651 Filium
678 624 748 652 ferre
766 631 820 650 non
838 631 919 658 posse
941 627 971 651 ut
991 624 1026 651 sit

239 670 415 701 tributarius,
435 677 524 704 neque
539 670 627 697 instar
642 670 725 697 unius
738 677 770 697 ex
791 669 826 697 iis
843 669 889 704 qui
900 670 1026 698 servituti

240 718 305 743 sunt
316 715 439 748 obnoxii,
454 723 512 742 rem
538 715 665 743 servilem
695 716 853 744 sustinere?
880 715 947 743 Nam
964 723 1026 744 cum

239 768 296 789 suae
311 765 416 789 naturae
430 761 543 789 liberam
559 761 720 795 dignitatem
740 769 802 789 esse
823 761 907 794 norit,
926 761 1026 790 servile

239 805 308 833 nihil
324 813 354 833 se
373 805 474 833 debere
490 805 546 833 Deo
564 810 591 833 et
625 805 700 833 Patri
728 805 844 833 allirmat
860 815 866 832 :
898 816 908 832 (
935 805 1026 834 Liberi

238 852 311 879 enim
340 855 406 879 sunt
428 851 487 885 ﬁlii,
506 861 515 877 ι
537 851 636 887 inquit.
668 851 811 884 Quomodo
840 859 907 888 ergo
929 852 1027 879 adorat

1077 256 1270 291 ὑποτοπητέον.
1293 257 1336 288 Ὠς
1349 254 1394 284 οὖν
1411 257 1440 283 ὲν
1453 257 1509 288 τοῖς
1532 256 1566 283 Ίε
1572 256 1665 292 ροσολύ
1670 265 1731 292 μοις
1742 257 1756 283 ὁ
1767 256 1867 291 Κύριος

1075 299 1120 337 ἦν,
1136 302 1161 328 οἱ
1178 302 1226 329 τοῦ
1246 302 1393 338 διδρὰχμου
1411 304 1570 338 πρακτῆρες
1583 302 1800 330 ἀνεπυνθάνοντο
1820 302 1866 329 τοῦ

1076 347 1180 383 Πέτρου
1194 347 1331 381 λέγοντος·
1349 357 1359 374 ι
1383 349 1413 375 '0
1427 348 1584 380 διδάσκαλος
1601 348 1678 384 ὑμῶν
1700 349 1730 374 οὐ
1750 349 1823 375 τελεῖ
1838 349 1868 375 τὺ

1075 391 1231 428 δίδραχμον.
1252 401 1261 418 ι
1276 392 1438 420 Είσελθόντα
1459 393 1487 419 δὲ
1509 394 1549 425 είς
1571 393 1620 428 τὴν
1640 393 1743 425 οίκίαν,
1763 393 1802 425 ὡς
1822 394 1868 428 γέ-

1075 446 1208 472 γραπται,
1231 438 1403 474 προέφθασεν
1426 439 1507 465 αὑτὸν
1530 439 1544 465 ό
1564 438 1669 474 Ἰησοῦς
1685 439 1792 474 λέγων,
1813 449 1822 465 ι
1835 440 1867 466 υῑ

1078 484 1199 519 βασιλεῖς
1218 485 1268 520 τῆς
1291 485 1343 520 γῆς
1358 485 1411 512 ἀπὺ
1432 485 1514 512 τίνων
1541 484 1710 520 λαμϐάνουσι
1733 485 1824 517 τέλος,
1849 486 1865 521 ἢ

1077 529 1194 565 κῆνσονς
1228 530 1294 557 Ἀπδ
1314 530 1368 557 τῶν
1393 530 1459 557 υίῶν
1475 530 1580 564 αὐτῶν,
1606 531 1622 566 ἦ
1642 531 1697 557 ἀπὸ
1711 531 1766 558 τῶν
1788 531 1866 558 ἁλλο-

1076 575 1176 611 τρίωνς
1194 585 1204 600 ι
1218 575 1347 607 Εἰπόντος
1363 575 1391 602 δὲ
1410 575 1503 607 αὑτοῦ,
1525 585 1535 601 ι
1558 575 1627 602 Ἀπὸ
1639 575 1694 602 τῶν
1707 576 1865 611 ἀλλοτρίων,

1076 620 1128 656 ἐφη
1139 622 1154 648 ό
1172 620 1287 654 Ἰησοῦς·
1313 622 1385 657 ’Δρα
1405 613 1544 657 ἐλεύθεροί
1561 622 1632 648 εἰσιν
1647 622 1672 648 οι
1687 621 1750 650 utet.
1765 622 1825 649 ’Ὶνα
1839 623 1867 649 δὲ

1078 666 1116 702 μὴ
1131 666 1353 702 σκανδαλίσωμεν
1368 667 1477 699 αὐτοὺς,
1493 666 1637 702 πορευθεὶς
1649 667 1690 698 είς
1703 667 1754 702 τὴν
1768 667 1868 694 θάλασ-

1077 722 1126 740 σαν
1154 713 1219 748 βάλε
1245 713 1412 749 ἄγκιστρον,
1432 713 1478 740 καὶ
1499 713 1545 740 τὸν
1564 713 1744 740 ἀναϐαίνοντα
1759 713 1868 748 πρῶτον

1079 759 1154 794 ίχθὺν
1169 757 1236 796 ἆρον
1249 780 1257 792 ,
1285 759 1331 786 καὶ
1347 759 1456 792 ἀνοίξας
1478 759 1509 786 τδ
1532 760 1618 795 στόμα
1640 759 1720 786 αὑτοῦ
1741 760 1869 796 εὑρήσεις

1078 806 1200 841 στατῆρα
1213 825 1220 837 ,
1243 807 1345 832 ὲκεϊνον
1365 805 1456 832 λαὸὼν
1471 805 1515 837 δὺς
1534 806 1625 838 αὐτοῖς
1648 806 1708 833 ἀντὶ
1723 805 1801 840 ἐμοῦ,
1822 806 1870 834 καὶ

1079 850 1136 878 σοῦ.
1153 861 1162 876 ι
1187 851 1269 886 Ὁρᾷς
1290 851 1341 878 οὐκ
1361 851 1524 886 ἀνεχόμενον
1543 851 1659 886 ὑποτελῆ
1675 852 1803 885 γενέσθαι
1824 851 1870 878 τὸν

239 896 310 924 servi
326 903 413 928 more,
425 903 513 930 neque
531 895 558 922 id
575 895 696 923 invitus?
711 895 763 929 Qui
779 901 870 923 autem
882 896 925 923 vel
937 895 1024 930 ipsam

1078 897 1151 928 Υἱὸν,
1169 897 1229 923 οὐδὲ
1244 897 1282 929 ὼς
1302 897 1351 924 ἕνα
1365 897 1419 924 τῶν
1438 896 1490 923 ὑπὸ
1504 897 1550 923 τδν
1571 897 1621 932 τῆς
1636 897 1758 929 δουλείας
1775 896 1869 931 ζυγδν,

239 942 278 970 rei
307 942 422 977 ﬁguram
442 941 566 977 respuit,
597 941 735 976 quomodo
766 942 908 970 veritatem
937 942 1024 977 ipsam

239 988 412 1023 susceperit?
439 988 538 1015 Annon
563 988 636 1015 enim
676 988 864 1015 adorationem
890 987 1024 1015 tributum

239 1037 286 1059 aut
313 1032 480 1060 oblationem
507 1031 655 1067 quamdam
685 1032 836 1067 spiritalem
856 1032 1024 1060 existimabi-

239 1084 312 1111 mus,
324 1082 350 1106 et
363 1077 504 1105 servitutis
515 1085 602 1113 genus
613 1077 700 1112 ipsam
711 1084 773 1105 esse
784 1077 927 1105 dicemus?
938 1076 1024 1110 Quam

238 1123 313 1150 enim
328 1123 363 1151 ob
378 1130 490 1151 causam
507 1124 552 1150 lex
566 1123 722 1151 adorationi
735 1123 894 1151 servitutem
908 1123 1026 1158 conjun-

238 1170 289 1202 xit,
311 1169 424 1197 dicens:
445 1179 455 1195 ι
473 1168 619 1196 Dominum
634 1168 718 1197 Deum
739 1172 818 1197 tuum
835 1169 973 1202 adorabis,
1000 1174 1027 1197 et

238 1216 292 1250 ipsi
319 1216 398 1252 19o
425 1216 476 1244 soli
503 1216 640 1244 servies'.
671 1225 681 1241 ι
705 1215 813 1243 Etenim
835 1215 921 1251 janua
941 1216 1026 1243 veluti

239 1263 363 1298 quaedam
383 1267 410 1290 et
424 1263 468 1290 via
479 1263 605 1298 obsequii
623 1262 771 1298 praestandi
795 1262 928 1295 adoratio,
948 1263 1026 1298 prin-

239 1309 342 1344 cipium
372 1308 477 1336 habens
504 1309 664 1336 servitutem
692 1315 756 1344 erga
780 1307 877 1336 Deum.
909 1308 1027 1344 ideoque

239 1354 385 1382 Psalmista
405 1354 552 1382 nonnullos
570 1354 716 1388 compellat
732 1354 775 1382 his
789 1353 879 1381 verbis
903 1353 1024 1381 alicubi:

243 1410 253 1426 ι
270 1399 377 1434 Venite,
393 1400 553 1433 adoremus,
569 1403 597 1427 et
619 1399 797 1434 procidamus
818 1402 882 1426 ante
908 1406 982 1431 eum,
1000 1403 1027 1426 et

238 1448 377 1484 ploremus
391 1455 483 1475 coram
499 1445 615 1473 Domino
624 1445 670 1480 qui
683 1445 746 1472 fecit
758 1445 837 1473 nos'.
851 1454 860 1470 ι
870 1444 953 1472 Vides
964 1451 1027 1479 prq-

240 1495 331 1522 cidere
351 1494 428 1529 sequi
446 1499 473 1520 et
497 1492 676 1527 conjunctum
697 1498 759 1519 esse
774 1490 949 1519 adorationi?
967 1489 1027 1523 Quo

240 1540 307 1576 quid
326 1540 411 1575 magis
428 1546 507 1567 servo
524 1538 669 1566 conveniat
693 1537 765 1572 apud
793 1544 841 1564 eos
864 1537 910 1572 qui
933 1544 1025 1564 rerum

241 1587 386 1626 qualitates
396 1589 471 1613 recte
480 1585 627 1616 mstimant,
641 1584 733 1611 dicere
746 1591 800 1611 non
815 1591 939 1619 possum.
950 1583 1027 1616 Quod

241 1634 264 1662 si
287 1636 464 1668 perseverant
486 1631 650 1663 adversarii,
675 1630 823 1666 praefracta
856 1629 1028 1664 impudentia

241 1679 306 1707 elati
319 1698 327 1712 ,
343 1682 370 1706 et
385 1678 492 1708 frivolis
508 1677 663 1706 rationibus
683 1677 742 1704 haec
757 1681 882 1704 astruere
897 1683 953 1703 non
966 1683 1028 1704 ees-

241 1729 314 1756 sant.
335 1724 482 1752 ostendant
513 1724 595 1752 nobis
611 1724 739 1751 universa
765 1722 909 1758 Scriptura
931 1726 1028 1750 sancta

242 1771 396 1811 pervoluta,
408 1770 507 1798 Filium
526 1769 611 1798 Deum
625 1774 653 1797 et
673 1769 781 1797 Patrem
802 1768 944 1799 adorasse,
965 1774 1028 1795 cum

243 1816 346 1843 nudum
374 1815 466 1843 adhuc
490 1820 564 1843 esset
590 1814 725 1847 Verbum,
743 1817 807 1841 ante
832 1813 1029 1841 incarnationis

241 1867 376 1897 tempora,
389 1866 417 1889 et
436 1861 510 1889 illam
532 1861 605 1889 servi
630 1860 758 1889 formam.
788 1859 868 1888 Nunc
884 1859 958 1889 enim
975 1867 1029 1894 qua

242 1909 325 1936 homo
338 1908 407 1935 citra
420 1907 661 1943 reprehensionem
686 1907 794 1939 adorat,
812 1907 859 1935 sed
881 1911 957 1939 tunc,
973 1913 1028 1933 non

242 1954 318 1981 item.
329 1953 383 1982 Sed
398 1961 431 1982 ex
444 1953 546 1981 divinis
562 1953 703 1988 sacrisque
715 1952 826 1980 Litteris
843 1951 869 1979 id
885 1951 1029 1979 ostendere

242 2007 384 2035 nunquam
400 2003 545 2036 poterunt;
555 2007 652 2029 verum
665 2006 729 2026 cum
748 1999 827 2026 nobis
842 1997 1028 2032 conjecturas,

243 2050 270 2073 et
294 2045 404 2081 putidas
428 2042 585 2083 ‘argutiolas
605 2048 779 2078 coacervent,
803 2045 865 2079 jure
895 2043 1027 2071 audient:

246 2101 257 2117 ‹
276 2088 379 2119 Erratis
409 2091 562 2118 nescientes
598 2089 767 2125 Scripturas,
784 2097 872 2124 neque
900 2089 1029 2116 virtutem

243 2137 290 2164 Dei
303 2137 324 2169 ⁵,
347 2146 356 2162 ι
370 2141 397 2165 et
408 2137 522 2172 gloriam
540 2135 687 2171 Unigeniti.
701 2134 779 2167 Quod
800 2135 873 2161 enim
892 2138 1028 2169 quatenus

242 2182 366 2211 Verbum
384 2190 416 2210 ac
432 2182 504 2210 Deus
526 2190 581 2209 non
606 2181 712 2213 adoret,
743 2180 790 2208 sed
819 2180 907 2208 nostri
929 2179 1029 2207 similis

243 2229 325 2256 etiam
341 2228 462 2255 humano
478 2234 554 2254 more
569 2227 595 2254 id
611 2226 773 2262 susceperit,
791 2229 903 2261 propter
915 2225 1029 2260 dispen-
1046 2239 1068 2267 υ

243 2275 381 2303 sationem
415 2281 476 2301 cum
507 2280 599 2304 carne,
624 2280 679 2299 non
708 2271 818 2299 aliunde
842 2271 1030 2306 probationem

245 2328 411 2356 quaeremus,
422 2320 468 2351 sed
482 2327 516 2347 ex
531 2319 591 2354 ejus
606 2318 699 2346 verbis
713 2325 823 2346 rursum
839 2324 1029 2352 agnoscemus.

244 2367 316 2402 Quid
345 2367 419 2395 enim
442 2367 476 2393 ad
500 2364 704 2395 Samaritanam
732 2363 874 2393 mulierem
901 2363 939 2391 ait
961 2370 1030 2400 pra:-

245 2418 319 2443 terea
331 2413 342 2439 τ

1078 943 1224 978 ὑπομεῖναι
1256 943 1374 979 πρᾶγμα
1402 942 1598 979 δουλοπρεπὲς;
1624 943 1709 974 Είδὼς
1737 943 1793 978 γὰρ
1819 943 1870 977 τῆς

1077 988 1174 1015 ἑαυτοῦ
1191 988 1298 1022 φύσεως
1312 988 1343 1015 τὸ
1353 988 1495 1023 ἐλεύθερον
1509 988 1629 1024 ἀξίωμα,
1642 989 1777 1015 οἰκετικὸν
1791 989 1870 1016 οὐδὲν

1076 1033 1229 1069 ὲποςρείλειν
1242 1034 1281 1069 τῷ
1289 1034 1348 1070 Θεῷ
1360 1035 1406 1061 καὶ
1420 1034 1508 1069 Πατρὶ
1522 1034 1729 1070 διῖσχυρίςεται.
1747 1043 1758 1060 ι
1778 1033 1870 1060 Ἐλεύ-

1077 1080 1151 1115 θεροι
1165 1080 1219 1115 γάρ
1231 1080 1300 1106 εἰσιν
1314 1080 1338 1106 οἱ
1355 1080 1418 1112 υἱοὶ,
1439 1089 1448 1106 ι
1466 1080 1559 1115 φησίν.
1573 1080 1635 1111 ΙΙῶς
1645 1077 1692 1106 οὖν
1705 1080 1755 1107 οὐκ
1771 1080 1867 1107 ἀνεθέ-

1076 1125 1157 1162 λητον
1178 1125 1234 1161 ἔχει
1250 1126 1300 1162 τὴν
1312 1126 1485 1161 δουλοπρεπῆ
1502 1125 1687 1161 προσκύνησιν
1700 1134 1707 1158 ;
1729 1126 1760 1153 '0
1775 1126 1805 1152 δὲ
1821 1134 1870 1153 και

1077 1171 1145 1206 πρὸς
1164 1172 1245 1206 μόνον
1260 1171 1454 1207 ἀποναρκήσας
1468 1171 1514 1198 τὸν
1529 1170 1575 1197 τοῦ
1595 1171 1758 1206 πράγματος
1771 1171 1867 1203 τύπον,

1077 1217 1135 1249 πῶς
1157 1216 1191 1244 ἂν
1215 1217 1299 1253 αὐτὴν
1324 1217 1503 1250 καταδέξαιτο
1523 1216 1573 1252 τὴν
1598 1217 1747 1252 ἀλήθειαν;
1764 1217 1800 1243 Ἢ
1813 1216 1867 1252 γὰρ

1076 1263 1124 1298 οὐχ
1139 1262 1176 1294 ὡς
1191 1261 1277 1295 τέλος,
1295 1262 1343 1290 καὶ
1358 1262 1547 1298 καρποφορίαν
1561 1261 1750 1297 πνευματικὴν
1764 1261 1870 1295 λογιού-

1078 1308 1147 1342 μεθα
1162 1308 1210 1344 τὴν
1223 1308 1422 1343 προσκύνησιν,
1440 1308 1488 1334 καὶ
1505 1308 1634 1343 λατρείας
1650 1304 1719 1338 εἶδος
1735 1307 1870 1342 ὑπάρχειν·

1076 1353 1193 1389 ὲροῦμεν
1215 1354 1320 1389 αὑτήν;
1349 1353 1425 1380 Ἐπεὶ
1445 1352 1489 1379 διὰ
1502 1353 1582 1379 ποίαν
1599 1353 1612 1379 δ
1627 1351 1709 1386 νόμος
1723 1351 1814 1378 αἰτίαν
1836 1355 1869 1388 τῇ

1078 1399 1262 1435 προσκυνήσει
1288 1399 1416 1435 συνέδησε
1438 1399 1488 1435 τὴν
1515 1398 1641 1433 λατρείαν
1659 1397 1754 1429 εἰπὼν,
1776 1407 1786 1423 ς
1818 1397 1873 1424 Κυ-

1079 1453 1136 1481 ριον
1160 1445 1205 1472 τὸν
1231 1445 1297 1471 Θεόν
1319 1453 1365 1471 σου
1390 1445 1606 1480 προσκυνήσεις,
1631 1443 1679 1470 καὶ
1702 1442 1776 1478 αὐτῷ
1797 1442 1873 1478 μόνῳ

1077 1492 1246 1527 λατρεύσεις.
1271 1502 1279 1518 ι
1297 1491 1372 1526 Πύλη
1386 1491 1442 1526 γὰρ
1457 1491 1551 1526 ὥσπερ
1573 1490 1616 1522 τίς
1641 1491 1710 1521 ἐστι,
1739 1489 1787 1516 καὶ
1812 1489 1873 1520 ὁδὸς

1078 1537 1128 1571 τῆς
1143 1538 1171 1564 ὲν
1186 1537 1276 1572 ἔργοις
1290 1537 1417 1572 λατρείας
1429 1537 1446 1572 ή
1457 1536 1652 1572 προσκύνησις,
1669 1535 1756 1571 ἀρχὴν
1769 1534 1872 1570 ἔχουσα

1079 1582 1199 1609 δουλείαν
1212 1582 1261 1618 τὴν
1278 1583 1315 1614 ὡς
1337 1583 1406 1617 πρὸς
1420 1582 1496 1608 Θεόν.
1517 1582 1563 1608 Διὺ
1589 1581 1621 1617 δὴ
1645 1581 1692 1607 καὶ
1712 1581 1781 1616 πρός
1795 1589 1872 1611 τινας

1078 1629 1092 1654 ὁ
1108 1627 1234 1663 Μελῳδός
1257 1627 1307 1654 πού
1324 1636 1401 1662 φησι·
1423 1636 1433 1653 ι
1451 1627 1533 1653 Δεῦτε
1556 1626 1800 1662 προσκυνήσωμεν,
1822 1625 1871 1651 καὶ

1078 1673 1279 1710 προσπέσωμεν
1293 1673 1377 1709 αὐτῷ,
1396 1673 1442 1700 καὶ
1456 1673 1618 1708 κλαύσωμεν
1633 1671 1753 1698 ἐναντίον
1764 1671 1871 1706 Κυρίου

1077 1719 1123 1746 τοῦ
1141 1719 1302 1755 ποιήσαντος
1323 1719 1408 1754 ἡμᾶς.
1431 1728 1440 1745 ι
1465 1719 1546 1754 Ὁρᾷς
1569 1718 1760 1754 παρεπόμενόν
1779 1718 1872 1744 τεκαὶ

1079 1765 1293 1800 συνεζευγμένον
1317 1764 1357 1800 τῷ
1383 1766 1546 1800 προσκυνεῖν
1570 1765 1601 1791 τὺ
1625 1765 1724 1801 χρῆναι
1748 1764 1870 1800 προσπίο

1079 1821 1157 1840 πτειν
1170 1822 1177 1846 ;
1195 1809 1231 1840 Οὖ
1246 1812 1272 1839 τί
1292 1812 1325 1839 ἂν
1337 1812 1442 1846 γένοιτο
1453 1812 1729 1848 δουλοπρεπέστερον.
1747 1811 1824 1847 παρά
1836 1819 1869 1845 γε

1078 1859 1135 1890 τοῖς
1154 1857 1242 1893 ὀρθῶς
1256 1857 1434 1892 δοκιμάζουσι
1457 1858 1507 1889 τὰς
1527 1858 1580 1884 τῶν
1600 1857 1772 1893 πραγμάτων
1793 1857 1869 1883 ποιῶ

1078 1914 1181 1941 τητας,
1213 1906 1300 1932 εἰπεῖν
1324 1906 1374 1932 οὐκ
1399 1905 1462 1941 ἔχω.
1486 1905 1518 1932 Et
1539 1905 1566 1932 δὲ
1590 1905 1765 1940 ἐπιμένουσιν
1784 1904 1809 1930 at
1833 1903 1869 1930 δι’

1079 1950 1203 1983 ἐναντίας
1215 1951 1258 1977 ἐπ’
1269 1950 1432 1986 ἁθραύστοις
1443 1950 1483 1977 ἔτι
1493 1951 1553 1982 ταῖς
1572 1949 1776 1985 ἀναισχυντίαις
1788 1948 1870 1975 σοϐα-

1081 1997 1240 2032 ρευόμενοι,
1267 1997 1313 2023 καὶ
1340 1996 1395 2023 τῶν
1424 1996 1470 2023 ἐπὶ
1497 1997 1603 2028 τούτοις
1635 1995 1808 2023 ἀπαιδεύτων
1838 1994 1870 2020 οὐ

1079 2042 1262 2078 καταλήγουσι
1275 2042 1425 2078 λογισμῶν,
1437 2042 1645 2070 ἐπιδεικνύντων
1660 2043 1725 2077 ἡμῖν
1742 2041 1806 2077 ὅλην
1819 2041 1870 2076 τὴν

1080 2088 1159 2123 ἁγίαν
1184 2088 1406 2124 περινοστοῦντες
1437 2089 1549 2124 Γραφὴν
1578 2089 1807 2123 προσκυνήσαντα
1830 2086 1870 2121 τῷ

1080 2134 1139 2169 Θεῷ
1154 2133 1202 2161 καὶ
1226 2133 1314 2169 Πατρὶ
1328 2133 1373 2160 τὸν
1387 2133 1468 2166 Υιὺν,
1488 2134 1532 2160 ὅτε
1546 2133 1647 2168 γυμνὸς
1663 2131 1696 2169 ἦν
1712 2133 1762 2165 ἔτι,
1772 2132 1869 2165 Λόγος,

1081 2178 1135 2213 πρὸ
1150 2178 1205 2205 τῶν
1221 2179 1271 2213 τῆς
1296 2178 1528 2214 ὲνανθρωπήσεως
1543 2178 1662 2213 χρόνων,
1690 2179 1736 2204 καὶ
1754 2176 1803 2203 τοῦ
1821 2176 1871 2211 τῆς

1082 2224 1205 2255 δουλείας
1218 2224 1369 2259 σχήματος.
1389 2223 1446 2250 Νῦν
1466 2223 1515 2259 μὲν
1530 2224 1584 2259 γὰρ
1598 2223 1636 2255 ὼς
1650 2222 1791 2256 ἄνθρωπος
1804 2222 1871 2248 ἅκα-

1084 2271 1243 2306 τηγορήτως
1261 2271 1433 2306 προσκυνεῖν
1448 2270 1509 2296 τότε
1532 2270 1560 2296 δὲ
1572 2291 1579 2303 ,
1606 2269 1708 2296 οὐκέτι.
1729 2268 1802 2295 Ἀλλ*
1822 2268 1870 2303 οὐχ

1083 2316 1174 2349 ἕξουσι
1187 2316 1236 2351 μὲν
1249 2317 1282 2343 ὲκ
1291 2316 1346 2343 τῶν
1363 2316 1441 2342 θείων
1456 2324 1486 2342 τε
1498 2316 1545 2342 καὶ
1559 2314 1638 2350 ἱερῶν
1653 2313 1782 2346 ἐπιδεῖξαι
1793 2313 1870 2340 τοῦτο

1083 2362 1272 2398 Γραμμάτων·
1296 2362 1467 2397 στοχασμοὺς
1484 2361 1511 2388 δὲ
1533 2363 1610 2397 ἡμῖν,
1632 2361 1679 2388 καὶ
1696 2359 1807 2395 σαθρῶν
1830 2360 1870 2386 ὲν-

1083 2409 1253 2444 θυμημάτων
1282 2408 1405 2441 ἐπινοίας
1435 2408 1619 2443 συνείροντες,
1646 2405 1764 2440 εὐλόγως
1791 2405 1870 2432 ἀκού-

247 2468 355 2492 σονται,
373 2469 382 2484 ι
404 2457 544 2484 Πλανᾶσθε
567 2455 604 2491 μὴ
627 2455 726 2486 εἰδότες
743 2454 793 2485 τὰς
814 2454 939 2489 Γραφὰς,
967 2454 1034 2490 μηδὲ
1052 2455 1101 2490 τήν
1121 2455 1234 2490 δύναμιν
1254 2454 1300 2481 τοῦ
1333 2453 1412 2487 Θεοῦ,
1434 2462 1443 2479 ι
1467 2453 1514 2480 καὶ
1534 2453 1582 2489 τὴν
1605 2451 1684 2485 δόξαν
1704 2450 1752 2477 τοῦ
1785 2451 1870 2477 Μονο-

246 2505 353 2540 γευοῦς,
366 2505 427 2532 ’Ότι
438 2503 492 2538 γὰρ
537 2501 585 2536 μὲν
598 2500 683 2534 Λόγος
694 2501 740 2527 καὶ
752 2500 817 2532 Θεὸς
828 2501 858 2526 οὺ
874 2501 1030 2537 προσκυνεῖ,
1050 2500 1172 2534 γεγονὼς
1188 2501 1217 2527 δὲ
1234 2500 1295 2527 καθ’
1311 2501 1398 2535 ἡμᾶς,
1419 2500 1468 2526 καὶ
1501 2498 1579 2526 τοῦτο
1611 2498 1707 2525 παθεῖν
1729 2497 1870 2532 ἅνθρωποι

248 2551 361 2587 πρεπῶς
379 2548 540 2580 κατεδέξατο
563 2547 606 2573 διὰ
630 2547 678 2582 τὴν
704 2547 860 2581 οἰκονομίαν
885 2547 935 2582 τὴν
961 2547 1029 2582 μετὰ
1051 2547 1162 2582 σαρκὸς,
1177 2547 1208 2573 οὐ
1224 2546 1341 2581 θύραθεν
1353 2546 1446 2581 ἡμῖνὴ
1478 2544 1647 2580 πληροφορία
1679 2543 1870 2578 ζητηθήσεται,

247 2597 291 2625 διὰ
305 2597 333 2624 δὲ
349 2595 402 2622 τῶν
419 2593 502 2621 αὑτοῦ
521 2592 603 2620 πάλιν
618 2592 748 2627 εἰσόμεθα
763 2592 861 2626 λόγων.
884 2593 916 2619 Τί
931 2592 986 2628 γὰρ
998 2592 1030 2628 δὴ
1050 2593 1096 2620 καί
1112 2602 1178 2628 φησι
1191 2592 1259 2628 πρὸς
1271 2592 1320 2627 τὴν
1334 2592 1366 2619 ὲκ
1378 2591 1429 2625 τῆς
1444 2591 1595 2626 Σαμαρείας
1614 2590 1750 2624 γυναῖκα;

289 2643 340 2670 Vos
358 2641 476 2668 adoratis
498 2639 566 2678 quod
582 2640 707 2667 nescitis:
730 2648 778 2668 nos
803 2641 946 2667 adoramus
963 2639 1031 2676 quod

248 2690 357 2719 scimus.
964 2687 968 2691 ’

225 2731 227 2735 ⁷
285 2735 380 2762 Nonne
392 2733 479 2761 cuivis
494 2727 575 2761 etiam
593 2741 624 2761 ex
635 2734 688 2761 hoc
706 2733 881 2761 manifestum
894 2737 945 2764 est,
959 2733 1032 2767 quod

249 2789 312 2810 cum
330 2780 429 2816 plurali
455 2788 522 2809 usus
542 2781 578 2808 sit
605 2788 739 2813 numero,
768 2784 796 2808 et
818 2779 937 2815 selpsum
961 2779 1032 2807 inter

280 2866 308 2903 ".
319 2858 416 2903 Matth.
433 2871 560 2904 “11,25.
603 2873 625 2889 ου
641 2871 707 2899 ibid.
725 2870 769 2898 ει.
811 2871 819 2886 ι
839 2870 905 2898 ibid.
919 2869 964 2901 es.
976 2868 1021 2896 εδ.

1086 2867 1163 2896 Delli.
1180 2876 1218 2900 vr,
1235 2867 1276 2894 13.

1126 2640 1224 2675 Ὑμεῖς
1241 2639 1437 2673 προσκυνεῖτε
1448 2638 1463 2664 ὃ
1481 2639 1536 2665 οὐκ
1551 2638 1661 2670 οἴδατε,
1679 2635 1766 2670 ἡμεῖς
1776 2643 1869 2670 προσ-

1086 2687 1247 2721 κυνοῦμεν,
1264 2686 1279 2712 ὃ
1293 2685 1426 2719 οιδαμεν.

1121 2730 1184 2767 'Ap‘
1201 2732 1260 2766 οὑχί
1274 2731 1354 2757 παντί
1371 2739 1409 2765 τῳ
1423 2730 1468 2756 καὶ
1484 2729 1527 2755 διὰ
1538 2729 1630 2756 τούτου
1647 2727 1814 2762 καταφανὲς,
1831 2727 1869 2753 ὅτι

1085 2778 1124 2813 τῷ
1135 2776 1306 2812 πληθυντικῷ
1317 2776 1488 2812 χρησάμενος
1496 2775 1614 2812 ἀριθμῷ,
1625 2775 1671 2801 καὶ
1682 2776 1739 2806 τοῖς
1752 2774 1781 2806 ἐξ
1794 2773 1873 2806 ἀνάγ-

1333 2867 1341 2884 ¹
1357 2867 1430 2896 Psal.
1446 2874 1517 2900 χειν,
1530 2867 1557 2894 6.
1620 2866 1714 2894 Matth.
1734 2873 1809 2900 xm,
1824 2863 1867 2892 29-
