2028 3118
144 159 202 188 513

676 159 709 188 ΙΝ
727 158 870 187 JOANNIS
887 158 1114 190 EVANGELIUM
1135 162 1201 191 LIB.
1222 163 1256 192 ll.

1725 169 1776 197 ΞΗ

145 226 200 253 κης
223 218 270 244 καὶ
293 217 416 250 δουλείας
438 217 635 253 προσκυνοῦσιν
653 218 748 246 ἑαυτὸν
774 218 941 254 ὲναριθμῶν,

996 226 1041 247 eos
1056 221 1170 249 eoilocet
1189 223 1237 257 qui
1267 224 1440 253 neceSsitatis
1460 228 1487 254 et
1513 226 1654 254 servitutis
1670 227 1776 255 ratione

143 262 184 296 ὡς
207 264 237 290 ἐν
256 263 338 300 δούλῃ
359 265 392 299 τῇ
414 263 604 299 ἀνθρωπότητι
629 263 749 298 γεγονὼς
767 264 802 291 τὰ
826 264 939 292 τοιαῦτά

146 319 236 346 (mat;
252 310 284 336 Τί
306 310 360 345 γὰρ
381 308 433 346 ἦν,
451 309 512 336 εἰπέ
531 318 591 345 μοι,
611 310 641 336 τὺ
665 309 770 337 κωλύον
792 310 874 337 αὐτὸν
898 312 939 342 εις

143 359 248 385 οἰκεῖον
269 357 415 393 πρόσωπον
438 357 549 383 ὲλκῦσαι
570 357 721 392 μοναδικῶς
742 357 792 393 τὴν
815 357 938 393 προσκύ-

144 412 236 438 νησιν,
248 404 272 430 ει
285 403 404 430 νοεῖσθαι
419 404 485 438 παρ’
496 403 574 438 ἡμῶν
586 403 716 438 ἐπιθυμεῖ
728 404 937 439 προσκυνητής;

147 450 224 477 Ἔδει
241 450 295 484 γὰρ
312 449 412 485 μᾶλλον
423 450 520 476 εἰπεῖν·
539 459 547 475 ι
569 448 641 484 Ἐγὼ
655 449 801 484 προσκυνῶ
816 449 830 475 ὃ
842 447 909 481 οἶδα,
924 458 934 476 ι

144 496 193 523 ἴνα
207 497 265 528 τοῖς
284 496 375 528 ἄλλοις
391 495 559 527 ἀσύντακτος
571 494 619 528 ὢν,
643 496 685 530 ἐφ’
697 494 786 530 ἐαυτῷ
802 495 849 522 καὶ
866 495 938 530 μόνῳ

144 543 197 577 τὴν
220 542 274 569 τῶν
301 542 454 578 εἰρημένων
482 542 593 577 ἁρπάσῃ
623 541 747 576 δύναμιν.
774 541 843 568 Νυνὶ
866 541 895 567 δὲ
908 541 938 568 τὸ

149 597 158 613 ι
188 588 294 623 Ἡμεῖς,
315 597 324 614 ι
341 587 440 624 ἄριστά
453 588 483 614 τὲ
499 596 566 622 φησι
587 587 634 613 καὶ
656 586 716 613 λίαν
740 586 880 621 ἀσφαλῶς,
901 587 939 618 ὡς

144 633 176 659 ὲν
198 633 302 665 δούλοις
325 633 375 669 ἤδη
395 631 634 668 κατατεταγμένος
659 632 703 659 διὰ
723 632 772 668 τὴν
795 631 938 667 ἀνθρωπό-

144 689 227 716 τητα,
239 681 277 712 ὡς
286 682 343 712 τοῖς
354 679 553 716 προσκυνοῦσιν
567 679 734 715 ἐναρίθμιος,
748 678 786 709 ὡς
802 676 939 709 Ἰουδαίοις

144 728 192 755 διὰ
206 727 257 763 τὴν
272 727 375 762 χώραν.
814 746 818 750 .

191 773 267 802 Ἀλλ’
291 773 407 807 ἔρχεται
421 771 493 806 ὥρα,
507 771 556 799 καὶ
570 771 629 798 νῦν
644 771 737 803 ἐστιν,
750 771 800 797 ὅτε
819 772 845 797 al
864 770 939 804 ἀλη-

145 819 224 847 θινοὶ
244 818 449 853 προσκυνηταὶ
468 817 718 852 προσκυνήσουσι
739 815 778 849 τῷ
798 817 888 850 Harp!
904 817 940 843 ὲν

145 866 294 901 πνεύματι
317 865 366 892 καὶ
383 865 518 899 ἀληθείᾳ.
543 864 598 891 Καὶ
614 865 669 899 γὰρ
693 866 709 891 ό
725 864 827 898 Πατὴρ
841 863 938 890 τοιού·
956 885 976 912 Β

145 921 221 945 τους
245 911 324 946 ζητεῖ
338 912 410 945 τοὺς
429 911 677 946 προσκυνοῦντας
693 912 797 938 αὐτόν.
819 909 939 944 Πνεῦμα

148 960 165 986 ό
185 959 265 991 Θεὸς,
277 958 325 985 καί
346 958 416 990 τοὺς
437 958 684 992 προσκυνοῦντας
697 958 790 985 αὺτὸν
802 957 836 983 ἐν
848 956 940 983 πνεύ-

142 1012 218 1038 ματι
239 1004 288 1031 καὶ
311 1004 436 1038 ἀληθείᾳ
452 1004 499 1031 δεῖ
511 1004 703 1038 προσκυνεῖν.
717 1003 802 1039 Λέγει
821 1003 900 1036 αὐτῷ
920 1003 939 1036 ἡ

149 1051 240 1086 rmi-
384 1086 387 1090 ,

187 1097 317 1132 Σημαίνει
333 1097 383 1132 μὲν
395 1097 445 1132 τῆς
460 1096 557 1124 ἑαυτοῦ
574 1096 726 1131 παρουσίας
742 1096 786 1123 τὸν
803 1096 853 1132 ἥδη
871 1104 942 1132 παρ-

148 1150 214 1170 avsa.
241 1144 354 1179 καιρὸν,
375 1143 680 1178 μετασκευασθήσεσθαι
707 1142 735 1169 δὲ
759 1143 821 1174 τοὺς
839 1141 941 1173 τύπους

149 1190 235 1225 φησὶν
249 1191 288 1221 είς
303 1190 441 1225 ἀλήθειαν,
455 1190 503 1216 καὶ
522 1190 572 1225 τὴν
589 1189 635 1216 τοῦ
650 1189 733 1224 νόμου
748 1188 826 1215 σκιὰν
837 1189 876 1220 είς
892 1189 941 1214 λα-

148 1237 247 1272 τρείαν
271 1236 468 1272 πνευματικήν.
484 1236 532 1263 Διὰ
556 1236 584 1262 δὲ
609 1236 659 1271 τῆς
681 1235 862 1270 εὐαγγελικῆς
879 1245 942 1262 παι-

149 1282 269 1314 δεύσεως
279 1282 318 1313 είς
335 1281 482 1316 εὐάρεστον
496 1281 536 1316 τῷ
547 1281 635 1316 Πατρὶ
654 1281 791 1308 πολιτείαν
810 1290 942 1316 χειραγω-

150 1327 322 1362 γηθήσεσθιιι
347 1327 422 1361 λέγει
447 1326 493 1353 τὸν
514 1326 638 1361 ἀληθινὸν
666 1326 875 1362 προσκυνητὴν,
896 1326 942 1353 τὸν

150 1373 295 1409 ἄνθρωπον
307 1373 427 1408 δηλονότι
437 1373 481 1399 τὸν
492 1372 687 1408 πνευματικὸν,
703 1364 873 1408 ἑτοιμότερόν
884 1381 942 1404 πως

138 1420 194 1451 κείς
210 1419 362 1455 οἰκειότητα
372 1419 502 1454 τρέχοντά
515 1428 573 1450 πως
593 1419 642 1454 τὴν
657 1418 725 1453 πρὸς
740 1418 815 1445 Θεόν.
830 1418 943 1453 Πνεῦμα

151 1466 208 1500 γὰρ
219 1467 233 1492 ό
245 1465 320 1498 θεὸς,
336 1465 374 1496 ὡς
395 1465 462 1500 πρὸς
478 1464 604 1500 σώματος
618 1466 718 1491 νοεῖται
734 1464 813 1499 φύσιν
825 1471 830 1476 ·
844 1464 889 1490 διά
901 1472 943 1490 τοι

150 1510 233 1537 τοῦτο
247 1510 358 1542 δικαίως
382 1510 427 1536 τὸν
450 1509 633 1545 πνευματικὸν
646 1508 807 1544 ἀποδέχεται
826 1517 943 1544 προσκυ-

990 266 1116 299 adorant,
1132 267 1190 295 haec
1207 268 1253 300 ait.
1267 274 1395 304 tanquam
1413 271 1460 306 qui
1477 272 1503 298 in
1515 279 1594 299 serva
1603 272 1777 301 humanitate

989 312 1127 340 exsistat?
1157 313 1227 346 Quid
1253 314 1337 346 enim,
1367 323 1475 351 quaso,
1497 317 1660 352 impediebat
1686 318 1775 353 ipsum

989 358 1138 392 quominus
1163 359 1197 386 ad
1215 367 1292 387 suam
1311 368 1457 395 personam
1475 363 1663 391 adorationem
1682 364 1777 399 singu-

990 404 1085 432 lariter
1101 404 1273 438 transferret,
1290 406 1312 433 si
1326 414 1340 433 a
1356 408 1437 435 nobis
1453 408 1582 436 adorator
1596 409 1703 438 censeri
1718 410 1776 437 vel-

989 449 1047 477 let?
1067 449 1218 478 Dicendum
1233 452 1306 479 enim
1322 455 1384 479 erat
1398 453 1501 487 potius,
1517 462 1526 479 (
1542 452 1597 488 Ego
1606 454 1691 481 adoro
1702 454 1775 489 quod

989 495 1058 528 scio,
1080 505 1089 521 ι
1108 501 1139 523 ιιι
1156 504 1217 524 cum
1231 497 1260 524 in
1279 498 1395 525 aliorum
1411 505 1526 525 numero
1545 506 1599 526 non
1617 503 1699 533 esset,
1722 499 1775 527 sibi

991 542 1036 568 uni
1052 541 1105 568 vim
1122 542 1195 570 illius
1221 542 1288 570 dicti
1309 548 1461 579 arrogaret.
1480 543 1558 571 Nunc
1587 548 1691 577 autem,
1716 552 1775 572 eam

989 594 1084 615 vocem
1106 593 1181 616 recte
1196 593 1223 616 et
1247 589 1398 624 prudenter
1422 594 1547 625 usurpat,
1570 594 1600 617 ut
1627 590 1682 625 jam
1706 591 1778 618 inter

990 640 1085 661 servos
1106 634 1268 666 collocatus,
1285 640 1398 670 propter
1415 636 1626 670 humanitatem,
1649 640 1678 662 ut
1699 635 1778 663 ‘inter

989 679 1137 708 adorantes
1149 685 1319 714 numeratus,
1339 687 1368 709 ut
1385 683 1456 710 inter
1470 682 1590 715 Judazos,
1605 686 1716 717 propter
1730 689 1775 710 rc-

989 733 1109 762 gtonem.

1027 772 1103 807 191
1121 772 1167 805 IV,
1185 773 1230 806 25,
1261 773 1307 800 24.
1337 773 1387 801 Sed
1404 775 1472 801 venit
1489 774 1565 806 hora,
1584 778 1607 800 et
1633 781 1702 801 nunc
1726 778 1776 806 est,
1820 781 1821 786 ‘

989 819 1094 859 quando
1108 819 1161 846 ueri
1179 819 1332 847 adoratores
1346 820 1495 846 adorabunt
1514 819 1623 846 Patrem
1637 820 1665 845 in
1681 820 1777 853 spiritu

989 867 1015 890 et
1029 865 1147 892 veritate.
1163 863 1234 891 Nam
1245 870 1270 892 et
1288 865 1369 892 Pater
1386 866 1451 892 tales
1470 866 1574 900 quwrit,
1595 866 1640 900 qui
1666 865 1778 891 adorent

990 917 1058 936 eum.
1075 909 1191 945 Spiritus
1204 916 1241 937 est
1255 911 1323 938 Deus
1335 918 1345 938 :
1359 915 1383 938 el
1398 920 1443 938 eos
1457 912 1502 946 qui
1526 911 1640 938 adorant
1664 919 1733 944 eum,
1750 911 1778 938 in

990 956 1086 990 spiritu
1101 960 1126 983 et
1143 957 1251 983 veritate
1264 961 1364 992 oportet
1380 957 1504 984 adorare.
1517 957 1587 984 Dicit
1599 957 1622 984 ei
1635 957 1740 983 mulier.

1010 1089 1169 1125 rSigniﬁcat
1196 1088 1328 1116 adventus
1357 1088 1468 1123 quidem
1500 1088 1543 1115 sui
1568 1088 1624 1122 jam
1655 1094 1777 1122 praesens

991 1138 1110 1168 tempus,
1127 1133 1174 1161 sed
1188 1137 1322 1160 mutatum
1338 1133 1371 1159 iri
1387 1133 1454 1160 dicit
1468 1132 1568 1168 ﬁguras
1584 1133 1611 1159 in
1624 1132 1776 1166 veritatem,

991 1184 1018 1208 et
1034 1181 1102 1215 legis
1116 1180 1240 1207 umbram
1257 1180 1284 1206 iu
1301 1179 1405 1206 cultum
1434 1178 1596 1213 spiritalem.
1623 1177 1674 1204 Per
1696 1185 1778 1204 evan-

991 1227 1106 1262 gelicam
1122 1230 1212 1253 autem
1228 1225 1403 1259 disciplinam
1418 1219 1566 1252 deductum
1583 1223 1616 1250 iri
1634 1223 1671 1250 ait
1683 1230 1777 1250 verum

992 1273 1175 1304 adoratorem,
1201 1272 1226 1299 id
1241 1276 1283 1299 est
1303 1271 1455 1305 spiritalem
1471 1271 1621 1304 hominem,
1651 1270 1686 1297 ad
1711 1278 1778 1297 con-

992 1319 1175 1347 versationem
1192 1318 1263 1345 Patri
1281 1318 1447 1352 placentem,
1457 1316 1561 1351 majore
1576 1316 1779 1351 quodammodo

993 1365 1084 1393 studio
1104 1364 1136 1391 ad
1164 1363 1386 1398 coniunctionem
1411 1369 1474 1389 cum
1503 1362 1558 1389 Deo
1589 1361 1777 1388 festinantem.

994 1410 1112 1445 Spiritus
1129 1409 1201 1437 enim
1221 1409 1293 1436 Deus
1310 1408 1473 1443 intelligitur
1486 1408 1508 1434 si
1523 1414 1585 1434 cum
1601 1412 1700 1434 natura
1718 1414 1780 1434 cor-

993 1457 1067 1492 poris
1081 1460 1265 1491 comparetur,
1287 1454 1455 1489 proindeque
1472 1453 1624 1489 spiritalem
1649 1453 1778 1480 adorato-

995 1509 1051 1529 rem
1065 1501 1173 1536 probat,
1190 1508 1244 1528 non
1258 1500 1305 1535 qui
1319 1500 1427 1534 pietatis
1443 1499 1558 1527 formam
1572 1498 1687 1526 Judaico
1703 1506 1780 1526 more

151 1558 239 1593 νητὴν
250 1578 257 1589 ,
271 1557 320 1584 οὐκ
336 1558 365 1583 ὲν
393 1556 531 1592 μορφώσει
559 1556 606 1583 καὶ
622 1555 717 1587 τύποις
739 1555 873 1591 φοροῦντα
892 1555 941 1590 τῆς

996 1549 1022 1574 in
1036 1547 1130 1582 ﬁguris
1143 1551 1170 1574 et
1183 1547 1255 1582 typis
1271 1546 1351 1580 ierat,
1375 1545 1422 1573 sed
1437 1546 1483 1581 qui
1500 1545 1642 1580 praeclaris
1664 1545 1779 1586 virtutis

152 1603 295 1635 εὐσεϐείας
322 1603 369 1638 τὴν
386 1603 525 1638 μόρφωσιν
547 1602 701 1634 Ἰουδαϊκῶς
712 1623 720 1634 ,
734 1601 801 1628 ἀλλὰ
816 1603 872 1633 τοῖς
894 1602 942 1636 μὲν

153 1649 186 1681 ἐξ
199 1649 299 1684 ἀρετῆς
315 1647 523 1684 κατορθώμασιν
541 1646 726 1681 εὐαγγελικῶς
746 1646 942 1681 διαλάμποντα,

152 1697 188 1731 τῇ
206 1696 235 1722 δὲ
248 1695 302 1721 τῶν
313 1694 392 1721 θείων
403 1693 545 1728 δογμάτων
559 1692 684 1729 ὀρθότητι
696 1692 743 1728 τὴν
757 1691 841 1724 ὅντως
856 1691 943 1727 ἀληθῆ

154 1741 313 1776 πληροῦντα
328 1739 524 1775 προσκύνησιν.
698 1732 704 1740 ’”

188 1788 318 1822 οῖδαμεν
331 1787 375 1814 ὅτι
388 1786 525 1818 Μεσσίας
534 1786 649 1820 ἔρχεται
664 1787 681 1812 ό
694 1785 855 1820 λεγόμενος
878 1785 945 1818 Χρι·

155 1834 240 1867 στός.
250 1834 343 1860 ’Ὅταν
357 1833 430 1868 ἔλθῃ
443 1832 567 1865 ἐκεῖνος,
579 1831 739 1866 ἀναγγελεῖ
752 1831 824 1865 ἡμῖν
836 1830 944 1856 πάντα.

193 1926 281 1960 Ὥραν
295 1923 437 1958 ἀφίξεσθαι
453 1922 500 1950 καὶ
518 1921 623 1958 καιρὸν,
641 1920 742 1955 μᾶλλον
755 1919 783 1946 δὲ
807 1919 856 1955 ἥδη
879 1927 948 1954 παρ-

157 1973 239 2004 εῖναι,
250 1971 420 2002 διδάσκοντος
443 1968 489 1996 τοῦ
510 1967 629 2004 Χριστοῦ
640 1987 648 2000 ,
668 1966 729 1994 καθ’
745 1966 774 1993 ὃν
785 1967 810 1993 οἰ
827 1965 948 2000 ἀληθινοὶ

158 2016 348 2052 προσκυνηταὶ
365 2015 415 2049 τὴν
429 2015 458 2040 ἐν
473 2014 609 2048 πνεύματι
629 2011 756 2048 λατρείαν
773 2011 948 2047 προσοίσουσι

158 2061 198 2097 τῷ
217 2060 277 2095 Θεῷ
296 2060 343 2087 καὶ
365 2058 462 2094 Πατρὶ,
480 2057 652 2094 παραχρῆμα
664 2056 694 2084 τὺ
712 2056 821 2089 γύναιον
843 2057 883 2088 εἰς
901 2055 949 2092 τὴν

158 2107 329 2142 λαλουμένην
345 2106 421 2142 παρὰ
443 2107 498 2138 τοῖς
526 2104 662 2135 Ἰουδαίοις
689 2103 785 2130 ἐλπίδα
806 2103 862 2134 τοῖς
879 2101 949 2137 ὑπὲρ

160 2152 217 2189 ἕξιν
230 2153 428 2189 ἀναπτεροῦται
442 2152 583 2188 νοήμασιν.
598 2150 704 2178 Είδέναι
718 2149 746 2176 δὲ
761 2149 806 2176 τὸν
816 2149 948 2180 Μεσσίαν,

160 2202 198 2232 ὡς
212 2199 273 2236 ἥξει
295 2200 364 2226 κατὰ
378 2199 473 2234 καιρὸν
496 2199 594 2225 οἰκεῖον
611 2197 746 2232 ὁμολογεῖ,
764 2196 811 2223 καὶ
825 2195 884 2231 ἥξει
901 2195 949 2230 μὲν

161 2247 208 2273 ἐπὶ
233 2245 314 2278 τίσιν,
329 2243 450 2280 ἀκριϐῶς
470 2242 500 2269 οὗ
525 2251 606 2277 φησιν
619 2263 626 2275 ,
640 2240 875 2276 ἀπεριεργάπους
888 2260 894 2270 ,
912 2239 949 2271 ὡς

161 2293 245 2325 ἔοικε,
266 2291 327 2323 τοὺς
344 2291 387 2317 ἐπ’
404 2289 477 2325 αὐτῷ
499 2279 673 2324 λαμϐάνουσα
693 2287 832 2323 θρύλλους,
854 2286 902 2312 ἅτε
917 2285 949 2320 δὴ

162 2337 311 2375 φιλόγελώς
317 2346 346 2364 τε
366 2338 413 2364 καὶ
424 2335 624 2371 φιλοσαρκοῦσα
632 2334 699 2369 γυνή
710 2341 717 2348 ·
728 2334 758 2360 οὐ
770 2333 822 2368 μὴν
833 2332 950 2367 ¹ἠγνόησε

162 2384 314 2416 παντελῶς,
337 2383 373 2416 ὡς
399 2382 578 2417 ἀστειοτέρων
606 2380 776 2416 μαθημάτων
802 2378 951 2414 εἰσηγητὴς

163 2432 211 2459 ἐπὶ
223 2431 269 2458 τὸν
289 2430 394 2466 Ἰσραὴλ
404 2428 635 2463 ἀναδειχθήσεται,
648 2425 782 2453 καὶτοῦτο
792 2425 824 2460 δὴ
842 2424 951 2455 πάντως

163 2479 192 2505 ὲν
206 2478 263 2508 τοῖς
278 2476 341 2511 περὶ
353 2474 433 2502 αὑτοῦ
448 2475 537 2508 λόγοις
553 2473 726 2508 εὑρίσκουσα.

199 2517 286 2557 Λέγει
298 2521 375 2556 αὐτῇ
388 2523 404 2548 o'
428 2519 547 2554 Ἰησοῦς
561 2528 568 2535 ”
589 2518 659 2554 Ἐγώ
672 2519 731 2553 εἰμι
743 2518 759 2544 ὁ
774 2516 878 2544 λαλῶν
892 2523 950 2543 σοι.

201 2611 240 2637 Οὐ
255 2611 318 2640 ταῖς
340 2608 511 2639 ἀπαιδεύτοις
528 2603 637 2642 ψυχαῖς,
655 2605 671 2641 ἢ
690 2605 736 2632 καὶ
753 2604 870 2640 ἀμαθέσι
886 2612 954 2630 παν-

165 2655 252 2686 τελῶς
275 2654 372 2681 ἑαυτὸν
399 2653 581 2680 ἀνακαλύπτει
606 2651 731 2687 Χριστὸς,
756 2650 813 2677 ἀλλ’
837 2649 954 2680 ἐκείναις

167 2702 271 2739 μᾶλλον
285 2701 435 2736 ἐπιλάμπει
460 2699 507 2726 καὶ
532 2699 666 2734 φαίνεται,
682 2697 764 2732 αἴπερ
783 2696 817 2722 ἂν
837 2692 890 2722 εἷεν
904 2695 955 2731 ἤδη

167 2748 238 2783 πρδς
254 2747 284 2773 τὸ
311 2745 450 2781 βούλεσθαί
472 2754 498 2772 τι
521 2744 615 2779 μαθεῖν
639 2744 819 2778 ἑτοιμότεραι,
837 2741 884 2768 καὶ
905 2740 956 2775 τῆς

169 2793 289 2824 πίστεως
300 2792 349 2829 τὴν
365 2791 451 2827 ἀρχὴν
467 2791 495 2817 ἐν
507 2790 601 2821 ἁπλοῖς
619 2789 760 2816 ὠδίνουσαι
773 2789 871 2822 λόγοις,
887 2787 955 2822 πρὸς

168 2839 222 2875 τὴν
233 2839 288 2865 τῶν
302 2838 474 2873 τελειοτέρων
493 2837 646 2871 ἐπείγονται
661 2835 770 2871 γνῶσιν.
784 2834 900 2870 Τοιαύτη
913 2842 956 2865 τις

170 2887 238 2921 ἡμῖν
255 2886 302 2912 καὶ
323 2886 339 2921 ὴ
355 2885 518 2921 Σαμαρεῖτις
540 2883 679 2918 ἀνεδείχθη
707 2883 785 2919 γυνὴ,
803 2881 954 2918 παχύτερον

993 1593 1121 1627 operibus
1133 1593 1210 1627 juxta
1228 1600 1331 1620 morem
1347 1592 1535 1627 evangeliorum
1552 1591 1723 1626 praefulgeat,
1752 1584 1781 1619 ct

993 1643 1068 1668 recta
1092 1639 1247 1666 divinorum
1262 1639 1419 1674 dogmatum
1446 1638 1553 1665 ratione
1575 1644 1667 1665 veram
1686 1638 1778 1671 utique

994 1687 1180 1714 adorationem
1199 1685 1303 1720 implet.

1030 1777 1075 1810 ιν,
1089 1777 1134 1804 25.
1149 1776 1252 1803 Scimus
1266 1776 1328 1810 quia
1346 1774 1461 1802 Messias
1476 1775 1561 1807 venit,
1592 1775 1637 1809 qui
1679 1774 1782 1800 dicitur

995 1823 1128 1851 Christus.
1163 1822 1230 1849 Cum
1257 1822 1355 1848 uenerit
1386 1820 1450 1853 ille,
1489 1820 1660 1847 annuntiabit
1705 1819 1782 1847 nobis

996 1868 1095 1896 omnia.

1032 1914 1152 1941 Docente
1164 1911 1276 1939 Christo
1293 1912 1388 1938 horam
1403 1911 1498 1938 adfore
1525 1915 1553 1938 et
1582 1914 1700 1944 tempus,
1727 1909 1783 1937 imo

995 1961 1050 1997 jam
1064 1960 1172 1992 adesse,
1185 1967 1241 1994 quo
1254 1959 1311 1986 veri
1328 1958 1489 1985 adoratores
1509 1957 1660 1993 spiritalem
1679 1957 1782 1985 cultum

998 2006 1118 2036 oblaturi
1133 2010 1212 2034 erant
1223 2005 1277 2032 Deo
1292 2012 1324 2031 ac
1339 2003 1426 2036 Patri,
1438 2004 1539 2031 mulier
1559 2003 1705 2031 confestim
1733 2010 1784 2030 co-

998 2051 1176 2090 gitationibus
1186 2050 1257 2078 elata
1271 2050 1383 2085 ingenio
1398 2056 1450 2076 suo
1467 2048 1618 2082 majoribus
1643 2048 1676 2074 ad
1706 2053 1785 2081 spem

999 2100 1089 2128 evolat
1107 2098 1209 2126 Judaeis
1224 2097 1422 2132 pervulgatam.
1440 2094 1589 2122 Proﬁtetur
1605 2098 1694 2121 autem
1714 2093 1786 2121 scire

1001 2154 1031 2175 se
1043 2150 1189 2173 venturum
1211 2143 1338 2171 MeSSiam
1360 2149 1411 2170 suo
1426 2147 1569 2177 tempore;
1588 2140 1637 2168 sed
1664 2147 1733 2174 quas
1750 2139 1786 2166 ob

1001 2199 1046 2220 res
1061 2196 1193 2218 venturus
1210 2190 1257 2223 sit,
1280 2188 1376 2223 utique
1397 2195 1453 2215 non
1481 2187 1531 2218 ait,
1560 2193 1622 2213 cum
1650 2185 1683 2213 de
1700 2192 1732 2212 eo
1756 2188 1787 2211 ut

967 2223 988 2250 Β
1001 2238 1119 2268 videtur,
1137 2242 1264 2263 rumores
1279 2233 1374 2262 nescio
1390 2240 1459 2268 quos
1485 2232 1647 2266 accepisset,
1670 2230 1787 2257 maxime

1002 2291 1065 2312 cum
1081 2282 1229 2317 voluptatis
1239 2281 1391 2315 carnisque
1404 2278 1496 2308 studio
1509 2278 1655 2305 duceretur
1667 2276 1765 2303 mulier
1778 2285 1785 2314 ς
1819 2314 1822 2316 γ

1003 2338 1057 2358 non
1077 2333 1168 2356 tamen
1187 2327 1295 2363 penitus
1313 2325 1468 2361 ignoravit:
1486 2329 1555 2359 puta
1567 2331 1626 2358 quae
1642 2323 1726 2350 sciret
1740 2329 1788 2357 p0-

1002 2375 1224 2404 tiorisdoctrinaa
1235 2373 1397 2408 magistrum
1405 2371 1500 2399 lsraeli
1521 2370 1692 2402 adiuturum,
1703 2367 1786 2403 idque

1004 2423 1031 2450 in
1049 2422 1084 2450 iis
1098 2428 1159 2456 quae
1179 2419 1280 2454 scripta
1296 2421 1375 2446 erant
1386 2417 1421 2445 de
1435 2416 1497 2452 ipso
1510 2415 1656 2443 inveniret.

1040 2510 1087 2543 IV,
1108 2509 1153 2537 26.
1178 2508 1247 2535 Dicit
1268 2507 1293 2534 ei
1320 2505 1399 2533 Iesus
1419 2513 1427 2531 :

1007 2563 1102 2585 tecum.

1041 2601 1169 2630 Christus
1190 2599 1311 2634 seipsum
1330 2596 1445 2624 rudibus
1472 2599 1500 2622 et
1529 2593 1663 2629 imperitis
1691 2591 1791 2620 animis

1006 2648 1081 2677 haud
1102 2651 1216 2682 prorsus
1233 2644 1345 2676 revelat,
1364 2642 1411 2670 sed
1438 2641 1493 2668 illis
1517 2640 1637 2667 maxime
1653 2639 1743 2666 lucem
1765 2641 1793 2665 et

1008 2694 1191 2730 cognitionem
1203 2689 1441 2723 iul‘undit,quibus
1452 2686 1486 2714 ad
1498 2685 1657 2714 discendum
1670 2683 1792 2713 studium

1010 2745 1052 2769 est
1071 2738 1202 2769 alacrius,
1221 2741 1248 2764 et
1274 2736 1320 2770 qui
1340 2734 1512 2769 simplicibus
1542 2731 1719 2760 sermonibus
1739 2730 1794 2757 ini-

1010 2788 1080 2815 tium
1096 2785 1158 2813 ﬁdci
1177 2783 1256 2819 192
1273 2782 1413 2818 parientes
1427 2779 1461 2807 ad
1480 2779 1674 2814 perfectiorum
1700 2776 1795 2811 cogni-

1010 2834 1112 2861 tionem
1126 2830 1281 2858 enituntur.
1297 2827 1390 2854 Talem
1405 2834 1435 2854 se
1449 2825 1529 2853 nobis
1540 2824 1651 2852 exhibet
1674 2820 1794 2849 Samari-

1010 2883 1084 2913 tana,
1099 2884 1159 2913 quae
1172 2875 1294 2904 crassius
1307 2874 1416 2910 quidem
1445 2879 1527 2908 quam
1553 2879 1601 2907 par
1619 2873 1678 2899 erat
1700 2867 1791 2897 divina

1456 2503 1512 2539 Ego
1539 2510 1598 2530 sum
1625 2501 1670 2537 qui
1698 2501 1790 2536 loquor
