2028 3118
241 155 294 183 545

720 152 748 181 S.
763 152 903 181 CYIlILIJ
922 150 1157 179 ALEXANDRINI
1176 149 1337 179 ARCIIIEP.

1814 151 1869 181 3I6

241 213 410 240 theoremata
429 210 596 243 consideret.
612 211 637 238 ei
649 214 741 239 tamen
759 211 885 239 voluntas
909 219 964 238 non
981 210 1028 238 de-

1086 209 1140 244 μὲν,
1149 210 1221 245 ἢπερ
1233 210 1327 246 ἐχρῆν,
1340 211 1394 242 τοῖς
1408 210 1493 241 ὅντως
1503 210 1586 243 θείοις
1600 211 1789 248 προσϐαλοῦσα
1803 213 1868 240 θεω-

243 257 305 290 ίιιίι,
329 264 380 284 nec
399 255 568 291 intelligendi
590 256 682 284 studio
695 256 776 292 plane
793 258 894 285 caruit.
907 257 1027 284 Primum

241 302 316 331 enim
332 301 444 330 Christo
460 307 554 337 potum
571 302 673 337 petenti
691 310 745 330 non
759 303 892 331 continuo
908 302 1026 338 praebet:

244 348 292 377 sed
311 355 374 376 cum
406 347 528 380 videret,
556 354 688 384 quantum
723 348 844 376 humano
872 356 948 377 more
975 349 1030 377 dici

244 399 344 430 potest.
374 402 434 422 eum
464 395 568 430 patrias
595 399 763 423 evertentem
793 395 1028 428 consuetudines,

244 441 473 476 transgressionis
493 441 569 476 prius
581 442 708 476 quaesivit
724 442 870 474 rationem.
889 442 942 470 hac
956 442 1031 470 velut

244 487 431 514 admonitione
441 486 586 515 Dominum
601 487 635 514 ad
650 487 675 515 id
687 487 881 521 explicandum
896 488 1029 515 invitans.

245 532 298 567 Qui
315 534 343 560 llt
360 534 444 566 enim,
463 534 561 568 inquit,
575 537 604 560 ut
621 538 661 566 tu,
677 533 789 562 Judazus
805 541 866 561 cum
885 534 935 566 sis,
952 541 968 561 a
988 541 1031 562 me

245 585 339 615 potum
352 587 460 616 qitaaras
477 579 650 607 Samaritana
670 580 805 608 muliere?
816 579 884 607 Cum
897 583 986 608 autem
1003 580 1030 608 in

245 627 382 654 sermonis
397 633 543 661 progressu
558 626 718 661 prophetam
736 634 798 654 esse
815 634 926 661 quoque
945 626 1031 654 conﬁ-

245 676 360 703 teretur,
375 672 497 698 salutare
521 671 574 698 sibi
593 672 771 706 pharmacum
799 672 938 708 arguendo
954 679 1031 699 com-

245 723 362 751 parans,
384 716 456 743 aliud
473 716 630 744 sciscitatur
658 716 782 744 discendi
809 717 956 749 desiderio.
988 717 1032 745 his

247 762 337 790 verbis
354 770 362 789 :
381 771 390 788 ‹
413 761 508 790 Patres
532 762 619 790 nostri
640 762 668 790 in
683 768 777 790 monte
801 763 853 791 hoc
869 763 1030 796 adorarunt,

246 813 274 836 et
286 815 335 835 vos
356 807 450 835 dicitis
469 815 531 836 csse
552 808 641 835 locum
655 807 845 844 Jerosolymis,
866 809 893 836 in
911 816 965 844 quo
985 808 1033 836 ad-

246 860 328 880 orare
349 856 465 888 oportet.
497 862 506 879 I
536 851 590 880 Sed
619 860 730 881 rursum
758 853 855 880 didicit
886 858 1032 881 venturum

247 898 421 933 quandoque.
442 898 498 925 imo
511 905 576 925 vero
588 898 645 932 jam
659 898 757 925 adesse
773 902 962 933 tempus,.quo
975 899 1033 926 veri

247 943 407 972 adorator-es
423 951 479 971 non
506 944 626 979 amplius
644 945 672 971 In
687 943 806 972 terrenis
826 944 966 972 montibus
985 944 1034 971 ad-

247 989 352 1017 oraturi
368 993 443 1021 sunt.
452 989 498 1017 sed
511 990 635 1017 altiorem
646 994 673 1016 et
687 990 838 1024 spiritalem
852 989 907 1017 Deo
920 994 947 1017 et
960 989 1034 1017 Patri

247 1036 351 1063 cultum
365 1035 491 1063 deluturi.
508 1035 557 1062 Illa
574 1042 638 1062 vero
654 1035 700 1062 uni
714 1035 824 1063 Christo
842 1042 992 1071 congruere
1008 1036 1035 1064 id

247 1082 350 1117 optime
370 1085 506 1112 statuens.
531 1085 558 1108 et
584 1080 726 1108 meliorem
745 1080 932 1116 cognitionem
961 1081 1036 1108 illius

247 1127 418 1163 temporibus
441 1127 596 1155 atlribuens
619 1136 626 1154 :
646 1135 656 1152 ‹
685 1125 813 1160 Scimus,
834 1126 945 1161 inquit,
970 1127 1035 1162 quia

249 1173 365 1201 Messias
381 1173 464 1204 venit,
482 1172 528 1207 qui
544 1172 647 1200 dicitur
675 1171 814 1201 Christus.
843 1172 912 1200 Cum
931 1173 1036 1200 venerit

248 1219 304 1250 ille,
319 1219 493 1246 annuntiabit
507 1218 587 1246 nobis
602 1218 704 1245 omnia.
724 1227 735 1244 ι
761 1217 857 1246 Cernis
883 1225 937 1253 quo
957 1222 1036 1254 pacto

246 1265 303 1300 jam
315 1269 441 1299 prompta
455 1268 498 1292 est
512 1263 546 1291 ad
563 1263 731 1292 credendum
746 1263 920 1296 muliercula,
934 1267 961 1291 et
975 1264 1037 1299 qui-

249 1309 364 1337 busdam
377 1309 457 1344 quasi
471 1308 603 1344 gradibus
628 1315 662 1335 ex
678 1307 771 1342 parvis
786 1307 985 1342 quaestionibus
1002 1308 1036 1335 ad

250 1355 437 1383 sublimiorem
449 1358 551 1383 statum
560 1354 669 1382 demum
683 1354 802 1389 prosilit.
816 1354 911 1388 Opera
920 1354 1035 1389 pretium

248 1406 309 1429 erat
325 1402 407 1438 igitur
431 1406 460 1429 ut
490 1401 515 1430 ei
543 1401 717 1436 planioribus
746 1400 862 1428 vocibus
886 1400 1038 1435 explicaret

250 1447 324 1483 quod
342 1447 460 1483 petebat,
488 1450 515 1475 ct
537 1446 610 1481 quod
635 1446 662 1473 in
690 1446 794 1480 optima
812 1453 860 1480 spe
886 1445 1036 1480 repositum

249 1497 321 1526 erat,
341 1493 377 1521 ob
390 1493 489 1521 oculos
516 1493 541 1520 ei
567 1497 682 1528 poneret
705 1492 842 1520 dicendo:
864 1501 872 1518 t
895 1490 952 1526 Ego
976 1499 1036 1519 sum

249 1539 298 1574 qui
316 1539 414 1574 loquor
431 1541 532 1566 tecum.
553 1546 562 1563 ι
581 1537 622 1564 Illi
646 1544 711 1572 ergo
739 1537 840 1572 quibus
865 1536 982 1564 docendi
1009 1536 1036 1563 in

252 1584 375 1612 ccclesiis
401 1591 468 1611 cura
482 1587 524 1611 est
544 1583 714 1615 concredita,
737 1583 884 1619 neophytis
898 1583 1036 1610 ruminari

251 1628 346 1656 sinant
361 1629 515 1656 doctrinam
529 1629 716 1661 catecheseos.
724 1633 807 1664 atque
821 1629 857 1655 ita
875 1628 985 1656 demum
997 1629 1039 1657 eis

251 1675 344 1704 Iesum
365 1675 524 1708 ostendant,
538 1683 553 1703 a
573 1675 667 1711 parvis
685 1675 774 1702 initiis
791 1675 825 1702 ad
849 1674 1039 1710 perlectioretn

253 1721 315 1749 lidei
329 1721 514 1756 cognitionem
528 1728 576 1749 eos
591 1721 751 1750 evehentes.
767 1721 820 1754 Qui
834 1726 926 1749 autem
944 1721 1040 1749 alieni-

252 1774 349 1802 genam
367 1766 491 1802 adeoque
515 1767 686 1802 proselytum
713 1767 835 1802 rapiunt,
858 1771 885 1795 et
901 1767 929 1795 in
949 1766 1040 1795 taber-

252 1812 381 1839 naculum
405 1812 521 1840 interius
549 1812 682 1846 inferunt,
706 1813 846 1848 illotisque
863 1813 953 1840 adhuc
978 1820 1038 1840 ma-

253 1858 334 1886 nibus
344 1865 444 1894 agnum
458 1859 614 1888 sacriﬁcare
626 1859 800 1894 permittunt,
812 1863 896 1895 atque
907 1860 1039 1896 dignitate

252 1904 417 1932 sacerdotali
435 1905 556 1933 nondum
580 1906 607 1933 in
622 1905 675 1934 [ide
688 1906 828 1934 eruditum
843 1912 988 1939 coronant,
1004 1907 1039 1935 ad

252 1956 365 1983 magnas
391 1950 517 1978 rationes
532 1950 688 1978 reddendas
705 1951 735 1978 in
747 1951 792 1978 die
804 1951 902 1986 iudicii
918 1959 949 1979 se
967 1959 1038 1988 prae-

253 1999 358 2028 parent.
376 1995 432 2023 IIoc
446 1996 519 2024 enim
535 1996 602 2024 mihi
617 1997 658 2024 vel
673 1997 777 2025 dixisse
791 1998 860 2025 satis
876 2001 930 2025 est.

1050 1563 1071 1592 C

1080 256 1210 291 ρήμασιν,
1227 256 1258 282 οὐ
1280 256 1333 291 μὴν
1347 255 1395 283 τοῦ
1419 255 1559 291 βούλεσθαί
1573 265 1600 283 τι
1620 257 1668 284 κα)⁸
1686 259 1758 285 νοεῖν
1772 258 1867 293 ἐξῳκμ

1081 300 1167 335 σμένη
1184 300 1332 332 παντελῶς.
1345 300 1456 336 Πρῶτον
1473 301 1588 338 μὲνγὰρ
1599 302 1741 338 αίτήσαντι
1756 303 1796 339 τῷ
1803 304 1868 340 Χρι-

1081 344 1136 380 στῷ
1148 345 1186 380 τὸ¹
1205 345 1297 378 ποτὸν,
1315 347 1467 382 προχείρως
1480 347 1511 374 οὑ
1532 347 1641 374 δίδωσι·
1656 349 1868 384 παραλύονταδέ

1080 399 1149 422 πως,
1165 391 1226 417 ὅσον
1240 388 1308 426 ἧκεν
1329 391 1506 427 ἀνθρωπίνως
1521 393 1624 425 είπεῖν,
1640 393 1690 425 τὰς
1706 395 1869 431 ἐπιχωρίους

1080 435 1135 462 τῶν
1166 436 1298 463 Ἰουδαίων
1328 437 1471 471 συνηθείας
1497 437 1704 475 καταθεωμένη,
1727 440 1792 472 τοὺς
1820 440 1870 475 τῆς

1081 483 1264 519 παραὸάσεως
1277 482 1474 520 προσανεζήτει
1485 484 1589 518 λόγους,
1608 486 1748 521 μονονουχὶ
1763 486 1809 514 διὰ
1821 487 1870 522 τῆς

1081 529 1262 565 ὑπομνήσεως
1277 530 1316 562 εις
1329 529 1458 566 ἐξήγησιν
1475 530 1593 558 καλοῦσα
1616 531 1662 558 τὸν
1683 532 1796 568 Κύριον.
1809 533 1871 565 Πῶς

1081 577 1136 611 γὰρ
1145 576 1187 608 σὺ,
1205 576 1297 610 φησὶν,
1322 576 1449 608 Ἰουδαῖος
1464 576 1502 604 ὣν
1516 577 1581 613 παρ’
1597 577 1665 612 ἐμοῦ
1686 579 1757 605 πιεῖν
1774 579 1870 611 αἰτεῖς,

1081 620 1210 655 γυναικὸς
1234 621 1427 656 Σαμαρείτιδος
1453 620 1554 658 οὖσηςς
1574 622 1683 658 Ἐπειδὴ
1708 622 1736 649 δέ
1752 622 1800 650 τοῦ
1821 622 1872 658 τῆς

1083 667 1259 703 κατηχήσεως
1272 667 1412 703 προϊόντος
1422 668 1515 702 λόγου,
1526 669 1575 695 καὶ
1585 670 1728 705 προφήτην
1737 669 1872 705 ὡμολόγει

1083 710 1152 740 εἶναι
1169 713 1278 744 λοιπὸν,
1294 713 1440 749 φάρμακον
1463 715 1503 746 είς
1529 714 1666 750 σωτηρίαν
1690 714 1812 742 λαὸοῠσα
1827 715 1873 742 τδν

1083 757 1204 793 ἔλεγχον.
1219 757 1317 794 ἐτέραν
1340 758 1415 794 αὐτῷ
1439 759 1561 794 προσῆγε
1579 760 1629 795 τὴν
1647 759 1742 786 πεῦσιν
1757 760 1875 794 λέγουσα

1084 803 1255 839 φιλομαθῶς·
1277 813 1286 830 t
1307 805 1339 831 οι
1367 804 1486 839 πατέρες
1505 805 1583 840 ἡμῶν
1602 806 1631 832 ἐν
1653 805 1692 840 τῷ
1713 806 1771 841 opst
1790 806 1875 840 τούτῳ

1084 848 1301 885 προσεκύνησαν,
1316 850 1362 876 καὶ
1375 850 1452 884 ὑμεῖς
1464 850 1568 884 λέγετε,
1586 850 1627 877 ὅτι
1644 851 1875 886 ἐνἸεροσ-ολύμοις

1085 896 1158 922 ἐστὶν
1169 895 1184 921 ό
1196 895 1288 928 τόπος,
1303 895 1370 922 ὅπου
1379 897 1540 927 προσκυνεῖν
1555 896 1604 923 δεῖ.
1613 906 1622 922 ι
1643 896 1712 923 Ἀλλ’
1719 897 1877 924 ἐδιδάσκετε)

1084 941 1163 968 τοῦτο
1178 942 1268 974 πάλιν,
1288 942 1326 974 ὡς
1341 941 1401 977 ἥξει
1416 943 1491 974 ποτέ,
1511 942 1612 977 μᾶλλον
1628 943 1656 969 δέ
1670 943 1720 978 ήδη
1741 943 1876 979 πάρεστιν

1085 988 1099 1014 ό
1119 988 1231 1023 καιρὸς.
1251 987 1312 1015 καθ’
1335 988 1365 1015 δν
1390 989 1414 1015 οἱ
1440 988 1562 1023 ἀληθινοὶ
1585 990 1773 1024 προσκυνηταὶ
1791 989 1823 1016 τὸ
1846 989 1877 1016 ἐν

1085 1033 1160 1070 ὄρεσι
1185 1034 1241 1065 τοῖς
1265 1034 1311 1060 ἐπὶ
1335 1033 1386 1067 γῆς
1411 1035 1574 1069 προσκυνεῖν
1597 1034 1809 1070 παρωσάμενοι,
1826 1034 1878 1069 τήν

1086 1078 1254 1114 ὑψηλοτέραν
1273 1079 1320 1106 καὶ
1344 1079 1373 1106 ἐν
1398 1079 1533 1114 πνεύματι
1552 1079 1680 1115 λατρείαν
1701 1080 1877 1115 προσοίσουσι

1086 1124 1125 1160 τῷ
1144 1124 1203 1160 Θεῷ
1219 1125 1268 1152 καὶ
1283 1124 1381 1160 Πατρί.
1393 1125 1474 1160 Μόνῳ
1493 1125 1521 1152 δέ
1536 1125 1652 1161 πρέπειν
1666 1126 1796 1153 ἀναθεῖσα
1816 1126 1878 1154 κάλ-

1086 1169 1164 1197 λιστα
1185 1170 1224 1206 τῷ
1236 1170 1358 1206 Χριστῷ,
1374 1171 1422 1197 καὶ
1435 1170 1485 1206 τὴν
1502 1171 1548 1197 ἐπὶ
1562 1172 1618 1202 τοῖς
1640 1171 1764 1206 ἀμείνοσι
1776 1171 1878 1206 γνῶσιν

1086 1217 1142 1248 τοῖς
1161 1217 1263 1244 ἐκείνου
1278 1217 1385 1251 χρόνοις
1400 1217 1554 1252 τηρήσασα,
1569 1227 1578 1243 ι
1591 1217 1720 1252 Οῐδαμεν.
1737 1217 1879 1253 φησὶν,ὄτι

1087 1262 1209 1294 Μεσσίας
1233 1262 1342 1298 ἔρχεται
1359 1263 1373 1289 ὁ
1399 1262 1545 1298 λεγόμενος
1558 1263 1685 1299 Χριστός.
1701 1264 1785 1290 Ὀταν
1813 1263 1878 1298 ἔλθῃ

1087 1309 1202 1341 ἐκεῖνος,
1218 1308 1365 1343 ἀναγγελεῖ
1383 1310 1447 1343 ἡμῖν
1463 1309 1560 1337 πάντα.
1573 1319 1582 1335 ι
1599 1309 1682 1345 Ὀρᾷς
1697 1310 1771 1343 om);
1781 1310 1832 1345 ἤδη
1849 1310 1880 1336 τδ

1088 1354 1198 1389 γύναιον
1213 1355 1346 1391 εὑτρεπὲς
1363 1356 1404 1388 είς
1420 1355 1450 1382 τὸ
1467 1356 1604 1383 πιστεύειν
1618 1357 1752 1391 ἐγίγνετο,
1767 1357 1815 1384 καὶ
1826 1356 1881 1383 ὦσα

1088 1409 1141 1436 περ
1168 1402 1228 1428 τινὰ
1254 1400 1368 1437 βαθμῶν
1393 1402 1576 1429 ἀναὸαίνουσα
1603 1403 1686 1436 θέσιν,
1712 1403 1745 1429 ἐκ
1772 1403 1881 1438 μικρῶν

1088 1448 1273 1483 ἐρωτημάτων
1299 1449 1339 1480 είς
1362 1448 1532 1484 ὑψηλοτέραν
1560 1449 1616 1482 ἕξιν
1639 1449 1774 1484 ἀναπηδᾷ.
1805 1449 1881 1477 Ἔδει

1088 1493 1178 1519 τοίνυν
1190 1493 1259 1529 αὐτῇ
1271 1494 1456 1530 τρανωτέραις
1469 1495 1517 1530 μέν
1530 1495 1579 1530 ήδη
1593 1497 1694 1529 φωναῖς
1705 1495 1882 1530 ἀπογυμνοῦν

1088 1539 1119 1566 τδ
1145 1539 1321 1575 ποθούμενον.
1338 1540 1368 1568 τὸ
1382 1541 1410 1568 δέ
1426 1542 1455 1568 ἐν
1478 1541 1570 1568 ἐλπίσι
1591 1540 1744 1577 σωζόμενον
1766 1541 1883 1575 ἀγαθαῖς

1087 1585 1266 1621 παρατιθέναι
1283 1586 1376 1613 λοιπὸν
1396 1587 1426 1614 ἐν
1447 1587 1507 1622 ὄψει
1523 1587 1638 1622 λέγοντα
1655 1596 1662 1603 ο
1678 1597 1687 1613 ι
1712 1587 1783 1622 Ἐγώ
1797 1587 1857 1622 εἰμι
1868 1589 1883 1614 ό

1087 1631 1176 1659 λαλῶν
1187 1640 1238 1658 σοι.
1252 1641 1261 1657 ι
1287 1632 1505 1668 Ἐπιτρεπόντων
1521 1633 1667 1668 τοιγαροῦν
1678 1636 1733 1665 τοῖς
1743 1633 1882 1669 νεήλυσιν,

1088 1678 1112 1704 ot
1124 1677 1154 1704 τδ
1166 1677 1354 1704 διδασκαλικὸν
1365 1678 1394 1704 ἐν
1405 1678 1564 1714 ἐκκλησίαις
1578 1679 1686 1714 ἔχοντες
1699 1679 1881 1714 ἐπιτήδευμα,

1088 1723 1133 1750 τὸν
1154 1723 1205 1758 τῆς
1231 1724 1410 1758 κατηχήσεως
1435 1725 1645 1759 ἀναμασσᾶσθαι
1665 1724 1754 1759 λόγον,
1768 1724 1841 1752 οὕτω
1852 1732 1882 1750 τε

1088 1769 1179 1797 λοιπὸν
1195 1769 1425 1798 καταδεικνύντων
1442 1771 1532 1802 αὐτοῖς
1545 1771 1590 1798 τὸν
1608 1771 1722 1806 Ἰησοῦν,
1733 1772 1766 1798 ἐκ
1780 1771 1882 1807 μικρᾶς

1090 1815 1278 1850 παιδαγωγίας
1304 1816 1350 1842 ἐπὶ
1376 1816 1425 1851 τὴν
1455 1816 1649 1852 ἐντελεστέραν
1682 1817 1732 1851 τῆς
1763 1817 1884 1849 πίστεως

1089 1861 1301 1893 ἀναϐιῦάξοντες
1313 1861 1423 1895 γνῶσιν.
1436 1862 1467 1888 οι
1485 1862 1513 1888 δὲ
1533 1861 1578 1888 τον
1593 1862 1726 1897 ἁλλογενῆ
1748 1861 1883 1893 καὶοῦτω

1090 1907 1260 1944 προσήλυτον
1284 1907 1470 1942 ἁρπάζοντες,
1485 1908 1533 1934 καὶ
1558 1908 1661 1943 σκηνῆς
1687 1909 1736 1943 μὲν
1749 1909 1816 1935 εῖσω
1832 1908 1883 1943 τῆς

1089 1953 1228 1989 ἐσωτέρας
1242 1953 1410 1989 ποιούμενοι,
1425 1952 1499 1979 θύειν
1511 1947 1540 1980 δέ
1553 1953 1676 1985 ἀνίπτοις
1691 1953 1730 1980 ἐτι
1744 1953 1824 1988 χερσὶ
1838 1953 1884 1979 τὸν

1091 2000 1178 2035 ἁμνδν
1190 1999 1393 2035 ἐπιτρέποντες,
1407 1999 1454 2026 καὶ
1464 1998 1503 2034 τῷ
1513 1999 1563 2034 τῆς
1578 1999 1727 2035 ἱερωσύνης
1749 1998 1883 2026 καταστέ-

252 2050 348 2077 φοντες
362 2043 497 2079 ἀξιώματι
515 2033 561 2071 τὸν
581 2044 658 2072 οὔπω
672 2044 877 2080 κατηχούμενον
889 2046 976 2081 ,πρὸς
993 2033 1127 2081 μεγάλους
1157 2050 1187 2075 ἐν
1212 2033 1306 2084 ἡμέρᾳ.
1339 2048 1456 2083 κρίσεως
1490 2033 1744 2083 νεὺτρεπιζέσθωσαν
1774 2046 1884 2081 λόγους.

259 2088 351 2125 ’Δρκεῖ
369 2089 424 2126 γάρ
441 2098 485 2125 μοι
500 2090 579 2118 τοῦτο
602 2091 649 2118 καὶ
667 2091 746 2127 μόνον
760 2092 859 2120 είπεῖν.

273 2136 350 2171 ιθ3
364 2136 409 2169 IV,
424 2137 469 2166 27.
489 2137 522 2165 Et
535 2139 660 2166 continuo
673 2144 796 2166 venerunt
811 2139 936 2174 discipuli
954 2141 1021 2174 ejus.

288 2180 383 2209 Finem
401 2183 494 2211 attulit
517 2185 656 2220 colloquio
674 2192 736 2212 cum
759 2185 874 2213 muliere
891 2185 1041 2221 discipulo-

1129 2139 1183 2168 Καὶ
1198 2139 1247 2166 ἐπὶ
1262 2139 1357 2170 τούτῳ
1373 2136 1469 2173 ἦλθον
1482 2139 1509 2165 ol
1521 2136 1649 2172 μαθὴταῑ
1662 2136 1767 2164 αὐτοῦ.

1129 2184 1212 2216 Τέλος
1227 2183 1280 2210 τῶν
1298 2183 1367 2218 πρὸς
1387 2183 1436 2218 τὴν
1451 2183 1565 2217 γυναῖκα
1587 2182 1685 2216 λόγων,
1697 2182 1714 2217 ἡ
1728 2181 1783 2208 τῶν
1797 2181 1884 2217 μαθη-

253 2235 315 2254 rum
333 2230 487 2262 praesentia.
512 2228 580 2257 Silet
596 2230 670 2257 enim
694 2230 826 2265 deinceps
851 2230 989 2261 Christus.
1014 2237 1035 2258 el

1092 2230 1147 2258 τῶν
1163 2228 1310 2265 παρουσία.
1323 2228 1419 2263 Σιωπᾷ
1431 2227 1486 2263 γὰρ
1500 2226 1591 2254 λοιπὸν
1604 2228 1618 2253 ό
1635 2227 1657 2253 Χ
1662 2226 1762 2262 ριστὸς,
1781 2226 1828 2253 καὶ
1839 2224 1883 2252 τιν

253 2273 343 2300 calida
368 2273 431 2301 ﬁdei
455 2275 576 2303 scintilla
593 2275 775 2303 Samaritanis
793 2276 889 2308 indita,
911 2283 1039 2311 magnum

249 2320 355 2347 excitat
372 2320 541 2349 incendium.
563 2321 619 2349 Hoc
635 2321 716 2348 modo
730 2322 894 2357 capiendum
913 2327 956 2350 est
967 2323 1039 2357 quod

255 2366 290 2393 ab
308 2367 368 2402 ipso
381 2367 498 2395 dicitur:
516 2376 526 2392 ε
549 2367 641 2403 Ignem
660 2368 724 2395 veni
744 2368 852 2396 mittere
873 2368 900 2396 in
925 2373 1039 2402 terram,

255 2417 284 2441 ct
296 2413 363 2449 quid
377 2414 439 2442 volo
457 2414 510 2442 nisi
525 2418 555 2440 ut
569 2414 665 2441 ardeat
681 2413 710 2440 '?
728 2423 738 2439 ι

292 2501 338 2535 IV,
351 2501 396 2530 27.
414 2501 449 2528 Et
461 2501 630 2529 mirabantur
644 2502 709 2537 quia
722 2510 782 2529 cum
795 2503 904 2531 muliere
919 2503 1042 2539 loqueba-

257 2551 312 2574 tur.

293 2592 412 2620 Rursum
448 2593 577 2628 discipuli
609 2592 761 2622 Salvatoris
789 2595 986 2630 benignitatem
1017 2600 1044 2624 et

257 2639 452 2666 demissionem
473 2638 547 2666 illam
566 2640 675 2667 attoniti
706 2641 853 2668 mirantur.
881 2640 941 2668 Non
967 2640 1041 2668 enim

258 2688 289 2711 ut
303 2684 429 2711 nonnulli
444 2684 590 2713 immodice
607 2686 738 2722 religione
751 2686 856 2715 eﬂ'erati
871 2687 1040 2722 colloquium

258 2736 322 2756 cum
350 2729 465 2757 muliere
491 2735 644 2765 aversatur,
669 2733 718 2760 sed
742 2733 770 2760 in
793 2741 889 2761 omnes
909 2732 1042 2768 expandit

259 2782 336 2802 suam
348 2776 596 2811 mansuetudinem,
609 2785 695 2814 eaque
710 2786 740 2806 rc
754 2779 874 2807 ostendit
891 2779 964 2814 quod
978 2786 1040 2807 cum

299 2857 309 2872 ⁸
326 2863 385 2892 Luc
413 2873 460 2898 xu.
473 2865 515 2894 d9.

1094 2275 1195 2312 θερμὸν
1215 2275 1265 2310 τῆς
1286 2273 1404 2305 πίστεως
1425 2272 1562 2308 σπινθῆρα
1586 2271 1768 2308 Σαμαρείταις
1783 2271 1882 2303 ἐνθεὶς,

1094 2321 1236 2357 ἐπιτρέπει
1261 2321 1320 2351 ταῖς
1344 2320 1478 2346 ἐνδόσεσιν
1505 2319 1545 2350 εἰς
1574 2317 1696 2353 μεγάλην
1719 2317 1883 2350 ἐξάπτεσθαι

1094 2368 1191 2404 φλόγα.
1217 2366 1296 2394 υῦτω
1325 2366 1431 2401 νοήσεις
1459 2364 1490 2392 τὺ
1519 2364 1584 2400 παρ’
1615 2363 1698 2391 αὐτοῦ
1727 2363 1882 2399 λεγόμενον·

1097 2425 1106 2441 ι
1122 2415 1180 2450 Πῦρ
1198 2412 1279 2450 ἦλθον
1294 2412 1386 2447 βαλεῖν
1405 2410 1451 2437 ἐπὶ
1469 2411 1519 2446 τὴν
1534 2411 1596 2446 γῆν,
1613 2409 1660 2438 καὶ
1672 2410 1698 2436 τί
1711 2409 1781 2436 θέλω
1796 2410 1820 2436 εἰ
1833 2409 1883 2444 ήδη

1094 2461 1200 2496 ἀνήφθη
1210 2469 1218 2493 ;
1236 2469 1246 2485 ι

1129 2507 1184 2534 Καὶ
1200 2504 1375 2540 ἐθαύμαζον,
1388 2503 1432 2530 ὅτι
1442 2502 1518 2538 μετὰ
1528 2500 1671 2537 γυναικὸς
1683 2501 1798 2528 ἐλάλει.

1127 2593 1369 2628 Καταπλήττονται
1393 2590 1474 2618 πάλιν
1496 2591 1522 2616 οἰ
1544 2589 1663 2626 μαθηταὶ
1686 2588 1734 2616 τοῦ
1758 2589 1882 2624 Σωτῆρος

1092 2641 1142 2676 τὴν
1161 2639 1318 2675 ἡμερότητα
1331 2657 1339 2670 ,
1356 2638 1403 2664 καὶ
1419 2637 1464 2663 τὸν
1492 2635 1636 2671 ὑφειμένον
1659 2633 1883 2669 ἀποθαυμάζουσι

1095 2686 1204 2722 τρόπον.
1223 2684 1260 2711 Οὔ
1280 2683 1334 2718 γὰρ
1347 2683 1380 2718 δὴ
1395 2682 1466 2709 κατά
1478 2690 1554 2713 τινας
1572 2681 1626 2708 τῶν
1641 2682 1682 2708 ἐπ’
1699 2681 1829 2716 ἀκράτοις
1840 2680 1884 2707 εὐ-

1094 2731 1216 2763 λαϐείαις
1239 2729 1436 2766 ἠγριωμένων,
1463 2728 1511 2764 τὴν
1537 2727 1605 2763 πρὸς
1627 2727 1744 2762 γυναῖκα
1768 2725 1884 2765 διᾴλεξιν

1095 2776 1270 2813 ἁποφρίττειν
1287 2775 1367 2810 ἀξιοῖ,
1385 2774 1496 2808 tanta:
1519 2773 1546 2800 δέ
1561 2775 1600 2806 εἰς
1619 2773 1742 2803 ἅπαντας
1758 2772 1809 2807 τὴν
1824 2771 1883 2807 φιλ-
