2028 3118
115 171 161 199 5n
274 156 277 159 ’
612 166 645 194 IN
664 165 809 195 manans
829 165 892 193 EVA

943 167 1055 196 ΕΜοΜ
1076 167 1141 196 ιω.
1156 167 1189 195 Il.

1681 165 1733 194 518

115 224 278 261 ανθρωπίαν,
291 223 337 250 καὶ
359 223 394 249 δι’
411 221 495 249 αὑτοῦ
512 222 629 249 δεικνύει
649 222 695 249 τοῦ
719 223 892 258 πράγματος,

945 231 1018 252 unus
1039 224 1152 252 omnino
1172 224 1209 252 sit
1229 223 1320 258 Opiter
1336 230 1392 252 non
1415 222 1484 251 solis
1498 222 1565 251 viris
1581 222 1666 250 vitam
1683 230 1734 258 per

114 273 149 300 ἇιι
169 270 199 305 δὴ
214 269 320 301 πάντως
346 264 387 299 εἷς
403 267 534 302 ὑπάρχων
548 267 725 303 δημιουργὸς,
746 267 777 294 οὐ
803 267 892 302 μόνοις

114 317 216 353 ἀνδράσι
232 315 282 350 τὴν
301 313 346 342 διὰ
367 314 486 346 πίστεως
501 314 633 349 ἀπονέμει
660 313 748 349 ζωὴν,
764 313 832 340 ἀλλὰ
846 314 894 340 καὶ

113 364 141 391 τὸ
155 363 216 398 θῆλυ
238 361 306 396 πρὸς
330 361 416 396 αὐτὴν
439 359 585 395 σαγηνεύει
608 359 695 394 γένος.
723 359 894 395 Κερόαινέτω

115 409 187 437 πάλιν
209 408 256 435 καὶ
279 407 358 434 τοῦτο
384 406 453 441 πρὸς
478 406 663 442 ὑπογραμμὸν
679 406 693 431 ὸ
707 403 840 432 διδάσκων
864 406 893 433 ὲν

114 453 273 488 ὲκκλησίαις,
294 451 342 479 καὶ
365 451 403 487 μὴ
420 450 606 487 παραιτείσθω
621 451 754 484 γυναῖκας
766 449 892 484 ὠφελεῖν.

113 500 146 528 Οὐ
163 498 213 534 γὰρ
232 498 365 533 θελήμασι
380 498 436 528 τοῖς
455 497 541 528 ἰδίοις,
557 496 625 524 ἀλλὰ
640 497 673 531 τῇ
687 496 733 525 τοῦ
747 495 893 532 κηρύγμα-

113 554 152 577 τος
167 544 243 580 χρείᾳ
255 543 297 570 δεῖ
311 543 420 574 πάντως
435 542 601 570 ἀκολουθεῖν.

145 590 243 623 οὐδεὶς
265 589 368 625 μέντοι
394 587 478 616 εἷπε·
502 589 532 616 Τί
551 588 676 622 λαλεῖς,
693 588 713 623 ἢ
739 588 768 615 τι
798 588 893 622 ζητεῖς

109 637 164 672 μετ’
175 634 268 668 αὐτῆς
281 642 291 666 ;

142 681 272 716 Μαθητῶν
287 678 321 716 ἦν
334 679 413 716 ἔργον
431 679 634 715 ἐπιστημόνων,
647 679 694 706 καὶ
707 680 757 716 τὴν
772 679 893 715 πρέπου-

112 737 155 755 σαν
177 727 213 761 τῷ
239 726 393 761 διδασκάλῳ
417 726 500 761 τιμὴν
523 725 685 761 περισώζειν
709 726 836 757 εἰδότων,
855 725 893 761 μὴ

112 775 256 810 περιέργοις
272 773 444 808 ἐρωτήσεσιν
458 773 497 804 είς
514 772 646 804 ὲκτόπους
665 772 752 801 δοκεῖν
766 772 893 803 ὑπονοίας

111 819 261 853 ἀποδημεῖν,
280 818 323 845 ὅτι
342 817 411 853 μετὰ
427 817 557 851 γυναικὸς
579 817 679 849 ἐλάλει,
693 817 762 844 αἰδοῖ
777 817 806 844 δὲ
823 817 893 852 μᾶλ-

111 861 213 896 λον,’καὶ
227 864 302 899 φόὸῳ
319 863 368 898 τὴν
392 863 441 898 μὲν
454 863 580 898 γλῶτταν
594 863 697 898 εἴργειν
720 863 834 890 ὀδόντων
852 864 892 890 ὲν-

110 911 159 943 sic,
173 909 327 945 περιμένειν
337 909 365 936 δὲ
381 909 481 944 μᾶλλον
496 908 698 942 αὐτομολοῦντα
713 909 780 945 πρὸς
796 909 890 943 λόγους

109 955 150 983 τὸν
163 955 269 990 κύριον,
287 955 335 981 καὶ
359 953 512 981 ἐθελούσιον
529 955 620 986 αὐτοῖς
646 954 817 990 περιτιθέντα
841 954 891 990 τὴν

111 1002 236 1038 ἐξήγησιν.
264 1001 443 1037 Θαυμαπέον
470 1001 615 1036 τοιγαροῦν
648 1002 692 1029 διὰ
719 1002 822 1030 τούτων
848 1003 892 1037 ἐφ’

110 1048 243 1084 ήμερότητι
256 1048 307 1083 μὲν
319 1048 364 1074 τὸν
381 1047 564 1083 Χριστὸν,ὲπὶ
580 1048 608 1074 δὲ
621 1048 700 1084 σοφίᾳ
721 1049 770 1076 καὶ
785 1049 891 1076 συνέσει

110 1095 163 1126 τοὺς
179 1094 311 1130 μαθητὰς,
328 1094 374 1121 καὶ
395 1095 428 1129 τῇ
443 1093 490 1120 τοῦ
505 1094 657 1129 πρέποντος
671 1094 784 1129 γνώσει.

145 1140 267 1175 Ἀφῆκεν
295 1138 354 1168 οὖν
376 1137 561 1179 ῖὴιδῠδρίαν
576 1141 672 1176 αὐτῆς
690 1142 710 1176 7i
733 1141 822 1176 γυνὴι
840 1142 891 1168 καὶ

110 1186 234 1221 ἀπῆλθεν
243 1188 286 1220 είς
302 1186 360 1220 τὴν
371 1187 472 1214 πόλιν.

140 1232 272 1268 Κρείττων
288 1232 340 1268 ἤδη
361 1233 408 1259 καὶ
424 1233 578 1268 ὑψηλοτέρα
595 1223 720 1268 φαίνεται
736 1233 791 1260 τῶν
807 1234 848 1265 εἰς
861 1233 892 1260 τὸ

110 1278 181 1314 σῶμα
201 1278 352 1314 φροντίδων
364 1299 371 1311 ,
385 1280 402 1315 ἡ
428 1279 499 1306 κατὰ
514 1280 564 1314 τὴν
580 1279 643 1314 χθὲς
658 1281 705 1306 καὶ
721 1279 816 1315 τρίτην
842 1289 891 1307 πο-

109 1325 224 1361 λὺανδροξ
238 1323 306 1352 οὖσα
317 1325 395 1361 γυνὴ,
414 1325 460 1352 καὶ
474 1327 489 1361 ἠ
505 1325 623 1362 ψυχραῖς
641 1326 772 1358 πολλάκις
789 1327 892 1354 εὐάλω-

109 1381 148 1403 τος
175 1371 299 1407 ἡδοναῖς,
325 1372 485 1410 πλεονεκτεῖ
515 1374 564 1407 τῆς
594 1372 695 1411 σαρκὸς
720 1373 769 1408 τὴν
796 1373 834 1405 ὡς
863 1372 893 1406 ἐξ

110 1418 219 1452 ἀνάγκης
236 1417 343 1453 χρείαν,
357 1418 437 1453 δίψης
463 1426 491 1444 τε
513 1417 581 1453 ὁμοῦ
592 1439 599 1450 ,
616 1419 662 1445 καὶ
678 1419 768 1445 ποτῶν
794 1418 893 1454 ἀλογή-

111 1464 252 1499 σασα,πρδς
263 1464 361 1499 ἑτέραν
372 1463 428 1496 ἕξιν
438 1464 482 1491 διὰ
494 1464 545 1499 τῆς
558 1464 675 1496 πίστεως
683 1464 891 1499 ἀνεχαλκεύετο,

114 1509 225 1546 ’Λγάπην
245 1510 273 1536 δὲ
299 1510 472 1546 παραχρῆμα
490 1510 540 1544 τὴν
554 1511 701 1545 καλλίστην
717 1511 811 1538 πασῶν
829 1512 893 1547 ἀρε-

109 1556 160 1592 τὴν,
173 1556 271 1583 καὶτὸν
288 1556 452 1591 φιλάλληλον
468 1556 610 1591 μελετῶσα
622 1557 732 1592 τρόπον,
743 1558 811 1592 ὅπερ
824 1559 891 1593 αὐτῇ

110 1601 216 1636 πέφηνεν
242 1601 357 1635 ἀγαθὸν,
383 1600 464 1628 τοῦτο
492 1602 539 1628 καὶ
564 1601 668 1637 ἑτέροις
693 1602 892 1637 ἐξαγγέλλουσα

109 1647 204 1683 γοργῶς
216 1647 312 1684 δρόμῳ
324 1647 363 1682 τῷ
382 1648 451 1683 πρὸς
466 1648 515 1683 τὴν
538 1648 615 1674 πόλιν
630 1649 804 1675 συντεὶνεται.
826 1649 892 1675 ’Υπ-

109 1691 196 1726 εφώνει
209 1692 262 1727 γὰρ
275 1693 306 1718 ἐν
319 1692 400 1728 αὐτῇ.
415 1692 486 1719 κατά
501 1701 532 1726 γε
551 1693 581 1719 τὸ
599 1692 683 1725 είκὺς,
697 1694 710 1720 ὁ
723 1694 828 1730 Σωτὴρ,
845 1695 893 1721 καὶ

109 1735 263 1771 λεληθότως,
279 1735 353 1763 κατὰ
375 1736 421 1763 τὸν
442 1736 505 1763 νοῦν
523 1737 662 1773 ὲψιθύριζε
678 1738 767 1772 λέγων
779 1748 786 1754 ·
806 1749 815 1765 ι
837 1741 893 1766 Δω-

109 1783 166 1816 ρεὰν
181 1782 302 1813 ἐλάϐετε,
316 1781 420 1818 δωρεὰν
435 1783 505 1810 δότε.
524 1793 533 1808 ι
560 1784 749 1819 Μανθάνωμεν
766 1785 810 1813 διὰ
832 1785 894 1812 τού-

106 1836 158 1860 του,
172 1829 207 1864 μὴ
232 1827 333 1864 ζηλοῦν
359 1829 408 1863 μὲν
423 1830 525 1856 ἐκεῖνον
546 1830 592 1856 τὸν
608 1830 749 1864 ὀκνόφιλον
762 1831 807 1858 τὸν
820 1832 893 1858 οἰκέέ

107 1882 159 1909 την,
173 1874 216 1901 διά
227 1883 256 1901 τε
276 1874 358 1901 τοῦτο
370 1876 408 1907 εἰς
424 1875 475 1910 γῆν
488 1875 698 1910 καταχωννύντσ.
711 1877 743 1902 to
752 1876 891 1909 τάλαντον,

108 1918 302 1954 ἔπεργάζεσθαι
324 1919 352 1946 δὲ
371 1920 470 1954 μᾶλλον
495 1920 560 1947 αὐτὸ
583 1921 788 1956 σπουδάζωμεν.
813 1923 843 1949 ‘0
860 1922 892 1958 δὴ

107 1964 147 1990 καὶ
162 1964 250 1999 δρῶσα
273 1964 362 1996 καλῶς
378 1966 394 2000 ἡ
409 1965 627 2001 πολυθρύλλητος
642 1966 711 2002 αὕτη
736 1967 819 2002 γυνὴ,
836 1976 892 1994 κοι-

106 2011 243 2036 νοποιεῖται
267 2012 326 2041 τοῖς
348 2010 438 2042 ἄλλοις
457 2010 487 2037 τὸ
503 2011 657 2047 προσπεσὸν
677 2012 789 2049 ἀγαθὸν,
820 2013 892 2050 ὕδωρ

108 2056 159 2091 μὲν,
167 2056 234 2092 ὅπερ
244 2054 279 2092 ἦν
290 2056 524 2092 ἁρυσαμένη,τῶν
537 2057 662 2092 πηγαίων
674 2057 765 2085 οὐκέτι
774 2058 893 2085 λαϐοῦσα

107 2102 219 2136 μαστῶν,
231 2103 294 2129 οὐδὲ
309 2101 354 2138 τὴν
368 2103 400 2129 ὲκ
419 2103 471 2138 γῆς
486 2103 580 2137 ὑδρίαν
602 2104 672 2130 οἴκοι
689 2104 769 2131 πάλιν
794 2105 894 2131 ἀποκο-

107 2147 230 2182 μίζουσα,
248 2147 312 2183 θείᾳ
333 2147 360 2173 δὲ
386 2147 485 2182 μᾶλλον
512 2148 559 2174 καὶ
574 2148 692 2183 οὐρανίῳ
716 2149 827 2185 χάριτι,
846 2151 893 2177 καὶ

107 2193 227 2229 πανσόφῳ
245 2193 294 2220 τοῦ
311 2194 439 2228 Σωτῆρος
458 2194 618 2229 διδασκαλίᾳ
641 2194 690 2226 τὰς
707 2195 756 2230 τῆς
773 2195 893 2228 διανοίας

945 269 1024 297 ﬁdem
1039 269 1146 302 tribuit,
1165 269 1218 297 sed
1232 273 1260 296 et
1272 268 1420 297 teinineum
1435 276 1522 304 genus
1539 269 1572 296 ad
1588 276 1648 296 eam
1663 276 1732 296 con-

944 316 1037 343 vertit.
1067 315 1125 343 Hoc
1141 315 1192 343 sibi
1209 322 1306 342 rursus
1323 315 1478 350 exemplum
1500 315 1598 342 habeat
1614 314 1734 349 quicun-

944 369 997 397 que
1015 361 1137 389 doctoris
1152 364 1245 396 partes
1260 360 1316 396 agit
1335 361 1361 387 in
1380 361 1517 392 ecclesiis,
1537 368 1588 388 nec
1600 360 1733 396 prodesse

943 411 1042 435 renuat
1070 407 1245 434 mulieribus.
1269 406 1328 433 Non
1352 406 1424 433 enim
1447 406 1615 434 voluntatem
1642 413 1732 440 suam,

944 452 992 481 sed
1010 452 1215 488 praedicationis
1232 453 1379 480 utilitatem
1396 451 1474 487 sequi
1488 456 1606 486 oportet.

979 587 1026 621 lV,
1043 587 1089 615 27.
1105 587 1190 614 Nemo
1205 592 1293 614 tamen
1305 587 1373 613 dixit
1385 595 1394 613 :
1414 585 1484 620 Quid
1504 585 1601 620 quieris
1615 589 1661 612 aut
1671 584 1733 620 quid

945 635 1058 669 loqueris
1070 642 1129 660 cum
1145 633 1192 660 illa
1203 634 1215 661 ?

979 680 1159 708 Prudentium
1177 679 1376 715 discipulorum
1402 682 1472 711 erat,
1487 682 1515 706 et
1537 677 1668 713 magistro
1683 677 1733 706 de-

944 727 1032 754 bitum
1057 727 1188 754 honorem
1208 726 1388 757 servantium,
1403 732 1459 752 non
1488 724 1636 760 superﬂuis
1659 731 1734 759 quaa-

944 773 1081 801 stionibus
1101 774 1127 800 in
1145 772 1282 800 absurdas
1303 772 1475 806 suspiciones
1492 771 1568 798 abire
1581 770 1656 805 quod
1671 777 1734 798 cum

944 820 1059 847 muliere
1079 820 1255 854 loqueretur.
1280 818 1328 846 sed
1357 817 1462 852 pmiore
1489 817 1581 852 potius
1606 824 1638 844 ac
1659 819 1733 843 metu

945 865 1067 900 linguam
1096 865 1169 891 intra
1193 864 1288 891 dentes
1310 863 1493 895 concludere,
1520 865 1548 889 et
1573 865 1735 896 exspectare

906 904 927 931 Β
942 911 1005 937 dum
1031 910 1162 944 magister
1175 909 1348 943 loqueretur,
1367 908 1481 942 ejusque
1504 907 1543 935 rei
1562 913 1675 934 causam
1694 905 1735 932 ul-

943 960 986 982 tro
1008 954 1137 990 aperiret.
1166 954 1258 981 Mirari
1285 961 1351 988 ergo
1370 953 1502 980 debemus
1532 952 1576 979 hic
1592 951 1734 979 Christum

942 1001 977 1031 ob
999 1000 1259 1033 mansuetudinem;
1286 999 1438 1034 discipulos
1456 1002 1547 1026 autem
1572 998 1608 1025 ob
1623 997 1734 1033 sapien-

942 1048 1008 1075 tiam
1025 1052 1106 1082 atque
1121 1047 1308 1090 prudentiam,
1324 1051 1351 1073 el
1365 1046 1457 1074 decori
1473 1045 1611 1073 notitiam.

978 1138 1022 1170 IV,
1043 1138 1088 1165 28.
1115 1137 1231 1173 Reliquit
1251 1145 1312 1172 ergo
1334 1136 1457 1172 hydriam
1475 1144 1553 1163 suam
1577 1135 1683 1169 mulier,
1709 1139 1733 1162 et

942 1185 1009 1212 abiit
1021 1185 1047 1212 ἱη
1066 1185 1209 1212 civilalem.

978 1231 1083 1259 Victrix
1105 1237 1245 1265 corporem
1263 1236 1337 1257 cura).
1352 1228 1409 1263 jam
1429 1227 1540 1255 videtur
1556 1227 1602 1254 illa
1624 1227 1681 1254 heri
1702 1235 1734 1255 ac

942 1277 1145 1306 nudiustertius
1160 1276 1308 1303 multorum
1321 1275 1442 1302 virorum
1459 1282 1539 1307 uxor,
1552 1278 1585 1301 et»
1593 1281 1653 1309 quae
1664 1274 1734 1302 slul~

942 1325 978 1351 tis
995 1323 1184 1358 voluptatibus
1209 1330 1280 1356 saepe
1306 1321 1504 1349 succubuerat,
1533 1321 1627 1347 carnis
1653 1327 1734 1346 usum

942 1369 1130 1398 necessarium
1143 1367 1298 1400 defraudat,
1307 1367 1445 1401 simulque
1457 1365 1531 1392 sitim
1544 1369 1571 1393 et
1584 1369 1677 1400 potum
1687 1372 1734 1392 as-

943 1421 1057 1452 pernata
1070 1416 1096 1442 in
1108 1415 1191 1442 alium
1202 1419 1302 1442 statum
1316 1421 1364 1449 per
1377 1413 1456 1440 ﬁdem
1468 1412 1548 1448 ιθιί.
1557 1412 1734 1439 reformatur.

945 1461 1045 1488 Statim
1070 1468 1136 1488 vero
1163 1460 1327 1487 cliaritatem
1355 1459 1490 1486 virtutum
1516 1458 1659 1494 optimam,
1676 1464 1738 1484 mu-

945 1513 1078 1542 luumque
1093 1514 1213 1534 amorem
1235 1506 1370 1541 amplexa.
1387 1505 1460 1540 quod
1477 1505 1529 1532 sibi
1545 1505 1668 1532 oblatum
1693 1508 1736 1532 est

944 1554 1058 1586 bonum,
1076 1553 1161 1580 citato
1175 1553 1202 1580 in
1219 1552 1314 1580 urbem
1335 1559 1419 1578 cursu
1437 1550 1562 1578 studiose
1576 1549 1734 1577 annuntiat.

944 1600 1195 1627 lnclamabatenim
1208 1599 1243 1630 ei,
1256 1602 1286 1625 ut
1303 1597 1437 1625 credibile
1456 1600 1509 1628 est,
1528 1601 1555 1624 et
1570 1597 1597 1623 in
1612 1597 1735 1623 animum

944 1648 1014 1675 clam
1040 1646 1252 1677 insusurrabat,
1271 1645 1387 1672 dicens:
1414 1652 1423 1669 ι
1455 1642 1547 1670 Gratis
1575 1642 1735 1677 accepistis,

944 1693 1031 1729 gratis
1044 1692 1107 1720 date
1120 1692 1140 1720 ⁸.
1157 1703 1165 1717 ι
1184 1691 1252 1718 Hinc
1268 1691 1409 1718 discamus
1422 1698 1476 1717 non
1495 1697 1556 1717 esse
1573 1689 1654 1716 nobis
1671 1689 1735 1716 imi-

944 1741 1056 1768 tandum
1074 1740 1200 1775 ignavum
1219 1739 1294 1766 illum
1310 1745 1419 1766 servum
1437 1737 1484 1772 qui
1513 1736 1645 1763 talentum
1658 1735 1735 1762 humi

944 1786 1059 1818 defodit,
1076 1786 1124 1813 sed
1147 1785 1213 1812 illud
1232 1792 1362 1813 exercere
1379 1791 1512 1811 conemur
1523 1783 1544 1809 ⁷.
1567 1782 1646 1815 Quod
1663 1781 1736 1809 cele—

943 1832 1062 1860 berrima
1088 1831 1145 1858 haec
1166 1831 1265 1858 mulier
1280 1831 1388 1865 egregie
1407 1833 1529 1864 praestat,
1555 1836 1617 1863 qua:
1631 1828 1734 1855 bonum

945 1879 999 1907 sibi
1023 1878 1144 1905 oblatum
1170 1878 1231 1906 aliis
1252 1878 1460 1910 communicat,
1491 1884 1573 1912 quam
1600 1876 1736 1902 hactenus

943 1925 1076 1952 hauserat
1092 1931 1190 1958 aquam
1215 1931 1270 1950 non
1290 1923 1348 1958 jam
1373 1930 1388 1950 e
1406 1923 1575 1958 scaturigine
1591 1921 1734 1953 hauriens,

944 1979 1032 2006 neque
1056 1973 1214 1996 terrestrem
1237 1969 1362 2004 hydriam
1388 1968 1498 1995 domum
1524 1968 1615 1996 denuo
1641 1974 1730 2001 repor-

943 2021 1015 2049 tans,
1044 2016 1092 2044 sed
1116 2015 1208 2043 divina
1226 2015 1319 2049 potius
1339 2022 1372 2042 ac
1388 2014 1494 2042 ctelesti
1507 2016 1606 2048 gratia,
1625 2014 1735 2048 sapien-

943 2063 1107 2096 tissimaque
1134 2060 1287 2088 Salvatoris
1319 2059 1447 2087 doctrina
1473 2062 1592 2086 mentem
1625 2058 1733 2093 plenam

944 2115 1051 2143 gerens.
1077 2107 1148 2134 Hinc
1174 2114 1273 2133 rursus
1300 2109 1432 2139 tanquam
1451 2104 1479 2131 in
1498 2104 1585 2140 ﬁgura
1600 2108 1627 2131 et
1643 2102 1735 2130 tabula

944 2153 1146 2181 observandum
1170 2157 1223 2185 cst,
1242 2152 1348 2186 exiguis
1365 2150 1512 2178 admodum
1541 2153 1569 2177 et
1593 2148 1736 2184 corporeis

945 2199 1080 2234 neglectis
1102 2198 1191 2225 multo
1215 2197 1371 2232 copiosiora
1389 2199 1417 2222 et
1436 2195 1552 2222 meliora
1576 2201 1627 2221 nos
1649 2200 1664 2219 a
1680 2191 1736 2219 Deo

107 2238 237 2273 ὑποθήκας
249 2239 424 2274 ὲμπλήσασα.
446 2239 544 2266 Ὶστέον
559 2239 694 2273 ἐντεῦθεν,
714 2240 751 2272 ὡς
765 2242 794 2268 ἐν
813 2241 892 2277 τύπῳ

945 2249 1136 2280 percepturos.
1163 2242 1234 2276 Quid
1254 2242 1327 2270 enim
1342 2246 1384 2269 est
1398 2248 1467 2276 aqua
1483 2240 1516 2268 de
1532 2244 1616 2271 terra,
1630 2238 1652 2265 si
1672 2244 1735 2265 cum

105 2285 178 2312 πάλιν
191 2286 238 2312 καὶ
253 2283 358 2322 γρῖθρῇ,
373 2286 414 2312 ὅτι
436 2286 542 2321 μικρῶν
558 2286 590 2321 δὴ
607 2286 667 2313 λίαν
688 2287 892 2322 ὑπερφρονοῦν-

947 2291 1130 2326 intelligentia
1147 2297 1208 2325 qum
1236 2295 1356 2323 superne
1369 2286 1456 2318 venit,
1471 2283 1667 2319 comparetur?

105 2341 156 2367 τες,
177 2334 224 2361 καὶ
246 2334 422 2369 σωματικῶν,
440 2334 660 2362 πολλαπλασίονα
674 2336 764 2363 tanta).
784 2336 889 2372 ἀμείνω
909 2338 983 2375 παρὰ
1000 2339 1067 2367 Θεοῦ
1081 2338 1232 2374 ληψόμεθα.
1245 2337 1278 2363 Τί
1294 2335 1348 2371 γὰρ
1366 2334 1438 2370 ὕδωρ
1454 2333 1484 2360 τὸ
1500 2333 1554 2359 ἀπὸ
1587 2331 1638 2366 τῆς
1672 2331 1734 2370 γῆς,

105 2380 138 2412 ὡς
153 2380 218 2416 πρὸς
227 2380 279 2415 τὴν
291 2379 394 2407 ἄνωθεν
411 2380 519 2407 σύνεσιν
533 2389 540 2413 ς

135 2428 189 2458 Καὶ
203 2428 286 2462 λέγει
304 2428 552 2467 τοῗςρνθρώποισ
571 2428 669 2461 Δεῦτε,
687 2428 765 2456 ἴδετε
780 2429 892 2464 ἅνθρω-

105 2482 168 2506 nor,
182 2474 216 2507 ὃς
240 2472 307 2501 εἶπε
330 2475 429 2502 πάντα
441 2495 448 2508 ,
462 2475 521 2501 ὅσα
544 2475 674 2508 ἐποίησα
686 2483 693 2490 ”
707 2475 780 2510 μήτι
805 2474 893 2509 οὗτός

104 2520 183 2546 ἐστιν
197 2521 214 2547 ὀ
227 2521 375 2554 Χριστός;

136 2567 167 2592 Ὢ
183 2567 336 2602 παραδόξου
366 2567 526 2602 μεταϐολῆς,
542 2567 565 2594 ὦ
591 2567 712 2603 μεγάλης
729 2567 829 2601 ὄντως,
845 2569 893 2595 καὶ

105 2611 270 2648 θεοπρεποῦς
289 2613 388 2648 ἰσχύος,
409 2614 452 2640 ἐπ’
470 2613 584 2649 ἀρρήτῳ
606 2613 752 2647 διαφανοῦς
771 2614 809 2649 τῷ
827 2615 894 2641 οαύ-

107 2664 165 2690 ματι
182 2658 188 2684 l
201 2658 334 2694 Τεχνίτης
348 2659 397 2695 ἤδη
418 2659 487 2694 πρὸς
503 2659 599 2693 λόγους
607 2660 656 2689 καὶ
670 2661 861 2695 μυσταγωγὸς,
876 2661 892 2696 ἡ

106 2704 220 2731 συνιεῖσα
246 2705 297 2740 μὲν
312 2705 387 2732 οὐδὲν
408 2706 462 2732 τῶν
477 2706 505 2732 ὲν
530 2706 600 2741 ἀρχῇ
624 2705 788 2742 λεγομένων,
806 2706 850 2734 διὰ
864 2707 893 2733 δὲ

103 2747 177 2774 τοῦτο
202 2749 318 2781 δικαίως
333 2751 475 2778 ἀκούσασα
497 2759 503 2766 ·
525 2761 534 2776 ι
557 2751 676 2785 Ὕπαγε,
697 2751 821 2786 φώνησόν
845 2761 891 2779 σου

104 2793 146 2820 τὸν
160 2795 257 2830 ἄνδρα,
272 2796 319 2823 καὶ
333 2797 392 2824 ὲλθὲ
415 2797 518 2825 ἐνθάδε.
537 2807 546 2823 ›
563 2799 634 2833 Ὀρα
650 2797 705 2833 γὰρ
722 2798 796 2830 ὅπως
815 2800 890 2826 ἐντέ-

136 2880 144 2895 ¹
163 2884 260 2914 Matth.
279 2895 307 2918 x,
322 2887 348 2914 8.
387 2888 396 2897 '
412 2887 504 2914 Matth.
523 2895 586 2920 xu,
602 2887 636 2914 23
651 2895 728 2923 seqq.

982 2430 1027 2462 iV,
1050 2430 1095 2457 29.
1113 2428 1147 2456 Et
1169 2428 1235 2454 dicit
1255 2426 1311 2454 illi:
1325 2423 1491 2452 hominibus:
1510 2421 1600 2449 Venite
1615 2425 1640 2447 et
1653 2419 1734 2447 videte

948 2477 1100 2508 hominem,
1120 2476 1165 2511 qui
1189 2475 1258 2501 dixit
1280 2472 1345 2500 milii
1369 2470 1458 2498 omnia
1479 2475 1640 2504 quwcunque
1664 2466 1734 2501 Ieci:

946 2522 1072 2558 numquid
1086 2523 1140 2556 ipse
1155 2525 1195 2548 est
1213 2519 1359 2548 Christus?

982 2570 1004 2598 Ο
1019 2569 1186 2604 inopinatam
1207 2565 1406 2593 mulationem!
1428 2571 1444 2590 ο
1464 2569 1590 2598 magnam
1611 2559 1736 2596 profecto

946 2617 1123 2650 divinamque
1138 2615 1278 2646 virtutem,
1294 2620 1355 2648 quae
1377 2610 1507 2639 ined‘abili
1535 2609 1667 2637 miraculo
1686 2615 1734 2643 pa.

946 2663 1040 2692 tescit!
1059 2662 1266 2690 Docetdemum
1280 2664 1306 2687 et
1320 2660 1390 2687 alios
1406 2658 1497 2686 iniliat
1512 2657 1568 2689 illa,
1589 2663 1649 2691 quae
1664 2654 1735 2682 nihil

946 2709 1082 2743 capiebat,
1098 2714 1193 2735 eorum
1206 2713 1266 2740 qua
1280 2705 1418 2743 principio
1433 2703 1607 2733 dicebantur,
1619 2707 1738 2736 quaeque

945 2754 1051 2782 idcirco
1067 2753 1130 2790 jure
1149 2752 1293 2780 audierat:
1311 2760 1320 2776 ι
1344 2749 1431 2781 Vade,
1452 2756 1517 2776 voca
1538 2747 1626 2774 virum
1642 2750 1734 2776 tuum,

945 2803 972 2827 et
994 2799 1058 2827 veni
1081 2799 1144 2827 huc.
1164 2807 1174 2824 ›
1193 2797 1314 2826 Observa
1330 2796 1402 2824 enim
1424 2799 1526 2830 quanta
1545 2790 1682 2821 industria
1702 2791 1736 2818 et
