2028 3118
292 176 342 204 519

764 172 792 200 s.
808 157 947 200 omna
966 166 1204 196 ALEXANDRINI
1223 166 1383 195 meum.

1858 165 1915 193 520

290 239 349 262 arte
371 231 560 260 Samaritanos
583 231 748 266 alloquatur.
766 230 826 259 Non
846 231 979 258 continuo
1004 227 1072 255 dicit

1124 234 1193 261 χνως
1214 225 1263 262 τὴν
1287 225 1356 261 πρὸς
1379 224 1548 262 Σαμαρείτας
1571 224 1689 251 ἐποιεῖτο
1707 222 1835 256 διάλεξιν.
1853 223 1909 250 οὐκ

291 287 321 307 se
340 278 480 306 Christum
496 277 645 310 invenisse,
658 284 708 305 nec
722 277 814 305 statim
837 277 871 304 de
891 276 956 304 Jesu
979 282 1075 303 narra-

290 325 391 353 tionem
407 332 484 352 suam
498 325 625 352 orditur:
648 329 721 352 certe
735 324 808 352 enim
823 324 952 359 despecta
966 322 1073 355 fuisset,

290 378 341 398 nec
360 371 509 403 immerito,
524 375 552 398 ut
568 379 628 406 qua:
640 371 720 406 longe
738 374 811 398 ultra
831 377 913 405 quam
928 369 988 404 ejus
1005 377 1074 396 con-

290 416 422 444 ditionem
450 417 565 444 decebat
590 421 721 452 saperet,
749 423 799 445 nec
824 423 931 443 morum
960 421 1073 442 suorum

291 462 401 497 ignaros
426 463 565 490 auditores
582 463 705 490 haberet.
727 461 809 489 Prius
829 469 894 497 ergo
917 460 1013 488 faciles
1025 468 1073 488 eos

291 507 326 535 ad
347 508 514 535 credendum
538 507 628 535 reddit
648 507 794 539 miraculo,
821 506 911 541 iisque
940 505 1074 533 inusitato

290 557 391 580 eventu
414 553 556 586 attonitis,
576 553 684 588 planius
708 551 912 588 quodammodo
936 551 999 579 ﬁdei
1023 547 1094 578 iter'

291 598 384 626 efficit.
416 608 425 624 ι
444 598 549 632 Venite,
562 603 590 627 et
607 599 697 627 videte
718 608 741 632 ι,
757 598 857 633 inquit,
873 597 1073 626 vehementiori

292 652 358 672 voce
379 649 482 672 tantum
504 652 560 672 non
576 645 740 672 inclamans.
768 644 809 672 Ad
828 643 918 676 ﬁdem,
939 643 1006 671 satis
1022 643 1075 670 erit

291 691 334 718 vel
362 691 448 725 ipsius
472 691 511 718 rei
537 690 684 726 inspectio,
702 690 911 725 majoribusque
934 689 1075 717 miraculis

292 742 440 772 praesentes
460 736 701 764 conﬁrmabimini.
723 736 790 764 Nam
815 736 861 771 qui
884 736 1007 764 cordium
1031 743 1075 763 se-

291 786 366 809 creta
387 783 474 815 novit,
489 786 516 810 et
536 783 587 810 hac
606 782 710 818 ingenti
726 790 758 810 ac
776 783 868 810 divina
882 783 1015 817 dignitate
1033 785 1076 810 est

292 827 433 862 praeditus,
449 828 587 862 quomodo
607 835 662 854 non
678 828 774 862 plenis,
791 833 821 855 ut
839 828 929 861 aiunt,
945 829 1014 856 velis
1036 828 1076 856 fe-

292 877 366 900 retur
385 873 418 899 ad
435 881 466 900 ea
482 873 635 908 peragenda
649 881 709 908 qua).
725 874 814 901 velit?

328 919 406 954 195
422 918 466 951 IV,
487 919 531 947 50.
549 918 678 946 Exierunt
692 927 752 955 ergo
770 920 801 947 de
816 921 932 954 civitate,
948 926 973 949 et
989 923 1073 950 venie-
1091 915 1113 943 Β

291 964 354 991 bant
372 966 405 991 ad
418 973 487 993 eum.
695 977 716 1006 κ

323 1010 480 1039 Ιιιᾱίιξοτυω
499 1012 627 1041 duritiem
645 1014 882 1043 Samaritanorum
897 1015 1016 1043 facilitas
1031 1022 1078 1042 ar-

289 1056 358 1090 guit,
375 1061 403 1084 et
418 1057 528 1085 illorum
554 1060 703 1088 crudelitas
729 1061 756 1088 in
777 1062 892 1090 istorum
908 1062 1078 1090 humanitate

288 1103 390 1130 elucet.
418 1103 468 1131 Hic
493 1113 604 1133 rursum
632 1107 756 1135 discendi
781 1108 924 1136 studiosus
952 1108 1079 1136 observet

289 1152 390 1182 quanta
403 1149 439 1176 sit
453 1149 481 1176 in
496 1151 619 1186 utrisque
631 1160 737 1180 tnorum
749 1153 948 1188 discrepantia,
963 1158 994 1181 ut
1004 1158 1078 1182 certe

289 1201 344 1220 non
364 1194 501 1223 immerito
512 1197 627 1225 miretur
640 1197 733 1226 Jesum
747 1200 920 1227 recedentem
939 1207 953 1226 a
968 1199 1076 1228 Judzeo-

289 1247 349 1266 rum
364 1240 519 1276 Synagoga,
542 1248 569 1270 et
586 1243 746 1279 alienigenis
766 1245 887 1280 seipsum
904 1245 1076 1280 largientem.

289 1283 369 1317 Quod
393 1283 466 1312 enﬁn
492 1286 595 1315 Iudaeis
619 1293 754 1317 venturus
783 1293 857 1317 esset
881 1289 1020 1322 Chrislus,
1049 1294 1078 1318 et

289 1337 358 1364 quas
372 1330 407 1357 ob
423 1339 467 1358 res
483 1334 659 1367 appariturus
677 1339 763 1367 esset,
782 1335 901 1363 Mosaica
913 1336 957 1364 lex
973 1336 1078 1364 denun-

289 1377 385 1410 tiabat,
412 1381 439 1405 et
465 1379 645 1413 gravissimus
678 1380 725 1408 ille
754 1381 948 1416 prophetarum
974 1382 1076 1411 chorus

288 1423 463 1458 praedicabat,
475 1428 557 1460 atque
570 1425 639 1460 ipsis
652 1427 849 1461 propemodum
861 1426 967 1455 foribus
979 1427 1078 1456 adesse

289 1468 505 1503 demonstrabat,
521 1471 636 1499 dicens:
656 1481 666 1498 ι
691 1472 762 1500 Ecce
787 1472 860 1502 Deus
883 1478 989 1506 noster,
1013 1482 1077 1503 ecce

287 1513 420 1542 Dominus
435 1516 456 1543 ⁸.
477 1525 486 1542 ›
508 1516 541 1542 Ει
562 1522 717 1551 postremus
741 1519 865 1546 omnium
892 1527 1008 1555 magnus
1030 1520 1077 1548 ille

288 1560 360 1588 inter
379 1565 459 1588 natos
476 1562 621 1589 mulierum
637 1563 768 1595 Joannes,
786 1569 948 1600 praesentem
964 1565 1019 1600 jam
1049 1570 1076 1594 et

288 1611 496 1634 conversantem
517 1609 700 1641 monstrabat,
716 1609 810 1638 dicens
827 1619 834 1638 :
854 1619 864 1636 ι
887 1610 957 1639 Ecce
981 1613 1075 1647 Agnus

289 1651 346 1684 Dei,
368 1653 413 1688 qui
432 1653 502 1680 tollit
523 1659 662 1689 peccatum
683 1655 816 1683 mundi’.
838 1665 847 1682 ι
869 1656 901 1684 Et
921 1657 995 1692 quod
1015 1666 1076 1685 om-

287 1705 350 1724 nem
370 1698 580 1726 admirationem
603 1704 727 1735 superat,
747 1701 896 1728 multorum
916 1709 1030 1737 operum
1049 1703 1075 1731 vi

288 1750 321 1770 ac
345 1748 480 1778 potestate
505 1745 598 1772 divina
628 1747 748 1781 seipsum
776 1747 901 1775 Salvator
925 1749 1074 1777 revolabat.

287 1791 357 1824 Quid
373 1792 454 1827 igitur
472 1792 511 1819 illi
529 1793 561 1819 ad
583 1792 687 1820 nefaria
706 1795 821 1822 consilia
840 1796 994 1831 praecipites
1016 1804 1075 1824 ma-

288 1837 454 1864 chinantur?
465 1837 578 1865 Mortem
593 1839 654 1873 ejus
668 1839 770 1874 injuste
782 1845 923 1876 appetunt,
937 1842 1075 1870 insidian-

287 1886 333 1909 tur
350 1883 443 1918 impie,
467 1884 567 1911 caedem
597 1885 746 1913 crudeliter
764 1887 970 1920 machinantur,
993 1893 1020 1916 et
1042 1888 1076 1916 de

287 1933 361 1955 terra
377 1937 409 1956 ac
424 1930 536 1957 civitate
553 1938 602 1958 sua
622 1931 738 1966 ejiciunt
757 1933 853 1966 vitam,
874 1933 976 1966 lumen,
1001 1934 1074 1961 illam

288 1975 410 2002 omnittm
436 1976 563 2009 salutem,
581 1977 653 2004 viam
680 1978 768 2012 regni.
792 1982 820 2006 et
834 1983 1008 2013 peccatorum
1032 1988 1076 2008 re-

288 2021 459 2053 missionem,
481 2027 563 2057 atque
586 2013 749 2058 adoptionis.
763 2024 791 2051 in
810 2023 857 2051 Dei
879 2025 949 2053 filios
964 2025 1076 2061 largitu-

288 2073 355 2093 rem.
383 2065 518 2099 Quocirca
544 2067 668 2095 Salvator
695 2069 756 2102 jure
782 2069 911 2097 dicebat:
933 2079 943 2096 ι
963 2070 1076 2099 Jerusa-

287 2111 352 2144 lem,
370 2111 530 2146 Jerusalem,
549 2121 609 2149 qum
623 2114 727 2142 occidis
744 2115 902 2150 prophetas,
919 2120 949 2143 et
970 2117 1074 2152 lapidas

287 2163 335 2183 eos
352 2156 397 2190 qui
412 2156 446 2183 ad
461 2161 487 2185 te
507 2158 583 2185 missi
598 2163 679 2186 sunt:
696 2159 805 2193 quoties
820 2160 894 2187 volui
907 2168 1074 2198 congregare

288 2201 359 2229 filios
373 2205 447 2235 tuos,
470 2204 607 2238 quomodo
626 2205 727 2239 gallina
741 2211 889 2241 congregat
907 2207 994 2241 pullos
1008 2216 1073 2236 suos

1123 273 1203 305 εὐθὺς
1222 272 1365 308 εὑρηκέναι
1382 272 1448 307 φησὶ
1465 271 1511 298 τὸν
1531 271 1656 307 Χριστὸν,
1671 270 1731 297 οὐδὲ
1747 270 1776 297 ὲν
1790 269 1908 306 πρώτοις

1123 319 1224 354 ἑαυτῆς
1236 319 1356 354 εἰσφέρει
1371 318 1495 354 διήγησιν
1505 318 1551 345 τὸν
1573 316 1676 352 Ἰησοῦν
1693 325 1699 332 ·
1712 313 1731 352 ἦ
1744 317 1799 352 γὰρ
1813 316 1847 343 ἂν
1861 317 1908 344 καὶ

1123 365 1269 401 διεπτύσθη
1283 364 1404 396 δικαίως,
1416 365 1453 396 ὼς
1466 364 1533 390 πολὺ
1552 363 1600 398 μὲν
1612 363 1643 390 τδ
1660 365 1759 399 μέτρον
1773 363 1828 389 τῶν
1839 362 1908 398 αὐτῇ

1124 412 1282 448 πρεπόντων
1296 411 1476 438 ἀναϐαίνουσα
1495 410 1592 444 λόγων,
1607 410 1658 436 οὐκ
1675 409 1800 444 ἀγνῶτας
1812 409 1841 436 δὲ
1856 409 1909 436 τῶν

1124 459 1209 492 αὐτῆς
1224 458 1331 493 τρόπων
1356 457 1420 489 τοὺς
1435 457 1625 492 ἀκροωμένους
1647 455 1820 491 εὑρίσκουσα.
1837 455 1909 490 Προ-

1124 503 1296 539 εξευμαρίζει
1319 502 1462 539 τοιγαροῦν
1483 503 1523 538 τῷ
1540 502 1676 538 θαύματι,
1694 503 1741 529 καὶ
1766 502 1805 538 τῷ
1821 511 1911 537 παρα-

1124 550 1191 585 δόξῳ
1214 549 1475 586 προκαταπλήξασα,
1497 549 1636 585 λειοτέραν
1652 549 1746 584 ὥσπερ
1769 550 1802 584 τῇ
1820 548 1910 575 πίστει

1123 597 1173 632 τὴν
1189 596 1248 623 ὁδὸν
1267 596 1464 632 ἀπεργάζεται.
1483 604 1493 622 ι
1513 595 1594 622 Δεῦτε
1606 615 1613 628 ,
1634 595 1681 622 καὶ
1704 595 1773 622 ῐδετε
1785 615 1793 628 ,
1809 604 1820 621 ι
1843 595 1911 630 φησὶ

1125 642 1253 674 συνετῶς,
1269 642 1409 678 μονονουχὶ
1422 642 1601 678 θερμοτέραις
1616 641 1705 677 βοῶσα
1722 642 1826 677 φωναῖς
1838 649 1845 656 ’
1860 642 1911 676 ἀρ-

1125 689 1200 716 κέσει
1214 689 1260 715 καὶ
1274 689 1341 724 μόνη
1358 688 1426 725 πρὸς
1443 688 1533 715 πίστιν
1546 689 1562 723 ἡ
1573 688 1632 720 θέα,
1647 689 1694 714 καὶ
1706 687 1912 724 πληροφορήσει

1126 734 1261 770 παρόντας
1280 734 1500 769 ἀξιολογωτέροις
1513 735 1569 765 τοῖς
1591 733 1735 769 θαύμασιν.
1755 733 1784 759 '0
1799 733 1855 768 γὰρ
1871 742 1914 767 τι·

1126 781 1237 808 νώσκων
1249 780 1284 807 τὰ
1300 780 1488 816 κεκρυμμένα,
1502 779 1549 806 καὶ
1564 779 1594 806 τὺ
1610 779 1682 816 μέγα
1701 779 1779 806 τοῦτο
1793 780 1841 806 καὶ
1855 779 1913 806 θεο-

1126 826 1230 861 πρεπὲς
1244 825 1351 861 ἀξίωμα
1364 825 1535 861 λαχὼν,πῶς
1550 825 1600 852 οὐκ
1616 825 1782 861 ὲξὲξουρίας
1799 825 1914 861 δραμεῖ-

1126 881 1172 900 ται
1183 872 1250 908 πρὸς
1266 871 1315 907 τὴν
1326 868 1362 898 ὧν
1376 871 1409 898 ἂν
1422 871 1542 906 βούλοιτο
1559 871 1714 907 πλήρωσιν;

1167 917 1311 950 Ἐξῆλθον
1324 914 1380 944 οὖν
1392 916 1426 943 ἐκ
1435 916 1490 951 τῆς
1501 917 1626 950 πόλεως,
1636 916 1683 944 καί
1696 916 1827 952 ἤρχοντο
1839 917 1915 951 πρὸς

1127 963 1230 990 αὐτόν.

1164 1009 1294 1043 Ἔλεγχος
1318 1008 1369 1043 τῆς
1390 1007 1521 1035 Ἰουδαίων
1542 1008 1755 1044 σκληροκαρδίας
1782 1009 1802 1044 ἠ
1821 1009 1916 1045 Σαμα-

1128 1057 1225 1092 ρειτῶν
1246 1056 1401 1090 εὐπείθεια,
1427 1057 1474 1084 καὶ
1493 1057 1524 1084 τὸ
1542 1058 1571 1084 έν
1593 1057 1708 1089 ἐκεινοις
1731 1057 1916 1093 ἀπάνθρωπον

1127 1104 1156 1129 ἐν
1178 1104 1212 1138 τῇ
1231 1103 1333 1130 τούτων
1359 1103 1507 1139 ἡμερότητι
1531 1103 1712 1138 διαφαίνεται.
1743 1103 1801 1130 Καὶ
1823 1103 1916 1139 δράτω

1128 1149 1209 1176 πάλιν
1221 1150 1235 1176 6
1258 1149 1408 1184 φιλομαθὴς
1427 1149 1477 1185 τῆς
1494 1150 1523 1176 ὲν
1541 1150 1641 1184 ἀμφοῖν
1661 1150 1744 1183 ἕξεως
1757 1150 1806 1186 τὴν
1821 1150 1916 1184 διαφο-

1130 1195 1195 1231 ρὰν,
1215 1195 1259 1222 ἵνα
1270 1195 1302 1230 δὴ
1317 1195 1364 1222 καὶ
1385 1195 1457 1230 μάλα
1472 1195 1583 1227 δικαίως
1596 1195 1779 1232 ἀποθαυμάζῃ
1796 1196 1845 1223 τὸν
1862 1197 1915 1231 Ἰη-

1128 1239 1191 1267 σοῦν
1203 1241 1253 1275 τῆς
1268 1240 1317 1276 μὲν
1325 1240 1378 1267 τῶν
1387 1240 1519 1268 Ἰουδαίων
1527 1241 1719 1276 ἀποδημοῦντα
1734 1242 1915 1276 Συναγωγῆς,

1128 1286 1223 1313 ἑαυτὸν
1256 1286 1285 1313 δὲ
1322 1286 1422 1322 μᾶλλον
1454 1288 1510 1319 τοῖς
1543 1287 1698 1321 ἀλλογενέσι
1731 1287 1915 1323 δωρούμενον.

1133 1331 1270 1364 Ἰουδαίοις
1286 1331 1335 1367 μὲν
1354 1333 1408 1368 γὰρ
1425 1333 1465 1360 ὄτι
1479 1333 1538 1368 ἥξει
1555 1333 1602 1359 καὶ
1621 1333 1668 1360 ἐπὶ
1681 1333 1752 1361 τίσιν
1767 1334 1917 1368 ἀναφανεῖο

1127 1385 1171 1404 ται
1188 1377 1312 1412 Χριστὸς,
1327 1378 1341 1404 ό
1357 1377 1401 1404 διὰ
1413 1377 1534 1410 Μωσέως
1547 1378 1690 1413 διήγγελλε
1701 1379 1792 1414 νόμος,
1808 1378 1918 1414 προφη-

1127 1422 1182 1448 τῶν
1194 1422 1223 1448 δὲ
1241 1423 1255 1449 ό
1273 1422 1428 1458 πάνσεμνος
1442 1423 1608 1459 ἀνεκήρυττε
1624 1425 1704 1460 χορὸς
1716 1445 1723 1456 ,
1751 1425 1799 1451 καὶ
1819 1433 1917 1460 μονον-

1127 1468 1187 1503 ουχὶ
1200 1469 1321 1504 παρόντα
1342 1469 1434 1495 λοιπὸν
1450 1470 1496 1496 ἐπὶ
1515 1467 1610 1505 θύραις
1633 1470 1788 1497 ἐπεδείκνυε
1807 1471 1895 1504 λέγων
1909 1479 1916 1486 '

1131 1523 1140 1540 ι
1159 1514 1225 1541 Ἰδοὺ
1240 1516 1254 1541 ὁ
1269 1515 1335 1546 Θεὸς
1348 1514 1442 1550 ὴμῶν,
1462 1515 1515 1542 ίδοὺ
1529 1515 1640 1551 Κύριος.
1658 1525 1668 1542 ι
1692 1517 1746 1543 Καὶ
1759 1516 1916 1549 τελευταῖος

1127 1559 1175 1585 ἐπὶ
1187 1560 1270 1586 πᾶσιν
1287 1560 1301 1585 6
1316 1559 1402 1595 μέγας
1416 1561 1444 1587 ὲν
1457 1562 1595 1596 γεννητοῖς
1616 1561 1752 1595 γυναικῶν
1774 1562 1915 1598 Ἰωάννης,

1128 1603 1177 1639 ἤδη
1193 1604 1345 1639 πεφηνότα,
1362 1604 1408 1631 καὶ
1421 1605 1647 1640 συνδιαιτώμενον
1664 1605 1780 1640 φανερὸν
1796 1605 1916 1641 καθίστη

1126 1650 1221 1685 λέγων,
1241 1660 1250 1676 ι
1265 1651 1316 1678 Ἴδε
1333 1652 1346 1677 6
1361 1651 1458 1686 ’Λμνὺς
1474 1652 1520 1678 τοῦ
1541 1651 1607 1678 Θεοῦ
1623 1653 1637 1679 6
1653 1651 1738 1688 αἴρων
1757 1653 1808 1688 τὴν
1821 1653 1916 1689 ἀμαρ-

1126 1696 1184 1722 τίαν
1201 1696 1248 1723 τοῦ
1261 1697 1374 1732 κόσμου.
1385 1706 1395 1722 ι
1413 1697 1467 1723 Καὶ
1484 1697 1544 1723 τότε
1558 1697 1666 1724 πάντων
1686 1698 1913 1734 παραδοξότερον,

1125 1742 1169 1769 διὰ
1184 1742 1288 1769 πολλῶν
1313 1743 1483 1779 πραγμάτων
1494 1764 1502 1776 ,
1525 1743 1668 1779 δυνάμεώς
1681 1753 1710 1771 τε
1729 1745 1776 1771 καὶ
1789 1745 1916 1776 ἐξουσίας

1126 1787 1294 1825 θεοπρεποῦς
1311 1789 1406 1816 ἑαυτὸν
1425 1791 1439 1816 6
1449 1790 1545 1826 Σωτὴρ
1561 1790 1736 1823 ὲξεκάλυπτε.
1763 1791 1797 1817 Τί
1812 1791 1846 1826 δὴ
1861 1791 1916 1817 λοι-

1126 1833 1176 1860 πὸν
1189 1834 1234 1860 ἐπὶ
1247 1833 1352 1866 τούτοις
1365 1835 1390 1861 oi
1410 1835 1479 1869 πρὸς
1495 1835 1627 1867 ἐκτύπους
1644 1835 1766 1870 ἀχάλινοι
1779 1835 1916 1870 μελετῶσι

1127 1879 1242 1914 βουλάςς
1267 1880 1385 1907 Φονῶσιν
1410 1881 1520 1913 ἀδίκως,
1537 1881 1740 1908 ἐπιϐουλεύουσι
1762 1881 1914 1913 δυσσεϐῶς,

1111 1926 1235 1961 ’φονοῦσι
1254 1926 1429 1963 δυστρόπως,
1447 1927 1498 1962 γῆς
1512 1935 1542 1954 τε
1557 1927 1603 1954 καὶ
1624 1928 1728 1959 ¹ιιιιόλεως
1744 1929 1794 1963 τῆς
1810 1927 1916 1954 ἑαυτῶν

1125 1973 1296 2006 ἐξελαύνουσι
1312 1974 1362 2009 τὴν
1377 1973 1464 2009 ζωὴν,
1478 1974 1508 2001 τὸ
1525 1974 1582 2009 φῶς
1594 1994 1601 2006 ,
1618 1974 1668 2010 τὴν
1683 1975 1812 2002 ἀπάντων
1826 1983 1916 2010 σωτη-

1126 2020 1196 2056 ρίαν,
1209 2020 1258 2055 τὴν
1270 2021 1310 2051 είς
1320 2019 1457 2055 βασιλείαν
1473 2020 1541 2052 ὁδὸν,
1552 2020 1598 2046 καὶ
1610 2020 1664 2046 τῶν
1682 2019 1917 2055 πλημμελούντων

1124 2065 1173 2100 τὴν
1195 2065 1308 2100 ἄφεσιν,
1328 2065 1378 2100 τῆς
1394 2065 1530 2097 υἱοθεσίας
1548 2066 1593 2092 τὸν
1610 2066 1736 2101 χορηγόν.
1766 2065 1819 2092 Διά
1835 2065 1915 2092 τοῦτο

1124 2111 1235 2143 δικαίως
1250 2111 1368 2145 ἔφασκεν
1385 2113 1399 2138 ὁ
1414 2112 1510 2147 Σωτήρ
1521 2121 1528 2128 σ
1548 2122 1557 2138 ι
1576 2112 1763 2148 Ἰερουσαλὴμ,
1775 2113 1915 2146 Ἰερουσα-

1124 2157 1190 2192 λὴμ,
1201 2158 1217 2193 ἡ
1231 2158 1427 2185 ἀποκτείνουσα
1438 2158 1500 2190 τοὺς
1512 2159 1665 2194 προφήτας,
1676 2159 1723 2185 καὶ
1734 2157 1914 2185 λιθοϐολοῦσα

1124 2203 1186 2234 τοὺς
1205 2204 1424 2238 ἀπεσταλμένους
1447 2196 1514 2238 πρὸς
1533 2203 1617 2238 αὐτὴν
1629 2223 1636 2235 ,
1659 2203 1775 2234 ποσάκις
1791 2203 1913 2238 ἠθέλησα

287 2247 340 2275 Sub
353 2248 421 2279 alas,
439 2252 465 2275 et
486 2248 616 2276 noluisti?
637 2249 706 2277 Ecce
727 2250 901 2285 relinquetur
928 2253 1006 2280 vobis
1026 2253 1075 2281 do-

1127 2251 1336 2285 ὲπισυναγαγεῖν
1349 2250 1383 2277 τὰ
1394 2250 1475 2277 τέκνα
1488 2259 1545 2282 σου,
1558 2249 1587 2276 δν
1596 2249 1695 2284 τρόπον
1707 2249 1782 2285 ὅρνις
1799 2250 1912 2276 ἐπισυν-

288 2301 349 2320 mus
363 2298 450 2320 vestra
466 2294 574 2321 deserta
586 2295 618 2321 ¹⁰.
636 2304 645 2320 ι
662 2295 827 2323 Samaritani
839 2304 905 2324 vero
916 2297 1072 2327 Judazorum

290 2339 414 2379 vecordia
429 2340 557 2368 videntur
575 2341 704 2376 potiores,
722 2349 837 2376 quorum
853 2343 980 2371 duritiem
1004 2344 1073 2372 faci-

287 2385 365 2412 litate
379 2393 428 2413 sua
446 2386 597 2418 vincentes,
614 2394 669 2413 uno
680 2386 816 2414 duntaxat
830 2388 923 2416 audito
939 2389 1073 2418 miraculo

287 2431 432 2459 confestim
459 2431 493 2458 ad
517 2431 611 2459 Iesum
641 2438 799 2465 accurrunt,
830 2441 885 2461 non
914 2439 1071 2464 sanctorum

287 2476 482 2511 prophetarum
494 2477 607 2504 vocibus
624 2477 741 2510 inducti,
755 2485 808 2506 non
823 2479 950 2508 Mosaicis
968 2489 1073 2516 praeco-

288 2521 352 2553 niis,
372 2526 417 2548 attt
437 2520 552 2548 Joannis
579 2521 757 2556 indicatione,
781 2524 830 2552 sed
855 2526 937 2554 ttnius
960 2527 1074 2562 ejusque

287 2567 449 2601 peccatricis
475 2567 641 2595 mulierculae
670 2569 838 2597 narratione.
874 2570 940 2599 Jure
980 2573 1074 2608 itaque

289 2612 441 2639 Servatoris
460 2612 487 2639 in
501 2621 549 2641 eos
564 2614 732 2642 admirantes
745 2617 920 2651 sententiam,
937 2619 1073 2648 exclame-

288 2664 369 2684 mus:
388 2665 397 2681 ι
412 2656 507 2685 Justus
533 2666 573 2691 es,
594 2657 722 2693 Domine,
751 2666 776 2689 et
797 2667 901 2690 rectum
936 2664 1071 2698 judicium

288 2706 362 2727 tuttm
380 2701 411 2727 “.
433 2710 442 2726 ι

287 2747 329 2773 ἐπ’
345 2747 442 2779 αὐτοὺς
458 2749 504 2775 τοῦ
520 2750 644 2786 Σωτῆρος
659 2751 898 2788 ἀποθαυμάζοντες
909 2753 1008 2790 ψῆφον,
1024 2756 1070 2784 καὶ

252 2795 255 2798 ‘
288 2792 347 2818 θεῖα
362 2794 379 2828 ὴ
399 2794 490 2829 κρίσις
503 2804 560 2822 σου.
577 2805 586 2822 ι

1125 2297 1186 2330 άγει
1202 2296 1236 2323 τά
1252 2297 1346 2324 νοσσία
1360 2297 1458 2331 ἑαυτῆς
1475 2295 1527 2322 ὑπὸ
1543 2295 1591 2327 τὰς
1609 2295 1761 2330 πτέρυγας,
1790 2295 1840 2321 καὶ
1864 2295 1914 2322 οὐκ

1123 2342 1273 2378 ἠθελήσατε
1284 2342 1365 2375 ;“Ιδοὺ
1379 2341 1488 2376 ἀφίεται
1503 2341 1567 2376 ὑμῖν
1580 2339 1673 2372 όοῖκος
1685 2340 1762 2376 ὑμῶν
1771 2340 1889 2376 ἕρημος.
1901 2349 1910 2365 ι

1123 2389 1288 2424 Σαμαρεῖται
1300 2388 1327 2414 δὲ
1340 2387 1395 2414 τῶν
1409 2387 1540 2414 Ἰουδαίων
1567 2386 1695 2418 ἀπονοίας
1717 2386 1912 2420 ἀναφαίνονται

1123 2435 1276 2470 κρείττονες
1288 2454 1295 2466 ,
1309 2434 1357 2460 καὶ
1372 2433 1421 2469 τὴν
1436 2433 1548 2460 ἐνοῦσαν
1562 2433 1653 2465 αὐτοῖς
1669 2432 1838 2466 δυσμάθειαν
1853 2433 1911 2463 ταῖς

1123 2479 1290 2511 εύπειθείαις
1302 2478 1462 2513 νικήσαντες
1472 2500 1478 2511 ,
1495 2478 1554 2510 ἐνὸς
1568 2478 1614 2505 καὶ
1629 2478 1710 2514 μόνου
1723 2477 1912 2505 κατακούσαν-

1123 2535 1168 2558 τες
1191 2525 1343 2560 θαύματος,
1365 2524 1488 2560 δρομαῖοι
1502 2523 1653 2559 βαδίζουσιν
1668 2524 1714 2550 ἐπὶ
1729 2524 1774 2551 τὸν
1795 2524 1910 2559 Ἰησοῦν,

1123 2572 1153 2598 οὐ
1165 2572 1226 2602 ταῖς
1237 2570 1290 2597 τῶν
1304 2570 1387 2604 ἁγίων
1398 2570 1544 2606 προφητῶν
1552 2570 1782 2604 ἀναπεπεισμένοι
1797 2572 1909 2604 φωναῖς,

1122 2618 1153 2644 οὐ
1170 2617 1326 2647 Μωσαῖκοίς
1342 2615 1531 2652 κηρύγμασιν,
1557 2615 1573 2651 ἢ
1593 2617 1652 2648 ταῖς
1671 2616 1796 2642 Ἰωάννου
1809 2617 1909 2643 δακτυ-

1123 2663 1277 2695 λοδειξίαις,
1313 2663 1382 2689 ἀλλὰ
1409 2663 1474 2698 μιᾶς
1507 2663 1599 2693 αὐτοῖς
1629 2662 1834 2697 ἐξηγουμένης,
1864 2663 1909 2689 καὶ

1124 2710 1202 2737 τοῦτο
1220 2708 1380 2745 ἀμαρτωλοῦ
1397 2709 1534 2743 γυναικός.
1565 2708 1688 2742 Εύλόγως
1701 2709 1847 2744 τοιγαροῦν
1862 2709 1909 2744 τὴν

1088 2757 1167 2793 ἡμεῖς
1181 2755 1422 2791 ἀναφθεγξώμεοα·
1448 2766 1457 2782 ι
1469 2756 1575 2789 Δίκαιος
1591 2755 1632 2790 εἴ,
1648 2756 1734 2792 Κύριε
1747 2777 1754 2790 ,
1785 2757 1833 2783 καὶ
1863 2758 1908 2785 εὐ-

317 2881 328 2898 '
347 2882 397 2912 lsa.
416 2892 460 2918 xc,
478 2885 504 2913 9.
544 2886 554 2901 '
569 2885 647 2914 Joan.
664 2895 682 2920 ι,
697 2886 741 2914 29.
783 2887 804 2903 ιο
819 2887 913 2916 Matlb.
928 2897 1005 2923 χχιιι,
1017 2891 1060 2925 57,
1076 2892 1120 2921 58.
1160 2894 1178 2909 ¹¹
1196 2892 1268 2921 Psal.
1285 2900 1384 2926 cum,
1404 2893 1464 2920 {31.
