2028 3118
109 195 156 223 321

625 191 658 219 ΙΝ
678 165 823 219 ,ΙΟᾸΝΝΙΞ
834 190 1065 219 EVANGELIUM
1085 189 1149 218 LIB.
1168 191 1201 218 ll.

1678 191 1732 218 322

150 251 202 278 Ἐν
210 249 245 276 δὲ
250 248 290 282 τῷ
293 246 408 284 μεταξὺ
414 246 534 282 ἠρώτων
541 246 633 274 αὐτὸν
640 249 667 274 οι
673 247 800 282 μαθηταὶ
806 247 895 275 αὑτοῦ

985 246 1029 279 ιν,
1046 247 1090 273 51.
1109 245 1215 273 Interea
1237 245 1365 281 rogabant
1386 253 1445 273 eum
1468 245 1595 280 discipuli
1612 245 1680 281 ejus,
1694 247 1732 273 di-

107 295 268 330 .zémec'
293 293 397 324 'Pa66’t,
411 293 498 327 φάγε.
518 292 549 318 '0
565 291 598 318 δὲ
609 292 694 319 εἶπεν
706 292 817 326 αὐτοῖς.

143 341 291 375 Οἰκονομεῖ
306 339 355 375 μὲν
372 338 471 374 ἄριστα
492 337 540 364 τοῦ
555 337 657 373 βιϐλίου
670 338 719 374 τὴν
735 338 896 374 συγγραφὴν

106 387 121 413 ὸ
135 385 281 416 θεσπέσιος
303 382 512 418 εὐαγγελιοτὴς,
537 382 742 418 παραλιμπάνει
767 382 796 408 δὲ
820 382 896 409 οὐδὲν

106 432 161 458 τῶν
175 431 227 458 ὃσα
247 430 279 466 δὴ
298 430 406 461 πάντως
422 430 478 460 τοῖς
500 428 701 463 ἐντευξομένοις
725 428 834 455 ἔσεσθαι
852 437 897 455 πι-

108 476 199 502 στεύει
210 474 348 509 λυσιτελῆ.
368 474 467 500 Ἀκουε
479 472 567 500 τοίνυν
580 473 654 504 ὅπως
669 473 735 508 ἡμῖν
750 473 896 507 ἀξιολογω-

106 522 189 549 τάτου
209 521 373 558 πράγματος
389 519 521 554 γεγονότα
540 519 620 546 πάλιν
643 519 825 555 ὑπογραμμὸν
840 520 904 546 εἰσ-

107 568 186 603 φέρει
196 567 243 594 τὸν
263 566 375 601 Ἰησοῦν.
394 565 475 592 οὐδὲν
491 565 544 600 γὰρ
560 563 636 600 οἶμαι
652 565 789 591 τεθεῖσθαι
807 565 895 600 μάτην

106 614 135 639 ὲν
148 614 210 644 ταῖς
225 612 280 639 τῶν
291 611 376 646 ἁγίων
393 609 574 645 συγγραφαῖς,
592 610 658 638 ἀλλὰ
669 611 715 637 καὶ
729 611 796 646 ὅπερ
809 610 842 637 ἄν
854 619 895 642 τις

46 653 49 656 ’
105 659 196 693 οῐηται
213 657 327 693 μικρὸν,
352 657 400 683 οὑκ
421 656 656 692 εὐκαταφρόνητον
670 656 763 683 ὠδῖνον
782 655 838 682 ἐσθ’
850 655 894 682 ὅτε

105 705 155 740 τὴν
167 703 303 739 ὠφέλειαν
318 702 483 738 εὑρίσκεται.
514 702 677 737 Ἀρξάμενος
689 700 834 736 τοιγαροῦν
846 701 894 735 τῆς

107 748 287 784 Σαμαρειτῶν
301 747 532 783 ὲπιστροφῆς,καί
542 747 603 774 ὅσον
617 746 722 773 οὐδέπω
741 745 895 781 προσδοκω-

108 795 197 829 μένων
211 793 299 821 αὐτῶν
311 802 318 809 ·
342 793 399 828 ᾔδει
412 793 466 828 γὰρ
486 792 599 828 ἥξοντας
619 792 657 824 ὡς
668 792 732 823 Θεός
744 800 750 807 ·
774 792 832 824 ὂλος
845 792 893 827 μὲν

105 839 137 872 ἐξ
150 840 215 868 ὅλου
226 838 296 874 πρὸς
311 838 360 874 τὴν
376 837 429 864 τῶν
443 837 618 873 κεκλημένων
639 837 775 873 σωτηρίαν
791 837 893 864 συντεί-

106 892 198 916 νεται,
223 885 341 910 ποιεῖται
362 883 390 910 δὲ
413 884 491 918 λόγον
513 883 608 911 οὐδένα
628 885 677 920 τῆς
701 883 748 909 τοῦ
771 883 894 919 σώματος

947 297 1031 320 centes
1044 301 1053 319 .'
1069 291 1163 323 Rabbi,
1179 291 1324 318 manduca.
1339 291 1390 318 Ille
1403 297 1491 319 autent
1509 291 1572 319 dicit
1593 293 1641 319 eis.

983 338 1062 373 196
1083 338 1196 366 Divinus
1211 338 1378 372 evangelista
1396 338 1527 372 praeclaro
1539 338 1638 365 librum
1651 345 1732 365 suum

946 385 1042 412 ordine
1058 385 1207 419 componit,
1225 384 1347 418 nihilque
1361 384 1543 418 praetermittit
1562 391 1655 411 eorum
1672 391 1732 418 qua:

945 429 1097 456 lectoribus
1113 429 1175 457 usui
1188 429 1246 456 fore
1262 429 1411 456 existimat.
1423 429 1494 455 Audi
1507 436 1572 463 ergo
1586 437 1642 464 quo
1653 435 1732 464 pacto

945 476 984 503 rei
1003 475 1218 511 praeclarissimas
1233 474 1326 502 Jesum
1350 474 1431 502 nobis
1456 475 1610 509 exemplum
1634 482 1733 502 rursus

945 525 1056 549 statuat.
1077 521 1151 549 Nihil
1168 522 1241 549 enim
1260 521 1364 549 frustra
1378 521 1404 547 in
1417 526 1577 548 sanctorum
1596 521 1673 547 libris
1687 529 1732 555 po-

945 567 1027 596 situm
1050 575 1111 595 esse
1125 571 1201 602 puto,
1222 567 1269 594 sed
1284 567 1359 602 quod
1380 574 1494 601 parvum
1510 566 1662 599 existimas,
1679 574 1733 594 non

944 612 1128 648 paenitentiam
1147 613 1311 648 quandoque
1333 612 1480 639 utilitatem
1503 612 1640 646 parturire
1662 618 1734 638 com-

945 658 1044 694 perics.
1060 659 1226 694 Auspicatus
1237 658 1320 693 igitur
1335 665 1349 684 a
1364 657 1602 685 Samaritanorum
1617 648 1734 683 coriver-

944 705 1032 736 sione,
1046 709 1073 732 et
1087 712 1147 732 cum
1158 705 1271 740 jamjam
1283 707 1510 739 exspectarentur
1524 703 1575 738 ipsi
1593 705 1735 737 (venturos

943 751 1017 778 enim
1032 754 1159 782 noverat,
1174 753 1204 777 ut
1217 750 1310 784 Deus),
1323 753 1398 777 totus
1414 750 1441 776 in
1459 750 1573 777 salutem
1583 749 1734 776 electorum

944 796 1089 827 incumbit,
1110 796 1248 823 nutriendi
1276 803 1341 823 vero
1365 794 1497 830 corporis
1514 803 1611 822 curam
1631 795 1734 821 nullam

945 841 1034 874 habet.
1056 842 1121 869 licet
1142 842 1224 869 etiam
1249 850 1282 869 ex
1304 842 1402 869 itinere
1422 841 1599 876 defatigatus,
1617 843 1647 868 ut
1665 840 1734 867 scri-
1791 847 1793 849 ‘

946 891 1023 922 ptum
1053 892 1095 915 est
1110 888 1150 920 “,
1180 895 1235 923 quo
1260 888 1390 916 nimirum
1416 887 1545 914 Ecclesia:
1574 879 1735 914 doctoribus

105 929 211 964 τροφῆς
220 950 228 962 ,
241 929 330 956 καίτοι
344 929 391 956 καί
405 929 553 965 κεκμηκὼς
570 930 602 956 ὲκ
612 929 662 964 τῆς
677 929 843 964 ὁδοιπορίας,
857 928 894 960 ὡς

945 933 1034 961 (ίεηυο
1048 933 1145 969 prosit,
1163 937 1190 961 et
1210 934 1332 961 laborem
1349 933 1492 968 aspernari
1516 933 1625 964 doceat,
1645 932 1734 966 majo-

105 976 272 1010 γὲγραπται,
288 975 331 1002 ἵνα
343 975 387 1001 διὰ
399 974 494 1001 τούτου
511 974 591 1001 πάλιν
603 975 665 1007 τοὺς
681 975 710 1002 έν
727 976 785 1006 ταῖς
795 974 894 1009 ἐκκλη-

106 1021 179 1053 σίαις
200 1016 329 1058 ὠφελήσῃ
342 1021 518 1052 διδασκάλους
528 1040 536 1053 ,
558 1021 605 1048 καὶ
621 1021 745 1056 καμάτου
761 1021 811 1056 μὲν
824 1028 893 1047 παν-

105 1068 151 1100 τὸς
162 1067 297 1104 ἀναπείσῃ
319 1068 469 1103 ¹ιςιεριορᾷν,
492 1067 634 1103 κρείττονα
653 1067 680 1094 δὲ
704 1067 754 1102 τῆς
773 1067 837 1102 περὶ
863 1066 893 1093 τὺ

105 1113 189 1149 σῶμα
203 1110 342 1149 φροντίδος
368 1114 417 1148 τὴν
433 1114 479 1140 ἐπὶ
498 1115 555 1146 τοῖς
580 1112 744 1148 σωζομένοις
758 1112 892 1140 ποιεῖσθαι

106 1159 236 1194 σπουδήν·
253 1168 262 1185 t
277 1159 345 1186 Οὐαὶ
356 1159 419 1194 γὰρ,
432 1159 513 1195 φησὶν
523 1160 538 1185 ὁ
549 1160 702 1195 προφήτης,
716 1160 741 1186 οἱ
755 1159 895 1190 ποιοῦντες

104 1205 135 1231 τὸ
151 1205 233 1240 ἔργον
247 1205 349 1241 Κυρίου
366 1205 485 1241 ἀμελῶς.
502 1214 513 1232 ι
532 1205 590 1232 Ἵνα
602 1205 691 1232 τοίνυν
715 1205 894 1241 μανθάνωμεν

104 1252 135 1277 ὲν
159 1252 217 1282 τοῖς
235 1250 365 1282 τοιούτοις
388 1250 505 1286 μάλιστα
523 1251 628 1287 καιροῖς
651 1251 755 1278 ἀσιτεϊν
780 1251 894 1277 εἰωθότα

104 1296 150 1323 τὸν
162 1296 281 1332 Κύριον,
303 1296 462 1332 ἐρωτῶντας
475 1296 596 1333 εἰσφέρει
612 1297 674 1328 τοὺς
688 1296 826 1332 μαθητὰς,
849 1296 896 1323 κοιί⁵

106 1342 249 1378 μονονουχὶ
269 1342 562 1378 προκυλινδουμένους,
588 1343 631 1370 ἵνα
652 1343 683 1378 δή
700 1352 726 1370 τι
741 1343 827 1378 βραχὺ
841 1342 895 1369 τῶν

943 985 1056 1013 remque
1073 978 1169 1006 salutis
1183 979 1368 1013 proximorum
1387 986 1469 1013 quam
1483 978 1526 1006 sui
1542 979 1669 1013 corporis
1685 985 1734 1004 cu-

942 1031 1000 1053 ram
1018 1031 1124 1058 gerere.
1140 1033 1149 1049 ι
1166 1024 1211 1051 Vae
1221 1024 1304 1057 enim,
1321 1024 1413 1059 inquit
1424 1024 1568 1059 propheta,
1579 1024 1625 1058 qui
1644 1023 1734 1051 facitis

944 1076 1013 1102 opus
1030 1067 1139 1095 Domini
1158 1068 1327 1103 negligenter
1346 1068 1377 1095 ".
1399 1077 1408 1093 ι
1425 1067 1457 1095 Ut
1473 1075 1537 1103 ergo
1556 1068 1695 1096 discamus
1707 1067 1734 1094 in

944 1113 1101 1141 istiusmodi
1124 1107 1242 1140 maxime
1256 1113 1424 1148 temporibus
1440 1113 1587 1140 Dominum
1607 1113 1734 1148 jejunare

944 1158 1066 1190 solitum,
1084 1158 1287 1193 interrogantes
1311 1159 1415 1186 inducit
1439 1159 1599 1193 discipulos,
1625 1166 1657 1186 ac
1673 1163 1731 1185 tan-

943 1208 1000 1232 tum
1017 1212 1072 1232 non
1097 1204 1214 1239 genibus
1240 1204 1387 1232 advolutos
1417 1208 1519 1239 petere,
1547 1207 1578 1230 ut
1596 1203 1734 1230 modicum

943 1250 1008 1286 quid
1018 1257 1113 1278 eorum
1123 1257 1185 1285 quae
1201 1250 1379 1285 suppetebant
1397 1250 1424 1276 in
1441 1249 1627 1277 necessarium
1643 1249 1734 1276 cibum

948 1300 1069 1331 caperet.
1088 1295 1225 1323 Petierunt
1241 1296 1340 1330 quippe
1355 1295 1450 1322 urbem
1469 1299 1498 1322 ut
1512 1295 1590 1323 cibos
1603 1297 1735 1328 emerent,

948 1349 1050 1376 eosque
1062 1340 1120 1376 jam
1141 1341 1300 1367 attulerant.
1521 1336 1524 1338 ’

105 1390 333 1425 πεπορισμένων,
358 1390 395 1422 ὼς
417 1390 602 1426 ἀπαραίτητόν
619 1400 649 1418 τε
673 1392 720 1418 καὶ
742 1391 893 1426 ἀναγκαίαν
913 1390 1056 1426 ποιήσαιτο
1078 1389 1192 1425 τροφήν.
1210 1387 1397 1424 ’Δπελύθησαν
1416 1388 1471 1423 γὰρ
1494 1389 1534 1421 εἰς
1565 1389 1616 1424 τὴν
1648 1388 1736 1418 πόλιν.

105 1437 148 1463 ἵνα
166 1437 270 1473 τροφὰς
293 1437 465 1474 ἀγοράσωσιν
475 1459 484 1473 ,
507 1439 539 1470 ἃς
556 1439 603 1466 καὶ
615 1439 741 1475 παρῆσαν
756 1439 806 1474 ἤδη
822 1438 1063 1474 συγκομισάμενοι.

147 1483 221 1519 Ἐγὼ
233 1483 350 1518 ,βρῶσιν
359 1484 417 1519 ἔχω
427 1484 533 1520 φαγεῖν
542 1506 549 1519 ,
564 1484 604 1519 ἢν
617 1485 702 1520 ὑμεῖς
715 1486 771 1512 οὐκ
784 1485 894 1512 οἴδατε.

983 1483 1085 1516 1ν,52.
1105 1482 1161 1518 Ego
1187 1483 1273 1510 cibum
1296 1482 1377 1511 habeo
1399 1483 1569 1516 manducare,
1592 1491 1668 1518 quem
1691 1491 1736 1511 ros

947 1530 1063 1556 nescitis.

140 1572 298 1608 Χαριέντως
315 1572 365 1608 μὲν
381 1574 395 1600 ὁ
411 1573 504 1610 Σωτὴρ
527 1574 580 1601 ἀπὸ
593 1574 647 1601 τῶν
665 1575 694 1602 ὲν
713 1575 791 1612 χερσὶ
803 1583 893 1610 πραγ-

982 1574 1056 1602 Scite
1071 1574 1197 1602 Salvator
1216 1581 1232 1602 e
1244 1582 1274 1602 re
1289 1574 1416 1610 praesenti
1436 1573 1643 1609 responsionem
1655 1575 1736 1603 texit.

108 1618 204 1653 μάτων
226 1618 363 1653 ὲξυφαίνει
376 1619 425 1655 τὴν
451 1620 604 1656 ἀπόκρισιν.
623 1621 711 1648 Μόνον
726 1621 754 1648 δὲ
767 1621 826 1657 οὐχί
843 1630 894 1658 φη-

52 1680 56 1683 -
108 1672 151 1690 σιν
167 1660 391 1700 έπεσκιασμένῖυς
403 1685 411 1698 ,
434 1666 470 1698 ὡς
485 1667 563 1702 εῐπερ
583 1667 676 1694 εἰδεῖεν
689 1667 765 1694 αὐτοί
777 1668 826 1703 τὴν
841 1668 894 1694 Σα-

107 1710 247 1745 μαρειτῶν
262 1711 307 1738 ὲπὶ
324 1711 409 1747 θύρας
423 1709 506 1739 οὖσαν
522 1712 701 1749 ἐπιστροφὴν,
714 1713 821 1748 ἐκείνης
835 1713 895 1748 ἔχε-

107 1755 171 1782 σθαι
189 1756 289 1790 μᾶλλον
303 1756 339 1789 ὡς
351 1757 473 1792 τρυφῆς,
487 1757 503 1797 ἦ
518 1758 607 1793 σάρκα
618 1758 727 1793 τρέφειν
742 1757 894 1786 ἀνέπειθον.

113 1801 162 1828 Ἐκ
177 1801 206 1827 δὲ
224 1801 256 1837 δὴ
267 1801 363 1828 τούτου
377 1802 459 1829 πάλιν
473 1803 607 1838 ὄσην,έχει
620 1803 669 1838 τὴν
682 1803 721 1834 εἰς
736 1801 895 1837 ἀνθρώπους

107 1847 220 1881 ἀγάπην
243 1848 260 1882 ἡ
286 1846 345 1874 θεία
369 1847 449 1882 φύσις
466 1847 554 1881 ἔξεστι
580 1848 693 1883 μαθεῖν·
721 1847 822 1883 τροφὴν
841 1847 896 1882 γὰρ

107 1891 205 1928 ὥσπερ
219 1893 326 1928 ἡγεῖται
351 1893 397 1920 καὶ
411 1893 516 1930 τρυφὴν
530 1893 585 1920 τῶν
598 1893 775 1920 ἀπολωλότων
789 1893 838 1928 τὴν
856 1894 896 1924 εἰς

107 1938 248 1974 σωτηρίαν
258 1939 423 1974 ἀναδρομὴν.

145 1985 274 2019 Ἔλεγον
282 1983 340 2012 οὖν
349 1986 375 2012 οὶ
384 1985 512 2020 μαθηταὶ
524 1985 598 2019 πρὸς
609 1985 766 2018 ἀλλήλους
778 1993 786 2000 '
803 1984 897 2020 Μῆτις

107 2029 239 2065 ἤνεγκεν
257 2030 336 2064 αὐτῷ
352 2031 570 2066 φαγξῖνίΛέτει
584 2031 685 2064 αὐτοῖς
699 2033 715 2058 ό
735 2031 859 2065 Ἰησοῦς.

143 2063 285 2103 Σκοτεινὸν
303 2063 367 2104 ὂντα
441 2076 519 2111 λόγον
531 2063 612 2104 οὔπω
629 2063 755 2109 συνέντες
766 2063 798 2103 -οἰ
814 2063 898 2113 μάθη-

107 2123 165 2156 ταὶ,
176 2123 210 2149 τὰ
230 2122 359 2154 πολλάκις
382 2123 510 2157 γεγονότα
532 2123 592 2150 καθ’
608 2124 720 2155 ἑαυτοὺς
734 2123 895 2158 ἐλογίζοντο,

108 2169 158 2196 καὶ
177 2170 244 2204 πρὸς
255 2169 305 2200 τὰς
320 2168 444 2204 συνήθεις
461 2169 670 2196 καταϐαίνουσιν
686 2169 798 2202 ἐννοίας,
814 2178 911 2205 προσν

107 2215 192 2249 ἦχθαι
211 2215 261 2249 μὲν
279 2214 331 2241 ὑπό
349 2223 395 2241 του
411 2214 514 2250 τροφὴν
529 2215 728 2247 ὑποπτεύοντες
745 2215 833 2251 αὐτῷ,
856 2225 898 2243 τι-

109 2306 235 2340 λεγείσης
249 2306 380 2341 ὑπάρχειν
396 2306 491 2341 αὐτήν.

150 2352 240 2386 Ἐμὸν
254 2351 360 2386 ,βρῶμά
384 2352 488 2385 ἐστιν,
519 2352 569 2379 ἵνα
591 2353 707 2387 ποιήσω
733 2353 767 2380 τὸ
783 2354 897 2388 θέλημα

109 2397 163 2424 τοῦ
179 2396 355 2432 πέμψαντός
366 2405 414 2430 με,
425 2395 474 2423 καί
485 2397 633 2423 ,τελειώσω
644 2397 737 2424 αὑτοῦ
752 2397 785 2424 τὸ
797 2397 895 2432 ἔργον.

146 2443 227 2470 Ὅλον
253 2442 412 2478 ἀπορρήξας
435 2442 483 2469 τοῦ
498 2442 576 2477 λόγου
596 2443 626 2469 τὸ
647 2443 810 2478 κατάλυμμα
830 2442 896 2479 [112.

109 2489 246 2525 κάλυμμα
273 2494 320 2516 aut
348 2488 532 2524 καταλύμμα]
558 2488 775 2525 διαφανεστὰτην
806 2489 898 2521 αὐτοῖς

110 2536 236 2569 ἀπέδειξε
248 2536 298 2571 τὴν
313 2535 454 2571 ἀλήθειαν,
466 2535 503 2567 ὼς
516 2535 544 2562 δὲ
560 2535 621 2562 ὅσον
631 2535 736 2562 οὐδέπω
749 2536 798 2571 τῆς
810 2536 898 2562 οἰκου-

112 2583 196 2618 μένης
217 2581 357 2616 ἐσομένοις
376 2581 545 2613 διδασκάλοις
557 2581 641 2608 τύπον
652 2581 748 2608 ἑαυτὸν
764 2581 895 2617 εἰσφέρει,

111 2627 238 2653 συντόνου
259 2634 288 2652 τε
312 2625 360 2652 καὶ
379 2624 440 2651 λίαν
454 2624 568 2660 ἀρίστης
582 2625 717 2660 σπουδῆς,
744 2625 793 2660 τῆς
806 2624 852 2650 ἐπὶ
866 2624 897 2651 τὺ

111 2672 210 2708 χρῆναι
221 2671 356 2698 διδάσκειν
370 2670 482 2705 δηλαδὴ,
495 2671 540 2697 καὶ
554 2670 604 2705 τῆς
618 2669 768 2704 ἀναγκαίας
782 2670 828 2696 τοῦ
845 2669 897 2696 σώ-

113 2725 198 2752 ματος
213 2715 308 2751 χρείας
322 2714 451 2748 δευτέραν
464 2713 579 2748 ἐχούσης
599 2713 643 2740 διὰ
656 2712 736 2740 τοῦτο
749 2713 798 2750 τὴν
813 2722 896 2748 φρον-

111 2762 180 2788 τίδα.
209 2761 312 2796 Βρῶμα
334 2760 387 2795 γὰρ
404 2757 473 2786 εἶναι
489 2759 574 2793 λέγων
593 2758 681 2794 ἑαυτῷ
694 2758 898 2795 θυμηρέστατον

112 2808 142 2835 τὸ
154 2807 268 2842 ποιῆσαι
285 2805 315 2832 τὸ
327 2805 431 2840 θέλημα
446 2804 493 2831 τοῦ
510 2804 667 2840 πέμψαντος
681 2804 772 2837 αὑτὸν,
795 2805 842 2832 καὶ
853 2813 899 2832 τε-

148 2904 171 2919 "
185 2901 266 2930 Joan.
285 2909 322 2936 iv,
333 2901 359 2929 6.
401 2900 422 2917 ’³
434 2899 533 2928 Jercin.
547 2906 632 2928 vant
647 2919 655 2933 ,
675 2898 718 2926 10.

946 1620 1062 1648 Tantum
1080 1629 1136 1648 non
1167 1625 1258 1649 autem
1289 1622 1443 1654 subinnuit,
1467 1621 1542 1657 quod
1570 1621 1594 1649 si
1622 1626 1735 1650 nossent

947 1666 1183 1695 Samaritanorum
1213 1668 1423 1695 conversionem
1445 1668 1514 1703 ipsis
1540 1669 1735 1703 propemodum

945 1714 1093 1742 instantem
1120 1713 1238 1746 foribus,
1255 1714 1280 1741 ei
1301 1714 1392 1749 potius
1415 1714 1573 1741 incumbere
1600 1721 1649 1741 ceu
1667 1714 1736 1742 deli-

945 1759 996 1786 ciis
1022 1759 1266 1793 persuaderentur,
1294 1767 1376 1794 quam
1406 1759 1558 1787 nutriendae
1585 1760 1662 1786 carni
1689 1767 1736 1787 va-

945 1811 1019 1832 care.
1036 1804 1105 1831 llinc
1122 1812 1188 1832 vero
1214 1805 1307 1832 denuo
1331 1805 1439 1832 discere
1469 1805 1535 1832 licet
1559 1809 1688 1839 quantam
1707 1805 1735 1832 in

946 1848 1070 1876 homines
1089 1849 1187 1876 habeat
1210 1853 1310 1876 natura
1326 1849 1418 1876 divina
1445 1849 1607 1877 charitatem
1625 1858 1632 1876 :
1658 1850 1735 1876 cibo-

946 1902 1006 1921 rum
1024 1895 1096 1922 enim
1115 1900 1142 1922 et
1158 1895 1320 1922 deliciarum
1344 1895 1404 1923 loco
1418 1896 1443 1923 ei
1457 1899 1500 1923 est
1519 1895 1688 1930 perditorum
1701 1895 1735 1923 ad

946 1940 1063 1968 salutem
1076 1941 1207 1968 reversio.

981 1985 1027 2019 IV,
1044 1986 1087 2013 55.
1111 1985 1239 2013 Dicebant
1252 1993 1312 2021 ergo
1325 1985 1449 2019 discipuli
1459 1986 1493 2013 ad
1504 1986 1613 2014 invicem
1623 1994 1633 2014 :
1648 1986 1735 2013 Num-

946 2032 1008 2067 quid
1025 2033 1122 2067 aliquis
1139 2032 1230 2060 attulit
1254 2033 1278 2060 ei
1295 2032 1475 2061 manducare?
1495 2032 1566 2060 Dicit
1585 2034 1623 2061 eis
1644 2033 1735 2061 Jecur.

983 2076 1134 2104 Obscurum
1152 2085 1304 2105 sermonem
1326 2085 1388 2105 cum
1408 2078 1535 2113 discipuli
1555 2078 1676 2105 nondum
1691 2080 1735 2106 in-

947 2123 1112 2158 telligerent,
1137 2131 1198 2159 quae
1215 2131 1286 2158 saepe
1302 2124 1474 2159 contigerant
1494 2125 1565 2160 apud
1587 2132 1616 2152 se
1629 2126 1734 2160 cogita-

947 2164 1067 2201 bant,’et
1082 2169 1117 2196 de
1131 2177 1206 2197 more
1218 2170 1432 2204 suspicabantur
1449 2178 1463 2197 a
1474 2170 1591 2206 quodam
1603 2171 1628 2198 ei
1643 2171 1733 2198 cibum

948 2215 1072 2247 allatum,
1090 2214 1273 2243 delicatiorem
1295 2216 1425 2243 nimirum
1450 2221 1477 2244 et
1502 2217 1643 2245 meliorem
1665 2224 1734 2252 quo-

59 2292 65 2296 _
110 2259 248 2295 μιωτέραδ
260 2259 287 2285 δέ
303 2268 372 2292 πως,
388 2259 404 2295 ἢ
419 2260 467 2286 καὶ
481 2259 574 2296 ἡδίονα
587 2260 636 2294 τῆς
654 2260 718 2296 παρ’
733 2261 823 2288 αὐτῶν
833 2261 895 2288 συλ-

948 2259 1093 2287 dammodo
1109 2268 1141 2288 eo
1156 2268 1235 2296 quem
1253 2266 1442 2297 corrogarant.

988 2348 1126 2384 ιθτιν,
1146 2349 1191 2377 54.
1213 2349 1287 2377 Meus
1308 2349 1381 2377 cibus
1396 2354 1446 2382 est,
1470 2354 1498 2377 ut
1517 2350 1615 2385 faciam
1641 2351 1735 2379 volun-

952 2398 1034 2421 tatem
1046 2394 1102 2429 ejus
1119 2395 1165 2430 qui
1184 2396 1256 2422 misit
1270 2404 1319 2427 me,
1336 2400 1360 2422 et
1373 2396 1508 2430 perﬁciam
1526 2404 1589 2430 opus
1609 2397 1675 2432 ejus.

986 2437 1067 2465 Omni
1085 2439 1220 2466 velamine
1235 2440 1371 2467 sermonis
1386 2440 1510 2475 disrupto
1531 2441 1733 2475 apertissimam

950 2484 1074 2512 ostendit
1096 2484 1136 2512 eis
1164 2485 1322 2518 veritatem,
1353 2489 1382 2512 et
1404 2485 1461 2519 jam
1488 2485 1608 2520 seipsum
1634 2485 1734 2514 futuris

950 2531 1026 2558 orbis
1041 2531 1181 2566 magistris
1195 2531 1348 2567 exemplum
1368 2531 1464 2559 statuit
1479 2532 1606 2559 acerrimi
1622 2535 1649 2559 et
1667 2539 1734 2567 prte-

949 2575 1015 2602 clari
1034 2576 1065 2602 ad
1080 2575 1232 2603 docendum
1251 2575 1356 2608 studii,
1378 2575 1422 2602 cui
1445 2577 1598 2603 necessaria
1609 2577 1734 2611 corporis

948 2621 1031 2648 etiam
1055 2621 1246 2656 praeferantur.
1272 2620 1338 2648 Nam
1369 2628 1430 2648 cum
1454 2621 1651 2648 suavissimum
1679 2622 1733 2649 sibi

949 2673 1011 2693 eum
1028 2666 1119 2693 cibum
1132 2673 1193 2693 esse
1206 2666 1293 2698 dicit,
1311 2666 1439 2693 nimirum
1455 2665 1546 2693 facere
1561 2666 1733 2694 voluntatem

948 2712 1009 2747 ejus
1026 2719 1041 2739 a
1057 2719 1110 2747 quo
1122 2712 1224 2739 missus
1236 2715 1294 2743 est,
1307 2716 1333 2738 et
1350 2711 1481 2746 perﬁcere
1491 2711 1550 2746 ejus
1565 2719 1649 2747 opus,
1667 2719 1734 2747 apo-

951 2758 1040 2786 stolici
1055 2758 1200 2786 ministerii
1215 2765 1315 2785 munus
1324 2757 1465 2784 describit.
1476 2756 1614 2789 Quantum
1629 2765 1694 2785 vero
1706 2757 1733 2784 in

951 2804 1006 2833 illis
1021 2803 1142 2832 studium
1157 2805 1220 2834 esse
1233 2804 1350 2838 debeat,
1374 2803 1448 2831 clare
1466 2803 1597 2831 ostendit.
1615 2802 1735 2830 Doceudi
