2028 3118
300 200 351 228 523

787 197 816 225 S.
830 196 968 225 CYRILLI
983 197 1219 226 ALEXANDRINI
1238 198 1396 227 ARCillEP.

1870 200 1924 229 εει

299 257 371 284 enim
388 263 462 283 curae
476 255 598 282 intentos
613 253 675 281 illos
692 259 754 281 esse
768 252 901 280 duntaxat
915 257 1021 288 oportet
1032 273 1040 285 ,
1055 257 1083 280 et

1133 255 1244 282 λειῶσαι
1267 256 1348 283 αὑτοῦ
1371 255 1401 282 τὸ
1416 254 1513 290 ἔργον,
1539 255 1587 290 τῆς
1607 254 1656 290 μὲν
1676 254 1859 289 ὰποστολικῆς
1870 255 1925 281 λεισ

299 309 314 331 a
326 301 417 329 carnis
430 300 537 327 deliciis
552 301 578 327 in
591 305 696 326 tantum
712 298 839 327 recedere
849 319 856 331 ,
872 303 902 326 ut
916 306 950 326 ne
962 306 1087 326 necessa-

299 349 370 373 rium
389 345 499 379 quidem
515 346 679 379 obsequium
701 345 848 371 admittant
868 343 940 379 quod
955 343 989 371 ad
1002 344 1085 371 vitam

298 391 513 419 conservandam
529 391 682 418 exhibetur.
705 391 794 425 Atque
814 390 871 417 haec
886 390 958 417 dicta
973 389 1084 425 quidem

298 437 354 464 sint
376 436 615 470 inprasentiarum
643 440 773 470 tanquam
793 434 827 461 ad
841 439 936 469 typum
951 439 978 462 et
993 442 1086 462 exem-

299 483 373 517 plum
389 482 547 516 apostolica:
567 483 628 509 vitae
646 482 820 516 pertinentia.
844 481 922 514 Quod
939 481 962 509 si
981 480 1084 516 aliquid

300 529 384 562 magis
400 528 582 563 dogtnalicum
599 527 754 554 addendum
772 531 813 554 est.
829 527 864 554 iis
879 535 939 562 qua:
953 527 1082 559 diximus.

298 574 336 600 ait
354 575 467 601 missum
482 581 510 600 se
526 581 540 599 a
555 572 610 599 Deo
625 578 652 599 et
666 572 762 605 Patre,
781 573 822 600 vel
838 573 942 600 ratione
958 573 1085 599 incarna-

299 619 382 646 tionis
399 627 447 654 per
459 625 539 653 quam
554 618 655 645 mundo
667 625 728 645 cum
742 625 826 645 carne
842 618 940 650 illuxit,
957 617 1084 652 benepla-

299 664 354 691 cito
375 668 403 691 et
422 668 490 691 nutu
510 664 601 691 Patris
616 683 623 695 ,
647 664 688 690 vel
709 668 739 690 ut
763 662 880 690 Verbum
899 671 932 691 ex
950 663 1084 698 genitoris

299 715 389 738 mente
404 711 533 746 prodieus
548 709 750 745 quodammodo
762 729 769 742 ,
784 714 811 736 et
827 711 995 737 voluntatem
1006 716 1083 737 suam

299 756 474 791 adimplens,
504 764 558 783 non
584 760 613 783 ut
641 756 737 783 aliena:
763 756 914 783 voluntatis
937 759 1084 783 exsecutor

298 806 466 836 assumptus,
478 802 530 835 \sed
548 803 605 836 ipse
617 809 679 829 cum
698 802 734 828 sit
747 805 774 828 et
789 801 908 829 Verbum
924 802 1019 829 vivens
1031 821 1038 833 ,
1050 806 1085 829 πει

297 848 523 876 manifestissima
548 848 637 875 Patris
658 848 786 874 voluntas
799 869 807 880 ,
828 852 955 883 prompte
971 855 1085 875 servans

295 901 345 921 eos
359 894 406 929 qui
422 894 572 928 perierunt.
595 893 732 926 Quocirca
749 901 819 928 opus
841 893 902 929 ejus
916 902 930 920 a
946 902 1001 929 quo
1017 894 1084 921 mis-

297 947 345 967 sus
357 945 408 972 est,
426 947 487 967 cum
506 947 536 967 se
548 939 686 973 dixisset,
707 940 765 974 ipse
777 939 916 974 perfector
931 947 993 966 esse
1010 939 1080 967 vide-
1100 938 1121 968 Β

296 991 350 1013 tur.
376 985 474 1013 Omnia
498 986 570 1012 enim
595 993 610 1012 a
636 984 719 1012 Patre
732 993 780 1019 per
801 984 901 1012 Filium
922 985 949 1012 in
969 985 1082 1019 Spiritu.

296 1031 395 1059 Filium
412 1033 512 1067 quippe
532 1032 650 1059 Verbum
662 1051 669 1063 ,
688 1031 834 1058 consilium
847 1051 855 1064 ,
874 1031 1038 1058 voluntatem
1057 1035 1085 1058 et

296 1076 425 1104 virtutem
439 1084 499 1104 esse
512 1076 602 1103 Patris
615 1076 648 1109 ιδ,
658 1076 772 1108 nemini,
784 1077 890 1110 opinor,
906 1080 1012 1103 nonest
1027 1084 1084 1103 ma-

295 1121 426 1149 nifestum
446 1130 453 1148 :
469 1121 516 1148 sed
533 1121 581 1149 abs
598 1129 628 1149 re
652 1129 706 1148 non
720 1122 772 1148 erit.
789 1122 816 1148 id
835 1122 916 1148 etiam
939 1129 973 1149 ex
992 1121 1085 1148 divina

296 1167 447 1202 Scriptura
456 1167 648 1202 comprobare.
666 1167 750 1202 Igitur
774 1168 880 1195 videbis
890 1167 1009 1195 Verbum
1024 1175 1085 1195 esse

295 1220 329 1239 ex
345 1213 395 1239 hoc
415 1213 475 1239 loeo
489 1220 495 1238 :
517 1221 526 1237 ι
541 1211 569 1241 In
586 1212 724 1247 principio
739 1217 798 1239 erat
814 1211 929 1239 Verbum
943 1232 950 1245 ,
973 1216 1001 1239 et
1016 1211 1084 1239 Ver-

295 1259 439 1298 bum‘erat
459 1260 530 1293 apud
545 1258 646 1290 Deum,
666 1263 693 1286 et
710 1258 782 1285 Deus
804 1262 864 1285 erat
886 1257 1004 1285 Verbum
1021 1258 1053 1284 η.
1072 1267 1082 1284 ι

297 1303 407 1331 Videbis
423 1305 567 1332 consilium
579 1324 585 1336 ,
609 1305 635 1331 in
659 1312 691 1332 eo
709 1304 781 1339 quod
800 1305 838 1330 ait
855 1305 998 1332 Psalmista
1022 1313 1085 1332 ora-

296 1350 371 1378 tione
386 1349 419 1376 ad
433 1349 516 1377 Deum
536 1354 563 1377 et
580 1349 688 1377 Patrem
705 1357 841 1378 conversa
855 1357 861 1375 :
891 1359 901 1376 ι
922 1351 951 1377 In
969 1351 1084 1378 consilio

296 1399 344 1422 tuo
360 1395 501 1422 deduxisti
514 1402 557 1422 me
570 1395 602 1422 “.
620 1404 630 1421 ι
645 1394 759 1423 Videbis
776 1396 943 1423 voluntatem
958 1404 1037 1428 esse,
1055 1397 1082 1423 in

295 1447 330 1467 co
353 1441 427 1475 quod
451 1441 508 1476 ipse
526 1440 594 1467 dicit
619 1451 625 1468 :
655 1450 664 1466 ι
684 1440 813 1473 Domine,
836 1442 863 1469 in
880 1442 1020 1469 voluntate
1035 1447 1083 1469 tua

296 1486 448 1520 praestitisti
464 1486 555 1513 decori
575 1493 636 1514 meo
656 1487 786 1514 virtutem
799 1487 831 1515 ".
848 1497 857 1514 ι
873 1486 995 1515 Roborat
1011 1489 1082 1515 enim

294 1536 456 1560 sanctorum
477 1531 614 1564 decorem,
628 1531 654 1558 id
680 1536 721 1559 est
738 1540 846 1559 omnem
861 1534 971 1560 virtutis
984 1534 1082 1560 bonam

299 1578 490 1606 habitudinem
515 1578 610 1606 vivens
624 1585 655 1605 ac
668 1579 823 1607 subsistens
837 1580 927 1608 Patris
940 1581 1081 1612 voluntas,

298 1624 351 1651 hoc
364 1629 406 1652 est
416 1623 513 1651 Filius.
523 1623 656 1651 Virtutem
669 1624 770 1659 quippe
783 1625 860 1652 illum
871 1633 933 1653 esse
944 1626 1008 1653 hinc
1023 1634 1084 1654 rur-

299 1677 360 1697 sum
377 1669 530 1705 intelliges:
557 1669 636 1704 198
658 1679 667 1695 ι
681 1670 787 1703 Munda,
802 1670 884 1703 Deus,
900 1672 993 1699 virtuti
1011 1676 1064 1700 ture
1075 1692 1082 1705 ,

297 1715 430 1741 conﬁrma
446 1714 497 1742 hoc
508 1735 517 1748 ,
539 1714 625 1747 Deus,
638 1716 710 1749 quod
727 1715 865 1750 periecisli
887 1717 915 1744 in
930 1718 1009 1745 nobis
1026 1718 1060 1744 ⁴⁸.
1072 1727 1082 1743 ι

300 1758 382 1787 Vides
401 1759 429 1786 in
448 1759 492 1787 his
507 1759 602 1794 utique
626 1760 673 1787 Dei
698 1767 730 1787 ac
749 1760 839 1788 Patris
855 1761 1027 1797 beneplacito
1044 1764 1086 1790 in-

298 1810 440 1833 carnatam
456 1806 517 1841 ejus
532 1806 681 1839 virtutem,
701 1807 753 1834 hoc
766 1812 808 1835 est
830 1807 929 1836 Filium
944 1829 952 1841 ,
973 1813 1001 1836 ut
1018 1817 1085 1837 con-

298 1853 418 1880 ﬁrmaret
428 1853 480 1880 hoc
493 1853 567 1888 quod
583 1853 662 1881 nobis
679 1853 795 1888 perfecit
809 1861 920 1890 corpus.
934 1855 991 1884 Nisi
1010 1857 1083 1884 enim

298 1898 448 1926 habitasset
464 1899 492 1926 in
507 1899 598 1931 nobis,
613 1899 736 1934 profecto
750 1907 784 1928 ne
799 1901 856 1936 ipsa
871 1901 980 1936 quidem
992 1902 1084 1930 carnis

297 1948 395 1972 natura
409 1944 594 1972 inﬁrmitatem
608 1952 641 1971 ex
657 1946 836 1981 corruptione
850 1947 1003 1981 profectam
1018 1956 1085 1975 exu-

297 1991 374 2019 isset.
389 1990 458 2018 Cum
478 1998 543 2027 ergo
565 1990 653 2020 Filius
678 1992 714 2019 sit
739 1993 810 2020 bona
831 1993 918 2021 Patris
934 1994 1060 2021 voluntas
1074 2014 1083 2028 ,

297 2036 404 2071 perlicit
419 2044 486 2072 opus
498 2036 578 2072 ejus,
595 2038 710 2065 salutem
726 2039 849 2066 tribuens
865 2039 1041 2067 credentibus
1055 2041 1083 2067 in

296 2090 370 2110 eum.
390 2082 444 2110 Sed
460 2083 571 2118 objiciet
596 2083 688 2113 forsan
707 2085 809 2120 aliquis
826 2094 832 2111 :
861 2083 889 2112 Si
915 2084 1001 2114 Filius
1025 2086 1084 2121 ipse

297 2132 340 2155 est
353 2128 480 2156 voluntas
494 2129 594 2162 Patris,
610 2138 691 2165 quam
709 2131 876 2157 voluntatem
890 2130 979 2159 Patris
993 2131 1082 2167 perfe‘

297 2178 393 2202 cturus
409 2175 510 2203 missus
526 2176 583 2203 est!
599 2177 679 2203 Aliud
698 2177 771 2204 enim
788 2184 849 2204 esse
869 2177 950 2205 debet
972 2179 997 2205 id
1010 2179 1081 2213 quod
1120 2184 1123 2186 '

297 2220 438 2254 perﬁcitur
463 2222 498 2248 ab
523 2229 556 2249 eo
577 2223 624 2256 qui
649 2223 765 2257 perlicit.
779 2223 848 2255 Quid
871 2223 954 2257 igitur
972 2224 1005 2251 ad
1027 2224 1079 2252 hoc

297 2266 429 2293 dicimus?
443 2265 533 2302 Exigit
549 2268 658 2302 quidem
677 2268 817 2295 nominum
834 2268 972 2303 impositis
990 2277 1080 2297 rerum

297 2311 510 2347 signilicatarum
534 2313 740 2346 diversitatem,
765 2313 812 2341 sed
834 2314 861 2340 in
890 2314 945 2342 Deo
964 2322 1035 2350 stepe
1053 2316 1081 2344 id

297 2357 460 2392 negligitur,
478 2361 504 2385 et
519 2363 624 2386 natura
640 2367 774 2394 supremae
788 2361 859 2387 ratio
876 2362 1080 2390 accurationem

297 2402 371 2430 illam
390 2404 505 2438 respuit.
527 2403 583 2431 Nec
608 2405 680 2432 enim
701 2411 733 2432 ca
755 2412 814 2440 qua
834 2405 867 2433 de
881 2406 938 2441 ipsa
953 2402 1082 2436 dicuntur

299 2454 328 2475 ut
343 2456 407 2476 vere
423 2457 452 2477 se
469 2449 570 2477 habent
586 2450 681 2484 utique
700 2451 901 2485 exprimuntur,
922 2453 970 2480 sed
989 2461 1037 2488 pro
1050 2461 1083 2482 eo

297 2501 328 2521 ac
348 2498 437 2529 potest
461 2501 591 2522 enarrare
614 2495 704 2529 lingua
717 2516 724 2528 ,
746 2499 774 2523 et
792 2497 868 2525 auris
887 2498 1006 2526 hominis
1033 2506 1082 2526 au-

297 2539 366 2567 dire.
384 2539 435 2572 Qui
455 2540 526 2566 enim
552 2540 626 2568 videt
651 2541 678 2567 iu
702 2541 859 2577 aenigmate,
884 2543 912 2571 in
936 2544 1082 2579 muigmate

296 2593 404 2620 quoque
419 2585 547 2620 loquitur.
562 2584 633 2619 Quid
648 2586 719 2614 enim
735 2587 828 2620 facies,
843 2596 906 2616 cum
919 2589 943 2618 is
957 2591 1003 2625 qui
1017 2591 1081 2618 sim-

297 2633 358 2667 plex
380 2637 441 2664 est,
461 2638 559 2660 natura
577 2633 675 2669 duplex
697 2635 838 2669 apparebit
855 2637 971 2665 dicendo
987 2637 1019 2666 de
1039 2637 1078 2665 ls-

297 2679 421 2707 raelitis:
448 2688 457 2705 ι
478 2679 511 2706 Ει
534 2681 605 2710 ﬁlios
632 2690 697 2711 suos
722 2685 858 2712 ducebant
884 2692 932 2718 per
967 2685 1077 2720 ignem,

298 2725 370 2760 quod
395 2732 451 2752 non
473 2727 598 2755 mandavi
624 2729 678 2762 eis,
698 2734 725 2757 et
749 2739 803 2758 non
828 2730 952 2758 ascendit
975 2731 1002 2758 in
1030 2738 1079 2758 cor

298 2778 388 2798 meum
404 2772 434 2798 ".
451 2781 460 2798 ι
480 2773 576 2801 Annon
593 2775 665 2802 enim
680 2784 792 2804 necesse
809 2781 850 2804 est
866 2784 914 2803 cor
930 2776 1003 2804 aliud
1018 2784 1080 2804 esse

294 2817 331 2844 ab
347 2824 380 2845 eo
399 2817 426 2845 in
443 2826 497 2854 quo
512 2820 576 2847 est?
599 2819 631 2848 Et
646 2823 784 2857 quomodo
797 2822 855 2858 jam
870 2823 986 2858 simplex
1006 2822 1079 2850 Deus

369 2872 378 2899 1
395 2873 491 2917 σοι-...1,
512 2877 554 2909 l8,
570 2877 614 2904 24.
654 2878 675 2894 ι’
690 2877 770 2906 Joan.
787 2887 807 2912 ι,
831 2879 857 2907 1.
896 2880 917 2896 ⁸⁸
929 2880 999 2909 Psal.
1019 2888 1104 2917 Lxxn,
1123 2881 1169 2909 24.

297 2914 365 2936 rem.
385 2916 442 2942 xix,
455 2909 481 2940 5.

1136 301 1277 337 τουργείας
1287 301 1440 336 εδιαγράφει
1456 300 1486 328 τὸ
1503 301 1680 335 ἐπιτήδευμα.
1698 301 1821 328 Ποταποὶ
1832 300 1862 326 δὲ
1874 301 1924 337 τὴν

1136 347 1192 380 ἕξιν
1206 348 1339 382 ὑπάρχειν
1362 347 1498 382 ὀφείλουσι
1519 346 1686 381 καταμηνύει
1707 346 1811 381 σαφῶς.
1827 346 1923 373 Συντεο

1135 392 1232 418 τάσθαι
1249 392 1302 426 γὰρ
1315 391 1347 426 δὴ
1360 391 1430 417 κατὰ
1443 391 1473 417 τὸ
1486 391 1557 422 εἰκὸς
1567 410 1574 422 ,
1601 391 1748 424 ἀναγκαῖον
1765 391 1866 422 αὐτοὺς
1878 391 1924 417 ἐπὶ

1137 437 1228 473 μόνοις
1242 439 1297 469 τοῖς
1314 437 1510 468 διδασκαλικοῖς
1521 436 1712 472 φροντίσμασι,
1721 436 1776 462 δεῖν
1791 436 1820 463 δὲ
1832 436 1924 463 τοσοῦ-

1134 493 1182 511 τον
1194 484 1342 519 άποφοιτᾷν
1353 483 1403 519 τῆς
1415 484 1453 515 είς
1471 483 1560 519 σάρκα
1577 480 1696 518 τρυφῆς,
1710 482 1747 515 ὼς
1762 482 1824 518 μηδ’
1840 483 1923 518 αὐτὴν

1135 530 1295 567 προσίεσθαι
1310 530 1359 566 τὴν
1374 531 1412 561 ὡς
1428 530 1456 563 ἐξ
1470 531 1593 564 ἀνάγκης
1609 529 1767 564 θεραπείαν,
1779 528 1825 555 διὰ
1839 529 1924 564 μόνην

1135 576 1347 617 ἐπιτελουμένην
1372 577 1422 612 τὴν
1442 575 1490 602 τοῦ
1512 575 1638 602 τεθνάναι
1661 575 1841 610 παραίτησιν.
1871 574 1925 601 Καὶ

1134 624 1220 651 ταῦτα
1235 625 1283 659 μὲν
1297 623 1414 659 είρήσθω
1424 624 1491 657 πρὸς
1509 622 1540 648 τὸ
1552 621 1649 657 παρὸν,
1665 621 1702 653 ὼς
1715 622 1755 651 εἰς
1766 620 1862 651 τύπον,
1879 620 1924 646 καὶ

1136 670 1317 705 ὑπογραμμὸν
1337 667 1518 702 ὰποστολικῆς
1539 667 1710 693 συντείνοντα
1721 665 1869 697 πολιτείας.
1895 666 1924 691 Ei

1133 715 1162 742 δὲ
1189 715 1242 750 χρὴ
1263 716 1318 745 τοῖς
1340 714 1496 749 εἰρημένοις
1519 713 1567 739 καὶ
1587 712 1823 747 δογματικώτερον
1838 720 1923 746 προσ-

1135 762 1264 793 ϐαλόντας
1281 762 1376 793 εἰπεῖν,
1393 759 1561 787 ἀπεστάλθαι
1577 759 1653 794 φησι,
1668 759 1746 794 δῆλον
1756 759 1783 786 δὲ
1799 759 1839 785 ὅτι
1850 758 1923 793 παρὰ

1134 808 1181 836 τοῦ
1192 807 1258 835 Θεοῦ
1273 807 1319 834 καὶ
1331 807 1446 842 Πατρὸς,
1457 806 1474 841 ἢ
1487 805 1557 832 κατὰ
1569 806 1614 832 τὸν
1625 806 1674 840 τῆς
1687 805 1922 840 ὲνανθρωπήσεως

1134 856 1252 890 τρόπον,
1276 854 1336 880 καθ’
1353 853 1382 879 ὃν
1401 852 1539 888 ἐπέλαμψε
1554 852 1593 887 τῷ
1609 853 1703 886 κόσμῳ
1721 851 1791 886 μετὰ
1809 850 1921 885 σαρκὸς.

1135 901 1243 936 εὐδοκία
1260 903 1306 927 καὶ
1326 900 1477 926 συναινέσει
1494 898 1540 925 τοῦ
1557 898 1677 933 Πατρὸς,
1701 897 1717 933 ἢ
1735 897 1772 928 ὡς
1788 897 1876 930 Λόγος
1892 897 1922 922 ὲκ

1135 947 1181 974 τοῦ
1197 948 1376 982 γεννήσαντος
1389 945 1435 972 νοῦ
1450 945 1615 980 προκόπτων
1628 944 1727 978 τρόπον
1738 942 1800 970 τινὰ
1811 962 1818 974 ,
1833 943 1882 969 καὶ
1894 943 1922 969 τὸ

1134 993 1213 1025 δόξαν
1227 992 1408 1028 ἀποπληρῶν,
1423 992 1471 1026 οὐχ
1482 991 1520 1022 ὡς
1536 991 1683 1026 ἀλλοτρίων
1697 990 1861 1025 θελημάτων
1874 997 1922 1015 πα-

1136 1038 1281 1075 ραληφθεὶς
1298 1038 1443 1073 ὑπουργὸς,
1459 1037 1517 1064 ἀλλ’
1533 1037 1613 1068 αὐτὸς
1629 1036 1760 1072 ὑπάρχων
1779 1035 1827 1062 καὶ
1839 1035 1923 1069 Λόγος

1134 1086 1148 1111 ὸ
1161 1084 1232 1117 ζῶν,
1253 1084 1300 1110 καὶ
1318 1083 1422 1118 θέλημα
1437 1082 1483 1109 τοῦ
1499 1083 1602 1117 Πατρὸς
1616 1082 1815 1118 ἐναργέστατον
1827 1103 1833 1114 ,
1856 1082 1923 1108 ἑτοί-

1137 1140 1195 1167 μως
1207 1130 1346 1163 διασώζων
1363 1129 1426 1161 τοὺς
1445 1129 1627 1160 ἀπολωλότας.
1653 1129 1701 1155 Διὰ
1715 1129 1819 1164 γάρτοι
1834 1127 1922 1159 τοῦτο,

1135 1178 1182 1204 καὶ
1208 1177 1253 1204 τοῦ
1275 1175 1450 1211 πεπομφότος
1475 1175 1557 1201 αὐτὸν
1574 1172 1642 1201 εἶναι
1665 1174 1696 1200 τὸ
1721 1173 1802 1209 ἔργον
1827 1172 1922 1203 εἰπὼν,

1135 1223 1215 1255 αὐτὸς
1230 1223 1327 1258 ὁρᾶται
1340 1222 1496 1256 τελειωτής.
1512 1221 1603 1248 Πάντα
1613 1220 1667 1255 γὰρ
1679 1220 1754 1256 παρὰ
1769 1219 1879 1254 Πατρὸς
1889 1219 1923 1245 δι’

1135 1268 1199 1295 Υἱοῦ
1213 1269 1242 1294 ὲν
1257 1267 1396 1303 Πνεῦματι
1408 1274 1415 1282 '
1444 1267 1484 1294 ὅτι
1501 1267 1555 1301 γὰρ
1571 1267 1617 1293 και¹
1641 1265 1736 1300 λόγος,
1764 1266 1811 1293 καὶ
1828 1265 1921 1300 βουλὴ,

1134 1315 1181 1341 καὶ
1202 1314 1323 1349 θέλημα,
1349 1314 1396 1340 καὶ
1412 1313 1526 1347 δύναμις
1541 1312 1588 1339 τοῦ
1602 1313 1707 1347 Πατρός
1729 1313 1802 1339 ἐστιν
1821 1312 1835 1337 ὁ
1847 1311 1921 1343 Υίὸς,

1133 1359 1203 1387 εἶναι
1219 1360 1268 1395 μὲν
1285 1361 1370 1387 ἅπασι
1390 1359 1493 1395 νομίζω
1505 1359 1675 1394 καταφανές⁸
1699 1358 1778 1385 λυπεῖ
1797 1357 1826 1384 δὲ
1847 1357 1923 1384 οὐδὲν

1134 1407 1181 1434 καὶ
1201 1406 1255 1433 ἀπὸ
1276 1406 1325 1441 τῆς
1353 1405 1427 1437 θείας
1455 1404 1641 1431 πιστώσασθαι
1662 1403 1784 1439 Γραφῆς.
1817 1402 1922 1430 Οὐκοῦν

1133 1454 1222 1488 ὁράτω
1237 1452 1285 1488 μέν
1307 1461 1349 1484 τις
1362 1451 1517 1486 ὑπάρχοντα
1531 1450 1618 1484 Λόγον
1637 1452 1665 1476 ὲν
1677 1450 1715 1484 τῷ
1728 1457 1735 1465 ’
1761 1458 1770 1475 ι
1791 1449 1835 1475 Ἐν
1851 1449 1920 1484 ἀρχῇ

1133 1497 1167 1534 ἦν
1182 1500 1196 1526 6
1209 1499 1309 1532 Λόγος,
1328 1498 1374 1524 καὶ
1386 1498 1399 1523 6
1416 1497 1500 1530 Λόγος
1513 1494 1547 1532 ἦν
1562 1496 1629 1530 πρὸς
1641 1495 1686 1522 τὸν
1697 1495 1763 1521 Θεὸν
1773 1514 1779 1526 ,
1796 1495 1845 1521 καὶ
1857 1494 1923 1526 Θεὸς

1135 1543 1168 1581 ἦν
1179 1547 1193 1572 6
1207 1544 1302 1578 Λόγος.
1317 1553 1326 1569 ι
1351 1544 1457 1579 Ὀράτω
1474 1543 1572 1578 βουλὴν
1585 1543 1613 1568 ἐν
1628 1542 1666 1577 τῷ
1683 1541 1784 1575 λέγειν,
1800 1541 1838 1572 ὡς
1853 1540 1921 1576 πρὲις

1135 1591 1200 1618 Θεὸν
1212 1591 1259 1618 καὶ
1271 1590 1396 1626 Πατέρα,
1418 1589 1464 1616 τὸν
1477 1589 1618 1624 Μελῳδόν’
1635 1597 1644 1614 t
1663 1589 1707 1615 ‘Ev
1719 1590 1754 1623 τῇ
1770 1585 1852 1623 βουλῇ
1871 1595 1920 1622 μου

1134 1637 1277 1672 ὡδήγησάς
1295 1645 1338 1672 με.
1354 1645 1363 1661 ι
1396 1636 1502 1672 Ὀράτω
1519 1635 1624 1670 θέλημα
1639 1634 1719 1661 πάλιν
1735 1634 1764 1660 ὲν
1778 1633 1818 1668 τῷ
1829 1633 1920 1668 λέγειν

1134 1681 1214 1708 αὐτόν
1225 1690 1233 1698 ε
1261 1691 1271 1705 ι
1282 1681 1368 1716 Κύριε
1378 1700 1386 1712 ,
1416 1681 1445 1706 ὲν
1458 1680 1497 1715 τῷ
1514 1675 1647 1715 θελήματι
1665 1688 1711 1706 σου
1725 1680 1868 1714 παράσχου
1882 1678 1920 1714 τῷ

1135 1726 1226 1754 κάλλει
1239 1735 1289 1762 μου
1303 1726 1427 1760 δύναμιν.
1442 1735 1451 1752 ι
1473 1726 1573 1760 Νευροῖ
1584 1725 1638 1761 γὰρ
1651 1725 1704 1751 τῶν
1715 1725 1802 1758 ἁγίων
1817 1724 1849 1751 τὸ
1861 1724 1920 1750 κάλ-

1134 1775 1189 1806 λος,
1203 1773 1276 1800 τοῦτ’
1292 1772 1350 1799 ἔστι
1363 1791 1370 1804 ,
1391 1773 1441 1808 τὴν
1453 1772 1561 1799 ἃπασαν
1573 1771 1672 1807 ἀρετῆς
1685 1771 1791 1803 εὐεξίαν
1802 1791 1809 1804 ,
1823 1771 1856 1796 τὸ
1868 1770 1920 1802 ζῶν

1134 1829 1162 1847 τε
1179 1821 1225 1847 καὶ
1239 1819 1417 1846 ὲνυπόστατον
1432 1818 1537 1854 θέλημα
1549 1818 1595 1845 τοῦ
1606 1818 1722 1853 Πατρὸς,
1737 1817 1810 1844 τοῦτ’
1822 1817 1894 1843 ἔστιν
1906 1817 1920 1843 6

1134 1866 1208 1898 Υἱός.
1231 1866 1290 1892 Ὀτι
1305 1865 1358 1900 γάρ
1379 1866 1436 1892 ὲστι
1458 1865 1505 1890 καὶ¹
1529 1864 1658 1899 δύναμις,
1690 1863 1770 1890 πάλιν
1795 1863 1920 1890 ἐντεῦθεν

1135 1910 1276 1945 συνήσειςθ
1303 1919 1312 1935 ι
1330 1909 1480 1941 Ἔντειλαι,
1505 1909 1602 1944 φησὶν,
1627 1909 1641 1936 6
1656 1908 1737 1941 Θεὸς,
1756 1909 1789 1944 τῇ
1807 1909 1920 1945 δυνάμει

1135 1964 1192 1988 σου,
1208 1955 1375 1990 δυνάμωσον,
1390 1956 1404 1982 6
1416 1955 1492 1987 Θεὸς,
1509 1954 1595 1986 τοῦτο,
1612 1954 1626 1981 ὃ
1641 1956 1815 1990 κατειργάσω
1825 1949 1917 1990 ἡμῖν.)

1139 2001 1220 2037 Ὁρᾷς
1237 2003 1265 2028 ὲν
1279 2002 1383 2033 τούτοις
1395 2001 1517 2037 άκριῦὦς
1532 2001 1641 2036 εὐδοκία
1658 2001 1704 2028 τοῦ
1720 2001 1787 2028 Θεοῦ
1801 2003 1850 2028 καὶ
1865 2002 1919 2028 Ila-

1133 2048 1213 2083 τρὸς,
1232 2048 1421 2083 σαρκωθεῖσαν
1441 2047 1524 2074 αὑτοῦ
1546 2048 1596 2083 τὴν
1607 2047 1746 2083 δύναμιν,
1773 2048 1848 2075 τοῦτ’
1863 2048 1918 2074 ἔστι

1133 2095 1178 2121 τὸν
1184 2095 1257 2127 Υίὸν,
1272 2095 1317 2121 ἴνα
1329 2094 1476 2130 δυναμώσῃ
1487 2095 1574 2128 τοῦτο,
1584 2095 1651 2130 ὅπερ
1660 2095 1725 2130 ἡμῖν
1736 2095 1919 2130 κατηρτίσατο

1134 2141 1222 2175 σῶμα.
1246 2141 1276 2166 Εἰ
1293 2140 1330 2176 μὴ
1348 2140 1402 2176 γὰρ
1419 2141 1572 2176 ἐσκήνωσεν
1585 2141 1612 2166 ὲν
1626 2141 1707 2176 ἡμῖν,
1731 2141 1785 2167 οὐδ’
1804 2141 1839 2167 ἂν
1853 2141 1918 2172 ὅλως

1131 2185 1180 2221 τὴν
1199 2185 1253 2212 ἀπὸ
1264 2186 1366 2221 φθορᾶς
1381 2185 1522 2213 ἀσθένειαν
1544 2187 1561 2222 ἡ
1576 2188 1623 2222 τῆς
1645 2187 1746 2222 σαρκὸς
1764 2187 1918 2214 ἀπεδύσατο

1134 2231 1223 2266 φύσις.
1250 2231 1334 2263 Αὐτὸς
1352 2231 1495 2268 τοιγαροῦν
1509 2232 1639 2268 ὑπάρχων
1655 2233 1669 2259 6
1685 2233 1747 2264 Υἱὸς
1766 2233 1799 2259 τὸ
1817 2234 1917 2267 ἀγαθὸν

1134 2277 1181 2304 τοῦ
1188 2277 1293 2313 Πατρὸς
1309 2277 1424 2313 θέλημα,
1432 2278 1530 2304 τελειοῐ
1543 2279 1572 2305 τὸ
1583 2278 1662 2314 ἔργον
1673 2279 1767 2310 αὐτοῦ,
1781 2280 1917 2315 σωτηρίαν

1134 2323 1190 2354 τοῖς
1215 2323 1387 2350 πιστεύουσιν
1404 2325 1443 2355 είς
1459 2323 1539 2350 αὐτὸν
1557 2324 1735 2360 δωρούμενος.
1768 2325 1840 2352 Ἀλλ’
1861 2326 1918 2362 ἐρεῖ

1133 2377 1175 2401 τις
1195 2369 1263 2404 πρὸς
1277 2369 1355 2396 τοῦτο
1370 2369 1450 2404 τυχόν
1461 2378 1468 2385 ·
1491 2370 1522 2397 Et
1535 2371 1615 2402 αὑτός
1628 2372 1701 2398 ἐστιν
1719 2373 1732 2398 6
1750 2372 1817 2404 Υἱὸς
1829 2372 1861 2399 τὸ
1875 2372 1917 2399 θέ-

1133 2415 1165 2450 λη
1170 2425 1207 2451 μα
1218 2416 1264 2442 τοῦ
1273 2416 1388 2452 Πατρὸς,
1398 2417 1474 2443 ποῖον
1481 2417 1621 2453 ἀπεστάλη
1634 2418 1686 2454 πλη
1691 2418 1787 2454 ρώσων
1794 2418 1899 2454 θέλημα
1908 2428 1916 2452 ;

1131 2462 1177 2487 Δεῖ
1189 2461 1243 2496 γὰρ
1256 2461 1348 2496 ἕτερον
1359 2459 1428 2489 εἶναι
1439 2463 1515 2498 παρὰ
1525 2463 1570 2490 τὸν
1584 2463 1636 2499 πλη
1642 2464 1739 2499 ρυῦντα
1753 2465 1783 2491 τὸ
1798 2465 1916 2500 πληρού-

1132 2515 1220 2542 μενον.
1239 2507 1271 2533 Τί
1285 2505 1331 2534 οὖν
1345 2507 1398 2543 ἄρα
1417 2509 1485 2543 πρὸς
1495 2509 1574 2536 τοῦτό
1589 2518 1681 2545 φαμεν
1694 2518 1702 2543 ;
1729 2510 1856 2537 ’Λπαιτεῖ
1869 2512 1917 2546 μὲν

1129 2552 1214 2584 ὄντως
1225 2553 1280 2579 τῶν
1296 2553 1435 2588 ὀνομάτων
1450 2555 1466 2589 ἡ
1483 2555 1557 2586 θέσις
1574 2556 1627 2582 τῶν
1646 2557 1856 2591 σημαινομένων
1870 2558 1917 2592 τὴν

1129 2597 1275 2633 ἑτερότητα
1285 2618 1292 2629 ,
1306 2598 1449 2634 ὰδιαφορεῖ
1472 2599 1499 2625 δὲ
1522 2600 1652 2633 πολλάκις
1666 2602 1712 2628 ἐπὶ
1729 2602 1798 2629 Θεοῦ
1809 2624 1816 2635 ,
1831 2604 1878 2630 καὶ
1888 2603 1917 2629 τὸ

1132 2643 1243 2677 ἀκριϐὲς
1257 2644 1286 2670 ὲν
1300 2643 1403 2675 τούτοις
1415 2645 1429 2670 ό
1449 2645 1497 2680 τῆς
1511 2646 1641 2673 ἀνωτάτω
1655 2647 1763 2681 φύσεως
1776 2650 1917 2685 παραιτεῖ-

1132 2697 1176 2717 ται
1191 2689 1277 2722 λόγος.
1299 2690 1426 2717 Λαλεῖται
1438 2692 1492 2726 γὰρ
1509 2691 1543 2718 τὰ
1560 2693 1621 2728 περὶ
1636 2694 1732 2729 αὐτῆς,
1744 2695 1794 2730 οὐχ
1808 2695 1847 2727 ὡς
1862 2697 1917 2731 ἔχει

1131 2733 1240 2764 πάντως
1250 2733 1388 2768 ἀληθείας,
1403 2735 1460 2761 ἀλλ’
1471 2735 1545 2767 ὅπως
1561 2736 1593 2764 ἂν
1610 2737 1717 2765 δύναιτο
1728 2739 1917 2775 διερμηνεύειν

1131 2779 1147 2813 ὴ
1162 2778 1277 2812 γλῶττα,
1295 2779 1341 2804 καὶ
1359 2777 1405 2811 οὖς
1417 2782 1619 2816 κατακροᾶσθαι
1633 2783 1663 2809 τὸ
1682 2783 1866 2820 ἀνθρώπινον.
1889 2786 1917 2811 '0

1131 2824 1185 2860 γὰρ
1202 2825 1230 2850 ἐν
1247 2824 1388 2860 αἰνίγματι
1406 2825 1528 2861 βλέπων,
1555 2829 1584 2855 ὲν
1605 2818 1745 2864 αἰνίγματι
1763 2818 1813 2858 καί
1831 2831 1914 2859 λαλεῖ.

1216 2882 1237 2897 ¹⁷
1254 2882 1327 2910 Psal.
1342 2891 1418 2916 xxtx,
1438 2885 1464 2912 8.
1518 2886 1540 2903 "
1554 2885 1628 2916 Psal.
1645 2895 1731 2923 Lxm,
1747 2889 1795 2918 29.
1835 2890 1857 2907 ¹¹
1869 2888 1917 2918 Je—
