2028 3118
135 208 190 237 3‘25

665 209 698 238 IN
716 208 860 238 murus
875 204 1104 245 EV‘ANGELIUM
1121 209 1185 238 ue.
1202 202 1250 239 u.’

1710 209 1763 238 5‘16

140 265 217 292 Ἐπεὶ
229 264 256 291 τι
272 265 395 301 ποιήσεις
406 265 469 293 ὅταν
481 267 495 292 ό
505 265 605 298 ἁπλοῦς
621 266 685 303 ἡμῖν
703 267 754 301 τὴν
772 266 853 302 φύσιν
869 268 921 294 sitr-

975 274 1037 295 esse
1051 267 1232 295 censebitur?
1246 267 1339 303 Itaque
1356 269 1475 298 humano
1490 270 1598 306 quidem
1619 277 1696 298 ntere
1717 270 1759 298 di-

134 312 215 348 6αίνῃ
228 311 353 344 διπλοῦς,
377 312 422 339 διὰ
435 312 482 340 τοῦ
504 313 594 348 λέγειν
609 314 671 349 περὶ
682 313 730 340 τοῦ
747 313 776 346 ἐξ
796 314 903 350 Ἰσραήλ
913 321 920 329 ·

135 367 145 383 ι
160 359 214 385 Καὶ
223 358 257 385 τὰ
268 358 350 385 τέκνα
363 358 452 386 αὐτῶν
462 359 555 394 διῆγον
567 359 611 387 διὰ
628 360 724 395 πυρὸς,
734 359 748 386 ὃ
762 360 812 386 οὐκ
822 361 922 387 ἐνετει-

133 404 224 439 λάμην
237 404 337 438 αὐτοῖς,
357 404 403 431 καὶ
417 404 467 431 οὐκ
481 405 566 440 ἀνέϐη
582 407 628 432 ἐπὶ
641 405 690 442 τὴν
704 406 819 441 καρδίαν
834 415 894 440 μου.
909 415 918 431 ι

131 445 171 476 Ἦ
185 450 240 484 γὰρ
249 450 299 477 οὐκ
306 451 410 486 ἀνάγκη
419 451 467 487 τὴν
477 451 589 487 καρδίαν
601 451 696 487 ἑτέραν
704 452 837 487 ὑπάρχειν
849 451 923 487 παρὰ

132 497 177 523 τὸν
192 496 222 523 ὲν
240 493 318 533 ᾧπερ
332 497 408 530 sort;
431 497 487 524 Καὶ
508 488 685 530 πῶς”ἀπλοῦς
705 497 746 524 ἔτι
761 498 922 534 νοηοήσεται

131 541 216 576 Θε6ς;
248 543 352 569 Οὐκοῦν
381 543 558 579 ἀνθρωπίνως
589 544 639 579 μὲν
660 543 780 571 λαλεῖται
805 544 839 571 τά
857 545 922 580 περὶ

129 587 199 615 Θεοῦ
209 597 216 605 ⁸
232 590 332 616 νοεῖται
347 589 374 616 δὲ
390 588 485 622 οὕτως,
497 589 535 621 ὡς
551 589 584 617 ἂν
597 590 730 626 ἀρμόττοι
745 589 815 625 Θεῷ,
830 590 878 627 καὶ
891 590 922 617 τὸ

131 635 230 671 μέτρον
252 636 300 671 τῆς
318 635 456 671 ἡμετέρας
470 636 611 672 γλώττης,
630 636 678 673 τὴν
694 637 739 664 ἐπὶ
755 637 859 669 πάντας
872 637 922 664 οὑκ

129 680 255 716 ἀδικήσει
275 682 365 717 φύσιν.
387 682 445 709 Κᾶν
471 682 633 718 εὑρίσκηται
655 682 798 719 τοιγαροῦν
818 684 832 709 ὸ
847 683 921 717 Υἱὸς,

129 725 169 756 ὼς
184 725 248 761 περί
265 734 336 758 τινος
352 726 446 762 ἐτέρου
464 726 550 761 λέγων
572 727 619 753 τοῦ
633 727 787 763 θελήματος
802 727 848 755 τοῦ
862 727 920 755 Πα-

129 771 204 806 τρός.
221 772 414 808 ἀδιαφορήσεις
429 773 610 808 οἰκονομικῶς
623 774 657 808 τῇ
673 773 727 800 τῶν
745 773 832 807 λόγων
847 773 925 800 ἀσθε-

129 817 191 853 νείᾳ.
213 817 363 853 περιτιθεὶς
387 818 418 844 τὸ
440 817 477 853 μὴ
498 817 628 845 δύνασθαι
651 826 678 844 τι
705 817 797 853 μεῖζον
821 817 922 849 εἰπεῖν,

130 863 201 898 μήτε
220 864 274 899 μὴν
293 864 394 900 ἑτέρως
411 864 602 900 κατασημῆναι
616 864 646 891 τὺ
665 864 840 900 δηλούμενον.
867 863 923 890 Καὶ

975 319 1075 342 cunlur
1088 321 1149 349 qua:
1165 315 1199 342 de
1213 313 1268 342 Deo
1283 316 1430 351 loquimur,
1449 318 1495 345 sed
1512 326 1544 346 eo
1562 317 1643 345 modo
1660 317 1762 345 intelli-

975 364 1077 396 guntur
1089 368 1144 395 quo
1159 359 1214 388 Deo
1229 362 1405 396 conveniunt,
1421 367 1448 390 et
1462 363 1560 399 lingua
1574 369 1673 392 nostra:
1686 364 1761 391 inﬁr-

975 406 1058 432 mitas
1074 413 1210 440 supremas
1223 406 1260 432 illi
1278 411 1384 434 natura:
1400 408 1466 435 nihil
1481 410 1592 437 otthiet.
1609 410 1685 438 Licet
1695 417 1761 445 ergo

975 450 1074 478 Filium
1091 451 1125 479 de
1145 452 1286 480 voluntate
1305 453 1394 481 Patris
1411 455 1485 489 loqui
1507 457 1676 490 comperias,
1699 461 1760 483 tan-

974 504 1057 532 quam
1073 497 1108 526 de
1121 498 1173 525 alia
1187 498 1315 533 qundam,
1331 507 1409 534 aaquo
1424 490 1516 528 animo
1531 501 1557 527 id
1575 501 1656 533 feres,
1673 502 1759 529 imbe-

973 542 1082 570 cillitati
1111 543 1248 571 sermonis
1276 544 1400 571 consulte
1428 545 1574 572 tribuendo
1602 546 1675 580 quod
1705 555 1760 574 non

974 588 1061 623 possit
1080 588 1169 623 majus
1185 590 1325 625 quidpiam
1345 590 1453 623 dicere,
1472 599 1561 626 neque
1583 592 1662 619 aliter
1685 596 1761 620 certe

974 640 1032 659 rem
1048 632 1228 668 signiﬁcatam
1244 635 1406 670 exprimere.
1433 637 1522 671 Atque
1542 636 1598 663 inec
1611 637 1683 664 dicta
1699 637 1760 672 qui—

974 677 1034 705 dem
1050 683 1132 706 sunto
1143 687 1240 708 rursus
1251 681 1284 708 ad
1296 681 1539 709 demonstrandum
1554 681 1653 710 Filium
1666 683 1760 710 volun-

972 728 1056 751 tatem
1073 724 1164 753 Patris
1189 727 1296 754 censeri
1322 735 1432 763 quoque
1455 733 1582 763 oportere
1605 739 1610 755 :
1633 729 1663 756 In
1685 730 1761 757 dicto

971 778 1036 797 vero
1050 772 1190 806 proposito
1202 791 1209 803 ,
1231 773 1305 800 nulla
1322 774 1391 800 ratio
1406 778 1485 809 coget
1502 775 1654 811 intelligere
1669 775 1760 804 Patris

972 817 1161 851 voluntatem,
1189 818 1238 846 sed
1261 818 1452 847 indiﬁ‘erenter
1474 820 1574 848 bonam
1592 822 1758 850 voluntatem

972 871 1037 898 erga
1053 871 1101 891 eos
1118 864 1164 899 qui
1178 865 1320 899 perierunt
1334 867 1529 901 intelligemus.

129 909 218 936 ταῦτα
234 910 283 945 μὲν
300 910 420 946 εἰρήσθω
438 910 519 936 πάλιν
533 911 574 941 είς
592 909 728 942 ἀπόδειξιν
753 909 799 936 τοῦ
811 908 929 936 νοεῖσθαι
953 908 1001 935 καὶ
1015 908 1122 944 θέλημα
1143 909 1191 936 τοῦ
1210 910 1317 946 Πατρός
1333 910 1379 938 τὸν
1388 911 1466 938 ιΥιόν.
1487 911 1531 938 Ἐν
1547 911 1576 938 δέ
1588 920 1619 946 γε
1635 911 1674 947 τῷ
1689 914 1758 947 προ-

130 957 251 993 κειμένῳ
268 958 359 994 ρητῷ,
376 958 455 992 λόγος
474 958 522 993 μὲν
535 957 623 990 οὐδεὶς
636 958 788 992 ἀναγκάσει
803 956 909 992 θέλημα
928 956 1047 983 νοεῖσθαι
1059 957 1106 983 τοῦ
1120 958 1226 994 Πατρός
1241 958 1286 985 τὸν
1306 958 1386 992 Υίὺν,
1407 958 1544 993 διαφόρως
1565 955 1622 993 [ισ.
1644 960 1758 994 ἀδιαφό-

130 1005 206 1042 ρως]
227 1005 256 1032 δὲ
273 1004 374 1040 μᾶλλον
392 1003 598 1041 παραδεξόμεθα
613 1005 661 1041 τὴν
677 1006 723 1032 ἐπὶ
738 1007 794 1037 τοῖς
807 1005 961 1033 ἀπολωλόσι
976 1004 1075 1040 βουλὴν
1086 1005 1205 1041 ἀγαθήν.

166 1052 228 1086 Οὐχ
245 1050 329 1085 ὑμεῖς
346 1050 460 1086 λέγετε,
477 1050 522 1078 ὅτι
541 1051 723 1087 τέτράμηνός
746 1051 821 1084 ἐστι,
840 1051 890 1078 καὶ
905 1053 921 1078 ὀ

1009 1051 1060 1084 ιν,
1089 1051 1132 1078 35.
1163 1051 1258 1079 Nonne
1278 1060 1323 1079 vos
1345 1053 1434 1080 dicitis
1458 1054 1529 1089 quod
1544 1053 1630 1081 adhuc
1644 1058 1759 1090 quatuor

129 1097 271 1132 θερισμὸς
284 1096 401 1131 ἔρχεται
413 1105 421 1129 ,-

165 1144 279 1179 Δέχεται
300 1143 380 1170 πάλιν
397 1143 444 1170 τοῦ
459 1143 539 1178 λόγου
558 1143 607 1175 τὰς
623 1142 773 1179 ἀφορμὰς,·
787 1142 842 1170 ἀπὸ
858 1152 920 1170 και-

131 1189 195 1225 ροῦ,
224 1189 272 1216 καὶ
291 1189 451 1225 πράγματος
465 1209 473 1221 ,
497 1189 544 1216 καὶ
555 1189 609 1216 ἀπὸ
630 1189 683 1215 τῶν
700 1190 728 1215 ὲν
740 1189 862 1224 αἰσθήσει
886 1190 919 1224 τῇ

130 1235 291 1271 παχυτέρα,
320 1234 515 1270 πνευματικῶν
545 1235 731 1270 θεωρημάτων
756 1234 920 1262 ἀναπλάττει

128 1282 267 1317 διήγησιν.
291 1281 360 1316 Ὥρα
377 1281 425 1316 μὲν
440 1281 494 1316 γὰρ
508 1278 542 1316 ἦν
556 1280 690 1316 χειμῶνος
704 1279 744 1307 ἔτι
759 1281 819 1307 κατ’
834 1281 922 1307 ἐκεῖνο

128 1328 239 1364 καιροῦ,
255 1327 403 1364 ἀρτιθαλὴς
421 1327 459 1359 δὲ,
471 1328 517 1354 καὶ
531 1327 592 1359 νέος
604 1326 658 1353 τῶν
673 1327 837 1362 σπερμάτων
848 1328 861 1354 ό
876 1327 922 1354 κά-

129 1376 217 1410 λαμος
233 1375 311 1409 μόγις
326 1374 373 1410 μὲν
399 1373 450 1408 τῆς
467 1373 587 1409 ἀρούρας
603 1372 760 1408 ὲξέφριττε·
779 1372 876 1408 καιροῦ
892 1372 920 1398 δὲ

129 1421 272 1456 τεσσάρων
289 1419 382 1456 μηνῶν
394 1419 618 1451 διῖππεύσαντος,
633 1419 673 1450 εἰς
686 1418 735 1453 τὴν
745 1416 921 1454 τοῦθερίζον-

129 1475 177 1499 τος
191 1468 270 1505 χεῖρα
294 1466 437 1493 πεσεῖσθαι
458 1466 649 1501 προσεδοκᾶτο.
677 1473 686 1490 ι
700 1465 756 1500 Οὐκ
772 1465 849 1500 ὑμεῖς
863 1461 920 1496 οὖν,

131 1512 225 1547 φησιν,
243 1512 268 1538 οἱ
280 1510 429 1546 ἀνθρωποι,
445 1510 539 1545 λέγετε
552 1511 593 1537 ὅτι
606 1510 774 1546 τετράμηνός
790 1511 859 1543 ἐστι,
874 1509 922 1535 καὶ

130 1559 145 1584 ό
158 1557 287 1593 θερισμὸς
303 1557 412 1592 ἔρχεται
426 1566 432 1590 ;
449 1566 458 1583 ι

173 1603 251 1631 Ἰδοὺ
278 1603 354 1638 λέγω
375 1602 455 1637 ὑμῖν·
485 1601 625 1636 Ἐπάρατε
647 1600 719 1634 τοὺς
747 1600 921 1636 ὀφθαλμοὺς

130 1649 225 1684 ὑμῶν,
240 1648 289 1675 καὶ
307 1648 456 1675 θεάσασθε
473 1648 526 1681 τὰς
550 1647 657 1682 χώρας,
676 1647 721 1674 ὅτι
739 1647 848 1675 λευκαί
861 1649 921 1674 εισι

130 1695 207 1729 πρὸς
221 1695 374 1729 θερισμόν.

168 1740 313 1767 Τουτέστιν
328 1739 418 1774 ὀλίγον
431 1738 486 1766 τῶν
503 1738 550 1766 ὲπὶ
564 1738 615 1775 γῆς
633 1739 803 1774 πραγμάτων
816 1739 861 1766 τὸν
871 1739 921 1773 τῆς
934 1756 955 1784 C

130 1785 254 1816 διανοίας
280 1784 418 1820 ὀφθαλμὸν
439 1783 640 1819 ἀνοχλίσαντες.
665 1785 710 1812 τὸν
737 1784 920 1820 πνευματικὸν

131 1831 276 1867 ἁναθρεῖτε
300 1830 410 1866 σπόρον,
437 1830 477 1857 ὅτι
498 1830 717 1858 λελευκάνθισται
739 1831 789 1867 μὲν
808 1831 854 1858 ἐπὶ
872 1831 921 1866 τὴν

132 1878 225 1905 ἅλωνα
247 1877 420 1913 βαδιούμενος
441 1876 504 1912 ἤδη·
525 1876 602 1904 καλεῖ
616 1877 645 1904 δὲ
667 1877 760 1904 λοιπὸν
772 1878 814 1913 ἐφ’
832 1877 921 1913 ἐαυτῷ

131 1925 179 1951 τὴν
193 1924 324 1960 άμητῆρα
348 1923 466 1959 σίδηρον.
490 1923 556 1950 ’Δπὺ
577 1923 606 1950 δὲ
628 1924 679 1959 τῆς
699 1924 856 1960 ὁμοιότητος
867 1924 920 1951 τῶν

128 1971 162 1999 ὲν
194 1970 300 2006 ῑστορίᾳ
324 1970 492 2006 πραγμάτων
512 1970 662 2006 θεωρήσεις
686 1969 716 1996 τὸ
747 1969 920 2004 δηλούμενον.

132 2015 239 2051 Σπόρον
266 2015 316 2050 μὲν
340 2015 393 2051 γὰρ
415 2016 523 2051 νοήσεις
543 2015 588 2042 τὸν
610 2014 720 2051 νοητὸν,
743 2014 790 2041 καὶ
816 2013 921 2049 πληθὺν

131 2061 278 2096 ὀσταχύων
292 2062 497 2097 πνευματικῶν,
506 2061 570 2093 τοὺς
581 2060 625 2088 διὰ
636 2061 686 2096 τῆς
700 2061 754 2088 τῶν
773 2060 921 2097 προφητῶν

132 2107 377 2144 προγεωρηθέντας
388 2108 480 2143 φωνῆς
493 2108 533 2139 εις
540 2107 589 2142 τὴν
603 2106 750 2143 μέλλουσαν
762 2107 921 2143 ἀναδειχθή-

133 2153 229 2180 σεσθαι
242 2154 333 2181 πίστιν
345 2153 390 2181 διὰ
413 2153 543 2189 Χριστοῦ.
557 2152 735 2180 Δευκαίνεται
750 2152 778 2179 δὲ
792 2152 920 2188 πέπειρός

131 2210 164 2228 τε
180 2201 227 2228 καὶ
247 2201 354 2237 ἕτοιμος
370 2201 420 2237 ἢδη
435 2201 504 2238 πρὸς
522 2200 552 2227 τὺ
577 2199 713 2227 πιστεύειν
728 2200 920 2235 γεγενημένος,

131 2247 182 2273 καὶ
203 2246 436 2282 συμπεπηγμένος
457 2246 497 2278 εις
522 2244 676 2272 εὐλάϐειαν.
698 2244 726 2271 '0
739 2244 768 2271 δὲ
785 2244 832 2271 τοῦ
845 2244 920 2280 θερί-

133 2291 227 2323 ζοντος
245 2291 363 2326 σίδηρος,
390 2292 404 2318 ό
418 2290 545 2327 λαμπρός
566 2290 597 2316 τέ
616 2291 674 2316 ἐστι
691 2290 738 2316 καὶ
763 2289 920 2325 τομώτατος

132 2337 189 2364 τῶν
202 2337 359 2364 ἀποστόλων
372 2337 460 2371 λόγος,
474 2336 525 2371 τῆς
549 2336 598 2372 μὲν
615 2335 686 2363 κατὰ
702 2335 783 2370 νόμον
797 2335 922 2371 λατρείας

135 2383 288 2419 ἀποκείρων
301 2383 363 2414 τοὺς
378 2381 579 2418 ἀκροωμένους,
603 2381 649 2408 ἐπὶ
661 2381 688 2408 δὲ
697 2380 747 2416 τὴν
767 2381 823 2408 ἆλω
836 2389 920 2417 μετα-

971 1105 1072 1124 πιειιδεσ
1086 1101 1148 1124 sunt
1159 1117 1166 1129 ,
1182 1102 1206 1125 et
1221 1099 1312 1125 messis
1327 1100 1414 1126 venit.9

1006 1143 1185 1172 Occasionem
1194 1144 1302 1172 dicendi
1315 1153 1424 1172 rursum
1435 1153 1450 1173 a
1464 1150 1586 1181 tempore
1597 1151 1625 1174 et
1634 1154 1662 1173 re
1673 1147 1761 1182 capitr

971 1191 998 1216 et
1015 1189 1050 1216 ab
1066 1189 1100 1216 iis
1114 1197 1174 1224 quae
1189 1190 1241 1216 sub
1256 1197 1366 1217 sensutn
1383 1190 1462 1226 199
1475 1191 1576 1218 cadunt
1592 1192 1758 1227 spiritalium

972 1235 1231 1270 contemplationum
1243 1235 1452 1270 explicationem
1468 1236 1594 1264 adornat.
1608 1236 1673 1264 Erat
1685 1237 1758 1264 enim

971 1284 1029 1307 tum
1047 1281 1137 1309 adhuc
1156 1280 1254 1308 hiemis
1272 1285 1436 1316 tempestas,
1456 1286 1483 1309 et
1496 1283 1597 1311 virides
1614 1290 1645 1310 ac
1662 1291 1758 1311 recen-

971 1330 1013 1354 tes
1029 1327 1113 1354 culmi
1131 1327 1251 1354 nondum
1272 1327 1299 1354 in
1319 1329 1424 1362 campis
1444 1327 1692 1356 inhorrescebant:
1710 1328 1759 1356 sed

971 1373 1065 1408 elapso
1090 1373 1286 1407 quadrimestri
1310 1374 1400 1408 spatio
1429 1374 1457 1401 in
1481 1381 1634 1402 messorum
1661 1382 1759 1402 manus

972 1419 1115 1446 deventuri
1131 1423 1220 1447 erant.
1236 1429 1245 1445 ι
1265 1419 1362 1448 Nonne
1378 1428 1427 1449 vos
1443 1421 1536 1456 igitur,
1551 1421 1649 1456 inquit,
1666 1421 1759 1449 dlcitis

972 1466 1044 1500 quod
1062 1465 1151 1493 adhuc
1164 1465 1280 1502 quatuo’r
1297 1474 1407 1495 menses
1435 1471 1522 1499 sunt,
1545 1471 1573 1495 et
1591 1468 1689 1496 messis
1709 1475 1758 1496 ve-

972 1511 1030 1539 nit?
1047 1521 1056 1538 ι

1008 1599 1053 1632 iV,
1078 1599 1122 1627 35.
1144 1599 1211 1626 Ecce
1236 1608 1282 1635 ego
1303 1601 1364 1628 dico
1385 1600 1583 1628 vobis:Levate
1603 1601 1694 1629 oculos
1715 1609 1758 1629 ue—

972 1650 1053 1678 stros,
1063 1651 1088 1673 et
1100 1645 1182 1673 videte
1198 1647 1326 1681 regiones,
1337 1647 1399 1682 quia
1411 1646 1479 1675 alba:
1491 1647 1551 1683 jam
1566 1652 1627 1674 sunt
1643 1647 1677 1674 ad
1689 1655 1759 1675 mes-

972 1699 1037 1718 sem.

1008 1737 1066 1765 Hoc
1083 1742 1136 1770 est,
1159 1746 1173 1766 a
1189 1739 1272 1767 rebus
1288 1740 1409 1768 terrenis
1425 1740 1579 1768 intellectus
1599 1740 1678 1769 oculo
1692 1748 1760 1776 pau-

974 1782 1030 1809 lum
1043 1783 1153 1810 sublato
1163 1783 1299 1818 spiritalia
1310 1787 1369 1811 sata
1381 1784 1597 1820 cincumspicite,
1608 1784 1759 1814 ﬂavescen-

973 1829 1010 1855 tia
1033 1828 1105 1863 jam.
1132 1833 1159 1857 et
1186 1830 1213 1857 in
1233 1837 1325 1858 aream
1340 1837 1403 1858 mox
1427 1834 1561 1864 ventura,
1578 1836 1605 1859 et
1626 1833 1759 1860 messoris

973 1874 1078 1902 ferrum
1093 1875 1202 1902 tandem
1219 1877 1389 1912 appetentis.
1419 1876 1440 1903 Α
1464 1877 1644 1905 similitudine
1668 1882 1759 1906 autem

972 1927 1065 1948 rerum
1084 1929 1144 1956 quae
1160 1921 1205 1949 hic
1221 1926 1473 1949 commemorantur
1492 1924 1628 1958 spectabis
1644 1923 1671 1951 id
1686 1924 1758 1959 quod

973 1966 1159 2002 signiﬁcatur.
1176 1966 1241 1994 Sata
1262 1967 1334 2005 enim
1351 1967 1487 2002 Spiritalia
1503 1968 1550 1996 hic
1565 1968 1716 2005 intelliges,
1731 1973 1759 1998 et

973 2013 1112 2047 spicarum
1137 2003 1303 2048 spiritalium
1325 2013 1528 2041 multitudinem
1539 2035 1547 2047 ,
1563 2023 1611 2043 eos
1626 2003 1673 2048 qui
1693 2024 1758 2052 pro-

973 2058 1116 2093 phetarum
1144 2065 1211 2085 voce
1242 2057 1319 2092 prius
1347 2058 1450 2085 exculti
1481 2063 1547 2086 sunt
1575 2059 1609 2087 ad
1636 2059 1756 2088 futuram

972 2103 1074 2131 Christi
1097 2103 1178 2131 ﬁdem
1196 2102 1368 2131 instituendi.
1389 2102 1528 2131 Flavescit
1555 2112 1632 2137 vero,
1657 2106 1705 2140 qui
1731 2110 1758 2133 et

973 2154 1098 2178 maturus
1114 2153 1142 2177 et
1158 2155 1271 2184 paratus
1284 2149 1340 2185 jam
1358 2154 1401 2178 est
1419 2149 1453 2177 ad
1470 2148 1648 2184 credendum,
1671 2155 1699 2178 et
1723 2153 1757 2179 ad

973 2197 1133 2231 religionem
1161 2196 1350 2223 conﬁrmatus.
1374 2195 1506 2224 Messoris
1525 2200 1616 2223 autem
1639 2195 1756 2230 ferrum,

972 2242 1116 2278 splendida
1133 2245 1175 2269 est
1202 2247 1229 2270 et
1255 2242 1416 2270 acutissima
1436 2243 1595 2278 prmdicatio
1619 2245 1758 2278 apostolo-

972 2295 1045 2320 rum,
1064 2288 1204 2316 auditores
1219 2288 1330 2323 quidem
1349 2295 1365 2315 a
1378 2288 1453 2316 cultu
1473 2289 1552 2323 legali
1568 2296 1708 2321 resecans,
1721 2294 1758 2317 κει

972 2334 1000 2361 in
1017 2341 1108 2361 aream
1129 2334 1310 2366 transferens,
1334 2334 1386 2362 hoc
1411 2339 1452 2362 est
1471 2334 1498 2361 in
1521 2334 1671 2362 Ecclesiam
1697 2335 1757 2368 Dei,

973 2380 1019 2407 ubi
1040 2381 1173 2407 virtutum
1194 2380 1338 2407 laberibus
1363 2380 1475 2408 contriti
1497 2388 1583 2415 purus
1599 2381 1677 2408 cibus
1700 2381 1758 2409 etii.

132 2428 228 2461 τιθεὶς,
243 2429 314 2456 τοῦτ’
327 2428 410 2461 ἔστιν,
423 2429 469 2456 ἐπὶ
481 2428 530 2464 τὴν
539 2427 703 2463 Ἐκκλησίαν
712 2426 758 2453 τοῦ
771 2426 848 2453 Θεοῦ·
859 2426 921 2453 ἔνθα

973 2427 1091 2460 cientur,
1106 2427 1262 2455 collectoris
1279 2427 1378 2454 horreo
1396 2426 1586 2462 dignissimus.

133 2476 166 2509 δὴ
182 2476 336 2512 τριῦόμενοί
358 2485 388 2503 τε
405 2478 452 2504 καὶ
477 2476 567 2507 πόνοις
590 2474 700 2510 ἀγαθῶν
724 2474 920 2510 ἑνθλιὸόμενοι.
939 2474 1058 2510 καθαρὸς
1078 2472 1317 2511 ἀποδειχθήσονται
1338 2475 1410 2506 σῖτος
1440 2474 1488 2510 τῆς
1523 2474 1570 2501 τοῦ
1598 2474 1759 2509 συνάγοντος

134 2522 277 2557 ἁποθήκης
292 2522 412 2555 ὲπάξιος.

172 2569 244 2604 Ἤδη
256 2571 272 2597 ό
283 2570 413 2605 θερίζων,
430 2569 541 2605 μισθὸν
558 2568 715 2604 λαμϐάνει,
731 2567 780 2595 καὶ
795 2567 921 2602 συνάγει

135 2615 254 2650 καρπὸν
276 2617 320 2649 εὶς
338 2615 414 2650 ζωὴν
436 2615 570 2647 αἰώνιον,
595 2615 646 2642 ἵνα
664 2616 681 2641 ό
697 2614 828 2648 σπείρων
846 2613 921 2648 ὁμοῦ

136 2664 236 2697 χαίρῃ,
259 2662 310 2689 και
328 2664 344 2689 ό
366 2662 492 2698 θερίζων.
521 2661 568 2688 Ἑν
595 2661 651 2695 γὰρ
673 2661 768 2692 τούτῳ
789 2661 806 2687 ό
831 2660 922 2694 λόγος

135 2708 405 2743 ἁληθινόςὲστιβτι
411 2706 614 2740 ἅλλοςὲστὶνό
622 2705 763 2740 σπείρων,
773 2704 820 2732 καί
827 2703 922 2737 ἄλλος

135 2757 152 2784 ό
163 2754 292 2789 θερίζων.

171 2801 271 2836 Λόγου.
290 2800 381 2836 φησὶν,
402 2801 416 2826 ὀ
430 2800 527 2833 καιρὸς
540 2798 588 2825 τοῦ
607 2797 751 2829 καλοῦντος
763 2797 802 2828 εἱς
813 2796 904 2823 πίστιν
913 2815 921 2828 ,

135 2846 181 2872 καὶ
204 2845 261 2872 τῶν
280 2845 399 2880 νομικῶν
419 2853 449 2871 τε
475 2844 522 2871 καὶ
542 2842 717 2879 προφητικῶν
738 2841 923 2877 κηρυγμάτων

135 2892 184 2926 τὴν
197 2892 238 2923 είς
257 2890 333 2922 τέλος
347 2890 439 2925 ἄφιξιν
454 2890 510 2921 τοῖς
531 2888 717 2924 ἀκροωμένοις
737 2886 922 2913 ἐπιδεικνύονε

135 2945 190 2968 τος.
212 2936 242 2963 ’0
257 2936 307 2972 μὲν
322 2935 375 2972 γὰρ
394 2936 485 2971 νόμος,
510 2935 547 2967 ὡς
567 2935 594 2962 ὲν
610 2933 698 2965 σκιαῖς
715 2934 774 2964 ταῖς
798 2933 827 2959 ἐν
845 2931 922 2968 τύπῳ

1009 2565 1055 2598 ιν,
1070 2564 1166 2593 36-37.
1185 2562 1249 2589 Jam
1265 2563 1310 2598 qui
1332 2563 1416 2595 metit,
1440 2562 1583 2589 mercedem
1605 2561 1710 2596 accipit,
1732 2567 1758 2590 et

974 2616 1111 2648 congregat
1123 2610 1238 2645 fructum
1255 2610 1282 2636 in
1294 2609 1374 2636 vitam
1388 2613 1512 2636 cateruam
1525 2616 1534 2635 .'
1546 2613 1574 2635 ut
1586 2613 1611 2635 et
1624 2608 1670 2643 qui
1678 2608 1758 2635 semi-

975 2664 1022 2686 nat
1041 2657 1120 2685 simul
1140 2655 1271 2691 gaudeat,
1294 2659 1318 2681 et
1342 2655 1387 2690 qui
1404 2655 1487 2681 metit.
1512 2654 1545 2681 In
1562 2654 1610 2681 hoc
1633 2654 1703 2681 enim
1717 2659 1757 2681 est

975 2705 1080 2733 verbum
1099 2711 1202 2735 rerum,
1223 2701 1286 2737 quia
1306 2701 1374 2728 alius
1392 2705 1431 2728 est
1449 2700 1495 2735 qui
1512 2700 1635 2734 seminat,
1648 2704 1674 2727 et
1688 2700 1757 2727 alius

975 2757 1014 2779 est
1023 2750 1068 2786 qui
1083 2750 1166 2777 metit.

1011 2796 1140 2830 Tempus,
1155 2793 1255 2829 inquit,
1278 2796 1319 2820 est
1335 2791 1410 2820 verbi
1427 2794 1552 2820 vocantis
1573 2792 1607 2820 ad
1631 2792 1710 2820 ﬁdem
1731 2795 1759 2819 ct

976 2840 1243 2870 consummationem
1260 2838 1387 2873 legalium
1404 2841 1431 2865 et
1448 2838 1671 2872 propheticorum
1687 2845 1757 2873 prat-

977 2886 1121 2915 coniortnn
1137 2884 1310 2912 auditoribus
1324 2883 1503 2910 ostendentis.
1528 2882 1582 2910 Lex
1597 2883 1670 2910 cnim
1685 2882 1759 2910 velut

979 2933 1006 2960 in
1016 2931 1121 2960 umbris
1148 2930 1239 2966 typico
1268 2928 1342 2956 cultu
1369 2932 1510 2956 venturum
1540 2927 1757 2963 praenuntiubat.
