2028 3118
275 172 327 201 3‘21

771 165 801 194 S.
818 164 957 193 CYRILLI
972 163 1206 193 ALEXANDRINI
1224 164 1382 193 ARCHIEP.

1839 164 1891 193 328

274 228 415 256 Christum
437 225 568 254 videlicet
592 232 598 251 :
623 221 764 258 prophetae
786 228 852 249 vero
869 224 931 256 post
954 221 1055 255 ipsum,

1112 211 1260 256 λατρείαιί,
1284 221 1433 257 προεδήλου
1460 222 1505 248 τδν
1531 221 1707 258 ἀφιξόμενον,
1734 221 1806 248 τοῦτ’
1835 221 1892 248 ἐστι

275 272 471 301 annuntiantes
498 270 620 306 Spiritus
642 274 800 300 sermones,
818 266 932 302 jamjam
945 265 1057 293 adfutu-

275 327 336 347 rum
357 318 568 355 praesignahant.
588 315 658 354 Cum
678 318 769 340 autem
789 316 884 347 portas
909 311 1057 345 introierit,

275 374 352 402 spem
376 372 430 392 non
453 363 560 391 differet
577 362 604 389 in
620 361 731 396 longum
749 364 857 394 tempus
871 357 1058 400 apostolorum

274 410 444 447 pradicatio,
469 408 517 437 sed
539 408 596 444 jam
618 409 778 442 praesentem
793 411 855 432 eum
871 403 996 432 ostendet
1012 402 1059 438 qui

274 457 510 492 exspectabatur:
529 458 556 482 et
573 453 654 488 200
671 454 754 479 metet
781 449 890 486 quidem
916 456 950 477 ex
978 447 1059 483 legali

275 501 352 529 cultu
367 508 418 528 e05
442 499 491 535 qui
514 498 604 526 adlmc
624 497 675 532 legi
699 496 836 528 serviunt,
854 497 881 523 et
897 494 948 522 soli
963 493 1059 520 littera:

275 547 420 578 incubant,
436 549 518 580 atque
539 545 629 572 instar
643 542 845 577 manipulorum
868 539 1015 567 transferet
1030 539 1059 566 in

275 601 367 622 mores
380 598 407 620 et
422 591 660 620 conversationem
671 588 868 624 evangelicam,
885 590 911 613 et
924 584 1059 613 resecabit

275 639 402 669 similiter
435 639 469 666 ab
504 644 598 665 errore
627 635 674 671 qui
705 633 908 662 multitudinem
945 631 1058 659 deorum

276 685 376 713 astruit
389 684 524 712 idolorum
539 682 685 714 cultorem,
703 687 821 715 eumque
836 678 870 706 ad
889 677 1058 714 agnitionem

275 729 335 758 veri
357 728 405 756 Dei
422 727 564 764 perducet,
589 730 616 754 et
640 729 671 753 ut
695 726 723 752 in
750 731 858 752 summa
881 722 971 759 quoad
996 722 1059 749 licet

275 776 411 807 dicamus,
427 782 474 802 eos
497 773 544 809 qui
559 778 665 810 terrena
683 771 773 799 adhuc
786 770 912 805 sapiunt,
927 769 960 796 ad
976 775 1059 804 ange-

275 821 364 849 lorum
383 821 468 848 vitam
492 827 542 855 per
570 818 651 846 ﬁdem
681 817 709 844 in
733 816 873 844 Christum
900 815 1057 844 transferet.

276 867 352 894 Hanc
368 871 471 900 autem,
488 865 589 900 inquit,
605 862 764 899 praedicatio
779 868 934 890 messorum
950 860 1056 888 efﬁciet.

275 911 379 940 Merces
403 919 468 939 vero
498 918 555 938 non
577 909 664 937 deerit
684 917 691 936 :
712 907 890 942 congregabit
917 906 990 933 enim
1017 905 1057 933 eis

275 957 396 984 fructum
411 956 458 991 qui
471 956 499 983 in
509 955 593 983 vitam
607 958 737 981 aeternam
748 953 853 980 nutriat
867 959 874 985 ;
889 958 978 986 neque
993 958 1058 978 vero

274 1003 322 1039 qui
349 1002 521 1038 perceperint
547 1000 598 1028 soli
626 1000 654 1027 in
682 999 781 1034 seipsis
805 997 980 1034 gaudebunt,
1010 996 1059 1024 sed

275 1053 406 1084 tanquam
433 1047 481 1083 qui
506 1045 649 1082 prophetis
680 1044 919 1076 adlaboravarint,
944 1047 971 1070 et
998 1047 1059 1071 sata

274 1095 352 1130 prius
378 1094 414 1121 ab
438 1094 472 1122 iis
498 1093 606 1120 exculta
629 1091 811 1124 messuerint,
831 1097 914 1117 unam
941 1097 1004 1117 cum
1025 1089 1060 1117 iis

274 1139 464 1167 celebritatem
486 1141 629 1174 peragent.
655 1137 715 1170 Quo
734 1136 850 1168 factum,
876 1135 1006 1168 arbitror,
1028 1139 1060 1163 ut

274 1184 376 1212 Paulus
388 1184 622 1219 sapientissimus,
640 1183 687 1218 qui
699 1189 793 1210 rerum
812 1181 967 1209 futurarum
980 1185 1060 1216 typos

275 1230 398 1265 apprime
415 1233 540 1261 noverat,
557 1229 591 1257 de
606 1228 710 1256 sanctis
727 1227 853 1263 patribus
871 1234 903 1254 ac
918 1226 1062 1265 prophetis

274 1263 376 1304 diaerit
391 1285 399 1303 ι
415 1286 424 1302 ε
443 1275 498 1303 llos
522 1274 653 1302 nimirum
675 1276 772 1302 omnes
795 1273 932 1309 perfectos
949 1272 960 1309 [
983 1263 1063 1308 Vulg}

275 1321 431 1358 probatos]
449 1329 498 1357 per
514 1320 595 1348 ﬁdem
619 1327 674 1348 non
701 1319 840 1354 accepisse
866 1318 1061 1354 repromissio-

275 1375 357 1400 nem,
375 1367 431 1395 Deo
449 1374 498 1402 pro
515 1367 596 1394 nobis
610 1366 708 1394 melius
729 1365 833 1400 aliquid
847 1364 1018 1399 providente,
1032 1370 1062 1392 ut

275 1421 331 1441 non
340 1412 401 1440 sine
412 1413 492 1440 nobis
504 1416 763 1440 consummarentur
776 1411 800 1427 ¹⁰
814 1419 838 1437 ι.
850 1410 975 1438 Salvator
987 1411 1060 1439 enim

276 1466 427 1486 messorem
443 1459 528 1485 voluit
541 1465 596 1485 una
606 1458 727 1494 gaudere
743 1465 806 1484 cum
820 1460 922 1484 satore.

1108 269 1235 305 Χριστόν·
1260 270 1396 305 προφῆται
1410 268 1444 305 ’δὲ
1469 269 1527 304 μετ’
1549 269 1640 303 αὑτὸν,
1663 269 1727 301 τοὺς
1747 268 1824 304 παρὰ
1845 268 1891 296 τοῦ

1109 303 1264 350 Πνεύματος
1277 303 1520 350 διαπορθμεύοντες
1538 314 1634 349 λόγους
1657 314 1754 350 μικρὸν
1768 303 1830 341 ὅσον
1847 314 1893 341 καὶ

1107 361 1146 393 ὡς
1176 361 1226 397 ἤδη
1250 361 1435 396 παρεσόμενόν
1457 369 1487 387 τε
1512 361 1558 388 καὶ
1587 361 1686 396 ἥξοντα
1711 361 1892 396 προεμήνυον.

1115 407 1223 443 Ἐπειδὴ
1238 408 1266 434 δὲ
1280 407 1345 434 εἵσω
1363 407 1460 442 βέὃηκε
1477 406 1576 442 θυρῶν,
1596 407 1646 433 οὐκ
1666 407 1706 438 εἰς
1723 406 1822 432 ἐλπίδα
1842 415 1894 441 μα-

1109 453 1177 489 κρὰν
1190 453 1320 489 ἀναϐήσει
1339 453 1369 479 τὺ
1390 452 1570 488 προσδοκηϐὲν
1586 452 1640 479 τῶν
1655 452 1812 479 ἀποστόλων
1825 453 1840 478 ὁ
1851 452 1894 478 λό-

1108 509 1165 534 γος,
1183 500 1239 527 ἀλλ’
1251 500 1300 535 ἤδη
1312 500 1396 535 παρὸν
1410 499 1547 531 ἐπιδείξει·
1566 499 1613 526 καὶ
1627 498 1728 534 θερίσει
1744 499 1793 534 μὲν
1809 499 1842 525 ἔτι
1853 507 1894 524 νο-

1110 545 1194 581 μικῆς
1205 546 1333 581 λατρείας
1343 545 1406 577 τοὺς
1416 545 1455 571 ἐτι
1470 545 1543 580 νόμῳ
1556 544 1738 576 δουλεύοντας,
1759 545 1805 571 καὶ
1822 545 1894 580 μόνῳ

1109 590 1350 627 προσκαθημένους
1369 590 1406 626 τῷ
1423 590 1576 626 γράμματι,
1595 590 1741 626 μεταθήσει
1764 591 1792 617 δὲ
1816 590 1894 626 δίκην

1108 636 1272 672 δραγμάτων
1294 637 1334 668 είς
1355 636 1410 669 ἕξιν
1422 645 1451 663 τε
1471 636 1518 662 καὶ
1541 636 1677 663 πολιτείαν
1703 637 1894 672 εὺαγγελικὴν,

1109 685 1239 718 ἀποκερεί
1252 679 1280 709 δὲ
1302 683 1402 718 ὁμοίως
1423 683 1553 709 πολνοέου
1578 682 1626 718 μὲν
1652 683 1754 718 πλάνης
1777 683 1824 709 τόν
1841 683 1894 712 τῶν

1110 728 1225 756 εἰδώλων
1247 728 1447 764 προσκυνητὴν,
1472 729 1590 764 μετοίσει
1614 728 1642 755 δὲ
1659 729 1727 764 πρὸς
1746 729 1894 763 ἐπίγνωσιν

1108 775 1155 803 τοῦ
1173 775 1233 803 κατ’
1255 775 1386 810 ἀλήθειαν
1410 775 1486 806 ὄντος
1510 774 1589 807 Θεοῦ,
1613 775 1658 802 καὶ
1678 775 1707 801 τὸ
1723 775 1845 818 σύμπαν,
1859 774 1896 807 ὡς

1109 821 1158 854 ἐνι,
1173 821 1219 849 καὶ
1243 821 1392 857 ωλλήὸδην
1411 821 1507 852 εἰπεῖν,
1530 821 1593 853 τοὺς
1616 820 1780 855 φρονοῦντας
1799 820 1840 847 ἔτι
1864 821 1896 847 τὰ

1109 867 1156 894 ὲπὶ
1176 867 1226 901 τῆς
1251 867 1303 901 γῆς
1329 866 1396 901 πρὸς
1420 866 1470 902 τὴν
1497 865 1551 893 τῶν
1578 865 1701 900 ἀγγέλων
1730 865 1896 901 μεταστήσει

1111 912 1181 948 ζωὴν
1194 913 1237 939 διὰ
1256 913 1372 943 πίστεως
1387 911 1436 947 τῆς
1454 912 1494 943 εἰς
1515 911 1641 947 Χριστόν.
1662 911 1771 947 Ταύτην
1789 911 1840 946 μὲν
1853 911 1896 948 δὴ,

1111 947 1204 993 φησὶν,
1220 959 1234 985 ὁ
1246 957 1300 984 τῶν
1317 957 1447 994 θεριστῶν
1463 957 1638 993 ἐξεργάσεται
1657 957 1744 992 λόγος.
1763 947 1896 984 Ἔσται-δ’

1110 1002 1156 1031 οὖν
1177 1004 1250 1039 ὅμως
1268 1004 1318 1030 οὐκ
1334 1003 1464 1039 ἀμισθής·
1488 1003 1596 1036 συνάξει
1609 1004 1663 1040 γὰρ
1680 1004 1712 1039 δὴ
1728 1005 1837 1036 πάντως
1849 1004 1897 1030 αὖ-

1110 1051 1167 1080 τοῖς
1180 1050 1225 1076 τὸν
1238 1050 1278 1080 εἰς
1292 1049 1363 1085 ζωὴν
1384 1049 1491 1077 αἰώνιον
1510 1049 1697 1085 ἀποτρέψοντα
1712 1049 1828 1085 καρπόν·
1852 1050 1897 1076 καὶ

1111 1095 1142 1122 οὗ
1158 1095 1189 1130 δή
1213 1103 1264 1121 που
1281 1094 1410 1126 λαϐόντες
1427 1094 1501 1129 μόνοι
1523 1095 1584 1121 καθ’
1605 1094 1716 1126 ἑαυτοὺς
1743 1094 1903 1130 εὐφρανθής

1113 1147 1211 1169 σονται,
1230 1139 1286 1165 ἀλλ’
1298 1138 1336 1169 ὡς
1361 1139 1416 1170 τοῖς
1430 1138 1485 1165 τῶν
1507 1139 1655 1174 προφητῶν
1679 1139 1897 1174 ἑπικεκμηκότες

1112 1184 1214 1216 πόνσις,
1230 1186 1275 1211 καὶ
1289 1185 1334 1211 τὸν
1354 1185 1418 1220 παρ’
1432 1185 1543 1211 ἐκείνων
1563 1185 1810 1221 προγεωργηθέντα
1827 1184 1898 1221 θερί-

1113 1222 1208 1267 ὰαξιτες
1223 1229 1333 1265 σπόρον,
1350 1230 1414 1265 μίαν
1435 1230 1526 1262 αὐτοῖς
1545 1231 1729 1257 ὲπιτελέσουσι
1740 1230 1790 1265 τὴν
1813 1231 1898 1266 πανή-

1224 1274 1308 1310 Οἷμαι
1328 1275 1350 1302 δ’
1363 1275 1450 1310 ἔγωγε
1464 1276 1509 1303 τδν
1529 1275 1682 1310 σοφώτατον
1696 1276 1812 1308 Παῦλον,
1836 1276 1898 1308 τοὺς

1111 1322 1157 1348 ἐπὶ
1170 1322 1225 1353 τοῖς
1240 1321 1363 1357 μέλλουσι
1380 1321 1481 1353 τύπους
1495 1321 1708 1357 ἐκμεμαθηκότα
1734 1322 1839 1356 σαφῶς,
1854 1322 1898 1348 ὲν-

1111 1367 1206 1394 τεῦθεν
1228 1368 1315 1394 εἰπεῖν
1327 1367 1391 1404 περί
1407 1368 1503 1394 τεντῶν
1520 1368 1605 1402 ἁγίων
1629 1367 1755 1403 πατέρων
1770 1368 1818 1395 καὶ
1833 1376 1899 1404 προ-

1112 1413 1214 1449 φητῶν,
1228 1413 1268 1449 ὅτι
1284 1423 1293 1439 ι
1314 1407 1373 1452 πάι
1384 1410 1456 1440 οὗτοι
1470 1414 1570 1445 πάντες
1584 1414 1773 1446 τελειωθέντες
1795 1413 1840 1440 διὰ
1851 1413 1900 1449 τῆς

1115 1459 1231 1491 πίστεως
1247 1456 1297 1494 οὐῇι
1316 1451 1479 1494 ἒίομισαντο
1504 1460 1552 1495 τὴν
1568 1459 1744 1494 ἐπαγγελίαν,
1768 1459 1816 1486 τοῦ
1833 1459 1899 1486 Θεοῦ

276 1504 340 1541 περὶ
351 1504 429 1541 ήμῶν
443 1504 565 1540 κρεῖττόν
575 1512 602 1530 τι
614 1502 849 1539 προϐλεψαμένου,
885 1502 929 1529 ἶνα
958 1502 995 1538 μὴ
1027 1504 1110 1539 χωρὶς
1130 1504 1209 1540 ἡμῶν
1233 1499 1419 1532 τελειωθῶσιν.
1439 1514 1449 1531 ι
1480 1504 1562 1540 Ὀμοῦ
1593 1505 1646 1540 γὰρ
1671 1505 1768 1541 χρῆναι
1795 1505 1900 1540 χαίρειν

275 1550 435 1587 ἐδοκίμασεν
471 1551 485 1576 ό
513 1550 608 1587 Σωτὴρ
632 1550 670 1586 τῷ
700 1550 902 1586 προεσπαρκότι
934 1550 980 1577 τὸν
1013 1551 1150 1588 θεριστήν.

311 1596 358 1629 ιν,
377 1595 421 1623 58.
444 1594 499 1631 Ego
514 1596 575 1622 misi
600 1603 643 1622 vos
656 1601 750 1623 metere
767 1596 836 1631 quod
854 1604 899 1623 vos
918 1604 971 1624 non
984 1597 1058 1624 labo-

1151 1598 1225 1633 Ἐγὼ
1239 1598 1404 1626 ἀπέστειλα
1414 1597 1492 1634 ὺμᾶς
1502 1598 1635 1633 θερίζειν,
1654 1598 1670 1625 ὃ
1685 1599 1741 1634 οὐχ
1756 1599 1843 1634 ὑμεῖς
1855 1608 1900 1627 λιε-

275 1641 380 1668 rastis:
396 1641 443 1668 alii
467 1641 669 1675 laboraverunt,
690 1646 715 1669 et
737 1649 781 1669 vos
803 1642 831 1668 in
848 1641 950 1669 labores
972 1650 1063 1670 eorum

276 1687 423 1715 t’utraiatis.

312 1732 412 1760 Totum
426 1732 466 1760 eis
478 1732 585 1767 tandem
601 1732 704 1761 revelat
718 1733 890 1769 mysterium,
903 1737 930 1761 et
942 1733 1063 1761 obscuro

249 1806 251 1810 Α
277 1778 398 1806 circuitu
422 1774 569 1815 verborum
599 1778 709 1806 sublato
741 1778 994 1807 manifestissimam
1023 1780 1063 1808 rei

277 1826 441 1862 signiﬁcata:
455 1826 619 1854 sententiam
635 1826 756 1854 exhibet.
772 1825 839 1854 Cum
855 1830 944 1854 autem
967 1826 1064 1853 Salva—
1082 1838 1086 1842 -

274 1876 322 1900 tor
336 1872 488 1908 prophetas
507 1875 534 1900 et
551 1863 693 1908 apostolos
713 1871 853 1907 diligeret,
879 1879 929 1900 nec
954 1872 1063 1900 illorum

278 1918 372 1946 labore
385 1925 480 1946 carere
494 1919 554 1945 vult
567 1918 718 1954 apostolos,
735 1925 788 1946 nec
809 1917 1064 1953 sanctis'apostolis

278 1969 362 1993 totam
383 1965 498 2000 gloriam
521 1964 618 1992 tribuit
638 1972 734 1992 eorum
763 1965 812 1999 qui
836 1964 960 1991 salvandi
985 1967 1065 1991 erant

277 2017 327 2044 per
341 2009 421 2037 ﬁdem
437 2010 464 2037 in
481 2010 574 2045 ipsum
590 2019 596 2037 :
614 2010 661 2038 sed
679 2014 835 2045 temperans
849 2009 1063 2045 quodammodo,

278 2058 305 2082 et
322 2059 416 2083 mutua
432 2056 590 2091 operatione
607 2057 774 2091 permiscens
791 2061 971 2090 utrorumque
986 2055 1063 2082 labo-

278 2108 347 2133 rem,
367 2108 452 2128 unum
469 2101 530 2128 fore
552 2101 590 2129 ait
612 2101 640 2128 in
664 2102 789 2136 utrisque
812 2101 905 2136 gloria:
931 2100 1063 2128 studium.
1087 2104 1091 2108 ‘

278 2146 412 2174 Introisse
425 2145 516 2174 tamen
538 2146 679 2182 apostolos
693 2147 721 2174 in
735 2150 895 2174 sanctorum
921 2146 1065 2180 propheta-

279 2199 340 2219 rum
353 2192 462 2220 labores
470 2192 581 2225 asserit,
595 2199 649 2220 non
664 2192 828 2227 permittens
843 2191 974 2218 insultare
989 2191 1064 2225 prio-

278 2244 340 2265 rum
363 2238 513 2270 nobilitati,
539 2236 587 2265 sed
612 2244 661 2264 eos
690 2237 793 2264 honore
820 2236 947 2271 prosequi
974 2235 1064 2270 potius

279 2282 469 2318 persuadens,
494 2286 524 2309 ut
546 2282 594 2318 qui
622 2281 716 2309 labore
742 2286 768 2309 et
788 2285 910 2316 tempore
934 2285 1063 2316 prteeant.

279 2326 418 2361 Optimum
441 2331 530 2354 autem
552 2325 632 2354 istud~
645 2326 727 2354 nobis
741 2333 851 2361 quoque
871 2325 1064 2353 documentum

279 2371 348 2404 fore;
367 2371 430 2407 quis
443 2379 565 2412 annuere
576 2370 760 2405 detrectabit}?

1113 1643 1284 1672 uoztdxats'
1299 1645 1387 1672 ἄλλοι
1401 1645 1608 1678 κεκοπιάκασι,
1621 1645 1668 1672 καὶ
1681 1646 1724 1679 εις
1735 1645 1789 1672 τὸν
1805 1646 1901 1673 κόπον

1113 1690 1213 1718 αὐτῶν
1228 1691 1452 1725 εἰσεληλύθατε.
1796 1722 1801 1725 _

1150 1735 1221 1771 Ἤδη
1237 1735 1268 1762 τὸ
1283 1735 1392 1770 σύμπαν
1406 1736 1498 1768 αὐτοῖς
1521 1735 1705 1763 ἁνακαλύπτει
1734 1737 1900 1773 μυστήριον.

1113 1781 1159 1807 καὶ
1173 1781 1222 1816 τὴν
1234 1781 1420 1816 αἰνιγματώδη
1435 1781 1489 1808 τῶν
1503 1781 1589 1816 λόγων
1619 1782 1777 1818 ἀποστήσας
1793 1784 1903 1819 7:59:60—

1113 1826 1172 1861 λὴν,
1189 1827 1390 1862 ἐναργεστάτην
1408 1826 1454 1854 τοῦ
1470 1827 1668 1862 σημαινομένου
1685 1828 1835 1864 παρίστησι
1854 1830 1901 1863 τὴν

1113 1869 1242 1897 διάνοιαν.
1260 1870 1466 1906 Φιλοπροφήτης
1481 1870 1509 1897 δὲ
1523 1870 1561 1897 ὢν
1572 1872 1586 1898 ό
1603 1872 1707 1908 Σωτὴρ,
1726 1873 1774 1900 καὶ¹
1788 1874 1902 1908 φιλαπό-

1115 1916 1217 1948 στολος,
1232 1915 1294 1942 οὒτε
1308 1916 1354 1943 τὸν
1368 1916 1480 1943 ἐκείνων
1495 1916 1573 1944 πόνον
1593 1918 1644 1952 ἔξω
1657 1920 1708 1954 τῆς
1717 1919 1772 1946 τῶν
1787 1920 1902 1946 ἀποστό-

1115 1961 1168 1988 λων
1184 1961 1274 1996 τίθησι
1295 1961 1397 1997 χειρὸς,
1417 1961 1479 1989 οὗτε
1511 1963 1565 1998 μὴν
1591 1963 1744 2000 ὁλοκλήρως
1768 1966 1901 2001 ἀπονέμει

1113 2007 1170 2038 τοῖς
1185 2006 1270 2040 ἁγίοις
1286 2007 1444 2039 ἀποστόλοις
1463 2007 1493 2034 τδ
1502 2008 1548 2034 ἐπὶ.
1563 2009 1620 2040 τοῖς
1637 2008 1779 2044 μέλλουσιν
1795 2010 1901 2036 ἀνασω-

1115 2051 1245 2086 θήσεσθαι
1259 2051 1389 2086 καύχημα
1404 2051 1449 2078 διά
1472 2052 1591 2084 πίστεως
1603 2053 1652 2088 τῆς
1668 2054 1708 2085 εις
1722 2054 1816 2081 αὐτόν·
1839 2053 1902 2082 ἀνέ-

1115 2097 1234 2133 κεράσας
1257 2097 1285 2123 δὲ
1305 2097 1400 2133 ὥσπερ
1423 2097 1470 2124 καὶ
1481 2099 1540 2130 ταῖς
1553 2099 1582 2125 ὲν
1603 2099 1730 2134 ἀλλήλαις
1753 2101 1901 2136 ἐνεργείαις

1115 2140 1164 2177 [aL
1181 2142 1362 2178 συνεργείαις]
1371 2143 1505 2177 ἀναμίξας
1520 2143 1565 2170 τὸν
1576 2145 1714 2180 ἑκατέρων
1729 2145 1822 2176 πόνον.
1840 2147 1901 2181 μίαν

1115 2187 1225 2214 ἔσεσθαί
1239 2196 1314 2223 φησι,
1333 2183 1379 2214 καὶ
1399 2189 1471 2224 μάλα
1486 2190 1607 2222 εἰκότως,
1623 2190 1666 2217 ἐπ’
1681 2191 1783 2225 ἀμφοῖν
1797 2191 1846 2228 τὴν
1861 2200 1901 2226 φι-

1115 2233 1249 2269 λοτιμίαν.
1273 2234 1466 2270 Εἰσϐεϐηκέναι
1490 2243 1522 2270 γε
1549 2235 1602 2271 μὴν
1618 2236 1665 2262 ἐπὶ
1679 2238 1734 2268 τοῖς
1750 2237 1804 2263 τῶν
1819 2238 1902 2271 ἁγίων

1118 2279 1266 2314 προφητῶν
1291 2279 1353 2311 τοὺς
1377 2280 1542 2311 ἀποστόλους
1573 2279 1774 2308 διαϐεϐαιοῦται
1802 2283 1900 2314 πόνοις,

1117 2326 1177 2356 ταῖς
1202 2325 1257 2352 τῶν
1288 2325 1476 2361 προλαϐόντων
1510 2326 1645 2359 εὐκλειαις
1673 2328 1723 2354 οὐκ
1748 2329 1902 2364 ἐπιτρέπων

1117 2371 1284 2404 ὲνάλλεσθαι,
1300 2372 1381 2407 τιμᾷν
1402 2371 1430 2398 δὲ
1454 2372 1553 2406 μᾶλλον
1573 2371 1728 2399 ἀναπείθων
1741 2374 1852 2407 αὐτοὺς,
1867 2373 1902 2406 ὡς

279 2419 469 2455 ἡγησαμένους
484 2418 513 2445 ἐν
527 2427 558 2445 τε
579 2418 663 2453 πόνῳ,
685 2417 732 2446 καὶ
747 2417 846 2454 χρόνῳ.
863 2417 1012 2445 Κάλλιστον
1033 2418 1060 2445 δὲ
1078 2418 1109 2455 δή
1123 2428 1173 2446 που
1186 2420 1233 2446 καὶ
1247 2421 1312 2456 ἡμῖν
1325 2419 1366 2446 ὅτι
1386 2419 1417 2454 δὴ
1431 2419 1539 2452 πάντως
1552 2419 1627 2446 ἔσται
1639 2419 1670 2447 τὸ
1701 2413 1832 2456 μαθημα,
1864 2422 1902 2452 τίς

278 2464 294 2491 ό
311 2465 446 2491 συνάινείν
460 2463 676 2499 παραιτούμενος
690 2471 698 2496 ;

315 2511 393 2546 20],
403 2506 457 2543 IV,
467 2510 512 2538 39.
529 2510 571 2537 Ea;
581 2510 685 2544 civitate
700 2514 786 2537 autem
802 2510 851 2537 illa
860 2510 936 2538 multi
950 2511 1066 2539 credide-

281 2560 342 2591 runt
362 2557 389 2582 in
407 2563 467 2581 eum
481 2548 715 2587 Sq‘niaritanorum
727 2575 735 2588 ,
751 2560 856 2591 propter
876 2557 980 2583 uerbum
1006 2564 1066 2583 mu—

281 2601 353 2628 lieris
369 2601 545 2628 tertimoniuin
557 2600 733 2636 per/aibantis‘:
745 2602 814 2636 Quia
825 2602 892 2629 dixit
903 2601 967 2628 mihi
976 2602 1066 2629 omnia

280 2655 439 2684 qua'cunque
453 2647 514 2682 feci.

318 2692 364 2720 His
383 2693 474 2720 verbis
493 2700 603 2721 rursum
627 2694 714 2722 Israel
735 2694 953 2727 condemnatur,
975 2697 1004 2722 et
1030 2701 1065 2721 ex

282 2738 519 2767 Samaritanorum
537 2739 669 2768 facilitate
683 2741 770 2769 durus
785 2745 812 2768 et
827 2740 988 2776 praefractus
1002 2739 1064 2774 ejus

281 2785 391 2812 animus
407 2785 542 2820 arguitur.
563 2785 747 2815 Vehementer
758 2786 831 2815 enim
848 2786 963 2814 miratur
980 2793 1062 2814 evan-

326 2876 348 2893 "
361 2875 442 2904 Henr.
457 2883 483 2904 rt
493 2895 501 2910 ,
515 2875 560 2910 59,
577 2876 624 2906 40.

1159 2512 1210 2538 Ἐκ
1220 2510 1254 2536 δὲ
1265 2509 1320 2544 τῆς
1336 2510 1451 2542 πόλεως
1463 2508 1582 2542 ἐκείνης
1593 2509 1702 2536 πολλοὶ
1718 2509 1903 2538 ἐπίστευσαν

1117 2558 1161 2590 εἵς
1173 2556 1266 2583 αὑτὸν
1280 2554 1340 2581 τῶν
1350 2553 1538 2588 Σαμαρειτῶν
1552 2553 1600 2581 διὰ
1612 2554 1665 2581 τὸν
1677 2555 1772 2589 λόγον
1786 2555 1842 2590 τῆς
1853 2565 1902 2590 τυ-

1117 2603 1222 2635 ναικὸς
1243 2601 1465 2637 μαρτυρούσης
1485 2600 1550 2626 Ὀτι
1568 2598 1633 2627 εἶπέ
1652 2609 1704 2635 μοι
1720 2600 1830 2634 πάντα,
1847 2601 1904 2628 ὅσα

1117 2647 1256 2681 ἐποίησα.

1154 2691 1355 2727 Κατακρίνεται
1373 2690 1452 2718 πάλιν
1461 2690 1509 2718 καὶ
1523 2690 1567 2717 διὰ
1579 2690 1681 2718 τούτων
1695 2692 1710 2717 ό
1727 2691 1849 2726 Ἰσραὴλ,
1859 2691 1904 2718 καὶ

1116 2738 1160 2765 διά
1189 2737 1238 2772 τῆς
1267 2735 1442 2772 Σαμαρειτῶν
1475 2737 1646 2769 εὐπειθείας,
1672 2737 1847 2773 ἀφιλομαθής
1875 2745 1902 2762 τε

1115 2783 1184 2820 ὁμοῦ
1201 2784 1247 2811 καὶ
1262 2783 1369 2818 ἀπηνὴς
1391 2782 1570 2818 ἐξελέγχεται.
1598 2782 1738 2818 Θαυμάζει
1761 2783 1817 2818 γάρ
1846 2783 1903 2809 λίαν
