2028 3118
185 175 237 203 520

705 180 739 209 ΙΝ
760 179 901 208 JOANNIS
921 179 1145 209 EVANGELIUM
1168 181 1233 210 LIB.
1253 181 1284 210 Π.

1706 185 1806 214 ‘330

187 235 409 272 όεὺαγγελιστὴς
428 236 539 269 πολλοὺς
557 237 596 270 εἰς
610 238 727 273 Χριστὸν
748 237 967 269 πεπιστευκέναι,

1023 237 1118 272 geltsta
1135 239 1237 266 multOs
1257 239 1283 265 in
1308 238 1449 267 Christum
1469 238 1634 273 credidisse,
1659 247 1722 268 cum
1747 243 1807 270 ait:

188 280 285 313 λέγων,
302 289 311 306 ε
326 281 376 308 Διὰ
392 282 436 309 τὸν
458 283 536 316 λόγον
551 283 598 318 τῆς
611 283 748 317 γυναικὸς,
769 294 778 310 ι
807 284 896 310 καίτοι
918 283 972 311 τῶν

186 325 230 352 διὰ
256 326 341 360 νόμου
368 327 633 363 παιδαγωγουμένων
662 329 702 361 είς
735 329 783 364 τὴν
811 329 857 356 ἐπὶ
886 329 972 364 τούτῳ

187 371 297 405 γνῶσιν,
317 372 378 398 οὔτε
397 372 446 405 τὰς
468 374 588 405 Μωσέως
614 373 841 410 παραδεξαμένων
868 375 970 410 φωνὰς,

186 416 247 442 οὔτε
266 418 324 449 τοῖς
343 418 488 454 προφητῶν
503 419 543 445 ὅτι
569 420 707 446 πείθεσθαι
722 421 774 456 χρὴ
789 421 972 456 διεγνωκότων

186 465 357 501 κηρύγμασι.
369 467 626 502 Προκατασκευάζει
641 468 668 495 δὲ
681 468 726 495 διὰ
738 469 849 502 τούτων,
873 469 972 504 μᾶλλον

185 511 213 538 δὲ
230 513 459 548 προαπολογεῖται
475 514 574 548 σοφῶς,
591 514 631 540 ὅτι
646 514 756 550 χάριτός
766 523 795 541 τε
806 515 852 544 κσξι
866 515 972 547 ἐλπίδος

185 557 235 592 τῆς
246 559 286 590 εἰς
300 559 418 594 Χριστὸν
433 559 615 594 ὲξωσθήσεται
633 560 682 595 μὲν
694 560 811 595 εὐλόγως
821 561 836 586 ὀ
854 561 970 597 Ἰσραὴλ,

184 603 394 639 ἀντεισϐήσεται
408 604 437 630 δὲ
451 605 504 631 τῶν
527 605 621 638 ὲθνῶν,
640 606 699 641 ἤτοι
711 606 764 633 τῶν
777 606 938 642 ἀλλογενῶν,
954 608 970 643 ἡ

184 650 381 685 εὐπειθεστέρα
395 650 508 686 πληθύς.

227 695 272 727 Ὠς
302 694 359 723 οὖν
387 694 482 731 ἦλθον
513 697 588 731 πρὸς
616 697 709 724 αὐτὸν
732 699 759 724 οὶ
785 698 970 733 Σαμαρεῖται,

183 741 306 774 ἠρώτων
330 742 423 768 αὑτὸν
439 741 538 776 μεῖναι
559 743 626 777 παρ’
651 743 761 775 αὐτοῖς·
780 744 829 771 καὶ
855 744 972 778 ἔμεινεν

183 787 248 813 ἐκεῖ
261 787 314 814 δύο
327 787 448 822 ἡμέρας.
463 788 516 815 Kal
537 787 640 821 πολλῷ
657 789 780 822 πλείους
787 789 971 817 ἐπίστευσαν

184 833 234 859 διὰ
248 833 301 859 τὸν
315 834 408 867 λόγον
420 834 525 861 αὐτοῦ.

227 878 380 914 Ἑξηγείται
400 879 449 914 μὲν
472 881 509 912 ὡς
533 881 562 907 ὲν
586 881 717 917 ἁπλότητι
729 882 827 917 λόγων,
845 882 859 908 ὃ
874 882 905 918 δὴ
922 890 970 917 γε-

185 924 278 950 νέσθαι
298 925 471 960 συμϐέϐηκεν
484 934 490 940 ·
513 926 610 962 ἑτέραν
626 927 654 954 δὲ
669 928 763 964 ὥσπερ
777 928 902 965 ὲξαρτύει
917 930 970 956 πά-

186 969 227 997 λιν
243 970 384 1003 ὐπίδειξιν,
398 971 443 998 τοῦ
456 973 551 1008 χρῆναι
565 973 676 1006 δικαίως
696 975 910 1011 ἀπορῤίπτεσθαι
924 976 972 1010 μὲν

185 1018 236 1051 τῆς
259 1018 365 1049 ἐλπίδος
382 1018 427 1045 τὸν
455 1019 571 1055 Ἰσραὴλ,
596 1022 884 1056 μεταμοσχεὺεσοαιδὲ
908 1023 970 1054 τοὺς

185 1062 339 1096 ἁλλογενεῖς
369 1063 412 1090 ἐπ’
437 1065 531 1100 αὑτήν,
555 1065 673 1093 Ἰουδαῖοι
699 1067 748 1102 μὲν
772 1067 826 1103 γὰρ
848 1067 971 1102 θαυματ-

185 1108 337 1143 ουργοῦντα
363 1110 491 1142 ποικίλως
517 1111 562 1138 τὸν
585 1111 700 1148 Ἰησοῦν,
726 1114 773 1141 καὶ
795 1114 823 1140 ὲν
852 1114 914 1150 δόξῃ
937 1116 969 1150 τῇ

187 1153 336 1189 Θεοπρεπεῖ
360 1155 555 1191 διαλάμποντα,
581 1159 692 1193 πικραῖς
711 1167 742 1185 τε
755 1160 803 1186 καὶ
824 1160 971 1196 ἀφορήτοις

187 1199 325 1232 ὑπονοίαις
339 1200 488 1236 ὑϐρίζουσι,
510 1203 556 1229 καὶ
572 1203 697 1231 τοσοῦτον
723 1206 897 1241 ὲμπαροινείν
921 1206 971 1233 οὐκ

186 1245 367 1281 ὲρυῡριῶντες
381 1247 546 1278 ἁλίσκονται.
556 1249 593 1281 ὡς
604 1249 707 1281 ἔξοικόν
719 1259 748 1277 τε
763 1251 909 1285 ποιεῖσθαι,
926 1253 971 1279 καὶ

187 1291 291 1322 πόλεως
305 1293 354 1328 τῆς
365 1293 497 1330 σφετέρας
506 1294 627 1322 ἐλαύνειν
638 1296 850 1330 ὲπείγεσθαιτὸν
861 1297 971 1333 ἁπάσης

185 1337 278 1369 αὐτοῖς
291 1338 421 1374 εὐθυμίας
430 1339 567 1375 πρόξενον.
586 1341 751 1377 Σαμαρεῖται
762 1343 790 1370 δέ
803 1352 835 1378 γε
851 1345 916 1379 μιᾶς
924 1353 972 1379 γυ-

187 1383 278 1415 ναικὸς
287 1385 516 1420 ἀναπεπεισμένοι
534 1386 631 1420 λόγοις,
647 1387 791 1423 δρομαίους
804 1389 852 1424 μὲν
865 1390 904 1417 ὅτι
918 1391 970 1426 χρὴ

187 1430 255 1465 πρὸς
266 1431 346 1457 αὐτὸν
363 1431 535 1466 ἀφικνεῖσθαι
549 1431 709 1466 λογίζονται.
723 1434 832 1471 Ἐπειδὴ
846 1435 875 1462 δὲ
892 1433 969 1472 ἦκον,

187 1475 350 1511 ὲκλιπαροῦν
365 1476 539 1511 ἐσπούδαζον,
552 1479 592 1510 εἷς
607 1487 636 1505 τε
647 1478 677 1505 τὺ
685 1479 752 1506 ἄστυ
762 1481 915 1517 παρελθεῖν,
924 1482 971 1509 καὶ

186 1521 232 1547 τὸν
246 1522 377 1557 σωτήριον
388 1523 479 1554 αὐτοῖς
486 1523 740 1557 ὲπιδαψιλεύσασθαι
753 1526 841 1560 λόγον·
853 1527 971 1554 ἐπινεύει

187 1565 217 1592 δὲ
231 1566 381 1602 προχείρως
403 1568 443 1599 εἰς
460 1568 544 1603 ἄμφω
559 1569 686 1605 Χριστὸς,
705 1571 755 1598 οὐκ
777 1571 901 1607 ἄκαρπον
914 1572 970 1599 ἔσε-
985 1585 1006 1614 c

187 1612 251 1639 σθαι
269 1612 319 1646 τὴν
329 1612 409 1648 χάριν
423 1612 511 1645 εἰδώς.
522 1614 617 1641 Πολλοὶ
630 1615 684 1651 γὰρ
697 1616 860 1644 ἐπίστευσαν
871 1618 915 1645 διὰ
926 1618 971 1646 τὸν

185 1657 265 1692 λόγον
283 1659 376 1686 αὑτοῦ.
394 1658 473 1686 Ἰστω
487 1660 568 1688 πάλιν
592 1661 637 1688 διὰ
654 1662 755 1690 τούτων
771 1664 785 1689 ὸ
808 1663 929 1698 (potest;
941 1673 972 1691 τε

187 1704 234 1730 καὶ
247 1704 420 1740 φιλευλαὸὴς,
443 1705 485 1732 ὅτι
500 1706 554 1733 τῶν
578 1707 629 1742 μὲν
646 1707 802 1734 λυπούντων
816 1708 896 1735 αὑτὸν
915 1709 971 1736 ἀπ-

185 1749 328 1775 ανίσταται
345 1750 471 1785 Χριστὸς,
490 1751 650 1783 ἐνοικίζεται
670 1752 698 1778 δὲ
720 1754 777 1785 τοῖς
798 1754 971 1789 εὐφραίνουσι

184 1793 220 1820 δι’
231 1794 353 1830 ὑπακοῆς
367 1804 396 1822 τε
409 1796 456 1823 καὶ
469 1796 585 1829 πίστεως
594 1797 708 1832 ἀγαθῆς.

225 1840 264 1875 Τῇ
276 1849 307 1868 rs
319 1842 435 1876 γυναικὶ
456 1842 572 1877 ἔλεγον,
586 1843 630 1870 ὅτι
648 1843 752 1871 Οὐκέτι
769 1844 818 1871 διὰ
833 1844 889 1879 τὴν
910 1845 971 1879 σὴν

185 1887 298 1914 λαλιὰν
322 1888 511 1923 πιστεύομεν·
533 1889 618 1916 αὐτοὶ
642 1889 698 1924 τὰρ
720 1890 892 1925 ἀκηκόαμεν
922 1891 972 1918 καὶ

186 1932 320 1967 οἴδαμεν,
338 1933 382 1959 ὅτι
398 1931 486 1966 οὗτός
510 1933 596 1960 ἐστιν
618 1934 736 1969 ἀληθῶς
752 1937 768 1962 ό
791 1936 892 1971 Σωτὴρ
918 1937 971 1964 τοῦ

184 1979 302 2012 κόσμου
317 1981 334 2006 ὁ
347 1980 481 2014 Χριστός.

230 2025 296 2051 Ἀπὸ
309 2025 364 2052 τῶν
380 2025 510 2061 μειζόνων
524 2027 708 2063 Σαμαρείταις
720 2028 737 2063 ἡ
749 2027 848 2060 πίστις,
865 2029 912 2055 καὶ
921 2029 972 2056 οὐκ

161 2060 173 2069 ’
185 2070 216 2102 ἐξ
229 2068 266 2097 ὧν
283 2070 323 2096 ἑτι
333 2071 397 2106 παρ’
414 2071 507 2107 ἑτέρου
532 2060 720 2108 μανθάνουσιν,
731 2060 794 2100 ’ἀλλ’
814 2073 844 2105 ἐξ
854 2070 891 2100 ὧν
905 2073 971 2100 αύτ-

185 2116 264 2152 ήκοοι
278 2117 418 2150 γεγονότες
441 2117 635 2152 Θαυμάζουσιν.
657 2119 819 2152 Ἐγνωκέναι
829 2119 857 2145 δέ
872 2127 953 2153 φασιν
963 2138 970 2151 ,

185 2163 281 2198 ὅτιπερ
301 2163 345 2197 εἴη
368 2162 460 2197 σαφῶς
477 2163 556 2196 αὐτὸς
571 2164 584 2190 ό
607 2163 654 2190 τοῦ
676 2164 778 2199 κόσμου
805 2164 910 2200 Σωτὴρ,
926 2164 972 2190 πι‹

185 2216 270 2239 στεως
284 2208 411 2244 ἐνέχυρον
427 2209 475 2245 τῆς
491 2210 530 2242 εις
542 2209 622 2236 αὑτὸν
639 2210 744 2242 ἐλπίδος
763 2210 812 2246 τὴν
827 2210 972 2246 ὁμολογίαν

184 2254 262 2280 ποιού
267 2263 343 2288 μενοι
348 2275 354 2282 .

218 2300 301 2326 Μετὰ
332 2301 366 2327 δὲ
395 2301 447 2334 τὰς
470 2301 525 2328 δύο
552 2302 663 2336 ἡμέρας
693 2302 824 2337 ἐξῆλθεν
855 2303 969 2331 ἐκεῖθεν

182 2347 226 2379 εἰς
243 2346 303 2380 τὴν
316 2347 494 2374 Γαλιλαίαν.
511 2348 609 2380 Αὐτὸς
627 2348 682 2382 γὰρ
707 2348 825 2382 Ἰησοῦς
846 2349 969 2384 ἐμαρτύ-

179 2399 290 2425 ρησεν,
311 2391 356 2418 ὅτι
378 2392 534 2427 προφήτης
552 2394 587 2420 ἐν
615 2393 652 2428 τῇ
668 2393 727 2427 ὶδιᾳ
744 2394 861 2428 πατρίδι
882 2395 969 2430 τιμὴν

182 2438 239 2464 οὐκ
251 2437 324 2471 ἔχει.

221 2481 328 2513 Ἐξεισι
346 2482 396 2517 μὲν
407 2483 462 2509 ἀπὸ
479 2485 527 2518 τῆς
540 2484 707 2519 Σαμαρείας,
721 2483 906 2519 κατασπείρας
918 2483 968 2519 ἤδη

181 2528 228 2554 τὸν
251 2529 383 2564 σωτήριον
395 2529 483 2562 λόγον,
503 2530 550 2556 καὶ
570 2529 692 2565 γεωργοῦ
705 2538 777 2561 τινος
795 2530 872 2565 δίκην
886 2531 969 2564 ἐγκα-

180 2573 326 2608 τακρύψας
349 2575 397 2609 τὴν
417 2575 507 2602 πίστιν
531 2577 587 2607 τοῖς
612 2575 730 2602 οἰκοῦσιν
752 2575 845 2611 αὐτὴν,
862 2576 910 2611 οὐχ
925 2575 969 2602 ἵνα

181 2620 244 2650 ταῖς
260 2619 315 2645 τῶν
329 2619 464 2647 λαϐόντων
478 2621 670 2656 καταόεσμοῖτο
685 2622 810 2653 σιωπαῖς,
829 2621 969 2656 ὴρεμοῦσα

182 2665 284 2700 τρόπον
297 2666 358 2693 τινὰ
370 2667 416 2693 καὶ
429 2668 671 2703 κατακεχωσμένη,
693 2668 749 2694 ἀλλ’
765 2668 809 2694 ἵνα
817 2667 849 2702 δὴ
868 2668 969 2702 μᾶλλον

183 2711 242 2741 ταῖς
259 2711 386 2737 ἁπάντων
406 2712 604 2745 ὲγκαταφύοιτο
617 2712 724 2746 ψυχαῖς,
746 2711 868 2748 ἕρπουσά
881 2719 911 2737 τε
922 2711 969 2738 καὶ

182 2756 357 2792 διῑκνουμένη
385 2757 452 2792 πρὸς
473 2757 503 2782 τὸ
519 2756 610 2791 μεῖζον
635 2757 687 2789 ἀεὶ,
704 2758 750 2784 καὶ
769 2757 837 2792 πρὸς
858 2756 906 2792 τὴν
923 2757 969 2782 ὲκ-

183 2801 353 2837 φανεστέροιν
365 2802 496 2838 τρέχουσα
514 2802 635 2837 δύναμιν.
659 2803 765 2837 Ἐπειδὴ
783 2803 810 2828 δὲ
826 2802 869 2829 διὰ
886 2802 968 2836 μέσου

184 2848 316 2883 κειμένην
338 2848 504 2882 παρατρέχει
532 2848 581 2882 τὴν
595 2848 730 2882 Ναζαρὲτ,
750 2850 778 2874 ἐν
791 2845 862 2884 ᾗπερ
888 2848 967 2874 αὐτὸν

184 2893 405 2927 κατατετράφθαι
430 2893 517 2926 λόγος,
533 2893 570 2924 ὠς
592 2893 713 2919 ἐντεῦθεν
736 2894 798 2928 ἢδη,
816 2894 862 2920 καὶ
887 2894 968 2921 ἀστὸν

326 2941 462 2971 ΡΑΤῐιοι.
485 2941 540 2969 GR.
565 2940 693 2969 LXXIII.

1026 291 1035 308 ‹
1057 282 1173 318 Propter
1188 283 1302 311 verbum
1319 283 1461 316 mulieris,
1483 293 1492 310 ι
1511 285 1636 320 quamvis
1658 285 1677 312 ii
1697 287 1744 322 qui
1759 295 1810 323 per

1024 328 1111 364 legem
1136 329 1169 357 ad
1195 329 1276 357 istius
1300 329 1468 364 agnitionem
1494 331 1703 365 erudiebantur,
1719 340 1808 369 neque

1023 376 1126 412 Moysis
1140 376 1223 404 verba
1238 376 1420 411 susceperint,
1429 379 1721 413 nequeprOphetarum
1736 388 1807 416 pra:-

1023 422 1112 450 coniis
1130 421 1299 450 credendum
1322 429 1384 450 esse
1406 424 1574 452 censuerint.
1595 426 1700 454 Astruit
1722 434 1808 462 porro

1024 467 1067 495 his
1094 467 1186 495 verbis
1219 471 1246 495 et
1279 467 1308 494 in
1340 472 1515 495 antecessum
1543 470 1682 504 sapienter
1711 473 1808 506 probat

1023 511 1151 540 lsraelem
1168 512 1257 548 gratia
1272 516 1301 540 et
1320 520 1367 547 spe
1391 512 1438 539 illa
1464 512 1491 539 in
1515 513 1656 542 Christum
1677 516 1739 550 jure
1759 518 1809 545 de—

1024 557 1162 585 turbatum
1186 558 1238 590 iri,
1261 562 1288 585 et.
1306 558 1332 596 in
1350 559 1411 593 ejus
1432 559 1522 586 locum
1538 560 1660 595 gentium
1678 565 1725 588 aut
1744 563 1809 590 alie-

1022 604 1182 639 nigenarum
1203 604 1404 632 multitudinem
1421 605 1658 641 obsequentiorem
1682 607 1809 636 introdu-

1022 648 1148 676 cendam.

1057 693 1092 721 IV
1103 715 1110 728 ,
1129 695 1174 729 40,
1189 695 1233 722 41.
1255 695 1322 722 Cum
1336 703 1397 731 ergo
1408 696 1538 724 venissent
1555 697 1590 724 ad
1606 705 1666 724 eum
1681 697 1807 725 Samari-

1023 742 1090 773 lam',
1111 746 1268 776 rogaverunt
1285 750 1344 769 eum
1358 748 1386 769 at
1402 743 1440 769 ibi
1456 747 1592 770 maneret:
1613 748 1638 770 et
1655 745 1752 772 mansit
1771 745 1810 771 ibi

1022 787 1088 814 duos
1101 787 1167 814 dies.
1185 787 1220 814 Et
1237 788 1320 815 multo
1332 789 1420 823 plures
1435 789 1605 817 crediderunt
1626 789 1653 817 in
1669 798 1728 818 eum
1746 799 1809 825 pro-

1022 838 1079 868 pter
1096 842 1242 862 sermonem
1255 835 1322 869 ejus.

1060 879 1236 915 Simplicibus
1251 881 1342 908 verbis
1359 880 1386 908 id
1402 881 1474 917 quod
1494 881 1598 909 factum
1614 886 1657 910 est
1675 884 1808 918 exponit;

1025 926 1073 953 sed
1094 926 1174 953 aliam
1198 934 1295 954 rursus
1319 927 1583 954 demonstrationem
1605 928 1809 962 quodammodo

1025 976 1181 1008 praeparat,
1198 973 1330 999 nimirum
1346 972 1474 999 lsraelem
1489 973 1586 1000 merito
1599 981 1647 1008 spe
1662 973 1743 1009 dejici
1756 994 1764 1006 ,
1781 979 1809 1002 et

1025 1018 1053 1045 in
1079 1026 1139 1046 eam
1165 1018 1336 1054 alienigenas
1360 1019 1568 1053 transplantari.
1592 1018 1679 1046 Judaei
1705 1020 1808 1055 quippe

1024 1064 1159 1092 miracula
1176 1064 1262 1091 variis
1275 1063 1365 1091 modis
1377 1068 1530 1098 patraulem
1546 1063 1639 1092 Jesum
1650 1085 1657 1097 ,
1671 1069 1699 1093 et
1714 1066 1808 1093 divinu

1024 1110 1112 1145 gloria
1124 1109 1329 1144 praefulgean
1344 1111 1443 1138 acerbo
1459 1113 1486 1138 et
1501 1111 1612 1138 immani
1628 1110 1721 1139 furore
1744 1119 1809 1147 pro-

1025 1161 1188 1193 sequuntur,
1204 1160 1231 1184 et
1247 1163 1279 1184 eo
1298 1156 1519 1191 intemperiarum
1536 1156 1679 1185 devenisse
1698 1165 1808 1194 compe-

1024 1203 1153 1236 riuntur,
1175 1207 1206 1230 ut
1224 1206 1361 1230 extorrem
1386 1207 1414 1230 et
1440 1210 1455 1230 e
1481 1202 1591 1230 civitate
1614 1211 1664 1231 sua
1685 1205 1808 1232 exsulem

1026 1249 1116 1277 facere
1140 1252 1276 1276 conentur
1304 1248 1395 1276 omnis
1421 1248 1562 1276 felicitatis
1588 1249 1806 1278 conciliatorem.

1025 1295 1191 1323 Samaritani
1215 1302 1293 1328 vero,
1320 1295 1403 1323 unius
1431 1294 1600 1322 mulierculae
1633 1295 1807 1323 sermonibus

1024 1342 1170 1378 persuasi.
1190 1340 1350 1369 existimant
1373 1347 1471 1375 magno
1497 1347 1581 1368 cursu
1603 1340 1637 1367 ad
1663 1348 1726 1368 eum
1746 1348 1808 1368 esse

1024 1386 1236 1424 properandum.
1252 1387 1320 1414 Cum
1338 1390 1429 1413 autem
1447 1385 1606 1419 venissent,
1629 1385 1710 1413 enixe
1725 1393 1807 1420 roga-

1023 1435 1090 1463 bant
1106 1437 1137 1461 ut
1159 1433 1186 1460 in
1202 1432 1298 1460 urbem
1318 1432 1458 1467 migraret,
1479 1435 1506 1459 et
1518 1431 1664 1459 salutarem
1685 1432 1729 1463 eis
1747 1439 1807 1460 ser-

1024 1488 1135 1509 monem
1157 1479 1262 1507 affatim
1283 1479 1452 1514 largiretur;
1469 1478 1581 1513 utrique
1599 1485 1663 1505 vero
1681 1481 1808 1513 prompte

1024 1527 1150 1555 Christus
1173 1526 1286 1558 annuit,
1311 1531 1372 1553 cum
1393 1524 1510 1559 gratiam
1530 1531 1585 1551 non
1606 1524 1806 1552 infructuosam

1024 1572 1083 1600 fore
1097 1573 1202 1599 nosset.
1216 1569 1293 1597 Multi
1304 1568 1376 1597 enim
1388 1567 1567 1596 crediderunt
1578 1568 1609 1595 in
1620 1576 1682 1596 eum
1695 1573 1807 1604 propter

1024 1623 1179 1646 sermOnem
1200 1615 1269 1651 ejus.
1285 1614 1491 1642 Animadvertat
1511 1621 1608 1641 rursns
1634 1613 1663 1641 in
1685 1613 1728 1642 his
1744 1621 1806 1642 ver-

1021 1665 1064 1692 bis
1089 1663 1137 1690 Dei
1161 1669 1194 1690 ac
1213 1661 1353 1693 religionis
1378 1659 1503 1695 quisquis
1526 1663 1569 1687 est
1590 1665 1702 1692 amans,
1727 1659 1808 1700 Chri-

1023 1714 1096 1738 stum
1113 1708 1147 1736 ab
1167 1708 1208 1735 his
1226 1707 1336 1742 quidem
1355 1706 1483 1734 recedere
1506 1705 1554 1741 qui
1571 1713 1634 1733 eum
1647 1705 1806 1738 offendunt,

1022 1757 1049 1784 in
1065 1756 1099 1783 iis
1116 1758 1204 1782 autem
1216 1753 1341 1781 habitare
1354 1752 1402 1787 qui
1423 1759 1486 1780 eum
1503 1751 1657 1779 exhilarant
1676 1758 1725 1786 per
1743 1751 1808 1779 obe-

1022 1802 1151 1830 dientiam
1168 1805 1194 1828 et
1207 1807 1282 1836 spem
1290 1800 1401 1827 bonam.

1057 1848 1137 1882 202
1155 1846 1201 1880 IV,
1215 1846 1260 1873 42.
1278 1845 1313 1872 Et
1331 1843 1438 1871 mulieri
1455 1843 1590 1875 dicebant,
1603 1843 1664 1878 quia
1676 1842 1737 1870 Non
1746 1843 1806 1877 jam

1021 1899 1127 1930 propter
1153 1898 1226 1919 tuam
1249 1891 1379 1926 loquelam
1406 1889 1535 1916 credimus
1553 1898 1562 1916 :
1588 1889 1638 1922 ipsi
1663 1890 1732 1915 enim
1758 1897 1807 1914 au-

1022 1940 1154 1972 divimus,
1172 1942 1198 1965 et
1219 1937 1316 1964 scimus
1337 1935 1402 1970 quia
1427 1943 1483 1962 vere
1504 1939 1543 1961 est
1564 1934 1689 1962 Salvator
1713 1935 1807 1961 mundi

1044 1985 1154 2012 ltristus.

1044 1985 1154 2012 ltristus.

1023 1985 1042 2013 ϐ
1057 2031 1080 2058 Α
1094 2029 1245 2065 majoribus
1264 2027 1348 2055 rebus
1367 2025 1533 2053 Samaritani
1549 2025 1683 2058 credunt,
1705 2029 1732 2053 et
1749 2033 1805 2052 non

1022 2084 1054 2104 ex
1074 2076 1108 2104 iis
1124 2082 1185 2110 qua:
1202 2072 1313 2100 aliunde
1327 2072 1384 2107 jam
1406 2071 1563 2105 accipiunt,
1586 2070 1634 2097 sed
1650 2078 1681 2097 ex
1698 2070 1732 2098 iis
1745 2079 1807 2105 qua:

1023 2122 1174 2150 hauserunt
1197 2119 1250 2155 ipsi
1271 2118 1386 2146 auribus
1405 2117 1553 2143 mirantur.
1579 2116 1663 2143 Aiunt
1687 2123 1752 2143 vero
1776 2124 1806 2144 se

1022 2174 1104 2195 nosse
1119 2167 1208 2201 ipsum
1226 2171 1287 2193 esse
1305 2161 1401 2190 mundi
1417 2160 1602 2193 Salvatorem,
1624 2161 1724 2196 pignus
1743 2161 1805 2188 fidei

1023 2213 1224 2241 confessionem
1241 2210 1299 2245 spei
1313 2209 1341 2237 in
1354 2209 1444 2244 ipsum
1461 2207 1604 2235 facientes.

1058 2302 1110 2335 IV,
1128 2301 1222 2329 45-“.
1243 2299 1308 2328 Post
1330 2299 1396 2326 duos
1420 2301 1508 2325 autem
1532 2296 1587 2324 dies
1606 2297 1670 2324 exiit
1694 2297 1753 2324 inde
1779 2299 1806 2325 in

1024 2349 1174 2377 Galilaeam.
1200 2346 1260 2381 Ipse
1274 2345 1343 2372 enim
1363 2343 1442 2371 Iesus
1460 2342 1636 2370 testimonium
1653 2342 1784 2377 per/libuit
1796 2361 1804 2374 ,

1022 2396 1083 2431 quia
1097 2393 1223 2430 propheta
1235 2393 1263 2419 in
1279 2400 1329 2419 sua
1344 2390 1434 2425 patria
1449 2389 1572 2416 honorem
1584 2396 1636 2415 non
1655 2387 1740 2414 habet.

1059 2481 1178 2509 Discedit
1192 2487 1225 2508 ex
1242 2478 1367 2506 Samaria
1382 2481 1524 2512 postquam
1538 2475 1685 2503 salutarem
1701 2482 1806 2503 sermo-

1022 2536 1083 2556 nem
1097 2525 1303 2562 proseminavit.
1317 2529 1343 2552 et
1358 2524 1445 2551 instar
1459 2522 1583 2558 agricolae
1593 2521 1674 2549 fidem
1688 2521 1715 2548 in
1729 2521 1804 2549 illius

1022 2573 1173 2601 incolarum
1189 2570 1326 2598 mentibus
1341 2568 1459 2600 defodit,
1477 2576 1530 2595 non
1555 2573 1585 2595 ut
1606 2567 1717 2595 silentio
1737 2575 1805 2595 con-

1022 2620 1203 2654 stringeretur
1219 2617 1307 2644 otiosa
1324 2622 1356 2643 ac
1368 2614 1568 2649 quodammodo
1578 2613 1676 2641 obruta
1688 2632 1696 2646 ,
1712 2613 1760 2641 sed
1776 2618 1804 2641 ut

1023 2666 1050 2692 in
1073 2664 1194 2692 omnium
1221 2661 1323 2690 animis
1342 2662 1525 2692 insereretur,
1551 2661 1637 2695 magis
1660 2667 1691 2688 ac
1715 2660 1799 2694 magis

1022 2718 1164 2742 crescens,
1179 2715 1262 2744 alque
1275 2708 1307 2735 ad
1324 2707 1453 2742 majorem
1469 2707 1522 2733 vim
1552 2713 1713 2741 properans.
1730 2706 1797 2738 Quoi

1023 2758 1095 2785 niam
1109 2761 1199 2784 autem
1217 2755 1422 2789 interjacentem
1434 2753 1568 2780 Nazareth
1586 2752 1792 2787 prazterveliitur

1022 2804 1050 2831 in
1065 2811 1119 2837 qua
1135 2802 1267 2829 educatus
1287 2801 1373 2828 fuisse
1396 2799 1576 2835 perhibetur,
1599 2799 1636 2826 ita
1662 2802 1691 2825 ut
1715 2805 1747 2825 ex
1771 2805 1802 2824 ea

1022 2849 1089 2876 urbe
1100 2848 1232 2876 oriundus
1243 2851 1269 2874 et
1282 2847 1355 2874 illius
1367 2846 1435 2873 civis
1452 2848 1570 2880 putetur,
1587 2845 1654 2871 etin
1665 2843 1801 2870 Galilaeam

1023 2893 1172 2926 descendit,
1183 2893 1315 2920 rationem
1329 2891 1406 2920 all'crt
1420 2890 1575 2919 necessario
1585 2897 1634 2915 cur
1645 2889 1680 2916 sit
1693 2892 1800 2923 praeter“
