2028 3118
241 178 297 205 ’531

742 175 770 202 S.
788 174 927 203 CYRILLI
947 175 1181 203 ALEXANDRINI
1195 176 1354 204 ARCHIEP.

1822 180 1872 209 352

247 237 354 265 vectus,
371 232 462 267 aitque
477 231 571 259 Jesum
590 231 679 266 ipsum
696 235 826 259 testatum
839 239 902 259 esse
918 232 1036 267 prophe-

1088 230 1157 259 εἷναι
1175 233 1273 265 δοκεῖν,
1287 233 1412 267 καταίρει
1427 231 1454 258 δὲ
1470 232 1568 267 μᾶλλον
1589 234 1628 265 εἰς
1649 233 1696 269 τὴν
1719 233 1871 260 Γαλιλαίαν·

247 284 303 307 tam
321 279 348 305 in
366 278 457 313 patria
473 285 523 304 sua
537 278 641 304 honore
657 284 762 305 carere.
776 276 816 305 ita
832 278 904 304 enim
920 275 976 304 fere
989 285 1039 304 na-

244 328 308 352 tura
322 322 475 358 comparati
484 330 591 354 sumus,
608 326 636 349 ut
649 323 720 357 quod
737 321 873 349 familiare
890 321 970 349 nobis
982 325 1036 353 est,

247 370 311 398 licet
330 368 460 396 eximium
485 372 512 395 et
535 368 684 403 pretiosum
711 368 768 400 sit,
792 367 872 394 nihili
892 366 1036 395 ducamus.

246 414 340 450 Neque
359 422 424 441 vero
442 414 549 442 volebat
571 414 698 441 Salvator
716 413 838 441 honores
860 412 912 441 sibi
931 412 964 439 ab
984 412 1038 440 illis

247 468 309 488 cum
325 459 397 487 fastu
410 463 437 487 et
455 460 606 487 ambitione
619 459 730 491 venari,
749 458 797 486 sed
816 459 941 494 apprime
954 465 1038 485 nove-

247 511 290 534 rat
312 506 387 541 quod
409 507 482 542 apud
509 513 557 533 eos
586 506 634 541 qui
657 513 692 533 ne
710 505 904 533 honorandum
927 505 1037 540 quidem

247 554 410 589 magistrum
430 553 574 588 putabant,
588 557 718 588 acceptus
736 556 762 579 et
779 553 873 579 suavis
893 559 946 578 non
965 554 1038 579 esset

249 600 314 628 ﬁdei
343 606 433 627 sermo
463 598 583 626 futurus.
614 597 827 625 Przetervehitur
851 598 945 632 itaque
974 597 1037 632 jure

248 646 371 677 merito,
403 652 454 672 nec
481 644 589 671 inanem
619 644 648 670 in
674 651 722 670 eos
748 643 872 670 laborem
899 643 1038 670 insumere

248 692 378 727 dignatur
390 712 398 724 ,
415 691 461 726 qui
479 690 547 717 nihil
562 695 654 717 essent
677 689 805 718 utilitatis
823 689 886 716 inde
906 689 1015 724 capturi
1030 698 1036 715 :

249 742 277 765 et
293 744 342 772 per
363 737 414 763 hoc
431 736 548 771 gratiam
570 735 806 770 contemptoribus
831 739 954 770 praestat.
978 734 1038 762 Non

248 783 320 811 enim
341 782 475 810 credibile
493 785 554 809 erat
570 789 623 809 eos
646 781 693 816 qui
716 785 794 808 tanto
811 781 927 808 crimine
942 788 972 808 se
986 780 1037 807 ob-

247 828 414 862 stringerent
437 826 547 862 impune
571 826 597 853 id
617 826 757 859 facturos,
778 834 840 852 eum
861 826 890 853 in
912 824 1038 852 confesso

248 873 285 900 sit
307 871 378 907 apud
395 879 512 904 omnes,
537 876 688 899 extremam
713 878 822 906 poenam
849 874 1037 905 reportaturus

1089 279 1246 312 ἀναγκαίως
1268 280 1385 306 ποιεῖται
1397 279 1445 314 τὴν
1456 279 1603 312 ἀπολογίαν
1620 280 1668 314 τῆς
1684 280 1871 315 παραδρομῆς,

1089 324 1135 351 καί
1150 333 1242 358 φησιν,
1264 325 1305 351 ὅτι
1322 325 1533 361 μεμαρτύρηκεν
1559 325 1640 355 αὐτὸς
1665 325 1680 351 ό
1698 325 1812 360 Ἰησοῦς,
1834 325 1873 352 ὅτι

1089 370 1232 404 προφήτης
1254 370 1283 396 ἐν
1298 371 1331 405 τῇ
1363 370 1415 405 ἰδίᾳ
1440 370 1548 405 πατρίδι
1569 370 1651 405 τιμὴν
1667 370 1716 396 οὐκ
1738 370 1805 405 ἔχει.
1822 371 1873 397 Πε-

1089 415 1214 450 φύκαμεν
1231 415 1285 451 γάρ
1307 425 1365 447 πως
1382 416 1458 442 οὐδὲν
1479 416 1604 451 ἡγεῖσθαι
1622 416 1653 442 τὸ
1679 416 1803 451 σύνηθες,
1823 416 1874 442 κᾶν

1089 462 1206 497 ὑπάρχοι
1229 462 1299 497 μέγα
1315 462 1362 490 καὶ
1386 462 1486 497 τίμιον.
1505 463 1560 489 Καὶ
1577 463 1607 489 οὺ
1623 462 1708 497 δήπου
1734 462 1784 493 τὰς
1811 462 1874 497 παρ’

1089 507 1200 534 ἐκείνων
1216 508 1257 534 ὅτι
1279 508 1370 543 δεήσοι
1389 508 1523 544 θηρᾶσθαι
1540 508 1622 543 τιμὰς
1642 509 1656 534 ό
1673 509 1768 543 Σωτὴρ
1788 507 1874 534 ἐδοκί-

1091 553 1186 588 μαζεν,
1203 554 1231 580 ὲν
1247 554 1343 589 ἀνδρὸς
1355 554 1491 588 φιλοδόξου
1509 555 1580 585 τινος
1596 554 1671 586 τάξει
1683 555 1729 581 καὶ
1743 555 1873 590 φιλοκόμ-

1089 599 1204 633 παστοῦ,
1225 599 1281 626 ἀλλ’
1308 600 1442 634 ἠπίστατο
1469 600 1578 634 σαφῶς,
1605 601 1645 627 ("In
1670 601 1726 631 τοῖς
1756 600 1875 636 μηδόὶως

1089 645 1233 680 οἰομένοις,
1247 646 1288 672 ὅτι
1313 647 1445 681 προσήκοι
1461 647 1544 682 τιμᾷν
1567 646 1612 673 τὸν
1633 646 1803 677 διδάσκοντα,
1823 646 1873 672 οὐδ’

1088 689 1122 716 ἂν
1144 689 1183 716 ἔτι
1196 690 1296 724 γλυκύς
1312 699 1342 717 τε
1365 691 1410 717 καὶ
1434 690 1633 726 εὑπαράδεκτος
1649 692 1663 717 ό
1684 691 1733 726 τῆς
1759 691 1874 721 πίστεως

1089 735 1192 769 γένοιτο
1214 736 1301 770 λόγος.
1332 737 1498 772 Παρελαύνει
1519 737 1663 772 τοιγαροῦν
1689 737 1812 768 εἰκότως,
1838 736 1875 766 εἰς

1089 781 1295 817 ὠφελουμένους
1313 783 1389 810 οὐδὲν
1411 783 1532 815 εἰκαίους
1555 783 1692 810 ἀναλῶσαι
1709 782 1806 814 πόνους
1828 781 1876 808 οὐκ

1089 827 1183 860 ἀξιῶν,
1200 829 1246 854 καὶ
1255 829 1334 864 χάριν
1348 829 1376 855 δὲ
1389 829 1431 855 διὰ
1442 829 1537 855 τούτου
1548 830 1603 860 τοῖς
1616 828 1814 863 καταφρονοῦσι
1828 836 1876 854 κα-

1089 874 1218 906 τατιθείς.
1231 875 1267 901 Οὺ
1284 874 1338 910 γὰρ
1350 872 1383 910 ἦν
1396 874 1468 907 εἰκὸς
1483 876 1521 906 εὶς
1536 875 1661 901 τοσοῦτον
1675 874 1877 910 ἐξαμαρτάνονθ’

248 919 294 953 qui
310 918 527 953 contempserint
540 924 614 949 eum,
631 924 664 945 ac
679 921 735 944 tam
752 916 916 944 admirabile
933 915 1036 942 donum

1088 926 1137 949 τας
1152 919 1260 954 νηποινὶ
1272 918 1351 946 τοῦτο
1365 920 1601 958 specuum-3;,
1619 919 1834 955 ὁμολογουμένου
1846 918 1878 953 δὴ

249 964 416 1001 respuerint.

1089 964 1207 996 πάντως,
1228 966 1276 991 καὶ
1292 966 1541 1001 ἁναμιρισῦητὴτως
1565 966 1683 1001 ἔχοντος,
1708 966 1746 997 ὡς
1761 965 1811 1000 τὴν
1833 964 1878 990 ἐπὶ

247 1013 302 1043 τοῖς
309 1012 432 1047 ἐσχάτοις
439 1010 597 1039 ἀποισονται
610 1009 720 1039 κόλασιν
732 1009 756 1037 οἱ
765 1011 946 1046 καταφρονεῖν
958 1009 1108 1045 ἐγνωκότες
1126 1012 1219 1044 αὑτοῦ,
1236 1013 1283 1040 καὶ
1295 1013 1345 1050 τὴν
1377 1013 1464 1046 οὕτως
1497 1014 1712 1050 ἀξιοθαύμαστα-ν
1744 1011 1877 1049 περιπτύ-

251 1069 322 1092 ωντες
336 1060 452 1095 δωρεάν.

281 1105 328 1138 1V,
343 1105 386 1132 45.
403 1105 470 1133 Cum
483 1113 543 1141 ergo
554 1106 664 1133 venisset
678 1105 705 1132 in
717 1105 870 1138 Gatitwam,
881 1109 1036 1138 exceperunt

246 1159 305 1179 eum
317 1151 434 1182 Gatilwi,
448 1159 508 1177 cum
524 1151 614 1178 omnia
628 1151 752 1178 uidissent
767 1151 846 1185 203
860 1158 920 1185 qua:
937 1150 1035 1182 fecerat

248 1197 440 1232 Hierosolymis
467 1196 495 1224 in
515 1197 558 1224 die
580 1197 670 1230 festa:
703 1202 728 1224 et
751 1197 802 1230 ipsi
820 1197 890 1223 enim
913 1200 1036 1223 venerant

246 1243 281 1269 ad
296 1243 365 1270 diem
382 1242 489 1276 festum.

282 1288 342 1315 Non
353 1292 456 1315 temere
466 1286 571 1315 Galilaei
585 1287 740 1322 suscipiunt
754 1286 860 1319 Iesum,
876 1286 924 1314 sed
939 1286 1039 1321 partim

247 1338 282 1365 ob
297 1337 431 1364 miracula
452 1343 514 1371 qua;
534 1335 591 1371 iam
610 1335 644 1362 ab
665 1343 698 1363 eo
723 1335 828 1370 patrari
839 1334 965 1362 viderant
977 1334 1040 1368 jure

247 1383 369 1414 attoniti,
388 1382 491 1418 partim
505 1382 541 1409 ob
564 1382 694 1416 pietatem
718 1381 747 1408 in
769 1381 861 1416 ipsum
883 1379 1039 1408 Iudaeorum

249 1429 465 1457 eoudemnantea
502 1427 670 1460 vecordiam.
701 1430 729 1454 et
754 1426 840 1454 animi
864 1426 987 1454 candore
1009 1433 1040 1452 ac

193 1498 198 1503 .
246 1475 424 1510 simplicitate
436 1473 493 1501 illis
508 1473 535 1500 in
554 1473 612 1508 lege
626 1471 746 1500 eruditis
768 1472 890 1507 potiores
906 1471 1018 1507 reperti.

280 1561 327 1594 Η,
352 1561 397 1589 46.
429 1560 504 1588 Venit
519 1568 578 1595 ergo
591 1560 686 1587 iterum
701 1560 728 1587 in
748 1559 823 1587 Cana
851 1558 983 1591 Galitanr,
995 1559 1039 1585 ubi

246 1608 308 1644 fecit
324 1615 421 1642 aquam
438 1607 537 1634 vinum.

281 1653 355 1681 Inter
366 1652 499 1680 candidos
512 1651 636 1680 homines
651 1651 751 1679 lubens
760 1655 888 1678 versatur
900 1650 1037 1683 Christus,
1052 1666 1073 1696 ο

245 1704 397 1734 gratosque
406 1702 434 1726 et
444 1697 643 1726 beneﬁciorum
659 1704 805 1729 memores,
821 1697 917 1731 eisque
932 1696 1036 1731 majora

245 1746 317 1774 bona
335 1745 438 1772 aﬂ‘atim
465 1745 592 1780 largitur.
609 1742 690 1771 Venit
702 1750 769 1778 ergo
788 1742 922 1770 miracula
947 1742 1037 1769 iaetu-

245 1799 295 1819 rus
321 1791 348 1818 in
365 1790 450 1823 Cana,
481 1790 643 1817 existimans
668 1789 781 1824 insuper
808 1796 870 1816 esse
900 1788 1037 1823 juvandos

245 1837 306 1871 ejus
324 1836 440 1869 incolas,
457 1835 588 1870 opinione
603 1835 631 1862 in
647 1841 744 1862 eorum
763 1834 873 1867 animis,
896 1841 945 1868 per
961 1834 1037 1867 signa

244 1890 305 1918 quae
323 1883 350 1909 in
368 1882 415 1908 illa
430 1881 487 1916 jam
503 1881 618 1913 iecerat,
637 1879 842 1915 quodammodo
856 1880 950 1913 insita,
970 1887 1038 1907 cun-

245 1931 290 1956 eta
303 1935 366 1956 eum
383 1927 474 1955 facere
491 1934 583 1962 posse.

280 2015 328 2048 ιν,
347 2015 440 2042 46-48.
473 2013 507 2040 Et
521 2019 579 2041 erat
599 2014 707 2049 quidam
730 2014 847 2049 regulus,
869 2014 944 2048 cujus
965 2014 1037 2048 [ilius

244 2060 435 2095 inﬁrmabatur
458 2059 657 2094 Capltarnaum.
679 2059 730 2086 Hic
753 2068 812 2086 cum
834 2059 950 2099 audisset
976 2060 1038 2093 quia

245 2105 322 2133 Iesus
338 2106 470 2132 adueniret
486 2113 502 2131 a
517 2104 615 2131 Judwa
627 2106 653 2131 in
668 2104 821 2137 Galilaeam,
836 2105 901 2132 abiit
914 2104 947 2131 ad
965 2113 1036 2136 eum,

243 2158 268 2178 et
283 2151 391 2186 rogabat
409 2159 468 2177 eum
483 2155 511 2177 ut
525 2150 691 2178 descenderet
704 2156 730 2178 et
741 2156 848 2178 sanaret
863 2150 949 2185 ﬁlium
961 2151 1037 2185 ejus;

245 2197 386 2231 incipiebat
401 2197 473 2223 enim.
488 2196 567 2223 mori.
588 2196 662 2223 Dixit
677 2204 739 2231 ergo
758 2195 838 2223 Iesus
853 2195 887 2222 ad
901 2203 970 2223 eum.

280 2285 469 2314 Proﬁciseitur
487 2286 598 2321 quidem
611 2285 666 2313 ‘ille
691 2285 814 2320 regulus,
841 2289 975 2320 tanquam
1003 2285 1037 2312 ad

1127 1105 1196 1131 Ὅτε
1209 1104 1265 1133 οὖν
1283 1104 1375 1141 ἦλθεν
1399 1107 1442 1138 εὶς
1462 1106 1520 1140 τὴν
1532 1107 1712 1141 Γαλιλαίαν,
1736 1107 1878 1140 ἐδέξαντο

1090 1151 1182 1178 αὐτὸν
1196 1153 1222 1178 nl
1236 1151 1390 1179 Γαλιλαῖοι
1407 1152 1505 1179 πάντα
1518 1152 1689 1186 ἑωρακότες,
1705 1153 1764 1180 ὅσα
1779 1154 1878 1189 ἐποίη-

1090 1204 1146 1224 σεν
1155 1197 1190 1223 ἐν
1211 1197 1428 1232 Ἰεροσολύμοις
1442 1198 1477 1224 ὲν
1492 1196 1529 1232 τῇ
1542 1198 1639 1232 ἑορτῇ·
1657 1199 1706 1225 καὶ
1720 1201 1806 1227 αὐτοὶ
1824 1201 1877 1235 γὰρ

1090 1241 1186 1278 ἦλθον
1195 1244 1238 1276 εὶς
1250 1243 1307 1277 τὴν
1326 1243 1441 1278 ἑορτήν.

1125 1289 1182 1316 Οὐκ
1198 1289 1408 1324 ἀπερισκέπτως
1425 1291 1449 1315 οἱ
1464 1289 1600 1316 Γαλιλαῖοι
1616 1289 1739 1325 δέχονται
1752 1292 1798 1318 τὸν
1824 1292 1876 1327 Ἰη-

1093 1333 1167 1366 σοῦν,
1182 1334 1249 1360 ἀλλὰ
1265 1335 1311 1360 καὶ
1324 1335 1401 1362 αὐτοὶ
1415 1334 1448 1361 δι’
1461 1331 1498 1361 ὧν
1506 1335 1556 1370 ἤδη
1566 1335 1825 1371 θαυματουργοῦντα
1836 1345 1878 1364 τε·

1091 1380 1201 1407 θέανται
1211 1380 1322 1412 δικαίως
1345 1381 1609 1416 καταπληττόμενοι,
1635 1383 1682 1408 καὶ
1709 1382 1754 1408 διὰ
1776 1383 1827 1417 τῆς
1839 1384 1878 1414 είς

1091 1426 1171 1453 αὐτὸν
1186 1426 1327 1458 εὐλαϐείας
1349 1427 1399 1458 τὰς
1412 1427 1465 1454 τῶν
1489 1427 1624 1454 Ἰουδαίων
1640 1429 1771 1460 ἀπονοίας
1793 1437 1878 1455 κατα-

1089 1473 1257 1504 δικάζοντες,
1279 1473 1325 1499 καὶ
1346 1473 1412 1500 πολὺ
1430 1474 1498 1509 πρὸς
1518 1473 1729 1510 εὐγνωμοσύνην
1748 1474 1878 1510 ἀμείνους

1089 1517 1143 1543 τῶν
1157 1518 1318 1553 νομομαοῶν
1332 1518 1536 1553 εὑρισκόμενοι.

1124 1561 1237 1590 Ἦλθεν
1250 1561 1306 1590 οὖν
1315 1563 1460 1596 πάλινεὶς
1473 1563 1531 1597 τὴν
1544 1563 1628 1592 Κανᾶ
1636 1564 1691 1599 τῆς
1701 1565 1877 1598 Γαλιλαίας,

1091 1606 1166 1632 ὅπου
1178 1606 1302 1639 ἐποίησε
1329 1607 1363 1634 τὸ
1372 1607 1452 1641 ὕδωρ
1467 1607 1560 1635 οἶνον.

1130 1652 1329 1688 Ἐμφιλοχωρεῖ
1337 1654 1393 1684 τοῖς
1410 1653 1580 1689 εὐγνώμοσιν
1598 1655 1612 1680 ὁ
1626 1654 1648 1680 Χ
1653 1655 1755 1690 ριστὺς,
1765 1655 1813 1682 καὶ
1824 1657 1878 1688 τοῖς

1089 1697 1259 1732 ἑτοιμότερόν
1276 1706 1334 1728 πως
1350 1699 1418 1725 ἰοῦσι
1438 1698 1505 1734 πρὸς
1525 1699 1574 1734 τὴν
1589 1696 1626 1726 ὧν
1653 1700 1685 1727 ἂν
1714 1699 1743 1727 εὖ
1763 1701 1876 1728 πάθοιεν

1088 1742 1213 1778 αἴσθησίν
1230 1752 1258 1769 τε
1277 1744 1324 1770 καὶ
1337 1744 1448 1778 γνῶσιν,
1475 1745 1522 1771 καὶ
1540 1745 1669 1780 μειζόνων
1691 1746 1803 1780 ἀγαθῶν
1819 1749 1877 1774 ἑπι-

1088 1788 1258 1823 δαψιλεύεται
1273 1791 1425 1825 χορηγίαις.
1443 1791 1571 1826 Ἔρχεται
1587 1791 1676 1819 τοίνυν
1699 1795 1876 1830 τερατοποιή-

1090 1842 1143 1860 σων
1158 1835 1186 1861 ὲν
1199 1836 1284 1870 Κανᾷ,
1302 1837 1486 1871 προσωφελεῖν
1502 1837 1550 1872 μὲν
1565 1838 1606 1864 ὅτι
1629 1839 1762 1873 προσήκοι
1774 1839 1837 1870 τοὺς
1850 1841 1876 1866 ὲν

1089 1879 1158 1914 αὐτῇ
1183 1880 1355 1914 λογιζόμενος
1372 1902 1380 1914 ,
1402 1884 1684 1918 προκατεσπαρμένην
1713 1884 1740 1910 δὲ
1765 1884 1875 1920 ὥσπερ,

1088 1924 1132 1951 διὰ
1142 1925 1195 1951 τῶν
1209 1926 1258 1961 ’ήδη
1273 1926 1528 1962 προτετελεσμένων
1546 1928 1574 1954 ὲν
1590 1928 1657 1964 αὐτῇ
1673 1929 1805 1964 σημείων,
1829 1929 1876 1965 τὴν

1089 1969 1135 1996 τοῦ
1151 1970 1239 1997 πάντα
1252 1971 1380 1998 δύνασθαι
1396 1972 1463 2007 δρᾷν
1479 1972 1613 2008 ὑπόληψιν
1625 1973 1704 2009 ἔχων.

1123 2013 1182 2042 Ἦν
1195 2016 1228 2043 δέ
1240 2025 1283 2050 τις
1296 2018 1468 2050 βασιλικὸς,
1484 2016 1519 2047 οὗ
1530 2021 1546 2045 ὁ
1559 2020 1624 2052 υἱὸς
1635 2020 1758 2054 ἠσθένει
1770 2021 1805 2047 ἐν
1819 2021 1876 2047 Ka-

1088 2063 1243 2096 φαρναούμ
1259 2062 1338 2098 [vulg.
1355 2064 1564 2100 Καπερναούμ].
1581 2063 1674 2098 Οὗτος
1683 2066 1820 2098 ἀκούσας
1832 2066 1877 2092 ὅτι

1096 2106 1214 2139 Ἰησοῦς
1230 2107 1336 2140 ﬁdem):
1350 2108 1406 2142 τῆς
1417 2108 1564 2143 Ἰουδαίας
1581 2111 1623 2143 εις
1639 2110 1695 2144 τὴν
1707 2111 1876 2138 Γαλιλαίαν

1088 2151 1206 2185 ἀπῆλθε
1222 2153 1296 2186 πρὸς
1308 2154 1412 2185 αὐτὸν,
1432 2155 1482 2182 καὶ
1493 2155 1590 2189 ἠρώτα
1609 2157 1661 2184 ἵνα
1675 2156 1802 2190 καταϐῇ,
1824 2158 1873 2184 καὶ

1089 2198 1210 2230 ἰάσηται
1233 2199 1325 2225 αὐτοῦ
1345 2199 1400 2226 τὸν
1423 2200 1501 2231 υἱὸν,
1526 2201 1635 2235 ἔμελλε
1660 2202 1715 2236 γὰρ
1742 2202 1871 2236 ἀποθνή-

1088 2248 1184 2268 σκειν.
1198 2239 1291 2269 Εἶπεν
1308 2241 1364 2270 οὗν
1378 2244 1394 2270 ὁ
1423 2244 1543 2278 Ἰησοῦς
1555 2245 1629 2278 πρὸς
1643 2247 1746 2273 αὐτόν.

1124 2288 1251 2324 Πρόσεισι
1273 2289 1321 2324 μὲν
1348 2290 1362 2316 ό
1387 2289 1534 2324 βασιλικὸς,
1559 2292 1597 2323 ὡς
1624 2292 1693 2327 πρὸς
1713 2292 1875 2327 Θεραπεύειν

244 2339 308 2359 eum
324 2331 367 2359 cui
388 2331 424 2358 sit
449 2330 565 2358 sanandi
584 2333 706 2365 potestas
722 2339 729 2357 :
746 2330 794 2358 sed
811 2330 932 2357 nondum
954 2330 1035 2358 intel—

1089 2335 1215 2370 ἰσχύοντα
1231 2343 1237 2350 ·
1256 2337 1312 2362 νοεῖ
1328 2336 1356 2362 δὲ
1373 2336 1450 2363 οΰπω
1462 2338 1532 2364 κατὰ
1546 2338 1626 2372 φύσιν
1644 2338 1710 2365 Θεὸν
1726 2338 1792 2364 ὄντα
1808 2347 1814 2353 ·
1830 2338 1874 2364 καὶ

243 2377 305 2411 ligit
326 2377 479 2404 secundum
497 2381 623 2404 naturam
641 2384 702 2404 esse
722 2375 829 2403 Deum:
846 2380 873 2403 et
888 2376 1035 2405 Dominum

244 2423 356 2457 quidem
379 2430 440 2450 eum
457 2423 586 2457 appellat,
603 2422 650 2449 sed
667 2429 759 2449 veram
776 2421 977 2450 dominationis
999 2422 1037 2449 di-

243 2468 375 2503 gnitatem
389 2475 562 2502 nequaquam
580 2466 606 2494 ei
622 2467 732 2494 tribuit.
751 2467 861 2502 Alioqui
871 2468 945 2495 enirn
962 2469 1037 2495 illico

244 2513 278 2540 ad
294 2520 383 2548 genua
395 2513 455 2547 ejus
467 2512 615 2545 accideret,
630 2517 795 2547 rogaretque
809 2521 864 2540 non
880 2517 910 2540 ut
925 2514 1036 2541 domum

243 2565 274 2584 se
293 2557 442 2589 conferret,
471 2561 498 2584 et
523 2564 617 2584 secum
648 2557 682 2584 ad
708 2562 886 2593 agrotantem
914 2567 1031 2594 puerum

242 2603 435 2635 descenderet,
456 2602 504 2630 sed
524 2603 616 2637 potius
643 2607 673 2630 ut
699 2611 749 2639 pro
774 2612 824 2632 sua
851 2609 986 2640 potestate
1004 2608 1032 2632 et

243 2655 313 2677 nutu
329 2649 422 2676 divino
441 2649 564 2676 morbum
579 2649 709 2678 infestum
722 2651 854 2686 abigeret.
872 2652 944 2685 Quid
958 2652 1031 2679 enim

242 2702 358 2723 necesse
374 2700 433 2721 erat
453 2698 555 2730 aegroto
574 2699 666 2723 astare
680 2705 742 2724 eum
762 2698 806 2724 cui
824 2697 906 2724 etiam
922 2698 1030 2725 absenti

243 2740 326 2766 facile
347 2743 455 2773 poterat
483 2739 597 2768 reddere
621 2741 788 2769 sanitatem?
806 2741 951 2775 Quomodo
965 2750 1031 2770 vero

243 2793 296 2812 non
311 2785 389 2812 valde
405 2785 518 2813 stultum
535 2790 577 2814 est
596 2787 757 2815 existimare
772 2788 861 2822 ipsum
877 2792 966 2815 morte
980 2795 1030 2823 po-

243 2833 340 2857 tiorem
363 2830 431 2864 fore,
447 2837 473 2858 et
485 2840 546 2859 eum
562 2833 608 2867 qui
627 2833 747 2867 repletus
764 2834 800 2861 sit
819 2834 909 2861 divina
924 2834 1026 2862 virtute

242 2881 412 2910 nequaquam
435 2876 520 2904 Deum
536 2884 598 2904 esse
614 2879 728 2912 putare?

1087 2382 1188 2418 Κύριον
1205 2382 1254 2417 μὲν
1273 2382 1414 2415 ἀποκαλεῖ,
1435 2383 1465 2409 τὸ
1479 2383 1501 2410 δ’
1526 2383 1625 2418 ἀληθὲς
1646 2384 1696 2419 τῆς
1716 2382 1882 2418 κυριότητος

1086 2429 1194 2464 ἀξίωμα
1209 2429 1316 2455 δίδωσιν
1329 2428 1464 2464 οὐδαμῶς.
1493 2430 1528 2455 ’Ἢ
1552 2430 1606 2465 γὰρ
1628 2429 1661 2455 ἂν
1684 2429 1766 2460 εὐθὺς
1792 2417 1885 2473 eodm"

1086 2474 1260 2510 προσπεσὼν,
1280 2474 1328 2508 οὐχ
1351 2474 1394 2501 ἴνα
1417 2474 1448 2509 δὴ
1475 2474 1584 2506 πάντως
1600 2475 1646 2501 ἐπὶ
1661 2473 1709 2508 τὴν
1727 2474 1819 2500 ἑστίαν
1831 2474 1874 2508 βα-

1085 2520 1163 2553 δίζοι,
1178 2520 1225 2546 καὶ
1238 2519 1397 2546 καταϐαίνοι
1413 2519 1461 2545 σὺν
1477 2519 1551 2554 αὐτῷ
1563 2519 1632 2554 πρὸς
1661 2519 1692 2545 τὺ
1716 2519 1874 2554 ἁρῤωστοῦν

1087 2567 1238 2601 μειράκιον,
1255 2565 1312 2591 ἀλλ’
1336 2564 1380 2591 ἵνα
1397 2564 1430 2599 δὴ
1458 2565 1557 2599 μᾶλλον
1582 2564 1807 2596 ἑξουσιαστικῶς,
1829 2564 1874 2590 καὶ

1084 2611 1231 2647 θεοπρεπεῖ
1254 2612 1443 2646 προστάγματι
1466 2610 1515 2646 τὴν
1533 2611 1725 2646 ἑπισκήψασαν
1751 2611 1873 2642 ἐξελάσαι

1083 2657 1169 2683 νόσον.
1186 2656 1218 2682 Τί
1242 2657 1299 2692 γὰρ
1316 2656 1368 2682 ἔδει
1381 2657 1508 2692 παρεῖναι
1525 2656 1564 2690 τῷ
1590 2656 1722 2691 κάμνοντι
1738 2657 1784 2683 τὸν
1800 2653 1874 2692 ᾧπερ

1081 2700 1115 2737 ἦν
1133 2702 1260 2728 δύνασθαι
1285 2701 1437 2733 διασώζειν,
1454 2702 1501 2728 καὶ
1514 2701 1622 2733 ἀπόντι,
1636 2702 1754 2737 ῥαδίως
1770 2702 1833 2734 Πῶς
1846 2702 1874 2729 δὲ

1083 2748 1142 2774 λίαν
1156 2748 1206 2774 οὐκ
1229 2748 1346 2782 ἀμαθὲς,
1369 2747 1473 2782 ὅτιμὲν
1499 2747 1574 2774 ἔσται
1600 2747 1714 2774 Θανάτου
1743 2749 1873 2783 κρείττων

1084 2792 1285 2827 ὑπολαμϐάνειν
1299 2792 1392 2823 αὑτὸν,
1409 2792 1473 2818 Θεὸν
1485 2792 1513 2818 δὲ
1529 2793 1661 2828 ὑπάρχειν
1674 2793 1779 2820 οἴεσθαι
1794 2793 1873 2830 μηδα-

1085 2837 1142 2872 μῶς
1157 2838 1203 2864 τὸν
1220 2837 1390 2872 θεοπρεποῦς
1407 2836 1498 2872 ἰσχύος
1515 2837 1750 2873 πεπληρωμένον;
