2028 3118
189 187 243 216 553

192 294 349 327 madente.
367 292 449 325 Λέγει
467 292 541 326 πρὸς
558 291 650 318 αὐτὸν
662 293 677 318 ό
691 293 863 325 βασιλικός.

232 339 352 374 ’Λπηνὴς
382 339 430 374 μὲν
453 338 493 365 ἔτι
514 340 570 371 τοῖς
597 339 784 374 πλανωμένοις
810 338 978 370 ἐναυλίζεται

189 386 262 418 νοῦς,
280 385 362 419 λόγου
375 385 402 412 δέ
418 394 476 416 πως
488 384 563 411 ἔσται
584 386 630 412 τοῦ
656 385 804 416 καλοῦντος
825 385 865 416 εὶς
888 385 979 410 πίστιν

191 434 314 468 κρεῖττον
327 431 356 458 τὸ
371 432 649 468 θαυματουργότερον.
663 432 712 459 Διά
725 440 757 466 γε
766 431 844 458 τοῦτο
858 430 978 466 τεράτων

191 478 294 505 δεῖσθαι
313 478 413 513 μᾶλλον
431 478 530 509 αὐτοὺς
543 478 661 514 ἔφασκεν
672 479 685 504 ὁ
701 477 794 512 Σωτὴρ
807 477 846 508 εἰς
858 476 888 502 τὸ
900 475 979 502 δύνα-

191 524 254 551 σθαι
271 523 371 559 ῥᾳδίως
386 524 451 560 πρὸς
463 523 494 550 τὸ
507 524 645 559 συμφέρον
663 521 917 558 μεταπαιδεύεσοαι,
932 521 978 548 καὶ

191 572 235 598 τὸν
244 571 309 598 ὄντα
329 570 399 597 κατὰ
413 569 494 604 φύσιν
509 569 701 603 ἐπιγινώσκειν
713 569 788 596 Θεόν.

226 617 332 650 Κύριε,
359 615 504 649 κατάϐηθι
524 615 597 649 πρὶν
618 614 780 642 ἀποθανεῖν
799 614 831 641 τὸ
857 614 978 641 παιδίον

191 670 258 695 μου.

231 707 336 741 Ὀλίγος
349 706 398 742 μὲν
413 705 510 741 κομιδῆ
528 706 596 740 πρὸς
610 705 718 732 σύνεσιν
733 707 746 733 ὁ
762 706 912 741 βασιλικὸς,
930 714 977 741 νη-

191 755 282 788 πιάζει
301 755 328 782 δέ
359 763 416 786 πως
442 754 505 790 περὶΙ
529 754 580 789 τὴν
595 755 645 789 τῆς
662 753 773 789 χάριτος
798 753 915 787 αἴτησιν,
931 752 978 778 καὶ

192 801 281 836 ἡρέμα
298 800 462 836 παραληρῶν
481 800 531 826 οὐκ
546 800 713 827 αἰσθάνεται.
741 800 778 825 Οὐ
794 799 849 834 γὰρ
867 799 908 825 ὃτι
929 798 978 834 μ’ό-

191 855 234 872 νον
257 845 362 880 ἰσχύσει
383 845 488 880 παρὼν,
518 844 575 871 ἀλλ’
594 845 634 871 ὅτι
659 845 691 880 δὴ
711 844 819 875 πάντως
834 844 881 871 καὶ
900 844 978 870 ἀπὼν

190 892 333 926 ἐνεργήσει
355 890 562 922 πεπιστευκὼς,
593 891 846 927 ἀξιοπρεπεστάτην
876 890 909 917 ἂν
934 890 976 916 ἐπ’

718 188 749 215 ΙΝ
770 186 910 217 JOANNIS
929 187 1155 217 EVANGELIL'M
1175 188 1239 218 LIB.
1253 190 1285 218 Π.

225 247 297 274 Ἐὰν
318 246 361 280 μῖι
374 246 481 280 σημεῖα
497 245 545 272 καὶ
565 246 670 279 τέρατα
691 246 782 280 ἴδητε,
800 248 835 274 οὺ
858 247 900 281 μὴ
930 254 977 272 πι-
993 250 1016 278 Α

1761 194 1813 224 δτι

1068 246 1110 279 ιν,
1126 247 1170 274 48,
1198 248 1259 274 Nisi
1274 249 1348 283 signa
1365 254 1388 276 et
1403 251 1522 286 prodigia
1540 252 1668 286 videritis,
1688 258 1814 282 ttom'crc-

1030 294 1107 320 dctis.
1125 293 1195 320 Dicit
1215 295 1319 329 regulus
1333 295 1367 321 ad
1384 304 1453 323 eum.

1066 339 1157 366 Durus
1178 341 1287 374 quidem
1311 341 1400 368 adhuc
1416 342 1441 368 in
1462 343 1497 370 iis
1510 347 1551 370 est
1567 345 1684 377 animus,
1700 346 1747 372 sed
1766 354 1814 373 ex-

1030 384 1185 411 hortatione
1198 385 1231 412 atl
1249 386 1329 412 Iidem
1350 388 1457 421 potiora
1478 388 1570 417 futura
1592 396 1655 418 sunt
1670 393 1812 421 miracula.

1029 430 1202 466 Proindeque
1213 431 1349 466 prodigiis
1360 440 1430 467 opus
1441 432 1497 460 illis
1509 442 1568 461 esse
1581 435 1705 464 Salvator
1714 438 1813 470 aiebat,

1029 476 1110 512 204
1130 479 1159 503 ut
1177 476 1256 503 facile
1278 481 1390 511 possent
1414 477 1447 504 ad
1470 479 1609 506 meliorem
1624 480 1730 515 frugem
1751 490 1814 510 eru-

1030 522 1094 554 diri,
1112 527 1139 549 et
1152 530 1304 559 agnoscere
1326 522 1412 551 Deum
1427 531 1489 551 esse
1502 525 1654 552 secundum
1677 531 1813 556 naturam.

1064 611 1110 644 IV,
1130 612 1174 640 49.
1203 612 1325 646 Domine,
1353 613 1477 641 descende
1504 615 1659 650 priusquam
1685 618 1816 644 moriatur

1028 657 1101 692 ﬁlius
1117 666 1200 686 meus.
1419 679 1432 689 .

1063 705 1203 738 Angustus
1220 705 1298 732 valde
1311 710 1354 732 est
1373 706 1459 741 reguli
1479 706 1599 739 animus,
1615 708 1681 742 quin
1699 715 1814 743 puerum

1029 757 1058 777 se
1076 751 1168 784 prodit
1183 753 1209 777 in
1227 752 1343 785 petenda
1360 752 1459 786 gratia,
1482 760 1532 779 nec
1556 754 1639 780 sentit
1661 761 1690 781 se
1713 755 1815 782 sensim

1029 795 1156 822 delirare.
1174 795 1242 822 Nam
1263 797 1287 824 si
1303 804 1357 823 non
1373 797 1454 824 modo
1470 802 1631 832 praesentem
1646 821 1652 832 ,
1670 800 1717 827 sed
1732 800 1816 827 etiam

1028 840 1172 868 absentem
1194 841 1334 869 Christum
1353 843 1407 870 vim
1423 851 1500 870 suam
1519 853 1647 872 exserere
1659 853 1740 881 posse
1756 854 1816 874 cre-

1029 886 1155 920 didisset,
1172 887 1205 914 de
1220 887 1268 915 illo
1291 896 1341 922 pro
1357 896 1389 916 eo
1407 897 1438 916 ac
1463 890 1542 917 decet
1564 892 1708 919 sensisset.
1737 891 1816 920 Nunc

190 937 265 972 αὐτῷ
281 937 331 972 τὴν
347 937 474 972 διάληψιν
494 937 652 972 ἐποιήσατο.
674 936 742 962 Νυνὶ
761 935 789 961 δὲ
816 935 923 970 φρονῶν
948 943 976 960 τε

1030 937 1121 959 autem
1141 932 1342 960 absurdissime
1363 934 1443 961 sentit
1469 943 1500 962 ac
1526 936 1591 962 facit
1615 938 1661 971 qui
1685 939 1815 966 virtutem

190 983 237 1009 καὶ
253 983 381 1017 πράττων
395 981 622 1016 παραλογώτατα,
636 981 685 1016 τὴν
706 980 765 1016 Θεῷ
787 981 837 1016 μὲν
855 980 975 1016 πρέπου-

190 1035 239 1053 σαν
255 1027 331 1062 ἰσχὺν
348 1028 468 1059 ἀπαιτεῖ,
485 1027 522 1058 ὡς
539 1026 567 1053 δὲ
580 1027 647 1053 Θεὸν
664 1026 714 1052 οὐκ
728 1026 814 1052 οἴεται
834 1025 868 1052 τὰ
888 1025 977 1052 πάντα

189 1072 321 1107 πληροῦν,
339 1072 395 1098 ἀλλ’
410 1072 469 1099 οὐδὲ
486 1071 601 1098 θανάτου
625 1070 790 1106 γενήσεσθαι
823 1071 976 1106 κρείττονα,

189 1116 277 1142 καίτοι
288 1116 327 1151 τῷ
345 1116 462 1151 πλείστῳ
470 1115 639 1151 κρατηθέντα
656 1115 875 1143 πλεονεκτεῖσθαι
889 1123 977 1150 παρα-

189 1162 280 1188 καλῶν
296 1170 303 1177 ⁸
318 1162 413 1197 ἔμελλε
430 1162 484 1197 γὰρ
499 1161 682 1197 ἀποθνήσκειν
695 1162 708 1187 ὸ
722 1162 797 1192 παῖς.

223 1208 308 1242 Λέγει
319 1207 399 1241 αὺτῷ
413 1210 428 1235 ὀ
452 1208 571 1241 Ἰησοῦς
583 1215 588 1223 ·
604 1207 746 1240 Πορεύου,
757 1207 845 1239 ὀυῑός
857 1214 915 1233 σου

223 1254 318 1286 Οὕτως
335 1254 388 1281 ἔδει
402 1253 563 1281 πιστεύοντα
577 1252 750 1288 προσελθεῖν,
775 1253 832 1279 ἀλλ’
861 1253 891 1278 οὐ
917 1252 977 1283 ταῖς

189 1300 268 1336 ἡμῶν
282 1300 413 1335 ἀμαθίαις
427 1300 585 1334 φιλονεικῶν
618 1300 713 1334 ὁρᾶται
737 1299 852 1333 Χριστός
868 1305 874 1312 ·
897 1299 976 1334 εὐερ-

189 1347 264 1379 γετεῖ
277 1345 306 1372 δὲ
324 1345 404 1372 πάλιν
420 1345 467 1371 καὶ
488 1344 646 1376 πταίοντας,
666 1344 703 1375 ὡς
724 1343 798 1375 Θεός.
823 1345 911 1378 Ὅπερ
930 1341 977 1370 οὖν

189 1392 242 1418 ἔδει
258 1391 363 1428 δρῶντα
377 1390 576 1426 θαυμάζεσθαι,
595 1390 674 1416 τοῦτο
696 1390 742 1417 χαὶ
763 1389 800 1425 μὴ
827 1389 977 1425 δεδρακότα

189 1437 308 1464 διδάσκει
325 1436 370 1463 τὸν
382 1437 533 1472 ἄνθρωπον,
545 1436 612 1471 ὁμοῦ
628 1436 738 1462 καὶτῶν
755 1435 904 1462 καλλίστων
919 1437 976 1462 εισ-

189 1483 313 1518 ηγητὴς,
329 1483 375 1509 καὶ
399 1482 453 1508 τῶν
470 1482 498 1508 ὲν
520 1482 612 1516 εὐχαῖς
638 1481 747 1515 ἀγαθῶν
768 1481 884 1516 χορηγὸς
911 1482 976 1508 ἀνα-

188 1527 373 1563 δεικνύμενος.
398 1527 442 1553 Ἐν
461 1527 510 1561 μὲν
539 1526 593 1561 γὰρ
621 1526 662 1561 τῷ
687 1535 695 1551 ι
713 1526 832 1561 Πορεύου
850 1535 858 1551 ι
878 1526 908 1552 τὸ
931 1535 977 1553 πι-

190 1574 295 1601 στεύειν
308 1573 391 1606 ἐστὶν,
407 1574 435 1599 ἐν
453 1572 530 1608 δὲτῷ
542 1582 551 1599 ι
577 1572 607 1598 ὐ
622 1573 677 1603 υἱός
690 1581 736 1598 σου
754 1571 799 1607 ζῇ,
821 1581 831 1598 ι
848 1571 903 1598 τῶν
927 1580 976 1598 πο-

1031 977 1084 1005 I)eo
1111 979 1220 1012 quidem
1244 980 1451 1007 convenientem
1470 983 1600 1015 postulat,
1621 983 1668 1010 sed
1686 988 1714 1010 ut
1731 983 1814 1011 Deum

1029 1026 1143 1060 implere
1174 1032 1274 1054 cuncta
1308 1028 1397 1063 ipsum
1428 1037 1482 1056 non
1513 1030 1662 1062 existimat,
1689 1030 1736 1057 sed
1765 1038 1815 1058 nec

1029 1076 1145 1098 mortem
1160 1077 1364 1107 superaturum,
1387 1075 1517 1110 licetjam
1536 1076 1592 1103 fere
1615 1076 1751 1103 morituro
1773 1077 1816 1111 ip-

1029 1124 1089 1144 sum
1121 1119 1250 1153 opitulari
1282 1125 1393 1156 rogaret
1421 1131 1427 1149 :
1463 1121 1612 1157 incipiebat
1640 1122 1713 1150 enim
1744 1123 1815 1150 mori

1029 1170 1106 1198 puer.

1063 1209 1108 1241 IV,
1128 1209 1171 1236 5'0.
1203 1211 1274 1237 Dicit
1286 1211 1310 1238 ei
1322 1211 1419 1238 Jesus:
1436 1211 1516 1241 Vade’.
1529 1214 1601 1248 ﬁlius
1618 1219 1678 1241 tuus
1690 1215 1759 1242 vivit.

1064 1255 1109 1282 Sic
1124 1257 1266 1291 oportebat
1283 1259 1438 1286 credentem
1459 1263 1609 1293 accedere,
1627 1261 1674 1288 sed
1690 1265 1814 1288 nostram

1028 1302 1195 1336 imperitiam
1216 1303 1344 1332 Christus
1372 1313 1426 1332 non
1452 1306 1553 1341 rejicjt.
1579 1307 1645 1341 quin
1670 1311 1815 1341 peccantes

1027 1347 1108 1373 etiam
1128 1347 1267 1376 beneﬁciis
1282 1348 1373 1382 allicit,
1392 1354 1422 1376 ut
1443 1349 1526 1377 Deus.
1547 1350 1624 1383 Quod
1640 1351 1724 1385 igitur
1739 1350 1814 1378 laudi

1027 1397 1101 1420 esset
1116 1392 1233 1424 homini,
1250 1394 1271 1420 si
1287 1394 1399 1428 faceret,
1417 1395 1467 1422 hoc
1483 1395 1566 1422 etiam
1582 1403 1635 1423 non
1654 1395 1753 1424 fet-isse
1765 1396 1815 1423 do-

1027 1443 1071 1466 cet
1112 1439 1193 1467 simul
1220 1440 1353 1468 virtutum
1380 1441 1510 1476 magister
1539 1445 1566 1469 et
1590 1442 1724 1468 bonorum
1753 1449 1814 1477 quae

1027 1488 1158 1520 petuntur
1174 1486 1286 1520 largitor
1302 1487 1478 1515 constitutus.
1498 1487 1566 1514 Nam
1580 1488 1607 1515 in
1624 1496 1656 1515 eo
1669 1488 1742 1523 quod
1764 1488 1813 1522 ait,

1030 1539 1039 1556 ι
1055 1530 1140 1564 Vade,
1159 1541 1168 1558 ι
1184 1532 1252 1560 ﬁdes
1268 1536 1307 1560 est
1321 1541 1327 1566 ;
1343 1533 1369 1560 in
1385 1541 1417 1561 eo
1431 1541 1495 1561 vero
1509 1533 1582 1569 quod
1597 1533 1673 1567 dicit,
1701 1544 1710 1560 ι
1726 1534 1813 1562 Filius

1027 1581 1092 1605 tuus
1112 1577 1189 1611 vivit,
1210 1587 1219 1604 ι
1237 1578 1276 1605 rei
1297 1583 1397 1614 optatae
1413 1581 1615 1607 consummatio
1632 1589 1694 1608 cum
1712 1581 1814 1616 ingenti

189 1619 356 1653 θουμένωνή
372 1606 521 1653 πλήρωσις
538 1617 608 1652 μετὰ
627 1616 728 1652 πολλῆς
749 1625 822 1648 τινος
844 1617 892 1643 καὶ
914 1617 973 1643 θεο-

1028 1622 1142 1656 quadain
1157 1626 1184 1650 et
1199 1622 1254 1651 Deo
1271 1606 1445 1652 convenienti
1461 1629 1596 1660 potestate
1610 1626 1708 1653 elucet.

189 1663 309 1699 πρεποῦς
323 1662 445 1696 ἐξουσίας
459 1662 650 1697 ἑκφαινομένη.

229 1711 425 1737 Ἐπίστευσεν
437 1710 453 1736 ὁ
468 1708 622 1743 ἅνθρωπος
631 1707 671 1740 τῷ
682 1707 772 1742 λόγῳ,
785 1703 808 1740 ᾧ
822 1705 906 1734 εἶπεν
919 1707 973 1734 αὺ-

188 1756 228 1790 τῷ
242 1759 258 1783 ὸ
269 1756 401 1790 Ἰησοῦς,
413 1755 461 1782 καὶ
475 1755 642 1788 ἐπορεύετο.
665 1754 741 1787 Ἤδη
762 1753 795 1779 δὲ
815 1753 908 1780 αὑτοῦ
923 1761 975 1779 κα-

188 1802 390 1834 ταϐαίνοντος,
412 1802 438 1827 oi
455 1800 559 1827 δοῦλοι
574 1799 667 1827 αὐτοῦ
681 1799 863 1833 ἀπήντησαν
883 1797 974 1831 αὐτῷ,

189 1849 237 1875 καὶ
249 1848 434 1882 ἀπήγγειλαν
448 1846 601 1881 λέγοντες,
612 1845 656 1872 ὅτι
676 1847 692 1872 ό
705 1845 770 1877 υἱός
780 1853 838 1872 σου
858 1844 902 1878 (ti.

227 1894 276 1921 Ἕν
287 1893 334 1920 τοῦ
347 1893 472 1927 Σωτῆρος
488 1892 627 1926 ἐπίταγμα
644 1891 691 1917 δύο
705 1890 851 1925 θεραπεύει
875 1890 972 1924 ψυχάς.

189 1938 235 1974 Τῷ
249 1939 300 1973 μὲν
316 1937 369 1972 γὰρ
384 1935 515 1972 βασιλικῷ
532 1935 581 1971 τὴν
604 1934 723 1969 ἀσυνήθη
749 1934 840 1960 πίστιν
864 1934 975 1969 ἐνεργά-

189 1985 276 2016 ζεται,
296 1983 411 2010 θανάτου
427 1982 455 2008 δὲ
473 1982 502 2009 τὸ
518 1981 659 2017 μειράκιον
683 1981 787 2014 agam
807 1979 974 2015 σωματικοῦ.

189 2029 237 2061 Τίς
262 2029 291 2056 δὲ
312 2029 365 2064 πρὸ
387 2028 460 2059 τινος
486 2027 553 2059 ὅλως
567 2026 709 2060 ὑγιάζεται
725 2025 842 2061 χαλεπὸν
862 2027 948 2052 εἰπεῖν
967 2034 974 2040 ·

189 2077 273 2111 ἄμφω
289 2074 353 2111 γὰρ.
367 2072 452 2110 οἶμαι,
467 2074 538 2100 κατὰ
559 2073 656 2100 ταυτὸν
679 2073 837 2108 σύνδρομον,
854 2073 909 2104 τοῖς
927 2071 975 2098 τοῦ

189 2122 315 2157 Σωτῆρος
327 2120 405 2156 ἡμῶν
424 2120 593 2154 ἐπιτάγμασι
607 2120 658 2154 τῆς
671 2119 748 2145 νόσου
767 2118 904 2153 λαῦούσης
927 2117 975 2152 τὴν

188 2167 273 2194 λύσιν.
291 2165 505 2200 Ἀπαγγέλλουσι
528 2164 556 2191 δὲ
569 2164 619 2199 τὴν
641 2162 687 2190 τοῦ
718 2163 810 2193 παιδὸς
828 2162 976 2198 θεραπείαν

189 2211 360 2242 ὑπαντῶντες
374 2211 476 2237 οἰκέται
491 2209 570 2244 ὁμοῦ,
597 2210 643 2236 καὶ
658 2208 711 2234 τῶν
727 2208 806 2234 Θεὶων
823 2207 976 2242 ἐπιταγμά-

1060 1709 1105 1743 ιν,
1130 1710 1174 1743 50,
1192 1710 1235 1738 5|.
1254 1711 1374 1739 Credidit
1389 1713 1466 1740 homo
1481 1714 1597 1741 sermoni
1617 1723 1692 1749 quem
1707 1716 1775 1742 dixit
1788 1715 1814 1743 ei
1853 1749 1858 1754 ι

1024 1754 1113 1787 Iesus,
1130 1760 1154 1782 et
1167 1755 1234 1782 ibat.
1249 1755 1312 1783 Jom
1330 1761 1417 1784 autem
1440 1766 1468 1785 eo
1481 1759 1660 1791 descendente,
1686 1760 1752 1787 servi
1768 1768 1814 1787 oc-

1025 1807 1163 1828 currerunt
1185 1803 1219 1833 ei,
1245 1808 1270 1829 et
1289 1803 1488 1837 nuntiaverunt,
1512 1804 1636 1837 dicentes,
1657 1807 1719 1840 quia
1741 1807 1812 1840 ﬁlius

1024 1846 1080 1879 ejus
1100 1846 1204 1873 viveret.

1060 1890 1151 1917 Utrum
1169 1892 1323 1920 Salvatoris
1341 1893 1498 1920 mandatum
1513 1893 1584 1922 duas
1600 1899 1680 1921 sanat
1693 1896 1810 1924 animas;

1026 1934 1055 1962 In
1073 1936 1169 1970 regulo
1190 1937 1292 1971 quippe
1315 1937 1453 1964 insolitam
1475 1938 1555 1965 ﬁdem
1576 1943 1718 1973 operatur,
1737 1945 1764 1967 et
1779 1948 1812 1968 ex

1026 1988 1157 2015 corporea
1174 1985 1262 2008 morte
1274 1982 1508 2009 adolescentulum
1524 1984 1615 2018 eripit.
1636 1984 1701 2012 Uter
1719 1990 1810 2013 autem

1026 2027 1102 2062 prior
1131 2031 1243 2054 sanetur
1266 2027 1374 2054 diﬁicile
1400 2028 1472 2055 dictu
1486 2033 1543 2062 est;
1573 2030 1653 2057 ambo
1676 2031 1760 2062 enim,
1782 2035 1812 2058 ut

1026 2080 1099 2104 reor,
1115 2073 1209 2100 eodem
1225 2077 1346 2108 tempore
1359 2073 1511 2102 Salvatoris
1526 2076 1703 2111 nostrijussu
1714 2078 1813 2104 morbo

1026 2119 1117 2146 soluto
1147 2120 1235 2147 sanati
1262 2119 1384 2147 fuerunt.
1412 2120 1490 2148 Servi
1517 2126 1606 2148 autent
1622 2127 1811 2156 occurrentes,

1026 2164 1103 2199 pueri
1123 2165 1291 2192 curationem
1308 2166 1471 2192 annuntiant
1490 2166 1568 2200 juxta
1585 2171 1612 2193 et
1631 2166 1714 2195 divini
1733 2176 1811 2196 man-

1026 2210 1082 2237 dati
1094 2210 1274 2243 celeritatem,
1286 2212 1396 2239 (Zhristo
1412 2212 1439 2239 id
1455 2212 1549 2246 utique
1562 2213 1649 2247 palam
1665 2214 1810 2242 ordinante

188 2264 244 2283 των
258 2255 497 2286 ἀπολευκαινοντες
507 2253 678 2289 τὴνόξύτητα
689 2261 695 2267 ·
709 2252 843 2278 καὶτοῦτο
856 2252 887 2287 δὴ
904 2253 974 2287 μάλα

1028 2258 1053 2281 et
1068 2254 1206 2282 inﬁrmum
1224 2256 1364 2283 dominum
1388 2256 1464 2284 i||um
1479 2258 1535 2292 spei
1559 2262 1658 2286 eventu
1674 2259 1707 2286 ad
1731 2258 1809 2286 tidem

190 2302 284 2336 σαφῶς
295 2299 638 2338 οῐκονομοῦντοςΧριστοῦ,
655 2299 702 2326 καὶ
716 2298 754 2333 τῷ
769 2299 838 2325 τέλει
856 2299 906 2334 τῆς
933 2299 976 2325 ἐλ-

191 2348 267 2379 πίδος
284 2348 352 2383 ταχὺ
376 2346 546 2382 βεϐαιοῦντος
563 2346 604 2377 εἰς
627 2345 718 2371 πίστιν
741 2344 904 2371 ἀσθενοῦντα
930 2345 976 2371 τὸν

190 2393 336 2427 δεσπότην.

233 2439 372 2466 Ἐπύθετο
388 2436 444 2466 οὖν
453 2437 521 2471 παρ’
533 2437 632 2464 αὐτῶν
649 2436 707 2469 τὴν
720 2435 809 2469 ὥραν,
820 2435 855 2462 ἐν
869 2433 889 2472 ᾗ
902 2445 974 2471 κομ-

191 2485 322 2519 ψότερον
344 2484 427 2518 ἔσχε.
451 2483 505 2510 Καὶ
519 2481 605 2509 εἶπον
618 2480 697 2513 αὐτῷ
723 2481 783 2513 ὅτι,
802 2480 875 2514 Χθὲς
895 2480 975 2514 ὥραν

190 2530 320 2565 ἑϐδόμην
335 2529 452 2564 ἀφῆκεν
468 2528 561 2556 αὑτὸν
581 2529 596 2554 ό
612 2527 746 2561 πυρετός.
769 2528 863 2561 Ἔγνω
886 2524 943 2554 οὖν
958 2529 974 2554 ό

191 2575 293 2609 Πατὴρ
302 2596 309 2606 ,
328 2574 372 2601 ὅτι
385 2575 419 2601 ἐν
428 2575 527 2607 ἐκείνῃ
541 2571 577 2607 τῇ
590 2573 648 2606 ὥρᾳ
660 2592 667 2605 ,
685 2573 719 2599 ἐν
731 2569 751 2607 ᾗ
768 2570 851 2599 εἶπεν
868 2572 947 2605 αὐτῷ
958 2573 974 2598 ὁ

196 2619 323 2654 Ἰησοῦς,
338 2619 381 2646 ὅτι
398 2619 424 2645 '0
437 2619 501 2651 υἱός
517 2626 574 2644 σου
595 2616 628 2650 ζῇ
639 2625 645 2631 ·
663 2617 710 2643 καὶ
728 2617 909 2643 ἐπίστευσεν
920 2617 973 2643 αὑ-

190 2665 253 2698 τὸς,
265 2665 314 2692 καὶ
329 2665 348 2698 ὴ
357 2665 434 2691 οὶκία
447 2663 539 2690 αὑτοῦ
551 2662 617 2696 ὅλη.
632 2662 720 2690 Τοῦτο
733 2662 825 2689 πάλιν
834 2661 974 2695 δεύτερον

191 2710 318 2746 σημεῖον
335 2710 477 2743 ἐποίησεν
497 2711 513 2736 ό
533 2709 650 2742 Ἰησοῦς
668 2708 764 2735 ἐλθὼν
779 2709 814 2734 ἐκ
832 2707 887 2742 τῆς
908 2708 976 2735 Ἰου-

190 2757 277 2790 δαίας
290 2757 334 2788 εἰς
343 2756 400 2790 τὴν
409 2755 584 2782 Γαλιλαίαν.

232 2802 461 2830 Ἀναπυνθὰνεται
474 2802 523 2837 τὴν
535 2801 608 2837 ὥραν
625 2802 673 2836 τῆς
687 2802 732 2827 ἐπὶ
750 2801 779 2827 τὸ
793 2802 915 2835 κρεῖττον
928 2799 975 2826 τοῦ

190 2849 331 2879 νοσοῦντος
356 2848 458 2883 ῥοπῆς,
486 2848 509 2873 εἰ
536 2847 674 2881 συντρέχει
696 2846 850 2881 δοκιμάζων
872 2844 910 2880 τῷ
926 2845 976 2879 τῆς

191 2894 301 2930 χάριτος
314 2893 411 2928 χρόνῳ.
434 2891 540 2926 Ἐπειδὴ
554 2891 581 2917 δὲ
594 2892 678 2924 οὕτως
692 2891 762 2926 ἔχειν
772 2912 779 2924 ,
791 2885 838 2918 ναὶ
854 2891 902 2925 οὐχ
916 2890 974 2916 ἐτέ-

1027 2301 1083 2328 cito
1101 2300 1289 2329 conﬁrmante.

1060 2428 1104 2462 ιν,
1130 2430 1222 2458 52-54.
1251 2430 1434 2468 Interrogabat
1456 2441 1515 2468 ergo
1538 2433 1632 2460 horum
1663 2433 1695 2460 ab
1716 2434 1752 2460 eis
1781 2434 1808 2460 in

1023 2483 1075 2510 qua
1090 2477 1182 2505 melius
1194 2477 1323 2505 habuerit.
1342 2478 1376 2505 Et
1389 2479 1512 2506 dixerunt
1527 2480 1550 2506 ei
1573 2479 1647 2513 quia,
1663 2480 1727 2506 Heri
1744 2479 1810 2506 hora

1027 2525 1138 2559 septima
1154 2524 1259 2559 reliquit
1290 2532 1350 2551 eum
1376 2524 1468 2558 febris.
1495 2524 1621 2558 Cognovit
1645 2524 1723 2559 205
1749 2532 1809 2560 ergo

1026 2575 1102 2605 pater
1123 2572 1185 2607 quia
1205 2570 1253 2597 illa
1276 2570 1342 2597 hora
1369 2575 1427 2597 erat
1452 2571 1479 2597 in
1506 2578 1557 2604 qua
1578 2570 1645 2596 dixit
1669 2570 1693 2596 ei
1711 2569 1810 2597 Iesus:

1028 2617 1117 2643 Filius
1133 2621 1193 2644 tuus
1219 2616 1290 2643 vivit.
1318 2615 1352 2643 Et
1368 2615 1477 2642 credidit
1499 2615 1563 2649 ipse,
1584 2619 1608 2641 et
1632 2615 1726 2641 domus
1753 2614 1810 2649 ejus

1029 2667 1093 2690 tota.
1108 2663 1164 2690 Hoc
1180 2663 1274 2690 iterum
1294 2662 1435 2690 secundum
1448 2663 1551 2697 signum
1570 2662 1629 2696 fecit
1643 2660 1732 2693 locus,
1751 2669 1809 2687 cum

1028 2711 1137 2737 venisset
1151 2718 1168 2737 a
1180 2709 1277 2737 Judaza
1291 2709 1319 2736 in
1332 2708 1482 2736 Gatilwam.

1065 2798 1229 2825 Sciscitatur
1245 2806 1298 2833 qua
1316 2798 1383 2825 liora
1404 2801 1522 2832 aegrotus
1541 2798 1737 2824 convalescere
1755 2802 1812 2822 co:-

1027 2849 1115 2878 perat,
1135 2848 1164 2871 ut
1191 2844 1348 2878 exploraret
1374 2851 1408 2870 an
1432 2847 1600 2870 momentum
1627 2842 1693 2869 illud
1716 2840 1812 2876 gratia:

1029 2889 1144 2924 tempori
1161 2893 1335 2925 congrueret.
1353 2889 1501 2925 Postquam
1516 2892 1606 2916 autem
1623 2888 1658 2914 ita
1681 2894 1736 2914 rem
1749 2891 1810 2912 esse
