2028 3118
226 143 279 174 339

721 147 750 176 s.
771 147 911 177 CYRILLI
925 146 1161 176 ALEXANDRlNl
1179 147 1337 175 ARCHIEP.

1806 147 1858 174 ἥλω

262 202 295 235 ν,
316 203 342 236 7,
352 203 378 231 8.
397 204 527 237 Domine,
548 204 678 232 hominem
702 213 754 232 non
779 206 876 239 habeo,
899 211 929 233 ut
956 215 996 233 cui

1048 226 1053 236 ι
1102 207 1199 240 Κύριε,
1210 206 1366 239 ἄνθρωπον
1380 205 1434 232 οὐκ
1449 204 1508 239 ἔχω
1519 205 1578 238 ἵνα,
1593 205 1666 232 ὅταν
1676 203 1808 239 ταραχθῇ
1825 204 1858 230 τὸ

227 249 333 277 turbata
350 250 432 285 fuerit
450 259 529 286 aqua,
549 251 638 279 mittat
663 259 705 278 me
726 252 753 278 in
773 253 907 287 piscinam
925 261 934 280 :
954 253 1017 279 dum

224 296 296 322 venio
317 297 386 324 enim
406 305 468 332 ego,
492 297 562 324 alius
584 302 646 324 ante
667 306 707 325 me
730 298 875 326 descendit.
900 299 971 326 Dicit
992 299 1017 326 ei

223 340 303 367 Iesus
317 348 326 367 :
347 341 442 376 Surge.

258 386 339 414 Circa
355 386 428 414 diem
449 392 552 415 sanctae
571 385 754 415 ‘Pentecostes
782 389 873 424 angeli
897 389 1014 418 descen-

221 433 319 460 dentes
334 433 368 461 de
381 435 452 461 CtBlO
465 434 577 469 piscinae
593 441 693 470 aquam
705 435 866 468 turbabant,
881 443 913 463 ex
926 444 1014 472 eoque

221 485 320 505 sonum
336 480 455 507 edebam
468 480 495 508 in
514 481 624 515 signum
640 488 697 508 suae
712 482 876 516 praesentiae.
894 482 927 510 Et
940 491 1012 518 aqua

220 531 252 549 nx
268 525 374 551 sanctis
391 525 538 560 spiritibus
552 525 789 553 sanctiﬂcabatur.
814 527 893 560 Quod
909 528 932 555 si
948 529 1011 563 quis

220 576 251 595 ex
269 571 465 604 :egrotantium
492 571 571 599 turba
588 571 666 607 prius
686 580 768 607 quam
784 573 875 600 caeteri
894 573 1011 602 descen-

219 616 317 647 disset,
330 617 413 652 208
425 617 552 653 deposito
563 617 663 645 infesto
678 618 774 645 morbo
789 626 874 646 sanus
890 620 1008 653 redibat,

219 662 267 690 sed
285 664 440 691 sanationis
466 664 506 691 vis
526 668 553 691 et
575 664 646 691 ratio
661 665 686 692 ei
706 669 812 692 tantum
839 666 1009 700 congruebat

219 709 265 743 qui
291 709 367 744 prior
391 714 569 745 occupasset;
585 709 658 744 quod
684 710 793 745 signum
817 719 926 745 quoque
948 715 1008 738 erat

219 755 316 782 auxilii
336 756 412 783 illius
430 756 524 791 legalis
544 764 593 791 per
612 760 724 784 sanctos
742 757 856 792 angelos
871 758 905 785 ad
924 766 1005 785 unam

217 810 250 830 ac
266 803 351 831 solam
365 802 523 830 Iudaeorum
539 807 648 838 gentem
664 803 840 838 pertinentis,
853 812 888 832 oc
903 805 1005 832 nullam

217 853 350 883 praeterea
366 849 503 876 curantis.
519 849 541 875 A
557 849 614 876 Dan
627 850 701 876 enim
722 858 808 885 usque
822 850 855 877 ad
869 850 1005 878 Bersabee

1070 252 1159 287 ὕδωρ.
1175 251 1287 286 ἐμϐάλῃ
1302 260 1340 286 με
1350 251 1390 284 εὶς
1405 250 1461 285 τὴν
1476 251 1686 285 κολυμϐήθραν
1697 259 1702 265 ι
1712 250 1746 276 ἐν
1762 247 1786 283 ᾧ
1803 250 1858 285 γὰρ

1068 298 1189 332 ἔρχομαι
1208 297 1280 331 ἐγὼ,
1297 297 1391 329 ἄλλος
1406 297 1462 330 πρὸ
1483 297 1556 331 ἐμοῦ
1567 297 1747 324 καταϐαίνει.
1772 296 1856 330 Λέγει

1067 343 1148 377 αὑτῷ
1157 345 1173 370 ὀ
1195 343 1309 377 Ἰησοῦς
1322 352 1327 358 ·
1341 344 1477 377 Ἕγειραι.

1103 389 1182 417 Κατὰ
1192 390 1240 425 τὴν
1258 389 1365 424 ἡμέραν
1384 390 1433 424 τῆς
1452 389 1531 424 ἁγίας
1550 388 1752 423 Πεντηκοστῆς,
1771 388 1855 421 ἄγγε-

1065 436 1106 462 λοι
1122 435 1339 468 καταφοιτῶντες
1359 435 1389 466 ἐξ
1411 434 1524 470 οὐρανοῦ
1545 434 1576 460 τὸ
1597 436 1646 468 τῆς
1662 433 1854 468 κολυμϐήθρας

1063 481 1241 516 ὲξετάραττον
1267 480 1359 515 ὕδωρ,
1392 477 1451 506 εἶτα
1477 480 1522 506 τὸν
1555 479 1678 506 ἐντεῦθεν
1711 479 1854 505 ἐποιοῦντο

1063 527 1166 554 κτύπον
1178 527 1228 563 τῆς
1246 526 1352 553 ἑαυτῶν
1365 526 1526 558 ἐπιστασίας
1546 526 1590 552 τὸν
1607 526 1724 560 κήρυκα.
1754 525 1809 551 Καὶ
1823 525 1853 550 τὸ

1063 573 1112 608 μὲν
1134 573 1205 608 ὕδωρ
1223 572 1251 605 ἐξ
1269 572 1356 606 ἁγίων
1370 571 1533 606 πνευμάτων
1553 571 1699 606 ἡγιάζετο’
1721 571 1746 598 εξ
1762 571 1790 597 δέ
1810 579 1852 601 τις

1061 619 1129 654 εφθη
1152 617 1344 654 προκατελθείν
1360 618 1408 652 τῆς
1430 617 1484 643 τῶν
1497 615 1648 643 νοσούντων
1666 616 1802 651 πληθύος,
1820 616 1851 642 τὸ

1060 663 1200 698 συντρίϐον
1223 663 1305 690 αὑτὸν
1326 661 1580 697 ἀποφορτισάμενος
1606 661 1729 688 ἀνέϐαινε
1752 661 1850 693 πάθος,

1058 711 1097 742 εἰς
1114 710 1161 736 ἕνα
1183 709 1211 736 δὲ
1239 709 1319 744 μόνον
1346 709 1392 735 τὸν
1419 707 1632 743 προαρπὰζοντα
1660 709 1851 743 συνεμετρεῖτο

1057 755 1106 790 τῆς
1118 755 1266 791 θεραπείας
1281 756 1297 790 ὴ
1311 754 1434 790 δύναμις.
1452 754 1521 780 Ἀλλ’
1534 751 1569 789 ἦν
1583 754 1631 781 καὶ
1641 753 1719 780 τοῦτο
1735 755 1849 788 σημεῖον

1055 803 1105 838 τῆς
1129 802 1162 829 δι’
1180 802 1303 836 ἀγγέλων
1317 802 1430 837 νομικῆς
1444 801 1576 836 ὡφελείας
1596 801 1638 835 ἐφ’
1658 801 1687 827 ἓν
1706 801 1752 827 καὶ
1769 801 1850 836 μόνον

1055 849 1085 876 τὸ
1107 849 1162 875 τῶν
1184 849 1318 875 Ἰουδαίων
1333 848 1411 882 γένος
1425 847 1616 882 ὲκτεινομένης
1626 868 1634 880 ,
1656 847 1749 882 ἕτερον
1765 846 1792 872 δὲ
1805 847 1850 872 ἐπ’

218 894 338 922 Mosaica
365 899 502 929 praecepta
529 894 752 928 praedicabantur
771 896 928 923 ministrata
958 903 996 931 pet

1056 896 1148 926 αὐτοῖς
1158 894 1361 930 θεραπευούσης
1369 894 1475 921 οὐδένα.
1484 894 1550 920 Ἀπὸ
1562 893 1616 928 γὰρ
1626 894 1680 919 Δὰν
1691 894 1739 929 τῆς
1750 893 1849 919 καλου-

217 941 330 976 angelos
355 942 382 968 in
411 945 502 968 monte
517 940 583 968 Sina
603 942 677 968 circa
697 941 757 969 dies
784 947 887 969 sanctae
907 941 1005 969 Pente-

216 991 308 1015 costes
331 987 429 1014 ultimo
453 987 621 1014 constitutae.
647 987 766 1022 Ideoque
793 988 907 1022 piscinae
932 995 1004 1022 aqua

214 1033 268 1060 alio
288 1037 413 1067 tempore
431 1040 484 1060 non
514 1033 690 1065 turbabatur,
715 1033 874 1068 signiﬁcans
892 1039 1003 1061 sancto-

215 1086 275 1105 rum
301 1079 459 1113 angelorum
477 1078 503 1105 in
526 1086 556 1106 se
570 1079 745 1106 descensum.
763 1078 935 1113 Paralyticus
950 1079 1003 1105 ita-

213 1131 266 1159 que
281 1131 343 1151 cum
360 1132 413 1151 non
429 1125 544 1151 haberet
560 1133 574 1151 a
595 1133 650 1159 quo
665 1126 693 1152 in
709 1132 807 1160 aquam
823 1124 1000 1159 dejiceretur,

212 1175 267 1197 tam
282 1170 407 1197 morbum
418 1178 499 1205 quam
513 1171 635 1205 inopiam
651 1178 729 1198 suam
744 1170 870 1202 deﬂebat,
885 1170 999 1198 dicens:

214 1225 224 1240 ι
247 1215 393 1244 Hominem
408 1225 464 1244 non
482 1217 581 1249 habeo,
594 1219 641 1252 qui
655 1225 697 1245 me
713 1217 843 1244 nimirum
856 1217 884 1244 in
900 1224 1000 1251 aquam

212 1262 349 1290 demittat.
372 1273 381 1289 ›
400 1263 583 1299 Exspectabat
603 1265 676 1292 enim
693 1264 746 1292 sibi
765 1263 800 1291 ab
817 1263 881 1291 Iesu
905 1262 1000 1290 datum

212 1309 247 1335 iri
263 1310 421 1337 consilium.

1057 941 1157 977 μένης,
1182 941 1228 967 καὶ
1245 941 1296 972 ἕως
1311 940 1451 976 Βηρσαὸεὲ
1470 940 1505 966 τὰ
1528 939 1570 966 διὰ
1588 939 1708 970 Μωσέως
1727 939 1849 965 ὲλαλεῖτο

1055 988 1268 1024 προστάγματα,
1288 986 1482 1021 διακονηθέντα
1497 986 1530 1012 δι’
1540 986 1662 1020 ἀγγέλων
1676 987 1704 1011 ὲν
1718 985 1848 1020 ὖρειΣινᾷ

1056 1035 1128 1062 κατὰ
1156 1034 1206 1066 τὰς
1231 1034 1337 1069 ἡμέρας
1361 1033 1411 1068 τῆς
1441 1033 1555 1068 ὕστερον
1584 1031 1739 1068 ὁρισθείσης
1767 1031 1847 1064 ἁγίας

1056 1081 1256 1117 Πεντηκοστῆς.
1284 1080 1333 1111 Διᾲ
1348 1080 1402 1115 γάρ
1414 1087 1455 1105 τοι
1467 1079 1563 1111 τοῦτο,
1579 1078 1625 1105 καὶ
1641 1078 1691 1113 τῆς
1707 1077 1847 1112 κολυμϐή-

1055 1126 1123 1161 θρας
1139 1126 1169 1152 τὸ
1185 1124 1256 1160 ὕδωρ
1278 1125 1328 1152 οὐκ
1345 1125 1373 1152 ὲν
1398 1124 1483 1159 ἑτέρῳ
1508 1123 1722 1158 συνεταρὸπτετο
1746 1122 1846 1157 καιρῷ,

1053 1172 1104 1207 τὴν
1117 1171 1171 1198 τῶν
1186 1171 1271 1204 ἁγίων
1284 1170 1407 1204 ἀγγέλων
1427 1170 1466 1200 εἱς
1483 1169 1563 1196 ἑαυτὸ
1577 1170 1708 1204 σημαῖνον
1724 1168 1767 1194 διὰ
1784 1168 1844 1194 τοὺ-

1053 1226 1100 1244 του
1119 1217 1303 1252 καταδρομήν.
1335 1216 1393 1242 Ούκ
1415 1216 1484 1250 ἔχων
1497 1215 1642 1250 τοιγαροῦν
1663 1216 1677 1241 ὁ
1691 1214 1846 1249 παράλυτος

1053 1264 1098 1290 τὸν
1115 1264 1154 1295 είς
1168 1263 1198 1289 τὸ
1216 1262 1287 1297 ὕδωρ
1301 1261 1518 1294 ὲξακοντίζοντα,
1537 1260 1605 1296 μετὰ
1622 1260 1668 1286 τοῦ
1687 1260 1845 1294 συνέχοντος

1055 1309 1167 1342 πάθους,
1185 1310 1231 1336 καὶ
1245 1309 1294 1344 τὴν
1310 1308 1364 1335 τῶν
1379 1307 1586 1343 Θεραπευόντων
1601 1307 1718 1342 ἐρημίαν
1736 1306 1845 1341 ἐθρήνει

210 1353 298 1388 λέγων
309 1362 317 1370 '
334 1364 343 1381 ι
356 1355 516 1391 Ἄνθρωπον
531 1355 581 1382 οὑκ
595 1355 659 1391 ἔχω,
677 1355 722 1382 τὺν
736 1357 775 1387 είς
794 1355 824 1381 τδ
845 1355 918 1391 ὕδωρ
933 1354 1153 1390 κατακομίζοντα
1177 1354 1287 1389 δηλαδή.
1306 1364 1315 1380 ι
1336 1353 1421 1380 Τοῦτο
1444 1352 1499 1388 γὰρ
1516 1353 1625 1384 πάντως
1641 1353 1714 1387 ἐρεῖν
1735 1360 1764 1378 τε
1797 1352 1845 1378 καὶ

211 1401 405 1436 συμϐουλεύειν
418 1403 493 1437 αὐτῷ
508 1403 692 1438 προσεδόκησε
702 1403 748 1429 τὸν
769 1403 883 1438 Ἰησοῦν.

245 1448 278 1481 ν,
299 1449 356 1476 8-9.
379 1449 452 1476 Tolle
464 1451 604 1485 grabatum
618 1454 702 1481 tuum,
719 1455 743 1477 et
756 1450 874 1477 ambula.
890 1449 923 1476 Et
938 1454 996 1477 sta-

210 1494 256 1521 tim
271 1503 352 1522 sanus
374 1495 461 1529 factus
474 1501 513 1522 est
527 1496 604 1523 homo
617 1496 672 1527 ille,
689 1501 713 1522 et
733 1497 840 1522 sustulit
854 1496 996 1530 grabatum

1085 1445 1174 1480 Ἆρον
1189 1446 1243 1473 τὸν
1261 1445 1429 1480 κράϐϐατόν
1445 1453 1518 1478 σου,
1533 1444 1583 1471 καὶ
1599 1443 1763 1478 περιπάτει.
1787 1444 1843 1471 Kal

1050 1492 1158 1525 εὐθέως
1179 1492 1297 1527 ἐγένετο
1316 1491 1404 1526 ὑγιὴς
1426 1492 1442 1518 ό
1455 1490 1627 1524 ἅνθρωπος,
1652 1490 1700 1516 καὶ
1722 1487 1776 1524 ἦρε
1790 1490 1844 1516 τὼ-

209 1547 297 1573 suum,
313 1544 338 1566 et
360 1539 526 1566 ambulabat.
548 1539 614 1566 Erat
633 1544 720 1566 autent
736 1539 881 1567 Sabbatum
909 1539 938 1565 in
955 1538 996 1565 die

1048 1538 1214 1572 κράϐϐατον
1227 1538 1322 1565 αὐτοῦ
1331 1558 1338 1569 ,
1361 1537 1409 1564 καὶ
1423 1535 1601 1570 περιεπάτει.
1613 1534 1669 1563 Ἦν
1684 1535 1718 1562 δὲ
1728 1535 1842 1563 Σάϐϐα-

207 1585 265 1612 illo.

242 1629 298 1657 Deo
321 1630 489 1657 conveniens
502 1634 545 1657 est
566 1630 632 1657 illud
655 1630 776 1665 iussum,
794 1634 821 1657 et
837 1630 947 1657 virtutis
963 1638 996 1657 ac

207 1676 354 1711 potestatis
369 1676 518 1703 humanam
532 1676 750 1704 mediocritatem
764 1676 922 1704 excedentis
938 1683 995 1703 ma-

207 1721 417 1748 nil'estissimum
434 1721 516 1749 habet
535 1727 738 1757 argumentum.
762 1722 821 1750 Non
841 1722 914 1749 enim
931 1729 993 1756 pre-

205 1771 285 1793 catur
309 1768 457 1794 sanitatem
485 1776 569 1803 aegro,
592 1776 626 1796 ne
643 1769 748 1796 sanctis
768 1769 905 1803 aliquibus
930 1776 994 1803 pro-

205 1813 295 1847 phetis
312 1813 370 1848 ipse
395 1821 506 1848 quoque
523 1815 622 1842 similis
638 1815 774 1848 videatur,
790 1815 837 1843 sed
862 1820 991 1849 tanquam

204 1859 338 1886 virtutum
356 1859 488 1886 Dominus
508 1868 557 1895 pro
570 1864 636 1888 uutu
647 1868 679 1888 ac
696 1865 833 1896 potestate
849 1861 907 1888 ﬁeri
923 1869 989 1896 prae-

203 1905 280 1940 cipit,
300 1905 400 1939 iubens
416 1910 445 1932 ut
465 1906 543 1933 Ianus
559 1906 671 1933 domum
687 1907 792 1939 redeat,
807 1911 834 1934 et
860 1907 991 1934 lectulum

202 1951 326 1979 humeris
349 1952 438 1983 tollat.
457 1956 486 1979 ut
511 1957 681 1987 spectatores
708 1953 840 1980 virtutem
860 1953 920 1988 ejus
944 1953 990 1987 qui

202 1997 311 2024 sanavit
331 1997 396 2025 inde
418 1998 589 2033 colligerent.
615 1998 697 2026 Jussa
719 2003 811 2026 autem
836 1999 902 2026 facit
919 2006 991 2033 ager

202 2043 287 2075 illico,
303 2047 330 2070 et
345 2051 393 2077 per
417 2043 605 2070 obedientiam
621 2051 653 2072 ac
681 2044 761 2071 (idem
787 2044 989 2078 optatissimam

201 2089 254 2116 sibi
276 2089 392 2123 gratiam
409 2089 551 2117 conciliat.
567 2089 706 2123 Quoniam
727 2094 817 2117 autem
843 2090 870 2117 in
888 2097 991 2124 praece-

200 2135 329 2162 dentibus
357 2135 447 2170 ipsum
474 2135 501 2161 in
522 2135 637 2170 ﬁguram
662 2141 689 2163 et
705 2140 799 2170 typum
818 2136 911 2170 populi
939 2135 988 2162 Ju-

1048 1593 1101 1611 τον
1115 1584 1150 1610 ἐν
1164 1583 1266 1616 ἐκείνῃ
1287 1582 1323 1616 τῇ
1336 1583 1440 1617 ἡμέρᾳ.

1083 1629 1240 1665 Θεοπρεπὲς
1261 1629 1290 1655 τὸ
1306 1629 1461 1662 ἐπίταγμα,
1483 1629 1528 1654 καὶ
1543 1628 1593 1662 τῆς
1608 1627 1679 1662 ὑπὲρ
1694 1627 1841 1662 ἄνθρωπον

1046 1674 1188 1710 δυνάμεώς
1211 1682 1241 1700 τε
1264 1674 1310 1700 καὶ
1335 1673 1458 1706 ἐξουσίας
1483 1673 1686 1708 ἐναργεστάτην
1704 1672 1774 1707 ἔχων
1790 1673 1841 1708 τὴν

1045 1719 1191 1752 ἀπόδειξιν.
1221 1719 1257 1745 Οὐ
1277 1718 1331 1754 γὰρ
1355 1718 1501 1752 ἐπεύχεται
1523 1717 1562 1753 τῷ
1580 1717 1699 1753 κειμένῳ
1722 1718 1770 1752 τῆς
1789 1718 1841 1752 ap-

1047 1766 1162 1802 ρωστίας
1187 1766 1236 1799 τὴν
1253 1764 1328 1790 λύσιν
1339 1783 1346 1795 ,
1369 1764 1413 1790 ἴνα
1429 1764 1466 1799 μὴ
1482 1763 1552 1790 κατά
1565 1772 1640 1794 τινας
1658 1763 1778 1797 φαίνοιτο
1792 1764 1840 1790 καὶ

1044 1812 1125 1843 αὐτὸς
1144 1811 1198 1838 τῶν
1211 1811 1296 1844 ἁγίων
1311 1809 1475 1845 προφητῶν,
1500 1809 1557 1836 ἀλλ’
1572 1809 1610 1841 ὡς
1627 1809 1682 1836 τῶν
1695 1809 1840 1844 δυνάμεων

1044 1858 1146 1894 Κύριος
1169 1855 1382 1889 ἐξουσιαστικῶς
1398 1855 1537 1882 ἐπιτάττει
1551 1855 1694 1889 γενέσθαι,
1708 1855 1838 1890 χαίροντα

1045 1905 1093 1939 μὲν
1109 1903 1200 1930 οἶκαδε
1215 1902 1332 1938 βαδίζειν
1347 1901 1442 1933 εἰπὼν,
1454 1901 1609 1936 ὲπωμάδιον
1621 1901 1649 1928 δὲ
1662 1901 1795 1927 ποιεῖσθαι
1806 1901 1838 1927 τὸ

1042 1949 1168 1976 κλινίδιον
1179 1969 1185 1980 ,
1209 1949 1356 1983 ὑπόμνημα
1376 1947 1426 1982 τῆς
1440 1947 1488 1974 τοῦ
1505 1947 1725 1982 θεραπεύσαντος
1743 1946 1837 1981 ἰσχύος

1040 1995 1096 2026 τοῖς
1108 1994 1207 2029 ὁρῶσιν
1215 1993 1353 2027 ζεσόμενον.
1366 1993 1483 2028 Πράττει
1495 1991 1522 2018 δὲ
1534 1992 1707 2028 παραχρῆμα
1714 1992 1744 2018 τὸ
1757 2000 1837 2027 προσ-

1041 2040 1139 2075 ταχθὲν
1150 2041 1164 2066 ό
1174 2039 1269 2071 νοσῶν,
1280 2039 1327 2065 καὶ
1337 2038 1370 2065 δι’
1387 2038 1521 2073 ὑπακοῆς,
1533 2039 1581 2065 καὶ
1591 2038 1709 2070 πίστεως
1719 2038 1767 2074 τὴν
1780 2046 1836 2072 τρι-

1041 2085 1158 2120 πόθητον
1171 2084 1260 2119 ἑαυτῷ
1276 2084 1499 2120 πραγματεύεται
1511 2085 1601 2119 χάριν.
1624 2084 1732 2119 Ἐπειδὴ
1743 2081 1774 2110 δὲ
1790 2084 1836 2110 διὰ

1040 2130 1094 2157 τῶν
1109 2130 1299 2166 προλαϐόντων
1319 2130 1359 2162 εἰς
1378 2130 1468 2157 εἰκόνα
1483 2130 1530 2158 καὶ
1544 2130 1629 2156 τύπον
1643 2131 1691 2164 τῆς
1703 2131 1757 2157 τῶν
1770 2131 1837 2157 ἰου-

199 2179 272 2207 daici
290 2181 468 2214 protulimus,
483 2182 562 2215 quasi
579 2180 607 2207 in
622 2180 733 2208 ’ultimis
750 2180 921 2214 temporibus
943 2187 988 2207 sa-

1048 2177 1120 2203 ῑαίων
1137 2175 1257 2211 πληθύος
1269 2175 1350 2202 αὑτὸν
1366 2177 1564 2211 εἰσηγάγομεν,
1591 2177 1629 2207 ὡς
1643 2175 1793 2210 μελλούσης
1804 2176 1834 2202 ἐν

201 2225 284 2251 nandi
302 2235 308 2252 :
324 2225 452 2259 agedum,
468 2232 566 2253 rursus
584 2226 773 2260 excogitemus
795 2225 899 2260 aliquid
914 2226 988 2260 quod

198 2270 339 2304 prioribus
367 2270 423 2297 illis
449 2270 596 2297 sententiis
621 2270 796 2305 respondeat.
816 2271 845 2298 In
867 2270 988 2298 Sabbato

198 2316 327 2344 Christus
341 2316 478 2343 hominem
494 2321 583 2348 sanat,
601 2320 728 2344 sanatum
744 2324 809 2344 vero
827 2317 921 2345 statim
937 2318 987 2344 ob-

199 2361 383 2388 servationem
401 2361 514 2396 legalem
533 2362 640 2389 solvere
658 2362 746 2397 jubet,
772 2363 894 2391 suadens
912 2367 942 2390 ut
958 2364 985 2390 in

199 2405 320 2433 Sabbato
337 2406 390 2433 iter
415 2406 513 2440 faciat,
530 2407 611 2442 idque
638 2407 738 2435 lectulo
764 2414 905 2442 oneratus,
924 2409 987 2436 licet

198 2457 294 2488 aperte
312 2454 412 2481 clamet
433 2453 535 2481 alicubi
565 2462 613 2489 per
629 2463 713 2482 unum
739 2459 898 2483 sanctorum
921 2464 986 2491 pro-

198 2499 341 2535 phetarum
358 2499 430 2527 Deus
447 2510 453 2527 :
472 2510 481 2525 ί
500 2500 592 2535 Neque
610 2501 791 2536 exportabitis
806 2502 849 2529 die
871 2501 983 2530 Sabbati

197 2544 320 2579 pondera
337 2551 351 2570 e
367 2543 496 2572 domibus
512 2546 653 2574 vestris“.
668 2556 677 2572 ι
694 2546 787 2583 Neque
801 2555 867 2575 vero
881 2548 983 2576 dixerit

197 2590 325 2625 quisquis
342 2597 415 2617 sanae
428 2599 543 2626 usquam
566 2593 602 2619 sit
619 2594 728 2626 mentis,
746 2594 828 2629 209
844 2595 982 2622 imminent

196 2636 273 2663 illum
297 2635 458 2674 divinorum,
486 2638 676 2666 mandatorum
704 2640 782 2668 reddi
810 2645 983 2676 contempto-

194 2688 252 2708 rem
270 2689 276 2707 :
294 2681 422 2709 Christus
442 2684 512 2710 enim
531 2685 604 2712 velut
630 2686 656 2713 in
683 2690 749 2722 typo
763 2685 867 2714 Iudaeis
889 2692 983 2715 osten-

195 2725 275 2753 debat
289 2734 336 2753 eos
352 2728 462 2762 quidem
481 2735 609 2758 sanatum
629 2732 662 2758 iri
682 2740 730 2767 per
746 2733 930 2760 obedientiam
951 2741 983 2760 ac

195 2770 275 2798 tidem
304 2769 330 2797 in
350 2774 479 2802 extremis
498 2777 591 2804 saeculi
613 2777 782 2812 temporibus
805 2787 810 2804 :
829 2778 879 2805 hoc
902 2778 973 2806 enim

216 2853 223 2857 ’
241 2856 262 2872 ³³
277 2860 378 2890 Jerem.
399 2871 467 2898 xvu,
482 2866 527 2893 2t.

1041 2223 1165 2258 ὑστέροις
1182 2221 1380 2258 θεραπεύεσθαι
1393 2224 1498 2257 καιροῖς
1509 2230 1516 2238 '
1527 2222 1592 2257 φέρε
1606 2222 1637 2258 δή
1647 2231 1672 2248 τι
1683 2222 1763 2248 πάλιν
1773 2222 1835 2247 ἐπι-

1042 2270 1183 2304 νοήσωμεν
1197 2271 1256 2300 ταῖς
1272 2269 1312 2300 εἰς
1331 2268 1411 2296 τοῦτο
1428 2269 1575 2303 συμϐαῖνον
1597 2268 1711 2300 ἐννοίαις
1733 2268 1831 2295 ἀναλό-

1040 2326 1096 2351 γως
1108 2318 1164 2348 τοῖς
1181 2317 1438 2352 προεξητασμένοις.
1460 2317 1503 2342 Ἐν
1520 2316 1652 2352 Σαϐϐάτῳ
1667 2316 1711 2343 τὸν
1726 2316 1831 2351 ἂνθρω-

1040 2372 1090 2391 πον
1105 2363 1210 2397 ὑγιάζει
1227 2363 1358 2398 Χριστὸς,
1371 2361 1536 2396 ὑγιασθέντα
1550 2362 1578 2388 δὲ
1595 2362 1766 2397 παραχρῆμα
1780 2362 1829 2397 τὴν

1040 2410 1154 2445 νομικὴν
1181 2409 1318 2436 ἐπιτάττει
1346 2407 1496 2444 παραλύειν
1522 2403 1684 2443 συνήθειαν,
1711 2416 1828 2443 περιπα-

1038 2457 1095 2483 τεῖν
1110 2455 1264 2483 ἀναπείθων
1281 2455 1310 2481 ὲν
1325 2454 1472 2489 Σαϐϐάτῳ,
1496 2454 1542 2480 καὶ
1561 2453 1641 2480 τοῦτο
1655 2453 1693 2489 τῷ
1708 2454 1828 2489 κλινιδίῳ

1037 2502 1268 2538 πεφορτισμένον,
1288 2501 1374 2527 καίτοι
1391 2499 1538 2535 διαρρήδην
1557 2499 1672 2534 βοῶντος
1696 2500 1744 2526 τοῦ
1759 2500 1827 2526 Θεοῦ

1036 2549 1070 2575 δι’
1093 2548 1152 2580 ἑνός
1169 2556 1220 2573 που
1241 2546 1295 2574 τῶν
1314 2546 1398 2580 ἁγίων
1418 2545 1566 2581 προφητῶν
1578 2551 1584 2558 ‘
1617 2554 1626 2570 ι
1641 2546 1696 2572 Καὶ
1712 2546 1761 2572 ούκ
1785 2545 1829 2578 ἐξ·

1037 2595 1124 2621 οίσετε
1147 2594 1326 2628 βαστάγματα
1350 2592 1379 2624 ἐξ
1401 2591 1495 2618 οἰκιῶν
1514 2592 1591 2627 ὑμῶν
1615 2594 1648 2628 τῇ
1668 2592 1761 2628 ἡμέρᾳ
1779 2593 1826 2619 τοῦ

1038 2641 1188 2667 Σαΰῦάτου.
1205 2650 1213 2665 ι
1239 2640 1292 2666 Καὶ
1306 2639 1336 2665 οὺ
1357 2639 1388 2673 δή
1414 2646 1464 2664 που
1486 2638 1598 2672 φήσειεν
1620 2638 1652 2665 ἄν
1667 2647 1722 2671 τις,
1748 2640 1777 2670 ὃς
1795 2647 1827 2673 γε

1038 2686 1208 2721 σωφρονοίη,
1233 2685 1440 2720 καταφρονητήν
1467 2693 1546 2715 τινα,
1574 2684 1620 2710 καὶ
1645 2683 1750 2719 ὲξήνιον
1773 2685 1827 2710 τῶν

1037 2733 1116 2760 θείων
1127 2732 1301 2768 ὲνταλμάτων
1321 2731 1509 2759 ἁποτελεῖσοαι
1523 2731 1568 2757 τὸν
1589 2731 1743 2766 ἄνθρωπον
1765 2731 1826 2758 ἀλλ’

1029 2779 1066 2811 ὡς
1085 2779 1115 2806 ὲν.
1134 2779 1210 2814 τύπῳ
1226 2780 1280 2810 τοῖς
1306 2777 1441 2809 Ἰουδαίοις
1462 2777 1577 2813 φανερὸν
1596 2777 1682 2804 ἐποίει
1696 2777 1826 2815 Χριστὸς,
