2028 3118
143 187 197 215 5ιὸ

672 186 705 214 ΙΝ
727 186 869 215 JOANNIS
883 184 1108 214 EVANGELIUM
1127 184 1191 212 LIB.
1213 184 1243 212 II.

1716 187 1767 214 546

144 244 201 279 ἔχοι
213 252 256 275 τις
274 243 307 270 ἃν
321 240 460 274 ἀποδεῖξαι
473 241 598 277 τρόπους,
612 241 661 268 οὐκ
673 242 775 273 εἰδότας
790 241 932 273 Ἰουδαίους

986 240 1154 268 voluntatem
1180 241 1349 277 ignorantes.
1370 249 1398 270 ct
1419 242 1567 271 vanissime
1588 242 1653 269 illud
1671 243 1763 270 obser.

144 289 190 316 τὸν
210 288 274 324 περὶ
289 287 320 314 τὸ
329 287 466 314 Σάϐϐατον
484 286 530 313 τοῦ
544 286 688 322 νομοθέτου
704 287 813 320 σκοπὸν,
829 288 930 314 εἰκαιο-

145 334 229 369 τάτην
257 333 364 360 τελείαν
390 332 433 359 ἐπ’
462 332 536 368 αὐτῷ
562 332 740 367 ποιουμένους
760 332 809 367 τὴν
835 331 930 367 ἐπιτή-

146 389 236 416 ρησιν.
252 380 307 406 Καὶ
322 379 385 415 γὰρ,
400 379 438 410 ὡς
454 379 534 411 αὐτὸς
545 378 595 414 ἔφη
612 387 663 405 που
677 378 803 414 Χριστὸς,
818 378 931 410 ἕκαστος

146 425 236 452 αὐτῶν
251 424 297 451 τὸν
316 425 381 451 ῐδιον
405 423 467 459 βοῦν
477 443 484 456 ,
500 424 559 459 ἦτοι
580 423 610 450 τὸ
626 423 763 458 πρόϐατον
779 423 932 457 ἀπαγαγὼν

147 470 262 501 ποτίζει,
279 469 325 496 καί
340 468 490 504 περιτομὴν
503 468 637 503 λαμϐάνει
660 468 802 503 ἄνθρωπος
815 469 844 494 ὲν
861 467 932 493 Σαϐ-

147 514 232 551 ϐάτῳ,
253 514 297 541 ἵνα
315 513 352 549 μὴ
369 513 438 549 λυθῇ
457 515 470 540 ὁ
481 513 562 548 νόμος
575 512 705 544 Μωσέως.
723 511 789 539 Εἶτα
805 512 930 548 χολῶσιν,

146 559 189 586 ὃτι
203 559 262 586 ὅλον
281 559 422 594 ἄνθρωπον
445 558 510 593 ὑγιῆ
531 558 660 593 εποίησεν
679 558 707 584 ὲν
729 557 870 593 Σαϐϐάτῳ,
886 557 932 584 διὰ

146 605 247 640 πολλὴν
263 604 335 640 ὴθῶν
357 604 521 639 δυστροπίαν
544 612 573 630 τε
589 602 655 638 ὁμοῦ
680 603 727 630 καὶ
742 603 931 635 ἀπαιδευσίαν,

145 651 207 677 οὐδὲ
218 650 271 677 τῶν
285 650 391 684 ἀλόγων
407 649 453 676 τὸν
471 650 530 676 κατ’
544 649 637 676 εἰκόνα
652 648 701 684 τὴν
716 648 791 675 θείαν
803 648 933 683 γεγονότα

147 695 353 731 πρατάττοντες,
370 694 428 721 ἀλλ’
442 694 545 726 ἐξεῖναι
560 695 607 729 μὲν
626 694 761 730 πρόϐατον
777 693 862 720 ἐλεεῖν
881 693 934 720 οἰό-

148 749 225 776 μενοι
242 741 298 767 δεῖν
318 741 347 767 ὲν
362 740 504 776 Σαϐϐάτῳ,
521 740 567 767 καὶ
581 740 659 776 λιμοῦ
683 740 728 767 καὶ
746 739 826 775 δίψης
847 739 934 766 ἀπαλ-

147 787 255 814 λάττειν
277 786 467 821 ἀνεγκλήτως,
491 786 673 821 παρανομίαις
697 786 726 812 δὲ
745 785 793 812 καὶ
809 786 868 816 ταῖς
888 785 934 811 ἐπὶ

146 834 203 864 τοῖς
217 832 341 867 ἐσχάτοις
356 831 517 858 ὑποκεῖσθαι
541 832 680 866 γραφαῖς,
706 832 770 863 τοὺς
794 831 874 866 οἷπερ
901 830 934 857 ἂν

146 878 267 912 γένοιντο
281 876 394 912 χρηστοί
408 885 438 902 τε
456 876 503 902 καί
515 876 613 910 ἀγαθοί
628 876 691 912 περί
707 876 752 903 τὸν
765 875 848 908 πέλας
864 875 934 903 κατά

146 923 177 949 τὸ
198 922 348 949 Σάϐϐατον.
371 922 430 948 Ἵνα
448 922 480 957 δὴ
505 922 586 949 πάλιν
609 922 756 958 θεωρῶμεν
780 922 880 953 αὐτοὺς
904 921 933 948 ού

149 968 269 1003 μετρίως
279 967 498 1004 ἀνοηταίνοντας,
511 967 556 994 διά
567 976 597 994 τε
608 967 687 994 τοῦτο
699 967 812 999 δικαίως
826 967 935 994 ἀκούειν

146 1014 317 1049 ὀφείλοντας·
338 1023 347 1039 ι
367 1012 508 1040 Πλανᾶσθε
532 1012 569 1048 μὴ
591 1013 690 1044 εἰδότες
709 1013 758 1045 τὰς
780 1014 904 1049 Γραφὰς,
923 1022 932 1038 ι

147 1060 214 1094 φέρε
226 1060 258 1096 δὴ
274 1060 319 1086 καί
335 1061 368 1087 ὲκ
381 1060 436 1086 τῶν
453 1059 534 1095 ἱερῶν
544 1059 673 1091 λαϐόντες
684 1059 858 1094 Γραμμάτων
875 1059 935 1085 ὲπι-

146 1105 313 1140 δεικνύωμεν
327 1106 467 1142 ἐναργῶς,
494 1105 541 1132 καὶ
562 1104 647 1132 πάλαι
668 1103 935 1140 προαναζωγραφού-

149 1158 229 1185 μενον
244 1149 282 1182 ὡς
295 1151 325 1177 ὲν
338 1150 416 1186 τύπῳ
431 1151 476 1177 τὸν
493 1150 597 1186 Ἰησοῦν
617 1149 815 1185 ἁδιαφοροῦντα
831 1149 895 1185 περί
905 1148 935 1176 τὺ

148 1195 296 1222 Σάϐϐατον.
313 1195 418 1223 Οὐκοῦν
437 1196 467 1223 ὲν
490 1196 563 1231 γήρᾳ
585 1195 700 1231 μακρῷ,
725 1195 816 1227 καθὼς
832 1195 934 1230 γέγρα-

147 1248 224 1272 πται,
240 1240 295 1268 τῶν
307 1239 483 1275 ἀνθρωπίνων
494 1240 720 1276 ἀποδημήσαντος
733 1240 780 1266 τοῦ
795 1240 933 1274 πανσόφου

146 1286 287 1320 Μωσέως,
311 1286 358 1314 καὶ
379 1287 420 1318 εἰς
435 1287 483 1319 τὰς
507 1287 562 1314 ἄνω
587 1285 816 1322 μεθορμισθέντος
840 1287 933 1322 μονὰς,

147 1332 236 1368 χρίσει
251 1333 298 1359 καὶ
316 1332 399 1368 ψήφῳ
413 1332 460 1359 τοῦ
477 1332 586 1360 πάντων
602 1332 765 1368 κρατοῦντος
781 1332 861 1364 Θεοῦ,
884 1332 934 1367 τὴν

147 1379 295 1414 ἠγεμονίαν
305 1379 354 1414 τὴν
365 1379 411 1405 ἐπὶ
426 1379 472 1405 τὸν
491 1378 600 1415 Ἰσραὴλ
613 1378 692 1414 ἔλαχέ
707 1387 736 1405 τε
753 1378 801 1406 καὶ
814 1378 936 1414 ἐκληρὼ⁴

149 1433 215 1452 σατο
231 1426 296 1456 παῖς
309 1425 323 1451 ό
340 1424 388 1451 τοῦ
404 1425 482 1461 Ναυῆ
500 1425 614 1461 Ἰησοῦς.
639 1425 748 1460 Ἐπειδὴ
766 1425 795 1452 δὲ
817 1425 933 1460 μυριάν-

146 1470 226 1505 δρους
260 1470 375 1498 ὁπλιτῶν
408 1471 542 1506 ἀριθμοὺς
563 1471 654 1506 κύκλῳ
689 1470 857 1506 περιστήσας
885 1470 935 1506 τῆς

153 1516 301 1551 Ἱεριχοῦς,
333 1516 403 1543 ἑλεῖν
424 1525 455 1543 τε
480 1516 532 1552 ἤδη
555 1516 602 1544 καὶ
626 1515 824 1552 καταστρέφειν
849 1515 935 1551 αὐτὴν

146 1560 283 1595 ἐϐούλετο,
302 1561 427 1598 σύνθημα
444 1562 491 1597 μὲν
512 1562 569 1594 τοῖς
589 1562 707 1594 λευίταις
727 1562 823 1596 ὲδὶδου,
841 1561 934 1597 κύκλῳ

147 1607 291 1642 περιάγειν
316 1607 366 1643 τὴν
389 1608 504 1635 κιϐωτὸν
518 1628 526 1641 ,
543 1608 586 1642 ἐφ’
608 1608 683 1640 ὅλαις
703 1608 734 1642 ἐξ
749 1608 796 1635 τὸν
815 1607 932 1643 ἀριθμὸν

147 1653 283 1689 ἡμέραις,
296 1654 330 1689 τῇ
345 1653 373 1680 δὲ
386 1653 501 1689 ἑϐδόμη,
517 1652 590 1680 τοῦτ’
605 1653 679 1685 ἔστι,
692 1653 762 1680 κατά
780 1653 810 1680 τὸ
827 1652 934 1680 Σάϐϐα-

147 1706 203 1731 τον,
222 1698 417 1731 συναλαλάζειν
440 1699 500 1730 ταῖς
522 1698 650 1733 σάλπιγξι
669 1698 717 1734 τὴν
739 1698 856 1734 ἄμετρον
878 1698 933 1726 τῶν

149 1745 363 1781 στρατευμάτων
379 1745 505 1772 ἐκέλευσε
517 1745 633 1781 πληθὺν,
647 1745 694 1772 καὶ
706 1744 869 1779 κατεσείσθη
886 1745 936 1780 μὲν

147 1791 220 1818 οὕτω
236 1791 268 1818 τὸ
285 1793 373 1827 τεῖχος
385 1811 392 1823 ,
418 1791 609 1827 εἰσδραμόντες
630 1791 658 1817 δὲ
675 1791 740 1817 εῐσω
751 1811 758 1824 ,
781 1790 936 1826 χειροῦνται

147 1837 198 1872 τὴν
213 1837 293 1863 πόλιν
306 1856 312 1869 ,
336 1836 366 1863 οὺ
382 1836 432 1872 τὴν
450 1836 563 1872 ἄκαιρον
585 1835 632 1862 τοῦ
649 1835 787 1862 Σαϐϐάτου
800 1834 936 1870 τιμῶντες

149 1883 260 1918 ἀργίαν,
276 1883 336 1909 οὐδὲ
347 1882 379 1909 τὸ
393 1883 470 1918 νικᾷν
479 1884 507 1909 ὲν
523 1881 596 1916 αὐτῷ
606 1881 818 1917 παραιτούμενοι
831 1880 875 1907 διὰ
889 1880 935 1908 τὸν

148 1929 306 1964 ἐξείργοντα
320 1929 419 1964 νόμον,
445 1928 502 1954 ἀλλ’
517 1927 576 1954 οὐδὲ
595 1928 651 1958 τοῖς
679 1926 766 1962 Ἰησοῦ
784 1927 936 1962 στρατηγή-

149 1983 235 2010 μασιν
258 1974 484 2009 ἀντιπράττοντες
500 1973 577 2006 τότε,
601 1972 734 2008 λοιδορίας
748 1973 776 1999 δὲ
796 1973 937 2005 παντελῶς

148 2020 297 2055 ἐλευθέραν
318 2019 366 2046 τοῦ
387 2019 484 2054 ἀνδρὸς
505 2018 553 2054 τὴν
577 2017 725 2054 ἡγεμονίαν
754 2019 935 2054 τηρήσαντες.

148 2067 205 2094 Καὶ
229 2067 243 2093 ό
266 2065 316 2101 μὲν
341 2065 426 2096 τύπος
447 2065 476 2091 ἐν
499 2064 615 2096 τούτοις.
639 2064 748 2099 Ἐπειδὴ
767 2064 796 2091 δὲ
818 2065 935 2100 παρῆνή

147 2112 283 2147 ἀλήθεια,
309 2110 380 2138 τοῦτ’
402 2110 459 2137 ἐστι
487 2110 615 2146 Χριστὸς,
634 2110 683 2146 τὴν
705 2110 937 2145 ἐπιτειχισθεῖσαν

147 2158 222 2185 κατὰ
245 2157 293 2184 τοῦ
325 2156 468 2192 ἀνθρώπου
496 2156 572 2192 παρὰ
600 2157 647 2182 τοῦ
682 2156 806 2183 διαϐόλου
835 2156 938 2192 φθορὰν

147 2202 274 2230 καθελών
299 2211 330 2229 τε
353 2202 400 2229 καὶ
424 2201 643 2237 χειρωσάμενος,
666 2199 727 2228 εἶτα
750 2201 829 2228 τοῦτο
854 2201 939 2229 ποιῶν

982 291 1091 314 vantes.
1112 286 1190 319 Nam,
1205 291 1234 314 ut
1251 287 1309 322 ipse
1335 288 1461 317 Christus
1480 289 1550 317 dixit
1569 288 1680 322 alicubi,
1706 290 1767 324 qui-

981 331 1048 359 libet
1068 339 1165 359 eorum
1183 332 1266 360 boves
1292 340 1324 360 ac
1335 340 1398 360 oves
1414 341 1477 361 suas
1492 333 1654 369 adaquat",
1669 339 1697 361 et
1712 335 1768 362 cir.

981 377 1182 404 cumcisionem
1210 377 1293 405 homo
1313 378 1431 412 suscipit
1454 379 1483 405 in
1509 379 1640 414 Sabbato,
1664 384 1694 406 ut
1712 388 1766 408 non

981 422 1107 450 solvatur
1128 422 1171 449 lex
1196 421 1309 457 Moysis.
1334 422 1369 448 At
1394 422 1573 458 indignantur
1588 425 1661 459 quod
1681 425 1768 452 homi-

981 475 1047 495 nem
1065 468 1092 494 in
1104 467 1149 495 die
1162 467 1274 495 Sabbati
1286 470 1374 495 totum
1387 468 1500 495 sanitati
1512 470 1642 503 restituit,
1653 476 1767 504 propter

983 521 1119 542 summam
1148 520 1256 540 morum
1282 514 1490 547 perversitatem
1510 515 1593 542 simul
1609 519 1636 542 et
1663 517 1767 543 rudita-

982 563 1049 592 tem,
1065 567 1100 587 ne
1117 559 1206 586 brutis
1221 559 1331 594 quidem
1348 559 1416 594 ipsis
1432 560 1633 595 arquiparantes
1646 568 1709 588 eum
1720 562 1767 595 qui

983 606 1016 633 ad
1033 605 1180 641 imaginem
1196 605 1244 634 Dei
1262 605 1354 633 Iactus
1368 608 1421 638 est,
1439 606 1485 633 sed
1504 606 1531 633 in
1547 605 1669 633 Sabbato
1686 607 1768 633 licere

983 651 1093 686 quidem
1114 652 1175 679 ovis
1204 651 1397 679 misericordia
1417 652 1522 684 teneri,
1552 659 1670 687 eamque
1697 653 1769 679 citra

983 697 1093 731 culpam
1111 696 1181 724 fame
1196 704 1228 724 ac
1247 697 1295 725 siti
1312 697 1425 724 liberari
1441 705 1523 732 posse
1534 697 1687 730 credentes,
1699 705 1768 732 prae-

983 742 1102 769 varicari
1116 749 1182 769 vero
1197 745 1224 769 et
1244 741 1375 769 extremis
1389 741 1535 777 suppliciis
1551 742 1684 769 obnoxios
1705 749 1771 770 esse

984 786 1141 821 quicunque
1156 786 1281 814 bonitate
1296 790 1323 814 et
1337 787 1439 821 pietate
1451 793 1515 821 erga
1531 787 1688 821 proximum
1704 791 1767 813 ule-

984 837 1080 861 rentur
1094 833 1123 860 in
1141 833 1270 861 Sabhato.
1286 832 1323 860 Ut
1339 837 1415 860 certe
1429 833 1572 861 videamus
1595 841 1642 861 eos
1671 841 1768 861 rursus

986 887 1041 907 non
1064 879 1243 907 mediocriter
1260 878 1394 912 insanire,
1414 883 1496 913 atque
1515 879 1618 906 idcirco
1636 879 1698 913 jure
1714 879 1768 906 illis

985 925 1152 953 audiendum
1172 924 1252 961 212
1267 931 1348 952 esse:
1364 933 1374 950 ι
1390 924 1495 951 Erratis
1515 924 1672 951 nescientes
1690 923 1766 951 Scri-

984 975 1081 1007 pturas
1091 970 1125 1003 ¹⁸,
1143 980 1152 996 ι
1165 977 1214 1005 age
1226 978 1292 1005 ergo
1305 969 1397 997 allatis
1408 977 1519 1005 quoque
1533 976 1675 997 sacrarum
1691 968 1768 996 Scri-

984 1021 1128 1052 pturarum
1152 1015 1318 1043 testimoniis
1333 1015 1407 1043 clare
1433 1015 1612 1042 ostendamus
1629 1014 1768 1050 quondam

984 1063 1067 1090 etiam
1092 1061 1182 1097 typice
1206 1061 1409 1096 praaliguratum
1433 1060 1520 1088 fuisse
1545 1059 1638 1087 Iesum
1655 1059 1768 1086 Sabbati

984 1108 1204 1136 observationem
1234 1111 1423 1134 contemnere.
1451 1105 1537 1141 Igitur
1563 1104 1768 1140 sapientlssimo

984 1153 1087 1189 Moyse,
1105 1156 1136 1180 ut
1152 1152 1285 1186 scriptum
1300 1154 1353 1184 est,
1370 1151 1397 1178 in
1420 1154 1544 1178 extrema
1563 1153 1705 1178 senectute
1724 1155 1767 1175 re-

983 1198 1037 1226 bus
1054 1197 1182 1225 humanis
1195 1196 1337 1229 defuncto,
1356 1199 1382 1224 et
1396 1196 1429 1223 ad
1457 1202 1592 1230 supernas
1609 1194 1768 1222 mansiones

984 1244 1128 1276 translato,
1148 1242 1252 1278 judicio
1277 1249 1309 1269 ac
1327 1241 1464 1270 sententia
1481 1239 1696 1275 cunctipotentis
1714 1238 1765 1266 Dei

984 1289 1069 1317 Josue
1083 1289 1157 1316 Illius
1171 1287 1245 1315 Nave
1255 1287 1441 1314 Israelitarum
1458 1286 1583 1320 regimen
1600 1285 1722 1312 obtinuit
1733 1284 1766 1311 ".

985 1334 1037 1368 Qui
1064 1342 1127 1362 cum
1153 1332 1400 1360 innumerabilibus
1425 1334 1594 1358 armatorum
1614 1330 1702 1364 copiis
1725 1328 1770 1356 Je-

985 1379 1140 1407 richuntem
1168 1377 1333 1409 obsedisset,
1348 1384 1464 1412 eamque
1483 1375 1509 1403 vi
1532 1382 1690 1410 expugnare
1713 1377 1771 1401 sta-

984 1425 1095 1458 tuisset,
1114 1424 1223 1459 signum
1244 1423 1318 1451 dedit
1334 1422 1437 1450 Levitis
1465 1425 1494 1448 ut
1522 1421 1588 1448 totis
1603 1428 1650 1449 sex
1671 1420 1771 1447 diebus

985 1471 1093 1499 circum
1109 1470 1208 1498 urbem
1235 1476 1327 1497 arcam
1352 1468 1501 1501 deferrent,
1516 1468 1633 1502 septima
1648 1472 1725 1497 vero,
1742 1465 1770 1492 id

986 1520 1029 1545 est
1047 1516 1180 1548 Sabbato,
1190 1514 1417 1542 innumerabilem
1431 1513 1548 1540 militum
1565 1511 1770 1540 multitudinem

985 1563 1059 1590 tubis
1074 1562 1202 1597 clangere
1216 1560 1298 1588 simul
1312 1559 1409 1595 jussit,
1423 1562 1506 1594 atque
1523 1558 1561 1586 ita
1579 1557 1723 1585 concussis
1738 1563 1771 1583 ac

987 1608 1089 1638 dirutis
1116 1607 1255 1635 moenibus
1281 1605 1401 1641 ingressi
1425 1605 1522 1632 urbem
1546 1608 1689 1639 ceperunt,
1714 1610 1770 1629 non

986 1655 1166 1683 observantes
1181 1653 1408 1688 intempestivum
1425 1649 1539 1678 Sabbati
1560 1649 1658 1681 otium,
1681 1654 1772 1683 neque

987 1701 1132 1729 victoriam
1156 1699 1204 1726 illo
1220 1698 1265 1726 die
1282 1700 1444 1725 recusantes
1460 1695 1496 1723 ob
1519 1694 1588 1730 legis
1605 1693 1770 1729 prohibitio-

988 1755 1070 1779 nem,
1096 1745 1145 1773 sed
1167 1752 1218 1772 nec
1240 1743 1283 1772 sui
1305 1743 1385 1771 ducis
1406 1742 1552 1777 imperium
1575 1740 1771 1769 detrectantes.

989 1793 1114 1827 adeoque
1131 1791 1222 1826 ipsum
1239 1790 1316 1817 omni
1335 1789 1417 1824 plane
1433 1787 1559 1816 convicio
1576 1786 1727 1813 liberantes
1738 1784 1771 1810 '°.

985 1839 1075 1873 Atque
1092 1837 1150 1864 haec
1163 1836 1280 1871 ﬁgurate
1296 1833 1416 1869 quidem.
1430 1831 1566 1865 Quoniam
1584 1834 1676 1857 autem
1699 1827 1772 1855 veri-
1810 1830 1815 1834 '

985 1887 1029 1911 tas
1053 1882 1183 1914 advenit,
1205 1881 1231 1908 id
1246 1884 1289 1908 est
1299 1879 1441 1910 Christus,
1459 1880 1614 1912 expugnata
1635 1879 1663 1901 et
1677 1880 1773 1900 eversa

987 1926 1164 1962 corruptione
1184 1932 1199 1951 a
1217 1923 1328 1952 diabolo
1349 1922 1485 1949 adversus
1500 1923 1627 1946 naturam
1652 1916 1773 1944 hominis

986 1977 1094 2006 erecta,
1112 1978 1232 2006 cumque
1251 1969 1280 1996 id
1303 1968 1395 1995 facere
1418 1967 1543 1994 videatur
1569 1964 1642 1991 circa
1669 1961 1774 1989 Sabba—

987 2023 1046 2047 tum
1058 2039 1066 2052 ,
1081 2018 1160 2046 velut
1176 2017 1204 2044 in
1220 2014 1373 2051 primordio
1387 2016 1413 2040 et
1426 2012 1465 2040 rei
1481 2009 1629 2047 principio,
1644 2009 1674 2036 in
1694 2014 1775 2042 para-

987 2065 1073 2102 Iytico
1097 2063 1246 2095 nimirum,
1276 2060 1360 2088 stulte
1392 2058 1582 2092 indignantur,
1610 2053 1774 2088 obsequium

989 2099 1100 2146 patrum
1115 2109 1312 2140 condemnant,
1328 2114 1385 2133 non
1409 2105 1531 2133 ferentes
1547 2102 1708 2130 morborum
1724 2099 1774 2126 do—

989 2155 1078 2183 lorem
1099 2155 1128 2182 in
1146 2153 1269 2181 Sabbato
1287 2150 1571 2186 superari,quatenus
1583 2147 1617 2174 ad
1634 2146 1774 2173 insectan-

991 2201 1057 2229 dum
1072 2199 1166 2228 Iesum
1182 2200 1210 2226 in
1224 2197 1344 2225 Sabbato
1361 2197 1432 2224 bene
1447 2198 1597 2222 merentem
1613 2192 1774 2226 adiguntur.

149 2250 248 2284 ὁρᾶται
275 2248 345 2276 κατὰ
377 2249 408 2275 τδ
433 2248 582 2280 σάϐϐατον,
611 2248 647 2279 ὡς
671 2249 699 2275 ὲν
726 2248 860 2284 προοιμίῳ
885 2249 933 2276 καὶ
961 2248 1032 2284 ἀρχῇ
1058 2247 1105 2274 τοῦ
1130 2246 1300 2282 πράγματος,
1325 2245 1353 2270 ὲν
1371 2243 1410 2278 τῷ
1436 2240 1659 2277 παραλελυμένῳ,
1679 2238 1775 2272 δυσφο-

150 2296 246 2332 ροῦσιν
261 2294 441 2327 ἀπαιδεύτως,
455 2295 502 2321 καὶ
514 2295 564 2330 τῆς
575 2294 629 2321 τῶν
642 2293 768 2329 πατέρων
790 2294 946 2326 εὐπειθείας
970 2292 1191 2325 καταδικάζουσι,
1212 2290 1262 2326 τὴν
1287 2291 1319 2316 ὲκ
1333 2289 1388 2316 τῶν
1403 2289 1530 2332 ἀρῤωστη
1535 2286 1627 2332 μάτων
1638 2285 1777 2332 *ἐπήρειαν

148 2328 230 2377 νικᾷν
244 2341 273 2367 ἐν
288 2339 419 2374 Σαϐϐάτῳ
433 2338 480 2374 τὴν
498 2328 577 2373 φύσιν
590 2338 641 2365 οὐκ
657 2337 861 2373 ἐπιτρέποντες,
876 2339 937 2366 ὅσον
955 2339 995 2370 είς
1007 2338 1038 2365 τὸ
1059 2338 1157 2374 χρῆναι
1190 2335 1299 2363 διώκειν
1320 2332 1479 2368 ἐπείγεσθαι
1501 2331 1545 2358 τδν
1565 2328 1668 2366 Ἰησοῦν
1700 2329 1778 2363 εύερ.

147 2388 282 2423 γετοῦντα
297 2385 367 2413 κατὰ
384 2385 415 2412 τὸ
433 2385 578 2412 Σάϐϐατον.

192 2433 226 2459 Ὃ
241 2431 343 2466 Πατήρ
357 2440 416 2466 μου
432 2430 487 2464 ἕως
502 2430 568 2465 ἄρτι
585 2428 745 2464 ἐργάζεται,
762 2429 841 2464 κάγὼ
859 2429 935 2464 ἐρτάη

1032 2428 1064 2462 V,
1082 2428 1126 2457 I7.
1144 2427 1224 2454 Pater
1246 2433 1318 2452 meus
1344 2431 1424 2459 usque
1451 2421 1529 2449 modo
1542 2423 1677 2456 operatur,
1691 2422 1716 2444 et
1732 2425 1777 2452 ego

148 2477 247 2513 ζομαι.

206 2523 366 2557 Διαλέγεται
388 2522 437 2557 μὲν
460 2522 497 2553 ὡς
513 2521 542 2548 ὲν
561 2520 691 2554 Σαϐϐάτῳ
710 2519 835 2555 Χριστός.
857 2519 942 2547 Τοῦτο

150 2571 208 2605 γὰρ
226 2569 334 2604 ἀνάγκη
357 2569 387 2595 τὺ
406 2578 415 2594 ι
433 2568 484 2599 ἕως
498 2567 560 2602 ἄρτι
579 2576 588 2592 ι
608 2565 716 2600 δηλοῦν,
735 2565 778 2592 ἵνα
795 2565 840 2592 τὸν
857 2566 939 2601 ἑαυτῇ

150 2616 295 2651 πρέποντα
309 2614 387 2648 λόγον
405 2614 421 2649 ἡ
437 2612 483 2640 τοῦ
501 2613 678 2648 θεωρήματος
690 2611 802 2646 δέχηται
815 2611 939 2646 δύναμις.

159 2660 354 2691 Ἀπαιδεὺτους
382 2659 410 2686 δὲ
432 2659 511 2690 ὄντας
538 2659 600 2689 τοὺς
637 2657 796 2690 Ἰουδαίους,
829 2657 876 2684 καὶ
901 2657 942 2688 τίς

154 2707 212 2743 μέν.
232 2707 292 2733 ἐστι
320 2705 390 2732 κατὰ.
420 2704 500 2740 φύσιν
526 2703 576 2730 οὐκ
603 2703 708 2735 εἰδότας
734 2704 748 2729 ὁ
773 2702 941 2738 Μονογενὴς,

155 2753 230 2788 μόνῳ
252 2752 282 2779 δὲ
306 2751 481 2782 ἀνατιθέντας
500 2750 539 2784 τῷ
562 2749 621 2784 Θεῷ
646 2749 693 2776 καὶ
719 2749 806 2784 Πατρί
831 2748 877 2775 τοῦ
899 2748 943 2775 διὰ

151 2798 278 2827 Μωσέως
310 2797 393 2831 νόμου
425 2796 472 2822 τὸν
508 2795 635 2830 ὁρισμὸν,
673 2795 748 2830 αὺτῷ
782 2803 810 2820 τε
843 2795 942 2829 χρῆναι

153 2844 202 2870 καὶ
220 2842 364 2869 πείθεσθαι
392 2842 463 2877 μόνῳ
490 2841 762 2876 διαϐεϐαιουμένους,
789 2840 944 2867 ἀναπείθειν

996 2482 1098 2501 ουενον.

1029 2482 1098 2500 eror.

1012 2482 1147 2547 pDisscrit
1171 2517 1282 2553 quidem
1306 2514 1435 2542 Christus
1452 2511 1528 2539 utin
1551 2508 1681 2537 Sabbato.
1702 2505 1777 2534 Istud

995 2566 1069 2594 enim
1089 2571 1203 2592 necesse
1230 2565 1272 2589 est
1297 2557 1448 2595 signiﬁcari
1470 2556 1515 2583 his
1541 2554 1643 2585 verbis,
1662 2562 1671 2578 ι
1690 2558 1778 2586 usque

995 2612 1090 2644 modo,
1117 2620 1126 2637 ›
1150 2613 1180 2637 ut
1205 2606 1415 2636 convenientem
1434 2602 1487 2631 sibi
1514 2606 1669 2628 sermonem
1690 2598 1741 2644 vis
1751 2602 1778 2624 et

995 2659 1067 2686 ratio
1083 2642 1271 2684 theorematis
1289 2650 1415 2685 accipiat.
1439 2647 1584 2682 Imperitos
1607 2647 1700 2672 autem
1727 2642 1777 2670 Ju-

996 2703 1081 2734 dmos.
1097 2706 1124 2729 et
1136 2699 1292 2728 nescientes
1305 2697 1387 2732 plane
1401 2694 1462 2729 quis
1479 2691 1632 2720 secundum
1649 2695 1776 2717 naturam

996 2749 1032 2777 sit
1053 2746 1225 2782 Unigenitus.
1246 2742 1293 2771 sed
1316 2741 1362 2769 uni
1386 2741 1442 2767 Dco
1466 2746 1498 2765 ac
1516 2737 1590 2764 Patri
1616 2734 1776 2782 prmscripta

996 2779 1122 2820 Mosaicae
1131 2790 1198 2826 legis
1213 2789 1376 2819 tribuentes,
1391 2785 1472 2819 eique
1486 2783 1533 2810 uui
1545 2780 1696 2817 parendum
1709 2779 1776 2806 alllr-

998 2844 1113 2870 mantes,
1130 2833 1296 2871 persuadere
1322 2832 1395 2859 clare
1415 2833 1531 2857 conatur
1556 2827 1647 2856 omnia
1674 2833 1702 2853 se
1723 2831 1776 2852 una

193 2901 215 2916 ’⁷
236 2900 305 2927 Luc.
323 2907 381 2931 xm,
400 2898 439 2926 l5.
478 2898 499 2913 "‘
514 2897 607 2925 Matth.
624 2904 692 2930 xxn,
709 2897 753 2924 29.
795 2898 816 2912 ³³
834 2895 909 2924 Deut.
926 2904 935 2922 ι

986 2903 1016 2927 λ’,
1032 2894 1059 2924 8,
1075 2893 1101 2920 9.
1142 2892 1162 2908 ³⁰
1177 2890 1259 2919 Iosue
1273 2896 1314 2922 ιιι,
1330 2888 1346 2915 3
1362 2893 1442 2922 seqq.
