2028 3118
260 195 312 223 547

755 199 782 226 S.
806 199 946 228 CYRILLI
964 199 1200 228 ALEXANDRINI
1217 199 1377 228 ARCHIEP.

1835 203 1887 231 348

257 262 319 280 eum
335 253 416 280 Patre
426 252 506 288 213
515 253 634 288 operari,
645 259 670 280 et
686 261 747 281 cum
760 254 898 282 Genitor-is
914 255 940 282 in
956 256 1046 290 seipso

1099 255 1227 290 πειρᾶται
1261 255 1370 289 σαφῶς,
1399 255 1439 282 ὅτι
1470 255 1558 282 πάντα
1581 254 1618 290 τῷ
1639 255 1726 291 Πατρὶ
1754 259 1887 294 συνεργά-

258 304 386 327 naturam
407 299 505 326 habeat
517 319 523 331 ,
541 303 684 334 propterea
701 300 774 334 quod
793 301 868 328 aliud
884 308 937 328 non
948 306 989 328 est
1011 301 1045 328 ab

258 345 317 378 illo,
338 345 412 380 quod
436 344 468 371 ad
490 345 652 372 substantiae
678 346 851 373 identitatem
881 350 997 381 spectat,
1016 354 1045 374 se

258 389 327 416 nihil
355 388 429 416 aliud
454 397 575 424 unquam
599 397 747 417 sensurum
773 398 856 424 quam
873 391 946 425 quod
972 390 1045 418 Patri

258 436 410 470 placuerit;
432 442 549 470 cumque
565 436 603 462 sit
620 435 743 470 ejusdem
763 435 935 467 substantiae,
951 436 1045 463 eadem

259 489 370 516 quoque
387 485 520 514 statuere,
535 482 599 513 imo,
613 489 674 509 cum
696 482 754 516 ipse
777 483 813 510 sit
831 482 926 510 vivens
951 482 1044 510 consi-

256 527 324 554 lium
341 531 368 554 et
386 528 475 554 virtus
498 527 599 560 Patris,
620 527 713 555 omnia
730 528 757 554 in
770 527 899 556 omnibus
913 536 974 556 eum
998 529 1046 556 Pa-

257 577 300 601 tre
327 573 445 608 operari.
473 573 506 600 Ut
532 581 597 608 ergo
623 572 783 600 Judzeorum
812 574 894 602 inane
920 582 1046 602 murmur

257 624 407 649 amoveret.
424 627 457 646 ac
474 619 596 646 ﬂecteret
623 619 792 647 insectantes
811 620 890 655 quasi
913 620 1044 647 honorem

258 666 370 693 Sabbati
391 666 540 696 violasset,
565 674 573 690 ι
595 665 676 692 Pater
703 673 799 699 meus,
824 666 933 701 inquit,
957 674 1045 702 usque

257 711 339 739 modo
354 715 493 746 operatur.
512 720 521 736 ι
534 709 599 737 Tale
611 710 683 737 enim
699 710 830 746 quiddam
845 711 1044 746 propemodum

257 756 414 791 signiﬁcare.
426 757 483 783 vult
498 765 504 782 :
522 756 551 784 Si
578 758 681 789 credis,
698 765 714 784 ο
729 757 858 793 quisquis
872 766 913 792 es,
933 762 1003 786 nutu
1018 762 1045 786 et

255 803 398 830 voluntate
419 802 465 829 Dei
487 803 610 830 omnium
634 811 726 830 rerum
756 803 863 839 opiﬁcis
888 809 1043 832 creaturam

256 849 404 884 gubernari
425 849 508 876 etiam
525 849 570 876 die
589 849 714 881 Sabbati,
727 850 762 876 ita
780 855 809 877 ut
829 851 870 878 sol
881 851 1000 882 oriatur,
1018 854 1044 878 et

256 894 388 921 imbrifcri
419 894 508 922 fontes
534 894 718 926 resolvantur,
742 899 768 922 et
797 895 905 923 fructus
931 903 946 923 e
970 901 1043 924 terra

255 944 414 974 erumpant,
430 948 519 975 neque
532 947 660 967 crescere
672 939 828 968 detrectent
846 945 960 976 propter
975 941 1044 969 Sab-
1061 935 1081 963 Β

255 986 361 1018 batum,
380 986 451 1021 ignis
467 989 557 1013 autem
576 993 624 1022 pro
636 994 686 1014 sua
703 992 803 1014 natura
823 991 894 1022 agat,
910 991 939 1015 et
952 987 1044 1015 homi-

255 1039 321 1059 num
340 1033 437 1060 usibus
463 1033 539 1060 nullo
559 1033 724 1068 impediente
741 1034 855 1066 serviat,
876 1033 963 1061 fatere
988 1034 1043 1060 titi-

255 1086 308 1112 que
325 1077 448 1111 Patrem,
476 1086 525 1114 pro
543 1087 575 1106 eo
604 1086 636 1106 ac
663 1078 749 1106 Deum
766 1079 854 1112 decet,
880 1079 990 1114 operari
1016 1079 1044 1105 in

256 1121 386 1149 Sabbato.
402 1122 459 1149 Cur
473 1130 551 1158 ergo,
567 1123 668 1158 inquit,
689 1123 774 1151 stulte
796 1123 956 1150 criminaris
981 1130 1044 1150 eum

254 1175 304 1203 per
321 1176 402 1203 quem
420 1175 518 1197 cuncta
537 1169 686 1204 operatur?
702 1168 763 1196 Non
786 1170 859 1196 enim
876 1169 957 1196 aliter
972 1168 1045 1197 Deus

255 1221 287 1241 ac
315 1213 397 1241 Pater
426 1219 568 1249 operatur,
593 1222 677 1250 quam
696 1223 745 1250 per
770 1214 833 1242 Filii
858 1215 986 1243 virtutem
1017 1220 1045 1243 et

258 1259 434 1294 sapientiam.
460 1259 565 1287 Idcirco
592 1261 697 1295 inquit,
725 1269 734 1285 ‹
754 1259 811 1295 Ego
843 1268 953 1296 quoque
977 1267 1043 1295 ope-

255 1313 310 1332 ror.
330 1304 505 1333 1Conl‘uudit
532 1306 615 1342 igitur
641 1307 811 1342 argumentis
838 1307 866 1333 in
892 1306 1043 1334 absurdum

255 1350 455 1378 deducentibus
467 1351 624 1379 Iudaeorum
641 1352 802 1379 ell‘renatum
812 1353 944 1385 animum,
955 1356 1044 1379 osten-

255 1397 324 1424 dens
355 1404 403 1424 eos
422 1397 473 1424 sibi
495 1405 550 1424 non
581 1402 636 1425 tam
667 1405 823 1433 repugnare
847 1405 929 1433 quam
956 1397 1042 1430 Patri,

255 1443 299 1469 cui
315 1448 390 1471 certe
411 1444 456 1470 uni
480 1444 548 1480 legis
564 1443 696 1471 honorem
719 1444 860 1471 ascribere
885 1443 1042 1475 studebant,

255 1489 377 1518 nondum
393 1495 576 1525 agnoscentes
597 1489 749 1517 naturalem
765 1491 826 1525 ejus
840 1488 952 1516 Filium.
978 1487 1043 1516 Ideo

255 1537 327 1563 enim
353 1539 380 1563 et
403 1536 582 1571 peculim-iter
613 1543 693 1564 suum
721 1535 830 1563 Patrem
856 1535 923 1562 dicit
946 1534 1043 1568 Deum,

256 1581 325 1608 scite
340 1581 486 1608 admodum
503 1581 536 1608 ad
555 1581 767 1616 pulcherrimam
785 1584 812 1608 et
826 1580 954 1608 eximiam
970 1580 1042 1607 hanc

256 1626 410 1653 doctrinam
428 1627 508 1661 quasi
525 1635 606 1654 manu
621 1626 772 1654 deducens.

1056 1604 1078 1634 C

257 1671 337 1706 φύσιν
354 1671 425 1699 Υίόν.
443 1672 492 1699 Διὰ
507 1672 560 1708 γάρ
580 1681 620 1699 τοι
638 1673 720 1699 ’τοῦτο
736 1671 782 1698 καὶ
802 1671 953 1707 μοναδικῶς
981 1670 1078 1698 ἑαυτοῦ

257 1721 296 1752 είς
310 1720 339 1746 τὸ
352 1720 491 1747 κάλλιστον
505 1720 536 1756 δὴ
552 1720 642 1753 τοῦτο,
655 1721 701 1748 καὶ
720 1721 809 1756 τίμιον
824 1719 948 1755 μάθημα.

291 1785 324 1813 ν.
342 1786 384 1813 18.
399 1787 541 1821 Propterea
551 1795 612 1821 ergo
623 1787 707 1822 magis
722 1787 872 1822 quwrebant
883 1795 942 1814 eum
954 1787 1045 1815 Judazi

257 1834 424 1867 interﬁcere:
440 1834 500 1868 quia
517 1842 568 1860 non
583 1833 670 1860 solum
685 1834 802 1861 solvebat
818 1833 964 1861 Sabbatum
974 1854 981 1866 ,
999 1833 1044 1861 κά

257 1885 282 1906 et
297 1879 405 1907 Patrem
420 1888 498 1907 suum
514 1879 618 1907 dicebat
635 1879 720 1907 Deum
731 1900 737 1912 ,
755 1880 883 1915 wqualem
900 1888 928 1907 se
946 1879 1045 1914 faciens

257 1925 321 1953 Deo.

293 1991 333 2018 Ad
345 1990 535 2018 crudelitatem
545 1998 636 2028 magis
648 1999 679 2018 ac
691 1991 777 2028 magis
790 1991 876 2019 fertur
885 1990 1043 2018 Iudaeorum

258 2037 386 2073 animus,
402 2041 429 2065 et
444 2038 546 2072 quibus
565 2046 596 2065 ex
615 2037 699 2064 rebus
718 2037 811 2064 sanari
829 2037 980 2069 deberent,
999 2037 1043 2065 his

256 2087 410 2119 aegrescunt
425 2083 524 2118 magis,
535 2087 564 2109 ut
576 2083 614 2110 illi
626 2083 688 2117 jure
701 2083 831 2110 audiant:
847 2083 990 2116 Quomodo
1003 2083 1044 2110 di-

257 2129 327 2157 cetis
341 2128 416 2163 quia,
429 2127 573 2163 Sapientes
584 2135 680 2155 sumus
693 2127 837 2154 uos?Cum
850 2127 923 2154 enim
933 2131 1043 2162 oporte-

258 2181 300 2203 ret
314 2183 362 2203 eos
375 2174 552 2202 convenienti
569 2173 675 2201 ratione
689 2173 722 2200 ad
738 2174 864 2208 pietatem
880 2172 1045 2200 reformatus

258 2221 350 2248 animo
367 2220 502 2255 mitigari,
521 2220 604 2247 etiam
628 2227 701 2246 nunc
723 2219 825 2245 caedem
849 2218 1046 2245 machinantur

1096 300 1183 332 ζεται,
1195 300 1242 326 καὶ
1255 300 1303 336 τὴν
1318 300 1365 326 τοῦ
1377 300 1556 334 γεννήσαντος
1569 300 1649 334 φύσιν
1663 300 1732 336 ἔχων
1744 302 1773 329 ὲν
1788 303 1886 339 ἑαυτῷ,

1095 346 1139 372 διὰ
1154 345 1184 372 τὸ
1201 345 1238 380 μὴ
1255 345 1348 380 ἔτερόν
1366 354 1392 371 τι
1417 345 1480 380 παρ’
1495 345 1598 372 ὲκεῐνον
1613 346 1757 381 ὑπάρχειν,
1772 349 1834 376 ὅσον
1849 350 1887 381 είς

1096 391 1145 426 τὴν
1169 390 1218 426 τῆς
1237 390 1331 422 οὐσίας
1349 391 1508 426 ταυτότητα,
1528 391 1576 426 οὐχ
1594 391 1687 428 ἕτερόν
1708 401 1734 420 τι
1758 395 1886 430 φρονήσει

1096 436 1161 463 ποτὲ
1181 436 1256 471 παρὰ
1276 436 1305 462 τὸ
1322 435 1359 471 τῷ
1379 436 1494 470 φύσαντι
1515 437 1623 464 δοκοῦνυ
1643 437 1681 469 ὡς
1695 438 1722 465 δὲ
1736 439 1786 474 τῆς
1803 441 1887 475 αὐτῆς

1097 481 1226 516 ὑπάρχων
1239 480 1332 512 οὐσίας
1355 481 1441 508 ταὺτά
1463 481 1509 508 καὶ
1532 481 1714 516 βουλεύσεται,
1741 484 1842 518 μᾶλλον
1860 485 1887 511 δὲ

1096 527 1176 559 αὐτὸς
1191 527 1320 562 ὑπάρχων
1340 528 1356 563 ή
1374 527 1449 558 ζῶσα
1466 527 1557 563 βουλὴ,
1577 528 1624 554 καὶ
1640 528 1754 563 δύναμις
1768 529 1815 556 τοῦ
1834 531 1887 557 Πα-

1095 573 1168 608 τρὸς,
1184 574 1290 608 ἐνεργεῖ
1314 573 1345 600 τὰ
1372 574 1460 600 πάντα
1475 573 1503 599 ἐν
1519 574 1585 600 πᾶσι
1611 575 1679 609 μετά
1695 575 1810 611 Πατρός,
1830 576 1887 602 Ἵνα

1095 619 1184 647 τοίνυν
1199 619 1244 646 τὸν
1257 621 1357 647 εἰκαῖον
1371 621 1424 646 τῶν
1446 620 1579 646 Ἰουδαίων
1600 620 1806 657 ἀποκρούσηται
1827 631 1888 656 γογ‹

1095 666 1209 702 γυσμδν,
1225 666 1273 693 καὶ⁵
1295 666 1443 702 δυσωπήσῃ
1465 665 1612 698 διώκοντας
1637 667 1678 700 ἐφ’
1693 664 1733 699 οἷς
1757 667 1888 702 χαλεπαί-

1095 720 1150 739 νειν
1171 712 1290 746 ἐδόκουν,
1311 712 1410 739 ὡσανεὶ
1431 711 1482 746 τῆς
1508 712 1571 747 περὶ
1591 711 1621 738 τὸ
1640 712 1778 739 Σάῦὗατον
1803 722 1887 740 κατα-

1096 757 1277 793 φρονηθείσης
1306 757 1405 792 τιμῆς·
1425 766 1436 783 ι
1459 756 1487 783 '0
1515 757 1610 793 Πατήρ
1642 766 1704 792 μου,
1727 759 1820 793 φησὶν,
1837 759 1888 790 ἕως

1095 801 1157 837 ἄρτι
1171 801 1327 837 ἐργάζεται.
1350 811 1359 827 ι
1376 801 1464 829 Μόνον
1478 801 1533 837 γὰρ
1549 801 1608 836 οὐχὶ
1628 802 1750 828 τοιοῦτόν
1764 811 1790 829 τι
1806 811 1890 830 κατα-

1097 847 1240 882 σημαίνειν
1258 847 1391 882 βούλεται·
1408 848 1439 874 Εἰ
1456 846 1603 881 πιστεύεις,
1623 847 1760 882 ἄνθρωπε,
1775 849 1890 882 νεύματί

1095 902 1125 920 τε
1143 894 1188 920 καὶ
1203 894 1328 929 βουλήσει
1350 893 1396 919 τοῦ
1419 893 1453 920 τὰ
1469 893 1557 920 πάντα
1581 893 1772 928 συμπήξαντός
1796 903 1825 920 τε
1845 894 1889 920 καὶ

1095 939 1296 974 τεχνησαμένου
1313 938 1380 966 Θεοῦ
1396 938 1443 974 τὴν
1461 939 1549 966 κτίσιν
1570 939 1727 966 διοικεῖσθαι
1753 941 1800 966 καὶ
1820 939 1890 966 κατὰ

1094 985 1125 1011 τὸ
1138 984 1286 1017 Σάὅὸατον,
1299 984 1337 1016 ὡς
1360 983 1480 1019 ἀνίσχειν
1497 983 1547 1018 μὲν
1566 983 1650 1019 ἥλιον,
1663 983 1846 1020 ὀμϐροτόκους
1861 991 1889 1009 τε

1095 1030 1195 1066 ὁμοίως
1216 1029 1337 1056 ἀνίεσθαι
1363 1029 1473 1063 πηγὰς,
1497 1029 1544 1056 καὶ
1563 1029 1685 1064 καρποὺς
1706 1029 1754 1064 μὲν
1779 1030 1812 1055 ὲκ
1839 1029 1890 1064 γῆς

1094 1075 1265 1111 ἀνατρέχειν,
1291 1075 1321 1102 οὐ
1350 1074 1587 1110 παραιτουμένους
1608 1073 1656 1109 τὴν
1680 1073 1764 1108 αὔξην
1792 1073 1836 1100 διὰ
1861 1073 1891 1100 τὸ

1094 1121 1244 1153 Σάϐϐατον,
1260 1121 1381 1156 ἐνεργεῖν
1397 1120 1426 1147 δὲ
1451 1120 1484 1146 τὰ
1505 1120 1592 1146 οἰκεῖα
1614 1120 1644 1146 τὸ
1669 1119 1733 1155 πῦρ,
1758 1120 1818 1150 ταῖς
1835 1119 1889 1145 τῶν

1095 1166 1246 1203 ἀνθρώπων
1260 1166 1375 1202 χρείαις,
1395 1164 1586 1196 ἀδιακωλύτως
1601 1165 1769 1200 ὑπηρετοῦν
1788 1164 1844 1191 ἴσθι
1857 1164 1890 1201 δὴ

1095 1212 1204 1244 πάντως
1218 1211 1357 1247 ὁμολογῶν
1373 1211 1494 1246 ἐνεργεῖν
1507 1210 1552 1236 τὸν
1569 1210 1678 1245 Πατέρα
1692 1210 1726 1237 τὰ
1748 1210 1889 1245 θεοπρεπῆ

1094 1258 1164 1285 κατὰ
1178 1258 1209 1285 τὸ
1223 1258 1370 1285 Σάϐϐατον.
1384 1257 1416 1283 Ti
1435 1256 1578 1293 τοιγαροῦν
1601 1256 1781 1288 ἀπαιδεύτως,
1795 1256 1888 1291 φησὶν,

1094 1305 1169 1340 αῑτιᾷ
1181 1304 1226 1330 τὸν
1242 1304 1275 1330 δι’
1287 1301 1317 1331 οὗ
1330 1303 1363 1330 τὰ
1378 1303 1467 1329 πάντα
1478 1302 1625 1338 ἐργάζεται
1636 1311 1642 1335 ;
1665 1302 1822 1337 Ἐνεργήσει
1835 1301 1889 1337 γὰρ

1094 1351 1143 1385 οὐχ
1162 1350 1264 1385 ἑτέρως
1277 1350 1291 1376 ὁ
1303 1349 1369 1381 Θεὸς
1384 1349 1431 1375 καὶ
1447 1348 1553 1384 Πατὴρ,
1566 1348 1623 1376 ἀλλ’
1637 1348 1675 1379 ὡς
1689 1348 1732 1374 διὰ
1747 1347 1890 1383 δυνάμεως

1095 1397 1140 1423 καὶ
1157 1396 1252 1430 σοφίας
1266 1395 1313 1422 τοῦ
1329 1395 1403 1422 Υίοῦ.
1421 1394 1470 1421 Διὰ
1485 1394 1564 1421 τοῦτο
1577 1394 1656 1430 φησὶ,
1678 1403 1687 1420 t
1707 1393 1794 1428 Κάγὼ
1807 1393 1893 1428 ἐργά-

1095 1440 1185 1476 ζομαι.
1207 1450 1215 1466 ι
1231 1441 1354 1466 Δυσωπεῖ
1367 1438 1510 1475 τοιγαροῦν
1523 1441 1583 1471 ταῖς
1599 1441 1637 1471 είς
1658 1440 1757 1467 ἄτοπον
1773 1439 1891 1471 ἐννοίαις

1094 1486 1139 1513 τὸν
1156 1485 1283 1522 ἀχάλινον
1297 1485 1351 1512 τῶν
1369 1485 1520 1512 διωκόντων
1535 1485 1629 1520 θυμὸν,
1646 1485 1695 1520 οὐχ
1721 1485 1810 1520 ἑαυτῷ
1825 1494 1889 1511 τοσ-

1094 1532 1172 1559 οῦτον
1187 1533 1384 1564 ἀντιτείνοντας
1407 1533 1526 1564 δεικνὺς,
1541 1531 1602 1558 ὅσον
1620 1532 1706 1559 εἰπεῖν
1724 1531 1763 1567 τῷ
1788 1531 1892 1567 Ila-.91,

1094 1577 1116 1614 ᾦ
1140 1580 1171 1616 δὴ
1196 1580 1242 1607 καὶ
1266 1580 1339 1615 μόνῳ
1365 1580 1413 1616 τὴν
1437 1580 1484 1607 τοῦ
1510 1580 1592 1616 νόμου
1618 1581 1700 1616 τιμὴν
1719 1580 1891 1616 ἀναγράφειν

1093 1626 1268 1659 ἐσπούδαζον,
1287 1628 1362 1654 obito)
1378 1626 1558 1661 γινώσκοντες
1582 1626 1626 1653 τὸν
1647 1626 1676 1659 ἐξ
1703 1625 1786 1653 αὑτοῦ
1818 1625 1890 1652 κατὰ

1096 1672 1206 1708 Πατέρα
1238 1672 1304 1708 φησὶ
1335 1672 1380 1700 τὸν
1400 1672 1474 1704 Θεὸν.
1507 1672 1676 1707 εὐφυέστατα
1712 1671 1891 1708 χειραγωγῶν

1132 1783 1183 1810 Διὰ
1198 1782 1285 1810 τοῦτο
1304 1781 1362 1810 οὖν
1375 1782 1495 1818 μᾶλλον
1512 1780 1637 1814 ἐζήτουν
1657 1781 1752 1809 αὐτὸν
1767 1785 1795 1810 οἱ
1820 1784 1891 1812 Ἰου.

1097 1829 1174 1856 δαῖοι
1195 1829 1379 1861 ἀποκτεῖναι,
1407 1828 1450 1855 ὅτι
1469 1829 1505 1855 οὺ
1527 1829 1623 1862 μόνον
1639 1828 1710 1855 ἔλυε
1731 1828 1764 1855 τὸ
1781 1829 1892 1856 Σάϐϐα-

1098 1882 1161 1906 tor,
1175 1874 1254 1902 ἀλλὰ
1268 1873 1318 1900 καί
1331 1873 1446 1907 Πατέρα
1460 1873 1536 1900 ἴδιον
1549 1874 1634 1908 ἔλεγε
1650 1873 1704 1912 τὸν
1716 1873 1802 1907 Θεὸν,
1821 1875 1892 1902 ἶσον

1098 1919 1208 1946 ἑαυτὸν
1223 1918 1316 1946 ποιῶν
1331 1919 1369 1952 τῷ
1384 1917 1454 1951 Θεῷ.

1133 1987 1310 2014 Ἐπιτείνεται
1338 1986 1405 2022 πρὸς
1433 1986 1629 2022 ἀπανθρωπίαν
1645 1986 1698 2014 τῶν
1720 1987 1858 2014 Ἰουδαίων
1873 1988 1888 2015 ὁ

1097 2033 1167 2066 νοῦς,
1186 2034 1233 2060 καὶ
1257 2033 1290 2060 δι’
1313 2030 1351 2060 ὧν
1374 2033 1457 2068 ὲχρῆν
1482 2032 1692 2068 θεραπεύεσθαι,
1707 2033 1816 2059 νοσοῦσι
1832 2042 1891 2068 μει-

1097 2079 1191 2113 ζόνως,
1207 2080 1251 2106 ἵνα
1271 2080 1303 2114 δὴ
1326 2079 1436 2110 δικαίως
1463 2079 1623 2105 ἀκούσειαν·
1653 2079 1715 2110 Πῶς
1739 2079 1828 2114 ἐρεῖτε
1848 2079 1890 2105 δτι

1096 2126 1177 2159 Σοφοί
1193 2126 1275 2160 ὲσμεν
1297 2125 1393 2160 ἡμεῖς
1411 2125 1474 2151 Δέον
1498 2125 1552 2161 γὰρ
1575 2124 1673 2156 αὐτοὺς
1689 2125 1891 2160 ὲξημεροῦσθαι

1097 2171 1146 2206 τὴν
1164 2170 1286 2205 γνώμην,
1303 2171 1425 2206 λογισμῷ
1441 2171 1479 2206 τῷ
1494 2171 1624 2207 πρέποντι
1640 2171 1891 2206 μεταποιουμένους

1098 2217 1137 2248 είς
1160 2216 1312 2248 εὐλάΰειαν,
1330 2215 1376 2242 καὶ
1393 2216 1509 2251 φονῶσιν
1524 2217 1574 2252 ἤδη
1597 2216 1667 2243 κατὰ
1687 2216 1735 2243 τοῦ
1753 2215 1891 2251 πληροφο-

258 2267 318 2301 ejus
334 2267 380 2301 qui
400 2267 483 2294 rebus
500 2266 568 2301 ipsis
586 2265 762 2292 demonstrat
780 2264 849 2291 nihil
872 2264 951 2299 plane
967 2264 993 2291 in
1008 2264 1045 2291 le-

1101 2262 1208 2298 ροῦντος
1223 2263 1267 2289 διὰ
1281 2262 1462 2298 πραγμάτων,
1477 2263 1513 2294 ὡς
1530 2263 1606 2292 οὐδὲν
1618 2264 1685 2295 ὅλως
1700 2265 1740 2295 εἰς
1756 2264 1801 2290 τὸν
1819 2264 1890 2290 θεῖον

259 2321 318 2348 gem
334 2313 455 2340 divinam
472 2315 614 2346 peccatum
630 2318 691 2338 esse
702 2331 709 2343 ,
726 2311 838 2338 homine
853 2310 934 2346 214.
949 2313 1045 2337 sanato

258 2358 303 2384 die
321 2357 445 2384 Sabbati.
467 2356 578 2382 Addunt
599 2363 665 2382 vero
688 2355 722 2383 ad
748 2355 816 2382 iram
838 2355 873 2382 ob
895 2355 1045 2382 Sabbatum

258 2407 420 2438 conceptam
439 2402 618 2436 blasphemia:
633 2401 738 2428 crimen
755 2408 815 2428 esse
836 2401 926 2436 ipsam
945 2401 1046 2428 verita-

259 2453 333 2482 tem,
365 2456 479 2477 suorum
513 2451 690 2483 peccatorum
719 2447 824 2475 catenis
847 2451 978 2483 perpetua
1005 2448 1046 2475 ira

260 2493 368 2527 seipsos
381 2491 596 2526 obstringentes.
613 2491 815 2519 Existimabam
831 2493 904 2520 enim
917 2492 1046 2528 impieta-

258 2540 314 2565 tem
327 2545 400 2569 esse,
412 2537 679 2572 indignabanturque
691 2537 773 2572 quod,
787 2546 849 2565 cum
862 2539 944 2566 homo
957 2543 1045 2572 esset,

261 2583 345 2610 Deum
358 2583 468 2609 Patrem
482 2590 561 2609 suum
577 2582 692 2610 diceret.
703 2582 866 2611 Nesciebant
878 2585 951 2612 enim
962 2584 1047 2612 Deum

261 2629 382 2656 Verbum
399 2629 426 2655 in
445 2627 532 2655 forma
553 2629 624 2657 servi
643 2634 754 2664 propter
769 2638 818 2658 nos
842 2630 944 2658 factum
967 2638 1046 2662 esse,

261 2677 288 2700 et
304 2680 335 2700 ex
352 2672 406 2700 Deo
421 2673 502 2701 Patre
516 2674 599 2701 vitam
618 2683 800 2710 promanare,
822 2676 874 2703 hoc
890 2681 932 2704 est
948 2676 1047 2711 Unige-

262 2718 365 2750 nitum,
381 2718 426 2746 cui
441 2723 516 2746 certe
531 2720 577 2746 uni
594 2721 704 2756 proprie
719 2729 750 2748 ac
766 2729 829 2749 vere
841 2721 925 2748 Deum
941 2722 1047 2749 Patrem

262 2771 324 2792 esse
339 2764 458 2793 dicimus
469 2785 476 2796 ,
494 2767 574 2794 nobis
587 2775 650 2794 vero
664 2775 718 2794 non
735 2768 810 2795 item.
827 2767 846 2794 A
853 2768 954 2802 doptivi
975 2768 1047 2795 enim

263 2817 368 2843 sumus,
385 2810 418 2838 ad
441 2811 600 2847 dignitatem
623 2813 862 2847 supernaturalem
887 2813 1049 2840 llonorantis

263 2855 404 2884 voluntate
421 2857 509 2885 evecti
529 2862 554 2886 et
579 2859 692 2886 nomina
706 2859 752 2885 illa
766 2859 872 2886 deorum
887 2866 918 2885 ac
932 2859 1048 2892 ﬁliorum

265 2901 435 2937 obtinentes,
453 2906 564 2938 propter
581 2903 780 2931 inltabilautem
798 2903 937 2931 Christum
955 2904 983 2931 in
1000 2911 1049 2930 n0-

1096 2310 1252 2345 ὴμάρτηται
1273 2309 1373 2344 νόμον,
1394 2309 1567 2343 ὑγιασθέντος
1593 2309 1738 2344 ἀνθρώπου
1766 2310 1838 2342 κατά
1859 2309 1892 2336 τὸ

1097 2356 1242 2383 Σάϐϐατον.
1263 2355 1454 2382 Ἐπιπλέκουσι
1481 2355 1509 2381 δὲ
1535 2357 1594 2388 ταῖς
1620 2356 1663 2382 διὰ
1689 2355 1719 2382 τὸ
1749 2355 1891 2382 Σάϐϐατον

1096 2402 1201 2437 ὀργαῖς,
1216 2401 1252 2432 ὼς
1271 2399 1443 2435 βλασφημίας
1457 2399 1582 2435 ἔγκλημα
1601 2401 1650 2436 τὴν
1674 2400 1814 2436 ἀλήθειαν,
1837 2409 1891 2427 σει-

1098 2447 1157 2482 ραῖς
1172 2445 1225 2472 τῶν
1238 2445 1344 2471 οἰκείων
1360 2445 1602 2481 πλημμελημάτων
1618 2447 1657 2478 είς
1672 2446 1788 2478 ἀλύτους
1805 2447 1891 2482 ὀργὰς

1098 2493 1209 2524 ἑαυτοὺς
1238 2492 1478 2526 κατασφίγγοντες.
1511 2492 1656 2519 Δυσσεὸεῖν
1683 2493 1737 2528 γὰρ
1762 2492 1889 2526 ἐδόκουν,

1070 2567 1074 2570 ,
1099 2539 1162 2566 ι’διον
1177 2539 1218 2565 ὅτι
1233 2538 1306 2573 λέγει
1320 2538 1428 2573 Πατέρα
1443 2538 1487 2565 τδν
1501 2539 1567 2565 Θεὸν
1579 2538 1721 2574 ἄνθρωπος
1733 2538 1771 2565 ὢν
1786 2539 1890 2574 ἀσχάλ-

1097 2585 1197 2617 λοντες.
1218 2585 1255 2611 Οὐ
1271 2584 1324 2620 γὰρ
1341 2584 1439 2620 ῇδεσάν
1458 2593 1500 2610 πω
1522 2584 1566 2611 τὸν
1588 2585 1616 2610 ὲν
1633 2584 1726 2611 δούλου
1747 2586 1840 2620 μορφῇ
1858 2585 1890 2611 δι’

1098 2632 1170 2667 ἡμᾶς
1187 2631 1316 2665 γεγονότα
1331 2630 1396 2657 Θεὸν
1409 2630 1504 2664 Λόγον,
1523 2631 1571 2665 τὴν
1588 2631 1619 2657 ὲκ
1638 2630 1684 2656 τοῦ
1700 2630 1769 2657 Θεοῦ
1785 2630 1889 2666 Πατρὸς

1098 2675 1285 2710 ἀναὸρύουσαν
1307 2675 1389 2709 ζωὴν.
1415 2675 1486 2701 τοῦτ’
1508 2675 1566 2701 ἔστι
1589 2675 1635 2702 τὸν
1652 2675 1806 2710 Μονογενῆ,
1823 2673 1845 2710 ᾧ
1859 2675 1888 2709 δὴ

1099 2722 1146 2748 καὶ
1162 2722 1234 2757 μόνῳ
1248 2721 1348 2757 κυρίως
1364 2730 1393 2747 τε
1410 2721 1456 2747 καὶ
1471 2721 1578 2756 ἀληθῶς
1598 2721 1782 2756 ὲπιγράφεταί
1801 2730 1832 2748 τε
1845 2722 1888 2748 καὶ

1099 2767 1154 2794 ἔστι
1171 2767 1265 2802 Πατὴρ
1278 2769 1292 2794 ὁ
1307 2767 1382 2799 Θεὸς,
1396 2769 1461 2802 ἡμῖν
1478 2767 1505 2793 δὲ
1519 2767 1619 2794 οὐκέτι.
1634 2767 1711 2793 Θετοὶ
1727 2767 1782 2802 γὰρ
1797 2767 1886 2802 ἡμεῖς,

1100 2815 1138 2845 είς
1154 2813 1184 2839 τδ
1201 2813 1269 2848 ὑπὲρ
1286 2814 1364 2847 φύσιν
1381 2812 1488 2848 ἀξίωμα
1511 2812 1554 2839 διὰ
1577 2812 1626 2847 τὴν
1649 2812 1697 2839 τοῦ
1722 2813 1887 2847 τιμήσαντος

1101 2859 1208 2893 θέλησιν
1220 2858 1419 2891 ἀναϐαίνοντες,
1435 2857 1523 2884 καὶτὸ
1538 2858 1596 2884 θεοὶ
1615 2858 1660 2884 καὶ
1673 2857 1733 2885 υἱοὶ
1747 2856 1887 2884 καλεῖσθαι

1101 2903 1284 2939 κερδαίνοντες
1311 2902 1353 2930 διὰ
1374 2903 1418 2930 τὸν
1438 2903 1466 2929 ὲν
1484 2904 1549 2938 ἡμῖν
1563 2902 1688 2930 οἰκοῦντα
1706 2902 1827 2937 Χριστὸν
1848 2901 1888 2930 διὰ
