2028 3118
148 181 200 208 549

675 183 708 210 ΙΝ
725 183 867 212 JOANNIS
883 183 1107 213 EVANGELIUM
1124 186 1187 213 LIB.
1205 187 1234 213 Il.

1717 184 1769 213 550

148 239 194 266 τοῦ
226 240 304 274 ἁγίου
333 242 499 277 Πνεῦματος.
526 243 572 274 Εἰς
603 243 651 278 τὴν
680 243 768 280 σάρκα
789 243 926 280 τοιγαροῦι

984 245 1027 272 bis
1045 253 1093 280 per
1110 250 1236 272 sanctum
1252 245 1387 282 Spiritum
1401 246 1432 272 ³¹.
1449 246 1517 274 Cum
1532 252 1599 282 ergo
1611 245 1699 274 solam
1712 252 1770 272 car-

149 285 302 321 ἀφορῶντες
323 286 418 322 μόνην,
443 287 488 313 τὸν
508 287 536 313 δὲ
549 288 578 314 ὲν
601 290 634 324 τῇ
659 289 740 325 σαρκὶ
756 289 933 317 κατοικοῦντα

147 330 212 356 Θεὸν
235 330 284 356 οὐκ
310 331 544 365 ἐπιγινώσκοντες,
569 333 619 360 οὐκ
646 334 785 369 ἀνέχονται
815 335 881 371 πρὸς
902 335 933 361 τὸ

147 376 310 412 ὑπερέκεινα
324 377 374 412 τῆς
387 377 530 412 ἀνθρώπου
546 378 652 412 φύσεως
677 368 866 416 ἀναπηδῶντος
885 368 933 416 μέν

146 430 219 456 τρον,
244 422 288 449 διὰ
312 423 359 450 τοῦ
385 424 493 459 Πατέρα
517 424 604 458 λέγειν
627 426 722 453 ἑαυτοῦ
738 427 782 453 τὸν
796 427 872 454 Θεόν.
887 427 932 462 Τῷ

146 467 200 502 γὰρ
212 468 308 500 εἰπεῖν,
327 478 335 494 ι
358 468 388 496 Ὀ
411 470 505 505 Πατήρ
532 479 594 506 μου,
613 481 622 496 ι
640 472 741 508 ταύτην
766 473 798 499 ἂν
820 473 932 504 εἰκότως

146 512 266 546 εἰσφέροι
277 512 326 548 τὴν
342 512 445 539 ἔννοιαν
455 523 461 528 ·
475 513 575 541 οἴονται
590 514 617 541 δὲ
636 515 690 542 δεῖν
707 516 752 542 τὸν
763 512 839 551 ᾧπερ
856 517 930 543 ἐστὶν

147 558 300 591 ἰδιαζόντως
326 560 418 595 Πατὴρ
446 561 459 586 ὁ
483 560 558 594 Θεὸς,
586 560 642 588 ἴσον
667 560 734 588 εἶναι
759 562 828 588 κατά
851 563 930 597 φύσιν

145 603 229 638 αὐτῷ,
252 603 329 631 τοῦτο
356 604 387 640 δὴ
414 605 492 640 μόνον
518 605 642 637 νοοῦντες
668 606 769 642 ὀρθῶς·
794 607 849 642 ἔχει
876 608 930 643 γὰρ

144 649 241 681 οὕτως,
255 650 361 685 καὶούχ
375 650 485 686 ἑτέρως.
507 651 550 683 Ὠς
573 649 619 678 οὖν
637 652 683 678 καὶ
699 652 799 688 ταύτην
819 653 866 679 τοῦ
889 653 930 679 λό-

144 704 193 729 γου
208 696 258 732 τὴν
273 696 375 723 ἔννοιαν
391 697 605 733 ¹τιαρεισοίγοντος
616 718 623 730 ,
643 698 825 732 ἀγανακτοῦσι
842 698 930 734 μειζό-

143 750 197 773 νως
211 741 256 768 τὸν
270 742 348 778 ὀρθὸν
358 742 407 778 τῆς
424 742 550 778 ἀληθείας
570 743 761 778 ἐκτρεπόμενοι
778 744 864 778 λόγον.

445 801 569 828 ΚΕΦΑΛ,
586 803 630 836 ς’.

143 855 206 893 Ὀτι
218 855 273 893 οὐξι
285 854 417 893 ἐλάττων
428 857 504 893 κατὰ
520 857 648 893 δύναμιν
662 857 681 892 ἢ
697 858 761 885 κατ’
777 857 930 893 ἐνέργειαν

178 889 234 927 τὴν
248 890 296 916 ἐπί
311 899 391 927 τισιν
405 892 422 918 ὁ
441 891 506 925 Υἱὸς
520 892 572 918 τοῦ
583 888 708 926 Πατρός,
722 888 929 927 ἀλλήιό-ὸσθε-

177 924 234 957 νής
250 933 282 951 τε
301 925 348 951 καὶ
366 925 475 960 ὅμοιος,
493 927 532 959 ὡς
543 927 578 959 ἐξ
592 924 692 954 alit-017
700 929 774 955 κατὰ
787 924 891 963 φύσιν.

179 970 364 1004 Ἀπεκρίνατο
380 969 437 999 οὖν
459 974 476 999 ὀ
503 973 627 1007 Ἰησοῦς,
643 973 691 1001 καὶ
710 972 794 1001 εἶπεν
807 973 925 1006 αὐτοῖς’

147 1015 247 1049 Ἀμὴν,
258 1015 339 1050 ἀμὴν
349 1016 425 1051 λέγω
437 1017 518 1052 ὑμῖν,
532 1019 567 1045 οὺ
580 1018 706 1046 δύναται
718 1021 734 1046 ὀ
752 1019 817 1052 Υἱὸς
828 1020 927 1047 ποιεῖν

137 1059 191 1094 ἀφ’
204 1060 311 1088 ἑαυτοῦ
324 1061 423 1094 οὐδὲν,
438 1063 493 1090 ἐὰν
509 1063 552 1097 μή
575 1072 603 1090 τι
623 1064 725 1099 ,βλέπῃ
740 1065 794 1092 τὸν
812 1064 927 1098 Πατέρα

138 1106 298 1133 ποιοῦντα·
316 1106 335 1134 ἆ
359 1107 413 1142 γὰρ
435 1107 474 1135 ἂν
493 1108 608 1142 ἐκεῖνος
633 1109 713 1145 ποιῇ,
730 1110 822 1138 ταῦτα
843 1110 892 1138 καὶ
909 1113 925 1138 ὁ

142 1153 210 1185 Υἱὸς
230 1154 335 1188 ὁμοίως
350 1154 437 1181 ποιεῖ.

176 1200 265 1234 Ὅπερ
279 1201 307 1226 έν
318 1202 373 1232 τοῖς
386 1200 566 1236 προλαόοῦσιν
579 1203 737 1238 εἰρήκαμεν,
753 1203 831 1230 τοῦτο
845 1203 925 1230 πάλιν

137 1246 226 1281 ἑτέρῳ
239 1245 408 1282 διερμηνεύει
428 1247 537 1283 τρότιῳ,
554 1249 721 1284 πανταχόθεν
743 1250 789 1276 ἐπὶ
805 1249 854 1284 τὴν
875 1249 924 1283 τῆς

136 1292 268 1328 ἀληθείας
285 1292 391 1327 εὕρεσιν
409 1294 566 1328 σαγηνεύων
579 1295 641 1326 τοὺς
659 1295 865 1330 ἀκροωμένους·
881 1296 925 1323 τὸν

135 1337 165 1364 δὲ
182 1338 210 1364 ἐν
231 1337 347 1372 πρώτοις
360 1338 389 1364 οὺ
414 1338 614 1374 παραδεχθέντα
637 1339 725 1374 λόγον,
740 1340 784 1366 διά
802 1340 850 1376 τὴν
870 1341 925 1367 τῶν

136 1384 258 1410 συνιέναι
282 1383 318 1418 μὴ
335 1383 500 1419 δυνηθέντων
515 1385 666 1417 ἀσθένειαν,
687 1386 787 1421 ἑτέρως
805 1387 925 1422 ἀναμορ-

135 1431 193 1463 (poi,
208 1430 255 1456 καὶ
267 1429 310 1456 διὰ
325 1429 378 1456 τῶν
389 1429 478 1456 αὐτῶν
498 1430 571 1457 ὶόντα
591 1431 786 1467 θεωρημάτων,
804 1432 925 1468 εἰσφέρει

134 1476 276 1508 ποικίλως.
287 1474 393 1514 ρἘργον
415 1476 437 1503 δ’
461 1476 493 1503 ἂν
517 1476 559 1512 εἴη
587 1476 665 1503 τοῦτο
685 1477 734 1512 τῆς
757 1477 924 1505 διδασκάλων

133 1521 294 1558 πρεπούσης
320 1522 436 1558 ἀρετῆς,
459 1522 489 1548 τὸ
509 1523 549 1558 μὴ
569 1523 700 1558 τρέχοντα
716 1523 854 1559 δηλονότι,
877 1524 924 1551 καὶ

133 1569 343 1602 παριπτάμενον
364 1567 418 1594 τῶν
434 1567 631 1603 διδασκομένων
650 1569 698 1604 τὴν
720 1569 820 1603 γνῶσιν
840 1571 925 1597 ποιεῖ-

943 931 964 959 Β
1014 933 1102 963 milis,
1121 936 1148 958 ut
1166 939 1198 958 ea;
1212 931 1269 964 ipso
1286 938 1363 956 secun

983 299 1045 318 nem
1072 295 1196 326 spectem
1225 295 1252 318 et
1280 292 1365 319 Deum
1380 292 1408 319 in
1423 299 1506 319 carne
1530 292 1698 319 habitantem
1719 298 1772 316 non

983 340 1149 371 agnoscant,
1163 344 1217 363 non
1234 337 1326 364 ferunt
1337 336 1430 364 Jesum
1443 337 1514 364 ultra
1530 340 1634 364 natura:
1646 336 1773 363 humana:

982 381 1169 409 conditionem
1186 381 1278 409 eﬂ‘erri
1295 390 1327 409 ex
1345 389 1377 409 eo
1395 381 1467 416 quod
1481 381 1590 408 Patrem
1607 389 1686 409 suum
1703 380 1771 408 dicit

982 427 1077 455 Deum.
1094 427 1123 455 In
1139 435 1172 455 eo
1189 428 1262 455 enim
1281 428 1354 463 quod
1370 427 1449 460 dicit,
1466 437 1474 452 ι
1491 426 1572 454 Pater
1589 435 1677 458 meus,
1691 437 1700 452 ι
1719 427 1771 454 ista

981 473 1192 508 sententiajure
1207 473 1381 508 exprimitur.
1400 472 1564 499 Existimant
1579 475 1669 498 autem
1687 479 1749 498 eum
1762 491 1769 503 ,

981 519 1025 546 cui
1037 520 1146 554 proprie
1157 527 1190 546 ac
1200 519 1375 554 peculiariter
1385 518 1465 545 Pater
1481 521 1523 544 est
1541 517 1624 550 Deus,
1639 517 1769 551 :equalem

981 573 1043 593 esse
1058 565 1082 593 ei
1099 565 1251 593 secundum
1270 569 1416 596 naturam;
1433 563 1508 598 quod
1526 569 1610 588 unum
1628 561 1679 596 ipsi
1697 565 1770 588 recte

977 610 1125 646 judicant:
1141 611 1177 638 ita
1193 611 1267 638 enim
1290 618 1335 637 res
1357 613 1416 642 est,
1438 616 1470 635 ac
1493 616 1548 635 non
1572 607 1662 634 aliter.
1684 607 1770 639 Quasi

980 665 1046 692 ergo
1062 658 1136 684 hunc
1152 663 1265 684 sensum
1283 656 1432 683 verborum
1451 661 1565 681 suorum
1586 653 1644 687 ipse
1666 651 1693 678 in
1712 659 1770 677 me-

979 704 1056 731 dium
1072 703 1186 735 aderat,
1203 703 1386 737 indignantur
1403 701 1501 736 magis,
1521 702 1626 727 rectum
1642 697 1768 726 veritatis

979 757 1135 777 sermonem
1150 749 1204 776 alio
1216 748 1424 782 detorquentes.

1304 803 1379 830 CAP.
1400 802 1443 829 VI.

980 862 1057 896 Quod
1074 869 1126 889 non
1138 861 1224 887 minor
1235 859 1377 896 secundum
1392 859 1513 896 virtutem
1530 861 1575 884 aut
1591 855 1767 896 operqtionem

1013 899 1047 924 sit
1065 897 1147 924 Patre
1161 896 1247 922 Filius
1258 915 1266 927 ,
1280 894 1325 922 sed
1346 894 1456 955 wlqualis
1474 893 1610 926 potestatis
1620 911 1628 924 ,
1645 892 1718 926 eique
1732 892 1769 918 si-

1014 933 1102 955 milis.
1121 936 1148 955 ut
1166 939 1198 955 ea;
1212 931 1269 955 ipso
1286 938 1363 955 secun
1385 937 1428 955 um
1443 933 1578 955 naturam.

1385 937 1428 955 unt
1443 936 1578 955 naturam.

1016 978 1048 1005 V.
1071 978 1114 1012 18,
1130 977 1173 1005 I9.
1196 976 1339 1010 Respondit
1360 976 1448 1010 itaque
1464 974 1557 1005 Iesus,
1578 977 1603 1000 et
1621 972 1689 998 dixit
1707 972 1744 998 eis
1757 991 1763 997 .

976 1025 1076 1058 Amen,
1096 1032 1171 1051 amen
1191 1023 1250 1050 dico
1267 1022 1337 1049 vobis
1349 1041 1357 1055 ,
1374 1029 1425 1048 non
1441 1024 1524 1055 potest
1545 1019 1631 1046 Filius
1649 1027 1664 1045 a
1679 1026 1706 1044 se
1723 1018 1767 1052 fu—

976 1079 1033 1098 cere
1047 1070 1190 1105 quidquam
1201 1088 1208 1100 ,
1225 1068 1276 1095 nisi
1291 1067 1359 1102 quod
1373 1066 1467 1093 viderit
1482 1065 1590 1092 Patrem
1605 1063 1740 1098 facientem
1756 1070 1765 1089 :

975 1124 1134 1152 qurccunque
1150 1115 1219 1142 enim
1243 1114 1288 1141 ille
1305 1113 1411 1148 fecerit,
1427 1112 1481 1140 haec
1496 1115 1520 1138 et
1542 1109 1628 1137 Filius
1643 1109 1765 1137 similiter

976 1163 1053 1197 facit.

1011 1207 1090 1240 Quod
1112 1206 1140 1234 in
1164 1205 1386 1241 przecedentihus
1407 1204 1545 1235 diximus,
1570 1202 1621 1229 hoc
1642 1201 1697 1228 alia
1719 1207 1765 1227 ra-

976 1253 1052 1281 tione
1071 1260 1171 1280 rursus
1186 1252 1323 1287 cxplicat,
1344 1250 1486 1277 auditores
1507 1255 1573 1276 suos
1592 1247 1625 1274 ad
1646 1246 1764 1282 agnitio-

974 1306 1038 1327 nem
1052 1298 1176 1326 veritatis
1190 1304 1387 1332 usquequaque
1402 1295 1540 1323 irreticns.
1555 1293 1641 1320 Porro
1658 1291 1763 1319 dcctri-

975 1353 1038 1372 nam
1059 1351 1120 1380 quas
1141 1344 1260 1379 primunt
1275 1345 1403 1376 suscepta
1416 1348 1471 1368 non
1483 1345 1541 1372 est,
1555 1339 1590 1365 oh
1602 1345 1697 1365 eorum
1712 1337 1765 1363 im-

975 1393 1153 1421 becillitatem
1177 1391 1232 1417 alio
1247 1389 1329 1416 modo
1345 1388 1455 1422 reﬁngit
1466 1408 1473 1420 ,
1499 1390 1526 1413 et
1541 1392 1604 1412 cum
1621 1384 1648 1411 in
1665 1383 1763 1410 iisdem

975 1440 1102 1464 versetur
1120 1434 1321 1466 theorematis,
1351 1433 1426 1460 varie
1454 1437 1545 1458 tamen
1569 1435 1629 1457 eam
1652 1431 1763 1455 tractat.

975 1482 1057 1509 Probi
1078 1485 1170 1508 autem
1187 1480 1312 1516 magistri
1330 1478 1450 1506 olIicium
1472 1481 1535 1509 est,
1562 1483 1618 1503 non
1643 1474 1762 1505 cursim,

975 1535 1065 1564 neque
1079 1527 1266 1562 perfunctorie
1275 1525 1385 1557 docere,
1396 1524 1445 1552 sed
1461 1522 1580 1557 eleganti
1596 1528 1658 1548 cum
1675 1520 1764 1546 varie-

975 1579 1031 1603 tate
1043 1575 1202 1602 distinctam
1213 1573 1368 1600 doctrinam
1381 1571 1500 1603 tradere,
1516 1569 1676 1604 plerumque
1687 1567 1764 1593 theo-

134 1614 199 1641 σθαι
213 1614 257 1640 τὸν
278 1614 364 1647 λόγον,
377 1613 432 1640 ἀλλ’
445 1614 601 1650 εὐπάρυφόν
618 1623 647 1642 τε
661 1616 708 1642 καὶ
731 1616 866 1653 διαφόρως
883 1616 926 1650 ἐξ·

977 1624 1112 1648 rematutn
1130 1618 1210 1654 215
1223 1618 1409 1645 diﬂicultatem
1425 1616 1526 1644 eximio
1540 1614 1649 1642 dicendi
1665 1620 1764 1648 genere

132 1659 309 1695 ορχούμενον,
324 1660 370 1686 καὶ
385 1660 423 1695 τῷ
440 1660 488 1695 τῆς
499 1660 624 1695 φράσεως
635 1661 837 1697 ἐξηλλαγμένῳ,
858 1662 923 1689 πολ-

132 1706 214 1738 λάκις
231 1707 279 1741 τὴν
300 1707 329 1733 ὲν
350 1707 405 1738 τοῖς
427 1706 585 1742 θεωρήμασι
607 1707 735 1742 φιλοῦντα
756 1708 925 1744 δυσχέρειαν.

138 1751 289 1787 Ἀναμεξας
309 1752 398 1778 τοενυν
413 1752 452 1787 τῷ
465 1752 611 1788 θεοπρεπεῖ
630 1753 660 1780 τὸ
681 1753 860 1789 ἀνθρώπινον,
880 1755 929 1781 καὶ

133 1799 218 1834 μέσον
234 1799 262 1831 ἐξ
279 1799 379 1833 ἀμφοῖν
402 1798 449 1825 ἕνα
474 1798 593 1832 κεράσας
617 1798 706 1834 λόγον,
723 1799 760 1832 ὡς
774 1799 865 1835 ἠρέμα
879 1801 927 1834 μὲν

132 1844 262 1879 ὑφιζάνει
278 1844 308 1870 τὸ
328 1843 366 1878 τῷ
382 1844 528 1876 Move-{avsi
552 1843 656 1878 πρέπον
680 1844 797 1879 ἀξίωμα,
811 1845 926 1872 ἀναϐαι-

126 1898 174 1917 νει
207 1889 236 1915 δὲ
266 1888 315 1924 τὴν
344 1887 488 1923 ἀνθρώπου
516 1888 607 1923 φύσιν,
631 1888 669 1921 ὼς
697 1889 834 1925 Δεσπότης
857 1890 925 1925 ἅμα,

129 1934 182 1960 καὶ
198 1934 228 1959 ὲν
246 1933 349 1964 δούλοις
373 1933 617 1968 κατατεταγμένος,
643 1933 742 1969 φησιν·
762 1943 770 1959 ι
787 1934 824 1960 Οὺ
847 1933 927 1960 δύνα-

128 1987 180 2006 ται
199 1979 314 2004 ποιεῖνὸ
328 1977 391 2008 Υἱὸς
409 1978 455 2012 ἀφ’
470 1977 567 2005 ἑαυτοῦ
592 1978 677 2010 οὐδὲν,
694 1978 741 2005 ἐὰν
757 1979 821 2014 μήτι
840 1979 925 2015 βλέπῃ

129 2025 180 2051 τὸν
198 2023 308 2058 Πατέρα
323 2023 465 2050 ποιοῦντα·
487 2023 504 2050 ἃ
518 2023 572 2059 γὰρ
586 2023 618 2051 ἂν
633 2025 734 2056 ἐκεῖνος
751 2026 826 2061 ποιῇ,
843 2026 927 2054 ταῦτα

128 2070 209 2098 καὶὸ
226 2069 291 2100 Tib;
305 2069 405 2103 ὁμοίως
425 2070 504 2096 ποιεῖ.
523 2078 532 2095 ›
554 2070 598 2095 Ἑν
617 2070 665 2104 μὲν
682 2069 735 2105 γὰρ
749 2070 787 2104 τῷ
800 2070 926 2097 δύνασθαι

129 2117 222 2143 ποιεῖν
239 2115 455 2151 ἀπαραλλάκτως
469 2115 504 2141 τά
528 2114 573 2142 τοῦ
593 2115 660 2142 Θεοῦ
681 2116 728 2141 καὶ
751 2116 865 2151 Πατρὸς,
880 2117 926 2143 καὶ

127 2161 236 2197 ὁμοίως
259 2162 381 2196 ἐνεργεῖν
396 2160 434 2196 τῷ
451 2161 620 2196 γεννήσαντι,
637 2161 687 2195 τῆς
708 2161 801 2192 οὐσίας
823 2162 926 2188 ἑαυτῶν

131 2208 270 2243 μαρτυρεῖ
286 2206 334 2240 τὴν
352 2206 513 2242 ταυτότητα.
534 2206 690 2242 Ὲνεργήσει
712 2206 766 2242 γὰρ
779 2207 879 2242 ὁμοίως
892 2206 927 2235 τὰ

127 2254 183 2290 τὴν
201 2253 287 2288 αὐτὴν
304 2253 427 2288 ἀλλήλοις
439 2253 555 2287 λαχόντα
571 2251 662 2286 φύσιν,
677 2250 717 2284 οἷς
736 2251 763 2279 δὲ
777 2252 791 2278 ό
806 2252 852 2279 τοῦ
869 2253 926 2285 πῶς

127 2299 202 2327 εἶναι
215 2299 294 2333 λόγος
310 2298 518 2334 ὲξηλλαγμένος,
542 2297 647 2329 τούτοις
668 2297 701 2324 ἂν
723 2297 765 2333 εἴη
785 2298 830 2324 καὶ
846 2299 860 2323 ό
876 2298 926 2334 τῆς

127 2347 174 2381 ἐφ’
189 2346 291 2373 ἅπασιν
305 2345 444 2380 ἐνεργείας
456 2344 555 2379 τρόπος
575 2344 625 2379 οὐχ
640 2345 654 2370 ὁ
671 2344 760 2375 αὐτός.
775 2343 878 2371 Οὐκοῦν
889 2345 925 2377 ὡς

127 2391 199 2423 Θεὸς
221 2390 347 2426 ἀληθινὸς
368 2390 400 2416 ὲκ
419 2389 486 2416 Θεοῦ
503 2390 609 2425 Πατρδς
630 2389 767 2425 ἀληθινοῦ,
783 2389 868 2416 ταῦτα
881 2390 925 2416 δύ-

127 2437 230 2464 νασθαι
258 2437 344 2462 ποιεῖν
376 2435 475 2470 ὁμοίως
499 2435 595 2470 ἐκείνῳ
619 2435 715 2470 φησὶν,
743 2434 800 2461 ἀλλ’
823 2435 866 2461 ἶνα
886 2435 924 2470 μὴ

127 2483 222 2518 μόνως
246 2481 296 2517 [αι.
314 2480 404 2516 μόνον]
428 2480 485 2512 ἶσος
508 2481 544 2508 ὢν
564 2481 592 2507 ὲν
615 2480 727 2516 δυνάμει
747 2480 925 2516 φαίνηταιτῷ

125 2527 232 2564 Πατρὶ,
249 2525 417 2562 ὁμογνώμων
439 2526 467 2552 δὲ
492 2526 563 2553 κατά
586 2526 683 2558 πάντα,
709 2526 755 2552 καὶ⁴
778 2526 841 2561 μίαν
856 2526 925 2561 ἔχων

124 2574 179 2609 τὴν
193 2574 238 2606 ἐφ’
255 2573 342 2600 ᾶπασι
357 2572 475 2607 Θέλησιν,
494 2573 531 2608 μὴ
553 2572 681 2599 δύνασθαι
700 2573 773 2607 λέγει
794 2574 880 2599 ποιεῖν
895 2572 926 2605 ἐξ

124 2617 229 2645 ἑαυτοῦ
249 2617 342 2653 μηδὲν,
356 2618 403 2644 ἐὰν
420 2618 485 2652 μήτι
499 2617 584 2654 βλέπῃ
597 2617 642 2644 τὸν
660 2618 770 2654 Πατέρα
784 2618 923 2646 ποιοῦντα.

127 2664 246 2698 Ὅμοιον
260 2664 288 2691 δὲ
302 2663 340 2695 ὡς
354 2664 378 2689 εἰ
395 2663 467 2698 λέγοι
483 2664 650 2699 τρανώτερον
665 2664 732 2700 πρὸς
746 2666 807 2696 τοὺς
819 2665 925 2692 διώκειν

126 2709 376 2744 ἐπιχειρήσαντας,
396 2709 491 2745 ἀνδρὸς
516 2710 543 2736 ἐν
567 2710 699 2746 Σαϐϐάτῳ
723 2711 926 2746 τεθεραπευμέ-

126 2763 195 2782 νου·
233 2755 440 2782 Καταλελύσθαι
479 2755 602 2790 νομίζετε
622 2757 670 2792 τὴν
704 2756 751 2783 τοῦ
786 2757 924 2785 Σαΰϐἀτου

126 2799 226 2835 τιμὴν,
243 2799 300 2826 ἀλλ’
312 2799 363 2826 οὐκ
388 2799 420 2826 ἂν
448 2799 548 2835 ἔδρασα
569 2800 646 2827 τοῦτό
667 2810 732 2828 ποτε
750 2803 787 2838 μὴ
803 2803 861 2838 οὐχὶ
880 2804 925 2830 τὸν

127 2846 225 2879 ὅμοιον
242 2845 361 2880 ἐργάτην
381 2845 452 2880 ὁρῶν
476 2845 521 2872 τὸν
543 2845 668 2882 Πατέρα·
694 2847 799 2883 ἐνεργεί
820 2849 873 2885 γὰρ
891 2851 923 2877 τὰ

169 2903 189 2919 ³¹
205 2902 361 2938 Rom._vut,
379 2901 418 2928 II.
459 2901 479 2918 ³³
495 2901 574 2930 Joan.
591 2910 617 2936 v,
634 2903 677 2937 I9,
693 2903 737 2931 9.0.

979 1666 1152 1702 explicando.
1180 1665 1301 1692 Miscens
1319 1664 1411 1699 itaque
1430 1662 1524 1690 divino
1544 1661 1693 1688 humanum
1708 1679 1715 1690 ,
1737 1662 1764 1685 rt

979 1713 1098 1740 medium
1112 1719 1145 1739 ex
1162 1710 1296 1738 ambobus
1312 1717 1396 1736 unum
1416 1714 1571 1736 sermonem
1589 1711 1762 1740 temperans,

978 1756 1182 1794 quodammodo
1210 1755 1329 1784 subsidit
1351 1754 1470 1789 dignitas
1495 1752 1643 1787 UIIIgt'ﬂIlO
1670 1758 1765 1778 conve-

978 1804 1078 1837 niens;
1109 1802 1223 1831 eﬂ'crtur
1250 1809 1331 1833 vero,
1359 1800 1448 1835 quoad
1474 1798 1594 1826 hominis
1626 1801 1763 1828 naturam,

978 1853 1008 1877 ut
1037 1848 1170 1875 Dominus
1200 1847 1282 1874 simul
1310 1850 1337 1873 et
1373 1845 1446 1872 inter
1470 1851 1567 1871 servos
1593 1842 1763 1873 collocatus,

978 1895 1067 1929 inquit
1083 1903 1089 1921 :
1105 1903 1114 1919 ι
1130 1893 1190 1920 Νοη
1211 1896 1301 1928 potest
1322 1891 1410 1918 Filius
1428 1897 1442 1916 a
1461 1890 1553 1923 Seipso
1574 1888 1665 1914 Iacere
1684 1886 1764 1921 quid-

977 1947 1059 1975 quam
1073 1959 1081 1972 ,
1099 1939 1154 1966 nisi
1172 1938 1247 1973 quod
1266 1937 1366 1964 viderit
1386 1936 1495 1962 Patrem
1518 1934 1676 1961 facientem.
1698 1931 1764 1964 Quae

977 1986 1051 2013 enim
1086 1984 1132 2012 ille
1164 1983 1243 2015 facit,
1272 1982 1368 2010 eadem
1396 1985 1424 2008 et
1449 1979 1536 2007 Filius
1564 1978 1690 2006 similiter
1724 1976 1764 2003 fa-

977 2031 1015 2058 cit
1027 2030 1059 2056 ³¹.
1074 2039 1083 2055 ι
1100 2029 1130 2056 1η
1142 2036 1175 2056 eo
1192 2028 1266 2055 enim
1283 2026 1356 2062 quod
1379 2028 1471 2061 potest
1493 2025 1588 2052 eadem
1603 2031 1651 2058 per
1672 2022 1764 2050 omnia

978 2075 1069 2103 facere
1083 2082 1144 2110 quae
1158 2077 1224 2102 sunt
1239 2073 1286 2100 Dei
1301 2080 1333 2099 ac
1347 2071 1439 2099 Patris
1450 2091 1457 2103 ,
1474 2075 1500 2098 et
1512 2069 1622 2105 operari
1637 2068 1765 2096 similiter

978 2128 1010 2148 ac
1026 2120 1117 2152 Pater,
1133 2119 1306 2147 identitatem
1323 2117 1422 2152 probat
1440 2123 1496 2144 sua:
1511 2113 1682 2142 substantiw.
1699 2113 1764 2145 Qua:

977 2167 1051 2194 enim
1063 2165 1187 2193 eamdem
1203 2164 1302 2192 sortita
1316 2167 1382 2191 sunt
1398 2166 1525 2189 naturam
1538 2181 1545 2193 ,
1562 2161 1690 2190 similiter
1704 2167 1764 2194 ope‘

978 2215 1077 2240 rantur
1093 2220 1100 2238 ε
1116 2210 1217 2246 quibus
1234 2212 1326 2236 autem
1344 2207 1456 2236 essendi
1479 2207 1551 2233 ratio
1572 2210 1614 2234 est
1636 2205 1763 2237 diversa,

979 2258 1022 2286 his
1036 2257 1131 2291 utique
1148 2263 1203 2283 non
1219 2255 1272 2282 erit
1288 2254 1359 2281 idem
1375 2253 1401 2280 in
1415 2252 1545 2280 omnibus
1560 2250 1692 2285 operandi
1707 2256 1764 2276 mo-

977 2305 1043 2332 dus.
1063 2302 1148 2338 Igitur
1164 2305 1193 2329 ut
1211 2301 1283 2328 Deus
1298 2307 1380 2327 verus
1396 2307 1428 2326 ex
1450 2298 1504 2326 Deo
1520 2297 1600 2324 Patre
1618 2303 1696 2327 vero,
1718 2302 1764 2322 ea-

978 2350 1040 2377 dem
1058 2356 1123 2376 cum
1140 2347 1188 2374 illo
1205 2346 1298 2373 facere
1314 2352 1343 2373 se
1359 2351 1442 2379 posse
1458 2343 1515 2374 ait,
1534 2341 1582 2369 sed
1600 2345 1629 2368 ut
1647 2348 1701 2367 non
1718 2347 1766 2367 so-

977 2396 1034 2422 lum
1050 2394 1158 2422 virtute
1174 2392 1289 2427 aequalis
1303 2399 1364 2419 esse
1379 2389 1455 2417 Patri
1474 2389 1610 2419 videatur,
1629 2386 1676 2414 sed
1690 2387 1765 2421 ejus-

977 2441 1039 2470 dem
1052 2449 1099 2476 per
1111 2440 1205 2468 omnia
1218 2438 1363 2466 sententiae
1373 2457 1381 2470 ,
1394 2441 1421 2464 et
1439 2443 1522 2463 unam
1540 2435 1566 2462 in
1584 2433 1691 2460 cunctis
1710 2432 1760 2459 ha-

978 2487 1044 2515 bere
1055 2487 1224 2513 voluntatem
1236 2505 1243 2518 ,
1256 2485 1293 2511 ait
1304 2491 1333 2511 se
1345 2491 1400 2510 non
1413 2490 1494 2518 posse
1508 2482 1598 2508 facere
1613 2479 1764 2513 quidquam

974 2538 994 2560 'a
1013 2534 1118 2568 seipso,
1132 2532 1189 2559 nisi
1202 2531 1302 2558 viderit
1315 2529 1422 2556 Patrem
1437 2528 1596 2555 facientem.
1614 2525 1685 2552 Idem
1699 2531 1764 2551 vero

978 2582 1021 2607 est
1039 2586 1071 2605 ac
1089 2578 1113 2606 εἰ
1132 2578 1206 2605 dicat
1223 2575 1332 2612 planius
1350 2574 1384 2602 ad
1400 2581 1449 2602 e05
1465 2573 1512 2608 qui
1528 2572 1563 2599 ob
1578 2570 1716 2598 hominem
1737 2568 1766 2596 in

978 2624 1023 2652 die
1038 2623 1153 2651 Sabhati
1178 2625 1306 2649 sanatum
1335 2620 1425 2655 ipsum
1452 2617 1681 2645 insectabantur:
1699 2614 1764 2641 Exi-

980 2670 1100 2699 stimatis
1118 2669 1231 2696 Sabbati
1249 2668 1380 2695 honorem
1392 2673 1453 2694 esse
1465 2665 1615 2697 violatum;
1630 2662 1678 2690 sed
1697 2669 1764 2689 nus-

978 2723 1060 2751 quam
1078 2715 1153 2743 istud
1170 2714 1297 2741 iecissem
1309 2732 1316 2744 ,
1339 2712 1399 2748 anisi
1422 2711 1543 2739 viderem
1558 2709 1670 2736 Patrem
1687 2707 1765 2735 simi<

980 2763 1043 2790 liter
1061 2761 1169 2793 facere,
1196 2760 1242 2795 qui
1270 2767 1331 2794 qua:
1358 2758 1392 2785 ad
1418 2755 1644 2784 constitutionem
1667 2752 1768 2780 mundi;

979 2808 1120 2843 pertinent
1135 2806 1219 2834 etiam
1236 2804 1367 2836 Sabbato,
1384 2809 1542 2839 quanquam
1561 2808 1609 2836 per
1625 2807 1685 2830 me,
1699 2805 1763 2832 per--

978 2853 1044 2888 agit.
1070 2851 1142 2880 Fieri
1169 2859 1224 2879 non
1242 2854 1329 2887 potest
1346 2850 1438 2885 igitur,
1465 2847 1574 2882 inquit,
1600 2850 1630 2873 ut
1656 2843 1704 2880 qui
1728 2850 1767 2871 ex.
