2028 3118
257 186 309 214 σιξ-ι

754 178 784 207 S.
801 177 939 206 CYRILLI
954 175 1188 205 ALEXANDRINI
1207 175 1365 205 ARCHIEP.

1821 175 1875 204 328

257 241 398 270 Christum
420 238 551 267 videlicet
574 245 581 264 :
607 234 747 271 prophetae
769 241 835 262 vero
852 237 914 270 post
937 233 1038 268 ipsum,

1096 223 1243 268 λατρείαις-ξ
1267 233 1415 270 προεδήλου
1443 233 1488 260 τὸν
1514 232 1689 269 ἀφιξόμενον,
1716 232 1789 259 τοῦτ’
1817 233 1875 259 ἐστι

258 286 453 314 annuntiantes
481 283 603 319 Spiritus
625 287 782 313 sermones,
801 279 914 315 jamjam
928 278 1040 306 adfutu-

258 341 319 362 rum
340 331 551 368 praesignabant.
571 328 641 367 Cum
662 330 752 354 autem
773 329 866 360 portas
892 324 1040 357 introierit,

258 388 334 416 spem
359 385 414 406 non
437 377 544 405 dill'eret
560 375 587 402 in
603 374 714 409 longum
732 377 840 407 tempus
855 370 1041 413 apostolorum

257 415 427 461 pradicatio,
452 422 500 450 sed
522 422 579 457 jam
601 422 761 455 praesentem
776 425 838 445 eum
854 416 980 445 ostendet
995 415 1042 450 qui

257 460 493 506 exspectabatur:
512 471 539 495 et
555 466 637 501 200
655 467 738 492 metet
764 462 874 499 quidem
899 469 933 489 ex
961 460 1042 495 legali

259 515 335 542 cultu
351 522 401 542 eos
426 513 474 548 qui
497 511 587 539 adhuc
607 510 659 545 legi
682 509 820 541 serviunt,
836 510 865 536 et
880 506 932 534 soli
947 506 1042 533 littere

259 559 403 592 incubant,
420 563 501 594 atque
522 558 612 586 instar
626 555 828 591 manipulorum
851 551 999 581 transferet
1014 552 1042 578 in

258 615 350 636 mores
363 611 391 634 et
406 605 644 633 conversationem
655 601 852 637 evangelicum,
868 603 895 626 et
907 596 1043 625 resecabit

259 654 385 682 similiter
418 652 453 680 ab
487 657 581 679 errore
610 649 658 684 qui
689 646 891 675 multitudinem
929 643 1042 672 deorum

259 699 360 727 astruit
373 698 508 726 idolorum
523 696 668 727 cultorem,
687 700 805 728 eumque
820 691 854 719 ad
873 690 1042 727 agnitionem

258 743 319 771 veri
340 742 388 770 Dei
405 741 547 777 perducet,
573 743 600 768 et
624 743 655 767 ut
678 739 706 766 in
734 744 842 766 summa
865 735 954 772 quoad
979 735 1043 762 licet

258 789 394 820 dicamus,
411 795 458 816 eos
481 787 527 822 qui
542 791 648 824 terrena
667 785 757 813 adhuc
770 783 895 819 sapiunt,
910 782 943 809 ad
959 788 1043 817 ange-

259 835 348 862 lorum
367 834 452 861 vitam
476 840 525 868 per
554 831 635 859 ﬁdem
665 830 692 858 in
717 829 857 858 Christum
884 827 1041 857 transferet.

260 880 336 908 Hanc
353 884 455 913 autem,
472 878 574 913 inquit,
589 875 748 912 praedicatio
763 881 917 902 messorum
934 873 1040 901 eiliciet.

259 925 363 954 Merces
387 932 451 952 vero
483 931 539 951 non
562 922 648 950 deerit
667 930 675 949 :
695 919 874 955 congregabit
901 918 974 946 enim
1001 917 1041 945 eis

260 970 380 998 fructum
395 969 442 1005 qui
455 969 483 996 in
493 969 577 996 vitam
591 971 721 994 aeternam
733 966 836 992 nutriat
851 973 858 997 ;
873 971 962 999 neque
977 970 1042 990 vero

259 1017 306 1052 qui
334 1015 505 1051 perceperint
531 1013 582 1042 soli
610 1013 639 1040 in
666 1012 766 1047 seipsis
789 1010 964 1046 gaudebunt,
993 1008 1042 1037 sed

259 1067 390 1098 tanquam
417 1061 464 1096 qui
490 1058 633 1095 prophetis
665 1056 902 1088 adlaboraverint,
928 1060 955 1083 et
982 1059 1043 1083 sata

259 1109 336 1144 prius
363 1108 398 1135 ab
422 1107 456 1136 iis
483 1107 591 1134 exculta
614 1104 796 1136 messuerint,
816 1110 897 1130 unam
925 1109 987 1129 cum
1009 1101 1044 1130 iis

259 1153 448 1181 celebritatem
470 1154 613 1188 peragent.
639 1150 700 1183 Quo
719 1149 834 1181 factum,
860 1148 990 1180 arbitror,
1012 1151 1044 1175 ut

259 1198 360 1226 Paulus
372 1197 607 1233 sapientissimus,
625 1196 671 1231 qui
684 1202 777 1222 rerum
796 1194 951 1222 futurarum
964 1197 1044 1229 typos

259 1244 383 1280 apprime
400 1246 524 1274 noverat,
542 1242 576 1270 de
590 1241 695 1269 sanctis
711 1240 837 1276 patribus
855 1247 887 1267 ac
902 1239 1046 1280 prophetis

259 1276 361 1317 dixerit
376 1298 383 1316 :
399 1299 409 1315 ι
427 1288 483 1317 llos
507 1288 637 1316 nimirum
660 1289 756 1315 omnes
780 1285 917 1322 perfectos
933 1285 944 1322 [
967 1276 1047 1320 Vulg.2

260 1334 416 1371 probatos]
434 1342 482 1370 per
499 1334 580 1361 (idem
604 1341 658 1361 non
685 1333 825 1368 accepisse
850 1331 1045 1367 repromissio-

260 1389 342 1413 nem,
360 1380 416 1408 Deo
433 1388 483 1416 pro
500 1380 580 1408 nobis
595 1379 693 1407 melius
714 1378 818 1413 aliquid
831 1377 1002 1412 providente,
1016 1382 1046 1405 ut

260 1431 316 1455 rion
325 1426 386 1454 sine
397 1426 476 1454 nobis
489 1429 747 1453 cousummareutur
762 1424 785 1440 '°
799 1433 823 1450 ι.
835 1423 959 1451 Salvator
972 1423 1045 1452 enim

261 1480 412 1501 messorem
428 1472 513 1499 voluit
525 1479 580 1499 una
592 1471 712 1507 gaudere
728 1478 790 1498 cum
805 1473 907 1497 sutore.

1091 281 1218 317 Χριστόν·
1243 282 1379 317 προφῆται
1392 280 1426 322 χδὲ
1452 281 1510 316 μετ’
1532 280 1623 314 αὑτὸν,
1646 280 1710 312 τοὺς
1730 279 1807 315 παρὰ
1827 279 1875 307 τοῦ

1091 327 1248 362 Πνεύματος
1260 326 1503 362 διαπορθμεύοντες
1522 326 1617 360 λόγους
1640 325 1737 362 μικρὸν
1751 325 1813 352 ὅσον
1830 325 1876 352 καὶ

1091 374 1129 406 ὡς
1159 373 1209 409 ἤδη
1233 373 1418 408 παρεσόμενον
1440 381 1470 399 τε
1495 372 1541 399 καὶ¹
1570 372 1668 407 ἥξοντα
1693 372 1874 407 προεμήνυον.

1098 419 1207 455 Ἐπειδὴ
1221 420 1249 446 δὲ
1263 419 1328 446 εἵσω
1346 418 1443 454 βέϐηκε
1461 417 1559 454 θυρῶν,
1579 419 1629 445 οὐκ
1649 418 1688 450 είς
1707 417 1804 444 ἐλπίδα
1825 426 1877 452 μα-

1092 465 1160 501 κρὰν
1173 465 1304 501 ἀναθήσει
1322 465 1352 492 τὸ
1373 464 1554 500 προσδοκηοέν
1569 464 1624 490 τῶν
1638 463 1795 490 ἀποστόλων
1808 465 1822 490 6
1834 463 1877 489 λό-

1092 521 1148 547 γος,
1166 512 1222 539 ἀλλ’
1234 512 1283 547 ήδη
1295 511 1379 547 παρὸν
1393 510 1531 542 ἐπιδείξει-
1550 510 1596 537 καὶ
1611 510 1712 545 Θερίσει
1727 510 1776 545 μὲν
1792 510 1825 536 ἐκ
1836 518 1877 535 νο-

1094 558 1177 594 μικῆς
1189 558 1316 593 λατρείας
1326 557 1389 589 τοὺς
1399 557 1439 583 ἔτι
1453 556 1526 592 νόμῳ
1539 556 1721 588 δουλεύοντας,
1742 556 1789 582 καὶ
1805 556 1876 591 μόνῳ

1093 602 1334 639 προσκαθημένους
1352 602 1390 637 τῷ
1407 602 1560 638 γράμματι,
1579 601 1724 637 μεταῦήσει
1747 602 1775 628 δὲ
1799 601 1877 637 δίκην

1092 648 1255 684 δραγμάτων
1278 649 1318 680 είς
1339 648 1394 681 ἕξιν
1405 657 1434 674 τε
1454 648 1501 674 καὶ
1525 647 1661 674 πολιτείαν
1687 648 1877 683 εὑαγγελικὴν,

1093 697 1223 731 ἀποκερΞί
1235 691 1263 721 δὲ
1286 695 1386 730 ὁμοίως
1407 694 1536 721 πολυθέου
1561 693 1610 730 μὲν
1635 694 1737 729 πλάνης
1761 694 1807 720 τὸν
1824 694 1878 723 τῶν

1093 740 1208 768 εἰδώλων
1230 740 1430 776 προσκυνητὴν,
1455 740 1573 775 μετοίσίι
1598 740 1626 767 δὲ
1643 740 1711 775 πρὸς
1729 740 1877 774 ἐπίγνωσιν

1092 788 1138 815 τοῦ
1157 788 1217 815 κατ’
1239 787 1370 822 ἀλήθειαν
1394 787 1470 818 ὖντος
1494 785 1572 818 Θεοῦ,
1597 786 1642 813 καὶ
1662 786 1690 812 τὸ
1707 786 1829 821 σύμπαν,
1842 785 1880 817 ὡς

1093 834 1142 866 ἔνι,
1157 833 1203 861 καὶ
1226 833 1375 869 συλλήϐδην
1395 833 1491 863 εἰπεῖν,
1514 832 1577 863 τοὺς
1600 823 1763 867 φρονοῦντας
1783 831 1824 858 ἔτι
1847 832 1880 858 τὰ

1093 879 1140 906 ἐπὶ
1160 879 1209 914 τῆς
1235 879 1287 913 γῆς
1313 878 1380 913 πρὸς
1404 878 1454 914 τὴν
1481 876 1535 904 τῶν
1562 877 1685 912 ἀγγέλων
1714 877 1880 912 μεταστήσει

1095 924 1166 960 ζωὴν
1178 924 1221 951 διὰ
1239 925 1356 955 πίστεως
1371 923 1420 959 τῆς
1438 924 1478 955 είς
1499 923 1625 958 Χριστόν.
1647 922 1755 958 Ταύτην
1773 922 1824 958 μὲν
1837 922 1879 960 δή,

1095 958 1188 1005 φησὶν,
1204 971 1218 996 6
1229 969 1284 996 τῶν
1300 958 1431 1005 θεριστῶν
1447 968 1623 1005 ἐξεργάσεται
1641 969 1728 1003 λόγος.
1746 958 1880 995 Ἐσται’δ“

1093 1014 1140 1043 οὖν
1161 1016 1234 1051 ὅμως
1252 1016 1302 1042 οὐκ
1319 1015 1448 1051 ἁμισθής·
1472 1014 1580 1048 συνάξει
1593 1015 1647 1051 γὰρ
1665 1015 1696 1050 δὴ
1712 1016 1821 1046 πάντως
1833 1015 1880 1041 αὺ-

1094 1063 1151 1092 τοῖς
1164 1061 1210 1088 τὸν
1222 1062 1262 1092 εἰς
1276 1061 1347 1097 ζωὴν
1368 1061 1475 1088 αἰώνιον
1495 1061 1681 1097 ἀποτρέψοντα
1696 1061 1811 1096 καρπόν·
1835 1061 1881 1088 καὶ

1095 1107 1126 1134 οὐ
1142 1107 1173 1142 δή
1196 1115 1247 1133 που
1266 1106 1394 1138 λαϐόντες
1411 1106 1486 1141 μόνοι
1508 1106 1568 1133 καθ’
1589 1105 1701 1138 ἑαυτοὺς
1728 1105 1888 1141 εὐφρανθή-,

1097 1159 1196 1181 σονται,
1213 1150 1270 1177 ἀλλ’
1283 1150 1320 1181 ὡς
1345 1151 1401 1182 τοῖς
1415 1150 1469 1176 τῶν
1491 1150 1640 1186 προφητῶν
1663 1150 1881 1186 ἐπικεκμηκότες

1096 1196 1198 1234 πόνοις,
1214 1198 1260 1223 καὶ
1273 1197 1318 1223 τὸν
1338 1197 1402 1232 παρ’
1417 1196 1527 1223 ἐκείνων
1547 1196 1793 1232 προγεωργηθὲντα
1810 1195 1883 1232 θερί-

1097 1234 1193 1280 sit/trs;
1207 1241 1317 1277 σπόρον,
1335 1242 1398 1277 μίαν
1419 1242 1510 1273 αὐτοῖς
1529 1242 1714 1269 ἐπιτελέσουσι
1725 1241 1774 1276 τὴν
1797 1242 1882 1277 πανή-

1094 1279 1184 1324 ίξὸριν.
1209 1286 1292 1323 Οἶμαι
1312 1288 1334 1314 δ’
1348 1287 1434 1322 ἔγωγε
1448 1287 1494 1315 τὸν
1513 1287 1666 1322 σοφώτατον
1681 1287 1795 1319 Παῦλον,
1820 1287 1883 1319 τοὺς

1095 1334 1142 1361 ἐπὶ
1155 1334 1210 1365 τοῖς
1224 1334 1348 1370 μέλλουσι
1365 1333 1465 1365 τύπους
1479 1333 1692 1368 ἐκμεμαθηκότα
1718 1333 1823 1368 σαφῶς,
1838 1333 1883 1359 ἐν·

1095 1379 1190 1407 τεῦθεν
1213 1381 1300 1407 εἰπεῖν
1312 1376 1375 1416 περί
1391 1379 1487 1406 τετῶν
1505 1380 1590 1414 ἁγίων
1613 1379 1740 1414 πατέρων
1755 1380 1802 1406 καὶ
1817 1388 1884 1414 προ-

1097 1425 1198 1462 φητῶν,
1213 1425 1253 1462 ὅτι
1269 1435 1278 1451 ι
1300 1424 1359 1465 Kal
1368 1422 1440 1452 οὗτοι
1455 1426 1555 1457 πάντες
1569 1425 1757 1457 τελειωθέντες
1779 1425 1823 1451 διὰ
1835 1425 1884 1460 τῆς

1100 1471 1216 1504 πίστεως
1232 1468 1288 1506 οὐρι
1303 1463 1463 1507 ἐκομίσαντο
1489 1471 1537 1508 τὴν
1553 1471 1728 1506 ἐπαγγελίαν,
1752 1471 1800 1497 τοῦ
1817 1470 1883 1497 Θεοῦ

261 1519 325 1555 περὶ
336 1518 414 1555 ἡμῶν
428 1518 550 1554 κρεῖττόν
560 1526 587 1544 τι
599 1515 833 1552 προϐλεψαμένου,
870 1515 914 1542 ῐνα
942 1515 980 1551 μὴ
1012 1516 1095 1552 χωρὶς
1115 1516 1194 1552 ἡμῶν
1217 1512 1404 1544 τελειωθῶσιν.
1424 1526 1434 1543 ι
1465 1516 1547 1552 Ὁμοῦ
1578 1516 1631 1552 γὰρ
1655 1516 1752 1552 χρῆναι
1779 1516 1885 1552 χαίρειν

260 1565 420 1602 ἐδοκίμασεν
456 1565 470 1590 6
498 1564 593 1600 Σωτὴρ
617 1563 656 1599 τῷ
685 1563 887 1598 προεσπαρκότι
919 1563 965 1590 τὸν
997 1563 1134 1600 θεριστήν.

297 1609 343 1644 IV,
361 1609 406 1637 58.
430 1608 484 1644 Ego
500 1609 560 1636 misi
585 1617 628 1636 vos
641 1614 735 1636 metere
752 1609 821 1644 quod
839 1617 884 1636 vos
903 1617 956 1636 non
969 1609 1043 1637 labo-

1136 1610 1210 1646 Ἐγὼ
1224 1611 1389 1638 ἀπέστειλα
1399 1610 1477 1646 ὑμᾶς
1487 1610 1619 1645 θερίζειν,
1639 1610 1654 1637 ὃ
1670 1611 1726 1646 οὐχ
1741 1611 1827 1646 ὑμεῖς
1839 1619 1885 1637 κε-

260 1655 365 1682 rauis:
381 1655 428 1682 alii
452 1654 654 1688 laboraverunt,
675 1659 700 1682 ει
722 1663 766 1682 vos
788 1655 816 1682 in
833 1654 935 1682 labores
957 1663 1048 1682 eorum

261 1701 408 1729 introisti}.

298 1746 398 1774 Totum
411 1746 451 1774 eis
463 1745 570 1781 tandem
586 1746 690 1774 revelat
704 1746 875 1782 mysterium,
888 1746 1048 1774 et'obseuro

234 1819 237 1822 λ
262 1792 383 1820 circuitu
407 1788 554 1828 verborum
584 1792 694 1820 sublato
726 1791 980 1820 manifestissimam
1008 1793 1048 1820 rei

263 1840 426 1876 signiﬁcata;
440 1840 605 1868 sententiam
621 1839 742 1868 exhibet.
757 1839 824 1867 Cum
839 1843 930 1867 autem
953 1838 1050 1866 Salva-
1068 1850 1072 1854 -

259 1891 307 1914 tor
322 1886 473 1922 prophetas
492 1889 520 1914 et
537 1877 679 1921 apostolos
698 1885 838 1920 diligeret,
863 1892 914 1913 nec
939 1885 1049 1912 illorum

264 1932 357 1960 labore
370 1939 466 1960 carere
479 1932 540 1959 vult
553 1931 704 1967 apostolos,
721 1938 774 1959 nec
794 1930 1050 1966 sanctis‘apostolis

264 1983 348 2007 totam
368 1978 484 2014 gloriam
507 1978 604 2005 tribuit
624 1985 720 2006 eorum
748 1978 797 2013 qui
820 1977 945 2004 salvandi
971 1979 1050 2004 erant

263 2031 313 2058 per
326 2023 406 2051 ﬁdem
423 2024 450 2051 in
467 2023 582 2058 ipsum:
600 2023 647 2051 sed
665 2027 821 2058 temperans
835 2022 1049 2058 quodammodo,

264 2073 291 2096 et
307 2073 402 2096 mutua
417 2070 576 2104 operatione
593 2071 760 2104 permiscens
777 2074 957 2104 utrorumque
972 2068 1049 2095 labo-

264 2122 333 2147 rem,
353 2122 438 2142 unum
455 2115 516 2142 fore
538 2115 575 2142 ait
598 2115 627 2142 in
650 2115 775 2150 utrisque
797 2114 891 2149 gloriae,
916 2113 1049 2140 studium.

264 2159 397 2188 introisse
411 2159 502 2188 tamen
524 2159 665 2196 apostolos
680 2160 706 2187 in
721 2163 881 2187 sanctorum
906 2158 1051 2193 propheta-

265 2213 326 2233 rum
340 2206 448 2234 labores
456 2206 567 2239 asserit,
581 2213 635 2233 non
650 2205 813 2240 permittens
828 2204 960 2231 insultare
975 2204 1050 2238 prio-

264 2259 326 2279 rum
349 2251 499 2283 nobilitati,
525 2250 574 2279 sed
598 2257 647 2278 eos
677 2250 778 2277 honore
805 2249 933 2284 prosequi
960 2249 1050 2283 potius

265 2296 455 2331 persuadens,
480 2300 510 2323 ut
532 2296 581 2331 qui
608 2295 702 2322 labore
728 2299 754 2322 et
774 2298 895 2329 tempore
920 2298 1050 2328 praeeant.

265 2340 404 2375 Optimum
427 2344 516 2368 autem
538 2339 619 2367 istud‘
632 2339 713 2366 nobis
727 2346 837 2374 quoque
857 2338 1050 2366 documentum

266 2385 335 2422 fore;
353 2386 416 2420 quis
429 2392 552 2413 annuere
563 2383 746 2419 detrectabit}

1098 1656 1270 1684 κοπιάκατεδ
1284 1657 1372 1684 ἄλλοι
1386 1656 1593 1690 κεκοπιάκασι,
1605 1657 1652 1684 καὶ
1666 1657 1709 1690 εὶς
1720 1657 1774 1684 τὸν
1790 1657 1887 1684 κόπον

1097 1702 1198 1730 αὐτῶν
1213 1703 1437 1737 είσεληλύθατε.

1135 1748 1206 1783 Ἤδη
1222 1747 1252 1774 τὸ
1268 1747 1378 1782 σύμπαν
1392 1748 1483 1779 αὐτοῖς
1506 1747 1690 1775 ἀνακαλύπτει
1720 1749 1884 1784 μυστήριον,

1099 1793 1145 1820 κᾱι
1158 1794 1207 1828 τὴν
1219 1793 1406 1828 αἰνιγματώδη
1421 1793 1475 1820 τῶν
1489 1793 1575 1828 λόγων
1604 1794 1762 1830 ἀποστήσας
1777 1795 1890 1830 περιϐο-

1099 1838 1157 1873 λὴν,
1174 1839 1376 1874 ἐναργεστάτην
1393 1838 1440 1866 τοῦ
1456 1839 1654 1874 σημαινομένου
1670 1840 1819 1875 παρίστησι
1838 1841 1886 1874 τὴν

1099 1881 1227 1909 διάνοιαν.
1245 1882 1452 1918 Φιλοπροφήτης
1466 1882 1494 1909 δὲ
1509 1882 1546 1909 ὢν
1557 1884 1571 1909 6
1588 1884 1693 1919 Σωτὴρ,
1712 1885 1759 1911 καὶ
1773 1885 1887 1919 φιλαπός

1101 1928 1202 1960 στολος,
1218 1927 1279 1955 οὔτε
1294 1928 1339 1955 τὸν
1354 1928 1466 1955 ἐκείνων
1481 1928 1559 1955 πόνον
1578 1929 1630 1963 ἔξω
1643 1931 1693 1966 τῆς
1703 1930 1756 1957 τῶν
1773 1931 1889 1958 ἀποστό-

1100 1973 1154 2000 λων
1170 1974 1260 2008 τίΘησι
1281 1973 1383 2009 χειρὸς,
1403 1973 1464 2000 οὔτε
1497 1974 1551 2010 μὴν
1576 1975 1730 2011 ὁλοκλήρως
1754 1977 1887 2012 ἀπονέμει

1099 2020 1156 2051 τοῖς
1171 2019 1256 2052 ἁγίοις
1271 2019 1430 2051 ἀποστόλοις
1449 2019 1478 2045 τὺ
1488 2019 1534 2045 ἐπὶ
1549 2021 1605 2051 τοῖς
1623 2019 1764 2055 μέλλουσιν
1779 2021 1888 2047 ἀνασωο

1101 2063 1231 2099 θήσεσθαι
1245 2064 1375 2098 καύχημα
1390 2063 1434 2090 διὰ
1458 2064 1577 2096 πίστεως
1589 2064 1639 2100 τῆς
1654 2065 1694 2096 είς
1708 2066 1801 2092 αὐτόν’
1824 2064 1888 2093 ἀνέ-

1072 2117 1077 2121 ”
1101 2109 1220 2145 κεράσας
1243 2109 1271 2136 δὲ
1291 2109 1386 2145 ὥσπερ
1409 2109 1455 2136 καὶ
1467 2111 1526 2142 ταῖς
1539 2111 1568 2137 ἐν
1589 2110 1716 2146 ἀλλήλαις
1738 2112 1888 2147 ἐνεργείαις

1101 2153 1150 2190 [aL
1167 2154 1348 2190 ωνεργείαιςί
1357 2155 1491 2189 ἀναμίξας
1506 2155 1551 2182 τὸν
1562 2156 1700 2191 ἑκατέρων
1715 2157 1808 2187 πόνον.
1825 2157 1887 2192 μίαν

1101 2200 1211 2226 ἔσεσθαί
1225 2208 1301 2235 φησι,
1318 2195 1365 2226 καί.
1385 2200 1457 2236 μάλα
1473 2202 1594 2234 είκότως,
1609 2202 1652 2228 ἐπ’
1667 2202 1768 2236 ἀμφοῖν
1782 2202 1831 2238 τὴν
1845 2211 1888 2237 φι-

1101 2245 1235 2281 λοτιμίαν.
1259 2246 1452 2282 Εἰσϐεόηκέναι
1476 2255 1508 2281 γε
1535 2247 1588 2282 μὴν
1605 2248 1651 2274 ἐπὶ
1665 2249 1720 2279 τοῖς
1735 2247 1790 2274 τῶν
1804 2249 1888 2282 ἁγίων

1104 2291 1252 2326 προφητῶν
1277 2292 1340 2323 τοὺς
1363 2292 1528 2323 ἀποστόλους
1560 2291 1759 2319 διαϐεϐαιοῦται
1787 2293 1887 2326 πόνοις,

1103 2338 1163 2368 ταῖς
1189 2336 1243 2363 τῶν
1274 2337 1462 2372 προλαϐόντων
1497 2338 1632 2370 εὐκλείαις
1659 2339 1709 2366 οὐκ
1734 2340 1889 2375 ἐπιτρέπων

1104 2383 1270 2416 ἐνὰλλεσθαι,
1286 2385 1367 2420 τιμᾷν
1388 2383 1417 2410 δὲ
1440 2384 1539 2418 μᾶλλον
1559 2383 1714 2410 ἀναπείθων
1727 2385 1837 2418 αὐτοὺς,
1853 2384 1890 2418 ὡς

265 2432 456 2468 ἡγησαμένους
471 2423 500 2459 ἐν
514 2440 544 2458 τε
566 2431 650 2467 πόνῳ,
671 2431 719 2459 καὶ
734 2430 833 2467 χρόνῳ.
849 2430 999 2457 Κάλλιστον
1019 2431 1047 2458 δέ
1065 2430 1096 2467 δή
1110 2440 1160 2459 που
1173 2432 1219 2459 καὶ
1234 2433 1298 2467 ἡμῖν
1312 2432 1352 2458 ὃτι
1372 2431 1403 2466 δὴ
1418 2431 1526 2463 πάντως
1539 2430 1614 2458 ἔσται
1626 2431 1657 2458 τὸ
1687 2423 1817 2467 μάθημα,
1849 2433 1890 2463 τίς

265 2478 280 2504 6
298 2479 433 2505 συναινεῖν
447 2477 662 2513 παραιτούμενος
677 2484 684 2510 ;

301 2525 380 2560 20],
391 2523 423 2552 ιν
433 2520 444 2556 ,Χ
454 2523 499 2552 39.
515 2523 557 2550 Ea:
567 2524 672 2557 civitate
686 2527 773 2550 autem
789 2523 837 2550 illa
846 2523 922 2550 multi
937 2523 1053 2551 credide-

268 2574 328 2605 runt
349 2571 377 2595 in
395 2576 454 2595 eum
468 2561 702 2601 Stiniaritanorum
714 2588 722 2601 ,
738 2573 842 2603 propter
863 2570 967 2596 verbum
993 2577 1053 2596 mu-

268 2615 340 2642 lieris
356 2615 532 2641 testimonium
544 2614 720 2650 perlu‘bentis;
731 2615 801 2649 Quia
811 2615 878 2642 dixit
890 2614 954 2642 mihi
963 2615 1053 2642 omnia

267 2669 426 2698 quaecunque
440 2661 501 2695 feci.

304 2706 352 2734 His
370 2706 461 2734 verbis
480 2714 590 2734 rursum
614 2707 701 2736 Israel
722 2707 940 2739 condemnatur,
962 2710 991 2734 et
1017 2714 1052 2734 ex

269 2752 506 2780 Samaritanorum
524 2753 656 2781 facilitate
670 2754 758 2782 durus
772 2758 799 2781 et
814 2752 976 2789 prml‘ractus
989 2752 1051 2787 ejus

269 2799 378 2826 animus
394 2798 530 2834 arguitur.
551 2798 733 2828 Vehementer
745 2800 818 2828 enim
835 2799 950 2826 miratur
967 2806 1050 2826 evan-

313 2890 336 2906 "
348 2889 429 2918 lienr.
445 2896 470 2917 rt
481 2909 488 2923 ,
503 2889 547 2923 59,
565 2890 611 2920 40.

1146 2524 1197 2550 Ἐκ
1207 2522 1241 2549 δὲ
1252 2521 1307 2556 τῆς
1323 2522 1438 2554 πόλεως
1449 2521 1568 2554 ἐκείνης
1580 2521 1689 2548 πολλοὶ
1704 2521 1890 2549 ἐπίστευσαν

1104 2570 1148 2602 εις
1159 2568 1253 2596 αὑτὸν
1266 2566 1326 2593 τῶν
1337 2565 1525 2600 Σαμαρειτῶν
1538 2565 1587 2593 διὰ
1599 2566 1652 2592 τὸν
1664 2566 1758 2601 λόγον
1772 2567 1828 2601 τῆς
1839 2577 1890 2602 γυ-

1104 2615 1208 2648 ναικὸς
1230 2613 1452 2649 μαρτυρούσης’
1472 2612 1537 2638 Ὀτι
1554 2610 1620 2639 εἶπέ
1639 2620 1691 2647 μοι
1706 2611 1816 2646 πάντα,
1833 2613 1891 2639 ὅσα

1104 2660 1243 2693 ἐποίησα.

1141 2704 1342 2740 Κατακρίνεται
1360 2703 1439 2730 πάλιν
1449 2702 1496 2730 καὶ
1510 2702 1554 2729 διὰ
1566 2702 1668 2730 τούτων
1682 2704 1697 2730 6
1714 2703 1834 2738 Ἰσραὴλ,
1844 2702 1891 2729 καὶ

1103 2751 1146 2778 διὰ
1176 2750 1226 2785 τῆς
1253 2748 1428 2784 Σαμαρειτῶν
1462 2748 1633 2781 εὐπειθείας,
1659 2748 1833 2784 ἀφιλομαθής
1861 2756 1889 2773 τε

1102 2796 1170 2832 ὁμοῦ
1188 2796 1234 2823 καὶ
1249 2795 1355 2831 ἀπηνὴς
1378 2794 1558 2830 ἐξελέγχεται.
1586 2794 1725 2830 Θαυμάζει
1747 2794 1803 2830 γὰρ
1832 2794 1890 2820 λίαν
