2028 3118
187 180 241 209 59.9

709 185 742 213 IN
763 184 904 212 JOANNIS
924 183 1149 213 EVANGELIUM
1171 185 1236 214 LIB.
1256 185 1288 214 11.

1708 196 1716 199 ·
1755 189 1810 218 330

190 240 412 276 όεύαγγελιστὴς
431 241 542 274 πολλοὺς
561 242 599 274 εἰς
614 242 730 278 Χριστὸν
751 241 971 274 πεπιστευκέναι,

1028 242 1121 276 gelista
1138 243 1241 270 multos
1260 243 1287 270 in
1311 242 1452 270 Christum
1473 242 1638 277 crediditse,
1663 251 1725 272 cum
1751 247 1810 273 ait:

190 286 289 319 λέγων,
306 295 315 311 ι
329 286 379 312 Διὰ
395 286 440 313 τὸν
461 287 540 321 λόγον
554 288 602 323 τῆς
614 288 751 322 γυναικὸς,
772 298 781 314 ι
810 288 899 315 καίτοι
921 287 975 316 τῶν

189 331 233 357 διὰ
260 331 344 366 νόμου
372 332 637 368 παιδαγωγουμένων
665 334 705 365 εἰς
739 333 787 369 τὴν
815 334 861 360 ἐπὶ
889 334 975 369 τούτῳ

190 376 300 410 γνῶσιν,
320 377 382 403 οὕτε
401 377 450 410 τὰς
472 379 591 410 Μωσέως
617 378 845 414 παραδεξαμένων
872 379 974 415 φωνὰς,

189 421 250 448 οὔτε
270 423 327 454 τοῖς
347 423 492 459 προφητῶν
506 424 546 450 ὅτι
572 425 710 451 πείθεσθαι
725 425 778 460 χρὴ
793 425 975 460 διεγνωκότων

189 470 361 506 κηρύγμασι.
372 472 630 507 Προκατασκευάςει
644 473 672 499 δὲ
685 473 729 500 διὰ
741 473 853 506 τούτων,
876 474 975 509 μᾶλλον

188 516 217 543 δὲ
233 518 462 553 προαπολογεῖται
479 519 578 553 σοφῶς,
595 519 635 545 ὅτι
650 519 760 554 χάριτός
769 528 799 546 τε
810 520 855 549 καὶ
869 520 976 551 ἐλπίδος

188 563 239 596 τῆς
250 564 289 595 εις
303 564 421 599 Χριστὸν
436 564 618 600 ἐξωσθήσεται
636 565 685 600 μὲν
698 565 815 599 εὐλόγως
825 566 839 591 ό
857 565 974 601 Ἰσραὴλ,

189 609 397 644 ἀντεισόήσεται
412 609 441 635 δὲ
455 610 508 636 τῶν
531 610 625 643 ἐθνῶν,
644 611 703 646 ἤτοι
715 610 768 638 τῶν
781 611 941 646 ἀλλογενῶν,
957 613 974 647 ἡ

189 655 385 691 εὐπειθεστέρα
399 655 511 691 πληθύς.

231 701 277 732 Ὠς
306 699 363 728 οὖν
390 699 486 736 ἦλθον
516 702 592 736 πρὸς
619 701 713 728 αὑτὸν
736 703 763 729 οἱ
789 702 974 738 Σαμαρεῖται,

187 746 310 779 ἠρώτων
334 747 427 773 αὐτὸν
443 746 542 781 μεῖναι
563 748 630 781 παρ’
655 747 766 780 αὐτοῖς’
784 749 833 775 καὶ,
860 749 976 782 ἔμεινεν

188 792 251 818 ἐκεῖ
264 791 318 818 δύο
331 792 452 826 ἡμέρας.
466 793 520 819 Kal
541 792 644 826 πολλῷ
661 793 784 826 πλείους
791 794 975 822 ἐπίστευσαν

189 838 238 864 διὰ
251 838 305 864 τὸν
320 839 412 873 λόγον
424 839 529 866 αὐτοῦ.

231 883 384 919 Ἐξηγεῖται
404 885 453 920 μὲν
475 886 513 917 ὼς
537 886 566 912 ὲν
590 886 721 922 ἁπλότητι
733 886 831 921 λόγων,
849 887 863 913 ὃ
878 887 909 922 δὴ
926 895 974 922 γε·

189 929 282 956 νέσοαι
301 930 475 965 συμϐέϐηκεν
489 939 494 945 ·
517 931 614 967 ἑτέραν
630 932 658 959 δὲ
673 933 767 968 ὥσπερ
782 933 906 970 ἐξαρτύει
921 935 974 961 πά-

190 975 231 1002 λιν
245 975 388 1008 ὐπίδειξιν,
401 976 447 1003 τοῦ
460 978 556 1013 χρῆναι
569 977 680 1011 δικαίως
700 979 914 1016 ἀπορῤίπτεσθαι
928 981 976 1015 μὲν

189 1023 239 1056 τῆς
263 1023 369 1054 ἐλπίδος
385 1023 431 1050 τὸν
459 1024 575 1060 Ἰσραὴλ.
599 1026 888 1061 μεταμοσχεύεσθαιδὲ
912 1027 975 1058 τοὺς

190 1067 343 1101 ἁλλογενεῖς
373 1069 416 1095 ἐπ’
441 1069 536 1105 αὐτήν.
559 1070 676 1097 Ἰουδαῖοι
703 1071 752 1107 μὲν
776 1071 830 1107 γὰρ
852 1072 975 1107 θαυματ-

190 1113 341 1148 ουργοῦντα
368 1115 495 1147 ποικίλως
521 1116 567 1142 τὸν
589 1116 704 1152 Ἰησοῦν,
730 1118 777 1145 καὶ
798 1119 827 1144 ὲν
856 1118 918 1154 δόξῃ
941 1120 973 1155 τῇ

191 1159 341 1194 Θεοπρεπεῖ
364 1160 559 1196 διαλάμποντα,
585 1164 696 1198 πικραῖς
716 1164 807 1190 τεκαὶ
829 1164 976 1200 ἀφορήτοις

191 1205 330 1237 ὑπονοίαις
344 1206 492 1241 ὑϐρίζουσι,
515 1208 561 1234 καὶ
576 1208 702 1236 τοσοῦτον
728 1211 901 1245 ἑμπαροινεῖν
925 1211 976 1237 οὐκ

190 1250 371 1286 ἐρυθριῶντες
386 1252 550 1284 ἁλίσκονται.
561 1254 598 1286 ὡς
608 1254 711 1286 ἐξοικόν
723 1264 752 1282 τε
768 1255 913 1290 ποιεῖσθαι,
930 1257 976 1284 καὶ

191 1297 295 1328 πόλεως
310 1298 358 1333 τῆς
370 1299 501 1335 σφετέρας
511 1299 631 1327 ἐλαύνειν
643 1300 854 1335 ἐπείγεσθαιτὸν
866 1301 976 1338 ἁπάσης

190 1343 283 1374 αὐτοῖς
295 1343 425 1379 εὐθυμίας
435 1344 572 1380 πρόξενον.
590 1346 755 1382 Σαμαρεῖται
767 1347 795 1374 δέ
807 1356 839 1383 γε
856 1349 920 1384 μιᾶς
929 1358 977 1384 γυ-

191 1389 282 1420 ναικὸς
291 1389 520 1425 ἀναπεπεισμένοι
538 1390 636 1425 λόγοις,
652 1392 796 1428 δρομαίους
809 1394 857 1429 μὲν
869 1394 909 1422 ὅτι
923 1395 975 1431 χρὴ

192 1435 259 1470 πρὸς
270 1436 351 1462 αὑτὸν
368 1436 540 1470 ἀφικνεῖσθαι
553 1437 714 1471 λογίζονται.
728 1439 837 1476 Ἐπειδὴ
851 1440 880 1467 δὲ
897 1438 974 1477 ἦκον,

191 1481 355 1516 ὲκλιπαροῦν
370 1481 543 1516 ἐσπούδαζον,
557 1484 596 1515 είς
611 1492 640 1510 τε
651 1483 682 1510 τὸ
690 1483 757 1511 ἄστυ
766 1486 920 1521 παρελθεῖν,
929 1487 976 1513 καὶ

191 1527 237 1553 τδν
250 1528 382 1562 σωτήριον
393 1528 484 1559 αὐτοῖς
491 1527 744 1562 ὲπιδαψιλεύσασθαι
758 1530 846 1565 λόγον’
858 1532 976 1558 ἐπινεύει

191 1571 222 1598 δὲ
236 1571 386 1608 προχείρως
407 1573 447 1605 εἰς
465 1573 548 1608 ἄμφω
564 1575 690 1609 Χριστὸς,
710 1576 760 1602 οὐκ
782 1575 906 1611 ἄκαρπον
919 1576 975 1603 ἕσε-
989 1589 1011 1619 C

192 1617 255 1644 σθαι
275 1618 324 1652 τὴν
334 1617 414 1653 χάριν
428 1617 515 1650 εἰδώς.
527 1619 622 1646 Πολλοὶ
635 1620 689 1656 γὰρ
702 1621 865 1648 ἐπίστευσαν
876 1622 920 1649 διὰ
931 1623 976 1651 τὸν

191 1663 270 1698 λόγον
288 1664 381 1692 αὐτοῦ.
399 1663 478 1692 ’Ἱστω
492 1665 572 1692 πάλιν
597 1666 642 1692 διὰ
659 1667 760 1694 τούτων
775 1668 790 1694 ό
813 1668 934 1703 φιλόθεός
946 1677 977 1695 τε

192 1710 240 1735 καὶ
252 1709 425 1745 φιλευλαὸὴς,
448 1710 490 1737 ὃτι
505 1711 559 1738 τῶν
583 1711 633 1746 μὲν
651 1711 808 1739 λυπούντων
821 1713 900 1740 αὐτὸν
921 1714 976 1740 ἀπ-

190 1754 332 1781 ανίσταται
350 1755 476 1790 Χριστὸς,
495 1756 654 1788 ἐνοικίζεται
675 1757 703 1783 δὲ
725 1759 782 1789 τοῖς
803 1758 977 1794 εὐφραίνουσι

190 1799 226 1825 δι’
236 1799 358 1835 ὑπακοῆς
372 1810 401 1827 τε
414 1801 461 1828 καὶ
474 1801 590 1834 πίστεως
599 1802 714 1837 ἀγαθῆς.

230 1845 269 1880 Τῇ
281 1855 313 1873 τε
325 1847 440 1881 γυναικὶ
461 1847 577 1882 ἔλεγον,
591 1849 634 1874 ὅτι
653 1848 757 1876 Οὐκέτι
775 1848 823 1876 διὰ
839 1849 895 1884 τὴν
915 1850 977 1884 σὴν·

190 1893 303 1920 λαλιὰν
327 1893 517 1928 πιστεύομεν*
538 1894 622 1921 αὐτοὶ
647 1894 703 1928 γὰρ
726 1895 898 1930 ἀκηκόαμεν
927 1896 978 1922 καὶ

191 1937 326 1972 οιόαμεν,
344 1938 387 1964 ὅτι
403 1936 491 1972 οὗτός
516 1938 600 1965 ἐστιν
624 1939 741 1974 ἀληθῶς
757 1942 773 1967 ό
797 1941 898 1975 Σωτὴρ
924 1941 976 1968 τοῦ

189 1984 307 2017 κόσμου
323 1986 339 2011 ὁ
353 1985 486 2019 Χριστός.

235 2030 302 2056 ’Λπὺ
314 2030 369 2057 τῶν
385 2030 515 2065 μειζόνων
529 2032 712 2068 Σαμαρείταις
726 2033 742 2068 ή
754 2032 854 2065 πίστις.
871 2033 918 2060 καὶ
926 2033 977 2060 οὐκ

167 2065 178 2074 ¹
190 2075 221 2107 ὲξ
235 2073 272 2102 ὦν
289 2075 328 2101 ἔτι
339 2076 402 2110 παρ’
419 2076 512 2112 ἐτέρου
537 2065 726 2113 μανθάνουσιν,
736 2065 800 2104 ⁷όιλλ*
820 2078 850 2110 ἐξ
860 2074 897 2104 ὧν
911 2078 976 2104 αὑτ-

191 2121 269 2157 ήκοοι
283 2122 424 2155 γεγονότες
447 2122 641 2157 θαυμάζουσιν.
663 2123 863 2157 Ἐγνωκέναιδέ
878 2131 976 2157 φασιν,

191 2168 287 2203 ὅτιπερ
308 2168 350 2202 εἴη
373 2167 466 2202 σαφῶς
482 2168 562 2201 αὐτὸς
577 2169 590 2195 ὁ
613 2168 660 2195 τοῦ
682 2169 784 2204 κόσμου
811 2169 916 2204 Σωτὴρ,
931 2169 977 2195 πί-

191 2221 277 2243 στεως
290 2213 417 2249 ἐνέχυρον
432 2214 480 2249 τῆς
497 2215 536 2247 εἰς
548 2214 628 2241 αὑτὸν
644 2215 750 2247 ἐλπίδος
768 2215 818 2251 τὴν
833 2215 978 2251 ὁμολογίαν

191 2259 360 2293 ποιούμενοι.

225 2305 307 2332 Μετὰ
338 2306 372 2332 δὲ
400 2307 453 2339 τὰς
476 2306 532 2333 δύο
558 2307 669 2341 ἡμέρας
699 2307 829 2341 ἐξῆλθεν
861 2308 975 2336 ἐκεῖθεν

188 2353 233 2384 εις
251 2351 309 2385 τὴν
323 2352 500 2379 Γαλιλαίαν.
518 2353 615 2385 Αὐτὸς
634 2353 688 2387 γὰρ
712 2353 831 2387 Ἰησοῦς
852 2354 976 2389 ἐμαρτύ-

186 2405 297 2430 ρησεν,
318 2397 362 2423 ὅτι
384 2397 540 2432 προφήτης
558 2398 593 2425 ἐν
621 2398 659 2433 τῇ
674 2398 734 2432 ὶδιᾳ
750 2399 867 2432 πατρίδι
889 2400 975 2434 τιμὴν

189 2443 246 2469 οὐκ
258 2443 330 2476 ἕχει.

229 2487 334 2518 Ἐξεισι
352 2487 402 2522 μὲν
414 2488 468 2514 ἀπὸ
485 2489 533 2523 τῆς
546 2488 714 2524 Σαμαρείας,
727 2488 913 2524 κατασπείρας

188 2533 236 2559 ’τὸν
258 2534 389 2569 σωτήριον
401 2534 489 2567 λόγον,
509 2535 557 2561 καὶ
576 2534 699 2570 γεωργοῦ
711 2543 783 2566 τινος
801 2535 879 2570 δίκην
893 2535 976 2568 ἐγκα-

187 2578 332 2613 τακρὺψας
356 2579 404 2614 τὴν
423 2581 514 2606 πίστιν
538 2582 593 2612 τοῖς
618 2580 737 2607 οἰκοῦσιν
759 2580 851 2616 αὐτὴν,
868 2580 917 2616 οὐχ
932 2580 976 2606 ἵνα

188 2626 250 2655 ταῖς
267 2624 321 2650 τῶν
335 2624 471 2652 λαϐόντων
485 2626 677 2661 καταδεσμοῖτο
692 2627 817 2658 σιωπαῖς,
836 2626 976 2661 ὴρεμοῦσα

188 2670 291 2705 τρόπον
305 2671 365 2698 τινὰ
376 2672 423 2698 καὶ
436 2673 679 2708 κατακεχωσμένη,
700 2673 756 2699 ἀλλ’
772 2673 815 2699 ἵνα
825 2672 856 2707 δὴ
875 2672 976 2706 μᾶλλον

189 2716 249 2746 ταῖς
267 2716 393 2743 ἁπάντων
413 2717 610 2750 ὲγκαταφύοιτο
624 2717 731 2751 ψυχαῖς,
753 2716 875 2752 ἓρπουσά
888 2724 917 2742 τε
929 2716 976 2743 καὶ

189 2761 364 2797 διῖκνουμένη
392 2762 459 2797 πρὸς
479 2762 510 2788 τὸ
526 2762 617 2796 μεῖζον
642 2763 695 2794 ἀεὶ,
712 2763 757 2788 καὶ
776 2761 844 2796 πρὸς
864 2761 913 2796 τὴν
930 2762 976 2787 ἐκ·

190 2807 360 2842 φανεστέραν
372 2807 503 2842 τρέχουσα
521 2807 642 2842 δύναμιν.
666 2807 772 2842 Ἐπειδὴ
790 2807 818 2833 δὲ
833 2807 875 2833 διὰ
894 2807 975 2841 μέσου

191 2853 323 2888 κειμένην
345 2853 511 2887 παρατρέχει
539 2853 587 2887 τὴν
602 2853 737 2887 Ναζαρὲτ,
757 2854 785 2879 ἐν
798 2850 869 2889 ᾗπερ
895 2853 975 2879 αὑτὸν

191 2899 412 2932 κατατετράφθαι
437 2899 524 2932 λόγος,
540 2898 577 2929 ὡς
599 2898 720 2924 ἐντεῦθεν
743 2898 805 2933 ἦὲη.
823 2899 869 2924 καὶ
895 2899 975 2926 ὀιστὸν

334 2946 469 2976 Parnm.
492 2945 548 2975 Gn.
572 2936 701 2974 LXXIII.

1030 295 1038 313 ι
1060 286 1176 322 Propter
1191 288 1305 315 verbum
1323 287 1465 320 mulieris,
1487 298 1495 314 ι
1514 289 1640 324 quamvis
1662 289 1681 316 ii
1701 291 1747 325 qui
1763 299 1813 326 per

1027 333 1114 369 legem
1139 334 1172 361 ad
1198 333 1279 361 istius
1303 333 1472 369 agnitionem
1498 335 1707 369 erudiebantur,
1722 344 1812 372 neque

1026 380 1129 416 Moysis
1143 381 1226 408 verba
1242 380 1423 415 susceperint,
1433 388 1521 415 neque
1528 383 1724 417 prophetarum
1739 392 1811 419 prae-

1026 426 1115 454 coniis
1133 425 1303 454 credendum
1326 433 1388 454 esse
1410 428 1578 455 censuerint.
1599 430 1704 458 Astruit
1726 438 1811 466 porro

1027 471 1070 499 his
1097 471 1190 499 verbis
1222 475 1250 499 et
1282 471 1311 498 in
1344 476 1519 499 antecessum
1547 474 1687 508 sapienter
1715 477 1812 510 probat

1026 516 1155 544 lsraeiem
1172 516 1260 552 gratia
1276 520 1304 544 et
1323 524 1371 551 spe
1395 516 1442 543 illa
1468 516 1496 543 in
1519 517 1660 546 Christum
1682 520 1743 554 jure
1762 521 1812 549 de-

1027 562 1165 590 turbatum
1189 562 1242 595 iri,
1265 565 1292 589 et
1309 562 1336 601 in
1354 563 1415 597 ejus
1436 563 1526 590 locum
1542 564 1664 598 gentium
1682 569 1729 592 aut
1748 567 1812 594 alie-

1025 608 1186 643 nigenarum
1206 608 1408 637 multitudinem
1425 609 1663 644 obsequentiorem
1686 611 1813 640 introdu<

1026 653 1151 680 condant.

1061 697 1096 725 ιν
1106 719 1114 732 ,
1132 699 1178 733 40,
1193 699 1236 726 41.
1258 699 1326 726 Cum
1340 707 1401 735 ergo
1412 701 1543 728 venissent
1559 701 1594 727 ad
1611 709 1671 728 eum
1685 701 1810 729 Samari-

1026 746 1094 777 tani,
1115 750 1272 780 rogaverunt
1289 754 1348 773 eum
1362 752 1391 774 ut
1407 747 1443 774 ibi
1460 751 1574 774 maneret
1588 755 1596 774 :
1617 752 1642 774 et
1659 749 1756 775 mansit
1775 749 1813 775 ibi

1026 791 1092 818 duos
1104 791 1170 818 dies.
1189 791 1224 818 Et
1240 792 1324 819 multo
1336 793 1424 827 plures
1440 793 1609 820 crediderunt
1630 793 1657 821 in
1673 802 1732 821 eum
1750 802 1812 828 pro-

1026 843 1083 873 pter
1099 847 1246 866 sermonem
1258 839 1326 874 ejus.

1065 883 1240 920 Simplicibus
1255 885 1346 913 verbis
1364 885 1391 913 id
1406 886 1478 921 quod
1499 885 1602 913 factum
1618 890 1661 914 est
1679 887 1790 921 exponit
1804 896 1811 920 ;

1030 931 1077 958 sed
1097 931 1178 958 aliain
1202 938 1299 958 rursus
1323 931 1588 959 demonstrationem
1609 932 1812 966 quodammodo

1030 980 1185 1012 praeparat,
1202 977 1334 1004 nimirum
1350 977 1478 1004 lsraelem
1493 978 1590 1005 merito
1603 985 1651 1012 spe
1666 977 1747 1013 dejici
1760 997 1768 1010 ,
1785 982 1813 1006 et

1029 1023 1057 1049 in
1083 1030 1144 1050 eam
1170 1023 1340 1058 alienigenas
1365 1023 1572 1058 transplantari.
1596 1022 1682 1050 Judaei
1710 1024 1813 1059 quippe

1028 1068 1163 1096 miracula
1181 1068 1266 1096 variis
1279 1068 1369 1096 modis
1382 1072 1535 1102 patrantem
1551 1067 1643 1097 Jcsum
1654 1089 1662 1100 ,
1675 1073 1704 1097 et
1718 1070 1813 1097 divina

1028 1115 1116 1150 gloria
1129 1113 1333 1149 praefulgentem
1349 1115 1448 1142 acerbo
1463 1118 1490 1142 et
1505 1115 1616 1142 immani
1632 1115 1725 1143 furore
1748 1124 1813 1151 pro-

1029 1165 1192 1197 sequuntur,
1208 1165 1236 1189 et
1251 1167 1284 1188 eo
1303 1160 1524 1195 intemperiarum
1540 1160 1683 1190 devenisse
1702 1169 1812 1198 compe-

1029 1208 1158 1241 riuntur,
1180 1211 1210 1234 ut
1229 1210 1366 1235 extorrem
1391 1211 1418 1234 et
1444 1214 1460 1234 e
1485 1206 1595 1235 civitate
1618 1215 1668 1235 sua
1690 1209 1812 1236 exsulem

1030 1253 1121 1281 facere
1145 1257 1281 1280 conentur
1309 1253 1399 1280 omnis
1426 1252 1567 1280 felicitatis
1592 1253 1810 1282 conciliatorem.

1030 1300 1195 1328 Samaritani
1221 1306 1298 1332 vero,
1325 1299 1408 1327 unius
1436 1298 1604 1326 muliercula:
1637 1299 1812 1327 sermonibus

1028 1346 1174 1382 persuasi,
1195 1345 1355 1373 existimant
1377 1351 1476 1380 magno
1502 1351 1586 1372 cursu
1608 1344 1641 1372 ad
1668 1352 1730 1372 eum
1751 1352 1812 1373 esse

1028 1391 1241 1428 properandum.
1257 1391 1325 1419 Cum
1343 1394 1434 1418 autem
1453 1390 1610 1423 venissent,
1633 1389 1714 1417 enixe
1729 1397 1812 1424 roga-

1028 1440 1095 1467 bant
1111 1442 1142 1466 ut
1165 1438 1191 1465 in
1207 1437 1302 1465 urbem
1323 1436 1463 1472 migraret,
1484 1439 1511 1463 et
1523 1435 1669 1463 salutarem
1689 1436 1734 1468 eis
1751 1443 1811 1464 scr-

1029 1492 1140 1513 monem
1162 1483 1267 1511 affatim
1288 1483 1457 1518 largiretur;
1475 1482 1586 1517 utrique
1603 1489 1668 1509 vero
1686 1485 1813 1517 prompte

1029 1531 1156 1560 Christus
1178 1530 1291 1562 annuit,
1316 1536 1378 1557 cum
1398 1528 1515 1563 gratiam
1535 1535 1589 1555 non
1610 1528 1810 1556 infructuosam

1030 1577 1088 1604 fore
1102 1578 1208 1603 nosset.
1222 1573 1298 1601 Multi
1309 1573 1381 1601 enim
1393 1572 1572 1600 crediderunt
1583 1572 1614 1599 in
1624 1579 1686 1600 eum
1700 1578 1812 1608 propter

1029 1628 1185 1651 sermonem
1205 1619 1274 1655 ejus.
1290 1619 1496 1646 Animadvertat
1516 1625 1613 1645 rursus
1640 1617 1668 1645 iu
1690 1617 1733 1646 his
1750 1625 1811 1646 ver-

1027 1669 1070 1697 bis
1094 1667 1143 1695 Dei
1166 1673 1199 1694 ac
1219 1665 1358 1698 religionis
1383 1663 1508 1699 quisquis
1531 1666 1574 1690 est
1596 1669 1708 1696 amans,
1732 1663 1812 1704 _Chri-

1028 1719 1101 1743 stum
1118 1713 1152 1740 ab
1172 1712 1214 1739 his
1231 1711 1341 1746 quidem
1359 1710 1488 1739 recedere
1511 1709 1558 1745 qui
1576 1717 1638 1737 eum
1652 1709 1811 1741 oll'cndunt,

1027 1762 1054 1789 in
1071 1760 1104 1788 iis
1121 1763 1210 1786 autem
1221 1757 1346 1785 habitare
1359 1756 1407 1791 qni
1428 1763 1491 1784 eum
1508 1755 1662 1783 exhilarant
1681 1761 1730 1790 per
1748 1755 1812 1783 obe-

1027 1807 1157 1835 dientiam
1173 1809 1199 1832 et
1212 1811 1287 1840 spem
1295 1804 1406 1832 bonam.

1062 1853 1142 1887 202
1161 1850 1206 1884 ιν,
1221 1850 1266 1877 42.
1283 1849 1318 1876 Et
1337 1848 1443 1876 mulieri
1460 1847 1595 1880 dicebant,
1608 1848 1669 1883 quia
1682 1846 1742 1874 Non
1752 1847 1811 1882 jam

1027 1903 1132 1934 propter
1159 1901 1231 1923 tuam
1254 1895 1384 1930 loquelam
1411 1894 1540 1921 credimus
1558 1903 1567 1920 :
1593 1894 1644 1927 ipsi
1669 1895 1738 1920 enim
1763 1901 1812 1920 au-

1027 1945 1159 1976 divimus,
1178 1945 1204 1969 et
1224 1941 1321 1968 scimus
1343 1940 1407 1975 quia
1432 1948 1488 1966 vere
1509 1944 1548 1966 est
1570 1939 1694 1968 Salvator
1719 1940 1812 1966 mundi

1028 1989 1159 2017 Christus.

1062 2035 1086 2062 A
1099 2033 1251 2069 majoribus
1270 2031 1354 2059 rebus
1373 2030 1539 2057 Samaritani
1555 2031 1670 2058 credunt
1682 2051 1689 2064 ,
1710 2034 1738 2058 et
1754 2039 1810 2058 non

1028 2089 1059 2109 ex
1080 2081 1114 2108 iis
1129 2086 1191 2114 qua:
1207 2075 1318 2104 aliunde
1332 2076 1390 2111 jam
1412 2075 1568 2109 accipiunt,
1592 2075 1639 2102 sed
1656 2083 1687 2103 ex
1704 2076 1738 2103 iis
1751 2083 1812 2111 qua:

1028 2127 1180 2154 hauserunt
1203 2124 1256 2159 ipsi
1277 2122 1391 2150 auribus
1411 2120 1559 2147 mirantur.
1585 2121 1668 2148 Aiunt
1693 2129 1758 2148 vero
1782 2129 1812 2149 se

1027 2179 1110 2200 nosse
1124 2171 1214 2206 ipsum
1232 2176 1293 2197 esse
1311 2166 1407 2194 mundi
1423 2164 1609 2196 Salvatorem,
1631 2166 1730 2200 pignus
1749 2166 1811 2194 fidei

1029 2217 1231 2246 confessionem
1248 2214 1305 2249 spei
1319 2213 1347 2241 in
1360 2213 1450 2248 ipsum
1467 2211 1610 2239 facientes.

1064 2307 1116 2339 IV,
1134 2306 1228 2333 45-44.
1249 2303 1314 2331 Post
1336 2302 1402 2329 duo:
1425 2305 1513 2329 autem
1538 2300 1593 2327 die:
1612 2300 1676 2327 exiit
1700 2301 1759 2328 inde
1785 2304 1812 2330 in

1030 2354 1181 2382 Galillzam.
1207 2350 1266 2385 Ipse
1280 2350 1349 2377 enim
1369 2347 1448 2375 Iesus
1466 2346 1643 2374 testimonium
1659 2346 1810 2381 perhibuit,

1028 2401 1090 2436 quia
1104 2398 1229 2434 propheta
1241 2397 1270 2424 in
1285 2403 1335 2424 sua
1350 2394 1440 2429 patria
1455 2393 1578 2419 honorem
1589 2399 1642 2418 non
1660 2391 1745 2418 habet.

1066 2485 1185 2514 Discedit
1199 2492 1231 2512 ex
1248 2483 1374 2511 Samaria
1388 2484 1531 2517 postquam
1545 2479 1691 2507 salutarem
1707 2486 1811 2507 sermo-

1029 2540 1089 2560 nem
1104 2529 1310 2567 proseminavit,
1323 2533 1350 2556 et
1365 2529 1452 2556 instar
1466 2526 1590 2562 agricola:
1600 2525 1680 2553 fidem
1694 2525 1721 2552 in
1735 2525 1810 2553 illius

1029 2578 1180 2606 incolarum
1195 2574 1334 2602 mentibus
1348 2573 1466 2605 defodit,
1484 2581 1538 2600 non
1563 2577 1593 2599 ut
1613 2571 1723 2599 silentio
1742 2578 1811 2598 con-

1028 2624 1210 2658 stringeretur
1226 2622 1314 2649 otiosa
1331 2627 1362 2647 ac
1375 2619 1576 2654 quodammodo
1586 2618 1702 2651 obruta,
1719 2617 1766 2645 sed
1782 2621 1810 2644 ut

1029 2670 1057 2697 in
1080 2669 1201 2696 omnium
1228 2666 1330 2694 animis
1349 2666 1532 2697 insereretur,
1559 2665 1645 2700 magis
1667 2672 1698 2691 ac
1722 2663 1805 2698 magis

1029 2723 1171 2747 crescens,
1186 2719 1268 2748 atque
1282 2712 1314 2740 ad
1331 2712 1460 2746 majorem
1476 2711 1529 2737 vim
1559 2717 1720 2745 properans.
1736 2709 1795 2742 Quo

1029 2763 1102 2790 niam
1117 2765 1206 2788 autem
1224 2759 1428 2793 interiacentem
1441 2756 1576 2784 Nazareth
1592 2756 1798 2790 praztervehitur

1029 2809 1056 2835 in
1073 2815 1126 2842 qua
1142 2807 1274 2834 educatus
1294 2805 1380 2832 fuisse
1403 2803 1583 2838 perhibetur,
1607 2803 1643 2830 ita
1670 2807 1699 2829 ut
1722 2809 1754 2829 ex
1778 2809 1809 2829 ea

1029 2855 1096 2881 urbe
1107 2852 1239 2880 oriundus
1250 2855 1276 2878 ct
1290 2851 1362 2878 illius
1374 2850 1442 2877 civis
1459 2852 1577 2884 putetur,
1594 2853 1622 2875 ct
1634 2849 1661 2875 in
1672 2847 1808 2875 Galilaeam

1030 2898 1179 2930 descendit,
1191 2897 1322 2924 rationem
1336 2895 1412 2923 affert
1426 2893 1582 2922 necessario
1593 2901 1642 2920 cur
1653 2893 1688 2921 sit
1700 2897 1796 2928 praeter
