2028 3118
243 188 298 216 ﬁlii

743 186 771 213 S.
789 185 927 214 CYRILLI
947 186 1182 214 ALEXANDRINI
1195 186 1355 214 AltClllEP.

1823 191 1874 220 552

247 247 355 275 vectus,
372 243 463 277 aitque
478 241 571 270 Jesum
591 241 680 276 ipsum
697 245 827 269 testatum
840 250 902 270 esse
919 242 1036 278 prophe-

1089 240 1158 269 εἶναι
1177 243 1274 275 δοκεῖν,
1288 243 1413 277 καταίρει
1427 242 1455 268 δὲ
1471 242 1569 277 μᾶλλον
1590 244 1629 275 εἰς
1650 243 1698 279 τὴν
1720 243 1873 270 Γαλιλαίαν·

249 295 304 317 tam
322 289 349 315 in
367 289 458 323 patria
474 295 523 315 sua
538 288 642 315 bonore
658 295 762 315 carere.
778 287 816 315 Ita
833 289 905 315 enim
921 286 977 315 fere
990 295 1039 314 na-

243 339 310 362 tura
323 332 592 368 comparatisumus,
609 336 638 359 ut
650 334 721 368 quod
738 332 874 359 familiare
891 332 970 359 nobis
982 335 1037 364 est,

248 380 312 408 licet
331 378 461 406 eximium
485 382 513 405 et
536 378 685 413 pretiosum
712 378 768 411 sit,
793 377 873 405 nihili
893 377 1037 405 ducamus.

247 425 341 460 Neque
360 432 425 452 vero
443 424 550 452 volebat
572 424 699 450 Salvator
718 423 838 450 honores
861 423 913 451 sibi
932 422 965 449 ab
985 422 1039 449 illis

248 478 310 498 cum
327 469 398 497 fastu
411 473 438 497 et
456 470 606 498 ambitione
619 469 731 500 venari,
750 468 798 496 sed
817 469 942 504 apprime
955 475 1038 495 nove-

248 521 291 545 rat
313 516 388 552 quod
410 517 483 551 apud
510 523 558 543 eos
586 516 635 551 qui
658 523 693 543 ne
711 514 905 543 honorandum
927 514 1038 549 quidem

248 563 411 599 magistrum
431 563 575 598 putabant,
589 567 719 598 acceptus
737 566 763 589 et
780 562 874 589 suavis
893 568 948 588 non
965 564 1039 588 esset

249 610 314 638 ﬁdei
344 616 434 637 sermo
464 608 584 636 iuturus.
616 607 828 635 Praetervehitur
852 608 946 642 itaque
975 607 1038 642 jure

249 656 372 686 merito,
404 662 454 682 nec
482 654 590 681 inanem
620 654 649 680 in
675 661 723 680 eos
748 653 873 680 laborem
900 653 1039 680 insumere

249 701 379 736 dignatur
391 722 399 734 ,
415 701 462 736 qui
480 700 548 727 nihil
562 705 655 727 essent
678 699 805 727 utilitatis
823 699 887 727 inde
906 699 1016 734 capturi
1031 708 1036 725 :

249 752 278 775 ct
295 755 342 782 per
363 747 415 773 hoc
433 746 549 781 gratiam
571 746 807 780 contemptoribus
832 749 954 780 praestat.
979 744 1038 772 Non

249 793 322 821 enim
343 792 475 820 credibile
495 795 555 819 erat
573 799 624 819 eos
647 791 694 826 qui
717 795 795 818 tanto
812 791 928 818 crimine
943 798 973 818 se
987 791 1038 818 ob-

249 838 416 873 stringerent
438 837 548 872 impune
572 836 597 864 id
618 836 757 868 l'acturos,
778 843 841 862 cum
862 836 890 862 in
913 834 1039 862 confesso

249 883 286 910 sit
308 882 379 917 apud
396 889 513 914 omnes,
539 886 689 909 extremam
714 888 823 916 pinnam
850 884 1038 915 rcportaturos

1090 289 1247 322 ἀναγκαίως
1269 290 1386 316 ποιεῖται
1397 289 1446 324 τὴν
1456 289 1604 322 ἀπολογίαν
1620 290 1668 324 τῆς
1686 290 1873 325 παραδρομῆς,

1090 334 1136 361 καί
1151 343 1243 369 φησιν,
1265 335 1306 361 ὅτι
1322 335 1534 370 μεμαρτύρηκεν
1560 335 1640 366 αὐτὸς
1666 335 1680 361 ὁ
1699 335 1813 370 Ἰησοῦς,
1835 335 1875 362 ὅτι

1090 380 1234 415 προφήτης
1255 380 1284 406 ἐν
1299 381 1332 415 τῇ
1363 380 1415 415 ἰδίᾳ
1441 380 1549 415 πατρίδι
1570 380 1652 416 τιμὴν
1667 380 1717 407 οὐκ
1739 380 1806 415 ἔχει.
1823 381 1875 407 Πε-

1090 425 1215 460 φύκαμεν
1232 425 1286 461 γάρ
1308 435 1366 458 πως
1383 426 1458 453 οὐδὲν
1479 426 1605 461 ἡγεῖσθαι
1623 426 1653 453 τὸ
1680 426 1804 461 σύνηθες,
1824 427 1875 452 xiv

1090 472 1207 507 ὑπάρχοι
1229 472 1300 507 μέγα
1315 472 1363 499 καὶ
1387 472 1486 507 τίμιον.
1506 473 1561 499 Καὶ
1578 473 1608 499 οὺ
1623 472 1709 507 δήπου
1735 472 1786 503 τὰς
1812 473 1876 507 παρ’

1090 517 1201 544 ἐκείνων
1217 518 1258 544 ὄτι
1280 518 1371 554 δεήσοι
1390 518 1524 554 θηρᾶσθαι
1541 518 1623 554 τιμὰς
1643 519 1657 545 ὁ
1674 519 1769 554 Σωτὴρ
1789 517 1875 544 ἐδοκί-

1092 563 1187 598 μαζεν,
1204 564 1232 590 ὲν
1247 564 1344 600 ἀνδρὸς
1355 564 1492 598 φιλοδόξου
1509 565 1581 596 τινὸς
1597 565 1672 597 τάξει
1684 565 1730 591 καὶ
1744 565 1875 600 φιλοκομ-

1090 609 1205 642 παστοῦ,
1225 610 1282 636 ἀλλ’
1308 610 1443 644 ἠπίστατο
1470 611 1579 645 σαφῶς,
1606 611 1646 637 ὅτι
1671 612 1727 642 τοῖς
1757 610 1876 646 μηδόλως

1089 655 1234 690 οἰομένοις,
1248 657 1288 683 ὃτι
1314 657 1446 692 προσήκοι
1461 657 1544 692 τιμᾷν
1568 657 1613 684 τὸν
1634 657 1804 688 διδάσκοντα,
1823 656 1875 682 οὐδ’

1089 699 1122 726 ἂν
1145 699 1183 726 ἔτι
1196 700 1297 734 γλυκύς
1312 709 1342 727 τε
1365 701 1411 727 καὶ
1435 701 1634 736 εὐπαράδεκτος
1650 703 1664 728 ὁ
1685 701 1734 737 τῆς
1760 701 1876 732 πίστεως

1090 745 1192 779 γένοιτο
1215 746 1302 780 λόγος.
1332 747 1499 782 Παρελαύνει
1521 747 1664 782 τοιγαροῦν
1690 747 1812 778 εἰκότως,
1839 747 1876 777 είς

1090 791 1295 828 ὠφελουμένους
1313 793 1390 820 οὐδὲν
1412 794 1533 825 εἰκαίους
1557 793 1693 820 ἀναλῶσαι
1710 793 1807 824 πόνους
1829 792 1877 818 οὒκ

1090 836 1183 870 ἀξιῶν,
1201 839 1247 865 καὶ
1256 839 1334 874 χάριν
1348 839 1376 865 δὲ
1389 839 1432 865 διὰ
1443 839 1538 866 τούτου
1549 840 1604 871 τοῖς
1617 838 1815 874 καταφρονοῦσι
1829 846 1878 864 κα-

1089 884 1218 916 τατιθείς.
1232 885 1268 911 Οὐ
1284 884 1338 920 γὰρ
1351 883 1384 920 ἦν
1397 885 1469 917 εἰκὸς
1483 886 1522 916 εἰς
1537 885 1662 912 τοσοῦτον
1676 884 1879 920 ἐξαμαρτάνον-

249 929 295 963 qui
311 928 527 963 contempserint
541 935 614 959 eum,
632 934 665 955 ac
680 931 736 954 tam
752 926 917 954 admirabile
934 925 1036 952 donum

1089 936 1137 959 τας
1153 930 1260 964 νηποινὶ
1273 929 1351 956 τοῦτο
1365 930 1602 968 δράσεινμὺτοὺς,
1620 930 1835 965 ὁμολογουμένου
1847 929 1879 964 δὴ

250 974 417 1011 respuerint.

1090 974 1208 1006 πάντως,
1229 976 1276 1001 καὶ
1292 976 1542 1011 ἀναμφισϐητήτως
1566 976 1684 1011 ἔχοντος,
1709 976 1746 1007 ὡς
1762 975 1812 1010 τὴν
1835 974 1879 1001 ἐπὶ

248 1022 432 1057 τοίςὲσχάτοις
440 1020 597 1049 ἅποίσονται
610 1019 721 1049 κόλασιν
733 1020 756 1048 ot
766 1021 947 1056 καταφρονεῖν
959 1019 1108 1055 ἐγνωκότες
1126 1022 1220 1054 αὑτοῦ,
1237 1023 1284 1051 καὶ
1297 1024 1346 1060 τὴν
1378 1024 1465 1057 οὕτως
1498 1024 1713 1060 ἀξιοθαύμαστον
1745 1022 1878 1060 περιπτύ-

241 1079 323 1102 -δντες
337 1070 453 1105 δωρεάν.

283 1115 329 1148 1V,
344 1115 387 1143 45.
404 1115 470 1143 Cum
483 1123 544 1151 ergo
554 1116 664 1143 uenisset
679 1115 706 1143 in
717 1115 870 1148 Galilaeam,
881 1119 1037 1148 exceperunt

247 1170 305 1189 eum
319 1161 435 1193 Galilazi,
449 1169 508 1188 cum
525 1161 615 1188 omnia
629 1161 753 1188 vidissent
768 1161 847 1195 203
860 1168 920 1195 quia
938 1160 1036 1192 fecerat

249 1207 440 1242 Hierosolymis
468 1207 496 1234 in
516 1207 559 1234 die
580 1207 670 1241 (esto:
704 1212 729 1234 et
752 1207 802 1241 ipsi
821 1207 891 1233 enim
914 1210 1037 1233 venerant

247 1253 282 1280 ad
297 1253 366 1280 diem
382 1252 489 1287 festum.

283 1298 343 1326 Non
354 1302 457 1326 temere
466 1297 572 1325 Galilaei
585 1297 740 1332 suscipiunt
754 1296 861 1329 Jesum,
876 1296 925 1325 sed
940 1297 1039 1331 partim

247 1348 283 1375 ob
298 1347 432 1374 miracula
453 1353 515 1381 quae
535 1345 592 1381 jam
611 1346 645 1373 ab
666 1353 699 1373 eo
723 1345 828 1380 patrari
840 1344 965 1372 viderant
977 1344 1041 1379 jure

248 1393 370 1424 attoniti,
389 1392 492 1428 partim
506 1393 542 1420 ob
565 1392 694 1426 pietatem
719 1391 747 1418 in
770 1392 862 1426 ipsum
884 1389 1040 1418 Iudaeorum

250 1439 466 1466 condemnantes
503 1437 671 1470 vecordiam,
701 1440 730 1464 et
754 1437 841 1464 animi
865 1436 988 1464 candore
1009 1443 1041 1463 ac

194 1508 199 1513 .
247 1484 425 1520 simplicitate
437 1483 494 1511 illis
508 1483 536 1510 in
555 1483 613 1518 lege
627 1482 746 1511 eruditis
769 1482 890 1517 potiores
906 1481 1019 1517 reperti.

281 1571 328 1604 Η,
352 1571 398 1599 46.
430 1570 505 1598 Venit
519 1578 579 1605 ergo
592 1570 687 1597 iterum
702 1570 729 1597 in
749 1569 824 1597 Cana
852 1568 983 1601 Galilwa’,
996 1569 1040 1595 ubi

247 1618 309 1654 fecit
325 1625 422 1652 aquam
439 1617 538 1644 vinum.

283 1663 356 1691 Inter
366 1662 501 1690 candidos
513 1661 637 1690 homines
652 1661 751 1690 lubens
760 1665 888 1688 versatur
900 1660 1037 1693 Christus,
1052 1677 1073 1706 α

246 1714 397 1744 gratosque
408 1713 434 1736 et
445 1708 643 1736 beneficiorum
660 1714 806 1739 memores,
821 1707 918 1742 eisque
932 1706 1037 1741 majora

247 1756 318 1784 bona
335 1755 439 1782 all’atim
465 1755 593 1790 largitur.
609 1753 690 1781 Venit
703 1760 770 1788 ergo
789 1752 923 1780 miracula
948 1752 1038 1779 factu-

246 1809 295 1829 rus
321 1800 451 1833 inCana,
482 1800 643 1827 existimans
669 1799 782 1834 insuper
808 1806 871 1826 esse
901 1798 1038 1833 iuvandos

246 1847 306 1881 ejus
325 1846 441 1878 incolas,
458 1845 588 1880 Opinione
604 1845 632 1872 in
648 1852 745 1872 eorum
763 1844 874 1877 animis,
897 1851 946 1878 per
962 1844 1038 1878 signa

245 1899 306 1927 qua:
323 1893 351 1919 in
369 1893 415 1918 illa
431 1891 488 1926 jam
504 1891 618 1924 fecerat,
638 1889 843 1925 quodammodo
857 1890 950 1923 insita,
970 1897 1038 1917 cun-

246 1941 291 1966 eta
304 1946 367 1966 eum
384 1937 475 1965 facere
492 1944 583 1972 posse.

281 2024 329 2058 IV,
348 2025 440 2052 46-48.
474 2024 508 2050 Et
523 2029 580 2051 erat
599 2025 707 2059 quidam
731 2025 848 2060 regulus,
870 2024 945 2058 cujus
965 2024 1038 2058 ﬁlius

245 2070 435 2105 inﬁrmabatur
459 2069 658 2104 Capharnaum.
679 2069 730 2096 llic
753 2078 813 2096 cum
835 2070 951 2109 audisset
976 2070 1039 2104 quia

246 2115 323 2143 Iesus
339 2115 471 2142 adveniret
487 2123 503 2141 a
517 2114 615 2142 Iudaea
627 2116 653 2141 in
668 2114 821 2147 Galilwam,
836 2115 902 2142 abiit
914 2115 948 2142 ad
966 2124 1037 2146 eum,

244 2167 269 2188 et
283 2161 392 2196 rogabat
409 2169 468 2188 eum
484 2166 511 2187 ut
526 2161 692 2188 descenderet
704 2166 730 2188 et
742 2166 848 2188 sanaret
864 2161 949 2195 ﬁlium
962 2161 1037 2195 ejus;

245 2206 387 2240 incipiebat
402 2207 474 2233 enim
489 2206 568 2233 mori.
589 2205 663 2232 Dixit
678 2214 739 2241 ergo
759 2205 838 2234 Jews
854 2205 888 2232 ad
901 2213 970 2234 eum.

281 2295 470 2324 Proﬁciscitur
488 2295 598 2331 quidem
612 2295 667 2322 "ille
692 2295 815 2330 regulus,
842 2299 976 2330 tanquam
1004 2296 1037 2323 ad

1128 1115 1197 1142 ’Ὅτε
1209 1113 1266 1143 οὖν
1284 1115 1376 1151 ἦλθεν
1400 1117 1444 1149 εὶς
1463 1117 1521 1150 τὴν
1533 1117 1712 1151 Γαλιλαίαν,
1736 1118 1878 1151 ἐδέξαντο

1091 1161 1183 1188 αὐτὸν
1196 1163 1223 1188 al
1237 1161 1391 1189 Γαλιλαῖοι
1408 1162 1507 1190 πάντα
1519 1162 1690 1196 ἑωρακότες,
1706 1164 1765 1191 ὅσα
1779 1165 1878 1199 ἐποίη-

1091 1214 1147 1234 σεν
1156 1207 1190 1233 ἐν
1211 1207 1429 1242 Ἰεροσολύμοις
1443 1208 1477 1235 ἐν
1492 1207 1530 1243 τῇ
1543 1208 1640 1243 ἑορτῇ·
1658 1209 1707 1236 καὶ
1721 1211 1807 1237 αὐτοὶ
1825 1211 1878 1246 πὰρ

1091 1251 1187 1287 ἦλθον
1195 1254 1238 1286 εἰς
1251 1253 1307 1287 τὴν
1327 1253 1442 1288 ἑορτήν.

1126 1299 1183 1326 οὐκ
1199 1299 1410 1334 ἀπερισκέπτως
1426 1301 1450 1326 οἱ
1465 1300 1601 1327 Γαλιλαῖοι
1617 1300 1740 1336 δέχονται
1752 1302 1799 1328 τδν
1825 1303 1877 1337 Ἰη-

1094 1343 1168 1376 σοῦν,
1183 1344 1250 1370 ἀλλὰ
1265 1345 1313 1371 καὶ
1325 1345 1402 1372 αὐτοὶ
1416 1345 1449 1372 δι’
1461 1341 1498 1371 ὧν
1507 1345 1557 1381 ἤδη
1567 1345 1825 1381 Θαυματουργοῦντα
1837 1356 1879 1374 τε-

1092 1390 1202 1417 θέανται
1212 1390 1323 1422 δικαίως
1346 1391 1610 1427 καταπληττόμενοι,
1636 1393 1683 1418 καὶ
1710 1392 1754 1419 διὰ
1777 1393 1828 1428 τῆς
1840 1395 1878 1424 εἰς

1092 1437 1171 1463 αὐτὸν
1186 1437 1328 1468 εὐλαϐείας
1350 1437 1400 1469 τὰς
1413 1438 1466 1464 τῶν
1490 1438 1625 1465 Ἰουδαίων
1641 1439 1771 1470 ἀπονοίας
1793 1448 1878 1466 κατα-

1090 1483 1258 1514 δικάζοντες,
1280 1483 1326 1510 καὶ
1346 1483 1413 1510 πολὺ
1431 1484 1500 1519 πρὸς
1519 1484 1729 1520 εὐγνωμοσύνην
1749 1485 1879 1520 ἀμείνους

1090 1528 1144 1554 τῶν
1158 1528 1319 1563 νομομαοῶν
1333 1529 1537 1564 εὑρισκόμενοι.

1125 1571 1238 1600 τΙιινίθεν
1251 1571 1307 1601 οὖν
1316 1573 1461 1606 naturate
1474 1574 1532 1608 τὴν
1545 1573 1629 1602 Κανᾶ
1637 1574 1691 1609 τῆς
1701 1575 1878 1609 Γαλιλαίας,

1092 1616 1167 1643 ὅπου
1180 1617 1303 1650 ἐποίησε
1330 1617 1363 1644 τὸ
1373 1618 1452 1652 ὕδωρ
1467 1618 1561 1645 οἶνον.

1131 1662 1330 1698 Ἐμςριλοχωρεῖ
1338 1664 1394 1694 τοῖς
1411 1663 1580 1699 εὑγνὼμοσιν
1599 1665 1613 1690 ὁ
1627 1664 1755 1700 Χριστὸς,
1766 1665 1813 1692 καὶ
1824 1667 1878 1697 τοῖς

1090 1707 1261 1742 ἑτοιμότερόν
1277 1717 1335 1739 πως
1350 1709 1419 1735 ῑοῦσι
1439 1709 1506 1744 πρὸς
1525 1710 1575 1744 τὴν
1590 1707 1627 1737 ὧν
1653 1710 1686 1737 ἂν
1714 1709 1744 1737 εὖ
1764 1711 1876 1738 πάθοιεν

1089 1752 1214 1788 αἴσθησίν
1231 1762 1259 1779 τε
1279 1754 1325 1780 καὶ
1338 1754 1449 1788 γνῶσιν,
1476 1755 1522 1781 καὶ
1541 1756 1670 1790 μειζόνων
1692 1756 1803 1790 ἀγαθῶν
1819 1758 1878 1784 ἐπι-

1089 1799 1259 1833 δαψιλεύεται
1274 1801 1426 1835 χορηγίαις,
1444 1802 1572 1836 Ἔρχεται
1587 1802 1677 1829 τοίνυν
1699 1804 1877 1840 τερατοποιή-

1090 1852 1144 1870 σων
1159 1845 1187 1871 ὲν
1200 1846 1285 1881 Κανᾷ,
1303 1847 1487 1881 προσωφελεῖν
1503 1847 1551 1882 μὲν
1566 1848 1607 1874 ὅτι
1630 1850 1762 1883 προσήκοι
1774 1850 1837 1880 τοὺς
1851 1851 1877 1876 ὲν

1089 1889 1158 1924 αὐτῇ
1184 1889 1356 1925 λογιζόμενος
1373 1912 1380 1924 ,
1403 1894 1684 1928 προκατεσπαρμένην
1713 1894 1741 1920 δὲ
1765 1894 1876 1930 ὥσπερ,

1089 1934 1132 1961 διὰ
1142 1935 1196 1961 τῶν
1210 1936 1259 1971 ἤδη
1273 1937 1529 1972 προτετελεσμένων
1546 1938 1575 1964 ὲν
1591 1938 1658 1974 αὺτῇ
1674 1939 1805 1974 σημείων,
1829 1939 1876 1975 τὴν

1089 1979 1135 2006 τοῦ
1152 1980 1240 2007 πάντα
1254 1981 1382 2008 δύνασθαι
1397 1983 1463 2017 δρᾷν
1481 1982 1613 2018 ὑπόληψιν
1626 1984 1705 2019 ἔχων.

1123 2024 1183 2053 Ἦν
1196 2026 1229 2053 δέ
1240 2035 1284 2060 τις
1297 2028 1468 2061 βασιλικὸς,
1484 2027 1520 2057 οὗ
1530 2031 1546 2056 ὁ
1559 2030 1624 2062 υἱὸς
1637 2030 1758 2064 ἠσθένει
1770 2031 1805 2057 ἐν
1819 2032 1877 2057 Κα-

1089 2073 1245 2106 φαρναούμ
1260 2073 1339 2108 [υυιθ.
1355 2074 1565 2110 Καπερναούμ].
1582 2074 1675 2109 Οὗτος
1684 2076 1820 2109 ἀκούσας
1832 2076 1877 2102 ὅτι

1096 2117 1215 2150 Ἰησοῦς
1230 2117 1337 2151 ἥκειὲκ
1352 2119 1406 2152 τῆς
1417 2119 1565 2154 Ἰουδαίας
1581 2122 1624 2153 εις
1640 2121 1695 2155 τὴν
1708 2121 1876 2156 Γαλιλαίαν

1089 2161 1207 2196 ἀπῆλθε
1223 2163 1297 2196 πρὸς
1309 2164 1413 2196 αὐτὸν,
1433 2165 1482 2192 καὶ
1493 2166 1591 2200 ἠρώτα
1610 2167 1661 2194 ἵνα
1676 2166 1802 2201 καταϐῇ,
1824 2168 1873 2194 καὶ

1089 2208 1211 2241 ἰάσηται
1234 2209 1326 2235 αὐτοῦ
1345 2209 1401 2236 τὸν
1424 2211 1502 2242 υἱὸν,
1527 2212 1636 2246 ἔμελλε
1661 2212 1716 2246 γὰρ
1742 2212 1872 2246 ἀποθνή-

1089 2259 1184 2278 σκειν.
1199 2250 1292 2280 Εἶπεν
1309 2251 1365 2280 οὖν
1379 2255 1395 2280 ὀ
1424 2255 1544 2288 Ἰησοῦς
1555 2256 1630 2289 πρὸς
1643 2257 1746 2283 αὐτόν.

1124 2299 1252 2334 Πρόσεισι
1273 2300 1322 2334 μὲν
1349 2301 1363 2326 ὁ
1388 2300 1535 2335 βασιλικὸς,
1560 2302 1597 2333 ὡς
1625 2303 1693 2338 πρὸς
1713 2303 1875 2338 οεραπεύειν

244 2349 308 2369 eum
324 2341 368 2369 cui
389 2342 425 2368 sit
450 2340 566 2369 sanandi
585 2343 707 2375 potestas
723 2349 730 2367 :
747 2340 794 2367 sed
811 2340 932 2367 nondum
954 2340 1036 2367 intel—

1090 2346 1216 2381 ἰσχύοντα
1232 2353 1238 2360 ·
1257 2348 1313 2373 νοεῖ
1328 2347 1356 2373 δὲ
1373 2347 1450 2374 οΰπω
1463 2348 1533 2374 κατὰ
1547 2349 1627 2382 φύσιν
1644 2348 1711 2375 Θεὸν
1726 2349 1792 2375 ὄντα
1808 2357 1814 2364 ·
1829 2349 1874 2374 καὶ

244 2387 306 2422 ligit
326 2387 480 2414 secundum
497 2391 624 2414 naturam
642 2393 702 2413 esse
723 2385 830 2412 Deum:
847 2390 874 2412 et
889 2386 1036 2415 Dominum

244 2433 357 2467 quidem
380 2441 441 2460 eum
457 2433 587 2467 appellat,
603 2431 651 2458 sed
668 2439 760 2458 veram
777 2431 978 2460 dominationis
1000 2431 1038 2459 tli-

243 2479 375 2513 gnitatem
390 2484 563 2512 nequaquam
581 2476 607 2504 ei
623 2477 733 2504 tribuit.
751 2477 946 2512 Alioquienim
963 2478 1038 2506 illico

244 2522 279 2550 ad
294 2530 383 2558 genua
396 2523 456 2557 ejus
467 2522 616 2555 accideret,
631 2527 796 2557 rogaretque
810 2531 864 2550 non
881 2527 910 2550 ut
925 2524 1036 2551 domum

243 2575 275 2594 se
293 2566 442 2599 conferret,
472 2570 499 2594 et
524 2574 618 2594 secum
648 2567 683 2594 ad
709 2572 886 2603 :egrotautem
915 2577 1031 2604 puerum

243 2612 436 2645 descenderet,
457 2612 505 2640 sed
524 2613 617 2647 potius
643 2617 674 2641 ut
700 2622 750 2649 pro
775 2622 824 2642 sua
851 2619 988 2650 potestate
1005 2618 1032 2642 et

244 2665 314 2686 nutu
329 2659 423 2686 divino
441 2659 565 2686 morbum
579 2659 710 2688 infestum
723 2661 855 2697 abigeret.
873 2662 945 2695 Quid
959 2662 1031 2689 enim

243 2712 358 2732 necesse
375 2710 434 2732 erat
453 2708 556 2740 πιςτοιο
574 2710 666 2734 astare
681 2715 742 2734 eum
762 2708 807 2735 cui
825 2708 907 2735 etiam
922 2708 1031 2735 absenti

243 2749 326 2776 facile
348 2753 456 2783 poterat
483 2749 597 2778 reddere
622 2752 788 2779 sanitatem?
807 2751 952 2785 Quomodo
966 2760 1032 2780 vero

243 2803 297 2822 non
312 2795 389 2822 valde
406 2795 518 2823 stultum
536 2800 578 2824 est
597 2797 757 2825 existimare
773 2798 862 2833 ipsum
877 2802 966 2825 morte
981 2806 1030 2833 po-

243 2843 340 2867 tiorem
364 2840 432 2874 fore,
448 2846 546 2868 etcum
563 2843 609 2877 qui
627 2843 748 2877 repletus
765 2845 800 2871 sit
819 2844 909 2872 divina
924 2844 1027 2872 virtute

243 2892 413 2921 nequaquam
436 2886 521 2914 Deum
536 2894 598 2914 esse
614 2889 729 2922 putare?

1088 2393 1189 2428 Κύριον
1206 2393 1255 2428 μὲν
1273 2393 1415 2426 ἀποκαλεῖ,
1435 2393 1465 2420 τδ
1480 2393 1501 2420 δ’
1527 2394 1625 2429 ἀληθὲς
1646 2394 1696 2429 τῆς
1716 2395 1872 2429 κυριότητος

1087 2440 1194 2474 ἀξίωμα
1209 2439 1316 2466 δίδωσιν
1330 2439 1465 2474 οὐδαμῶς.
1493 2440 1528 2465 Ἦ
1553 2440 1606 2474 γὰρ
1629 2439 1662 2466 ἂν
1684 2440 1766 2471 εὐθὺς
1793 2429 1885 2475 ἐδεῖτοί

1087 2484 1261 2520 προσπεσὼν,
1281 2485 1328 2519 οὐχ
1352 2484 1394 2511 ἵνα
1417 2485 1449 2520 δὴ
1476 2484 1584 2516 πάντως
1600 2485 1647 2511 ἐπὶ
1661 2484 1710 2519 τὴν
1727 2484 1819 2511 ἑστίαν
1831 2477 1883 2518 βα(

1086 2531 1163 2563 δίζοι,
1179 2530 1226 2557 καὶ
1239 2530 1397 2556 καταϐαίνοι
1413 2530 1461 2556 σὺν
1477 2530 1552 2564 αὐτῷ
1564 2530 1632 2565 πρὸς
1662 2530 1692 2556 τὸ
1717 2529 1874 2565 ἀρῤωστοῦν

1088 2577 1239 2612 μειράκιον,
1255 2575 1313 2601 ἀλλ’
1337 2575 1380 2601 ἵνα
1399 2575 1430 2609 δὴ
1459 2575 1558 2609 μᾶλλον
1583 2575 1807 2607 ἑξουσιαστικῶς,
1829 2574 1874 2601 καὶ

1084 2621 1231 2657 θεοπρεπεῖ
1255 2622 1444 2656 προστάγματι
1466 2621 1515 2657 τὴν
1534 2621 1725 2657 ἐπισκήψασαν
1751 2621 1873 2653 ἐξελάσαι

1084 2667 1170 2693 νόσον.
1187 2666 1219 2693 Τί
1243 2667 1299 2702 γὰρ
1316 2666 1369 2692 ἔδει
1382 2668 1509 2702 παρεῖναι
1526 2667 1565 2701 τῷ
1591 2667 1722 2701 κάμνοντι
1739 2667 1784 2693 τὸν
1799 2664 1873 2702 ᾧπερ

1082 2710 1116 2747 ἦν
1133 2712 1261 2739 δύνασθαι
1285 2711 1437 2743 διασώζειν,
1455 2712 1501 2738 καὶ
1515 2712 1622 2743 ἀπόντι,
1637 2712 1754 2748 ρᾳδίωςς
1770 2713 1833 2744 Πῶς
1846 2712 1873 2739 δὲ

1083 2758 1142 2784 λίαν
1157 2759 1207 2784 οὐκ
1230 2758 1347 2792 ἀμαθὲς,
1369 2758 1474 2792 ὅτιμὲν
1499 2758 1574 2784 ἔσται
1601 2757 1714 2784 θανάτου
1743 2759 1872 2794 κρείττων

1085 2803 1285 2838 ὑπολαμϐάνειν
1300 2802 1393 2834 αὐτὸν,
1409 2802 1474 2828 Θεὸν
1486 2802 1514 2829 δὲ
1529 2803 1661 2838 ὑπάρχειν
1674 2804 1778 2830 οἴεσθαι
1793 2803 1872 2840 μηδαμ-

1085 2848 1142 2882 μῶς
1158 2848 1203 2874 τὸν
1220 2847 1391 2882 Θεοπρεποῦς
1408 2847 1499 2883 ίσχὺος
1515 2847 1750 2883 πεπληρωμέναις
