2028 3118
183 193 234 204 9..

182 204 235 222 UO.)

184 300 342 333 στεύσητε.
360 298 441 331 Λέγει
459 297 533 331 πρὸς
550 297 642 324 αὑτὸν
654 298 670 323 o'
684 298 855 330 βασιλικός.

224 345 344 380 Ἀπηνὴς
374 345 422 379 μὲν
445 344 485 371 ἔτι
506 345 563 376 τοῖς
590 344 776 379 πλανωμένοις
802 342 971 373 ἐναυλίζεται

181 392 255 423 νοῦς,
273 391 354 425 λόγου
367 391 395 417 δέ
411 400 468 422 πως
480 390 556 417 ἔσται
577 391 623 417 τοῦ
649 390 796 421 καλοῦντος
818 390 857 420 εἰς
881 388 971 415 πίστιν

184 440 307 474 κρεῖττον
319 437 349 464 τὸ
364 437 642 473 Θαυματουργότερον.
656 437 704 463 Διά
718 445 749 470 γε
759 435 836 462 τοῦτο
850 434 971 470 τεράτων

184 483 288 511 δεῖσθαι
306 483 406 519 μᾶλλον
423 484 523 515 αὐτοὺς
536 483 654 519 ἔφασκεν
664 484 678 509 ὁ
694 481 787 517 Σωτὴρ
799 481 838 512 εἰς
851 480 881 506 ’τὺ
892 479 972 506 δύνα-

184 530 247 557 σθαι
265 530 363 565 ῥᾳδίως
379 529 445 565 πρὸς
457 529 487 556 τὸ
499 529 638 564 συμφέρον
656 525 910 563 μεταπαιδεύεσθαι,
925 524 972 552 καὶ

184 577 228 603 τὸν
238 577 302 603 ὄντα
322 575 392 603 κατὰ
406 575 487 610 φύσιν
502 574 694 608 ἐπιγινώσκειν
705 573 782 601 Θεόν.

219 623 326 657 Κύριε,
353 621 497 655 κατάϐηθι
518 620 591 654 πρὶν
611 619 773 647 ἀποθανεῖν
792 618 824 646 τὸ
851 618 972 645 παιδίον

184 676 252 702 μου.

225 713 331 747 Ὀλίγος
344 711 392 747 μὲν
407 710 504 746 κομιδῆ
522 711 590 746 πρὸς
604 710 712 737 σύνεσιν
726 711 740 737 ὁ
756 710 906 745 βασιλικὸς,
924 718 971 744 νη‹

185 761 276 794 πιάζει
295 761 323 788 δέ
353 769 411 792 πως
436 759 499 795 περὶ
524 759 574 793 τὴν
589 759 639 794 τῆς
657 758 767 793 χάριτος
792 758 909 792 αἴτησιν,
925 756 972 782 καὶ

186 808 275 842 ἠρέμα
292 806 457 842 παραληρῶν
476 806 525 832 οὐκ
541 804 707 832 αἰσθάνεται.
736 804 772 830 Οὐ
788 803 843 838 γὰρ
861 803 902 829 ὅτι
923 802 971 837 μό-

184 861 228 878 νον
251 851 356 886 ἰσχύσει
378 850 482 885 παρὼν,
513 849 570 876 ἀλλ’
588 850 628 876 ὃτι
653 850 685 885 δὴ
705 848 814 879 πάντως
829 848 875 875 καὶ
894 847 971 874 ἀπὼν

184 898 328 932 ἐνεργήσει
349 895 557 927 πεπιστευκὼς,
587 895 840 931 ἀξιοπρεπεστάτην
871 894 903 921 ἂν
928 893 970 920 ἐπ’

709 192 741 220 ιΝ
762 192 902 221 JOANNIS
921 191 1147 220 EVANGELIL'M
1167 191 1232 221 LIB.
1246 193 1277 221 ῐῐ.

217 253 289 280 Ἐὰν
310 252 353 286 μὴ
366 251 473 286 σημεῖα
489 250 537 277 καὶ
556 251 662 284 τέρατα
684 251 774 285 ἴδητε,
792 252 827 278 οὐ
850 251 892 286 μὴ
922 258 970 276 πι-
985 253 1008 281 Α

1753 195 1805 225 σοι

1060 249 1103 282 iV,
1119 250 1162 277 48.
1189 250 1250 277 Nisi
1266 252 1340 286 signa
1357 257 1380 278 ct
1395 254 1514 288 prodith
1532 254 1660 288 videritis,
1680 258 1806 283 uomere-

1023 297 1099 323 detis.
1117 296 1188 323 Dicit
1207 297 1311 332 regulus
1326 298 1359 323 ad
1376 307 1446 325 eum.

1059 342 1149 369 Durus
1171 343 1280 377 quidem
1303 343 1392 370 adhuc
1408 345 1433 370 in
1456 345 1489 372 iis
1502 349 1543 372 est
1559 346 1676 378 animus,
1693 347 1739 374 SPd
1758 355 1806 375 ex-

1023 387 1178 415 hortatione
1191 388 1224 415 atl
1242 388 1322 415 tidem
1342 390 1449 424 potiora
1470 390 1562 418 futura
1584 397 1648 420 sunt
1662 394 1804 421 miracula.

1022 433 1195 469 Proindcque
1206 433 1342 468 prodigiis
1353 442 1422 469 opus
1433 434 1490 463 illis
1502 443 1561 463 esse
1574 437 1698 465 Salvator
1707 439 1805 470 aiebat,

1023 479 1103 515 204
1124 482 1152 506 ut
1170 479 1249 506 facile
1271 484 1383 514 possent
1406 479 1441 507 ad
1463 481 1601 508 meliorem
1618 481 1722 516 frugem
1743 491 1807 510 eru-

1022 526 1088 557 diri,
1106 530 1132 552 et
1145 533 1297 562 agnoscere
1319 525 1404 553 Deum
1420 533 1482 553 esse
1496 527 1647 554 secundum
1670 532 1806 556 naturam.

1058 614 1103 647 iV,
1124 615 1167 642 49.
1197 615 1318 649 Domine,
1346 615 1471 643 descende
1497 617 1652 651 priusquam
1678 619 1809 645 moriatur

1022 661 1095 695 [ilius
1111 669 1194 688 meus.
1414 681 1426 691 .

1057 707 1197 742 Angustus
1214 707 1292 734 valde
1306 712 1348 735 est
1366 708 1453 743 reguli
1473 708 1592 741 animus,
1608 709 1674 743 quin
1693 717 1808 744 puerum

1023 760 1052 780 se
1070 753 1162 788 prodit
1177 756 1203 780 ln
1221 754 1338 788 petenda
1355 754 1454 788 gratia,
1476 761 1526 781 nec
1550 755 1633 782 sentit
1655 762 1684 782 se
1707 755 1809 783 sensim

1023 798 1150 825 delirare.
1168 797 1236 825 Nam
1257 799 1281 826 si
1297 806 1351 825 non
1367 799 1448 826 modo
1464 804 1625 834 przcsentem
1640 822 1646 834 ,
1664 801 1711 827 sed
1726 801 1809 828 etiam

1023 844 1166 871 absentem
1188 844 1329 872 Christum
1348 845 1401 872 vim
1418 853 1494 872 suam
1514 854 1641 874 exserere
1653 855 1734 882 posse
1750 855 1810 875 cre-

1023 889 1149 922 didisset,
1166 890 1199 917 de
1214 890 1262 917 illo
1285 897 1335 925 pro
1351 898 1384 918 eo
1401 898 1433 918 ac
1457 892 1536 918 decet
1559 893 1702 920 sensisset.
1731 892 1810 921 Nunc

184 943 260 978 αὺτῴ
275 943 326 978 τὴν
342 942 468 976 διάληψιν
490 942 647 977 ἐποιήσατο.
669 941 737 967 Νυνὶ
755 939 783 966 δὲ
811 939 918 974 φρονῶν
942 947 972 964 τε

1025 940 1116 962 autem
1135 935 1336 963 absurdissime
1357 936 1438 962 sentit
1463 944 1495 963 ac
1521 937 1586 964 facit
1610 939 1655 972 qui
1680 939 1810 966 virtutem

184 989 231 1015 καὶ
248 989 376 1023 πράττων
390 986 616 1022 παραλογώτατα,
631 985 680 1021 τὴν
701 985 760 1020 Θεῴ
782 985 832 1020 μὲν
850 984 970 1020 πρέπον-

185 1041 234 1060 σαν
250 1033 326 1068 ἰσχὺν
344 1034 462 1065 ἀπαιτεῖ,
480 1032 516 1064 ὡς
533 1031 561 1058 δὲ
575 1031 642 1058 Θεὸν
659 1031 709 1057 οὐκ
723 1030 808 1056 οἴεται
829 1029 863 1056 τὰ
883 1029 971 1055 πάντα

184 1078 317 1114 πληροῦν,
334 1078 390 1104 ἀλλ’
405 1077 465 1104 οὐδὲ
481 1076 596 1104 θανάτου
620 1074 785 1110 γενήσεσθαι
818 1075 970 1110 κρείττονα,

184 1122 272 1149 καίτοι
283 1121 322 1157 τῷ
340 1122 457 1157 πλείστῳ
465 1121 634 1157 κρατηθέντα
651 1119 870 1147 πλεονεκτεῖσθαι
885 1127 972 1154 παρα-

185 1168 276 1195 καλῶν
292 1177 298 1184 ’
314 1167 409 1203 ἔμελλε
425 1168 480 1203 γὰρ
495 1166 677 1202 ἀποθνήσκειν
690 1167 704 1191 ὁ
718 1167 792 1197 παῖς.

219 1215 304 1248 Λέγει
315 1213 395 1247 αὑτῷ
409 1215 424 1241 ὀ
448 1213 567 1247 Ἰησοῦς
578 1221 584 1228 ·
599 1211 741 1245 Πορεύου,
753 1212 841 1243 όυὶός
853 1219 910 1237 σου
927 1209 970 1244 ζῇ.

220 1261 314 1292 Οὕτως
331 1261 384 1287 ἔδει
397 1259 558 1287 πιστεύοντα
572 1257 746 1293 προσελθεῖν,
771 1257 827 1283 ἀλλ’
857 1257 886 1282 οὐ
913 1256 972 1287 ταῖς

185 1307 264 1342 ἡμῶν
278 1306 409 1342 ἀμαθίαις
422 1304 581 1339 φιλονεικῶν
614 1305 709 1338 ὁρᾶται
733 1303 848 1338 Χριστός
864 1309 870 1316 ’
893 1302 972 1338 εὐερ-

185 1353 260 1386 γετεῖ
274 1351 304 1378 δὲ
320 1351 401 1378 πάλιν
416 1351 463 1377 καὶ
484 1350 642 1381 πταίοντας.
661 1349 699 1380 ὡς
720 1347 794 1379 Θεός.
819 1349 907 1382 Ὅπερ
926 1345 973 1374 οὖν

185 1398 240 1424 ἔδει
255 1398 359 1433 δρῶντα
373 1395 571 1432 θαυμάζεσθαι,
591 1395 670 1421 τοῦτο
692 1394 739 1421 καὶ
759 1393 796 1429 μὴ
824 1393 974 1429 δεδρακότα

185 1443 305 1470 διδάσκει
322 1442 367 1469 τὸν
379 1443 529 1477 ἄνθρωπον,
541 1441 609 1476 ὁμοῦ
624 1441 669 1467 καὶ
681 1441 734 1466 τῶν
752 1439 901 1466 καλλίστων
916 1441 973 1466 εἰσ-

186 1489 310 1524 ηγητὴς,
325 1489 372 1515 καὶ
396 1487 450 1514 τῶν
466 1488 495 1514 ὲν
516 1487 608 1522 εὐχαῖς
634 1486 743 1520 ἀγαθῶν
765 1486 881 1521 χορηγὸς
908 1486 973 1512 ἀνα-

185 1533 370 1568 δεικνύμενος.
395 1533 438 1558 Ἐν
457 1532 506 1566 μὲν
535 1531 590 1566 γὰρ
618 1531 658 1566 τῷ
684 1540 692 1556 ι
710 1530 829 1565 Πορεύου
847 1539 855 1555 ι
874 1529 905 1556 τὸ
928 1539 973 1556 πι-

187 1579 292 1606 στεύειν
305 1579 388 1611 ἐστὶν,
404 1579 432 1605 ἐν
450 1577 526 1612 δὲτῷ
539 1587 548 1604 ι
574 1577 603 1603 ὐ
618 1577 674 1608 υἱός
687 1585 733 1603 σου
751 1576 795 1611 ζῇ,
819 1585 828 1602 ι
845 1575 899 1602 τῶν
924 1584 972 1602 πο-

1026 981 1079 1008 Deo
1106 981 1215 1016 quidem
1240 982 1446 1009 convenientem
1465 985 1595 1017 postulat,
1615 984 1662 1011 sed
1681 989 1709 1011 ut
1725 984 1810 1012 Deum

1025 1029 1138 1063 implere
1169 1034 1269 1056 cuncta
1303 1030 1392 1065 ipsum
1423 1039 1477 1058 non
1508 1031 1656 1063 existimat,
1683 1031 1731 1057 sed
1760 1038 1811 1058 nec

1024 1079 1140 1102 mortem
1155 1079 1359 1110 superaturum,
1382 1077 1444 1105 licet
1457 1077 1513 1112 jam
1532 1078 1588 1104 fere
1610 1077 1746 1104 morituro
1768 1077 1811 1111 ip-

1024 1128 1084 1147 sum
1116 1121 1246 1156 opitulari
1279 1127 1388 1158 rogaret
1416 1133 1422 1150 :
1458 1123 1607 1158 incipiebat
1635 1123 1709 1151 enim
1739 1123 1810 1150 mori

1024 1174 1102 1201 puer.
1490 1168 1495 1174 ‘

1059 1211 1104 1244 ιν,
1123 1212 1167 1239 50.
1199 1213 1270 1240 Dicit
1281 1214 1305 1240 ei
1317 1213 1414 1240 Jesus:
1431 1213 1511 1243 Vade.
1526 1215 1597 1250 filius
1614 1220 1673 1242 tuus
1686 1216 1755 1243 vivit.

1060 1258 1105 1286 Sic
1119 1260 1262 1294 oportebat
1279 1261 1434 1288 credentem
1455 1264 1605 1294 accedere,
1622 1262 1670 1289 sed
1686 1265 1809 1289 nostram

1024 1305 1190 1339 imperitiam
1213 1306 1340 1334 Christus
1368 1315 1422 1334 non
1448 1308 1549 1342 reiicit,
1575 1308 1641 1342 quin
1666 1311 1810 1342 peccantes

1023 1350 1104 1377 etiam
1124 1350 1263 1378 beneﬁciis
1278 1351 1369 1384 allicit,
1388 1355 1418 1378 ut
1440 1351 1522 1378 Deus.
1543 1351 1620 1384 Quod
1636 1352 1720 1386 igitur
1735 1351 1810 1378 laudi

1024 1400 1098 1423 esset
1113 1395 1228 1426 homini,
1246 1397 1268 1423 si
1283 1396 1395 1429 faceret,
1413 1397 1463 1423 hoc
1480 1396 1562 1423 etiam
1578 1405 1632 1424 non
1650 1397 1749 1424 fecisse
1761 1396 1811 1424 do-

1024 1446 1068 1469 cet
1108 1442 1189 1469 simul
1217 1443 1349 1470 virtutum
1377 1443 1506 1478 magister
1536 1446 1562 1470 et
1586 1443 1720 1470 bonorum
1750 1450 1811 1478 qua}

1024 1491 1155 1524 petuntur
1171 1489 1282 1523 largitor
1298 1489 1475 1517 constitutus.
1494 1488 1562 1516 Nam
1576 1489 1604 1516 in
1621 1497 1652 1516 eo
1665 1489 1740 1524 quod
1760 1489 1810 1522 ait,

1027 1543 1036 1559 ι
1051 1533 1137 1567 Vade,
1156 1544 1165 1560 ι
1181 1534 1248 1562 ﬁdes
1264 1538 1304 1562 est
1318 1543 1324 1568 ;
1339 1535 1365 1562 in
1382 1543 1414 1562 eo
1428 1543 1492 1562 vero
1506 1535 1578 1570 quod
1594 1535 1670 1568 dicit,
1698 1545 1707 1561 ι
1723 1535 1810 1563 Filius

1024 1583 1089 1608 tuus
1108 1580 1186 1613 vivit,
1207 1590 1216 1607 ι
1233 1581 1273 1608 rei
1294 1585 1393 1616 optatae
1409 1582 1612 1609 consummatio
1630 1589 1691 1609 cum
1709 1581 1810 1617 ingenti

186 1624 325 1659 θουμένων
337 1624 354 1658 ή
370 1609 518 1658 πλήρωσις.
534 1621 605 1657 μετὰ
624 1621 725 1656 πολλῆς
746 1609 819 1652 τινος
841 1620 889 1647 καὶ
911 1620 970 1646 θεο-

1025 1625 1140 1660 quadam
1154 1629 1181 1653 et
1196 1625 1251 1654 Deo
1268 1609 1442 1654 convenienti
1458 1631 1593 1662 potestate
1607 1627 1706 1654 elucet.

187 1669 307 1705 πρεποῠς
321 1668 442 1701 ἐξουσίας
456 1667 647 1702 ἑκφαινομένη.

228 1716 423 1742 Ἐπίστευσεν
435 1716 451 1741 ὀ
466 1713 619 1747 ἅνθρωπος
628 1711 668 1744 τῷ
679 1711 769 1746 λόγῳ,
782 1707 805 1744 ᾧ
819 1708 903 1738 εἶπεν
917 1711 970 1738 αὺ-

186 1762 227 1795 τῷ
241 1764 256 1789 ὀ
268 1761 399 1795 Ἰησοῦς,
410 1760 459 1787 καὶ
473 1759 640 1793 ἐπορεύετο.
662 1758 738 1791 Ἤδη
759 1757 793 1783 δὲ
812 1757 906 1784 αὑτοῦ
921 1764 972 1783 κα-

185 1807 389 1839 ταϐαίνοντος,
410 1807 436 1833 oi
453 1805 557 1832 δοῦλοι
572 1803 665 1831 αὑτοῦ
679 1803 861 1837 ἀπήντησαν
881 1801 971 1834 αὐτῷ,

187 1854 236 1881 καὶ
248 1853 432 1888 ἀπήγγειλαν
446 1851 599 1886 λέγοντες,
610 1850 654 1877 ὅτι
674 1851 690 1876 ό
703 1849 768 1882 υίός
778 1857 836 1876 σου
856 1848 900 1882 ζῇ.

226 1900 274 1926 ’Ἑν
286 1899 333 1926 τοῦ
346 1898 470 1933 Σωτῆρος
486 1897 625 1931 ἐπίταγμα
642 1895 689 1921 δύο
703 1893 849 1929 θεραπεύει
873 1893 971 1928 ψυχάς.

187 1944 234 1980 Τῷ
248 1944 299 1979 μὲν
314 1943 368 1978 γὰρ
383 1940 514 1977 βασιλικῷ
530 1940 579 1976 τὴν
602 1939 721 1974 ἀσυνήθη
747 1939 838 1965 πίστιν
862 1937 974 1972 ἐνεργά-

187 1991 275 2023 ζεται,
295 1989 410 2016 θανάτου
426 1988 454 2014 δὲ
472 1988 500 2013 τὸ
517 1986 657 2022 μειράκιον
681 1985 786 2018 egeam
806 1983 973 2019 σωματικοῦ.

187 2035 237 2068 Τίς
261 2035 290 2061 δὲ
312 2034 364 2070 πρὸ
387 2034 458 2064 τινος
484 2033 552 2064 ὅλως
566 2031 708 2065 ὑγιάζεται
723 2029 840 2065 χαλεπὸν
861 2030 947 2056 εἰπεῖν
966 2037 972 2044 ·

188 2083 273 2117 ἄμφω
288 2080 353 2117 γὰρ,
366 2078 451 2115 οἶμαι,
466 2079 537 2106 κατὰ
558 2078 655 2105 ταυτὸν
677 2077 836 2112 σύνδρομον,
853 2077 909 2107 τοῖς
926 2074 974 2101 τοῦ

188 2128 314 2163 Σωτῆρος
326 2127 404 2162 ἡμῶν
423 2125 592 2160 ἐπιτάγμασι
606 2125 656 2159 τῆς
670 2123 747 2149 νόσου
766 2121 903 2156 λαϐούσης
926 2121 974 2156 τὴν

187 2173 274 2200 λύσιν.
291 2171 504 2206 Ἀπαγγέλλουσι
527 2169 618 2204 δὲτὴν
639 2167 686 2194 τοῦ
717 2167 809 2198 παιδὸς
827 2166 975 2202 θεραπείαν

189 2217 360 2248 ὑπαντῶντες
373 2216 475 2242 οἰκέται
490 2214 568 2249 ὁμοῦ,
596 2214 643 2240 καὶ
658 2212 711 2239 τῶν
726 2212 805 2238 θείων
822 2211 975 2246 ἐπιταγμά-

187 2271 244 2290 των
259 2260 497 2290 ἀπολευκαίνοντες
506 2259 556 2294 τὴν
562 2258 677 2292 ὀξύτητα
688 2265 694 2271 ·
708 2256 843 2283 καὶτοῦτο
855 2256 887 2304 δὴ
904 2256 974 2304 μάλα
991 2277 1012 2304 D

190 2308 284 2342 σαφῶς
295 2306 497 2341 οἶκονομοῦντος
509 2303 638 2340 Χριστοῦ,
654 2303 702 2330 καὶ
715 2303 753 2337 τῷ
768 2303 838 2329 τέλει
857 2303 906 2338 τῆς
933 2303 976 2329 ἐλ-

190 2354 267 2385 πίδος
285 2353 352 2388 ταχὺ
376 2351 546 2387 βεϐαιοῦντος
563 2350 603 2382 εἰς
627 2349 718 2376 πίστιν
741 2348 904 2375 ἀσθενοῦντα
930 2349 976 2375 τὸν

189 2399 335 2433 δεσπότην.

233 2445 372 2472 Ἐπύθετο
389 2441 444 2471 οὖν
454 2442 521 2477 παρ’
533 2441 632 2469 αὐτῶν
650 2440 707 2474 τὴν
720 2439 810 2474 ὥραν,
821 2439 856 2466 ἐν
870 2437 889 2476 ᾖ
902 2449 974 2475 κομ-

190 2491 322 2526 ψότερον
345 2490 428 2524 ἔσχε.
451 2488 506 2515 Καὶ
520 2486 605 2514 εἷπον
619 2485 698 2518 αὐτῷ
723 2485 784 2517 ὅτι,
802 2484 876 2518 Χθὲς
896 2484 975 2518 ὥραν

190 2536 321 2571 ἑϐδόμην
336 2535 452 2570 ἀφῆκεν
469 2533 562 2561 αὑτὸν
581 2534 597 2560 ὁ
613 2531 747 2566 πυρετός.
771 2532 864 2565 Ἔγνω
887 2528 944 2558 οὖν
959 2532 975 2558 ό

191 2581 294 2615 Πατὴρ
303 2601 309 2611 .
329 2580 373 2607 ὅτι
386 2581 420 2607 ἐν
429 2580 528 2612 ἐκείνῃ
541 2577 578 2612 τῇ
590 2578 648 2611 ὥρᾳ
661 2597 667 2610 ,
686 2577 719 2604 ἐν
769 2575 853 2603 εἶπεν
868 2576 948 2608 αὐτῷ
959 2577 975 2602 ὁ

197 2625 324 2660 Ἰησοῦς,
339 2625 382 2651 ὅτι
399 2623 425 2650 '0
437 2624 502 2656 υἱός
518 2631 575 2650 σου
596 2621 629 2655 ζῇ
640 2630 646 2636 ·
664 2621 711 2648 καὶ
729 2621 910 2647 ἐπίστευσεν
920 2621 974 2646 αὺ-

191 2671 254 2704 rec,
266 2671 315 2697 καὶ
330 2671 348 2704 ἢ
358 2670 435 2697 οἰκία
448 2668 540 2696 αὑτοῦ
551 2667 617 2702 ὅλη.
633 2667 721 2694 Τοῦτο
734 2666 826 2694 πάλιν
836 2665 976 2699 δεύτερον

191 2716 319 2752 σημεῖον
336 2716 479 2749 ἐποίησεν
498 2716 514 2741 ό
535 2713 651 2747 Ἰησοῦς
669 2712 765 2740 ἐλθὼν
781 2713 815 2738 ἐκ
833 2711 888 2745 τῆς
910 2711 978 2738 Ἰου-

191 2764 279 2796 δαίας
292 2763 336 2794 εἰς
344 2762 401 2795 τὴν
410 2760 586 2788 Γαλιλαίαν.

235 2809 463 2836 ’Λναπυνθάνεται
476 2808 524 2842 τὴν
537 2807 609 2842 ὥραν
627 2806 675 2841 τῆς
688 2806 733 2832 ἐπὶ
751 2805 780 2831 τὺ
795 2806 917 2839 κρεῖττον
930 2802 977 2830 τοῦ

192 2855 334 2885 νοσοῦντος
358 2854 460 2889 ῥοπῆς,
488 2853 511 2878 εἰ
537 2851 676 2886 συντρέχει
698 2850 852 2885 δοκιμάζων
874 2848 912 2883 τῷ
928 2848 978 2882 τῆς

193 2900 304 2936 χάριτος
317 2899 413 2934 χρόνῳ.
436 2897 542 2932 Ἐπειδὴ
556 2897 582 2923 δὲ
595 2897 680 2927 οὕτως
694 2896 763 2930 ἔχειν
774 2916 781 2928 ,
795 2896 840 2921 καὶ
856 2895 904 2929 οὺχ
918 2893 975 2920 ἑτέ-

1058 1712 1102 1746 ιν,
1128 1713 1172 1745 50,
1189 1713 1232 1740 5i.
1252 1713 1371 1741 Credidit
1386 1715 1463 1741 homo
1479 1715 1594 1742 sermoni
1615 1724 1689 1751 quem
1705 1716 1772 1743 dixit
1786 1716 1811 1744 ei
1851 1749 1855 1754 _

1022 1757 1111 1790 Iesus,
1128 1763 1152 1785 et
1165 1758 1231 1784 ibat.
1247 1758 1309 1785 Jam
1327 1764 1414 1785 autent
1437 1768 1466 1786 eo
1478 1760 1657 1792 descendente,
1683 1761 1750 1787 servi
1766 1768 1812 1787 oc-

1023 1809 1162 1831 currerunt
1183 1805 1217 1836 ei,
1243 1810 1268 1831 et
1287 1805 1485 1839 nuntiaverunt,
1510 1805 1634 1838 dicentes,
1655 1807 1717 1841 quia
1739 1808 1811 1841 [ilius

1022 1848 1078 1881 ejus
1098 1849 1202 1875 viveret.

1058 1893 1149 1920 Unum
1167 1894 1321 1922 Salvatoris
1339 1895 1497 1922 mandatum
1512 1895 1582 1923 duas
1598 1900 1678 1923 sanat
1692 1897 1809 1924 animas;

1025 1937 1053 1964 In
1071 1939 1167 1973 regulo
1188 1939 1290 1973 quippe
1313 1939 1452 1966 insolitam
1474 1939 1553 1966 fidem
1574 1944 1716 1974 operatur,
1736 1945 1762 1967 et
1777 1949 1811 1969 ex

1024 1991 1155 2019 corporea
1173 1988 1260 2011 morte
1273 1984 1507 2011 adolescentulum
1522 1985 1614 2020 eripit.
1635 1985 1700 2013 Uter
1718 1990 1809 2013 autem

1025 2030 1101 2064 prior
1129 2033 1242 2056 sanetur
1265 2029 1372 2057 diilicile
1398 2030 1471 2056 dictu
1484 2034 1541 2064 est;
1572 2031 1652 2058 ambo
1675 2032 1759 2062 enim,
1780 2036 1811 2058 ut.

1025 2083 1098 2108 reor,
1113 2075 1208 2102 eodem
1223 2080 1345 2110 tempore
1357 2075 1510 2104 Salvatoris
1525 2077 1612 2103 nostri
1622 2077 1702 2112 jussu
1713 2078 1812 2105 morbo

1025 2122 1116 2150 soluto
1147 2123 1235 2150 sanati
1262 2122 1383 2150 fuerunt.
1411 2122 1489 2150 Servi
1516 2127 1605 2149 autem
1621 2128 1810 2156 occurrentes,

1026 2168 1102 2202 pueri
1123 2167 1290 2194 curationem
1307 2167 1470 2194 annnntiant
1489 2167 1567 2202 juxta
1585 2171 1611 2194 et
1630 2168 1713 2195 divini
1731 2177 1810 2196 man-

1026 2213 1082 2240 dati
1094 2213 1273 2246 celeritatem,
1285 2213 1395 2241 (Zhristo
1411 2214 1438 2241 id
1454 2214 1548 2248 utique
1561 2215 1649 2248 palam
1664 2215 1809 2242 ordinante

1026 2261 1053 2284 et
1068 2258 1205 2284 inﬁrmum
1223 2258 1364 2285 dominum
1387 2259 1463 2285 illum
1477 2259 1535 2293 spei
1559 2264 1657 2287 eventu
1673 2260 1706 2287 ad
1730 2259 1809 2287 tidem

1027 2304 1083 2331 cito
1102 2303 1289 2331 conﬁrmante.

1060 2432 1104 2466 ιν,
1130 2433 1223 2461 52-54.
1251 2433 1434 2470 Inlerrogabat
1456 2443 1516 2470 ergo
1538 2434 1632 2461 horam
1663 2434 1695 2461 ab
1716 2435 1752 2461 eis
1781 2434 1808 2461 in

1024 2487 1076 2513 qua
1090 2480 1183 2508 melius
1194 2480 1323 2508 habuerit.
1343 2480 1376 2507 Et
1390 2481 1513 2508 dixerunt
1527 2481 1551 2507 ei
1574 2481 1647 2514 quia,
1663 2481 1727 2507 Heri
1745 2480 1810 2507 hora

1028 2528 1139 2562 septima
1154 2527 1260 2561 reliquit
1290 2535 1350 2554 eum
1377 2526 1468 2560 febris.
1496 2525 1621 2560 Cognovit
1645 2525 1724 2560 205
1749 2533 1810 2560 ergo

1027 2579 1103 2608 pater
1124 2575 1185 2610 quia
1206 2573 1254 2600 illa
1276 2573 1343 2599 hora
1369 2577 1427 2600 erat
1452 2572 1479 2598 in
1506 2580 1557 2606 qua
1579 2571 1646 2598 dixit
1670 2572 1694 2597 ei
1711 2570 1810 2597 Iesus:

1030 2620 1118 2646 Filius
1134 2624 1194 2646 tuus
1219 2619 1291 2645 vivit.
1319 2617 1352 2645 Et
1368 2617 1478 2644 credidit
1500 2617 1563 2651 ipse,
1584 2621 1608 2642 et
1633 2616 1726 2642 domus
1753 2615 1811 2650 ejus

1030 2671 1095 2693 tota.
1110 2665 1166 2693 Hoc
1182 2666 1275 2692 iterum
1295 2664 1436 2691 secundum
1449 2664 1552 2699 signum
1570 2662 1629 2697 fecit
1644 2661 1733 2694 Iesus,
1752 2669 1810 2688 cum

1029 2714 1138 2741 uenisset
1153 2721 1170 2740 ιι
1181 2712 1278 2739 Judwa
1292 2711 1319 2738 in
1333 2710 1483 2738 Galilaeam.

1066 2801 1230 2828 Sciscitatur
1247 2808 1300 2835 qua
1318 2800 1385 2827 hora
1406 2802 1524 2834 aegrotus
1542 2799 1738 2825 convalescere
1756 2803 1813 2822 ca:-

1029 2851 1117 2882 perat,
1137 2851 1166 2873 ut
1192 2846 1350 2881 exploraret
1376 2853 1410 2872 an
1433 2847 1602 2871 momentum
1629 2843 1694 2870 illud
1718 2841 1814 2877 gratiae

1031 2892 1146 2927 tempori
1163 2895 1337 2927 congrueret.
1355 2891 1503 2926 Postquam
1518 2893 1608 2918 autem
1625 2889 1661 2916 ita
1682 2895 1738 2915 rem
1751 2892 1812 2914 esse
