2026 3123
218 187 270 214 555

711 186 738 212 S.
755 185 891 214 CYRILLI
905 185 1142 215 ALEXANDRINI
1163 188 1324 218 ARCHIEP.

1785 193 1839 222 556

215 242 358 276 comperit,
371 249 432 268 cum
455 244 510 269 tota
525 241 606 268 dotno
622 241 753 275 Salvator,
769 242 893 270 miraculi
913 244 992 270 virtu-

1051 251 1107 278 ρως
1123 244 1284 277 ὲδιδάσκετο,
1300 244 1414 277 σώζεται
1428 247 1545 280 πανοικὶ,
1559 247 1606 283 τὴν
1621 247 1668 274 τοῦ
1688 249 1839 285 παραδόξου

215 292 268 316 tem
299 288 408 315 Christo
432 287 574 320 tribuens,
594 292 621 314 et
646 289 790 322 quemdam
820 289 904 316 veluti
928 289 998 324 grati

215 334 300 361 animi
317 333 446 364 fructum,
463 331 610 360 ﬁrmiorem
628 341 724 368 nempe
741 333 833 367 ﬁdem,
849 334 978 363 oderens.

249 422 281 453 ν,
297 422 309 448 1
326 422 352 450 4.
371 422 437 449 Post
457 422 511 450 Itan:
531 427 588 449 erat
609 422 663 449 dics
685 422 767 457 festus
786 422 953 456 Judazorum,
972 428 998 450 et

214 466 332 494 (incendit
348 466 425 493 Jews
450 466 672 501 Hierosolymam.
689 466 737 494 Est
761 473 849 494 autem
868 467 996 495 Hieroso-

215 514 292 548 lymis
308 512 445 546 probation
460 512 572 547 piscina,
584 520 642 547 qua:
654 513 853 547 cognotrtinatur
869 512 998 541 Hebraice

216 558 368 589 Bctlzsaida,
381 559 493 593 quinque
515 559 631 593 porticus
657 559 764 586 habent.
780 558 814 586 1η
830 559 870 586 Itis
890 559 998 594 jacebat

215 604 355 632 multitudo
380 613 475 639 magna
501 605 691 640 languentium,
719 613 859 637 meorum,
888 606 997 634 claudo-

214 659 283 685 rum,
293 650 441 682 aridorum,
452 651 658 688 exspectantium
672 659 748 686 aqua:
761 655 870 679 motum.
880 651 996 686 Angelus

213 698 283 725 enim
298 697 406 724 Domini
421 696 593 724 descendebat
610 696 753 724 secundum
768 701 865 732 tempus
878 697 904 724 in
917 697 997 731 pisci-

214 749 285 774 nam,
302 746 325 768 et
346 740 498 767 ntovebatur
513 748 592 775 aqua.
611 740 644 767 Et
671 742 715 775 qui
731 741 805 776 prior
820 741 996 769 descendisset

213 789 240 814 in
258 787 388 821 piscinam
408 790 470 820 post
495 786 635 813 motionem
663 795 748 822 aqua,
770 795 851 815 sanus
875 787 955 821 ﬁebat
980 796 997 814 a

212 841 363 868 quacunque
378 831 542 859 delinebalur
555 833 720 867 inﬁrmitate.

1049 289 1164 325 δύναμιν
1178 291 1288 322 ἀναθεὶς
1303 291 1340 326 τῷ
1354 292 1459 327 Σωτῆρι
1474 292 1593 328 Χριστῷ,
1609 293 1657 320 καὶ
1669 294 1764 330 ὥσπερ
1777 298 1839 322 τινὰ

1055 336 1099 370 ;ῆς
1122 336 1168 362 ἐπὶ
1188 336 1290 368 τούτοις
1310 337 1484 373 εὐχαριστίας
1507 339 1610 374 καρπὸν
1632 340 1839 378 ἀσφαλεστέραν

1049 383 1196 417 προσάγων
1211 382 1260 418 τὴν
1276 384 1376 410 πίστιν.

1083 429 1164 455 Μετὰ
1179 429 1272 456 ταῦτα
1287 428 1327 465 ἦν
1337 430 1357 462 ἡ
1373 430 1460 464 ἑορτὴ
1474 430 1533 459 τῶν
1550 432 1710 466 Ἰουδαίων,
1723 433 1772 460 καὶ
1786 433 1838 460 ἁν-

1048 474 1100 508 έϐη
1120 476 1136 502 ό
1163 475 1277 509 Ἰησοῦς
1297 477 1340 509 εις
1359 477 1557 512 Ἰεροσόλυμα.
1580 479 1662 506 ’Ἐστι
1676 479 1710 505 δὲ
1727 480 1761 506 ἐν
1774 480 1837 512 τοῖς

1054 520 1268 555 Ἰεροσολύμοις
1289 521 1338 548 ἐπὶ
1352 521 1388 555 τῇ
1403 522 1565 557 προϐατικῇ
1585 525 1794 561 κολυμϐήθρᾳ,
1815 526 1836 560 ἡ

1047 565 1244 601 ἐπιλεγομένη
1272 567 1416 602 Ἐϐραϊστὶ
1442 568 1596 602 Βηθεσδίι,
1627 569 1716 597 πέντε
1742 572 1836 603 στοὰς

1047 613 1172 646 ἔχουσα.
1195 615 1243 640 Ἑν
1258 614 1379 646 ταύταις
1393 614 1543 641 κατέκειτο
1554 615 1669 648 πλῆθος
1685 615 1764 642 πολὺ
1776 615 1835 642 τῶν

1048 658 1266 692 ἀσθενούντων,
1279 659 1412 694 τυφλῶν,
1426 660 1541 694 χωλῶν,
1555 661 1664 695 ξηρῶν,
1677 661 1834 696 ἐκδεχομέ-

1047 711 1109 730 νων
1122 703 1180 738 τὴν
1199 705 1251 731 τοῦ
1267 704 1374 737 ὓδατος
1391 705 1524 740 κίνησιν.
1549 706 1687 742 Ἀγγελος
1707 706 1760 742 γὰρ
1775 709 1833 734 Κυ-

1043 749 1113 782 ρίου
1129 750 1203 777 κατὰ
1217 750 1320 784 καιρὸν
1332 751 1504 778 κατέϐαινεν
1520 751 1555 778 ἐν
1579 751 1617 786 τῇ
1631 753 1832 787 κολυμϐήθρᾳ,

1048 794 1096 821 καὶ
1109 794 1257 829 ἐτάρασσε
1271 795 1302 822 τὸ
1315 795 1401 830 ὕδωρ.
1416 796 1443 822 Ὀ
1458 794 1515 823 οὖν
1530 796 1644 830 πρῶτος
1658 797 1748 831 ἐμϐὰς
1757 798 1833 832 μετὰ

1047 840 1104 874 τὴν
1114 841 1248 875 ταραχὴν
1262 841 1314 868 τοῦ
1327 841 1444 876 ὕδατος,
1457 842 1677 877 ὐγιὴςὲγίνετο,
1686 843 1709 875 ᾧ
1721 843 1832 877 δήποτε

1047 886 1200 921 κατείχετο
1214 887 1370 922 νοσήματι.

246 918 305 945 Non
327 922 432 946 temere
456 919 552 946 beatus
577 919 748 954 evangelista
773 920 912 955 praedictis
929 929 992 949 eon-

1082 932 1119 959 οὐ
1131 918 1221 967 item
1232 918 1311 964 εὐθῦς
1324 933 1502 961 ὲπισονάπτει
1515 935 1570 966 τοῖς
1583 934 1737 971 εἰρημένοις
1747 934 1761 960 ὁ
1778 943 1832 970 μα-

211 965 300 999 jungit
320 964 471 992 Salvatoris
489 964 516 991 in
534 965 630 993 urbem
651 965 904 1001 Hierosolymorum
932 968 995 995 red-

213 1018 291 1044 num;
303 1010 350 1038 sed
366 1011 390 1038 ei
405 1011 578 1046 propositum
591 1015 650 1038 erat
665 1012 862 1045 ostendere,ut
875 1013 994 1047 videtur,

212 1061 345 1092 quantum
372 1057 532 1092 alienigena:
557 1055 660 1084 Judaais
685 1057 832 1085 obedieudi
864 1058 995 1087 facultate

211 1106 385 1138 praestarent,
405 1105 432 1129 et
454 1104 558 1136 quanta
582 1105 743 1129 cerneretur
761 1103 789 1130 in
804 1103 932 1138 utrisque
950 1103 993 1130 in-

211 1148 284 1183 genii
306 1155 338 1175 ac
353 1154 460 1174 morum
483 1145 650 1175 differentia.
674 1147 731 1175 Hoc
747 1148 822 1176 enim
844 1152 925 1183 pacto
951 1148 994 1176 di-

210 1201 288 1222 scere
309 1193 419 1225 licebat,
435 1192 746 1227 justo.cunctipotentis
765 1193 812 1221 Dei
833 1193 948 1228 judicio.
967 1198 994 1222 et

209 1247 356 1275 personam
383 1239 509 1272 accipere
524 1238 677 1266 nescientis
700 1237 829 1266 lsraelem
852 1247 899 1274 spe
920 1240 994 1267 exci-

209 1287 285 1319 dere,
304 1286 373 1314 etin
390 1285 452 1320 ejus
471 1285 563 1312 locum
583 1285 706 1319 gentium
728 1285 932 1314 multitudinem
951 1287 994 1314 in-

209 1333 284 1360 duci.
299 1332 388 1359 Grave
410 1333 501 1358 autem
518 1338 573 1358 non
588 1331 640 1358 erit
657 1330 805 1359 collatione
821 1332 939 1367 capitum
961 1340 994 1360 ea

209 1387 269 1414 quae
281 1379 411 1406 dicuntur
423 1377 586 1413 expendere.
599 1375 725 1405 Ostendit
740 1377 824 1413 igitur
837 1378 926 1413 ipsum
939 1386 994 1406 uno

207 1423 317 1459 quidem
334 1423 471 1450 miraculo
490 1422 728 1450 Samaritanorum
745 1422 839 1450 urbem
854 1430 992 1457 servasse,

207 1470 262 1496 alio
287 1468 380 1496 itidem
407 1468 484 1495 illum
505 1468 642 1503 regulum,
658 1473 685 1495 et
709 1476 758 1503 per
777 1469 843 1496 illud
863 1469 923 1504 ejus
946 1470 994 1497 do-

209 1515 266 1542 mui
282 1515 424 1550 suppetias
439 1514 552 1541 omnino
572 1514 678 1542 tulisse.
695 1513 826 1542 Testatus
841 1519 931 1542 autem
949 1515 993 1543 his

208 1560 300 1588 verbis
324 1559 564 1596 promptissimum
586 1566 650 1586 esse
675 1558 838 1594 alienigenis
864 1560 898 1587 ad
925 1561 991 1588 obe-

208 1606 338 1635 diendum
356 1605 490 1637 studium,
508 1611 620 1632 rursum
640 1603 829 1640 Hierosolyma
846 1605 922 1633 illum
941 1607 993 1633 mi-

209 1653 366 1680 raculorum
391 1651 526 1679 editorem
552 1650 676 1683 reducit,
695 1656 724 1678 et
741 1658 797 1679 rem
817 1651 872 1680 Deo
891 1659 992 1680 conve—

209 1698 329 1725 nientem
354 1696 446 1724 facere
473 1696 603 1724 ostendit.
623 1695 778 1724 inveterato
799 1697 872 1725 enim
897 1699 992 1726 morbo

209 1744 386 1780 paralyticum
413 1743 524 1776 liberat,
539 1742 619 1770 sicuti
646 1742 777 1770 nimirum
799 1743 992 1772 moribundum

208 1790 294 1826 reguli
311 1789 410 1817 ﬁlium.
427 1788 480 1815 Sed
495 1788 539 1815 hic
551 1795 613 1814 cum
627 1788 754 1817 universa
770 1787 851 1818 domo
864 1790 990 1823 credidit,

207 1840 234 1863 et
261 1835 346 1862 Deum
377 1835 522 1862 confessus
551 1837 594 1861 est
619 1833 713 1862 Jesum
738 1844 744 1862 :
769 1835 820 1867 illi,
847 1843 910 1863 cum
929 1844 991 1864 eum

207 1882 290 1917 206
314 1880 445 1908 admirari
473 1880 614 1913 deberent,
635 1881 709 1908 illico
726 1881 760 1908 ad
784 1880 886 1909 caedem
909 1882 992 1918 depo-

207 1931 299 1959 scunt,
316 1931 342 1954 et
358 1925 561 1954 benefactorem
583 1934 675 1958 suum,
692 1934 742 1954 ceu
756 1927 892 1963 iniquum,
910 1929 992 1964 impie

206 1976 421 2009 persequuntur,
438 1973 490 2008 ipsi
507 1980 536 2000 se
554 1973 724 2008 turpissima!
743 1974 783 2001 rei
805 1974 991 2002 condemnan-

206 2023 260 2050 tes,
277 2025 325 2052 per
341 2024 422 2052 quam
440 2017 657 2053 alienigenarum
686 2018 827 2053 sapientiae
843 2023 871 2046 et
895 2019 991 2055 pietati

206 2064 233 2091 in
251 2063 393 2092 Christum
410 2063 491 2098 longe
505 2063 649 2099 postpositi
664 2064 886 2099 comperiuntur.
903 2065 992 2101 Atque

205 2111 258 2138 hoc
271 2114 314 2138 est
329 2113 404 2138 certe
417 2109 489 2145 quod
502 2110 531 2136 in
545 2109 663 2138 Psalmis
679 2110 782 2137 dicitur
793 2110 831 2139 de
846 2111 913 2146 ipsis
929 2119 991 2139 ora-

206 2157 280 2183 tione
301 2156 335 2183 ad
362 2155 505 2182 Dominum
533 2154 625 2183 Jesum
646 2163 781 2184 conversa
799 2165 805 2183 :
826 2166 835 2182 ι
854 2156 991 2190 Quoniam

204 2209 290 2238 pones
304 2209 352 2229 eos
370 2202 484 2228 dorsum
501 2201 535 2227 ".
560 2210 569 2227 ι
589 2200 656 2227 Nam
670 2201 717 2236 qui
731 2202 812 2236 primi
825 2203 862 2230 ob
877 2203 991 2232 electio-

1046 977 1140 1013 κάριος
1164 978 1358 1014 εὐαγγελιστὴς
1388 979 1438 1015 τὴν
1456 980 1579 1007 ἐντεῦθεν
1602 981 1642 1012 είς
1660 980 1832 1016 Ἰεροσόλυμα

1045 1023 1091 1050 τοῦ
1107 1024 1233 1060 Σωτῆρος
1244 1025 1372 1052 ἐπάνοδον
1382 1033 1389 1040 ·
1402 1025 1459 1053 ἀλλ’
1474 1024 1508 1062 ἦν
1522 1027 1606 1062 αὐτῷ,
1621 1027 1691 1054 κατὰ
1704 1026 1735 1053 τδ
1747 1027 1832 1058 εἰκὸς,

1045 1069 1173 1102 ἐπιδεῖξαι
1191 1071 1308 1103 σκοπὸς,
1331 1072 1392 1098 ὅσον
1405 1072 1453 1106 μὲν
1472 1071 1600 1107 ἀμείνους
1616 1073 1655 1104 είς
1677 1071 1833 1098 εὐπείθειαν

1051 1114 1184 1141 Ἰουδαίων
1209 1115 1374 1150 ἀλλογενεῖς,
1396 1116 1466 1152 πόση
1483 1117 1511 1143 δὲ
1528 1117 1556 1144 ἐν
1581 1117 1682 1152 ἀμφοῖν
1705 1116 1789 1149 ἐξεώς
1802 1125 1833 1143 τε

1044 1160 1091 1186 καὶ
1106 1160 1215 1195 τρόπων
1232 1161 1328 1196 ὁρᾶται
1344 1162 1470 1197 διαφορά.
1494 1160 1549 1188 Ἦν
1571 1163 1625 1198 γὰρ
1641 1162 1727 1195 οὕτως
1746 1164 1832 1198 ἡμᾶς.

1044 1204 1091 1230 καὶ
1105 1204 1155 1239 οὐχ
1166 1204 1266 1240 ἑτέρως
1280 1205 1409 1240 ἐκμαθεῖν
1420 1226 1427 1239 ,
1441 1206 1482 1233 ὅτι
1492 1206 1574 1242 ψήφῳ
1588 1207 1679 1243 δικαίᾳ
1697 1207 1743 1234 τοῦ
1761 1207 1833 1234 πάν-

1043 1256 1097 1274 των
1129 1249 1290 1283 κρατοῦντος
1321 1250 1408 1284 Θεοῦ,
1435 1251 1482 1278 καὶ
1513 1251 1658 1288 ἀνθρώπου
1685 1253 1834 1288 πρόσωπον

1043 1294 1094 1320 οὐκ
1105 1294 1208 1326 εἰδότος
1220 1295 1322 1328 λαϐεῖν,
1340 1297 1489 1324 ἀποπίπτει
1505 1298 1554 1333 μὲν
1570 1298 1682 1330 εἰκότως
1693 1299 1742 1334 τῆς
1756 1299 1834 1326 ὲλπε-

1043 1339 1085 1371 δος
1095 1340 1110 1366 ὁ
1129 1340 1246 1376 Ἰσραὴλ,
1261 1341 1502 1378 ἀντεισφέρεταιδὲ
1519 1343 1573 1371 τῶν
1587 1343 1672 1372 ἐθνῶν
1687 1344 1832 1382 ἠπληθύς.

1042 1386 1167 1414 Χαλεπὸν
1182 1388 1210 1414 δὲ
1226 1388 1300 1415 οὐδὲν
1318 1390 1350 1425 τῇ
1372 1390 1426 1417 τῶν
1445 1390 1600 1425 κεφαλαίων
1617 1392 1833 1428 ἀντιπαραθέσει

1044 1432 1261 1466 προσ6λέποντας
1275 1434 1324 1469 τὴν
1341 1435 1386 1461 ἐπὶ
1401 1436 1456 1466 τοῖς
1467 1435 1622 1470 λεγομένοις
1634 1437 1769 1463 ποιεῖσθαι
1788 1437 1834 1472 βά-

1045 1485 1133 1505 σανον.
1149 1478 1252 1511 Ἐδειξε
1264 1480 1353 1507 τοίνυν
1364 1480 1443 1507 αὑτὸν
1455 1480 1496 1507 ἐνὶ
1506 1481 1554 1516 μὲν
1565 1481 1668 1516 σημείῳ
1680 1481 1728 1516 τὴν
1739 1482 1834 1517 Σαμα-

1045 1523 1141 1558 ρειτῶν
1155 1524 1332 1552 ἀνασώσαντα
1352 1526 1429 1553 πόλιν
1439 1547 1446 1558 ,
1461 1526 1500 1553 ἑνὶ
1514 1525 1543 1552 δὲ
1555 1527 1686 1558 ὡσαύτως
1698 1527 1743 1554 τὸν
1757 1527 1833 1562 βασι-

1043 1568 1129 1603 λικὺν,
1141 1570 1189 1597 καὶ
1201 1571 1235 1597 δι’
1246 1572 1350 1598 ἐκείνου
1361 1573 1425 1604 τοὺς
1440 1573 1469 1599 ὲν
1481 1573 1550 1608 αὐτῇ
1565 1573 1672 1604 πάντως
1687 1573 1773 1608 δήπου
1785 1573 1834 1600 καὶ

1043 1613 1103 1640 λίαν
1118 1615 1289 1651 ὼφεληκότα.
1300 1617 1541 1654 Ἐπιμαρτυρήσας
1554 1619 1583 1645 δὲ
1593 1618 1637 1645 διὰ
1647 1619 1749 1645 τούτων
1763 1619 1832 1647 πολύ

1042 1661 1072 1687 τὸ
1087 1662 1231 1697 πρόχειρον
1248 1664 1305 1694 τοῖς
1325 1663 1494 1698 ἀλλογενέσιν
1512 1665 1551 1696 είς
1566 1664 1736 1696 εὐπείθειαν,
1764 1667 1832 1692 ἀνα-

1043 1706 1122 1741 φέρει
1155 1707 1235 1733 πάλιν
1258 1708 1297 1740 είς
1331 1709 1506 1744 Ἰεροσόλυμα
1535 1710 1581 1736 τὸν
1611 1709 1830 1746 θαυματουργὺν,

1043 1752 1159 1788 πρᾶγμα
1172 1753 1200 1779 δὲ
1216 1753 1366 1789 θεοπρεπὲς
1380 1755 1554 1782 ἐπιτελοῦντα
1569 1755 1695 1783 δεικνύει.
1714 1756 1832 1783 Παλαισ-

1042 1797 1125 1832 τάτης
1142 1798 1195 1834 γὰρ
1211 1799 1371 1834 παραδόξως
1390 1800 1529 1835 ἐλευθεροῖ
1544 1801 1589 1827 τὸν
1609 1801 1766 1837 παραλύτην
1786 1802 1831 1828 νό-

1043 1850 1101 1874 σου,
1113 1843 1207 1879 ὥσπερ
1221 1843 1267 1871 οὖν
1277 1845 1373 1880 ἀμέλει
1388 1845 1554 1874 θανατοῦντα
1566 1847 1613 1874 τοῦ
1629 1847 1767 1882 βασιλικοῦ
1784 1847 1830 1874 τὸν

1042 1887 1116 1914 Υίὸν.
1137 1888 1205 1914 Ἀλλ’
1222 1890 1236 1915 ὁ
1253 1890 1301 1925 μὲν
1315 1891 1457 1918 ἐπίστευσε
1472 1893 1600 1925 πανοικὶ,
1615 1893 1662 1919 καὶ
1674 1893 1740 1919 Θεὸν
1756 1893 1830 1927 ὡμο-

1041 1933 1115 1967 λόγει
1130 1934 1176 1961 τὸν
1188 1935 1303 1970 Ἰησοῦν·
1323 1937 1348 1963 οἱ
1361 1937 1398 1968 δὲ,
1411 1937 1650 1973 καταπλήττεσθαι
1661 1938 1730 1970 δέον,
1739 1938 1829 1973 φονῶ-

1043 1989 1085 2015 ᾳιν
1097 1981 1176 2012 εὐθὺς
1187 2001 1194 2014 ,
1216 1982 1264 2008 καὶ
1275 1981 1403 2009 διώκουσι
1413 1982 1549 2014 δυσσεόῶς
1568 1983 1605 2014 ὡς
1620 1983 1830 2019 παρανομοῦντα

1041 2025 1087 2051 τὸν
1097 2025 1254 2060 εὐεργέτην,
1264 2027 1342 2053 αὐτοὶ
1353 2027 1413 2054 καθ’
1425 2027 1530 2054 ἑαυτῶν
1543 2028 1593 2063 τὴν
1603 2028 1648 2054 ὲπί
1659 2030 1713 2059 τοῖς
1724 2028 1829 2063 αἰσχίο-

1043 2078 1085 2096 σιν
1102 2070 1238 2106 ὁρίζοντες
1256 2072 1359 2106 ψῆφον,
1384 2073 1416 2099 δι’
1432 2070 1470 2100 ὧν
1492 2073 1542 2109 τῆς
1560 2074 1588 2100 ἐν
1605 2075 1660 2106 τοῖς
1674 2074 1828 2108 ἀλλογενέσι

1043 2114 1184 2146 συνέσεως,
1194 2116 1241 2142 καὶ
1256 2116 1306 2151 τῆς
1321 2117 1360 2148 είς
1376 2117 1494 2153 Χριστὸν
1511 2118 1653 2150 εὐλαϐείας
1674 2119 1761 2145 ὀπίσω
1777 2127 1826 2145 πε-

1043 2160 1134 2192 σόντες
1153 2161 1318 2189 ἁλίσκονται.
1338 2163 1393 2190 Καὶ
1410 2163 1488 2191 τοῦτο
1497 2162 1531 2200 ἦν
1546 2165 1601 2201 ἄρα
1615 2165 1646 2192 τὺ
1658 2166 1721 2200 περὶ
1737 2164 1827 2192 αὐτῶν

1042 2206 1071 2233 ὲν
1086 2206 1210 2242 Ψαλμοῖς
1225 2208 1368 2243 εἰρημένον
1378 2229 1384 2241 ,
1399 2209 1437 2241 ὼς
1449 2210 1517 2245 πρὸς
1530 2211 1576 2237 τὸν
1588 2210 1690 2246 Κύριον
1707 2209 1825 2246 Ἰησοῦν

204 2255 265 2274 num
284 2252 391 2282 patrum
420 2246 566 2274 constituti
591 2250 666 2278 sunt,
689 2246 779 2274 ultimi
795 2253 823 2275 et
848 2252 910 2283 post
925 2257 991 2284 gen-

1045 2261 1054 2277 ι
1066 2251 1126 2278 ’Ότι
1142 2252 1235 2288 θήσεις
1256 2254 1354 2286 αὐτοὺς
1373 2254 1466 2283 νῶτον,
1486 2265 1496 2281 ›
1511 2256 1543 2282 Οἱ
1560 2256 1614 2291 γὰρ
1626 2255 1728 2291 πρῶτοι
1743 2264 1827 2283 κατα-

203 2294 271 2320 tiunt
285 2292 458 2319 vocationem
483 2291 596 2318 venient
615 2299 621 2318 :
641 2301 651 2317 ι
675 2291 743 2319 Cum
759 2293 832 2320 enim
847 2294 989 2329 plenitudo

203 2339 325 2375 gentium
361 2338 521 2369 intraverit,
551 2341 616 2364 tunc
651 2339 742 2366 omnis
779 2338 865 2367 Israel
896 2342 988 2370 salvus

204 2388 250 2414 liet
269 2387 302 2412 ¹¹.
324 2395 334 2411 ι
365 2385 443 2412 llunc
469 2384 550 2412 nobis
585 2385 847 2419 contemplationum
874 2395 987 2423 scopum

204 2432 275 2467 parit
291 2431 444 2459 concinnus
463 2430 508 2457 ille
526 2429 646 2464 capitum
662 2430 731 2457 ordo
747 2438 780 2458 ac
803 2439 957 2462 consensus
978 2444 984 2462 :

203 2477 342 2512 sigillalitn
370 2483 435 2504 vero
460 2475 659 2502 versiculorum
687 2477 851 2505 sententiam
884 2486 985 2515 expen-

202 2523 312 2550 demus.

237 2612 271 2646 V,
284 2613 310 2645 5,
323 2612 349 2640 6.
371 2612 438 2638 Erat
457 2617 543 2640 autent
563 2613 671 2648 quidam
692 2615 768 2643 homo
785 2616 820 2642 ibi
840 2617 949 2652 triginta
960 2624 985 2646 et

202 2664 260 2685 octo
275 2666 356 2684 annos
376 2657 472 2684 habens
492 2659 518 2684 in
537 2659 692 2692 infirmitate
705 2669 766 2688 sua.
780 2661 858 2689 llum:
876 2672 936 2690 cum
950 2665 984 2691 vi-

201 2703 284 2730 ιίίδδαι
298 2702 375 2730 Jesus
392 2703 534 2737 jacentem.
546 2709 570 2732 et
591 2713 650 2732 cum
670 2708 832 2741 cognovisset
847 2709 909 2742 quia
924 2709 982 2744 jam

201 2748 312 2774 multant
329 2752 427 2781 tempus
447 2748 561 2776 haberet.

235 2794 396 2828 Azymorum
427 2793 495 2821 festo
520 2801 534 2820 a
563 2793 665 2822 Judmis
693 2796 841 2828 celebrato,
870 2798 896 2825 in
926 2806 981 2833 quo

234 2881 255 2897 ¹¹
281 2881 351 2910 prlii.
371 2891 414 2911 xx.
433 2883 470 2909 13.
511 2881 532 2896 ‘“
547 2881 623 2909 Rom.
643 2890 680 2914 xl,
699 2883 743 2915 ~25},
762 2884 806 2910 26.

1040 2298 1200 2333 τεταγμένοι
1219 2299 1264 2326 διὰ
1276 2300 1324 2336 τὴν
1338 2300 1392 2327 τῶν
1409 2300 1534 2336 πατέρων
1549 2301 1686 2337 ὲπιλογὴν,
1706 2300 1824 2336 ὕστεροι,

1039 2345 1087 2370 καὶ
1108 2345 1223 2372 κατόπιν
1246 2345 1296 2381 τῆς
1323 2347 1378 2373 τῶν
1402 2347 1485 2373 ἐθνῶν
1504 2347 1656 2382 βαδιοῦνται
1682 2347 1823 2383 κλήσεως·

1041 2391 1140 2417 «Ὅταν
1153 2391 1206 2427 γὰρ
1217 2392 1247 2418 τὸ
1259 2392 1394 2428 πλήρωμα
1405 2393 1457 2419 τῶν
1468 2393 1553 2420 ἐθνῶν
1565 2393 1682 2430 εἰσέλθῃ,
1697 2394 1757 2420 τότε
1771 2394 1825 2424 πᾶς

1044 2435 1150 2471 Ἰσραὴλ
1167 2437 1330 2472 σωθήσεται·
1350 2447 1359 2463 ›
1374 2438 1468 2465 τοῦτον
1488 2438 1554 2474 ἡμῖν
1571 2438 1624 2465 τῶν
1637 2438 1825 2473 θεωρημάτων

1038 2481 1126 2508 ὡδίνει
1143 2482 1188 2509 τὸν
1206 2482 1305 2509 σκοπὸν
1326 2485 1374 2518 τῆς
1397 2484 1450 2510 τῶν
1469 2484 1624 2518 κεφαλαίων
1648 2483 1784 2519 συνθήκης
1806 2484 1823 2518 ή

1041 2527 1176 2563 εὔρυθμος
1190 2528 1280 2561 τάξις·
1302 2529 1471 2565 ποιησόμεθα
1483 2530 1512 2556 δὲ
1529 2530 1600 2557 κατὰ
1616 2530 1698 2566 μέρος
1712 2531 1760 2557 καὶ
1775 2530 1824 2565 τῆς

1039 2573 1068 2600 ὲν
1079 2575 1136 2605 τοῖς
1146 2574 1246 2609 στίχοις
1257 2575 1376 2607 διανοίας
1388 2575 1487 2610 ἀκριϐῆ
1500 2575 1548 2610 τὴν
1558 2575 1680 2610 ζήτησιν.

1073 2617 1129 2646 Ἦν
1140 2619 1174 2646 δέ
1197 2628 1243 2653 τις
1256 2620 1409 2654 ἄνθρωπος
1427 2621 1492 2647 ἐκεῖ
1506 2621 1662 2654 τριάκοντα
1676 2620 1725 2647 καὶ
1747 2620 1823 2647 ὀκτὼ

1036 2665 1087 2698 ἐτη
1104 2664 1182 2699 ἔχων
1197 2665 1232 2692 ἐν
1255 2665 1292 2699 τῇ
1308 2666 1449 2699 ἀσθενείᾳ
1471 2666 1573 2693 αὐτοῦ.
1599 2666 1708 2693 Τοῦτον
1721 2665 1793 2692 ιὸὼν
1805 2667 1822 2693 ὁ

1042 2710 1158 2744 Ἰησοῦς
1171 2711 1401 2746 κατακείμενον,
1422 2712 1470 2738 καί
1483 2711 1574 2747 γνοὺς
1589 2711 1633 2738 ὅτι
1648 2711 1748 2738 πολὺν
1760 2710 1821 2746 ἤδη

1035 2756 1146 2790 χρόνον
1160 2755 1231 2789 ἔχει.

1070 2800 1124 2836 Τὴν
1145 2801 1190 2828 ἐπὶ
1212 2802 1267 2833 τοῖς
1287 2801 1402 2838 ἀζύμοις
1416 2802 1510 2838 ἑορτὴν
1531 2801 1744 2828 ἐπιτελεσάντων
1766 2802 1820 2828 τῶν
