2026 3123
221 142 271 170 £31

728 141 759 169 IN
771 140 913 170 JOANNIS
939 139 1163 168 EVANGELICM
1190 139 1252 168 LIB.
1279 139 1308 168 ιι.
1689 115 1692 118 ’
1788 134 1840 161 res

225 197 376 232 Ἰουδαίων,
398 199 425 224 ἐν
480 199 527 225 καὶ
546 198 576 224 τὸ
600 198 736 234 πρόϐατον
750 198 935 233 ἀποσφάττειν
949 197 1008 228 ἔθος

1062 197 1144 223 moris
1168 201 1227 223 erat
1255 196 1326 232 apud
1350 203 1398 223 eos
1425 195 1535 223 Pascha:
1563 193 1692 221 nimirum
1719 196 1842 228 tempore

220 245 322 277 αὐτοῖς,
338 245 410 272 κατά
422 245 466 271 τὸν
479 245 525 271 τοῦ
537 245 632 280 Πάσχα
642 244 762 279 δηλονότι
779 243 884 279 καιρὸν,
895 242 1007 278 ἀπαίρει

221 290 269 326 μὲν
282 290 331 325 τῆς
355 291 546 326 Ἰερουσαλὴμ,
568 291 750 326 Σαμαρείταις
780 291 808 317 δὲ
827 291 875 317 καὶ
896 290 1007 324 ἀλλογε-

220 337 294 363 νέτιν
309 337 324 363 ὁ
343 337 460 372 Χριστος
478 337 654 373 ἐπιμίσγεται
665 358 671 370 ,
691 337 737 364 καὶ.
752 332 874 364 διδάσκει
884 337 948 372 παρ’
961 337 1008 363 αὐ-

219 383 287 414 τοῖς,
302 383 349 409 ἐπὶ
361 384 422 414 ταῖς
437 383 490 409 τῶν
505 383 657 419 Φαρισαίων
672 383 846 419 δυστροπίαις
858 382 1009 417 λελυπημέ-

221 435 274 458 νος.
303 427 506 463 ’Υπονοστήσας
528 428 555 454 δὲ
581 427 657 463 μόλις
678 428 749 454 κατὰ
775 428 820 454 τὸν
845 428 939 463 καιρὸν
959 427 1008 463 τῆς

221 470 304 504 ἁγίας
315 472 513 507 Πεντηκοστῆς,
532 471 601 506 αῦτη
615 471 670 507 γὰρ
682 470 715 508 ἦν
727 471 835 507 ἑφεξῆς,
853 473 900 498 καὶ
911 471 1008 506 γείτων

220 516 250 541 ὲν
274 517 330 546 τοῖς
358 516 553 551 Ἰεροσολύμοις
579 518 596 552 ἡ
624 517 789 552 πανήγυρις,
815 517 860 544 ἐπὶ
884 518 939 549 τοῖς
958 517 1009 552 τῆς

221 560 413 596 κολυμῦήθρας
431 561 508 588 ὕδασι
532 561 637 595 ὑγιάζει
655 562 700 588 τὸν
715 561 884 597 παράλυτον,
905 563 1008 598 μακρὸν

224 605 274 639 μὲν
297 607 326 632 ὲν
344 605 484 642 ἀρρωστίᾳ
499 607 690 642 δαπανήσαντα
713 607 808 642 χρόνον
837 605 886 642 (ἦν
899 608 953 643 γὰρ
976 607 1007 643 δὴ

223 651 270 676 καὶ
282 650 374 685 ὃγδοον
388 651 448 683 ἔτος
460 652 505 679 ἐπὶ
521 652 672 688 τριακοστῷ
684 653 704 687 ),
716 652 784 688 πλὴν
797 652 872 679 οὖπω
881 653 949 688 πρὸς
962 653 1008 679 τὸν

223 697 256 722 ὲκ
272 696 354 731 νόμου
375 697 476 723 τέλειον
491 697 604 733 ἀριθμὸν
624 697 811 733 ἁναϐεϐηκότα
821 718 828 730 ,
856 698 926 733 φημὶ
939 698 966 724 δὲ
976 698 1008 734 δὴ

223 741 268 767 τὸν
280 742 312 768 ὲκ
326 741 393 769 δέκα
408 743 544 778 τετράκις,
557 743 616 778 ἤτοι
627 744 851 778 τεσσαρακοστόν.
864 744 893 770 '0
905 744 953 779 μὲν
963 741 1008 771 οὖν

223 786 273 821 τῆς
286 787 404 822 ἱστορίας
419 788 483 823 ἡμῖν
496 788 525 814 ὲν
536 789 640 820 τούτοις
652 788 798 815 καταλύσει
809 789 896 823 λόγος.
918 789 1009 815 Μετα-

224 832 386 860 σκευαστέον
399 833 427 859 δὲ
435 833 516 860 πάλιν
527 834 566 865 εἰς
575 833 692 869 θεωρίαν
705 834 891 870 πνευματικὴν
901 834 946 861 τὸν
956 834 1009 861 ἀπὸ

1059 249 1159 276 agnum
1184 241 1266 268 etiam
1291 241 1426 273 cecidere,
1442 240 1559 268 discedit
1583 239 1691 274 quidem
1715 238 1842 266 llieroso~

1059 286 1151 322 lymis,
1169 290 1196 313 et
1213 293 1274 313 cum
1294 285 1475 314 Samaritanis
1490 290 1517 313 et
1535 286 1697 321 alienigenis
1714 285 1842 313 Christus

1059 337 1195 366 versatur,
1220 333 1356 366 docetque
1381 333 1453 367 apud
1476 341 1535 365 eos,
1555 333 1757 362 Pliztrismortini
1783 341 1843 368 per-

1060 379 1190 406 versitate
1224 378 1357 406 olTensus.
1384 378 1504 405 Tandem
1535 387 1600 406 vero
1630 379 1704 406 circa
1737 382 1843 413 tempus

1060 429 1165 452 sancta:
1191 424 1368 452 Pentecostes
1397 432 1540 455 reversus.
1568 425 1618 452 hoc
1643 426 1715 452 enim
1743 424 1841 452 festum

1060 469 1260 506 Hierosolymis
1280 476 1342 506 post
1366 470 1434 498 illud
1451 470 1574 504 proxime
1592 471 1792 499 celebrabatur.
1811 470 1842 496 ad

1060 522 1146 550 aquas
1167 516 1280 550 piscinae
1304 515 1483 551 paralyticum
1507 519 1598 548 sanat,
1612 515 1657 549 qui
1682 515 1763 549 longo
1788 515 1843 549 jam

1059 564 1184 595 tempore
1203 561 1230 588 in
1249 561 1410 599 inﬁrmitate
1427 559 1599 587 detinebatur
1616 559 1758 593 (agebatur
1772 558 1844 584 cnim

1060 610 1173 634 octavus
1205 613 1294 634 annus
1331 612 1414 640 supra
1445 604 1639 640 trigesimum),
1659 607 1844 631 verumtamen

1060 652 1181 679 nondum
1202 652 1236 679 ad
1263 659 1406 679 numerum
1433 659 1465 679 ex
1489 651 1547 685 lege
1568 649 1719 685 perfectura
1749 657 1845 683 perve—

1060 702 1148 731 nerat,
1163 698 1293 724 nimirum
1310 698 1357 732 qui
1376 701 1472 732 quater
1486 697 1578 724 decies
1599 699 1772 728 muneratur,
1789 694 1846 721 sive

1059 742 1314 777 quadragesimum.
1346 742 1433 777 Igitur
1466 742 1590 769 historice
1628 741 1737 775 quidem
1776 740 1846 766 ratio

1060 788 1204 816 hactenus.
1222 788 1444 816 Transl'erendus
1461 791 1509 815 ‘est
1538 791 1628 814 autem
1654 787 1692 813 rei
1715 791 1795 821 typus
1812 786 1845 812 ad

1060 834 1211 869 spiritalem
1227 834 1499 868 contemplationem.
1510 832 1605 861 Jesum
1621 833 1693 860 enim
1711 831 1846 859 otIcnsum

222 878 269 904 τοῦ
285 878 446 913 πράγματος
462 879 555 906 τύπον.
574 879 610 906 Τὸ
629 879 678 914 μὲν
697 879 751 915 γὰρ
766 880 814 914 τῆς
833 880 1010 916 Ἰερουσαλὴμ

1062 879 1204 907 discedere
1229 879 1429 915 Hierosolymis
1451 883 1513 913 post
1535 878 1597 914 agni
1626 878 1801 909 occisionem,
1820 882 1848 904 et

222 923 408 961 λελυπημένον
422 925 622 951 ἀπανίστασθαι
635 926 681 952 τὸν
696 926 800 960 Ἰησοῦν
818 926 887 961 μετὰ
898 926 947 962 τὴν
961 926 1008 953 τοῦ

222 969 359 1005 προϐάτου
379 971 500 1005 σφαγήν·
527 970 710 1006 Σαμαρείταις
728 971 773 1001 δὲ.
797 972 844 998 καὶ
860 971 1009 1003 Γαλιλαίοις

222 1015 365 1050 ὲπιφοιτᾷν
377 1037 383 1047 ,
400 1015 447 1042 καὶ
460 1016 506 1042 τὸν
520 1016 652 1051 σωτήριον
670 1016 785 1048 ἐκείνοις
805 1017 949 1052 κηρύττειν
964 1017 1009 1044 λό-

221 1068 281 1095 γον,
299 1060 324 1087 τί
337 1060 370 1088 ἂν
384 1060 504 1096 βούλοιτο
519 1062 661 1096 σημαίνειν
680 1061 727 1088 ἓτε
734 1071 788 1097 ρον,
802 1062 819 1097 ἢ
835 1063 883 1098 τὴν
895 1063 1010 1098 γενομέ-

221 1114 272 1141 νην
291 1106 323 1133 ὲκ
343 1106 397 1133 τῶν
417 1106 550 1133 Ἰουδαίων
560 1107 732 1143 ἀναχώρησιν
749 1107 831 1134 αὐτοῦ
845 1128 851 1139 ,
878 1107 947 1143 μετὰ
961 1110 1010 1143 τὴν

221 1153 253 1178 ἐν
265 1152 320 1184 τοῖς
340 1152 536 1187 Ἰεροσολύμοις
559 1153 605 1179 ἐπὶ
622 1153 660 1187 τῷ
674 1153 755 1189 τιμίῳ
772 1153 881 1189 σταυρῷ
904 1154 1010 1189 σφαγήν

221 1206 253 1224 τε
264 1198 310 1224 καὶ
325 1197 448 1231 θάνατον,
463 1199 506 1225 ὅτε
522 1198 553 1233 δὴ
564 1199 611 1225 καὶ
622 1201 680 1231 τοῖς
691 1200 720 1232 ἐξ
735 1199 818 1226 ἐθνῶν
829 1208 858 1226 τε
873 1200 920 1226 καὶ
933 1199 1010 1226 ἀλλος

220 1243 330 1278 γενέσιν
351 1244 505 1279 ἐχαρίζετο,
528 1244 672 1279 δηλοῦσθαι
698 1245 816 1272 κελεύων
838 1246 893 1277 τοῖς
915 1245 1010 1271 ἑαυτοῦ

223 1288 359 1323 μαθηταῖς
376 1289 445 1324 μετὰ
465 1289 514 1325 τὴν
531 1289 562 1316 ὲκ
578 1290 682 1325 νεκρῶν
696 1290 856 1323 ἀναϐίωσιν,
881 1290 922 1317 ὅτι
946 1299 1013 1327 προ-

222 1333 286 1369 άγει
300 1334 404 1367 πάντας
418 1335 457 1367 είς
472 1336 522 1370 τὴν
536 1336 690 1363 Γαλιλαίαν.
715 1337 752 1364 Τὸ
766 1336 794 1364 δὲ
812 1337 859 1364 ἐπὶ
871 1337 944 1364 τέλει
957 1337 1013 1365 τῶν

222 1380 376 1416 ἑϐδομάδων
396 1381 446 1416 τῆς
461 1382 540 1414 ἁγίας
558 1383 747 1418 Πεντηκοστῆς
763 1383 952 1419 παλινδρομεῖν
965 1383 1013 1410 αὺ-

222 1426 271 1453 τὸν
288 1426 329 1459 εἰς
345 1427 526 1464 Ἰεροσόλυμα,
544 1429 669 1464 καθάπερ
679 1429 708 1455 ἑν
721 1429 815 1461 τύποις
832 1429 878 1456 καὶ
891 1429 1014 1464 αἰνίγμα-

221 1480 269 1499 σιν
280 1472 423 1507 ὑποφαίνει
439 1474 520 1500 πάλιν
534 1474 583 1509 τὴν
595 1474 727 1509 ἐσομένην
743 1475 781 1506 είς
803 1474 946 1507 Ἰουδαίους
964 1474 1014 1510 τῆς

223 1517 273 1544 τοῦ
289 1519 414 1554 Σωτῆρος
427 1519 505 1554 ἡμῶν
520 1520 553 1546 ἐκ
573 1519 778 1554 φιλανθρωπίας
798 1519 971 1554 ὑποστροφὴν
985 1519 1014 1546 ὲν

224 1562 350 1598 ἐσχάτοις
361 1563 408 1591 τοῦ
421 1565 553 1600 παρόντος
570 1565 667 1596 αἰῶνος
683 1566 799 1601 καιροῖς,
816 1564 876 1592 καθ’
891 1564 975 1600 ὅνπερ
987 1564 1014 1592 οἱ

223 1606 270 1635 διὰ
282 1607 333 1643 τῆς
348 1609 390 1640 είς
405 1609 484 1636 αὐτὸν
501 1609 721 1644 ἀνασεσωσμένοι
746 1609 863 1642 πίστεως
873 1629 881 1642 ,
906 1609 954 1642 τὰς
967 1610 1014 1637 ὲπὶ

223 1652 265 1689 τῷ
281 1655 405 1690 σωτηρίῳ
428 1655 508 1682 πάθει
525 1655 695 1691 πανσέμνους
715 1656 890 1692 ἐπιτελοῦμεν
904 1656 1011 1692 ἑορτάς.

225 1699 264 1727 Τὸ
277 1700 306 1727 δὲ
322 1701 519 1736 θεραπεύεσθαι
538 1701 583 1728 τὸν
599 1701 753 1736 παράλυτον
776 1701 830 1737 πρὸ
852 1701 947 1738 καιροῦ
961 1701 1011 1729 τοῦ

224 1745 298 1772 κατὰ
319 1746 401 1781 νόμον
419 1747 536 1780 τελείου,
558 1747 685 1782 σημαίνει
707 1747 787 1774 πάλιν
808 1747 846 1779 ὡς
862 1747 907 1774 διὰ
924 1748 1010 1775 τύπου

224 1791 273 1818 τοῦ
299 1792 521 1828 συμβεϐηκότος,
550 1793 591 1820 ὃτι
611 1793 747 1824 δυσσεϐῶς
771 1793 975 1828 ἐμπαροινήσας
998 1794 1012 1820 ὁ

231 1836 340 1872 Ἰσραὴλ
355 1837 393 1873 τῷ
404 1838 513 1874 Χριστῷ
526 1839 668 1874 ἀσθενήσει
683 1838 732 1873 μὲν
744 1858 751 1870 ,
767 1838 813 1864 καὶ
825 1839 1013 1874 παραλυθήσε-

223 1891 289 1915 ται,
312 1884 359 1910 καὶ
377 1885 499 1920 μακροὺς
512 1885 541 1912 ὲν
557 1886 640 1921 ἀργίᾳ
656 1885 817 1920 κατατρίψει
829 1886 956 1921 χρόνους,
981 1886 1011 1912 οὐ

225 1929 282 1964 μὴν
305 1930 344 1962 είς
367 1930 471 1957 τελείαν
492 1932 631 1967 οἰχήσεται
647 1932 772 1963 κόλασιν⁷
800 1931 858 1959 ἀλλ’
880 1932 955 1959 ἔσται
972 1941 1014 1963 τις

225 1975 298 2011 αὐτῷ
314 1977 389 2012 παρὰ
401 1978 447 2003 τοῦ
462 1978 587 2014 Σωτῆρος
596 1980 742 2014 ὲπισκοπῆ,
754 1979 800 2006 καὶ
815 1980 1012 2015 ὑγιασθήσεται

223 2021 272 2048 καὶ
288 2022 368 2054 αὐτὸς
391 2022 437 2049 ἐπὶ
459 2024 491 2058 τῇ
515 2023 692 2060 κολυμϐήθρᾳ
714 2024 748 2050 δι’
765 2024 887 2059 ὑπακοῆς
908 2024 953 2050 καὶ
969 2024 1012 2051 πία

1061 933 1122 952 cum
1140 925 1324 954 Samaritanis
1339 930 1366 953 et
1380 925 1499 953 Galilmis
1512 926 1628 957 versari,
1646 925 1847 960 salutaremun

1061 971 1215 999 doctrinam
1241 971 1281 999 eis
1308 971 1469 1006 praedicare.
1496 970 1561 1006 quid
1591 970 1665 997 aliud
1694 970 1746 998 sibi
1771 971 1846 1001 velit,

1061 1025 1143 1052 quam
1163 1024 1224 1044 eum
1242 1017 1392 1045 recessisse
1407 1025 1421 1044 a
1437 1016 1538 1045 Judmis
1554 1022 1699 1051 postquam
1722 1017 1748 1043 in
1765 1024 1848 1043 crure

1062 1063 1222 1090 immolatus
1236 1067 1278 1090 est
1292 1070 1324 1090 ac
1336 1067 1471 1094 mortuus,
1484 1063 1593 1098 quando
1608 1062 1736 1088 nimirum
1756 1061 1846 1096 genti—

1062 1109 1134 1136 libus
1152 1113 1179 1136 et
1206 1109 1368 1144 alienigenis
1392 1110 1506 1144 gratiam
1528 1109 1643 1144 largitus
1672 1111 1725 1140 est,
1747 1107 1847 1142 jubens

1063 1154 1197 1182 declarari
1213 1155 1273 1182 suis
1287 1155 1433 1190 discipulis
1455 1163 1484 1182 se
1503 1159 1564 1190 post
1581 1154 1811 1181 I'CSurreetionem
1832 1161 1847 1179 a

1063 1200 1188 1228 mortuis-
1207 1208 1407 1236 praecessurum
1431 1208 1526 1229 omnes
1552 1201 1578 1228 in
1598 1199 1754 1228 Galilaeam?
1770 1199 1847 1232 Quod

1064 1250 1155 1274 autem
1173 1247 1226 1275 sub
1239 1247 1319 1274 ﬁnem
1343 1247 1543 1275 hebdomadum
1561 1247 1640 1282 207
1658 1250 1761 1275 sancta:
1776 1246 1848 1273 Pen-

1064 1295 1182 1320 tecostes
1197 1293 1255 1328 ipse
1272 1293 1419 1320 revertitur
1438 1292 1670 1328 Hierosolymam,
1689 1292 1805 1327 ﬁgurate
1822 1295 1849 1318 et

1064 1337 1236 1373 anigmatice
1253 1345 1365 1366 rursum
1387 1338 1523 1373 signiﬁcat
1547 1337 1666 1364 futuram
1684 1338 1771 1365 nostri
1788 1337 1848 1364 Sal-

1065 1384 1168 1412 vatoris
1181 1383 1215 1411 ad
1226 1383 1335 1412 Judzeos
1346 1391 1395 1419 pro
1406 1390 1455 1412 sua
1470 1383 1637 1418 benignitate
1645 1390 1709 1418 erga
1725 1381 1849 1410 homines

1064 1430 1247 1458 reversionem
1267 1430 1370 1457 ultimis
1390 1430 1533 1464 praesentis
1546 1429 1597 1456 αινὶ
1625 1428 1806 1463 temperibus.
1821 1428 1848 1454 in

1065 1483 1120 1512 quo
1139 1484 1190 1505 nos
1205 1476 1302 1503 salvati
1319 1483 1368 1512 per
1383 1476 1461 1504 ﬁdem
1476 1476 1504 1503 in
1520 1476 1622 1510 ipsum,
1639 1475 1770 1503 salutaris
1781 1483 1846 1509 pas-

1065 1521 1153 1549 sionis
1169 1522 1346 1550 sanctissima
1373 1522 1441 1550 testa
1465 1522 1646 1550 celebramus.
1663 1521 1739 1553 Quod
1758 1524 1848 1547 autem

1065 1569 1233 1604 paralyticus
1246 1573 1310 1596 ante
1324 1572 1432 1603 tempus
1444 1576 1476 1595 ex
1489 1568 1546 1603 lege
1561 1567 1710 1602 perlectum
1723 1571 1849 1596 sanatur.

1061 1614 1151 1649 typice
1183 1622 1293 1642 rursum
1326 1614 1454 1642 lsraelem
1484 1613 1623 1649 signiﬁcat
1650 1613 1677 1640 in
1709 1612 1849 1640 Christum

1061 1659 1146 1695 impie
1165 1660 1376 1691 debacchatum,
1397 1661 1424 1687 in
1443 1659 1604 1687 inﬁrmitate
1624 1659 1733 1694 quidem
1753 1659 1848 1686 deten<

1059 1711 1116 1733 tum
1129 1705 1174 1737 iri,
1188 1709 1216 1733 et
1234 1705 1414 1741 paralyticum
1433 1705 1573 1740 multoque
1593 1709 1717 1740 tempore
1732 1705 1849 1732 inertem

1064 1751 1133 1785 fore,
1156 1759 1211 1780 non
1237 1756 1329 1780 tamen
1352 1757 1475 1780 extremo
1507 1751 1645 1787 supplicio
1685 1752 1851 1787 periturum,

1064 1798 1111 1826 sed
1132 1798 1301 1825 Salvatorem
1317 1805 1380 1825 eum
1407 1801 1612 1832 respecturum,
1627 1801 1654 1824 et
1671 1798 1760 1832 ipsum
1779 1804 1849 1832 quo-

1065 1851 1118 1879 que
1143 1844 1277 1871 salvatum
1300 1844 1335 1871 iri
1359 1844 1387 1870 in
1410 1844 1528 1878 piscina,
1548 1851 1596 1878 per
1615 1843 1798 1871 obedientiam
1817 1849 1849 1869 ae

1065 1889 1156 1916 ﬁdem.
1172 1889 1250 1922 Quod
1266 1893 1357 1916 autem
1373 1896 1406 1916 ex
1422 1889 1481 1924 lege
1503 1888 1596 1916 divina
1613 1887 1850 1923 quadragenarius

1065 1942 1199 1962 numerus
1214 1933 1352 1968 perfectus
1365 1934 1410 1966 sit,
1434 1941 1515 1962 nemo
1531 1942 1585 1961 non
1608 1934 1689 1961 facile
1704 1933 1848 1968 intelliget.

1065 1980 1112 2015 qui
1126 1980 1154 2007 in
1172 1980 1289 2008 lectione
1302 1979 1457 2007 divinarum
1473 1979 1678 2015 Scripturarum
1691 1981 1726 2007 sit
1741 1979 1781 2006 vel
1794 1986 1850 2006 mc-

1065 2025 1195 2052 diocriter
1209 2028 1345 2052 versatus.

225 2077 321 2101 στεως.
342 2070 402 2096 Ὅτι
418 2070 446 2096 δὲ
463 2071 564 2102 τέλειος
579 2072 649 2098 κατὰ
668 2072 749 2107 νόμον
762 2072 806 2098 τὸν
819 2071 889 2098 θεῖόν
907 2072 981 2098 ἐστιν
995 2071 1009 2097 ὁ
1027 2073 1230 2107 τεσσαράκοντα
1262 2071 1394 2107 ἀριθμὸς,
1423 2071 1569 2106 οὐδαμόθεν
1586 2069 1618 2097 ἂν
1637 2071 1741 2104 γένοιτο
1774 2070 1852 2105 χαλε-

224 2117 276 2144 πὸν
288 2117 425 2153 ἐκμαθεῖν,
443 2119 499 2150 τοῖς
511 2118 584 2151 ἅπαξ
599 2121 657 2151 ταῖς
671 2119 755 2151 θείαις
764 2120 886 2154 ὁμιλοῦσι
899 2119 1030 2154 Γραφαῖς.

262 2163 348 2197 Λέγει
360 2163 439 2196 αὑτῷ
453 2165 469 2191 ό
490 2164 603 2198 Ἰησοῦς
615 2173 623 2181 ·
639 2165 741 2198 Θέλεις
752 2165 838 2200 ὑγιὴς
854 2165 992 2200 γενέσθαι
1000 2174 1010 2198 ;

1098 2162 1131 2194 ν,
1149 2161 1175 2189 6.
1197 2161 1268 2188 Dicit
1285 2161 1308 2188 ei
1323 2160 1402 2188 Jesus
1422 2168 1431 2187 :
1455 2159 1500 2186 Vis
1513 2167 1591 2186 sonu:
1614 2158 1849 2192 ﬁei'izltespondit

231 2208 383 2242 Ἀπεκρίθη
395 2209 476 2242 αὐτῷ
491 2211 507 2236 ὁ
520 2210 666 2237 ἀσθενῶν.

268 2253 415 2286 Ἀπόδειξις
431 2255 548 2290 ἐναργὴς
563 2256 611 2290 τῆς
630 2257 670 2287 εἰς
682 2256 766 2290 ἄκρον
782 2257 949 2292 ἀγαθότητος
964 2258 1011 2284 τοῦ

224 2300 360 2335 Χριστοῦ,
386 2301 417 2326 τὺ
441 2301 478 2336 μὴ
498 2302 607 2333 πάντως
631 2301 679 2333 τὰς
699 2302 753 2329 ἀπὺ
776 2303 829 2329 τῶν
854 2303 1012 2338 καμνόντων

227 2346 346 2377 ἱκετείας
358 2343 514 2382 ὲκὸἐχεσθαι
524 2369 530 2379 ,
547 2347 657 2382 φθάνειν
667 2348 696 2374 δὲ
711 2347 799 2375 αὐτῶν
815 2350 846 2383 τῇ
865 2348 1012 2383 φιλανθρω-

225 2392 278 2426 πίᾳ
290 2392 338 2426 τὴν
349 2393 463 2427 αἴτησιν.
495 2393 648 2428 Ἐπιτρέχει
663 2393 716 2429 γὰρ
727 2414 735 2425 ,
751 2393 789 2424 ὡς
802 2394 884 2429 ὁρᾷς,
901 2394 939 2429 τῷ
955 2402 1012 2420 κει-

228 2437 319 2472 μένῳ.
344 2438 391 2464 καὶ
404 2439 585 2473 κατοικτείρει
603 2439 649 2465 τὸν
664 2439 802 2473 κάμνοντα
814 2439 1012 2473 παρακλήσεως

225 2482 296 2518 δίχα.
321 2483 358 2509 Τὸ
371 2484 400 2510 δὲ
416 2484 440 2510 εἰ
464 2484 583 2519 βούλοιτο
603 2485 653 2520 τῆς
671 2485 828 2521 ἀρρωστίας
844 2484 1011 2512 ἀπαλλάττε-

225 2529 289 2556 σθαι
303 2529 504 2564 φιλοπευστεῖν,
519 2531 549 2557 οὺ
568 2531 749 2567 διερωτῶντος
765 2530 799 2566 ῆν
815 2531 845 2564 ἐξ
860 2531 970 2565 ἀγνοίας
983 2531 1013 2558 τὸ

226 2575 309 2602 πᾶσιν
324 2576 548 2611 ὁμολογουμένως
562 2577 729 2611 καταφανὲς,
747 2576 805 2603 ἀλλ’
827 2578 866 2608 είς
887 2577 1013 2612 θερμοτέ-

226 2629 277 2655 ραν
299 2620 484 2653 διανιστάντος
509 2622 656 2657 ἐπιθυμίαν
680 2622 727 2648 τοῦ
756 2622 935 2657 πράγματος,
964 2621 1012 2647 καὶ

227 2666 295 2702 πρὸς
313 2667 344 2693 τὸ
368 2666 429 2693 λίαν
445 2667 671 2702 ἐσπουδασμένως
683 2668 768 2694 αἰτεῖν
782 2666 1010 2702 παροτρύνοντος.

226 2711 265 2738 Τὸ
280 2712 308 2738 δὲ
333 2712 358 2738 εί
375 2711 495 2747 βούλοιτο
509 2712 562 2739 τῶν
583 2712 759 2747 ποθουμένων
777 2714 869 2747 τυχεῖν
895 2712 1010 2748 ἐρωτᾷν,

228 2755 347 2791 ἔμφασίν
363 2765 424 2783 τινα
441 2756 488 2783 καὶ
502 2756 580 2791 λόγον
593 2756 682 2784 ὠδίνει
704 2756 752 2783 τοῦ
775 2757 903 2794 δύνασθαι
917 2765 1013 2792 »παρα-

231 2801 314 2835 σχεῖν,
323 2800 443 2837 εὐτρεπῆ
453 2809 482 2827 τε
494 2801 544 2837 ἤδη
558 2802 626 2837 πρὸς
640 2801 720 2828 τοῦτο
730 2801 865 2835 γενέσθαι,
876 2802 960 2837 μόνην
971 2801 1012 2828 ἔτι

231 2847 412 2883 περιμένοντα
423 2847 469 2874 τοῦ
482 2847 530 2883 τὴν
546 2847 625 2883 χάριν
639 2847 816 2884 κομιζομένου
828 2848 878 2883 τὴν
893 2847 1009 2883 αἴτησιν.

1063 2210 1086 2235 ei
1107 2207 1257 2242 languidus.

1101 2253 1275 2280 Manifestum
1302 2255 1494 2286 argumentum
1520 2258 1632 2278 summa:
1649 2250 1751 2278 Christi
1767 2250 1848 2277 boui-

1066 2301 1142 2333 tatis,
1155 2299 1227 2334 quod
1243 2298 1337 2332 utique
1353 2297 1536 2324 laborantium
1556 2304 1651 2330 preces
1677 2304 1731 2323 non
1750 2303 1848 2330 exspe-

1065 2350 1130 2378 ctet,
1147 2346 1196 2374 sed
1227 2345 1387 2381 petitionem
1413 2343 1581 2378 benignitate
1606 2350 1655 2369 sua
1689 2342 1848 2377 praeveniat.

1066 2392 1193 2420 Occurrit
1219 2391 1312 2423 enim,
1339 2396 1369 2418 ut
1392 2389 1481 2421 vides,
1496 2388 1618 2423 jacenti,
1647 2392 1674 2415 et
1703 2388 1850 2415 miseratur

1064 2445 1167 2473 mgrum
1184 2443 1330 2472 antequam
1348 2436 1372 2464 ei
1395 2435 1540 2471 supplicet.
1556 2434 1635 2467 Quod
1657 2438 1747 2460 autem
1764 2433 1850 2461 inter-

1065 2487 1142 2518 rogat
1156 2487 1246 2510 utrum
1267 2483 1332 2510 velit
1347 2481 1505 2509 inﬁrmitate
1519 2480 1641 2512 liberari,
1652 2487 1706 2507 non
1718 2479 1790 2507 istud
1808 2484 1851 2507 est

1067 2527 1221 2562 ignorantis
1237 2527 1262 2554 id
1284 2527 1356 2562 quod
1376 2526 1505 2554 omnibus
1528 2529 1602 2553 certe
1618 2526 1738 2560 patebat,
1751 2525 1797 2553 sed
1816 2526 1850 2552 ad

1065 2573 1254 2600 vehementius
1281 2573 1356 2600 illius
1375 2572 1414 2600 rei
1439 2571 1561 2599 studium
1586 2571 1732 2598 excitantis
1758 2576 1785 2599 et
1816 2571 1850 2598 ad

1067 2618 1241 2653 ﬁagitandam
1262 2618 1406 2646 sanitatem
1423 2617 1590 2653 instigantis.
1603 2616 1680 2649 Quod
1699 2621 1789 2644 autem
1809 2617 1850 2644 in-

1065 2668 1186 2699 terrogat
1209 2667 1301 2691 utrum
1335 2664 1397 2690 velit
1429 2671 1458 2691 re
1485 2667 1578 2698 optata
1607 2662 1670 2695 frui,
1695 2663 1848 2697 emphasim

1068 2711 1214 2746 quamdam
1241 2709 1335 2741 habet,
1353 2716 1406 2744 qua
1433 2709 1569 2744 signiﬁcat
1595 2716 1631 2736 so-
1647 2716 1706 2735 eam
1730 2707 1851 2743 praebere

1066 2764 1158 2792 posse,
1180 2755 1291 2790 jamque
1319 2754 1351 2781 ad
1375 2753 1402 2781 id
1426 2752 1609 2788 praestandum
1637 2757 1759 2787 paratum
1777 2760 1850 2784 esse,

1066 2802 1210 2836 solamque
1227 2800 1386 2835 petitionem
1406 2799 1466 2834 ejus
1481 2799 1528 2833 qui
1549 2798 1666 2834 gratiam
1688 2801 1850 2832 accepturus

1067 2852 1135 2879 erat,
1149 2846 1311 2883 prmstolari.
