2026 3123
231 161 283 191 539

725 165 754 193 8.
775 165 915 195 CYRILLI
929 165 1165 194 ALEXANDRINI
1182 167 1341 194 ARCHIEP.

1811 168 1861 196 540

266 218 299 251 V,
320 220 382 253 7,8.
401 221 531 254 Domine,
551 221 682 249 hominem
705 231 758 250 non
783 223 880 257 habeo,
903 229 933 252 ut
960 233 991 252 cu

1048 234 1057 255 ι
1106 225 1203 259 Κύριε,
1213 225 1369 258 ἄνθρωπον
1384 225 1438 251 οὐκ
1452 224 1511 259 ἔχω
1523 225 1583 258 ἵνα,
1598 226 1670 252 ὅταν
1679 224 1813 259 ταραχθῇ
1828 225 1860 252 τιὸ

230 266 337 293 turbata
354 267 435 301 fuerit
453 276 533 303 aqua,
551 268 641 296 mittat
667 276 708 296 me
730 270 757 297 in
777 271 911 305 piscinam
928 280 937 298 :
957 272 1021 298 dum

227 312 300 339 ratio
321 314 389 340 enim
409 322 471 349 ego,
495 314 565 341 alius
587 319 648 342 ante
671 323 711 343 me
733 315 879 344 descendit.
903 317 974 344 Dicit
996 318 1020 344 ei

226 356 306 384 Iesus
320 365 330 384 :
349 357 444 392 Surge.

261 402 342 430 Circa
358 403 431 431 diem
452 409 554 432 sanctaa
574 402 757 433 ‘Pentecostes
785 407 876 442 angeli
901 408 1018 436 descen-

223 449 321 477 dentes
336 450 370 477 de
383 451 454 478 melo
468 451 580 486 piscina";
595 459 696 487 aquam
708 452 869 487 turbabant,
885 462 916 482 ex
929 463 1017 490 eoque

223 502 322 522 sonum
338 496 458 524 edebant
471 498 498 524 in
516 498 627 532 signum
643 506 700 526 sua;
715 500 879 534 praesentiae.
897 501 930 528 Et
943 509 1015 536 aqua

222 547 254 565 ex
271 541 376 568 sanctis
393 542 542 577 spiritibus
555 543 793 571 sanctifieabatur.
817 545 895 578 Quod
911 546 935 573 si
951 548 1014 581 quis

223 592 253 612 ex
272 588 468 621 aegrotantium
495 589 574 616 turba
591 589 669 624 prius
689 598 771 625 quam
786 592 877 618 caeteri
897 592 1014 620 descen-

222 633 320 664 disset,
333 633 416 669 208
428 634 555 670 deposito
565 635 666 663 infesto
680 637 776 664 morbo
792 644 876 665 sanus
893 638 1010 671 redibat,

222 679 270 706 sed
288 681 443 708 sanationis
469 681 509 708 vis
528 685 556 708 et
578 682 649 709 ratio
664 682 689 710 ei
709 686 815 710 tantum
842 685 1011 718 congruebat

222 725 268 760 qui
294 726 369 760 prior
393 731 572 761 occupasset;
588 727 661 762 quod
687 727 795 763 signant
819 737 929 764 quoque
951 734 1010 757 erat

222 772 318 799 auxilii
338 772 414 800 illius
432 773 526 808 legalis
546 781 596 809 per
615 778 726 801 sanctos
745 775 858 810 angelos
873 776 908 803 ad
926 784 1008 803 unam

219 827 253 846 ac
268 820 353 847 solam
368 819 525 847 Iudaeorum
542 825 651 855 gentem
667 821 842 856 pertinentis,
855 830 891 850 nc
905 823 1007 850 nullam

219 869 353 899 praeterea
368 866 505 894 curantis.
522 866 543 892 Α
560 866 616 893 Dan
629 868 703 894 enim
724 875 810 902 usque
824 868 857 895 ad
871 868 1008 896 Bersabee

1073 271 1163 306 ὕδωρ.
1178 270 1290 305 ἐμϐάλῃ
1306 279 1344 305 με
1353 271 1393 304 εις
1409 270 1465 304 τὴν
1479 271 1690 305 κολυμϐήθραν
1700 279 1706 285 ·
1716 271 1751 296 ἐι·
1767 268 1791 304 ᾧ
1808 271 1860 305 γὰρ

1071 317 1193 351 ἔρχομαι
1211 316 1283 350 ἐγὼ,
1300 316 1395 349 ἄλλος
1409 317 1465 350 πρὸ
1487 317 1560 352 ἐμοῦ
1571 318 1751 344 καταϐαίνει.
1777 317 1858 351 Λέγε(

1070 362 1151 396 αὐτῷ
1161 365 1176 389 ό
1198 363 1312 396 Ἰησοῦς
1325 372 1331 377 -
1345 364 1480 397 Ἔγειραι.

1106 408 1184 436 Κατὰ
1194 409 1243 444 τὴν
1261 409 1368 444 ἡμέραν
1387 410 1436 444 τῆς
1455 409 1534 444 ἁγίας
1553 409 1756 443 ῐῐεντηκοστῆς,
1774 409 1858 442 ἄγγε-

1069 455 1109 481 λοι
1125 453 1342 488 καταφοιτῶντες
1362 454 1392 486 ἐξ
1414 454 1527 489 ούρανοῦ
1549 454 1579 480 τὸ
1600 456 1650 489 τῆς
1665 452 1857 489 κολυμϐήθρας

1067 500 1245 535 ἐξετάραττον
1270 499 1362 534 ὕδωρ,
1395 497 1453 526 εἶτα
1480 500 1525 526 τὸν
1558 499 1682 526 ἐντεῦθεν
1715 499 1857 526 ἐποιοῦντο

1065 546 1169 573 κτύπον
1181 546 1231 581 τῆς
1250 546 1354 572 ἑαυτῶν
1369 546 1529 578 ἐπιστασίας
1548 546 1593 572 τὸν
1609 547 1728 581 κήρυκα.
1757 546 1812 571 K'a‘.
1826 546 1855 571 τὸ

1066 592 1115 626 μὲν
1137 592 1208 627 ὕδωρ
1225 591 1254 624 ὲε
1272 591 1358 625 ἁγίων
1373 591 1536 626 πνευμάτων
1556 591 1685 626 ἡγιάζετο
1697 598 1703 604 ’
1724 592 1750 619 εξ
1766 591 1794 618 δὲ
1813 600 1855 622 τις

1063 638 1132 673 ἔφθη
1154 636 1347 673 προκατελθεῖν
1363 637 1411 672 τῆς
1432 636 1487 663 τῶν
1500 636 1651 663 νοσούντων
1668 636 1806 671 πληθύος,
1823 637 1854 663 τὸ

1063 681 1203 717 συντρξὸον
1226 682 1307 709 αὑτὸν
1329 681 1582 716 άποφορτισάμενος
1608 682 1732 708 ἀνέϐαινε
1755 682 1853 714 πάθος,

1061 729 1100 760 εἰς
1116 729 1164 755 ἕνα
1186 728 1214 755 δὲ
1242 729 1322 763 μόνον
1349 728 1395 755 τὸν
1421 728 1635 763 προαρπάζοντα
1662 729 1854 763 συνεμετρεῖτο

1059 774 1109 809 τῆς
1121 774 1268 810 θεραπείας
1284 775 1300 809 ἡ
1314 773 1436 809 δύναμις.
1454 774 1524 800 Ἀλλ’
1537 771 1571 809 ἦν
1586 774 1722 801 καὶτοῦτο
1738 775 1851 809 σημεῖον

1058 821 1108 856 τῆς
1132 821 1164 848 δι’
1182 821 1305 855 ἀγγέλων
1319 821 1432 857 νομικῆς
1447 821 1579 856 ὡφελείας
1598 821 1640 855 ἐφ’
1660 821 1689 847 ἓν
1708 822 1755 847 καὶ
1772 822 1852 857 μόνον

1057 868 1087 895 τὸ
1109 867 1164 894 τῶν
1186 867 1320 894 Ἰουδαίων
1336 867 1413 901 γένος
1427 868 1618 902 ὲκτεινομὲνης
1628 888 1636 900 ,
1658 867 1751 902 ἕτερον
1766 867 1795 893 δὲ
1809 867 1852 893 ἐπ’

221 910 340 938 Mosaica
367 916 504 946 przecepta
531 912 754 945 praedicabantur
773 914 930 941 ministrata
959 922 992 949 pe

1059 914 1149 945 αὐτοῖς
1160 913 1363 950 θεραπευούσης
1371 913 1476 940 οὐδένα.
1486 914 1552 940 Ἀπὸ
1564 913 1618 948 γὰρ
1628 913 1682 940 Δὰν
1693 914 1742 949 τῆς
1753 913 1852 939 καλου-

219 958 332 993 angelus
357 958 384 984 in
413 962 504 985 monte
519 957 586 985 Sina
605 959 679 986 circa
699 959 759 987 dies
786 965 889 987 sanctae
909 960 1007 987 Pente—

218 1008 310 1032 uestes
333 1004 432 1031 ultimo
455 1005 623 1032 constitutae.
649 1004 768 1040 Ideoque
795 1006 909 1040 piscinae
934 1013 1006 1041 aqua

215 1049 270 1077 alio
290 1054 414 1084 tempore
432 1057 486 1076 non
515 1050 691 1082 turbabatur,
717 1051 876 1086 signiﬁcans
893 1057 1006 1080 sancto-

217 1103 277 1122 rum
303 1095 461 1130 angelorum
478 1095 505 1122 in
528 1103 558 1123 se
572 1096 747 1124 descensum.
764 1096 936 1131 Paralyticus
952 1097 1004 1123 ita-

215 1148 267 1175 que
283 1148 345 1167 cum
361 1149 414 1168 non
431 1141 546 1168 haberet
561 1150 576 1168 a
597 1150 652 1176 quo
667 1143 695 1169 in
711 1149 809 1177 aquam
825 1142 1002 1177 dejiceretur,

214 1191 268 1213 tam
283 1187 408 1214 morbum
419 1195 500 1222 quam
515 1188 637 1222 inopiam
653 1196 731 1216 suam
745 1188 872 1220 deﬂebat,
886 1188 1000 1217 dicens:

215 1241 225 1257 ι
248 1232 394 1261 Hominem
410 1242 466 1261 non
483 1234 582 1267 habeo,
595 1236 642 1270 qui
655 1243 698 1262 me
714 1235 844 1262 nimirum
858 1235 886 1262 in
901 1242 1002 1269 aquam

213 1279 349 1307 demittat.
373 1290 382 1306 ι
401 1280 584 1316 Exspectabat
605 1282 678 1310 enim
694 1282 748 1310 sibi
766 1281 801 1309 ab
818 1281 882 1308 Jesu
906 1281 1002 1308 datum

213 1325 247 1352 iri
264 1327 421 1354 con5ilium.

1060 960 1159 996 μένης,
1183 960 1230 986 καὶ
1247 960 1298 991 ἕως
1313 959 1453 996 Βηρσαῦεὲ
1472 960 1507 986 τὰ
1529 959 1572 986 διὰ
1590 960 1710 991 Μωσέως
1728 959 1851 986 ὲλαλεῖτο

1057 1007 1270 1043 προστάγματα,
1290 1006 1483 1040 διακονηὸέντα
1499 1006 1531 1032 δι’
1541 1006 1664 1040 ἀγγέλων
1677 1007 1706 1032 ὲν
1719 1005 1850 1040 ὅρειΣινᾷ.

1058 1054 1130 1081 κατὰ
1158 1053 1207 1084 τὰς
1232 1053 1339 1089 ἡμέρας
1362 1053 1413 1088 τῆς
1443 1052 1557 1087 ὕστερον
1586 1051 1740 1088 ὁρισθείσης
1768 1052 1849 1084 ἁγέας

1058 1100 1257 1136 Πεντηκοστῆς.
1286 1100 1335 1126 Διὰ
1349 1100 1404 1134 γάρ
1416 1106 1457 1125 τοι
1469 1098 1564 1131 τοῦτο,
1580 1099 1627 1125 καὶ
1643 1098 1693 1133 τῆς
1708 1097 1848 1132 κολυμϐή-

1057 1144 1125 1180 θρας
1141 1145 1171 1170 τὸ
1187 1143 1258 1179 ὕδωρ
1279 1144 1329 1170 οὐκ
1346 1145 1374 1171 ὲν
1399 1144 1485 1179 ἑτέρῳ
1510 1143 1722 1178 συνεταράττετο
1747 1143 1848 1178 καιρῷ,

1055 1191 1105 1226 τὴν
1119 1190 1173 1216 τῶν
1187 1190 1272 1222 ἁγίων
1285 1189 1408 1223 ἀγγέλων
1428 1189 1467 1220 εἰς
1484 1189 1564 1216 ἑαυτὸ
1578 1190 1709 1223 σημαῖνον
1725 1189 1769 1214 διὰ
1785 1188 1845 1214 τού-

1055 1245 1101 1263 του
1121 1236 1304 1271 καταδρομήν.
1336 1236 1394 1262 οὐκ
1416 1236 1485 1270 ἒχων
1498 1234 1643 1270 τοιγαροῦν
1664 1236 1678 1261 ὁ
1692 1234 1847 1269 παράλυτος

1054 1282 1100 1309 τὸν
1115 1283 1155 1314 εἰς
1169 1282 1199 1308 τὸ
1217 1281 1288 1316 ὕδωρ
1302 1281 1520 1313 ἑξακοντίζοντα,
1538 1280 1606 1316 μετὰ
1623 1280 1670 1307 τοῦ
1688 1280 1846 1315 συνέχοντος

1056 1327 1168 1360 πάθους,
1186 1329 1232 1355 καὶ
1245 1327 1295 1363 τὴν
1311 1328 1365 1354 τῶν
1381 1327 1587 1362 θεραπευόντων
1601 1327 1718 1362 ὲρημδαν
1737 1326 1846 1361 ἐθρήνει

211 1369 318 1404 λέγων’
335 1381 343 1397 ι
356 1371 517 1407 Ἄνθρωπον
533 1373 582 1399 οὐκ
596 1372 660 1408 ἔχω,
678 1373 723 1399 τὸν
737 1374 776 1404 εις
795 1373 826 1399 τὸ
846 1373 918 1409 ὕδωρ
934 1373 1154 1408 κατακομίζοντα
1177 1373 1288 1408 δηλαδή.
1307 1383 1316 1398 ι
1337 1372 1422 1399 Τοῦτο
1445 1372 1500 1408 γὰρ
1517 1373 1625 1404 πάντως
1642 1373 1715 1407 ἐρεῖν
1736 1381 1764 1398 τε
1798 1373 1846 1399 καὶ

212 1417 405 1453 συμϐουλεύειν
419 1419 494 1454 αὐτῷ
509 1421 693 1455 προσεδόκησε
703 1420 750 1447 τὺν
770 1421 884 1456 Ἰησοῦν,

245 1464 279 1497 ιτ,
299 1464 356 1492 8-9.
379 1465 453 1493 Tolle
464 1467 605 1501 grabatum
619 1471 703 1498 tuum,
719 1472 744 1494 et
757 1468 875 1495 antbula.
891 1468 924 1494 Et
939 1473 997 1495 sta-

210 1510 257 1536 tim
271 1519 352 1538 sanus
374 1511 461 1545 factus
475 1518 514 1539 est
528 1513 604 1540 homo
618 1512 673 1544 ille.
690 1518 714 1540 et
734 1514 841 1540 sustulit
855 1514 996 1548 grabatum

1086 1464 1174 1499 Ἆρον
1190 1465 1244 1492 τὸν
1261 1465 1429 1498 κρὰϐϐατόν
1445 1473 1519 1498 σου,
1534 1464 1584 1491 καὶ
1600 1463 1764 1498 περιπάτει.
1788 1465 1843 1491 Kal

1050 1511 1159 1544 εὐθέως
1179 1511 1298 1546 ἐγένετο
1316 1510 1404 1545 ὑγιὴς
1427 1512 1443 1537 ό
1456 1510 1627 1544 ἅνθρωπος,
1653 1510 1700 1536 καὶ
1723 1508 1777 1544 ἦρε
1790 1510 1843 1536 τὸν

209 1563 297 1589 suum,
314 1560 338 1582 et
360 1555 526 1583 ambulabat.
549 1556 616 1584 Erat
633 1562 720 1584 autent
736 1557 882 1584 Sabbatum
909 1557 938 1583 in
955 1557 995 1584 die

1049 1557 1214 1591 κράϐὕατον
1227 1557 1322 1584 αὐτοῦ
1331 1577 1338 1588 ,
1361 1557 1409 1583 καὶ
1423 1555 1601 1590 περιεπάτει.
1613 1554 1669 1583 Ἦν
1684 1555 1718 1582 δὲ
1728 1556 1841 1583 Σάϐϐα-

208 1600 265 1628 illo.

242 1645 298 1673 Deo
321 1647 489 1674 conveniens
502 1650 545 1674 est
566 1647 632 1674 illud
655 1647 776 1682 iussum,
794 1651 821 1674 et
837 1647 947 1676 virtutis
963 1655 996 1675 ac

207 1693 354 1726 potestatis
369 1693 518 1720 humanam
532 1694 750 1721 mediocritatem
764 1694 922 1722 excedentis
938 1701 995 1721 ma-

207 1737 417 1765 nifestissimum
434 1738 517 1766 habet
535 1744 738 1775 argumentum.
761 1739 821 1767 Non
840 1739 914 1767 enim
931 1747 993 1774 pre—

205 1787 285 1809 catur
309 1784 456 1811 sanitatem
485 1793 569 1820 aegro,
592 1793 626 1813 ne
643 1786 747 1814 sanctis
768 1786 905 1820 aliquibus
930 1794 994 1821 pro-

205 1829 295 1863 phetis
311 1830 370 1865 ipse
394 1838 505 1865 quoque
523 1832 621 1859 similis
637 1833 773 1866 videatur,
789 1833 836 1860 sed
861 1838 990 1867 tanquam

204 1875 337 1902 virtutum
356 1875 488 1903 Dominus
507 1885 557 1912 pro
569 1881 636 1905 nutu
647 1886 678 1905 ac
695 1883 832 1913 potestate
848 1879 906 1906 ﬁeri
922 1887 989 1914 prte~

203 1921 279 1956 cipit,
299 1921 399 1955 jubcns
415 1926 444 1948 ut
465 1923 542 1950 lmtus
559 1923 670 1951 domum
687 1924 791 1956 redeat,
806 1929 833 1952 et
860 1925 990 1952 lectulum

202 1967 325 1995 humeris
348 1968 437 1999 tollat,
456 1973 485 1996 ut
510 1974 680 2004 spectatores
707 1971 839 1998 virtutem
859 1971 919 2006 ejus
943 1971 989 2005 qui

201 2013 310 2040 sanavit
330 2013 395 2041 inde
417 2014 588 2051 colligerent,
613 2015 696 2043 Jussa
719 2021 810 2044 autem
835 2016 901 2043 l‘aeit
918 2024 990 2051 aeger

201 2058 286 2091 illico,
301 2063 329 2086 et
343 2067 391 2093 per
416 2060 604 2087 obedientiam
620 2068 652 2088 ac
681 2061 760 2089 ﬁdem
786 2061 987 2096 optatissimam

200 2105 253 2131 sibi
274 2105 391 2139 gratiam
408 2106 549 2134 conciliat.
566 2106 704 2140 Quoniam
726 2111 817 2135 autem
841 2107 868 2134 in
887 2115 989 2142 pratce-

199 2150 327 2178 dentibus
356 2151 446 2186 ipsum
473 2152 499 2178 in
520 2152 635 2187 liguram
661 2158 687 2180 et
704 2156 798 2187 typum
816 2153 909 2187 populi
938 2152 986 2180 Ju-

198 2195 270 2223 daici
287 2197 466 2230 protulimus,
481 2199 560 2232 quasi
578 2197 606 2224 in
621 2197 732 2225 ‘ultimis
749 2198 920 2232 temporibus
942 2205 986 2224 sa-

199 2241 282 2268 nandi
301 2251 306 2268 :
322 2241 450 2276 agedum,
467 2250 565 2269 rursus
582 2243 772 2277 excogitemus
794 2243 897 2277 aliquid
912 2244 986 2278 quod

197 2286 337 2320 prioribus
365 2287 421 2314 illis
447 2287 594 2314 sententiis
619 2287 794 2322 respondeat.
814 2289 842 2315 In
865 2287 986 2316 Sabbato

196 2332 325 2360 Christus
339 2332 476 2360 hominem
492 2338 582 2364 sanat,
600 2337 726 2360 sanatum
742 2341 807 2361 vero
825 2335 919 2361 statim
935 2335 985 2362 ob-

196 2377 381 2404 servationem
399 2378 512 2413 legalem
531 2379 638 2406 solvere
656 2380 744 2414 jubet,
770 2380 892 2408 suadens
910 2385 940 2408 ut
956 2381 983 2408 in

197 2421 317 2449 Sabbato
335 2423 387 2450 iter
413 2423 510 2456 faciat,
527 2424 609 2458 idque
636 2425 736 2452 lectulo
762 2431 903 2459 oneratus,
922 2426 984 2453 licet

196 2474 290 2504 aperte
309 2470 410 2498 clamet.
431 2471 533 2498 alicubi
563 2479 611 2506 per
626 2479 710 2498 unum
737 2476 896 2500 sanctorum
919 2481 984 2508 pro-

194 2515 338 2551 phetarum
355 2515 427 2544 Deus
444 2527 450 2544 :
469 2527 478 2542 ι
497 2516 590 2552 Neque
607 2518 788 2552 exportabitis
803 2519 847 2546 die
869 2519 980 2548 Sabbati

193 2561 317 2595 pondera
333 2568 348 2588 ο
364 2560 493 2589 domibus
508 2562 650 2590 vestris".
666 2573 674 2588 I
690 2563 785 2599 Neque
799 2572 864 2592 vero
878 2565 980 2593 dixerit

193 2607 322 2641 quisquis
339 2615 412 2634 sanae
425 2615 540 2643 usquam
564 2609 600 2635 sit
616 2611 726 2642 mentis,
743 2611 825 2646 209
841 2612 978 2639 hominem

191 2653 269 2680 illum
293 2652 457 2692 divinorum
483 2655 673 2683 mandatorum
702 2657 779 2684 reddi
808 2662 979 2693 contempto-

191 2705 248 2724 rem
266 2706 272 2724 :
290 2697 418 2726 Christus
438 2700 509 2726 enim
529 2701 602 2728 velut
627 2703 654 2729 in
681 2706 746 2738 typo
760 2702 864 2731 Iudaeis
885 2709 980 2731 osten-

191 2742 271 2770 debat
285 2750 332 2770 eos
349 2744 458 2777 quidem
478 2751 606 2774 sanatqu
626 2748 658 2775 iri
679 2756 727 2783 per
742 2749 927 2777 obedientiam
948 2758 979 2778 ac

191 2787 271 2814 tidem
300 2785 327 2813 in
346 2790 476 2818 extremis
494 2793 588 2820 saeculi
610 2794 778 2829 temporibus
801 2803 807 2821 ε
825 2795 876 2822 hoc
898 2795 970 2823 enim

237 2872 258 2888 ”
273 2875 374 2906 Jerem.
395 2887 463 2915 ιιι-ιι,
478 2882 524 2909 2t.

1049 1611 1102 1630 τον
1116 1603 1150 1628 ἐν
1164 1602 1226 1628 ἐκεί
1228 1611 1266 1635 νπῃ
1287 1601 1324 1635 τῇ
1336 1602 1440 1636 ἡμέρᾳ.

1083 1648 1240 1684 Θεοπρεπὲς
1261 1648 1290 1674 τὺ
1306 1648 1461 1681 ἐπίταγμα,
1482 1648 1528 1674 καὶ
1544 1648 1593 1682 τῆς
1608 1647 1679 1682 ὑπὲρ
1693 1647 1839 1683 ἄνθρωπον

1046 1693 1188 1728 δυνάμεώς
1211 1701 1241 1719 τε
1264 1693 1310 1719 καὶ
1335 1692 1458 1725 ἐξουσίας
1482 1693 1686 1728 ἐναργεστάτην
1704 1693 1773 1727 ἔχων
1790 1693 1840 1728 τὴν

1045 1738 1191 1770 ἀπόδειξιν.
1221 1738 1257 1764 Οὺ
1277 1737 1330 1772 γὰρ
1355 1738 1500 1772 ἐπεύχεται
1523 1737 1561 1772 τῷ
1580 1737 1700 1773 κειμένῳ
1721 1739 1770 1772 τῆς
1788 1739 1838 1773 άῤ-

1046 1785 1162 1820 ρωστίας
1187 1784 1236 1818 τὴν
1252 1783 1328 1809 λύσιν
1339 1803 1346 1815 ,
1369 1783 1413 1810 ἵνα
1429 1783 1466 1818 μὴ
1481 1783 1552 1810 κατά
1564 1792 1640 1814 τινας
1657 1783 1777 1817 φαίνοιτο
1792 1784 1838 1810 καὶ

1043 1830 1125 1861 αὐτὸς
1144 1829 1198 1856 τῶν
1210 1829 1296 1863 ἁγίων
1311 1829 1475 1864 προφητῶν,
1499 1829 1557 1855 ἁ)λ’
1572 1829 1609 1861 ὡς
1627 1829 1681 1856 τῶν
1695 1829 1838 1864 δυνάμεων

1043 1876 1145 1912 Κύριος
1168 1874 1382 1908 ἑξουσιαστικῶς
1397 1875 1537 1901 ἐπιτάττει
1551 1875 1693 1908 γενέσθαι,
1707 1875 1836 1910 χαίροντα

1044 1923 1092 1958 μὲν
1109 1922 1199 1949 οἴκαδε
1215 1921 1332 1956 βαδίζειν
1346 1920 1441 1952 εἰπὼν,
1453 1921 1608 1956 ὲπωμάδιον
1620 1921 1647 1948 δὲ
1661 1921 1794 1947 ποιεῖσθαι
1806 1921 1836 1947 τὸ

1041 1967 1167 1994 κλινίδιον
1178 1987 1184 1999 ,
1207 1967 1356 2002 ὑπόμνημα
1375 1966 1424 2000 τῆς
1439 1966 1487 1993 τοῦ
1504 1966 1724 2002 Θεραπεύσαντος
1742 1966 1835 2001 ἰσχύος

1039 2013 1095 2044 τοῖς
1107 2012 1206 2047 ὁρῶσιν
1214 2012 1352 2046 ἐσόμενον.
1365 2012 1481 2047 Πράττει
1494 2011 1521 2038 δὲ
1533 2012 1706 2048 παραχρῆμα
1714 2012 1743 2038 τὸ
1755 2020 1835 2047 προσο

1040 2058 1138 2093 ταχθὲν
1149 2059 1162 2084 ὁ
1173 2058 1268 2089 νοσῶν,
1279 2058 1326 2084 καὶ
1336 2057 1369 2084 δι’
1385 2058 1520 2092 ὑπακοῆς,
1532 2059 1579 2085 καὶ
1589 2058 1708 2090 πίστεως
1717 2058 1766 2094 τὴν
1779 2066 1834 2092 τρι-

1039 2103 1157 2138 πόθητον
1170 2103 1259 2138 ἑαυτῷ
1274 2104 1498 2138 πραγματεύεται
1509 2104 1599 2139 χάριν.
1622 2104 1730 2139 Ἐπειδὴ
1742 2101 1772 2131 δὲ
1788 2104 1833 2130 διὰ

1038 2148 1092 2174 τῶν
1107 2148 1297 2184 προλαϐόντων
1318 2149 1358 2180 εἰς
1376 2149 1466 2176 εἰκόνα
1481 2150 1528 2176 καὶ
1542 2149 1627 2176 τύπον
1641 2150 1690 2184 τῆς
1701 2150 1756 2177 τῶν
1768 2151 1834 2177 Ίου-

1039 2195 1119 2222 δαίων
1136 2193 1255 2230 πληθύος
1267 2194 1348 2221 αὑτὸν
1363 2196 1547 2230 εἰσηγάγομεν
1556 2215 1563 2227 ,
1590 2196 1628 2227 ὡς
1641 2195 1792 2230 μελλούσης
1803 2196 1832 2223 ἐν

1040 2241 1163 2275 ὑστέροις
1180 2240 1378 2276 θεραπεύεσθαι
1391 2243 1496 2276 καιροῖς
1507 2250 1514 2257 ο
1525 2241 1590 2276 φέρε
1603 2241 1671 2277 δήτι
1681 2242 1762 2268 πάλιν
1771 2242 1832 2267 ἐπι-

1040 2287 1181 2322 νοήτωμεν
1195 2289 1254 2319 ταῖς
1270 2288 1309 2319 εἰς
1330 2287 1409 2314 τοῦτο
1426 2288 1573 2322 συμϐαῖνον
1595 2288 1709 2320 ἐννοίαις
1731 2288 1828 2315 ἀναλό-

1038 2343 1094 2369 γως
1106 2336 1162 2366 τοῖς
1179 2335 1435 2370 προεξητασμὲνοις.
1458 2336 1500 2361 Ἐν
1519 2336 1649 2371 Σαϐϐάτῳ
1664 2335 1710 2363 τὸν
1724 2336 1829 2371 ἅνθρω-

1038 2390 1088 2409 πον
1103 2381 1208 2416 ὑγιάζει
1224 2382 1356 2416 Χριστὸς,
1369 2380 1533 2415 ὺγιασθέντα
1548 2381 1575 2407 δὲ
1593 2382 1764 2417 παραχρῆμα
1778 2382 1826 2416 τὴν

1038 2427 1152 2463 νομικὴν
1178 2428 1316 2454 ἐπιτάττει
1344 2426 1493 2462 παραλύειν
1519 2423 1681 2462 συνήθειαν,
1709 2436 1825 2462 περιπα-

1036 2475 1092 2500 τεῖν
1107 2474 1261 2500 ἀναπείθων
1278 2474 1308 2499 ὲν
1322 2473 1469 2508 Σαόεάτῳ,
1493 2473 1540 2499 καὶ
1559 2472 1638 2499 τοῦτο
1653 2473 1691 2509 τῷ
1705 2473 1824 2508 κλινιδίῳ

1035 2520 1265 2556 πεφορτισμένον,
1285 2519 1371 2546 καίτοι
1388 2519 1535 2554 διαρρήδην
1554 2519 1670 2554 βοῶντος
1694 2519 1742 2546 τοῦ
1757 2520 1823 2546 Θεοῦ

1034 2566 1067 2592 δι’
1090 2566 1150 2597 ἑνός
1166 2574 1217 2591 που
1238 2564 1292 2592 τῶν
1311 2565 1394 2598 ἁγίων
1415 2564 1581 2599 προφητῶν
1614 2574 1623 2590 ι
1638 2566 1694 2592 Καὶ
1709 2566 1759 2592 οὐκ
1782 2565 1824 2598 ὲξ-

1033 2613 1121 2639 οίσετε
1144 2611 1323 2646 βαστάγματα
1347 2611 1376 2642 ἐξ
1398 2610 1492 2637 οἰκιῶν
1511 2611 1588 2645 ὑμῶν
1611 2613 1644 2647 τῇ
1665 2612 1758 2647 ἡμέρᾳ
1776 2612 1822 2638 τοῦ

1035 2658 1184 2685 Σαὸὃὰτου.
1201 2667 1210 2683 ι
1235 2658 1289 2684 Καὶ
1303 2658 1332 2683 ού
1354 2657 1386 2691 δή
1411 2665 1461 2682 που
1483 2657 1595 2692 φήσειεν
1617 2657 1649 2684 ἄν
1664 2667 1720 2691 τις,
1745 2659 1774 2690 ὃς
1792 2667 1822 2692 γε

1034 2704 1205 2738 σωφρονοίη,
1229 2703 1437 2738 καταφρονητήν
1463 2711 1524 2729 τινα
1538 2723 1544 2734 ,
1571 2703 1617 2729 καὶ
1641 2703 1746 2739 ὲξήνιον
1770 2705 1822 2730 τῶν

1034 2751 1113 2777 θείων
1123 2750 1298 2785 ὲνταλμάτων
1318 2749 1508 2776 ἀποτελεῖσθαι
1521 2751 1565 2776 τὸν
1587 2751 1740 2785 ἄνθρωπον·
1762 2751 1821 2777 ἀλλ’

1025 2796 1063 2828 ὡς
1081 2797 1112 2822 ὲν
1131 2795 1206 2831 τύπῳ
1222 2798 1277 2827 τοῖς
1303 2795 1437 2827 Ἰουδαίοις
1458 2796 1575 2832 φανερὸν
1594 2796 1679 2823 ἐποίει
1692 2797 1822 2834 Χριστὸς,
