2026 3123
197 156 245 183 3H

726 163 758 189 IN
778 162 922 190 JOANNlS
934 162 1160 191 EVANGELIUM
1179 164 1241 192 LIB.
1259 164 1290 192 ll.
1768 166 1820 194 549.

195 213 237 240 ὅτι
255 214 506 250 θεραπευοήσονται
525 218 574 253 μὲν
594 219 626 245 δι’
650 220 772 255 ὑπακοῆς
792 221 837 247 καὶ
864 221 972 251 πίστεως

1033 222 1153 247 arbitror
1165 222 1322 256 signiﬁcare
1338 222 1502 258 Sabbatum,
1514 224 1562 260 qui
1576 223 1636 253 dies
1651 229 1693 253 est
1706 225 1820 254 ultimus

195 260 224 287 ἐν
239 260 363 295 ἐσχάτοις
385 262 432 288 τοῦ
460 263 557 295 αἰῶνος
577 267 698 301 καιροῖς·
725 267 804 293 τοῦτο
825 267 880 301 γὰρ
905 264 981 302 οἶμαι

194 306 226 332 τὺ
246 306 388 334 Σάϐϐατον
407 309 516 344 δηλοῦν,
531 311 689 338 τελευταίαν
703 310 785 340 οὖσαν
801 314 850 347 τῆς
866 313 981 348 ἑϐδομὰς

193 352 364 388 δοςὴμέραν.
385 355 593 391 Κομισαμένους
604 358 633 384 δὲ
649 358 722 391 ἅπαξ
736 359 785 394 τὴν
803 359 847 385 διὰ
863 359 980 391 πίστεως

193 398 361 434 θεραπείαν,
380 401 427 428 καὶ
453 403 494 434 εἰς
519 405 667 438 καινότητα
693 405 979 441 μεταῤῥυθμισθέντας

194 445 276 479 ζωῆς.
294 445 344 481 τὴν
362 447 412 482 μὲν
434 448 481 474 τοῦ
503 449 615 484 νομικοῦ
630 451 794 486 γράμματος
811 451 980 486 παλαιότητα

192 491 257 526 παρ’
274 492 351 518 οὐδὲν
374 493 480 529 ἀνάγκη
509 495 650 528 ποιεῖσθαι,
678 497 868 532 παραιτεῖσθαι
884 497 912 523 δὲ
930 497 978 532 τὴν

191 537 229 569 ὡς
243 538 272 564 ὲν
288 540 376 570 σκιαῖς
391 540 575 577 αἰνιγματώδη
588 542 725 577 λατρείαν.
748 542 888 569 Ἐντεῦθεν
901 540 978 577 οἶμαι

190 581 306 610 λαὸόντα
327 583 375 610 τοῦ
400 585 479 619 λόγου
503 586 552 617 τὰς
574 587 702 621 ἀφορμὰς
715 587 762 613 καὶ
777 587 823 613 τὸν
843 587 977 622 μακάριον

190 629 342 657 ἐπιστεῖλαι
366 631 472 658 Παῦλον
495 633 551 664 τοῖς
574 633 644 667 μετὰ
657 633 706 668 τὴν
727 634 818 660 πίστιν
832 633 973 667 παλινδρο-

1035 267 1227 295 hebdomadis.
1243 267 1295 295 Per
1313 268 1392 295 tidem
1413 277 1478 298 vero
1494 275 1607 299 sanatos
1623 275 1650 299 et
1666 272 1693 299 in
1712 272 1820 299 novita-

1034 317 1088 341 tcm
1099 313 1163 341 vitae
1175 313 1338 341 reformatus
1350 315 1448 343 littera
1462 317 1572 351 quidem
1587 318 1682 353 legalis
1698 323 1818 346 vetusta~

1034 362 1087 385 tem
1103 365 1215 386 necesse
1225 362 1268 385 est
1282 359 1412 394 abjicere.
1429 366 1457 388 et
1469 363 1574 390 cultum
1588 364 1710 399 typicum
1727 366 1817 399 repel.

1033 403 1099 430 lere.
1113 403 1182 430 Hinc
1196 403 1342 431 occasione
1357 409 1478 440 sumpta,
1491 406 1600 435 beatum
1616 417 1725 444 quoque
1746 409 1818 436 Pau-

1033 448 1088 475 lum
1105 449 1203 483 opinor
1219 449 1364 484 scripsisse
1377 450 1412 478 iis
1426 452 1473 484 qui
1488 456 1550 486 post
1569 453 1647 481 Iidem
1660 459 1816 489 susceptam

1032 500 1208 522 revertuntur
1223 496 1257 522 ad
1272 496 1356 531 legem
1371 506 1378 524 :
1396 506 1405 522 ι
1426 497 1490 524 Dico
1502 503 1593 525 autem
1611 500 1688 527 vobis
1698 501 1774 535 quia,
1793 501 1815 528 si

1030 540 1278 574 circumcidamini,
1294 542 1422 569 Christus
1447 543 1527 570 vobis
1550 544 1617 570 nihil
1644 544 1782 578 proderit;
1805 555 1813 570 ι

1030 585 1111 612 item:
1128 595 1138 610 ι
1154 585 1281 613 Evacuati
1299 587 1366 615 estis
1379 595 1394 614 a
1406 587 1528 621 Christo,
1545 589 1593 623 qui
1606 589 1633 616 in
1650 589 1712 624 lege
1732 589 1816 622 justi-

1028 631 1160 663 licamini,
1179 638 1193 657 a
1206 631 1293 666 gratia
1310 633 1454 661 excidistis
1468 635 1501 660 ".
1521 643 1531 659 ι

192 676 288 710 μοῦσιν
303 679 350 705 ἐπὶ
360 679 406 705 τὸν
420 680 514 713 νόμον·
551 689 560 704 ι
576 680 655 714 Λέγω
672 680 701 706 δὲ
716 681 791 716 ὑμῖν,
828 681 869 707 ὅτι
900 680 948 706 ἐὰν
977 677 1195 712 περιτέμνησθε,
1219 678 1335 713 Χριστὸς
1359 679 1432 714 ὑμᾶς
1456 680 1532 706 οὐδὲν
1556 679 1702 716 ὠφελήσει·
1731 691 1740 706 ι
1769 682 1815 708 καὶ

189 723 288 750 πάλιν·
312 734 322 750 ι
345 725 545 761 Κατηργήθητε
574 727 628 753 ἀπο
654 726 788 762 Χριστοῦ,
817 726 917 757 οἵτινες
942 726 970 751 ὲν
989 723 1063 758 νόμῳ
1078 722 1242 756 δικαιοῦσθε,
1258 723 1308 758 τῆς
1327 725 1435 760 χάριτος
1455 725 1610 757 ἐξεπέσατε.
1629 735 1639 752 ι

226 771 355 805 Ἔλεγον
373 769 429 798 οὖν
446 773 473 798 al
502 771 639 799 Ἰουδαῖοι
658 772 698 805 τῷ
715 772 971 807 τεθεραπευμένῳ·

1062 768 1095 801 ν,
1116 768 1157 795 l0.
1179 769 1305 796 Dicebant
1319 778 1379 805 ergo
1396 770 1486 798 εἶναιεί
1501 771 1542 798 illi
1560 772 1605 806 qui
1623 777 1736 799 sanatus
1753 773 1813 807 fue-

188 816 341 843 Σὰϐϐατόν
366 817 528 851 ἐστι,.καὶ
551 819 606 845 οὐκ
629 818 733 850 ἔξεστί
756 805 805 846 σοι
832 805 899 852 ἆραι
923 817 972 844 τὸν

1028 819 1070 841 rat
1085 823 1094 841 :
1111 814 1258 842 Sabbatum
1272 820 1322 848 est,
1344 824 1396 843 non
1421 816 1480 843 licet
1497 817 1544 844 tibi
1562 805 1655 844 tollere
1671 805 1814 853 grabatum

187 861 353 896 κρὰϐϐατόν
372 871 441 890 σου.

229 907 453 943 Ἐπικαιρότατον
479 906 554 944 οἶμαι
573 908 637 944 βοᾷν
665 910 712 936 ἐπὶ
735 909 856 940 τούτοις·
876 918 885 934 ι
910 908 975 935 Ἰδοὺ

187 951 250 982 λαὸς
264 953 365 988 μωρὺς,
384 954 432 980 καὶ
450 954 579 990 ἀκάρδιος
589 962 596 969 ’
614 954 750 990 ὀφθαλμοὶ
764 955 865 987 αὐτοῖς,
881 954 928 980 καὶ
943 954 974 979 οὺ

188 997 326 1032 βλέπουσι,
347 1007 356 1024 s
373 999 405 1025 Τί
425 999 480 1034 γὰρ
504 999 538 1026 ἂν
558 1000 664 1033 γένοιτο
681 999 736 1026 τῶν
747 999 875 1026 τοιούτων
892 999 975 1026 ἀπαι-

185 1042 357 1079 δευτότερον,
375 1043 391 1079 ἢ
415 1045 442 1071 τί
466 1045 532 1080 πρὸς
555 1044 732 1079 ἀναισθησίαν
753 1045 783 1071 τὸ
804 1043 896 1080 μεῖζον
912 1051 920 1075 ;
937 1043 974 1070 Τὸ

188 1088 238 1123 μὲν
253 1089 308 1124 γὰρ
331 1090 372 1116 ὅτι
394 1091 528 1126 προσήκει
553 1090 703 1126 θαυμάζειν
730 1082 838 1122 αὐτοὺς,
859 1090 908 1125 τὴν
924 1089 972 1116 τοῦ

186 1135 403 1171 θεραπεύσαντος
421 1135 535 1171 δύναμιν
557 1137 587 1163 οὐ
601 1137 722 1172 δέχονται
738 1136 809 1163 κατὰ
828 1135 890 1162 νοῦν
903 1143 910 1150 ·
927 1144 971 1161 πιο

186 1180 247 1215 χροὶ
263 1180 291 1206 δὲ
308 1180 384 1212 ὄντες
404 1182 576 1217 ὲπιτιμηταὶ,
602 1182 649 1209 καὶ
671 1182 750 1217 μόνον
776 1181 877 1213 ειδότες
894 1180 972 1208 τοῦτο

185 1224 275 1256 καλῶς
285 1245 292 1256 ,
319 1226 493 1260 παρανομίας
527 1226 680 1261 ἐγκλήματι
706 1226 901 1261 περιϐάλλουσι
925 1225 972 1252 τὸν

183 1270 248 1304 ἄρτι
263 1270 309 1296 καὶ
323 1269 399 1304 μόλις
411 1269 461 1305 τῆς
478 1271 588 1306 μακρᾶς
609 1271 784 1305 ἀνακύψαντα
803 1270 892 1302 νόσου,
912 1270 970 1296 κεῖ-

184 1315 248 1341 σθαι
270 1315 298 1342 δὲ
316 1315 396 1342 πάλιν
416 1315 606 1343 ἐπιτάττουσιν
625 1316 754 1351 ἀμαθῶς,
774 1315 812 1347 ὼς
826 1316 873 1342 καὶ
887 1316 916 1342 ἑν
931 1314 970 1350 τῷ

183 1362 284 1397 χρῆναι
308 1362 395 1388 νοσεῖν
420 1361 470 1396 τῆς
499 1363 539 1393 εὶς
566 1362 596 1388 τὸ
619 1362 756 1389 Σάϐϐατόν
777 1361 971 1396 πληρουμένης

182 1409 276 1443 τιμῆς.

223 1452 254 1479 ’0
274 1453 308 1480 δὲ
323 1454 467 1488 ἀπεκρίθη
485 1453 588 1485 αὐτοῖς
603 1461 609 1468 ”
633 1453 664 1479 'O
685 1452 817 1487 ποιήσας
829 1461 867 1487 με
885 1451 966 1487 ὑγιῆ,

181 1499 298 1533 ἐκεῖνός
311 1509 362 1535 μοι
375 1498 474 1527 εἶπεν·
488 1497 580 1533 Ἀρον
593 1499 646 1525 τὸν
656 1499 822 1532 κράϐὅατόν
833 1506 902 1531 σου,
921 1498 969 1525 καὶ

181 1546 344 1579 περιπάτει.
367 1546 537 1580 Ἠρώτησαν
553 1543 610 1573 οὖν
624 1545 726 1572 αὐτόν.

219 1591 382 1627 Σοφωτάτην
403 1593 416 1619 6
440 1592 518 1626 λόγος
539 1591 629 1618 ὡδίνει
652 1590 700 1626 τὴν
722 1589 842 1621 ἔννοιαν,
861 1590 970 1624 καὶτῆς

187 1636 322 1664 Ἰουδαίων
344 1637 508 1673 δυστροπίας
531 1637 761 1672 ἀποκρουστικήν.
789 1635 897 1671 Ἐπειδὴ
915 1635 970 1670 γὰρ

180 1681 233 1708 οὐκ
245 1681 349 1714 ἔξεστιν
365 1683 394 1709 ὲν
415 1682 547 1717 Σαεὸἀτῳ
560 1703 566 1714 ,
587 1681 679 1717 φησὶν,
698 1681 789 1708 οἴκαδε
804 1682 853 1718 τὴν
874 1681 969 1715 κλίνην

181 1729 278 1755 ἑλόντα
307 1728 445 1763 βαδίζειν,
475 1728 646 1764 παρανομίας
674 1727 712 1763 τῷ
740 1727 970 1763 τεθεραπευμένῳ

181 1775 333 1810 ράπτοντες
354 1776 481 1810 γραφὴν,
504 1775 660 1809 ἀναγκαίως
686 1775 777 1805 αὐτοῖς
803 1774 970 1809 γοργοτέραν

181 1819 326 1853 ἀντεξάγει
350 1819 399 1853 τὴν
415 1819 577 1852 ἀπολογίαν,
599 1819 701 1845 ἐκεῖνον
717 1817 792 1852 αύτῷ
809 1818 969 1853 περιπατεῖν

180 1865 339 1891 ἐντετάλθαι
369 1865 473 1898 λέγων,
504 1864 533 1895 ὃς
558 1863 604 1890 καὶ
634 1863 684 1898 τῆς
707 1863 801 1897 ὑγείας
830 1862 969 1897 ἀνεδείχθη

180 1910 275 1946 δοτὴρ,
290 1910 369 1944 μόνον
384 1910 412 1936 δὲ
424 1910 485 1944 οὐχὶ
506 1909 627 1936 τοιοῦτόν
643 1909 668 1935 τί
684 1917 766 1943 φησιν
776 1916 783 1922 ”
812 1907 970 1942 Ἀξιολογώ-

180 1964 273 1987 τατον,
288 1951 309 1982 ὧ
325 1951 415 1987 οὗτοι,
431 1954 501 1990 φημὶ
517 1955 584 1990 πρὸς
595 1954 624 1981 τὺ
641 1953 739 1989 χρῆναι
754 1953 902 1988 τιμᾶσθαι,
923 1953 970 1979 καὶ

179 2001 276 2028 λυπεῖν
293 2001 446 2028 ἐπιτάττειν
464 2001 513 2032 τὰς
537 1999 583 2027 τοῦ
612 2000 751 2027 Σαϐϐάτου
777 1999 870 2034 τιμὰς,
887 1999 933 2026 τὸν

180 2047 300 2082 τοσαύτη
317 2047 462 2082 πρόσεστιν
481 2047 572 2081 ἰσχὺς,
599 2045 656 2072 ἔστι
678 2046 725 2072 καὶ
749 2045 845 2080 χάρις,
869 2045 906 2076 ὡς
920 2045 969 2080 τὴν

180 2090 252 2125 ἐμὴν
264 2090 389 2123 ἐξελάσαι
404 2090 491 2117 νόσον,
509 2090 541 2116 Εἰ
555 2089 610 2125 γὰρ
621 2089 668 2116 τοῦ
684 2090 810 2124 τυχόντος
825 2089 882 2115 ἐστὶ
895 2089 924 2115 τὸ
941 2090 969 2115 ὲν

1027 863 1112 885 luunt.

1061 903 1146 931 Valde
1169 909 1334 939 opportune,
1355 909 1385 932 ut
1401 914 1472 938 reor,
1490 907 1536 934 hic
1556 908 1636 935 nobis
1657 908 1816 937 exclaman-

1026 949 1090 976 dum
1111 953 1153 977 est
1167 958 1173 975 :
1189 959 1199 976 ‹
1214 950 1283 978 Ecce
1300 952 1418 986 populus
1435 953 1535 980 stultus
1546 959 1573 980 et
1587 961 1683 982 vecors
1705 963 1712 980 :
1738 955 1811 982 oculi

1025 1000 1090 1023 sunt
1115 996 1193 1031 ipsis,
1209 1001 1237 1024 et
1259 1005 1314 1024 non
1333 997 1468 1024 vident".
1489 1008 1498 1024 ι
1513 999 1583 1032 Quid
1598 1000 1670 1026 enim
1692 1000 1735 1027 his
1751 1006 1811 1028 stu--

1024 1041 1118 1076 pidius
1132 1047 1179 1068 aut
1200 1041 1319 1069 inertius
1337 1049 1400 1070 esse
1419 1043 1528 1077 potest?
1541 1043 1600 1070 Non
1620 1045 1695 1071 enim
1707 1045 1812 1072 intelli-

1025 1091 1092 1122 gunt
1107 1087 1313 1122 suspiciendam
1331 1088 1384 1115 sibi
1395 1095 1456 1116 esse
1467 1089 1522 1115 vim
1537 1093 1564 1116 et
1577 1093 1739 1124 potestatem
1750 1090 1811 1125 ejus

1023 1133 1072 1168 qui
1089 1133 1216 1160 sanavit:
1235 1133 1282 1161 sed
1298 1133 1351 1161 hoc
1366 1141 1451 1160 unum
1473 1135 1577 1166 sciunt,
1592 1135 1693 1163 acerbe
1720 1136 1810 1163 incre-

1023 1185 1099 1213 pare,
1115 1178 1237 1214 adeoque
1245 1178 1354 1206 violata:
1367 1179 1437 1214 legis
1451 1179 1557 1207 crimen
1573 1180 1710 1207 intentant
1723 1181 1748 1208 ei
1761 1181 1809 1215 qui

1023 1232 1121 1252 recens
1132 1231 1164 1251 ac
1178 1224 1224 1252 vix
1238 1224 1371 1253 diuturno
1384 1225 1479 1252 morbo
1495 1226 1604 1253 solutus
1617 1225 1717 1259 fuerat,
1729 1233 1808 1253 eum-

1021 1277 1075 1305 que
1091 1277 1201 1297 rursum
1212 1270 1377 1298 decumbere
1394 1271 1477 1298 stulte
1494 1271 1668 1306 praecipiunt,
1685 1272 1766 1306 quasi
1780 1272 1808 1299 in

1020 1316 1172 1352 θαι-οισι]ᾱί
1187 1315 1355 1344 necessitate
1374 1316 1488 1344 Sabhati
1504 1317 1594 1344 honor
1610 1318 1759 1345 consistat.

1057 1448 1090 1482 γ,
1103 1449 1147 1477 Η.
1167 1449 1218 1477 Ille
1237 1455 1325 1478 autent
1346 1451 1481 1484 respondit
1497 1451 1535 1478 eis
1553 1459 1562 1478 :
1579 1450 1631 1484 Qui
1648 1458 1688 1477 me
1709 1441 1806 1477 saluum

1022 1495 1094 1529 fecit,
1110 1496 1154 1523 ille
1169 1496 1231 1523 mihi
1249 1497 1338 1523 dixit:
1353 1496 1427 1524 Tolle
1446 1496 1589 1532 grabatum
1605 1502 1690 1530 tuum,
1707 1502 1732 1524 et
1748 1505 1805 1524 am-

1022 1541 1094 1568 bula.
1112 1541 1346 1577 Interrogaverunt
1360 1551 1420 1577 ergo
1438 1551 1506 1570 eum.

1056 1587 1296 1622 Sapientissimam
1317 1589 1375 1615 haec
1391 1588 1473 1615 verba
1496 1588 1662 1616 sententiam
1684 1588 1806 1623 pariunt,

1021 1641 1075 1669 qua
1090 1632 1249 1660 Juda'orum
1269 1634 1437 1668 perversitas
1460 1634 1626 1669 exploditur.
1644 1633 1713 1660 Cum
1730 1633 1805 1661 enim

1021 1680 1115 1707 dicunt
1135 1687 1189 1707 non
1205 1679 1288 1707 licere
1301 1680 1327 1706 in
1349 1678 1483 1712 Sabbato,
1498 1679 1606 1708 sublato
1617 1680 1743 1716 grabato,
1758 1680 1807 1708 do-

1021 1734 1095 1753 mum
1109 1726 1257 1761 prollcisci,
1271 1726 1508 1762 praevaricationis
1519 1726 1622 1754 crimen
1633 1727 1656 1753 ei
1670 1729 1716 1761 qui
1727 1734 1807 1754 sana-

1022 1775 1066 1798 tus
1082 1771 1171 1798 luerat
1183 1771 1535 1804 intentantes,necessario
1552 1771 1594 1799 his
1612 1772 1748 1799 acriorem
1759 1772 1807 1799 de-

1022 1817 1174 1844 fensionem
1183 1817 1306 1852 opponit,
1317 1817 1412 1845 dicens
1421 1818 1455 1844 ab
1464 1818 1512 1844 illo
1523 1825 1552 1844 se
1561 1817 1719 1844 ambulandi
1731 1825 1808 1844 mau-

1021 1862 1114 1888 datum
1131 1863 1283 1896 accepisse,
1298 1870 1313 1889 a
1330 1870 1382 1897 quo
1397 1863 1542 1890 sanitatem
1553 1863 1635 1890 etiam
1652 1864 1766 1898 accepit,
1780 1869 1808 1890 et

1022 1907 1178 1935 istiusmodi
1193 1908 1322 1942 quiddam
1341 1912 1447 1935 tantum
1461 1916 1514 1935 non
1530 1908 1568 1934 ait
1582 1916 1588 1934 :
1601 1909 1740 1935 Summam
1758 1917 1807 1936 au-

1021 1953 1176 1981 ctoritatem
1203 1961 1258 1988 qua
1281 1953 1431 1980 Sabbatum
1458 1953 1539 1988 210
1557 1953 1611 1980 coli
1634 1958 1682 1980 aut
1709 1954 1806 1982 violari

1019 1999 1115 2034 jubeat
1131 1999 1160 2026 in
1181 2006 1214 2026 co
1235 2006 1296 2026 esse
1316 1999 1389 2030 dico,
1413 1999 1457 2026 cui
1484 2003 1559 2026 tanta
1580 1999 1620 2026 vis
1637 1999 1709 2027 inest
1725 2004 1807 2035 atque

1020 2045 1118 2080 gratia,
1132 2049 1162 2071 ut
1177 2052 1268 2072 meum
1287 2045 1412 2071 morbum
1429 2045 1560 2079 abegerit.
1574 2043 1643 2071 Nam
1662 2046 1684 2073 si
1700 2053 1731 2072 ea
1747 2046 1806 2074 laus

1022 2099 1037 2116 a
1048 2090 1146 2124 quovis
1158 2089 1248 2117 aliena
1271 2094 1324 2121 est,
1340 2090 1494 2125 virtutique
1513 2097 1545 2117 ac
1562 2091 1692 2125 potestati
1707 2091 1807 2119 divina:

180 2135 286 2167 τούτοις
312 2135 473 2170 διαπρέπειν
496 2135 653 2170 ἀλλότριον,
678 2135 792 2170 ἁρμόσει
818 2134 845 2160 δὲ
870 2134 968 2169 μᾶλλον

1024 2137 1161 2167 convertit,
1182 2135 1321 2170 quomodo
1337 2143 1369 2162 ea
1388 2136 1507 2168 excidet,
1527 2135 1627 2171 inquit,
1645 2136 1690 2171 qui
1709 2144 1807 2171 opera-

181 2180 310 2216 ἐνεργείᾳ
329 2181 375 2207 καὶ
394 2180 507 2216 δυνάμει
527 2181 688 2215 θεοπρεπεί,
711 2180 769 2211 πῶς
786 2179 819 2206 ἂν
840 2179 966 2215 ἁμάρτοι,

181 2228 276 2262 φησὶν,
297 2227 312 2253 ό
334 2226 435 2253 τούτων
452 2226 585 2262 ὲργάτηςς
600 2226 617 2261 ἢ
642 2226 700 2258 πῶς
722 2225 755 2252 ἂν
768 2226 798 2252 οὐ
811 2226 919 2257 πάντως
935 2225 968 2252 τὰ

181 2271 368 2308 κεχαρισμένα
385 2271 445 2307 Θεῷ
467 2271 691 2307 ωμῦουλεύσειεν
714 2272 727 2297 ὁ
754 2271 892 2307 θεοπρεπῆ
919 2271 968 2306 τὴν

181 2319 296 2354 δύναμιν
317 2319 403 2354 ἑχων;
422 2318 524 2354 Τρέφει
549 2317 639 2345 τοίνυν
661 2318 690 2344 ὲν
716 2317 805 2353 ἑαυτῷ
831 2317 932 2352 πικρὰν
955 2318 969 2344 ό

181 2365 261 2399 λόγος
274 2364 323 2399 τὴν
334 2364 463 2399 ἔμφασιν.

220 2411 269 2442 Τίς
283 2410 368 2437 ἐστιν
381 2411 397 2438 ό
411 2410 565 2443 ἅνθρωπος
583 2411 599 2436 ό
621 2409 711 2436 εἰπών
726 2417 774 2436 σοι
787 2418 792 2424 ·
808 2407 900 2443 *Λρον
916 2409 969 2436 τὸν

183 2455 350 2490 κρὰϐὄατόν
363 2463 433 2487 σου,
451 2455 499 2482 καὶ
512 2455 686 2489 περιπάτει;
711 2455 736 2481 '0
750 2455 783 2481 δὲ
801 2455 894 2488 ἰαθεὶς
912 2456 968 2482 οὐκ

182 2501 248 2536 ᾔδει
262 2502 308 2534 τίς
325 2502 410 2528 ἐστιν
421 2508 428 2514 ·
453 2502 468 2528 d
486 2501 540 2535 γὰρ
560 2501 678 2534 Ἰησοῦς
701 2500 863 2533 ἐξένευσεν
875 2501 968 2534 ὄχλου

183 2547 272 2580 ὄντος
285 2547 320 2574 ἐν
333 2547 373 2579 τῷ
394 2548 481 2578 τόπῳ.
499 2548 578 2574 Μετὰ
599 2547 694 2574 ταῦτα
715 2548 848 2581 εὑρίσκει
876 2547 984 2574 αὑτὸν

183 2595 199 2620 ὁ
221 2593 341 2627 Ἰησοῦς
355 2593 390 2620 ἐν
404 2592 443 2625 τῷ
457 2592 533 2626 ἱερῷ.
558 2593 607 2620 καί
622 2591 705 2620 εἶπεν
720 2593 809 2626 αὐτῷ.

221 2638 376 2673 Ἀπληστος
395 2639 434 2670 εἰς
461 2638 618 2674 μιαιφονίαν
640 2639 693 2664 τῶν
722 2639 855 2666 Ἰουδαίων
869 2640 883 2666 ὁ
899 2641 969 2672 νοῦς,

184 2684 347 2720 Διερευνῶσι
362 2684 406 2711 τὸν
421 2684 594 2716 ἐπιτάξαντα,
619 2685 826 2711 συνεπιπλέκειν
841 2687 920 2713 αὑτὸν
934 2687 972 2721 τῷ

184 2730 343 2766 παραδόξως
360 2731 516 2764 ὑγιασθέντι
532 2730 727 2766 βουλευόμενοι.
748 2732 836 2763 Μόνος
855 2732 919 2767 γὰρ,
934 2732 971 2764 ὡς

183 2776 268 2809 εἰκὸς,
285 2776 448 2804 κινδυνεύων
461 2775 556 2803 ἐλύπει
566 2776 649 2803 διὰτὸ
663 2777 812 2811 Σαϐϐαῖον,
828 2778 842 2804 ὁ
857 2778 970 2813 βρόχους

226 2866 248 2881 "
264 2866 355 2893 Galat.
371 2874 398 2900 ν,
414 2866 440 2898 2,
460 2865 486 2893 4.
527 2866 549 2882 ³³
567 2865 667 2893 Jcrcm.
683 2874 709 2898 ν,
727 2866 770 2892 21.

1021 2189 1068 2208 rur
1083 2181 1197 2209 isthaac‘?
1209 2186 1256 2208 aut
1273 2181 1412 2216 quomodo
1427 2189 1479 2208 nou
1497 2185 1523 2208 et
1535 2186 1648 2216 accepta
1665 2181 1720 2208 Dco
1737 2190 1805 2209 con-

1020 2227 1101 2259 sulet,
1120 2227 1167 2262 qui
1179 2227 1273 2254 divina
1288 2230 1425 2262 potestate
1443 2227 1574 2261 praeditus
1589 2227 1650 2254 est?
1664 2226 1692 2254 lu
1711 2235 1740 2254 se
1754 2228 1805 2254 ita-

1019 2281 1073 2309 que
1089 2273 1146 2300 Ιιιεσ
1163 2273 1247 2301 verba
1261 2273 1403 2300 continent
1424 2280 1514 2300 acrem
1533 2272 1702 2307 emphasim._

1055 2412 1088 2446 ν,
1109 2413 1199 2441 12-14.
1215 2413 1279 2446 Quis
1301 2418 1338 2440 est
1358 2413 1403 2440 ille
1418 2412 1494 2439 homo
1503 2412 1548 2447 qui
1568 2411 1635 2438 Ilia-it
1649 2411 1695 2438 tibi
1711 2419 1719 2438 :
1733 2411 1806 2438 Tolle

1019 2459 1159 2495 grabatum
1188 2464 1274 2491 tuum,
1295 2464 1319 2486 et
1341 2458 1469 2485 ambula?
1489 2458 1517 2484 ls
1538 2457 1583 2492 qui
1606 2465 1687 2484 sanus
1717 2457 1804 2491 fuerat

1019 2505 1138 2540 e/fectus,
1155 2505 1285 2532 nesciebat
1297 2505 1356 2540 quis
1373 2509 1439 2531 esset
1454 2513 1462 2531 :
1483 2502 1562 2530 Iesus
1579 2503 1648 2529 enim
1663 2502 1804 2530 declinauit

1021 2559 1037 2577 a
1051 2550 1129 2577 turba
1140 2551 1284 2578 constituta
1300 2550 1403 2577 inloco.
1421 2549 1518 2576 Postea
1533 2549 1630 2575 invenit
1647 2557 1706 2576 eum
1727 2548 1806 2576 Iesus

1021 2596 1048 2623 in
1066 2596 1172 2630 teniplo,
1190 2601 1214 2623 et
1231 2596 1298 2622 dixit
1314 2596 1366 2622 illi.

1058 2639 1219 2674 lncxplebili
1244 2639 1327 2667 czedis
1353 2639 1503 2674 cupiditate
1536 2639 1613 2666 ardet
1647 2638 1806 2666 Judzeorrm

1027 2684 1144 2711 animus.
1155 2683 1288 2719 ludagant
1296 2692 1358 2712 eum
1371 2685 1417 2719 qui
1430 2691 1535 2719 wgrum
1550 2684 1636 2719 jussit
1652 2685 1806 2716 ambulare,

1025 2734 1178 2758 statuentes
1193 2731 1283 2765 ipsum
1295 2739 1347 2758 una
1358 2739 1420 2758 cum
1439 2739 1471 2758 eo
1487 2730 1532 2765 qui
1545 2730 1709 2758 mirabiliter
1725 2738 1805 2758 sana-

1024 2781 1068 2805 tus
1084 2777 1174 2805 fuerat
1195 2777 1314 2806 irrctire.
1332 2777 1509 2813 Augebantur
1523 2778 1607 2810 enim,
1627 2781 1656 2804 ut
1683 2779 1815 2820 apparet“!
