2026 3123
247 143 299 170 5ιῖ

743 154 772 180 S.
794 154 932 184 CYRILLI
952 158 1190 189 ALEXANDBINI
1207 162 1366 190 ARCHIEP.

1819 171 1869 200 344

246 200 318 232 quod
346 199 423 228 solus
447 202 661 238 periclitaretur,
682 211 795 243 propter
816 209 976 246 sabbatum,
1003 213 1007 240 ί

306 253 348 259 ,Μ
360 245 385 259 1,,
399 246 510 259 ι,-,,,--
649 251 665 259 ..
749 253 760 259 η

1056 221 1066 247 ι
1082 216 1144 251 ἄρτι
1167 219 1213 244 καὶ
1228 219 1344 253 παγίδας
1366 219 1502 254 ἀφύκτους
1521 221 1676 259 διαδραμὼν
1689 245 1696 257 ,
1712 227 1760 253 καὶ
1779 229 1869 256 αὐτῶν

242 245 290 278 qui
305 245 386 273 modo
399 246 512 282 laqueos
526 249 698 280 inevitabiles
711 253 867 290 aufugerat,
879 261 906 286 et
917 266 949 287 ex
959 245 1026 295 ipsis

241 291 340 318 mortis
360 291 454 326 ianuis
470 293 587 322 eductus
602 295 703 325 fuerat.
716 298 852 328 Medicum
867 310 933 330 vero
952 305 1025 332 indi-

240 342 307 363 care
324 344 378 364 non
395 343 497 372 potest,
522 342 648 375 quamvis
663 351 725 372 eum
755 347 880 376 studiose
902 349 1026 385 inquire-

240 385 313 414 rent.
322 379 437 411 Christo
451 386 574 421 seipsum
587 388 720 424 singulari
730 393 850 421 consilio
865 379 983 430 celante,
995 402 1025 425 ut

238 433 335 455 eorum
360 430 537 466 intemperiae
552 434 715 464 declinaret.
736 437 831 474 Neque
847 448 913 468 vero
931 442 1023 478 fugam

238 475 371 510 suscipit,
394 478 473 512 quasi
496 480 553 514 pati
579 481 684 517 aliquid
708 484 781 512 velut
801 493 834 512 ex
859 475 1024 517 necessitate

239 521 340 555 possit,
359 523 413 550 nisi
438 525 496 558 pati
519 526 609 559 velit,
641 529 688 556 sed
714 530 795 557 nobis
815 531 898 559 etiam
923 534 950 560 in
971 534 1023 563 hoc

237 567 391 602 exemplum
409 570 531 605 seipsum
546 579 644 601 rursus
659 575 767 603 statuit.

273 610 306 644 ν,
322 613 365 640 14.
381 613 449 642 Ecce
467 624 549 644 suum
568 626 607 651 es,
622 620 680 654 jam
701 622 757 648 noli
768 630 886 656 peccare,
905 633 936 652 ne
954 626 1022 653 dete-

237 657 294 683 rius
310 658 358 685 tibi
377 660 479 695 aliquid
502 664 649 699 contingat.

271 702 322 735 Qui
338 704 432 733 divino
446 708 564 736 consilio
578 710 697 744 primum
717 713 808 746 latuit,
826 715 924 744 eodem
946 725 1019 745 nunc

235 754 346 776 rursum
375 757 500 786 apparet,
531 758 696 790 congruenti
719 759 870 796 unicuique
897 767 1019 798 tempore

234 798 354 822 servato.
381 795 437 825 Nec
452 799 525 827 enim
540 802 691 837 quidquam
712 805 747 832 ab
762 814 795 833 eo
809 795 856 842 qui
875 815 1017 843 peccatum

234 839 323 866 nescit
354 840 414 869 ﬁeri
441 847 532 878 potest
560 847 665 883 absque
695 839 1015 882 convenienti-ratione.

232 882 412 930 occasionem
436 888 520 924 igitur
544 899 606 920 eum
619 882 788 930 ialloqucndi
814 899 946 928 salutaris
970 901 1016 928 illa
1032 900 1053 928 Β

232 927 384 960 admonitio
398 935 527 971 praebuit,
540 946 594 973 qua
610 938 666 974 jam
687 927 742 970 non
760 945 878 979 amplius
897 953 1016 981 peccan-

231 974 296 1003 dum
311 977 391 1011 dixit,
417 988 452 1008 ne
469 981 655 1014 deterioribus
673 995 754 1021 quam
771 991 847 1024 prius
865 993 946 1020 malis
963 993 1016 1020 im-

229 1020 357 1055 plicetur.
381 1024 452 1053 Hinc
467 1034 551 1062 porro
566 1030 648 1059 docet
669 1024 726 1061 non
743 1020 833 1064 solum
850 1037 878 1065 in
893 1038 1015 1066 futurum

227 1067 361 1102 judicium
377 1075 568 1106 peccatoribus
592 1076 677 1106 Deum
701 1087 845 1110 reservare
868 1085 1014 1119 supplicia,

230 1113 278 1141 sed
293 1115 320 1142 in
337 1118 503 1152 corporibus
521 1121 610 1150 adhuc
627 1123 759 1160 degentes
775 1128 857 1155 etiam
874 1113 939 1158 alite
955 1139 1025 1164 mas

227 1166 311 1194 gnum
332 1166 359 1189 et
381 1164 558 1194 manifestum
586 1169 663 1197 illum
689 1170 795 1201 Judicis
821 1175 1013 1204 universorum

227 1204 299 1232 diem
320 1208 404 1236 variis
425 1211 514 1239 modis
529 1215 639 1248 punire.
652 1216 732 1250 Quod
748 1224 839 1247 autem
861 1228 933 1256 saepe
948 1222 1014 1250 ieri-

228 1257 289 1277 mur
300 1254 487 1286 percutientes
509 1261 537 1285 et
559 1259 730 1290 oﬂ‘endentes
752 1263 852 1299 Deum,
867 1254 1013 1294 testabitur

227 1303 310 1330 porro
336 1300 563 1335 sapientissimus
588 1305 693 1337 Paulus
711 1309 754 1338 his
784 1311 878 1339 verbis
895 1321 901 1339 :
922 1322 932 1338 ι
947 1312 1011 1342 ldeo

225 1341 297 1368 inter
311 1350 361 1371 vos
377 1346 455 1374 multi
474 1348 574 1377 inﬁrmi
589 1355 617 1378 et
640 1353 801 1388 imbecilles,
821 1361 849 1384 et
871 1357 1012 1386 dormiunt

224 1386 321 1414 multi:
334 1390 407 1423 quod
417 1391 439 1418 si
452 1395 639 1431 nosmetipsos
647 1397 875 1436 dijudicaremus,
886 1411 939 1431 non
955 1405 1010 1432 uti-

223 1440 277 1466 que
292 1434 493 1468 judicaremur.
510 1439 578 1467 Dum
592 1442 752 1477 judicamur
768 1447 847 1482 211
869 1434 974 1483 autem,
994 1458 1009 1478 a

226 1477 341 1508 Domino
361 1484 538 1519 corripimur,
552 1491 582 1514 ut
600 1496 656 1517 non
669 1498 731 1518 cum
747 1492 799 1520 hoc
811 1494 914 1523 mundo
929 1495 1008 1524 dam-

222 1531 320 1553 nemur
329 1527 362 1555 ".
380 1538 390 1554 ι

257 1581 290 1628 γ,
307 1583 351 1628 i5.
366 1585 438 1612 Abiit
454 1587 535 1623 igitur
548 1590 592 1618 ille
607 1591 728 1626 homo,et
749 1597 879 1625 nuntiavit
902 1598 1005 1628 ludatis

219 1626 285 1661 quia
298 1627 377 1656 Iesus
394 1636 461 1658 esset
477 1634 521 1666 qui
531 1634 593 1668 fecit
609 1645 667 1664 eum
682 1647 786 1667 sanum.

253 1671 357 1702 Judaris
376 1675 480 1705 indicat
492 1678 598 1714 Jesum,
614 1691 669 1711 non
686 1690 714 1712 ut
735 1687 799 1714 mali
817 1689 956 1724 quidpiam
977 1691 1005 1719 in

221 1719 312 1754 ipsum
332 1723 484 1751 machinari
497 1727 642 1762 audentes,
659 1730 734 1766 impii
744 1740 804 1761 esse
812 1734 1004 1770 deprehende-

220 1770 326 1800 rentur,
360 1769 407 1797 sed
449 1777 478 1798 ut
516 1773 705 1804 admirabilem
742 1779 824 1807 istum
849 1769 1003 1812 imedicum

218 1820 410 1848 agnoscerent,
436 1818 460 1845 si
491 1820 554 1855 quis
573 1821 656 1849 etiam
680 1831 775 1852 eorum
800 1830 890 1855 curari
909 1830 1000 1858 vellet.

217 1858 410 1889 Animadverte
425 1864 497 1891 enim
509 1873 564 1900 quo
578 1871 658 1901 pacto
677 1869 704 1896 id
723 1870 748 1897 ei
763 1874 934 1907 propositum
954 1876 999 1902 sit.

217 1902 275 1931 Non
290 1906 373 1940 enim,
392 1912 422 1935 ut
439 1910 643 1946 vitilitigatores
669 1917 794 1944 nonnulli
811 1919 917 1954 volunt,
927 1929 1000 1948 nun-

216 1949 267 1976 liat
291 1949 385 1979 Jesum
403 1961 466 1982 esse
482 1963 544 1983 eum
562 1957 607 1992 qui
626 1959 768 1989 ambulare
789 1962 874 1997 jussit
890 1965 917 1992 in
933 1965 1000 1994 Sab-

217 1995 288 2027 bato,
309 1996 358 2023 sed
384 1999 431 2033 qui
458 2007 556 2028 sanum
571 2010 615 2033 _se
639 2003 713 2033 fecit.
740 1995 798 2035 Hoc
822 2013 914 2037 autem
939 2017 999 2040 erat

211 2039 283 2067 nihil
309 2041 383 2070 aliud
401 2051 482 2080 agere
506 2055 588 2082 quam
611 2050 746 2079 medicum
766 2053 900 2084 duntaxat
924 2057 997 2085 indi-

213 2093 285 2114 care.

246 2141 278 2175 V,
297 2143 341 2170 16.
353 2144 497 2180 Propterea
518 2153 739 2187 persequebantur
751 2154 841 2182 Judaei
855 2156 958 2191 Jesum,
970 2165 994 2187 et

210 2188 362 2218 quasrebant
390 2199 450 2219 eum
476 2194 633 2230 interﬁcere.
652 2200 715 2233 quia
742 2200 797 2228 ltwc
825 2202 941 2236 faciebat
966 2205 993 2233 iu

211 2230 336 2263 Sabbato.
352 2235 431 2265 Iesus
447 2244 534 2268 autem
554 2230 686 2277 respondit
699 2246 748 2272 eis.

243 2302 302 2330 Non
321 2305 483 2340 simpliciter
495 2309 539 2337 hic
553 2310 711 2341 Iudaeorum
728 2314 807 2343 furor
819 2319 990 2348 ostenditur:

208 2355 261 2375 non
278 2349 350 2376 enim
366 2353 439 2385 quod
455 2353 547 2382 Jesum
565 2363 768 2393 persequuntur
785 2360 930 2397 duntaxat,
944 2367 993 2394 sed

206 2402 288 2426 quam
316 2396 352 2423 ob
380 2404 490 2426 causam
521 2401 549 2428 id
573 2401 663 2431 facere
695 2405 828 2439 audeant,
855 2410 991 2446 signiﬁcat

206 2448 307 2469 rursus
325 2445 505 2479 evangelista,
525 2454 588 2474 cum
609 2451 732 2485 emphasi
759 2445 895 2490 dicens,i
917 2457 988 2490 Quia

206 2486 262 2513 haec
277 2486 394 2515 faciebat
410 2490 436 2516 in
455 2490 585 2520 Sabbato.
605 2504 614 2520 ι
629 2494 801 2527 lnsectantur
815 2486 887 2530 enim
905 2505 987 2532 stulte

202 2535 230 2556 «ιι
246 2531 337 2566 impie,
355 2534 433 2567 quasi
453 2535 496 2562 lex
511 2536 579 2565 bene
594 2547 674 2575 agere
699 2543 726 2570 in
750 2543 870 2575 Sabbato
890 2550 985 2584 prohi-

204 2575 278 2608 beat,
295 2578 475 2613 nequeliceat
489 2583 554 2617 :egri
571 2585 707 2621 misereri,
722 2593 749 2616 et
767 2593 846 2626 quasi
862 2575 986 2629 oporteat.

202 2621 289 2655 legem
313 2630 422 2650 omnem
446 2625 599 2662 charitatis,
617 2621 798 2665 fraternitatis
819 2621 937 2674 laud-em,
958 2647 984 2669 et

203 2668 382 2696 humanitatis
405 2672 520 2705 gratiam
549 2675 695 2711 deponere.
719 2680 811 2711 Multis
838 2690 929 2713 autem
951 2695 983 2714 ac

199 2713 285 2740 variis
310 2714 466 2745 rationibus
491 2721 637 2750 ostendere
661 2726 723 2760 quis
747 2733 854 2761 posset,
873 2729 981 2759 Judmos

198 2758 268 2784 nihil
282 2766 336 2786 non
358 2760 421 2789 boni
436 2766 607 2802 repudiasse,
624 2758 791 2806 legislato—ris
809 2758 979 2805 de'Sabbato

234 2836 255 2851 ³⁸
273 2835 282 2862 l
299 2836 361 2866 Cor.
378 2847 415 2872 ιι,
433 2841 527 2870 50-3-2.

1081 261 1290 298 ὲξειλκυσμένος
1314 264 1369 291 τῶν
1385 265 1433 292 τοῦ
1457 266 1571 294 θανάτου
1598 269 1700 298 πυλῶν.
1725 271 1822 300 Είπεῖν
1841 263 1884 301 εξ¹

1079 308 1125 334 τδν
1145 309 1237 344 ἰατρὸν
1258 310 1346 337 καίτοι
1364 311 1588 344 φιλοπευστοῦσιν
1609 316 1660 342 οὐκ
1686 316 1754 352 ἔχει,
1779 320 1868 352 καλῶς

1079 361 1108 380 τε
1124 355 1170 381 καὶ
1190 355 1370 391 οἰκονομικῶς
1385 358 1609 395 κατακρύψαντος
1623 362 1720 390 ἑαυτὸν
1734 364 1781 391 τοῦ
1801 366 1867 402 Χρι-

1080 399 1158 432 στοῦ,
1179 401 1222 428 ἵνα
1235 401 1266 428 τὺ
1287 403 1444 437 παραυτίκα
1463 405 1564 441 Θερμδν
1583 406 1634 442 τῆς
1646 408 1758 436 ἐκείνων
1774 399 1864 446 ὸργῆς

1077 446 1180 480 διεξίοι.
1193 447 1248 474 Καὶ
1266 448 1315 483 οὐχ
1333 449 1372 480 ὥς
1391 458 1417 476 τι
1432 451 1528 478 παθεῖν
1546 452 1584 484 ὡς
1600 453 1630 485 ὲξ
1647 454 1772 490 ἀνάγκης
1786 456 1863 484 δυνάο

1078 500 1168 526 μενος,
1181 493 1205 519 εί
1217 493 1254 529 μὴ
1272 494 1391 528 βούλοιτο
1404 496 1510 529 παθεῖν,
1525 498 1680 534 ἐπιτηδεύει
1699 501 1749 536 τὴν
1760 503 1863 538 φυγήν,

1076 537 1133 563 ἀλλ’
1155 539 1221 574 ήμτν
1241 539 1424 576 ὑπογραμμὸν
1447 543 1494 569 καὶ
1511 543 1598 580 τούτῳ
1617 545 1650 581 δὴ
1670 546 1751 576 πάλιν
1767 537 1863 575 ἑαυτὸν

1076 582 1218 615 καθιστάς.

1111 628 1172 655 Ἴδε
1189 629 1277 664 ὑγιὴς
1295 630 1432 665 γέγονας,
1448 632 1556 667 μηκέτι
1573 634 1735 671 ἁμάρτανε,
1750 637 1801 665 ἵνα
1818 638 1861 673 μὴ

1074 673 1176 708 χεῖρόν
1194 675 1245 702 σοι
1261 684 1288 702 τι
1301 678 1430 710 γένηται.

1108 721 1294 757 Οἰκονομικῶς
1309 723 1344 749 τά
1362 724 1458 759 πρῶτα
1479 725 1567 752 λαϐὼν
1584 727 1762 762 ἐμφανίζεται
1779 730 1860 760 πάλιν

1072 767 1265 802 οἰκονομικῶς,
1283 768 1329 795 τὸν
1346 769 1475 804 ἁρμόδιον
1495 771 1602 807 ἑκάστῳ
1615 773 1739 809 τηρήσας
1752 776 1857 810 καιρόν.

1071 813 1108 840 οὐ
1121 811 1218 850 γὰρῆν
1227 823 1254 840 τι
1265 814 1392 848 γενέσθαι
1409 816 1486 852 παρὰ
1498 816 1545 844 τοῦ
1568 817 1605 853 μή
1623 818 1724 851 εἰδότος
1737 820 1859 856 ἐξαμαρ-

1070 860 1135 892 τεῖν,
1150 859 1164 886 δ
1184 860 1222 895 μή
1238 860 1346 892 πάντως
1372 861 1429 897 ἔχει
1449 861 1527 896 λόγον
1544 863 1589 898 ὑφ’
1614 863 1703 900 ἐαυτῷ
1725 865 1772 892 τὸν
1793 867 1858 902 πρέ-

1067 912 1162 932 ποντα.
1173 905 1314 940 Πρόφασιν
1332 906 1422 933 τοίνυν
1433 907 1483 942 τῆς
1494 908 1562 943 πρὸς
1578 909 1659 936 αὑτὸν
1669 910 1813 944 διαλέξεως
1827 912 1857 939 τὸ

1066 949 1228 985 ψυχωφελὲς
1237 951 1357 978 ἐποιεῖτο
1367 952 1559 989 παράγγελμα,
1575 954 1674 990 μηκέτι
1686 955 1858 992 πλημμελεῖν

1066 997 1164 1032 χρῆναι
1192 997 1297 1032 λέγων,
1325 999 1369 1025 ἵνα
1395 999 1432 1034 μὴ
1451 1000 1556 1035 χείροσι
1567 1001 1621 1028 τῶν
1651 1004 1856 1038 παρῳχηκότων

1065 1042 1242 1077 ὲπαλγύνοιτο
1263 1045 1368 1076 κακοῖς.
1385 1045 1510 1072 Διδάσκει
1533 1046 1561 1073 δὲ
1583 1047 1628 1074 διὰ
1643 1048 1755 1081 τούτων,
1770 1049 1807 1080 ὡς
1824 1050 1853 1076 οὗ

1066 1089 1145 1123 μόνον
1158 1090 1198 1122 είς
1207 1089 1256 1125 τὴν
1267 1090 1415 1125 μέλλουσαν
1426 1092 1535 1119 ἔσεσθαι
1552 1093 1643 1128 κρίσιν
1658 1094 1848 1131 ἀποθησαυρί-

1064 1134 1105 1167 ζει
1116 1134 1183 1167 Θεδς
1196 1136 1252 1167 τοῖς
1262 1136 1417 1172 ἀνθρώποις
1426 1137 1461 1165 τὰ
1471 1138 1706 1175 πλημμελήματα,
1725 1143 1854 1176 μαστιγοῖ

1063 1180 1092 1206 δὲ
1113 1182 1243 1214 ποικίλως
1260 1182 1300 1209 ἔτι
1320 1182 1425 1216 ζῶντας
1452 1185 1481 1211 ὲν
1510 1185 1635 1220 σώμασι,
1664 1187 1710 1214 καὶ
1733 1188 1787 1223 πρὸ
1803 1188 1851 1224 τῆς

1064 1226 1185 1262 μεγάλης
1196 1227 1242 1254 καὶ
1253 1229 1401 1263 ἐπιφανοῦς
1416 1230 1524 1265 ἡμέρας
1540 1231 1587 1257 τοῦ
1603 1232 1670 1258 πᾶσι
1683 1232 1849 1266 δικάσαντος.

1063 1272 1124 1299 Ὅτι
1143 1273 1171 1299 δὲ
1190 1273 1319 1306 πολλάκις
1338 1275 1512 1311 πληττόμεθα
1533 1277 1677 1310 πταίοντες
1691 1287 1722 1305 τε
1743 1279 1789 1305 καὶ
1804 1278 1851 1305 λυ-

1061 1317 1176 1351 ποῦντες
1187 1319 1233 1346 τὸν
1248 1319 1329 1353 Θεὸν,
1345 1321 1565 1358 ἐπιμαρτυρήσει
1582 1323 1651 1358 βοῶν
1665 1325 1679 1351 δ
1693 1324 1850 1359 σοφώτατος

1060 1364 1182 1397 Παῦλος·
1205 1375 1215 1392 ι
1242 1366 1291 1393 Διά
1309 1366 1389 1394 τοῦτο
1411 1369 1440 1395 ὲν
1457 1368 1522 1404 ὑμῖν
1547 1369 1639 1397 πολλοὶ
1652 1370 1786 1404 ἀσθενεῖς,
1803 1372 1849 1399 καὶ

1059 1410 1213 1446 ἄρρωστοι,
1240 1412 1287 1439 καὶ
1307 1413 1456 1448 κοιμῶνται
1480 1414 1584 1442 ἱκανοί·
1613 1416 1638 1441 εί
1660 1416 1715 1452 γὰρ
1736 1417 1849 1449 ἑαυτοὺς

1059 1455 1222 1491 ὲκρίνομεν,
1244 1457 1294 1484 οὐκ
1315 1457 1348 1484 ἂν
1373 1459 1547 1495 ἐκρινόμεθα.
1562 1461 1728 1496 Κρινόμενοι
1750 1462 1779 1489 δὲ
1797 1463 1849 1489 ὑπὸ

1058 1500 1163 1536 Κυρίου
1172 1502 1365 1538 παιδευόμεθα,
1378 1503 1424 1530 ἴνα
1439 1505 1476 1541 μή
1490 1506 1539 1532 σὺν
1551 1506 1591 1542 τῷ
1603 1507 1699 1543 κόσμῳ
1713 1516 1848 1545 κατακρι-

1059 1547 1162 1583 θῶμεν.
1178 1557 1188 1574 ι

1095 1602 1248 1640 Ἀπῆλθεν
1260 1603 1318 1634 οὖν
1332 1609 1349 1634 d
1361 1607 1524 1642 ἅνθρωπος,
1543 1608 1593 1636 καί
1605 1607 1669 1636 εἷπε
1690 1610 1752 1644 τοῖς
1771 1611 1846 1638 Ἰου-

1057 1651 1153 1684 δαίοις
1168 1651 1212 1679 ὅτι
1238 1653 1357 1686 Ἰησοῦς
1367 1653 1452 1681 ἐστιν
1467 1655 1484 1681 d
1496 1655 1628 1690 ποιήσας
1649 1656 1743 1683 αὑτὸν
1764 1655 1843 1691 ὑγιῆ.

1091 1697 1268 1732 Καταμηνύει
1291 1699 1319 1725 δὲ
1342 1700 1398 1730 τοῖς
1423 1699 1560 1732 Ἰουδαίοις
1582 1701 1628 1728 τὸν
1650 1701 1766 1737 Ἰησοῦν,
1794 1702 1844 1738 οὺχ

1057 1742 1101 1768 ἵνα
1114 1751 1140 1769 τι
1159 1743 1227 1778 δρᾷν
1248 1743 1289 1775 είς
1309 1744 1388 1771 αὐτὸν
1414 1745 1622 1781 ἀποτολμῶντες
1643 1747 1729 1774 δεινὸν
1749 1748 1844 1774 δυσσε-

1055 1787 1165 1819 ϐοῦντες
1180 1788 1354 1822 ἁλίσκωνται,
1378 1790 1435 1817 ἀλλ’
1452 1791 1505 1824 ἶν’,
1530 1792 1607 1828 εῐπερ
1635 1793 1771 1827 βούλοιντο
1796 1795 1843 1821 καὶ

1053 1833 1131 1859 αὐτοὶ
1150 1833 1363 1869 θεραπεύεσθαι,
1381 1836 1426 1863 τὸν
1445 1836 1664 1872 ἀξιοθαύμαστον
1682 1839 1778 1866 εἰδεῖεν
1801 1840 1843 1866 ία-

1052 1879 1125 1914 τρόν.
1150 1880 1291 1916 Ἐπιτήρει
1308 1882 1362 1917 γὰρ
1383 1882 1457 1914 ὅπως
1475 1879 1552 1915 οὗτος
1565 1882 1599 1919 ἦν
1616 1884 1712 1921 ἐκείνῳ
1729 1886 1840 1918 σκοπός.

1052 1925 1089 1952 Οὐ
1106 1926 1160 1962 γὰρ
1185 1927 1254 1954 κατά
1276 1935 1336 1954 τινα
1353 1927 1406 1954 τῶν
1424 1928 1649 1964 φιλεγκλημόνων
1672 1930 1840 1965 ἀπαγγέλλει

1051 1972 1220 2008 προσελθὼν,
1228 1974 1268 2000 ὅτι
1280 1974 1384 2009 Ἰησοῦς
1393 1975 1466 2001 ἐστιν
1473 1976 1487 2002 ὁ
1495 1978 1656 2011 περιπατεῖν
1665 1978 1796 2010 ἐπιτάξας
1809 1979 1841 2005 ἐν

1050 2017 1192 2053 Σαϐϐάτῳ,
1209 2018 1267 2045 ἀλλ’
1281 2019 1310 2045 '0
1322 2019 1452 2053 ποιήσας
1465 2021 1559 2048 αὐτὸν
1570 2021 1648 2056 ὑγιῆ.
1663 2022 1748 2048 Τοῦτο
1761 2023 1790 2049 δὲ
1805 2021 1838 2058 ἦν

1049 2063 1142 2100 ἕτερόν
1159 2073 1186 2091 τι
1202 2065 1342 2097 ποιοῦντος
1365 2066 1458 2100 οὐδὲν,
1475 2067 1535 2094 ἀλλ’
1550 2067 1566 2103 ἢ
1588 2067 1669 2102 μόνον
1683 2069 1728 2096 τὸν
1746 2070 1837 2106 ἰατρὸν

1049 2119 1082 2146 ση
1087 2111 1238 2146 μαίνοντος.

1081 2167 1136 2194 Kal
1151 2167 1200 2194 διὰ
1211 2167 1298 2194 τοῦτο
1312 2167 1434 2196 ἐδίωκον
1442 2170 1494 2196 τὸν
1511 2170 1633 2204 Ἰησοῦν
1643 2172 1669 2198 οί
1687 2171 1834 2204 Ἰουδαῖοι,

1046 2213 1097 2239 καί
1112 2212 1236 2246 ἐζήτουν
1247 2213 1341 2241 αὐτὸν
1358 2215 1547 2247 ἀποκτεῖναι,
1566 2216 1611 2243 ὅτι
1626 2217 1719 2244 ταῦτα
1740 2218 1835 2244 ἐποίει

1007 2248 1033 2278 D
1045 2258 1080 2285 ἐν
1094 2258 1263 2292 Σαόϐἀτοις.
1293 2260 1323 2286 '0
1338 2260 1372 2286 δὲ
1393 2261 1508 2295 Ἰησοῦς
1523 2262 1704 2297 ἀπεκρΙνατο
1718 2263 1832 2296 αὐτοῖς,

1081 2325 1137 2359 Οὐχ
1153 2324 1241 2360 ἀπλῆν
1257 2326 1271 2352 ὀ
1285 2326 1362 2360 λόγος
1385 2326 1442 2361 ἔχει
1456 2328 1485 2354 ὲν
1499 2328 1604 2360 τούτοις
1622 2329 1671 2364 τῆς
1697 2329 1832 2356 Ἰουδαίων

1044 2370 1194 2405 παρανοίας
1207 2371 1255 2406 τὴν
1267 2371 1397 2407 ἐξήγησιν
1408 2381 1414 2388 '
1432 2373 1462 2399 οὺ
1476 2373 1530 2409 γὰρ
1545 2374 1585 2400 ὅτι
1596 2373 1724 2401 διώκουσι
1739 2375 1829 2410 μόνον,

1043 2416 1099 2443 ἀλλ’
1112 2416 1158 2442 ἐπὶ
1174 2416 1228 2443 τίσι
1243 2417 1322 2444 τοῦτο
1339 2418 1405 2453 δρᾷν
1427 2419 1476 2445 οὐκ
1502 2420 1687 2455 αἰσχύνονται,
1708 2429 1828 2456 καταση-

1044 2463 1133 2498 μαίνει
1148 2463 1230 2490 πάλιν
1244 2465 1258 2490 ὁ
1271 2464 1465 2501 εὐαγγελιστὴς
1480 2467 1710 2501 ἐμφαντικώτατα
1723 2467 1810 2501 λέγων
1819 2476 1826 2483 '

1045 2517 1054 2534 ι
1072 2509 1131 2536 Ὅτι
1147 2509 1233 2537 ταῦτα
1257 2511 1342 2537 ἐποίει
1370 2513 1399 2538 ἐν
1419 2513 1559 2548 Σαϐϐάτῳ.
1586 2523 1595 2539 ι
1622 2513 1754 2540 Διώκουσι
1771 2514 1826 2549 γὰρ

1017 2560 1019 2562 ·
1040 2553 1152 2588 ἀμαθῶς
1173 2563 1203 2581 τε
1223 2555 1269 2582 καὶ
1291 2555 1438 2588 δυσσεϐῶς,
1456 2557 1493 2589 ὡς
1512 2558 1693 2593 ἀγαθοεργεῖν
1708 2559 1737 2584 ὲν
1754 2559 1825 2585 Σαϐ-

1040 2599 1115 2635 ϐάτῳ
1131 2600 1177 2627 τοῦ
1194 2601 1275 2636 νόμου
1292 2601 1496 2634 διακωλύοντος,
1509 2603 1547 2635 ὡς
1559 2604 1609 2630 οὐκ
1623 2603 1682 2635 ἐξὸν
1698 2604 1783 2631 ἐλεεῖν
1795 2613 1824 2631 τε

1039 2647 1086 2672 καὶ
1105 2648 1302 2682 κατοικτείρειν
1325 2649 1387 2680 τοὺς
1403 2648 1565 2683 κάμνοντας,
1584 2649 1621 2681 ὡς
1637 2650 1823 2677 ἀποδύσασθαι

1037 2689 1096 2715 δέον
1119 2689 1163 2716 τὸν
1190 2690 1237 2725 τῆς
1255 2691 1365 2726 ἀγάπης
1390 2692 1499 2728 Θεσμὸν,
1519 2693 1564 2719 τὸν
1580 2693 1627 2728 τῆς
1647 2694 1823 2728 φιλαδελφίας

1037 2734 1160 2767 ἔπαινον,
1192 2736 1240 2772 τὴν
1266 2737 1316 2771 τῆς
1340 2738 1507 2773 ἡμερότητος
1531 2739 1620 2774 χάριν.
1646 2740 1700 2766 Καὶ
1723 2741 1748 2766 τί
1768 2740 1821 2776 γὰρ

1035 2781 1093 2815 οὐχὶ
1118 2780 1172 2807 τῶν
1197 2782 1306 2815 ἀγαθῶν
1330 2783 1482 2810 ἀποπτύσαι
1509 2785 1576 2811 κατά
1607 2785 1743 2817 ποικίλους
1770 2786 1820 2821 μὲν
