2026 3123
159 186 214 215 3ιὸ

689 187 722 215 ΙΝ
743 186 885 215 JOA‘NNIS
900 185 1124 215 EVANGELiUM
1143 185 1208 214 ΜΒ.
1229 186 1259 213 ll.
1733 189 1784 216 546

160 244 217 279 ἔχοι
230 252 273 275 τις
290 243 324 270 ἀν
338 241 476 274 ἀποδεῖξαι
489 241 614 277 τρόπους,
628 242 677 269 οὐκ
689 243 791 274 εἰδότας
806 242 948 274 Ἰουδαίους

1001 241 1171 269 voluntatem
1197 242 1366 278 ignorantes,
1387 250 1414 272 ct
1435 244 1583 273 vanissime
1604 244 1669 271 illud
1688 245 1779 273 obser-

159 289 206 316 τὸν
226 288 290 324 περὶ
305 288 335 314 τὸ
345 287 482 314 Σάϐϐατον
500 286 546 313 τοῦ
560 287 704 322 νομοθέτου
721 288 830 321 σκοπὸν,
846 289 947 314 εἰκαιο-

161 333 246 369 τάτην
274 333 380 360 τελείαν
407 333 450 359 ἐπ’
478 332 553 368 αὐτῷ
579 333 756 368 ποιουμένους
776 333 825 368 τὴν
851 333 947 368 ἐπιτή-

161 389 252 416 ρησιν.
268 380 324 406 Καὶ
338 379 401 415 γὰρ,
415 379 454 410 ὼς
470 379 550 411 αὐτὸς
561 378 611 414 ἔφη
628 387 680 405 που
693 379 819 414 Χριστὸς,
834 379 947 411 ἕκαστος

162 425 252 452 αὐτῶν
267 424 313 451 τὸν
332 424 397 451 ῐδιον
420 424 483 459 βοῦν
493 444 500 456 ,
516 424 575 459 ήτοι
595 424 626 450 τὸ
642 424 779 458 πρόϐατον
796 423 948 457 ἀπαγαγὼν

162 469 278 501 ποτίζει,
295 469 341 496 καὶ
356 468 506 504 περιτομὴν
519 468 653 503 λαμϐάνει
676 468 818 504 ἄνθρωπος
832 470 860 495 ὲν
877 468 948 494 Σαϐ-

162 514 248 551 ϐάτῳ,
269 514 314 541 ἵνα
331 513 368 549 μὴ
386 513 453 549 λυθῇ
473 513 578 549 ὀνόμος
591 513 721 544 Μωσέως.
739 512 806 540 Εἶτα
821 513 946 549 χολῶσιν,

161 559 204 586 ὅτι
219 559 278 586 ὅλον
297 559 438 594 ἄνθρωπον
461 559 526 593 ὑγιῆ
547 558 676 594 ἐποίησεν
695 559 723 584 ἐν
745 558 886 594 Σαϐϐάτῳ,
903 558 948 584 διὰ

161 605 262 640 πολλὴν
278 604 351 639 ἠθῶν
373 604 537 640 δυστροπίαν
560 612 589 630 τε
605 603 671 639 ὁμοῦ
696 603 743 630 καὶ¹
758 603 947 635 ἀπαιδευσίαν,

160 650 222 677 οὐδὲ
234 650 288 676 τῶν
301 649 406 684 ἀλόγων
423 650 468 676 τὸν
486 650 547 677 κατ’
561 650 653 676 είκόνα
668 649 717 684 τὴν
732 648 807 676 θείαν
819 649 949 684 γεγονότα

162 695 369 731 προτάττοντες,
386 694 443 721 ἀλλ’
458 694 561 726 ἐξεῖναι
576 695 623 730 μὲν
642 694 776 730 πρόϐατον
793 694 878 721 ἐλεεῖν
897 694 950 721 οἰό-

164 749 240 776 μενοι
258 741 313 767 δεῖν
333 740 362 767 ὲν
377 740 519 776 Σαϐϐάτῳ,
537 741 583 768 καὶ
597 741 675 776 λιμοῦ
699 741 744 767 καὶ
762 740 842 775 δίψης
863 740 950 767 ἀπαλ-

162 787 271 814 λάττειν
293 786 482 821 ἀνεγκλήτως,
506 786 689 822 παρανομίαις
713 786 742 812 δὲ
761 786 809 813 καὶ
824 787 884 817 ταῖς
904 785 950 812 ἐπὶ

161 834 218 864 τοῖς
233 833 357 868 ἐσχάτοις
371 831 532 858 ὑποκεῖσθαι
557 833 696 867 γραφαῖς,
722 833 786 863 τοὺς
810 832 889 867 οἵπερ
917 831 950 858 ἂν

162 878 282 912 γένοιντο
297 876 409 912 χρηστοί
423 885 453 902 τε
471 876 519 903 καὶ
531 877 628 911 ἀγαθοὶ
644 877 707 912 περὶ
723 876 767 904 τὸν
780 876 863 908 πέλας
880 876 949 904 κατὰ

161 923 192 949 τὸ
213 922 363 949 Σάϐϐατόν.
386 922 445 949 Ἰνα
463 922 495 957 δὴ
520 922 602 949 πάλιν
625 923 772 958 θεωρῶμεν
795 923 895 954 αὐτοὺς
919 922 948 948 οὐ

165 968 284 1003 μετρίως
295 967 513 1003 ἀνοηταίνοντας,
527 968 571 994 διά
583 977 613 994 τε
623 968 702 994 τοῦτο
715 968 827 999 δικαίως
842 968 950 995 ἀκούειν

161 1013 332 1048 ὀφείλοντας·
353 1023 362 1039 ι
382 1013 523 1040 Πλανᾶσθε
547 1013 584 1048 μὴ
606 1013 706 1045 ειδότες
724 1014 773 1045 τὰς
795 1014 919 1049 Γραφάς,
938 1022 947 1039 ›

162 1060 229 1094 φέρε
241 1059 273 1096 δὴ
289 1059 335 1086 καὶ
350 1060 382 1086 έκ
396 1060 451 1086 τῶν
468 1059 549 1095 ἱερῶν
560 1059 687 1091 λαϐόντες
700 1059 873 1095 Γραμμάτων
890 1060 950 1086 ὲπι-

161 1105 328 1140 δεικνύωμεν
343 1106 481 1141 ἐναργῶς,
510 1105 556 1132 καὶ
578 1105 662 1132 πάλαι
683 1104 950 1140 προαναζωγραφού-

164 1158 244 1184 μενον
259 1149 297 1181 ὡς
310 1150 340 1177 ὲν
353 1150 431 1185 τύπῳ
446 1150 491 1177 τὸν
509 1150 612 1185 Ἰησοῦν
632 1150 829 1186 ἀδιαφοροῦντα
846 1149 910 1186 περὶ
920 1150 950 1176 τὸ

162 1194 311 1222 Σάϐϐατον.
328 1195 433 1222 Οὐκοῦν
452 1196 481 1222 ἐν
505 1196 578 1231 γήρᾳ
601 1195 715 1231 μακρῷ,
740 1196 831 1228 καθὼς
847 1196 949 1231 γέγρα-

161 1248 239 1272 πται,
255 1239 310 1267 τῶν
322 1240 497 1275 ἀνθρωπίνων
509 1240 735 1276 ἀποδημήσαντος
748 1240 794 1267 τοῦ
810 1241 949 1275 πανσόφου

160 1286 302 1319 Μωσέως,
325 1286 372 1314 καὶ
395 1286 435 1318 είς
449 1287 498 1318 τὰς
521 1287 577 1314 ἄνω
602 1286 831 1322 μεθορμισθέντος
855 1287 948 1323 μονὰς,

162 1332 250 1368 κρίσει
265 1333 313 1360 καὶ
331 1332 414 1368 ψήφῳ
428 1332 475 1359 τοῦ
493 1333 601 1359 πάντων
617 1333 780 1368 κρατοῦντος
796 1333 876 1366 Θεοῦ,
899 1333 949 1368 τὴν

162 1378 310 1414 ἠγεμονίαν
320 1378 368 1414 τὴν
380 1378 426 1406 ἐπὶ
441 1379 486 1406 τὸν
506 1379 614 1415 Ἰσραὴλ
629 1378 706 1414 ἔλαχέ
722 1388 750 1406 τε
768 1379 816 1406 καὶ
829 1379 950 1416 ἐκληρὼ-

163 1433 229 1452 σατο
245 1426 310 1457 παῖς
323 1426 338 1451 ὁ
355 1424 403 1451 τοῦ
419 1425 496 1461 Ναυῆ
515 1425 629 1461 Ἰησοῦς.
654 1425 762 1461 Ἐπειδὴ
781 1425 810 1452 δὲ
832 1425 948 1461 μυριάν-

161 1470 240 1505 δρους
274 1470 390 1498 ὁπλιτῶν
423 1471 556 1506 ἀριθμοὺς
577 1471 670 1506 κύκλῳ
704 1471 872 1506 περιστήσας
900 1471 950 1506 τῆς

168 1515 315 1551 Ἱεριχοῦς,
347 1516 417 1543 ἑλεῖν
439 1525 469 1543 τε
495 1516 546 1552 ήδη
570 1516 617 1544 καὶ
640 1516 838 1552 καταστρέφειν
864 1516 949 1552 αὐτὴν

161 1560 297 1595 ἐϐούλετο,
316 1561 441 1598 σύνθημα
458 1562 506 1597 μὲν
526 1563 583 1594 τοῖς
603 1562 722 1594 λευίταις
742 1562 837 1596 ἐδίδου,
856 1562 948 1597 κύκλῳ

162 1607 306 1642 περιάγειν
330 1607 379 1643 τὴν
403 1607 519 1635 κιϐωτὸν
533 1628 540 1641 ,
558 1608 600 1642 ἐφ’
622 1608 698 1640 ὅλαις
718 1608 749 1642 ἓξ
764 1608 810 1635 τὸν
830 1607 947 1643 ἀριθμὸν

162 1652 297 1689 ἡμέραις,
310 1654 344 1689 τῇ
358 1653 387 1679 δὲ
400 1653 516 1689 ἑϐδόμη,
531 1652 604 1680 τοῦτ’
619 1653 676 1680 ἔστι
686 1673 693 1686 ,
707 1653 777 1681 κατά
795 1653 825 1680 τὸ
842 1653 948 1680 Σάϐϐα-

162 1706 217 1731 τον,
236 1698 431 1731 συναλαλάξειν
454 1699 514 1730 ταῖς
536 1698 664 1733 σάλπιγξι
683 1698 732 1734 τὴν
753 1698 871 1734 ἄμετρον
893 1698 948 1726 τῶν

163 1745 376 1780 στρατευμάτων
393 1745 519 1772 ἐκέλευσε
531 1745 647 1781 πληθὺν,
662 1745 709 1772 καὶ
721 1745 884 1779 κατεσείσθη
900 1745 950 1780 μὲν

161 1790 235 1817 οὓτω
250 1791 281 1817 τὸ
299 1792 387 1826 τεῖχος
398 1811 405 1823 ,
432 1791 623 1826 εἰσδραμόντες
644 1791 672 1818 δὲ
689 1791 754 1818 εἴσω
765 1811 772 1824 ,
796 1790 950 1826 χειροῦνται

161 1837 212 1872 τὴν
227 1836 307 1863 ¹ιιόλιν
319 1856 326 1869 ,
349 1836 379 1863 οὐ
396 1836 446 1871 τὴν
464 1835 577 1871 ἄκαιρον
599 1835 645 1863 τοῦ
662 1835 802 1863 Σαϐϐἀτου
815 1835 950 1871 τιμῶντες

163 1882 274 1918 ἀργίαν,
290 1882 349 1909 οὐδὲ
360 1882 392 1908 τὺ
407 1883 484 1917 νικᾷν
493 1883 521 1909 ὲν
536 1881 609 1916 αὐτῷ
620 1881 832 1918 παραιτούμενοι
845 1881 889 1908 διὰ
904 1881 949 1908 τὸν

162 1928 320 1963 ἐξείργοντα
334 1928 433 1963 νόμον,
459 1927 516 1954 ἀλλ’
531 1928 590 1954 οὐδὲ
609 1928 665 1958 τοῖς
693 1927 780 1962 Ἰησοῦ
799 1927 950 1962 στρατηγή-

163 1982 248 2009 μασιν
271 1974 498 2009 ἀντιπράττοντες
514 1973 591 2006 τότε,
615 1973 747 2008 λοιδορίας
761 1973 789 2000 δὲ
810 1973 951 2006 παντελῶς

163 2019 310 2055 ἐλευθέραν
331 2019 379 2046 τοῦ
401 2019 498 2054 ἀνδρὸς
519 2018 567 2054 τὴν
591 2018 739 2054 ἡγεμονίαν
768 2019 949 2054 τηρήσαντες.

163 2066 220 2093 Καὶ
243 2067 257 2092 ό
280 2065 330 2101 μὲν
355 2065 439 2097 τύπος
461 2065 490 2092 ἐν
513 2064 629 2096 τούτοις.
653 2065 762 2099 Ἐπειδὴ
781 2065 810 2091 δὲ
831 2065 949 2101 παρῆνή

163 2111 296 2147 ἀλήθεια,
323 2110 394 2137 τοῦτ’
416 2111 472 2137 ἔστι
501 2111 628 2146 Χριστὸς,
647 2110 697 2146 τὴν
718 2111 951 2146 ὲπιτειχισθεΐσαν

163 2158 236 2184 κατὰ
259 2157 307 2184 τοῦ
338 2157 481 2192 ἀνθρώπου
510 2157 586 2192 παρὰ
614 2157 660 2183 τοῦ
696 2157 820 2184 διαϐόλου
849 2157 952 2193 φθορὰν

163 2202 288 2229 καθελών
313 2211 343 2229 τε
366 2202 413 2229 καὶ
437 2202 657 2237 χειρωσάμενος,
680 2199 740 2228 εἷτα
764 2202 842 2228 τοῦτο
868 2202 952 2230 ποιῶν

999 291 1107 315 vantes.
1129 287 1206 320 Nam,
1221 292 1250 315 ut
1267 289 1325 323 ipse
1351 289 1477 319 Christus
1496 290 1566 318 dixit
1585 290 1697 323 alicubi,
1723 292 1784 326 qui-

997 332 1064 360 libet
1085 340 1182 360 eorum
1198 333 1283 361 boves
1308 341 1340 361 ac
1351 341 1414 362 oves
1430 343 1493 364 suas
1508 335 1670 371 adaquat",
1685 340 1713 363 et
1728 338 1785 363 οἰτ-

997 378 1198 406 cmncisionem
1227 378 1309 406 homo
1329 380 1447 414 suscipit
1470 380 1499 407 in
1525 381 1656 416 Sabbato,
1680 386 1710 409 ut
1728 390 1782 409 non

998 423 1123 451 solvatur
1144 423 1187 450 lex
1213 422 1325 458 Moysis.
1349 423 1385 450 At
1410 424 1589 459 indignantur
1604 427 1677 461 quod
1697 427 1784 454 homi-

997 476 1063 496 nem
1081 468 1109 496 in
1120 468 1165 496 die
1178 467 1290 496 Sabbati
1302 472 1390 496 totum
1402 470 1516 497 sanitati
1527 471 1658 505 restituit,
1670 478 1784 506 propter

998 522 1136 542 summam
1165 521 1272 542 morum
1298 515 1506 549 perversitatem
1526 516 1609 544 simul
1625 521 1653 544 et
1679 519 1783 545 rudita-

998 564 1065 593 tem,
1081 568 1116 588 ne
1132 560 1222 588 brutis
1237 561 1347 595 quidem
1364 561 1432 595 ipsis
1447 562 1649 596 aequiparantes
1662 570 1725 590 eum
1735 565 1784 598 qui

999 607 1033 634 ad
1049 607 1196 642 imaginem
1212 606 1260 635 Dei
1278 607 1370 634 factus
1384 610 1437 640 est,
1454 607 1501 635 sed
1520 608 1547 635 in
1563 607 1686 635 Sabbato
1702 608 1784 636 licere

999 652 1109 687 quidem
1130 653 1191 680 ovis
1220 653 1412 681 misericordia
1433 654 1538 686 teneri,
1567 661 1686 689 eamque
1714 655 1785 682 citra

999 698 1109 732 culpam
1126 697 1197 726 fame
1211 705 1243 725 ac
1263 698 1310 726 siti
1328 698 1441 726 liberari
1457 706 1539 734 posse
1550 699 1704 732 credentes,
1714 707 1784 734 prae-

999 743 1118 770 varicari
1132 750 1197 770 vero
1212 746 1240 770 et
1260 743 1391 770 extremis
1405 743 1551 778 suppliciis
1566 744 1700 772 obnoxios
1720 751 1787 772 esse

999 787 1157 822 quicunque
1172 787 1297 815 bonitate
1312 791 1338 815 et
1353 788 1455 822 pietate
1467 795 1531 823 erga
1546 789 1703 823 proximum
1720 792 1782 815 ute-

1000 838 1095 862 rentur
1110 834 1139 861 in
1156 833 1285 862 Sabbato.
1302 833 1338 861 Ut
1355 837 1430 862 certe
1445 835 1588 862 videamus
1610 842 1658 862 eos
1686 842 1784 863 rursus

1001 887 1057 908 non
1079 880 1258 908 mediocriter
1276 880 1410 913 insanire,
1430 885 1511 915 atque
1531 880 1634 908 idcirco
1651 880 1713 915 jure
1729 880 1784 908 illis

1000 925 1168 953 audiendum
1188 925 1268 962 212
1282 933 1364 953 esse:
1380 934 1389 951 (
1405 925 1511 952 Erratis
1531 926 1687 953 nescientes
1706 925 1782 952 Scri-

999 976 1096 1008 pturas
1106 971 1140 1004 ’⁸,
1159 981 1167 997 ι
1181 978 1230 1006 age
1241 979 1308 1006 ergo
1320 971 1413 999 allatis
1423 978 1535 1006 quoque
1549 978 1690 999 sacrarum
1706 970 1783 998 Scri-

999 1022 1143 1053 pturarum
1167 1016 1334 1044 testimoniis
1348 1017 1422 1044 clare
1449 1016 1627 1044 ostendamus
1644 1016 1783 1051 quondam

999 1064 1082 1091 etiam
1107 1062 1197 1098 typice
1221 1062 1424 1097 praeﬁguratum
1448 1062 1535 1090 fuisse
1561 1061 1653 1089 Jesum
1671 1060 1783 1088 Sabbati

999 1109 1219 1137 observationem
1250 1112 1439 1135 contemnere.
1466 1107 1553 1142 Igitur
1579 1105 1783 1142 sapientissimo

999 1154 1102 1190 Moyse,
1120 1157 1150 1181 ut
1168 1153 1300 1188 scriptum
1316 1156 1368 1186 est,
1385 1153 1412 1179 in
1435 1156 1559 1180 extrema
1579 1154 1721 1179 senectute
1740 1157 1782 1177 re-

999 1199 1052 1227 bus
1069 1199 1197 1226 humanis
1210 1198 1352 1230 defuncto,
1371 1201 1398 1225 et
1411 1197 1444 1224 ad
1472 1204 1607 1232 supernas
1624 1196 1783 1224 mansiones

999 1245 1143 1278 translato,
1163 1243 1267 1279 judicio
1292 1250 1324 1270 ac
1341 1242 1479 1271 sententia
1497 1241 1711 1277 cunctipotentis
1730 1240 1780 1268 Dei

999 1290 1084 1318 Josue
1099 1289 1172 1317 illius
1186 1288 1260 1316 Nave
1270 1288 1456 1316 lsraelitarum
1472 1287 1598 1322 regimen
1615 1286 1737 1314 obtinuit
1747 1286 1781 1313 “.

1000 1335 1052 1370 Qui
1079 1343 1143 1362 cum
1167 1333 1415 1361 innumerabilibus
1440 1335 1609 1359 armatorum
1629 1331 1717 1366 copiis
1740 1330 1785 1358 Je—

999 1380 1155 1408 nchuntem
1182 1378 1348 1410 obsedisset,
1362 1385 1478 1413 eamque
1498 1377 1524 1405 vi
1547 1384 1706 1412 expugnare
1728 1379 1786 1403 sta-

999 1426 1109 1459 tuisset,
1128 1425 1238 1460 signum
1258 1424 1333 1452 dedit
1349 1423 1452 1451 Levitis
1480 1426 1510 1450 ut
1537 1423 1602 1450 totis
1618 1430 1665 1450 se:
1686 1421 1786 1449 diebus

1000 1472 1107 1500 circum
1124 1472 1222 1499 urbem
1250 1478 1341 1498 arcam
1366 1469 1516 1502 deferrent,
1531 1469 1648 1504 septima
1664 1474 1740 1499 vero,
1757 1467 1785 1494 id

1000 1521 1043 1546 est
1061 1515 1432 1548 Sabbato,innumerabilem
1445 1515 1563 1542 militum
1580 1513 1785 1542 multitudinem

1000 1563 1073 1591 tubis
1088 1563 1217 1598 clangere
1230 1561 1313 1590 simul
1326 1561 1423 1596 jussit,
1437 1563 1521 1595 atque
1537 1559 1575 1587 ita
1594 1558 1738 1587 concussis
1753 1565 1786 1585 ac

1001 1609 1103 1639 dirutis
1130 1608 1269 1636 mmnibus
1296 1606 1415 1642 ingressi
1439 1606 1536 1634 urbem
1561 1610 1704 1640 ceperunt,
1729 1611 1785 1630 non

1001 1656 1180 1684 observantes
1196 1654 1422 1689 intempestivum
1439 1650 1554 1679 Sabbati
1574 1651 1673 1683 otium,
1696 1656 1787 1685 neque

1001 1701 1146 1730 victoriam
1171 1700 1218 1728 illo
1235 1699 1279 1727 die
1296 1702 1458 1726 recusantes
1474 1696 1510 1724 ob
1533 1695 1603 1731 legis
1620 1695 1785 1731 prohibitio-

1002 1755 1084 1780 nem,
1110 1746 1159 1774 sed
1181 1753 1232 1773 nec
1254 1744 1297 1773 sui
1319 1744 1399 1772 ducis
1421 1743 1567 1779 imperium
1589 1741 1786 1771 detrectantes,

1003 1794 1128 1829 adeoque
1145 1792 1236 1827 ipsum
1253 1791 1330 1818 omni
1350 1790 1431 1825 plane
1447 1788 1574 1817 convicio
1590 1787 1741 1815 liberantes
1753 1786 1786 1811 "’.

999 1839 1089 1874 Atque
1106 1838 1164 1865 haec
1178 1837 1294 1872 ﬁgurate
1311 1834 1430 1870 quidem.
1444 1833 1580 1867 Quoniam
1599 1836 1691 1858 autem
1714 1829 1787 1857 veri-
1824 1832 1829 1836 ‘

1000 1887 1043 1912 tas
1068 1883 1197 1915 advenit,
1219 1882 1245 1909 id
1261 1886 1303 1909 est
1313 1881 1455 1912 Christus,
1473 1882 1629 1913 expugnata
1649 1881 1677 1903 et
1691 1882 1788 1902 eversa

1001 1927 1178 1962 corruptione
1198 1933 1214 1953 a
1231 1925 1342 1953 diabolo
1363 1923 1499 1951 adversus
1514 1925 1641 1948 naturam
1666 1918 1787 1946 hominis

1000 1978 1108 2007 erecta,
1126 1979 1246 2007 cumque
1265 1970 1294 1998 id
1316 1969 1409 1997 facere
1432 1968 1557 1996 videatur
1583 1966 1656 1993 circa
1683 1963 1789 1991 Sabba-

1001 2025 1060 2048 tum
1072 2040 1080 2052 ,
1095 2019 1174 2047 velut
1190 2018 1218 2046 in
1233 2015 1387 2052 primordio
1400 2018 1427 2042 et
1440 2014 1478 2042 rei
1494 2011 1643 2048 principio,
1658 2011 1688 2038 in
1708 2016 1789 2044 para-

1001 2066 1087 2102 lytico
1111 2064 1259 2096 nimirum,
1289 2061 1373 2089 stulte
1406 2059 1595 2094 indignantur,
1624 2055 1788 2090 obsequium

1003 2101 1114 2147 patrum
1129 2110 1326 2141 condemnant,
1342 2115 1399 2135 non
1423 2107 1545 2134 ferentes
1561 2104 1722 2132 morborum
1738 2101 1788 2128 do—

1003 2156 1092 2183 lorem
1112 2156 1142 2182 in
1160 2155 1282 2182 Sabbato
1300 2153 1584 2187 superari,quatenus
1597 2149 1631 2176 ad
1648 2149 1788 2175 insectan-

1005 2202 1070 2230 dum
1086 2200 1180 2229 Iesum
1196 2201 1224 2227 in
1237 2199 1358 2227 Sabbato
1375 2198 1446 2226 bene
1461 2200 1610 2224 merentem
1627 2194 1788 2229 adiguntur.

163 2250 262 2284 ὁρᾶται
289 2249 358 2276 κατὰ
390 2249 421 2275 τὸ
447 2248 595 2281 σάϐϐατον,
625 2249 661 2279 ὼς
684 2249 713 2275 ὲν
739 2249 874 2284 προοιμίῳ
899 2250 947 2277 καὶ
974 2249 1046 2285 ἀρχῇ
1072 2248 1119 2275 τοῦ
1144 2248 1314 2284 πράγματος,
1338 2246 1367 2272 ὲν
1385 2245 1424 2280 τῷ
1449 2242 1673 2279 παραλελυμένῳ,
1692 2241 1789 2274 δυσφο-

165 2296 260 2332 ροῦσιν
274 2295 454 2328 ἀπαιδεύτως,
469 2295 515 2322 καὶ
527 2296 577 2330 τῆς
588 2294 642 2321 τῶν
655 2293 781 2329 πατέρων
803 2295 960 2327 εὐπειθείας
984 2293 1205 2326 καταδικάζουσι,
1226 2291 1275 2327 τὴν
1301 2292 1333 2318 ὲκ
1347 2290 1401 2317 τῶν
1416 2288 1640 2325 ἀρρωστημάτων
1652 2287 1791 2332 Ῠὲπήρειαν

163 2343 244 2377 νικᾷν
257 2341 287 2367 ὲν
301 2339 432 2374 Σαϐϐάτῳ
446 2339 494 2374 τὴν
511 2339 590 2373 φύσιν
603 2339 654 2366 οὐκ
670 2338 874 2374 ἐπιτρέποντες,
890 2340 951 2366 ὅσον
968 2341 1008 2372 είς
1021 2339 1051 2366 τὸ
1072 2339 1170 2375 χρῆναι
1204 2337 1312 2364 διώκειν
1334 2334 1493 2370 ἐπείγεσθαι
1514 2333 1558 2360 τὸν
1578 2331 1682 2368 Ἰησοῦν
1714 2331 1791 2366 εὐερ-

162 2387 295 2423 γετοῦντα
310 2385 380 2412 κατά
397 2385 428 2412 τὸ
446 2385 591 2412 Σάϐϐατον.

206 2433 240 2459 '0
254 2431 356 2465 Πατήρ
370 2440 429 2466 μου
446 2430 500 2464 ἕως
515 2431 581 2465 ἄρτι
598 2429 758 2465 ἐργάζεται,
775 2430 854 2465 κάγὼ
872 2431 949 2465 ἐργά-

1045 2429 1077 2463 ν,
1095 2429 1139 2458 l7.
1157 2428 1238 2455 Pater
1260 2434 1331 2454 meus
1357 2433 1438 2460 usque
1465 2423 1542 2451 modo
1556 2425 1691 2457 operatur,
1704 2425 1729 2447 et
1745 2428 1790 2454 ego

163 2477 261 2513 ζομαι.

219 2523 379 2556 Διαλέγεται
401 2522 450 2557 μὲν
473 2522 510 2553 ὼς
527 2521 556 2548 ἐν
575 2520 704 2554 Σαϐϐάτῳ
723 2520 848 2555 Χριστός.
870 2519 956 2548 Τοῦτο

165 2571 221 2605 ’γὰρ
239 2569 346 2604 ἀνάγκη
369 2568 400 2595 τὸ
419 2578 428 2594 ι
446 2568 497 2599 ἕως
511 2567 574 2602 ἄρτι
592 2576 601 2592 ι
621 2565 729 2600 δηλοῦν,
748 2566 791 2592 ἵνα
808 2566 854 2592 τὸν
871 2566 953 2602 ἑαυτῇ

165 2615 308 2651 πρέποντα
322 2614 400 2648 λόγον
417 2614 434 2649 ἡ
450 2613 497 2640 τοῦ
514 2612 691 2648 Θεωρὴματος
703 2612 815 2646 δέχηται
828 2611 953 2648 δύναμις.

173 2660 367 2691 Ἀπαιδεύτους
395 2659 423 2686 δὲ
445 2659 525 2690 ὄντας
551 2659 613 2689 τοὺς
649 2658 809 2690 Ἰουδαίους,
842 2658 889 2685 καὶ
914 2657 955 2689 τίς

168 2707 224 2742 μέν
245 2707 304 2733 ἐστι
332 2705 402 2732 κατὰ
433 2704 512 2740 φύσιν
539 2704 589 2730 οὐκ
616 2703 720 2736 εἰδότας
746 2705 761 2730 ὁ
786 2703 954 2740 Μονογενὴς,

169 2753 244 2788 μόνῳ
265 2752 295 2779 δὲ
319 2751 493 2782 ἀνατιθέντας
513 2750 552 2785 τῷ
575 2749 634 2784 Θεῷ
659 2749 706 2776 καὶ
732 2750 820 2785 Πατρὶ
845 2749 890 2776 τοῦ
912 2749 955 2776 διὰ

167 2798 290 2826 Μωσέως
322 2796 405 2831 νόμου
437 2796 484 2823 τὸν
521 2796 648 2830 ὁρισμὸν,
686 2795 761 2831 αὑτῷ
795 2804 823 2821 τε
856 2795 955 2830 χρῆναι

168 2844 216 2870 καὶ
233 2843 376 2869 πείθετθαι
405 2842 476 2877 μόνῳ
503 2841 775 2876 διαϐεϐαιουμένους,
802 2841 957 2868 ἀναπείθειν

1009 2482 1111 2502 oneror.

1025 2483 1161 2548 pBriZs-crit
1184 2518 1295 2554 quidem
1320 2515 1448 2544 Christus
1466 2517 1495 2540 ut
1513 2513 1541 2539 in
1565 2511 1695 2538 Sabbato.
1715 2507 1791 2536 lstud

1008 2567 1082 2595 enim
1102 2572 1216 2594 necesse
1243 2567 1285 2591 est
1310 2559 1461 2596 signiﬁcari
1484 2558 1529 2586 his
1554 2556 1656 2587 verbis,
1676 2564 1685 2580 ι
1703 2561 1791 2588 usque

1008 2613 1103 2645 modo,
1130 2622 1140 2638 ι
1163 2614 1194 2638 ut
1218 2608 1428 2637 convenientem
1448 2604 1500 2633 sibi
1528 2608 1682 2630 sermonem
1703 2600 1745 2628 vis
1764 2604 1791 2627 et

1008 2659 1080 2687 ratio
1096 2644 1284 2686 theorematis
1302 2652 1428 2687 accipiat.
1453 2649 1597 2685 Imperitos
1621 2650 1713 2675 autem
1741 2644 1790 2672 Ju-

1009 2704 1094 2735 daeos,
1110 2707 1137 2730 et
1149 2701 1305 2729 nescientes
1318 2698 1400 2734 plane
1414 2696 1476 2731 quis
1492 2693 1645 2722 secundum
1663 2697 1789 2719 naturam

1009 2750 1046 2778 sit
1065 2747 1237 2783 Unigenitus.
1259 2744 1307 2773 sed
1329 2743 1375 2770 uni
1399 2742 1455 2769 Deo
1479 2748 1511 2767 ac
1529 2739 1602 2766 Patri
1629 2737 1790 2783 praescripta

1009 2781 1135 2821 Mosaicae
1144 2792 1211 2827 legis
1225 2790 1390 2821 tribuentes,
1404 2787 1485 2821 eique
1499 2785 1546 2812 uni
1559 2782 1709 2819 parendum
1723 2781 1789 2808 amr-

1011 2844 1126 2871 mantes,
1143 2835 1310 2872 persuadere
1336 2834 1409 2861 clare
1428 2835 1544 2859 conatur
1569 2829 1660 2857 omnia
1687 2835 1716 2856 50
1736 2834 1789 2854 una

206 2901 228 2917 ’⁷
248 2900 316 2927 Luc.
335 2907 394 2932 xm,
412 2899 451 2926 15.
490 2898 512 2914 ³⁸
526 2897 620 2925 Matth.
637 2905 705 2931 χχιι,
722 2897 766 2925 29.
807 2898 829 2913 ²⁰
846 2896 922 2924 Dcut.
938 2904 949 2923 κ

1003 2903 1030 2928 v,
1045 2895 1071 2925 8,
1088 2894 1114 2921 9.
1155 2893 1176 2909 ³ο
1189 2891 1272 2920 Josue
1287 2898 1327 2923 ιιι,
1344 2890 1359 2917 3
1375 2895 1455 2923 seqq.
