2026 3123
254 194 306 222 547

748 197 776 225 S.
799 197 940 226 CYRILLI
958 197 1194 226 ALEXANDRINI
1211 197 1371 226 ARCHIEP.

1829 201 1880 229 348

252 260 313 279 cum
329 251 410 278 Patre
420 251 499 286 213
509 251 628 286 operari,
639 257 664 278 et
680 259 741 279 cum
753 253 892 280 Genitor-is
908 254 933 280 in
950 255 1039 288 seipse

1093 253 1221 288 πειρᾶται
1254 253 1364 288 σαφῶς,
1393 253 1433 280 ὅτι
1463 253 1552 280 πάντα
1575 253 1612 288 τῷ
1633 253 1720 289 Πατρὶ
1748 257 1880 292 συνεργά-

252 302 379 325 naturam
401 298 517 330 habeat,
534 301 678 332 propterea
694 298 767 332 quod
786 299 862 326 aliud
878 306 931 326 non
941 304 982 326 est
1004 299 1038 326 ab

251 343 310 376 illo,
332 343 405 378 quod
429 343 462 369 ad
483 343 645 370 substantia:
671 343 844 371 identitatem
874 348 990 379 spectat,
1009 351 1039 372 se

251 388 321 414 nihil
349 386 422 414 aliud
448 395 568 422 unquam
593 395 741 415 sensurum
766 396 850 422 quam
867 389 939 423 quod
965 388 1039 416 Patri

251 434 404 468 placuerit;
426 441 543 468 cumque
559 434 596 460 sit
613 433 736 468 ejusdem
756 433 928 466 substantiae,
944 434 1038 461 eadem

253 487 364 514 quoque
381 483 514 512 statuere,
528 480 593 511 imo,
607 488 668 507 cum
689 480 748 515 ipse
771 481 807 508 sit
824 480 919 508 vivens
944 480 1038 508 consi-

250 525 317 552 lium
335 529 362 553 et
379 525 469 552 virtus
492 525 592 558 Patris,
613 526 706 553 omnia
723 526 751 552 in
763 526 892 554 omnibus
906 534 967 554 cum
991 527 1040 554 Pa-

250 575 294 599 tre
321 571 438 606 operari.
466 571 499 599 Ut
525 579 591 606 ergo
617 571 776 599 Judazorum
806 573 887 600 inane
913 580 1039 600 murmur

251 622 400 647 amoveret.
418 625 450 644 ac
468 617 589 645 ﬂecteret
616 617 785 645 insectantes
805 618 884 653 quasi
906 619 1037 646 honorem

252 664 364 691 Sabbnti
384 664 533 694 violasset,
558 672 567 688 ι
589 663 669 690 Pater
697 671 793 698 meus,
818 664 927 699 inquit,
951 672 1039 700 usque

250 709 332 737 modo
348 713 487 744 operatur.
506 718 515 734 ι
527 708 593 735 Tale
604 709 676 735 enim
692 709 824 744 quiddam
838 709 1038 745 propemodum

251 754 407 789 signiﬁcare.
420 755 497 781 vult:
516 755 545 782 Si
571 756 675 788 credis,
691 763 707 783 ο
723 755 851 792 quisquis
866 765 906 789 es,
927 761 996 784 nulu
1011 760 1038 784 et

249 801 392 828 voluntate
413 800 458 827 Dei
480 801 604 828 omnium
628 809 719 828 rerum
749 802 857 838 opiﬁcis
881 807 1037 830 creaturam

250 847 397 882 gubernari
418 847 501 874 etiam
519 847 564 874 die
583 847 708 879 Sabbati,
720 848 756 875 ita
773 853 803 875 ut
823 849 863 876 sol
875 849 993 881 oriatur,
1011 852 1037 877 et

250 892 382 919 ilnbril‘cri
413 892 501 920 fontes
528 893 711 925 resolvantur,
735 897 762 920 et
791 893 898 922 fructus
925 902 940 922 e
964 899 1037 922 terra

249 942 407 972 erumpant,
423 946 513 974 neque
525 945 653 966 crescere
666 938 821 966 detrectent
839 943 954 974 propter
969 939 1037 967 Sab—
1054 933 1075 961 Β

249 984 354 1017 batum,
373 984 445 1019 ignis
460 988 550 1012 autem
569 992 618 1019 pro
630 993 680 1013 sua
696 990 796 1013 natura
816 990 887 1021 agat,
904 990 932 1013 et
946 986 1037 1013 homi—

249 1037 315 1057 num
334 1031 430 1058 usibus
456 1032 533 1058 nullo
552 1031 718 1067 impediente
735 1032 849 1064 serviat,
869 1031 957 1059 fatere
981 1032 1037 1058 uti-

249 1083 302 1110 que
319 1075 442 1110 Patrem,
470 1085 519 1111 pro
537 1085 569 1104 eo
598 1084 630 1104 ac
656 1077 742 1104 Deum
759 1077 848 1109 decet,
874 1077 983 1112 operari
1009 1077 1038 1104 in

250 1119 379 1147 Sabbato.
396 1120 453 1147 Cur
467 1128 544 1155 ergo,
561 1121 661 1156 inquit,
683 1121 767 1149 stulte
790 1121 950 1149 criminaris
974 1128 1037 1148 eum

248 1174 298 1201 per
315 1174 396 1201 quem
413 1172 512 1195 cuncta
531 1167 679 1202 operatur?
695 1166 756 1194 Non
780 1167 853 1194 enim
870 1167 950 1194 aliter
965 1166 1039 1195 Deus

249 1219 281 1239 ac
309 1211 390 1239 Pater
420 1216 562 1246 operatur,
587 1220 670 1248 quam
689 1221 738 1248 per
763 1213 826 1240 Filii
851 1213 980 1241 virtutem
1011 1218 1038 1241 et

251 1257 428 1292 sapientiam.
453 1257 559 1285 Idcirco
586 1258 691 1294 inquit,
718 1267 727 1284 ι
747 1257 804 1293 Ego
837 1265 947 1293 quoque
971 1266 1036 1293 ope-

250 1311 304 1330 ror.
323 1302 498 1331 )Confundit
525 1304 609 1340 igitur
634 1304 805 1340 argumentis
832 1305 860 1331 in
886 1304 1036 1332 absurdum

249 1348 449 1376 deducentibus
460 1349 618 1378 Jtnlteorum
634 1349 795 1378 eﬂ‘renatum
806 1350 938 1383 animum,
948 1355 1038 1378 osten-

248 1394 318 1422 dens
349 1403 397 1422 eos
416 1395 466 1422 sibi
488 1403 544 1423 non
574 1400 630 1423 tam
660 1403 816 1431 repugnare
841 1403 922 1431 quam
949 1395 1035 1428 Patri,

249 1441 292 1468 cui
309 1447 383 1469 certe
404 1442 450 1468 uni
473 1442 541 1478 legis
557 1441 689 1469 honorem
713 1442 853 1469 ascribere
878 1441 1036 1473 studebant,

249 1487 371 1515 nondum
387 1493 569 1523 agnoscentes
590 1487 743 1515 naturalem
758 1489 819 1523 ejus
834 1486 946 1514 Filium.
972 1485 1036 1514 Ideo

249 1535 321 1561 enim
346 1537 373 1561 et
397 1534 575 1569 peculiariter
606 1541 686 1562 suum
715 1533 823 1561 Patrem
849 1533 916 1560 dicit
939 1532 1036 1566 Deum,

250 1579 318 1606 scite
334 1579 479 1606 admodum
496 1579 529 1606 ad
549 1579 761 1614 pulcherrimam
778 1582 805 1606 et
819 1578 948 1606 eximiam
963 1577 1036 1605 ltanc

250 1624 403 1652 doctrinam
422 1625 501 1659 quasi
518 1633 600 1652 manu
615 1624 765 1652 deducens.

250 1669 331 1705 φύσιν
347 1670 419 1697 Υίόν.
437 1670 486 1697 Διὰ
500 1671 554 1706 γάρ
574 1680 614 1697 τοι
632 1671 714 1697 ’τοῦτο
730 1669 776 1696 καὶ
796 1669 946 1705 μοναδικῶς
975 1669 1071 1696 ἐαυτοῦ

250 1719 290 1750 εἰς
304 1718 332 1744 τὸ
346 1718 485 1745 κάλλιστον
498 1718 530 1754 δὴ
546 1719 635 1752 τοῦτο,
648 1718 694 1746 καὶ
713 1719 802 1754 τίμιον
817 1717 942 1753 μάθημα.

285 1784 318 1812 ν.
336 1784 378 1812 18.
392 1785 534 1819 Propterea
545 1794 606 1820 ergo
617 1786 701 1821 magis
715 1785 866 1821 quterebant
877 1794 935 1812 eum
948 1785 1039 1812 Judaei

250 1832 398 1866 interﬁcere
409 1840 418 1858 :
433 1832 494 1866 quia
511 1840 562 1859 non
577 1832 663 1859 solum
679 1832 795 1860 solvebat
811 1831 957 1860 Sabbatum
968 1852 975 1864 ,
993 1831 1038 1859 sed

251 1883 276 1905 ct
291 1877 398 1905 Patrem
414 1886 491 1905 suum
508 1877 612 1905 dicebat
629 1878 713 1905 Deum
724 1899 731 1910 ,
748 1879 877 1914 (equalem
894 1886 921 1906 se
939 1878 1039 1912 facim

250 1923 314 1951 Deo.

286 1989 327 2016 Ad
338 1989 528 2017 crudelitatem
541 1997 630 2028 magis
641 1997 673 2017 ac
684 1989 771 2026 magis
783 1989 869 2017 fertur
879 1989 1036 2017 Iudaeorum

251 2036 380 2071 animus,
395 2039 423 2063 et
437 2036 539 2070 quibus
558 2044 590 2063 ex
609 2036 693 2063 rebus
711 2036 804 2063 sanari
822 2036 973 2067 deberent,
993 2035 1036 2063 his

250 2085 403 2116 aegrescunt
419 2082 517 2116 magis,
529 2085 558 2108 ut
570 2081 608 2108 illi
619 2081 681 2116 jure
695 2082 824 2109 audiant:
840 2081 983 2114 Quomodo
997 2082 1038 2109 di-

251 2127 320 2155 cetis
334 2127 409 2161 quia,
423 2126 566 2162 Sapientes
577 2133 674 2153 sumus
687 2126 830 2154 nos?Cum
843 2126 917 2153 enim
927 2130 1037 2160 oporte-

251 2179 293 2201 ret
307 2181 355 2201 eos
368 2173 546 2200 convenienti
562 2173 669 2200 ratione
683 2172 715 2199 ad
731 2173 858 2206 pietatem
874 2171 1038 2198 reformatos

252 2219 344 2246 animo
360 2218 496 2254 mitigari,
514 2219 597 2245 etiam
621 2225 694 2245 nunc
717 2217 818 2244 caedem
843 2216 1040 2243 machinantur

1089 298 1176 330 ζεται,
1189 298 1236 324 καὶ⁸
1248 298 1297 333 τὴν
1311 298 1359 324 τοῦ
1371 298 1550 333 γεννήσαντος
1564 298 1643 332 φύσιν
1656 299 1725 334 ἔχων
1738 300 1767 327 ἐν
1781 301 1879 338 ἑαυτῷ,

1089 343 1132 370 διὰ
1147 343 1178 370 τὸ
1195 342 1231 378 μὴ
1249 343 1341 378 ἕτερόν
1359 352 1386 370 τι
1411 343 1474 378 παρ’
1489 343 1592 370 ἐκεῖνον
1607 344 1750 379 ὑπάρχειν,
1766 347 1827 374 ὅσον
1842 348 1881 379 είς

1089 388 1139 424 τὴν
1162 389 1211 424 τῆς
1230 388 1324 420 οὐσίας
1342 389 1502 424 ταυτότητα,
1522 389 1570 425 οὐχ
1588 389 1681 426 ἕτερον
1702 399 1728 418 τι
1751 393 1881 429 φρονήσει

1090 434 1154 461 ποτὲ
1175 434 1249 469 παρὰ
1269 434 1299 460 τὸ
1316 433 1353 469 τῷ
1373 435 1487 468 φύσαντι
1509 434 1617 462 δοκοῦν·
1637 435 1674 467 ὡς
1689 436 1716 463 δὲ
1730 437 1780 472 τῆς
1797 439 1881 473 αὐτῆς

1090 479 1219 514 ὑπάρχων
1232 478 1325 510 οὐσίας
1348 479 1435 506 ταύτὰ
1457 479 1503 506 καὶ
1526 479 1708 515 βουλεύσεται,
1735 482 1835 516 μᾶλλον
1853 483 1881 509 δὲ

1090 525 1169 557 αὐτὸς
1184 526 1313 561 ὑπάρχων
1333 527 1349 561 ἡ
1367 525 1443 557 ζῶσα
1459 525 1551 561 βουλὴ,
1571 527 1618 553 καὶ
1634 526 1748 562 δύναμις
1762 528 1808 555 τοῦ
1827 529 1881 555 Πα-

1089 571 1162 607 τρὺς,
1178 572 1284 607 ἐνεργεῖ
1308 571 1338 598 τὰ
1366 572 1454 598 πάντα
1469 571 1498 598 ἐν
1513 572 1579 598 πᾶσι
1605 573 1673 608 μετὰ
1690 574 1804 609 Πατρός.
1824 574 1881 601 Ἵνα

1089 618 1177 645 τοίνυν
1192 617 1237 645 τὸν
1250 619 1350 645 εἰκαῖον
1364 619 1418 644 τῶν
1439 618 1573 645 Ἰουδαίων
1594 619 1800 655 ἀποκρούσηται
1821 629 1881 654 γογ-

1089 665 1203 700 γυσμὺν,
1218 664 1266 691 καὶ
1288 664 1436 700 δυσωπήσῃ
1458 664 1606 696 διώκοντας
1631 664 1672 698 ἐφ’
1687 662 1727 697 οἷς
1752 665 1882 701 χαλεπαί-

1089 718 1144 737 νειν
1164 710 1283 744 ἐδόκουν,
1304 710 1404 737 ὡσανεὶ
1425 710 1475 744 τῆς
1501 710 1565 745 περὶ
1585 709 1615 736 τὸ
1634 709 1772 737 Σάϐϐατον
1797 720 1881 738 κατα-

1089 755 1271 791 φρονηθείσης
1300 755 1399 790 τιμῆς·
1419 764 1429 782 ‹
1452 755 1481 782 '0
1509 756 1603 791 Πατήρ
1636 764 1698 790 μου,
1721 756 1813 790 φησὶν,
1830 757 1882 788 ’ἑως

1089 799 1151 836 ἀρτι
1164 799 1320 835 ἐργάζεται.
1344 810 1352 825 ι
1369 799 1458 827 Μόνον
1471 799 1526 835 γὰρ
1543 799 1602 834 οὐχὶ
1622 800 1744 827 τοιοῦτόν
1758 810 1783 827 τι
1800 810 1884 828 κατα-

1090 845 1233 881 σημαίνειν
1251 845 1385 881 βούλεται’
1401 846 1433 872 Εἰ
1450 845 1596 879 πιστεύεις,
1616 845 1753 881 ἄνθρωπε,
1769 847 1884 880 νεύματί

1088 900 1118 919 τε
1136 892 1181 918 καὶ
1197 892 1322 927 βουλήσει
1343 891 1390 918 τοῦ
1413 891 1446 918 τὰ
1462 891 1551 918 πάντα
1575 891 1766 927 συμπήξαντός
1789 900 1818 919 τε
1838 892 1884 918 καὶ

1089 938 1290 973 τεχνησαμένου
1307 936 1373 964 Θεοῦ
1389 936 1437 972 τὴν
1454 937 1543 964 κτίσιν
1564 937 1721 965 διοικεῖσθαι
1747 938 1793 964 καὶ
1813 937 1884 964 κατὰ

1088 983 1118 1009 τὸ
1131 982 1279 1016 Σάὁϐατον,
1293 982 1330 1014 ὡς
1354 981 1473 1017 ἀνίσχειν
1491 981 1540 1017 μὲν
1560 981 1645 1017 ἥλιον,
1656 981 1840 1018 ὁμὸροτόκους
1854 989 1884 1008 τε

1088 1028 1188 1064 ὁμοίως
1209 1028 1330 1055 ἀνίεσθαι
1356 1027 1466 1062 πηγὰς,
1491 1028 1538 1054 καὶ
1557 1027 1679 1063 καρποὺς
1700 1027 1748 1062 μὲν
1773 1028 1806 1054 ὲκ
1832 1027 1885 1063 γῆς

1088 1073 1258 1109 ἀνατρέχειν,
1285 1073 1315 1100 οὐ
1344 1073 1581 1108 παραιτουμένους
1603 1072 1650 1107 τὴν
1674 1071 1758 1107 αὔξην
1785 1071 1830 1098 διὰ
1854 1072 1885 1098 τὸ

1088 1119 1238 1151 Σάϐϐατον,
1253 1119 1375 1155 ἐνεργεῖν
1391 1118 1419 1145 δέ
1444 1119 1478 1145 τὰ
1499 1119 1586 1145 οἰκεῖα
1607 1118 1638 1144 τὸ
1663 1117 1727 1153 πῦρ,
1751 1118 1812 1149 ταῖς
1828 1117 1883 1144 τῶν

1088 1164 1239 1201 ἀνορώπων
1253 1164 1369 1200 χρείαις,
1388 1163 1579 1195 ἀδιακωλύτως
1594 1163 1763 1199 ὑπηρετοῦν·
1781 1162 1838 1189 ἴσθι
1851 1162 1884 1199 δὴ

1088 1210 1197 1242 πάντως
1212 1209 1350 1245 ὁμολογῶν
1367 1210 1488 1245 ἐνεργεῖν
1501 1209 1546 1235 τὸν
1563 1209 1672 1243 Πατέρα
1686 1208 1720 1235 τὰ
1741 1208 1883 1244 θεοπρεπῆ

1088 1256 1158 1283 κατὰ
1172 1256 1202 1283 τὸ
1217 1256 1364 1284 Σάὖὸατον.
1378 1256 1409 1282 Τί
1429 1255 1571 1291 τοιγαροῦν
1595 1254 1775 1286 ἀπαιδεύτως,
1788 1254 1882 1290 φησὶν,

1088 1303 1162 1337 αἰτιᾷ
1174 1302 1220 1328 τὸν
1235 1302 1268 1328 δι’
1280 1299 1310 1329 οὗ
1323 1302 1357 1328 τὰ
1371 1301 1461 1327 πάντα
1472 1300 1636 1336 ἐργάζεται;
1658 1300 1817 1336 Ἐνεργήσει
1828 1299 1883 1335 γὰρ

1088 1349 1136 1383 οὐχ
1156 1348 1257 1383 ἑτέρως
1271 1348 1284 1374 ό
1297 1347 1362 1379 Θεὸς
1378 1347 1425 1374 καὶ
1441 1346 1546 1382 Πατὴρ,
1560 1347 1618 1374 ἀλλ’
1631 1346 1668 1377 ὡς
1683 1346 1726 1373 διὰ
1740 1345 1883 1381 δυνάμεως

1088 1395 1134 1421 καὶ
1151 1394 1246 1428 σοφίας
1260 1393 1306 1420 τοῦ
1322 1393 1397 1420 Υίοῦ.
1414 1393 1463 1419 Διὰ
1479 1392 1558 1419 τοῦτο
1571 1393 1650 1428 φησι,
1671 1401 1680 1418 ‹
1701 1391 1787 1426 Κάγὼ
1801 1391 1887 1426 ἐργά-

1088 1438 1179 1473 ζομαι.
1201 1449 1209 1464 ι
1224 1438 1348 1465 Δυσωπεῖ
1360 1437 1504 1473 τοιγαροῦν
1517 1440 1577 1470 ταῖς
1593 1439 1631 1470 είς
1651 1438 1750 1465 ἄτοπον
1766 1437 1883 1469 ἐννοίαις

1087 1484 1132 1511 τὸν
1149 1484 1277 1520 ἀχάλινον
1291 1483 1345 1510 τῶν
1363 1483 1514 1510 διωκόντων
1529 1483 1623 1518 θυμὸν,
1639 1483 1689 1518 οὐχ
1714 1483 1804 1518 ἑαυτῷ
1819 1492 1882 1510 τοσ-

1087 1530 1165 1558 οῦτον
1181 1531 1378 1563 ἀντιτείνοντας
1400 1531 1519 1562 δεικνὺς,
1535 1529 1596 1557 ὅσον
1614 1530 1699 1557 εἰπεῖν
1717 1529 1756 1566 τῷ
1782 1530 1884 1565 Πατρὶ,

1087 1575 1110 1613 ᾧ
1133 1578 1165 1614 δὴ
1190 1578 1236 1605 καὶ
1260 1579 1333 1614 μόνῳ
1359 1578 1407 1614 τὴν
1431 1578 1478 1606 τοῦ
1504 1578 1586 1614 νόμου
1611 1579 1693 1614 τιμὴν
1712 1578 1883 1614 ἀναγράφειν

1087 1624 1261 1658 ἐσπούδαζον,
1281 1626 1355 1652 alitro)
1372 1624 1552 1659 γινώσκοντες
1575 1624 1620 1651 τὸν
1641 1624 1670 1657 ἐξ
1697 1623 1780 1650 αὑτοῦ
1811 1624 1883 1651 κατὰ

1090 1670 1200 1706 Πατέρα
1231 1671 1298 1706 φησὶ
1328 1671 1373 1698 τὸν
1393 1671 1468 1702 Θεὸν,
1501 1670 1670 1705 εὐφυέστατα
1706 1670 1883 1706 χειραγωγῶν

1125 1781 1176 1808 Διὰ
1192 1780 1279 1808 τοῦτο
1298 1779 1355 1809 οὖν
1369 1781 1489 1816 μᾶλλον
1506 1779 1631 1812 ἐζήτουν
1651 1780 1746 1808 αὐτὸν
1761 1783 1788 1809 οἱ
1814 1782 1883 1811 Ἰουο

1090 1827 1167 1855 δαῖοι
1189 1827 1373 1859 ἀποκτεῖναι,
1400 1826 1444 1853 ὅτι
1463 1827 1499 1853 οὐ
1521 1827 1617 1861 μόνον
1633 1826 1703 1853 ἔλυε
1725 1826 1758 1853 τὸ
1775 1827 1885 1854 Σάϐϐα-

1091 1880 1155 1905 tor,
1168 1872 1248 1899 ἀλλὰ
1262 1872 1311 1898 καὶ
1325 1871 1440 1905 Πατέρα
1454 1871 1530 1898 ἴδιον
1543 1873 1628 1907 ἔλεγε
1643 1871 1698 1911 τὸν
1710 1872 1796 1905 Θεὸν,
1814 1873 1886 1900 tear

1092 1917 1202 1944 ἑαυτὸν
1217 1917 1310 1944 ποιῶν
1324 1917 1363 1950 τῷ
1378 1916 1448 1950 Θεῷ.

1127 1985 1304 2013 Ἐπιτείνεται
1331 1985 1399 2020 πρὸς
1426 1984 1623 2020 ἀπανθρωπίαν
1639 1985 1692 2012 τῶν
1714 1985 1851 2012 Ἰουδαίων
1866 1987 1881 2013 ὁ

1090 2032 1161 2064 νοῦς,
1180 2032 1226 2058 καὶ
1251 2031 1284 2058 δι’
1307 2028 1344 2059 ὧν
1368 2032 1451 2066 ἐχρῆν
1476 2030 1685 2066 θεραπεύεσθαι,
1701 2031 1809 2058 νοσοῦσι
1826 2039 1884 2066 μει-

1090 2077 1184 2111 ζόνως,
1201 2078 1244 2105 ἵνα
1264 2078 1296 2113 δὴ
1320 2077 1430 2109 δικαίως
1456 2077 1617 2103 ἀκούσειαν·
1647 2077 1709 2108 Πῶς
1732 2077 1821 2113 ἐρεῖτε
1841 2078 1882 2104 ὅτι

1090 2124 1170 2158 Σοφοί
1186 2125 1268 2159 ἐσμεν
1290 2124 1386 2158 ὴμεῖς;
1404 2123 1467 2150 Δέον
1492 2124 1545 2159 γὰρ
1569 2123 1667 2155 αὐτοὺς
1683 2123 1884 2158 ἐξημεροῦσθαι

1090 2169 1140 2204 τὴν
1158 2169 1280 2204 γνώμην,
1297 2169 1418 2204 λογισμῷ
1434 2169 1473 2204 τῷ
1487 2169 1617 2205 πρέποντι
1633 2169 1884 2204 μεταποιουμένους

1091 2215 1130 2246 εἰς
1154 2214 1305 2247 εὐλάϐειαν,
1323 2214 1370 2240 καὶ
1387 2215 1502 2249 φονῶσιν
1518 2215 1568 2250 ἥδη
1590 2215 1661 2241 κατὰ
1681 2214 1728 2241 τοῦ
1747 2214 1884 2249 πληροφο⁴

251 2265 312 2299 ejus
327 2265 373 2299 qui
393 2265 476 2292 rebus
493 2264 561 2299 ipsis
579 2263 755 2291 demonstrat
773 2262 843 2289 nihil
865 2262 945 2297 plane
961 2262 987 2289 in
1002 2262 1039 2289 le-

1094 2260 1201 2296 ροῦντος
1217 2260 1260 2288 διὰ
1275 2261 1456 2296 πραγμάτων,
1470 2261 1507 2293 ὡς
1523 2261 1600 2290 οὐδὲν
1611 2262 1679 2293 ὅλως
1694 2263 1733 2294 είς
1749 2262 1794 2288 τὸν
1813 2262 1883 2288 οείον

252 2319 311 2346 gem
327 2311 449 2338 divinam
466 2313 608 2345 peccatum
623 2317 685 2337 esse
695 2329 704 2342 ,
719 2309 832 2337 homine
846 2308 928 2344 214
943 2312 1039 2336 sanato

251 2356 296 2383 die
314 2355 438 2382 Sabbati.
461 2354 572 2381 Addunt
593 2361 659 2381 vero
682 2354 715 2381 ad
741 2354 810 2380 iram
832 2353 867 2381 ob
888 2354 1038 2381 Sabbatum

252 2405 413 2437 conceptam
432 2400 612 2435 blasphemia:
626 2400 731 2426 crimen
748 2407 809 2426 esse
830 2399 919 2434 ipsam
939 2399 1040 2426 verita-

253 2452 326 2481 tem,
358 2454 473 2476 suorum
506 2450 683 2481 peccatorum
712 2446 818 2474 catenis
841 2450 972 2481 perpetua
998 2446 1039 2473 ira

253 2491 361 2525 seipsos
375 2490 589 2524 obstringentes.
606 2489 808 2517 Existimabam
824 2491 897 2518 enim
911 2491 1039 2526 impieta-

252 2539 308 2564 tem
320 2544 393 2568 esse,
405 2535 672 2570 indignabanturque
685 2536 767 2570 quod,
781 2544 842 2563 cum
855 2537 938 2564 homo
950 2541 1038 2571 esset,

254 2582 338 2609 Deum
352 2581 462 2608 Patrem
476 2588 555 2608 suum
572 2580 685 2608 diceret.
697 2581 860 2609 Nesciebant
872 2583 944 2610 enim
956 2582 1040 2610 Deum

254 2627 375 2655 Verbum
393 2627 420 2653 in
438 2625 526 2653 forma
547 2627 618 2655 servi
637 2631 748 2662 propter
762 2636 812 2656 nos
835 2628 938 2656 factum
960 2636 1039 2661 esse,

254 2676 282 2699 et
297 2679 329 2699 ex
345 2671 399 2698 Deo
415 2671 495 2699 Patre
510 2672 593 2699 vitam
612 2680 794 2708 promanare,
815 2674 867 2702 hoc
883 2679 925 2702 est
942 2674 1040 2709 Unige-

255 2717 358 2749 ultum,
375 2716 420 2744 cui
435 2721 509 2744 certe
525 2718 571 2744 uni
588 2719 698 2754 proprie
713 2727 744 2746 ac
759 2727 822 2747 vere
835 2720 918 2747 Deum
934 2720 1040 2748 Patrem

255 2769 318 2790 esse
332 2763 469 2794 dicimus,
487 2765 568 2792 nobis
581 2773 644 2792 vero
658 2773 712 2793 non
728 2766 803 2793 item.
821 2766 948 2800 Adoptivi
968 2766 1041 2793 enim

256 2815 361 2842 sumus,
378 2808 411 2836 ad
434 2809 594 2845 dignitatem
616 2811 856 2845 supernaturalem
880 2811 1042 2839 honoraritis

255 2854 398 2882 voluntate
415 2856 502 2883 evecti
522 2860 548 2884 ct
573 2857 686 2884 nomina
700 2857 745 2883 illa
759 2856 866 2884 deorum
881 2864 911 2883 ac
926 2857 1042 2891 ﬁliarum

259 2898 429 2942 obtinentes,
447 2905 558 2936 propter
575 2901 774 2930 inhabitantem
792 2902 930 2930 Christum
949 2902 977 2929 in
994 2909 1043 2928 no-

1090 2309 1246 2344 ἡμόιρτηται
1267 2307 1367 2342 νόμον,
1388 2307 1561 2341 ὑγιασθέντος
1586 2307 1731 2343 ἀνθρώπου
1759 2308 1831 2340 κα,τά
1853 2308 1885 2334 τὸ

1090 2354 1235 2381 Σάϐϐατον.
1257 2353 1448 2380 Ἐπιπλέκουσι
1475 2353 1503 2380 δὲ
1528 2355 1588 2386 ταῖς
1613 2354 1656 2380 διὰ
1683 2353 1713 2380 τὸ
1742 2353 1884 2381 Σάὸϐατον

1089 2400 1194 2436 ὀργαῖς,
1209 2399 1246 2430 ὠς
1265 2398 1436 2433 βλασφημίας
1450 2398 1575 2433 ἔγκλημα
1594 2399 1643 2434 τὴν
1667 2398 1808 2434 ἀλήθειαν,
1830 2407 1883 2426 σει-

1091 2445 1150 2480 ραῖς
1165 2444 1218 2471 τῶν
1231 2443 1338 2470 οίκείων
1353 2443 1595 2479 πλημμελημάτων
1611 2445 1651 2476 είς
1665 2444 1781 2476 ἀλύτους
1798 2445 1883 2480 ὀργὰς

1091 2491 1202 2522 ἐαυτοὺς
1231 2491 1472 2524 κατασφίγγοντες.
1505 2490 1649 2517 Δυσσεὸεἴν
1676 2491 1730 2526 γὰρ
1755 2491 1882 2525 ἐδόκουν,

1063 2565 1067 2568 _
1093 2537 1155 2564 ῐδιον
1171 2537 1211 2564 ὅτι
1226 2537 1299 2571 λέγει
1313 2536 1422 2572 Πατέρα
1436 2536 1481 2563 τὸν
1494 2537 1560 2563 Θεὸν
1573 2537 1714 2571 ἄνθρωπος
1726 2536 1764 2564 ὼν
1779 2537 1883 2572 ἀσχάλ-

1090 2583 1191 2615 λοντες.
1212 2583 1248 2610 Οὐ
1264 2582 1317 2618 γὰρ
1334 2582 1432 2618 ᾔδεσαν
1451 2591 1494 2609 πω
1515 2582 1559 2609 τὸν
1581 2583 1610 2608 ἐν
1626 2582 1719 2609 δούλου
1740 2584 1833 2618 μορφῇ
1850 2583 1883 2609 δι’

1091 2631 1164 2665 ἡμᾶς
1180 2629 1309 2664 γεγονότα
1324 2628 1390 2655 Θεὸν
1403 2628 1498 2662 Λόγον,
1516 2629 1565 2663 τὴν
1581 2629 1612 2655 ἐκ
1631 2628 1677 2654 τοῦ
1694 2628 1762 2655 Θεοῦ
1778 2628 1884 2664 Πατρὸς

1091 2673 1278 2708 ἀναϐρύουσαν
1301 2673 1382 2708 ζωὴν.
1408 2673 1479 2699 τοῦτ’
1502 2672 1559 2700 ἔστι
1583 2673 1628 2700 τὸν
1646 2673 1798 2708 Μονογενῆ,
1815 2671 1883 2708 ᾧδὴ

1092 2720 1139 2747 καὶ
1155 2720 1227 2755 μόνῳ
1241 2719 1341 2755 κυρίως
1358 2728 1387 2745 τε
1403 2719 1449 2745 καὶ
1464 2719 1571 2754 ἀληθῶς
1591 2719 1774 2754 ἐπιγράφεταί
1794 2728 1824 2746 τε
1837 2720 1884 2745 καὶ

1093 2766 1148 2793 ἔστι
1164 2765 1258 2801 Πατὴρ
1272 2767 1285 2792 ό
1300 2765 1375 2797 Θεὸς,
1389 2766 1454 2800 ἡμῖν
1471 2765 1498 2792 δὲ
1513 2765 1612 2792 οὐκέτι.
1627 2765 1704 2792 Θετοὶ
1719 2765 1774 2800 γὰρ
1789 2765 1883 2800 ἡμεῖς,

1093 2813 1131 2843 είς
1148 2811 1178 2838 τὺ
1194 2811 1262 2846 ὑπὲρ
1279 2812 1358 2845 φύσιν
1374 2810 1481 2846 ἀξίωμα
1504 2810 1547 2837 διὰ
1570 2811 1619 2845 τὴν
1642 2810 1689 2837 τοῦ
1715 2811 1884 2845 τιμήσαντος

1094 2857 1202 2892 θέλησιν
1213 2856 1412 2888 ἀναϐαίνοντες,
1428 2855 1475 2882 καὶ
1487 2855 1516 2882 τὸ
1532 2856 1590 2883 θεοὶ
1608 2856 1653 2882 καὶ
1666 2855 1727 2883 ιῐοὶ
1740 2854 1884 2882 καλεῖσθαι

1094 2901 1277 2936 κερδαίνοντες
1304 2900 1347 2927 διὰ
1368 2901 1411 2927 τὸν
1431 2901 1459 2926 ὲν
1477 2902 1542 2935 ἡμῖν
1556 2900 1680 2928 οἰκοῦντα
1699 2900 1819 2935 Χριστὸν
1840 2899 1886 2928 διὰ
