2026 3123
538 175 545 190 )

249 204 298 233 35l

758 200 785 228 S.
811 199 950 228 CYl’JLLI
970 198 1206 227 ALEXANDBINI
1221 196 1380 226 ARCHIEP.

1825 188 1882 216 532

251 262 312 296 ipso
327 260 479 289 secundum
496 262 622 286 naturam
652 261 694 286 est
725 258 825 292 Filius,
856 266 910 286 non
943 257 1058 293 utique,

1113 257 1157 292 ρδς
1177 256 1305 282 σύστασιν
1330 255 1432 288 κόσμου
1455 251 1501 278 καὶ
1523 249 1592 277 κατὰ
1619 248 1768 296 Σάϐϐατονῖ
1786 246 1810 273 εἰ
1835 242 1882 295 καὶ

250 308 280 337 in
309 307 439 335 omnibus
471 313 532 342 quae
548 305 638 333 Patris
654 309 718 333 sunt
751 309 881 341 operetur
904 312 936 332 ac
955 304 1037 338 velit,

250 361 306 381 non
325 353 403 388 quasi
431 352 541 380 aliunde
568 357 698 386 tanquam
717 359 732 378 a
756 351 889 386 magistro
916 349 1039 378 faciendi

251 398 409 432 exemplum
429 398 567 432 accipiat,
584 400 630 424 aut
648 396 735 424 etiam
752 396 904 424 voluntatis
919 395 1039 431 impulsu

253 448 284 471 ut
307 444 403 471 eadem
421 449 483 469 cum
504 442 584 471 Patre
599 443 665 470 velit
682 442 819 477 adigatur,
835 441 884 469 sed
901 441 976 477 quod
991 448 1040 468 na-

253 493 325 516 tura:
342 489 522 517 immutabilis
540 489 649 524 legibus
664 488 699 516 ad
714 488 839 516 eamdem
853 495 915 515 cum
933 487 988 515 Deo
1006 494 1040 515 ac

253 535 335 563 Patre
350 535 519 563 voluntatem
533 538 560 562 et
575 535 710 562 actionem
727 534 867 561 efferatur.
883 533 943 561 Non
958 541 1041 568 posse

254 581 327 608 enim
341 589 356 609 a
370 582 461 616 seipso
477 580 565 608 facere
578 580 726 616 quidquam
738 601 745 613 ,
760 580 802 608 his
817 579 936 607 maxime
949 580 1041 607 conti-

255 627 403 655 netur.’lta
418 628 462 662 pie
478 627 665 662 cogitantibus
681 627 802 653 arbitror
822 636 831 652 ι
845 625 1041 661 captivandum

255 679 318 700 esse
331 679 439 699 omnem
454 672 624 699 intellectum
640 672 668 699 in
684 671 847 707 obsequium
863 671 966 699 Christi
982 670 1016 704 ³³,
1031 679 1039 696 ι

257 717 331 745 sicut
342 717 477 752 scriptum
492 721 545 745 est.

293 847 347 876 Sed
363 848 524 876 reclamabit
539 847 633 876 forsan
648 848 776 876 veritatis
791 849 898 880 hostis,
912 853 939 876 et
953 857 1047 877 amen-

257 895 303 921 tiae
321 903 377 922 sua:
394 895 525 930 pabulum
542 895 628 922 veluti
646 895 784 930 quoddam
805 895 831 922 id
849 895 922 930 quod
941 895 1046 923 dictum

1091 289 1123 328 δι’
1138 301 1215 336 ἐμοῦ.
1233 299 1375 326 Ἀδύνατον
1396 294 1442 324 οῦν
1465 296 1533 331 ἐμὲ,
1559 293 1657 329 φησιν,
1675 293 1721 318 τὸν
1746 291 1776 323 ἐξ
1799 289 1880 336 αὐτοῦ

1092 335 1162 374 κατά
1176 346 1256 381 φύσιν
1277 345 1352 378 Υίδν,
1371 343 1407 380 μὴ
1424 343 1484 378 οὐχὶ
1505 341 1613 370 πάντως
1635 339 1664 366 ὲν
1687 338 1754 364 πᾶσι
1775 336 1811 363 τὰ
1835 335 1882 381 τοῦ

1092 379 1199 426 Πατρδς
1219 390 1340 424 ἐνεργεῖν
1365 396 1394 414 τε
1417 387 1463 414 καὶ
1490 383 1640 421 βούλεσθαι,
1657 382 1705 417 οὐχ
1723 382 1761 413 ὼς
1786 379 1884 412 ἔξωθεν

1093 436 1209 463 λαϐόντα
1225 434 1355 465 διδακτῶς
1370 434 1415 460 τὸν
1432 432 1478 459 τοῦ
1493 432 1579 458 ποιεῖν
1601 426 1822 465 ὑπογραμμὸν,ἢ
1839 426 1886 452 καὶ

1093 482 1126 508 ὲκ
1137 480 1330 517 προαιρετικοῦ
1345 479 1494 514 κινήματος
1509 476 1553 503 ἐπὶ
1566 475 1596 502 τὸ
1608 474 1642 501 τὰ
1658 473 1727 500 αὐτὰ
1740 471 1885 508 βούλεσθαι

1093 526 1133 562 τῷ
1152 527 1240 562 Πατρὶ
1258 525 1437 560 κεκλημένον,
1456 523 1513 550 ἀλλ’
1532 522 1570 554 ὡς
1586 520 1691 556 φύσεως
1711 518 1886 554 ἀπαραποιὴ-

1094 581 1140 600 του
1159 573 1250 608 νόμοις
1271 572 1317 599 ἐπὶ
1341 572 1390 607 τὴν
1411 571 1471 606 ῐσην
1495 568 1673 596 ἀναϐαίνοντα
1693 566 1733 602 τῷ
1756 565 1816 600 Θεῷ
1840 564 1888 591 καὶ

1096 618 1184 653 Πατρὶ
1213 617 1309 653 βουλήν
1334 625 1364 643 τε
1395 616 1443 643 καὶ
1471 615 1578 650 πρᾶξιν.
1607 614 1644 640 Τὸ
1669 612 1723 648 γὰρ
1757 611 1888 638 δύνασθαι

1098 665 1183 691 ποιεῖν
1201 664 1247 699 ἀφ’
1261 663 1357 690 ἑαυτοῦ
1380 662 1471 698 μηδὲν,
1488 661 1517 688 ἐν
1539 661 1644 691 τούτοις
1666 657 1695 686 εὖ
1719 658 1790 693 μάλα
1809 665 1889 692 περι-

1097 710 1226 745 ορίζεται.
1254 709 1347 741 Οὕτως
1373 708 1448 744 οἶμαι
1477 708 1576 743 χρῆναι
1599 705 1726 737 νοοῦντας
1756 704 1888 735 εὐσεϐῶς,

1102 766 1110 782 ι
1133 756 1341 792 αἰχμαλωτίζειν
1365 756 1418 781 πᾶν
1445 755 1535 789 νόημα
1558 754 1598 785 εἰς
1624 753 1674 788 τὴν
1693 750 1817 785 ὑπακοὴν
1841 749 1889 776 τοῦ

1099 802 1227 837 Χριστοῦ,
1247 811 1255 826 ι
1271 801 1341 827 καθά
1358 801 1523 835 γέγραπται.

1135 846 1291 881 ’Λπειθήσει
1306 845 1335 872 δὲ
1354 845 1418 876 ἴσως
1441 845 1455 870 ὁ
1476 845 1508 879 τῇ
1532 842 1645 878 ἀληθείᾳ
1662 842 1826 877 μαχόμενος,
1844 840 1892 866 καὶ

1101 891 1201 928 τροφὴν
1215 891 1308 927 ὥσπερ
1326 890 1385 918 τινὰ
1399 891 1446 925 τῆς
1460 889 1556 916 ἑαυτοῦ
1573 888 1732 919 δυσϐουλίας
1748 887 1892 923 ποιήσεται

258 943 300 966 est
316 940 447 973 arripiet,
464 944 547 974 atque
561 940 604 968 his
620 947 671 967 nos
687 940 796 974 urgebit
811 949 817 966 :
833 940 861 967 Si
877 945 918 967 est
932 940 1046 975 aequalis

1109 937 1128 964 εδ
1141 936 1301 972 εἰρημένον·
1319 935 1404 971 Εἴπερ
1420 933 1454 970 ἦν
1468 935 1497 961 έν
1514 934 1627 969 ἰσότητι,
1648 932 1745 967 λέγων,
1760 931 1808 958 τοῦ
1834 931 1891 957 Πα-

259 985 333 1012 Patri
351 985 450 1017 Filius,
466 987 569 1014 nullam
583 987 607 1014 ei
623 987 813 1014 excellentiam
829 987 987 1015 necessario
1001 987 1050 1014 tri—

260 1031 365 1064 buens,
385 1037 499 1067 propter
519 1038 625 1060 natura
651 1041 708 1060 sua:
728 1032 878 1066 defectum,
905 1033 970 1068 quid
988 1041 1051 1060 eum

261 1077 356 1113 adegit
375 1083 406 1105 ut
425 1083 481 1106 tam
502 1083 596 1113 aperte
616 1079 723 1107 diceret
749 1086 803 1106 non
826 1087 908 1114 posse
926 1087 940 1106 a
959 1079 1052 1113 seipso

262 1123 354 1152 facere
381 1125 550 1160 quidquam,
581 1125 636 1153 nisi
660 1125 760 1152 viderit
786 1124 898 1152 Patrem
915 1126 997 1161 216
1013 1125 1053 1151 fa-

262 1170 406 1198 cientem?
424 1170 504 1198 Clare
519 1171 592 1198 enim
614 1171 641 1199 in
658 1171 718 1204 his,
738 1170 829 1206 inquit
841 1190 848 1202 ,
865 1170 968 1198 fatetur
984 1171 1053 1198 nihil

262 1216 345 1251 plane
361 1224 394 1244 ex
412 1217 505 1252 seipse
522 1216 613 1245 facere
634 1224 735 1252 posse,
761 1222 791 1244 ut
810 1217 857 1252 qui
878 1217 1054 1251 praestantio-

262 1270 322 1290 rem
339 1266 367 1290 et
382 1263 606 1290 excellentiorem
625 1267 766 1298 agnoscat.
782 1263 823 1290 Tu
841 1269 906 1290 vero
922 1262 954 1289 ad
971 1270 1053 1297 argu-

264 1308 318 1336 tias
344 1312 407 1337 tttas
435 1309 527 1337 denuo
550 1310 709 1337 reverteris.
736 1309 807 1341 Quid
833 1309 919 1344 igitur
941 1309 974 1335 ad
997 1308 1055 1336 haec

265 1362 348 1389 porro
363 1354 511 1383 dicemus?
529 1354 558 1382 ln
577 1355 764 1390 blasphetuias
781 1355 885 1382 Christi
906 1354 994 1382 hostis
1010 1355 1055 1381 in-

265 1400 400 1433 valescit,
415 1408 505 1435 neque
525 1408 558 1427 ex
580 1400 718 1435 imperitia
737 1400 845 1428 ebrium
867 1408 897 1428 se
914 1400 1053 1435 intelligit.

267 1445 387 1473 Decebat
399 1446 501 1481 quippe
511 1466 518 1478 ,
531 1452 547 1472 ο
563 1445 635 1473 bone
646 1465 653 1478 ,
667 1445 723 1472 vim
737 1449 764 1472 et
782 1444 946 1472 sententiam
960 1451 1055 1471 eorum

267 1499 330 1526 qua:
350 1491 483 1518 dicuntur
508 1492 671 1526 exquirere,
698 1498 754 1518 non
777 1495 881 1518 temere
905 1491 1054 1522 insultare,

267 1537 426 1564 rationibus
440 1537 587 1572 imperitis.
602 1537 748 1570 Quomodo
762 1536 835 1564 enim
851 1536 886 1564 de
900 1536 1057 1572 aequalitate

269 1590 332 1610 cum
345 1582 426 1610 Patre
439 1582 646 1610 deturbandum
663 1590 725 1610 esse
741 1581 842 1609 Filium
861 1586 942 1617 putas
953 1601 960 1613 ,
976 1589 1009 1608 ex
1023 1588 1056 1608 eo

270 1627 344 1662 quod
362 1626 430 1654 dicit
459 1634 514 1654 non
532 1634 615 1662 posse
634 1635 647 1654 a
670 1627 763 1662 scipso
778 1614 869 1654 facere
884 1626 1034 1661 quidquam
1048 1645 1055 1658 ,
1070 1614 1092 1644 (ἶ

271 1671 325 1700 nisi
346 1672 448 1700 viderit
469 1672 578 1700 Patrem
600 1672 769 1700 facientem?
793 1673 835 1699 An
861 1672 935 1699 enim
962 1671 1058 1700 istltzee

272 1719 406 1753 loquitur,
427 1719 507 1754 quasi
530 1727 585 1746 non
608 1719 645 1746 sit
668 1719 767 1754 aequali
784 1719 888 1746 virtute
905 1717 1059 1754 praeditus?

271 1764 354 1799 Atqui
374 1764 418 1791 vel
438 1772 471 1791 ex
490 1765 581 1792 verbis
609 1765 758 1799 propositis
786 1765 878 1799 potius
899 1764 992 1791 videre
1016 1767 1059 1791 est

272 1808 372 1836 Filium
391 1809 515 1844 ejusdem
533 1817 593 1837 esse
609 1817 672 1837 cum
689 1809 760 1837 Filio
776 1809 886 1838 virtutis
897 1829 904 1841 ,
921 1817 1002 1845 quam
1019 1809 1060 1836 di-

273 1855 338 1882 vina
354 1863 451 1883 carere
468 1856 579 1883 virtute.
598 1855 657 1883 Non
672 1856 745 1883 enim
760 1855 853 1883 dicere
869 1856 987 1888 videtur,
1001 1855 1060 1882 Non

274 1905 365 1936 potest
378 1900 468 1929 Filius
482 1909 496 1928 a
512 1902 603 1936 seipso
619 1902 710 1929 facere
727 1901 878 1936 quidquam
889 1921 896 1933 ,
913 1901 965 1928 nisi
982 1908 1062 1928 acce—

274 1946 347 1981 perit
364 1950 528 1981 potcstatem
549 1953 564 1972 a
578 1945 660 1973 Patre
676 1946 748 1981 (hoc
764 1946 838 1974 enim
862 1946 973 1978 dicere,
997 1953 1062 1980 pro-

275 1992 350 2019 lecto
369 1997 443 2019 esset
457 1992 563 2019 viribus
577 1991 677 2019 defecti
688 1991 697 2026 )
710 2001 717 2025 ;
731 1991 795 2023 sed,
812 2000 821 2017 ι
836 1991 889 2018 nisi
906 1990 1003 2018 viderit
1017 1990 1064 2017 Pa-

275 2043 344 2066 trem
360 2038 517 2066 facientem.
531 2048 539 2064 ι
553 2030 632 2071 Quod
647 2042 737 2066 autem
751 2037 860 2066 videndi
873 2045 955 2064 senstt
972 2036 1005 2064 ad
1019 2044 1064 2064 res

275 2085 486 2120 perspiciendas
501 2092 644 2116 vocentur.
661 2092 715 2111 non
734 2088 825 2111 autem
850 2083 968 2118 majores
990 2082 1064 2110 vires

276 2131 461 2166 accipiamus,
483 2131 671 2158 iuticiaturum
690 2131 791 2166 opinor
808 2130 958 2157 neminem.
978 2129 1066 2163 Igitur

276 2185 340 2205 cum
355 2177 440 2205 Filius
455 2177 524 2204 dicit
538 2185 567 2205 se
581 2177 671 2205 Patris
686 2184 770 2211 opera
781 2175 875 2203 videre
888 2195 894 2206 ,
906 2182 961 2201 non
978 2174 1065 2209 signi-

278 2224 340 2251 ﬁcat
353 2232 381 2252 se
392 2224 559 2251 imbecillum
570 2223 699 2256 esse,scd
713 2223 878 2250 imitatorem
892 2221 985 2256 potius
996 2241 1003 2254 ,
1018 2226 1067 2248 aut

277 2273 459 2305 spectatorem
471 2289 478 2302 ,
497 2275 579 2305 prout
597 2270 625 2297 in
643 2269 824 2304 sequentibus
844 2268 1004 2295 accuratius
1022 2267 1066 2294 di-
1083 2284 1106 2312 Ι)

279 2323 382 2343 cemus.
402 2315 481 2348 Quod
497 2319 588 2343 autem
607 2322 655 2349 per
669 2314 791 2342 eamdem
809 2317 836 2341 et
853 2313 1020 2341 simillimam
1037 2313 1066 2340 in

278 2361 409 2389 omnibus
425 2361 613 2396 operationem
624 2359 737 2394 'equalis
753 2366 815 2386 esse
824 2362 958 2394 potestate
973 2357 1067 2386 videa-

280 2411 336 2439 tur,
349 2408 409 2442 ipse
424 2407 499 2434 clare
516 2405 628 2433 docebit
641 2406 668 2432 in
680 2405 860 2440 sequentibus
877 2405 911 2433 de
925 2413 976 2433 suo
985 2405 1067 2433 Patre

281 2453 404 2481 subdens
420 2461 426 2479 :
443 2462 452 2478 (
468 2453 647 2486 Qumcunque
662 2451 736 2478 enim
752 2451 800 2478 ille
815 2450 928 2482 fecerit,
956 2450 1015 2478 haec
1040 2454 1067 2478 et

281 2498 368 2525 Filius
385 2498 513 2526 similiter
535 2496 611 2524 facit.
632 2505 641 2522 ›
656 2495 799 2529 Quomodo
814 2503 880 2531 ergo
903 2496 993 2523 minor
1007 2499 1068 2528 est,

283 2544 329 2579 qui
345 2543 497 2578 mqualibus
511 2550 574 2569 cum
591 2541 645 2569 Deo
663 2549 694 2569 ac
710 2541 791 2569 Patre
805 2542 1014 2576 operationibus
1029 2545 1072 2570 est

284 2588 473 2624 conspicuus?
487 2587 619 2622 Nunquid
642 2587 715 2615 enim
732 2587 802 2622 ignis
820 2587 896 2614 aliud
912 2587 1071 2622 operabitur

284 2642 366 2670 quant
394 2633 484 2669 ignis,
513 2634 589 2660 nulla
612 2633 640 2660 in
665 2633 804 2668 operando
831 2633 985 2660 mutatione
1011 2639 1072 2667 per-

285 2680 387 2715 cepta?
403 2679 455 2712 Qut
474 2687 593 2714 namque
609 2678 635 2706 id
649 2679 707 2706 ﬁeri
724 2679 833 2714 possit?
848 2677 993 2711 Quomodo
1008 2684 1072 2712 ergo

286 2725 382 2754 eadem
401 2726 562 2761 operabitur
578 2733 639 2761 quae
662 2726 766 2758 Filius,
785 2726 808 2753 si
828 2725 932 2752 idcirco
953 2723 1071 2751 minoris

287 2771 399 2799 virtutis
413 2779 475 2800 esse
491 2772 642 2800 censetur?
663 2772 752 2807 Atque
772 2771 831 2799 hmc
853 2770 965 2806 quidem
989 2769 1071 2797 nobis

288 2825 321 2844 ex
343 2816 417 2845 dicto
441 2818 581 2853 proposito
602 2818 683 2846 allata
706 2821 772 2846 sunt
795 2815 1069 2852 impraesentiarum;

326 2906 349 2924 "
360 2906 381 2934 ll
396 2907 457 2935 Cor.
479 2917 492 2935 κ
500 2929 506 2941 ,
515 2911 541 2937 .‘i.

1101 984 1165 1019 τρὺς
1189 984 1203 1010 ὁ
1228 983 1310 1014 Υἱὸς,
1332 981 1459 1017 οὐδεμίαν
1485 980 1628 1015 ἀπονέμων
1653 979 1690 1010 ὡς
1716 979 1746 1010 ἐξ
1769 979 1893 1013 ἀνάγκης

1102 1029 1176 1065 αὐτῷ
1188 1028 1236 1064 τὴν
1254 1028 1400 1063 ὑπεροχὴν,
1410 1027 1455 1054 διὰ
1465 1027 1495 1053 τὸ
1507 1026 1556 1061 τῆς
1567 1026 1668 1057 οἰκείας
1684 1025 1792 1059 φύσεως
1804 1032 1894 1059 μειον-

1102 1075 1219 1110 έκτημα,
1231 1074 1257 1101 τί
1277 1074 1306 1100 τὸ
1320 1073 1449 1104 πεπεικὺς
1463 1071 1550 1102 οὕτως
1566 1071 1646 1097 αὑτὸν
1658 1069 1893 1100 ἀκατακαλύπτως

1103 1121 1199 1153 εἰπεῖν,
1217 1119 1254 1154 μὴ
1277 1118 1405 1145 δύνασθαι
1428 1118 1513 1144 ποιεῖν
1536 1116 1582 1150 ἀφ’
1610 1115 1706 1142 ἑαυτοῦ
1729 1114 1822 1150 μηδὲν,
1847 1114 1894 1140 ἐὰν

1105 1167 1169 1201 μήτι
1190 1165 1276 1202 βλέπῃ
1298 1164 1344 1191 τδν
1367 1163 1476 1199 Πατέρα
1502 1162 1646 1195 ποιοῦντα;
1667 1161 1763 1196 Σαφῶς
1787 1161 1842 1197 γὰρ
1865 1161 1894 1186 έν

1103 1211 1217 1245 τούτοις,
1241 1211 1333 1245 φησιν,
1357 1209 1484 1245 ὁμολογεῖ
1503 1209 1584 1244 μηδὲν
1600 1208 1667 1240 ὅλως
1687 1207 1717 1240 ἐξ
1731 1206 1829 1234 ἑαυτοῦ
1848 1206 1894 1232 δύ-

1104 1256 1198 1284 νασθαι
1219 1257 1321 1288 ποιεῖν,
1343 1255 1380 1287 ὡς
1406 1254 1485 1286 εἰδὼς
1509 1254 1629 1289 δηλονότι
1654 1253 1699 1279 τὸν
1722 1253 1828 1288 ἀμείνω
1849 1251 1895 1278 καὶ

1105 1301 1281 1337 ὑπερέχοντα.
1301 1300 1336 1326 Σὺ
1361 1299 1390 1326 δὲ
1417 1296 1451 1326 αὖ
1477 1298 1557 1325 πάλιν
1577 1298 1641 1333 ἡμῖν
1660 1295 1831 1330 κατασοφίζῃ
1850 1294 1897 1321 τὸν

1104 1347 1191 1382 λόγον.
1208 1347 1240 1373 Τί
1259 1343 1305 1373 οὖν
1323 1346 1391 1381 πρὸς
1410 1344 1508 1377 ταῦτα,
1529 1344 1577 1371 καὶ
1597 1344 1660 1378 παρ’
1676 1343 1770 1378 ὴμῶν;
1791 1340 1897 1376 Ἀνδρί-

1106 1392 1181 1425 ζεται
1195 1392 1274 1419 πάλιν
1299 1392 1340 1423 εἰς
1358 1391 1514 1426 δυσφημίας
1532 1390 1546 1416 ὁ
1563 1389 1755 1424 χριστομάχος,
1780 1388 1828 1414 καὶ
1848 1394 1898 1422 με-

1106 1439 1177 1466 θύων
1194 1438 1224 1470 ἐξ
1241 1437 1420 1468 ἀπαιδευσίας
1438 1436 1488 1462 οὐκ
1513 1435 1681 1462 αἰσθάνεται.
1697 1434 1773 1469 Χρῆν
1793 1433 1858 1468 γὰρ,
1873 1428 1898 1458 ὦ

1107 1484 1244 1519 βέλτιστε,
1270 1481 1425 1518 δοκιμάζειν
1449 1480 1570 1517 ἀκριϐῶς
1591 1480 1644 1507 τῶν
1667 1479 1822 1516 εἰρημένων
1846 1478 1898 1513 τὴν

1106 1529 1230 1564 δύναμιν,
1249 1528 1295 1555 καὶ
1316 1528 1352 1563 μὴ
1371 1527 1524 1563 προχείρως
1548 1525 1682 1560 ὲπιπηδᾷν
1704 1526 1760 1556 τοῖς
1780 1524 1810 1556 εξ
1826 1525 1899 1559 ἀμα-

1107 1575 1168 1606 θίας
1188 1575 1351 1601 είσϐαίνουσι
1372 1574 1522 1608 λογισμοῖς.
1548 1572 1626 1599 Κατὰ
1644 1571 1704 1598 τίνα
1720 1571 1774 1606 γὰρ
1796 1570 1899 1605 τρόπον

1107 1622 1157 1658 τῆς
1181 1622 1302 1656 ἰσότητος
1326 1621 1376 1655 τῆς
1404 1620 1471 1655 πρὸς
1492 1619 1538 1645 τὸν
1566 1618 1675 1653 Πατέρα
1702 1616 1901 1651 κατακομίζειν

1108 1667 1158 1693 olet
1182 1666 1279 1701 χρῆναι
1304 1665 1350 1691 τὸν
1376 1665 1451 1696 Υίὸν,
1476 1663 1519 1690 διὰ
1542 1663 1589 1690 τοῦ
1608 1662 1689 1697 φάναι
1712 1662 1749 1697 μὴ
1768 1660 1901 1687 δύνασθαι

1109 1713 1195 1740 ποιεῖν
1209 1712 1255 1747 ἀφ’
1268 1711 1362 1738 ἑαυτοῦ
1381 1711 1472 1746 μηδὲν,
1486 1709 1532 1736 ἐὰν
1549 1710 1614 1745 μήτι
1630 1708 1715 1744 βλέπῃ
1730 1707 1775 1734 τὸν
1789 1706 1901 1741 Πατέρα

1109 1757 1253 1791 ποιοῦντα;
1274 1755 1348 1792 ’Ἄρα
1364 1757 1417 1792 γὰρ
1432 1756 1468 1787 ὡς
1481 1755 1531 1782 οὐκ
1545 1755 1614 1790 ἔχων
1626 1755 1654 1781 ὲν
1667 1753 1778 1788 δύναμει
1798 1752 1829 1778 τὸ
1843 1749 1902 1778 ἴσον

1109 1805 1144 1832 τὰ
1157 1803 1269 1831 τοιαῦτά
1280 1811 1361 1838 φησι;
1378 1802 1464 1829 καίτοι
1480 1802 1526 1828 κα)⁸
1539 1801 1569 1834 ἐξ
1582 1800 1670 1827 αὐτῶν
1684 1799 1738 1826 τῶν
1752 1796 1903 1834 προκειμέ-

1111 1860 1164 1879 νων
1182 1850 1245 1878 ίδεῖν
1258 1849 1331 1876 ἔστιν
1346 1848 1534 1876 ίσοσθενοῦντα
1558 1847 1596 1882 τῷ
1622 1846 1735 1881 φύσαντι
1753 1844 1800 1871 τὸν
1827 1843 1902 1875 Υἱον,

1111 1897 1184 1932 ἢπερ
1199 1895 1289 1930 ἰσχύος
1308 1895 1357 1930 τῆς
1372 1892 1540 1929 θεοπρεποῦς
1555 1892 1659 1919 ἐπιδεᾶ.
1680 1891 1717 1917 Οὐ
1733 1890 1787 1926 γὰρ
1811 1889 1905 1924 φαίνε-

1112 1952 1158 1970 ται
1171 1943 1270 1975 λέγων,
1287 1941 1324 1968 Οὐ
1341 1940 1450 1967 δύναται
1466 1940 1480 1965 ὁ
1499 1939 1562 1970 Υἰὸς
1579 1939 1664 1965 ποιεῖν
1685 1938 1730 1972 ἀφ’
1743 1936 1842 1964 ἑαυτοῦ
1859 1936 1906 1963 οὐ·

1113 1989 1175 2021 δὲν,
1199 1988 1245 2015 ἐὰν
1267 1987 1304 2022 μὴ
1324 1987 1395 2023 λάϐῃ
1416 1986 1446 2012 τὸ
1466 1984 1593 2011 δύνασθαι
1616 1983 1691 2019 παρὰ
1713 1983 1759 2010 τοῦ
1780 1983 1906 2018 Πατρός·

1113 2035 1193 2062 τοῦτο
1206 2034 1262 2070 γὰρ
1282 2031 1315 2069 ἦν
1327 2033 1411 2064 ὅντως
1419 2030 1595 2061 ἀσθενοῦντος
1603 2030 1689 2056 εἰπεῖν
1699 2038 1705 2044 ·
1728 2029 1797 2061 ἀλλ’,
1812 2038 1822 2054 ‹
1844 2028 1907 2054 Ἐὰν

1117 2081 1153 2116 μή
1167 2088 1193 2106 τι
1213 2079 1299 2114 βλέπῃ
1315 2078 1358 2104 τὸν
1370 2077 1479 2112 Πατέρα
1496 2075 1635 2103 ποιοῦντα.
1654 2085 1663 2101 ι
1678 2075 1738 2101 Ὀτι
1752 2074 1781 2100 δὲ
1796 2074 1841 2100 διὰ
1858 2073 1907 2108 τῆς

1115 2125 1231 2159 ὀπτικῆς
1248 2123 1399 2159 αἰσθήσεως
1415 2122 1464 2149 οὐκ
1481 2122 1521 2153 είς
1541 2121 1570 2148 τὸ
1588 2120 1769 2156 δυναμοῦσθαι
1795 2120 1906 2155 μᾶλλον,

1116 2170 1173 2198 ἀλλ’
1195 2171 1234 2202 εἰς
1255 2169 1371 2205 θεωρίαν
1394 2168 1442 2203 τὴν
1466 2167 1546 2194 τινῶν
1569 2166 1709 2194 καλεῖσθαι
1733 2165 1906 2200 πεφύκαμεν,

1117 2217 1322 2251 ἀντιστατήσειν
1337 2213 1414 2250 οἶμαι
1430 2213 1539 2249 μηδένα.
1554 2213 1658 2240 Οὐκοῦν
1673 2213 1729 2243 τοῖς
1750 2211 1797 2238 τοῦ
1813 2212 1908 2246 γεννή-

1120 2271 1215 2294 σαντος
1234 2262 1324 2298 ἔργοις
1342 2259 1504 2292 ὲνατενίζειν
1516 2259 1610 2286 ἑαυτὸν
1622 2257 1738 2294 εἰρηκὼς
1751 2259 1765 2284 ὁ
1784 2257 1849 2288 Υἰδς
1861 2257 1909 2282 οὐκ

1120 2309 1283 2336 ἀσθενοῦντα
1299 2307 1426 2339 δεικνύει,
1452 2305 1574 2341 ζηλωτὴν
1596 2305 1624 2331 δὲ
1648 2304 1757 2340 μᾶλλον,
1771 2304 1832 2338 ἦτοι
1847 2303 1909 2329 θεα-

1120 2355 1180 2390 τὴν,
1200 2354 1248 2381 καὶ
1271 2353 1343 2384 ὅπως
1369 2352 1563 2387 ἀκριϐέστερον
1588 2351 1653 2386 ἡμῖν
1677 2351 1705 2377 ἐν
1730 2351 1786 2381 τοῖς
1812 2349 1911 2383 ἐφεξῆς

1121 2400 1270 2436 εἰρήσεται.
1283 2399 1343 2425 Ὅτι
1357 2398 1385 2424 δὲ
1398 2397 1442 2424 διὰ
1461 2397 1509 2432 τῆς
1522 2395 1731 2431 ἀπαραλλάκτου
1754 2395 1801 2421 καὶ
1821 2394 1911 2429 ὁμοιο-

1121 2446 1204 2481 τάτης
1216 2445 1365 2480 ἐνεργείας,
1379 2445 1429 2479 τῆς
1449 2443 1488 2474 είς
1506 2442 1613 2469 ᾶπαντα
1624 2442 1706 2476 φημὶ,
1718 2440 1748 2467 τὺ
1766 2438 1828 2467 ’ίσον
1845 2440 1912 2474 έχων

1123 2493 1152 2518 ἐν
1169 2492 1202 2527 τῇ
1223 2490 1334 2525 δυνάμει
1355 2489 1489 2523 φαίνεται,
1510 2487 1610 2520 διδάξει
1635 2486 1728 2521 σαφῶς
1749 2487 1779 2512 έν
1795 2487 1853 2517 τοῖς
1871 2486 1914 2518 sq».

1125 2537 1189 2573 εξῆς
1198 2536 1331 2570 ἐπιλέγων
1344 2535 1424 2566 αὐτὸς
1435 2534 1473 2566 ὡς
1489 2533 1552 2569 περὶ
1565 2533 1611 2559 τοῦ
1628 2532 1693 2559 ἰδίου
1710 2532 1820 2566 Πατρός
1830 2539 1837 2546 ·
1853 2540 1862 2556 ι
1882 2531 1914 2557 Ἀ

1126 2585 1179 2620 γὰρ
1189 2584 1222 2611 ἂν
1238 2583 1340 2614 ἐκεῖνος
1353 2582 1429 2617 ποιῇ,
1445 2580 1530 2606 ταῦτα
1543 2579 1589 2606 καὶ
1601 2579 1615 2604 ὁ
1626 2578 1689 2609 Υἱὸς
1702 2577 1804 2612 ὁμοίως
1815 2577 1912 2604 ποιεῖ.)

1127 2629 1189 2661 Πῶς
1201 2625 1248 2655 οὖν
1259 2627 1378 2654 ἐλάττων
1403 2624 1487 2656 ἐστὶν,
1499 2624 1513 2649 ὁ
1534 2624 1595 2654 ταῖς
1619 2621 1776 2657 ίσορῤόποις
1795 2621 1837 2655 τῷ
1857 2620 1916 2651 Θεῷ

1128 2676 1174 2702 καὶ
1194 2675 1282 2710 Πατρὶ
1305 2671 1456 2708 διαπρεπὴς
1484 2669 1651 2705 ένεργείαιςς
1683 2667 1845 2703 Ἐνεργήσει
1864 2669 1918 2701 γὰρ

1127 2722 1180 2756 ἄρα
1210 2720 1244 2747 τὰ
1267 2719 1351 2754 πυρὸς
1370 2717 1464 2752 ἕτερόν
1483 2725 1510 2743 τι
1534 2715 1610 2750 παρὰ
1629 2714 1660 2740 τὸ
1689 2713 1765 2748 πῦρ,
1791 2712 1920 2747 οὐδεμιᾶς

1127 2766 1186 2794 κατ’
1207 2765 1348 2800 ἐνέργειαν
1373 2761 1563 2798 θεωρουμένης
1593 2759 1763 2793 ὲξαλλαγῆς;
1785 2759 1843 2785 Καὶ
1861 2757 1919 2788 πῶ.

1127 2813 1158 2840 ἂν
1180 2812 1284 2847 γένοιτο
1303 2809 1382 2838 τοῦτό
1407 2817 1492 2842 ποτε;
1509 2807 1572 2839 Πῶς
1594 2803 1640 2833 οὖν
1654 2805 1754 2841 ὁμοίως
1772 2804 1921 2840 ἐργάσεται
