2026 3123
130 203 183 231 353

671 202 703 230 ΙΝ
729 201 874 230 JOANNIS
895 201 1119 231 EVANGELIUM
1140 204 1203 231 LIB.
1221 204 1252 232 ll.

1706 208 1760 236 554

130 259 166 286 τὰ
177 257 224 285 τοῦ
242 258 349 294 Πατρὸς
360 259 374 285 ὁ
386 258 457 290 Υἱὸς,
472 259 495 285 εί
515 258 558 284 διὰ
570 258 648 285 τοῦτο
663 258 771 286 ἔλαττον
787 259 858 294 ἔχειν
874 259 920 294 τῆς

974 260 1180 288 consideremus
1197 266 1290 289 autem
1308 270 1405 292 rursus
1423 264 1501 292 aliter
1516 272 1550 292 an
1574 264 1633 292 Filii
1659 269 1759 293 natura

132 304 193 339 ἕσης
211 305 249 336 ὼς
277 305 344 340 πρὸς
370 305 450 332 αὑτὸν
479 305 569 340 ἰσχύος
603 305 839 340 ἀπολιμπάνεται;
868 305 924 331 Καὶ

130 351 217 377 ταῦτα
238 351 288 386 μὲν
306 352 381 386 ἡμῖν,
406 351 443 382 ὡς
471 352 503 377 ἑκ
531 351 577 377 τοῦ
601 351 781 387 προκειμένου
807 351 874 386 πρὸς
893 351 924 377 τὸ

131 396 220 431 παρὸν
235 396 338 431 ἐλήφθη
355 395 437 431 ῥητοῦ
449 405 455 411 ·
471 397 570 431 ἴδωμεν
584 397 611 423 δὲ
623 397 703 424 πάλιν
714 397 760 423 καὶ
774 397 806 423 δι’
822 397 922 430 ἑτέρων

133 440 217 471 ἰόντες
226 439 421 475 θεωρημάτων,
435 441 458 466 εί
470 440 622 475 ὲπιδέχεταί
639 449 684 467 ποι
699 441 729 466 τὸ
745 441 774 467 ἐν
787 440 922 475 δευτέροις

130 483 202 512 εἶναι
225 485 272 511 τοῦ
299 486 405 521 Πατρὸς
432 487 448 521 ἡ
474 486 520 512 τοῦ
546 486 610 513 Υἱοῦ
637 486 735 521 φύσις·
767 485 921 521 προκείσθω

129 531 158 557 δὲ
181 531 282 566 ὁμοίως
296 533 361 566 ἡμῖν
385 532 398 557 ὁ
423 532 486 566 περὶ
506 531 647 567 δυνάμεως
663 532 751 566 λόγος.
766 530 838 567 τΑροι
855 530 921 558 Θεὸν

129 578 163 604 ἐκ
177 578 243 605 Θεοῦ
260 578 329 605 κατὰ
344 578 424 612 φύσιν
436 579 482 605 καὶ
502 579 637 613 ἀληθινὸν,
649 580 697 606 καὶ
717 579 749 605 ὲκ
768 580 817 614 τῆς
828 578 922 609 οὐσίας

129 626 146 662 ἦ
168 625 233 652 Θεὸν
250 626 300 660 μὲν
314 624 382 652 εἶναι
399 626 475 660 φασὶ,
492 626 522 652 τὸ
547 626 574 652 δὲ
591 626 749 660 ὲξῳκεῖσθαι
763 626 812 662 τῆς
825 625 918 656 οὐσίας

166 673 198 699 Εἰ
212 673 260 708 μὲν
274 670 318 698 οὖν
334 673 383 698 οῦκ
400 673 431 698 ἐκ
445 674 493 708 τῆς
504 672 597 704 οὐσίας
608 672 653 698 τοῦ
671 673 777 708 Πατρὸς
793 671 862 699 εῖναι
876 671 920 698 λέ-

131 727 225 753 γουσιν
238 719 326 751 αὐτὸν,
343 717 403 744 οὐτε
418 718 482 749 Θεὸς
498 718 573 745 ἕσται
587 718 657 745 κατὰ
671 718 762 753 φύσιν,
778 717 839 744 οὐτε
854 718 919 750 Θεὸς

131 763 267 799 ἀληθινός.
293 763 322 790 Ὀ
336 763 390 798 γὰρ
408 763 444 799 μὴ
462 765 493 790 ἐκ
507 764 574 790 Θεοῦ
599 763 669 790 κατὰ
686 763 765 798 φύσιν
779 763 917 798 ὑπάρχων,

130 809 227 836 οὐδ’ἆν
240 810 308 840 ὅλως
319 810 404 836 νοοῖτο
417 809 486 836 κατὰ
501 810 580 843 φύσιν
596 809 672 841 Θεὸς,
684 809 744 836 οὐδὲ
756 809 829 840 Υἱὸς,
842 810 866 835 εἰ
881 808 918 844 μὴ

131 855 165 881 ἐκ
179 855 227 889 τῆς
247 854 339 886 οὐσίας
363 854 492 890 ἐγεννήθη
514 855 562 881 τοῦ
585 855 700 890 Πατρός·
721 855 796 881 νόθον
809 855 838 881 δὲ
853 856 919 890 ἡμῖν

132 901 180 927 καὶ
196 901 349 936 πρόσφατόν
369 909 429 927 τινα
445 901 640 936 παρεισάγουσι
653 901 729 928 Θεόν.
750 901 781 927 Et
798 901 827 927 δὲ
840 900 918 927 τοῦτο

133 947 182 982 μὲν
204 947 254 973 οὐκ
275 946 376 982 ἐροῦσι,
398 946 445 982 τὴν
463 948 491 973 έν
507 948 562 978 τοῖς
581 948 690 978 οἰκείοις
710 947 841 982 δόγμασιν
857 948 918 974 ἀτο-

131 992 198 1019 πίαν
219 991 439 1028 ὲρυθριὰσαντες,
464 992 578 1018 δώσουσι
595 992 621 1018 δὲ
643 991 750 1027 ἀληθῶς
766 994 797 1018 ὲκ
813 992 919 1026 Πατρὸς

131 1038 266 1072 ὑπάρχειν
283 1038 328 1064 τὸν
348 1038 497 1072 Μονογενῆ,
521 1038 567 1064 καὶ
585 1035 656 1064 εἷναι
671 1037 736 1064 Θεὸν
752 1038 822 1064 κατὰ
838 1037 918 1071 φύσιν

131 1083 179 1109 καὶ
191 1082 324 1118 ἀληθινῶς
337 1091 344 1098 ·
361 1083 418 1114 πῶς
431 1083 459 1108 ὲν
472 1083 608 1109 ἐλάττοσιν
624 1082 698 1109 ἔσται
713 1082 758 1109 τοῦ
774 1081 890 1118 Πατρὸς,
901 1082 918 1118 ἢ

132 1128 191 1160 πῶς
216 1129 338 1164 ἁτονήσει
362 1128 425 1164 περί
448 1137 484 1160 τι,
510 1128 555 1154 καὶ
578 1128 638 1163 οὐχὶ
660 1129 708 1162 τῆς
728 1127 773 1154 τοῦ
792 1127 918 1158 τεκόντος

131 1173 226 1205 οὐσίας
241 1174 424 1209 κατηγορήσει
437 1173 467 1199 τὸ
486 1175 619 1208 πρᾶγμα;
644 1173 676 1199 Εἰ
691 1172 744 1208 γὰρ
757 1172 824 1204 ὅλως
839 1172 919 1199 ἀσθε-

132 1220 188 1246 νεῖν
203 1219 338 1255 ὲνδέχεται
353 1219 398 1246 τὸν
415 1219 485 1246 κατὰ
503 1219 583 1253 φύσιν
601 1219 665 1245 ὄντα
679 1218 755 1250 Θεὸν,
771 1218 797 1244 τι
816 1218 846 1244 τὸ
863 1227 918 1244 κω-

130 1261 195 1292 λὺον
207 1265 266 1291 ἐστὶ
277 1264 356 1291 τοῦτο
370 1265 465 1291 παθεῖν
482 1265 528 1291 τὸν
544 1265 663 1301 Πατέρα,
673 1264 787 1300 ἐχούσης
801 1264 874 1297 ἅπαξ
888 1264 919 1290 τὸ

131 1310 262 1338 δύνασθαι
283 1310 379 1337 παθεῖν
395 1313 444 1345 τῆς
459 1311 534 1342 θείας
547 1310 594 1337 καὶ
607 1311 727 1346 ἀρρήτου
742 1310 858 1345 φύσεως,
872 1310 918 1337 καὶ

133 1356 219 1388 οὕτως
240 1356 289 1391 ήδη
307 1355 470 1391 φαινομένης
491 1356 519 1382 ὲν
534 1355 591 1390 Υἱῷ
607 1355 677 1382 κατὰ
693 1355 737 1382 τὸν
753 1356 863 1382 ἐκείνων
875 1356 919 1382 λό-

133 1411 199 1436 γον;
223 1401 326 1429 Οὐκοῦν
343 1402 403 1428 οὐδὲ
425 1402 529 1433 ἀπαθὲς
553 1401 596 1428 διὰ
613 1402 691 1428 τοῦτο
711 1402 741 1428 τὸ
758 1401 838 1434 θεῖον,
861 1401 918 1428 ἀλλ’

133 1449 194 1475 οὐδὲ
208 1449 236 1474 ἐν
249 1448 393 1483 ταυτότητι
419 1448 465 1475 καὶ
481 1448 660 1484 ἀμεταϐλήτῳ
676 1448 795 1475 κείσεται
811 1449 919 1480 πάντως

135 1493 324 1529 μακαριότητι.
352 1491 419 1520 Εἶτα
437 1493 489 1526 τίς,
514 1493 575 1520 εἰπέ
601 1502 656 1528 μοι,
677 1493 731 1520 τῶν
754 1494 788 1520 τὰ
808 1494 919 1520 τοιαῦτα

132 1540 297 1572 δοξαζόντων
310 1539 451 1572 ἀνέξεται;
468 1539 516 1570 Τίς
529 1539 566 1571 δὲ,
583 1540 633 1574 τῆς
643 1539 716 1571 Θείας
729 1539 833 1574 βοώσης
847 1540 918 1575 Γρα-

132 1585 204 1620 φῆς,
229 1585 268 1611 ὄτι
288 1584 389 1619 Κύριος
413 1584 466 1611 τῶν
485 1584 626 1620 δυνάμεών
649 1586 720 1612 ἐστιν
742 1585 756 1611 ὁ
781 1585 859 1617 Υἱὸς,
888 1585 918 1611 οὐ

134 1632 337 1667 ωταναρκήσει
361 1631 463 1665 λέγων,
488 1630 671 1666 δυναμοῦσθαι
693 1630 803 1666 χρῄζειν
827 1631 918 1663 αὑτὸν,

134 1671 183 1704 ita):
195 1677 279 1712 ἀτελῆ
293 1677 365 1703 κατὰ
377 1677 456 1703 τοῦτο
471 1676 614 1712 ὑπάρχειν,
632 1677 645 1703 ὃ
660 1677 763 1712 κυρίως
783 1677 831 1704 καὶ
848 1677 920 1712 μόνῳ

133 1723 279 1758 πρόσεστιν
294 1723 368 1758 αὐτῷ
383 1722 451 1758 μετὰ
465 1723 569 1757 [ἰατρὸς
584 1723 630 1749 καὶ¹
645 1722 723 1756 ἁγίου
741 1722 919 1757 Πνεῦματος;

141 1768 214 1803 Ἐρεί
224 1768 252 1794 δὲ
264 1768 344 1795 πάλιν
352 1769 417 1803 ἡμῖν
433 1769 446 1794 ὃ
457 1767 490 1794 δι’
501 1768 634 1799 ἐναντίας
650 1767 729 1794 Κατὰ
739 1767 817 1794 τοῦτό
830 1776 920 1802 φαμεν

134 1813 313 1848 ὑπερκεῖσθαι
330 1812 377 1839 τοῦ
393 1812 457 1839 Υἱοῦ
472 1812 517 1839 τὸν
531 1813 652 1848 Πατέρα.
676 1812 705 1839 ’0
726 1812 775 1847 μὲν
790 1812 843 1847 γάρ
862 1813 920 1838 ἐστι

131 1858 187 1884 τῶν
201 1857 288 1893 ἔργων
302 1858 547 1893 προκαταρκτικὸς,
572 1858 610 1889 ὡς
627 1857 696 1893 ἔχων
711 1857 739 1883 ἐν
752 1866 782 1884 τε
796 1858 828 1892 τῇ
843 1857 921 1883 δυνά-

136 1912 180 1938 μει
194 1903 242 1930 καὶ
254 1904 282 1929 ὲν
297 1903 335 1939 τῷ
352 1903 440 1930 πάντα
460 1902 558 1929 ειδέναι
575 1903 605 1929 τὸ
618 1903 720 1929 τέλειον
733 1910 740 1917 ·
754 1903 768 1929 ὁ
778 1903 805 1929 δὲ
822 1903 919 1937 πρότε-

135 1958 181 1985 ρον
202 1950 308 1983 γίνεται
333 1949 448 1984 θεατὴς,
475 1947 524 1975 εἷθ’
553 1948 640 1980 οὕτως
665 1949 783 1984 ἐργάτης
807 1950 856 1984 τῆς
872 1948 920 1975 τοῦ

133 1995 240 2030 Πατρὸς
256 1995 394 2030 ἐνεργείας
413 1995 631 2030 ἀναματτόμενος
644 1996 683 2026 εἰς
700 1995 794 2022 ἑαυτὸν
809 1994 858 2029 τὴν
877 1994 921 2028 μί’

136 2049 228 2076 μησιν,
245 2041 288 2067 ἵνα
304 2041 347 2068 διὰ
360 2042 408 2076 τῆς
424 2041 478 2068 τῶν
493 2041 581 2077 ἔργων
595 2041 763 2076 ὁμοιότητος,
777 2041 825 2067 καὶ
840 2040 922 2071 αὐτὸς

137 2087 227 2122 νοῆται
243 2087 320 2119 Θεός.
337 2087 422 2114 Τοῦτο
438 2088 491 2123 γὰρ
509 2087 582 2123 ἡμᾶς
601 2087 753 2113 ἐκδιδάσκει
769 2086 866 2121 λέγων,
883 2085 920 2121 μὴ

133 2132 262 2160 δύνασθαι
277 2135 362 2160 ποιεῖν
383 2133 429 2168 ἀφ’
445 2133 540 2161 ἑαυτοῦ
557 2133 649 2168 μηδὲν,
672 2133 718 2159 ἐὰν
735 2133 771 2168 μή
785 2141 811 2159 τι
834 2132 919 2168 βλέπῃ

137 2179 178 2205 τὸν
190 2179 301 2214 Πατέρα
318 2179 454 2206 ποιοῦντα.
472 2179 505 2206 Τί
521 2179 584 2214 φὴς,
597 2176 621 2205 ὦ
636 2179 770 2214 πάντολμε
788 2178 819 2204 σύ
833 2186 840 2211 ;
865 2178 920 2213 Τῆς

133 2223 179 2250 τοῦ
195 2224 300 2260 Πατρὸς
323 2225 462 2259 ἐνεργείας
478 2224 661 2259 ἀναμάττεται
681 2224 744 2256 τοὺς
766 2223 867 2256 τύπους
881 2224 921 2255 εἰς

977 302 1058 332 Patre
1073 306 1161 339 possit
1177 313 1238 333 esse
1253 306 1376 340 inferior,
1387 308 1498 337 virtutis
1514 314 1541 337 et
1555 311 1699 345 potestatis
1714 319 1758 338 ra-

976 350 1051 378 tione
1067 351 1196 378 similiter
1214 353 1294 380 nobis
1310 355 1463 389 proposita.
1482 356 1523 382 An
1539 356 1622 383 Deum
1648 357 1682 384 de
1703 356 1760 384 Deo

976 396 1129 423 secundum
1155 401 1282 424 naturam
1307 405 1339 426 ac
1364 407 1476 430 verum.
1500 404 1527 427 ct
1550 401 1583 428 de
1608 401 1761 428 substantia

974 439 1065 468 Patris
1095 449 1191 469 revera
1221 450 1283 470 esse
1313 443 1435 471 fatentur
1460 444 1577 478 Filium,
1606 451 1652 473 aut
1677 446 1759 474 Deum

974 486 1084 520 quidem
1104 495 1166 515 esse
1180 489 1293 522 dicunt,
1314 490 1360 517 sed
1389 498 1403 517 a
1430 490 1522 519 Patris
1551 492 1671 519 alienum
1698 499 1760 520 esse

974 532 1128 560 substantia
1145 535 1227 569 impie
1245 535 1375 562 addunt?
1447 529 1453 534 ’

942 578 1027 610 δντως
1051 580 1099 606 τοῦ
1126 581 1232 616 Πατρὸς
1252 583 1428 617 ὁμολογοῦσιν
1454 583 1588 620 ὑπάρχειν
1619 584 1664 611 τὸν
1685 584 1759 617 Υίὸν,

936 625 983 652 τοῦ
999 627 1115 662 Πατρὸς,
1133 628 1334 661 δυσσεϐοῦντες,
1349 630 1562 665 προσάπτουσιν.

1009 672 1088 706 Quod
1105 675 1127 701 si
1149 675 1184 702 de
1207 676 1363 702 substantia
1390 675 1481 703 Patris
1503 675 1593 710 ipsum
1619 682 1672 702 non
1698 683 1760 703 esse

972 717 1068 745 dicunt
1078 738 1084 749 ,
1100 719 1181 754 217
1195 722 1285 754 neque
1298 719 1368 747 Deus
1382 720 1434 747 erit
1449 720 1599 747 secundum
1615 723 1757 753 naturam,

972 771 1060 798 neque
1085 764 1158 792 Deus
1182 773 1275 793 verus.
1299 766 1351 798 Qui
1374 766 1445 793 enim
1464 765 1496 792 de
1512 765 1568 793 Deo
1586 774 1640 792 non
1658 770 1699 793 est
1716 774 1759 793 se-

971 808 1092 836 cundum
1106 815 1253 844 naturam,
1272 819 1321 838 nec
1337 810 1409 838 Deus
1426 811 1522 845 utique
1539 811 1697 838 censebitur
1713 819 1759 839 se-

969 854 1090 882 cundum
1108 861 1254 890 naturam,
1272 864 1362 892 neque
1378 856 1482 889 Filius,
1500 857 1552 884 nisi
1573 865 1606 884 ex
1626 858 1758 885 substan-

969 899 1007 927 tia
1022 900 1113 928 Patris
1128 902 1164 928 sit
1178 902 1305 936 genitus,
1330 902 1378 930 sed
1401 902 1573 930 adulterinus
1594 902 1703 937 quidam
1725 910 1758 930 ac

969 954 1058 974 novus
1075 946 1148 975 Deus
1164 948 1243 975 nobis
1260 948 1294 975 ab
1311 948 1380 983 ipsis
1396 948 1546 976 invehitur.
1564 947 1643 981 Quod
1662 949 1686 975 si
1704 948 1758 976 hoc

969 992 1082 1020 minime
1098 993 1208 1027 quidem
1225 994 1324 1020 dicturi
1353 997 1437 1026 sunt,
1460 994 1540 1020 veriti
1568 1001 1681 1021 suorum
1708 993 1758 1021 do-

969 1042 1089 1072 gmatum
1105 1038 1303 1066 absurditatem
1315 1058 1322 1071 ,
1336 1039 1383 1066 sed
1395 1037 1547 1066 concedent
1559 1045 1622 1066 vere
1633 1046 1665 1066 ex
1677 1037 1757 1065 Patre

970 1082 1146 1118 Unigcnitum
1165 1084 1318 1115 exsistere,
1340 1087 1368 1110 et
1392 1084 1543 1111 secundum
1569 1087 1698 1111 naturam
1723 1091 1757 1111 ac

968 1136 1032 1156 vere
1048 1128 1134 1157 Deum
1153 1137 1233 1157 esse:
1252 1129 1390 1164 quomodo
1404 1128 1484 1156 Patre
1501 1129 1592 1156 minor
1615 1129 1685 1162 erit,
1709 1134 1757 1157 aut

969 1175 1120 1209 quomodo,
1137 1175 1160 1202 si
1177 1176 1269 1203 minus
1285 1176 1344 1210 ipse
1359 1182 1440 1210 quam
1454 1175 1536 1203 Pater
1546 1175 1573 1201 in
1587 1175 1679 1210 aliquo
1695 1183 1757 1210 pos-

969 1219 1021 1251 sit,
1037 1220 1238 1248 imbecillitatis
1252 1225 1346 1249 notam
1362 1220 1416 1249 Deo
1431 1229 1486 1248 non
1502 1221 1631 1257 affinget?
1648 1221 1714 1249 Nam
1731 1223 1755 1249 si
1769 1216 1772 1219 ’

968 1265 1105 1293 naturalis
1119 1265 1190 1293 Deus
1204 1265 1351 1294 imbecillis
1364 1267 1422 1294 fieri
1437 1271 1538 1302 potest,
1549 1267 1614 1301 quid
1628 1268 1757 1302 prohibet

968 1310 1078 1339 Patrem
1095 1311 1123 1338 in
1139 1320 1169 1339 se
1184 1320 1295 1347 quoque
1310 1312 1338 1339 id
1356 1313 1515 1347 suscipere,
1539 1321 1601 1340 cum
1623 1314 1716 1341 divina
1730 1319 1758 1341 et

969 1357 1118 1385 ineffabilis
1142 1361 1240 1385 natura
1263 1358 1291 1385 id
1316 1358 1401 1386 semel
1423 1358 1524 1386 habeat
1538 1363 1567 1385 ut
1582 1359 1639 1393 pati
1651 1359 1756 1393 possit,

970 1407 1053 1437 atque
1068 1403 1105 1430 ita
1117 1403 1174 1437 jam
1187 1422 1194 1435 ,
1212 1406 1242 1430 ut
1257 1403 1296 1430 illi
1313 1404 1425 1434 volunt,
1452 1408 1585 1438 appareat
1609 1403 1637 1431 in
1661 1403 1734 1431 Filio
1745 1405 1758 1431 ?

969 1448 1056 1483 igitur
1070 1455 1120 1476 nec
1134 1448 1206 1476 Deus
1224 1449 1385 1484 impatibilis
1397 1449 1468 1481 erit,
1484 1457 1535 1476 nec
1552 1456 1659 1484 semper
1673 1449 1756 1483 idem,

969 1501 1021 1521 nec
1044 1493 1072 1520 in
1086 1493 1216 1521 felicitate
1232 1494 1400 1521 immutabili
1424 1494 1600 1521 constitutus.
1625 1494 1660 1520 At
1683 1494 1756 1529 quis,

970 1539 1098 1571 obsecro,
1120 1547 1207 1567 sanus
1226 1539 1284 1566 haec
1309 1539 1399 1566 feret?
1415 1538 1493 1572 Quis,
1511 1539 1603 1566 divina
1618 1539 1757 1567 clamante

932 1597 953 1626 ο
972 1584 1134 1619 Scriptura,
1160 1584 1306 1612 Dominum
1329 1585 1461 1612 virtutum
1481 1591 1541 1612 esse
1556 1584 1674 1617 Filium,
1699 1593 1757 1612 non

970 1631 1129 1667 gravabitur
1144 1631 1237 1658 dicere
1254 1631 1343 1665 ipsum
1360 1630 1537 1657 corroborari
1559 1634 1704 1665 oportere.
1729 1634 1757 1657 et

969 1677 1042 1712 quod
1061 1676 1171 1711 proprie
1185 1680 1211 1703 et
1225 1676 1279 1711 ipsi
1294 1676 1346 1703 soli
1362 1676 1434 1703 inest
1449 1682 1512 1702 cum
1527 1674 1608 1702 Patre
1620 1679 1648 1702 et
1660 1678 1757 1703 sancto

971 1722 1093 1757 Spiritu,
1109 1722 1172 1749 ideo
1188 1721 1378 1757 imperfectum
1396 1721 1479 1749 esse?
1492 1721 1546 1748 Sed
1571 1729 1681 1749 rursum
1706 1729 1757 1748 no-

969 1767 1012 1794 bis
1030 1766 1226 1794 adversarius:
1249 1767 1313 1794 ldeo
1338 1766 1489 1793 asserimus
1510 1766 1680 1800 superiorem
1695 1773 1757 1794 esse

969 1811 1038 1839 Filio
1051 1812 1171 1840 Patrem.
1189 1811 1239 1839 Hic
1253 1811 1327 1839 enim
1349 1811 1439 1846 prima
1459 1818 1542 1838 causa
1562 1815 1605 1838 est
1624 1819 1756 1845 operum,

970 1861 1066 1892 utpote
1096 1865 1159 1884 cum
1186 1857 1325 1892 perfectus
1354 1857 1390 1884 sit
1417 1856 1520 1884 virtute
1546 1861 1574 1883 et
1597 1856 1758 1891 cognitione

969 1910 1082 1930 rerum:
1099 1903 1144 1930 ille
1164 1909 1231 1929 vero
1256 1902 1335 1936 prius
1359 1902 1388 1928 fit
1410 1906 1557 1936 spectator,
1577 1905 1634 1928 tum
1657 1901 1758 1928 deinde

970 1950 1113 1981 operatur,
1127 1945 1295 1980 operationis
1309 1944 1402 1972 Patris
1420 1945 1601 1972 imitationem
1620 1944 1648 1971 in
1664 1952 1694 1972 se
1709 1952 1757 1972 ex-

970 1993 1092 2027 primens
1105 2012 1111 2024 ,
1130 1995 1161 2018 ut
1175 1998 1224 2026 per
1240 1990 1448 2017 similitudinem
1466 1997 1580 2025 operum
1598 1990 1680 2017 etiam
1699 1990 1758 2025 ipse

970 2039 1138 2073 intelligatur
1163 2037 1245 2064 Deus.
1272 2035 1332 2063 Hoc
1356 2036 1431 2063 enim
1451 2043 1501 2063 nos
1519 2035 1615 2068 docet,
1641 2042 1702 2062 cum
1719 2035 1758 2061 ait

970 2091 1026 2112 non
1039 2091 1123 2119 posse
1137 2090 1151 2110 a
1165 2090 1195 2110 se
1210 2082 1302 2110 facere
1317 2081 1480 2116 quidquam,
1494 2081 1548 2107 nisi
1567 2080 1642 2114 quod
1657 2080 1757 2107 viderit

969 2130 1078 2157 Patrem
1095 2129 1251 2156 facientem.
1269 2128 1341 2161 Quid
1359 2128 1398 2155 ais
1409 2147 1417 2159 ,
1434 2126 1640 2154 audacissime?
1654 2126 1757 2161 Opera-

970 2176 1055 2204 tionis
1069 2175 1160 2202 Patris
1176 2174 1279 2201 formas
1294 2174 1322 2201 in
1338 2181 1368 2201 se
1382 2172 1514 2208 exprimit
1536 2171 1637 2204 Filius,
1653 2175 1683 2198 ut
1704 2171 1757 2198 hoc

971 2225 1053 2257 pacto
1069 2221 1142 2248 Deus
1160 2219 1350 2254 intelligatur?
1366 2218 1517 2252 Disciplina
1534 2224 1600 2252 ergo
1614 2217 1684 2244 Deus
1699 2220 1756 2248 est,

135 2269 229 2296 ἑαυτὸν
243 2270 257 2295 ὁ
272 2269 345 2302 Υἱὸς,
362 2270 404 2296 ἵνα
417 2269 460 2296 διὰ
470 2270 563 2296 τούτου
580 2269 674 2304 νοῆται
686 2269 768 2301 Θεός;
785 2268 920 2299 Διδακτῶς

975 2275 1030 2295 non
1050 2271 1141 2294 autem
1163 2270 1282 2293 natura:
1299 2268 1327 2292 et
1340 2264 1423 2292 sicuti
1441 2264 1468 2291 in
1491 2263 1571 2290 nobis
1585 2265 1627 2290 est
1644 2262 1760 2290 scientia

134 2313 179 2342 οὖν
195 2316 254 2342 ἐστι
268 2315 342 2348 Θεὸς,
360 2315 407 2342 καὶ
421 2316 510 2342 οὐκέτι
523 2315 593 2342 κατὰ
607 2315 687 2350 φύσιν
697 2324 703 2330 ·
730 2315 824 2350 ὥσπερ
845 2314 872 2340 δὲ
892 2315 920 2341 ὲν

135 2362 199 2397 ἡμῖν
215 2362 355 2397 ἐπιστήμη
371 2362 419 2389 καὶ
431 2361 512 2397 τέχνη
530 2362 620 2397 τυχὸν,
635 2361 721 2393 οὕτως
734 2361 788 2397 ἄρα
804 2361 833 2387 ἐν
847 2360 921 2396 αὐτῷ

134 2409 191 2435 ἐστι
215 2408 244 2434 τὸ
265 2407 384 2443 ἀξίωμα,
408 2407 455 2434 καὶ
471 2407 596 2443 τεχνίτης
614 2406 712 2442 μᾶλλόν
732 2407 789 2433 ἐστι
802 2405 856 2432 τῶν
872 2406 922 2441 τῆς

133 2454 262 2489 θεότητος
276 2453 374 2489 ἔργων,
394 2453 410 2488 ἢ
428 2452 492 2484 Θεὸς
506 2452 630 2487 ἀληθινός
646 2460 653 2468 ’
680 2452 772 2487 ἕτερος
792 2452 820 2478 δὲ
835 2451 921 2486 δήπου

133 2501 243 2531 πάντως
256 2499 338 2530 αὐτὸς
350 2499 425 2534 παρὰ
437 2499 486 2534 τὴν
496 2499 524 2524 ὲν
537 2497 612 2533 αὐτῷ
625 2497 732 2533 τέχνην,
746 2498 798 2525 κᾶν
812 2497 922 2534 ὑπάρχῃ

133 2546 303 2582 θεοπρεπὴς.
320 2544 381 2576 Πῶς
394 2542 440 2571 οὖν
456 2544 510 2580 ἄρα
523 2544 569 2570 τὸν
584 2543 638 2569 τῶν
650 2543 700 2577 τῆς
715 2542 838 2578 θεότητος
851 2543 922 2578 ὅρων

133 2590 306 2626 ἐκϐεϐηκότα
319 2610 327 2622 ,
351 2589 398 2616 καὶ
419 2589 448 2616 ὲν
472 2589 540 2625 μόνῃ
560 2590 593 2624 τῇ
618 2588 699 2623 τέχνῃ
719 2588 853 2624 φοροῦντα
873 2587 922 2623 τὴν

133 2638 212 2670 δόξαν
229 2635 414 2672 προσκυνοῦσι
430 2635 478 2670 μὲν
495 2635 604 2669 ἄγγελοι
621 2635 681 2661 κατ’
695 2634 821 2669 οὐρανὸν,
838 2642 923 2669 προσ-

137 2681 282 2717 κυνοῦμεν
300 2680 328 2707 δὲ
346 2679 393 2706 καὶ
415 2680 495 2715 ἡμεῖς
518 2679 702 2714 ἀνεγκλήτως,
727 2679 757 2705 τὸ
773 2679 810 2714 μὴ
824 2679 921 2714 χρῆναι

133 2727 276 2764 λατρεύειν
291 2726 376 2761 ἑτέρῳ
390 2724 466 2760 παρὰ
480 2725 524 2751 τὸν
538 2725 621 2756 ὅντως
632 2725 694 2751 ὂντα
708 2724 773 2750 Θεὸν
784 2724 833 2760 τῆς
844 2724 922 2758 ἁγίας

133 2774 334 2809 νομοθετούσης
348 2772 413 2806 ἡμῖν
426 2770 556 2805 Γραφῆς;
581 2770 713 2805 (Κύριον,
736 2779 744 2795 ι
765 2770 819 2805 γὰρ
845 2771 922 2805 φησὶ,

137 2831 146 2847 ι
160 2822 205 2848 τὸν
219 2820 286 2846 Θεὸν
302 2827 349 2844 σου
363 2817 570 2852 προσκυνήσεις,
584 2816 630 2842 καὶ
642 2815 716 2851 αὐτῷ
730 2816 801 2851 μόνῳ
814 2815 925 2851 λατρεύ.

170 2910 194 2927 “
207 2909 305 2937 Matth.
324 2917 360 2942 tv,
376 2909 423 2941 10;
442 2908 520 2934 Deut.
540 2913 574 2938 vt,
592 2905 617 2933 5.

972 2318 999 2342 et
1015 2321 1060 2340 ars
1072 2332 1080 2345 ,
1098 2313 1137 2340 ita
1149 2315 1193 2339 est
1207 2311 1236 2338 in
1251 2311 1313 2346 ipso
1328 2310 1468 2345 dignitas;
1485 2313 1512 2336 et
1524 2309 1633 2336 deitatis
1648 2315 1759 2343 operum

971 2359 1064 2395 potius
1079 2362 1122 2386 est
1136 2357 1235 2385 artifex
1246 2376 1254 2389 ,
1268 2363 1350 2392 quam
1366 2355 1437 2382 Deus
1449 2361 1531 2381 verus
1543 2358 1570 2381 et
1583 2353 1655 2380 alius
1667 2353 1762 2387 utique

972 2406 1032 2440 ipse
1053 2412 1068 2431 a
1092 2412 1142 2432 sua
1157 2407 1216 2431 arte
1227 2423 1234 2435 ,
1251 2402 1378 2437 quamvis
1393 2401 1449 2428 Deo
1465 2400 1501 2428 sit
1517 2399 1564 2426 illa
1580 2399 1760 2426 conveniens.

972 2451 1116 2484 Quomodo
1129 2450 1214 2485 igitur
1227 2448 1337 2484 angeli,
1354 2453 1460 2481 nosque
1474 2453 1536 2473 cum
1551 2445 1606 2472 illis
1620 2444 1688 2472 citra
1705 2443 1761 2470 cul-

973 2505 1036 2533 pam
1051 2497 1198 2524 adoramus
1213 2502 1275 2522 eum
1293 2493 1340 2528 qui
1357 2492 1470 2520 deitatis
1490 2490 1619 2518 terminis
1640 2489 1760 2521 excidit,

972 2547 1001 2570 et
1016 2542 1043 2570 in
1058 2541 1118 2569 sola
1133 2545 1191 2567 arte
1208 2539 1323 2575 gloriam
1340 2538 1457 2573 positam
1473 2535 1573 2568 habet,
1589 2542 1650 2562 cum
1665 2537 1761 2561 saneta

974 2585 1119 2620 Scriptura
1142 2587 1255 2611 cautum
1271 2582 1352 2610 nobis
1376 2581 1412 2609 sit
1432 2588 1469 2608 ne
1485 2579 1569 2607 alium
1592 2585 1674 2614 quam
1698 2585 1761 2606 eum

973 2632 1021 2666 qui
1037 2637 1133 2658 revera
1148 2629 1221 2656 Deus
1232 2631 1274 2656 est
1285 2627 1431 2654 adoremus
1442 2625 1454 2651 ?
1465 2633 1474 2650 ι
1487 2623 1633 2651 Dominum
1648 2632 1658 2649 ›
1669 2623 1741 2650 enim
1751 2641 1760 2654 ,

975 2677 1084 2713 inquit,
1100 2685 1109 2702 ι
1126 2676 1210 2703 Deum
1226 2678 1305 2701 tuum
1324 2671 1451 2699 adorabis
1462 2691 1468 2702 ,
1493 2674 1520 2698 et
1544 2669 1597 2704 ipsi
1613 2669 1664 2697 soli
1680 2669 1762 2703 218

976 2723 1080 2751 servies
1096 2722 1144 2748 ³⁸.»
1159 2720 1213 2748 Sed
1228 2727 1243 2746 a
1259 2719 1360 2747 decoro
1374 2725 1430 2745 non
1446 2717 1556 2744 aberrat
1570 2719 1664 2743 sancta
1680 2715 1763 2750 potis—

977 2770 1076 2798 simum
1091 2768 1248 2803 angelorum
1265 2765 1360 2797 turba,
1373 2763 1421 2792 sed
1433 2762 1529 2790 Filium
1546 2761 1658 2791 adorat,
1672 2764 1698 2788 et
1713 2767 1763 2787 no-

978 2815 1084 2843 biscum
1101 2821 1163 2842 eum
1184 2812 1251 2841 colit
1265 2818 1345 2847 quem
1364 2808 1516 2839 secundum
1533 2812 1658 2834 naturam
1676 2804 1761 2833 Deum
