2026 3123
275 219 329 246 555

770 217 798 244 Ξ.
821 216 959 244 (IYlllLLl
976 214 1214 243 ALEXANDRINI
1228 213 1388 242 AllClllEP.

1852 214 1904 241 556

274 280 350 306 novit
364 286 443 309 e559,
461 285 548 313 neque
563 277 708 313 disciplina
719 298 725 310 ,
740 282 769 305 ιιι
784 278 822 304 illi
838 283 996 312 uagantur:
1011 283 1056 303 nec

1113 283 1195 306 σεις.τ
1221 274 1289 300 Ἀλλ’
1305 274 1353 300 οὐκ
1369 274 1401 299 ἂν
1419 272 1562 307 ἀπεσφάλη
1578 273 1623 299 τοῦ
1642 273 1789 308 πρέποντος
1807 273 1823 306 ἡ
1841 273 1905 306 ἁγία

273 325 367 357 enim,
379 328 408 351 ut
424 328 535 358 apparet
547 343 555 355 ,
568 324 691 350 sentiunt
703 328 820 358 quantas
835 324 862 350 in
878 323 1062 350 absurditates

274 370 338 398 inde
355 369 543 404 prolabuntur.
565 369 685 396 Primqu
702 369 804 396 etenim
821 369 908 395 Filius
924 367 1063 395 alteratio-

274 424 336 443 ncm
353 419 380 442 et
395 415 576 442 mutationem
592 415 618 441 in
637 414 727 449 majus
749 422 765 441 a
787 414 887 441 minori
910 413 1060 448 suscipiet,

273 461 400 495 quamvis
416 468 465 496 per
480 460 642 495 prophetam
665 459 724 494 ipse
746 459 820 486 dicat
834 469 840 486 :
857 469 866 485 ι
882 458 998 490 Videte,
1020 458 1061 485 vi-

273 507 335 534 dete
351 507 414 541 quia
436 514 486 541 ego
509 514 585 538 sum,
603 510 630 533 et
651 514 705 532 non
731 510 823 533 mutor
840 506 873 532 ³⁵.
891 515 899 531 ι
916 505 968 533 Sed
986 513 1063 533 men-

273 551 358 577 tietur
374 551 468 585 utique
481 549 627 577 Psalmista
642 550 767 577 clamans
784 551 811 577 in
834 550 937 585 Spiritu
960 550 994 577 ad
1017 549 1062 577 Fi-

273 597 359 624 lium:
374 596 429 623 cTu
443 602 536 622 autem
550 596 621 622 idem
637 596 695 630 ipse
707 604 737 623 es
748 595 796 622 ³⁸.»
808 595 957 630 Exspectat
969 595 1041 623 enim
1053 614 1062 628 ,

275 648 306 669 ut
322 643 359 669 illi
375 647 524 674 asserunt,
541 641 604 668 dunt
622 641 704 668 Pater
720 642 793 668 circa
810 641 913 676 aliquid
932 645 1062 676 operetur

275 692 407 722 tanquam
423 688 479 714 dux
502 691 528 714 et
555 687 697 721 magister,
713 691 754 719 ut,
765 695 798 714 eo
819 691 985 721 conspecto,
1001 686 1062 721 ejus

275 734 398 760 imitator
412 733 468 759 ﬁat.
484 734 517 759 At
531 733 578 767 qui
594 732 652 760 ﬁeri
668 737 758 767 potest
780 736 809 759 ut
829 733 875 767 qui
901 731 1060 767 hujusrnodi

273 784 316 806 est
343 787 397 806 non
423 779 549 805 videatur
572 786 603 805 ex
630 778 806 813 ignoratione
832 778 865 805 ad
893 778 1059 814 agnitionem

274 824 458 860 quorumdam
476 824 572 856 evehi,
589 828 616 851 et
631 832 646 851 a
663 825 794 851 deteriori
812 825 839 852 in
857 825 954 851 melius
970 828 1061 852 trans-

274 871 393 902 mutari,
418 870 441 898 si
462 870 527 897 boni
552 870 695 904 cujusdam
720 870 864 897 scientiam
889 870 1062 905 ignoratione

274 916 503 952 praestabiliorem
526 923 588 943 esse
607 916 786 950 iudicemus?
808 916 841 942 At
863 915 993 951 quidnam
1017 916 1060 942 in-

1115 321 1230 356 μάλιστα
1254 320 1307 347 τῶν
1334 321 1456 355 ἀγγέλων
1483 320 1604 355 πληθὺς,
1630 320 1779 354 προσκυνεῖ
1809 319 1837 345 δὲ
1860 319 1905 345 τὸν

1113 367 1187 398 Υἰὺν,
1205 366 1252 392 καὶ
1263 366 1387 401 λατρεύει
1404 366 1463 400 μεθ’
1480 365 1568 401 ἡμῶν,
1586 364 1656 391 κατᾶ
1673 364 1753 399 φύσιν
1762 365 1828 391 ὄντα
1840 365 1905 391 Θεὸν

1112 412 1341 447 ὲπιγινώσκουσα,
1359 412 1406 438 καὶ
1419 412 1449 438 οὐ
1467 411 1608 442 διδακτῶς,
1623 410 1660 442 ὡς
1674 412 1770 437 ἐκεῖνοι
1790 410 1905 446 ληροῦν-

1111 458 1157 490 τές
1171 467 1252 492 φασιν
1264 466 1271 473 ο
1293 458 1322 484 οὐ
1336 458 1390 493 γὰρ
1406 457 1587 488 αἰσθάνονται,
1606 456 1675 482 κατὰ
1690 456 1720 482 τὸ
1737 457 1820 487 εὶκὸς,
1834 456 1905 487 ὅσοις

1112 503 1237 530 ἐντεῦθεν
1249 503 1459 539 περιπεσοῦνται
1473 504 1529 534 τοῖς
1541 502 1708 537 ἀτοπήμασι.
1727 502 1842 536 Πρῶτον
1855 501 1903 535 μὲν

1112 550 1165 586 γὰρ
1178 552 1192 577 ὸ
1205 550 1268 582 Υἱὸς
1284 549 1426 577 ἀλλοίωσίν
1441 558 1470 575 τε
1486 549 1531 575 καὶ
1543 548 1648 584 ’τροπὴν
1668 548 1717 583 τὴν
1733 548 1779 574 ἐπὶ
1795 547 1825 574 τὸ
1845 547 1904 582 μεῖ-

1112 597 1157 628 ζον
1173 596 1209 628 ὡς
1224 595 1253 628 ἐξ
1266 596 1405 627 ἐλάττονος
1422 595 1585 628 ὲπιδέξεται,
1610 594 1698 621 καίτοι
1717 593 1762 620 διὰ
1773 593 1820 620 τοῦ
1836 602 1905 628 προ-

1111 643 1195 678 φήτου
1209 642 1294 676 λέγων
1307 641 1387 673 αὑτός
1400 649 1406 656 ·
1427 651 1436 667 ι
1451 641 1545 672 Ἴδετε,
1561 640 1628 667 ἴδετε
1642 641 1683 666 ὅτι
1700 638 1755 673 ἐγὼ
1770 639 1840 674 εἰμὶ.
1858 638 1905 666 καὶ

1111 688 1161 714 οὐκ
1175 687 1336 722 ἡλλοίωμαι.
1351 696 1359 711 ι
1381 685 1559 720 Διαψεύσεται
1574 685 1602 712 δὲ
1618 685 1725 716 πάντως
1739 685 1786 711 καὶ
1799 684 1813 710 ὁ
1826 684 1904 710 Ψαλ-

1114 733 1200 769 μῳδὺς
1217 735 1246 759 ὲν
1261 732 1410 768 Πνεύματι,
1431 732 1480 758 ιΣὺ
1498 731 1526 758 δὲ
1540 733 1554 758 ὁ
1568 731 1648 762 αὐτὸς
1664 728 1698 762 εἶ,
1715 740 1724 756 ι
1751 730 1819 765 βοῶν
1837 729 1904 765 πρὸς

1112 780 1157 806 τὸν
1179 780 1253 806 Υἱόν.
1278 779 1424 814 Περιμένει
1449 778 1512 814 γὰρ,
1538 777 1575 809 ὡς
1600 778 1697 804 ἐκεῖνοί
1717 785 1809 812 φασιν,
1830 778 1904 812 ἐνερ-

1112 827 1211 861 γοῦντα
1226 826 1271 852 τδν
1287 825 1397 860 Πατέρα
1413 824 1476 860 περί
1491 833 1517 849 τι
1534 823 1587 849 τῶν
1607 823 1702 855 ὄντων,
1719 823 1802 849 οἱονεὶ
1819 821 1904 857 καθη-

1112 872 1198 906 γητήν
1221 880 1280 898 τινα
1305 871 1352 897 καὶ
1370 869 1540 901 διδάσκαλον,
1565 869 1608 895 ἵνα
1624 869 1768 904 θεωρήσας
1791 869 1904 902 γένηται

1116 917 1244 953 μιμητής.
1261 915 1328 942 Εἶτα
1344 915 1401 947 πῶς
1413 917 1428 942 ὁ
1440 915 1558 946 τοιοῦτος
1571 915 1619 941 οὐκ
1632 915 1663 941 ἄν
1677 924 1716 950 τῳ
1727 914 1802 947 δόξαι
1813 913 1904 940 λοιπδν

274 951 357 999 super
380 963 493 990 absurdi
514 966 656 998 sequatur,
681 961 775 989 dicant
800 962 880 989 nobis
900 962 947 997 qui
975 961 1056 997 magi-

1115 951 1270 997 Véﬁrdfvoiag
1286 963 1335 998 τῆς
1351 970 1431 988 τινων
1448 961 1602 988 ἀναϐαίνειν
1616 962 1655 992 εἰς
1668 961 1779 994 γνῶσιν,
1793 960 1840 986 καὶ
1853 959 1904 986 ἀπὸ

273 1015 359 1037 strmn
383 1009 474 1043 potius
491 1016 572 1043 quam
595 1007 703 1035 Patrem
727 1008 813 1035 Deum
827 1015 889 1035 esse
914 1012 1060 1036 statuunt:

274 1061 366 1082 utrum
384 1054 470 1082 Filius
485 1055 617 1089 ignorans
634 1054 725 1081 Patris
741 1061 824 1089 opera
839 1059 982 1089 exspectat
995 1054 1061 1081 dum

272 1101 380 1132 videat,
396 1109 428 1127 an
444 1100 650 1127 exactissimam
666 1108 762 1127 eorum
785 1100 912 1127 notitiam
934 1107 990 1126 non
1014 1099 1062 1125 lia-

273 1148 364 1176 heus?
381 1147 449 1174 Nam
466 1147 488 1174 si
506 1147 599 1175 dicent
615 1152 792 1181 exspectare,
807 1146 933 1181 quamvis
954 1146 999 1172 illa
1016 1153 1062 1173 co-

273 1197 406 1228 gnoscat,
423 1193 497 1220 clare
512 1193 658 1220 ostendent
674 1193 796 1219 inaniter
810 1192 917 1223 facere,
934 1195 960 1219 et
976 1193 1062 1219 vanis-

273 1240 349 1267 sitme
365 1239 404 1266 rei
422 1246 532 1273 operam
548 1239 614 1265 dare
630 1238 750 1265 Patrem.
768 1238 815 1265 Ille
831 1238 903 1265 enim
921 1237 995 1272 quod
1012 1246 1060 1273 ap-

273 1287 360 1321 prime
386 1286 478 1318 novit,
506 1290 535 1312 ut
564 1285 694 1320 ignorans
720 1284 897 1311 considerat:
919 1285 963 1311 hic
987 1285 1060 1312 illius

272 1340 389 1367 gnarum
406 1331 505 1359 docere
520 1331 689 1366 aggreditur.
707 1330 822 1357 Cuinam
838 1335 929 1357 autem
945 1331 1059 1365 dubium

272 1385 334 1404 csse
348 1382 437 1411 potest
452 1378 517 1411 quin
536 1376 593 1403 lucc
609 1377 690 1411 plane
707 1375 826 1403 ridicula
844 1376 922 1403 sint?
938 1376 990 1403 Sed
1009 1377 1060 1405 hoc

272 1422 365 1450 forsan
379 1423 478 1450 dicturi
493 1431 546 1449 non
561 1428 643 1455 sunt,
660 1423 714 1449 imo
727 1423 892 1450 contrariam
911 1423 937 1450 in
955 1428 1058 1458 partem

271 1468 364 1503 potius
381 1476 410 1496 se
428 1467 608 1495 lransfcrent.
623 1468 755 1495 Asscrent
770 1468 842 1495 cnim
857 1469 945 1504 ipsum
962 1477 1058 1497 neces-

272 1513 348 1539 sario
362 1517 526 1546 exspectare
542 1512 606 1539 dum
622 1511 705 1539 Pater
724 1518 864 1547 operetur,
879 1518 909 1541 ut
931 1521 964 1541 ex
984 1515 1058 1542 illius

271 1558 508 1592 contemplatione
523 1557 612 1585 discat
628 1559 748 1592 operari.
762 1558 905 1590 Quomodo
919 1567 984 1594 ergo
1000 1560 1058 1587 uni-
1074 1571 1085 1575 -

1112 1010 1159 1037 τοῦ
1183 1010 1303 1046 χείρονος
1331 1009 1550 1045 μετατρέπεσθαι
1577 1009 1646 1044 πρὸς
1668 1008 1797 1043 ἄμεινον,
1825 1008 1903 1042 εἴπερ

1113 1054 1182 1083 εἶναι
1197 1056 1362 1091 λογιούμεθα
1378 1056 1408 1082 τὸ
1424 1055 1522 1081 εἰδέναι
1541 1064 1568 1082 τι
1588 1055 1643 1081 τῶν
1660 1054 1782 1089 ἀγαθῶν,
1802 1054 1850 1080 τοῦ
1868 1054 1902 1089 μὴ

1113 1102 1211 1129 εἰδέναι
1236 1101 1363 1134 κάλλιονς
1398 1098 1462 1127 Εἶτα
1486 1109 1512 1127 τι
1536 1100 1605 1135 πρὸς
1626 1100 1731 1131 τούτοις
1755 1100 1850 1134 ὁρᾶται
1876 1098 1904 1124 τὸ

1112 1148 1222 1180 ἄτοπον,
1238 1147 1369 1181 λεγόντων
1384 1148 1449 1182 ἡμῖν
1465 1148 1488 1173 οἱ
1503 1145 1658 1181 παιδευτὴν,
1674 1145 1690 1180 ἢ
1707 1145 1818 1180 Πατέρα
1838 1145 1900 1180 μᾶλ-

1111 1195 1157 1222 λον
1176 1194 1348 1230 εἰσφέροντες
1363 1193 1409 1220 τὸν
1429 1193 1510 1220 Θεόν*
1529 1193 1643 1228 πότερόν
1661 1201 1725 1218 ποτε
1744 1191 1799 1218 τῶν
1816 1192 1903 1227 ἔργων

1111 1241 1158 1268 τοῦ
1175 1241 1279 1276 Πατρὸς
1295 1241 1323 1267 ὲν
1341 1240 1437 1275 ἀγνοίᾳ
1457 1238 1633 1274 καθεστηκὼς
1648 1240 1662 1265 ὁ
1676 1239 1739 1270 Υἱὸς
1761 1239 1904 1273 περιμένει

1111 1286 1141 1313 τὸ
1159 1287 1233 1318 ἰδεῖν,
1251 1285 1267 1320 ἢ
1284 1285 1333 1320 τὴν
1348 1285 1393 1311 ἔπι
1408 1283 1512 1314 τούτοις
1525 1284 1624 1318 γνῶσιν
1640 1285 1690 1310 οὐκ
1706 1284 1775 1319 ἔχων
1791 1283 1904 1318 ἀκριϐε-

1113 1333 1230 1367 στάτην;
1245 1332 1277 1358 El
1292 1331 1341 1366 μὲν
1351 1328 1397 1357 οὖν
1412 1330 1500 1356 εἰδότα
1514 1330 1671 1365 περιμένειν
1687 1329 1795 1365 ἐροῦσιν
1811 1328 1902 1361 αὑτὸν,

1110 1377 1302 1413 περιττότατόν
1325 1386 1351 1403 τι
1376 1375 1507 1403 ποιοῦντα
1530 1373 1623 1410 σαφῶς
1646 1375 1827 1408 ὲπιδείξουσι,
1857 1374 1903 1400 καὶ

1110 1423 1278 1451 εἰκαιοτάτου
1294 1422 1457 1457 πράγματος
1473 1421 1650 1456 ὲπιτηδευτὴν
1666 1421 1711 1447 τὸν
1726 1421 1849 1455 Πατέρα.
1873 1420 1902 1446 '0

1111 1470 1161 1505 μὲν
1184 1469 1249 1505 γὰρ,
1273 1469 1342 1504 ὅπερ
1364 1466 1435 1495 οἶδεν
1451 1468 1581 1502 ἀκριϐῶς,
1601 1467 1638 1498 ὼς
1663 1466 1769 1500 ἀγνοῶν
1791 1465 1902 1492 ἐπισκέ-

1110 1523 1219 1546 πτεται,
1235 1515 1248 1541 ὁ
1264 1514 1292 1541 δὲ
1305 1514 1351 1540 τὸν
1367 1513 1454 1540 εἰδότα
1467 1513 1600 1540 διδάσκειν
1617 1514 1759 1548 ἐπιχειρεῖ.
1778 1513 1835 1538 Καὶ
1850 1512 1901 1538 τίνι

1109 1559 1164 1587 τῶν
1175 1559 1259 1586 ὄντων
1270 1559 1320 1585 οὐκ
1332 1558 1406 1585 ἔσται
1420 1559 1584 1593 καταφανὲς,
1596 1558 1636 1585 ὅτι
1647 1558 1697 1592 τῆς
1713 1557 1833 1592 ἐσχάτης
1853 1566 1900 1591 γε·

271 1611 350 1631 vcrsa
367 1604 443 1631 novit
459 1608 605 1637 antequam
625 1604 691 1631 (iant
709 1604 748 1632 ³⁷7
762 1610 809 1632 aut
832 1606 970 1640 quomodo
995 1614 1056 1634 vere

1108 1605 1243 1640 λοιότητος
1255 1604 1319 1631 εἴσω
1331 1604 1451 1631 κείσεται
1462 1604 1496 1630 τὰ
1506 1604 1617 1631 τοιαῦτα
1631 1612 1638 1636 ;
1663 1603 1742 1630 Ἀλλὰ
1755 1603 1835 1630 τοῦτο
1851 1604 1900 1638 μὶν

270 1649 345 1676 dicet
370 1649 429 1683 ipse
453 1649 487 1676 de
512 1649 622 1684 scipso:
641 1659 652 1676 ‹
667 1650 738 1678 Deus
758 1651 983 1686 appropinquans
1007 1660 1058 1687 ego

271 1702 332 1723 sum
343 1715 350 1727 ,
367 1694 433 1721 dicit
449 1694 599 1727 Dominus,
617 1700 643 1722 et
656 1703 711 1723 non
726 1696 796 1725 Deus
811 1697 845 1725 de
868 1697 966 1733 longe:
991 1706 1057 1726 num

271 1741 457 1768 abscondetur
470 1741 536 1776 quid
554 1749 568 1767 a
584 1749 627 1769 me
645 1742 666 1758 ³⁸
677 1742 705 1769 ⁸1»
719 1742 863 1775 Quomodo
882 1751 937 1771 non
959 1744 1058 1772 absur-

271 1786 335 1813 dum
351 1791 377 1813 et
395 1787 529 1814 insulsum
549 1788 601 1814 erit
626 1787 741 1822 Spiritui
765 1789 893 1822 credere,
916 1794 942 1817 ct
965 1791 1058 1825 inqui-

271 1839 331 1859 rere
355 1839 386 1858 ac
401 1832 472 1859 scire
488 1831 621 1867 profunda
637 1833 701 1866 Dei,
717 1835 875 1863 existimare
894 1840 983 1863 autem
998 1837 1056 1864 lar-

271 1877 384 1913 gitorem
407 1877 526 1913 Spiritus
538 1879 666 1913 ignorare
678 1879 767 1908 Patris
785 1889 878 1916 opera,
893 1885 920 1908 et
931 1890 983 1909 suo
999 1882 1058 1917 Spi-

270 1923 326 1951 ritu
339 1924 430 1958 quoad
444 1924 630 1959 cognitionem
645 1926 804 1954 inferiorem
818 1935 879 1956 esse
891 1928 901 1954 ?
925 1927 1055 1964 Nunquid

269 1969 343 1996 enim
367 1969 453 1997 Filius
480 1979 590 2006 quoque
607 1970 749 2006 Sapientia
764 1980 825 2000 esse
847 1973 967 2008 desinet,
990 1983 1054 2002 cum

270 2014 366 2048 utique
388 2015 512 2050 ignoret,
530 2016 718 2052 discendoque
734 2019 891 2054 percipiat?
908 2019 1056 2055 Sapientiae

268 2059 342 2087 enim
359 2065 450 2094 potius
464 2068 553 2096 capax
573 2062 642 2093 erit,
659 2070 741 2097 quam
765 2064 883 2098 ipsamet
902 2065 1054 2093 secundum

269 2108 393 2131 naturam
409 2105 559 2141 Sapientia.
576 2106 715 2141 Sapientia
737 2109 839 2144 quippe
861 2114 903 2137 est
930 2111 957 2138 id
981 2112 1054 2146 quod

269 2150 430 2185 sapientiam
448 2152 573 2187 largitur,
591 2161 645 2180 non
663 2155 736 2188 quod
753 2156 917 2190 sapientiam
935 2158 1051 2193 accipit,

269 2196 502 2230 quemadmodum
531 2205 628 2232 nempe
653 2199 734 2226 etiam
765 2200 857 2227 lumen
884 2207 926 2228 est
953 2202 1053 2230 illumi-

268 2249 352 2273 nans,
382 2242 464 2276 219
488 2250 544 2270 non
567 2243 639 2278 quod
659 2244 841 2273 illuminatur.
867 2245 950 2281 igitur
978 2248 1051 2275 aliud

267 2288 397 2323 quiddam
423 2289 482 2324 ipse
504 2297 602 2318 rursus
625 2291 678 2317 erit
701 2291 736 2318 ab
758 2299 789 2318 ea
816 2299 876 2327 qua:
892 2293 918 2320 in
935 2293 995 2328 ipso
1010 2301 1053 2322 est

267 2334 422 2369 sapientia:
452 2339 479 2361 et
503 2335 621 2370 primum
640 2336 749 2370 quidem
773 2345 828 2365 non
854 2338 979 2374 simplex,
1003 2341 1050 2368 sed

266 2379 437 2414 compositus
453 2387 484 2406 ex
507 2379 634 2413 duobus;
658 2380 757 2408 deinde
780 2382 851 2410 Deus
865 2391 924 2411 esse
942 2392 1052 2420 quoque

267 2425 394 2452 desinet:
413 2424 496 2451 Deum
523 2430 612 2452 autem
629 2425 691 2453 dico
708 2428 856 2455 secundum
876 2435 1000 2458 naturam
1025 2437 1052 2459 et

267 2468 500 2495 substantialiler.
518 2468 629 2497 Discere
642 2478 759 2506 namque
779 2473 812 2500 ab
828 2473 931 2509 aliquo,
956 2481 983 2503 et
1000 2477 1051 2504 du-

266 2514 364 2549 plicem
382 2521 445 2540 esse
459 2518 541 2548 atque
557 2516 750 2550 compositum,
767 2518 886 2546 alienum
910 2525 951 2549 est
970 2523 1047 2557 peni-

266 2564 339 2587 tusa
361 2559 471 2586 deitatis
497 2564 605 2592 natura,
631 2562 676 2588 cui
698 2566 827 2597 tanquam
855 2566 994 2600 proprium
1021 2571 1049 2595 et

265 2604 496 2640 perfectissimum
514 2605 616 2634 bonum
632 2608 793 2643 simplicitas
810 2610 893 2639 inest.
921 2612 998 2645 Quod
1024 2614 1047 2641 si

266 2650 336 2677 Deus
351 2657 405 2677 non
421 2655 463 2677 est
477 2653 628 2680 secundum
643 2659 767 2682 naturam
795 2656 891 2692 Filius,
908 2661 1047 2694 quomodo

265 2701 394 2730 operatur
414 2699 441 2723 et
465 2702 576 2731 praestat
596 2706 627 2726 ea
646 2707 708 2734 qua:
729 2701 779 2728 soli
797 2701 852 2729 Deo
867 2707 1047 2738 congruunt?

264 2740 305 2767 An
321 2741 395 2769 enim
411 2740 510 2770 dicturi
526 2749 590 2770 sunt
607 2746 631 2771 ei
653 2745 777 2773 sumcere
792 2747 825 2774 ad
848 2748 975 2776 virtutem
993 2749 1046 2778 Deo

264 2786 468 2815 convenientem
484 2789 556 2823 quod
573 2791 760 2818 tantummodo
782 2792 866 2820 Deum
885 2800 1044 2828 operantem

264 2833 388 2868 aspiciat,
402 2837 428 2860 et
442 2834 501 2861 solo
512 2842 622 2870 aspectu
637 2836 662 2863 id
676 2836 786 2870 habere,
799 2843 827 2865 ut
843 2840 878 2866 sit
893 2842 1043 2869 secundant

298 2909 447 2938 "Malach.
470 2919 514 2946 ιιι,
535 2912 561 2939 6.
584 2913 605 2928 "
620 2912 691 2940 Psal.
710 2921 747 2946 ει,
767 2915 807 2942 l3.

847 2917 868 2932 ³⁷
884 2917 950 2943 Dan.
973 2927 1032 2952 xm,
1054 2920 1098 2947 Η,

1109 1652 1159 1678 οὐκ
1174 1651 1267 1686 ἐροῦσι
1277 1650 1357 1685 τυχόν
1367 1658 1373 1664 ·
1394 1650 1592 1686 μεταῦήσονται
1603 1650 1629 1676 δὲ
1639 1650 1705 1686 πρὸς
1723 1649 1754 1676 τὸ
1768 1650 1900 1676 ἐναντίον.

1109 1697 1270 1733 Περιμένειν
1285 1696 1338 1732 γὰρ
1357 1696 1439 1723 αὑτὸν
1454 1697 1610 1731 ἀναγκαίως
1631 1696 1796 1732 ἐνεργοῦντα
1811 1695 1901 1722 διαΰεσ

1109 1742 1271 1769 σαιώσονται
1285 1741 1331 1767 τὸν
1347 1741 1457 1776 Πατέρα
1471 1741 1538 1777 πρὸς
1552 1741 1582 1768 τὸ
1597 1741 1774 1776 Θεωρήσαντα
1792 1741 1899 1775 μαθεῖν.

1108 1787 1171 1819 Πῶς
1187 1785 1233 1814 οὖν
1249 1784 1304 1813 οἶδε
1320 1786 1355 1813 τὰ
1379 1786 1478 1819 πάντα,
1503 1787 1568 1823 πρὶν
1589 1788 1722 1821 γενέσεως
1746 1787 1857 1820 αὺτῶν;
1882 1785 1899 1822 ἦ

1109 1833 1167 1865 πῶς
1180 1832 1325 1868 ἀληθεύσει
1344 1832 1431 1866 λέγων
1444 1833 1524 1865 αὐτὸς
1541 1834 1605 1869 περὶ
1620 1833 1733 1860 ἑαυτοῦ·
1757 1833 1840 1864 (Θεὸς
1853 1834 1900 1866 ὲγ-

1108 1879 1193 1914 γιξων
1207 1879 1262 1913 ἐγώ
1278 1880 1347 1915 ειμι,
1363 1879 1438 1913 λέγει
1459 1879 1570 1915 Κύριος,
1592 1880 1638 1906 καὶ
1655 1879 1714 1914 οὑχὶ
1733 1879 1876 1914 πόρρωθεν
1890 1886 1897 1894 ’

1108 1926 1147 1961 μὴ
1164 1926 1211 1952 ἀπ’
1225 1926 1292 1961 ἐμοῦ
1308 1925 1475 1962 κρυϐήσεταί
1491 1934 1533 1958 τι;
1549 1935 1558 1952 ι
1578 1926 1640 1958 Πῶς
1651 1927 1678 1952 δὲ
1693 1927 1743 1952 οὐκ
1754 1926 1853 1953 ἄτοπόν
1869 1934 1898 1953 τε

1107 1971 1155 1998 καὶ
1171 1971 1276 2006 ἀμαθὲς
1292 1972 1332 2007 τῷ
1351 1972 1400 2008 μὲν
1418 1971 1556 2007 Πνεύματι
1575 1972 1723 2004 πιστεύειν,
1739 1973 1853 2008 ὲρευνᾷν
1868 1981 1898 1998 τε

1107 2015 1154 2042 καὶ
1167 2016 1264 2042 εἰδέναι
1280 2017 1313 2043 τὰ
1325 2016 1394 2051 βάθη
1409 2016 1455 2042 τοῦ
1470 2016 1547 2048 Θεοῦ,
1569 2016 1614 2042 τὸν
1629 2016 1658 2043 δὲ
1674 2017 1721 2043 τοῦ
1739 2017 1898 2051 Πνεύματος

1105 2062 1222 2098 χορηγὸν
1241 2063 1270 2089 ἐν
1294 2063 1391 2098 ἀγνοίᾳ
1406 2063 1569 2089 καθεστάναι
1592 2063 1711 2098 νομίζειν
1730 2064 1784 2090 τῶν
1808 2063 1897 2099 ἔργων

1105 2107 1152 2134 τοῦ
1164 2108 1280 2142 Πατρὺς,
1294 2108 1341 2134 καὶ
1354 2108 1400 2135 τοῦ
1414 2108 1477 2135 [δίου
1493 2109 1659 2144 Πνεύματος,
1671 2110 1732 2136 ὅσον
1744 2111 1785 2141 εἰς
1795 2110 1896 2144 γνῶσιν

1104 2154 1365 2188 ἀπολιμπάνεσθαι;
1390 2152 1464 2190 'Apa
1487 2155 1540 2190 γὰρ
1567 2155 1616 2182 οὑκ
1639 2156 1773 2183 ἀποϐαλεῖ
1796 2157 1843 2183 καὶ
1867 2156 1896 2182 τὸ

1105 2198 1173 2226 εἶναι
1189 2200 1268 2234 σοφία
1282 2201 1374 2227 λοιπὸν
1393 2202 1406 2228 ὁ
1429 2201 1503 2233 Υἱὸς,
1521 2201 1635 2236 ἐπείπερ
1651 2202 1718 2234 ὅλως
1731 2203 1834 2236 ἀγνοεῖ,
1849 2203 1896 2229 καὶ

1105 2245 1237 2280 λαμϐάνει
1252 2246 1296 2273 διὰ
1315 2246 1477 2282 μαθήσεως;
1501 2247 1600 2282 Σοφίας
1617 2247 1671 2283 γὰρ
1696 2248 1797 2282 μᾶλλον
1819 2249 1895 2275 ἔσται

1068 2286 1092 2316 D
1104 2291 1236 2325 δεκτικὸς,
1249 2293 1319 2328 ἤπερ
1335 2293 1400 2319 αὐτὸ
1413 2294 1480 2320 κατά
1492 2295 1571 2328 φύσιν
1592 2295 1681 2328 σοφία.
1700 2295 1785 2329 Σοφία
1799 2295 1853 2331 γὰρ
1867 2295 1895 2321 τὸ

1103 2336 1211 2370 cogo-GV,
1225 2337 1255 2363 ού
1266 2337 1296 2363 τὸ
1312 2337 1459 2372 σοφοῦσθαι
1472 2338 1603 2372 πεφυκὸς,
1623 2339 1717 2374 ὥσπερ
1735 2338 1782 2366 οὖν
1797 2341 1894 2375 ἀμέλει

1101 2382 1148 2409 καὶ
1170 2382 1228 2416 φῶς
1252 2382 1282 2408 τὸ
1305 2382 1438 2417 φωτίζον,
1462 2383 1492 2410 οὐ
1517 2383 1548 2410 τὸ
1571 2384 1735 2418 φωτίζεσθαι
1759 2386 1892 2419 πεφυκός.

1100 2427 1203 2454 Οόκοῦν
1218 2428 1310 2462 ἕτερόν
1325 2437 1349 2454 τι
1369 2428 1449 2455 πάλιν
1469 2429 1548 2461 αὐτὸς
1562 2431 1637 2466 παρὰ
1652 2431 1700 2465 τὴν
1712 2432 1741 2457 ἑν
1755 2431 1831 2467 αὐτῷ
1849 2441 1893 2458 σο-

1101 2474 1174 2508 φίαν,
1191 2474 1237 2500 καὶ
1257 2474 1364 2511 πρῶτον
1387 2475 1436 2510 μὲν
1451 2476 1500 2511 οὐχ
1516 2477 1628 2510 ἁπλοῦς,
1649 2477 1706 2503 ἀλλ’
1720 2478 1753 2504 ὲκ
1771 2477 1819 2504 δύο
1837 2479 1892 2504 λοι-

1101 2519 1150 2545 πὸν
1167 2519 1341 2554 συγκείμενος
1355 2529 1361 2535 ·
1379 2519 1437 2547 εἶτα
1450 2522 1517 2557 πρὸς
1531 2522 1619 2554 τοῦτο,
1636 2523 1682 2549 καὶ
1696 2523 1726 2549 τὸ
1742 2521 1814 2550 εἶναι
1826 2524 1892 2555 Θεὸς

1101 2565 1238 2598 ἀπολέσει,
1256 2565 1320 2592 Θεὸν
1335 2566 1363 2592 δέ
1381 2576 1452 2602 φημι
1477 2569 1547 2595 κατὰ
1567 2569 1646 2603 φύσιν
1669 2570 1715 2596 καὶ
1740 2570 1888 2602 οὐσιωὸῶς.

1101 2611 1253 2646 Μαθήσεως
1267 2611 1321 2647 γὰρ
1335 2612 1383 2647 τῆς
1398 2613 1451 2639 ἀπό
1463 2622 1534 2646 τινος
1550 2615 1628 2648 ὅλως,
1649 2617 1696 2642 καὶ
1712 2615 1826 2652 διπλόης
1840 2617 1891 2651 τῆς

1101 2657 1172 2684 κατὰ
1193 2657 1347 2694 σύνθεσινή
1368 2658 1427 2686 θεία
1451 2659 1531 2694 φύσις
1553 2661 1603 2688 οὐκ
1624 2662 1760 2697 ἀνέχεται,
1785 2664 1835 2690 καὶ
1861 2665 1891 2690 τὸ

1101 2702 1201 2729 ἁπλοῦν
1215 2703 1252 2734 ὡς
1275 2703 1338 2730 ῐδιον
1352 2704 1463 2738 ἀγαθὸν,
1489 2706 1535 2732 καὶ
1554 2706 1583 2733 τὺ
1604 2708 1762 2735 παντέλειαν
1780 2709 1888 2744 ἔχουσα.

1100 2747 1156 2773 Καὶ
1168 2747 1192 2773 εἰ
1205 2747 1241 2782 μὴ
1258 2747 1315 2773 ἔστι
1329 2748 1395 2780 Θεὸς
1408 2749 1478 2776 κατὰ
1490 2750 1570 2784 φύσιν
1579 2752 1593 2777 ὁ
1606 2751 1678 2784 Υἱὸς,
1697 2753 1758 2785 πῶς
1770 2754 1804 2780 τὰ
1817 2755 1891 2789 μόνῳ

1101 2792 1238 2825 πρέποντα
1261 2792 1321 2827 Θεῴ
1343 2793 1390 2818 καὶ
1408 2793 1524 2828 ἐνεργεῖ,
1551 2796 1596 2822 καὶ
1619 2797 1786 2832 ὲργάζεται;
1815 2796 1891 2833 ’Δρα

1098 2838 1151 2871 γὰρ
1168 2837 1325 2872 ἐξαρκέσειν
1341 2838 1448 2873 ἐροῦσιν
1464 2840 1547 2876 αὐτῷ,
1564 2842 1610 2868 καὶ
1626 2843 1693 2877 πρὸς
1710 2843 1828 2883 δύναμιν
1839 2844 1890 2880 τὴν

1140 2922 1274 2950 ²⁸“.1υιέιιι.
1295 2931 1371 2956 xxut,
1391 2924 1436 2958 επ,
1454 2925 1497 2952 Ξί.
