2026 3123
138 198 190 226 357

672 198 705 226 ιΝ
724 196 865 225 JOANNIS
886 196 1119 225 EVANGELIUM.
1139 199 1246 227 LIBJI.

1717 196 1769 225 55$

138 253 293 288 θεοπρεπῆ,
308 254 337 280 τὸ
349 254 428 289 μόνον
445 254 508 280 [δεῖν
518 253 681 289 ἐνεργοῦντα
692 254 735 280 τὸν
745 253 864 289 Πατέρα,
879 253 920 278 κατ

979 256 1104 279 naturam
1122 253 1204 285 Deus,
1226 258 1253 281 ct
1269 257 1322 280 tam
1337 254 1422 281 multa
1438 253 1545 282 edicere
1558 254 1646 289 possit
1661 259 1764 289 quanta

136 299 180 325 διὰ
189 299 269 333 ψιλῆς
292 300 383 335 ὂψεως
400 299 606 335 ἀποκερδαὶνειν
622 299 652 326 τὸ
670 297 738 325 εἶναι
761 299 831 325 κατὰ
846 298 926 332 φύσιν

137 346 212 376 (θεὸς,
226 345 275 371 καὶ
287 344 405 372 τοσαῦτα
422 345 550 372 δύνασθαι
571 346 666 378 ποιεῖν,
684 345 789 380 ὅσαπερ
803 345 836 371 ἂν
852 344 899 371 καὶ
913 345 927 370 ὁ

136 391 268 417 δεικνύων
283 391 373 427 αὐτῷ;
398 392 480 418 Οὐδὲν
502 389 548 418 οὖν
560 392 615 426 ἄρα
630 391 661 418 τὸ
675 391 778 418 κωλῦον
793 391 862 422 ἐστὶ,
880 391 926 417 καὶ

137 436 252 468 πολλοὺς
275 438 342 472 ἡμῖν
366 437 476 472 ἐτέρους
505 436 697 471 ἀναδειχθῆναι
721 436 808 468 θεοὺς,
833 435 926 471 ἐθελή-

137 490 232 513 σαντος
250 483 298 509 καὶ
312 482 394 509 αὑτοῦ
412 483 542 514 ἐπιδεῖξαι
557 483 604 509 τοῦ
623 482 728 516 Πατρδς
741 483 796 508 τῶν
818 482 925 508 οἰκείων

135 527 225 562 ἔργων
238 528 287 564 τὴν
300 528 367 560 ὁδὸν,
383 529 428 554 καὶ
440 528 467 554 ἐν
481 527 518 562 τῷ
532 527 627 562 μαθεῖν
640 536 665 553 τι
680 527 805 562 περιττὸν
817 526 866 560 τῆς
877 526 924 552 τοῦ

135 573 244 608 Πατρὸς
259 573 352 604 οὐσίας
372 574 493 599 κείσεται
508 573 538 598 τὸ
554 573 691 606 ἐξαίρετον
705 580 711 587 ·
724 573 754 598 οὐ
769 571 822 606 γὰρ
835 571 925 598 διδακ-

135 620 200 652 τῶς,
212 619 250 651 ὡς
265 619 363 646 ἐκεῖνοί
375 628 466 653 φασιν,
485 620 524 650 εἰς
539 619 647 652 ἀξίωμα
658 619 688 645 τὸ
702 619 749 653 τῆς
761 618 830 645 κατὰ
844 617 923 652 φύσιν

135 668 261 703 θεότητος
278 666 440 702 ἀναδραμὼν
460 667 614 702 εὑρίσκεται
636 666 740 700 λέγων·
765 675 773 691 ι
793 665 862 699 Ἐγὼ
877 665 924 691 καὶ

133 715 149 739 ὁ
171 714 267 748 Πατὴρ
291 713 319 739 ἓν
343 714 435 748 ἐσμεν,
467 712 496 738 ‘0
519 712 648 747 ἑωρακὼς
670 712 729 746 ἐμὲ,
749 710 854 745 ἑώρακε
877 712 922 736 τὸν

135 761 256 794 Πατέρα.
268 769 276 785 ι
301 759 554 794 ’Λναμετρείτωσαν
571 759 659 785 τοίνυν
674 758 735 788 ὅσος
754 757 845 789 αὐτοῖς
859 757 923 784 δυσ-

134 802 241 839 (myth:
266 804 343 839 δχλος
371 805 403 830 ὲκ
425 803 471 830 τοῦ
496 803 606 830 τοιῶσδε
633 805 703 830 νοεῖν
731 803 834 830 ἐθέλειν
862 804 922 829 ἑπι-

134 851 295 886 σωρεύεται,
317 851 363 877 καὶ
387 850 568 885 φρονείτωσαν
590 849 676 885 ἀληοἦ
703 850 766 885 περὶ
784 849 831 876 τοῦ
855 850 921 877 Υἱοῢ

132 897 206 923 καθὰ
223 897 386 931 γέγραπται.
415 895 483 922 Οὔτε
500 896 554 931 γὰρ
570 896 602 922 ἐκ
623 895 737 930 θεωρίας
753 895 803 931 τῆς
821 896 850 922 ὲν
865 897 921 928 τοῖς

131 943 334 978 ὰποτελέσμασι
351 942 398 969 τοῦ
417 942 541 979 Πατρὸς,
574 941 635 969 οὗτε
662 941 714 977 μὴν
736 941 774 973 ὡς
798 951 916 978 προκατ-
937 934 957 961 Β

130 990 269 1025 αρκτικῶς
287 991 315 1016 ὲν
328 991 385 1020 τοῖς
412 989 502 1026 ἔργοις
517 989 584 1024 ἔχων
601 988 691 1021 αὐτὸν,
705 989 819 1024 ποιητής
835 990 919 1020 ἐστιν,

130 1037 148 1071 ἦ
166 1036 384 1071 θαυματουργὸς,
405 1036 451 1062 καὶ
471 1035 515 1062 διὰ
530 1035 607 1061 τοῦτό
628 1036 700 1062 ἐστιν
715 1035 787 1068 Υἱὸς,
806 1035 862 1061 ἀλλ’
879 1036 920 1062 ὅτι

129 1083 245 1117 φυσικὸς
261 1083 354 1118 ῶσπερ
365 1091 405 1114 τις
421 1082 501 1108 αὐτὸν
517 1082 648 1116 ἀποφέρει
661 1081 742 1115 νόμος
757 1081 802 1107 ἐπὶ
813 1081 861 1116 τὴν
873 1081 920 1108 τοῦ

129 1129 310 1163 γεννήσαντος
328 1129 536 1164 ἀπαράλλακτον
551 1128 707 1163 ὁμοιότητα,
723 1129 746 1153 εἰ
762 1127 815 1163 [ton
828 1127 856 1164 ἣ]
872 1128 919 1154 καὶ

129 1173 175 1200 διὰ
187 1174 236 1208 τῆς
249 1174 301 1200 τῶν
315 1173 403 1208 ἔργων
417 1173 576 1204 ἀιθελλιποῦς
593 1174 740 1208 ὲμφερεὶας
752 1173 916 1207 ἀναλάμπει,

129 1221 179 1246 καὶ
200 1220 335 1255 φαίνεται,
361 1219 534 1255 Παραθέντες
547 1220 574 1246 δὲ
589 1220 635 1246 καὶ
649 1220 779 1251 εἰσαῦθις,
796 1221 820 1246 εὶ
834 1221 918 1253 δοκεῖ,

977 298 1001 326 is
1021 298 1105 325 etiam
1125 298 1170 334 qui
1189 299 1214 326 ei
1232 299 1369 327 ostendit?
1386 299 1461 327 Nihil
1477 308 1543 335 ergo
1557 300 1683 335 prohibet
1695 308 1764 335 quo-

977 345 1068 373 minus
1082 346 1160 373 multi
1177 346 1222 372 alii
1238 353 1348 381 quoque
1363 345 1401 372 dii
1412 346 1541 380 evadant,
1551 347 1573 375 si
1587 347 1669 375 Pater
1680 349 1762 374 etiam

977 391 1035 425 ipse
1050 391 1167 418 voluerit
1192 399 1306 419 suorum
1322 399 1437 426 operum
1454 392 1524 418 viam
1543 393 1677 426 indicare,
1693 398 1720 422 et
1736 394 1764 420 in

976 444 1180 471 supervacanea
1191 445 1220 465 re
1231 438 1364 465 discenda
1380 442 1502 473 paternae
1519 439 1679 467 substantiae
1695 447 1764 474 prte-

975 484 1076 511 stantia
1087 484 1279 511 eollocabitur.
1296 483 1355 511 Non
1375 484 1448 511 enim
1465 484 1604 517 doctrina,
1619 489 1650 512 ut
1662 485 1701 512 illi
1720 486 1763 512 di-

975 533 1050 562 cunt,
1066 530 1100 557 ad
1127 531 1288 565 dignitatem
1311 531 1447 558 naturalis
1473 531 1584 558 deitatis
1604 532 1763 559 ascendisse

975 576 1154 610 comperitur,
1181 584 1242 603 cum
1262 577 1318 603 ait:
1346 585 1355 601 ι
1382 575 1438 611 Ego
1460 580 1486 603 et
1507 576 1589 603 Pater
1611 584 1695 603 unum
1716 583 1763 603 su-

975 629 1037 648 mus
1052 621 1086 648 ".
1102 622 1154 654 Qui
1171 622 1239 649 vidit
1253 630 1306 655 me,
1320 622 1387 649 vidit
1406 626 1433 649 et.
1448 621 1554 648 Patrem
1572 622 1606 648 "°.
1625 631 1635 648 ι
1656 622 1763 656 Expen-

974 667 1039 694 dant
1054 668 1135 703 igitur
1149 672 1281 702 quantam
1295 669 1348 695 vim
1364 668 1599 703 blasphemiarum
1614 676 1646 695 ex
1665 668 1763 702 hujus-

974 713 1047 740 ιιιοαί
1062 714 1199 741 sententia
1217 714 1360 749 colligant,
1375 718 1403 741 et
1417 721 1481 741 vera
1497 714 1530 741 de
1545 713 1615 741 Filio
1631 715 1761 745 sentiant,

974 763 1004 786 ut
1027 761 1160 795 scriptum
1179 764 1233 788 est.
1255 759 1350 795 Neque
1375 760 1448 787 enim
1471 768 1505 787 ex
1530 761 1763 794 contemplatione

973 809 1152 841 paternorum
1172 814 1296 841 operum,
1314 814 1402 838 neque
1419 810 1494 834 certe
1515 810 1544 833 ut
1561 806 1608 841 qui
1626 806 1715 840 ipsum
1735 807 1762 833 in

972 851 1102 885 operibus
1117 852 1212 879 ducem
1231 859 1263 878 ac
1278 852 1440 887 magistrum
1462 852 1572 884 habeat,
1590 851 1702 879 eil‘ector
1721 856 1763 879 cst

973 901 1021 924 aut
1044 901 1168 932 patrator
1187 898 1406 931 miraculorum,
1426 902 1508 933 atque
1540 899 1646 926 idcirco
1675 898 1761 926 Filius

971 948 1024 976 est,
1045 944 1091 972 sed
1107 945 1237 979 quoniam
1253 945 1386 972 naturalis
1400 945 1484 972 veluti
1499 945 1624 979 quaedam
1643 944 1686 971 lex
1699 952 1760 971 eum

971 991 1005 1017 ad
1028 990 1152 1018 eamdem
1180 998 1230 1025 per
1253 991 1345 1018 Omnia
1369 998 1431 1018 cum
1449 990 1530 1017 Patre
1552 990 1759 1017 similitudinem

971 1036 1066 1068 infert,
1077 1044 1137 1071 quae
1153 1037 1234 1064 etiam
1253 1044 1300 1071 per
1317 1028 1430 1071 operum
1444 1036 1597 1064 absolutam
1614 1036 1760 1069 imaginem

971 1083 1060 1111 elucet
1073 1088 1098 1110 et
1114 1088 1234 1117 apparet.
1253 1082 1306 1109 Sed
1321 1083 1462 1117 proposito
1482 1089 1581 1109 rursus
1603 1085 1690 1113 textu,
1712 1088 1759 1108 eo-

971 1137 1024 1164 que
1050 1129 1158 1155 acutius
1170 1127 1364 1162 pervestigato,
1388 1127 1534 1161 diligenter
1552 1127 1759 1154 consideremus

971 1182 1097 1210 qnzenam
1118 1175 1154 1201 sit
1170 1174 1307 1200 dictorum
1324 1175 1471 1205 sententia,
1484 1176 1511 1200 et
1526 1180 1579 1207 qua
1597 1173 1699 1207 pietate
1717 1173 1759 1199 in-

972 1221 1093 1255 telligere
1108 1219 1186 1246 decet
1202 1219 1413 1254 perspiciamus.

129 1266 162 1292 τὸ
188 1265 236 1292 ’τοῦ
256 1266 336 1299 λόγου
361 1265 517 1299 κεφάλαιον,
542 1266 589 1291 καὶ
611 1265 788 1300 δριμυτέραις
811 1266 934 1301 ὲρεύναις
962 1267 1026 1295 αὐτὸ
1050 1265 1249 1302 βασανίζοντες,
1273 1265 1420 1300 οεωρῶμεν
1434 1263 1569 1300 ἀκριϐῶς,
1594 1265 1636 1296 τίς
1660 1265 1692 1292 ἂν
1716 1265 1759 1300 εῐη

129 1310 224 1336 λοιπὸν
243 1309 297 1336 τῶν
310 1309 463 1344 λεγομένων
477 1310 493 1344 ἡ
508 1309 631 1344 δύναμις,
649 1310 696 1335 καὶ
716 1310 788 1341 ὅπως
807 1313 940 1348 προσήκει
956 1312 1082 1343 νοοῦντας
1098 1311 1230 1344 εὐσεϐεῖν,
1247 1310 1298 1346 ἤδη
1316 1309 1574 1346 περισκεπτώμεθα.

166 1355 280 1388 Οὐκοῦν,
305 1355 406 1390 Ἀμὴν,
430 1354 511 1389 ἀμὴν
530 1354 607 1389 λέγω
626 1355 706 1389 ὑμῖν,
727 1356 763 1382 οὐ
781 1356 918 1391 δύναται,

128 1403 224 1438 φησὶν,
240 1401 255 1427 ὁ
271 1401 338 1434 Υἱὸς
353 1400 448 1427 ποιεῖν
465 1401 514 1435 ἀφ’
530 1401 639 1428 ἑαυτοῦ
652 1401 751 1434 οὐδὲν,
772 1402 827 1428 ἐὰν
838 1403 879 1438 μή
892 1412 918 1431 τι

124 1449 231 1483 ,βλέπῃ
246 1448 301 1475 τὸν
319 1447 435 1481 Πατέρα
457 1448 601 1474 ποιοῦντα
615 1456 621 1463 ·
645 1447 664 1474 ἁ
680 1448 734 1483 γὰρ
753 1448 791 1475 ἂν
804 1449 918 1483 ἐκεῖνος

127 1493 214 1528 ποιῇ,
230 1493 325 1521 ταῦτα
336 1493 385 1520 καὶ
397 1495 413 1520 ὁ
431 1492 497 1525 Υἱὸς
514 1493 620 1527 ὁμοίως
637 1493 723 1520 ποιεῖ.
746 1494 826 1529 Ὁρᾷς
843 1496 917 1527 ὅπως

127 1541 177 1568 καὶ
190 1540 235 1567 διὰ
247 1540 297 1575 τῆς
309 1541 338 1566 ὲν
347 1541 403 1570 τοῖς
417 1539 507 1574 ἔργοις
521 1538 729 1573 ἀπαραλλάκτου
744 1540 917 1575 ταυτότητος,
933 1556 953 1584 C

126 1587 221 1621 ὅμοιον
237 1585 332 1612 ἑαυτὸν
345 1585 414 1611 κατὰ
432 1585 520 1611 πάντα
535 1585 651 1611 δεικνύει
667 1585 705 1620 τῷ
719 1586 816 1621 Πατρὶ,
830 1586 874 1612 ἴνα
887 1586 918 1621 δὴ

127 1634 259 1668 φαίνηται
273 1632 318 1659 διὰ
336 1632 430 1658 τούτου
450 1632 498 1658 καὶ
513 1632 563 1666 τῆς
584 1632 678 1663 οὐσίας
693 1632 774 1658 αὑτοῦ
791 1633 918 1668 κληρονό-

128 1688 181 1716 μος
194 1687 201 1694 ·
217 1680 255 1711 ὡς
266 1679 320 1713 γὰρ
333 1677 487 1712 ἀναγκαίως
502 1686 531 1704 τε
545 1677 592 1704 καὶ
604 1679 806 1713 ὰναντιρῤήτως
818 1679 917 1714 νοηθη-

127 1725 243 1762 σομένου
256 1724 323 1752 Θεοῦ
343 1724 414 1751 κατὰ
431 1724 509 1758 φύσιν
528 1724 659 1759 ὑπάρχειν
673 1723 718 1750 τοῦ
735 1724 783 1759 τὴν
799 1724 859 1759 ἴσην
876 1726 918 1751 ev-

125 1771 239 1807 έργειαν
252 1770 359 1806 ἔχοντος
372 1769 410 1805 τῷ
424 1769 483 1804 Θεῷ
496 1769 542 1796 καὶ
556 1769 652 1802 Haupt,
666 1768 700 1795 τὰ
711 1769 823 1795 τοιαῦτά
835 1777 917 1804 φησιν

125 1819 140 1845 ὀ
166 1818 272 1853 Σωτήρ.
298 1815 517 1848 Σκανδαλιζέσοω
536 1815 565 1841 δὲ
583 1815 688 1850 μηδεὶς,
710 1815 773 1841 ὅταν
788 1815 916 1850 φαίνηται

126 1865 215 1899 λέγων
232 1862 425 1898 οἰκονομικῶς,
452 1862 489 1897 μὴ
510 1861 638 1888 δύνασθαι
655 1862 743 1887 ποιεῖν
758 1861 803 1895 ἀφ’
820 1861 916 1888 ἑαυτοῦ

127 1910 223 1946 μηδὲν,
241 1909 288 1936 ἐὰν
312 1911 347 1944 μή
369 1917 395 1934 τι
411 1908 495 1943 βλέπῃ
511 1906 557 1933 τὸν
579 1907 686 1942 Πατέρα
706 1906 834 1933 ποιοῦντα
847 1915 854 1921 ·
879 1907 916 1938 ὡς

125 1956 182 1991 γὰρ
195 1955 245 1990 ἥδη
262 1954 311 1989 τὴν
327 1953 374 1980 τοῦ
388 1953 479 1979 δούλου
497 1952 602 1987 μορφὴν
623 1951 813 1987 περικείμενος
827 1951 870 1978 διὰ
886 1951 916 1977 τὸ

126 2001 262 2035 ἑνωοῆναι
291 1999 389 2035 σαρκὶ,
419 1999 469 2025 οὐκ
496 1998 657 2032 ἐλευθέραν,
685 1998 746 2024 οὐδὲ
771 1998 916 2032 ἀνειμένην

126 2045 269 2076 παντελῶς
285 2046 324 2076 εἰς
337 2043 475 2078 θεοπρεπῆ
491 2042 645 2077 παρρησίαν
663 2042 780 2068 ἐποιεῖτο
795 2042 842 2076 τὴν
861 2041 917 2067 διά-

125 2092 216 2125 λεξιν⁹
234 2091 332 2127 εχρῆτο
353 2090 381 2116 δὲ
399 2089 497 2124 μᾶλλον
511 2088 624 2123 τοιαύτῃ
637 2087 669 2114 δι’
685 2088 839 2122 οικονομὶαν
860 2087 916 2114 ἔσθ’

124 2140 183 2170 ὅτε,
207 2139 279 2174 ἤπερ
306 2137 339 2163 ἂν
355 2136 453 2172 πρέποι
476 2134 535 2169 Θεῷ
557 2142 587 2160 τε
610 2133 676 2169 ὁμοῦ
698 2133 746 2160 καὶ
769 2133 914 2168 ἀνθρώπῳ.

124 2186 182 2213 Καὶ
204 2185 260 2220 γὰρ
276 2182 310 2218 ἦν
322 2183 406 2214 ὅντως
425 2181 495 2208 κατὰ
511 2180 609 2207 ταυτὸν
625 2180 766 2215 ἀμφότερα
780 2187 786 2195 ·
811 2177 851 2211 εἷς
868 2180 915 2215 μὲν

1009 1357 1094 1392 Igitur
1115 1364 1121 1381 :
1138 1357 1233 1388 Amen,
1257 1363 1331 1382 amen
1355 1356 1413 1382 dico
1435 1355 1517 1387 vobis,
1538 1363 1589 1382 non
1607 1360 1701 1389 potest,
1718 1356 1761 1384 in-

973 1403 1042 1438 quit,
1058 1401 1145 1428 Filius
1167 1410 1183 1428 a
1201 1409 1228 1428 se
1243 1401 1330 1435 facere
1343 1402 1498 1436 quidquam,
1514 1401 1564 1428 nisi
1578 1401 1647 1436 quod
1668 1401 1760 1430 viderit

972 1447 1081 1475 Patrem
1094 1447 1250 1482 facientem:
1270 1454 1430 1481 aureamque
1445 1447 1514 1473 enim
1527 1446 1572 1472 ille
1585 1447 1686 1481 fecerit,
1706 1447 1761 1476 hcc

971 1498 995 1521 et
1012 1493 1098 1520 Filius
1113 1493 1237 1524 similiter
1253 1492 1330 1526 facit.
1349 1491 1447 1518 Cernis
1464 1495 1494 1518 ut
1509 1492 1591 1518 etiam
1608 1499 1657 1526 per
1677 1492 1760 1519 abso-

973 1539 1135 1566 lutissimum
1152 1545 1268 1573 operum
1294 1537 1468 1564 identitatem
1493 1537 1610 1564 similem
1632 1545 1661 1565 se
1686 1537 1760 1564 Patri

972 1586 1000 1612 in
1015 1585 1146 1612 omnibus
1162 1583 1290 1615 ostendit,
1311 1587 1340 1610 ut
1361 1590 1410 1618 per
1437 1583 1490 1609 hoc
1508 1588 1582 1610 certe
1599 1583 1761 1610 substantiae

972 1638 1081 1666 quoque
1094 1629 1186 1656 Patris
1203 1629 1290 1656 haeres
1310 1633 1450 1663 appareat.
1468 1627 1596 1655 Salvator
1615 1628 1687 1655 enim
1703 1629 1760 1656 hrcc

971 1676 1018 1706 ait,
1045 1675 1124 1710 quasi
1139 1675 1298 1701 necessario
1310 1678 1337 1700 et
1354 1674 1425 1700 citra
1442 1673 1659 1700 controversiam
1678 1674 1759 1701 intel-

971 1722 1096 1757 ligendus
1113 1721 1149 1748 sit
1164 1720 1235 1748 Deus
1249 1719 1401 1748 secundum
1418 1724 1544 1746 naturam
1556 1719 1700 1751 exsistere,
1715 1719 1758 1746 cui

971 1768 1085 1803 aequalis
1099 1768 1135 1794 sit
1149 1775 1211 1794 cum
1229 1767 1285 1794 Deo
1296 1770 1322 1793 et
1336 1766 1418 1800 220
1427 1765 1509 1792 Patre
1524 1766 1659 1800 operatio.
1674 1765 1760 1793 Nemo

971 1820 1059 1842 autem
1080 1814 1295 1846 scandalizetnr,
1314 1821 1375 1840 cum
1400 1821 1448 1848 per
1461 1812 1697 1848 dispensationem
1718 1813 1760 1839 di-

971 1869 1032 1888 cere
1045 1861 1154 1888 videtur
1166 1860 1252 1886 Filius
1268 1867 1322 1886 non
1334 1866 1416 1893 posse
1432 1866 1446 1885 a
1457 1866 1485 1885 se
1495 1858 1585 1886 facere
1597 1859 1758 1893 quidquam,

969 1906 1024 1934 nisi
1047 1907 1121 1941 quod
1146 1905 1248 1932 viderit
1272 1904 1381 1931 Patrem
1408 1904 1575 1931 facientem:
1604 1911 1665 1930 nam
1694 1904 1758 1938 quia

970 1954 1041 1980 servi
1060 1953 1175 1980 formam
1188 1951 1338 1985 assumpsit
1349 1950 1420 1981 ""',
1436 1954 1463 1977 et
1478 1950 1560 1976 homo
1576 1949 1664 1976 factus
1679 1953 1721 1976 cst
1734 1949 1758 1965 "

969 2003 1081 2034 propter
1100 1998 1192 2025 carnis
1208 1995 1444 2030 conjunctionem,
1459 2002 1513 2022 non
1529 2002 1638 2028 semper
1648 2002 1679 2022 ea
1697 2002 1759 2029 quae

969 2045 1025 2072 Deo
1055 2043 1184 2071 convenit
1210 2043 1336 2070 libertate
1363 2046 1446 2076 atque
1471 2041 1635 2068 auctoritate
1663 2041 1688 2067 in
1718 2041 1758 2067 lo-

970 2091 1079 2126 quendo
1098 2089 1238 2122 utebatur,
1260 2088 1326 2123 quin
1343 2088 1435 2122 potius
1456 2094 1503 2122 per
1522 2087 1756 2121 dispensationem

969 2144 1030 2163 eam
1052 2135 1187 2162 interdum
1209 2134 1366 2166 adhibebat,
1388 2141 1449 2168 qua:
1475 2132 1529 2160 Deo
1545 2133 1649 2167 pariter
1664 2138 1690 2160 et
1706 2133 1757 2160 ho-

969 2181 1037 2209 mini
1052 2180 1205 2208 conveniat.
1222 2179 1286 2206 Erat
1298 2179 1370 2207 enim
1388 2183 1537 2213 utrumque
1553 2178 1635 2207 simul
1650 2187 1755 2207 revera.

125 2232 161 2267 δὴ
175 2231 256 2265 λόγος
266 2226 343 2260 οὗτος
356 2228 467 2263 ἀληθής·
481 2225 557 2262 οἶμαι
572 2226 600 2252 δὲ
613 2226 666 2252 δεῖν
677 2226 724 2252 καὶ
738 2226 823 2261 ἑτέρῳ
835 2226 916 2252 πάλιν

971 2227 1032 2255 llzec
1052 2227 1161 2263 quidem
1181 2226 1308 2254 doctrina
1331 2233 1395 2253 vera
1416 2229 1474 2258 est;
1501 2225 1549 2252 sed
1571 2225 1624 2251 alio
1648 2233 1757 2260 quoque

125 2275 321 2311 ἐπεξηγεῖσθαι
346 2273 440 2309 τρόπῳ
455 2272 485 2298 τὸ
509 2271 699 2307 προκείμενον,
722 2272 768 2297 καὶ
790 2270 916 2306 ὀξύτερόν

125 2332 187 2354 πως
204 2323 237 2357 τῇ
252 2321 299 2348 τοῦ
313 2320 489 2355 Θεωρήματος
504 2317 631 2354 ἀκριϐείᾳ
646 2316 835 2352 προσϐάλλειν.
856 2327 866 2342 ι
878 2316 915 2343 Οὐ

125 2368 252 2398 δύναται,
264 2377 272 2393 ι
290 2365 383 2401 φησὶν,
396 2375 404 2390 ι
416 2364 499 2394 ὁΥἱὺς
511 2364 598 2390 ποιεῖν
607 2361 652 2397 ἀφῖ
667 2361 763 2388 ἑαυτοῦ
777 2361 915 2392 οὐδὲνρὲὰν

127 2415 166 2452 μή
175 2423 201 2440 τι
213 2413 300 2449 βλέπῃ
309 2412 353 2438 τὸν
361 2411 469 2446 Πατέρα
478 2409 614 2436 ποιοῦντα.
629 2417 637 2433 ι
649 2407 695 2439 Τὸ,
709 2417 717 2432 α
728 2407 758 2433 οὑ
772 2407 892 2439 δύναται,
904 2416 912 2432 ι

125 2461 187 2496 ἦτοι
201 2459 232 2486 τὸ
246 2459 376 2485 ἀδύνατον
386 2457 577 2492 κατηγορεῖται
588 2453 678 2486 τινῶν,
695 2453 753 2488 ἦτοι
768 2452 821 2479 τῶν
832 2453 916 2479 ὄντων

124 2506 198 2532 τισὶν
215 2505 382 2539 ἐπιφέρεται.
402 2502 487 2529 Τοῦτο
510 2501 563 2536 γὰρ
584 2501 626 2535 δὴ,
642 2499 672 2526 τὸ
694 2498 915 2534 κατηγορεῖσθαι,

125 2550 229 2586 φαμὲν,
247 2550 307 2584 οὐχὶ
323 2549 432 2579 πάντως
449 2548 587 2582 ἀνάγκης,
614 2545 675 2572 οὐδὲ
697 2544 838 2576 ἀσθενείας
858 2544 917 2570 ἐστὶ

126 2595 306 2632 σημαντικόν
321 2595 441 2621 διδάσκει
451 2593 478 2620 δὲ
492 2592 620 2623 πολλάκις
632 2591 680 2618 καὶ
694 2591 800 2626 φύσεων
812 2590 914 2626 ἑδραιό-

125 2650 207 2677 τητα.
231 2641 280 2668 καὶ
303 2640 401 2667 οὐσιῶν
417 2639 563 2674 ἀκλόνητον
586 2638 691 2670 στάσιν,
708 2637 758 2673 τὴν
780 2638 822 2671 ἐφ’
844 2633 915 2671 οἷςῆ

127 2689 211 2720 ἐστιν,
225 2688 241 2723 ἢ
253 2688 365 2722 γέγονεν
378 2686 477 2721 ἑκάστη
488 2684 541 2712 τῶν
556 2684 772 2720 σημαινομένων,
785 2683 832 2710 καὶ
844 2682 916 2718 ἅπερ

125 2733 180 2762 οἶδε
198 2734 320 2770 φυσικῶς
344 2742 374 2759 τε
396 2733 443 2759 καὶ
461 2731 637 2767 ἀμεταθέτως
659 2731 789 2766 ἐνεργεῖν,
811 2729 916 2756 Ὴκέτω

125 2781 165 2815 δὲ,
179 2783 204 2808 εἰ
217 2781 302 2812 δοκεῖ,
323 2779 370 2806 καὶ
386 2778 429 2805 διὰ
448 2777 676 2814 παραδειγμάτων
692 2778 705 2804 ὁ
723 2776 811 2811 λόγος.
830 2776 915 2802 Ὅταν

159 2908 181 2922 ³⁹
195 2912 278 2939 Joan.
296 2919 310 2938 Χ
325 2932 331 2943 ,
348 2911 391 2938 50.
431 2912 454 2927 ’⁵ο
470 2910 548 2937 Joan.
567 2919 620 2943 xiv,
636 2911 662 2936 9.
700 2910 758 2927 “-“
775 2910 871 2945 Philip.
894 2918 911 2936 ιι
925 2932 931 2942 ,

969 2273 1052 2301 modo
1076 2281 1132 2300 rem
1151 2273 1320 2307 propositam
1346 2271 1460 2306 insuper
1483 2270 1673 2306 explicandam
1695 2279 1758 2299 esse

969 2327 1041 2352 reor,
1062 2322 1089 2346 et
1105 2319 1213 2345 acutius
1229 2317 1303 2345 illius
1325 2317 1505 2344 theorematis
1526 2317 1660 2344 rationem
1681 2317 1754 2344 intu-

969 2364 1078 2392 endam.
1095 2374 1104 2390 ι
1118 2363 1175 2392 Νοιι
1192 2368 1293 2398 potest,
1319 2373 1328 2389 ι
1343 2363 1445 2398 inquit,
1460 2372 1468 2387 ι
1487 2362 1572 2389 Filius
1585 2370 1598 2389 a
1619 2371 1648 2390 se
1666 2362 1757 2390 facere

970 2411 1130 2446 quidquam,
1146 2409 1197 2436 nisi
1216 2410 1288 2445 quod
1312 2408 1412 2437 viderit
1432 2408 1539 2435 Patrem
1567 2407 1721 2435 facientem.
1743 2417 1753 2433 ι

970 2456 1039 2483 Illud
1056 2465 1065 2482 ι
1085 2455 1145 2483 Νοιι
1162 2459 1262 2490 potest,
1287 2464 1296 2481 ι
1315 2455 1372 2482 sive
1391 2454 1554 2489 impossibile
1575 2459 1624 2487 est,
1640 2454 1673 2481 de
1693 2454 1754 2488 qui-

969 2501 1085 2529 busdam
1098 2501 1273 2536 przedicatur,
1286 2501 1344 2528 sive
1360 2500 1501 2528 nonnullis
1513 2501 1596 2528 rebus
1614 2499 1754 2527 tribuitur.

969 2547 1037 2575 lllud
1050 2549 1133 2579 enim,
1151 2547 1306 2583 praedicari,
1322 2555 1375 2574 non
1391 2548 1486 2582 utique
1499 2547 1690 2574 necessitatem
1708 2550 1756 2573 aut

969 2593 1184 2620 imbecillitatem
1206 2593 1365 2628 signiﬁcare
1380 2593 1508 2624 dicimus,
1527 2591 1574 2619 sed
1595 2593 1755 2627 plerumque

968 2638 1079 2665 denotat
1098 2643 1261 2665 naturarum
1277 2639 1466 2671 stabilitatem,
1491 2642 1519 2665 et
1538 2639 1754 2666 substantiarum

967 2689 1068 2712 statum
1084 2685 1281 2712 inconcussum
1298 2684 1390 2720 quoad
1405 2685 1569 2718 essentiam,
1589 2689 1616 2712 et
1641 2689 1755 2712 natura-

969 2731 1021 2757 lem
1048 2735 1131 2765 atque
1151 2730 1349 2758 immutabilem
1374 2731 1559 2766 operationem
1577 2723 1755 2765 uniuscujus—

969 2784 1030 2811 quc.
1040 2776 1104 2808 Sed,
1120 2776 1142 2803 si
1155 2776 1242 2811 juvat,
1259 2776 1342 2804 etiam
1355 2775 1488 2811 exemplis
1503 2783 1560 2803 rem
1576 2775 1754 2812 explicemus.

949 2910 974 2936 τ.
1015 2911 1036 2925 ³⁵
1050 2909 1127 2937 Joan.
1145 2917 1164 2942 ι,
1183 2910 1225 2936 Μ.
