2026 3123
249 200 300 229 359

756 199 784 226 S.
804 198 941 227 CYlllle
962 197 1196 226 ALEXANDRINI
1215 196 1373 226 ARCIIIEP.

1815 196 1868 226 360

248 257 276 284 Si
290 257 362 292 quis,
384 255 501 290 exempli
517 253 616 290 gratia,
641 255 716 283 dicat
731 263 760 283 sc
778 264 830 284 non
852 264 932 291 posse
946 263 1029 291 grave

1086 257 1220 292 ίνθρωπος
1235 257 1299 293 εἴπῃ
1311 257 1400 291 τυχὸν,
1424 255 1514 291 ἄπηχῦ
1529 264 1558 282 τε
1576 253 1631 289 [ἵσ.
1646 255 1762 291 ἀπηχὲς]
1782 254 1868 288 εἰκὸς,

248 308 329 337 atque
353 305 462 336 portatu
485 301 594 328 diﬂicilc
619 301 722 336 lignum
747 307 864 337 gestare,
879 310 955 330 snam
978 302 1030 328 im-

249 348 425 375 becillitatem
449 347 550 381 prodit.
578 345 626 374 Sin
645 351 734 375 autem
749 348 820 375 alius
836 348 928 375 dicat:
946 347 1032 374 Homo

249 392 364 419 rationis
386 399 497 426 compos
514 399 576 418 cum
591 391 655 424 sim,
678 396 704 418 et
728 392 856 419 rationali
882 396 1032 427 prognatus

248 442 334 472 patre,
353 445 407 465 non
420 445 532 472 possum
548 437 638 465 facere
652 438 793 472 proprium
807 438 891 466 veluti
901 437 1032 473 quiddam

248 488 275 511 et
295 491 309 510 a
327 484 442 519 meipso.
458 483 531 519 quod
555 491 610 511 non
627 484 732 511 videam
756 484 846 512 inesse
859 487 965 511 natura;
985 483 1033 510 Pa-

249 530 319 562 tris;
338 533 404 557 tunc
424 529 491 556 illud
509 539 519 555 ι
538 529 596 557 Non
615 537 727 564 possum
755 539 764 555 ι
783 530 964 557 substantiam
985 529 1032 556 ﬁr-

249 583 320 603 mam
332 583 404 607 csse.
416 579 443 602 ct
458 575 557 602 mutari
572 583 628 603 non
643 576 762 610 possein
777 576 850 603 aliud
863 576 897 604 ab
912 583 944 603 eo
959 576 1031 610 quod

248 624 302 651 est,
315 620 462 655 signiﬁcat.
480 619 539 647 Non
556 627 668 654 possum
678 620 762 652 enim,
779 621 878 655 inquit,
896 628 911 647 a
927 621 1032 655 meipso

249 674 303 694 non
327 674 388 694 esse
411 666 512 693 animal
537 666 653 693 rationis
676 673 800 702 compos,
822 666 974 702 proﬂigatis
998 667 1032 694 iis

249 720 310 748 qua:
334 716 438 739 naturae
457 712 550 739 insunt
572 712 770 746 praerogativis.
789 712 849 739 Non
867 712 939 740 enim
953 712 1032 739 video

250 763 330 791 posse
342 756 394 782 hoc
404 756 460 790 pati
474 756 501 782 in
515 756 603 790 patris
615 759 724 783 natura.
736 755 838 784 Eodem
849 758 940 792 itaque
951 756 1032 784 modo

247 802 388 830 Christum
411 801 546 828 dicentem
562 801 717 837 intelliges:
734 811 743 828 ι
760 802 820 830 Non
842 807 932 838 potest
946 802 1032 830 Filius

248 854 264 873 a
287 854 316 873 se
341 847 430 874 facere
453 846 615 881 quidquam.
635 847 689 874 nisi
706 848 779 882 quod
800 848 898 876 viderit
921 848 1031 876 Patrem

249 892 408 919 facientem.
436 901 445 918 ›
471 891 560 919 Nolite
578 892 650 919 enim
665 913 672 925 ,
697 893 806 928 inquit,
829 893 1032 928 reprehendere

1083 302 1129 328 καὶ
1143 302 1212 336 βαρὺ
1230 302 1267 337 μὴ
1278 301 1404 327 δύνασθαι
1415 300 1581 335 διακομίζειν
1593 300 1680 332 ξύλον,
1695 300 1743 334 τῆς
1755 299 1870 334 ἐνούσης

1083 348 1172 374 αὐτῶν
1186 346 1240 383 [ἵσ.
1253 347 1337 382 αὐτῷ]
1358 347 1499 378 ἀσθενείας
1515 347 1663 381 κατηγορεῖ
1675 353 1682 360 ο
1703 346 1769 372 ὅταν
1785 345 1814 372 δέ
1828 353 1870 376 τις

1083 393 1174 427 ἕτερος
1188 393 1264 429 εἴπῃ,
1283 392 1443 427 Ἀνθρωπος
1453 391 1491 418 ὣν
1505 391 1612 425 λογικὸς
1629 391 1698 418 κατὰ
1717 391 1808 426 φύσιν,
1823 391 1869 417 καί

1083 439 1114 465 ἐκ
1136 438 1244 472 λογικοῦ
1270 438 1340 464 κατὰ
1363 438 1443 472 φύσιν
1467 438 1666 472 γεγεννημένος
1689 436 1812 472 πατρὸς,
1839 436 1869 462 οἱ

1083 484 1199 519 δύναμαι
1215 485 1301 510 ποιεῖν
1316 483 1409 518 ὥσπερ
1424 483 1488 510 ῐδιόν
1500 492 1527 510 τι
1540 483 1587 510 καὶ
1599 484 1645 510 ἀπ’
1661 482 1792 518 ἐμαυτοῦ,
1805 481 1820 508 ὃ
1833 481 1868 516 μὴ

1084 528 1188 562 βλέπων
1200 528 1391 563 προσπεφυκδς
1402 529 1435 563 τῇ
1451 527 1497 554 τοῦ
1510 529 1691 562 γεννήσαντος
1706 526 1796 561 φύσει,
1809 527 1870 552 τότε

1082 574 1112 600 τὸ
1126 582 1134 598 ι
1146 573 1183 600 Οὐ
1199 573 1336 608 δύναμαι»
1352 574 1402 607 τὴν
1414 573 1464 607 τῆς
1476 572 1569 603 οὐσίας
1586 572 1758 608 ἑδραιότητα,
1773 571 1821 597 καὶ
1839 570 1870 597 τὸ

1082 620 1277 655 ἀμετάπτωτον
1292 620 1330 652 εἰς
1343 619 1436 654 ἕτερόν
1448 627 1475 644 τι
1491 618 1556 653 παρ’
1571 618 1639 652 ὅπερ
1655 617 1771 652 ὑπάρχει
1784 616 1868 651 δηλοῖ.

1083 666 1120 692 Οὐ
1133 665 1249 700 δύναμαι
1270 664 1336 699 γὰρ,
1350 664 1442 699 φησὶν,
1459 663 1506 690 ἀπ’
1523 662 1642 698 ἐμαυτοῦ
1660 661 1696 697 μὴ
1711 661 1780 688 εἶναι
1801 660 1870 692 ζῶον

1083 711 1200 745 λογικὸν,
1221 710 1276 737 τῶν
1291 711 1324 745 τῇ
1349 709 1428 744 φύσει
1451 709 1607 744 προσόντων
1629 706 1870 742 κατευμεγεθήσας

1083 755 1335 791 πλεονεκτημάτων.
1348 755 1384 781 Οὐ
1398 755 1452 790 γὰρ
1465 754 1520 790 όρῶ
1533 754 1564 780 τὸ
1580 753 1708 780 δύνασθαι
1722 753 1802 780 τοῦτο
1818 761 1871 779 πα-

1083 802 1138 828 θεῖν
1151 802 1180 828 ἐν
1193 802 1226 837 τῇ
1241 800 1287 828 τοῦ
1300 801 1424 832 τεκόντος
1442 799 1531 834 φύσει.
1553 800 1630 826 Κατὰ
1646 799 1739 826 τοῦτον
1755 796 1802 825 οὖν
1816 799 1871 834 ἄρα

1081 849 1127 876 τὸν
1140 848 1241 884 τρόπον
1253 847 1356 883 ἀκούσῃ
1369 847 1494 881 λέγοντος
1507 846 1554 873 τοῦ
1569 844 1686 881 Χριστοῦ
1695 853 1702 859 ·
1722 854 1732 871 ι
1741 844 1779 871 Οὐ
1790 844 1871 871 δύναα

1082 903 1127 921 ται
1138 895 1152 921 ὁ
1168 894 1232 926 Υἱὸς
1248 895 1335 920 ποιεῖν
1350 893 1396 927 ἀφ’
1409 892 1505 920 ἐαυτοῦ
1524 891 1610 924 οὐδὲν,
1624 891 1671 918 ἐὰν
1687 891 1724 926 μή
1738 899 1764 917 τι
1782 890 1872 926 βλέπῃ

249 945 331 973 opera
353 937 414 965 Filii
431 946 438 965 :
455 937 593 966 Genitoris
616 939 717 974 quippe
734 940 776 967 sui
792 940 941 967 essentiam
959 940 1032 967 velut

1086 939 1128 966 τὸν
1143 939 1253 973 Πατέρα
1273 938 1412 966 ποιοῦντα,
1433 948 1442 964 ›
1468 938 1514 973 Μὴ
1537 937 1682 972 ἐπιτιμᾶτε
1705 936 1769 971 γὰρ.
1791 935 1869 971 φησὶ,

249 984 278 1011 in
306 984 365 1011 suis
390 983 606 1018 cogitationibus
632 985 690 1013 sive
713 986 888 1013 naturalibus
911 985 1032 1013 motibus

249 1030 448 1065 contemplans.
469 1037 584 1064 quarum
604 1038 695 1058 rerum
719 1032 844 1067 opiﬁcem
867 1031 1034 1060 convenien-

250 1079 292 1102 ter
316 1083 377 1103 esse
404 1076 488 1109 videt,
509 1077 559 1104 has
589 1077 683 1112 utique
707 1077 783 1111 facit,
797 1086 829 1106 ac
856 1078 925 1105 nihil
946 1078 1033 1112 aliud,

250 1129 313 1148 cum
344 1129 398 1149 non
427 1123 514 1157 possit
535 1123 638 1158 aliquid
663 1132 758 1151 eorum
783 1133 845 1160 quae
866 1128 965 1160 praeter
985 1132 1035 1151 na-

250 1170 341 1194 turam
369 1175 447 1195 suam
469 1171 535 1195 sunt
561 1169 629 1204 pati,
650 1173 796 1204 propterea
820 1170 893 1204 quod
918 1177 952 1197 ex
975 1169 1035 1204 ipsa

250 1218 303 1241 est.
328 1213 450 1248 Exempli
466 1214 572 1250 gratia:
598 1218 698 1242 natura
723 1214 813 1242 Patris
843 1215 924 1242 habet
948 1219 977 1242 ut
999 1216 1036 1242 sit

251 1260 433 1294 misericors;
450 1260 502 1288 hoc
518 1263 596 1288 certo
613 1260 700 1289 Filius
720 1269 782 1288 cum
803 1261 828 1288 ei
854 1268 964 1296 quoque
990 1262 1035 1289 in-

252 1312 312 1332 esse
332 1305 434 1338 videat,
452 1309 482 1332 ut
506 1305 555 1340 qui
577 1305 614 1333 sit
640 1313 674 1333 ex
703 1305 774 1340 ipso,
803 1306 966 1333 naturaliter
983 1306 1035 1334 mi-

252 1352 372 1378 sericors
386 1355 439 1382 est,
456 1358 507 1379 nec
519 1355 612 1386 potest
630 1351 704 1378 aliud
724 1359 786 1379 esse
798 1359 881 1387 quam
897 1353 970 1388 quod
989 1353 1036 1381 illa

252 1396 332 1431 221
349 1399 402 1424 est.
417 1395 504 1424 Habet
524 1396 598 1423 enim
616 1403 649 1423 ex
665 1395 756 1429 Patre,
774 1400 804 1423 ut
828 1398 985 1431 eSSentiam,
999 1398 1036 1425 ita

253 1449 362 1477 quoque
390 1440 516 1470 essentia
535 1441 605 1469 bona
623 1449 630 1468 :
652 1441 813 1476 simpliciter
836 1442 985 1476 nimirum,
1009 1447 1037 1470 et

253 1489 322 1515 citra
346 1486 583 1522 compositionem,
608 1491 637 1514 ut
655 1486 745 1514 Deus:
760 1487 876 1523 ideoque
900 1489 1037 1522 sapienter

253 1533 348 1562 statim
373 1532 485 1567 subiicit
501 1541 509 1559 :
525 1541 534 1557 ι
552 1532 727 1567 Quaecunque
754 1533 825 1559 enim
855 1533 901 1560 ille
924 1532 1036 1564 fecerit.

253 1579 312 1607 haec
330 1582 358 1606 et
375 1578 461 1606 Filius
475 1578 599 1605 similiter
616 1578 692 1610 facit,
713 1587 722 1604 ι
740 1582 834 1610 totam,
847 1583 876 1606 ut
887 1579 914 1605 in
930 1586 1036 1606 summa

253 1624 356 1656 dicam,
376 1623 600 1658 signiﬁcationem
616 1623 712 1650 horum
727 1624 882 1655 verborum.
893 1631 945 1651 non
956 1631 1037 1658 posse

254 1675 270 1696 ιι
299 1669 446 1703 semetipso
471 1668 561 1696 facere
583 1669 744 1704 quidquam,
769 1669 823 1696 nisi
837 1669 912 1704 quod
936 1669 1037 1697 viderit

253 1714 363 1742 Patrem
380 1713 534 1745 facientem,
550 1713 595 1740 hic
618 1714 762 1748 colligens.
778 1713 854 1746 Quod
872 1714 896 1741 si
912 1721 1035 1746 causam,

254 1759 290 1787 oh
309 1767 390 1794 quam
402 1759 458 1786 haec
475 1759 560 1787 Filius
573 1759 648 1792 dicit,
671 1760 804 1794 inquiras,
825 1760 981 1787 accuratius
996 1760 1037 1787 di-

255 1806 308 1833 ctis
328 1806 447 1832 animum
468 1806 603 1833 adverles.
620 1805 705 1841 Igitur
719 1806 849 1840 quoniam
863 1806 906 1833 die
925 1806 1036 1833 Sabbati

255 1852 397 1887 paralytici
414 1852 541 1879 misertus
550 1856 619 1882 erat,
640 1851 726 1879 Judaei
741 1851 829 1886 ipsum
840 1851 968 1879 insectari
982 1858 1038 1879 coe-

255 1900 374 1931 perunt:
392 1896 438 1923 sed
463 1895 589 1924 Christus
616 1903 663 1923 eos
682 1895 858 1928 iconfundit,
890 1895 1037 1923 ostendens

256 1941 339 1968 Deum
353 1949 384 1968 ac
397 1940 504 1969 Patrem
528 1942 652 1969 misereri
668 1942 798 1969 Sabbato.
818 1940 874 1968 Nec
890 1941 961 1968 enim
976 1948 1037 1976 pro-

254 1987 372 2015 hibenda
389 1988 495 2014 censuit
507 1995 567 2022 quin
579 1988 611 2014 ad
621 1987 736 2015 salutem
747 1991 870 2015 nostram
881 1986 1036 2014 conferunt.

255 2031 289 2058 Et
301 2037 373 2059 certe
387 2033 466 2060 initio
478 2029 563 2060 dixit:
577 2042 586 2059 ι
597 2032 678 2060 Pater
689 2040 766 2059 meus
782 2040 869 2066 usque
881 2032 962 2059 modo
971 2039 1036 2067 ope-

254 2082 342 2110 ratur,
368 2083 394 2106 et
427 2086 476 2113 ego
506 2086 614 2113 operor.
634 2087 643 2104 ι
661 2078 714 2105 Sed
729 2079 858 2113 quoniam
882 2085 938 2113 pra:
953 2078 1038 2105 multa

255 2124 378 2153 vecordia
395 2127 506 2158 gravate
528 2124 585 2150 haec
605 2124 676 2150 ferre
689 2123 861 2155 videbantur,
871 2122 963 2150 subdit
975 2130 1038 2150 rur-

255 2177 315 2197 sum
330 2177 336 2195 :
356 2178 365 2195 (
384 2169 442 2196 Non
457 2173 547 2204 potest
559 2168 644 2195 Filius
659 2176 674 2195 a
696 2169 842 2203 semetipso
857 2167 948 2196 facere
960 2168 1039 2203 qnid-

255 2221 346 2249 quam,
369 2214 423 2241 nisi
444 2213 517 2247 quod
543 2213 642 2240 viderit
661 2212 767 2240 Patrem
789 2212 945 2240 facientem.
958 2212 1038 2245 Quac-

1083 985 1140 1016 τοῖς
1152 983 1242 1020 ἔργοις
1255 983 1302 1010 τοῦ
1316 982 1381 1010 Υἱοῦ
1395 992 1402 999 ·
1424 982 1473 1018 τὴν
1485 983 1538 1018 γὰρ
1547 981 1594 1008 τοῦ
1605 981 1727 1012 τεκόντος
1737 980 1820 1007 αὑτὸν
1833 980 1872 1012 ὡς

1084 1031 1113 1058 ἐν
1125 1031 1202 1062 ἰδίαις
1212 1030 1335 1064 ἐννοίαις,
1347 1030 1404 1065 ἦτοι
1417 1030 1538 1065 φυσικοῖς
1550 1029 1696 1064 κινήμασιν
1708 1027 1871 1062 ἀναθεωρῶν

1085 1077 1188 1110 οὐσίαν,
1198 1073 1288 1112 ὧνπερ
1295 1077 1327 1104 ἂν
1336 1076 1384 1102 ἴδοι
1394 1075 1551 1111 πρεπόντως
1558 1074 1669 1110 ἐργάτιν
1684 1073 1778 1108 αὐτὴν,
1785 1072 1872 1098 ταῦτα

1085 1124 1117 1159 δὴ
1125 1124 1297 1160 «pangant
1304 1123 1347 1149 ετε
1352 1131 1396 1158 ρον
1403 1122 1488 1153 οὐδὲν,
1495 1121 1590 1148 παθεῖν
1598 1130 1625 1148 τι
1631 1120 1686 1148 τῶν
1696 1119 1772 1154 παρὰ
1780 1119 1871 1153 φύσιν,

1085 1169 1129 1196 διὰ
1140 1169 1171 1195 τὸ
1185 1168 1307 1202 ἐξαὺτῆς
1320 1166 1463 1202 ὑπάρχειν¹
1474 1166 1504 1192 οὺ
1516 1165 1673 1201 δυνάμενος.
1682 1162 1755 1198 Οἴον,
1770 1163 1829 1199 ἔχει
1841 1163 1873 1190 τὺ

1086 1213 1174 1241 θέλειν
1185 1214 1295 1248 ἐλεεῖνὴ
1306 1212 1353 1239 τοῦ
1365 1212 1471 1248 [ἰατρὸς
1487 1211 1567 1246 φύσις
1577 1219 1585 1226 ο
1606 1211 1684 1238 τοῦτο
1700 1210 1732 1246 δὴ
1748 1210 1796 1237 καὶ
1810 1210 1873 1236 ἐνυ-

1086 1259 1191 1296 πάρχον
1204 1259 1272 1295 αὐτῇ
1290 1258 1400 1294 θεωρῶν
1411 1259 1425 1284 ὁ
1444 1257 1516 1289 Υῑδς,
1535 1258 1573 1289 ὡς
1588 1256 1618 1289 ἐξ
1636 1255 1730 1289 αὑτοῦ,
1749 1255 1874 1291 φυσικῶς

1086 1306 1209 1341 ἐλεήμων
1220 1305 1304 1336 ἐστὶν,
1313 1305 1343 1331 οὺ
1353 1304 1500 1339 δυνάμενος
1507 1302 1598 1338 ἕτερόν
1606 1311 1632 1330 τι
1644 1303 1708 1338 παρ’
1719 1302 1787 1336 ὅπερ
1799 1301 1875 1328 ἐστὶν

1086 1351 1178 1386 ἐκείνη
1191 1349 1326 1385 γενέσθαι.
1345 1349 1422 1384 Ἔχει
1444 1349 1498 1384 γὰρ
1515 1350 1547 1376 ἐκ
1563 1349 1680 1384 Πατρδς,
1701 1347 1796 1383 ὥσπερ
1822 1347 1874 1383 τὴν

1087 1396 1189 1428 οὐσίαν,
1207 1395 1277 1422 οὕτω
1290 1396 1338 1423 καὶ
1362 1395 1397 1422 τὰ
1421 1395 1470 1431 τῆς
1493 1395 1587 1427 οὐσίας
1610 1394 1717 1429 ἀγαθά·
1738 1394 1832 1426 ἁπλῶς
1845 1394 1875 1420 δὲ

1086 1441 1166 1476 δῆλον
1182 1441 1222 1468 ὅτι
1238 1441 1285 1468 καὶ
1296 1441 1450 1472 ἀσυνθέτως
1464 1441 1501 1472 ὡς
1524 1440 1605 1472 Θεός·
1620 1439 1706 1466 διάτοι
1723 1438 1803 1465 τοῦτο
1817 1438 1876 1469 τοῖς

1087 1488 1206 1524 πρώτοις
1218 1487 1337 1521 ἐπιλέγει
1354 1487 1442 1522 σοφῶς
1453 1494 1460 1502 ·
1476 1495 1485 1513 ‹
1503 1487 1537 1513 Ἀ
1557 1486 1610 1521 γὰρ
1631 1485 1664 1512 ἂν
1680 1486 1783 1516 ἐκεῖνος
1797 1485 1874 1519 ποιῇ,

1086 1534 1172 1562 ταῦτα
1184 1534 1231 1561 καὶ
1241 1535 1255 1560 ὁ
1268 1534 1331 1565 Υἱὸς
1346 1533 1445 1569 ὁμοίως
1456 1534 1552 1560 ποιεῖ-ι
1564 1533 1638 1568 ὅλην,
1651 1532 1690 1561 ὡς
1702 1531 1768 1563 ἐπος
1776 1531 1874 1562 εἰπεῖν,

1086 1580 1136 1615 τὴν
1154 1580 1290 1614 περίνοιαν
1310 1579 1357 1606 τοῦ
1385 1579 1422 1614 μὴ
1443 1578 1573 1605 δύνασθαι
1595 1580 1682 1605 ποιεῖν
1707 1578 1753 1612 ἀφ’
1775 1575 1875 1604 ἐαυτοῦ

1089 1625 1182 1660 μηδὲν,
1199 1625 1246 1651 ἐὰν
1263 1625 1300 1660 μή
1319 1623 1346 1651 τι
1364 1624 1449 1661 βλέπῃ
1465 1624 1510 1651 τὸν
1532 1624 1640 1659 Πατέρα
1658 1623 1797 1656 ποιοῦντα,
1812 1631 1876 1649 συν-

1087 1670 1161 1704 άγων
1175 1670 1204 1697 ἐν
1220 1669 1334 1701 τούτοις.
1358 1669 1594 1705 ’Δναλογιζόμενος
1607 1669 1635 1695 δὲ
1646 1669 1696 1704 τὴν
1710 1668 1811 1701 αἰτίαν,
1829 1667 1877 1702 ἐφ’

1087 1713 1104 1752 ᾗ
1120 1716 1155 1742 τὰ
1168 1715 1280 1743 τοιαῦτά
1299 1723 1381 1750 φησιν
1403 1716 1417 1741 ὁ
1434 1715 1508 1748 Υιὺς,
1525 1714 1720 1751 ἀκριϐέστερον
1735 1715 1792 1746 τοῖς
1807 1713 1876 1749 παρ’

1087 1760 1177 1788 αὐτῶν
1193 1760 1348 1796 εἰρημένοις
1374 1761 1535 1794 ἐπιστήσεις
1543 1760 1589 1786 τὸν
1601 1760 1673 1786 νοῦν.
1685 1759 1791 1787 Οὐκοῦν
1801 1760 1876 1785 ἐπει-

1086 1806 1174 1841 δήπερ
1202 1807 1231 1833 ἐν
1254 1805 1345 1841 ἡμέρᾳ
1363 1805 1504 1832 Σαϐϐάτου
1530 1805 1576 1832 τὸν
1594 1805 1756 1840 παράλυπον
1787 1804 1874 1839 ἠλέει,

1087 1851 1194 1878 διώκειν
1217 1851 1298 1877 αὑτὸν
1325 1851 1484 1886 ἐπεχείρουν
1506 1851 1531 1877 οι
1552 1851 1689 1877 Ἰουδαῖοι·
1711 1849 1876 1876 δυσωπεῖ-δέ

1087 1898 1186 1929 αὐτοὺς
1210 1898 1223 1924 ὁ
1248 1897 1374 1933 Χριστὸς,
1404 1896 1531 1923 ἐλεοῦντα
1555 1896 1661 1927 δεικνὺς
1681 1896 1726 1922 τὸν
1746 1895 1814 1921 Θεδν
1828 1895 1876 1922 καὶ

1088 1944 1197 1979 Πατέρα
1213 1944 1283 1971 κατὰ
1307 1944 1337 1970 τὸ
1358 1942 1505 1969 Σάϐϐατον.
1523 1943 1560 1970 Οὺ
1579 1943 1633 1978 7&9
1653 1942 1729 1977 ᾠήθη
1743 1941 1798 1967 δεῖν
1813 1941 1879 1966 ἁπο-

1088 1990 1208 2017 κωλῦσαι
1224 1998 1289 2016 ποτε
1309 1989 1342 2016 τὰ
1365 1989 1414 2016 ὅσα
1438 1989 1489 2024 πέρ
1507 1990 1579 2015 ἐστιν
1600 1989 1640 2019 εἰς
1666 1988 1804 2023 σωτηρίαν
1825 1987 1876 2021 τὴν

1088 2035 1224 2071 ἡμετέραν
1245 2035 1429 2062 συντείνοντα.
1448 2035 1502 2061 Καὶ
1524 2035 1556 2070 δὴ
1573 2035 1620 2061 καὶ
1639 2033 1757 2068 ἔφασκεν
1775 2034 1805 2059 ὲν
1827 2033 1875 2066 ἁρ-

1088 2082 1164 2116 χαῖς·
1185 2091 1194 2106 ι
1219 2081 1248 2107 '0
1268 2081 1364 2116 Πατήρ
1389 2090 1440 2116 μου
1466 2081 1518 2112 ἕως
1537 2081 1598 2116 ἄρτι
1618 2080 1775 2115 ἐργάζεται,
1798 2079 1873 2112 κάγὼ

1088 2126 1250 2161 ἐργάζομαι.
1269 2135 1278 2151 ι
1294 2126 1402 2161 Ἐπειδὴ
1417 2126 1445 2152 δέ
1458 2127 1503 2152 καὶ
1515 2126 1692 2160 ἀσχάλλοντες
1701 2125 1771 2160 πρὸς
1788 2125 1872 2151 ταῦτα

1088 2171 1131 2198 διὰ
1140 2172 1239 2208 πολλὴν
1247 2172 1387 2205 ἐφαίνοντο
1397 2172 1564 2205 δυσϐουλίαν,
1580 2172 1700 2205 ἐπιλέγει
1714 2171 1806 2198 πάλιν·
1824 2171 1872 2197 «Οὐ

1088 2217 1198 2244 δύναται
1224 2219 1238 2244 ὁ
1251 2217 1316 2248 Υἱὸς
1333 2219 1419 2244 ποιεῖν
1446 2218 1492 2252 ἀφ’
1507 2218 1602 2244 ἑαυτοῦ
1627 2218 1714 2249 οὐδὲν,
1733 2217 1782 2244 ἐὰν
1799 2218 1834 2252 μή
1848 2225 1872 2244 τι

255 2266 363 2291 cunque
377 2257 448 2285 enim
464 2258 508 2284 ille
517 2257 590 2289 facit,
600 2257 657 2285 haec
670 2261 696 2284 et
709 2257 794 2285 Filius
808 2257 934 2285 similiter
945 2257 1034 2284 facit.)

1091 2263 1177 2300 βλέπῃ
1192 2263 1236 2289 τὸν
1251 2263 1360 2298 Πατέρα
1374 2263 1511 2290 ποιοῦντα.
1529 2263 1562 2289 "A
1574 2263 1628 2298 7&9
1636 2262 1667 2289 ἂν
1680 2264 1784 2293 ἐκεῖνος
1800 2264 1871 2298 ποιῇ,

256 2305 388 2338 Quoniam
408 2303 481 2330 enim
500 2302 580 2330 Pater
597 2310 651 2330 non
675 2307 792 2335 recusat,
811 2303 909 2338 inquit,
925 2302 952 2329 in
971 2302 1039 2330 Sab-

254 2351 320 2378 bato
330 2350 464 2382 misereri,
475 2357 537 2376 cum
546 2357 608 2376 eum
625 2356 820 2384 usquequaque
833 2348 1036 2376 misericordem

256 2403 317 2424 esse
332 2396 449 2427 videam,
466 2395 568 2422 idcirco
583 2395 664 2422 etiam
681 2402 731 2430 ego
743 2402 938 2430 usquequaque
954 2395 1036 2423 mise-

257 2449 328 2472 reor,
343 2441 390 2476 qui
405 2441 494 2468 Patris
509 2441 654 2468 essentiam
669 2441 696 2468 in
709 2441 813 2476 meipso
824 2441 968 2469 immutare
981 2450 1037 2470 non

256 2495 380 2523 possum,
401 2487 438 2513 ita
456 2491 485 2513 ut
503 2494 556 2513 non
572 2486 662 2514 videar
673 2490 700 2514 et
719 2487 769 2514 sim
789 2487 859 2520 talis,
877 2487 966 2522 qualis
980 2488 1038 2523 ipse

256 2537 298 2560 est
315 2533 465 2560 secundum
477 2536 612 2559 naturam.
625 2531 802 2568 Quaecunque
809 2533 881 2560 enim
895 2533 955 2568 ejus
973 2538 1037 2561 sunt

255 2585 366 2612 operor.
383 2582 411 2604 ut
423 2577 559 2604 exsistens
576 2585 608 2604 ex
628 2577 700 2612 ipso.
714 2578 809 2605 Dicere
824 2583 913 2606 autem
926 2578 1038 2608 Patrem

255 2630 339 2657 opera
352 2622 427 2657 prius
456 2622 595 2655 inchoare,
623 2628 744 2651 extrema
759 2632 812 2651 non
830 2628 904 2652 caret
916 2625 1036 2653 inscitia.

256 2667 398 2701 Quomodo
411 2669 482 2695 enim
502 2669 558 2703 ipse
578 2669 690 2697 seorsim
708 2677 740 2697 ac
763 2670 838 2698 solus
855 2670 1036 2707 inchoaverit,

255 2719 318 2740 cum
330 2712 419 2741 virtus
431 2714 490 2747 ejus
504 2722 556 2748 qua
568 2715 595 2741 in
606 2715 735 2742 omnibus
751 2720 879 2749 operatur
893 2716 928 2742 sit
941 2716 1036 2753 Filius,

255 2757 302 2792 qui
318 2757 353 2784 ab
380 2762 480 2786 aeterno
505 2760 614 2794 quidem
639 2760 664 2787 ei
685 2759 766 2791 inest,
781 2759 948 2787 voluntatem
974 2768 1038 2787 vero

255 2803 316 2837 ejus
335 2809 360 2830 et
375 2805 519 2832 motionem
531 2805 558 2832 in
576 2805 682 2839 agendo
692 2804 901 2839 exprimitJam
917 2806 939 2832 si
955 2807 1039 2833 stulte

256 2849 422 2877 contendunt
437 2851 525 2885 ipsmn
547 2856 705 2886 exspectare
729 2851 757 2877 in
777 2858 943 2886 unoquoque
955 2859 1038 2886 opere

257 2894 420 2932 singularem
435 2897 525 2925 Patris
542 2898 738 2933 operationem,
762 2900 790 2924 nt
804 2897 929 2926 similiter
949 2898 1037 2926 imite—

1090 2308 1173 2334 ταῦτα
1187 2308 1255 2334 καὶὸ
1270 2308 1333 2338 Υἱὸς
1343 2307 1443 2342 ὁμοίως
1462 2308 1541 2334 ποιεῖ.
1560 2316 1569 2332 ›
1585 2307 1659 2333 Ἐπεὶ
1669 2307 1722 2341 γὰρ
1734 2307 1764 2332 οὐ
1778 2315 1873 2342 παραιι

1089 2353 1188 2385 τείται,
1206 2353 1298 2387 φησὶν,
1323 2353 1336 2379 ὁ
1363 2352 1458 2387 Πατὴρ
1473 2352 1556 2378 ἐλεεῖν
1569 2353 1598 2378 ἐν
1609 2351 1751 2387 Σαὸϐάτῳ,
1769 2352 1874 2387 βλέπων

1089 2398 1154 2425 ὅντα
1179 2398 1224 2425 διὰ
1253 2397 1352 2429 παντὸς
1385 2397 1608 2432 φιλοικτίρμονα,
1638 2397 1768 2434 ταύτῃτοι
1799 2396 1874 2430 κάγὼ

1088 2443 1133 2470 διὰ
1147 2444 1246 2474 παντὸς
1263 2442 1340 2474 ἐλεῶ,
1355 2443 1549 2477 καινοτομῆσαι
1572 2451 1630 2474 πως
1643 2442 1691 2468 τοῦ
1705 2443 1812 2477 Ila-.96;
1828 2443 1873 2476 τὴν

1088 2489 1181 2516 οὐσίαν
1195 2490 1224 2515 ἐν
1236 2488 1346 2523 ἐμαυτῷ
1367 2488 1403 2523 μὴ
1425 2488 1581 2523 δυνάμενος,
1597 2488 1640 2515 διὰ
1656 2487 1702 2514 τοῦ
1729 2488 1766 2524 μὴ
1783 2489 1872 2522 φαίνε-

1090 2534 1151 2561 σθαι
1166 2535 1213 2560 καὶ
1231 2532 1300 2560 εῖναι
1314 2533 1442 2565 τοιοῦτος,
1462 2534 1552 2565 ὁποῖός
1576 2534 1634 2560 ἐστι
1649 2536 1718 2561 κατὰ
1731 2534 1813 2568 φύσιν
1829 2534 1872 2561 αὺ-

1089 2580 1143 2610 τός.
1165 2578 1299 2614 Ἐνεργῶν
1318 2578 1372 2612 γὰρ
1392 2577 1511 2609 πάντως.
1525 2578 1562 2609 ὡς
1581 2577 1611 2609 ἐξ
1627 2577 1720 2610 αὐτοῦ,
1732 2577 1768 2604 τὰ
1783 2577 1870 2604 αὐτοῦ.

1089 2626 1124 2652 Τὸ
1137 2625 1166 2651 δὲ
1180 2624 1268 2658 λέγειν
1280 2623 1517 2659 προκαταρκτικὸν
1531 2623 1584 2649 τῶν
1598 2623 1686 2658 ἔργων
1700 2624 1747 2650 τὸν
1767 2623 1870 2657 Πατέρα

1089 2670 1230 2706 ὑπάρχειν,
1250 2669 1369 2704 ἀμαθίας
1389 2669 1505 2703 ἐσχάτης
1528 2669 1577 2695 οὐκ
1597 2670 1717 2704 ἀμοιρεῖ.
1739 2669 1802 2701 Πῶς
1823 2669 1871 2703 γὰρ

1089 2717 1121 2743 ἂν
1135 2716 1214 2747 αὐτὸς
1230 2716 1282 2750 ἰδίᾳ
1292 2715 1337 2741 καὶ
1354 2715 1431 2749 μόνος
1443 2714 1660 2750 προκατάρξαιτό
1671 2723 1749 2746 ποτε,
1761 2714 1871 2749 δύναμιν

1087 2763 1156 2796 ἔχων
1181 2761 1223 2795 ἐφ’
1243 2760 1343 2787 ἅπασιν
1368 2761 1544 2795 ἐνεργητικὴν
1567 2759 1612 2786 τὸν
1631 2760 1713 2793 Υἱὸν,
1739 2761 1872 2795 συνυπάρ-

1088 2816 1169 2842 χοντα
1187 2807 1235 2842 μὲν
1249 2806 1340 2836 ἁῖδίως
1360 2805 1445 2841 αὐτῷ,
1462 2806 1594 2841 θελήσεως
1611 2806 1639 2832 δέ
1661 2806 1711 2840 τῆς
1729 2806 1776 2833 ἐπί
1790 2815 1817 2832 τι
1830 2807 1873 2831 καὶ

1089 2853 1219 2887 κινήσεως
1229 2853 1276 2886 τῆς
1288 2852 1347 2878 κατ’
1358 2850 1498 2886 ἐνέργειαν
1505 2852 1553 2886 τὴν
1562 2851 1607 2878 ἐπί
1615 2859 1686 2878 τισιν
1701 2851 1870 2886 ὲκφαντικόν.

1089 2898 1143 2925 Καὶ
1160 2899 1183 2924 εἰ
1196 2897 1351 2932 περιμένειν
1373 2898 1452 2924 αὑτὸν
1466 2897 1513 2933 τὴν
1535 2898 1577 2932 ἐφ’
1592 2897 1701 2934 ἑκάστῳ
1718 2898 1774 2925 τῶν
1789 2897 1871 2934 ἔργων
