2026 3123
730 165 758 193 S.
778 164 918 192 CYRILLI
935 165 1170 194 ALEXANDRINI
1191 166 1353 196 ARCIIIEP.

236 166 288 192 365
730 166 758 192 S.
778 166 918 192 CYRILLI
935 166 1021 192 ALEE

1073 166 1170 192 'DﬂlNl
1191 166 1353 192 ARCIIIEP.
1811 167 1865 192 3.6!»

236 226 328 260 sripso
340 223 448 257 Filium,
463 232 494 251 ac
511 224 629 251 vicissim
644 223 730 251 Filius
752 225 779 250 in
804 225 894 259 seipso
905 225 1021 252 Patrem.

1078 226 1159 261 τέρου
1175 226 1276 260 γνῶσις
1289 227 1318 252 οὗ
1344 225 1484 257 διδακτῶς,
1505 226 1571 252 ἀλλὰ
1596 225 1732 260 φυσικῶς’
1753 228 1801 253 καὶ
1817 228 1868 260 oni

236 270 339 298 Idcirco
353 272 390 297 ait
404 280 410 297 :
427 280 435 295 ι
453 269 508 305 Ego
523 270 549 296 in
565 269 654 302 Patre,
669 275 695 297 et
711 269 790 297 Pater
805 271 831 297 in
849 279 891 297 me
907 275 948 298 est
965 272 997 297 "‘.
1011 281 1020 297 ι

236 313 303 340 Illud
319 318 419 345 autem.
438 314 522 341 m‘dere
536 318 562 341 et
587 315 680 346 videri,
702 314 755 341 Deo
771 315 965 343 convenienter
981 316 1024 344 hic

194 380 197 383 .
236 368 333 388 rursus
347 360 510 395 capiendum
527 364 581 387 est.

272 495 310 527 ν,
329 495 374 522 20.
397 495 429 522 Ει
444 496 547 530 majora
564 496 604 522 his
624 496 815 523 demonstrabit
835 498 860 523 ei
879 505 956 530 opera
969 517 975 529 ,
996 503 1024 523 ut

236 550 279 568 ros
293 541 435 568 miremini.
908 572 916 578 ί

273 588 301 615 In
323 588 511 623 superioribus
528 587 609 615 refert
619 587 716 615 beatus
733 589 898 624 evangelista
914 588 1024 616 Juda‘os

236 633 331 661 Jesum
355 633 576 660 interﬁciendum
594 641 731 668 quatrere,
754 635 882 668 quoniam
906 642 958 661 non
978 643 1023 662 so-

237 681 292 707 lum
305 680 426 707 solvebat
450 679 597 706 Sabbatum
611 699 617 711 ,
644 679 691 707 sed
715 684 741 707 et
754 679 862 707 Patrem
885 688 966 708 suum
983 681 1024 708 di-

236 725 314 752 cebat
324 725 419 756 Deum,
432 725 563 759 mqualem
579 725 701 760 seipsum
717 725 820 752 faciens
838 725 891 753 Deo
909 726 956 751 ⁸⁸⁸.
971 727 1024 754 Ac-

236 771 403 798 eusationcm
421 771 503 805 igitur
513 770 607 798 violati
626 770 739 798 Sabbati
755 771 885 799 refutavit
899 792 906 803 ,
928 776 1023 799 osten-

234 817 305 844 dens
326 817 414 852 ipsum
438 825 549 852 quoque
570 816 677 844 Patrem
703 818 811 852 operari
839 818 865 844 in
888 817 1022 851 Sabbato,

232 864 317 899 longa
347 864 374 891 in
402 863 428 891 id
453 864 577 891 oratione
599 867 772 899 consumpta.
790 864 911 891 Conatur
935 869 1024 891 autem

1078 272 1147 306 μὲνό
1157 272 1223 303 Θεὸς
1235 273 1281 298 καὶ
1294 271 1389 307 Πατὴρ
1411 273 1438 298 ἐν
1461 271 1550 306 ἑαυτῷ
1564 272 1608 298 τὸν
1627 271 1699 304 Υἱὸν,
1720 272 1772 307 ὁρᾷ
1789 272 1815 298 δὲ
1835 271 1866 299 αὗ

1075 318 1155 344 πάλιν
1177 318 1191 344 ὀ
1216 318 1279 350 Υἱὸς
1302 318 1331 344 ὲν
1354 317 1441 352 ἑαυτῴ
1457 317 1501 343 τὸν
1530 317 1647 352 Πατέρα.
1661 317 1710 343 Διά
1726 326 1767 344 τοι
1787 318 1867 344 τοῦτό

1076 372 1167 398 φησιν·
1192 363 1261 397 Ἐγὼ
1274 364 1302 390 ἐν
1321 363 1360 398 τῷ
1374 363 1470 398 ἰίατρὶ,
1483 364 1529 389 καὶ
1540 364 1553 390 ὁ
1568 363 1660 398 [ἰατὴρ
1676 364 1704 389 ἐν
1720 364 1781 398 ὲμοί
1797 365 1865 392 ἐστι.

1075 411 1111 436 Τὸ
1125 410 1152 437 δέ
1168 409 1290 444 ὁρᾷντε,
1302 410 1346 436 καὶ
1359 408 1493 443 ὁρᾶσθαι,
1507 409 1588 435 πάλιν
1600 409 1628 435 ἐν
1639 408 1743 441 τούτοις
1753 411 1868 436 νοείσῦω

1076 456 1249 490 θεοπρεπῶς.

1110 502 1164 529 Καὶ
1171 501 1291 537 μείζονα
1302 501 1413 528 τούτων
1426 502 1497 536 ἔργα
1509 501 1598 534 δείξει
1612 499 1691 533 αὐτῷ
1702 521 1709 534 ,
1722 501 1772 527 ἵνα
1782 500 1868 535 ὑμεῖς

1075 546 1248 582 θαυμάζητε.

1117 593 1160 619 Ἐν
1173 594 1229 624 τοῖς
1241 593 1368 628 ἀνωτέρω
1381 591 1483 627 φησὶνό
1499 591 1642 626 Μακάριος
1657 588 1864 624 εὐαγγελιστὴς,

1075 638 1112 669 ὡς
1130 639 1242 673 ἐζήτουν
1263 638 1287 664 οἱ
1309 638 1428 664 Ἰουδαῖοι
1449 636 1494 664 τὸν
1515 636 1618 671 Ἰησοῦν
1634 636 1804 665 ἀποκτεῖναι,
1824 635 1865 661 ὅτι

1075 684 1105 709 οὐ
1126 683 1204 718 μόνον
1227 682 1288 709 ἔλυε
1305 683 1336 709 τὸ
1361 682 1508 714 Σάϐϐατον,
1521 681 1588 708 ἀλλὰ
1613 681 1659 707 καὶ
1675 681 1783 715 Πατέρα
1799 681 1864 707 ἴδιον

1075 728 1151 762 ἔλεγε
1166 728 1211 754 τὸν
1232 727 1307 760 Θεὸν,
1328 729 1384 754 ἴσον
1399 727 1493 753 ἑαυτὸν
1507 725 1589 752 ποιῶν
1604 725 1641 760 τῷ
1657 725 1724 759 Θεῷ.
1744 725 1798 760 Τὴν
1817 726 1865 760 μὲν

1075 771 1121 799 οὖν
1140 773 1186 799 ἐπὶ
1203 773 1241 808 τῷ
1254 773 1384 808 Σαϐὃᾶτῳ
1404 771 1572 806 κατηγορίαν
1587 771 1800 803 ἀπεσκευάζετο,
1818 772 1865 797 καὶ

1076 819 1156 845 αὑτὸν
1181 819 1333 850 ἐπιδεικνὺς
1348 818 1457 852 ἐνεργὸν
1481 819 1509 844 ἐν
1531 817 1660 852 Σαϐὅάτῳ
1683 817 1727 843 τὸν
1744 817 1864 852 Πατέρα,

1076 864 1123 891 καὶ
1137 865 1244 900 μακρὸν
1261 865 1307 891 ἐπὶ
1326 864 1414 899 τούτῳ
1427 863 1637 899 προσαναλώσας
1655 863 1742 897 λόγον.
1759 863 1821 889 Ὅτι
1837 862 1865 889 δέ

235 910 427 938 demonStrare
446 909 530 936 etiam
547 910 675 944 quamvis
692 914 804 945 propter
822 918 873 937 nos
892 910 973 938 homo
991 910 1021 938 sit

1078 912 1151 938 ἐστιν
1169 913 1197 938 ἐν
1218 911 1320 945 ἰσότητι
1335 912 1366 946 τῇ
1383 910 1451 946 πρὸς
1465 910 1510 936 τὸν
1524 909 1644 944 Πατέρα,
1662 909 1710 936 καὶ
1723 909 1865 945 ἄνθρωπος

231 956 344 988 d‘actus,
365 956 497 991 aequalem
518 960 608 983 tamen
628 964 689 983 esse
706 955 790 983 Patri.
811 956 867 984 Hoc
889 956 962 984 enim
981 957 1025 984 di-

235 1002 351 1030 cendum
370 1003 500 1030 restabat.
514 1002 631 1037 ideoque
645 1003 699 1029 ait:
715 1013 724 1028 ι
737 1003 841 1038 Majora
852 1003 895 1031 his
909 1005 1025 1031 demon-

236 1050 335 1077 strabit
346 1049 370 1076 ei
382 1056 463 1084 opera
474 1068 481 1081 ,
495 1052 525 1075 ut
539 1056 588 1076 vos
603 1049 749 1076 miremini.
764 1059 773 1074 ι
789 1050 821 1076 At
836 1049 901 1084 quid
915 1057 1024 1076 rursum

236 1096 280 1123 his
295 1095 385 1123 verbis
400 1095 453 1122 sibi
467 1095 545 1123 vult?
563 1094 684 1122 Sanatus
698 1100 757 1128 est,
775 1095 880 1130 inquit,
895 1095 1025 1131 paralyti-

235 1149 302 1173 cus.
329 1142 440 1176 triginta
463 1145 490 1168 et
509 1145 571 1168 octo
591 1148 679 1168 annos
698 1140 801 1168 habens
820 1141 847 1168 in
866 1141 1025 1168 inﬁrmitale

236 1196 296 1216 sua.
310 1188 342 1219 Et
357 1189 425 1215 mira
438 1192 480 1215 est
497 1194 563 1214 sane
575 1186 665 1214 virtus
681 1186 743 1219 ejus
757 1186 803 1221 qui
820 1187 944 1220 sanavit,
955 1187 1024 1213 divi-

234 1242 326 1270 naque
343 1234 422 1268 plane
443 1237 576 1269 potestas.
593 1231 645 1260 Sed
668 1237 721 1259 tam
743 1232 911 1259 mirabilium
931 1240 1022 1260 rerum

235 1285 402 1316 patratorem
415 1302 421 1312 ι
439 1288 519 1308 nemo
536 1287 611 1307 sanm
625 1280 741 1311 mentis,
758 1279 866 1314 opinor.
882 1278 1025 1313 reprehen-

230 1327 316 1359 derit,
334 1334 364 1353 se
383 1325 468 1353 Deum
486 1333 548 1353 esse
563 1325 717 1358 dicentem,
733 1328 760 1350 et
776 1324 841 1358 quia
857 1322 945 1351 Filius
962 1327 1004 1351 est
1015 1344 1021 1356 ,

233 1380 284 1408 per
299 1372 392 1400 omnia
411 1371 484 1398 Patri
505 1371 649 1406 aequalem.
671 1370 807 1403 Quoniam
826 1373 916 1398 autem
936 1370 1023 1405 pessi-

236 1425 280 1446 me
294 1425 326 1445 ac
340 1417 505 1445 stultissime
522 1416 677 1449 sentiendo,
693 1417 791 1451 inquit,
807 1422 916 1451 propter
928 1415 1023 1451 fragile

230 1463 288 1492 hoc
305 1471 407 1498 corpus
429 1462 675 1494 scandalizamini,
700 1463 858 1490 necessario
878 1462 1020 1490 sciendum

233 1508 312 1536 vobis
327 1511 380 1541 est,
395 1507 466 1534 hunc
485 1515 539 1534 non
558 1507 616 1534 fore
631 1507 775 1541 potestatis
787 1514 819 1534 ac
835 1507 943 1535 virtutis
956 1514 1022 1534 mea;

232 1554 382 1582 terminum
397 1562 404 1580 :
420 1553 524 1587 majora
535 1559 667 1587 namque,
682 1553 726 1580 vei
743 1551 832 1584 inviti,
848 1552 1020 1587 spectabitis,

235 1603 405 1628 mortuorum
420 1600 526 1627 scilicet
541 1599 771 1626 resurrectionem
784 1608 790 1625 :
806 1602 919 1633 tumque
935 1598 1021 1633 magis

233 1644 418 1678 mirabimini,
441 1644 564 1672 divinam
583 1644 699 1680 gloriam
721 1651 753 1671 ae
771 1644 900 1671 virtutem
929 1644 958 1671 in
981 1651 1023 1671 me

233 1694 396 1724 cernentes,
408 1697 489 1725 quem
503 1690 680 1725 blasphemiae
692 1690 808 1718 crimine
820 1697 893 1717 nunc
908 1689 1023 1718 involvi-

234 1737 280 1768 tis,
297 1741 323 1764 et
339 1735 464 1770 persequi
480 1743 534 1763 non
548 1736 700 1768 veremini,
718 1739 866 1771 propterea
884 1736 956 1771 quod
976 1744 1020 1764 so-

235 1783 290 1809 lum
305 1781 373 1814 dixi,
385 1788 428 1808 me
440 1779 485 1808 Dei
499 1780 598 1808 Filium
614 1789 688 1809 esse.
700 1781 760 1814 Quo
772 1785 853 1817 pacto
867 1789 932 1810 vero
951 1782 1022 1811 Deus

234 1836 267 1856 ae
288 1827 368 1855 Pater
387 1833 471 1862 opera
496 1826 565 1854 Filio
587 1827 778 1861 demonstret,
803 1828 917 1863 copiose
942 1834 1021 1857 antea

228 1875 363 1904 diximus.

267 2007 303 2038 έν,
316 2007 361 2034 2|.
379 2007 453 2035 Sicut
466 2007 535 2034 enim
545 2007 632 2034 'Pater
647 2008 760 2035 suscitat
775 2012 903 2040 mortuos,
917 2013 941 2036 et
958 2010 1022 2036 vivi-

233 2054 296 2088 ﬁcal
306 2073 312 2082 .
328 2054 367 2080 sic
381 2058 406 2081 et
425 2053 513 2080 Filius
526 2062 590 2088 quos
606 2053 660 2080 vult
675 2054 801 2088 vivi/icui.

272 2097 338 2126 Vide
349 2106 447 2126 rursus
462 2098 644 2133 atqualitalem
658 2098 700 2126 bis
714 2098 804 2126 verbis
819 2099 893 2127 clare
906 2100 1022 2128 demon-

231 2144 326 2171 strari.
337 2143 389 2177 Qui
399 2145 472 2171 enim
483 2144 626 2178 aequaliter
635 2144 661 2170 in
675 2144 844 2172 suscitandis
858 2145 940 2180 224
951 2154 1022 2173 mor-

233 2191 289 2217 tuis
303 2195 434 2225 operatur
446 2210 452 2222 ,
470 2190 607 2224 quomodo
628 2190 682 2216 ulla
704 2190 730 2216 in
750 2198 780 2218 re
797 2195 870 2218 esset
889 2192 1023 2220 inferior?

1077 957 1195 991 γεγονὼς
1208 957 1240 983 δι’
1254 957 1327 992 ἡμᾶς
1337 977 1343 988 ,
1362 957 1489 992 πειρᾶται
1502 955 1647 982 διδάσκειν.
1662 955 1746 981 Τοῦτο
1760 954 1816 990 γὰρ
1830 952 1865 990 ἧν

1076 1003 1122 1029 ἐπὶ
1138 1003 1176 1038 τῷ
1201 1003 1271 1038 λόγῳ
1285 1002 1315 1029 τὸ
1342 1003 1443 1029 λεῖπον.
1463 1002 1516 1028 Καὶ
1544 1001 1588 1028 διὰ
1605 1002 1683 1028 τοῦτό
1708 1009 1791 1036 φησιν
1802 1021 1810 1033 ,
1825 1001 1866 1027 ὅτι

1079 1057 1088 1074 ι
1106 1049 1225 1080 Μείζονα
1240 1048 1342 1074 τούτων
1356 1047 1437 1080 δείξει
1455 1047 1529 1082 αὐτῷ
1545 1047 1622 1083 ἔργα,
1643 1047 1687 1074 ἴνα
1703 1047 1781 1082 ὑμεῖς
1802 1046 1867 1073 θαυ-

1077 1093 1192 1129 μάζητε.
1211 1103 1219 1117 ι
1240 1093 1294 1120 Καὶ
1315 1094 1342 1120 τί
1371 1094 1450 1120 πάλιν
1471 1093 1536 1128 ἡμῖν
1555 1093 1679 1128 βούλεται
1701 1092 1744 1119 διὰ
1772 1092 1866 1118 τούτου

1076 1139 1171 1173 δηλοῦν
1189 1147 1196 1172 ;
1211 1139 1412 1174 Τεοερὰπευται
1426 1159 1433 1170 ,
1447 1140 1529 1174 φησὶν
1541 1159 1548 1172 ,
1565 1139 1579 1165 ὁ
1603 1139 1770 1174 παράλυτος,
1788 1138 1867 1175 τριά-

1075 1193 1157 1211 κοντα
1173 1185 1220 1212 καὶ
1235 1184 1307 1212 ὀκτὼ
1322 1185 1369 1220 ἐτη
1385 1184 1454 1220 ἔχων
1472 1184 1500 1210 ὲν
1510 1186 1542 1220 τῇ
1561 1184 1687 1220 ἀσθενείᾳ
1703 1183 1795 1211 αὐτοῦ.
1812 1185 1867 1210 Καὶ

1076 1233 1217 1268 Θαυμαστὴ
1241 1233 1290 1268 μὲν
1306 1232 1391 1264 ὅντως
1409 1233 1425 1268 ὴ
1449 1232 1495 1258 τοῦ
1513 1231 1727 1267 θεραπεύσαντος
1741 1231 1867 1267 δύναμις,

1075 1279 1230 1314 θεοπρεπὴς
1239 1287 1267 1305 τε
1278 1278 1337 1305 λίαν
1349 1279 1365 1314 ή
1377 1278 1494 1310 ἐξουσία.
1506 1277 1557 1313 rem
1571 1278 1600 1304 δὲ
1609 1277 1680 1304 οὓτω
1693 1277 1867 1313 θαυματουρο

1072 1324 1120 1359 γὺν
1133 1345 1140 1356 ,
1157 1325 1206 1351 οὐκ
1227 1325 1259 1351 ἄν
1275 1332 1332 1357 τις,
1347 1322 1423 1359 οἶμαι
1435 1345 1442 1356 ,
1459 1322 1605 1358 σωφρονῶν
1623 1323 1776 1350 αἰτιάσαιτο
1800 1323 1868 1349 Θεὸν

1073 1370 1168 1397 ἑαυτὸν
1187 1368 1256 1397 εἶναι
1272 1370 1387 1404 λέγοντα
1400 1391 1407 1404 ,
1423 1369 1470 1396 καὶ
1486 1369 1601 1406 ἐπείπερ
1617 1369 1690 1396 ἐστὶν
1706 1369 1770 1401 Υἰδς
1780 1390 1787 1402 ,
1809 1370 1867 1396 ἴσον

1074 1416 1144 1443 κατὰ
1158 1416 1247 1444 πάντα
1262 1416 1302 1452 τῷ
1317 1417 1507 1452 Γεγεννηκότι.
1530 1415 1638 1451 Ἐπειδὴ
1652 1415 1679 1442 δὲ
1694 1415 1867 1451 φρονοῦντες,

1073 1463 1150 1498 φησὶ,
1175 1463 1292 1490 κάκιστά
1306 1471 1334 1489 τε
1357 1463 1405 1489 καὶ
1426 1461 1596 1496 ἁλογώτατα,
1615 1461 1660 1488 διὰ
1686 1462 1718 1488 τὸ
1733 1461 1868 1497 ἐπίκηρον

1073 1509 1147 1536 τουτὶ
1159 1509 1369 1541 σκανδαλίζεσθε
1382 1509 1628 1544 σῶμα,ἀναγκαῖον
1643 1508 1714 1543 ὑμᾶς
1725 1508 1866 1543 ἐκμαθεῖν,

1073 1555 1110 1587 ὡς
1119 1556 1149 1582 οὺ
1161 1555 1241 1591 μέχρι
1255 1555 1356 1582 τούτων
1366 1554 1400 1581 τὰ
1413 1555 1460 1589 τῆς
1469 1553 1538 1589 ἐμῆς
1547 1553 1669 1587 ἐξουσίας
1677 1562 1707 1580 τε
1718 1553 1764 1580 καὶ
1777 1552 1868 1588 ἰσχύος

1077 1603 1204 1638 στήσεται
1219 1610 1226 1618 ·
1243 1601 1374 1637 μειζόνων
1395 1600 1449 1636 γὰρ
1463 1599 1557 1626 ἔσεσθε
1577 1599 1742 1635 παραδόξων,
1762 1598 1814 1625 κᾶν
1831 1598 1868 1634 μὴ

1076 1648 1218 1684 βούλησθε,
1239 1647 1354 1683 ϐεωροί,
1371 1647 1420 1681 τῆς
1436 1646 1490 1673 τῶν
1507 1646 1611 1681 νεκρῶν
1627 1647 1802 1676 ἀναστάσεως
1823 1645 1868 1678 δη-

1074 1694 1140 1729 λαδὴ
1152 1715 1160 1727 ,
1174 1695 1222 1721 καὶ
1245 1694 1306 1720 τότε
1326 1693 1458 1729 μειζόνως
1474 1691 1718 1727 καταπλαγήσεσθε
1729 1711 1737 1723 ,
1755 1691 1806 1726 τὴν
1829 1691 1868 1726 τῷ

1073 1740 1133 1776 Θεῷ
1149 1741 1306 1775 πρέπουσαν
1326 1741 1402 1775 ἰσχύν
1419 1748 1448 1766 τε
1466 1739 1512 1766 καὶ
1527 1739 1606 1771 δόξαν
1619 1739 1647 1764 ὲν
1662 1738 1724 1774 ἐμοὶ
1735 1738 1867 1774 κειμένην

1073 1787 1205 1823 ὁρῶντες,
1218 1787 1248 1814 ὃν
1270 1787 1425 1822 δυσφημίας
1442 1786 1593 1821 ἐγκλήματι
1615 1784 1793 1820 περιϐάλλετε
1808 1783 1865 1816 νῦν,

1073 1833 1119 1860 καὶ
1134 1832 1240 1860 διώκειν
1260 1833 1310 1860 οὐκ
1327 1831 1498 1868 αἰσχύνεσθε,
1514 1831 1558 1858 διὰ
1568 1832 1600 1858 τὸ
1611 1832 1690 1866 μόνον
1709 1831 1813 1864 εἰπεῖν,
1827 1831 1867 1857 ὅτι

1074 1879 1136 1911 Υἱὸς
1165 1879 1233 1906 Θεοῦ
1259 1880 1328 1915 εἰμι,
1346 1879 1469 1905 Δεικνὺει
1489 1877 1517 1904 δέ
1538 1878 1612 1909 ὅπως
1627 1878 1642 1904 ό
1659 1876 1726 1908 Θεὸς
1746 1878 1795 1904 λαὶ
1810 1877 1866 1903 Πα-

1072 1926 1124 1961 τὴρ
1145 1926 1180 1952 τὰ
1195 1925 1266 1962 ἔργα
1286 1925 1326 1961 τῷ
1342 1924 1416 1961 Υἰῷ,
1432 1924 1614 1960 προλαϐόντες
1632 1923 1682 1959 ἤδη
1699 1923 1744 1950 διὰ
1761 1923 1867 1951 πολλῶν

1073 1972 1234 2007 εἰρήκαμεν.

1108 2017 1223 2052 Ὥσπερ
1236 2018 1290 2053 γὰρ
1302 2018 1318 2045 ὁ
1334 2017 1434 2051 Πατὴρ
1452 2016 1558 2052 ἐγείρει
1578 2016 1648 2049 τοὺς
1664 2015 1792 2050 νεκροὺς
1817 2015 1865 2042 καὶ

1073 2062 1213 2095 ζωοποιεῖ,
1226 2064 1317 2096 οὕτως
1336 2064 1384 2090 καὶ
1396 2065 1412 2090 ὁ
1430 2063 1497 2096 mc
1512 2062 1564 2096 οὓς
1577 2063 1657 2090 θέλει
1670 2061 1813 2092 ζωοποιεῖ.

1107 2109 1162 2136 Θέα
1176 2109 1208 2144 δὴ
1226 2109 1306 2136 πάλιν
1327 2110 1356 2135 ἐν
1378 2109 1483 2141 τούτοις
1506 2109 1580 2144 σαφῆ
1596 2108 1645 2144 τὴν
1667 2109 1717 2144 τῆς
1744 2108 1865 2143 ἰσότητος

1072 2152 1217 2186 ἀπόδειξιν.
1234 2153 1262 2179 '0
1279 2153 1332 2188 γὰρ
1347 2153 1411 2185 ἴσως
1428 2147 1538 2189 ἐνε“ργδς
1554 2153 1618 2189 περὶ
1630 2152 1678 2188 τὴν
1691 2152 1745 2178 τῶν
1761 2152 1866 2187 νεκρῶν

1072 2199 1230 2232 ἀναϐίωσιν,
1248 2199 1306 2231 πῶς
1321 2199 1354 2226 ἂν
1373 2199 1430 2234 ἔχοι
1450 2199 1519 2226 κατὰ
1534 2208 1560 2225 τι
1574 2199 1604 2225 τὺ
1625 2199 1735 2225 ἔλαττον
1751 2207 1758 2231 ;
1774 2199 1791 2234 ἢ
1809 2199 1865 2230 πῶς

233 2240 279 2263 aut
295 2235 431 2271 quomodo
444 2236 560 2263 diversa:
573 2240 646 2263 esset
661 2243 676 2262 a
690 2235 771 2264 Patre
786 2238 957 2272 substantiae,
972 2239 1019 2275 qui

1073 2244 1105 2272 ἂν
1116 2246 1158 2280 εἰη
1173 2245 1240 2280 πρὸς
1255 2245 1301 2272 τὸν
1323 2245 1432 2281 Πατέρα
1447 2245 1540 2272 λοιπὸν
1559 2245 1706 2281 ἑτεροφυὴς
1720 2246 1767 2271 καὶ
1781 2245 1866 2279 ἐκφυ-

234 2282 332 2309 iisdem
345 2281 462 2316 refulget
479 2281 712 2316 proprietatibus?
735 2282 851 2318 Propria
871 2288 962 2312 autem
980 2290 1023 2314 est

233 2327 333 2354 divinae
351 2327 513 2354 substantia:
531 2327 685 2354 viviticandi
701 2333 840 2363 potestas,
851 2338 917 2365 qua:
929 2339 1021 2367 aequa-

235 2374 297 2401 liter
309 2373 383 2400 Patri
401 2381 433 2400 ac
450 2372 611 2401 Filioinest.
626 2373 693 2400 Item
704 2394 712 2407 ,
728 2382 781 2402 non
798 2383 846 2410 per
861 2384 891 2404 se
904 2379 1020 2406 seorsim

232 2419 367 2454 qitosdam
383 2418 463 2445 Pater
478 2419 610 2450 viviﬁcat,
634 2426 666 2446 ac
690 2421 804 2448 scersim
829 2421 933 2450 Filius:
957 2432 1019 2452 cum

233 2464 306 2490 enim
324 2463 423 2491 habeat
445 2463 472 2489 in
490 2463 580 2497 seipso
594 2462 701 2491 Patrem
720 2466 897 2498 naturaliter.
919 2474 1019 2496 cuncta

233 2512 372 2543 operatur,
384 2500 488 2534 et’facit
499 2511 598 2534 cuncta
612 2507 692 2535 Pater
701 2516 750 2544 per
763 2509 873 2538 Filium.
887 2511 940 2540 Sed
955 2521 1016 2541 cum

234 2553 389 2580 viviticandi
404 2556 566 2587 potestatem
580 2554 679 2581 habeat
694 2554 775 2584 Pater
791 2556 817 2583 in
836 2565 884 2584 sua
906 2563 1017 2592 natura,

233 2598 464 2634 quemadmodum
496 2603 523 2627 et
555 2600 636 2636 ipse,
671 2601 732 2629 ideo
765 2602 904 2632 vivificare
937 2613 1018 2639 posse

233 2647 358 2671 mortuos
375 2644 484 2679 utrique
506 2646 601 2673 tribuit
621 2647 699 2682 quasi
718 2647 830 2683 utrique
854 2651 969 2678 seorsim
989 2652 1015 2678 id

234 2690 307 2717 insit.

264 2781 286 2796 "
302 2782 380 2809 Joan.
398 2789 454 2815 nv,
471 2782 512 2809 ἰί.
534 2782 566 2798 ⁸⁵·
580 2782 661 2810 Joan.
679 2791 704 2816 ν,
722 2784 768 2811 18.

1072 2290 1116 2322 λος
1130 2291 1144 2317 ὀ
1156 2292 1213 2323 τοῖς
1224 2291 1315 2323 αὐτοῖς
1325 2290 1486 2326 διαλάμπων
1503 2290 1662 2326 ἰδιώμασινς
1680 2291 1761 2317 ’ἰδιον
1775 2290 1803 2316 δὲ
1818 2290 1864 2322 τῆς

1073 2335 1147 2367 θείας
1170 2336 1264 2368 οὐσίας
1293 2336 1324 2362 τὸ
1353 2336 1484 2363 δύνασθαι
1513 2335 1674 2370 ζωογονεῖν,
1697 2336 1768 2370 ὅπερ
1793 2335 1865 2361 ἐστὶν

1072 2382 1171 2416 ὁμοίως
1186 2383 1214 2408 ὲν
1247 2382 1335 2417 ﬂat-cpt
1355 2382 1402 2408 καὶ
1418 2381 1486 2417 Υἱῷ,
1512 2383 1647 2416 Ζωογονεῖ
1670 2381 1699 2408 δὲ
1714 2381 1797 2409 πάλιν
1817 2381 1864 2407 οὐκ

1073 2425 1144 2457 ἰδίως
1159 2427 1208 2461 μέν
1227 2435 1302 2457 τινας
1322 2425 1382 2452 καθ’
1395 2426 1492 2452 ἑαυτὸν
1506 2427 1519 2453 ό
1538 2426 1643 2462 Πατὴρ,
1661 2426 1732 2457 ἰδίως
1745 2425 1773 2452 δέ
1791 2434 1865 2456 τινας

1072 2472 1281 2507 κεχωρισμένως
1294 2472 1308 2498 ό
1325 2471 1406 2504 Υἰός·
1427 2471 1496 2507 ἔχων
1515 2472 1568 2507 γὰρ
1587 2473 1616 2498 ἐν
1637 2471 1727 2506 ἑαυτῷ
1743 2471 1865 2506 φυσικῶς

1069 2518 1114 2543 τὸν
1134 2517 1258 2553 Πατέρα,
1274 2518 1308 2544 τὰ
1333 2518 1422 2544 πάντα
1445 2518 1611 2553 ἐργάζεται,
1624 2517 1671 2544 καὶ
1699 2518 1810 2552 ἐνεργεῖ
1832 2517 1863 2543 δι’

1071 2562 1135 2589 Υἰοῦ
1149 2563 1183 2589 τὰ
1199 2564 1287 2590 πάντα
1300 2564 1314 2589 ὀ
1329 2564 1434 2600 Πατήρ.
1457 2564 1524 2590 Ἀλλ’
1538 2563 1654 2598 ἐπείπερ
1668 2563 1724 2598 ἔχει
1741 2563 1772 2590 τὺ
1785 2562 1862 2589 δύνα-

1070 2609 1130 2635 σθαι
1155 2609 1298 2643 ζωογονεῖν
1313 2611 1327 2637 ὁ
1344 2610 1438 2646 Πατὴρ
1455 2611 1484 2637 ἐν
1509 2611 1542 2646 τῇ
1562 2610 1614 2645 ἰδίᾳ
1629 2609 1720 2644 φύσει,
1738 2608 1861 2643 καθάπερ

1068 2652 1114 2680 οὖν
1130 2655 1177 2681 καὶ
1191 2655 1282 2687 αὐτὸς,
1299 2656 1336 2688 ὡς
1352 2656 1398 2684 καὶ
1415 2656 1486 2688 ἰδίως
1503 2656 1625 2691 ἐκατέρῳ
1645 2655 1747 2692 προσὸν
1764 2655 1860 2683 ἀπονέ-

1074 2708 1117 2734 μει
1132 2700 1162 2726 τὸ
1181 2700 1309 2729 δύνασθαι
1323 2701 1465 2736 ζωογονεῖν
1480 2702 1541 2734 τοὺς
1555 2701 1677 2738 νεκρούς.
