2026 3123
439 241 562 267 ΚΕΦΑᾹ.
588 240 623 266 κ’.

151 290 209 316 Ὀτι
222 287 277 314 τῶν
292 285 461 319 θεοπρεπῶν
473 284 654 321 ἀξιωμάτων,
666 285 923 321 ἤτοι-πλεονεκτη-

179 323 284 358 μάτων,
299 321 387 347 οὐδὲν
405 321 438 346 ἐκ
451 320 581 354 μετοχῆς
597 320 614 354 ἢ
632 319 762 346 ἐπακτὸν
774 319 808 345 ἐν
824 319 887 350 Υἱῴ.

182 379 252 407 Οὐδὲ
275 378 329 413 γὰρ
345 380 361 405 o'
385 377 485 411 Πιιτὶιρ
509 377 604 411 κρίνει
627 376 751 408 οὐδένα,
767 376 846 403 ἀλλὰ
866 375 924 410 τὴν

150 427 242 460 κρίσιν
262 423 364 451 πᾶσαν
382 422 491 449 δέδωκε
510 422 549 455 τῷ
566 422 630 455 Υἱῷ.

181 472 286 506 Ἕτερον
305 469 426 505 εἰσφέρει
446 470 561 505 πρᾶγμα
575 469 724 504 θεοπρεπὲς
739 478 768 495 τε
787 468 832 496 καὶ
847 468 922 500 ἐξαί-

150 524 209 546 σιον,
223 514 265 541 διὰ
287 513 391 540 πολλῶν
405 514 568 547 ἀναπείθων,
586 514 627 540 ὅτι
641 513 706 545 Θεός
719 515 775 540 ἐστι
791 513 860 540 κατὰ
874 513 923 547 φύ-

149 569 185 587 σιν
211 559 256 585 καὶ
270 557 411 593 ἀληθινῶς.
426 558 484 584 Τίνι
496 558 549 594 γὰρ
567 558 600 585 ἂν
620 559 667 585 καὶ
681 559 766 594 ἑτέρῳ
783 559 881 594 πρέποι
894 558 923 584 τὸ

148 609 228 642 κρῖναι
242 605 289 641 τὴν
314 604 485 640 οἰκουμένην,
498 606 522 631 εἰ
549 606 586 640 μὴ
602 605 673 640 μόνῳ
686 605 724 640 τῷ
751 606 797 632 ἐπὶ
819 606 922 638 πάντας

147 654 196 679 ὄντι
219 652 285 686 Θεῷ,
303 651 332 677 ὂν
358 651 391 686 δὴ
415 651 461 677 καὶ
480 651 546 686 πρὸς
567 651 645 677 τοῦτο
665 651 793 681 ⁴καλοῦσιν
807 651 836 677 αἰ
852 651 922 677 eam

146 700 261 732 λέγουσαι
278 697 393 732 Γραφαὶ,
408 696 472 722 ποτε
489 697 547 731 μὲν,
562 706 570 722 ι
581 697 696 723 Ἀνάστα
713 697 726 723 ὁ
741 696 816 729 Θεὸς,
831 698 922 732 κρῖνον

146 745 189 779 τὴν
203 745 268 778 γῆν·
289 753 298 768 ›
317 743 381 770 ποτὲ
396 743 424 769 δὲ
443 741 476 769 αὖ
493 743 581 774 πάλιν,
600 752 608 768 ι
628 743 689 769 Ὅτι
709 744 722 769 ὁ
740 743 806 774 θεὸς
827 743 922 779 κριτής

145 791 196 816 ἐστι
210 809 216 820 ,
232 789 324 815 τοῦτον
349 790 478 819 ταπεινοῖ,
497 788 542 815 καὶ
560 788 653 815 τοῦτον
674 788 744 823 ὺψοῖ.
767 798 775 814 ι
796 789 921 815 Δεδόοθαι

145 844 171 869 γε
189 835 237 870 μὴν
249 835 298 869 τὴν
308 833 397 870 κρίσιν
409 834 497 870 ἑαυτῷ
513 843 578 870 φησι
594 834 670 870 παρὰ
684 834 730 860 τοῦ
749 834 921 869 Πατρὸς,οὑχ

145 882 177 912 ὼς
191 881 239 913 ἔξω
256 882 306 916 τῆς
327 881 373 906 ἐπὶ
397 880 483 915 τούτῳ
500 880 624 915 κείμενος
645 880 784 913 ἐξουσίας,
805 880 862 907 ἀλλ’
883 880 921 912 ὡς

146 927 275 962 ἄνθρωπος
300 926 495 961 οἰκονομικῶς,
513 926 735 962 πρεπωδέστερον
765 925 922 953 ἀνακεῖσθαι

143 975 170 1008 τῇ
187 972 242 1008 θείᾳ
254 972 335 1006 φύσει
349 972 383 999 τὰ
397 973 483 998 πάντα
499 972 640 1004 διδάσκων,
658 970 690 1008 ἧς
707 972 752 999 καὶ
764 972 844 1002 αὐτὸς
859 972 924 998 εἴσω

144 1016 268 1053 βεϐηκὼς,
333 1016 384 1051 μὲν
400 1017 459 1043 ἔστι
480 1017 565 1050 Λόγος
582 1017 629 1043 καὶ
651 1017 715 1048 Θεὸς
728 1038 735 1050 ,
749 1016 853 1043 οἴκοθεν
868 1016 923 1052 ἔχει
946 1040 949 1044 .

142 1061 187 1097 τὴν
202 1061 242 1094 ἐφ’
263 1060 366 1087 ἅπασιν
387 1059 510 1092 ὲεξουσίοιν
528 1058 607 1097 ’δὲ
627 1061 737 1095 γέγονεν
760 1060 921 1095 ἄνθρωπος,

142 1107 203 1142 πρὸς
214 1106 242 1132 δν
254 1106 363 1142 εἴρηταί
377 1115 438 1133 που·
458 1117 467 1133 ‹
486 1105 519 1133 Τί
536 1106 591 1142 γὰρ
604 1106 685 1141 ἔχεις,
699 1106 713 1132 ὂ
725 1106 774 1132 οὐκ
791 1106 885 1137 ἔλαϐες
895 1115 919 1139 ςι

141 1151 254 1186 δεδέχθαι
274 1152 432 1187 πρεπόντως
448 1151 582 1186 ὁμολογεῖ.
600 1152 670 1187 Πρὸς
686 1151 718 1186 δὴ
736 1151 821 1178 ταῦτα
841 1151 922 1178 πάλιν

141 1199 193 1233 ἐρεῖ
206 1207 244 1229 τις
270 1199 351 1233 τυχὸν
366 1198 419 1225 τῶν
435 1198 468 1224 δι’
493 1198 627 1229 ἐναντίας·
652 1198 716 1225 Ἰδοὺ
740 1197 887 1233 διαρρήδην
907 1198 922 1224 ὁ

142 1244 198 1276 Υἱὸς
221 1244 268 1279 τὴν
295 1244 383 1280 κρίσιν
405 1244 526 1279 δεδέχθαι
548 1244 614 1279 φησι
638 1244 713 1279 παρὰ
735 1243 781 1270 τοῦ
805 1243 920 1279 Πατρός.

140 1290 273 1324 Λαμόάνει
293 1290 331 1322 δὲ,
347 1290 383 1321 ὡς
398 1290 448 1316 οὐκ
471 1289 540 1324 ἔχων
565 1290 676 1325 δηλαδή.
692 1289 753 1321 Πῶς
765 1286 810 1315 οὖν
825 1289 873 1315 οὐκ
888 1288 920 1315 ἂν

140 1336 177 1370 εἴη
192 1336 302 1370 μείζων,
322 1336 368 1362 καὶ
383 1335 632 1370 μεγαλοφυέστερος
646 1337 660 1362 ὁ
673 1335 759 1366 διδοὺς
774 1334 832 1370 μετ’
847 1335 920 1367 ἐξου-

140 1383 202 1413 σίας,
219 1382 265 1408 τοῦ
281 1382 409 1417 δεομένου
426 1382 534 1415 ).α6εῖν;
548 1382 580 1408 Τί
595 1381 628 1417 δὴ
643 1379 688 1408 οὖν
699 1380 753 1416 ἄρα
764 1381 831 1417 πρὸς
843 1380 920 1407 τοῦτό

139 1435 222 1461 φαμεν
239 1435 246 1460 ;
277 1427 308 1454 Ὀ
330 1427 380 1462 μὲν
396 1427 475 1461 λόγος
500 1427 565 1462 ἡμῖν
589 1426 851 1462 όητροτεταγμένος,
869 1426 920 1453 οὐκ

137 1473 271 1508 ἀκόμψως,
298 1473 335 1504 ὡς
350 1471 426 1508 οἶμαι
442 1494 449 1506 ,
462 1473 613 1508 διήρτισται
623 1492 630 1504 ,
645 1471 761 1507 θεωρίαν
786 1472 919 1508 εἰσφέρων

136 1520 181 1556 τὴν
195 1520 232 1555 τῷ
254 1519 346 1555 καιρῷ
368 1520 483 1555 μάλιστα
505 1519 662 1554 πρέπουσαν
681 1519 730 1554 τῆς
745 1518 919 1553 ὲνανθρωπή-

137 1574 200 1598 σεως
226 1565 329 1600 δηλαδὴ
342 1585 348 1597 ,
365 1566 411 1591 καὶ
438 1564 577 1600 οἰκονομίᾳ
599 1565 631 1599 τῇ
655 1563 724 1599 μετὰ
745 1563 846 1598 σαρκὸς
869 1564 918 1599 ἁρ-
930 1586 952 1615 C

137 1612 317 1647 μυδιωτάτην,
344 1612 387 1637 ὅτε
418 1610 508 1642 δοῦλος
535 1609 738 1646 ἐχρημάτισεν,
762 1610 806 1636 ὅτε
837 1617 917 1636 τετα-

135 1658 262 1684 πείνωκεν
295 1658 409 1689 ἑαυτὸν,
426 1657 454 1683 ἐν
483 1655 636 1692 ὁμοιώματι
663 1655 701 1691 τῷ
726 1655 853 1691 ἡμετέρῳ
871 1663 918 1689 γε-

134 1703 248 1738 νόμενος.
274 1702 385 1737 Ἐπειδὴ
401 1701 429 1728 δέ
446 1709 487 1728 σοι
505 1702 577 1728 δοκεῖ
594 1700 648 1727 τῶν
663 1702 711 1735 μὲν
728 1699 917 1736 ἁπλουστέρων

133 1747 396 1782 κατασοϐαρεύεσθαι
402 1747 552 1782 δογμάτων,
563 1746 772 1782 περιεργοτέραν
782 1747 809 1773 δὲ
819 1746 918 1781 μᾶλλον

133 1795 263 1822 ποιεῖσθαι
283 1794 333 1829 τὴν
348 1795 470 1830 ζήτησιν,
492 1794 541 1828 ἄγε
555 1793 586 1828 δὴ
601 1794 680 1820 πάλιν
697 1795 753 1824 τοῖς
770 1793 826 1824 σοῖς
844 1793 918 1819 ἐναν-

133 1839 191 1870 τίως
218 1839 306 1869 ἰόντες
332 1839 514 1874 προϐλήμασι,
532 1838 640 1873 πρῶτον
665 1839 752 1864 ἐκεῖνο
777 1837 914 1872 λέγωμεν·

132 1886 194 1920 Οὐχὶ
210 1886 332 1917 πάντως,
348 1885 408 1911 οὐδὲ
428 1884 594 1918 ἀναγκαίως,
605 1880 626 1909 ὦ
651 1881 738 1914 οὗτος,
756 1883 769 1908 ὁ
787 1882 877 1909 δοῦναί
891 1891 916 1908 τι

132 1930 285 1964 λεγόμενος,
310 1930 348 1961 ὡς
361 1930 410 1956 οὐκ
423 1929 510 1964 ἔχοντι
531 1929 569 1964 τῷ
594 1929 729 1964 δεχομένῳ
756 1927 915 1963 προσνέμει,

130 1977 183 2003 ἀλλ’
198 1977 259 2003 οὐδὲ
277 1976 378 2012 μείζων
393 1976 434 2002 ἀεὶ
445 1975 491 2002 τοῦ
502 1975 686 2010 λαμϐάνοντος
696 1975 709 2000 ὁ
723 1973 820 2005 διδούς.
841 1973 917 1999 Ἐπεὶ

130 2023 154 2048 τί
169 2023 304 2059 ποιήσεις,
320 2022 383 2048 ὅταν
398 2021 455 2056 ἴδῃς
466 2022 494 2048 ὲν
508 2020 645 2055 Πνεύματι
660 2019 704 2045 τὸν
720 2019 791 2054 ἱερὸν
804 2018 917 2052 λέγοντα

129 2068 293 2103 Ψαλμῳδὸν,
306 2078 316 2093 ‹
337 2067 400 2093 Δότε
412 2067 490 2100 δέξαν
505 2066 574 2102 Θεῷ;
597 2076 606 2091 ›
621 2065 704 2100 Δόξης
716 2065 769 2101 ἄρα
782 2063 921 2091 καθεστά-

129 2122 170 2140 ναι
184 2114 229 2140 τὸν
245 2113 314 2140 Θεὸν
338 2112 431 2139 ἐπιδεᾶ
455 2111 628 2147 λογιούμεθα,
643 2111 659 2147 ἢ
673 2112 721 2138 καὶ
739 2110 848 2145 μείζους
870 2109 915 2136 τοῦ

128 2160 270 2190 κτίσαντος
296 2159 339 2185 διὰ
352 2158 431 2185 τοῦτο
446 2159 553 2189 πάντως
576 2158 666 2192 ἡμεῖς,
682 2157 706 2183 οἱ
719 2156 821 2191 ταύτην
842 2155 917 2190 αὐτῷ

128 2205 279 2239 προσάγειν
299 2203 501 2238 ἐπιταττόμενοι
514 2211 521 2235 ;
543 2201 612 2227 Ἀλλ’
628 2201 681 2228 οὐδ’
708 2201 740 2227 ἂν
754 2199 834 2231 αὐτὸς
849 2201 918 2226 ἁπο-

661 181 693 208 IN
711 179 854 208 JOANNIS
875 177 1097 206 lCVANGELlUM
1129 178 1192 206 Lll}.
1211 179 1241 206 II.

1709 180 1760 207 506

1285 235 1361 264 CAP.
1377 236 1433 265 VH.

977 281 1050 314 Quod
1068 281 1141 318 nullo
1158 280 1274 315 dignitas
1289 286 1334 318 aut
1349 281 1504 308 excellentia
1518 281 1606 318 Ilii-inm
1625 291 1657 309 et
1675 287 1776 318 μανείη

1111 317 1249 349 cipnlione.
1267 316 1304 342 vel
1321 318 1437 342 nscititiu
1450 319 1484 344 sit
1497 318 1523 344 in
1539 317 1621 346 Filio.

1010 371 1042 405 V,
1059 372 1103 400 22.
1124 371 1213 407 Neque
1226 373 1295 399 enim
1311 371 1390 399 Pater
1399 373 1503 407 judical
1524 383 1695 411 quemquam,
1714 379 1758 403 sed

974 418 1189 453 omnejudicium
1209 418 1280 445 dedit
1299 417 1381 444 Filio.

1007 464 1088 492 Aliud
1109 464 1239 500 quiddam
1264 464 1386 491 divinum
1414 471 1446 491 ac
1471 458 1635 500 stupendum
1658 467 1758 501 aﬂ'crt,

973 511 1054 545 longe
1078 517 1205 538 sermone
1222 518 1251 537 se
1272 514 1371 537 natura
1392 514 1420 536 et
1435 518 1499 537 vere
1520 510 1604 537 Deum
1619 519 1680 539 csse
1698 521 1759 546 pcr-

973 556 1102 584 suadens.
1124 556 1174 584 Cui
1197 555 1271 584 enim
1297 556 1344 583 alii
1363 560 1500 583 terrarum
1521 557 1615 583 orbem
1635 557 1760 591 judicare

972 601 1138 634 conveniat,
1161 601 1214 629 nisi
1239 601 1285 628 uni
1306 608 1390 636 supra
1408 608 1504 628 omnes
1522 601 1665 629 exsistenti
1686 602 1759 634 Deo,

972 654 1053 681 quem
1065 654 1130 674 sane
1145 647 1244 675 divina:
1261 647 1410 682 Scripturae
1425 647 1457 674 ad
1472 647 1525 674 hoc
1542 648 1624 675 etiam
1641 653 1759 680 vocant,

972 692 1054 720 modo
1071 693 1180 728 quidem
1209 694 1250 721 his
1267 693 1358 721 verbis
1373 703 1379 721 :
1398 703 1407 719 ι
1426 694 1531 728 Surge,
1560 693 1631 731 Deus
1644 713 1650 724 .
1664 693 1758 728 judica

973 741 1074 765 terram
1087 739 1125 772 “5;
1137 749 1145 764 ι
1159 744 1186 767 ει
1200 747 1297 767 rursus
1315 747 1322 766 :
1340 748 1350 765 ‹
1365 739 1499 772 Quoniam
1518 740 1590 768 Deus
1602 741 1687 775 judex
1700 745 1758 768 est:

972 784 1045 811 hunc
1061 785 1203 818 humiliat,
1219 791 1246 813 et
1261 786 1334 814 hunc
1350 787 1453 814 exultat
1466 787 1510 813 ""3
1525 796 1533 812 ι
1555 787 1650 813 Datum
1664 792 1755 814 autem

972 830 1023 857 sibi
1035 837 1049 856 a
1065 830 1145 858 Patre
1159 831 1198 857 ait
1209 831 1353 867 judicium,
1365 840 1419 859 non
1435 833 1515 867 quasi
1530 834 1563 860 ab
1575 842 1606 861 ea
1623 838 1759 868 potestate

972 875 1008 902 sit
1019 875 1124 903 alienus
1135 896 1142 908 ,
1158 876 1206 904 sed
1223 877 1296 912 quod
1311 877 1393 904 homo
1407 885 1469 905 cum
1488 879 1523 905 sit
1545 887 1593 914 per
1613 880 1758 915 dispensa-

939 914 959 944 Β
975 922 1088 954 tionem,
1100 926 1205 950 natura:
1224 923 1322 951 divina:
1341 925 1537 959 congruentius
1561 927 1652 952 omnia
1673 927 1759 954 tribui

974 968 1090 1001 doceat;
1103 976 1225 1003 quacum
1240 969 1276 996 sit
1289 969 1346 1004 ipse
1363 970 1510 1004 praedilus,
1529 971 1555 998 in
1572 976 1703 1006 quantum
1716 975 1759 999 est

974 1012 1092 1040 Verbum
1108 1020 1139 1040 ac
1158 1013 1240 1047 Deus,
1260 1021 1274 1040 a
1290 1022 1319 1041 se
1334 1014 1413 1041 habet
1429 1015 1551 1042 omnium
1570 1019 1732 1050 potestatem
1749 1026 1756 1042 :

973 1062 1109 1093 quatenus
1125 1063 1214 1086 autem
1229 1059 1309 1086 homo
1323 1059 1413 1086 factus
1429 1063 1470 1088 est
1481 1081 1488 1093 ,
1510 1061 1543 1088 ad
1560 1069 1640 1096 quem
1658 1061 1758 1089 alicubi

972 1104 1077 1132 dictum
1095 1109 1153 1133 est:
1177 1114 1186 1130 ι
1199 1105 1269 1138 Quid
1291 1106 1362 1133 enim
1380 1106 1464 1133 habes
1485 1107 1555 1141 quoii
1574 1115 1627 1134 non
1650 1108 1758 1142 accepi-

973 1151 1007 1178 sti
1020 1150 1085 1177 ⁸⁷η(
1110 1158 1141 1178 εει
1164 1152 1303 1186 accepisse
1316 1173 1323 1185 ,
1343 1155 1373 1179 ut
1392 1152 1486 1186 decet,
1508 1153 1619 1180 fatetur.
1640 1154 1680 1181 Ad
1699 1154 1757 1182 haec

972 1204 1082 1224 rursum
1103 1197 1175 1224 dicet
1192 1197 1284 1225 forsan
1305 1197 1526 1226 adversariorum
1543 1201 1643 1236 aliquis
1659 1209 1664 1227 :
1686 1200 1757 1228 Ecce

972 1248 1064 1278 aperte
1086 1242 1171 1271 Filius
1187 1244 1226 1271 ait
1252 1251 1282 1272 se
1304 1244 1439 1279 judicium
1465 1253 1478 1272 a
1503 1246 1585 1274 Patre
1604 1248 1753 1281 accepisse.

970 1289 1077 1324 Accipit
1093 1294 1183 1317 autem
1196 1310 1203 1322 ,
1228 1295 1257 1317 ut
1280 1285 1326 1326 q'ui
1344 1298 1398 1318 non
1414 1291 1513 1318 habeat
1527 1293 1661 1320 videlicet.
1681 1293 1756 1325 Quo—

971 1334 1052 1361 modo
1070 1342 1134 1369 ergo
1152 1335 1241 1369 major
1259 1343 1314 1362 non
1337 1335 1390 1363 erit
1413 1343 1445 1363 ac
1469 1337 1687 1371 magniﬁcentior
1709 1338 1757 1372 qui

970 1387 1031 1406 cum
1052 1384 1187 1415 potestate
1205 1381 1270 1412 dat,
1292 1388 1376 1416 quam
1398 1382 1443 1408 cui
1464 1383 1589 1417 aceipere
1610 1388 1652 1410 est
1665 1383 1758 1419 opus?

969 1424 1040 1458 Quid
1055 1425 1138 1460 igitur
1155 1426 1218 1453 huic
1236 1426 1452 1461 respondemus?
1467 1427 1554 1455 Antea
1571 1428 1680 1463 quidem
1701 1437 1754 1456 non

970 1472 1085 1504 inscite,
1104 1476 1133 1500 ut
1150 1473 1269 1500 arbitror
1280 1493 1286 1505 ,
1303 1480 1334 1500 ea
1357 1473 1390 1500 de
1408 1477 1438 1501 re
1460 1473 1657 1508 disseruimus,
1674 1475 1754 1503 allata

968 1519 1160 1546 observatione
1195 1520 1313 1546 maxime
1349 1519 1523 1547 convenienti
1553 1521 1754 1550 incarnationis

968 1564 1083 1599 tempori
1100 1565 1240 1597 nimirum,
1255 1569 1281 1592 et
1293 1564 1489 1599 dispensationi
1504 1573 1565 1593 cum
1580 1574 1663 1594 carne
1674 1568 1757 1602 aptis-

969 1610 1048 1642 sima,
1058 1617 1120 1637 cum
1133 1617 1229 1638 servus
1241 1614 1415 1646 nuncupatus
1427 1614 1478 1644 est,
1491 1619 1552 1639 cum
1567 1612 1688 1647 seipsum
1700 1613 1756 1640 exi-

967 1656 1082 1689 nanivil,
1093 1657 1119 1683 in
1132 1656 1311 1684 similitudine
1329 1662 1422 1685 nostra
1436 1658 1517 1693 225
1529 1657 1658 1686 factus“.
1701 1658 1755 1686 Sed

967 1704 1096 1738 quoniam
1118 1704 1285 1739 simpliciora
1305 1705 1433 1740 dogmata
1450 1706 1568 1747 superbe
1583 1705 1711 1741 despicis,
1728 1711 1757 1734 et

967 1748 1134 1783 exquisitius
1149 1757 1179 1776 ea
1196 1749 1238 1777 vis
1251 1750 1415 1783 examinari,
1434 1757 1484 1785 age
1500 1750 1590 1778 denuo
1604 1755 1665 1778 tuas
1679 1752 1755 1787 obje-

967 1796 1072 1823 ctiones
1085 1795 1248 1828 refutantes,
1267 1796 1386 1830 primum
1402 1795 1537 1824 dicamus.
1563 1794 1623 1823 Non
1645 1805 1754 1832 semper

968 1848 1057 1875 neque
1076 1841 1234 1868 necessario
1256 1849 1317 1869 eum
1342 1842 1389 1876 qui
1412 1841 1478 1869 dare
1509 1842 1613 1877 aliquid
1639 1842 1753 1874 dicitur,

967 1886 1111 1920 accipienti
1129 1886 1250 1914 tribuere
1266 1886 1345 1922 quasi
1368 1894 1422 1914 non
1449 1887 1574 1920 habenti,
1590 1888 1637 1915 sed
1665 1896 1755 1923 neque

967 1931 1077 1959 dantem
1095 1931 1247 1967 accipiente
1268 1939 1376 1967 semper
1391 1939 1452 1960 esse
1475 1933 1618 1968 majorem.
1645 1934 1753 1969 Alioqui

966 1977 1050 2010 enim,
1078 1976 1142 2011 quid
1168 1976 1251 2004 facies
1277 1984 1338 2003 cum
1358 1976 1462 2005 videbis
1490 1982 1615 2005 sanctum
1638 1978 1755 2006 Psalmi-

957 2026 1036 2050 -stam
1054 2023 1191 2051 dicentem
1207 2023 1234 2050 in
1251 2022 1375 2058 Spiritu:
1389 2033 1398 2048 ι
1411 2023 1477 2051 Date
1490 2024 1604 2060 gloriam
1622 2025 1676 2053 Deo
1686 2025 1727 2052 "?
1741 2036 1750 2052 ι

966 2067 1044 2096 Anne
1056 2069 1144 2104 gloria
1156 2076 1226 2104 opus
1243 2076 1304 2097 esse
1322 2069 1376 2096 Deo
1391 2070 1561 2104 putabimus,
1578 2071 1753 2106 autmajorcs

966 2114 1097 2142 Creatore
1113 2122 1165 2143 nos
1188 2122 1248 2143 esse
1269 2115 1315 2150 qui
1341 2115 1412 2142 hanc
1437 2116 1462 2143 ei
1478 2115 1587 2144 deferre
1607 2116 1756 2152 jubemur?

967 2160 1049 2195 Atqui
1065 2164 1092 2188 lu
1111 2160 1137 2188 id
1150 2160 1274 2196 proferre
1290 2168 1345 2189 non
1362 2161 1488 2194 audebis,
1505 2162 1568 2189 licet
1582 2163 1610 2190 in
1626 2163 1755 2198 blasphe-

967 2207 1030 2234 miis
1044 2207 1152 2243 egregie
1175 2207 1342 2235 exercitatus
1358 2216 1364 2234 :
1379 2207 1451 2236 Deus
1465 2208 1538 2236 enim
1554 2209 1640 2244 gloria
1655 2210 1753 2245 plenus

127 2250 275 2286 τολμήσεις
289 2250 386 2279 εἰπεῖν,
400 2249 414 2274 ὁ
426 2248 471 2274 τὸν
488 2248 533 2274 ἐπὶ
543 2248 601 2278 ταῖς
618 2246 781 2282 δυσφημίαις
798 2245 875 2272 ὄκνον
885 2245 915 2272 οὑ

968 2257 1021 2285 est,
1036 2254 1162 2288 quamvis
1171 2261 1231 2282 eam
1246 2261 1260 2281 a
1273 2255 1352 2282 nobis
1364 2262 1419 2283 non
1432 2255 1560 2291 accipiat.
1573 2256 1650 2288 Quod
1663 2260 1754 2284 autem

128 2293 357 2328 παραιτούμενος
372 2292 472 2328 πλῆρες
486 2292 539 2327 γὰρ
557 2291 636 2326 δόξης
653 2291 682 2317 τὸ
697 2290 782 2321 Θεῖον,
801 2290 851 2317 κᾶν
877 2290 914 2325 μὴ

127 2337 236 2373 δέχηται
252 2337 318 2373 παρ’
339 2337 426 2372 ἡμῶν.
446 2337 477 2363 Ὃ
490 2337 518 2363 δὲ
542 2337 646 2362 οἴκοθεν
662 2336 717 2370 ἔχει
727 2335 873 2370 λαμϐάνων
887 2337 915 2362 ὲν

126 2384 201 2416 τάξει
218 2385 315 2419 τιμῆς,
327 2385 376 2410 οὐκ
393 2384 425 2410 ἂν
436 2383 553 2410 ἐλάττων
573 2382 657 2409 νοοῖτό
672 2391 735 2409 ποτε
754 2382 819 2414 τῶν,
837 2381 916 2418 οἵπερ

127 2429 200 2465 αὐτῷ
213 2430 267 2465 τὴν
282 2430 359 2463 δόξαν
380 2429 417 2461 ὡς
428 2429 512 2465 δῶρον
528 2429 720 2464 προσάγουσιν.
741 2427 817 2454 Ἔστι
827 2428 916 2454 τοίνυν

125 2477 190 2511 ὀρᾷν
208 2476 256 2502 τὸν
279 2475 406 2510 εἰληφότα
431 2484 457 2502 τι
470 2475 517 2501 τοῦ
542 2474 687 2506 δεδωκότος
708 2474 758 2500 οὐκ
783 2473 916 2508 αἰσχίονα,

125 2521 172 2548 καὶ
204 2522 236 2548 οὺ
265 2522 309 2548 διὰ
333 2521 412 2548 τοῦτο
440 2521 689 2556 μεγαλοφυέστερος
714 2521 728 2547 ὁ
753 2520 847 2555 Πατὴρ
870 2519 917 2546 τοῦ

127 2567 192 2594 ἰδίου
223 2568 414 2603 Γεννήματος,
446 2568 506 2593 ἐπεὶ
531 2568 620 2593 πᾶσαν
646 2566 720 2602 αὑτῷ
745 2566 844 2593 δέδωκε
868 2566 917 2602 τὴν

125 2613 228 2648 κρίσιν.
248 2611 316 2639 Εἶτα
333 2613 399 2648 πρὸς
420 2613 506 2648 τούτῳ
532 2614 641 2639 κάκεῖνο
661 2612 866 2648 περισκεπτέον·
887 2612 929 2639 τὸ·

125 2659 242 2695 κρίνειν,
260 2659 320 2694 ἦτοι
346 2659 475 2691 δικάζειν,
503 2659 636 2694 ἐνέργειαι
659 2658 757 2693 μᾶλλόν
783 2659 836 2685 εἰσι
870 2659 918 2699 ¹καί

126 2705 284 2740 πράγματα
306 2703 358 2730 τῶν
379 2705 442 2740 περὶ
464 2704 513 2736 τὰς
527 2705 619 2736 οὐσίας
644 2704 833 2740 νοουμένων,ἢ
853 2703 919 2730 αὐτὸ

125 2752 184 2777 κατ’
197 2751 330 2786 ἀλήθειαν
340 2751 437 2777 οὐσίαι.
459 2750 636 2786 Ἐνεργοῦμεν
652 2751 705 2785 γάρ
716 2759 742 2776 τι
753 2750 919 2783 δικάζοντες,

126 2796 287 2828 ἰδιαζόντως
301 2796 466 2831 ὕπάρχοντες
487 2797 554 2831 ὅπερ
565 2795 657 2830 ἐσμέν.
671 2797 701 2822 Εἰ
714 2796 742 2822 δὲ
757 2796 787 2822 τὸ
803 2796 916 2832 κρίνειν,

159 2890 182 2906 ⁵⁸
199 2889 278 2918 Psal.
294 2897 385 2924 exul,
401 2891 427 2918 8.

186 2946 198 2956 ι

466 2891 498 2907 ⁸³⁸
511 2889 582 2917 Psal.
602 2898 692 2923 Luiv,
710 2889 737 2918 8.
815 2889 822 2917 1
843 2889 904 2918 Cor.
927 2899 963 2925 iv,
987 2891 1012 2918 7.
1052 2890 1073 2906 "
1091 2889 1188 2926 Philip.
1209 2899 1237 2923 ιι,
1254 2891 1279 2918 7.

969 2306 984 2325 a
1004 2307 1034 2326 se
1060 2299 1156 2333 habet,
1175 2300 1198 2327 si
1218 2300 1244 2328 id
1267 2301 1380 2329 honoris
1410 2301 1470 2329 loco
1495 2301 1610 2336 accipit,
1635 2309 1689 2329 non
1713 2307 1755 2330 est

969 2344 1082 2372 inferior
1101 2345 1204 2373 idcirco
1226 2347 1380 2375 censendus
1394 2347 1428 2374 iis
1443 2347 1489 2382 qui
1504 2348 1618 2383 gloriam
1637 2348 1686 2382 ipsi
1704 2355 1754 2375 ceu

970 2390 1071 2417 donum
1083 2390 1212 2419 olferunt.
1227 2391 1305 2420 Licet
1318 2400 1382 2429 ergo
1399 2393 1492 2421 videre
1506 2401 1568 2420 eum
1589 2393 1634 2428 qui
1653 2394 1754 2429 aliquid

971 2435 1074 2470 accepit
1092 2436 1178 2464 nihilo
1194 2437 1352 2465 inferiorem
1374 2445 1436 2466 esse
1455 2446 1487 2466 eo
1501 2439 1547 2474 qui
1564 2439 1648 2471 dedit,
1666 2447 1755 2475 neque

967 2479 1082 2514 proinde
1108 2481 1372 2516 magniﬁcentiorem
1395 2482 1505 2510 Patrem
1534 2490 1584 2511 suo
1599 2484 1753 2515 Genimiue,

968 2524 1042 2560 quod
1057 2526 1082 2553 ei
1098 2526 1205 2553 dederit
1220 2528 1456 2562 ornnejudicium.
1473 2528 1585 2560 Deinde,
1605 2529 1671 2557 illud
1686 2539 1754 2566 quo-

968 2578 1021 2606 que
1039 2571 1268 2599 considerandum
1286 2576 1344 2605 est,
1362 2573 1486 2607 judicare
1504 2574 1561 2601 sive
1584 2575 1630 2609 jus
1645 2575 1753 2608 dicere.

967 2617 1141 2651 operationes
1157 2617 1249 2651 potius
1263 2625 1325 2646 esse
1344 2624 1391 2645 aut
1403 2610 1481 2646 actus
1494 2626 1588 2646 eorum
1608 2628 1666 2655 qua:
1680 2622 1754 2649 circa

969 2663 1139 2690 substantias
1159 2671 1221 2691 esse
1247 2664 1447 2699 intelliguntur,
1462 2672 1544 2700 quam
1564 2666 1638 2701 ipsas
1659 2675 1754 2695 revera

969 2707 1147 2735 substantias.
1156 2708 1266 2743 Aliquid
1277 2709 1350 2735 enim
1362 2708 1479 2737 facimus
1490 2709 1553 2737 dum
1564 2710 1610 2745 jus
1623 2711 1753 2745 dicimus,

969 2753 1051 2781 iidem
1066 2762 1181 2789 prorsus
1194 2754 1343 2782 secundum
1359 2755 1540 2783 substantiam
1551 2764 1753 2792 permanentes.

970 2798 1048 2831 Quod
1074 2799 1096 2827 si
1119 2799 1244 2834 judicare
1264 2800 1447 2828 substantiam
1475 2809 1536 2830 esse
1558 2803 1753 2839 concedemus,

1319 2892 1341 2907 “
1361 2889 1433 2919 Psal.
1448 2899 1535 2926 van,
1553 2893 1598 2921 55.
