2026 3123
120 958 128 998 ἱ

141 184 193 212 569

627 194 633 197 ί
660 184 691 211 ΙΝ
713 183 859 212 ΙΟΑΝΜὸ
881 183 1108 213 EYANGELIUM
1137 187 1200 216 LIB.
1220 188 1253 215 ll,

1718 193 1751 219 ὅτ

141 241 188 270 οὖν
215 242 270 276 ἄρα
296 241 376 268 πάλιν
391 242 438 268 καὶ
454 242 519 277 πρὸς
547 241 624 269 τοῦτό
648 250 729 277 φασιν
751 243 774 268 οἱ
796 243 928 268 πάντατὰ

981 243 1143 270 substantiae
1164 244 1259 272 deest?
1273 245 1342 278 Quid
1369 247 1452 281 igitur
1472 247 1506 274 ad
1527 247 1585 275 haec
1603 250 1769 283 respondent

142 287 208 322 ὀρθὰ
223 287 441 322 διαστρέροντες,
461 286 498 318 ὡς
513 286 526 312 6
542 287 683 322 προφήτης
696 287 778 321 φησὶν
802 287 931 319 Ἠσαῖαςς

142 333 172 361 Εἰ
191 333 235 359 διὶ
246 333 276 359 τὸ
289 332 428 367 λέγεσθαι,
447 332 528 368 φησιν
539 340 545 346 ·
567 341 575 358 ι
599 333 657 360 Ἵνα
673 334 761 360 πάντα
776 333 874 368 τιμῶσι
887 333 932 359 τὸν

142 379 215 410 Υίδν,
229 379 300 405 καθὰ
323 379 425 414 τιμῶσι
452 378 496 404 τὸν
515 379 634 414 Πατέρα,
656 388 664 404 ι
686 378 810 414 νομίζετε
832 379 931 415 χρῆναι

142 425 185 451 τὸν
200 425 263 451 Υἱὺν
280 425 432 460 ἰσομέτροις
448 424 486 459 τῷ
497 425 583 460 Πατρὶ
599 425 813 460 κατασεμνύνειν
827 426 930 460 τιμαῖς,

141 472 263 504 ἀγνοεῖτε
278 471 327 505 τῆς
337 470 464 504 ἀληθείας
480 471 587 506 μακράν
602 479 650 497 που
663 471 823 506 βαδίζοντες.
832 472 869 497 Οὐ
878 471 932 506 γὰρ

142 517 249 548 πάντως
262 517 292 542 τὺ
312 526 320 542 ι
344 516 434 547 καθὼς
453 526 462 542 ι
482 517 590 552 ἰσότητα
615 517 785 552 πραγμάτων
799 517 930 551 εἰσφέρει,

140 559 252 590 καθ’ὦν
273 563 306 589 ἆν
329 563 449 597 φαίνοιτο
470 563 556 594 τεθὲν,
576 563 706 596 ὁμοίωσιν
726 562 754 588 δέ
773 563 932 598 τιναχαρα-

141 607 266 644 κτηρίζει
294 608 432 641 πολλάκις,
448 605 513 640 οἷον,
528 609 621 643 φησὶν,
636 609 650 633 6
667 609 762 643 Σωτήρ
787 617 837 634 που
864 617 932 644 σκαμ-

141 655 273 686 ὅουλεύει,
290 655 376 688 λέγων
393 663 400 670 ⁸
419 664 428 680 ι
447 655 557 681 Γίνεσθε
574 655 760 690 οἰκτίρμονες,
776 653 866 686 καθὼς
885 654 931 680 καὶ

141 702 157 727 6
173 701 268 736 Πατὴρ
295 701 371 735 ὑμῶν
385 691 409 726 ’ὁ
434 699 558 735 οὐράνιος
579 701 727 735 οἰκτίρμων
742 699 824 726 ἐστίν.
843 709 852 724 ι
872 697 932 735 ’Λρ¹

140 743 188 772 οὖν
199 746 316 780 ὲσίμεθα
329 746 546 780 φιλοικτίρμονες
564 745 649 777 οὕτως
659 766 666 777 ,
679 746 717 776 ὡς
736 746 750 772 6
765 745 870 780 Πατὴρ.
888 744 931 771 διὰ

103 821 110 825 ⁴
140 791 172 818 τὸ
189 801 198 818 ι
217 791 323 824 καθώς;
345 802 353 818 ι
373 792 427 818 Καὶ
441 791 520 818 πάλιν
537 792 551 818 6
573 792 687 826 Χριστὸς
699 791 773 825 λέγει
794 791 862 826 προς
886 791 931 816 τὸν

141 837 240 864 ἑαυτοῦ
258 837 368 873 Πατέρα
390 836 527 873 περὶτῶν
554 836 699 872 μαθητῶν·
736 846 744 861 ι
772 835 931 869 Ἦγάττησας

140 884 250 916 αὐτοὺς,
262 883 353 916 καθὼς
367 883 416 919 ἐμὲ
433 883 591 918 ἠγάπησας.
610 892 618 908 ι
640 882 711 909 Ἀλλ’
725 882 775 917 οὐχ
790 881 861 908 οὕτω
879 880 930 907 δὼ-

141 937 224 964 σομεν
238 929 396 964 ὴγαπῆσθαι
417 929 478 960 τοὺς
498 928 630 964 μαθητὰς,
646 928 684 959 ὼς
694 927 739 954 τὸν
756 927 818 954 Υἱὸν
835 927 926 959 πάλιν,

140 974 184 1001 διὰ
197 974 228 1000 τὸ
245 983 254 1000 ι
275 973 377 1006 καθώς.
397 983 406 1000 ι
423 974 454 1000 Τί
471 971 516 1000 οὖν
532 973 722 1008 εὑρεσιλογεῖς,
733 972 779 999 καὶ
793 971 928 1007 ἀποϐιάζῃ

139 1019 190 1055 τὴν
204 1020 274 1052 λέξιν
289 1021 328 1056 εὶς
343 1019 509 1055 δυσφημίαν,
525 1019 653 1054 οὐδεμίαν
667 1019 723 1049 τοῖς
743 1017 928 1053 ἀκροωμένοις

140 1065 264 1101 ἀνάγκην
277 1066 465 1100 εἰσφέροντι-αν,
483 1066 523 1097 είς
539 1065 569 1091 τὸ
585 1064 686 1100 χρῆναι
699 1065 781 1099 τιμᾷν
796 1064 840 1090 τὸν
853 1063 926 1096 Υἱὸν,

140 1111 170 1137 ὲν
186 1111 235 1146 ι’σῳ
253 1110 344 1146 μέτρῳ
368 1109 407 1145 τῷ
430 1109 563 1145 φύσαντι;
579 1109 611 1136 Τί
627 1107 672 1136 οὖν
689 1109 756 1144 πρὸς
772 1108 857 1140 ταῦτα
881 1108 927 1134 καὶ

140 1157 207 1192 παρ’
217 1156 312 1192 ήμῶν;
330 1157 440 1192 Πικροῖς
457 1156 506 1192 μὲν
529 1155 606 1191 ἡμῶν
621 1154 821 1182 καθυλακτοῦσι
839 1155 927 1188 λόγοις

139 1203 164 1229 ot
179 1202 317 1237 θεομάχοι,
328 1202 385 1229 ἀλλ’
396 1202 448 1234 ἔξω
459 1201 522 1234 τοὺς
535 1201 674 1234 κὺνας,ὼς
685 1202 698 1228 ὁ
714 1201 818 1234 Παῦλός
834 1210 924 1236 φησιν,

139 1248 193 1280 ἔξω
206 1248 270 1279 τοὺς
295 1247 397 1279 κακοὺς
418 1248 536 1283 ἐργάτας
548 1268 556 1281 ,
575 1247 626 1280 ἔξω
641 1248 690 1281 τῆς
705 1247 788 1282 ὀρθῆς
810 1247 927 1279 πίστεως

139 1294 189 1330 τὴν
204 1294 375 1329 κατατομήν·
388 1295 469 1329 ἡμεῖς
485 1293 540 1330 γάρ
563 1294 646 1329 ἐσμεν
661 1293 789 1328 ἀληθείας
801 1293 864 1324 υἱοὶ,
880 1293 927 1319 καὶ

139 1340 223 1367 τέκνα
235 1340 332 1374 φωτός.
345 1339 436 1366 Διάτοι
451 1340 530 1367 τοῦτο
547 1339 592 1366 τὸν
606 1340 746 1374 Μονογενῆ
759 1338 798 1374 τῷ
810 1338 869 1374 Θεῷ
880 1339 927 1365 καὶ

140 1385 229 1420 Πατρὶ
256 1385 460 1420 συνδοξάζομεν,
474 1385 504 1411 οὐ
528 1384 599 1412 κατά
623 1393 683 1410 τινα
706 1383 854 1418 διαφορὰν,
869 1383 925 1410 ἀλλ’

139 1432 170 1458 ὲν
187 1432 288 1465 ἰσότητι
304 1431 386 1466 τιμῆς
399 1440 427 1457 τε
442 1431 489 1457 καὶ
505 1431 592 1465 δόξης,
606 1431 643 1461 ὡς
659 1430 724 1456 Θεὸν
739 1431 770 1456 ἐκ
786 1429 864 1461 Θεοῦ,
880 1429 926 1468 καὶ

140 1476 199 1511 φῶς
213 1477 244 1503 ὲκ
261 1477 360 1511 φωτὸς,
376 1478 424 1503 καὶ
441 1476 512 1512 ζωὴν
527 1478 558 1502 ὲκ
581 1476 662 1511 ζωῆς.
677 1476 733 1502 Καὶ
746 1475 925 1511 περιεργάζε-

140 1523 203 1549 σθαι
216 1523 264 1558 μὲν
280 1523 310 1550 τὺ
326 1523 415 1550 πίστει
431 1523 609 1559 παραδεκτδν,
631 1522 666 1554 ὡς
683 1522 728 1548 ὲπὶ
742 1521 864 1549 πλεῖστον
877 1522 926 1548 οὐκ

140 1569 262 1604 ἀσφαλές
273 1578 278 1583 ·
297 1568 471 1604 βασανιστέον
484 1568 507 1595 δ’
517 1566 563 1595 οὖν
578 1568 651 1603 ὅμως
664 1568 709 1594 καὶ
721 1567 767 1594 τοῦ
783 1577 792 1593 ί
811 1567 901 1598 καθὼς
914 1577 922 1592 ι

139 1614 189 1650 τὴν
214 1615 329 1650 δύναμιν
342 1634 348 1646 ,
364 1615 406 1641 ἵνα
429 1615 466 1650 μὴ
488 1607 557 1650 μέγα
574 1613 709 1649 φρονῶσιν
726 1613 767 1648 ἐφ’
780 1614 886 1645 ἑαυτοῖς
902 1613 926 1639 οί

139 1661 173 1688 δι’
188 1661 322 1692 ἐναντίας.

175 1747 279 1774 Οὐκοῦν
296 1747 341 1773 ἐπὶ
355 1748 403 1782 μὲν
415 1746 467 1773 τῶν
481 1745 613 1781 ἀνομοίων
631 1745 702 1772 κατὰ
714 1745 762 1780 τὴν
778 1744 859 1779 φύσιν
878 1745 923 1771 ὅτε

139 1793 267 1819 τάττεται
290 1791 321 1818 τὸ
347 1801 355 1817 α
377 1791 477 1824 καθὼς,
496 1801 505 1816 ι
536 1792 566 1818 οὺ
587 1793 695 1823 πάντως
721 1790 928 1825 ἀπαράλλακτον

139 1839 206 1874 ἡμῖν
219 1838 340 1873 εἱπφέρει
355 1837 403 1873 τὴν
419 1838 540 1872 ἰσότητα,
555 1838 703 1873 ὁμοιότητα
716 1836 744 1863 δὲ
759 1836 857 1871 μᾶλλον
882 1836 929 1862 καὶ

139 1884 306 1919 είκονισμὸν,
322 1884 360 1916 ὡς
377 1884 424 1910 καὶ
441 1883 516 1910 αὐτοὶ
529 1884 710 1920 προλαὸὀντες
723 1883 928 1918 ὼμολογήκατε.

138 1932 202 1958 Ἑπὶ
230 1931 259 1957 δὲ
288 1931 341 1957 τῶν
370 1930 494 1966 ἀλλήλοις
518 1930 587 1956 κατὰ
615 1930 703 1957 πάντα
731 1929 929 1965 προσεοικότων

139 1977 218 2014 εἴπερ
244 1977 331 2012 ὁρῷτο
357 1976 444 2010 τεθὲν,
466 1976 512 2004 καὶ
533 1976 642 2011 ἰσότητα
669 1976 717 2011 τὴν
745 1975 773 2002 ὲν
799 1977 864 2002 πᾶσι
883 1975 929 2001 καὶ

138 2024 286 2058 ὁμοιότητα
304 2023 388 2058 δηλοῖ,
412 2023 459 2049 καὶ
484 2023 510 2048 εἴ
530 2031 556 2048 τι
573 2022 676 2053 τούτοις
691 2022 784 2057 ἕτερον
809 2022 930 2048 ἰσοδυνα-

141 2069 208 2105 μοῦν
219 2069 388 2105 εὑρίσκεται.
402 2067 463 2095 υἴόν
479 2068 585 2103 τίφημι
596 2077 603 2084 ·
617 2068 749 2104 Δαμπρὺς
775 2068 823 2102 μὲν
837 2068 851 2093 6
869 2067 929 2094 κατ’

137 2115 254 2151 οὐρανόν
272 2116 345 2141 ἐστιν
358 2114 445 2150 ἥλιος,
459 2113 584 2150 λαμπρὸς
595 2114 623 2140 δὲ
632 2114 734 2148 ὁμοίως
749 2114 796 2140 καὶ
821 2114 834 2140 6
847 2113 930 2149 γῆθεν

137 2163 272 2198 ἄργυρος,
289 2161 374 2197 ἀλλ’ἢ
392 2161 442 2196 μὲν
457 2161 537 2196 φύσις
550 2161 603 2188 τῶν
616 2161 770 2197 εἰρημένων
790 2160 929 2196 διάφορος.

138 2207 263 2235 Νοείσθω
276 2207 305 2233 δέ
315 2216 356 2239 τις
367 2207 448 2242 τυχὸν
461 2207 515 2233 τῶν
522 2207 568 2233 ἐπὶ
582 2207 634 2241 γῆς
647 2206 854 2239 πλονσίων,τοῖς
868 2207 929 2232 κατ’

984 296 1095 316 rursum
1119 289 1164 324 qui
1191 291 1283 317 omnia
1307 297 1380 318 recta
1397 296 1565 326 pervertunt,
1585 297 1613 320 ut
1631 293 1668 320 ait
1685 295 1778 322 lsaias-

984 335 1115 369 propheta
1129 335 1170 362 ⁵⁵⁸2
1181 335 1209 362 Si
1225 343 1258 362 ex
1273 344 1306 363 eo
1317 337 1390 371 quod
1404 338 1535 372 scriptum
1549 343 1602 370 cst.
1623 339 1769 374 inquiunt:

986 390 994 405 ι
1016 379 1049 407 Ut
1071 380 1252 408 honoriﬁcent
1276 380 1386 412 Filium,
1410 383 1482 409 sicut
1508 383 1691 412 honorilicant
1716 385 1768 412 Pa-

983 431 1063 460 trem,
1085 437 1095 453 »
1112 428 1279 455 existimatis
1302 427 1402 455 Filittm
1428 429 1579 463 mqualibus
1607 439 1667 458 cum
1690 431 1769 458 Patrc

983 473 1134 501 honoribus
1158 481 1220 501 esse
1246 473 1448 504 decorandum,
1479 475 1592 502 nescitis
1615 483 1629 502 a
1656 477 1770 503 veritate

983 519 1063 554 longe
1075 526 1123 546 vos
1142 519 1248 546 abesse.
1265 518 1323 545 Non
1339 518 1412 545 enim
1427 525 1492 545 sane
1509 518 1593 546 dictio
1613 519 1674 550 ista,
1690 530 1698 544 ‹
1712 521 1767 546 sic-

979 569 1023 598 .ut,
1044 574 1053 590 ι
1076 564 1260 599 aequalitatem
1280 571 1374 591 earum
1400 571 1490 590 rerum
1508 564 1541 591 de
1556 565 1656 599 quibus
1670 565 1770 591 dicitur

982 610 1129 645 signiﬁcat,
1144 610 1192 637 sed
1203 609 1350 644 quamdam
1364 609 1444 644 227
1456 609 1665 637 similitudinem
1679 611 1770 643 potius

981 656 1097 687 indicat,
1117 655 1254 690 quomodo
1269 654 1405 688 Salvator,
1425 655 1564 689 inquiunt,
1582 655 1682 682 alicubi
1703 662 1770 682 con-

982 702 1058 734 sulit,
1070 702 1167 729 dicens
1184 711 1190 728 :
1207 710 1216 727 ‹
1232 701 1327 728 Estote
1342 701 1552 733 misericordes,
1568 701 1640 728 sicut
1654 705 1680 729 et
1691 701 1772 728 Pater

981 752 1073 776 vester
1098 748 1143 775 ille
1160 748 1283 776 cmlestis
1299 753 1341 775 est
1354 748 1388 774 ".
1411 759 1419 774 ι
1435 749 1475 775 An
1494 755 1558 783 ergo
1573 748 1770 775 misericordia:

981 797 1106 821 amantes
1118 794 1234 825 erimus,
1251 794 1364 828 perinde
1381 798 1465 828 atque
1484 793 1578 825 Pater,
1599 797 1712 828 propter
1728 793 1770 820 di-

981 840 1102 867 ctionem
1121 840 1207 872 illam,
1227 849 1236 865 (
1259 839 1351 867 sicut?
1368 849 1378 866 ι
1397 839 1474 872 Item,
1495 839 1623 867 Christus
1638 839 1671 866 ad
1689 847 1772 866 suum

982 886 1089 913 Patrem
1101 885 1135 913 de
1146 885 1291 920 discipulis
1302 885 1358 912 ait:
1376 894 1385 910 ι
1400 884 1524 913 Dilexisti
1536 893 1594 917 eos,
1608 886 1714 912 sicutet
1729 893 1772 912 me

982 931 1100 959 dilexisti
1116 932 1150 958 ".
1170 940 1178 956 ι
1196 933 1230 957 At
1261 938 1434 966 nequaquam
1455 931 1640 958 concedemus
1654 931 1771 958 dilectos

981 984 1042 1004 esse
1072 976 1223 1012 discipulos
1252 976 1365 1012 perinde
1393 984 1424 1003 ac
1453 975 1552 1004 Filium
1591 980 1701 1011 propter
1727 976 1772 1003 di-

981 1023 1098 1050 ctionem
1129 1023 1218 1055 illam,
1246 1032 1255 1048 ‹
1287 1022 1367 1049 sicut.
1393 1031 1402 1047 ›
1426 1021 1497 1054 Quid
1526 1029 1590 1056 ergo
1618 1021 1719 1048 l‘rustra
1746 1027 1773 1048 to

980 1067 1069 1103 augis,
1084 1071 1111 1094 et
1131 1067 1279 1094 dictionem
1298 1067 1322 1093 vi
1338 1069 1486 1101 detorques
1510 1066 1538 1092 in
1561 1065 1772 1100 blasphemiam,

980 1121 1042 1148 quae
1062 1113 1165 1140 nullam
1181 1112 1357 1140 auditoribus
1381 1112 1577 1140 necessitatem
1604 1111 1684 1138 al‘l‘crt
1709 1111 1771 1138 Filii

980 1156 1122 1191 aequaliter
1145 1164 1207 1183 cum
1234 1156 1316 1183 Patre
1332 1156 1505 1185 honorandi!
1526 1155 1597 1188 Quid
1619 1156 1703 1190 igitur
1727 1156 1778 1183 his

980 1201 1164 1236 reponimus?
1189 1200 1305 1228 Acerhis
1331 1200 1443 1234 quidem
1471 1199 1498 1226 in
1524 1207 1573 1226 nos
1595 1200 1696 1227 latrant
1723 1200 1771 1227 Dei

979 1246 1074 1273 hostes
1094 1247 1268 1274 sermonibus
1291 1254 1298 1273 ί
1319 1246 1366 1273 sed
1389 1246 1464 1272 foras
1489 1252 1591 1277 canes,
1612 1251 1641 1272 ut
1665 1245 1772 1272 Paulus

979 1292 1064 1324 ait”,
1080 1291 1152 1319 foras
1169 1292 1234 1318 mali
1252 1291 1383 1326 operarii,
1404 1291 1479 1318 foras
1496 1296 1578 1318 rectae
1597 1291 1657 1318 ﬁdei
1676 1291 1772 1326 dcpra«

979 1338 1052 1364 vatio
1069 1346 1075 1364 :
1090 1345 1139 1364 nos
1153 1338 1225 1364 enim
1243 1337 1367 1364 veritatis
1385 1337 1432 1364 lilii
1447 1345 1554 1368 sumus.
1571 1341 1599 1364 ct
1615 1337 1685 1364 lucis
1702 1344 1769 1371 pro--

980 1384 1029 1412 les.
1060 1383 1163 1410 Idcirco
1183 1383 1357 1418 Unigenitum
1391 1390 1444 1410 una
1473 1391 1536 1410 cuin
1562 1383 1617 1410 Deo
1637 1387 1664 1410 et
1688 1383 1784 1410 Patre-

979 1429 1230 1461 conglorilicamus,
1241 1436 1296 1456 non
1313 1428 1465 1455 secundum
1478 1428 1561 1455 ullam
1579 1428 1771 1455 diﬁcrentiamy

979 1474 1026 1501 sed
1045 1473 1201 1508 mqualitate
1216 1474 1330 1501 honoris
1349 1477 1376 1500 et
1389 1473 1494 1508 gloriae,
1511 1477 1540 1500 ut
1556 1472 1641 1500 Deum
1655 1473 1688 1500 de
1704 1473 1771 1505 Deo,

978 1525 1005 1547 et
1021 1520 1110 1547 lumen
1125 1519 1158 1546 de
1179 1521 1292 1551 lumine.
1311 1523 1338 1547 et
1350 1520 1432 1546 vitam
1447 1528 1478 1548 ex
1495 1520 1562 1547 vita.
1578 1519 1611 1546 Et
1624 1523 1699 1547 certe
1725 1526 1772 1546 cu-

983 1566 1084 1592 riosius
1097 1565 1215 1592 scrutari
1234 1565 1307 1600 quod
1329 1564 1381 1592 ﬁde
1404 1565 1557 1600 suscipitur
1571 1568 1600 1592 ut
1624 1563 1771 1600 plurimum

980 1616 1067 1638 tutum
1099 1619 1154 1638 non
1181 1615 1244 1644 est;
1262 1616 1457 1638 verumtamen
1478 1610 1664 1638 examinanda
1690 1610 1772 1637 nobis

978 1663 1021 1685 cst
1037 1658 1079 1685 vis
1096 1657 1170 1685 illius
1190 1657 1320 1685 dictionis
1336 1666 1345 1683 (
1366 1657 1450 1691 sicut,
1475 1666 1483 1682 ι
1507 1664 1541 1684 ne
1562 1656 1713 1684 adversarii
1729 1656 1773 1683 ni-

979 1704 1049 1731 mios
1065 1703 1118 1731 sibi
1133 1702 1248 1738 spiritus
1263 1706 1418 1730 assmnant.

1013 1749 1108 1784 Igitur,
1126 1756 1189 1776 cum
1206 1749 1251 1776 illa
1267 1749 1361 1780 dictio,
1386 1759 1394 1775 ‹
1414 1749 1496 1779 sicut,
1517 1757 1526 1774 ι
1553 1748 1588 1776 de
1603 1754 1704 1776 natura
1720 1748 1765 1775 di-

979 1796 1066 1823 versis
1079 1794 1203 1828 eﬂ’ertur,
1219 1799 1286 1822 tunc
1302 1802 1356 1821 non
1373 1794 1558 1821 omnimodam
1570 1795 1766 1829 aequalitatem,

979 1842 1026 1868 sed
1043 1840 1254 1868 similitudinem
1273 1840 1365 1876 potius
1385 1845 1412 1867 et
1438 1841 1584 1876 imaginem
1616 1840 1771 1875 signiﬁcat.

979 1890 1010 1913 ut
1024 1889 1050 1913 et
1063 1885 1114 1920 ipsi
1137 1886 1214 1920 prius
1229 1885 1352 1913 coniessi
1370 1886 1448 1913 estis.
1462 1885 1540 1918 Quod
1553 1887 1574 1913 si
1589 1886 1622 1913 de
1636 1887 1669 1912 iis
1682 1885 1771 1919 posita

979 1932 1103 1958 videatur
1119 1939 1181 1966 qum
1199 1930 1385 1958 oumimodam
1415 1931 1487 1958 inter
1504 1939 1533 1958 se
1561 1931 1770 1958 similitudinem

980 1978 1093 2011 habent,
1114 1980 1141 2004 et.
1155 1977 1340 2012 aequalitatem
1357 1977 1385 2003 in
1402 1978 1540 2008 omnibtts,
1553 1983 1580 2004 et
1607 1977 1768 2004 similitudi~

981 2031 1041 2050 nem
1055 2023 1202 2058 signiﬁcat,
1212 2022 1275 2049 etsi
1291 2021 1355 2056 quid
1370 2021 1414 2048 his
1425 2022 1496 2048 aliud
1512 2021 1652 2055 cujusdam
1662 2021 1771 2048 virtutis

980 2070 1126 2105 reperitur.
1152 2068 1276 2104 Exempli
1305 2069 1414 2103 gratia:
1433 2069 1474 2096 sol
1504 2069 1532 2095 in
1547 2069 1618 2096 ccelo
1649 2069 1772 2105 nitet,et

981 2118 1124 2150 argentum
1144 2114 1179 2142 de
1191 2119 1265 2154 terra
1282 2111 1429 2142 similiter:
1448 2114 1495 2142 sed
1522 2115 1593 2141 inter
1625 2123 1654 2142 se
1672 2120 1769 2142 natura

981 2160 1151 2196 discrepant.
1169 2159 1320 2195 Fingamus
1334 2165 1426 2189 autem
1449 2161 1567 2196 aliquem
1587 2161 1695 2187 dixitent
1711 2161 1770 2187 suis

981 2206 1140 2235 domesticis
1158 2206 1253 2234 forsan
1266 2206 1379 2234 dicere:
1398 2206 1511 2242 Fulgeat
1532 2210 1672 2241 argentum
1698 2206 1770 2232 sicut

138 2251 215 2280 οἷκον
228 2253 360 2284 οἰκέταις.
380 2252 531 2287 Λαμπέτω,
549 2251 645 2286 λέγων,
661 2252 675 2278 6
690 2252 822 2287 ἄργυρος,
840 2251 928 2283 καθὼς

984 2253 1026 2280 sol
1040 2261 1049 2287 ;
1061 2253 1124 2287 jure
1143 2252 1256 2287 quidem
1286 2256 1344 2280 tum
1362 2252 1488 2280 dicemus
1517 2252 1658 2279 materiam
1683 2255 1770 2278 terre-

139 2298 308 2334 καὶὁῆλιος·
323 2299 351 2325 ὲν
365 2298 451 2334 τούτῳ
469 2297 500 2334 δὴ
517 2298 590 2333 μάλα
610 2297 722 2329 δικαίως
744 2297 796 2324 οὐκ
815 2298 855 2330 εἰς
880 2297 930 2333 τὴν

140 2345 204 2380 ἴσην
227 2345 383 2372 ἁναὸαίνειν
410 2343 591 2380 λαμπρότητα
608 2343 647 2379 τῷ
674 2343 741 2379 ἡλίῳ
761 2343 810 2379 τὴν
829 2344 862 2371 ὲκ
880 2345 931 2380 γῆς

139 2389 208 2425 ὓλην
221 2389 322 2424 φαμὲν,
338 2389 394 2416 ἀλλ’
409 2390 449 2421 εις
457 2388 586 2424 ὁμοίωσίν
596 2396 659 2415 τινα
696 2389 744 2414 καὶ
770 2389 930 2424 ἐμφέρειαν,

138 2435 188 2467 καὶ
199 2437 224 2462 εί
235 2436 345 2472 φέροιτο
356 2436 415 2462 κατ’
431 2434 514 2467 αὑτοῦ
527 2435 558 2462 τὸ
577 2444 587 2460 ι
604 2434 706 2467 καθώς.
731 2445 740 2461 ι
765 2435 869 2471 Πέτρου
890 2435 930 2467 δὲ,

139 2483 187 2509 καὶ
199 2482 324 2509 Ἰωάννου
340 2481 420 2517 τυχὸν
430 2481 483 2508 τῶν
495 2481 580 2516 ἁγίων
595 2481 726 2516 μαθητῶν
750 2481 929 2516 παρενεχθέν-

137 2536 195 2556 των
210 2529 251 2560 είς
264 2529 355 2564 μέσον,
370 2529 394 2555 οἳ
409 2529 457 2555 καὶ
473 2528 512 2565 τῷ
526 2528 576 2563 τῆς
600 2528 707 2562 φύσεως
726 2527 807 2563 λόγῳ,
833 2529 878 2554 καὶ
894 2529 927 2563 τῇ

139 2575 182 2606 εἰς
202 2574 269 2601 θεὸν
285 2574 410 2609 εὐσεϐείᾳ
420 2575 468 2609 τῆς
484 2574 551 2609 πρὸς
561 2573 690 2609 ἀλλήλους
700 2574 830 2610 ἀκριϐοῦς
839 2575 929 2609 ὁμοιό-

139 2627 221 2654 τητος
235 2620 286 2646 οὐκ
301 2619 545 2654 ἀπολιμπάνονται,
569 2619 691 2654 τετάχθω
712 2619 743 2645 τὸ
768 2628 777 2644 ι
797 2619 897 2650 καθὼς,
917 2629 925 2644 ι

139 2665 265 2699 λέγοντός
274 2673 347 2697 τινος
361 2665 424 2701 περὶ
435 2665 536 2697 αὐτῶν,
552 2664 590 2696 ὡς
608 2666 637 2691 ὲν
645 2665 825 2701 ὑποκειμένῳ·
844 2666 929 2700 Τιμά-

143 2708 198 2735 σθω
219 2709 295 2743 παρὰ
308 2709 417 2736 πάντων
431 2710 570 2744 Ἰωάννης,
593 2709 683 2741 καθὼς
707 2709 753 2736 καὶ
772 2710 786 2736 6
809 2711 927 2746 Πέτρος-

142 2751 195 2789 ἇρα
209 2754 241 2781 τὸ
263 2765 272 2780 ι
289 2754 380 2786 καθὼς
401 2764 410 2780 ι
426 2755 552 2790 ἀτονήσει
570 2754 649 2781 πάλιν
666 2755 705 2786 είς
719 2755 749 2781 τὸ
767 2755 804 2790 μὴ
818 2755 872 2782 δεῖν
885 2757 928 2782 ἐπ’

141 2801 243 2835 ἀμφοῖν
262 2800 311 2835 τὴν
327 2799 386 2835 ἴτην
400 2800 512 2834 ἄγεσθαι
535 2801 633 2835 τιμήν;
666 2800 734 2826 Ἀλλ’
752 2801 801 2827 οὐκ
823 2801 864 2833 ἃν,
894 2801 928 2828 οἶ-

197 2890 219 2904 “
241 2890 296 2917 lmo
314 2889 394 2918 Μῖνι).
408 2899 447 2921 Ill,
463 2891 489 2917 9.
528 2891 548 2906 δ”
569 2890 634 2928 Luc.
653 2898 688 2923 γι,
706 2889 750 2916 56.
788 2889 809 2903 ³η
831 2888 909 2917 Jonn.
925 2898 990 2924 xvtt,
1009 2890 1053 2917 "2‘5.

982 2303 1066 2326 strem
1082 2298 1115 2326 ad
1131 2299 1264 2333 aequalem
1276 2305 1338 2326 cum
1356 2299 1414 2326 sole
1432 2298 1608 2333 splenderent
1623 2305 1676 2324 non
1693 2305 1771 2324 acce-

983 2343 1059 2377 dere,
1076 2343 1126 2371 sed
1139 2343 1173 2370 ad
1193 2343 1402 2372 similitudinem
1418 2343 1566 2379 quamdam
1592 2347 1618 2369 et
1643 2342 1769 2376 elﬁgiem,

982 2390 1091 2418 etiamsi
1108 2391 1141 2418 de
1160 2391 1221 2425 ipso
1238 2390 1369 2418 ell‘eratur
1384 2390 1430 2418 illa
1446 2390 1542 2419 dictio,
1560 2399 1569 2415 ‹
1589 2389 1669 2417 sicut.
1693 2397 1701 2413 ι
1733 2388 1770 2414 Dc

981 2435 1064 2464 Petro
1080 2443 1144 2463 vero
1157 2440 1183 2463 ct
1200 2435 1308 2463 Joanne
1327 2436 1432 2463 sanctis
1447 2435 1612 2470 discipulis,
1633 2434 1680 2470 qui
1704 2442 1766 2461 cum

983 2487 1087 2510 naturae
1101 2483 1218 2513 ratione,
1247 2485 1303 2509 tum
1337 2482 1438 2517 pietate
1468 2483 1494 2508 in
1513 2481 1597 2508 Deum
1617 2480 1767 2516 perfectam

983 2529 1056 2556 inter
1069 2536 1100 2556 se
1115 2528 1321 2555 similitudinem
1334 2527 1447 2560 habent,
1462 2526 1591 2554 efferatur
1609 2527 1654 2553 illa
1671 2525 1767 2555 dictio.

986 2585 995 2601 ‹
1017 2575 1098 2606 sicut,
1119 2583 1127 2599 ι
1145 2577 1173 2600 et
1196 2574 1269 2600 dicat
1283 2573 1431 2608 quispiam,
1450 2572 1567 2607 exempli
1591 2580 1674 2600 causa
1690 2581 1697 2599 :
1716 2571 1768 2599 H0-

985 2626 1097 2647 noretur
1112 2619 1145 2646 ab
1162 2619 1293 2646 omnibus
1316 2618 1436 2645 Joannes
1457 2618 1530 2646 sicut
1550 2622 1577 2644 et
1593 2617 1711 2650 Petrus;
1733 2626 1766 2644 an

983 2665 1028 2691 illa
1044 2664 1139 2694 dictio,
1155 2673 1163 2689 ι
1185 2664 1268 2693 sicut,
1289 2672 1298 2687 ι
1316 2663 1474 2697 neutiquam
1492 2661 1660 2697 signiﬁcabit
1679 2669 1770 2695 :equa—

983 2711 1035 2738 letn
1054 2710 1162 2744 utrique
1178 2717 1240 2737 esse
1255 2708 1430 2735 tribucndum
1449 2708 1531 2743 228
1547 2708 1699 2735 honorent?
1714 2707 1766 2735 Sed

982 2764 1072 2788 nemo,
1091 2759 1120 2781 ut
1145 2763 1215 2786 reor,
1239 2754 1310 2782 istud
1329 2754 1448 2781 dixerit:
1477 2754 1545 2780 nihil
1571 2753 1643 2781 enim
1664 2754 1767 2782 videbit

983 2801 1055 2837 quod
1074 2801 1217 2837 prohibeat
1233 2801 1256 2828 si
1285 2800 1355 2827 ratio
1375 2799 1585 2835 signiﬁcationis
1616 2803 1764 2835 spectetur.

1094 2890 1114 2905 ³⁷
1133 2888 1249 2924 Philipp.
1269 2897 1319 2922 Ill,
1341 2890 1357 2918 ‘2
1373 2899 1378 2904 ·
1394 2889 1481 2923 Apoc.
1498 2897 1564 2922 un,
1582 2889 1625 2917 l5.
