2026 3123
251 203 300 229 571

750 201 778 228 S.
799 199 842 228 CY
849 198 937 228 lliLLl
949 196 1184 226 ALEXANDRINI
1202 199 1361 229 ARCHIEP.

1823 201 1877 230 37$

249 259 319 287 Cum
335 267 399 294 ergo
411 259 443 287 de
459 258 527 286 Filio
553 263 579 287 et
604 258 686 287 Patre
703 259 788 287 dictio
805 260 863 292 illa,
889 269 904 289 1
921 259 1002 290 sicut,
1024 266 1026 283 1

1089 268 1154 294 μαι,
1183 259 1224 291 τὶς
1244 260 1275 287 τὺ
1298 259 1416 286 τοιοῦτον
1441 259 1498 296 ὲρεῖ
1513 268 1519 275 ’
1551 259 1684 295 Θεωρήσει
1711 259 1766 295 γὰρ
1788 259 1820 295 δὴ
1847 259 1877 285 τὸ

249 305 389 337 eﬂ‘cratur,
402 313 483 340 quam
497 305 532 333 ob
546 312 656 333 causam
671 306 820 341 a‘qualibus
837 306 933 333 ambos
950 305 1036 331 hono-

249 350 327 378 ribus
344 358 444 378 ornare
459 350 673 378 cunctabimur?
686 350 752 378 Nam
772 350 862 378 futura
883 349 1035 385 praevidens

249 399 280 422 ut
294 395 375 427 Deus,
393 399 420 421 et
437 395 585 430 malignam
600 399 652 422 tua:
671 395 815 430 imperitia:
837 394 1035 422 contradictio—

226 445 229 449 ’
249 449 311 468 nem
329 449 383 468 11011
401 440 544 475 ignorans.
558 449 612 468 11011
622 441 724 468 nudam
735 441 839 472 statim,
859 449 948 475 neque
968 448 1034 467 con-

249 487 367 514 venienti
388 487 439 514 sibi
457 487 583 522 pralsidio
597 487 756 514 destitutam
773 487 922 514 dictionem
946 486 1033 520 illam,

252 543 262 559 1
285 533 368 566 sicut,
388 542 397 558 1
416 533 517 565 intulit,
545 533 592 560 scd
610 540 669 560 eam
687 533 793 560 idoneis
819 532 953 559 ﬁrmatam
969 539 1032 567 pro-

248 578 426 612 bationibus;
443 582 470 606 et
495 582 556 605 cam
582 578 658 613 prius
685 577 835 605 ostenderit
865 585 894 605 se
924 585 1034 612 quoque

249 624 332 652 Deum
354 632 415 652 esse
432 624 583 651 secundum
597 629 723 651 naturam
751 623 848 658 (suum
865 623 936 650 enim
952 622 1034 650 facie-

246 670 295 698 bat
322 670 427 698 Patrem
447 670 562 705 Deum),
581 669 810 704 allirmaveritquc
842 676 872 696 se
897 673 924 696 et
948 668 1032 695 Deum

211 713 215 717 ’
247 717 384 751 opilicem,
403 721 430 744 et
443 716 577 743 viventem
594 723 688 744 revera
700 723 770 747 esse.
786 721 878 752 atque,
899 720 928 741 ut
944 715 981 741 ita
990 714 1032 741 di-

247 771 318 796 caui,
351 762 397 790 Dei
421 771 453 790 ac
472 761 562 790 Patris
593 762 810 797 proprietatibus
837 761 1031 796 conspicuum,

246 812 400 842 opportune
427 807 535 834 tandem
566 805 667 834 infert:
702 817 711 832 1
741 805 774 834 Ut
800 813 896 834 omnes
920 805 1031 832 honori-

245 855 329 881 ticent
355 853 470 886 Filium,
488 853 561 880 sicut
581 852 764 880 honorificam
791 852 910 879 Patrem.
930 861 938 876 1
960 851 1030 884 Quid

245 901 336 925 autem
367 905 442 924 nunc
474 897 614 924 adversari
641 897 775 924 videtur?
798 898 832 923 At
871 896 937 932 quid
969 903 1030 930 pro-

244 943 350 970 hibebit
371 943 518 978 quominus
544 943 580 974 is,
613 943 659 970 cui
687 942 910 970 substantialiter
936 943 1030 969 insunt

243 997 413 1026 qu:ccuuque
434 989 525 1019 Patris
543 989 691 1025 peculiaria
720 993 746 1016 ct
764 989 862 1016 eximia
886 995 968 1021 sunt,
995 989 1029 1016 ad

243 1037 376 1073 aqualem
410 1036 522 1063 honoris
554 1036 685 1062 ascendat
723 1035 910 1063 mensuram?
941 1034 1028 1069 ipsam

243 1082 344 1118 quippe
372 1081 418 1109 Dei
438 1089 470 1109 ac
494 1080 584 1109 Patris
601 1081 742 1108 honorare
761 1085 889 1108 naturam
917 1087 1028 1114 compe-

242 1128 346 1154 rieniur
363 1127 391 1154 in
406 1126 474 1154 Filio
493 1128 603 1162 egregie
632 1127 810 1154 relucentem.
825 1126 928 1153 Idcirco
955 1125 1027 1152 enim

242 1173 354 1208 subjieit
368 1184 373 1200 :
395 1183 404 1199 1
421 1173 473 1206 Qui
492 1181 546 1200 non
559 1174 723 1200 honorilicat
741 1172 852 1204 Filium,
868 1179 922 1198 non
939 1172 1027 1198 hono-

241 1219 331 1246 rilicat
345 1218 464 1251 Patren),
479 1219 525 1254 qui
542 1218 617 1246 misit
642 1219 728 1245 illum.
751 1227 760 1243 1
776 1217 836 1244 Filii
854 1218 927 1245 enim
959 1225 1026 1244 con-

242 1269 361 1300 temptus
375 1269 423 1292 aut
443 1265 620 1300 blasphemiae
638 1265 680 1292 vis
695 1269 722 1292 ct
740 1265 810 1292 ratio
824 1264 857 1291 ad
872 1265 955 1291 alium
973 1272 1026 1291 non

241 1311 398 1346 pertinebit,
421 1319 503 1346 quam
532 1311 565 1338 ad
597 1310 687 1346 ipsum
707 1311 828 1342 Patrem,
862 1311 906 1346 qui
936 1319 950 1338 a
977 1318 1026 1338 sua

241 1361 340 1386 natura
359 1362 486 1392 tanquam
502 1365 518 1384 a
544 1357 619 1384 fonte
637 1356 735 1384 Filium
751 1356 847 1389 edidit,
874 1357 936 1385 licet
951 1357 974 1385 ei
992 1358 1026 1384 ab

239 1408 343 1430 artemo
373 1402 545 1430 coexsistens
575 1402 677 1437 ubique
702 1402 730 1429 in
774 1402 917 1437 Scriptura
946 1410 1024 1430 sacra

242 1448 415 1483 praedicetur.
435 1447 486 1476 Sed
506 1452 577 1480 esto,
591 1449 680 1482 inquit
695 1448 881 1481 adversarius,
899 1453 1024 1476 conteru-

241 1499 304 1528 ptus
319 1494 380 1521 Filii
394 1502 448 1529 quo
467 1494 535 1522 velis
556 1493 704 1529 pertineat,
722 1494 778 1521 imo
792 1502 857 1521 vero
874 1494 907 1521 ad
933 1494 1023 1529 ipsum

242 1541 326 1567 Deum
343 1547 374 1568 ac
388 1539 496 1567 Patrem
523 1541 670 1575 pertingat.
692 1539 854 1575 Indignatur
874 1539 946 1567 enim
962 1540 1024 1575 jure

241 1584 350 1616 merito,
367 1592 420 1611 non
440 1589 530 1612 tamen
545 1584 625 1620 quasi
641 1584 735 1612 eadem
753 1589 850 1612 natura
866 1585 980 1612 laedatur
995 1586 1022 1612 iu

240 1629 320 1662 Filio,
335 1633 365 1657 ut
377 1629 457 1658 modo
469 1630 662 1663 disseruimus;
677 1630 723 1658 sed
735 1630 919 1665 quoniam'cst
936 1630 1026 1666 imago

239 1673 301 1709 ejus
316 1679 342 1702 ct
355 1675 541 1708 character",
560 1675 594 1702 ad
609 1675 730 1703 divinam
741 1679 767 1703 et
787 1675 952 1704 incﬂ‘abilem
966 1676 1026 1711 ejus

240 1724 368 1746 naturam
387 1721 488 1755 optime
503 1721 647 1753 formatus,
658 1721 721 1756 jure
734 1721 844 1756 quidem
857 1721 1024 1757 indignatur,

241 1769 268 1792 et
286 1765 314 1792 in
333 1773 363 1793 se
381 1766 494 1792 omnino
512 1765 639 1800 iniuriam
665 1765 758 1793 refert.
790 1766 1024 1795 Absurdissimum

240 1810 341 1845 quippe
367 1816 439 1838 esset
466 1818 539 1844 cum,
560 1811 607 1846 qui
633 1811 734 1838 divinis
760 1811 966 1840 characteribus
982 1812 1025 1839 in-

239 1856 333 1888 sultat,
349 1857 454 1891 peccati
474 1857 500 1884 in
524 1857 703 1893 archetypum
721 1857 835 1885 admissi
855 1865 952 1893 pmuas
968 1866 1025 1885 non

239 1901 326 1930 luere.
343 1901 578 1936 Quemadmodum
593 1911 702 1938 nempe.
721 1904 743 1931 si
765 1905 825 1939 quis
854 1910 1024 1932 lerrenorum

238 1955 335 1982 regum
347 1947 478 1983 inmagines
493 1949 612 1977 ludibrio
625 1949 762 1982 habuerit,
777 1958 833 1978 non
845 1951 925 1978 aliter
939 1959 1021 1986 quam

240 1994 263 2020 si
278 1995 305 2021 in
323 2002 414 2029 regem
434 1994 521 2030 ipsum
543 1995 698 2030 peccaverit
717 1996 842 2031 punitur.
867 1997 932 2024 Tale
961 2005 1024 2025 vero

241 2039 372 2074 quiddam
388 2048 403 2067 a
421 2040 477 2068 Deo
494 2049 603 2076 quoque
623 2042 656 2069 de
671 2042 750 2069 nobis
766 2046 900 2069 statutum
918 2050 1027 2078 compc-

240 2087 354 2114 I'iemus.
372 2098 381 2113 1
401 2087 452 2120 Qui
486 2088 558 2115 enim
579 2088 742 2124 sanguinem
765 2088 896 2121 hominis,
927 2089 1024 2125 inquit,

238 2131 372 2165 eﬂ'uderit,
404 2140 453 2167 pro
479 2133 613 2168 sanguine
648 2133 729 2168 229
763 2133 825 2168 ejus
852 2133 1024 2168 eﬂ'undctur,

241 2178 305 2213 quia
332 2179 359 2206 in
385 2178 504 2213 imagine
533 2178 580 2206 Dei
614 2178 666 2206 feci
692 2179 874 2206 hominem".
901 2189 910 2204 1
942 2179 1025 2208 Vides

239 2225 323 2260 igitur
339 2232 371 2251 ex
388 2224 448 2256 hac,
472 2224 571 2259 inquit,
598 2223 743 2252 manifeste
759 2223 841 2252 Deum
869 2232 900 2252 ac
916 2224 1024 2253 Patrem

240 2270 397 2297 existimare
424 2270 561 2305 indignari
589 2270 687 2297 debere
712 2270 776 2298 lrcsa
808 2271 935 2306 imagine,
969 2280 1023 2299 non
1040 2280 1062 2309 ο

241 2320 330 2342 autem
347 2315 437 2343 divina
454 2323 503 2342 sua
520 2321 629 2343 natura.
647 2314 704 2342 Hoc
728 2316 820 2350 itaque
839 2317 921 2344 modo
937 2325 1022 2352 expo-

239 2361 358 2389 nendum
374 2367 416 2388 est
430 2361 497 2388 illud
509 2361 581 2394 quod
594 2361 697 2388 dictum
713 2366 756 2389 est
767 2370 781 2389 a
792 2362 903 2391 Christo
920 2373 926 2392 :
947 2374 956 2390 1
971 2364 1022 2398 Qui

241 2415 294 2434 non
314 2407 475 2434 honnrilicat
486 2406 595 2439 Filium,
605 2415 694 2442 neque
706 2407 811 2440 Patrem
827 2409 997 2439 honoriﬁcat.
1011 2421 1020 2437 I

202 2449 205 2461 ί
240 2455 280 2480 An
298 2453 382 2487 igitur
394 2460 407 2478 a
424 2452 516 2480 Patris
531 2454 686 2481 substantia
698 2455 804 2483 alienus
815 2456 867 2483 erit
880 2457 1023 2485 nobiscum

241 2499 424 2534 Unigenitus?
439 2499 581 2531 Quomodo
604 2507 668 2533 ergo
690 2500 745 2535 jam
766 2503 917 2530 secundum
943 2508 1022 2531 natu-

239 2551 298 2571 ram
316 2543 387 2571 Deus
404 2547 456 2577 est,
469 2544 539 2572 side
557 2545 710 2573 rationibus
733 2547 976 2581 deitatiscxcidil,
995 2550 1022 2577 in

240 2589 351 2625 pmpria
367 2589 483 2624 quadam
507 2594 533 2617 et
557 2590 609 2617 alia
633 2599 713 2626 quam
738 2593 764 2620 in
784 2602 838 2629 qua
865 2594 945 2622 Pater
969 2600 1021 2628 cst,

240 2639 338 2662 natura
354 2634 541 2662 constitutus?
553 2634 639 2671 Iniqui
653 2645 716 2665 vero
732 2646 828 2667 sumus
842 2640 958 2673 scilicet,
975 2642 1021 2676 qui

239 2681 266 2707 in
288 2688 369 2707 unam
386 2680 496 2709 deitatis
509 2681 641 2710 rationem
659 2687 759 2711 sancta:
783 2685 926 2721 Trinitatis
943 2689 1022 2714 unio-

240 2734 300 2754 nem
328 2726 501 2754 adducimus.
528 2727 651 2755 Adorare
677 2730 779 2765 quippe
806 2739 855 2758 nos
884 2738 1022 2768 oporteret

243 2777 359 2805 patrem,
376 2777 406 2800 ut
421 2773 502 2801 Deum
516 2784 522 2800 ;
540 2774 653 2808 gloriam
668 2779 758 2803 autem
777 2777 922 2811 quamdam
940 2787 1022 2814 pecu-

241 2819 332 2846 liarem
351 2828 382 2847 ac
399 2820 534 2855 propriam
558 2820 627 2848 Filio
646 2829 678 2848 ac
695 2821 808 2856 Spiritui
834 2825 963 2859 tribucre,
992 2827 1018 2854 in

281 2894 302 2910 “
317 2898 337 2925 11
357 2898 419 2926 (ἴοι.
439 2907 474 2931 tv,
492 2899 517 2927 ι.
557 2900 578 2915 ³¹
599 2898 664 2926 Gen.
687 2906 722 2931 ix,
744 2899 771 2928 6.

1087 305 1190 332 κωλῦον
1211 305 1285 332 οὐδὲν
1307 306 1368 332 κατ’
1395 305 1479 341 αὐτὴν
1509 305 1556 332 τοῦ
1580 307 1712 341 νοήματος
1740 305 1789 340 τὴν
1811 305 1876 331 ἁνα-

1085 351 1188 386 λογίαν.
1206 351 1288 378 Ὅταν
1301 352 1343 385 ἐφ’
1360 350 1425 378 Υίοῦ
1447 351 1492 377 καὶ
1507 351 1611 386 Πατρὺς
1629 352 1742 386 φέρηται
1755 351 1785 377 τὸ
1801 360 1810 376 1
1825 359 1876 376 κα-

1086 396 1154 428 θὼς,
1181 407 1190 422 1
1227 397 1269 424 διὰ
1298 397 1378 424 ποίαν
1404 396 1492 423 αἰτίαν
1526 397 1754 432 ἀποναρκήσομεν
1783 395 1873 430 ἰσομέ-

1084 450 1158 477 τροις
1178 442 1260 477 ἄμφω
1271 441 1451 475 καταστέφειν
1461 442 1553 477 τιμαῖς
1564 450 1571 473 ;
1593 440 1872 476 Προανασκεψάμενος

1084 488 1137 524 γὰρ
1160 488 1197 520 ὼς
1222 488 1288 520 Θεὸς
1311 487 1345 514 τὰ
1366 488 1492 523 ἐσόμενα,
1511 487 1558 513 καὶ
1582 487 1630 522 τὴν
1657 487 1791 521 βάσκανον
1822 487 1872 520 τῆς

1085 534 1133 569 σῆς
1149 533 1268 569 ἀμαθίας
1286 533 1482 568 περιαθρήσας
1495 533 1658 566 ἀντιλογίαν,
1670 532 1700 558 οὐ
1714 532 1817 566 γυμνὸν
1831 532 1873 558 εὐ-

1084 579 1142 613 Οὺς,
1163 579 1222 606 οὐδὲ
1239 580 1287 615 τῆς
1317 579 1391 615 αὐτῷ
1408 579 1564 615 πρεπούσης
1584 580 1685 615 ἔρημον
1700 578 1868 613 ἐπικουρίας,

1083 626 1113 652 τὺ
1133 636 1142 652 1
1159 626 1250 658 καθὼς
1264 636 1273 652 1
1300 627 1479 662 εἰσενήνοχεν,
1493 626 1559 653 ἀλλὰ
1582 627 1642 657 ταῖς
1666 625 1715 660 μὲν
1737 625 1874 660 καοηκοὺ-

1085 681 1145 704 σαις
1159 672 1354 708 προηχυρώσας
1377 673 1582 708 πληροφορίαις,
1613 672 1812 707 προαποδείξας
1841 671 1870 698 δὲ

1083 718 1123 744 ὅτι
1143 718 1188 744 καὶ
1207 718 1272 749 Θεὸς
1290 717 1407 753 ὑπάρχοι
1425 717 1495 743 κατὰ
1513 716 1593 751 φύσιν
1610 725 1617 732 ⁸
1636 717 1702 743 ἴδιον
1718 717 1772 751 γὰρ
1799 718 1871 742 ἐποι-

1084 765 1139 790 εῖτο
1153 764 1263 799 Πατέρα
1285 763 1331 790 τὸν
1347 763 1431 790 Θεόν·
1454 763 1714 799 προκατασκευάσας
1732 762 1759 789 δὲ
1778 762 1868 795 πάλιν,

1082 811 1122 838 ὅτι
1137 811 1182 837 καὶ
1193 810 1258 842 Θεὸς
1265 809 1432 846 δημιουργὸς
1453 810 1499 836 καὶ
1514 809 1568 842 ζῶν
1583 810 1643 836 κατ’
1657 809 1786 844 ἀλήθειάν
1799 809 1868 841 ἐπι,

1083 858 1128 885 καὶ
1147 858 1226 889 ὅλως,
1245 857 1280 883 ἵν’
1292 857 1377 888 οὕτως
1389 856 1469 887 είπω,
1488 857 1544 888 τοῖς
1561 856 1609 882 τοῦ
1623 855 1690 882 Θεοῦ
1705 855 1752 881 καὶ
1761 855 1869 890 Πατρδς

1083 903 1313 938 ἐπαγλαῖζόμενον
1336 903 1461 938 ἰδιώμασι
1486 901 1712 937 προειαενεγκὼν,
1733 901 1870 936 εὐκαίρως

1047 931 1067 959 Β
1084 949 1179 983 ἐπάγει
1198 931 1299 976 λοίπὸν·
1318 931 1620 983 ι”Ιναίπάντεςιτιμῶσι
1635 947 1680 974 τὸν
1689 947 1763 978 Υἰὸν,
1777 945 1869 977 καθὼς

1082 995 1182 1029 τιμῶσι
1194 995 1239 1021 τὸν
1253 994 1375 1029 Πατέρα.
1393 1003 1403 1019 1
1431 991 1498 1020 Εἶτα
1516 994 1543 1020 τί
1559 993 1588 1020 τὺ
1609 993 1786 1020 ἀντιστατοῦν
1804 993 1869 1019 ἀνα-

1083 1041 1206 1074 φανεῖται
1233 1039 1341 1071 λοιπύνς
1365 1038 1392 1065 τί
1420 1039 1448 1065 δὲ
1470 1039 1501 1065 τὸ
1519 1039 1621 1065 κωλύον
1637 1039 1694 1064 ἐστὶ
1716 1038 1772 1070 τὸν,
1790 1035 1868 1073 ᾧπερ

1081 1085 1217 1117 οὐσιωδῶς
1247 1085 1392 1120 ἐνυπάρχει
1411 1084 1445 1111 τὰ
1471 1084 1518 1111 τοῦ
1539 1085 1719 1118 γεννήσαντος
1744 1084 1798 1110 ἴδια
1820 1083 1868 1110 καὶ

1082 1129 1216 1164 ἐξαίρετα,
1229 1129 1332 1164 πρὺςτδ
1350 1128 1406 1155 ἴσον
1419 1129 1468 1164 τῆς
1483 1129 1564 1164 τιμῆς
1577 1128 1732 1155 ἁναῦαίνειν
1747 1128 1846 1163 μέτρον
1858 1136 1865 1158 ;

1081 1176 1171 1210 Αὐτὴν
1183 1175 1237 1211 γὰρ
1250 1175 1300 1210 ἤδη
1323 1175 1454 1209 τιμῶντες
1468 1175 1517 1210 τὴν
1533 1174 1580 1202 τοῦ
1593 1174 1660 1201 Θεοῦ
1684 1175 1731 1201 καὶ
1760 1173 1867 1209 Πατρὺς

1081 1221 1240 1257 ἀλωσόμεϐα
1253 1221 1344 1255 φύσιν,
1361 1221 1450 1252 καλῶς
1461 1221 1489 1247 ἐν
1505 1221 1562 1255 Υίῷ
1581 1220 1795 1255 διαλάμπουσαν.
1817 1218 1867 1246 Διὰ

1080 1268 1134 1304 γὰρ
1149 1267 1227 1294 τοῦτό
1241 1275 1322 1301 φησιν
1336 1266 1444 1300 ἐφεξῆς·
1463 1276 1472 1292 1
1501 1267 1530 1292 '0
1545 1266 1581 1301 μὴ
1595 1266 1680 1301 τιμῶν
1691 1265 1736 1292 τὸν
1745 1265 1819 1295 Υἱδν,
1835 1265 1866 1292 οὐ

1079 1314 1145 1349 τιμᾷ
1157 1313 1202 1339 τὸν
1214 1313 1322 1347 Πατέρα
1340 1312 1385 1339 τὸν
1403 1313 1548 1346 πέμψαντα
1567 1312 1656 1338 αὐτόν.
1682 1321 1691 1337 1
1716 1311 1865 1345 ’Λναϐήσε-

1078 1369 1122 1386 ται
1154 1359 1207 1394 γὰρ
1229 1359 1278 1385 οὐκ
1300 1358 1342 1392 ἐφ’
1360 1358 1453 1392 ἕτερόν
1481 1366 1541 1384 τινα
1560 1357 1658 1392 μᾶλλον
1680 1357 1730 1392 τῆς
1746 1358 1786 1388 είς
1802 1357 1866 1383 Υἱδν

1079 1407 1190 1442 ἀτιμίας
1205 1406 1235 1432 τὸ
1244 1405 1381 1440 ἔγκλημα,
1395 1405 1443 1431 καὶ
1464 1405 1512 1439 τῆς
1531 1404 1684 1439 δυσφημίας
1707 1405 1723 1438 ἡ
1738 1403 1863 1438 δύναμις,

1078 1452 1094 1488 ἦ
1112 1453 1151 1484 εἰς
1161 1452 1242 1478 αὑτὸν
1255 1451 1435 1487 ἀληθέστερον
1460 1451 1505 1478 τὸν
1521 1451 1640 1486 Πατέρα,
1661 1449 1785 1485 καθάπερ
1810 1449 1865 1475 ἀπὺ

1079 1497 1170 1533 πηγῆς
1191 1497 1240 1532 τῆς
1264 1496 1367 1528 οἰκείας
1382 1496 1489 1531 φύσεως
1505 1496 1602 1522 ἀνέντα
1624 1495 1668 1521 τδν
1690 1494 1765 1524 Υίὺν,
1780 1493 1865 1520 εἶκαὶ

1079 1543 1259 1579 συνυπάρχων
1287 1543 1379 1574 ὰῖδίως
1407 1542 1480 1577 αὑτῷ
1503 1541 1546 1568 διὰ
1570 1541 1660 1575 πάσης
1690 1540 1788 1575 ὁρᾶται
1814 1539 1865 1574 τῆς

1077 1589 1156 1623 ἁγίας
1168 1588 1290 1624 Γραφῆς.
1310 1587 1389 1614 Ἀλλὰ
1402 1587 1455 1619 ναὶ,
1466 1587 1546 1622 φησὶν
1561 1587 1574 1612 ὁ
1589 1584 1763 1615 δι’ὲναντίας,
1772 1583 1865 1618 ἡκέτω

1077 1634 1126 1668 τῆς
1140 1635 1180 1665 εἰς
1200 1633 1263 1659 Υἰὸν
1278 1632 1389 1668 ἀτιμίας
1400 1631 1430 1658 τὸ
1445 1631 1569 1665 ἔγκλημα
1585 1629 1652 1664 πρὸς
1670 1629 1738 1663 ὅπερ
1754 1627 1787 1654 ἂν
1801 1626 1863 1661 βού-

1075 1679 1141 1711 λοιο,
1159 1678 1259 1714 μᾶλλον
1272 1677 1300 1704 δὲ
1319 1678 1359 1709 εἰς
1378 1677 1459 1703 αὐτὸν
1479 1675 1646 1710 ἀφικνείσθω
1659 1674 1704 1700 τὸν
1723 1673 1791 1699 Θεὸν
1817 1671 1864 1699 καὶ

1075 1725 1194 1759 Πατέρα.
1224 1723 1422 1757 ’Λγανακτήσει
1439 1721 1493 1758 γὰρ
1516 1721 1548 1756 δὴ
1567 1720 1612 1747 καὶ
1637 1719 1710 1754 μάλα
1737 1718 1861 1751 εξχότως,

1076 1770 1133 1797 ἀλλ’
1149 1770 1210 1805 οὐχ).
1224 1770 1342 1800 πάντως,
1357 1768 1396 1800 ὡς
1410 1769 1458 1803 τῆς
1471 1767 1554 1801 αὐτῆς
1567 1766 1673 1800 φύσεως
1693 1764 1863 1799 ὑϐρισμένης

1075 1817 1104 1843 ὲν
1115 1815 1182 1851 Υἰῷ,
1197 1815 1269 1842 κατὰ
1282 1815 1327 1841 τὸν
1337 1814 1435 1850 ἀρτίως
1452 1814 1517 1848 ἡμῖν
1529 1810 1752 1846 φιλοτεχνηθέντα
1769 1809 1860 1843 λόγον·

1077 1862 1134 1889 ἀλλ’
1148 1862 1262 1896 ἐπείπερ
1279 1861 1352 1888 ἐστὶν
1376 1860 1456 1886 εἰκὼν
1471 1857 1554 1885 αὐτοῦ
1574 1858 1622 1884 καὶ
1645 1856 1798 1892 χαρακτὴρ,
1825 1855 1864 1886 ὡς

1076 1908 1144 1943 πρὸς
1153 1907 1202 1943 τὴν
1220 1907 1293 1934 θείαν
1305 1915 1333 1932 τε
1350 1905 1397 1932 καὶ
1417 1905 1534 1940 ἄρρητον
1557 1903 1638 1930 αὐτοῦ
1661 1902 1741 1937 φύσιν
1761 1902 1862 1936 ἄριστα

1078 1942 1303 1989 μεμορφωμένος,
1330 1950 1486 1986 χαλεπαίνει
1500 1950 1548 1984 μὲν
1566 1948 1693 1982 εὐλόγως,
1708 1947 1811 1974 ἀνοίσει
1834 1945 1863 1972 δὲ
1888 1942 1893 1945 ’

1077 1998 1184 2030 πάντως
1197 1999 1235 2030 είς
1258 1997 1354 2024 ἑαυτὸν
1369 1996 1398 2022 τὸ
1414 1993 1543 2029 ἀδίκημα.
1566 1994 1622 2020 Καὶ
1645 1993 1698 2027 γὰρ
1722 1990 1755 2027 ἦν
1777 1992 1865 2022 ὖντως

1075 2044 1128 2070 τῶν
1142 2043 1333 2074 ἀτοπωτάτων,
1352 2041 1398 2068 τὸν
1414 2042 1469 2072 τοῖς
1486 2040 1568 2071 θείοις
1591 2039 1779 2074 χαρακτῆρσιν
1809 2037 1862 2070 ἑμ-

1077 2090 1290 2125 παροινήσαντα,
1313 2087 1349 2123 μὴ
1362 2087 1422 2122 οὐχὶ
1446 2087 1554 2118 πάντως
1576 2086 1624 2120 τῆς
1648 2085 1687 2116 εἰς
1708 2084 1864 2119 ἀρχέτυπον

1076 2134 1212 2170 ἁμαρτίας
1245 2133 1417 2160 ὰποτιννύναι
1439 2133 1526 2163 δίκας.
1548 2131 1654 2166 Ὠσπερ
1678 2128 1724 2157 οὖν
1753 2129 1861 2164 ἀμέλει,

1075 2180 1123 2207 καὶ
1137 2180 1151 2206 ὁ
1163 2180 1222 2210 ταῖς
1232 2178 1316 2204 εἰκόσι
1332 2177 1384 2204 τῶν
1399 2178 1445 2204 ἐπὶ
1471 2177 1521 2211 γῆς
1542 2176 1673 2211 βασιλέων
1692 2174 1864 2210 ἐμπαροινή-

1077 2233 1136 2256 σας.
1169 2224 1206 2256 ὡς
1234 2225 1274 2255 εἰς
1297 2223 1377 2250 αὐτὸν
1403 2223 1452 2258 ἤδη
1477 2220 1718 2256 πεπλημμεληκὼς
1730 2220 1776 2247 τὸν
1794 2228 1864 2254 κραο

1075 2268 1172 2295 τοῦντα
1188 2268 1340 2300 κολάζεται.
1378 2267 1536 2302 Ὠρισμένον
1561 2266 1589 2292 δέ
1610 2274 1636 2292 τι
1655 2264 1775 2291 τοιοῦτον
1808 2273 1863 2290 πα-

1077 2315 1110 2350 ρὰ
1121 2314 1187 2341 Θεοῦ
1201 2314 1247 2340 καὶ
1260 2314 1300 2347 ἐφ’
1314 2313 1393 2349 ἡμῶν
1412 2312 1500 2339 αὐτῶν
1529 2312 1680 2347 εὑρήσομεν
1715 2320 1724 2336 1
1754 2310 1782 2337 Ὀ
1808 2310 1864 2345 γᾲρ

1075 2360 1185 2394 ὲκχέων,
1216 2358 1307 2394 φησὶν,
1329 2355 1398 2392 αἷμα
1419 2356 1573 2392 ἀνθρώπου,
1597 2355 1657 2381 ἀντὶ
1680 2354 1727 2380 τοῦ
1746 2354 1862 2389 αἵματος

1075 2406 1157 2433 αὑτοῦ
1184 2405 1375 2440 ὲκχυθήσεται’
1400 2403 1441 2430 ὅτι
1459 2404 1488 2429 ὲν
1522 2402 1605 2429 εἰκόνι
1641 2400 1709 2428 Θεοῦ
1742 2400 1861 2434 ἐποίησα

1075 2452 1120 2478 τὸν
1136 2451 1288 2486 ἄνθρωπον,
1308 2460 1316 2475 1
1341 2450 1422 2485 Ὁρᾷς
1440 2447 1495 2482 οὖν,
1517 2448 1610 2483 φησὶν,
1627 2447 1677 2483 ἤδη
1691 2447 1736 2473 διὰ
1749 2446 1859 2476 τούτου,

1076 2496 1122 2523 καὶ
1137 2496 1209 2531 μάλα
1230 2494 1332 2529 σαφῶς,
1354 2495 1394 2521 ὅτι
1411 2495 1460 2529 τῆς
1474 2493 1577 2525 εἰκόνος
1597 2491 1778 2526 ἀδικουμένης
1789 2510 1797 2523 ,
1814 2491 1859 2517 καὶ

1075 2542 1133 2576 οὐχὶ
1156 2541 1263 2572 ’πάντως
1280 2542 1329 2575 τῆς
1348 2540 1422 2572 θείας
1444 2539 1525 2566 αὑτοῦ
1543 2539 1650 2573 φύσεως
1662 2559 1670 2569 ,
1691 2538 1858 2569 ἀγανακτεῖν

1074 2587 1160 2614 οἴεται
1180 2587 1234 2614 δεῖν
1253 2588 1267 2613 ὁ
1282 2587 1347 2617 Θεὸς
1367 2587 1412 2613 καὶ
1433 2587 1537 2621 Πατήρ.
1553 2584 1656 2610 Οὐκοῦν
1674 2582 1746 2610 κατὰ
1766 2582 1860 2608 τοῦτον

1075 2634 1188 2660 νοείσθω
1202 2641 1230 2659 τε
1243 2633 1289 2659 καὶ
1302 2632 1495 2667 ἐσχηματίσθω
1509 2631 1554 2658 τὸν
1563 2631 1662 2666 τρόπον
1674 2630 1702 2656 τὸ
1715 2629 1860 2664 εἰρημένον

1075 2680 1150 2716 παρὰ
1173 2679 1300 2715 Χριστοῦ·
1328 2688 1336 2704 1
1362 2679 1390 2704 '0
1404 2678 1440 2714 μὴ
1463 2677 1551 2712 τιμῶν
1569 2677 1614 2703 τὸν
1639 2675 1794 2707 ἶ’1ὸν,οὑδὲ
1813 2674 1860 2701 τὸν

1076 2726 1184 2761 Πατέρα
1197 2725 1273 2760 τιμᾷ.
1291 2734 1300 2750 1
1319 2722 1381 2759 Ἆρ’
1393 2722 1438 2750 οὖν
1450 2723 1501 2755 ἔξω
1512 2723 1631 2749 κείσεται
1644 2721 1703 2757 μεῠ⁸
1717 2721 1796 2756 ἡμῶν
1809 2719 1860 2754 τῆς

1076 2776 1121 2802 τοῦ
1138 2775 1241 2811 Πατρδς
1259 2774 1352 2806 οὐσίας
1365 2774 1379 2800 ὁ
1393 2773 1546 2808 Μονογενής
1560 2781 1566 2805 ;
1589 2771 1650 2802 Πῶς
1668 2769 1714 2797 οὖν
1734 2771 1774 2797 ἔτι
1790 2770 1858 2797 κατὰ

1075 2826 1153 2861 φὺπιν
1175 2826 1240 2857 Θεός
1269 2827 1359 2856 ἐστιν,
1389 2825 1466 2860 εἴπερ
1487 2824 1554 2856 ὅλως
1579 2821 1706 2856 agemus
1733 2821 1788 2848 τῶν
1812 2821 1860 2854 τῆς
