2026 3123
180 171 232 201 575

708 175 741 202 ΙΝ
755 175 901 204 JOANNIS
920 176 1163 222 EVANGELI‘UM]
1179 179 1230 206 Lit}
1265 180 1293 208 ιτ.
1604 189 1605 194 ‘
1741 186 1778 213 57

180 229 304 276 θεότητος
321 230 403 276 ὅρων,
424 230 454 257 ἐν
477 230 529 267 ἰδίᾳ
545 231 598 258 τινὶ
619 231 698 266 φύσει
721 234 767 261 καὶ
784 234 892 271 ὲτεροίᾳ
908 235 954 262 κεί-

1015 236 1174 265 diﬁ‘erentes
1189 243 1302 265 naturas
1321 246 1368 267 eos
1385 240 1542 274 partientes,
1563 244 1680 268 et'snam
1695 241 1794 276 cuique

180 283 273 309 μενος,
290 274 307 309 ἢ
330 275 359 301 ἐν
377 272 449 312 ᾖπὲρ
472 276 544 303 ἐστιν
561 277 574 303 ὁ
594 277 707 313 Πατήρ;
735 279 893 315 Ἀδικοῦμεν
916 280 957 314 δὲ,

177 320 247 346 κατὰ
261 320 292 347 τὸ
306 321 389 353 είκὺς,
404 322 443 354 είς
453 321 500 349 ἕνα
512 322 637 358 θεότητος
647 324 857 358 ἀναϐιϐάζοντες
871 326 958 360 λόγον,

176 367 225 399 τῆς
243 366 324 400 ἁγίας
345 367 458 402 Τριάδος
480 368 529 404 τὴν
553 369 685 401 σύνταξιν.
708 371 781 398 Ἔδει
809 371 879 406 γὰρ,
906 372 960 399 ἔδει

176 411 267 438 λοιπὸν
291 415 452 447 προσκυνεῖν
470 414 519 449 μὲν
532 415 605 450 ἡμᾶς
625 415 663 448 ὼς
680 416 746 443 Θεὸν
768 417 812 444 τὸν
837 418 957 453 Πατέρα,

175 457 252 488 δόξαν
272 457 300 484 δέ
320 466 380 485 τινα
403 459 483 486 πάλιν
506 460 574 487 ἰδίαν
591 461 739 497 ἀπονέμειν
759 463 797 499 τῷ
817 463 874 499 Υἱῷ
912 465 959 491 καὶ

174 503 214 538 τῷ
234 504 388 539 Πνεύματι,
409 505 448 537 ὡς
462 506 501 538 εὶς
517 507 660 543 διαφόρους
677 509 891 544 κατασχίζοντας
910 510 959 545 φύ-

176 558 243 583 σεις,
264 550 310 577 καὶ
325 551 390 578 ἴδιον
401 552 509 589 ἑκάστῳ
527 554 571 579 τὸν
585 554 632 581 τοῦ
647 554 706 587 πῶς
723 556 780 582 ἐστι
793 556 958 592 διορίζοντας

174 595 253 630 λόγον
266 605 272 611 ·
285 596 341 624 ἀλλ’
354 597 401 624 ἕνα
415 598 480 625 Θεὸν
494 600 560 634 ἡμῖν
574 600 602 626 al
612 600 682 628 θεῖαι
701 602 881 637 πρεσϐεύουσι
890 603 958 639 Γρα-

175 642 235 676 gat,
248 642 292 670 τὸν
304 643 367 670 Υιὸν
381 643 421 680 τῷ
431 645 518 680 Πατρὶ
532 647 579 673 καὶ
589 646 618 673 τὸ
629 646 741 683 Πνεῦμα
751 649 955 682 συντάττουσαι,

174 688 212 720 ὡς
223 688 267 715 διὰ
276 689 325 724 τῆς
335 689 479 722 ούσιώδους
492 692 539 719 καὶ
552 693 762 728 ἀπαραλλάκτου
779 695 954 731 ταυτότητος,

173 734 214 765 εἰς
236 733 284 761 ἕνα
307 734 432 769 θεότητος
463 736 666 773 ἀναφερομένης
692 738 770 773 λόγον
799 740 848 775 τῆς
876 741 956 775 ἁγίας

173 779 298 814 Τριάδος.
318 780 374 806 Οὐκ
383 780 437 815 ἄρα
453 780 511 808 ἐστὶ
528 782 577 817 τῆς
589 782 635 808 τοῦ
651 783 832 819 Γεννήσαντος
848 785 955 820 φύσεως

173 824 311 861 ἀλλότριος
325 826 514 860 ὁνΜονογενὴς,
531 827 587 854 ἀλλ’
601 829 655 855 οὐδ’
669 829 702 855 ἂν
716 829 783 861 ὅλως
794 830 856 862 Υἱὸς
867 831 956 867 ὑπάρ-

144 866 148 877 ⁴
172 880 227 906 χων
237 873 322 898 νοοῖτο
331 872 402 899 κατὰ
411 873 549 909 ἀλήθειαν,
568 874 593 900 εί
612 874 649 910 μὴ
662 876 693 901 ἐκ
704 875 754 910 τῆς
764 875 811 902 τοῦ
830 866 954 909 τεκόντος

171 916 321 952 ἐξέλαμψεν
331 918 439 950 οὐσίας·
455 919 573 951 τοιοῦτος
590 920 656 956 γὰρ,
682 921 729 948 καὶ
747 921 797 957 οὐχ
817 921 909 957 ἕτερος
927 923 955 949 ἐν

172 963 255 989 πᾶσιν
269 964 282 990 ό
298 963 349 998 τῆς
364 963 482 999 ἀληθοῦς
498 965 620 1001 νεότητος
640 967 702 1002 ὅρος
727 976 758 994 τε
779 968 826 994 καὶ
843 968 953 1004 τρόπος.

171 1009 236 1035 Υεοῦ
255 1009 284 1036 δὲ
296 1010 347 1036 οὐκ
359 1010 444 1044 ὄντος,
461 1012 720 1048 συναναιρεθήσεται
739 1014 846 1046 πάντως
866 1015 955 1042 καὶτὸ

171 1052 241 1082 εἶναι
255 1056 366 1092 Πατέρα
379 1057 424 1083 τὸν
440 1057 516 1084 Θεόν.
533 1059 596 1090 Πῶς
610 1057 656 1086 οὖν
671 1059 816 1095 ἀληθεύσει
837 1060 925 1095 λέγων
940 1062 954 1088 ό

171 1100 275 1133 Παῦλος
303 1103 366 1138 περὶ
387 1103 469 1130 αὐτοῦ
482 1123 489 1136 ,
506 1114 515 1131 ι
532 1105 577 1138 Ἐξ
602 1103 632 1133 οὗ
650 1106 724 1133 πᾶσα
750 1107 852 1142 πατριὰ
874 1107 903 1135 ἐν
924 1117 954 1134 τε

169 1145 286 1181 οὐρανῷ,
297 1147 343 1173 καὶ
357 1147 403 1173 ἐπὶ
412 1148 464 1183 γῆς
480 1149 651 1184 ὀνομάζεται;
666 1159 675 1175 ι
693 1151 724 1177 Et
739 1151 793 1187 γὰρ
811 1152 847 1187 μὴ
860 1153 953 1187 γεγέν-

170 1199 252 1226 νηκεν
267 1191 297 1224 ἐξ
311 1193 408 1220 ἑαυτοῦ
426 1194 586 1231 θεοπρεπῶς
603 1197 648 1224 τὸν
668 1198 743 1231 Υίὸν,
760 1199 819 1231 πῶς
837 1201 866 1226 ὲν
879 1200 953 1235 αύτῷ

169 1237 219 1272 τῆς
234 1238 428 1275 πατρότητοςὴ
443 1240 514 1276 ἀρχὴ
530 1241 660 1278 διήκουσα
680 1244 751 1271 κατὰ
773 1245 888 1281 μίμησιν
906 1246 952 1272 ὲπί

168 1290 199 1308 τε
220 1284 284 1316 τοὺς
307 1284 384 1317 ὄντας
403 1286 432 1312 ὲν
447 1287 554 1322 ούρανῷ
589 1289 636 1315 καὶ
656 1289 701 1316 ἐπὶ
722 1290 772 1325 τῆς
790 1291 858 1326 γῆς;
882 1291 951 1319 Ἀλλ’

169 1328 228 1372 ἔστι
252 1329 345 1365 Πατὴρ
370 1332 429 1358 κατ’
452 1332 580 1368 ἀλήθειαν
600 1335 614 1360 ὁ
630 1334 710 1367 Θεός·
731 1336 793 1368 Υἱὸς
813 1337 866 1372 ἄρα
882 1338 953 1365 κατὰ

170 1371 250 1405 φύσιν
265 1373 278 1399 ό
293 1374 459 1410 Μονογενὴς,
480 1376 544 1412 εἴσω
564 1377 594 1404 τέ
615 1378 673 1410 πώς
684 1379 742 1406 ἐστι
753 1380 808 1407 τῶν
821 1371 870 1416 τῆς
888 1381 950 1409 θεό-

169 1426 250 1453 τητος
262 1419 343 1454 ὅρων.
358 1420 424 1452 Θεὸς
436 1421 490 1457 γὰρ
503 1422 535 1448 ὲκ
554 1422 621 1449 Θεοῦ
641 1424 810 1460 τεχθήσεται,
827 1427 963 1464 καθάπερ

167 1464 215 1492 οὖν
227 1467 369 1503 ἄνθρωπος
381 1468 409 1502 ἐξ
418 1469 562 1505 ἀνθρώπου
572 1471 661 1506 τυχὸν,
674 1473 721 1500 καὶ
731 1473 762 1500 οὐ
777 1475 950 1510 διαψεύσεται

168 1511 215 1538 τοῦ
230 1512 298 1539 Θεοῦ
310 1514 356 1540 καὶ
369 1515 475 1550 Πατρδς
487 1516 546 1551 ἡτὰ
560 1517 647 1550 πᾲντα
658 1518 843 1556 ὑπερκειμένη
857 1521 949 1556 φύσις,

1012 283 1122 309 essendi
1148 283 1282 310 rationem
1313 284 1473 312 tribuentes.
1502 287 1592 321 Atqui
1612 294 1694 313 unum
1714 288 1792 315 nobis

1013 326 1096 354 Deum
1114 328 1210 355 divinae
1240 328 1388 364 Scripturae
1417 331 1576 365 praedicant,
1604 331 1703 358 Filium
1730 340 1792 359 cum

1011 373 1094 402 Patre
1107 377 1133 402 et
1149 373 1281 409 Spiritum
1299 375 1478 408 collocantcs,
1498 378 1578 411 quasi
1602 385 1649 412 per
1664 378 1792 404 substan.

1010 419 1101 446 tialem
1117 423 1144 447 et
1160 420 1346 448 omnimodam
1364 420 1533 448 identitatem
1549 426 1644 449 sancta
1660 422 1793 452 Trinitate-

1010 464 1037 491 in
1057 473 1136 492 unam
1151 464 1261 493 deitatis
1280 465 1380 492 collata
1396 465 1538 493 rationem.
1565 466 1625 493 Non
1640 471 1680 494 cst
1696 475 1760 502 ergo
1777 475 1792 493 a

1009 515 1109 537 natura
1125 510 1266 538 Genitoris
1279 511 1384 538 alienus
1397 510 1572 546 Unigenitus,
1591 512 1639 539 sed
1663 520 1712 539 nec
1730 521 1791 539 om-

1009 556 1074 584 nino
1091 556 1176 584 Filius
1196 565 1257 585 esse
1271 564 1366 584 revera
1387 558 1543 585 censebitur
1559 559 1582 585 si
1605 565 1637 584 ex
1655 556 1794 585 Gcnitoris

1009 602 1162 630 substantia
1181 610 1237 630 non
1254 602 1357 631 eli'ulsit
1370 611 1377 635 ;
1395 611 1444 630 nec
1457 604 1529 630 enim
1543 603 1596 630 alia
1609 607 1650 630 est
1664 603 1691 629 in
1707 604 1793 630 omni-

1008 647 1059 675 bus
1080 656 1153 679 vera:
1169 649 1309 676 liliationis
1325 649 1447 677 deﬁnitio
1467 657 1498 676 ac
1518 648 1626 676 modus.
1654 648 1682 675 Si
1703 653 1793 676 autem

1007 693 1093 721 Filius
1108 702 1162 721 non
1178 698 1232 728 cst,
1257 695 1384 729 sequitur
1415 700 1443 722 ut
1461 703 1493 722 ne
1510 695 1589 722 I’ater
1617 694 1728 729 quidem
1757 695 1793 722 sit

1007 740 1088 766 etiam
1105 739 1185 767 Deus.
1207 739 1349 772 Quomodo
1379 748 1446 775 ergo
1463 748 1545 767 verax
1557 739 1609 767 erit
1637 739 1739 767 Paulus
1755 740 1790 767 de

1007 785 1066 820 ipso
1082 784 1176 813 dicens
1191 795 1198 812 :
1215 795 1224 811 ‹
1239 786 1276 812 Ex
1294 793 1347 820 quo
1363 787 1455 813 omnis
1473 786 1624 820 paternitas
1636 786 1662 812 in
1678 786 1747 813 coelo
1765 791 1793 813 et

1007 831 1034 858 in
1064 835 1136 858 terra
1155 832 1358 859 nominatur“.
1380 841 1389 858 ι
1409 831 1475 858 Nam
1506 831 1528 859 si
1548 839 1601 858 non
1632 832 1728 867 genuit
1758 839 1792 859 ex

1006 878 1099 912 seipso
1117 877 1208 905 divina
1224 878 1329 905 ratione
1345 877 1455 910 Filium,
1470 877 1608 912 quomodo
1624 878 1650 904 in
1674 878 1734 912 ipso
1750 881 1792 905 est

1007 923 1179 958 paternitatis
1195 924 1316 955 initium,
1331 924 1404 958 quod
1421 931 1469 958 per
1485 923 1665 950 imitationem
1683 923 1717 950 ad
1742 930 1790 950 eos

1006 971 1162 1005 quicunque
1178 970 1206 997 in
1219 971 1289 997 cmlo
1304 974 1330 997 et
1343 971 1369 996 in
1388 974 1461 997 terra
1473 974 1538 997 sunt
1557 972 1702 1004 permanat
1715 969 1727 994 ἲ
1742 970 1792 995 At-

1006 1015 1053 1049 qui
1068 1014 1148 1042 Pater
1169 1022 1263 1042 revera
1279 1018 1321 1042 est
1340 1014 1411 1042 Deus
1425 1024 1431 1042 :
1449 1014 1535 1042 Filius
1550 1021 1617 1049 ergo
1641 1013 1793 1042 secundum

1005 1065 1131 1088 naturam
1144 1064 1185 1088 est
1201 1060 1377 1095 Unigenitus,
1393 1065 1420 1087 et
1446 1060 1517 1087 intra
1539 1059 1652 1087 deitatis
1670 1059 1808 1086 rationes.

1005 1107 1184 1134 constitutus.
1199 1106 1307 1141 Alioqui
1333 1106 1406 1133 enim
1432 1105 1504 1133 Deus
1529 1113 1561 1133 ex
1587 1105 1641 1132 Deo
1654 1105 1792 1140 gignetur,

1004 1154 1085 1181 sicuti
1097 1154 1189 1181 forsan
1205 1153 1286 1180 liomo
1301 1160 1334 1180 ex
1349 1152 1460 1179 homine
1474 1161 1481 1184 ;
1496 1159 1590 1186 neque
1618 1156 1708 1178 tamen
1735 1149 1792 1176 fm-

1003 1199 1135 1227 strabitur
1147 1198 1191 1226 Dei
1204 1205 1236 1225 ac
1246 1197 1336 1225 Patris
1347 1205 1455 1225 summa
1468 1198 1513 1224 illa
1526 1201 1635 1229 natura,
1652 1196 1790 1231 gignendo

1004 1245 1088 1272 fetum
1105 1250 1276 1278 nequaquam
1282 1242 1345 1270 Jsibi
1356 1242 1576 1270 convenientem.
1592 1241 1644 1269 Sed
1656 1242 1789 1276 quoniam

1003 1293 1087 1320 stulte
1104 1295 1131 1319 et
1158 1290 1242 1325 impie
1259 1290 1411 1326 praedicant
1439 1289 1484 1316 Dei
1504 1297 1535 1316 ac
1553 1288 1652 1316 Patris
1664 1292 1790 1315 naturam

1003 1336 1115 1364 minime
1128 1335 1191 1363 laedi
1209 1335 1236 1362 in
1255 1335 1335 1367 Filio,
1358 1335 1401 1361 cui
1416 1334 1508 1362 minus
1523 1341 1645 1369 congrua
1660 1335 1697 1360 ab
1722 1341 1792 1360 ιιοιι-

1002 1383 1084 1410 nullis
1098 1381 1184 1417 gloria
1204 1381 1351 1413 tribuatur,
1363 1380 1410 1408 sed
1420 1380 1483 1416 jure
1498 1380 1596 1407 merito
1611 1380 1704 1414 potius
1720 1379 1793 1406 indi-

1001 1429 1088 1465 gnari,
1097 1428 1167 1463 quod
1181 1428 1208 1454 in
1218 1428 1277 1462 ipso
1289 1427 1435 1462 imaginem
1446 1433 1522 1453 suam
1533 1430 1718 1461 contemptam
1733 1433 1795 1452 cer-

1001 1473 1251 1509 nat,interrogandi
1268 1477 1333 1500 sunt
1353 1472 1475 1504 demum,
1485 1479 1603 1507 quonam
1617 1475 1697 1506 pacto
1709 1472 1806 1498 velint

1001 1521 1146 1556 imaginem
1155 1519 1244 1547 Patris
1253 1526 1314 1546 eSse
1330 1525 1362 1545 ac
1383 1518 1438 1546 dici
1447 1517 1558 1544 Filium.
1572 1517 1624 1544 Sed
1635 1517 1790 1552 responsio-

168 1557 213 1606 τὸν
230 1557 299 1593 αὐτῇ
318 1558 354 1594 μὴ
368 1559 507 1595 πρέποντα
523 1561 640 1589 τεκοῦσα
653 1564 769 1599 καρπόν.
793 1566 901 1601 Ἐπειδὴ
921 1567 949 1594 δὲ

1006 1564 1408 1602 aemprmveniamu5230ipsi
1419 1564 1520 1598 potius,
1530 1569 1557 1591 et
1569 1563 1719 1598 imaginum
1729 1570 1803 1597 spe--

167 1599 306 1633 δυσσεϐῶς
321 1611 350 1628 τε
367 1603 414 1629 καὶ
429 1604 549 1640 ἀνοήτως
563 1605 688 1640 φασὶν,ού
700 1608 748 1644 τὴν
763 1608 809 1635 τοῦ
822 1609 889 1636 Θεοῦ
897 1599 950 1638 Ἲκαὶ

167 1646 275 1682 Πατρδς
298 1647 485 1684 ἐξυϐρίζεσθαι
512 1649 591 1683 φύσιν
612 1651 640 1677 ὲν
659 1651 714 1688 Υῑῷ
725 1673 732 1685 ,
747 1653 784 1690 μὴ
799 1655 848 1691 τῆς
864 1665 949 1690 προσ-

1003 1613 1070 1644 cies,
1079 1611 1168 1647 quoad
1178 1610 1234 1638 ﬁeri
1246 1614 1344 1645 potest,
1355 1610 1431 1645 prius
1440 1609 1639 1644 distinguamus
1651 1617 1658 1640 ;
1669 1609 1709 1635 sic
1718 1609 1803 1637 enim,

1003 1658 1104 1684 clarior
1113 1660 1140 1684 et
1156 1656 1275 1691 apertior
1284 1655 1375 1682 futura
1383 1658 1425 1681 est
1438 1654 1521 1689 hujus
1533 1654 1694 1689 quaestionis
1711 1653 1803 1679 ratio..

167 1692 289 1745 ποιούσης
311 1694 472 1722 ἀπολαύοντι
495 1697 573 1732 δόξης
587 1699 655 1733 πρός
674 1707 764 1727 τινων·
790 1701 828 1734 ὡς
864 1703 968 1736 εἰκόνος
986 1705 1014 1732 δὲ
1035 1704 1133 1740 μᾶλλον
1153 1703 1223 1735 ιδίας
1257 1702 1443 1738 ἠτιμασμένης
1463 1702 1493 1728 έν
1513 1693 1588 1736 αὑτῷ
1613 1700 1795 1745 Χαλεπαίνξιν⁹

167 1740 282 1773 εἰκότως
311 1751 342 1777 γε
365 1743 396 1778 δὴ
419 1744 548 1771 ποιοῦντα
584 1746 630 1772 καὶ
669 1747 777 1780 καλῶς’

821 1751 971 1787 ἐρωτητέον
1007 1746 1125 1784 αὐτοὺς,
1154 1751 1224 1778 κατὰ
1247 1750 1308 1777 τίνα
1337 1749 1437 1785 τρόπον
1465 1749 1556 1776 εἰκόνα
1586 1748 1722 1784 βούλονται
1745 1747 1804 1774 τοῦν

168 1787 278 1820 Πατρός
298 1786 367 1815 εἷναί
380 1797 410 1814 τε
431 1790 477 1816 καὶ
494 1790 620 1824 λέγεσθαι
643 1792 688 1818 τὸν
712 1793 786 1821 Υῐόν.
820 1786 927 1824 Μᾶλλον
940 1798 968 1824 δὲ
988 1798 1064 1824 αὐτοὶ
1093 1797 1143 1824 τὸν,
1169 1797 1234 1831 παρ’
1261 1795 1366 1822 ἑκείνου
1405 1795 1555 1830 φθάσαντες
1579 1794 1657 1828 λόγον
1684 1793 1796 1829 προδια-

167 1831 325 1868 στέλλωμεν
360 1834 408 1869 τῆς
444 1835 546 1867 εἰκόνος
574 1836 608 1863 τὰ
637 1837 708 1872 εἴδη,
749 1841 820 1867 κατά
850 1850 881 1876 γε
910 1843 956 1869 τὸν
990 1842 1163 1878 ὲγχωροῢντα
1187 1841 1285 1875 λόγον’
1328 1840 1399 1867 οὕτω
1431 1840 1486 1875 γὰρ
1516 1840 1548 1866 ἂν
1578 1840 1682 1874 γένοιτο
1705 1840 1802 1874 σαφής

167 1887 198 1905 τε
227 1881 274 1906 καὶ
300 1881 360 1908 λίαν
386 1882 580 1919 εὐκρινεστέρα
600 1884 653 1911 τῶν
671 1885 845 1922 ζητουμένων
869 1891 885 1925 ἡ
913 1890 1030 1926 εὕρεσις.

205 1926 310 1952 Οὐκοῦν
326 1927 375 1961 μία
393 1928 450 1963 μὲν.
473 1929 521 1964 ήδη
548 1930 594 1956 καὶ
611 1930 704 1966 πρώτη
725 1933 774 1967 τῆς
788 1935 858 1961 κατὰ
875 1935 955 1970 φύσιν

167 1972 332 2016 ταυτότητπ
357 1973 386 1999 ὲν
407 1974 627 2009 ἀπαραλλάκτως
651 1978 707 2009 τοῖς
733 1978 874 2014 ἱδιώμασιν
887 1981 903 2016 ἡ
918 1982 956 2008 ei.-

168 2015 246 2048 κὼν,
262 2017 302 2049 ὡς
318 2017 347 2051 ἐξ
367 2019 451 2054 ’Λδὰμ
471 2021 486 2046 ὁ
502 2020 596 2053 Ἀϐελ,
614 2022 630 2056 ἢ
657 2023 748 2050 Ἰσαὰκ
767 2025 798 2058 ἐξ
818 2015 954 2062 Ἀϐραάμ.

168 2063 289 2098 Δευτέρα
300 2063 328 2090 δὲ
344 2064 423 2092 πάλιν
441 2066 457 2101 ἡ
470 2067 540 2093 κατὰ
558 2068 642 2103 μόνην
655 2069 703 2105 τὴν
719 2070 765 2097 τοῦ
781 2073 961 2108 χαρακτῆρος.

169 2108 319 2143 ἐμφέρειαν
333 2130 340 2142 ,
366 2111 411 2137 καὶ
433 2111 463 2138 τὺ
486 2112 598 2147 ἀκριϐὲς
614 2114 660 2141 τοῦ
682 2115 768 2148 εἴδους
791 2118 954 2154 ὲκτύπωμα.

168 2154 322 2191 καθάπερή
339 2156 386 2183 τοῦ
403 2157 535 2191 βασιλέως
551 2160 580 2186 ὲν
595 2159 665 2196 ξύλῳ
681 2162 783 2198 γραφὴ,
799 2164 816 2198 ἢ
830 2164 876 2190 καὶΙ
894 2165 954 2191 καθ’

168 2201 264 2235 ἔτερόν
292 2210 352 2229 τινα
377 2204 548 2240 πεποιημένη
577 2205 695 2241 τρόπον,
718 2207 756 2239 ὡς
780 2209 847 2243 πρὸς
863 2210 954 2243 αὑτὸν,

169 2247 270 2281 ἄριστά
285 2256 314 2274 τε
338 2249 384 2275 καὶ
403 2250 608 2285 ἐντεχνέστατα.
629 2252 717 2279 Εἰκὼν
735 2253 763 2280 δὲ
781 2255 863 2290 ἑτέρα
883 2256 951 2292 λαμ-

169 2291 281 2318 ϐάνεται
304 2292 384 2320 πάλιν
412 2294 479 2329 πρὸς
500 2295 552 2330 ῆθη
565 2316 572 2327 ,
597 2297 644 2323 καὶ
659 2298 794 2332 τρόπους,
816 2301 863 2327 καὶ
877 2301 953 2328 πολι-

1044 1936 1130 1970 Igitur
1148 1942 1201 1962 una
1213 1934 1322 1969 quidem
1340 1938 1382 1961 est
1395 1940 1426 1959 ac
1443 1933 1530 1967 prima
1544 1931 1678 1958 naturalis
1691 1930 1799 1957 identi—

1008 1981 1071 2007 tatis
1089 1981 1117 2007 in
1144 1978 1357 2014 proprietatibus
1374 1976 1470 2004 iisdem
1489 1977 1594 2010 imago.
1621 1975 1700 2003 sicuti
1725 1974 1797 2002 Abel

1008 2034 1040 2053 cx
1054 2026 1151 2056 Adam,
1168 2028 1214 2051 aut
1228 2024 1304 2051 lsaac
1318 2031 1352 2051 ex
1366 2022 1513 2050 Abraham.
1533 2022 1635 2052 Altera,
1653 2029 1712 2056 quo:
1726 2028 1793 2048 con-

1008 2071 1082 2099 sistit
1097 2071 1124 2097 in
1145 2070 1203 2098 sola
1220 2069 1389 2097 characteris
1402 2069 1499 2103 eﬁigie,
1528 2072 1553 2095 et
1569 2071 1665 2094 exacta
1697 2067 1792 2094 formae

1007 2118 1192 2154 expressione,
1213 2117 1294 2144 veluti
1308 2117 1381 2152 regis
1396 2117 1423 2143 in
1440 2117 1513 2151 ligno
1529 2115 1649 2150 pictura.
1665 2117 1712 2141 aut
1732 2113 1791 2140 alia

1008 2164 1125 2199 quadam
1141 2163 1247 2190 ratione
1266 2163 1395 2197 praeclare
1405 2165 1432 2189 et
1445 2160 1595 2187 artiﬁciose
1614 2160 1696 2187 factm
1714 2158 1788 2185 Prae-

1008 2214 1081 2237 terea
1095 2210 1184 2244 imago
1213 2209 1314 2235 dicitur
1346 2210 1472 2242 respectu
1500 2206 1562 2233 vitae
1579 2213 1611 2232 ac
1641 2212 1747 2231 morum
1764 2209 1791 2231 et

1007 2255 1156 2283 voluntatis
1171 2262 1236 2290 erga
1251 2255 1377 2282 virtutem
1393 2260 1424 2279 ac
1439 2253 1620 2281 honestatem.
1637 2257 1669 2276 ac
1683 2250 1765 2277 studii
1783 2259 1789 2275 :

1008 2302 1044 2328 ita
1060 2306 1088 2328 ut
1101 2301 1206 2335 probus
1222 2300 1264 2326 vir
1287 2299 1372 2325 Paulo
1387 2298 1484 2325 similis
1500 2305 1562 2324 esse
1586 2296 1712 2326 dicatur;
1741 2296 1792 2322 im-

168 2336 261 2382 τείαν,
277 2337 324 2363 καὶ
338 2338 443 2374 θέλημα
456 2339 486 2366 τὸ
502 2341 547 2367 ἐπί
566 2350 636 2368 τισιν
657 2343 768 2377 ἀγαθοῖς
790 2345 806 2380 ἢ
834 2346 954 2380 φαύλοις,

1012 2347 1113 2382 probus
1128 2354 1202 2377 vero,
1229 2345 1308 2372 Cain.
1338 2343 1409 2371 Idem
1430 2343 1502 2371 enim
1527 2342 1635 2369 virtutis
1662 2345 1708 2368 aut
1735 2341 1792 2367 vitii

167 2380 207 2412 ὡς
225 2382 345 2409 ἑοικέναι
370 2384 496 2418 λέγεσθαι
512 2386 593 2422 τυχὸν
609 2388 655 2414 τὸν
671 2388 720 2422 μὲν
735 2389 957 2426 ἀγαθοεργοῦντα

167 2427 207 2462 τῷ
222 2428 332 2464 Παύλῳ,
349 2430 394 2456 τὸν
408 2430 436 2458 δὲ
450 2432 487 2467 μὴ
501 2433 631 2466 τοιοῦτον,
647 2433 686 2469 τῷ
701 2434 782 2462 Κάῖν.
799 2436 835 2462 Τὸ
850 2437 903 2473 γὰρ
927 2439 956 2464 ὲν

168 2481 225 2504 τοις
256 2473 324 2506 ῐσοις
346 2475 461 2510 ὁρᾶσθαι
486 2477 597 2511 φαύλοις
619 2487 649 2505 τε
677 2481 724 2507 καὶ
751 2481 878 2515 ἀγαθοῖς,
907 2483 956 2517 τὴν

167 2518 300 2551 ὁμοίωσιν
334 2520 441 2556 ἑκάστῳ
469 2523 692 2557 πραγματεύεται
725 2525 772 2551 καὶ
785 2526 955 2561 περιτίθησιν

168 2563 292 2596 εἰκότως.
308 2562 384 2597 Εἶδος
401 2566 429 2592 δέ
446 2576 504 2599 πως
520 2569 622 2600 εἰκόνος
644 2570 718 2597 ἐστὶν
734 2571 826 2607 ἕτερον
839 2592 846 2604 ,
864 2573 911 2600 καὶ
926 2574 955 2600 τὸ

169 2609 199 2634 ὲν
216 2608 373 2645 ἀξιώματι,
401 2611 447 2638 καὶ
463 2614 529 2648 τιμῇ
543 2632 550 2643 ,
574 2615 621 2640 καὶ
639 2615 719 2651 δόξῃ,
748 2617 795 2643 καὶ
823 2618 953 2654 ὑπεροχῇ,

169 2655 265 2690 ὥσπερ
281 2655 313 2681 ἂν
334 2656 413 2688 εἴτις
432 2658 512 2692 τυχὸν
528 2660 577 2694 τήν
596 2669 666 2692 τινος
690 2662 777 2697 ἀρχὴν
796 2663 952 2699 διαδέχοιτο,

171 2700 216 2726 καὶ
230 2700 319 2727 πάντα
331 2701 403 2737 δρῴη
421 2704 479 2737 μετ’
494 2704 627 2738 ἐξουσίας,
642 2707 713 2743 ἅπερ
722 2709 754 2735 ἂν
768 2710 863 2744 ἐκείνῳ
877 2719 928 2746 προ
935 2720 955 2736 r-

170 2746 232 2779 ἠλοι
245 2755 275 2772 τε
300 2748 346 2774 καὶ
362 2750 470 2783 πρέποι.
486 2751 574 2778 Εἰκὼν
589 2752 617 2778 δὲ
633 2754 741 2790 ἑτέρως,
755 2755 771 2790 ἢ
787 2756 846 2782 καθ’
857 2757 954 2792 ἑτέραν

170 2790 231 2817 τινὰ
246 2793 377 2828 ποιότητα
402 2796 562 2831 πράγματος
576 2819 582 2831 ,
609 2799 624 2833 ἢ
648 2801 798 2836 ποσότητα,
817 2803 909 2837 σχῆμά
926 2812 951 2829 τε

216 2886 237 2900 πη
255 2881 354 2915 m‘lus.
373 2891 420 2913 ill,
440 2884 472 2910 l5

1009 2392 1129 2420 studium
1154 2391 1362 2419 similitudinem
1384 2382 1534 2423 unicuique
1558 2389 1621 2424 jure
1653 2387 1791 2415 conciliat.

1010 2438 1058 2465 Est
1071 2442 1097 2465 et
1114 2437 1187 2464 aliud
1208 2435 1411 2472 quodammodo
1426 2443 1512 2471 genus
1528 2434 1664 2469 imaginis.
1680 2434 1750 2468 quod
1766 2433 1792 2460 in

1009 2484 1154 2519 dignitate,
1170 2483 1284 2514 horrore,
1315 2482 1401 2517 gloria
1424 2486 1450 2509 ct
1474 2481 1634 2509 excellentia
1654 2485 1792 2510 versatur,

1008 2535 1036 2556 ut
1046 2530 1068 2557 si
1078 2530 1150 2564 quis,
1161 2529 1276 2563 exempli
1289 2528 1385 2563 gratia,
1400 2527 1516 2561 alicujus
1531 2526 1793 2561 principatumcxci-

1008 2574 1223 2609 piat,onmiaque
1233 2582 1294 2600 cum
1304 2577 1437 2608 potestate
1447 2573 1527 2600 faciat
1536 2580 1595 2607 qua:
1603 2572 1678 2598 illum
1685 2572 1791 2598 decent.

1011 2619 1144 2646 Praeterea
1162 2618 1251 2652 imago
1275 2617 1384 2649 dicitur,
1398 2625 1458 2652 qum
1472 2622 1596 2644 versatur
1612 2617 1637 2643 in
1653 2617 1704 2643 alia
1723 2624 1791 2651 qua-

1008 2666 1068 2691 dam
1082 2665 1120 2692 rei
1129 2664 1260 2699 qualitate
1271 2664 1484 2697 autquantiiate,
1496 2664 1633 2698 ﬁguraque
1642 2667 1669 2689 ct
1681 2670 1791 2697 propor-

1009 2704 1092 2743 tione,
1111 2715 1139 2736 ut
1154 2709 1309 2737 summatim
1328 2708 1427 2735 dicam.
1457 2707 1576 2735 Doccant
1598 2716 1664 2743 ergo
1681 2716 1729 2735 nos
1752 2707 1789 2734 illi

1010 2757 1107 2783 divina:
1134 2755 1260 2790 imaginis
1284 2754 1469 2785 subtilissimi,
1490 2754 1677 2788 inquisitores.
1699 2757 1789 2780 utrum

1004 2798 1115 2830 tandem
1135 2801 1341 2829 substantialcm
1366 2804 1389 2827 ct
1417 2800 1566 2828 naturalem
1586 2800 1788 2828 similitudinmn
