2026 3123
221 182 274 217 2,ῖὸ

715 186 743 215 S.
762 186 899 215 CYRILLI
913 186 1146 218 ALEXANDRINI
1166 189 1334 218 ARCUIEP-

1794 190 1845 220 576

226 236 374 275 Unigenito
388 241 561 269 tribuendam
576 250 637 270 esse
647 248 756 278 putent,
773 249 856 281 atque
874 245 910 272 ita
922 244 1012 273 Patris

1070 247 1110 274 mi
1125 247 1271 282 ἀναλογίαν
1285 256 1290 262 ·
1306 248 1347 274 δεῖ
1358 248 1412 284 γὰρ
1424 249 1473 285 ἤδη
1493 249 1643 285 συλλήϐδην
1659 250 1754 277 εἰπεῖν.
1770 251 1848 277 Διδα-

223 286 370 321 imaginem
388 296 449 315 esse
464 288 557 316 dicant
575 289 693 317 Verbum
713 291 780 319 illud
798 291 872 327 quod
904 299 935 319 ex
952 292 1012 326 ipso

224 333 334 367 prodiit,
347 334 427 361 siculi
446 335 576 362 nimirum
592 336 657 364 Abel
675 345 707 364 cx
728 337 825 370 Adam,
849 337 896 373 qui
928 342 1011 365 totam

224 378 251 405 in
269 386 298 406 se
311 378 401 406 Patris
421 384 514 407 servat
534 385 670 414 naturain,
687 387 715 409 et
731 382 864 418 integrant
884 383 1012 410 humani-

224 425 290 451 tatis
311 425 381 453 inse
400 426 535 454 rationem
549 427 640 455 .habet
651 428 662 454 Ἰ
675 428 716 455 An
731 437 802 464 :rgre
818 429 890 456 istud
913 428 1012 460 l'erent,

225 469 325 504 quippe
340 471 386 505 qui
399 471 482 499 Deum
499 480 591 500 revera
605 473 638 500 de
651 473 705 501 Deo
718 474 870 501 secundum
886 478 1012 501 naturam

225 523 287 544 esse
302 516 400 544 Filium
418 518 497 546 fateri
531 523 673 555 cogantur,
706 527 812 555 suoque
844 527 918 547 more
950 528 1013 548 cum

226 563 341 591 veritate
357 569 522 600 pugnantes,
544 566 578 591 ad
604 567 754 593 secundum
770 574 856 602 genus
886 566 1014 602 imaginis

227 617 288 636 sese
305 610 462 642 conferent,
481 610 553 645 quod
590 611 616 638 in
639 612 697 639 sola
725 611 824 644 forma,
854 613 1013 639 charactere

226 659 253 681 et
269 655 353 690 figura
371 662 519 690 spectatur.
542 657 594 684 Sed
621 658 738 685 arbitror
753 666 801 686 eos
820 659 864 685 hic
880 659 1012 686 hmsuros.

226 699 312 728 Nemo
338 701 410 728 eniln
428 706 482 728 tam
500 703 599 731 stultus
627 705 731 739 estqui
756 706 808 732 sibi
834 706 860 732 in
893 706 1013 733 animum

227 746 350 778 inducat,
369 746 451 774 Deum
466 749 619 782 quantitate
632 755 679 776 aut.
693 750 779 786 ﬁgura
807 751 1012 784 circumscribi,

227 794 254 817 et
268 791 426 819 charactere
441 793 646 827 comprehendi,
663 798 709 821 aut
724 795 841 830 denique
865 803 907 823 res
924 796 1015 823 incor-

228 844 325 870 porcas
338 845 397 872 qum
412 845 555 873 corporum
584 846 648 867 sunt
672 841 738 875 pati.
756 842 797 868 An
824 850 889 877 ergo
908 843 1014 870 ratione

229 882 312 909 studii
331 890 363 910 ac
385 891 490 910 morum
521 885 638 913 similem
663 894 724 914 esse
743 887 839 914 dicunt
869 889 972 923 ipsum,
987 892 1014 917 et

229 929 301 955 hanc
324 929 349 956 ei
382 930 526 965 imaginem
558 931 685 967 allingere
701 941 756 960 non
772 934 925 961 verentur?
942 934 1015 968 Quo-
1029 926 1052 953 Β

228 974 311 1000 modo
325 982 389 1010 ergo
405 976 554 1003 secundum
573 981 699 1005 naturam
716 978 789 1006 Deus
811 987 871 1007 esse
887 985 1014 1008 censetur

229 1019 263 1051 is,
281 1020 327 1053 qui
356 1021 412 1048 sola
429 1022 567 1050 voluntate
592 1028 634 1051 est
661 1025 712 1059 ipsi
729 1025 837 1058 similis,
856 1033 918 1053 cum
941 1027 1015 1054 aliud

228 1065 358 1099 quiddam
400 1067 426 1093 in
462 1075 492 1095 se
528 1070 638 1104 proprie
677 1070 815 1098 exsistat?
857 1071 1016 1100 Snbsistere

228 1111 331 1146 quippe
371 1111 461 1146 ipsum
503 1114 600 1148 utique
640 1114 812 1143 fatebuntur.
859 1118 936 1154 231
982 1119 1017 1147 At

228 1156 295 1192 quid
325 1159 352 1184 in
375 1166 407 1186 eo
425 1159 486 1193 plus
513 1160 626 1188 demum
654 1169 716 1190 esse
751 1162 906 1197 videbitur,
931 1172 1014 1200 quam

230 1205 373 1230 creatura?
406 1204 536 1240 Nunquid
565 1207 637 1234 enim
673 1209 784 1243 angelos
813 1217 922 1244 quoque
958 1218 1017 1238 ere-

229 1248 327 1276 demus
340 1251 434 1277 conari
450 1251 484 1278 ad
505 1252 675 1280 voluntatem
697 1255 818 1283 divinam
836 1257 941 1291 seipsos
956 1265 1018 1292 per-

231 1295 322 1328 licere,
336 1302 398 1322 eum
415 1295 489 1323 aliud
503 1294 633 1332 quiddam
651 1303 751 1327 natura
766 1301 821 1328 sint
835 1309 849 1328 a
865 1301 937 1329 Deo?
948 1302 1016 1336 Quid

230 1345 313 1371 vero,
333 1339 356 1367 si
372 1339 405 1368 de
424 1341 504 1369 nobis
519 1342 601 1370 etiam
628 1344 731 1372 dictum
749 1345 815 1372 illud
832 1347 1018 1382 intelligatur?

231 1384 271 1412 An
284 1386 356 1413 enim
384 1395 428 1414 res
452 1395 537 1422 supra
560 1393 685 1416 naturam
712 1395 816 1419 temere
835 1392 974 1425 invadere,
991 1398 1018 1420 et

232 1439 292 1465 quae
305 1432 363 1459 tieri
379 1441 432 1460 non
447 1438 565 1468 possunt
576 1439 703 1470 appetere
718 1437 776 1471 ipse
792 1446 843 1466 nos
857 1438 936 1466 docet
953 1439 1019 1466 Uni-

231 1478 341 1512 geuitus
356 1478 399 1507 bis
412 1480 501 1507 verbis
514 1487 522 1507 :
537 1489 546 1505 ι
563 1479 658 1508 Estote
678 1483 884 1515 misericordes,
905 1485 977 1512 sicut
992 1489 1019 1512 et

233 1523 314 1552 Pater
326 1526 467 1554 vesterille
478 1526 599 1554 caelestis
623 1527 785 1557 misericors
809 1534 853 1557 est
865 1531 908 1558 6‘?
930 1541 938 1557 I
962 1531 1019 1559 lloe

1066 293 1206 320 σκὲτωσαν
1222 294 1312 321 τοίνυν
1329 295 1353 321 οἱ
1370 296 1419 330 τῆς
1437 295 1511 327 Θείας
1536 295 1639 327 εἰκόνος
1655 296 1847 332 ἀκριϐέστατοι

1065 340 1200 376 ζητηταὶ.
1229 341 1341 376 πότερόν
1359 350 1424 367 ποτε
1447 341 1495 377 τὴν
1517 342 1632 377 οὑσιώδη
1655 342 1703 369 καὶ
1731 343 1848 379 φυσικὴν

1064 387 1212 422 ἀπονέμειν
1238 387 1367 422 ὁμοίωσιν
1381 386 1480 413 οἴονται
1495 387 1549 413 δεῖν
1566 387 1605 422 τῷ
1618 387 1767 422 Μονογενεί
1778 407 1785 420 ,
1801 388 1848 414 καὶ

1065 433 1150 464 οὕτως
1176 433 1267 459 εἰκόνα
1291 433 1372 467 φασὶν
1396 433 1528 469 ὑπάρχειν
1550 434 1596 460 τοῦ
1618 433 1725 469 Πατρδς
1746 434 1792 460 τὸν
1820 434 1849 467 ἐξ

1064 479 1147 506 αὑτοῦ
1165 478 1330 515 προελθόντα
1347 479 1449 513 Λόγον,
1465 479 1619 515 ὡσπερανεὶ
1636 479 1683 506 καὶ
1703 480 1750 506 ’τὸν
1767 480 1850 506 ’Λῧελ

1065 526 1094 558 ἐξ
1117 524 1213 559 ’Λδέιμ,
1230 524 1295 560 ὃλην
1310 524 1487 557 ἀποσώζονται
1501 524 1548 551 τοῦ
1566 526 1690 557 τεκόντος
1705 525 1754 561 τὴν
1770 526 1850 560 φύσιν

1065 572 1093 597 ἐν
1107 571 1206 608 ἑαυτῷ,
1219 571 1265 597 καὶ
1276 570 1422 606 ὀλόκληρον
1434 571 1481 606 τῆς
1494 571 1701 606 ἀνθρωπότητος
1717 571 1851 607 φοροῦντα

1065 617 1110 643 τὸν
1128 617 1224 651 λόγονς
1248 617 1283 643 Ἢ
1324 616 1513 653 δυσχερανοῦσι
1537 617 1584 652 μὲν
1610 617 1656 643 ἐπὶ
1675 617 1764 652 τούτῳ
1778 617 1849 650 λίαν,

1065 664 1102 695 ὡς
1118 664 1184 690 Θεὸν
1212 664 1296 694 ὅντως
1320 663 1351 689 ὲκ
1378 663 1446 690 Θεοῦ
1486 663 1556 690 κατὰ
1591 663 1672 696 φύσιν
1708 663 1851 698 ὁμολογεῖν

1065 710 1283 745 ἀναγκαζόμενοι
1299 710 1345 737 τὸν
1356 710 1429 743 Υῐὸν,
1441 710 1486 736 ἐπὶ
1501 709 1529 736 δὲ
1544 710 1574 736 τὸ
1586 709 1722 745 μάχεσθαι
1735 712 1767 745 τῇ
1785 710 1851 745 ἁλη-

1066 756 1125 791 θείᾳ
1163 757 1285 791 συνήθως
1313 755 1477 788 ὲκνεὺοντες,
1510 755 1555 782 ἐπὶ
1577 756 1622 782 τὸν
1647 755 1773 791 δεύτερον
1802 756 1861 790 τῆς

1066 802 1169 834 εἰκόνος
1201 802 1352 838 βαδιοῦνται
1391 803 1510 837 τρόπον,
1542 802 1573 834 ὃς
1600 804 1628 828 ἐν
1661 802 1727 837 μόνῃ
1753 803 1851 828 νοεῖται

1067 850 1158 883 μορφῇ
1172 868 1178 877 .
1196 849 1242 874 καὶ
1264 847 1438 883 χαρακτῆρι,
1462 847 1510 874 καὶ
1530 847 1659 882 σχήματι.
1688 846 1755 873 Ἀλλ’
1775 844 1851 881 οἶμαι

1068 895 1117 930 μὲν
1145 894 1224 920 τοῦτο
1249 894 1337 928 λέγειν
1366 893 1567 928 ἀποναρκήσειν
1596 892 1704 924 αὐτούς.
1732 892 1770 919 Οὐ
1797 892 1852 928 γὰρ

1067 939 1242 966 πεποσῶςθαι
1257 939 1287 965 τὸ
1307 939 1399 970 Θεῖον,
1420 939 1436 974 ἥ
1450 939 1496 966 καὶ
1511 939 1631 974 σχήματι
1651 938 1851 975 περιγραπτον,

1067 986 1114 1012 καὶ
1128 986 1282 1021 χαρακτῆρι
1298 985 1490 1020 μετρούμενον,
1505 984 1522 1020 ἦ
1536 985 1582 1012 καὶ
1595 985 1662 1016 ὅλως
1673 985 1707 1012 τὰ
1719 985 1854 1019 σωμάτων

1067 1030 1214 1065 ὑπομένειν
1237 1029 1272 1056 τὰ
1299 1029 1430 1065 ἀσώματα
1443 1050 1449 1061 ,
1472 1029 1641 1064 ὑπολήψεταί
1657 1038 1716 1062 τις,
1745 1029 1776 1056 οὐ
1792 1030 1815 1056 δ’
1828 1030 1854 1056 ει

1068 1076 1171 1112 σφόδρα
1186 1076 1308 1110 φαίνοιτο
1324 1075 1425 1111 ληρῶν.
1442 1073 1505 1111 ⁷Λρ’
1526 1074 1571 1102 οὖν
1585 1076 1622 1107 ὡς
1638 1076 1703 1111 πρὸς
1722 1076 1790 1111 ἥϐη,
1807 1076 1855 1102 καὶ

1067 1123 1196 1158 τρόπους,
1218 1123 1263 1148 καὶ
1278 1121 1384 1156 θέλημα
1401 1121 1598 1157 μεμορφῶσθαι
1622 1122 1745 1156 λέγουσιν
1762 1122 1853 1152 αὐτον,

1069 1169 1115 1196 καὶ
1131 1167 1232 1202 ταύτην
1246 1167 1320 1203 αὐτῷ
1335 1167 1519 1203 περιτιθέντες
1542 1168 1592 1194 οὐκ
1613 1167 1786 1202 αἰσχύνονται
1806 1169 1855 1202 τὴν

1068 1215 1178 1248 clauim;
1204 1215 1266 1247 Πῶς
1280 1213 1326 1241 οὖν
1349 1214 1387 1240 ἔτι
1403 1214 1473 1241 κατὰ
1494 1214 1574 1249 φύσιν
1590 1215 1689 1240 νοεῖται
1702 1213 1769 1245 Θεὸς
1789 1214 1804 1240 ὁ
1827 1214 1856 1240 ὲν

1070 1263 1143 1297 μόνῳ
1169 1262 1198 1288 τδ
1227 1261 1291 1297 [πο.
1313 1260 1369 1296 τῷ]
1397 1261 1483 1287 θέλειν
1511 1260 1560 1295 τὴν
1586 1261 1654 1294 πρὸς
1678 1260 1761 1286 αὑτὸν
1787 1260 1856 1295 ἔχων

1068 1307 1195 1342 ὁμοίωσιν
1207 1328 1214 1340 ,
1234 1309 1326 1343 ἕτερον
1342 1307 1370 1333 δέ
1384 1317 1408 1334 τι
1431 1307 1491 1333 καθ’
1509 1306 1604 1333 ἑαυτὸν
1621 1306 1692 1338 ἰδίως
1709 1305 1855 1340 ὑπάρχωνς

1073 1353 1238 1389 Ὑφεστάναι
1257 1353 1310 1388 γὰρ
1328 1352 1437 1383 πάντως
1450 1351 1663 1387 ὁμολογήσουσιν
1680 1350 1771 1377 αὐτόν.
1790 1349 1857 1376 Εἶτα

1069 1401 1095 1426 τί
1117 1400 1147 1426 τδ
1167 1399 1247 1426 πλέον
1268 1400 1297 1425 ἐν
1312 1398 1385 1433 αὐτῷ
1402 1397 1478 1434 παρὰ
1492 1397 1542 1432 τὴν
1553 1397 1652 1430 ,κτίσιν
1666 1397 1791 1430 φανεῖται
1807 1396 1857 1422 λοι-

1069 1446 1119 1472 πόν
1131 1454 1138 1478 ;
1155 1446 1191 1472 Ἥ
1207 1445 1261 1480 γὰρ
1275 1445 1335 1479 οὐχὶ
1352 1443 1398 1470 καὶ
1410 1443 1543 1477 ἀγγέλους
1555 1443 1737 1477 πιστεύσομεν
1748 1442 1816 1478 προς
1827 1443 1858 1468 rb

1070 1493 1139 1519 θεῖον
1160 1492 1273 1522 ἑαυτοὺς
1295 1489 1453 1524 ἐπείγεσθαι
1472 1489 1647 1524 διαπράττειν
1663 1489 1781 1523 θέλημα,
1798 1488 1858 1514 ἔτε-

1071 1539 1116 1573 ρόν
1129 1547 1154 1564 τι
1166 1537 1240 1572 παρὰ
1257 1537 1301 1563 τὸν
1313 1536 1379 1563 Θεὸν
1395 1535 1465 1562 κατὰ
1484 1535 1563 1570 φύσιν
1578 1535 1749 1570 ὑπάρχοντας
1763 1543 1769 1565 ;
1785 1534 1819 1560 Ti
1829 1534 1858 1560 δὲ

232 1570 305 1597 enim
324 1571 419 1606 procul
436 1571 519 1599 dubio
538 1572 605 1599 nihil
620 1577 662 1601 est
686 1574 758 1601 aliud
775 1582 857 1617 quam
874 1576 954 1604 nobis
967 1577 1019 1604 tili-

1070 1585 1132 1611 ὄταν
1147 1584 1193 1610 καὶ
1209 1584 1250 1617 ἐφ’
1267 1582 1345 1617 ἡμῶν
1359 1581 1454 1616 νοῆται
1465 1581 1508 1609 ,τὸ
1526 1581 1688 1616 εἰρημένονς
1712 1578 1786 1615 Ἀρα
1803 1579 1859 1615 γὰρ

234 1624 287 1652 que
299 1617 504 1652 suscipiendam
524 1626 586 1646 esse
604 1619 695 1647 Patris
711 1620 858 1656 imaginem
874 1629 935 1656 qua:
952 1630 1019 1649 con-

234 1663 309 1690 sistit
334 1663 361 1689 iu
381 1663 552 1690 voluntatum
579 1664 730 1694 identitate.
751 1667 786 1693 At
809 1666 911 1694 Paulus
937 1668 1020 1695 etiam

234 1709 359 1735 imitator
383 1708 434 1736 fuit
451 1709 565 1743 Christi,
582 1711 640 1745 qui,
660 1715 689 1738 ut
707 1711 745 1738 illi
771 1715 918 1749 angantur,
932 1714 1022 1750 imago

234 1758 277 1782 est
292 1753 392 1786 Patris,
412 1754 439 1782 in
460 1755 518 1783 sola
537 1756 710 1784 voluntatum
728 1757 908 1787 similitudine
930 1761 1022 1788 consi-

235 1804 322 1828 stens.
336 1800 389 1828 Sed
411 1801 529 1834 relictis,
547 1802 654 1836 opinor,
668 1802 744 1831 hisce
768 1804 878 1832 miseris
893 1807 1020 1841 argutiis,

235 1845 309 1873 aliud
336 1846 465 1880 quiddam
492 1847 582 1881 majus
603 1855 635 1875 ac
657 1849 815 1883 praeclarius
840 1851 1021 1886 excogitaturi

202 1920 205 1922 γ
235 1896 319 1924 sunt,
349 1892 497 1927 dicentque
516 1892 692 1928 Unigenitum
718 1903 780 1924 esse
803 1895 850 1924 Dei
873 1905 906 1925 ac
932 1897 1022 1926 Patris

234 1936 397 1972 imaginem,
422 1939 511 1974 quoad
532 1939 701 1968 voluntatum
728 1941 914 1976 identitatem,
931 1945 1022 1979 quoad

235 1983 414 2018 dignitatem,
445 1984 560 2019 gloriam
588 1993 620 2013 ac
646 1991 810 2021 potestatem
834 1989 970 2024 divinam,
995 1993 1022 2018 et

235 2030 346 2057 creandi
373 2031 443 2063 vim,
467 2039 499 2059 ac
525 2033 722 2061 miraculorum
751 2035 955 2069 operationem,
983 2041 1011 2064 et

236 2076 427 2104 universorum
452 2077 676 2112 dominationem,
696 2084 725 2107 et
746 2080 772 2106 in
790 2085 922 2115 quantum
937 2082 1023 2117 judex

235 2122 406 2150 constitutus
420 2126 478 2154 est,
500 2127 582 2158 atque
598 2124 632 2151 ab
652 2125 776 2160 angelis,
799 2131 826 2153 et
846 2126 1022 2160 hominibus,

236 2167 384 2202 omnique,
412 2171 441 2194 ut
469 2169 554 2196 verbo
585 2169 692 2203 dicam,
724 2174 851 2198 creatura
881 2171 1021 2200 adoratur.

236 2212 342 2244 Quibus
367 2220 400 2240 ex
428 2214 557 2242 omnibus
581 2213 689 2241 Patrem
715 2215 796 2242 nobis
826 2217 973 2245 ostendens
995 2218 1022 2244 in

236 2257 344 2292 seipso,
361 2265 415 2285 non
432 2257 501 2284 dicit
519 2268 528 2284 ‹
552 2266 584 2286 ex
608 2259 779 2292 substantia,
801 2271 810 2287 ι
834 2262 880 2289 sed
898 2272 907 2287 ι
923 2263 1021 2290 chara-
1037 2262 1059 2290 D

235 2307 339 2330 ctcrem
364 2312 373 2328 ι
395 2311 457 2330 esse
478 2312 487 2329 ι
511 2305 674 2332 substantia:
702 2306 762 2340 ejus
778 2307 812 2334 ⁶¹.
836 2316 845 2332 ι
864 2307 966 2342 Igitur,
993 2313 1023 2337 nt

235 2349 317 2376 modo
348 2349 522 2382 dicebamus,
553 2351 622 2378 nihil
651 2359 744 2379 eorum
774 2360 835 2386 qua:
859 2353 933 2380 dicta
958 2359 1023 2382 sunt

234 2393 322 2421 Filius
333 2399 374 2422 est
388 2395 538 2422 secundum
554 2401 691 2429 naturam,
716 2397 763 2424 sed
775 2399 801 2424 in
817 2399 974 2427 universum
989 2401 1022 2429 ab

241 2439 285 2470 iis.
299 2440 377 2474 juxta
390 2441 580 2469 stultissimam
598 2447 716 2470 vestram
734 2446 911 2479 sententiam,
931 2448 1024 2475 exclu-

236 2485 334 2512 detur:
353 2494 441 2521 neque
459 2487 529 2515 Deus
545 2496 636 2521 verus,
666 2497 755 2524 neque
775 2490 871 2523 Filius,
886 2501 940 2521 non
961 2502 1018 2526 rex,

236 2538 290 2558 non
309 2531 450 2563 Dominus,
472 2540 527 2559 non
539 2533 640 2568 opifex,
657 2542 710 2562 non
727 2532 839 2570 potens.
855 2545 941 2573 neque
955 2540 1022 2568 adeo

237 2581 334 2604 natura
361 2577 449 2605 bonus
473 2583 516 2606 est
542 2580 652 2614 proprie
671 2590 678 2608 ι
696 2582 743 2609 sed
761 2583 787 2609 in
806 2584 877 2611 nuda
906 2593 937 2612 ac
964 2587 1022 2614 sola

237 2623 400 2656 gloriatione
418 2624 473 2651 Deo
498 2626 669 2654 convenienti
694 2628 816 2656 cernitur
834 2639 840 2656 :
859 2632 974 2666 etquod
995 2633 1022 2660 in

238 2669 338 2695 tabulis
359 2673 400 2696 est
424 2670 546 2698 colorum
567 2672 698 2704 inductio.
721 2682 783 2709 quae
809 2676 866 2703 sola
892 2678 1023 2706 varietate

238 2714 321 2741 decus
332 2714 424 2747 allert,
453 2724 515 2744 cum
543 2719 601 2745 veri
626 2719 694 2746 nihil
720 2721 844 2749 habeat:
866 2723 918 2750 hoc
945 2728 972 2750 et
996 2725 1023 2751 in

239 2760 307 2788 Filio
321 2761 366 2789 Dci
380 2771 410 2790 ac
422 2763 509 2792 Patris
523 2765 686 2800 dignitatum
698 2768 874 2802 pulchritudo
894 2770 976 2797 nudis
993 2777 1024 2797 ac

240 2808 305 2834 Solis
339 2810 496 2838 nominibus
527 2811 692 2843 cliiorescil,
727 2814 900 2842 extrinsecus
933 2819 1023 2842 autem

276 2896 295 2909 "‘
321 2896 385 2924 Luc.
403 2903 440 2929 Vi,
459 2898 501 2924 56.
543 2900 563 2913 θ’
588 2898 668 2925 llehr.
687 2907 704 2932 ι,
727 2899 753 2925 3.

1070 1631 1126 1661 τοῖς
1152 1629 1221 1664 ὑπὲρ
1247 1629 1327 1663 φύσιν
1355 1629 1516 1664 παραλόγως
1546 1628 1700 1663 ὲπιπτλδᾷν,
1732 1627 1780 1652 καὶ
1804 1626 1858 1652 τῶν

1071 1675 1208 1703 ἀδυνάτων
1228 1674 1352 1709 ἐφίεσθαι
1378 1674 1498 1701 διδάσκει
1520 1673 1606 1707 λέγων
1629 1672 1709 1703 αὐτὸς
1733 1672 1747 1698 ὁ
1772 1671 1859 1698 Μονο-

1071 1721 1167 1756 γενής·
1187 1729 1195 1745 ι
1214 1720 1322 1746 Γίνεσθε
1343 1719 1530 1754 οἰκτίρμονες,
1555 1717 1647 1748 καθὼς
1667 1717 1714 1744 καὶ
1733 1717 1747 1743 ὁ
1764 1715 1859 1751 Πατὴρ

1072 1767 1148 1802 ὑμῶν
1169 1767 1184 1792 ό
1205 1766 1336 1800 οὐράνιοςς
1351 1765 1503 1800 οἰκτίρμων
1527 1764 1605 1796 ﬁeri;
1625 1774 1633 1789 ι
1653 1763 1738 1790 Τοῦτο
1756 1763 1812 1798 γὰρ
1825 1761 1859 1797 ἦν

1071 1812 1265 1843 ἀνενδοιάστως
1291 1812 1387 1844 εἰπεῖν,
1402 1811 1498 1846 χρῆναι
1525 1810 1565 1836 δεῖ
1591 1809 1646 1845 [ῐσ.
1670 1808 1724 1845 δὴ]
1749 1809 1860 1839 πάντως

1071 1859 1145 1894 ἡμᾶς
1166 1858 1216 1892 τὴν
1242 1858 1271 1883 ὲν
1299 1857 1442 1890 ταυτότητι
1466 1855 1626 1890 θελημάτων
1657 1853 1860 1889 ἀναλαμϐάνειν
1892 1878 1896 1882 ,

1073 1904 1165 1931 εἰκόνα
1184 1903 1231 1930 τοῦ
1253 1902 1369 1938 Πατρός.
1387 1901 1517 1937 Μιμητὴς
1538 1901 1566 1928 δὲ
1589 1901 1636 1927 καὶ¹
1650 1902 1663 1927 ὁ
1680 1900 1785 1931 Παῦλος
1802 1899 1860 1933 ἐγι-

1072 1957 1133 1976 νετο
1147 1948 1193 1976 τοῦ
1210 1948 1338 1984 Χριστοῦ,
1355 1948 1416 1983 τῆς,
1439 1947 1477 1979 ὡς
1490 1948 1587 1973 ἐκεῖνοι
1601 1946 1748 1982 ληροῦντές
1764 1954 1857 1980 φασιν,

1072 1992 1101 2018 ἐν
1115 1991 1248 2026 θελήμασι
1271 1991 1361 2026 μόνοις
1383 1989 1486 2022 εἰκόνος
1504 1989 1551 2016 τοῦ
1574 1988 1690 2024 Πατρός.
1714 1987 1794 2014 una
1813 1987 1860 2013 καὶ

1072 2037 1175 2064 τούτων
1204 2037 1252 2071 μὲν
1280 2036 1528 2071 ἀπαναστήσονται,
1561 2034 1632 2061 κατὰ
1653 2034 1683 2060 τὸ
1708 2033 1791 2065 εἰκὸς,
1806 2032 1859 2059 τῶν

1073 2082 1173 2109 ἀθλίων
1189 2082 1335 2117 νοημάτων
1347 2101 1354 2113 ,
1377 2081 1472 2116 ὥσπερ
1491 2081 1520 2107 δέ
1539 2089 1564 2107 τι
1583 2079 1675 2115 μεῖζον
1690 2078 1860 2110 ἐπινοοῦντες

1073 2130 1120 2156 καὶ
1135 2129 1261 2163 ἄμεινον,
1280 2128 1368 2154 ἐκεῖνο
1388 2127 1421 2162 δὴ
1437 2128 1545 2158 πάντως
1562 2126 1680 2162 ἐροῦσιν·
1699 2125 1789 2152 Εῐκών
1803 2126 1860 2151 ἐστι

1073 2174 1120 2202 τοῦ
1134 2174 1201 2201 Θεοῦ
1217 2174 1262 2201 καὶ
1273 2173 1381 2209 Πατρδς
1394 2175 1408 2200 ὸ
1419 2173 1584 2208 Μονογενὴς,
1599 2173 1660 2200 ὅσον
1671 2173 1700 2199 ὲν
1714 2171 1859 2207 ταυτότητι

1074 2222 1242 2258 θελημάτων,
1256 2222 1316 2248 ὅσον
1328 2221 1374 2248 ἐπὶ
1386 2221 1505 2256 ἀξίωμα,
1522 2219 1666 2253 καὶδόξαν,
1686 2219 1734 2245 καὶ
1746 2219 1861 2253 δύναμιν

1073 2268 1122 2303 τὴν
1133 2267 1283 2302 θεοπρεπῆ,
1295 2267 1355 2294 ὅσον
1369 2268 1408 2299 εἱς
1421 2267 1560 2300 ἐνέργειαν
1575 2265 1625 2300 τὴν
1638 2265 1684 2291 ἐπὶ
1697 2264 1736 2300 τῷ
1757 2265 1859 2296 κτίζειν

1075 2313 1121 2340 καὶ
1149 2313 1386 2348 θαυματουργεῖν,
1409 2313 1471 2339 ὅσον
1496 2313 1536 2343 εἰς
1559 2311 1588 2338 τὸ
1615 2311 1768 2346 βασιλεύειν
1814 2310 1860 2337 καὶ

1074 2359 1181 2386 πάντων
1196 2359 1316 2393 κρατεῖν,
1337 2358 1398 2385 ὅσον
1413 2359 1452 2389 εἰς
1466 2357 1496 2384 τὸ
1512 2357 1615 2393 κρίνειν
1640 2357 1686 2384 καὶ
1701 2357 1860 2392 προσκυνεῖ-

1074 2405 1135 2432 σθαι
1155 2405 1222 2440 πρός
1238 2413 1266 2431 τε
1282 2404 1405 2438 ἀγγέλων
1435 2403 1482 2430 καὶ
1503 2403 1666 2438 ἀνθρώπων,
1701 2402 1750 2429 καὶ
1771 2402 1861 2435 πάσης

1075 2451 1244 2483 ἁπαξαπλῶς
1260 2450 1311 2486 τῆς
1325 2450 1449 2482 κτίσεως.
1467 2451 1516 2476 Διὰ
1530 2449 1632 2476 τούτων
1649 2449 1781 2476 ἁπάντων
1797 2449 1860 2483 ἡμῖν

1076 2499 1105 2524 ὲν
1118 2496 1208 2532 ἑαυτῷ
1225 2496 1356 2523 δεικνύων
1371 2496 1417 2522 τὸν
1438 2497 1547 2531 Πατέρα
1560 2516 1567 2528 ,
1589 2496 1639 2522 οὐκ
1658 2505 1666 2521 ι
1683 2496 1715 2521 ἐκ
1727 2495 1778 2529 τῆς
1795 2495 1857 2520 ὑπο-

1078 2543 1198 2574 στάσεως
1216 2553 1224 2567 »
1241 2542 1340 2578 φησιν,
1366 2541 1469 2569 ἀλλα(
1499 2543 1640 2578 χαρακτήρ
1666 2551 1675 2567 i
1703 2542 1761 2567 ἐστι
1779 2550 1788 2566 ι
1813 2540 1860 2574 τῆς

1078 2589 1252 2620 ὑποστάσεως
1268 2579 1361 2615 αδτοῦ.
1387 2597 1395 2613 ι
1415 2588 1529 2621 οὐκοῦν,
1542 2588 1610 2623 ὅπερ
1627 2587 1732 2622 ἔφημεν
1748 2586 1859 2621 ἀρτίως,

1077 2634 1154 2661 οὐδέν
1171 2635 1228 2660 ἐστι
1249 2633 1303 2660 τῶν
1321 2633 1475 2669 εἰρημένων
1492 2633 1561 2660 κατὰ
1577 2632 1658 2667 φύσιν
1674 2632 1688 2657 ὁ
1705 2632 1768 2663 Υἱὸς
1779 2652 1785 2664 ,
1810 2630 1860 2663 ἔξω

1073 2680 1101 2706 δὲ
1119 2680 1226 2707 πάντων
1244 2679 1348 2715 ἁθρόως
1364 2680 1494 2710 κείσεται,
1506 2679 1578 2706 κατὰ
1593 2687 1624 2712 γε
1638 2678 1683 2705 τὸν
1703 2678 1770 2712 παρ’
1786 2675 1860 2711 ὑμῶν

1075 2726 1254 2760 ἀνοητότατον
1282 2725 1376 2758 λόγον,
1401 2724 1462 2751 οὒτε
1493 2724 1520 2750 δὲ
1545 2724 1610 2755 Θεὸς
1630 2722 1774 2757 ἀληθινὸς,
1800 2720 1860 2747 οὔτε

1076 2772 1155 2804 Υἱὸς,
1182 2771 1212 2798 οὐ
1231 2771 1357 2806 βασιλεὺς
1370 2791 1377 2802 ,
1403 2770 1433 2796 οὐ
1446 2770 1564 2805 Κύριος,
1581 2769 1611 2795 οὐ
1627 2767 1808 2804 δημιουργὸς,
1832 2765 1860 2791 οὐ

1076 2816 1196 2848 δυνατὸς,
1213 2816 1273 2842 οὗτε
1292 2816 1343 2851 μὴν
1360 2818 1387 2842 ἒν
1403 2816 1551 2850 Osi-iiuna
1580 2814 1677 2847 ἀγαθὸς
1695 2813 1766 2840 κατὰ
1782 2811 1860 2846 φύειν
1888 2820 1893 2826 π
