2026 3123
131 174 182 185 ...-

130 184 180 203 ῡΙΙ

660 175 694 204 ΙΝ
711 176 852 204 JOANNIS
871 173 1097 208 EVANGELIUM
1118 177 1183 209 LIB.
1209 181 1242 210 ll.

1703 190 1738 217 57

133 233 204 264 ἰδίως
217 233 305 259 ἐστίν’
325 234 353 260 ὲν
369 233 397 260 δὲ
424 233 542 268 γυμνοῖς
565 234 610 260 καὶ
629 235 720 269 μόνοις
733 237 788 267 τοῖς
805 236 917 272 θεοπρε-

980 243 1057 266 nstar
1081 242 1262 274 quorumdam
1290 242 1412 271 colorum
1438 245 1680 280 superinducitur,
1701 248 1755 277 imo

132 279 210 305 πέσιν
237 281 335 315 ὁρᾶται
361 282 539 316 καυχήμασι,
563 281 609 308 καὶ
627 281 695 316 ὅπερ
716 282 774 308 ἐστὶ
804 283 863 314 ταῖς
889 284 917 310 ὲν

132 325 225 358 πίναξι
244 327 363 360 γραφαῖς
385 327 401 362 ὴ
418 327 472 354 τῶν
500 327 651 362 χρωμάτων
675 328 787 364 ὲπιὸολὴ
799 350 806 361 ,
824 329 919 364 μόναις

133 371 230 402 αὑταῖς
247 371 302 398 τῶν
321 372 468 408 ὁρωμένων
487 373 633 405 ποικιλίαις
647 374 834 410 ὲξωραῖζουσα
845 395 853 407 ,
871 384 919 410 φο-

134 415 218 451 ροῦσα
235 416 262 442 δὲ
283 417 383 452 ἀληθὲς
400 417 493 444 οὐδέν·
515 418 594 444 τοῦτο
616 419 664 445 καὶ
681 420 713 445 ὲν
725 419 781 454 Υίῴ
800 419 855 447 τῶν
869 419 917 446 τοῦ

133 462 201 488 θεοῦ
224 463 274 489 καὶ
300 463 407 498 Πατρὺς
431 464 593 499 ἀξιωμάτων
619 465 650 491 τὸ
671 465 785 496 κάλλος·
815 467 843 492 ὲν
869 466 918 500 μὲν

132 505 220 538 ψιλοῖς
247 507 293 533 καὶ
310 507 400 541 μόνοις
418 507 528 542 ὀνόμασι
543 509 756 544 περιανθίξεται,
774 510 873 542 ἔξωθεν
890 511 918 537 δὲ

133 550 229 587 ὥσπερ
247 553 400 587 χρωμάτων
419 554 500 580 τινῶν
517 555 692 589 ἐπαλείφεται
716 556 812 591 δίκην·
839 565 917 584 σκια-

132 599 281 632 γραφεῖται
301 599 328 625 δὲ
345 599 445 634 μᾶλλον
467 601 483 635 ἠ
505 600 565 628 Θεία
576 600 657 635 φύσις
674 603 702 629 ὲν
715 603 800 638 αὐτῷ,
816 604 864 630 καὶ
880 603 919 636 ὡς

132 643 161 668 ὲν
185 642 257 677 ψιλῷ
280 644 405 678 φαίνεται
434 644 520 680 τύπῳ.
544 644 610 673 Εἶτα
634 646 693 679 πῶς
717 648 766 674 οὐκ
789 648 918 683 ἄντικρυς

133 688 254 721 ἁπάσαις
264 691 415 724 φανήσεσθε
425 692 484 722 ταῖς
495 691 584 725 ἁγίαις
596 692 777 728 πολεμοῦντες
786 694 916 729 Γραφαῖς.

134 734 178 761 ἵνα
201 735 232 771 δὴ
257 736 304 762 καὶ
327 736 439 768 δικαίως
463 737 597 773 ἀκούσητε
613 746 619 753 ·
638 748 647 764 ι
668 739 916 774 Σκληροτράχηλοι,

133 782 182 808 καὶ
196 782 377 817 ἀπερίτμητοι
394 783 516 817 καρδίαις
540 784 587 810 καὶ
604 785 659 816 τοῖς
683 784 759 816 ὠσὶν,
779 785 858 820 ὑμεῖς
874 785 918 811 ἀεὶ

132 827 172 862 τῷ
189 827 328 863 Πνεὺματι
342 828 381 863 τῷ
394 829 464 863 ἁγίῳ
486 829 662 856 ἀντιπίπτετε
675 849 683 861 ,
701 829 739 861 ὡς
755 831 778 856 oi
800 830 918 865 πατέρες

134 873 222 908 ὑμῶν,
237 874 284 899 καὶ
301 874 390 908 ὑμεῖς.
407 884 417 900 ι
439 875 508 901 Πότε
524 875 576 910 γὰρ
596 875 626 902 οὑ
640 875 705 902 Θεὸν
719 875 845 910 ἀληθινὸν
858 876 918 902 ὸνοο

971 293 1038 312 vero
1054 289 1150 313 natura
1173 287 1266 314 divina
1288 288 1316 315 in
1333 289 1391 324 ipso
1415 291 1604 324 adumbratur,
1627 300 1660 321 ac
1673 294 1755 321 veluti

973 329 1058 365 ﬁgura
1080 334 1161 358 tenus
1177 335 1282 360 tantum
1310 338 1461 368 spectatur.
1483 337 1517 363 At
1539 338 1674 371 quomodo
1701 347 1755 366 non

972 382 1034 402 cum
1055 377 1183 404 omnibus
1205 377 1356 412 Scripturis
1380 380 1526 409 manifeste
1543 390 1665 418 pugnare
1680 392 1756 411 com-

972 420 1126 454 periemini,
1141 421 1178 448 ita
1196 425 1225 448 ut
1239 422 1302 457 jure
1320 423 1458 451 audiatis:
1479 434 1487 449 ι
1510 425 1580 452 Dura
1599 428 1715 460 cervice,
1728 433 1756 455 et
1774 435 1775 438 ‘

971 465 1158 494 incircumcisi
1186 467 1315 495 cordibus
1349 472 1375 495 et
1401 469 1533 501 auribus,
1568 478 1616 498 vos
1648 479 1756 506 semper

971 511 1086 546 Spiritui
1109 517 1204 540 sancto
1225 512 1369 546 resistitis;
1395 513 1466 541 sicut
1486 519 1580 549 patres
1596 516 1704 548 vestri,
1718 517 1755 543 ita

972 561 999 584 et
1018 565 1066 585 vos
1080 557 1112 585 ".
1132 567 1140 583 ι
1161 558 1276 591 Quando
1291 556 1366 586 enini
1376 567 1431 586 non
1447 559 1531 586 Demn
1546 568 1640 587 verum
1666 561 1755 588 nomi-

971 607 1038 630 nant
1064 604 1283 639 232.Filium,
1312 609 1360 632 aut
1392 605 1565 640 quandonam
1599 607 1687 638 ipsum
1721 607 1755 634 ab

972 650 1091 684 essentia
1111 648 1251 678 Genitoris
1277 651 1452 678 excludunt?
1477 651 1545 684 Quis
1572 659 1637 679 vero
1665 652 1756 680 dicere

973 702 1057 723 ausus
1067 699 1108 722 est
1122 703 1184 723 eum
1196 703 1284 731 neque
1295 701 1392 723 natura
1404 697 1538 731 opiﬁcem,
1552 705 1640 732 neque
1652 705 1754 733 regem,

972 749 1061 776 neque
1077 742 1308 777 cunctipotcntem
1323 750 1395 776 esse,
1410 747 1456 770 aut
1475 743 1664 771 adorabilem?
1683 744 1755 771 Divi-

973 795 1024 815 nus
1038 789 1139 823 quippe
1154 788 1259 816 Psaltes
1274 792 1404 824 tanquam
1425 789 1458 816 ad
1475 789 1563 824 ipsum
1581 788 1754 824 Unigcnitum

971 827 1010 860 ait
1033 833 1133 861 alicubi
1151 843 1157 860 ε
1176 843 1185 859 ε
1204 833 1290 872 Sedes
1315 839 1372 866 tua,
1389 833 1472 866 Deus,
1491 834 1519 861 in
1547 835 1676 861 saeculum
1703 841 1754 860 sa:-

972 879 1027 906 culi
1046 878 1078 905 8‘.
1104 888 1113 904 ›
1130 878 1250 907 Thomas
1263 883 1354 907 autem
1370 879 1508 911 similiter,
1526 879 1756 914 prudentissimus

136 919 252 953 μάζουσι
276 919 320 945 τὸν
341 919 418 952 Υίὺν,
432 920 449 955 ἢ
464 920 528 947 πότε
550 921 601 956 τῆς
616 921 662 947 τοῦ
683 922 810 953 τεκόντος
823 922 918 954 οὐσίας

983 924 1017 951 lle
1032 924 1200 959 discipulus,
1215 928 1242 952 et
1263 925 1346 952 Deum
1365 926 1446 952 simul
1460 931 1486 953 et
1503 925 1646 953 Dominum
1664 926 1756 960 appel-

135 964 188 997 ἔξω
205 964 333 1000 φέρουσιν
347 966 446 1000 αὑτόνς
473 967 521 998 Τίς
535 967 563 994 δὲ
576 968 590 993 ὁ
609 967 747 1003 τολμήσας
763 969 849 994 εἰπεῖν
860 988 867 1000 ,
884 968 921 1000 ὡς

135 1008 198 1036 οὔτε
212 1010 291 1045 φύσει
313 1011 489 1048 δημιουργὸς,
505 1012 566 1039 οὔτε
584 1012 721 1048 βασιλεὺς,
742 1003 804 1040 οὔτε
821 1023 922 1041 παντο-

136 1057 249 1092 κράτωρ
280 1057 296 1093 ἢ
316 1059 502 1094 προσκυνητὸς
526 1060 619 1092 tactv;
639 1059 668 1086 Ὀ
687 1059 736 1095 μὲν
751 1060 806 1095 γὰρ
822 1060 921 1086 θεσπέ-

137 1110 195 1133 σιος
215 1103 341 1138 Μελῳδὺς
372 1104 410 1136 ὼς
438 1105 505 1140 πρὸς
525 1105 607 1132 αὐτόν
622 1105 673 1132 πού
689 1114 755 1140 φησι
771 1106 816 1132 τὸν
834 1105 922 1132 Μονο-

136 1148 202 1184 γενῆ
217 1157 224 1164 '
243 1158 252 1175 ί
287 1150 314 1175 ’0
332 1149 426 1184 θρόνος
450 1159 496 1178 σου
513 1151 606 1183 ὁΘεὸς
630 1153 669 1183 εἰς
697 1151 742 1178 τὸν
765 1151 853 1180 αἰῶνα
874 1152 922 1178 τοῦ

138 1195 246 1228 αἰῶνος.
268 1205 277 1222 ι
296 1196 396 1232 Θωμᾶς
417 1198 446 1224 δὲ
463 1198 543 1226 πάλιν
564 1199 664 1233 ὁμοίως
686 1200 700 1225 ὁ
717 1199 924 1234 νουνεχέστατος

138 1241 284 1277 μαθητὴς,
310 1243 358 1269 καὶ
384 1243 450 1270 Θεὸν
476 1244 562 1279 ὁμοῦ,
589 1245 637 1271 καὶ
657 1245 760 1280 Κύριον
781 1245 921 1272 ἀποκαλεῖ.

137 1287 340 1324 Παντοκράτωρ
364 1289 392 1315 δὲ
410 1290 456 1316 καὶ
470 1290 646 1326 δημιουργὸς,
671 1291 715 1318 διὰ
740 1291 830 1325 πάσης
846 1291 924 1324 ἁγίου

137 1334 261 1360 καλεῖται
275 1334 376 1369 φωνῆς,
393 1335 440 1362 καὶ
455 1335 493 1367 ὡς
503 1335 553 1362 οὐκ
563 1335 679 1362 ἐπακτὸν
694 1335 763 1371 ἔχων
776 1336 837 1362 καθ’
853 1336 925 1371 ὑμᾶς

137 1379 170 1405 τὸ
187 1379 308 1415 ἀξίωμα,
332 1381 390 1408 ἀλλ’
413 1381 450 1413 ὡς
472 1382 552 1408 τοῦτο
579 1382 650 1409 κατὰ
678 1382 758 1416 φύσιν
783 1381 924 1417 ὑπάρχων,

137 1426 206 1462 ὅπερ
225 1425 294 1452 εἶναι
306 1426 432 1460 λέγεται,
447 1427 490 1454 διά
506 1437 535 1454 τε
553 1428 632 1455 τοῦτο
647 1429 838 1463 προσκυνεῖται
851 1428 926 1462 παρά

137 1479 168 1498 τε
197 1471 250 1498 τῶν
276 1472 363 1506 ἁγίων
389 1473 532 1507 ἀγγέλων,
561 1474 606 1501 καὶ
631 1474 699 1510 πρὸς
715 1474 812 1509 ἡμῶν,
838 1473 926 1500 καίτοι

139 1516 237 1551 μηδενὶ
249 1519 410 1552 προσκυνεῖν
424 1519 510 1554 ἑτέρῳ
525 1519 575 1554 τῆς
591 1519 666 1551 θείας
680 1519 813 1554 λεγούσης
826 1520 926 1554 χρῆναι

139 1561 271 1597 Γραφῆς,
296 1563 365 1598 πλὴν
389 1564 463 1599 μόνῳ
487 1565 581 1600 Κυρίῳ
604 1565 643 1600 τῷ
668 1565 737 1600 Θεῷ.
759 1566 790 1592 Εἰ
810 1566 858 1601 μὲν
879 1563 925 1592 οὖν

139 1608 286 1644 ἐπίκτητον
299 1609 373 1644 αὑτῷ
402 1610 450 1637 καὶ
462 1611 537 1637 δοτὸν
556 1612 719 1647 ἐνυπάρχειν
732 1611 762 1638 τὸ
777 1612 926 1647 θεοπρεπὲς

139 1654 249 1690 ἀξίωμα
263 1655 476 1682 πεπιστεύκασιν
486 1677 492 1689 ,
509 1653 568 1683 εἶτα
580 1657 618 1692 τῷ
630 1657 743 1693 τοιούτῳ
766 1659 928 1692 προσκυνεῖν

139 1701 242 1728 οἴονται
257 1702 329 1735 δεῖν,
354 1702 470 1729 ἴστωσαν
491 1703 568 1738 παρὰ
589 1703 635 1730 τὸν
662 1704 773 1740 κτίστην
793 1705 825 1739 τῇ
842 1704 928 1731 κτίσει

141 1747 330 1782 λατρεύοντες,
352 1748 508 1782 πρόσφατόν
526 1757 556 1774 τε
574 1749 621 1775 καὶ
635 1749 693 1775 νέον
704 1749 810 1779 ἑαυτοῖς
821 1749 929 1784 ζωγρα-

142 1792 257 1826 φοῦντες
272 1792 346 1825 Θεὸν,
358 1793 429 1829 ἥπερ
447 1793 532 1825 ὅντως
550 1794 594 1820 τὸν
611 1794 682 1821 κατὰ
693 1794 772 1828 φύσιν
782 1794 929 1828 γινώσκον-

142 1846 198 1868 τες.
217 1838 248 1864 Εἰ
263 1838 292 1863 δὲ
304 1838 354 1872 τῆς
363 1838 410 1864 τοῦ
424 1837 491 1864 Θεοῦ
506 1838 552 1864 καὶ
570 1838 676 1873 Πατρὺς
692 1838 786 1869 οὐσίας
801 1838 853 1871 ἔξω
873 1838 930 1864 κεῖ-

144 1883 208 1911 σθαι
231 1884 355 1918 λέγοντες
372 1885 418 1911 τὸν
431 1885 511 1917 Υίὸν,
533 1885 581 1911 καὶ
595 1884 658 1911 Υίὸν
673 1884 753 1911 αὑτὸν
796 1885 842 1911 καὶ
866 1884 931 1910 Θεὸν

144 1928 322 1963 ὁμολογοῦσιν
343 1928 476 1964 ὑπάρχειν
502 1929 647 1963 άληθινὺν,
668 1928 714 1955 καὶ¹
737 1927 862 1963 βασιλέα,
885 1928 932 1954 καὶ

144 1975 241 2011 κύριον
252 1994 259 2006 ,
277 1975 324 2001 καὶ
337 1975 500 2011 δημιουργὸν
510 1995 517 2008 ,
534 1975 581 2002 καὶ
593 1975 729 2007 οὑσιωδῶς
750 1975 779 2001 ὲν
792 1974 881 2009 ἑαυτῷ
898 1974 933 2001 τὰ

144 2023 193 2049 τοῦ
216 2022 323 2058 Πατρδς
342 2022 414 2058 ἔχειν
430 2023 483 2049 ἴδια
522 2023 569 2049 καὶ
590 2021 735 2057 ἐξαίρετα·
759 2022 933 2057 βλεπέτωςαν

144 2068 207 2094 ὅποι
223 2067 288 2094 ποτὲ
308 2067 388 2094 πάλιν
405 2068 496 2100 αὐτοῖς
512 2067 542 2094 τὺ
555 2067 608 2094 τῶν
621 2068 684 2103 τῇδε
701 2067 851 2094 δοκούντων
866 2068 934 2094 ἀπο-

146 2113 315 2140 κινδυνεύσει
330 2114 416 2145 τέλος.
429 2114 512 2140 Οὐδὲν
529 2114 583 2149 γὰρ
602 2113 670 2145 ὅλως
687 2114 716 2140 ὲν
734 2115 765 2149 τῇ
781 2113 840 2148 θείᾳ
855 2113 934 2148 φύσει

145 2158 178 2184 τὸ
194 2158 349 2190 ἀξιόπιστον
364 2159 560 2194 εὑρεθήσεται,
584 2152 735 2194 δοναμένης
751 2159 800 2195 ἤδη
820 2159 868 2186 καὶ
886 2158 936 2194 τῆς

145 2204 203 2230 τῶν
222 2205 342 2240 γενητῶν
358 2205 464 2239 φύσεως
479 2205 612 2240 ὑπάρχειν
626 2205 705 2232 τοῦτο
720 2207 778 2233 κατ’
796 2206 936 2242 ἀλήθειαν,

149 2249 220 2284 ὅπερ
232 2248 265 2276 ἃν
281 2250 367 2275 νοοῖτο
382 2249 428 2276 καὶ
447 2250 526 2285 αὐτή.
549 2250 750 2276 Ἀποδέδεικται
772 2250 844 2285 γὰρ,
864 2251 936 2277 κατά

150 2301 183 2327 γε
199 2294 245 2320 τὸν
264 2294 339 2328 παρὰ
359 2295 415 2325 τοῖς
436 2294 469 2320 δι’
492 2295 617 2326 ἐναντίας
635 2294 832 2329 ἁδρανέστατον
846 2294 935 2329 λόγον,

148 2340 198 2375 τῆς
214 2340 264 2375 μὲν
286 2339 361 2371 θείας
381 2340 487 2374 φύσεως
506 2341 556 2376 οὑχ
580 2341 710 2375 ὑπάρχων
729 2342 743 2368 ὁ
771 2341 935 2376 Μονογενὴς,

149 2386 220 2421 ἔχων
240 2387 264 2413 δ’
281 2384 327 2413 οὖν
349 2387 423 2422 ὅμως
445 2387 578 2421 ἀληθινῶς
603 2388 633 2414 ὲν
660 2387 749 2423 ἐαυτῷ
769 2387 803 2414 τὰ
831 2388 938 2422 ἐκείνης

149 2433 285 2467 ἐξαίρετα.
299 2431 366 2459 Εἶτα
382 2433 423 2465 τίς
438 2434 488 2460 οὐκ
500 2434 657 2469 ἀποφρίξει,
673 2434 720 2460 καὶ
734 2434 813 2468 μόνον
831 2434 938 2460 ἀκούων

150 2479 198 2514 τὴν
212 2478 266 2504 τῶν
288 2479 430 2514 δογμάτων
454 2479 630 2513 δυσσέϐειαν;
648 2481 742 2507 Πάντα
761 2481 815 2515 γὰρ
829 2480 885 2508 ἅνω
908 2489 937 2507 τε

151 2524 197 2549 καὶ
211 2523 286 2550 κάτω
299 2525 446 2560 στρέφεται
460 2525 615 2559 λοιπὸν,τῆς
633 2526 681 2560 μὲν
694 2526 730 2552 τὰ
742 2526 831 2553 πάντα
851 2527 937 2561 ὑπερ-

152 2571 283 2605 κειμένης
294 2570 402 2603 φύσεως
414 2570 630 2605 καταϐαινούσης
647 2571 692 2598 ἐπὶ
702 2571 732 2598 τὸ
746 2572 938 2608 σλδντάττεσοαι

151 2616 207 2646 τοῖς
222 2618 364 2650 γενητοῖς,
383 2616 468 2651 αὐτῆς
481 2617 509 2643 δὲ
522 2618 572 2652 τῆς
594 2617 708 2649 κτίσεως
736 2619 777 2649 εἰς
798 2619 828 2644 τὸ
853 2619 939 2654 ὑπερσ-

153 2661 245 2689 ἐκεινα
267 2663 315 2690 καὶ
329 2663 377 2697 οὐχ
386 2663 538 2698 ὡρισμένον
552 2665 618 2699 αὖτῇ
630 2664 939 2700 παραλόγωςάναπηδώ-

155 2716 202 2742 σης
219 2709 330 2744 μέτρον,
347 2709 450 2736 Οὐκοῦν
462 2728 469 2741 ,
490 2709 528 2740 ὡς
542 2710 652 2741 ὁλκάδος
668 2711 696 2736 ἐν
713 2710 825 2744 πελάγει
845 2710 940 2744 βαπτι-

154 2754 292 2790 ζομένης,
327 2755 376 2789 τῆς
407 2755 461 2781 τῶν
492 2755 619 2782 τοιούτων
653 2756 796 2791 δογμάτων
827 2756 940 2786 ἀτοπίας

107 2810 111 2815 ·
152 2800 371 2835 ἁπονηχᾶμενοι,
397 2801 556 2835 σπεύδωμεν
573 2802 609 2832 ὡς
629 2802 672 2828 ἐπ’
689 2802 796 2837 ἀσφαλῆ
814 2802 859 2827 καὶ
876 2801 939 2828 ἀκύ-

189 2891 211 2905 ⁸⁵
232 2891 296 2917 Art.
315 2899 369 2923 νιι,
389 2891 432 2922 51,
473 2891 494 2905 ελ
515 2890 586 2917 Psal.
607 2899 678 2923 xuv,
694 2891 718 2918 '7.

972 970 1021 998 lat.
1041 969 1220 1005 Omnipotens
1240 978 1305 998 vero
1320 975 1347 998 et.
1368 971 1483 998 Creator
1499 971 1532 998 ab
1549 971 1676 998 omnibus
1691 978 1756 998 san-

972 1016 1024 1043 ctis
1050 1022 1175 1048 vocatur,
1200 1017 1284 1051 idque
1307 1024 1364 1044 non
1388 1017 1465 1052 quasi
1492 1017 1652 1051 dignitatem
1682 1017 1755 1043 illam

973 1061 1089 1095 habeat,
1113 1065 1143 1089 ut.
1159 1069 1208 1089 vos
1231 1063 1325 1095 vultis,
1353 1063 1510 1094 ascititiam,
1533 1063 1580 1090 sed
1606 1063 1679 1098 quod
1705 1062 1757 1090 hoc

973 1109 1124 1136 secundum
1155 1112 1282 1136 naturam
1311 1108 1427 1136 exsistat
1454 1107 1527 1142 quod
1557 1115 1619 1135 esse
1643 1108 1756 1140 dicitur,

974 1159 1056 1190 atque
1073 1154 1177 1182 idcirco
1193 1154 1323 1181 adorator
1339 1161 1401 1181 cum
1419 1161 1433 1180 a
1449 1153 1554 1181 sanctis
1572 1153 1687 1187 angelis,
1699 1156 1756 1180 tum

974 1207 990 1227 a
1006 1199 1095 1232 nobis,
1119 1198 1243 1234 quamvis
1269 1198 1410 1233 Scriptura
1430 1197 1526 1224 divina
1551 1198 1687 1225 neminem
1710 1196 1758 1224 ad-

974 1245 1108 1272 orandum
1125 1252 1186 1272 esse
1202 1247 1305 1271 statuat
1315 1247 1494 1279 praeterquam
1509 1243 1596 1270 solum
1613 1242 1758 1269 Dominum

974 1290 1069 1318 Deum.
1085 1289 1113 1318 Si
1129 1297 1195 1325 ergo
1211 1289 1357 1317 ascititiam
1375 1293 1401 1317 et
1417 1289 1529 1316 aliunde
1545 1289 1679 1315 invectam
1696 1294 1759 1314 esse

974 1337 1090 1364 credunt
1111 1336 1139 1362 in
1156 1343 1188 1363 eo
1210 1335 1330 1362 divinam
1348 1335 1520 1370 dignitatem,
1544 1338 1580 1368 et,
1597 1338 1687 1360 tamen
1710 1332 1759 1359 ad-

975 1381 1110 1409 orandum
1125 1389 1187 1409 esse
1198 1384 1304 1416 putant,
1320 1381 1409 1408 sciant
1423 1388 1453 1407 se
1468 1383 1621 1407 creaturam
1646 1379 1761 1405 adorare

975 1435 1032 1463 prae
1046 1428 1194 1460 Creatore,
1212 1434 1369 1461 novumque
1394 1433 1426 1454 ac
1451 1429 1588 1452 recentem
1605 1424 1689 1451 Deum
1709 1423 1760 1450 sibi

976 1474 1128 1506 delineare,
1147 1473 1239 1508 potius
1256 1480 1339 1507 quam
1361 1471 1514 1498 naturalem
1536 1477 1694 1505 agnoscere.
1712 1469 1760 1495 Sin

977 1524 1066 1546 autem
1084 1526 1099 1545 a
1115 1518 1204 1546 Patris
1228 1518 1382 1546 substantia
1401 1517 1500 1544 Filium
1516 1515 1711 1548 excludentes,
1734 1518 1762 1542 et
1799 1521 1807 1528 ‘

980 1564 1078 1591 Filium
1094 1565 1183 1598 ipsum
1194 1568 1220 1591 et
1236 1563 1319 1590 Deum
1336 1570 1429 1590 verum
1444 1570 1505 1589 esse
1519 1561 1648 1593 fatentur,
1663 1568 1763 1595 regem-

939 1596 960 1625 Ο
980 1618 1043 1646 que,
1056 1617 1087 1637 ac
1100 1610 1252 1642 dominum,
1265 1613 1292 1636 et
1307 1609 1442 1643 opiﬁcem,
1454 1612 1480 1635 et
1489 1615 1551 1642 qua:
1562 1607 1652 1634 Patris
1663 1606 1763 1634 eximia

981 1661 1046 1685 sunt
1063 1664 1094 1683 ac
1111 1655 1222 1691 propria
1243 1654 1462 1682 substantialiter
1486 1653 1587 1680 habere
1605 1652 1631 1679 in
1659 1651 1762 1686 seipse,

979 1703 1090 1730 videant
1103 1709 1222 1736 quonam
1239 1701 1349 1728 demum
1368 1707 1462 1727 eorum
1485 1698 1590 1726 recidat
1609 1698 1703 1732 opinio
1718 1697 1764 1731 qui

979 1747 1020 1775 sic
1044 1747 1174 1774 sentiunt.
1198 1745 1271 1772 Nibil
1296 1745 1368 1772 enim
1398 1743 1467 1771 certi
1497 1743 1523 1770 in
1554 1747 1652 1769 natura
1674 1741 1765 1768 divina

980 1793 1142 1828 reperietur,
1156 1799 1219 1818 cum
1240 1798 1331 1818 rerum
1354 1793 1508 1817 creatarum
1531 1792 1628 1815 natura
1643 1787 1669 1814 id
1683 1787 1765 1814 etiam

980 1845 1073 1865 revera
1090 1844 1150 1864 esse
1164 1841 1257 1870 queat,
1275 1835 1348 1869 quod
1363 1835 1432 1869 ipsa.
1455 1833 1677 1860 Demonstratum
1692 1831 1765 1858 enim

980 1887 1023 1910 est
1035 1881 1256 1908 adversariorum
1272 1879 1418 1906 admodum
1435 1878 1543 1905 inﬁrma
1558 1877 1682 1904 oratione
1699 1874 1766 1901 divi-

982 1935 1024 1954 nae
1034 1930 1138 1954 naturae
1154 1933 1210 1952 non
1225 1933 1286 1953 esse
1298 1924 1552 1958 Unigenitum,vere
1565 1927 1654 1948 tamen
1667 1920 1767 1947 habere

982 1973 1009 2000 in
1025 1973 1117 2007 seipse
1127 1978 1299 2006 quaecunque
1314 1969 1375 2004 ejus
1384 1972 1450 1996 sunt
1459 1967 1570 1995 eximia.
1585 1966 1622 1993 At
1636 1966 1696 2000 quis
1712 1971 1767 1991 non
1785 1998 1787 2001 _

982 2019 1176 2050 cohorrescet,
1202 2017 1226 2044 si
1250 2016 1293 2044 vel
1315 2015 1401 2043 solam
1422 2013 1580 2049 dogmatum
1602 2012 1768 2046 impietatem

982 2065 1096 2093 audiat?
1112 2063 1210 2091 Omnia
1227 2062 1299 2090 enim
1325 2068 1435 2088 sursum
1458 2067 1490 2086 ac
1513 2058 1641 2086 deorsum
1657 2060 1768 2084 vertun-

983 2116 1038 2144 tur,
1058 2118 1119 2138 cum
1136 2114 1232 2136 natura
1248 2108 1294 2134 illa
1307 2107 1431 2134 omnium
1447 2111 1573 2140 suprema
1593 2110 1626 2130 eo
1640 2102 1769 2137 depressa

985 2158 1032 2190 sit,
1048 2160 1078 2184 ut
1092 2156 1164 2183 inter
1178 2157 1321 2181 creaturas
1339 2155 1510 2182 numeretur,
1524 2152 1550 2176 et
1567 2147 1625 2182 ipsa
1642 2149 1770 2173 creatura

985 2203 1017 2230 ad
1035 2208 1196 2236 supremum
1211 2207 1262 2227 nec
1280 2198 1333 2226 sibi
1345 2196 1526 2225 constitutum
1542 2193 1653 2222 modum
1669 2195 1771 2218 temere

985 2248 1129 2276 cvehatur.
1160 2245 1311 2279 Quocirca,
1330 2243 1408 2271 velut
1422 2243 1449 2269 in
1473 2239 1611 2276 profundo
1637 2237 1699 2266 navi
1722 2236 1772 2264 de-

987 2301 1095 2326 mersa,
1128 2300 1161 2320 ex
1193 2289 1383 2327 hujuscemodi
1413 2288 1571 2324 dogmatum
1602 2283 1773 2312 absurditate

985 2343 1168 2375 emergentes,
1182 2338 1215 2365 ad
1233 2342 1321 2364 tutum
1338 2339 1365 2364 et
1382 2331 1503 2370 quietum
1525 2330 1649 2359 veritatis
1663 2333 1772 2375 portum

985 2374 1183 2414 contendamus
1195 2404 1202 2417 ,
1220 2383 1325 2418 Deique
1347 2389 1380 2409 ac
1399 2379 1490 2407 Patris
1511 2377 1654 2413 imaginem
1674 2374 1773 2401 Filium

986 2441 1048 2461 esse
1067 2433 1215 2465 fateamur,
1234 2437 1288 2458 non
1303 2427 1446 2463 l'ragilibus
1469 2423 1632 2460 quibusdam
1656 2421 1775 2456 dignita-

988 2479 1065 2507 tibus
1078 2478 1240 2510 obductum,
1254 2483 1345 2510 neque
1359 2474 1427 2502 solis
1439 2470 1627 2508 praerogativis
1642 2469 1695 2495 Deo
1709 2474 1775 2494 con-

991 2526 1164 2554 venientibus
1191 2523 1390 2559 conspicuum,
1417 2519 1465 2549 sed
1499 2514 1717 2546 substantialiter
1748 2515 1776 2539 et

991 2573 1064 2601 onmi
1079 2580 1111 2600 ex
1132 2574 1209 2607 parte
1232 2568 1434 2605 perfectissimo
1457 2563 1579 2592 Genitori
1605 2559 1775 2595 responden-

991 2623 1062 2653 tem,
1089 2622 1117 2646 et,
1135 2625 1185 2653 per
1202 2617 1294 2644 omnia
1322 2614 1500 2642 exsistentem
1525 2608 1776 2653 secundumiuatu-

993 2650 1147 2693 ramvsuani
1168 2664 1194 2692 id
1215 2662 1288 2698 quod
1306 2661 1388 2688 Pater
1406 2666 1468 2687 esse
1487 2659 1626 2686 censetur,
1642 2651 1722 2687 233
1735 2650 1778 2677 ni-

993 2710 1092 2737 mirum
1106 2709 1192 2737 Deum
1204 2715 1300 2736 verum
1327 2713 1389 2733 vere
1410 2704 1444 2732 de
1459 2703 1524 2735 Deo,
1549 2699 1776 2746 omnipotentem,

993 2759 1159 2787 creatorem,
1172 2755 1286 2787 bonum,
1298 2751 1479 2783 adorandum,
1504 2751 1531 2776 et
1543 2747 1567 2775 si
1577 2744 1643 2783 quid
1661 2742 1778 2776 amplius

996 2801 1057 2829 addi
1071 2805 1159 2837 potest
1172 2801 1242 2837 quod
1260 2800 1313 2828 Deo
1328 2797 1483 2827 conveniat.
1501 2794 1579 2822 Tunc
1598 2790 1671 2820 enim
1691 2791 1784 2815 osten—
