2026 3123
262 157 315 185 δτι)
455 131 458 134 1
755 155 783 184 5.
798 154 935 183 CYlllLLl
955 152 1189 182 ALEXANDRINI
1207 153 1366 182 AﬂClllEP.
1834 155 1884 183 5δο

264 212 361 240 dentes
388 219 449 240 eum
480 212 508 239 in
537 212 664 240 omnibus
695 211 810 240 similem
839 219 902 240 esse
935 211 990 240 Deo
1016 219 1049 239 ac

1103 221 1170 247 μονα
1182 212 1279 248 λιμένα
1295 212 1343 247 τὴν
1361 211 1500 248 ἀλήθειαν,
1516 211 1564 239 καὶ
1585 211 1677 238 six/rvat
1691 211 1736 238 τοῦ
1755 209 1824 238 Θεοῦ
1839 209 1884 238 καὶ

264 257 349 291 Patri,
362 257 442 284 etiam
457 265 520 284 vere
534 257 589 285 dici
610 258 643 285 ab
655 266 688 285 eo
699 257 959 290 demonstrabimus,
974 258 1048 292 quod

1103 257 1206 292 [ἰατρὸς
1220 258 1396 293 ὁμολογῶμεν
1413 258 1459 284 τὸν
1477 258 1551 290 Υἱδν,
1569 258 1618 284 οὐκ
1631 258 1774 292 ἐπικήροις
1791 257 1884 292 ὥσπερ

267 312 275 327 l
291 302 342 335 Qui
360 310 413 329 uon
438 302 600 330 lionoriﬁcat
626 302 736 336 Filium,
754 311 841 338 neque
862 302 971 330 Patrem
998 304 1049 330 bo-v

1103 303 1154 330 τισὶ
1170 303 1427 338 περιπεπλασμένον
1450 303 1619 339 ἀξιώμασιν,
1640 304 1699 329 οὐδὲ
1716 303 1808 337 μόνοις
1831 304 1883 333 τοῖς

265 339 410 380 uoril‘icat,
428 348 475 383 qui
490 349 565 376 misit
592 349 679 376 illum.
702 358 711 374 ι
730 349 766 376 De
781 349 832 376 hoc
851 349 922 376 enim
935 349 1051 384 quaestio

1103 348 1263 384 ῢεοπρεπὲσι
1281 349 1514 384 κατηγλαῖσμένον
1527 348 1689 383 ἀξιώμασιν,
1712 347 1771 374 ἀλλ’
1789 347 1884 373 eiciu-

265 394 344 421 uobis
359 399 412 427 est,
425 402 452 422 et
471 402 504 422 eo
515 399 621 430 spectat
647 403 707 430 qua:
728 403 791 422 mox
805 395 875 423 facta
895 399 938 423 est
954 395 1048 431 dispu-

1103 394 1152 426 δὼς
1161 395 1227 430 πρὸς
1239 395 1287 429 τὴν
1298 393 1345 421 τοῦ
1358 395 1482 426 τεκόντος
1493 394 1634 429 ἀκρίϐειαν
1644 386 1882 428 ἀπηκριϐωμένον,

266 440 342 467 latio.
1101 441 1147 467 καὶ
1160 440 1378 476 ἀπαραλλάκτως
1391 440 1548 475 ὑπάρχοντα
1575 440 1644 466 κατά
1660 439 1749 473 φύσιν,
1768 439 1838 473 ὅπερ
1854 439 1884 464 ἄν

266 488 349 513 νοοῖτο
362 487 409 514 καὶ
422 487 436 513 ὁ
446 487 581 523 γεννήσας
595 487 686 520 αὑτὸν,
701 487 823 514 τουτέστι
834 487 899 514 Θεὸν
911 486 1047 522 ἀληθινὸν,
1065 487 1097 513 ὲκ
1127 486 1194 514 Θεοῦ
1228 487 1300 514 κατά
1314 487 1453 522 ἀλήθειαν,
1470 486 1686 521 παντοκράτορα,
1710 485 1884 520 δημιουργὸν.

265 530 472 567 δεδοξασμένον,
487 532 604 566 ἀγαθὸν,
626 532 832 567 προσκυνητὺν,
854 532 901 559 καὶ
915 531 942 558 εἴ
953 541 980 558 τι
1011 532 1067 562 τοῖς
1086 532 1239 567 εἰρημένοις
1270 532 1308 563 ὡς
1330 531 1390 566 Θεῷ
1415 532 1517 567 πρέπον
1537 531 1730 566 παρέζευκται.
1752 530 1819 567 ’ζότε
1834 529 1884 565 γάρ

265 578 296 613 δὴ
317 579 386 605 κατά
416 579 504 606 πάντα
533 579 711 613 προσεοικότα
741 579 908 611 δεικνύοντες
929 579 967 614 τῷ
988 578 1047 614 Θεῷ
1066 579 1113 605 καὶ
1128 579 1226 614 Πατρὶ,
1250 578 1296 605 καὶ
1311 578 1477 614 ἀληθεύοντα
1500 577 1721 613 παραστήσομεν,
1754 576 1791 607 ὡς
1829 585 1838 601 t
1856 576 1884 601 Εἰ

269 627 305 662 μή
338 635 380 658 τις
412 626 531 662 βούλοιτο
555 627 637 662 τιμᾷν
653 627 698 653 τὸν
721 627 802 659 Υίὺν,
823 627 883 654 οὐδὲ
905 627 951 653 τὸν
975 627 1085 661 Πατέρα
1103 627 1170 662 τιμᾷ
1189 626 1234 653 τὸν
1257 625 1454 653 ἀποστείλαντα
1481 624 1570 651 αὐτόν.
1597 633 1605 649 ι
1630 623 1698 659 Περὶ
1717 622 1812 649 τούτου
1836 622 1886 657 γὰρ

268 673 333 708 ἡμῖν
357 674 372 708 ἡ
393 673 524 708 ζήτησις,
545 674 592 700 καὶ
613 675 629 708 ἡ
656 673 710 700 τῶν
739 674 839 708 ἀρτίως
861 673 1053 709 ὲξητασμένων
1073 674 1212 708 κεκίνηται
1230 673 1354 708 βάσανος.

302 719 335 752 ν,
355 720 400 747 24.
422 721 515 753 Amen,
533 729 608 748 amen
631 721 689 748 dico
705 721 788 753 vobis,
805 722 868 756 quia
882 722 928 756 qui
945 720 1050 748 verbum

268 773 353 792 meum
374 766 459 799 audit,
477 772 500 793 et
516 767 598 793 credit
616 768 640 794 ei
659 768 703 802 qui
719 768 791 794 misit
808 775 858 800 me,
875 767 951 793 liabet
970 767 1050 794 vitam

267 816 403 844 wlernam,
419 817 443 839 et
470 813 496 839 in
522 813 658 848 judicium
672 822 723 840 non
744 813 823 846 venit,
839 813 884 840 sed
905 813 1012 840 transiit
1035 821 1051 839 a
1069 830 1090 858 Β

267 862 351 884 morte
365 857 400 884 ad
416 859 508 885 vitam.

303 902 453 938 Postquam
476 904 503 930 in
525 905 718 939 superioribus
738 905 846 932 abunde
865 904 986 932 ostendit
1002 906 1054 932 mi-

268 956 345 977 seros
361 949 470 977 Judteos
491 958 547 977 non
574 951 600 978 in
620 951 707 978 solum
727 950 825 978 Filium
849 958 973 986 peccare,
990 958 1052 978 cum

268 995 370 1022 audent
384 996 585 1030 reprehendere
606 1005 666 1031 qua:
679 996 806 1024 docendo
821 997 992 1031 loqueretur,
1007 1000 1054 1023 aut

268 1041 340 1075 apud
355 1041 429 1076 ipsos
442 1034 612 1076 operaretur,
628 1042 678 1070 sed
694 1042 720 1069 in
736 1043 825 1078 ipsum
845 1042 927 1070 etiam
946 1042 1053 1070 Patrem

268 1086 352 1114 stulte
369 1094 496 1122 peccare,
513 1093 550 1120 et,
572 1089 594 1115 si
623 1088 655 1116 ad
680 1089 734 1115 vim
759 1089 893 1116 dictorum
910 1089 1052 1123 respicias,

267 1139 364 1159 eorum
381 1132 525 1161 audaciam
541 1134 675 1167 coercuit,
692 1142 723 1161 ac
739 1134 879 1169 proposita
897 1135 1053 1162 luturorum

269 1184 317 1211 spe
337 1177 435 1206 melius
450 1178 541 1206 vivere
558 1180 706 1214 persuasit,
720 1180 753 1207 ad
767 1180 930 1214 obsequium
944 1179 1053 1207 tandem

268 1229 316 1249 cos
332 1223 426 1258 adigit.
439 1223 597 1250 Artiﬁciosa
610 1232 673 1252 vero
685 1225 728 1252 hic
740 1225 867 1252 oratione
884 1232 982 1252 rursus
998 1225 1053 1252 uti-

269 1273 323 1294 tur.
337 1267 405 1295 Nam
424 1277 484 1295 cum
501 1269 611 1297 Judteos
631 1269 721 1297 adhuc
740 1271 865 1298 laborare
881 1276 984 1304 nosset,
1004 1271 1054 1298 hoc

268 1316 311 1340 est
331 1314 364 1341 de
387 1322 417 1342 se
443 1314 639 1346 scandalizari,
658 1315 738 1343 ﬁdem
766 1324 863 1343 rursus
893 1317 926 1343 ad
951 1316 998 1344 Dei
1022 1324 1054 1344 ac

270 1358 361 1386 Patris
377 1367 524 1394 personam
540 1361 635 1394 refert,
650 1369 704 1388 non
722 1362 802 1396 quasi
824 1363 943 1398 seipsum
960 1364 1053 1390 exclu-

269 1403 331 1435 dat,
357 1404 405 1431 sed
445 1404 519 1439 quod
548 1409 662 1440 propter
695 1405 864 1433 identitatem
895 1406 1055 1433 substantia

269 1448 352 1476 etiam
377 1449 403 1476 in
420 1448 500 1477 Patre
525 1450 735 1478 honoriﬁcetur.
752 1450 901 1478 Credentes
915 1457 980 1477 vero
999 1458 1052 1478 non

1144 720 1241 755 Ἀμὴν,
1261 721 1341 755 ἀμὴν
1354 719 1430 754 λέγω
1448 718 1526 753 ὑμῖν,
1548 717 1591 744 ὅτι
1615 717 1631 743 ὁ
1654 716 1706 743 τὸν
1721 716 1813 750 λόγον
1830 723 1886 749 μου

1103 768 1229 799 ἀκούων,
1244 767 1292 793 καὶ
1307 766 1456 793 πιστεύων
1469 763 1509 797 τῷ
1523 763 1674 798 πέμψαντί
1682 762 1795 797 ιιε,ἓχει
1813 760 1886 793 ζωὴν

1103 814 1231 845 αἰώνιον,
1249 813 1297 842 καὶ
1314 813 1358 845 εΙς
1372 811 1474 846 κρίσιν
1491 811 1545 837 οὐκ
1562 810 1686 843 ἔρχεται,
1701 807 1781 834 (me
1802 814 1886 840 μετα-

1103 860 1229 892 ϐέϐηκεν
1240 859 1273 885 ἐκ
1290 857 1343 884 τοῦ
1361 857 1490 884 θανάτου
1504 857 1546 888 εις
1562 855 1620 888 τὴν
1634 853 1717 886 ζωήν.

1137 903 1293 936 Ἀποδείξας
1307 903 1357 938 ήδη
1373 903 1417 929 διὰ
1441 901 1494 928 τῶν
1511 900 1699 936 προλαϐόντων
1722 897 1886 933 ἀρκούντως,

1103 951 1140 982 ὡς
1161 951 1211 977 οὐκ
1233 951 1273 981 εἰς
1297 949 1376 985 μόνον
1396 948 1581 984 ἁμαρτάνουσι
1600 946 1644 973 τὸν
1657 945 1720 971 Υἱὸν
1736 945 1760 970 οἱ
1777 943 1887 974 τάλανες

1109 997 1237 1028 Ἰουδαῖοι,
1252 996 1404 1031 τολμῶντες
1421 994 1550 1029 ἐπιτιμᾷν
1574 990 1671 1028 οἷσπερ
1684 991 1717 1018 ἂν
1732 990 1800 1026 λέγῃ
1819 989 1888 1016 διδά-

1104 1052 1185 1075 σκων,
1203 1043 1219 1078 ἢ
1245 1042 1291 1068 καὶ⁹
1312 1041 1461 1076 ἐργάζηται
1486 1041 1551 1075 παρ’
1571 1039 1671 1070 αὺτοῖς,
1696 1037 1763 1064 ἀλλὰ
1782 1035 1831 1062 καὶ
1853 1036 1889 1066 εἰς

1103 1089 1183 1116 αὑτὸν
1205 1087 1399 1122 ἀμαθαίνοντες
1423 1084 1612 1121 πλημμελοῦσι
1632 1085 1675 1110 τὸν
1705 1081 1825 1116 Πατέρα,
1847 1080 1889 1106 καὶ

1103 1135 1164 1161 ὅσον
1178 1133 1244 1170 ἧκεν
1268 1135 1306 1165 είς
1330 1133 1379 1169 τὴν
1404 1132 1458 1158 τῶν
1473 1130 1623 1167 εἰρημένων
1651 1129 1800 1164 ἐνέργειαν,
1816 1134 1890 1159 περι-

1105 1180 1210 1212 στείλας
1223 1179 1261 1214 τῷ
1275 1179 1348 1214 φόόῳ
1362 1179 1394 1205 τδ
1405 1178 1514 1213 θράσος,
1539 1177 1585 1204 καὶ
1602 1176 1651 1211 ζῇν
1668 1174 1820 1204 ἀναπείσας
1834 1173 1890 1198 ἐπι-

1103 1225 1256 1262 εικέστερον
1281 1226 1314 1260 τῇ
1341 1224 1395 1251 τῶν
1418 1224 1554 1258 ἐσομένων
1576 1221 1674 1252 ἐλπίδι,
1695 1220 1786 1246 λοιπὸν
1805 1227 1888 1252 σαγη-

1103 1270 1175 1297 νεύει
1198 1270 1266 1305 πρὸς
1290 1269 1454 1296 εὐπείῡειαν.
1476 1269 1533 1295 Οὐκ
1557 1267 1674 1301 ἀτέχνως
1694 1265 1722 1292 δὲ
1746 1264 1828 1291 πάλιν
1849 1263 1891 1289 τὸν

1103 1316 1148 1342 ἐπὶ
1171 1315 1274 1347 τούτοις
1293 1316 1438 1350 ἐποιήσατο
1456 1314 1545 1348 λόγον.
1567 1312 1674 1346 Ἐπειδὴ
1692 1310 1745 1346 γὰρ
1764 1308 1838 1336 οἶδεν
1854 1309 1891 1335 ἔτι

1103 1361 1246 1393 νοσοῦντας
1259 1362 1321 1392 τοὺς
1335 1360 1489 1392 Ἰουδαίους,
1503 1356 1759 1392 σκανδαλιζομένους
1770 1355 1891 1382 τουτέστι

1104 1408 1168 1443 περὶ
1186 1407 1278 1440 αὐτοῦ,
1295 1407 1376 1434 πάλιν
1390 1406 1520 1441 ἀναφέρει
1542 1404 1591 1440 τὴν
1608 1403 1698 1431 πίστιν
1715 1403 1754 1434 εἰς
1768 1402 1798 1428 τὸ
1812 1401 1891 1437 πρόσ-

1103 1462 1177 1480 ωπον
1191 1454 1238 1480 τοῦ
1249 1453 1316 1480 Θεοῦ
1331 1453 1378 1480 καὶ
1391 1452 1507 1487 Πατρδς,
1519 1451 1567 1486 οὐχ
1579 1451 1616 1482 ὡς
1629 1449 1723 1476 ἑαυτὸν
1735 1448 1788 1480 ἔξω
1798 1447 1892 1478 τιθεὶς,

272 1493 360 1521 solam
376 1498 486 1521 internae
504 1495 566 1522 vitae
584 1494 642 1522 fore
655 1495 814 1529 participes,
833 1495 880 1522 sed
905 1501 932 1523 et
957 1495 1053 1529 iudicii

1107 1499 1161 1526 ἀλλ’
1176 1499 1213 1531 ὼς
1228 1499 1272 1526 διὰ
1290 1499 1339 1534 τὴν
1357 1497 1507 1533 ταυτότητα
1519 1497 1567 1531 τῆς
1582 1495 1673 1527 οὐσίας
1690 1494 1737 1522 καὶ
1758 1495 1787 1520 ὲν
1807 1493 1891 1528 Πατρὶ

271 1539 409 1567 vitaturos
424 1540 588 1574 periculum,
605 1540 772 1575 justilicatos
783 1541 913 1568 nimirum
926 1541 1053 1572 aﬂirmat,

271 1586 374 1610 metum
394 1591 442 1618 spe
468 1585 579 1611 mistum
598 1586 733 1620 iujiciens.
752 1585 799 1612 Sic
820 1586 892 1612 enim
918 1585 1054 1613 eilicacior

270 1635 298 1656 et
315 1630 473 1671 expressior
498 1631 525 1658 in
559 1631 715 1659 auditorum
746 1631 844 1658 animis
876 1631 966 1659 futura
994 1636 1053 1660 erat

271 1675 371 1702 oratio.

1106 1544 1268 1580 τιμώμενος.
1291 1544 1359 1574 Τοὺς
1385 1543 1413 1569 δέ
1433 1551 1466 1577 γε
1495 1541 1681 1571 πιστεύοντας,
1705 1539 1735 1565 οὐ
1765 1537 1891 1572 μετόχους

1107 1589 1215 1616 ἔσεσθαι
1232 1589 1311 1625 μόνον
1329 1591 1378 1624 τῆς
1398 1588 1505 1615 αἰωνίου
1524 1587 1606 1622 ζωῆς,
1636 1586 1702 1613 ἀλλὰ
1725 1585 1772 1612 καὶ
1795 1584 1841 1610 τὸν
1863 1584 1892 1609 ἐγ

1105 1635 1156 1668 τῆς
1183 1635 1298 1668 κρίσεως
1320 1633 1508 1667 διαφεύξεσθαι
1532 1632 1668 1662 κίνδυνον,
1689 1629 1891 1664 δικαιουμένους

1106 1679 1226 1714 δηλονότι
1250 1679 1452 1714 διισχυρίζεται,
1475 1677 1677 1713 κεκερασμένον
1703 1675 1790 1702 ἑλπίδι
1829 1682 1890 1709 προσ

271 1719 365 1748 τείνων
387 1721 432 1748 τὸν
457 1722 548 1757 φόϐον.
571 1722 650 1750 Οὕτω
663 1722 716 1759 γὰρ
742 1720 776 1758 ἦν
796 1723 985 1759 ἐνεργέστερον
1018 1732 1076 1755 πως
1094 1725 1141 1751 καὶ
1167 1724 1372 1760 δεικτικώτερον
1392 1725 1447 1756 τοῖς
1468 1723 1652 1759 ἀκροωμένοις
1687 1720 1890 1756 ἀπεργάσασθαι

271 1766 315 1793 τὸν
325 1766 413 1801 λόγον.

307 1811 340 1845 ν,
352 1813 398 1840 ‘25.
418 1813 513 1845 Amen,
527 1821 603 1841 amen
616 1813 674 1841 dico
689 1815 772 1846 vobis,
788 1808 850 1850 ᾇιιὶα
863 1816 928 1842 venit
943 1815 1020 1845 liora,
1031 1819 1055 1842 et

271 1866 340 1885 nunc
358 1863 407 1891 est,
427 1859 532 1893 quando
547 1860 646 1886 mortui
669 1859 777 1887 audient
792 1868 879 1888 vocem
895 1859 961 1888 Filii
979 1861 1027 1888 Dei
1046 1869 1054 1887 :

269 1909 295 1931 et
308 1904 353 1938 qui
367 1903 511 1937 audierint,
527 1905 622 1933 vivent.

305 1949 373 1976 Cum
391 1949 508 1978 dixisset
530 1950 675 1979 credentes
691 1958 705 1978 a
722 1955 812 1979 morte
838 1952 1006 1979 transituros
1022 1951 1056 1978 ad

271 1995 365 2028 vitam,
386 1995 467 2023 modo
494 1996 615 2032 seipsum
644 1997 835 2033 promissionis
851 1997 925 2024 illius
946 1997 1056 2024 effecto-

270 2042 492 2077 rem,totiusque
504 2042 543 2070 rei
555 2047 804 2070 consummatorem
816 2043 962 2077 signiﬁcat,
973 2043 1055 2077 simul

270 2089 354 2116 etiam
370 2089 473 2117 Iudaeis
490 2089 615 2117 indicans
630 2090 784 2117 mirabilem
804 2097 899 2117 revera
918 2097 978 2118 eam
995 2097 1055 2125 qum

271 2139 393 2170 spectata
417 2140 459 2163 est
487 2135 514 2162 in
539 2135 689 2171 paralytico
711 2136 852 2168 virtutem,
867 2141 1053 2163 verumtamen

271 2181 441 2208 mirabiliora
454 2181 498 2208 his
514 2188 528 2207 a
546 2181 615 2208 Filio
629 2185 767 2216 patratum
781 2182 826 2213 iri,
839 2182 886 2216 qui
906 2189 962 2208 non
981 2189 1053 2208 mor-

269 2227 334 2254 bum
350 2227 485 2254 duntaxat
508 2231 535 2254 et
561 2227 651 2254 morbi
677 2227 852 2254 inﬁrmitates
870 2235 902 2254 ex
925 2227 1052 2255 humanis

270 2273 433 2308 corporibus
459 2272 587 2308 depellat,
601 2273 648 2300 sed
671 2278 698 2300 ct
723 2273 809 2308 ipsam
827 2273 909 2309 234
925 2277 1050 2306 mortem,

269 2321 297 2345 et
327 2318 503 2345 incubantem
543 2319 746 2353 corruptionem
784 2322 897 2346 evertat.
931 2318 1051 2353 ldipsum

269 2363 342 2390 enim
366 2368 409 2391 est
430 2364 502 2398 quod
523 2364 604 2398 paulo
620 2367 683 2391 ante
706 2363 809 2390 dictum
824 2369 865 2392 est
878 2365 899 2380 ⁸⁵
918 2373 925 2391 z
943 2374 952 2390 ι
972 2364 1053 2391 Pater

268 2408 357 2443 diligit
380 2408 490 2440 Filium,
507 2413 534 2436 et
559 2409 651 2436 omnia
673 2410 841 2438 demonstrat
865 2411 890 2438 ci
907 2418 969 2446 qua:
994 2411 1052 2446 ipse

269 2453 352 2488 facit;
365 2459 392 2482 et
409 2454 513 2489 majora
529 2454 571 2482 his
589 2455 792 2483 demonstrabit
809 2456 833 2483 ei
850 2464 942 2491 opera,
957 2460 988 2483 ut
1002 2464 1051 2483 vos

268 2500 418 2527 miremini.
438 2509 447 2526 ι
464 2500 616 2528 Admiratio
632 2501 704 2528 enim
730 2501 774 2528 illa
797 2502 885 2536 major
908 2502 936 2529 in
960 2510 1053 2530 resur-

268 2547 391 2574 rectione
417 2551 587 2573 mortuorum
609 2550 759 2581 spectatur.
778 2547 863 2574 Simul
881 2548 962 2575 etiam
984 2548 1051 2575 illud

269 2596 445 2625 astruens,cx
458 2599 512 2626 quo
523 2592 673 2620 verisimile
688 2597 746 2620 erat
761 2601 814 2620 non
831 2593 993 2620 mediocrem
1004 2602 1052 2620 au-

269 2638 404 2665 ditoribus
422 2638 534 2664 allatum
552 2638 584 2664 iri
600 2638 819 2672 admirationem,
829 2640 958 2666 nimirum
973 2639 1050 2667 exci-

268 2687 390 2710 taturum
405 2691 439 2710 sc.
449 2687 584 2715 mortuos,
601 2687 628 2711 et
642 2692 689 2712 eos
710 2685 738 2712 in
761 2685 897 2720 judicium
915 2685 1049 2712 adductu-

267 2735 342 2762 rum,
355 2728 497 2756 maniieste
512 2729 650 2763 priudicat,
668 2735 696 2757 ιιι
711 2738 744 2758 ex
767 2739 799 2758 co
813 2731 884 2765 quod
900 2739 929 2757 se
956 2739 1048 2758 coram

267 2780 300 2801 eo
316 2773 430 2802 stituros
444 2775 605 2809 aliquando,
618 2781 643 2803 (ιι
659 2777 793 2804 rationem
807 2776 840 2804 dc
858 2777 972 2812 singulis
991 2776 1049 2804 red-

305 2863 326 2877 ”
345 2863 442 2899 Supra,
459 2874 526 2892 vers.
552 2865 596 2892 ‘20.

1140 1814 1242 1849 Ἀμὴν,
1255 1813 1335 1847 ἀμὴν
1355 1811 1432 1846 λέγω
1456 1811 1538 1846 ὑμῖν,
1558 1811 1602 1837 ὅτι
1618 1810 1734 1844 ἔρχεται
1758 1809 1830 1844 ὥρα,
1845 1810 1890 1836 καὶ

1105 1861 1164 1888 νῦν
1177 1861 1272 1891 ἐστιν,
1286 1859 1334 1886 ὅτε
1353 1859 1380 1885 oi
1404 1858 1502 1891 νεκροί
1524 1857 1690 1884 ἀκούσουσι
1714 1856 1770 1890 τῆς
1792 1855 1890 1890 φωνῆς

1106 1906 1159 1933 τοῦ
1176 1905 1244 1932 Υἱοῦ
1264 1904 1317 1931 τοῦ
1330 1903 1413 1935 Θεοῦ,
1431 1903 1480 1929 καὶ
1497 1904 1523 1929 οι
1536 1902 1722 1934 ἀκούσαντες
1741 1901 1889 1933 (domat.

1141 1952 1189 1978 Ἐκ
1214 1951 1328 1978 θανάτου
1352 1949 1420 1984 πρὸς
1442 1948 1515 1983 ζωὴν
1540 1947 1739 1982 μεταϐήσεσθαι
1760 1947 1826 1978 τοὺς
1851 1956 1893 1974 1::-

1108 1998 1251 2029 στεύοντας
1277 1995 1370 2028 εἰπὼν,
1393 1995 1488 2021 ἑαυτὸν
1514 1994 1633 2030 εἰσφέρει
1655 1993 1703 2028 τῆς
1729 1993 1891 2027 ἐπαγγελίας

1107 2044 1235 2079 ἐργάτην,
1245 2043 1291 2069 καὶ
1306 2042 1366 2068 ὅλου
1383 2041 1430 2067 τοῦ
1445 2040 1606 2076 πράγματος
1621 2038 1812 2074 ἀποτελεστὴν,
1827 2038 1891 2074 ὁμοῦ

1109 2091 1157 2125 μὲν
1181 2090 1268 2116 ἐκεῖνο
1285 2090 1341 2120 τοῖς
1365 2087 1501 2131 Ἰουδαίοις
1524 2086 1754 2120 ὑπαινιττόμενος,
1771 2086 1813 2111 ὅτι
1830 2084 1892 2111 θαυ-

1109 2136 1196 2172 μαστὴ
1213 2135 1260 2170 μὲν
1274 2134 1357 2165 ὅντως
1367 2134 1441 2160 ἐστὶν
1454 2134 1470 2168 ή
1483 2133 1529 2158 ἐπὶ
1543 2132 1581 2166 τῷ
1594 2131 1804 2166 παραλελυμένῳ
1813 2130 1891 2157 δύνα-

1108 2190 1164 2216 μις,
1182 2179 1397 2214 ἀξιολογωτέρων
1411 2179 1432 2205 δ’
1449 2177 1495 2205 οὖν
1511 2178 1584 2212 ὅμως
1609 2177 1830 2212 ἀναδειχθὴσεται
1845 2176 1890 2211 δη-

1069 2218 1091 2248 D
1106 2226 1235 2262 μιουργὲις
1249 2227 1262 2252 ὁ
1272 2225 1345 2257 Υἱὸς,
1356 2225 1405 2251 οὐκ
1413 2224 1539 2260 apponi}
1545 2232 1582 2258 μα
1594 2223 1746 2258 μόνον,οὐδὲ
1752 2223 1802 2255 τὰς
1811 2224 1843 2249 ἐκ
1851 2223 1893 2248 νό-

1107 2282 1153 2300 σου
1175 2272 1309 2308 μαλακίας
1325 2271 1378 2298 τῶν
1395 2271 1570 2305 ἀνθρωπίνων
1587 2270 1735 2304 ἐξελαύνων
1747 2269 1889 2304 σωμάτων,

1105 2319 1173 2347 ἀλλὰ
1187 2319 1234 2346 καὶ
1250 2318 1332 2345 αὑτὸν
1344 2317 1394 2352 ἤδη
1409 2317 1454 2344 τὸν
1465 2317 1579 2344 θάνατον
1591 2317 1637 2342 καὶ
1644 2316 1693 2351 τὴν
1702 2315 1890 2350 ὲπισκήψασαν

1104 2365 1263 2401 ἀνατρέπων
1275 2363 1377 2398 φθορὰν
1396 2363 1483 2397 (τοῦτο
1503 2363 1557 2398 γὰρ
1568 2360 1600 2397 ἦν
1615 2362 1646 2388 τὸ
1664 2363 1710 2388 καὶ
1723 2361 1814 2396 μικρῷ
1826 2361 1890 2396 πρός

1103 2419 1182 2446 τερον
1192 2412 1251 2446 είρη
1257 2410 1335 2445 μένον
1344 2418 1350 2425 ·
1365 2420 1373 2435 ι
1385 2409 1413 2436 '0
1424 2409 1515 2444 Πατὴρ
1528 2409 1598 2443 φιλεῖ
1606 2409 1652 2434 τὸν
1663 2408 1736 2438 Υίὸν,
1747 2408 1794 2433 καὶ
1804 2407 1888 2433 πάντα

1103 2456 1246 2488 δείκνυσιν,
1255 2456 1273 2482 ἀ
1283 2455 1363 2486 αὐτὸς
1372 2456 1453 2485 ποιεῖ,
1466 2454 1511 2481 καὶ
1522 2454 1631 2489 μείζονα
1641 2453 1742 2479 τούτων
1754 2452 1836 2485 δείξει
1847 2452 1889 2478 αὐ-

1101 2503 1140 2537 τῷ
1149 2502 1228 2537 ἔργα,
1240 2502 1283 2528 ἵνα
1295 2502 1373 2536 ὑμεῖς
1384 2500 1552 2535 θαυμάζητε.
1568 2510 1577 2525 υ
1589 2499 1625 2525 Τὸ
1635 2499 1687 2534 γὰρ
1695 2499 1722 2524 ὲν
1735 2497 1775 2532 τῷ
1784 2497 1887 2532 θαυμά-

1102 2548 1195 2580 ζεσθαι
1208 2546 1339 2581 μεῖζον,ἐν
1353 2548 1382 2581 τῇ
1397 2546 1451 2572 τῶν
1462 2545 1566 2580 νεκρῶν
1575 2545 1720 2570 ἀναστάσει
1737 2543 1886 2578 φαίνεται)

1101 2594 1168 2628 ὁμοῦ
1197 2593 1225 2619 δὲ
1248 2593 1328 2619 πάλιν
1343 2593 1430 2619 ἐκεῖνο
1443 2590 1667 2622 κατασκευάζων,
1682 2590 1750 2624 ὅπερ
1764 2587 1798 2624 ἦν
1818 2589 1887 2619 εἰκὸς

1101 2640 1150 2666 οὐκ
1165 2640 1193 2666 ἐν
1204 2639 1286 2674 ὀλίγῳ
1298 2639 1389 2673 μέτρῳ
1400 2638 1597 2671 καταπτοήσειν
1610 2637 1671 2667 τοὺς
1686 2635 1884 2671 ἀκραυμένους·

1102 2683 1206 2719 ὅτιγὰρ
1217 2684 1261 2710 καὶ
1273 2683 1418 2718 ἀναστήσει
1433 2682 1495 2713 τοὺς
1513 2682 1634 2716 νεκροὺς,
1652 2681 1697 2707 καὶ
1716 2681 1784 2716 πρὸς
1799 2680 1887 2714 κρίσιν

1103 2729 1160 2761 ἄξει
1173 2729 1203 2755 τὸ
1219 2727 1491 2764 ποίημα,διαγορεύει
1509 2727 1611 2761 σαφῶς,
1628 2727 1671 2753 ἵνα
1683 2726 1721 2761 τῷ
1736 2725 1885 2760 προσδοκᾷν

1104 2775 1175 2810 αὐτῷ
1197 2773 1417 2809 παραστήσεσθαὶ
1445 2782 1518 2804 ποτε,
1546 2774 1591 2799 καὶ
1619 2773 1662 2799 τὸν
1691 2773 1732 2806 ἐφ’
1765 2772 1885 2801 ἑκάστοις
