2026 3123
167 180 218 209 381

687 178 720 206 IN
731 177 872 206 JOANNIS
888 177 1110 208 EVANGELIL'M
1132 180 1194 208 LIB.
1215 178 1246 208 ll.

1739 179 1791 208 38).

166 237 319 264 ἀποδώσειν
335 237 423 271 λόγον,
436 237 610 273 ὀκνηρότεροι
632 237 681 272 μέν
703 246 762 269 πως
782 238 822 269 εἰς
842 237 890 273 τὴν
912 237 958 263 ἐπὶ

1014 238 1114 266 [ΙῙιιιι-οε
1138 239 1294 272 sperabant,
1315 238 1492 274 persequendi
1509 237 1622 265 audacia
1641 237 1789 268 retardata,

166 283 198 310 τὸ
220 283 327 310 διώκειν
351 283 431 310 αὐτὸν
455 283 624 318 εὑρίσκοιντο
647 283 767 318 τόλμαν,
790 283 907 318 δέχοιντο
929 283 958 308 δὲ

167 328 372 364 προθυμότερον
402 329 453 364 ἤδη
474 328 520 354 τὸν
538 329 587 364 τῆς
612 328 784 359 διδασκαλίας
798 337 828 355 τε
849 328 895 354 καὶ
908 328 958 362 ὑφ-

165 375 294 410 ηγήσεως
317 374 404 408 λόγον.
420 375 465 406 Εἰς
477 374 560 400 ταῦτα
584 375 633 409 μὲν
654 372 698 400 οὖν
720 375 734 400 ὀ
749 374 794 400 τοῦ
812 373 957 408 κεφαλαίου

167 421 268 451 σκοπὸς
286 421 381 456 ὁρᾶται
395 421 444 449 ,καὶ
471 420 647 446 συντείνεται.
674 420 711 446 Τὸ
736 420 762 445 δὲ
783 420 850 454 πρὸς
871 419 956 451 λέξιν,

167 466 242 500 ἡμᾶς
267 467 414 500 ἀναγκαῖον
441 465 622 492 ἀπολευκάναι
651 465 751 492 λοιπόν.
773 466 803 492 'U
838 465 886 500 μὲν
912 463 958 492 οὖν

167 511 267 543 κοινὸς,
284 512 321 543 ὡς
336 512 433 544 ἔοικεν,
448 512 503 547 ἔχει
526 512 619 546 λόγος,
642 513 678 544 ὡς
695 512 754 547 ἥξει
771 512 835 538 ποτὲ
853 511 957 546 καιρὸς,

167 558 228 584 καθ’
248 558 277 583 ὃν
294 558 454 585 ἀκούσονται
478 559 528 593 τῆς
547 558 591 584 τοῦ
617 558 805 589 διανιστῶντος
824 558 914 592 φωνῆς
934 558 957 583 oi

168 602 280 639 νεκροί“·
301 606 427 639 παρεῖναι
446 604 473 630 δὲ
487 604 533 630 καὶ
550 603 596 630 νῦν
616 604 690 630 οὐδὲν
708 601 787 639 ἧττον
802 603 959 638 ὑπολαμϐά-

169 659 260 678 νουσιν
277 651 366 682 αὐτὸν,
381 650 446 686 ἢὼς
464 651 590 686 Λαζάρου
607 650 685 685 τυχὸν
701 650 751 684 τῆς
770 649 817 676 τοῦ
834 650 958 684 Σωτῆρος

169 697 353 730 ἀκουσομένον
379 696 480 731 φωνῆς,
500 696 517 732 ἢ
541 696 589 723 καὶ
609 697 722 732 νεκροὺς
746 694 813 722 εἶναι
835 695 958 730 λέγοντες

168 742 232 774 τοὺς
244 741 320 768 οὔπω
334 741 377 768 διὰ
393 743 442 777 τῆς
458 741 574 773 πίστεως
591 743 630 773 εἰς
647 741 752 767 αἰώνιον
769 741 958 776 ἀνακεκλημέ-

167 795 231 818 νους
249 787 331 822 ζωὴν,
355 787 379 814 οἳ
408 787 440 823 δὴ
470 788 516 814 καὶ
543 788 651 819 πάντως
676 788 715 819 εἰς
737 787 822 822 αὐτὴν
848 786 958 821 ἔμελλον

167 833 361 868 ἀναϐήσεσθαι,
378 833 425 869 τὴν
456 833 503 860 τοῦ
519 833 645 868 Σωτῆρος
668 832 840 860 διδασκαλίαν
869 825 959 868 παρα-

166 875 318 911 δεξάμενοι.
339 878 392 904 Καὶ
411 877 490 910 σώζει
509 878 557 913 μὲν
576 878 659 909 ὅντως
671 878 721 913 τῆς
734 877 850 913 θεωρίας
867 878 881 904 ὁ
896 877 959 911 τρό-

1010 284 1132 312 alacrius
1147 285 1255 312 tandem
1281 285 1414 312 doctrina:
1438 289 1464 312 et
1480 285 1662 312 institutionis
1687 291 1791 312 sermo-

1010 338 1071 356 nem
1091 331 1228 357 audirent.
1242 331 1279 357 Εο
1295 330 1387 365 itaque
1402 331 1500 364 capitis
1520 331 1593 357 illius
1611 337 1711 364 scopus
1730 336 1791 364 per-

1009 375 1087 401 tinet.
1104 375 1182 408 Quod
1205 379 1295 402 autem
1319 375 1352 402 ad
1369 376 1451 402 verba
1468 379 1583 410 spectat,
1598 375 1790 410 explicandum

1009 421 1088 448 nobis
1103 426 1239 456 superest.
1254 421 1413 448 Communis
1428 421 1563 456 expositio
1578 425 1630 452 est,
1647 425 1790 447 venturum

1009 467 1159 501 aliquamlo
1181 471 1288 501 tempus
1313 474 1368 501 quo
1388 466 1489 493 mortui
1513 465 1673 493 suscitantis
1697 473 1791 492 vocem

1010 513 1122 540 audient
1138 522 1145 541 :
1161 513 1208 540 sed
1228 516 1255 540 et
1276 519 1349 539 nunc
1371 512 1468 539 adesse
1492 511 1670 538 nihilominus
1703 511 1792 544 ipsum

1009 558 1177 590 existimant,
1191 561 1237 585 aut
1257 558 1338 593 quasi
1357 557 1471 589 Lazaro,
1484 555 1603 591 exempli
1620 555 1718 591 gratia,
1733 555 1793 581 Sal-

1008 604 1113 632 vatoris
1134 611 1228 631 vocem
1250 603 1389 636 audituro,
1417 607 1464 629 aut
1491 601 1573 629 etiam
1593 599 1666 635 quod
1692 599 1793 626 mortui

1009 650 1135 677 dicantur
1148 650 1166 676 ii
1183 649 1229 684 qui
1246 649 1368 676 nondum
1383 656 1431 683 per
1447 647 1526 675 ﬁdem
1546 646 1580 674 ad
1595 651 1725 673 aeternam
1746 652 1794 671 vo-

1009 695 1063 722 cati
1078 696 1133 723 sint
1151 695 1246 727 vitam,
1260 694 1361 729 quique
1373 694 1405 720 ad
1419 700 1478 720 eam
1497 695 1624 726 suscepta
1642 689 1793 718 Salvatoris

1009 740 1134 767 doctrina
1149 743 1226 767 erant
1237 739 1382 766 evehendi.
1394 737 1426 765 Et
1442 738 1499 765 hate
1514 737 1623 772 quidem
1639 734 1793 770 explicandi

1009 787 1079 813 ratio
1099 793 1155 821 prae
1177 793 1208 813 se
1228 785 1280 813 fert
1304 785 1423 820 aliquam
1450 783 1728 814 verisimilitudinem,
1745 779 1792 808 sed

1009 832 1150 859 veritatem
1177 831 1350 866 neutiquam.
1366 830 1457 863 Quare
1480 830 1615 857 dictorum
1631 828 1684 855 vim
1703 826 1792 854 revol-

1010 883 1104 905 ventcs
1118 877 1221 909 animo,
1235 876 1484 904 convenientiorem
1506 876 1545 902 eis
1557 881 1666 902 sensum
1688 871 1792 907 aptabi-

166 931 217 954 πος
235 923 265 949 τὸ
283 924 311 949 ἐν
327 924 483 958 πιθανότητι
499 924 601 959 σχῆμα,
615 924 646 950 τὸ
664 923 692 950 δὲ
705 923 818 959 ἀκριῦὲς
828 923 858 950 οὐ
871 923 952 951 πάνυ.

1014 930 1080 954 nus,
1104 927 1131 950 et
1151 923 1297 950 lectionem
1315 921 1389 948 hunc
1413 921 1440 948 in
1458 921 1567 948 modum
1585 919 1791 955 patefaciemus.

166 970 211 997 Διὸ
236 971 275 1006 δὴ
291 972 371 998 πάλιν
396 972 446 1007 τὴν
467 971 521 998 τῶν
547 971 700 1006 λεγομένων
724 970 951 1005 ἀναμασσώμενοι
969 969 1093 1005 δύναμιν,
1114 970 1160 996 τὸν
1196 967 1417 1004 πρεπωδέστερον
1454 975 1513 998 πως
1534 967 1623 997 αὐτοῖς
1642 964 1794 1000 ἐφαρμόσο-

168 1025 218 1051 μεν
237 1017 308 1048 νοῦν,
326 1017 515 1052 διαστελοῦμεν
526 1017 554 1043 δὲ
572 1016 642 1043 οὕτω
660 1016 691 1043 τὸ
706 1016 884 1051 ἀνάγνωσμα.

205 1074 215 1090 ι
236 1065 333 1100 Ἀμὴν,
353 1064 425 1099 ἀμὴν
444 1064 515 1098 λέγω
538 1063 612 1099 ὑμῖν,
631 1064 671 1090 ὅτι
695 1063 804 1099 ἔρχεται
826 1063 895 1099 ὥρα,
913 1061 959 1089 καὶ

167 1110 216 1137 νῦν
229 1112 313 1141 ἐστιν,
333 1111 377 1137 ὅτε
400 1111 424 1137 οἱ
453 1110 544 1146 νεκροὶ
569 1109 715 1136 ἀκούσουσι
733 1110 782 1144 τῆς
803 1109 893 1144 φωνῆς
912 1107 958 1135 τοῦ

168 1157 235 1183 Tia?)
255 1157 301 1183 τοῦ
318 1153 394 1183 Θεοῦ.
421 1166 431 1183 ι
450 1156 520 1192 Ὦρα
541 1156 660 1192 δηλονότι
685 1155 776 1186 πάλιν,
800 1155 844 1181 ὅτε
866 1155 913 1181 καὶ
934 1155 959 1181 οἱ

170 1202 335 1233 ἀκούσαντες
355 1202 489 1236 ζήσονται.
505 1201 553 1228 Διὰ
575 1201 624 1236 μὲν
639 1198 685 1227 οὖν
700 1200 753 1226 τῶν
773 1201 801 1226 ὲν
815 1200 897 1236 ἀρχῇ,
915 1200 960 1227 τδν

170 1248 221 1283 τῆς
245 1248 418 1279 ἀναστάσεως
442 1247 568 1282 σημαίνει
589 1246 693 1281 καιρὸν,
712 1246 773 1272 καθ’
790 1246 875 1283 ὃνιείς
893 1247 960 1272 ἀπο-

170 1279 264 1326 λοῆνίαν
282 1292 332 1327 τῆς
345 1293 372 1318 ἐν
387 1279 485 1327 κόσμῴ-
492 1291 563 1326 ζωῆς
583 1279 781 1326 ἀναστήσεσθαι
797 1279 859 1322 τοὺς
874 1299 962 1317 κεκοι-

173 1338 311 1373 μημένους
325 1337 368 1364 διὰ
381 1337 430 1372 τῆς
444 1337 490 1364 τοῦ
506 1337 675 1368 διδάσκοντος
690 1336 842 1363 ἐκδιδάσκει
858 1337 959 1371 φωνῆς,

171 1385 216 1410 ἵνα
233 1384 357 1419 καθάπερ
372 1384 422 1419 ἤδη
439 1384 579 1418 προεῖπον,
600 1382 693 1417 ὥσπερ
707 1382 768 1409 τινὰ
792 1382 896 1417 χαλινὸν
916 1381 961 1408 τὸν

126 1464 130 1470 ⁴
171 1429 297 1456 ἐντεῦθεν
313 1430 402 1461 αὐτοῖς
417 1430 563 1464 ἐπινοήσας
580 1429 669 1464 φόῆον,
687 1428 777 1460 καλῶς
806 1427 839 1463 δὴ
861 1427 962 1463 σφόδρα

171 1475 221 1502 καὶ
249 1474 437 1509 ἐπιστημόνως
457 1474 590 1509 ἀναπείσῃ
616 1473 700 1508 βιοῦν.
726 1472 774 1500 Διὰ
803 1473 831 1499 δὲ
853 1472 907 1499 τῶν
934 1473 962 1498 ὲν

171 1521 297 1556 ὑστέροις
318 1521 363 1547 τὸν
384 1520 430 1547 τοῦ
460 1522 558 1556 χρῆναι
584 1519 722 1546 πιστεύειν
750 1519 823 1554 αὐτῷ
844 1518 962 1545 δείκνυσι

171 1567 295 1602 παρόντα
312 1566 416 1602 καιρὸν,
433 1566 499 1593 ἀλλὰ
513 1566 561 1592 καὶ
573 1565 622 1600 τῆς
637 1564 792 1595 εὐπειθείας
804 1563 898 1599 μισθὸν
911 1564 961 1598 τὴν

171 1614 280 1641 αἰώνιον
300 1613 407 1639 ἔσεσθαί
435 1621 500 1647 φησι
522 1611 608 1645 ζωὴν,
631 1611 771 1646 μονονουχὶ
796 1609 915 1636 τοιοῦτόν
934 1617 960 1634 τι

170 1659 273 1694 δηλῶν·
290 1659 387 1692 Ἧξετε
406 1659 503 1689 πάντες
519 1658 558 1688 είς
574 1656 674 1692 κρίσιν,
688 1654 710 1682 ὧ
728 1652 811 1687 οὗτοι,
827 1655 897 1681 κατὰ
916 1654 961 1680 τὸν

171 1707 221 1740 τῆς
237 1705 409 1735 ἀναστάσεως
420 1703 540 1739 δηλονότι
557 1703 660 1737 καιρὸν,
674 1701 731 1729 ἀλλ’
744 1702 768 1727 εἰ
784 1701 880 1736 πικρὸν
898 1700 962 1735 ὑμῖν

170 1753 202 1778 τὸ
221 1750 382 1783 κολάζεσθαι
398 1749 479 1781 δοκεῖ,
497 1749 543 1775 καὶ
554 1748 721 1783 ἀπεράντους
735 1746 913 1781 λελυπημένῳ
924 1745 963 1780 τῷ

171 1797 293 1832 κρίνοντι
315 1796 363 1827 τὰς
384 1796 460 1827 δίκας
485 1795 605 1830 ὑπέχειν,
629 1793 666 1829 μὴ
691 1793 874 1828 παρατρέχειν
898 1791 962 1818 ἐᾶτε

170 1844 218 1870 τὸν
236 1844 285 1877 τῆς
309 1842 463 1873 εὐπειθείας
487 1841 592 1876 καιρὸν,
615 1841 672 1867 ἀλλ’
691 1839 730 1866 ἐτι
752 1838 884 1873 παρόντος
904 1838 964 1863 ὲπι-

171 1890 359 1925 δραττόμενοι,
372 1889 439 1924 πρὸς
454 1888 501 1923 τὴν
513 1887 619 1915 αἰώνιον
634 1886 705 1922 ζωὴν
722 1884 877 1912 ἀναὸαίνειν
891 1883 965 1909 ἐπεί-

172 1936 268 1971 γεσθε,

212 1983 326 2015 Ὥσπερ
342 1981 396 2016 γὰρ
411 1982 427 2008 ὁ
449 1979 550 2014 Πατὴρ
568 1981 630 2014 ἔχει
647 1978 723 2013 ζωὴν
744 1978 778 2005 ἐν
793 1975 899 2009 ἐαυτῷ,
916 1975 967 2002 οὕ-

173 2035 233 2060 τως
257 2027 305 2053 καί
317 2026 356 2059 τῷ
377 2026 432 2058 Υίῷ
445 2025 553 2052 δέδωκε
566 2024 642 2059 ζωὴν
653 2025 734 2059 ἔχειν
749 2023 782 2050 ἐν
796 2022 903 2055 ἐαυτῷ,
915 2020 966 2047 καί,

173 2075 322 2107 ἐξουσίαν
342 2074 454 2100 ἔδωκεν
478 2072 557 2105 αὐτῷ
589 2072 638 2099 καί
665 2071 764 2106 κρίσιν
786 2069 896 2101 ποιεῖν,
922 2067 966 2095 ὅτι

179 2120 247 2154 Υἱὸς
261 2119 416 2154 ἀνθρώπου
432 2119 526 2146 ἐστίν.

214 2167 285 2202 Ὅρα
300 2166 329 2200 δή
344 2174 389 2200 μοι
404 2164 482 2191 πάλιν
503 2164 549 2190 καὶ
574 2163 622 2198 τὴν
642 2163 670 2189 ἐν
682 2163 785 2193 τούτοις
801 2159 966 2194 οἰκονομίαν,

176 2212 222 2239 ἵνα
240 2211 288 2238 τοῦ
313 2210 390 2244 λόγου
409 2209 552 2245 θαυμάσῃς
567 2208 595 2234 τὸ
620 2208 720 2243 σχῆμα.
739 2207 786 2234 καὶ
804 2206 840 2241 μὴ
864 2206 919 2236 τοῖς
939 2204 968 2238 ἐξ

1048 1069 1056 1085 ι
1076 1059 1172 1091 Amen,
1189 1066 1267 1086 amen
1295 1059 1357 1087 dico
1382 1059 1470 1091 vobis,
1485 1057 1550 1093 quia
1578 1057 1652 1084 venit
1666 1057 1744 1089 liora,
1768 1061 1794 1084 et

1010 1114 1083 1134 nunc
1109 1109 1168 1138 est,
1190 1105 1301 1141 quando
1336 1105 1436 1132 mortui
1467 1103 1579 1130 audient
1609 1109 1704 1129 vocem
1732 1101 1793 1128 Filii

1010 1151 1070 1179 Dei.
1095 1162 1104 1178 ›
1123 1152 1195 1178 llora
1220 1151 1347 1179 videlicet
1372 1157 1482 1177 rursum
1509 1153 1559 1179 est.
1579 1147 1690 1183 quando
1704 1151 1730 1174 et
1746 1146 1794 1181 qui

1011 1198 1159 1230 audierint,
1180 1197 1281 1225 vivent.
1308 1196 1450 1224 Prioribus
1482 1195 1566 1230 igitur
1581 1193 1673 1221 verbis
1701 1201 1795 1221 resur-

1010 1242 1140 1270 rectionis
1156 1246 1262 1277 tempus
1282 1241 1429 1276 signiﬁcat,
1443 1248 1496 1274 quo
1513 1240 1547 1266 ad
1565 1238 1730 1266 reddendam
1748 1246 1794 1264 ra-

1010 1289 1111 1316 tionem
1129 1288 1192 1315 vitae
1213 1288 1240 1314 in
1257 1288 1309 1315 hoc
1326 1282 1428 1314 mdndo
1443 1289 1560 1320 peracta:
1581 1284 1744 1312 suscitatum
1761 1283 1794 1310 iri

1011 1339 1134 1361 mortuos
1152 1334 1257 1366 edocet,
1276 1337 1305 1360 ut
1318 1341 1375 1364 eos,
1391 1330 1622 1367 quemadmodum
1638 1330 1714 1364 prius
1738 1329 1794 1363 jam

1012 1380 1080 1412 dixi,
1097 1380 1180 1415 hujus
1200 1381 1239 1407 rei
1264 1379 1411 1406 formidine
1431 1377 1509 1412 quasi
1539 1375 1744 1410 frenoquodam
1767 1374 1794 1400 in

1011 1430 1087 1454 recta
1101 1430 1128 1454 et
1146 1426 1261 1453 honesta
1277 1424 1387 1452 vivendi
1411 1423 1516 1451 ratione
1533 1421 1682 1449 contineat.
1703 1420 1796 1447 Postc—

1011 1472 1130 1499 rioribus
1154 1475 1243 1498 autem
1268 1471 1359 1498 verbis
1382 1473 1492 1503 tempus
1519 1467 1542 1495 ei
1568 1465 1695 1494 credendi
1721 1472 1795 1492 nunc

1011 1516 1107 1544 adesse
1126 1515 1257 1546 declarat,
1270 1514 1318 1541 sed
1330 1517 1357 1541 et
1380 1513 1541 1540 obedientia‘:
1559 1511 1698 1546 praemium
1717 1515 1796 1536 a'ter-

1013 1569 1073 1589 nam
1089 1562 1172 1588 vitam
1186 1560 1244 1588 fore
1262 1560 1309 1593 ait,
1322 1559 1376 1586 tale
1390 1558 1529 1594 quidpiam
1546 1555 1743 1592 propemodum
1758 1554 1800 1582 si-

1013 1609 1146 1646 gniﬁcans
1169 1607 1312 1636 :"enietis
1336 1615 1429 1636 omnes
1456 1606 1489 1632 ad
1515 1604 1660 1640 judicium,
1675 1607 1797 1637 tempore

1012 1654 1226 1683 resurrectionis
1243 1653 1378 1685 videlicet,
1401 1651 1448 1679 sed
1465 1651 1489 1678 si
1509 1651 1586 1677 vobis
1611 1649 1740 1676 acerbum
1757 1648 1798 1674 vi-

1014 1701 1093 1728 detur
1117 1699 1250 1727 odensum
1281 1698 1402 1734 judicent
1429 1705 1444 1724 a
1472 1696 1553 1724 vobis
1581 1693 1798 1727 interminabiles

1014 1754 1111 1783 poenas
1127 1749 1259 1781 repetere,
1269 1745 1352 1771 nolite
1360 1743 1439 1779 235
1451 1741 1596 1770 obedicndi
1612 1745 1719 1776 tempus
1731 1747 1799 1774 prae-

1015 1792 1176 1824 termittere,
1199 1790 1246 1818 sed
1271 1790 1337 1817 illud
1353 1790 1408 1823 jam
1424 1796 1545 1823 praesens
1565 1787 1743 1822 arripientes,
1765 1784 1798 1812 ad

1015 1843 1144 1865 aeternam
1165 1838 1248 1864 vitam
1266 1835 1416 1863 ascendere
1435 1833 1564 1861 nitimini.

1052 1971 1085 2003 V,
1096 1969 1196 2002 26,97.
1213 1968 1288 1996 Sicut
1303 1967 1370 1994 enim
1382 1966 1463 1994 Pater
1479 1965 1554 1992 habet
1570 1964 1649 1991 vitam
1662 1963 1688 1990 in
1704 1967 1799 1990 semet-

1017 2018 1073 2052 ipso
1087 2037 1094 2048 ,
1114 2016 1152 2043 sic
1165 2014 1236 2042 dedit
1253 2019 1276 2041 et
1294 2013 1366 2040 Filia
1392 2012 1486 2039 [tubere
1501 2012 1582 2038 vitam
1597 2011 1623 2037 in
1646 2008 1800 2042 semetipso:

1017 2067 1042 2090 et
1062 2066 1216 2096 potestatem
1232 2059 1303 2088 dedit
1320 2059 1344 2086 ei
1360 2058 1490 2094 judicium
1512 2057 1607 2091 facere,
1628 2056 1689 2090 quia
1711 2054 1799 2081 Filius

1019 2108 1131 2136 hominis
1147 2111 1196 2134 est.

1053 2153 1248 2181 Animadverte
1272 2159 1370 2179 rursus
1389 2150 1487 2177 horum
1505 2150 1652 2177 verborum
1679 2146 1800 2181 disposi-

1019 2200 1139 2231 tionem,
1163 2202 1193 2225 ut
1216 2197 1326 2225 dicendi
1348 2196 1465 2224 formam
1492 2195 1617 2227 mireris,
1640 2198 1666 2221 ct
1691 2201 1725 2220 ne
1746 2200 1802 2227 prae

177 2257 298 2292 ἀμαθίας
320 2237 492 2290 περιπίπτων
513 2237 679 2285 σκανδάλοίς,
697 2252 778 2284 αὐτὸς
863 2251 962 2287 castth

1021 2246 1157 2281 imperitia
1178 2245 1206 2272 in
1223 2243 1389 2271 omansiones
1413 2243 1573 2273 incurrens,
1594 2241 1652 2275 ipse
1676 2239 1724 2266 tibi
1744 2237 1802 2265 σκῖ-

177 2303 304 2333 καλέσεις
322 2302 370 2336 τὴν
399 2300 545 2327 ἀπώλειαν.
563 2299 722 2334 Ἀνθρωπος
743 2298 884 2334 ὑπάρχων,
905 2298 966 2324 ὅσον

179 2350 219 2380 εἰς
234 2348 283 2384 τὴν
300 2347 379 2382 φύσιν
393 2347 438 2373 τοῦ
457 2346 592 2382 σώματος,
607 2346 621 2371 ὁ
637 2344 802 2379 Μονογενὴς,
818 2344 865 2370 καὶ
877 2344 914 2375 ὠς
927 2342 967 2376 εἷς

179 2395 210 2427 ἐξ
225 2394 305 2430 ἡμῶν
323 2394 369 2420 ἐπὶ
387 2393 434 2428 τῆς
449 2393 498 2426 γῆς
514 2392 553 2418 ἔτι
570 2391 639 2426 μετὰ
654 2390 753 2425 σαρκὸς
765 2389 911 2425 ὁρώμενος,
922 2390 969 2416 καὶ

178 2443 236 2472 τοῖς
258 2439 393 2470 Ἰουδαίοις
414 2437 588 2473 πολυτρόπως
612 2436 646 2463 τὰ
668 2436 735 2470 πρὸς
755 2435 891 2470 σωτηρίαν
913 2436 969 2461 εἰσ-

179 2486 343 2522 ηγούμενος,
358 2484 404 2511 δύο
418 2483 585 2519 πραγμάτων
604 2481 762 2517 θεοπρεπῶν
777 2481 865 2516 ἐαυτῷ
889 2489 968 2515 περι-

180 2532 289 2558 τέθεικε
311 2531 361 2566 τὴν
387 2529 575 2565 λαμπρότητα.
592 2529 652 2554 Ὅτι
677 2529 731 2563 γὰρ
753 2527 800 2554 καὶ
823 2527 969 2561 ἀναστήσει

181 2579 245 2610 Iob;
269 2576 402 2611 νεκροὺς,
426 2576 473 2602 καὶ
501 2574 714 2610 κριθησομένους
739 2574 909 2608 παραστήσει
930 2572 970 2608 τῷ

181 2621 276 2656 οίκείῳ
290 2619 587 2656 βήματι,διε6ε6αιοῦτο
602 2619 694 2653 σαφῶς
705 2626 711 2632 ·
727 2618 782 2645 ἀλλ’
799 2616 832 2653 ἦν
844 2617 889 2644 καὶ
908 2618 971 2652 σφό-

181 2667 232 2702 δρα
249 2666 324 2698 εἰκὺς
337 2665 519 2700 δυσχεραίνειν
534 2665 579 2691 ἐπὶ
592 2665 677 2700 τούτῳ
692 2665 754 2696 τοὺς
770 2664 971 2699 ἀκροωμένους,

184 2711 369 2746 ἐγκαλοῦντας
393 2710 459 2744 ἥδη,
478 2709 524 2736 καὶ
546 2709 652 2735 διώκειν
674 2709 788 2743 εὐλόγως
809 2709 890 2735 αὐτὸν
906 2708 972 2735 ὑπο-

185 2757 346 2788 πτεύοντας,
362 2756 407 2787 ὅτι,
430 2755 540 2791 Πατέρα
564 2756 628 2782 ίδιον
656 2755 730 2789 ἔλεγε
753 2755 797 2781 τὸν
820 2754 902 2785 Θεὸν,
917 2754 973 2780 ἴσον

184 2804 283 2831 ἑαυτὸν
307 2803 391 2829 ποιῶν
415 2802 453 2837 τῷ
467 2802 535 2836 Θεῷ.
550 2803 731 2838 Ἀνακεράσας
752 2801 839 2829 τοίνυν
866 2800 974 2835 ἐξουσίᾳ

226 2889 249 2902 ⁴¹²
269 2892 368 2926 Supra,
382 2899 408 2924 ν,
427 2891 467 2918 l8.

1020 2293 1089 2320 timn
1103 2299 1241 2319 arcessas.
1255 2290 1340 2317 Homo
1353 2296 1414 2316 cum
1428 2291 1500 2316 esset
1518 2287 1695 2321 Uuigenitus,
1713 2283 1803 2319 quoad

1021 2337 1147 2372 corporis
1161 2341 1301 2368 naturam,
1322 2339 1349 2362 et
1364 2334 1434 2362 sicut
1450 2341 1522 2360 unus
1539 2340 1570 2359 ex
1585 2332 1663 2358 nobis
1681 2330 1708 2357 in
1730 2334 1802 2356 terra

1022 2391 1083 2411 cum
1104 2390 1187 2410 carne
1203 2381 1293 2409 adhuc
1307 2383 1462 2416 appareret,
1486 2386 1517 2405 ac
1541 2377 1644 2405 Judzcis
1661 2375 1802 2410 multiplici

1021 2428 1129 2455 ratione
1147 2430 1344 2462 cxponeretea
1367 2433 1429 2460 qua:
1455 2423 1487 2450 ad
1511 2423 1628 2450 salutem
1655 2422 1803 2457 pertinent,

1022 2473 1139 2500 duarum
1161 2479 1320 2507 magnarum
1340 2478 1431 2498 rerum
1455 2473 1483 2496 et
1506 2467 1559 2494 Deo
1581 2466 1804 2494 convenientium

1022 2520 1173 2549 claritatem
1195 2518 1248 2545 sibi
1272 2516 1442 2544 conciliavit.
1473 2514 1539 2542 Nam
1560 2518 1587 2541 et
1603 2521 1617 2540 a
1634 2521 1663 2540 se
1681 2516 1805 2540 mortuos

1024 2567 1189 2596 suscitatum
1203 2564 1247 2594 iri,
1260 2567 1287 2590 ct
1299 2561 1465 2598 judicandos
1478 2561 1512 2587 ad
1528 2567 1607 2588 suum
1623 2559 1741 2586 tribunal
1756 2564 1806 2585 au-

1024 2614 1135 2640 ductum
1153 2611 1186 2637 iri
1207 2609 1294 2644 palam
1327 2607 1498 2634 afﬁrmabat:
1515 2605 1562 2633 sed
1581 2605 1722 2640 probabile
1745 2607 1805 2631 erat

1025 2659 1166 2686 auditores
1181 2663 1240 2684 eam
1260 2661 1316 2681 rem
1344 2660 1414 2688 aegre
1434 2651 1581 2679 admodum
1611 2651 1726 2682 laturos,
1744 2658 1805 2676 cum

1023 2706 1079 2742 jam
1101 2712 1162 2732 eum
1187 2701 1436 2738 reprehenderent,
1461 2702 1488 2726 et
1510 2699 1573 2733 jure
1595 2696 1726 2725 insectari
1753 2696 1806 2724 sibi

1026 2740 1232 2788 persuaderent,
1242 2747 1370 2782 quoniam
1381 2745 1488 2772 Patrem
1499 2751 1579 2772 suum
1590 2742 1699 2770 dicebat
1710 2740 1805 2771 Deum,

1028 2797 1160 2833 mqualcm
1177 2804 1205 2824 sc
1219 2794 1323 2822 faciens
1341 2791 1437 2820 Deo".
1457 2789 1554 2817 Divina
1575 2789 1666 2823 itaque
1685 2789 1803 2822 potesta-
