2026 3123
561 182 568 197 1

272 209 322 237 35f

780 208 808 236 S.
833 208 973 237 CYRILLI
992 209 1228 238 ALEXANDRINI
1243 208 1402 238 ARCHIEP.

1847 205 1900 233 532

273 267 334 301 ipso
350 265 501 294 secundum
518 269 644 293 naturam
674 269 716 293 est
747 266 848 300 Filius,
879 275 932 294 non
966 267 1059 302 utique

1121 267 1179 304 τρὺς
1199 267 1327 294 σύστασιν
1352 267 1454 302 κόσμου
1477 264 1523 292 καὶ
1545 263 1614 291 κατὰ
1642 263 1790 294 Σαϐϐαῖον,
1808 262 1833 289 εἰ
1857 259 1900 289 καὶ

272 312 301 341 i.n
331 313 461 340 omnibus
493 320 554 348 quae
570 312 660 341 Patris
676 317 740 341 sunt
773 318 903 349 operetur
926 321 958 342 ac
977 314 1058 348 velit,

272 366 328 385 non
347 359 425 394 quasi
452 359 563 386 aliunde
590 364 720 394 tanquam
739 367 753 386 a
778 360 911 395 magistro
937 360 1060 388 faciendi

272 403 430 438 exemplum
450 404 588 439 accipiat,
605 408 652 432 aut
670 404 756 432 etiam
774 405 925 433 voluntatis
940 405 1060 441 impulsu

274 453 305 476 ut
329 449 424 476 eadem
442 455 504 475 cum
525 449 606 478 Patre
620 451 686 478 velit
703 450 839 486 adigatur,
856 450 904 478 sed
923 451 996 486 quod
1012 458 1061 478 na-

274 498 345 522 tura:
363 495 543 523 immutabilis
561 496 669 531 legibus
685 496 719 523 ad
735 497 860 524 eamdem
873 504 936 524 cum
954 497 1008 525 Deo
1027 504 1060 526 ac

273 539 356 568 Patre
371 541 540 569 voluntatem
554 545 581 569 et
596 542 731 570 actionem
747 542 887 570 efferatur.
903 543 963 570 Non
978 551 1060 578 posse

274 586 347 613 enim
361 593 376 614 a
391 588 481 622 seipso
497 587 586 615 facere
598 588 746 623 quidquam
757 609 765 621 ,
780 588 822 616 his
837 589 956 616 maxime
969 590 1061 617 conti-

275 633 423 659 netur/[ta
438 634 481 668 pie
497 634 684 669 cogitantibus
701 635 822 662 arbitror
841 645 850 661 ι
864 635 1061 670 captivandum

275 683 337 704 esse
350 684 458 704 omnem
473 678 643 706 intellectum
660 680 687 707 in
703 679 866 715 obsequium
881 680 984 709 Christi
1001 681 1035 714 ³³,
1050 690 1058 706 ι

276 722 349 750 sicut
361 723 496 758 scriptum
511 728 564 751 est.

311 852 365 881 Sed
381 854 542 882 reclamabit
557 854 651 883 forsan
666 856 794 885 veritatis
809 857 915 890 hostis,
930 862 957 886 et
970 866 1064 887 amen-

275 899 321 926 tiae
338 907 395 927 sua:
411 900 543 935 pabulum
560 902 645 929 veluti
663 903 801 937 quoddam
822 904 848 931 id
866 905 939 939 quod
959 905 1063 933 dictum

1112 312 1145 339 δι’
1160 312 1236 347 ἐμοῦ.
1255 311 1396 339 Ἀδύνατον
1418 307 1464 337 οὖν
1487 309 1555 345 ἐμὲ,
1581 308 1678 343 φησὶν,
1697 308 1743 333 τὸν
1768 307 1798 338 ἐξ
1820 305 1899 332 αὐτοῦ

1113 358 1183 385 κατὰ
1197 357 1277 392 φύσιν
1299 358 1374 390 Υἰὺν,
1392 356 1429 392 μὴ
1445 356 1506 391 οὑχί
1527 355 1635 385 πάντως
1657 354 1686 380 ὲν
1709 354 1776 380 πᾶσι
1796 352 1832 379 τὰ
1856 351 1900 378 τοῦ

1114 401 1221 437 Πατρὺς
1241 402 1361 436 ἐνεργεῖν
1387 409 1416 428 τε
1438 401 1484 427 καὶ
1511 398 1661 435 βούλεσθαι,
1678 398 1727 432 οὐχ
1744 397 1782 429 ὡς
1807 396 1901 429 ἔξωθεν

1113 447 1230 474 λαϐόντα
1246 446 1376 478 διδακτῶς
1391 446 1436 473 τὸν
1453 445 1499 473 τοῦ
1514 446 1600 472 ποιεῖν
1622 443 1814 480 ὑπογραμμὸν,
1827 442 1843 477 ἦ
1860 443 1902 469 καὶ

1114 493 1146 519 έκ
1158 492 1350 528 προαιρετικοῦ
1366 492 1515 527 κινήματος
1529 490 1574 517 ἐπὶ
1586 490 1617 516 τὸ
1628 489 1662 516 τὰ
1678 489 1747 515 αὑτὰ
1760 487 1901 523 βούλεσθαι

1113 537 1153 574 τῷ
1171 538 1260 573 Πατρὶ
1279 537 1458 573 κεκλημένον,
1476 537 1533 564 ἀλλ’
1552 536 1590 567 ὡς
1606 535 1711 570 φύσεως
1731 534 1902 570 ἀπαραποιήρ

1113 593 1160 611 του
1179 584 1269 619 νόμοις
1290 584 1337 611 ἐπὶ
1361 584 1410 620 τὴν
1431 584 1491 619 ῐσην
1515 582 1693 610 ἀναϐαίνοντα
1713 581 1752 617 τῷ
1776 581 1837 617 Θεῴ
1859 581 1902 608 καὶ

1115 630 1203 665 Πατρὶ
1232 629 1328 665 βουλήν
1353 638 1383 656 τε
1415 629 1462 656 καὶ
1490 628 1597 664 πρᾶξιν.
1626 628 1663 654 Τὸ
1689 627 1743 663 γὰρ
1776 627 1902 654 δύνασθαι

1116 676 1202 703 ποιεῖν
1219 676 1266 710 ἀφ’
1280 675 1376 702 ἑαυτοῦ
1399 675 1489 711 μηδὲν,
1507 675 1536 702 ἐν
1558 675 1663 706 τούτοις
1685 672 1713 700 εὖ
1738 673 1810 708 μάλα
1829 681 1903 708 περι-

1115 721 1245 756 ορίζεται.
1273 722 1365 754 Οὕτως
1391 721 1467 757 οἶμαι
1495 722 1594 757 χρῆναι
1618 720 1745 752 νοοῦντας
1775 720 1902 753 εὐσεϐῶς,

1119 777 1128 793 ι
1151 767 1359 802 αἰχμαλωτίξειν
1383 769 1437 794 πᾶν
1464 769 1554 803 νόημα
1577 768 1616 799 εἰς
1642 768 1692 803 τὴν
1712 766 1835 801 ὑπακοὴν
1859 766 1902 792 τοῦ

1117 813 1245 848 Χριστοῦ,
1265 822 1273 838 ι
1290 813 1359 840 καθὰ
1376 814 1541 849 γέγραπται.

1153 857 1309 893 ’Δπειθήσει
1324 858 1353 884 δὲ
1372 857 1435 890 ἴσως
1458 859 1472 884 6
1493 859 1525 893 τῇ
1550 856 1662 893 ἀληθεία
1680 858 1843 893 μαχόμενος,
1861 856 1904 883 καί

1118 903 1218 939 τροφὴν
1233 903 1326 940 ὥσπερ
1343 903 1402 930 τινὰ
1415 905 1464 939 τῆς
1478 903 1573 930 ἑαυτοῦ
1590 903 1749 935 δυσϐουλίας
1765 903 1904 938 ποιήσεται

275 948 317 971 est
332 945 464 978 arripiet,
481 950 564 981 atque
579 947 621 974 his
637 955 689 974 nos
705 949 813 982 urgebit
828 958 834 975 :
851 949 877 976 Si
894 955 936 977 est
949 951 1064 985 aequalis

1121 949 1145 975 τὸ
1158 948 1318 984 εἰρημένον·
1336 948 1421 984 Εἴπερ
1437 946 1470 983 ἦν
1485 949 1514 975 ὲν
1531 948 1644 984 ἰσότητι,
1665 947 1762 982 λέγων,
1778 947 1826 974 τοῦ
1850 948 1902 974 Παι

275 989 350 1016 Patri
368 990 467 1023 Filius.
483 993 586 1020 nullam
600 994 624 1021 ei
639 995 830 1022 excellentiam
846 998 1004 1024 necessario
1018 997 1067 1024 tri-

276 1035 381 1069 buens,
402 1042 515 1073 propter
536 1045 641 1067 natura:
668 1048 725 1068 sua:
744 1041 894 1074 defectum,
921 1043 986 1077 quid
1005 1051 1067 1070 eum

277 1082 372 1118 adegit
392 1089 421 1110 ut
441 1089 497 1112 tam
518 1090 612 1120 aperte
631 1086 739 1114 diceret
765 1095 819 1115 non
841 1096 924 1123 posse
942 1096 956 1115 a
975 1089 1068 1124 seipso

278 1127 369 1157 facere
396 1131 566 1166 quidquam,
597 1133 651 1160 nisi
676 1133 776 1160 viderit
802 1133 913 1162 Patrem
931 1135 1013 1171 216
1030 1135 1068 1162 fa-

277 1175 421 1202 cientem?
439 1176 519 1204 Clare
534 1178 607 1205 enim
629 1178 656 1206 in
673 1179 733 1212 his,
753 1179 863 1214 inquit,
880 1179 982 1207 fatetur
999 1181 1068 1209 nihil

277 1221 359 1255 plane
376 1229 408 1249 ex
427 1223 520 1258 seipso
537 1223 628 1252 facere
649 1232 750 1260 posse,
776 1230 806 1252 ut
825 1226 872 1260 qui
893 1227 1070 1261 prastantio-

277 1274 337 1294 rem
354 1271 381 1294 et
397 1269 620 1297 excellentiorem
639 1275 781 1305 agnoscat.
797 1271 838 1298 Tu
855 1279 920 1299 vero
936 1272 969 1299 ad
986 1280 1068 1307 argu-

278 1313 332 1340 tias
358 1317 421 1342 tuas
449 1315 541 1343 denuo
565 1317 722 1344 reverteris.
750 1317 821 1350 Quid
847 1318 933 1352 igitur
955 1319 988 1345 ad
1011 1318 1069 1346 haec

279 1366 362 1393 porro
377 1359 525 1388 dicemus?
542 1361 572 1388 In
591 1362 777 1397 blasphemias
795 1363 899 1391 Christi
920 1364 1008 1392 hostis
1024 1365 1068 1391 in-

279 1403 414 1437 valescit,
429 1413 519 1441 neque
538 1414 572 1434 ex
593 1407 732 1442 imperitia
751 1409 859 1436 ebrium
880 1417 910 1436 se
927 1410 1066 1445 intelligit.

280 1449 400 1477 Decebat
412 1451 514 1486 quippe
524 1471 532 1484 ,
544 1459 560 1478 o
576 1452 648 1480 bone
660 1473 666 1485 ,
680 1452 736 1480 vim
750 1457 777 1480 et
795 1454 959 1481 sententiam
973 1461 1069 1481 eorum

280 1503 342 1530 quae
363 1495 496 1524 dicuntur
521 1499 684 1533 exquirere,
711 1506 767 1526 non
790 1504 894 1528 temere
917 1500 1067 1533 insultare,

280 1542 438 1570 rationibus
452 1542 600 1578 imperitis.
615 1543 760 1577 Quomodo
774 1545 848 1572 enim
864 1546 898 1573 de
912 1545 1069 1581 aequalitate

281 1594 344 1614 cum
357 1587 438 1616 Patre
452 1588 659 1616 deturbandum
675 1597 737 1617 esse
754 1589 854 1617 Filium
873 1595 972 1626 putas.
988 1599 1022 1618 ex
1035 1598 1068 1618 co

282 1631 356 1666 quod
374 1631 442 1660 dicit
470 1640 526 1660 non
544 1641 627 1668 posse
646 1642 659 1661 a
682 1635 775 1670 seipso
789 1625 880 1663 facere
896 1635 1045 1670 quidquam
1059 1655 1067 1669 ,
1083 1625 1104 1655 θ

283 1676 337 1704 nisi
358 1677 460 1705 viderit
481 1677 589 1706 Patrem
611 1679 780 1708 facientem?
805 1681 846 1708 An
873 1681 947 1709 enim
974 1682 1070 1709 isthatc

283 1723 418 1758 loquitur,
438 1725 518 1760 quasi
542 1733 596 1752 non
619 1726 656 1753 sit
679 1727 778 1761 aequali
796 1727 899 1755 virtute
916 1728 1071 1763 praeditus?

282 1769 365 1804 Atqui
385 1770 429 1797 vel
448 1778 482 1798 ex
501 1771 592 1799 verbis
620 1773 769 1807 propositis
797 1773 889 1808 potius
909 1773 1003 1801 videre
1027 1777 1070 1802 est

283 1812 383 1841 Filium
402 1815 526 1850 ejusdem
543 1824 604 1844 esse
620 1825 682 1844 cum
699 1817 770 1845 Filio
787 1818 896 1847 virtutis
907 1838 914 1850 ,
931 1826 1013 1854 quam
1029 1819 1071 1846 di-

283 1860 347 1887 vina
364 1868 461 1889 carere
479 1862 590 1890 virtute.
608 1862 667 1890 Non
682 1863 755 1891 enim
771 1863 863 1892 dicere
879 1865 997 1897 videtur,
1012 1865 1070 1893 Non

284 1909 374 1940 potest
388 1905 477 1934 Filius
492 1915 506 1934 a
523 1908 613 1943 seipso
629 1909 720 1936 facere
737 1909 888 1944 quidquam
899 1930 906 1942 ,
922 1910 975 1938 nisi
992 1918 1071 1938 acce-

283 1951 356 1986 perit
373 1955 537 1986 potestatem
559 1960 573 1979 a
587 1952 669 1981 Patre
686 1954 757 1988 (hoc
774 1955 848 1982 enim
871 1955 964 1982 dicere
975 1975 982 1988 ,
1007 1963 1071 1990 pro-

284 1996 359 2024 fecto
379 2003 452 2025 esset
466 1998 572 2026 viribus
587 1998 706 2033 defecti)
719 2009 727 2033 ;
741 1999 804 2032 sed,
821 2009 831 2026 ‹
845 2000 899 2027 nisi
914 2000 1012 2028 viderit
1026 2000 1073 2027 Pa-

284 2048 353 2070 trem
369 2043 526 2071 facientem.
540 2054 549 2070 ι
562 2041 641 2078 Quod
656 2050 746 2073 autem
760 2045 869 2074 videndi
881 2053 964 2073 sensu
980 2046 1014 2074 ad
1028 2054 1072 2075 res

283 2090 494 2125 perspiciendas
510 2099 652 2123 vocemur,
670 2100 724 2119 non
743 2097 833 2120 autem
858 2092 977 2127 majores
998 2092 1073 2121 vires

284 2136 469 2171 accipiamus.
492 2138 679 2165 iuficiaturum
698 2138 799 2173 opinor
816 2139 965 2166 neminem.
986 2139 1074 2173 lgitur

284 2189 348 2209 cum
362 2182 448 2211 Filius
462 2183 532 2210 dicit
546 2191 575 2211 se
589 2184 679 2212 Patris
694 2191 778 2219 opera
789 2184 883 2212 videre
895 2204 902 2216 ,
914 2192 968 2211 non
985 2184 1073 2219 signi-

285 2229 348 2256 ﬁcat
360 2237 389 2256 se
399 2229 567 2257 imbecillum
577 2238 650 2263 esse,
659 2230 707 2258 sed
720 2231 885 2258 imitatorem
898 2231 992 2265 potius
1004 2251 1011 2263 .
1025 2237 1074 2259 all!

284 2278 485 2309 spectatorem,
504 2281 586 2311 prout
605 2277 632 2304 in
651 2277 831 2311 sequentibus
851 2277 1011 2305 accuratius
1029 2277 1073 2304 di-
1090 2295 1112 2322 Β

285 2327 389 2348 cemus.
409 2320 487 2354 Quod
504 2325 595 2349 autem
613 2329 661 2356 per
676 2321 798 2349 eamdem
816 2325 842 2349 et
859 2322 1026 2349 simillimam
1044 2323 1072 2350 in

285 2366 415 2394 omnibus
432 2367 619 2402 operationem
630 2367 744 2401 'equalis
760 2375 821 2394 esse
831 2371 964 2402 potestate
979 2367 1073 2395 videa-

287 2415 342 2444 tur,
356 2412 415 2446 ipse
430 2413 505 2439 clare
522 2412 634 2439 dooebit
646 2414 674 2439 in
686 2413 866 2447 sequentibus
883 2414 916 2442 de
931 2422 982 2442 suo
991 2414 1073 2443 Patre

287 2457 410 2485 subdens
426 2467 432 2484 :
448 2467 458 2483 ‹
474 2458 652 2492 Quaecunque
668 2459 741 2486 enim
757 2459 805 2486 ille
821 2458 934 2492 fecerit,
961 2460 1021 2488 haec
1045 2464 1073 2488 et

287 2502 374 2530 Filius
390 2503 519 2531 similiter
541 2502 617 2531 facit.
637 2513 646 2529 ι
661 2503 805 2536 Quomodo
819 2512 885 2540 ergo
908 2505 998 2533 minor
1012 2510 1054 2534 est
1066 2526 1073 2538 ,

287 2548 334 2583 qui
350 2548 502 2583 aequalibus
516 2556 579 2576 cum
596 2548 650 2577 Deo
667 2557 699 2576 ac
714 2549 796 2577 Patre
810 2551 1018 2585 operationibus
1034 2555 1077 2579 est

289 2593 477 2628 conspicuus?
492 2593 623 2629 Nunquid
646 2595 719 2622 enim
736 2596 807 2630 ignis
825 2596 901 2623 aliud
917 2597 1076 2631 operabitur

288 2647 370 2674 quam
398 2639 487 2674 ignis,
518 2640 593 2667 nulla
616 2641 644 2667 in
668 2641 809 2675 operando
835 2642 989 2669 mutatione
1014 2649 1076 2676 per-

289 2685 391 2719 cepta?
406 2685 458 2717 Qui
477 2693 596 2721 namque
612 2685 639 2713 id
653 2686 711 2714 fieri
728 2687 837 2721 possit?
852 2686 996 2720 Quomodo
1012 2694 1076 2722 ergo

289 2730 385 2759 eadem
404 2733 566 2766 operabitur
581 2740 643 2768 qua:
665 2733 770 2766 Filius,
789 2734 811 2761 si
831 2733 936 2760 idcirco
957 2733 1074 2761 minoris

290 2776 402 2804 virtutis
415 2785 477 2806 esse
494 2779 645 2807 censetur?
666 2779 755 2815 Atque
776 2779 834 2806 haec
856 2779 968 2814 quidem
993 2779 1074 2806 nobis

291 2829 323 2849 ex
346 2821 420 2850 dicto
443 2825 583 2860 proposito
605 2825 686 2853 allata
709 2829 775 2854 sunt
798 2824 1072 2860 impraesentiarum;

328 2911 351 2928 "
362 2911 383 2939 ll
397 2912 459 2941 Cor.
481 2923 508 2947 ιι,
517 2918 543 2944 .‘i.

1117 994 1181 1030 ’πρὸς
1205 995 1220 1021 ὁ
1245 995 1326 1027 Υἱὸς,
1349 995 1476 1030 οὐδεμίαν
1502 995 1645 1030 ἀπονέμων
1669 994 1706 1026 ὡς
1733 994 1763 1026 ὲξ
1786 995 1904 1030 ἀνάγκης

1118 1040 1192 1076 αὐτῷ
1204 1040 1253 1076 τὴν
1271 1041 1416 1076 ὑπεροχὴν,
1427 1040 1470 1067 διὰ
1481 1041 1511 1066 τὸ
1523 1041 1572 1076 τῆς
1584 1040 1685 1072 οἰκείας
1701 1040 1808 1075 φύσεως
1821 1049 1905 1075 μειονο

1118 1085 1235 1121 έκτημα,
1247 1086 1273 1112 τί
1292 1086 1322 1112 τὸ
1336 1086 1465 1117 πεπεικὺς
1479 1085 1565 1117 οὕτως
1581 1086 1662 1112 αὑτὸν
1673 1086 1904 1117 ὰκατακαλύπτως

1118 1132 1214 1164 εἰπεῖν,
1233 1131 1270 1166 μὴ
1293 1131 1421 1158 δύνασθαι
1444 1132 1529 1157 ποιεῖν
1552 1131 1598 1164 ἀφ’
1625 1130 1722 1157 ἑαυτοῦ
1745 1130 1838 1166 μηδὲν,
1863 1130 1905 1158 ἐὰν

1120 1178 1184 1212 μήτι
1205 1177 1291 1214 βλέπῃ
1313 1177 1359 1204 τὸν
1382 1177 1491 1213 Πατέρα
1518 1176 1661 1210 ποιοῦντα;
1683 1177 1779 1211 Σαφῶς
1802 1177 1857 1213 γὰρ
1879 1177 1904 1203 ὲν

1118 1222 1232 1256 τούτοις,
1256 1223 1348 1257 φησὶν,
1373 1222 1499 1258 ὁμολογεῖ
1518 1223 1600 1258 μηδὲν
1615 1223 1683 1255 ὅλως
1701 1223 1732 1255 ἐξ
1746 1222 1844 1250 ἑαυτοῦ
1862 1222 1904 1248 δύ-

1118 1267 1213 1295 νασθαι
1234 1269 1336 1300 ποιεῖν,
1357 1268 1395 1300 ὼς
1421 1268 1499 1299 εἰδὼς
1523 1268 1643 1303 δηλονότι
1668 1268 1714 1295 τὸν
1737 1269 1842 1304 ἀμείνω
1863 1269 1905 1294 καὶ

1119 1313 1296 1348 ὑπερέχοντα.
1315 1313 1350 1339 Σὺ
1376 1312 1404 1339 δὲ
1432 1310 1466 1339 αὖ
1491 1311 1572 1339 πάλιν
1591 1312 1656 1348 ἡμῖν
1675 1311 1844 1347 κατασοφίζῃ
1864 1311 1907 1338 τὸν

1118 1358 1205 1392 λόγον.
1222 1359 1254 1385 Τί
1273 1356 1319 1385 οὖν
1337 1358 1404 1394 πρὸς
1424 1358 1522 1391 ταῦτα,
1543 1358 1591 1385 καὶ
1611 1359 1674 1393 παρ’
1690 1358 1784 1394 ἡμῶν;
1805 1357 1906 1393 Ἀνδρί-

1119 1403 1194 1436 ζεται
1208 1403 1288 1431 πάλιν
1313 1404 1353 1436 εἰς
1372 1404 1528 1439 δυσφημίας
1546 1404 1560 1430 6
1576 1404 1768 1439 χριστομάχος,
1793 1403 1842 1430 καὶ
1862 1411 1906 1438 με·

1120 1449 1190 1477 θύων
1207 1449 1237 1482 ἐξ
1254 1449 1433 1481 ἀπαιδευσίας
1452 1450 1502 1475 οὐκ
1526 1449 1694 1476 αἰσθάνεται.
1711 1449 1786 1484 Χρῆν
1806 1448 1872 1484 γὰρ,
1885 1445 1907 1475 ὦ

1120 1495 1256 1530 βέλτιστε,
1283 1494 1438 1531 δοκιμάζειν
1461 1494 1583 1531 ἀκριϐῶς
1603 1495 1657 1522 τῶν
1680 1495 1835 1531 εἰρημένων
1859 1495 1907 1530 τὴν

1119 1540 1242 1576 δύναμιν,
1262 1540 1308 1567 καὶ
1328 1541 1365 1576 μὴ
1383 1541 1536 1576 προχείρως
1560 1540 1694 1575 ὲπιπηδᾷν
1716 1541 1773 1571 τοῖς
1792 1540 1822 1572 ἐξ
1839 1541 1907 1575 ἀμα-

1120 1586 1180 1618 θίας
1200 1586 1363 1613 εἰσϐαίνουσι
1385 1587 1534 1621 λογισμοῖς.
1560 1587 1638 1613 Κατὰ
1657 1586 1716 1613 τίνα
1732 1586 1787 1622 γὰρ
1808 1587 1907 1622 τρόπον

1119 1634 1169 1669 τῆς
1194 1633 1314 1668 ἰσότητος
1338 1633 1388 1668 τῆς
1416 1633 1483 1668 πρὸς
1504 1633 1550 1659 τὸν
1578 1633 1686 1668 Πατέρα
1714 1632 1908 1667 κατακομίζειν

1119 1677 1169 1704 οῐει
1193 1677 1290 1713 χρῆναι
1316 1677 1361 1704 τὸν
1388 1678 1462 1709 Υἰὺν,
1488 1677 1530 1704 διὰ
1554 1677 1601 1704 τοῦ
1619 1677 1701 1712 φάναι
1724 1678 1761 1712 μὴ
1780 1677 1908 1703 δύνασθαι

1120 1724 1206 1751 ποιεῖν
1221 1724 1267 1759 ἀφ’
1279 1723 1373 1750 ἑαυτοῦ
1392 1724 1484 1759 μηδὲν,
1497 1723 1543 1750 ἐὰν
1560 1724 1625 1759 μήτι
1641 1723 1726 1759 βλέπῃ
1741 1723 1786 1749 τὸν
1801 1723 1909 1757 Πατέρα

1120 1769 1264 1803 ποιοῦντα;
1285 1767 1358 1805 Ἀρα
1375 1770 1428 1805 γὰρ
1443 1769 1479 1801 ὼς
1492 1769 1541 1796 οὐκ
1556 1769 1625 1804 ἔχων
1636 1770 1665 1795 ὲν
1677 1768 1789 1804 δύναμει
1808 1768 1840 1794 τὸ
1854 1766 1910 1794 ἴσον

1120 1815 1155 1843 τὰ
1168 1815 1279 1843 τοιαῦτά
1291 1824 1371 1851 φησι;
1388 1815 1475 1842 καίτοι
1490 1815 1536 1841 καὶ
1550 1815 1579 1848 ἐξ
1593 1814 1680 1841 αὐτῶν
1694 1814 1749 1841 τῶν
1763 1813 1910 1849 προκειμέ-

1121 1871 1174 1889 νων
1192 1862 1255 1889 ἰδεϊν
1268 1862 1341 1888 ἐστιν
1356 1861 1544 1888 ἰσοσθενοῦντα
1568 1861 1606 1896 τῷ
1631 1861 1745 1895 φύσαντι
1763 1860 1809 1886 τὸν
1838 1860 1909 1891 Υἱὺν,

1121 1908 1193 1944 ἥπερ
1209 1907 1299 1942 ἰσχύος
1318 1908 1367 1942 τῆς
1382 1905 1550 1942 θεοπρεποῦς
1565 1906 1669 1933 ἐπιδεᾶ.
1690 1907 1726 1933 Οὺ
1742 1905 1796 1941 γὰρ
1820 1905 1912 1940 φαίνε-

1121 1963 1168 1981 ται
1181 1954 1280 1986 λέγων,
1296 1953 1333 1980 Οὐ
1350 1953 1460 1980 δύναται
1476 1954 1489 1979 6
1509 1953 1571 1984 Υἰὺς
1588 1953 1673 1980 ποιεῖν
1694 1953 1740 1987 ἀφ’
1752 1952 1852 1979 ἑαυτοῦ
1868 1952 1913 1979 οὐ·

1122 2000 1164 2027 δὲν
1177 2020 1184 2033 ,
1208 1999 1254 2026 ἐὰν
1276 1999 1313 2034 μὴ
1333 1999 1404 2036 λὰὁῃ
1425 1999 1456 2025 τὸ
1476 1998 1602 2025 δύνασθαι
1625 1998 1700 2034 παρὰ
1721 1999 1768 2025 τοῦ
1789 1999 1913 2034 Harpe;-

1122 2046 1201 2073 τοῦτο
1215 2046 1271 2082 γὰρ
1290 2043 1324 2081 ἦν
1336 2046 1419 2077 ὅντως
1427 2044 1604 2076 ἀσθενοῦντος
1612 2045 1713 2071 εἰπεῖν·
1737 2045 1804 2077 ἀλλ’,
1820 2054 1830 2070 ι
1853 2045 1914 2071 Ἐὰν

1125 2092 1161 2126 μή
1176 2100 1202 2117 τι
1222 2090 1307 2126 βλέπῃ
1323 2090 1367 2117 τὸν
1378 2089 1487 2125 Πατέρα
1504 2089 1644 2117 ποιοῦντα.
1662 2099 1671 2116 ι
1686 2090 1746 2116 Ὀτι
1760 2089 1789 2116 δὲ
1804 2089 1849 2116 διὰ
1865 2090 1915 2124 τῆς

1123 2136 1239 2171 ὀπτικῆς
1256 2135 1407 2171 αἰσθήσεως
1423 2135 1473 2162 οὐκ
1489 2136 1529 2167 εἰς
1549 2135 1578 2162 τὸ
1596 2135 1777 2171 δυναμοῦσθαι
1802 2137 1914 2171 μᾶλλον,

1124 2181 1181 2209 ἀλλ’
1202 2182 1241 2213 εἰς
1263 2181 1379 2217 θεωρίαν
1401 2181 1450 2216 τὴν
1473 2181 1554 2208 τινῶν
1576 2181 1716 2208 καλεῖσθαι
1741 2181 1914 2217 πεφύκαμεν,

1125 2228 1330 2263 ἀντιστατήσειν
1344 2226 1421 2262 οἶμαι
1437 2227 1547 2262 μηδένα.
1562 2227 1665 2254 Οὐκοῦν
1680 2229 1736 2259 τοῖς
1758 2227 1804 2253 τοῦ
1819 2229 1917 2262 γεννή-

1127 2283 1222 2306 σαντος
1241 2273 1331 2309 ἔργοις
1349 2273 1512 2305 ὲνατενίζειν
1523 2273 1617 2300 ἑαυτὸν
1629 2273 1745 2309 εἰρηκὼς
1758 2274 1772 2300 6
1789 2273 1855 2304 Υἱὸς
1867 2273 1917 2299 οὐκ

1127 2320 1289 2347 ἀσθενοῦντα
1305 2319 1433 2352 δεικνύει,
1459 2319 1580 2355 ζηλωτὴν
1603 2319 1631 2346 δὲ
1655 2319 1764 2354 μᾶλλον,
1777 2319 1837 2354 ἦτοι
1853 2319 1917 2346 Θεα-

1126 2366 1186 2401 τὴν,
1206 2365 1254 2392 καὶ
1277 2365 1350 2397 ὅπως
1376 2365 1570 2401 ἀκριϐέστερον
1594 2366 1660 2400 ήμῖν
1684 2366 1712 2392 ὲν
1736 2366 1792 2397 τοῖς
1818 2365 1919 2400 ἑφεξῆς

1127 2411 1276 2447 εἰρήσεται.
1289 2410 1349 2437 ’Ὁτι
1363 2410 1391 2437 δὲ
1404 2410 1448 2437 διὰ
1467 2411 1514 2445 τῆς
1528 2410 1737 2445 ἀπαραλλάκτου
1759 2410 1806 2437 καὶ
1826 2410 1919 2445 ὁμοιο-

1127 2457 1210 2492 τάτης
1222 2457 1371 2492 ἐνεργείας.
1385 2457 1434 2492 τῆς
1454 2457 1494 2488 εἰς
1511 2456 1618 2483 ἅπαντα
1629 2457 1712 2491 φημὶ,
1724 2456 1754 2482 τὸ
1772 2454 1833 2482 ἶσον
1849 2456 1920 2491 έχων

1129 2504 1158 2529 ὲν
1175 2504 1207 2538 τῇ
1228 2501 1339 2537 δυνάμει
1360 2501 1494 2535 φαίνεται,
1516 2501 1615 2534 διδάξει
1640 2501 1733 2536 σαφῶς
1754 2502 1783 2528 ὲν
1799 2503 1857 2533 τοῖς
1876 2502 1920 2534 es»

1130 2548 1194 2584 εξῆς
1203 2548 1336 2582 ἐπιλέγων
1349 2547 1429 2579 αὐτὸς
1440 2547 1477 2579 ὡς
1494 2547 1557 2583 περί
1570 2548 1616 2574 τοῦ
1633 2547 1698 2573 ἰδίου
1715 2547 1824 2582 Πατρός
1834 2556 1841 2562 ·
1857 2556 1867 2573 ‹
1887 2548 1920 2573 Ἀ

1131 2596 1183 2631 γὰρ
1193 2595 1226 2622 ἂν
1242 2595 1344 2626 ἐκεῖνος
1358 2595 1434 2629 ποιῇ,
1450 2593 1535 2620 ταῦτα
1547 2593 1594 2620 καὶ
1606 2594 1620 2618 ὁ
1631 2593 1694 2624 Υἱὸς
1707 2592 1807 2628 ὁμοίως
1819 2593 1917 2619 male

1131 2640 1194 2672 Πῶς
1205 2636 1252 2666 οὖν
1263 2639 1382 2666 ὲλὰττων
1407 2637 1491 2669 ἐστὶν,
1503 2637 1517 2663 6
1538 2638 1599 2668 ταῖς
1623 2637 1780 2672 ἰσορῤόποις
1799 2636 1840 2671 τῷ
1861 2637 1922 2667 Θεῷ

1132 2687 1178 2713 κοιλ⁸
1198 2686 1285 2721 Πατρί¹
1309 2684 1460 2720 διαπρεπὴς
1488 2683 1654 2718 ὲνεργείαις;
1687 2683 1848 2718 Ἐνεργήσει
1868 2686 1923 2717 γὰρ

1129 2733 1184 2767 ἄρα
1213 2732 1248 2758 τὰ
1270 2731 1355 2766 πυρὸς
1374 2730 1467 2765 ἕτερον
1487 2738 1514 2756 τι
1538 2729 1613 2764 παρὰ
1633 2728 1664 2754 τὸ
1693 2728 1768 2764 πῦρ,
1793 2728 1924 2763 οὐδεμιᾶς

1130 2777 1190 2805 κατ’
1210 2777 1352 2811 ἐνέργειαν
1377 2774 1567 2811 θεωρουμένης
1597 2774 1765 2809 ὲξαλλαγῆς;
1788 2774 1845 2801 Καὶ
1863 2773 1922 2804 πῶς

1129 2823 1161 2851 ἂν
1182 2823 1287 2858 γένοιτο
1305 2821 1385 2850 τοῦτό
1409 2830 1495 2855 ποτε;
1512 2821 1574 2853 Πῶς
1597 2818 1643 2848 οὖν
1657 2820 1757 2856 ὁμοίως
1774 2819 1923 2856 ἐργάσεται
